  <div class='ocr_page' id='page_1' title='image "/cluster/home/n/w/nwhite01/storage/ocr_20150623/21/hvd.32044073501165/037.png"; bbox 0 0 3948 6376; ppageno 0'>
   <div class='ocr_carea' id='block_1_1' title="bbox 2801 215 2826 234">
    <p class='ocr_par' dir='ltr' id='par_1_1' title="bbox 2801 215 2826 234">
     <span class='ocr_line' id='line_1_1' title="bbox 2801 215 2826 234; baseline 0 0"><span class='ocrx_word' id='word_1_1' title='bbox 2801 215 2826 234; x_wconf 64' lang='grc' dir='ltr'><strong>μ’</strong></span> 
     </span>
    </p>
   </div>
   <div class='ocr_carea' id='block_1_2' title="bbox 464 309 3717 377">
    <p class='ocr_par' dir='ltr' id='par_1_2' title="bbox 464 309 3717 377">
     <span class='ocr_line' id='line_1_2' title="bbox 464 309 3717 377; baseline -0 -1"><span class='ocrx_word' id='word_1_2' title='bbox 464 321 536 376; x_wconf 75' lang='grc'><strong>47</strong></span> <span class='ocrx_word' id='word_1_3' title='bbox 1103 319 1376 377; x_wconf 75' lang='lat' dir='ltr'><strong>EUSEBII</strong></span> <span class='ocrx_word' id='word_1_4' title='bbox 1415 319 1892 376; x_wconf 61' lang='lat' dir='ltr'><strong>CIESARIENSIS</strong></span> <span class='ocrx_word' id='word_1_5' title='bbox 1925 318 2073 375; x_wconf 84' lang='lat' dir='ltr'><strong>OPP.</strong></span> <span class='ocrx_word' id='word_1_6' title='bbox 2125 313 2306 373; x_wconf 79' lang='lat' dir='ltr'><strong>PARS</strong></span> <span class='ocrx_word' id='word_1_7' title='bbox 2344 309 2409 368; x_wconf 86' lang='grc'><strong>11.</strong></span> <span class='ocrx_word' id='word_1_8' title='bbox 2449 333 2521 347; x_wconf 83' lang='grc'><strong><em>-·</em></strong></span> <span class='ocrx_word' id='word_1_9' title='bbox 2565 316 3062 376; x_wconf 82' lang='lat' dir='ltr'><strong>APOLOGETICA.</strong></span> <span class='ocrx_word' id='word_1_10' title='bbox 3656 321 3717 376; x_wconf 69' lang='lat'><strong>48</strong></span> 
     </span>
    </p>
   </div>
   <div class='ocr_carea' id='block_1_3' title="bbox 460 431 2026 508">
    <p class='ocr_par' dir='ltr' id='par_1_3' title="bbox 460 434 2026 507">
     <span class='ocr_line' id='line_1_3' title="bbox 460 434 2026 507; baseline -0.001 -15"><span class='ocrx_word' id='word_1_11' title='bbox 460 434 572 492; x_wconf 79' lang='lat' dir='ltr'><strong>Nos</strong></span> <span class='ocrx_word' id='word_1_12' title='bbox 602 435 762 507; x_wconf 78' lang='lat' dir='ltr'><strong>igitur</strong></span> <span class='ocrx_word' id='word_1_13' title='bbox 789 445 843 492; x_wconf 90' lang='lat' dir='ltr'><strong>ct</strong></span> <span class='ocrx_word' id='word_1_14' title='bbox 866 451 1063 507; x_wconf 84' lang='lat' dir='ltr'><strong>genere</strong></span> <span class='ocrx_word' id='word_1_15' title='bbox 1087 435 1308 493; x_wconf 69' lang='lat' dir='ltr'><strong>Grrecos</strong></span> <span class='ocrx_word' id='word_1_16' title='bbox 1322 453 1464 504; x_wconf 87' lang='lat' dir='ltr'><strong>esse,</strong></span> <span class='ocrx_word' id='word_1_17' title='bbox 1488 446 1541 493; x_wconf 88' lang='lat' dir='ltr'><strong>et</strong></span> <span class='ocrx_word' id='word_1_18' title='bbox 1569 437 1882 493; x_wconf 68' lang='lat' dir='ltr'><strong>Graecorum</strong></span> <span class='ocrx_word' id='word_1_19' title='bbox 1907 439 2026 492; x_wconf 87' lang='lat' dir='ltr'><strong>olim</strong></span> 
     </span>
    </p>
   </div>
   <div class='ocr_carea' id='block_1_4' title="bbox 2134 431 3719 508">
    <p class='ocr_par' dir='ltr' id='par_1_4' title="bbox 2152 431 3719 508">
     <span class='ocr_line' id='line_1_4' title="bbox 2152 431 3719 508; baseline -0.004 -16"><span class='ocrx_word' id='word_1_20' title='bbox 2152 431 2501 506; x_wconf 70' lang='grc' dir='ltr'>’ῐουδαῖσμδςν</span> <span class='ocrx_word' id='word_1_21' title='bbox 2533 435 2670 490; x_wconf 87' lang='grc' dir='ltr'><strong>ἀλλά</strong></span> <span class='ocrx_word' id='word_1_22' title='bbox 2695 453 2779 500; x_wconf 87' lang='grc' dir='ltr'><strong>τις</strong></span> <span class='ocrx_word' id='word_1_23' title='bbox 2811 436 2970 508; x_wconf 79' lang='grc' dir='ltr'>καινὴ</span> <span class='ocrx_word' id='word_1_24' title='bbox 3001 435 3092 489; x_wconf 77' lang='grc' dir='ltr'><strong>καὶ</strong></span> <span class='ocrx_word' id='word_1_25' title='bbox 3116 433 3321 507; x_wconf 79' lang='grc' dir='ltr'>ἀληθὴς</span> <span class='ocrx_word' id='word_1_26' title='bbox 3357 431 3630 500; x_wconf 67' lang='grc' dir='ltr'>θεοσοφία,</span> <span class='ocrx_word' id='word_1_27' title='bbox 3665 433 3719 498; x_wconf 77' lang='grc' dir='ltr'><strong>ἐξ</strong></span> 
     </span>
    </p>
   </div>
   <div class='ocr_carea' id='block_1_5' title="bbox 460 527 2036 601">
    <p class='ocr_par' dir='ltr' id='par_1_5' title="bbox 460 527 2036 601">
     <span class='ocr_line' id='line_1_5' title="bbox 460 527 2036 601; baseline 0 -14"><span class='ocrx_word' id='word_1_28' title='bbox 460 527 760 587; x_wconf 77' lang='lat' dir='ltr'><strong>sententias</strong></span> <span class='ocrx_word' id='word_1_29' title='bbox 788 545 1078 599; x_wconf 90' lang='lat' dir='ltr'><strong>moresque</strong></span> <span class='ocrx_word' id='word_1_30' title='bbox 1115 531 1429 601; x_wconf 71' lang='lat' dir='ltr'><strong>complexos</strong></span> <span class='ocrx_word' id='word_1_31' title='bbox 1473 530 1664 597; x_wconf 87' lang='lat' dir='ltr'><strong>fuisse,</strong></span> <span class='ocrx_word' id='word_1_32' title='bbox 1685 546 1829 585; x_wconf 92' lang='lat' dir='ltr'><strong>nunc</strong></span> <span class='ocrx_word' id='word_1_33' title='bbox 1855 542 2036 587; x_wconf 86' lang='lat' dir='ltr'><strong>autem</strong></span> 
     </span>
    </p>
   </div>
   <div class='ocr_carea' id='block_1_6' title="bbox 458 621 2040 692">
    <p class='ocr_par' dir='ltr' id='par_1_6' title="bbox 458 621 2040 692">
     <span class='ocr_line' id='line_1_6' title="bbox 458 621 2040 692; baseline -0.001 -15"><span class='ocrx_word' id='word_1_34' title='bbox 458 637 529 677; x_wconf 70' lang='lat' dir='ltr'><strong>ex</strong></span> <span class='ocrx_word' id='word_1_35' title='bbox 552 621 825 677; x_wconf 82' lang='lat' dir='ltr'><strong>universis</strong></span> <span class='ocrx_word' id='word_1_36' title='bbox 871 622 1207 686; x_wconf 72' lang='lat' dir='ltr'><strong>nationibus,</strong></span> <span class='ocrx_word' id='word_1_37' title='bbox 1262 633 1521 692; x_wconf 87' lang='lat' dir='ltr'><strong>tanquam</strong></span> <span class='ocrx_word' id='word_1_38' title='bbox 1580 622 1876 677; x_wconf 80' lang='lat' dir='ltr'><strong>novissime</strong></span> <span class='ocrx_word' id='word_1_39' title='bbox 1908 637 2040 677; x_wconf 88' lang='lat' dir='ltr'><strong>con-</strong></span> 
     </span>
    </p>
   </div>
   <div class='ocr_carea' id='block_1_7' title="bbox 459 713 2036 784">
    <p class='ocr_par' dir='ltr' id='par_1_7' title="bbox 459 713 2036 784">
     <span class='ocr_line' id='line_1_7' title="bbox 459 713 2036 784; baseline 0 -16"><span class='ocrx_word' id='word_1_40' title='bbox 459 713 650 783; x_wconf 88' lang='lat' dir='ltr'><strong>scripti</strong></span> <span class='ocrx_word' id='word_1_41' title='bbox 684 714 956 770; x_wconf 77' lang='lat' dir='ltr'><strong>exercitus</strong></span> <span class='ocrx_word' id='word_1_42' title='bbox 1017 716 1250 769; x_wconf 80' lang='lat' dir='ltr'><strong>selectos</strong></span> <span class='ocrx_word' id='word_1_43' title='bbox 1294 714 1638 784; x_wconf 78' lang='lat' dir='ltr'><strong>cximiosque</strong></span> <span class='ocrx_word' id='word_1_44' title='bbox 1678 715 1876 769; x_wconf 86' lang='lat' dir='ltr'><strong>milites</strong></span> <span class='ocrx_word' id='word_1_45' title='bbox 1903 730 2036 769; x_wconf 90' lang='lat' dir='ltr'><strong>con-</strong></span> 
     </span>
    </p>
   </div>
   <div class='ocr_carea' id='block_1_8' title="bbox 459 805 2035 878">
    <p class='ocr_par' dir='ltr' id='par_1_8' title="bbox 459 805 2035 878">
     <span class='ocr_line' id='line_1_8' title="bbox 459 805 2035 878; baseline -0.001 -17"><span class='ocrx_word' id='word_1_46' title='bbox 459 816 763 878; x_wconf 66' lang='lat' dir='ltr'><strong>gregatosa</strong></span> <span class='ocrx_word' id='word_1_47' title='bbox 797 806 970 875; x_wconf 90' lang='lat' dir='ltr'><strong>patria</strong></span> <span class='ocrx_word' id='word_1_48' title='bbox 1029 807 1418 877; x_wconf 82' lang='lat' dir='ltr'><strong>superstitione</strong></span> <span class='ocrx_word' id='word_1_49' title='bbox 1473 806 1755 872; x_wconf 74' lang='lat' dir='ltr'><strong>defecisse,</strong></span> <span class='ocrx_word' id='word_1_50' title='bbox 1814 821 1882 860; x_wconf 90' lang='lat' dir='ltr'><strong>ne</strong></span> <span class='ocrx_word' id='word_1_51' title='bbox 1931 805 2035 875; x_wconf 89' lang='lat' dir='ltr'><strong>ipsi</strong></span> 
     </span>
    </p>
   </div>
   <div class='ocr_carea' id='block_1_9' title="bbox 458 897 2038 970">
    <p class='ocr_par' dir='ltr' id='par_1_9' title="bbox 458 897 2038 970">
     <span class='ocr_line' id='line_1_9' title="bbox 458 897 2038 970; baseline -0.001 -16"><span class='ocrx_word' id='word_1_52' title='bbox 458 899 677 970; x_wconf 88' lang='lat' dir='ltr'><strong>quidem</strong></span> <span class='ocrx_word' id='word_1_53' title='bbox 701 899 1100 970; x_wconf 81' lang='lat' dir='ltr'><strong>negaverimus.</strong></span> <span class='ocrx_word' id='word_1_54' title='bbox 1138 898 1406 953; x_wconf 55' lang='lat' dir='ltr'><strong>Praeterea</strong></span> <span class='ocrx_word' id='word_1_55' title='bbox 1446 899 1625 962; x_wconf 90' lang='lat' dir='ltr'><strong>nobis,</strong></span> <span class='ocrx_word' id='word_1_56' title='bbox 1647 914 1771 953; x_wconf 90' lang='lat' dir='ltr'><strong>cum</strong></span> <span class='ocrx_word' id='word_1_57' title='bbox 1817 897 2038 953; x_wconf 65' lang='lat' dir='ltr'><strong>Judazo-</strong></span> 
     </span>
    </p>
   </div>
   <div class='ocr_carea' id='block_1_10' title="bbox 456 985 2037 1062">
    <p class='ocr_par' dir='ltr' id='par_1_10' title="bbox 456 985 2037 1062">
     <span class='ocr_line' id='line_1_10' title="bbox 456 985 2037 1062; baseline -0.001 -15"><span class='ocrx_word' id='word_1_58' title='bbox 456 1007 578 1047; x_wconf 91' lang='lat' dir='ltr'><strong>rum</strong></span> <span class='ocrx_word' id='word_1_59' title='bbox 632 985 842 1047; x_wconf 79' lang='lat' dir='ltr'><strong>litieras</strong></span> <span class='ocrx_word' id='word_1_60' title='bbox 895 991 1278 1061; x_wconf 84' lang='lat' dir='ltr'><strong>approbemus,</strong></span> <span class='ocrx_word' id='word_1_61' title='bbox 1330 993 1736 1062; x_wconf 75' lang='lat' dir='ltr'><strong>maximamque</strong></span> <span class='ocrx_word' id='word_1_62' title='bbox 1776 992 2037 1046; x_wconf 64' lang='lat' dir='ltr'><strong>doctrinm</strong></span> 
     </span>
    </p>
   </div>
   <div class='ocr_carea' id='block_1_11' title="bbox 455 1083 2033 1154">
    <p class='ocr_par' dir='ltr' id='par_1_11' title="bbox 455 1083 2033 1154">
     <span class='ocr_line' id='line_1_11' title="bbox 455 1083 2033 1154; baseline -0.002 -15"><span class='ocrx_word' id='word_1_63' title='bbox 455 1093 661 1139; x_wconf 69' lang='lat' dir='ltr'><strong>nostra:</strong></span> <span class='ocrx_word' id='word_1_64' title='bbox 709 1091 918 1154; x_wconf 90' lang='lat' dir='ltr'><strong>partem</strong></span> <span class='ocrx_word' id='word_1_65' title='bbox 965 1097 1031 1138; x_wconf 84' lang='lat' dir='ltr'><strong>ex</strong></span> <span class='ocrx_word' id='word_1_66' title='bbox 1075 1097 1264 1137; x_wconf 92' lang='lat' dir='ltr'><strong>eorum</strong></span> <span class='ocrx_word' id='word_1_67' title='bbox 1336 1083 1634 1152; x_wconf 87' lang='lat' dir='ltr'><strong>prophetiis</strong></span> <span class='ocrx_word' id='word_1_68' title='bbox 1690 1083 2033 1153; x_wconf 80' lang='lat' dir='ltr'><strong>colligamus,</strong></span> 
     </span>
    </p>
   </div>
   <div class='ocr_carea' id='block_1_12' title="bbox 456 1174 2034 1244">
    <p class='ocr_par' dir='ltr' id='par_1_12' title="bbox 456 1174 2034 1244">
     <span class='ocr_line' id='line_1_12' title="bbox 456 1174 2034 1244; baseline -0.001 -15"><span class='ocrx_word' id='word_1_69' title='bbox 456 1191 564 1230; x_wconf 88' lang='lat' dir='ltr'><strong>non</strong></span> <span class='ocrx_word' id='word_1_70' title='bbox 584 1175 724 1230; x_wconf 91' lang='lat' dir='ltr'><strong>idem</strong></span> <span class='ocrx_word' id='word_1_71' title='bbox 759 1185 938 1228; x_wconf 89' lang='lat' dir='ltr'><strong>tamen</strong></span> <span class='ocrx_word' id='word_1_72' title='bbox 994 1175 1251 1243; x_wconf 84' lang='lat' dir='ltr'><strong>amplius,</strong></span> <span class='ocrx_word' id='word_1_73' title='bbox 1308 1190 1418 1244; x_wconf 94' lang='lat' dir='ltr'><strong>quo</strong></span> <span class='ocrx_word' id='word_1_74' title='bbox 1463 1174 1900 1229; x_wconf 90' lang='lat' dir='ltr'><strong>circumeisionis</strong></span> <span class='ocrx_word' id='word_1_75' title='bbox 1938 1174 2034 1228; x_wconf 79' lang='lat' dir='ltr'><strong>de-</strong></span> 
     </span>
    </p>
   </div>
   <div class='ocr_carea' id='block_1_13' title="bbox 454 1266 2034 1336">
    <p class='ocr_par' dir='ltr' id='par_1_13' title="bbox 454 1266 2034 1336">
     <span class='ocr_line' id='line_1_13' title="bbox 454 1266 2034 1336; baseline 0 -16"><span class='ocrx_word' id='word_1_76' title='bbox 454 1266 704 1322; x_wconf 87' lang='lat' dir='ltr'><strong>fensores</strong></span> <span class='ocrx_word' id='word_1_77' title='bbox 737 1267 1123 1331; x_wconf 84' lang='lat' dir='ltr'><strong>utuntur,vitae</strong></span> <span class='ocrx_word' id='word_1_78' title='bbox 1152 1281 1322 1336; x_wconf 83' lang='lat' dir='ltr'><strong>genus</strong></span> <span class='ocrx_word' id='word_1_79' title='bbox 1352 1266 1586 1334; x_wconf 86' lang='lat' dir='ltr'><strong>placere,</strong></span> <span class='ocrx_word' id='word_1_80' title='bbox 1621 1266 1673 1319; x_wconf 92' lang='lat' dir='ltr'><strong>id</strong></span> <span class='ocrx_word' id='word_1_81' title='bbox 1696 1281 1823 1319; x_wconf 90' lang='lat' dir='ltr'><strong>vero</strong></span> <span class='ocrx_word' id='word_1_82' title='bbox 1841 1275 2034 1334; x_wconf 85' lang='lat' dir='ltr'><strong>sponte</strong></span> 
     </span>
    </p>
   </div>
   <div class='ocr_carea' id='block_1_14' title="bbox 452 1355 2032 1428">
    <p class='ocr_par' dir='ltr' id='par_1_14' title="bbox 452 1355 2032 1428">
     <span class='ocr_line' id='line_1_14' title="bbox 452 1355 2032 1428; baseline -0.001 -16"><span class='ocrx_word' id='word_1_83' title='bbox 452 1365 673 1428; x_wconf 85' lang='lat' dir='ltr'><strong>quoque</strong></span> <span class='ocrx_word' id='word_1_84' title='bbox 705 1358 958 1428; x_wconf 89' lang='lat' dir='ltr'><strong>ultroque</strong></span> <span class='ocrx_word' id='word_1_85' title='bbox 1001 1356 1291 1412; x_wconf 84' lang='lat' dir='ltr'><strong>fateamur.</strong></span> <span class='ocrx_word' id='word_1_86' title='bbox 1339 1355 1494 1411; x_wconf 85' lang='lat' dir='ltr'><strong>Nunc</strong></span> <span class='ocrx_word' id='word_1_87' title='bbox 1524 1372 1652 1424; x_wconf 83' lang='lat' dir='ltr'><strong>ergo</strong></span> <span class='ocrx_word' id='word_1_88' title='bbox 1685 1365 1901 1426; x_wconf 87' lang='lat' dir='ltr'><strong>tempus</strong></span> <span class='ocrx_word' id='word_1_89' title='bbox 1948 1366 2032 1411; x_wconf 91' lang='lat' dir='ltr'><strong>est</strong></span> 
     </span>
    </p>
   </div>
   <div class='ocr_carea' id='block_1_15' title="bbox 455 1447 2028 1513">
    <p class='ocr_par' dir='ltr' id='par_1_15' title="bbox 455 1447 2028 1513">
     <span class='ocr_line' id='line_1_15' title="bbox 455 1447 2028 1513; baseline -0.002 -10"><span class='ocrx_word' id='word_1_90' title='bbox 455 1449 681 1503; x_wconf 77' lang='lat' dir='ltr'><strong>istorum</strong></span> <span class='ocrx_word' id='word_1_91' title='bbox 703 1449 948 1503; x_wconf 91' lang='lat' dir='ltr'><strong>omnium</strong></span> <span class='ocrx_word' id='word_1_92' title='bbox 974 1448 1232 1503; x_wconf 85' lang='lat' dir='ltr'><strong>reddendi</strong></span> <span class='ocrx_word' id='word_1_93' title='bbox 1253 1448 1541 1501; x_wconf 88' lang='lat' dir='ltr'><strong>rationem.</strong></span> <span class='ocrx_word' id='word_1_94' title='bbox 1569 1447 1818 1513; x_wconf 85' lang='lat' dir='ltr'><strong>Quonam</strong></span> <span class='ocrx_word' id='word_1_95' title='bbox 1849 1456 2028 1501; x_wconf 89' lang='lat' dir='ltr'><strong>autem</strong></span> 
     </span>
    </p>
   </div>
   <div class='ocr_carea' id='block_1_16' title="bbox 2142 524 3715 602">
    <p class='ocr_par' dir='ltr' id='par_1_16' title="bbox 2142 524 3715 602">
     <span class='ocr_line' id='line_1_16' title="bbox 2142 524 3715 602; baseline -0.006 -17"><span class='ocrx_word' id='word_1_96' title='bbox 2142 531 2313 601; x_wconf 81' lang='grc' dir='ltr'>αὐτῆς</span> <span class='ocrx_word' id='word_1_97' title='bbox 2347 530 2448 600; x_wconf 77' lang='grc' dir='ltr'><strong>τῆς</strong></span> <span class='ocrx_word' id='word_1_98' title='bbox 2480 530 2851 602; x_wconf 80' lang='grc' dir='ltr'><strong>προσηγορίας</strong></span> <span class='ocrx_word' id='word_1_99' title='bbox 2882 531 2981 601; x_wconf 85' lang='grc' dir='ltr'>τὴν</span> <span class='ocrx_word' id='word_1_100' title='bbox 3005 527 3353 598; x_wconf 76' lang='grc' dir='ltr'>καινοτομίαν</span> <span class='ocrx_word' id='word_1_101' title='bbox 3390 524 3715 595; x_wconf 80' lang='grc' dir='ltr'>ἐπαγομένη.</span> 
     </span>
    </p>
   </div>
   <div class='ocr_carea' id='block_1_17' title="bbox 2142 616 3718 694">
    <p class='ocr_par' dir='ltr' id='par_1_17' title="bbox 2142 616 3718 694">
     <span class='ocr_line' id='line_1_17' title="bbox 2142 616 3718 694; baseline -0.006 -18"><span class='ocrx_word' id='word_1_102' title='bbox 2142 624 2276 694; x_wconf 79' lang='grc' dir='ltr'>Φέρε</span> <span class='ocrx_word' id='word_1_103' title='bbox 2300 618 2394 676; x_wconf 80' lang='grc' dir='ltr'><strong>οὖν</strong></span> <span class='ocrx_word' id='word_1_104' title='bbox 2419 621 2483 691; x_wconf 82' lang='grc' dir='ltr'>δὴ</span> <span class='ocrx_word' id='word_1_105' title='bbox 2514 621 3006 692; x_wconf 80' lang='grc' dir='ltr'>πρῶτονὰπάντων</span> <span class='ocrx_word' id='word_1_106' title='bbox 3037 619 3134 682; x_wconf 82' lang='grc' dir='ltr'><strong>τάς</strong></span> <span class='ocrx_word' id='word_1_107' title='bbox 3160 618 3526 680; x_wconf 83' lang='grc' dir='ltr'>παλαιοτάτας</span> <span class='ocrx_word' id='word_1_108' title='bbox 3549 616 3639 669; x_wconf 69' lang='grc' dir='ltr'>καὶ</span> <span class='ocrx_word' id='word_1_109' title='bbox 3659 616 3718 688; x_wconf 84' lang='grc' dir='ltr'>δὴ</span> 
     </span>
    </p>
   </div>
   <div class='ocr_carea' id='block_1_18' title="bbox 2144 709 3719 787">
    <p class='ocr_par' dir='ltr' id='par_1_18' title="bbox 2144 709 3719 787">
     <span class='ocr_line' id='line_1_18' title="bbox 2144 709 3719 787; baseline -0.003 -18"><span class='ocrx_word' id='word_1_110' title='bbox 2144 716 2238 770; x_wconf 73' lang='grc' dir='ltr'>καὶ</span> <span class='ocrx_word' id='word_1_111' title='bbox 2263 714 2360 778; x_wconf 74' lang='grc' dir='ltr'><strong>τὰς</strong></span> <span class='ocrx_word' id='word_1_112' title='bbox 2384 716 2646 787; x_wconf 77' lang='grc' dir='ltr'><strong>πατρίους</strong></span> <span class='ocrx_word' id='word_1_113' title='bbox 2678 714 2835 784; x_wconf 80' lang='grc' dir='ltr'>ἡμῶν</span> <span class='ocrx_word' id='word_1_114' title='bbox 2859 713 3037 766; x_wconf 78' lang='grc' dir='ltr'>αὐτῶν</span> <span class='ocrx_word' id='word_1_115' title='bbox 3068 711 3366 779; x_wconf 86' lang='grc' dir='ltr'>θεολογίας,</span> <span class='ocrx_word' id='word_1_116' title='bbox 3388 709 3528 762; x_wconf 72' lang='grc' dir='ltr'>κατὰ</span> <span class='ocrx_word' id='word_1_117' title='bbox 3550 711 3719 764; x_wconf 76' lang='grc' dir='ltr'>πᾶσαν</span> 
     </span>
    </p>
   </div>
   <div class='ocr_carea' id='block_1_19' title="bbox 2146 802 3715 877">
    <p class='ocr_par' dir='ltr' id='par_1_19' title="bbox 2146 802 3715 877">
     <span class='ocr_line' id='line_1_19' title="bbox 2146 802 3715 877; baseline -0.004 -18"><span class='ocrx_word' id='word_1_118' title='bbox 2146 806 2298 859; x_wconf 84' lang='grc' dir='ltr'>πόλιν</span> <span class='ocrx_word' id='word_1_119' title='bbox 2334 806 2502 859; x_wconf 88' lang='grc' dir='ltr'>είσέτι</span> <span class='ocrx_word' id='word_1_120' title='bbox 2530 807 2624 860; x_wconf 68' lang='grc' dir='ltr'><strong>καὶ</strong></span> <span class='ocrx_word' id='word_1_121' title='bbox 2643 805 2738 859; x_wconf 80' lang='grc' dir='ltr'>νῦν</span> <span class='ocrx_word' id='word_1_122' title='bbox 2767 805 3029 877; x_wconf 75' lang='grc' dir='ltr'>τεθρυλλη</span> <span class='ocrx_word' id='word_1_123' title='bbox 3041 805 3208 875; x_wconf 84' lang='grc' dir='ltr'>μένας</span> <span class='ocrx_word' id='word_1_124' title='bbox 3237 802 3715 873; x_wconf 76' lang='grc' dir='ltr'>ὲπιθεωρήσωμεν,</span> 
     </span>
    </p>
   </div>
   <div class='ocr_carea' id='block_1_20' title="bbox 2143 892 3720 967">
    <p class='ocr_par' dir='ltr' id='par_1_20' title="bbox 2143 892 3720 967">
     <span class='ocr_line' id='line_1_20' title="bbox 2143 892 3720 967; baseline -0.003 -17"><span class='ocrx_word' id='word_1_125' title='bbox 2143 897 2240 960; x_wconf 84' lang='grc' dir='ltr'><strong>τάς</strong></span> <span class='ocrx_word' id='word_1_126' title='bbox 2262 914 2318 949; x_wconf 83' lang='grc' dir='ltr'><strong>τε</strong></span> <span class='ocrx_word' id='word_1_127' title='bbox 2351 914 2406 950; x_wconf 89' lang='grc' dir='ltr'><strong>σε</strong></span> <span class='ocrx_word' id='word_1_128' title='bbox 2415 897 2553 967; x_wconf 81' lang='grc' dir='ltr'>μνὰς</span> <span class='ocrx_word' id='word_1_129' title='bbox 2563 896 2671 950; x_wconf 83' lang='grc' dir='ltr'><strong>τῶν</strong></span> <span class='ocrx_word' id='word_1_130' title='bbox 2687 898 2946 964; x_wconf 79' lang='grc' dir='ltr'><strong>γενναίων</strong></span> <span class='ocrx_word' id='word_1_131' title='bbox 2965 896 3266 966; x_wconf 68' lang='grc' dir='ltr'>φιλοσόφων</span> <span class='ocrx_word' id='word_1_132' title='bbox 3298 893 3424 964; x_wconf 86' lang='grc' dir='ltr'>περί</span> <span class='ocrx_word' id='word_1_133' title='bbox 3445 910 3503 944; x_wconf 87' lang='grc' dir='ltr'><strong>τε</strong></span> <span class='ocrx_word' id='word_1_134' title='bbox 3523 892 3720 961; x_wconf 83' lang='grc' dir='ltr'>κόσμου</span> 
     </span>
    </p>
   </div>
   <div class='ocr_carea' id='block_1_21' title="bbox 2146 983 3720 1060">
    <p class='ocr_par' dir='ltr' id='par_1_21' title="bbox 2146 983 3720 1060">
     <span class='ocr_line' id='line_1_21' title="bbox 2146 983 3720 1060; baseline -0.003 -20"><span class='ocrx_word' id='word_1_135' title='bbox 2146 1005 2209 1040; x_wconf 89' lang='grc' dir='ltr'><strong>συ</strong></span> <span class='ocrx_word' id='word_1_136' title='bbox 2218 989 2456 1051; x_wconf 83' lang='grc' dir='ltr'>στάσεως</span> <span class='ocrx_word' id='word_1_137' title='bbox 2471 989 2564 1042; x_wconf 73' lang='grc' dir='ltr'><strong>καὶ</strong></span> <span class='ocrx_word' id='word_1_138' title='bbox 2581 1007 2647 1042; x_wconf 91' lang='grc' dir='ltr'><strong>πε</strong></span> <span class='ocrx_word' id='word_1_139' title='bbox 2658 990 2708 1060; x_wconf 70' lang='grc' dir='ltr'><strong>ρὶ</strong></span> <span class='ocrx_word' id='word_1_140' title='bbox 2724 989 2861 1042; x_wconf 81' lang='grc' dir='ltr'>θεῶν</span> <span class='ocrx_word' id='word_1_141' title='bbox 2877 987 3267 1060; x_wconf 61' lang='grc' dir='ltr'>διαλήψειςῖνα</span> <span class='ocrx_word' id='word_1_142' title='bbox 3279 986 3494 1055; x_wconf 78' lang='grc' dir='ltr'>γνῶμεν</span> <span class='ocrx_word' id='word_1_143' title='bbox 3509 983 3618 1037; x_wconf 81' lang='grc' dir='ltr'>εἴτε</span> <span class='ocrx_word' id='word_1_144' title='bbox 3633 983 3720 1036; x_wconf 79' lang='grc' dir='ltr'><strong>καὶ</strong></span> 
     </span>
    </p>
   </div>
   <div class='ocr_carea' id='block_1_22' title="bbox 2139 1076 3724 1151">
    <p class='ocr_par' dir='ltr' id='par_1_22' title="bbox 2139 1076 3724 1151">
     <span class='ocr_line' id='line_1_22' title="bbox 2139 1076 3724 1151; baseline -0.001 -20"><span class='ocrx_word' id='word_1_145' title='bbox 2139 1079 2314 1150; x_wconf 81' lang='grc' dir='ltr'>ὀρθῶς</span> <span class='ocrx_word' id='word_1_146' title='bbox 2331 1079 2538 1150; x_wconf 87' lang='grc' dir='ltr'>ἀπέστη</span> <span class='ocrx_word' id='word_1_147' title='bbox 2549 1098 2646 1151; x_wconf 92' lang='grc' dir='ltr'><strong>μεν</strong></span> <span class='ocrx_word' id='word_1_148' title='bbox 2665 1081 2866 1145; x_wconf 85' lang='grc' dir='ltr'>αὐτῶν,</span> <span class='ocrx_word' id='word_1_149' title='bbox 2881 1082 2989 1134; x_wconf 80' lang='grc' dir='ltr'>εἴτε</span> <span class='ocrx_word' id='word_1_150' title='bbox 3011 1082 3102 1134; x_wconf 70' lang='grc' dir='ltr'>καὶ</span> <span class='ocrx_word' id='word_1_151' title='bbox 3121 1080 3380 1151; x_wconf 82' lang='grc' dir='ltr'>μή.Θήσω</span> <span class='ocrx_word' id='word_1_152' title='bbox 3401 1079 3458 1132; x_wconf 82' lang='grc' dir='ltr'>δὲ</span> <span class='ocrx_word' id='word_1_153' title='bbox 3478 1076 3724 1148; x_wconf 85' lang='grc' dir='ltr'>ούκὲμὰς</span> 
     </span>
    </p>
   </div>
   <div class='ocr_carea' id='block_1_23' title="bbox 2141 1169 3722 1244">
    <p class='ocr_par' dir='ltr' id='par_1_23' title="bbox 2141 1169 3722 1244">
     <span class='ocr_line' id='line_1_23' title="bbox 2141 1169 3722 1244; baseline -0.001 -20"><span class='ocrx_word' id='word_1_154' title='bbox 2141 1171 2323 1240; x_wconf 83' lang='grc' dir='ltr'>φωνάς</span> <span class='ocrx_word' id='word_1_155' title='bbox 2346 1173 2404 1225; x_wconf 84' lang='grc' dir='ltr'><strong>ὲν</strong></span> <span class='ocrx_word' id='word_1_156' title='bbox 2426 1175 2490 1243; x_wconf 79' lang='grc' dir='ltr'>τῇ</span> <span class='ocrx_word' id='word_1_157' title='bbox 2512 1172 2619 1225; x_wconf 81' lang='grc' dir='ltr'><strong>τῶν</strong></span> <span class='ocrx_word' id='word_1_158' title='bbox 2646 1172 2991 1244; x_wconf 77' lang='grc' dir='ltr'><strong>δηλουμένων</strong></span> <span class='ocrx_word' id='word_1_159' title='bbox 3021 1175 3300 1242; x_wconf 65' lang='grc' dir='ltr'>ὲκφάνσει,</span> <span class='ocrx_word' id='word_1_160' title='bbox 3329 1171 3439 1224; x_wconf 81' lang='grc' dir='ltr'>ἀλλ’</span> <span class='ocrx_word' id='word_1_161' title='bbox 3461 1169 3638 1224; x_wconf 82' lang='grc' dir='ltr'>αὐτῶν</span> <span class='ocrx_word' id='word_1_162' title='bbox 3662 1169 3722 1240; x_wconf 81' lang='grc' dir='ltr'>δὴ</span> 
     </span>
    </p>
   </div>
   <div class='ocr_carea' id='block_1_24' title="bbox 2136 1263 3724 1337">
    <p class='ocr_par' dir='ltr' id='par_1_24' title="bbox 2136 1263 3724 1337">
     <span class='ocr_line' id='line_1_24' title="bbox 2136 1263 3724 1337; baseline -0.002 -21"><span class='ocrx_word' id='word_1_163' title='bbox 2136 1263 2245 1316; x_wconf 85' lang='grc' dir='ltr'><strong>τῶν</strong></span> <span class='ocrx_word' id='word_1_164' title='bbox 2277 1263 2511 1335; x_wconf 86' lang='grc' dir='ltr'>μάλιστα</span> <span class='ocrx_word' id='word_1_165' title='bbox 2532 1263 2773 1337; x_wconf 76' lang='grc' dir='ltr'>τὴνπερὶ</span> <span class='ocrx_word' id='word_1_166' title='bbox 2799 1265 2893 1330; x_wconf 76' lang='grc' dir='ltr'><strong>οὓς</strong></span> <span class='ocrx_word' id='word_1_167' title='bbox 2921 1283 3051 1335; x_wconf 75' lang='grc' dir='ltr'>φασι</span> <span class='ocrx_word' id='word_1_168' title='bbox 3069 1265 3243 1329; x_wconf 72' lang='grc' dir='ltr'>θεοὺς.</span> <span class='ocrx_word' id='word_1_169' title='bbox 3273 1263 3550 1317; x_wconf 78' lang='grc' dir='ltr'>εὐσέϐειαν</span> <span class='ocrx_word' id='word_1_170' title='bbox 3569 1278 3724 1332; x_wconf 80' lang='grc' dir='ltr'>περι-</span> 
     </span>
    </p>
   </div>
   <div class='ocr_carea' id='block_1_25' title="bbox 2140 1351 3726 1427">
    <p class='ocr_par' dir='ltr' id='par_1_25' title="bbox 2140 1351 3726 1427">
     <span class='ocr_line' id='line_1_25' title="bbox 2140 1351 3726 1427; baseline 0.004 -20"><span class='ocrx_word' id='word_1_171' title='bbox 2140 1355 2476 1409; x_wconf 86' lang='grc' dir='ltr'>σπούδαστον</span> <span class='ocrx_word' id='word_1_172' title='bbox 2500 1358 2900 1427; x_wconf 82' lang='grc' dir='ltr'><strong>πεποιηκότων,</strong></span> <span class='ocrx_word' id='word_1_173' title='bbox 2925 1359 3000 1421; x_wconf 82' lang='grc' dir='ltr'><strong>ὡς</strong></span> <span class='ocrx_word' id='word_1_174' title='bbox 3030 1357 3096 1411; x_wconf 85' lang='grc' dir='ltr'><strong>ἂν</strong></span> <span class='ocrx_word' id='word_1_175' title='bbox 3111 1360 3138 1411; x_wconf 91' lang='grc' dir='ltr'>ὁ</span> <span class='ocrx_word' id='word_1_176' title='bbox 3165 1357 3318 1426; x_wconf 87' lang='grc' dir='ltr'>λόγος</span> <span class='ocrx_word' id='word_1_177' title='bbox 3335 1355 3550 1426; x_wconf 85' lang='grc' dir='ltr'>ἀπάσης</span> <span class='ocrx_word' id='word_1_178' title='bbox 3573 1351 3726 1415; x_wconf 71' lang='grc' dir='ltr'>ἐκτὸς</span> 
     </span>
    </p>
   </div>
   <div class='ocr_carea' id='block_1_26' title="bbox 2134 1447 3726 1522">
    <p class='ocr_par' dir='ltr' id='par_1_26' title="bbox 2134 1447 3726 1522">
     <span class='ocr_line' id='line_1_26' title="bbox 2134 1447 3726 1522; baseline 0.001 -22"><span class='ocrx_word' id='word_1_179' title='bbox 2134 1448 2235 1518; x_wconf 87' lang='grc' dir='ltr'>τῆς</span> <span class='ocrx_word' id='word_1_180' title='bbox 2270 1451 2398 1520; x_wconf 76' lang='grc' dir='ltr'>περὶ</span> <span class='ocrx_word' id='word_1_181' title='bbox 2434 1449 2528 1502; x_wconf 80' lang='grc' dir='ltr'>τοῦ</span> <span class='ocrx_word' id='word_1_182' title='bbox 2574 1451 2907 1504; x_wconf 82' lang='grc' dir='ltr'>πλάττεσθαι</span> <span class='ocrx_word' id='word_1_183' title='bbox 2948 1453 3096 1522; x_wconf 80' lang='grc' dir='ltr'>ἡμᾶς</span> <span class='ocrx_word' id='word_1_184' title='bbox 3120 1450 3374 1513; x_wconf 79' lang='grc' dir='ltr'>ὑπονοίας</span> <span class='ocrx_word' id='word_1_185' title='bbox 3398 1447 3726 1518; x_wconf 84' lang='grc' dir='ltr'><strong>κατασταίη.</strong></span> 
     </span>
    </p>
   </div>
   <div class='ocr_carea' id='block_1_27' title="bbox 451 1541 3730 1614">
    <p class='ocr_par' dir='ltr' id='par_1_27' title="bbox 451 1541 3730 1614">
     <span class='ocr_line' id='line_1_27' title="bbox 451 1541 3730 1614; baseline -0 -16"><span class='ocrx_word' id='word_1_186' title='bbox 451 1545 560 1600; x_wconf 90' lang='lat' dir='ltr'><strong>alio</strong></span> <span class='ocrx_word' id='word_1_187' title='bbox 625 1545 889 1614; x_wconf 87' lang='lat' dir='ltr'><strong>consequi</strong></span> <span class='ocrx_word' id='word_1_188' title='bbox 924 1544 1086 1600; x_wconf 88' lang='lat' dir='ltr'><strong>modo</strong></span> <span class='ocrx_word' id='word_1_189' title='bbox 1141 1544 1461 1612; x_wconf 85' lang='lat' dir='ltr'><strong>poterimus,</strong></span> <span class='ocrx_word' id='word_1_190' title='bbox 1517 1552 1575 1596; x_wconf 93' lang='lat' dir='ltr'><strong>ut</strong></span> <span class='ocrx_word' id='word_1_191' title='bbox 1627 1543 1764 1598; x_wconf 90' lang='lat' dir='ltr'><strong>ritus</strong></span> <span class='ocrx_word' id='word_1_192' title='bbox 1819 1544 2025 1612; x_wconf 89' lang='lat' dir='ltr'><strong>patrios</strong></span> <span class='ocrx_word' id='word_1_193' title='bbox 2060 1543 2184 1614; x_wconf 87' lang='lat' dir='ltr'><strong>jure</strong></span> <span class='ocrx_word' id='word_1_194' title='bbox 2251 1559 2316 1599; x_wconf 89' lang='lat' dir='ltr'><strong>ac</strong></span> <span class='ocrx_word' id='word_1_195' title='bbox 2386 1546 2584 1600; x_wconf 90' lang='lat' dir='ltr'><strong>merito</strong></span> <span class='ocrx_word' id='word_1_196' title='bbox 2627 1546 2936 1602; x_wconf 89' lang='lat' dir='ltr'><strong>deseruisse</strong></span> <span class='ocrx_word' id='word_1_197' title='bbox 2985 1546 3286 1608; x_wconf 76' lang='lat' dir='ltr'><strong>videamur,</strong></span> <span class='ocrx_word' id='word_1_198' title='bbox 3323 1559 3485 1614; x_wconf 89' lang='lat' dir='ltr'><strong>quam</strong></span> <span class='ocrx_word' id='word_1_199' title='bbox 3521 1542 3565 1597; x_wconf 89' lang='lat' dir='ltr'><strong>si</strong></span> <span class='ocrx_word' id='word_1_200' title='bbox 3607 1541 3730 1597; x_wconf 81' lang='lat' dir='ltr'><strong>illos</strong></span> 
     </span>
    </p>
   </div>
   <div class='ocr_carea' id='block_1_28' title="bbox 451 1633 3726 1708">
    <p class='ocr_par' dir='ltr' id='par_1_28' title="bbox 451 1633 3726 1708">
     <span class='ocr_line' id='line_1_28' title="bbox 451 1633 3726 1708; baseline -0.001 -17"><span class='ocrx_word' id='word_1_201' title='bbox 451 1637 604 1708; x_wconf 87' lang='lat' dir='ltr'><strong>ipsos</strong></span> <span class='ocrx_word' id='word_1_202' title='bbox 638 1639 691 1692; x_wconf 92' lang='lat' dir='ltr'><strong>in</strong></span> <span class='ocrx_word' id='word_1_203' title='bbox 728 1640 967 1694; x_wconf 91' lang='lat' dir='ltr'><strong>medium</strong></span> <span class='ocrx_word' id='word_1_204' title='bbox 1011 1639 1376 1708; x_wconf 81' lang='lat' dir='ltr'><strong>producamus</strong></span> <span class='ocrx_word' id='word_1_205' title='bbox 1399 1679 1413 1703; x_wconf 94' lang='lat'><strong>,</strong></span> <span class='ocrx_word' id='word_1_206' title='bbox 1449 1646 1504 1691; x_wconf 89' lang='lat' dir='ltr'><strong>et</strong></span> <span class='ocrx_word' id='word_1_207' title='bbox 1539 1652 1753 1700; x_wconf 91' lang='lat' dir='ltr'><strong>eorum,</strong></span> <span class='ocrx_word' id='word_1_208' title='bbox 1789 1638 1882 1707; x_wconf 90' lang='lat' dir='ltr'><strong>qui</strong></span> <span class='ocrx_word' id='word_1_209' title='bbox 1928 1638 2028 1692; x_wconf 91' lang='lat' dir='ltr'><strong>hos</strong></span> <span class='ocrx_word' id='word_1_210' title='bbox 2070 1639 2121 1690; x_wconf 94' lang='lat' dir='ltr'><strong>in</strong></span> <span class='ocrx_word' id='word_1_211' title='bbox 2181 1638 2350 1693; x_wconf 89' lang='lat' dir='ltr'><strong>libros</strong></span> <span class='ocrx_word' id='word_1_212' title='bbox 2385 1638 2695 1704; x_wconf 88' lang='lat' dir='ltr'><strong>inciderint,</strong></span> <span class='ocrx_word' id='word_1_213' title='bbox 2738 1640 2810 1694; x_wconf 88' lang='lat' dir='ltr'><strong>ob</strong></span> <span class='ocrx_word' id='word_1_214' title='bbox 2880 1639 3067 1694; x_wconf 90' lang='lat' dir='ltr'><strong>oculos</strong></span> <span class='ocrx_word' id='word_1_215' title='bbox 3121 1636 3431 1708; x_wconf 87' lang='lat' dir='ltr'><strong>ponamus?</strong></span> <span class='ocrx_word' id='word_1_216' title='bbox 3461 1635 3551 1690; x_wconf 87' lang='lat' dir='ltr'><strong>Sic</strong></span> <span class='ocrx_word' id='word_1_217' title='bbox 3580 1633 3726 1690; x_wconf 88' lang='lat' dir='ltr'><strong>enim</strong></span> 
     </span>
    </p>
   </div>
   <div class='ocr_carea' id='block_1_29' title="bbox 449 1730 3727 1802">
    <p class='ocr_par' dir='ltr' id='par_1_29' title="bbox 449 1730 3727 1802">
     <span class='ocr_line' id='line_1_29' title="bbox 449 1730 3727 1802; baseline -0.001 -16"><span class='ocrx_word' id='word_1_218' title='bbox 449 1731 775 1802; x_wconf 63' lang='lat' dir='ltr'><strong>evangeliea:</strong></span> <span class='ocrx_word' id='word_1_219' title='bbox 820 1746 1038 1800; x_wconf 87' lang='lat' dir='ltr'><strong>quoque</strong></span> <span class='ocrx_word' id='word_1_220' title='bbox 1091 1730 1574 1785; x_wconf 85' lang='lat' dir='ltr'><strong>demonstrationis</strong></span> <span class='ocrx_word' id='word_1_221' title='bbox 1606 1731 1688 1786; x_wconf 89' lang='lat' dir='ltr'><strong>vis</strong></span> <span class='ocrx_word' id='word_1_222' title='bbox 1723 1731 1813 1784; x_wconf 94' lang='lat' dir='ltr'><strong>illa</strong></span> <span class='ocrx_word' id='word_1_223' title='bbox 1845 1731 2028 1785; x_wconf 87' lang='lat' dir='ltr'><strong>divina</strong></span> <span class='ocrx_word' id='word_1_224' title='bbox 2068 1732 2272 1786; x_wconf 87' lang='lat' dir='ltr'><strong>clarius</strong></span> <span class='ocrx_word' id='word_1_225' title='bbox 2339 1734 2628 1797; x_wconf 88' lang='lat' dir='ltr'><strong>clueescet,</strong></span> <span class='ocrx_word' id='word_1_226' title='bbox 2663 1735 2709 1789; x_wconf 90' lang='lat' dir='ltr'><strong>si</strong></span> <span class='ocrx_word' id='word_1_227' title='bbox 2738 1734 2912 1788; x_wconf 88' lang='lat' dir='ltr'><strong>oculis</strong></span> <span class='ocrx_word' id='word_1_228' title='bbox 2953 1749 3144 1788; x_wconf 86' lang='lat' dir='ltr'><strong>omnes</strong></span> <span class='ocrx_word' id='word_1_229' title='bbox 3195 1745 3464 1800; x_wconf 83' lang='lat' dir='ltr'><strong>usurpare</strong></span> <span class='ocrx_word' id='word_1_230' title='bbox 3530 1740 3727 1800; x_wconf 88' lang='lat' dir='ltr'><strong>potue-</strong></span> 
     </span>
    </p>
   </div>
   <div class='ocr_carea' id='block_1_30' title="bbox 448 1825 3726 1895">
    <p class='ocr_par' dir='ltr' id='par_1_30' title="bbox 448 1825 3726 1895">
     <span class='ocr_line' id='line_1_30' title="bbox 448 1825 3726 1895; baseline -0.001 -15"><span class='ocrx_word' id='word_1_231' title='bbox 448 1825 581 1892; x_wconf 86' lang='lat' dir='ltr'><strong>rint,</strong></span> <span class='ocrx_word' id='word_1_232' title='bbox 629 1841 863 1895; x_wconf 89' lang='lat' dir='ltr'><strong>quorum</strong></span> <span class='ocrx_word' id='word_1_233' title='bbox 912 1826 1128 1880; x_wconf 88' lang='lat' dir='ltr'><strong>tandem</strong></span> <span class='ocrx_word' id='word_1_234' title='bbox 1172 1833 1228 1881; x_wconf 86' lang='lat' dir='ltr'><strong>et.</strong></span> <span class='ocrx_word' id='word_1_235' title='bbox 1287 1825 1596 1895; x_wconf 85' lang='lat' dir='ltr'><strong>eujusmodi</strong></span> <span class='ocrx_word' id='word_1_236' title='bbox 1659 1827 1926 1881; x_wconf 88' lang='lat' dir='ltr'><strong>malorum</strong></span> <span class='ocrx_word' id='word_1_237' title='bbox 1967 1842 2030 1880; x_wconf 90' lang='lat' dir='ltr'><strong>ea</strong></span> <span class='ocrx_word' id='word_1_238' title='bbox 2105 1828 2432 1883; x_wconf 90' lang='lat' dir='ltr'><strong>medicinam</strong></span> <span class='ocrx_word' id='word_1_239' title='bbox 2471 1828 2701 1883; x_wconf 77' lang='lat' dir='ltr'><strong>feliciter</strong></span> <span class='ocrx_word' id='word_1_240' title='bbox 2749 1828 3050 1882; x_wconf 88' lang='lat' dir='ltr'><strong>annuntiet.</strong></span> <span class='ocrx_word' id='word_1_241' title='bbox 3080 1826 3200 1892; x_wconf 86' lang='lat' dir='ltr'><strong>Quo</strong></span> <span class='ocrx_word' id='word_1_242' title='bbox 3246 1833 3402 1895; x_wconf 91' lang='lat' dir='ltr'><strong>pacto</strong></span> <span class='ocrx_word' id='word_1_243' title='bbox 3464 1835 3726 1894; x_wconf 70' lang='lat' dir='ltr'><strong>praeterea</strong></span> 
     </span>
    </p>
   </div>
   <div class='ocr_carea' id='block_1_31' title="bbox 449 1917 3729 1990">
    <p class='ocr_par' dir='ltr' id='par_1_31' title="bbox 449 1917 3729 1990">
     <span class='ocr_line' id='line_1_31' title="bbox 449 1917 3729 1990; baseline -0 -15"><span class='ocrx_word' id='word_1_244' title='bbox 449 1935 551 1975; x_wconf 89' lang='lat' dir='ltr'><strong>nos</strong></span> <span class='ocrx_word' id='word_1_245' title='bbox 600 1933 934 1990; x_wconf 83' lang='lat' dir='ltr'><strong>magnaeum</strong></span> <span class='ocrx_word' id='word_1_246' title='bbox 966 1919 1180 1973; x_wconf 88' lang='lat' dir='ltr'><strong>ratione</strong></span> <span class='ocrx_word' id='word_1_247' title='bbox 1228 1917 1542 1974; x_wconf 72' lang='lat' dir='ltr'><strong>Iudaeorum</strong></span> <span class='ocrx_word' id='word_1_248' title='bbox 1590 1919 1798 1975; x_wconf 89' lang='lat' dir='ltr'><strong>litteras</strong></span> <span class='ocrx_word' id='word_1_249' title='bbox 1869 1933 2194 1989; x_wconf 87' lang='lat' dir='ltr'><strong>persecutos</strong></span> <span class='ocrx_word' id='word_1_250' title='bbox 2242 1938 2363 1978; x_wconf 88' lang='lat' dir='ltr'><strong>esse</strong></span> <span class='ocrx_word' id='word_1_251' title='bbox 2428 1924 2718 1986; x_wconf 88' lang='lat' dir='ltr'><strong>constabit,</strong></span> <span class='ocrx_word' id='word_1_252' title='bbox 2790 1924 2895 1977; x_wconf 84' lang='lat' dir='ltr'><strong>nisi</strong></span> <span class='ocrx_word' id='word_1_253' title='bbox 2936 1939 3123 1977; x_wconf 89' lang='lat' dir='ltr'><strong>earum</strong></span> <span class='ocrx_word' id='word_1_254' title='bbox 3177 1922 3341 1976; x_wconf 90' lang='lat' dir='ltr'><strong>etiam</strong></span> <span class='ocrx_word' id='word_1_255' title='bbox 3401 1920 3512 1973; x_wconf 90' lang='lat' dir='ltr'><strong>vim</strong></span> <span class='ocrx_word' id='word_1_256' title='bbox 3559 1929 3729 1989; x_wconf 84' lang='lat' dir='ltr'><strong>atque</strong></span> 
     </span>
    </p>
   </div>
   <div class='ocr_carea' id='block_1_32' title="bbox 449 2015 3729 2089">
    <p class='ocr_par' dir='ltr' id='par_1_32' title="bbox 449 2015 3729 2089">
     <span class='ocr_line' id='line_1_32' title="bbox 449 2015 3729 2089; baseline -0.002 -16"><span class='ocrx_word' id='word_1_257' title='bbox 449 2016 828 2073; x_wconf 86' lang='lat' dir='ltr'><strong>auctoritatem</strong></span> <span class='ocrx_word' id='word_1_258' title='bbox 866 2017 1260 2072; x_wconf 83' lang='lat' dir='ltr'><strong>ostendamus?</strong></span> <span class='ocrx_word' id='word_1_259' title='bbox 1319 2015 1438 2070; x_wconf 88' lang='lat' dir='ltr'><strong>Jam</strong></span> <span class='ocrx_word' id='word_1_260' title='bbox 1479 2031 1608 2071; x_wconf 88' lang='lat' dir='ltr'><strong>vero</strong></span> <span class='ocrx_word' id='word_1_261' title='bbox 1647 2017 1970 2086; x_wconf 76' lang='lat' dir='ltr'><strong>pra-clarum</strong></span> <span class='ocrx_word' id='word_1_262' title='bbox 2031 2018 2191 2072; x_wconf 91' lang='lat' dir='ltr'><strong>simul</strong></span> <span class='ocrx_word' id='word_1_263' title='bbox 2242 2019 2424 2085; x_wconf 82' lang='lat' dir='ltr'><strong>fuerit,</strong></span> <span class='ocrx_word' id='word_1_264' title='bbox 2457 2036 2622 2089; x_wconf 88' lang='lat' dir='ltr'><strong>quam</strong></span> <span class='ocrx_word' id='word_1_265' title='bbox 2689 2020 2758 2074; x_wconf 92' lang='lat' dir='ltr'><strong>ob</strong></span> <span class='ocrx_word' id='word_1_266' title='bbox 2795 2034 3017 2074; x_wconf 88' lang='lat' dir='ltr'><strong>causam</strong></span> <span class='ocrx_word' id='word_1_267' title='bbox 3087 2017 3178 2087; x_wconf 91' lang='lat' dir='ltr'><strong>qui</strong></span> <span class='ocrx_word' id='word_1_268' title='bbox 3233 2017 3476 2086; x_wconf 90' lang='lat' dir='ltr'><strong>ipsorum</strong></span> <span class='ocrx_word' id='word_1_269' title='bbox 3536 2028 3729 2067; x_wconf 85' lang='lat' dir='ltr'><strong>monu-</strong></span> 
     </span>
    </p>
   </div>
   <div class='ocr_carea' id='block_1_33' title="bbox 447 2111 3729 2186">
    <p class='ocr_par' dir='ltr' id='par_1_33' title="bbox 447 2111 3729 2186">
     <span class='ocr_line' id='line_1_33' title="bbox 447 2111 3729 2186; baseline -0.001 -18"><span class='ocrx_word' id='word_1_270' title='bbox 447 2122 633 2168; x_wconf 84' lang='lat' dir='ltr'><strong>menta</strong></span> <span class='ocrx_word' id='word_1_271' title='bbox 660 2111 1112 2181; x_wconf 86' lang='lat' dir='ltr'><strong>complectamur,</strong></span> <span class='ocrx_word' id='word_1_272' title='bbox 1144 2112 1380 2166; x_wconf 89' lang='lat' dir='ltr'><strong>similem</strong></span> <span class='ocrx_word' id='word_1_273' title='bbox 1447 2120 1628 2166; x_wconf 88' lang='lat' dir='ltr'><strong>tamen</strong></span> <span class='ocrx_word' id='word_1_274' title='bbox 1664 2112 1788 2166; x_wconf 66' lang='lat' dir='ltr'><strong>vitae</strong></span> <span class='ocrx_word' id='word_1_275' title='bbox 1860 2115 2310 2169; x_wconf 90' lang='lat' dir='ltr'><strong>consuetudinem</strong></span> <span class='ocrx_word' id='word_1_276' title='bbox 2375 2116 2747 2186; x_wconf 77' lang='lat' dir='ltr'><strong>repudiemus,</strong></span> <span class='ocrx_word' id='word_1_277' title='bbox 2777 2115 3098 2179; x_wconf 90' lang='lat' dir='ltr'><strong>ostendere;</strong></span> <span class='ocrx_word' id='word_1_278' title='bbox 3166 2112 3232 2166; x_wconf 89' lang='lat' dir='ltr'><strong>ad</strong></span> <span class='ocrx_word' id='word_1_279' title='bbox 3264 2121 3567 2166; x_wconf 77' lang='lat' dir='ltr'><strong>extremum</strong></span> <span class='ocrx_word' id='word_1_280' title='bbox 3603 2125 3729 2180; x_wconf 63' lang='lat' dir='ltr'><strong>qua</strong></span> 
     </span>
    </p>
   </div>
   <div class='ocr_carea' id='block_1_34' title="bbox 447 2205 3724 2299">
    <p class='ocr_par' dir='ltr' id='par_1_34' title="bbox 447 2205 3724 2299">
     <span class='ocr_line' id='line_1_34' title="bbox 447 2205 3724 2299; baseline -0.002 -35"><span class='ocrx_word' id='word_1_281' title='bbox 447 2217 634 2264; x_wconf 90' lang='lat' dir='ltr'><strong>nostra</strong></span> <span class='ocrx_word' id='word_1_282' title='bbox 695 2208 766 2262; x_wconf 87' lang='lat' dir='ltr'><strong>sit</strong></span> <span class='ocrx_word' id='word_1_283' title='bbox 821 2208 1148 2279; x_wconf 69' lang='lat' dir='ltr'><strong>evangelicae</strong></span> <span class='ocrx_word' id='word_1_284' title='bbox 1203 2207 1468 2262; x_wconf 63' lang='lat' dir='ltr'><strong>doctrinae</strong></span> <span class='ocrx_word' id='word_1_285' title='bbox 1519 2208 1680 2271; x_wconf 82' lang='lat' dir='ltr'><strong>ratio,</strong></span> <span class='ocrx_word' id='word_1_286' title='bbox 1717 2209 1840 2278; x_wconf 89' lang='lat' dir='ltr'><strong>quis</strong></span> <span class='ocrx_word' id='word_1_287' title='bbox 1899 2210 2028 2265; x_wconf 86' lang='lat' dir='ltr'><strong>item</strong></span> <span class='ocrx_word' id='word_1_288' title='bbox 2100 2210 2316 2280; x_wconf 88' lang='lat' dir='ltr'><strong>proprie</strong></span> <span class='ocrx_word' id='word_1_289' title='bbox 2377 2211 2832 2299; x_wconf 67' lang='lat' dir='ltr'><strong>Clu-istianisnius</strong></span> <span class='ocrx_word' id='word_1_290' title='bbox 2872 2209 3206 2274; x_wconf 88' lang='lat' dir='ltr'><strong>nominetur,</strong></span> <span class='ocrx_word' id='word_1_291' title='bbox 3251 2209 3450 2275; x_wconf 87' lang='lat' dir='ltr'><strong>quippe</strong></span> <span class='ocrx_word' id='word_1_292' title='bbox 3480 2205 3573 2274; x_wconf 91' lang='lat' dir='ltr'><strong>qui</strong></span> <span class='ocrx_word' id='word_1_293' title='bbox 3622 2220 3724 2258; x_wconf 82' lang='lat' dir='ltr'><strong>ne—</strong></span> 
     </span>
    </p>
   </div>
   <div class='ocr_carea' id='block_1_35' title="bbox 447 2302 3728 2376">
    <p class='ocr_par' dir='ltr' id='par_1_35' title="bbox 447 2302 3728 2376">
     <span class='ocr_line' id='line_1_35' title="bbox 447 2302 3728 2376; baseline -0 -19"><span class='ocrx_word' id='word_1_294' title='bbox 447 2319 552 2374; x_wconf 91' lang='lat' dir='ltr'><strong>que</strong></span> <span class='ocrx_word' id='word_1_295' title='bbox 583 2303 896 2359; x_wconf 56' lang='lat' dir='ltr'><strong>Graecorum</strong></span> <span class='ocrx_word' id='word_1_296' title='bbox 931 2303 1021 2368; x_wconf 86' lang='lat' dir='ltr'><strong>sit,</strong></span> <span class='ocrx_word' id='word_1_297' title='bbox 1053 2318 1228 2374; x_wconf 91' lang='lat' dir='ltr'><strong>neque</strong></span> <span class='ocrx_word' id='word_1_298' title='bbox 1267 2302 1579 2359; x_wconf 64' lang='lat' dir='ltr'><strong>Judteorum</strong></span> <span class='ocrx_word' id='word_1_299' title='bbox 1619 2305 1954 2372; x_wconf 89' lang='lat' dir='ltr'><strong>institutum,</strong></span> <span class='ocrx_word' id='word_1_300' title='bbox 1996 2307 2090 2361; x_wconf 91' lang='lat' dir='ltr'><strong>sed</strong></span> <span class='ocrx_word' id='word_1_301' title='bbox 2133 2322 2322 2361; x_wconf 89' lang='lat' dir='ltr'><strong>recens</strong></span> <span class='ocrx_word' id='word_1_302' title='bbox 2348 2307 2603 2376; x_wconf 64' lang='lat' dir='ltr'><strong>quaedam</strong></span> <span class='ocrx_word' id='word_1_303' title='bbox 2632 2323 2868 2376; x_wconf 83' lang='lat' dir='ltr'><strong>veraque</strong></span> <span class='ocrx_word' id='word_1_304' title='bbox 2899 2306 2988 2360; x_wconf 90' lang='lat' dir='ltr'><strong>Dei</strong></span> <span class='ocrx_word' id='word_1_305' title='bbox 3029 2305 3315 2374; x_wconf 87' lang='lat' dir='ltr'><strong>sapientia,</strong></span> <span class='ocrx_word' id='word_1_306' title='bbox 3343 2319 3464 2373; x_wconf 64' lang='lat' dir='ltr'><strong>quae</strong></span> <span class='ocrx_word' id='word_1_307' title='bbox 3495 2302 3576 2356; x_wconf 92' lang='lat' dir='ltr'><strong>vel</strong></span> <span class='ocrx_word' id='word_1_308' title='bbox 3606 2302 3728 2371; x_wconf 89' lang='lat' dir='ltr'><strong>ipso</strong></span> 
     </span>
    </p>
   </div>
   <div class='ocr_carea' id='block_1_36' title="bbox 445 2399 3728 2473">
    <p class='ocr_par' dir='ltr' id='par_1_36' title="bbox 445 2399 3728 2473">
     <span class='ocr_line' id='line_1_36' title="bbox 445 2399 3728 2473; baseline 0.001 -20"><span class='ocrx_word' id='word_1_309' title='bbox 445 2400 667 2454; x_wconf 88' lang='lat' dir='ltr'><strong>nomine</strong></span> <span class='ocrx_word' id='word_1_310' title='bbox 713 2399 1066 2464; x_wconf 85' lang='lat' dir='ltr'><strong>professionis</strong></span> <span class='ocrx_word' id='word_1_311' title='bbox 1102 2415 1215 2454; x_wconf 66' lang='lat' dir='ltr'><strong>suae</strong></span> <span class='ocrx_word' id='word_1_312' title='bbox 1274 2401 1570 2454; x_wconf 86' lang='lat' dir='ltr'><strong>novitatem</strong></span> <span class='ocrx_word' id='word_1_313' title='bbox 1620 2416 1731 2470; x_wconf 67' lang='lat' dir='ltr'><strong>prae</strong></span> <span class='ocrx_word' id='word_1_314' title='bbox 1759 2417 1816 2456; x_wconf 82' lang='lat' dir='ltr'><strong>se</strong></span> <span class='ocrx_word' id='word_1_315' title='bbox 1867 2401 2024 2456; x_wconf 86' lang='lat' dir='ltr'><strong>ferat.</strong></span> <span class='ocrx_word' id='word_1_316' title='bbox 2067 2402 2179 2473; x_wconf 81' lang='lat' dir='ltr'><strong>Age</strong></span> <span class='ocrx_word' id='word_1_317' title='bbox 2218 2403 2433 2473; x_wconf 88' lang='lat' dir='ltr'><strong>itaque,</strong></span> <span class='ocrx_word' id='word_1_318' title='bbox 2493 2405 2894 2458; x_wconf 82' lang='lat' dir='ltr'><strong>vetustissimas</strong></span> <span class='ocrx_word' id='word_1_319' title='bbox 2935 2403 3179 2472; x_wconf 87' lang='lat' dir='ltr'><strong>adeoque</strong></span> <span class='ocrx_word' id='word_1_320' title='bbox 3219 2401 3338 2455; x_wconf 89' lang='lat' dir='ltr'><strong>illas</strong></span> <span class='ocrx_word' id='word_1_321' title='bbox 3385 2401 3550 2470; x_wconf 91' lang='lat' dir='ltr'><strong>ipsas,</strong></span> <span class='ocrx_word' id='word_1_322' title='bbox 3586 2417 3728 2471; x_wconf 87' lang='lat' dir='ltr'><strong>quas</strong></span> 
     </span>
    </p>
   </div>
   <div class='ocr_carea' id='block_1_37' title="bbox 446 2494 3728 2566">
    <p class='ocr_par' dir='ltr' id='par_1_37' title="bbox 446 2494 3728 2566">
     <span class='ocr_line' id='line_1_37' title="bbox 446 2494 3728 2566; baseline 0 -17"><span class='ocrx_word' id='word_1_323' title='bbox 446 2509 477 2549; x_wconf 84' lang='lat' dir='ltr'><strong>a</strong></span> <span class='ocrx_word' id='word_1_324' title='bbox 533 2495 838 2564; x_wconf 88' lang='lat' dir='ltr'><strong>majoribus</strong></span> <span class='ocrx_word' id='word_1_325' title='bbox 891 2494 1204 2563; x_wconf 89' lang='lat' dir='ltr'><strong>accepimus</strong></span> <span class='ocrx_word' id='word_1_326' title='bbox 1234 2495 1300 2550; x_wconf 89' lang='lat' dir='ltr'><strong>de</strong></span> <span class='ocrx_word' id='word_1_327' title='bbox 1331 2495 1558 2550; x_wconf 89' lang='lat' dir='ltr'><strong>deorum</strong></span> <span class='ocrx_word' id='word_1_328' title='bbox 1613 2505 1804 2550; x_wconf 85' lang='lat' dir='ltr'><strong>natura</strong></span> <span class='ocrx_word' id='word_1_329' title='bbox 1853 2497 2171 2562; x_wconf 87' lang='lat' dir='ltr'><strong>sententias,</strong></span> <span class='ocrx_word' id='word_1_330' title='bbox 2219 2511 2447 2566; x_wconf 62' lang='lat' dir='ltr'><strong>qua&#39;que</strong></span> <span class='ocrx_word' id='word_1_331' title='bbox 2488 2497 2542 2550; x_wconf 93' lang='lat' dir='ltr'><strong>in</strong></span> <span class='ocrx_word' id='word_1_332' title='bbox 2607 2496 2861 2551; x_wconf 87' lang='lat' dir='ltr'><strong>omnibus</strong></span> <span class='ocrx_word' id='word_1_333' title='bbox 2917 2497 3122 2566; x_wconf 83' lang='lat' dir='ltr'><strong>passim</strong></span> <span class='ocrx_word' id='word_1_334' title='bbox 3161 2497 3386 2552; x_wconf 88' lang='lat' dir='ltr'><strong>urbibus</strong></span> <span class='ocrx_word' id='word_1_335' title='bbox 3424 2501 3728 2551; x_wconf 89' lang='lat' dir='ltr'><strong>etiamnum</strong></span> 
     </span>
    </p>
   </div>
   <div class='ocr_carea' id='block_1_38' title="bbox 441 2589 3728 2663">
    <p class='ocr_par' dir='ltr' id='par_1_38' title="bbox 441 2589 3728 2663">
     <span class='ocr_line' id='line_1_38' title="bbox 441 2589 3728 2663; baseline 0.002 -22"><span class='ocrx_word' id='word_1_336' title='bbox 441 2589 636 2658; x_wconf 90' lang='lat' dir='ltr'><strong>jactari</strong></span> <span class='ocrx_word' id='word_1_337' title='bbox 654 2589 1093 2659; x_wconf 87' lang='lat' dir='ltr'><strong>solent;unaque</strong></span> <span class='ocrx_word' id='word_1_338' title='bbox 1111 2592 1532 2660; x_wconf 83' lang='lat' dir='ltr'><strong>pergravesillas</strong></span> <span class='ocrx_word' id='word_1_339' title='bbox 1548 2593 1889 2662; x_wconf 72' lang='lat' dir='ltr'><strong>egregiorum</strong></span> <span class='ocrx_word' id='word_1_340' title='bbox 1925 2594 2396 2663; x_wconf 87' lang='lat' dir='ltr'><strong>philosophorum,</strong></span> <span class='ocrx_word' id='word_1_341' title='bbox 2434 2593 2501 2647; x_wconf 88' lang='lat' dir='ltr'><strong>de</strong></span> <span class='ocrx_word' id='word_1_342' title='bbox 2519 2592 2704 2647; x_wconf 90' lang='lat' dir='ltr'><strong>mundi</strong></span> <span class='ocrx_word' id='word_1_343' title='bbox 2742 2608 2806 2647; x_wconf 94' lang='lat' dir='ltr'><strong>ac</strong></span> <span class='ocrx_word' id='word_1_344' title='bbox 2829 2593 3052 2647; x_wconf 89' lang='lat' dir='ltr'><strong>deorum</strong></span> <span class='ocrx_word' id='word_1_345' title='bbox 3097 2594 3338 2662; x_wconf 92' lang='lat' dir='ltr'><strong>ipsorum</strong></span> <span class='ocrx_word' id='word_1_346' title='bbox 3358 2593 3728 2663; x_wconf 80' lang='lat' dir='ltr'><strong>origine,dis-</strong></span> 
     </span>
    </p>
   </div>
   <div class='ocr_carea' id='block_1_39' title="bbox 442 2682 3725 2756">
    <p class='ocr_par' dir='ltr' id='par_1_39' title="bbox 442 2682 3725 2756">
     <span class='ocr_line' id='line_1_39' title="bbox 442 2682 3725 2756; baseline -0 -19"><span class='ocrx_word' id='word_1_347' title='bbox 442 2682 754 2752; x_wconf 80' lang='lat' dir='ltr'><strong>potationes</strong></span> <span class='ocrx_word' id='word_1_348' title='bbox 778 2691 903 2736; x_wconf 84' lang='lat' dir='ltr'><strong>ante</strong></span> <span class='ocrx_word' id='word_1_349' title='bbox 950 2682 1132 2736; x_wconf 89' lang='lat' dir='ltr'><strong>omnia</strong></span> <span class='ocrx_word' id='word_1_350' title='bbox 1154 2683 1585 2752; x_wconf 87' lang='lat' dir='ltr'><strong>contemplemur</strong></span> <span class='ocrx_word' id='word_1_351' title='bbox 1618 2703 1629 2737; x_wconf 89' lang='lat'><strong>:</strong></span> <span class='ocrx_word' id='word_1_352' title='bbox 1661 2684 1741 2738; x_wconf 90' lang='lat' dir='ltr'><strong>sic</strong></span> <span class='ocrx_word' id='word_1_353' title='bbox 1776 2685 1922 2738; x_wconf 86' lang='lat' dir='ltr'><strong>enim</strong></span> <span class='ocrx_word' id='word_1_354' title='bbox 1958 2686 2344 2756; x_wconf 77' lang='lat' dir='ltr'><strong>intelligemus,</strong></span> <span class='ocrx_word' id='word_1_355' title='bbox 2375 2685 2570 2754; x_wconf 89' lang='lat' dir='ltr'><strong>jurene</strong></span> <span class='ocrx_word' id='word_1_356' title='bbox 2629 2700 2698 2737; x_wconf 91' lang='lat' dir='ltr'><strong>an</strong></span> <span class='ocrx_word' id='word_1_357' title='bbox 2751 2700 2910 2738; x_wconf 87' lang='lat' dir='ltr'><strong>secus</strong></span> <span class='ocrx_word' id='word_1_358' title='bbox 2967 2684 3035 2737; x_wconf 90' lang='lat' dir='ltr'><strong>ab</strong></span> <span class='ocrx_word' id='word_1_359' title='bbox 3088 2685 3279 2738; x_wconf 88' lang='lat' dir='ltr'><strong>iisdem</strong></span> <span class='ocrx_word' id='word_1_360' title='bbox 3311 2685 3725 2739; x_wconf 87' lang='lat' dir='ltr'><strong>recesserimus.</strong></span> 
     </span>
    </p>
   </div>
   <div class='ocr_carea' id='block_1_40' title="bbox 447 2775 3729 2852">
    <p class='ocr_par' dir='ltr' id='par_1_40' title="bbox 447 2775 3729 2852">
     <span class='ocr_line' id='line_1_40' title="bbox 447 2775 3729 2852; baseline 0.002 -23"><span class='ocrx_word' id='word_1_361' title='bbox 447 2778 549 2846; x_wconf 78' lang='lat'><strong>17</strong></span> <span class='ocrx_word' id='word_1_362' title='bbox 570 2775 759 2841; x_wconf 84' lang='lat' dir='ltr'><strong>Verbis</strong></span> <span class='ocrx_word' id='word_1_363' title='bbox 780 2784 981 2843; x_wconf 88' lang='lat' dir='ltr'><strong>autem,</strong></span> <span class='ocrx_word' id='word_1_364' title='bbox 1008 2776 1060 2830; x_wconf 93' lang='lat' dir='ltr'><strong>in</strong></span> <span class='ocrx_word' id='word_1_365' title='bbox 1084 2776 1152 2832; x_wconf 90' lang='lat' dir='ltr'><strong>iis</strong></span> <span class='ocrx_word' id='word_1_366' title='bbox 1173 2793 1294 2846; x_wconf 72' lang='lat' dir='ltr'><strong>qua:</strong></span> <span class='ocrx_word' id='word_1_367' title='bbox 1328 2778 1425 2832; x_wconf 89' lang='lat' dir='ltr'><strong>abs</strong></span> <span class='ocrx_word' id='word_1_368' title='bbox 1467 2794 1553 2833; x_wconf 90' lang='lat' dir='ltr'><strong>me</strong></span> <span class='ocrx_word' id='word_1_369' title='bbox 1597 2781 1893 2848; x_wconf 90' lang='lat' dir='ltr'><strong>prodentur</strong></span> <span class='ocrx_word' id='word_1_370' title='bbox 1930 2792 2093 2851; x_wconf 86' lang='lat' dir='ltr'><strong>atque</strong></span> <span class='ocrx_word' id='word_1_371' title='bbox 2117 2782 2506 2852; x_wconf 76' lang='lat' dir='ltr'><strong>vulgabuntur,</strong></span> <span class='ocrx_word' id='word_1_372' title='bbox 2552 2794 2662 2834; x_wconf 90' lang='lat' dir='ltr'><strong>non</strong></span> <span class='ocrx_word' id='word_1_373' title='bbox 2698 2780 2836 2834; x_wconf 89' lang='lat' dir='ltr'><strong>meis</strong></span> <span class='ocrx_word' id='word_1_374' title='bbox 2868 2789 3010 2844; x_wconf 89' lang='lat' dir='ltr'><strong>utar,</strong></span> <span class='ocrx_word' id='word_1_375' title='bbox 3049 2780 3141 2834; x_wconf 92' lang='lat' dir='ltr'><strong>sed</strong></span> <span class='ocrx_word' id='word_1_376' title='bbox 3183 2781 3423 2847; x_wconf 87' lang='lat' dir='ltr'><strong>illorum,</strong></span> <span class='ocrx_word' id='word_1_377' title='bbox 3459 2781 3547 2848; x_wconf 90' lang='lat' dir='ltr'><strong>qui</strong></span> <span class='ocrx_word' id='word_1_378' title='bbox 3582 2795 3729 2850; x_wconf 86' lang='lat' dir='ltr'><strong>quos</strong></span> 
     </span>
    </p>
   </div>
   <div class='ocr_carea' id='block_1_41' title="bbox 446 2855 3727 2947">
    <p class='ocr_par' dir='ltr' id='par_1_41' title="bbox 446 2855 3727 2947">
     <span class='ocr_line' id='line_1_41' title="bbox 446 2855 3727 2947; baseline 0.002 -23"><span class='ocrx_word' id='word_1_379' title='bbox 446 2871 548 2937; x_wconf 87' lang='lat' dir='ltr'><strong>ipsi</strong></span> <span class='ocrx_word' id='word_1_380' title='bbox 579 2869 710 2924; x_wconf 87' lang='lat' dir='ltr'><strong>deos</strong></span> <span class='ocrx_word' id='word_1_381' title='bbox 737 2881 954 2935; x_wconf 85' lang='lat' dir='ltr'><strong>vocant,</strong></span> <span class='ocrx_word' id='word_1_382' title='bbox 1002 2886 1194 2926; x_wconf 92' lang='lat' dir='ltr'><strong>eorum</strong></span> <span class='ocrx_word' id='word_1_383' title='bbox 1230 2873 1437 2927; x_wconf 90' lang='lat' dir='ltr'><strong>cultum</strong></span> <span class='ocrx_word' id='word_1_384' title='bbox 1469 2855 1732 2945; x_wconf 76' lang='lat' dir='ltr'><strong>singulari</strong></span> <span class='ocrx_word' id='word_1_385' title='bbox 1782 2892 1845 2930; x_wconf 92' lang='lat' dir='ltr'><strong>ac</strong></span> <span class='ocrx_word' id='word_1_386' title='bbox 1879 2879 2151 2947; x_wconf 82' lang='lat' dir='ltr'><strong>praecipua</strong></span> <span class='ocrx_word' id='word_1_387' title='bbox 2185 2877 2532 2932; x_wconf 90' lang='lat' dir='ltr'><strong>contentione</strong></span> <span class='ocrx_word' id='word_1_388' title='bbox 2587 2876 2879 2946; x_wconf 85' lang='lat' dir='ltr'><strong>studioque</strong></span> <span class='ocrx_word' id='word_1_389' title='bbox 2931 2874 3308 2944; x_wconf 85' lang='lat' dir='ltr'><strong>defenderunt,</strong></span> <span class='ocrx_word' id='word_1_390' title='bbox 3357 2887 3417 2931; x_wconf 92' lang='lat' dir='ltr'><strong>ut</strong></span> <span class='ocrx_word' id='word_1_391' title='bbox 3465 2877 3533 2931; x_wconf 89' lang='lat' dir='ltr'><strong>ab</strong></span> <span class='ocrx_word' id='word_1_392' title='bbox 3573 2875 3727 2932; x_wconf 86' lang='lat' dir='ltr'><strong>omni</strong></span> 
     </span>
    </p>
   </div>
   <div class='ocr_carea' id='block_1_42' title="bbox 443 2960 2605 3037">
    <p class='ocr_par' dir='ltr' id='par_1_42' title="bbox 443 2960 2605 3037">
     <span class='ocr_line' id='line_1_42' title="bbox 443 2960 2605 3037; baseline 0.001 -21"><span class='ocrx_word' id='word_1_393' title='bbox 443 2960 682 3032; x_wconf 83' lang='lat' dir='ltr'><strong>fingendi</strong></span> <span class='ocrx_word' id='word_1_394' title='bbox 715 2960 1194 3031; x_wconf 69' lang='lat' dir='ltr'><strong>calumnimndique</strong></span> <span class='ocrx_word' id='word_1_395' title='bbox 1228 2964 1540 3032; x_wconf 82' lang='lat' dir='ltr'><strong>suspicione</strong></span> <span class='ocrx_word' id='word_1_396' title='bbox 1571 2975 1759 3020; x_wconf 86' lang='lat' dir='ltr'><strong>nostra</strong></span> <span class='ocrx_word' id='word_1_397' title='bbox 1801 2966 1914 3021; x_wconf 72' lang='lat' dir='ltr'><strong>haec</strong></span> <span class='ocrx_word' id='word_1_398' title='bbox 1943 2965 2241 3037; x_wconf 87' lang='lat' dir='ltr'><strong>disputatio</strong></span> <span class='ocrx_word' id='word_1_399' title='bbox 2276 2965 2605 3020; x_wconf 86' lang='lat' dir='ltr'><strong>vindicetur.</strong></span> 
     </span>
    </p>
   </div>
   <div class='ocr_carea' id='block_1_43' title="bbox 1053 3056 1410 3113">
    <p class='ocr_par' dir='ltr' id='par_1_43' title="bbox 1053 3056 1410 3113">
     <span class='ocr_line' id='line_1_43' title="bbox 1053 3056 1410 3113; baseline -0.003 -1"><span class='ocrx_word' id='word_1_400' title='bbox 1053 3056 1284 3112; x_wconf 80' lang='lat' dir='ltr'><strong>CAPUT</strong></span> <span class='ocrx_word' id='word_1_401' title='bbox 1323 3058 1410 3113; x_wconf 71' lang='lat' dir='ltr'><strong>Vl.</strong></span> 
     </span>
    </p>
   </div>
   <div class='ocr_carea' id='block_1_44' title="bbox 479 3169 1992 3243">
    <p class='ocr_par' dir='ltr' id='par_1_44' title="bbox 479 3169 1992 3243">
     <span class='ocr_line' id='line_1_44' title="bbox 479 3169 1992 3243; baseline 0 -16"><span class='ocrx_word' id='word_1_402' title='bbox 479 3172 558 3227; x_wconf 85' lang='lat' dir='ltr'><strong>De</strong></span> <span class='ocrx_word' id='word_1_403' title='bbox 585 3172 821 3242; x_wconf 74' lang='lat' dir='ltr'><strong>principe</strong></span> <span class='ocrx_word' id='word_1_404' title='bbox 851 3169 1159 3226; x_wconf 70' lang='lat' dir='ltr'><strong>Phoenicum</strong></span> <span class='ocrx_word' id='word_1_405' title='bbox 1187 3171 1670 3242; x_wconf 59' lang='lat' dir='ltr'><strong>ngyptiorumque</strong></span> <span class='ocrx_word' id='word_1_406' title='bbox 1709 3171 1992 3243; x_wconf 79' lang='lat' dir='ltr'><strong>theologia.</strong></span> 
     </span>
    </p>
   </div>
   <div class='ocr_carea' id='block_1_45' title="bbox 511 3281 2031 3355">
    <p class='ocr_par' dir='ltr' id='par_1_45' title="bbox 511 3281 2031 3355">
     <span class='ocr_line' id='line_1_45' title="bbox 511 3281 2031 3355; baseline 0.001 -17"><span class='ocrx_word' id='word_1_407' title='bbox 511 3283 804 3339; x_wconf 72' lang='lat' dir='ltr'><strong>Phoenices</strong></span> <span class='ocrx_word' id='word_1_408' title='bbox 829 3282 1047 3352; x_wconf 90' lang='lat' dir='ltr'><strong>quidem</strong></span> <span class='ocrx_word' id='word_1_409' title='bbox 1079 3292 1133 3337; x_wconf 90' lang='lat' dir='ltr'><strong>et</strong></span> <span class='ocrx_word' id='word_1_410' title='bbox 1162 3281 1447 3353; x_wconf 63' lang='lat' dir='ltr'><strong>Egyptios</strong></span> <span class='ocrx_word' id='word_1_411' title='bbox 1475 3283 1720 3337; x_wconf 91' lang='lat' dir='ltr'><strong>omnium</strong></span> <span class='ocrx_word' id='word_1_412' title='bbox 1756 3283 2031 3355; x_wconf 85' lang='lat' dir='ltr'><strong>principes</strong></span> 
     </span>
    </p>
   </div>
   <div class='ocr_carea' id='block_1_46' title="bbox 443 3376 2030 3447">
    <p class='ocr_par' dir='ltr' id='par_1_46' title="bbox 443 3376 2030 3447">
     <span class='ocr_line' id='line_1_46' title="bbox 443 3376 2030 3447; baseline -0.001 -14"><span class='ocrx_word' id='word_1_413' title='bbox 443 3379 567 3444; x_wconf 90' lang='lat' dir='ltr'><strong>soli,</strong></span> <span class='ocrx_word' id='word_1_414' title='bbox 604 3378 746 3432; x_wconf 67' lang='lat' dir='ltr'><strong>lunae</strong></span> <span class='ocrx_word' id='word_1_415' title='bbox 773 3392 837 3431; x_wconf 87' lang='lat' dir='ltr'><strong>ac</strong></span> <span class='ocrx_word' id='word_1_416' title='bbox 860 3376 1032 3430; x_wconf 90' lang='lat' dir='ltr'><strong>stellis</strong></span> <span class='ocrx_word' id='word_1_417' title='bbox 1061 3376 1398 3430; x_wconf 89' lang='lat' dir='ltr'><strong>divinitatem</strong></span> <span class='ocrx_word' id='word_1_418' title='bbox 1443 3376 1721 3441; x_wconf 88' lang='lat' dir='ltr'><strong>tribuisse,</strong></span> <span class='ocrx_word' id='word_1_419' title='bbox 1749 3378 2030 3447; x_wconf 84' lang='lat' dir='ltr'><strong>vulgatum</strong></span> 
     </span>
    </p>
   </div>
   <div class='ocr_carea' id='block_1_47' title="bbox 443 3469 2032 3541">
    <p class='ocr_par' dir='ltr' id='par_1_47' title="bbox 443 3469 2032 3541">
     <span class='ocr_line' id='line_1_47' title="bbox 443 3469 2032 3541; baseline -0.002 -12"><span class='ocrx_word' id='word_1_420' title='bbox 443 3484 561 3538; x_wconf 83' lang='lat' dir='ltr'><strong>est;</strong></span> <span class='ocrx_word' id='word_1_421' title='bbox 594 3471 769 3541; x_wconf 89' lang='lat' dir='ltr'><strong>iisque</strong></span> <span class='ocrx_word' id='word_1_422' title='bbox 811 3470 944 3524; x_wconf 89' lang='lat' dir='ltr'><strong>solis</strong></span> <span class='ocrx_word' id='word_1_423' title='bbox 988 3485 1170 3524; x_wconf 88' lang='lat' dir='ltr'><strong>rerutn</strong></span> <span class='ocrx_word' id='word_1_424' title='bbox 1213 3469 1460 3523; x_wconf 91' lang='lat' dir='ltr'><strong>omnium</strong></span> <span class='ocrx_word' id='word_1_425' title='bbox 1489 3479 1640 3525; x_wconf 91' lang='lat' dir='ltr'><strong>ortus</strong></span> <span class='ocrx_word' id='word_1_426' title='bbox 1671 3470 2032 3541; x_wconf 85' lang='lat' dir='ltr'><strong>interitusque</strong></span> 
     </span>
    </p>
   </div>
   <div class='ocr_carea' id='block_1_48' title="bbox 442 3561 2031 3632">
    <p class='ocr_par' dir='ltr' id='par_1_48' title="bbox 442 3561 2031 3632">
     <span class='ocr_line' id='line_1_48' title="bbox 442 3561 2031 3632; baseline -0.001 -13"><span class='ocrx_word' id='word_1_427' title='bbox 442 3579 664 3619; x_wconf 85' lang='lat' dir='ltr'><strong>causam</strong></span> <span class='ocrx_word' id='word_1_428' title='bbox 698 3561 1038 3632; x_wconf 80' lang='lat' dir='ltr'><strong>assignasse;</strong></span> <span class='ocrx_word' id='word_1_429' title='bbox 1071 3561 1266 3616; x_wconf 90' lang='lat' dir='ltr'><strong>deinde</strong></span> <span class='ocrx_word' id='word_1_430' title='bbox 1292 3577 1422 3617; x_wconf 86' lang='lat' dir='ltr'><strong>vero</strong></span> <span class='ocrx_word' id='word_1_431' title='bbox 1449 3578 1572 3632; x_wconf 64' lang='lat' dir='ltr'><strong>quas</strong></span> <span class='ocrx_word' id='word_1_432' title='bbox 1596 3563 1799 3632; x_wconf 90' lang='lat' dir='ltr'><strong>passim</strong></span> <span class='ocrx_word' id='word_1_433' title='bbox 1831 3574 1884 3618; x_wconf 89' lang='lat' dir='ltr'><strong>et</strong></span> <span class='ocrx_word' id='word_1_434' title='bbox 1908 3564 2031 3618; x_wconf 88' lang='lat' dir='ltr'><strong>ubi-</strong></span> 
     </span>
    </p>
   </div>
   <div class='ocr_carea' id='block_1_49' title="bbox 442 3655 2029 3727">
    <p class='ocr_par' dir='ltr' id='par_1_49' title="bbox 442 3655 2029 3727">
     <span class='ocr_line' id='line_1_49' title="bbox 442 3655 2029 3727; baseline -0.001 -18"><span class='ocrx_word' id='word_1_435' title='bbox 442 3673 549 3727; x_wconf 90' lang='lat' dir='ltr'><strong>que</strong></span> <span class='ocrx_word' id='word_1_436' title='bbox 591 3657 868 3725; x_wconf 90' lang='lat' dir='ltr'><strong>jactantur</strong></span> <span class='ocrx_word' id='word_1_437' title='bbox 906 3655 1135 3709; x_wconf 91' lang='lat' dir='ltr'><strong>deorum</strong></span> <span class='ocrx_word' id='word_1_438' title='bbox 1185 3664 1297 3709; x_wconf 91' lang='lat' dir='ltr'><strong>tam</strong></span> <span class='ocrx_word' id='word_1_439' title='bbox 1355 3657 1668 3711; x_wconf 87' lang='lat' dir='ltr'><strong>moiitioues</strong></span> <span class='ocrx_word' id='word_1_440' title='bbox 1701 3672 1865 3727; x_wconf 88' lang='lat' dir='ltr'><strong>quam</strong></span> <span class='ocrx_word' id='word_1_441' title='bbox 1898 3671 2029 3726; x_wconf 82' lang='lat' dir='ltr'><strong>pro-</strong></span> 
     </span>
    </p>
   </div>
   <div class='ocr_carea' id='block_1_50' title="bbox 443 3747 2027 3817">
    <p class='ocr_par' dir='ltr' id='par_1_50' title="bbox 443 3747 2027 3817">
     <span class='ocr_line' id='line_1_50' title="bbox 443 3747 2027 3817; baseline -0.003 -12"><span class='ocrx_word' id='word_1_442' title='bbox 443 3750 753 3805; x_wconf 86' lang='lat' dir='ltr'><strong>ercationes</strong></span> <span class='ocrx_word' id='word_1_443' title='bbox 785 3749 840 3801; x_wconf 90' lang='lat' dir='ltr'><strong>in</strong></span> <span class='ocrx_word' id='word_1_444' title='bbox 883 3747 1164 3803; x_wconf 87' lang='lat' dir='ltr'><strong>hominum</strong></span> <span class='ocrx_word' id='word_1_445' title='bbox 1221 3762 1391 3817; x_wconf 79' lang='lat' dir='ltr'><strong>genus</strong></span> <span class='ocrx_word' id='word_1_446' title='bbox 1449 3747 1720 3802; x_wconf 77' lang='lat' dir='ltr'><strong>invexisse</strong></span> <span class='ocrx_word' id='word_1_447' title='bbox 1763 3765 1776 3801; x_wconf 94' lang='lat'>:</span> <span class='ocrx_word' id='word_1_448' title='bbox 1836 3748 2027 3802; x_wconf 90' lang='lat' dir='ltr'><strong>saltem</strong></span> 
     </span>
    </p>
   </div>
   <div class='ocr_carea' id='block_1_51' title="bbox 443 3840 2026 3911">
    <p class='ocr_par' dir='ltr' id='par_1_51' title="bbox 443 3840 2026 3911">
     <span class='ocr_line' id='line_1_51' title="bbox 443 3840 2026 3911; baseline -0.001 -16"><span class='ocrx_word' id='word_1_449' title='bbox 443 3852 569 3896; x_wconf 88' lang='lat' dir='ltr'><strong>ante</strong></span> <span class='ocrx_word' id='word_1_450' title='bbox 599 3841 740 3907; x_wconf 91' lang='lat' dir='ltr'><strong>illos,</strong></span> <span class='ocrx_word' id='word_1_451' title='bbox 767 3856 932 3911; x_wconf 90' lang='lat' dir='ltr'><strong>supra</strong></span> <span class='ocrx_word' id='word_1_452' title='bbox 964 3855 1051 3894; x_wconf 90' lang='lat' dir='ltr'><strong>res</strong></span> <span class='ocrx_word' id='word_1_453' title='bbox 1084 3855 1178 3897; x_wconf 87' lang='lat' dir='ltr'><strong>eas</strong></span> <span class='ocrx_word' id='word_1_454' title='bbox 1220 3855 1342 3909; x_wconf 73' lang='lat' dir='ltr'><strong>qua:</strong></span> <span class='ocrx_word' id='word_1_455' title='bbox 1377 3841 1430 3893; x_wconf 91' lang='lat' dir='ltr'><strong>in</strong></span> <span class='ocrx_word' id='word_1_456' title='bbox 1461 3841 1600 3894; x_wconf 76' lang='lat' dir='ltr'><strong>ctelo</strong></span> <span class='ocrx_word' id='word_1_457' title='bbox 1627 3840 1797 3894; x_wconf 89' lang='lat' dir='ltr'><strong>videri</strong></span> <span class='ocrx_word' id='word_1_458' title='bbox 1827 3840 2026 3906; x_wconf 90' lang='lat' dir='ltr'><strong>solent,</strong></span> 
     </span>
    </p>
   </div>
   <div class='ocr_carea' id='block_1_52' title="bbox 413 3933 2025 4012">
    <p class='ocr_par' dir='ltr' id='par_1_52' title="bbox 413 3933 2025 4012">
     <span class='ocr_line' id='line_1_52' title="bbox 413 3933 2025 4012; baseline -0.002 -23"><span class='ocrx_word' id='word_1_459' title='bbox 413 3975 417 3982; x_wconf 86' lang='lat'><strong>.</strong></span> <span class='ocrx_word' id='word_1_460' title='bbox 442 3934 800 4005; x_wconf 82' lang='lat' dir='ltr'><strong>intelligentia</strong></span> <span class='ocrx_word' id='word_1_461' title='bbox 821 3934 904 3988; x_wconf 87' lang='lat' dir='ltr'><strong>vel</strong></span> <span class='ocrx_word' id='word_1_462' title='bbox 923 3933 1195 3988; x_wconf 89' lang='lat' dir='ltr'><strong>tantillum</strong></span> <span class='ocrx_word' id='word_1_463' title='bbox 1210 3949 1560 4004; x_wconf 80' lang='lat' dir='ltr'><strong>progressum</strong></span> <span class='ocrx_word' id='word_1_464' title='bbox 1577 3949 1698 3987; x_wconf 89' lang='lat' dir='ltr'><strong>esse</strong></span> <span class='ocrx_word' id='word_1_465' title='bbox 1721 3933 2025 4012; x_wconf 85' lang='lat' dir='ltr'><strong>neminem;</strong></span> 
     </span>
    </p>
   </div>
   <div class='ocr_carea' id='block_1_53' title="bbox 440 4025 2022 4097">
    <p class='ocr_par' dir='ltr' id='par_1_53' title="bbox 440 4025 2022 4097">
     <span class='ocr_line' id='line_1_53' title="bbox 440 4025 2022 4097; baseline 0 -16"><span class='ocrx_word' id='word_1_466' title='bbox 440 4028 488 4081; x_wconf 82' lang='lat' dir='ltr'><strong>si</strong></span> <span class='ocrx_word' id='word_1_467' title='bbox 519 4035 696 4080; x_wconf 87' lang='lat' dir='ltr'><strong>tamen</strong></span> <span class='ocrx_word' id='word_1_468' title='bbox 729 4041 934 4096; x_wconf 88' lang='lat' dir='ltr'><strong>paucos</strong></span> <span class='ocrx_word' id='word_1_469' title='bbox 968 4026 1177 4096; x_wconf 90' lang='lat' dir='ltr'><strong>aliquot</strong></span> <span class='ocrx_word' id='word_1_470' title='bbox 1195 4028 1461 4097; x_wconf 78' lang='lat' dir='ltr'><strong>excipias,</strong></span> <span class='ocrx_word' id='word_1_471' title='bbox 1489 4042 1724 4096; x_wconf 89' lang='lat' dir='ltr'><strong>quorum</strong></span> <span class='ocrx_word' id='word_1_472' title='bbox 1749 4028 1890 4097; x_wconf 90' lang='lat' dir='ltr'><strong>apud</strong></span> <span class='ocrx_word' id='word_1_473' title='bbox 1919 4025 2022 4081; x_wconf 87' lang='lat' dir='ltr'><strong>He-</strong></span> 
     </span>
    </p>
   </div>
   <div class='ocr_carea' id='block_1_54' title="bbox 440 4118 2026 4189">
    <p class='ocr_par' dir='ltr' id='par_1_54' title="bbox 440 4118 2026 4189">
     <span class='ocr_line' id='line_1_54' title="bbox 440 4118 2026 4189; baseline -0.001 -15"><span class='ocrx_word' id='word_1_474' title='bbox 440 4118 619 4174; x_wconf 73' lang='lat' dir='ltr'><strong>bl‘tBOS</strong></span> <span class='ocrx_word' id='word_1_475' title='bbox 653 4118 920 4172; x_wconf 88' lang='lat' dir='ltr'><strong>memoria</strong></span> <span class='ocrx_word' id='word_1_476' title='bbox 946 4119 1273 4183; x_wconf 89' lang='lat' dir='ltr'><strong>celebratur,</strong></span> <span class='ocrx_word' id='word_1_477' title='bbox 1305 4119 1397 4188; x_wconf 88' lang='lat' dir='ltr'><strong>qui</strong></span> <span class='ocrx_word' id='word_1_478' title='bbox 1428 4128 1598 4174; x_wconf 90' lang='lat' dir='ltr'><strong>totum</strong></span> <span class='ocrx_word' id='word_1_479' title='bbox 1633 4119 1685 4173; x_wconf 91' lang='lat' dir='ltr'><strong>id</strong></span> <span class='ocrx_word' id='word_1_480' title='bbox 1715 4119 1866 4189; x_wconf 87' lang='lat' dir='ltr'><strong>quod</strong></span> <span class='ocrx_word' id='word_1_481' title='bbox 1905 4119 2026 4173; x_wconf 87' lang='lat' dir='ltr'><strong>visu</strong></span> 
     </span>
    </p>
   </div>
   <div class='ocr_carea' id='block_1_55' title="bbox 443 4206 2029 4280">
    <p class='ocr_par' dir='ltr' id='par_1_55' title="bbox 443 4206 2029 4280">
     <span class='ocr_line' id='line_1_55' title="bbox 443 4206 2029 4280; baseline -0.003 -16"><span class='ocrx_word' id='word_1_482' title='bbox 443 4208 761 4280; x_wconf 88' lang='lat' dir='ltr'><strong>percipitur,</strong></span> <span class='ocrx_word' id='word_1_483' title='bbox 803 4207 964 4278; x_wconf 80' lang='lat' dir='ltr'><strong>longe</strong></span> <span class='ocrx_word' id='word_1_484' title='bbox 1014 4208 1310 4279; x_wconf 90' lang='lat' dir='ltr'><strong>purissimo</strong></span> <span class='ocrx_word' id='word_1_485' title='bbox 1335 4207 1534 4262; x_wconf 89' lang='lat' dir='ltr'><strong>mentis</strong></span> <span class='ocrx_word' id='word_1_486' title='bbox 1579 4206 1739 4261; x_wconf 92' lang='lat' dir='ltr'><strong>oculo</strong></span> <span class='ocrx_word' id='word_1_487' title='bbox 1762 4221 2029 4276; x_wconf 80' lang='lat' dir='ltr'><strong>superan-</strong></span> 
     </span>
    </p>
   </div>
   <div class='ocr_carea' id='block_1_56' title="bbox 439 4299 2024 4371">
    <p class='ocr_par' dir='ltr' id='par_1_56' title="bbox 439 4299 2024 4371">
     <span class='ocr_line' id='line_1_56' title="bbox 439 4299 2024 4371; baseline -0.004 -13"><span class='ocrx_word' id='word_1_488' title='bbox 439 4311 546 4366; x_wconf 81' lang='lat' dir='ltr'><strong>tes,</strong></span> <span class='ocrx_word' id='word_1_489' title='bbox 602 4302 781 4371; x_wconf 89' lang='lat' dir='ltr'><strong>ipsum</strong></span> <span class='ocrx_word' id='word_1_490' title='bbox 833 4301 1021 4356; x_wconf 91' lang='lat' dir='ltr'><strong>mundi</strong></span> <span class='ocrx_word' id='word_1_491' title='bbox 1058 4299 1400 4365; x_wconf 83' lang='lat' dir='ltr'><strong>Etfeetorem,</strong></span> <span class='ocrx_word' id='word_1_492' title='bbox 1434 4315 1498 4353; x_wconf 91' lang='lat' dir='ltr'><strong>ac</strong></span> <span class='ocrx_word' id='word_1_493' title='bbox 1547 4315 1727 4353; x_wconf 89' lang='lat' dir='ltr'><strong>rerum</strong></span> <span class='ocrx_word' id='word_1_494' title='bbox 1779 4300 2024 4353; x_wconf 91' lang='lat' dir='ltr'><strong>omnium</strong></span> 
     </span>
    </p>
   </div>
   <div class='ocr_carea' id='block_1_57' title="bbox 440 4390 2022 4460">
    <p class='ocr_par' dir='ltr' id='par_1_57' title="bbox 440 4390 2022 4460">
     <span class='ocr_line' id='line_1_57' title="bbox 440 4390 2022 4460; baseline -0.001 -15"><span class='ocrx_word' id='word_1_495' title='bbox 440 4391 750 4446; x_wconf 88' lang='lat' dir='ltr'><strong>molitorem</strong></span> <span class='ocrx_word' id='word_1_496' title='bbox 780 4405 967 4445; x_wconf 85' lang='lat' dir='ltr'><strong>sancte</strong></span> <span class='ocrx_word' id='word_1_497' title='bbox 988 4391 1183 4460; x_wconf 90' lang='lat' dir='ltr'><strong>pieque</strong></span> <span class='ocrx_word' id='word_1_498' title='bbox 1206 4390 1525 4455; x_wconf 90' lang='lat' dir='ltr'><strong>coluerunt;</strong></span> <span class='ocrx_word' id='word_1_499' title='bbox 1558 4405 1684 4445; x_wconf 90' lang='lat' dir='ltr'><strong>eum</strong></span> <span class='ocrx_word' id='word_1_500' title='bbox 1714 4397 1920 4444; x_wconf 86' lang='lat' dir='ltr'><strong>tantam</strong></span> <span class='ocrx_word' id='word_1_501' title='bbox 1953 4391 2022 4444; x_wconf 83' lang='lat' dir='ltr'><strong>il-</strong></span> 
     </span>
    </p>
   </div>
   <div class='ocr_carea' id='block_1_58' title="bbox 2661 3059 3182 3128">
    <p class='ocr_par' dir='ltr' id='par_1_58' title="bbox 2661 3059 3182 3128">
     <span class='ocr_line' id='line_1_58' title="bbox 2661 3059 3182 3128; baseline -0.002 -14"><span class='ocrx_word' id='word_1_502' title='bbox 2661 3059 3060 3114; x_wconf 74' lang='lat' dir='ltr'><strong>KE&lt;I&gt;AAAION</strong></span> <span class='ocrx_word' id='word_1_503' title='bbox 3091 3062 3182 3128; x_wconf 59' lang='lat' dir='ltr'><strong>qv.</strong></span> 
     </span>
    </p>
   </div>
   <div class='ocr_carea' id='block_1_59' title="bbox 2135 3173 3707 3245">
    <p class='ocr_par' dir='ltr' id='par_1_59' title="bbox 2135 3173 3707 3245">
     <span class='ocr_line' id='line_1_59' title="bbox 2135 3173 3707 3245; baseline -0.001 -15"><span class='ocrx_word' id='word_1_504' title='bbox 2135 3176 2274 3244; x_wconf 75' lang='grc' dir='ltr'>Περὶ</span> <span class='ocrx_word' id='word_1_505' title='bbox 2306 3174 2601 3229; x_wconf 79' lang='grc' dir='ltr'>Φοινίκων</span> <span class='ocrx_word' id='word_1_506' title='bbox 2627 3175 2724 3228; x_wconf 80' lang='grc' dir='ltr'>καὶ</span> <span class='ocrx_word' id='word_1_507' title='bbox 2754 3175 3094 3245; x_wconf 75' lang='grc' dir='ltr'>Αὶγυπτίων</span> <span class='ocrx_word' id='word_1_508' title='bbox 3128 3175 3439 3245; x_wconf 77' lang='grc' dir='ltr'>θεολογίας</span> <span class='ocrx_word' id='word_1_509' title='bbox 3464 3173 3707 3243; x_wconf 73' lang='grc' dir='ltr'>πρώτης</span> 
     </span>
    </p>
   </div>
   <div class='ocr_carea' id='block_1_60' title="bbox 2203 3287 3720 3361">
    <p class='ocr_par' dir='ltr' id='par_1_60' title="bbox 2203 3287 3720 3361">
     <span class='ocr_line' id='line_1_60' title="bbox 2203 3287 3720 3361; baseline -0.001 -19"><span class='ocrx_word' id='word_1_510' title='bbox 2203 3291 2461 3353; x_wconf 81' lang='grc' dir='ltr'>Φοίνικας</span> <span class='ocrx_word' id='word_1_511' title='bbox 2486 3287 2775 3361; x_wconf 81' lang='grc' dir='ltr'>τοιγαροῦν</span> <span class='ocrx_word' id='word_1_512' title='bbox 2801 3289 2894 3341; x_wconf 74' lang='grc' dir='ltr'><strong>καὶ</strong></span> <span class='ocrx_word' id='word_1_513' title='bbox 2917 3289 3246 3357; x_wconf 81' lang='grc' dir='ltr'>Αἰγυπτίους</span> <span class='ocrx_word' id='word_1_514' title='bbox 3271 3287 3519 3360; x_wconf 77' lang='grc' dir='ltr'>πρώτους</span> <span class='ocrx_word' id='word_1_515' title='bbox 3543 3289 3720 3343; x_wconf 79' lang='grc' dir='ltr'>ἁπάνσ</span> 
     </span>
    </p>
   </div>
   <div class='ocr_carea' id='block_1_61' title="bbox 2133 3381 3727 3453">
    <p class='ocr_par' dir='ltr' id='par_1_61' title="bbox 2133 3381 3727 3453">
     <span class='ocr_line' id='line_1_61' title="bbox 2133 3381 3727 3453; baseline -0.001 -18"><span class='ocrx_word' id='word_1_516' title='bbox 2133 3398 2244 3435; x_wconf 86' lang='grc' dir='ltr'><strong>των</strong></span> <span class='ocrx_word' id='word_1_517' title='bbox 2285 3381 2504 3453; x_wconf 89' lang='grc' dir='ltr'>κατέχει</span> <span class='ocrx_word' id='word_1_518' title='bbox 2539 3381 2715 3449; x_wconf 85' lang='grc' dir='ltr'>λόγος,</span> <span class='ocrx_word' id='word_1_519' title='bbox 2751 3381 2900 3452; x_wconf 78' lang='grc' dir='ltr'>ἥλιον</span> <span class='ocrx_word' id='word_1_520' title='bbox 2941 3382 3036 3433; x_wconf 71' lang='grc' dir='ltr'>καὶ</span> <span class='ocrx_word' id='word_1_521' title='bbox 3083 3381 3313 3452; x_wconf 75' lang='grc' dir='ltr'>σελήνην</span> <span class='ocrx_word' id='word_1_522' title='bbox 3359 3381 3454 3433; x_wconf 73' lang='grc' dir='ltr'><strong>καὶ</strong></span> <span class='ocrx_word' id='word_1_523' title='bbox 3486 3381 3727 3453; x_wconf 82' lang='grc' dir='ltr'>ἀστέρας</span> 
     </span>
    </p>
   </div>
   <div class='ocr_carea' id='block_1_62' title="bbox 2135 3470 3718 3545">
    <p class='ocr_par' dir='ltr' id='par_1_62' title="bbox 2135 3470 3718 3545">
     <span class='ocr_line' id='line_1_62' title="bbox 2135 3470 3718 3545; baseline 0 -19"><span class='ocrx_word' id='word_1_524' title='bbox 2135 3473 2291 3538; x_wconf 78' lang='grc' dir='ltr'>Θεοὺς</span> <span class='ocrx_word' id='word_1_525' title='bbox 2315 3474 2613 3545; x_wconf 81' lang='grc' dir='ltr'>ἀποφῆναι,</span> <span class='ocrx_word' id='word_1_526' title='bbox 2647 3473 2838 3544; x_wconf 83' lang='grc' dir='ltr'>μόνους</span> <span class='ocrx_word' id='word_1_527' title='bbox 2864 3491 2926 3526; x_wconf 87' lang='grc' dir='ltr'><strong>τε</strong></span> <span class='ocrx_word' id='word_1_528' title='bbox 2965 3470 3104 3527; x_wconf 75' lang='grc' dir='ltr'>εῖναι</span> <span class='ocrx_word' id='word_1_529' title='bbox 3131 3474 3228 3544; x_wconf 81' lang='grc' dir='ltr'>τῆς</span> <span class='ocrx_word' id='word_1_530' title='bbox 3255 3473 3362 3527; x_wconf 84' lang='grc' dir='ltr'><strong>τῶν</strong></span> <span class='ocrx_word' id='word_1_531' title='bbox 3388 3472 3524 3526; x_wconf 84' lang='grc' dir='ltr'>ὅλων</span> <span class='ocrx_word' id='word_1_532' title='bbox 3567 3471 3718 3541; x_wconf 80' lang='grc' dir='ltr'>γενέ-</span> 
     </span>
    </p>
   </div>
   <div class='ocr_carea' id='block_1_63' title="bbox 2135 3561 3725 3638">
    <p class='ocr_par' dir='ltr' id='par_1_63' title="bbox 2135 3561 3725 3638">
     <span class='ocr_line' id='line_1_63' title="bbox 2135 3561 3725 3638; baseline 0 -20"><span class='ocrx_word' id='word_1_533' title='bbox 2135 3565 2272 3630; x_wconf 86' lang='grc' dir='ltr'>σεώς</span> <span class='ocrx_word' id='word_1_534' title='bbox 2308 3583 2368 3619; x_wconf 80' lang='grc' dir='ltr'><strong>τε</strong></span> <span class='ocrx_word' id='word_1_535' title='bbox 2400 3567 2496 3620; x_wconf 73' lang='grc' dir='ltr'><strong>καὶ</strong></span> <span class='ocrx_word' id='word_1_536' title='bbox 2533 3567 2739 3638; x_wconf 74' lang='grc' dir='ltr'>φθορᾶς</span> <span class='ocrx_word' id='word_1_537' title='bbox 2779 3565 3019 3630; x_wconf 76' lang='grc' dir='ltr'>αἰτίους·</span> <span class='ocrx_word' id='word_1_538' title='bbox 3057 3561 3178 3619; x_wconf 74' lang='grc' dir='ltr'>εἶτα</span> <span class='ocrx_word' id='word_1_539' title='bbox 3214 3565 3272 3618; x_wconf 80' lang='grc' dir='ltr'>δὲ</span> <span class='ocrx_word' id='word_1_540' title='bbox 3295 3565 3393 3628; x_wconf 87' lang='grc' dir='ltr'>τὰς</span> <span class='ocrx_word' id='word_1_541' title='bbox 3422 3564 3572 3637; x_wconf 85' lang='grc' dir='ltr'><strong>παρά</strong></span> <span class='ocrx_word' id='word_1_542' title='bbox 3606 3566 3725 3630; x_wconf 81' lang='grc' dir='ltr'>τοῖς</span> 
     </span>
    </p>
   </div>
   <div class='ocr_carea' id='block_1_64' title="bbox 2133 3657 3723 3730">
    <p class='ocr_par' dir='ltr' id='par_1_64' title="bbox 2133 3657 3723 3730">
     <span class='ocr_line' id='line_1_64' title="bbox 2133 3657 3723 3730; baseline -0.002 -18"><span class='ocrx_word' id='word_1_543' title='bbox 2133 3661 2267 3713; x_wconf 80' lang='grc' dir='ltr'>πᾶσι</span> <span class='ocrx_word' id='word_1_544' title='bbox 2316 3659 2592 3730; x_wconf 85' lang='grc' dir='ltr'>βοωμένας</span> <span class='ocrx_word' id='word_1_545' title='bbox 2625 3657 2900 3722; x_wconf 86' lang='grc' dir='ltr'>θεοποιίας</span> <span class='ocrx_word' id='word_1_546' title='bbox 2945 3675 3005 3711; x_wconf 89' lang='grc' dir='ltr'><strong>τε</strong></span> <span class='ocrx_word' id='word_1_547' title='bbox 3039 3659 3132 3712; x_wconf 74' lang='grc' dir='ltr'><strong>καὶ</strong></span> <span class='ocrx_word' id='word_1_548' title='bbox 3171 3657 3449 3727; x_wconf 80' lang='grc' dir='ltr'>Θεογονίας</span> <span class='ocrx_word' id='word_1_549' title='bbox 3499 3659 3723 3728; x_wconf 77' lang='grc' dir='ltr'>εἰσηγή-</span> 
     </span>
    </p>
   </div>
   <div class='ocr_carea' id='block_1_65' title="bbox 2134 3749 3725 3823">
    <p class='ocr_par' dir='ltr' id='par_1_65' title="bbox 2134 3749 3725 3823">
     <span class='ocr_line' id='line_1_65' title="bbox 2134 3749 3725 3823; baseline -0.002 -19"><span class='ocrx_word' id='word_1_550' title='bbox 2134 3751 2329 3806; x_wconf 88' lang='grc' dir='ltr'>σασθαι</span> <span class='ocrx_word' id='word_1_551' title='bbox 2355 3751 2433 3822; x_wconf 85' lang='grc' dir='ltr'><strong>τῷ</strong></span> <span class='ocrx_word' id='word_1_552' title='bbox 2458 3751 2576 3822; x_wconf 83' lang='grc' dir='ltr'><strong>βίῳ·</strong></span> <span class='ocrx_word' id='word_1_553' title='bbox 2608 3751 2713 3823; x_wconf 88' lang='grc' dir='ltr'><strong>πρὸ</strong></span> <span class='ocrx_word' id='word_1_554' title='bbox 2737 3751 2794 3804; x_wconf 86' lang='grc' dir='ltr'><strong>δέ</strong></span> <span class='ocrx_word' id='word_1_555' title='bbox 2818 3768 2882 3820; x_wconf 87' lang='grc' dir='ltr'><strong>γε</strong></span> <span class='ocrx_word' id='word_1_556' title='bbox 2907 3751 3108 3804; x_wconf 80' lang='grc' dir='ltr'>τούτων</span> <span class='ocrx_word' id='word_1_557' title='bbox 3137 3751 3338 3822; x_wconf 80' lang='grc' dir='ltr'>μηδένα</span> <span class='ocrx_word' id='word_1_558' title='bbox 3369 3750 3532 3820; x_wconf 82' lang='grc' dir='ltr'>μηδὲν</span> <span class='ocrx_word' id='word_1_559' title='bbox 3559 3749 3725 3802; x_wconf 74' lang='grc' dir='ltr'>πλέον</span> 
     </span>
    </p>
   </div>
   <div class='ocr_carea' id='block_1_66' title="bbox 2129 3839 3726 3913">
    <p class='ocr_par' dir='ltr' id='par_1_66' title="bbox 2129 3839 3726 3913">
     <span class='ocr_line' id='line_1_66' title="bbox 2129 3839 3726 3913; baseline -0.001 -19"><span class='ocrx_word' id='word_1_560' title='bbox 2129 3843 2238 3896; x_wconf 83' lang='grc' dir='ltr'><strong>τῶν</strong></span> <span class='ocrx_word' id='word_1_561' title='bbox 2277 3843 2397 3896; x_wconf 84' lang='grc' dir='ltr'>κατ’</span> <span class='ocrx_word' id='word_1_562' title='bbox 2424 3842 2654 3913; x_wconf 82' lang='grc' dir='ltr'>οὐρανὸν</span> <span class='ocrx_word' id='word_1_563' title='bbox 2692 3842 3033 3913; x_wconf 83' lang='grc' dir='ltr'>φαινομένων</span> <span class='ocrx_word' id='word_1_564' title='bbox 3067 3841 3286 3906; x_wconf 80' lang='grc' dir='ltr'>εἰδέναι,</span> <span class='ocrx_word' id='word_1_565' title='bbox 3327 3841 3520 3909; x_wconf 76' lang='grc' dir='ltr'>ὀλίγων</span> <span class='ocrx_word' id='word_1_566' title='bbox 3561 3839 3726 3904; x_wconf 78' lang='grc' dir='ltr'>ὲκτὸς</span> 
     </span>
    </p>
   </div>
   <div class='ocr_carea' id='block_1_67' title="bbox 2131 3932 3718 4005">
    <p class='ocr_par' dir='ltr' id='par_1_67' title="bbox 2131 3932 3718 4005">
     <span class='ocr_line' id='line_1_67' title="bbox 2131 3932 3718 4005; baseline -0.001 -20"><span class='ocrx_word' id='word_1_567' title='bbox 2131 3932 2339 4005; x_wconf 84' lang='grc' dir='ltr'>ἀνδρῶν</span> <span class='ocrx_word' id='word_1_568' title='bbox 2366 3933 2474 3986; x_wconf 82' lang='grc' dir='ltr'><strong>τῶν</strong></span> <span class='ocrx_word' id='word_1_569' title='bbox 2503 3934 2632 4004; x_wconf 84' lang='grc' dir='ltr'>παρ’</span> <span class='ocrx_word' id='word_1_570' title='bbox 2669 3934 2760 3986; x_wconf 75' lang='grc' dir='ltr'>Ἑό</span> <span class='ocrx_word' id='word_1_571' title='bbox 2771 3934 2942 4005; x_wconf 78' lang='grc' dir='ltr'>ραίοις</span> <span class='ocrx_word' id='word_1_572' title='bbox 2981 3932 3494 4004; x_wconf 84' lang='grc' dir='ltr'>μνημονευομένων,</span> <span class='ocrx_word' id='word_1_573' title='bbox 3522 3933 3571 3984; x_wconf 85' lang='grc' dir='ltr'>οἳ</span> <span class='ocrx_word' id='word_1_574' title='bbox 3597 3932 3718 3984; x_wconf 80' lang='grc' dir='ltr'>δια.-</span> 
     </span>
    </p>
   </div>
   <div class='ocr_carea' id='block_1_68' title="bbox 2130 4024 3720 4097">
    <p class='ocr_par' dir='ltr' id='par_1_68' title="bbox 2130 4024 3720 4097">
     <span class='ocr_line' id='line_1_68' title="bbox 2130 4024 3720 4097; baseline -0.003 -17"><span class='ocrx_word' id='word_1_575' title='bbox 2130 4027 2276 4091; x_wconf 89' lang='grc' dir='ltr'>νοίας</span> <span class='ocrx_word' id='word_1_576' title='bbox 2321 4025 2730 4097; x_wconf 77' lang='grc' dir='ltr'>καθαρωτάτοις</span> <span class='ocrx_word' id='word_1_577' title='bbox 2756 4027 2967 4097; x_wconf 79' lang='grc' dir='ltr'>ὄμμασι</span> <span class='ocrx_word' id='word_1_578' title='bbox 3005 4027 3113 4079; x_wconf 81' lang='grc' dir='ltr'>πᾶν</span> <span class='ocrx_word' id='word_1_579' title='bbox 3153 4025 3215 4078; x_wconf 84' lang='grc' dir='ltr'><strong>τὸ</strong></span> <span class='ocrx_word' id='word_1_580' title='bbox 3241 4024 3517 4096; x_wconf 81' lang='grc' dir='ltr'>ὁρώμενον</span> <span class='ocrx_word' id='word_1_581' title='bbox 3544 4024 3720 4096; x_wconf 84' lang='grc' dir='ltr'>ὑπερ-</span> 
     </span>
    </p>
   </div>
   <div class='ocr_carea' id='block_1_69' title="bbox 2130 4117 3730 4190">
    <p class='ocr_par' dir='ltr' id='par_1_69' title="bbox 2130 4117 3730 4190">
     <span class='ocr_line' id='line_1_69' title="bbox 2130 4117 3730 4190; baseline -0.001 -18"><span class='ocrx_word' id='word_1_582' title='bbox 2130 4119 2421 4188; x_wconf 71' lang='grc' dir='ltr'>κύψαντες,</span> <span class='ocrx_word' id='word_1_583' title='bbox 2462 4118 2554 4172; x_wconf 83' lang='grc' dir='ltr'><strong>τὸν</strong></span> <span class='ocrx_word' id='word_1_584' title='bbox 2587 4119 2914 4190; x_wconf 86' lang='grc' dir='ltr'>κοσμοποιὸν</span> <span class='ocrx_word' id='word_1_585' title='bbox 2949 4120 3046 4172; x_wconf 77' lang='grc' dir='ltr'>καὶ</span> <span class='ocrx_word' id='word_1_586' title='bbox 3079 4119 3170 4172; x_wconf 80' lang='grc' dir='ltr'><strong>τὸν</strong></span> <span class='ocrx_word' id='word_1_587' title='bbox 3213 4117 3347 4172; x_wconf 83' lang='grc' dir='ltr'>ὅλων</span> <span class='ocrx_word' id='word_1_588' title='bbox 3389 4117 3730 4188; x_wconf 85' lang='grc' dir='ltr'>δημιουργὸν</span> 
     </span>
    </p>
   </div>
   <div class='ocr_carea' id='block_1_70' title="bbox 2130 4208 3728 4281">
    <p class='ocr_par' dir='ltr' id='par_1_70' title="bbox 2130 4208 3728 4281">
     <span class='ocr_line' id='line_1_70' title="bbox 2130 4208 3728 4281; baseline 0.001 -21"><span class='ocrx_word' id='word_1_589' title='bbox 2130 4208 2527 4278; x_wconf 78' lang='grc' dir='ltr'>ἐσεϐάσθησαν,</span> <span class='ocrx_word' id='word_1_590' title='bbox 2557 4209 3080 4281; x_wconf 86' lang='grc' dir='ltr'>ὑπερθαυμάσαντες</span> <span class='ocrx_word' id='word_1_591' title='bbox 3117 4209 3219 4279; x_wconf 77' lang='grc' dir='ltr'>τῆς</span> <span class='ocrx_word' id='word_1_592' title='bbox 3245 4208 3514 4278; x_wconf 82' lang='grc' dir='ltr'>τοσαύτης</span> <span class='ocrx_word' id='word_1_593' title='bbox 3554 4209 3728 4262; x_wconf 84' lang='grc' dir='ltr'>αὐτὸν</span> 
     </span>
    </p>
   </div>
   <div class='ocr_carea' id='block_1_71' title="bbox 2131 4301 3730 4374">
    <p class='ocr_par' dir='ltr' id='par_1_71' title="bbox 2131 4301 3730 4374">
     <span class='ocr_line' id='line_1_71' title="bbox 2131 4301 3730 4374; baseline 0.002 -22"><span class='ocrx_word' id='word_1_594' title='bbox 2131 4302 2322 4371; x_wconf 79' lang='grc' dir='ltr'>σοφίας</span> <span class='ocrx_word' id='word_1_595' title='bbox 2346 4317 2406 4353; x_wconf 89' lang='grc' dir='ltr'><strong>τε</strong></span> <span class='ocrx_word' id='word_1_596' title='bbox 2427 4302 2520 4354; x_wconf 73' lang='grc' dir='ltr'><strong>καὶ</strong></span> <span class='ocrx_word' id='word_1_597' title='bbox 2545 4301 2844 4372; x_wconf 85' lang='grc' dir='ltr'>δυνάμεως,</span> <span class='ocrx_word' id='word_1_598' title='bbox 2862 4302 2928 4372; x_wconf 86' lang='grc' dir='ltr'>ἢν</span> <span class='ocrx_word' id='word_1_599' title='bbox 2954 4304 3017 4355; x_wconf 81' lang='grc' dir='ltr'>ὲκ</span> <span class='ocrx_word' id='word_1_600' title='bbox 3043 4301 3151 4354; x_wconf 85' lang='grc' dir='ltr'><strong>τῶν</strong></span> <span class='ocrx_word' id='word_1_601' title='bbox 3175 4301 3351 4374; x_wconf 76' lang='grc' dir='ltr'>ἔργων</span> <span class='ocrx_word' id='word_1_602' title='bbox 3378 4301 3730 4370; x_wconf 71' lang='grc' dir='ltr'>ὲφαντάσθηοο</span> 
     </span>
    </p>
   </div>
   <div class='ocr_carea' id='block_1_72' title="bbox 2132 4387 3727 4463">
    <p class='ocr_par' dir='ltr' id='par_1_72' title="bbox 2132 4387 3727 4463">
     <span class='ocr_line' id='line_1_72' title="bbox 2132 4387 3727 4463; baseline 0.001 -19"><span class='ocrx_word' id='word_1_603' title='bbox 2132 4409 2251 4455; x_wconf 91' lang='grc' dir='ltr'>σαν,</span> <span class='ocrx_word' id='word_1_604' title='bbox 2280 4392 2374 4444; x_wconf 73' lang='grc' dir='ltr'><strong>καὶ</strong></span> <span class='ocrx_word' id='word_1_605' title='bbox 2410 4391 2568 4462; x_wconf 85' lang='grc' dir='ltr'>μόνον</span> <span class='ocrx_word' id='word_1_606' title='bbox 2595 4387 2732 4445; x_wconf 73' lang='grc' dir='ltr'>εἶναι</span> <span class='ocrx_word' id='word_1_607' title='bbox 2761 4392 2892 4446; x_wconf 83' lang='grc' dir='ltr'>Θεὸν</span> <span class='ocrx_word' id='word_1_608' title='bbox 2922 4391 3256 4456; x_wconf 87' lang='grc' dir='ltr'>πεισθέντες,</span> <span class='ocrx_word' id='word_1_609' title='bbox 3303 4392 3463 4463; x_wconf 87' lang='grc' dir='ltr'>μόνον</span> <span class='ocrx_word' id='word_1_610' title='bbox 3489 4391 3727 4457; x_wconf 83' lang='grc' dir='ltr'>εἰκότως</span> 
     </span>
    </p>
   </div>
   <div class='ocr_carea' id='block_1_73' title="bbox 439 4479 2026 4556">
    <p class='ocr_par' dir='ltr' id='par_1_73' title="bbox 439 4483 2026 4554">
     <span class='ocr_line' id='line_1_73' title="bbox 439 4483 2026 4554; baseline 0 -16"><span class='ocrx_word' id='word_1_611' title='bbox 439 4483 547 4539; x_wconf 91' lang='lat' dir='ltr'><strong>lius</strong></span> <span class='ocrx_word' id='word_1_612' title='bbox 581 4483 904 4554; x_wconf 84' lang='lat' dir='ltr'><strong>sapientiam</strong></span> <span class='ocrx_word' id='word_1_613' title='bbox 941 4493 1104 4552; x_wconf 90' lang='lat' dir='ltr'><strong>atque</strong></span> <span class='ocrx_word' id='word_1_614' title='bbox 1150 4491 1501 4553; x_wconf 91' lang='lat' dir='ltr'><strong>potestatem,</strong></span> <span class='ocrx_word' id='word_1_615' title='bbox 1534 4498 1700 4553; x_wconf 89' lang='lat' dir='ltr'><strong>quam</strong></span> <span class='ocrx_word' id='word_1_616' title='bbox 1749 4492 2026 4552; x_wconf 86' lang='lat' dir='ltr'><strong>utcunque</strong></span> 
     </span>
    </p>
   </div>
   <div class='ocr_carea' id='block_1_74' title="bbox 2134 4479 3724 4556">
    <p class='ocr_par' dir='ltr' id='par_1_74' title="bbox 2134 4482 3724 4556">
     <span class='ocr_line' id='line_1_74' title="bbox 2134 4482 3724 4556; baseline 0.003 -21"><span class='ocrx_word' id='word_1_617' title='bbox 2134 4482 2508 4553; x_wconf 82' lang='grc' dir='ltr'>ὲθεολόγησαν,</span> <span class='ocrx_word' id='word_1_618' title='bbox 2543 4483 2642 4554; x_wconf 80' lang='grc' dir='ltr'><strong>τὴν</strong></span> <span class='ocrx_word' id='word_1_619' title='bbox 2683 4483 2856 4555; x_wconf 84' lang='grc' dir='ltr'>ἀληθῆ</span> <span class='ocrx_word' id='word_1_620' title='bbox 2888 4484 2984 4536; x_wconf 73' lang='grc' dir='ltr'><strong>καὶ</strong></span> <span class='ocrx_word' id='word_1_621' title='bbox 3018 4483 3263 4556; x_wconf 83' lang='grc' dir='ltr'>πρώτην,</span> <span class='ocrx_word' id='word_1_622' title='bbox 3292 4486 3386 4538; x_wconf 78' lang='grc' dir='ltr'>καὶ</span> <span class='ocrx_word' id='word_1_623' title='bbox 3416 4486 3583 4556; x_wconf 74' lang='grc' dir='ltr'>μόνην</span> <span class='ocrx_word' id='word_1_624' title='bbox 3619 4487 3724 4539; x_wconf 80' lang='grc' dir='ltr'>εὐ-</span> 
     </span>
    </p>
   </div>
   <div class='ocr_carea' id='block_1_75' title="bbox 439 4565 2021 4645">
    <p class='ocr_par' dir='ltr' id='par_1_75' title="bbox 439 4565 2021 4645">
     <span class='ocr_line' id='line_1_75' title="bbox 439 4565 2021 4645; baseline -0.001 -15"><span class='ocrx_word' id='word_1_625' title='bbox 439 4575 547 4630; x_wconf 87' lang='lat' dir='ltr'><strong>sibi</strong></span> <span class='ocrx_word' id='word_1_626' title='bbox 599 4591 663 4630; x_wconf 84' lang='lat' dir='ltr'><strong>ex</strong></span> <span class='ocrx_word' id='word_1_627' title='bbox 709 4573 965 4644; x_wconf 87' lang='lat' dir='ltr'><strong>operibus</strong></span> <span class='ocrx_word' id='word_1_628' title='bbox 997 4573 1133 4644; x_wconf 89' lang='lat' dir='ltr'><strong>ipsis</strong></span> <span class='ocrx_word' id='word_1_629' title='bbox 1183 4575 1366 4628; x_wconf 91' lang='lat' dir='ltr'><strong>animo</strong></span> <span class='ocrx_word' id='word_1_630' title='bbox 1399 4583 1451 4629; x_wconf 93' lang='lat' dir='ltr'><strong>et</strong></span> <span class='ocrx_word' id='word_1_631' title='bbox 1486 4565 1819 4645; x_wconf 35' lang='lat' dir='ltr'><strong>&#39;cogitatione</strong></span> <span class='ocrx_word' id='word_1_632' title='bbox 1850 4575 2021 4644; x_wconf 77' lang='lat' dir='ltr'><strong>[inge-</strong></span> 
     </span>
    </p>
   </div>
   <div class='ocr_carea' id='block_1_76' title="bbox 439 4667 2020 4739">
    <p class='ocr_par' dir='ltr' id='par_1_76' title="bbox 439 4667 2020 4739">
     <span class='ocr_line' id='line_1_76' title="bbox 439 4667 2020 4739; baseline -0.001 -17"><span class='ocrx_word' id='word_1_633' title='bbox 439 4667 594 4732; x_wconf 84' lang='lat' dir='ltr'><strong>bant,</strong></span> <span class='ocrx_word' id='word_1_634' title='bbox 632 4667 897 4739; x_wconf 82' lang='lat' dir='ltr'><strong>singulari</strong></span> <span class='ocrx_word' id='word_1_635' title='bbox 931 4667 1168 4736; x_wconf 88' lang='lat' dir='ltr'><strong>quadam</strong></span> <span class='ocrx_word' id='word_1_636' title='bbox 1217 4667 1577 4722; x_wconf 90' lang='lat' dir='ltr'><strong>admiratione</strong></span> <span class='ocrx_word' id='word_1_637' title='bbox 1624 4681 2020 4737; x_wconf 88' lang='lat' dir='ltr'><strong>prosequeren-</strong></span> 
     </span>
    </p>
   </div>
   <div class='ocr_carea' id='block_1_77' title="bbox 439 4755 2022 4828">
    <p class='ocr_par' dir='ltr' id='par_1_77' title="bbox 439 4755 2022 4828">
     <span class='ocr_line' id='line_1_77' title="bbox 439 4755 2022 4828; baseline -0.003 -15"><span class='ocrx_word' id='word_1_638' title='bbox 439 4768 527 4814; x_wconf 87' lang='lat' dir='ltr'><strong>tur</strong></span> <span class='ocrx_word' id='word_1_639' title='bbox 554 4777 568 4813; x_wconf 92' lang='lat'><strong>:</strong></span> <span class='ocrx_word' id='word_1_640' title='bbox 595 4772 833 4828; x_wconf 89' lang='lat' dir='ltr'><strong>cumque</strong></span> <span class='ocrx_word' id='word_1_641' title='bbox 859 4773 1026 4812; x_wconf 92' lang='lat' dir='ltr'><strong>unum</strong></span> <span class='ocrx_word' id='word_1_642' title='bbox 1053 4757 1205 4811; x_wconf 91' lang='lat' dir='ltr'><strong>illum</strong></span> <span class='ocrx_word' id='word_1_643' title='bbox 1229 4755 1396 4812; x_wconf 87' lang='lat' dir='ltr'><strong>Deum</strong></span> <span class='ocrx_word' id='word_1_644' title='bbox 1425 4757 1592 4812; x_wconf 85' lang='lat' dir='ltr'><strong>semel</strong></span> <span class='ocrx_word' id='word_1_645' title='bbox 1614 4771 1736 4811; x_wconf 89' lang='lat' dir='ltr'><strong>esse</strong></span> <span class='ocrx_word' id='word_1_646' title='bbox 1758 4757 2022 4811; x_wconf 86' lang='lat' dir='ltr'><strong>credidis-</strong></span> 
     </span>
    </p>
   </div>
   <div class='ocr_carea' id='block_1_78' title="bbox 441 4848 2022 4920">
    <p class='ocr_par' dir='ltr' id='par_1_78' title="bbox 441 4848 2022 4920">
     <span class='ocr_line' id='line_1_78' title="bbox 441 4848 2022 4920; baseline -0.002 -15"><span class='ocrx_word' id='word_1_647' title='bbox 441 4855 582 4915; x_wconf 76' lang='lat' dir='ltr'><strong>sent,</strong></span> <span class='ocrx_word' id='word_1_648' title='bbox 612 4851 867 4906; x_wconf 89' lang='lat' dir='ltr'><strong>eumdem</strong></span> <span class='ocrx_word' id='word_1_649' title='bbox 899 4865 1119 4920; x_wconf 89' lang='lat' dir='ltr'><strong>quoque</strong></span> <span class='ocrx_word' id='word_1_650' title='bbox 1147 4849 1317 4904; x_wconf 88' lang='lat' dir='ltr'><strong>Deum</strong></span> <span class='ocrx_word' id='word_1_651' title='bbox 1345 4865 1538 4914; x_wconf 89' lang='lat' dir='ltr'><strong>unum,</strong></span> <span class='ocrx_word' id='word_1_652' title='bbox 1573 4859 1631 4905; x_wconf 92' lang='lat' dir='ltr'><strong>ut</strong></span> <span class='ocrx_word' id='word_1_653' title='bbox 1659 4865 1756 4918; x_wconf 90' lang='lat' dir='ltr'><strong>par</strong></span> <span class='ocrx_word' id='word_1_654' title='bbox 1781 4857 1917 4913; x_wconf 91' lang='lat' dir='ltr'><strong>erat,</strong></span> <span class='ocrx_word' id='word_1_655' title='bbox 1946 4848 2022 4903; x_wconf 92' lang='lat' dir='ltr'><strong>ita</strong></span> 
     </span>
    </p>
   </div>
   <div class='ocr_carea' id='block_1_79' title="bbox 437 4941 2021 5012">
    <p class='ocr_par' dir='ltr' id='par_1_79' title="bbox 437 4941 2021 5012">
     <span class='ocr_line' id='line_1_79' title="bbox 437 4941 2021 5012; baseline -0.001 -17"><span class='ocrx_word' id='word_1_656' title='bbox 437 4941 841 5012; x_wconf 80' lang='lat' dir='ltr'><strong>praedicarunt,</strong></span> <span class='ocrx_word' id='word_1_657' title='bbox 891 4950 952 4996; x_wconf 86' lang='lat' dir='ltr'><strong>ut</strong></span> <span class='ocrx_word' id='word_1_658' title='bbox 998 4955 1182 4996; x_wconf 89' lang='lat' dir='ltr'><strong>veram</strong></span> <span class='ocrx_word' id='word_1_659' title='bbox 1235 4941 1380 4995; x_wconf 91' lang='lat' dir='ltr'><strong>illam</strong></span> <span class='ocrx_word' id='word_1_660' title='bbox 1419 4957 1483 4996; x_wconf 89' lang='lat' dir='ltr'><strong>ac</strong></span> <span class='ocrx_word' id='word_1_661' title='bbox 1522 4941 1822 5011; x_wconf 88' lang='lat' dir='ltr'><strong>principem</strong></span> <span class='ocrx_word' id='word_1_662' title='bbox 1866 4955 2021 4995; x_wconf 52' lang='lat' dir='ltr'><strong>eam-</strong></span> 
     </span>
    </p>
   </div>
   <div class='ocr_carea' id='block_1_80' title="bbox 437 5034 2021 5104">
    <p class='ocr_par' dir='ltr' id='par_1_80' title="bbox 437 5034 2021 5104">
     <span class='ocr_line' id='line_1_80' title="bbox 437 5034 2021 5104; baseline -0.001 -15"><span class='ocrx_word' id='word_1_663' title='bbox 437 5035 670 5104; x_wconf 90' lang='lat' dir='ltr'><strong>demque</strong></span> <span class='ocrx_word' id='word_1_664' title='bbox 719 5035 891 5089; x_wconf 89' lang='lat' dir='ltr'><strong>solam</strong></span> <span class='ocrx_word' id='word_1_665' title='bbox 923 5034 1198 5104; x_wconf 87' lang='lat' dir='ltr'><strong>pietatem,</strong></span> <span class='ocrx_word' id='word_1_666' title='bbox 1238 5049 1401 5103; x_wconf 89' lang='lat' dir='ltr'><strong>quam</strong></span> <span class='ocrx_word' id='word_1_667' title='bbox 1443 5050 1474 5088; x_wconf 93' lang='lat' dir='ltr'><strong>a</strong></span> <span class='ocrx_word' id='word_1_668' title='bbox 1517 5035 1833 5103; x_wconf 90' lang='lat' dir='ltr'><strong>parentibus</strong></span> <span class='ocrx_word' id='word_1_669' title='bbox 1864 5048 2021 5088; x_wconf 90' lang='lat' dir='ltr'><strong>acce-</strong></span> 
     </span>
    </p>
   </div>
   <div class='ocr_carea' id='block_1_81' title="bbox 440 5125 2021 5194">
    <p class='ocr_par' dir='ltr' id='par_1_81' title="bbox 440 5125 2021 5194">
     <span class='ocr_line' id='line_1_81' title="bbox 440 5125 2021 5194; baseline 0.001 -17"><span class='ocrx_word' id='word_1_670' title='bbox 440 5132 655 5194; x_wconf 89' lang='lat' dir='ltr'><strong>perant,</strong></span> <span class='ocrx_word' id='word_1_671' title='bbox 690 5126 931 5178; x_wconf 87' lang='lat' dir='ltr'><strong>studiose</strong></span> <span class='ocrx_word' id='word_1_672' title='bbox 959 5125 1110 5178; x_wconf 86' lang='lat' dir='ltr'><strong>liberi</strong></span> <span class='ocrx_word' id='word_1_673' title='bbox 1143 5126 1460 5179; x_wconf 86' lang='lat' dir='ltr'><strong>retinerent.</strong></span> <span class='ocrx_word' id='word_1_674' title='bbox 1495 5126 1563 5180; x_wconf 83' lang='lat' dir='ltr'><strong>At</strong></span> <span class='ocrx_word' id='word_1_675' title='bbox 1593 5126 1801 5194; x_wconf 89' lang='lat' dir='ltr'><strong>reliqua</strong></span> <span class='ocrx_word' id='word_1_676' title='bbox 1841 5125 2021 5180; x_wconf 86' lang='lat' dir='ltr'><strong>homi—</strong></span> 
     </span>
    </p>
   </div>
   <div class='ocr_carea' id='block_1_82' title="bbox 437 5213 2023 5284">
    <p class='ocr_par' dir='ltr' id='par_1_82' title="bbox 437 5213 2023 5284">
     <span class='ocr_line' id='line_1_82' title="bbox 437 5213 2023 5284; baseline 0.002 -17"><span class='ocrx_word' id='word_1_677' title='bbox 437 5229 568 5268; x_wconf 88' lang='lat' dir='ltr'><strong>num</strong></span> <span class='ocrx_word' id='word_1_678' title='bbox 612 5213 902 5268; x_wconf 90' lang='lat' dir='ltr'><strong>multitudo</strong></span> <span class='ocrx_word' id='word_1_679' title='bbox 927 5230 1051 5268; x_wconf 92' lang='lat' dir='ltr'><strong>cum</strong></span> <span class='ocrx_word' id='word_1_680' title='bbox 1098 5215 1165 5267; x_wconf 92' lang='lat' dir='ltr'><strong>ab</strong></span> <span class='ocrx_word' id='word_1_681' title='bbox 1199 5215 1318 5283; x_wconf 84' lang='lat' dir='ltr'><strong>ejus</strong></span> <span class='ocrx_word' id='word_1_682' title='bbox 1348 5215 1512 5269; x_wconf 91' lang='lat' dir='ltr'><strong>unius</strong></span> <span class='ocrx_word' id='word_1_683' title='bbox 1545 5215 1769 5269; x_wconf 86' lang='lat' dir='ltr'><strong>veritate</strong></span> <span class='ocrx_word' id='word_1_684' title='bbox 1808 5216 2023 5284; x_wconf 85' lang='lat' dir='ltr'><strong>pietatis</strong></span> 
     </span>
    </p>
   </div>
   <div class='ocr_carea' id='block_1_83' title="bbox 440 5305 2022 5376">
    <p class='ocr_par' dir='ltr' id='par_1_83' title="bbox 440 5305 2022 5376">
     <span class='ocr_line' id='line_1_83' title="bbox 440 5305 2022 5376; baseline 0.001 -15"><span class='ocrx_word' id='word_1_685' title='bbox 440 5305 753 5372; x_wconf 81' lang='lat' dir='ltr'><strong>excidisset,</strong></span> <span class='ocrx_word' id='word_1_686' title='bbox 799 5306 865 5359; x_wconf 89' lang='lat' dir='ltr'><strong>ad</strong></span> <span class='ocrx_word' id='word_1_687' title='bbox 892 5307 1015 5360; x_wconf 86' lang='lat' dir='ltr'><strong>coeli</strong></span> <span class='ocrx_word' id='word_1_688' title='bbox 1056 5317 1353 5373; x_wconf 88' lang='lat' dir='ltr'><strong>astrorum,</strong></span> <span class='ocrx_word' id='word_1_689' title='bbox 1385 5321 1506 5376; x_wconf 72' lang='lat' dir='ltr'><strong>qua:</strong></span> <span class='ocrx_word' id='word_1_690' title='bbox 1537 5307 1811 5375; x_wconf 84' lang='lat' dir='ltr'><strong>corporeis</strong></span> <span class='ocrx_word' id='word_1_691' title='bbox 1847 5307 2022 5362; x_wconf 81' lang='lat' dir='ltr'><strong>oculis</strong></span> 
     </span>
    </p>
   </div>
   <div class='ocr_carea' id='block_1_84' title="bbox 439 5396 2021 5467">
    <p class='ocr_par' dir='ltr' id='par_1_84' title="bbox 439 5396 2021 5467">
     <span class='ocr_line' id='line_1_84' title="bbox 439 5396 2021 5467; baseline -0.001 -16"><span class='ocrx_word' id='word_1_692' title='bbox 439 5396 776 5459; x_wconf 85' lang='lat' dir='ltr'><strong>intuebatur,</strong></span> <span class='ocrx_word' id='word_1_693' title='bbox 806 5397 1149 5466; x_wconf 85' lang='lat' dir='ltr'><strong>splendorem</strong></span> <span class='ocrx_word' id='word_1_694' title='bbox 1181 5399 1374 5467; x_wconf 90' lang='lat' dir='ltr'><strong>puerili</strong></span> <span class='ocrx_word' id='word_1_695' title='bbox 1402 5408 1579 5452; x_wconf 89' lang='lat' dir='ltr'><strong>mente</strong></span> <span class='ocrx_word' id='word_1_696' title='bbox 1605 5397 2021 5467; x_wconf 88' lang='lat' dir='ltr'><strong>obstupescens,</strong></span> 
     </span>
    </p>
   </div>
   <div class='ocr_carea' id='block_1_85' title="bbox 435 5489 2023 5558">
    <p class='ocr_par' dir='ltr' id='par_1_85' title="bbox 435 5489 2023 5558">
     <span class='ocr_line' id='line_1_85' title="bbox 435 5489 2023 5558; baseline 0.001 -16"><span class='ocrx_word' id='word_1_697' title='bbox 435 5489 528 5543; x_wconf 88' lang='lat' dir='ltr'><strong>illa</strong></span> <span class='ocrx_word' id='word_1_698' title='bbox 564 5490 696 5545; x_wconf 89' lang='lat' dir='ltr'><strong>deos</strong></span> <span class='ocrx_word' id='word_1_699' title='bbox 720 5505 841 5544; x_wconf 88' lang='lat' dir='ltr'><strong>esse</strong></span> <span class='ocrx_word' id='word_1_700' title='bbox 874 5491 1266 5558; x_wconf 83' lang='lat' dir='ltr'><strong>pronuntiavit,</strong></span> <span class='ocrx_word' id='word_1_701' title='bbox 1301 5491 1600 5558; x_wconf 88' lang='lat' dir='ltr'><strong>iisdemque</strong></span> <span class='ocrx_word' id='word_1_702' title='bbox 1627 5491 2023 5545; x_wconf 86' lang='lat' dir='ltr'><strong>sacriﬁciorum</strong></span> 
     </span>
    </p>
   </div>
   <div class='ocr_carea' id='block_1_86' title="bbox 433 5582 2026 5648">
    <p class='ocr_par' dir='ltr' id='par_1_86' title="bbox 433 5582 2026 5648">
     <span class='ocr_line' id='line_1_86' title="bbox 433 5582 2026 5648; baseline 0.003 -13"><span class='ocrx_word' id='word_1_703' title='bbox 433 5592 489 5636; x_wconf 81' lang='lat' dir='ltr'><strong>et</strong></span> <span class='ocrx_word' id='word_1_704' title='bbox 520 5582 855 5638; x_wconf 88' lang='lat' dir='ltr'><strong>adorationis</strong></span> <span class='ocrx_word' id='word_1_705' title='bbox 895 5582 1098 5636; x_wconf 90' lang='lat' dir='ltr'><strong>cultum</strong></span> <span class='ocrx_word' id='word_1_706' title='bbox 1138 5583 1413 5648; x_wconf 83' lang='lat' dir='ltr'><strong>adhibuit;</strong></span> <span class='ocrx_word' id='word_1_707' title='bbox 1467 5584 1547 5638; x_wconf 90' lang='lat' dir='ltr'><strong>sic</strong></span> <span class='ocrx_word' id='word_1_708' title='bbox 1598 5593 1800 5648; x_wconf 89' lang='lat' dir='ltr'><strong>tamen,</strong></span> <span class='ocrx_word' id='word_1_709' title='bbox 1835 5593 2026 5639; x_wconf 85' lang='lat' dir='ltr'><strong>utnec</strong></span> 
     </span>
    </p>
   </div>
   <div class='ocr_carea' id='block_1_87' title="bbox 436 5674 2025 5746">
    <p class='ocr_par' dir='ltr' id='par_1_87' title="bbox 436 5674 2025 5746">
     <span class='ocr_line' id='line_1_87' title="bbox 436 5674 2025 5746; baseline 0.002 -19"><span class='ocrx_word' id='word_1_710' title='bbox 436 5674 573 5742; x_wconf 86' lang='lat' dir='ltr'><strong>ipsis</strong></span> <span class='ocrx_word' id='word_1_711' title='bbox 604 5675 803 5745; x_wconf 85' lang='lat' dir='ltr'><strong>templa</strong></span> <span class='ocrx_word' id='word_1_712' title='bbox 839 5686 1203 5741; x_wconf 77' lang='lat' dir='ltr'><strong>construeret,</strong></span> <span class='ocrx_word' id='word_1_713' title='bbox 1237 5693 1338 5732; x_wconf 89' lang='lat' dir='ltr'><strong>nec</strong></span> <span class='ocrx_word' id='word_1_714' title='bbox 1381 5691 1571 5731; x_wconf 88' lang='lat' dir='ltr'><strong>eorum</strong></span> <span class='ocrx_word' id='word_1_715' title='bbox 1622 5685 1829 5730; x_wconf 85' lang='lat' dir='ltr'><strong>statuas</strong></span> <span class='ocrx_word' id='word_1_716' title='bbox 1862 5685 2025 5746; x_wconf 91' lang='lat' dir='ltr'><strong>atque</strong></span> 
     </span>
    </p>
   </div>
   <div class='ocr_carea' id='block_1_88' title="bbox 441 5765 2023 5836">
    <p class='ocr_par' dir='ltr' id='par_1_88' title="bbox 441 5765 2023 5836">
     <span class='ocr_line' id='line_1_88' title="bbox 441 5765 2023 5836; baseline 0.003 -18"><span class='ocrx_word' id='word_1_717' title='bbox 441 5766 735 5821; x_wconf 72' lang='lat' dir='ltr'><strong>simulacra</strong></span> <span class='ocrx_word' id='word_1_718' title='bbox 765 5766 1047 5822; x_wconf 75' lang='lat' dir='ltr'><strong>mortalem</strong></span> <span class='ocrx_word' id='word_1_719' title='bbox 1075 5767 1239 5821; x_wconf 86' lang='lat' dir='ltr'><strong>ullam</strong></span> <span class='ocrx_word' id='word_1_720' title='bbox 1266 5771 1318 5821; x_wconf 93' lang='lat' dir='ltr'><strong>in</strong></span> <span class='ocrx_word' id='word_1_721' title='bbox 1351 5767 1588 5836; x_wconf 89' lang='lat' dir='ltr'><strong>speciem</strong></span> <span class='ocrx_word' id='word_1_722' title='bbox 1611 5765 1906 5836; x_wconf 73' lang='lat' dir='ltr'><strong>efﬁngeret,</strong></span> <span class='ocrx_word' id='word_1_723' title='bbox 1930 5767 2023 5822; x_wconf 86' lang='lat' dir='ltr'><strong>sed</strong></span> 
     </span>
    </p>
   </div>
   <div class='ocr_carea' id='block_1_89' title="bbox 2129 4575 3730 4649">
    <p class='ocr_par' dir='ltr' id='par_1_89' title="bbox 2129 4575 3730 4649">
     <span class='ocr_line' id='line_1_89' title="bbox 2129 4575 3730 4649; baseline 0.004 -21"><span class='ocrx_word' id='word_1_724' title='bbox 2129 4575 2343 4629; x_wconf 83' lang='grc' dir='ltr'>σέϐειαν</span> <span class='ocrx_word' id='word_1_725' title='bbox 2389 4579 2519 4639; x_wconf 89' lang='grc' dir='ltr'>παῖς</span> <span class='ocrx_word' id='word_1_726' title='bbox 2565 4575 2717 4647; x_wconf 83' lang='grc' dir='ltr'><strong>παρά</strong></span> <span class='ocrx_word' id='word_1_727' title='bbox 2756 4577 2960 4648; x_wconf 83' lang='grc' dir='ltr'>πατρὸς</span> <span class='ocrx_word' id='word_1_728' title='bbox 2985 4577 3354 4649; x_wconf 81' lang='grc' dir='ltr'>διαδεξάμενοι</span> <span class='ocrx_word' id='word_1_729' title='bbox 3397 4581 3492 4632; x_wconf 80' lang='grc' dir='ltr'>καὶ</span> <span class='ocrx_word' id='word_1_730' title='bbox 3544 4581 3730 4649; x_wconf 67' lang='grc' dir='ltr'>φυλά-</span> 
     </span>
    </p>
   </div>
   <div class='ocr_carea' id='block_1_90' title="bbox 2125 4667 3725 4743">
    <p class='ocr_par' dir='ltr' id='par_1_90' title="bbox 2125 4667 3725 4743">
     <span class='ocr_line' id='line_1_90' title="bbox 2125 4667 3725 4743; baseline 0.004 -24"><span class='ocrx_word' id='word_1_731' title='bbox 2125 4667 2332 4734; x_wconf 86' lang='grc' dir='ltr'>ξαντες.</span> <span class='ocrx_word' id='word_1_732' title='bbox 2365 4669 2432 4721; x_wconf 81' lang='grc' dir='ltr'><strong>Οἵ</strong></span> <span class='ocrx_word' id='word_1_733' title='bbox 2455 4685 2518 4737; x_wconf 88' lang='grc' dir='ltr'><strong>γε</strong></span> <span class='ocrx_word' id='word_1_734' title='bbox 2566 4668 2672 4740; x_wconf 81' lang='grc' dir='ltr'>μὴν</span> <span class='ocrx_word' id='word_1_735' title='bbox 2710 4669 2886 4722; x_wconf 78' lang='grc' dir='ltr'>λοιποὶ</span> <span class='ocrx_word' id='word_1_736' title='bbox 2929 4669 3038 4724; x_wconf 87' lang='grc' dir='ltr'><strong>τῶν</strong></span> <span class='ocrx_word' id='word_1_737' title='bbox 3066 4670 3367 4742; x_wconf 82' lang='grc' dir='ltr'>ἀνθρώπων</span> <span class='ocrx_word' id='word_1_738' title='bbox 3411 4673 3570 4743; x_wconf 82' lang='grc' dir='ltr'>τῆσδε</span> <span class='ocrx_word' id='word_1_739' title='bbox 3609 4674 3725 4742; x_wconf 82' lang='grc' dir='ltr'>τῆς</span> 
     </span>
    </p>
   </div>
   <div class='ocr_carea' id='block_1_91' title="bbox 2129 4757 3726 4830">
    <p class='ocr_par' dir='ltr' id='par_1_91' title="bbox 2129 4757 3726 4830">
     <span class='ocr_line' id='line_1_91' title="bbox 2129 4757 3726 4830; baseline 0.003 -20"><span class='ocrx_word' id='word_1_740' title='bbox 2129 4759 2297 4829; x_wconf 89' lang='grc' dir='ltr'>μόνης</span> <span class='ocrx_word' id='word_1_741' title='bbox 2322 4759 2416 4811; x_wconf 65' lang='grc' dir='ltr'><strong>καὶ⁵</strong></span> <span class='ocrx_word' id='word_1_742' title='bbox 2453 4757 2686 4828; x_wconf 82' lang='grc' dir='ltr'>ἀληθοῦς</span> <span class='ocrx_word' id='word_1_743' title='bbox 2714 4759 3082 4823; x_wconf 85' lang='grc' dir='ltr'>ἀποπεσόντες</span> <span class='ocrx_word' id='word_1_744' title='bbox 3109 4761 3412 4825; x_wconf 73' lang='grc' dir='ltr'>εὐσεϐείας,</span> <span class='ocrx_word' id='word_1_745' title='bbox 3456 4763 3529 4814; x_wconf 87' lang='grc' dir='ltr'><strong>τά</strong></span> <span class='ocrx_word' id='word_1_746' title='bbox 3563 4779 3726 4830; x_wconf 74' lang='grc' dir='ltr'>φωσ-</span> 
     </span>
    </p>
   </div>
   <div class='ocr_carea' id='block_1_92' title="bbox 2128 4847 3724 4924">
    <p class='ocr_par' dir='ltr' id='par_1_92' title="bbox 2128 4847 3724 4924">
     <span class='ocr_line' id='line_1_92' title="bbox 2128 4847 3724 4924; baseline 0.003 -21"><span class='ocrx_word' id='word_1_747' title='bbox 2128 4851 2269 4922; x_wconf 81' lang='grc' dir='ltr'>φόρα</span> <span class='ocrx_word' id='word_1_748' title='bbox 2313 4849 2422 4903; x_wconf 83' lang='grc' dir='ltr'>τῶν</span> <span class='ocrx_word' id='word_1_749' title='bbox 2455 4852 2742 4923; x_wconf 82' lang='grc' dir='ltr'>οὐρανίων,</span> <span class='ocrx_word' id='word_1_750' title='bbox 2787 4852 2989 4923; x_wconf 83' lang='grc' dir='ltr'>σαρκὸς</span> <span class='ocrx_word' id='word_1_751' title='bbox 3034 4852 3352 4923; x_wconf 80' lang='grc' dir='ltr'>ὀφθαλμοῖς,</span> <span class='ocrx_word' id='word_1_752' title='bbox 3399 4847 3488 4907; x_wconf 75' lang='grc' dir='ltr'>οἶα</span> <span class='ocrx_word' id='word_1_753' title='bbox 3529 4855 3724 4924; x_wconf 80' lang='grc' dir='ltr'>νήπιοι</span> 
     </span>
    </p>
   </div>
   <div class='ocr_carea' id='block_1_93' title="bbox 2124 4940 3729 5011">
    <p class='ocr_par' dir='ltr' id='par_1_93' title="bbox 2124 4940 3729 5011">
     <span class='ocr_line' id='line_1_93' title="bbox 2124 4940 3729 5011; baseline 0.002 -17"><span class='ocrx_word' id='word_1_754' title='bbox 2124 4941 2224 5004; x_wconf 83' lang='grc' dir='ltr'>τὰς</span> <span class='ocrx_word' id='word_1_755' title='bbox 2249 4940 2425 5010; x_wconf 75' lang='grc' dir='ltr'>ψυχὰς</span> <span class='ocrx_word' id='word_1_756' title='bbox 2458 4941 2918 5011; x_wconf 84' lang='grc' dir='ltr'>καταπλαγέντες,</span> <span class='ocrx_word' id='word_1_757' title='bbox 2949 4943 3104 5007; x_wconf 90' lang='grc' dir='ltr'>θεούς</span> <span class='ocrx_word' id='word_1_758' title='bbox 3143 4961 3201 4996; x_wconf 88' lang='grc' dir='ltr'><strong>τε</strong></span> <span class='ocrx_word' id='word_1_759' title='bbox 3229 4945 3468 5007; x_wconf 88' lang='grc' dir='ltr'>ἀνεῖπον,</span> <span class='ocrx_word' id='word_1_760' title='bbox 3497 4945 3590 4996; x_wconf 74' lang='grc' dir='ltr'><strong>καὶ</strong></span> <span class='ocrx_word' id='word_1_761' title='bbox 3619 4943 3729 4997; x_wconf 84' lang='grc' dir='ltr'>θυ-</span> 
     </span>
    </p>
   </div>
   <div class='ocr_carea' id='block_1_94' title="bbox 2128 5028 3726 5103">
    <p class='ocr_par' dir='ltr' id='par_1_94' title="bbox 2128 5028 3726 5103">
     <span class='ocr_line' id='line_1_94' title="bbox 2128 5028 3726 5103; baseline 0.001 -21"><span class='ocrx_word' id='word_1_762' title='bbox 2128 5031 2268 5094; x_wconf 89' lang='grc' dir='ltr'>σίαις</span> <span class='ocrx_word' id='word_1_763' title='bbox 2308 5031 2399 5083; x_wconf 79' lang='grc' dir='ltr'><strong>καὶ</strong></span> <span class='ocrx_word' id='word_1_764' title='bbox 2430 5033 2864 5102; x_wconf 83' lang='grc' dir='ltr'>προσκυνήσεσιν</span> <span class='ocrx_word' id='word_1_765' title='bbox 2903 5031 3214 5103; x_wconf 74' lang='grc' dir='ltr'><strong>ἐγέραιρον⁴</strong></span> <span class='ocrx_word' id='word_1_766' title='bbox 3259 5031 3320 5083; x_wconf 84' lang='grc' dir='ltr'><strong>οὐ</strong></span> <span class='ocrx_word' id='word_1_767' title='bbox 3350 5028 3486 5094; x_wconf 82' lang='grc' dir='ltr'>νεὼς</span> <span class='ocrx_word' id='word_1_768' title='bbox 3519 5029 3726 5101; x_wconf 84' lang='grc' dir='ltr'>δειμά-</span> 
     </span>
    </p>
   </div>
   <div class='ocr_carea' id='block_1_95' title="bbox 2130 5121 3722 5194">
    <p class='ocr_par' dir='ltr' id='par_1_95' title="bbox 2130 5121 3722 5194">
     <span class='ocr_line' id='line_1_95' title="bbox 2130 5121 3722 5194; baseline 0 -20"><span class='ocrx_word' id='word_1_769' title='bbox 2130 5140 2301 5194; x_wconf 86' lang='grc' dir='ltr'>μενοι,</span> <span class='ocrx_word' id='word_1_770' title='bbox 2336 5123 2442 5175; x_wconf 88' lang='grc' dir='ltr'>οὐδ¹</span> <span class='ocrx_word' id='word_1_771' title='bbox 2479 5121 2813 5194; x_wconf 75' lang='grc' dir='ltr'>ἀφιδρύμασι</span> <span class='ocrx_word' id='word_1_772' title='bbox 2857 5125 2952 5177; x_wconf 72' lang='grc' dir='ltr'><strong>καὶ</strong></span> <span class='ocrx_word' id='word_1_773' title='bbox 2993 5122 3200 5188; x_wconf 82' lang='grc' dir='ltr'>ξοάνοις</span> <span class='ocrx_word' id='word_1_774' title='bbox 3250 5121 3460 5192; x_wconf 84' lang='grc' dir='ltr'>θνητῶν</span> <span class='ocrx_word' id='word_1_775' title='bbox 3493 5121 3722 5184; x_wconf 78' lang='grc' dir='ltr'>εἰκόνας</span> 
     </span>
    </p>
   </div>
   <div class='ocr_carea' id='block_1_96' title="bbox 2126 5214 3729 5286">
    <p class='ocr_par' dir='ltr' id='par_1_96' title="bbox 2126 5214 3729 5286">
     <span class='ocr_line' id='line_1_96' title="bbox 2126 5214 3729 5286; baseline -0.001 -18"><span class='ocrx_word' id='word_1_776' title='bbox 2126 5215 2498 5286; x_wconf 86' lang='grc' dir='ltr'>πλασάμενοι·</span> <span class='ocrx_word' id='word_1_777' title='bbox 2531 5215 2667 5286; x_wconf 86' lang='grc' dir='ltr'>πρὸς</span> <span class='ocrx_word' id='word_1_778' title='bbox 2697 5215 2890 5286; x_wconf 86' lang='grc' dir='ltr'>αἰθέρα</span> <span class='ocrx_word' id='word_1_779' title='bbox 2915 5215 2972 5268; x_wconf 81' lang='grc' dir='ltr'>δὲ</span> <span class='ocrx_word' id='word_1_780' title='bbox 3001 5216 3093 5267; x_wconf 75' lang='grc' dir='ltr'><strong>καὶ</strong></span> <span class='ocrx_word' id='word_1_781' title='bbox 3122 5214 3281 5267; x_wconf 85' lang='grc' dir='ltr'>αὐτὸν</span> <span class='ocrx_word' id='word_1_782' title='bbox 3315 5215 3542 5286; x_wconf 82' lang='grc' dir='ltr'>οὐρανὸν</span> <span class='ocrx_word' id='word_1_783' title='bbox 3575 5214 3729 5266; x_wconf 86' lang='grc' dir='ltr'>ἀπο-</span> 
     </span>
    </p>
   </div>
   <div class='ocr_carea' id='block_1_97' title="bbox 2127 5304 3722 5377">
    <p class='ocr_par' dir='ltr' id='par_1_97' title="bbox 2127 5304 3722 5377">
     <span class='ocr_line' id='line_1_97' title="bbox 2127 5304 3722 5377; baseline -0.001 -19"><span class='ocrx_word' id='word_1_784' title='bbox 2127 5305 2437 5368; x_wconf 79' lang='grc' dir='ltr'>ϐλέποντες,</span> <span class='ocrx_word' id='word_1_785' title='bbox 2473 5307 2569 5360; x_wconf 77' lang='grc' dir='ltr'>καὶ</span> <span class='ocrx_word' id='word_1_786' title='bbox 2599 5306 2760 5376; x_wconf 84' lang='grc' dir='ltr'>μέχρι</span> <span class='ocrx_word' id='word_1_787' title='bbox 2802 5306 2911 5358; x_wconf 83' lang='grc' dir='ltr'><strong>τῶν</strong></span> <span class='ocrx_word' id='word_1_788' title='bbox 2943 5306 3073 5377; x_wconf 83' lang='grc' dir='ltr'>τῇδε</span> <span class='ocrx_word' id='word_1_789' title='bbox 3121 5307 3412 5377; x_wconf 81' lang='grc' dir='ltr'>ὁρωμένων</span> <span class='ocrx_word' id='word_1_790' title='bbox 3443 5307 3563 5369; x_wconf 81' lang='grc' dir='ltr'>ταῖς</span> <span class='ocrx_word' id='word_1_791' title='bbox 3600 5304 3722 5374; x_wconf 65' lang='grc' dir='ltr'><strong>ψυ-</strong></span> 
     </span>
    </p>
   </div>
   <div class='ocr_carea' id='block_1_98' title="bbox 2126 5396 3724 5470">
    <p class='ocr_par' dir='ltr' id='par_1_98' title="bbox 2126 5396 3724 5470">
     <span class='ocr_line' id='line_1_98' title="bbox 2126 5396 3724 5470; baseline -0.003 -18"><span class='ocrx_word' id='word_1_792' title='bbox 2126 5401 2248 5469; x_wconf 83' lang='grc' dir='ltr'>χαῖς</span> <span class='ocrx_word' id='word_1_793' title='bbox 2287 5397 2688 5469; x_wconf 78' lang='grc' dir='ltr'>ἐφικνούμενοι.</span> <span class='ocrx_word' id='word_1_794' title='bbox 2733 5397 2867 5450; x_wconf 86' lang='grc' dir='ltr'>Ἀλλ’</span> <span class='ocrx_word' id='word_1_795' title='bbox 2893 5398 2954 5450; x_wconf 84' lang='grc' dir='ltr'><strong>οὐ</strong></span> <span class='ocrx_word' id='word_1_796' title='bbox 2981 5398 3111 5468; x_wconf 85' lang='grc' dir='ltr'>τῇδε</span> <span class='ocrx_word' id='word_1_797' title='bbox 3147 5399 3256 5470; x_wconf 88' lang='grc' dir='ltr'>ἄρα</span> <span class='ocrx_word' id='word_1_798' title='bbox 3291 5400 3520 5462; x_wconf 77' lang='grc' dir='ltr'>καὶτοῖς</span> <span class='ocrx_word' id='word_1_799' title='bbox 3550 5396 3724 5468; x_wconf 79' lang='grc' dir='ltr'>μετέ-</span> 
     </span>
    </p>
   </div>
   <div class='ocr_carea' id='block_1_99' title="bbox 2127 5491 3719 5563">
    <p class='ocr_par' dir='ltr' id='par_1_99' title="bbox 2127 5491 3719 5563">
     <span class='ocr_line' id='line_1_99' title="bbox 2127 5491 3719 5563; baseline -0.001 -19"><span class='ocrx_word' id='word_1_800' title='bbox 2127 5509 2288 5545; x_wconf 84' lang='grc' dir='ltr'>πειτα</span> <span class='ocrx_word' id='word_1_801' title='bbox 2315 5491 2621 5563; x_wconf 84' lang='grc' dir='ltr'>ἀνθρώποις</span> <span class='ocrx_word' id='word_1_802' title='bbox 2640 5492 2708 5545; x_wconf 81' lang='grc' dir='ltr'><strong>τά</strong></span> <span class='ocrx_word' id='word_1_803' title='bbox 2733 5493 2835 5563; x_wconf 82' lang='grc' dir='ltr'>τῆς</span> <span class='ocrx_word' id='word_1_804' title='bbox 2855 5492 3113 5545; x_wconf 80' lang='grc' dir='ltr'>πολυθέου</span> <span class='ocrx_word' id='word_1_805' title='bbox 3142 5493 3349 5561; x_wconf 87' lang='grc' dir='ltr'>πλάνης</span> <span class='ocrx_word' id='word_1_806' title='bbox 3367 5492 3719 5562; x_wconf 84' lang='grc' dir='ltr'>περιίστατο,</span> 
     </span>
    </p>
   </div>
   <div class='ocr_carea' id='block_1_100' title="bbox 2127 5583 3723 5656">
    <p class='ocr_par' dir='ltr' id='par_1_100' title="bbox 2127 5583 3723 5656">
     <span class='ocr_line' id='line_1_100' title="bbox 2127 5583 3723 5656; baseline -0.002 -20"><span class='ocrx_word' id='word_1_807' title='bbox 2127 5583 2416 5637; x_wconf 82' lang='grc' dir='ltr'>ἐλαύνοντα</span> <span class='ocrx_word' id='word_1_808' title='bbox 2439 5583 2496 5637; x_wconf 84' lang='grc' dir='ltr'><strong>δὲ</strong></span> <span class='ocrx_word' id='word_1_809' title='bbox 2520 5586 2602 5648; x_wconf 90' lang='grc' dir='ltr'><strong>είς</strong></span> <span class='ocrx_word' id='word_1_810' title='bbox 2630 5583 2789 5654; x_wconf 83' lang='grc' dir='ltr'>βυθὸν</span> <span class='ocrx_word' id='word_1_811' title='bbox 2818 5584 3022 5650; x_wconf 81' lang='grc' dir='ltr'>κακῶν,</span> <span class='ocrx_word' id='word_1_812' title='bbox 3057 5583 3277 5656; x_wconf 78' lang='grc' dir='ltr'>μείζονα</span> <span class='ocrx_word' id='word_1_813' title='bbox 3297 5584 3393 5656; x_wconf 80' lang='grc' dir='ltr'>τῆς</span> <span class='ocrx_word' id='word_1_814' title='bbox 3419 5583 3723 5652; x_wconf 84' lang='grc' dir='ltr'>ἀθεότητος</span> 
     </span>
    </p>
   </div>
   <div class='ocr_carea' id='block_1_101' title="bbox 2127 5673 3723 5750">
    <p class='ocr_par' dir='ltr' id='par_1_101' title="bbox 2127 5673 3723 5750">
     <span class='ocr_line' id='line_1_101' title="bbox 2127 5673 3723 5750; baseline -0.003 -21"><span class='ocrx_word' id='word_1_815' title='bbox 2127 5677 2224 5749; x_wconf 80' lang='grc' dir='ltr'>τὴν</span> <span class='ocrx_word' id='word_1_816' title='bbox 2258 5677 2575 5734; x_wconf 77' lang='grc' dir='ltr'>δυσσέϐειαν</span> <span class='ocrx_word' id='word_1_817' title='bbox 2609 5679 3005 5750; x_wconf 80' lang='grc' dir='ltr'>ἀπειργάζετο,</span> <span class='ocrx_word' id='word_1_818' title='bbox 3053 5680 3333 5742; x_wconf 77' lang='grc' dir='ltr'>Φοινίκων,</span> <span class='ocrx_word' id='word_1_819' title='bbox 3379 5673 3497 5730; x_wconf 80' lang='grc' dir='ltr'>εἶτα</span> <span class='ocrx_word' id='word_1_820' title='bbox 3541 5675 3723 5740; x_wconf 81' lang='grc' dir='ltr'>Δίγυ-</span> 
     </span>
    </p>
   </div>
   <div class='ocr_carea' id='block_1_102' title="bbox 2129 5761 3718 5838">
    <p class='ocr_par' dir='ltr' id='par_1_102' title="bbox 2129 5761 3718 5838">
     <span class='ocr_line' id='line_1_102' title="bbox 2129 5761 3718 5838; baseline -0.001 -18"><span class='ocrx_word' id='word_1_821' title='bbox 2129 5767 2300 5823; x_wconf 86' lang='grc' dir='ltr'>πτίων</span> <span class='ocrx_word' id='word_1_822' title='bbox 2349 5769 2752 5838; x_wconf 75' lang='grc' dir='ltr'>ἀπαρξαμένων</span> <span class='ocrx_word' id='word_1_823' title='bbox 2816 5770 2916 5837; x_wconf 82' lang='grc' dir='ltr'>τῆς</span> <span class='ocrx_word' id='word_1_824' title='bbox 2967 5769 3207 5834; x_wconf 73' lang='grc' dir='ltr'>πλάνης·</span> <span class='ocrx_word' id='word_1_825' title='bbox 3265 5771 3392 5830; x_wconf 85' lang='grc' dir='ltr'>παρ’</span> <span class='ocrx_word' id='word_1_826' title='bbox 3441 5761 3516 5821; x_wconf 81' lang='grc' dir='ltr'>ὧν</span> <span class='ocrx_word' id='word_1_827' title='bbox 3570 5780 3718 5827; x_wconf 66' lang='lat' dir='ltr'><strong>eam</strong></span> 
     </span>
    </p>
   </div>
  </div>
