3948 6376
260 289 318 352 ιθ
793 247 798 250 ’
1394 285 1718 342 summa.
1762 291 1819 345 s‘

1884 291 2012 349 lNG-.
2058 293 2185 349 LIB.
2231 293 2268 349 l.
3376 301 3443 358 50

259 404 429 478 πρῶτον
457 395 641 468 Ὀρφέα
667 396 759 452 τὸν
795 398 1028 468 ’Υάγρου
1055 397 1164 470 (Η)
1195 401 1677 474 μεταστησάμενον
1697 404 1766 456 τὰ
1793 408 1818 464 Α

1883 419 2142 478 ispectum
2189 411 2242 463 in
2271 410 2466 464 aethera
2491 409 2800 481 coelumque
2833 411 3012 481 ipsum
3048 412 3270 467 omnino
3309 413 3442 469 dell-

254 497 356 567 παρ’
412 488 740 557 Αἰγυπτίοις,
801 490 1024 560 Ἕλλησι
1082 491 1398 561 μεταδοῦναι
1456 495 1762 564 μυστήρια,

1880 515 2037 572 geret,
2070 506 2287 575 vimque
2318 507 2515 562 mentis
2545 523 2760 562 omnem
2794 523 2974 562 rerum
2999 525 3210 575 earum,
3241 527 3360 582 quae
3385 513 3439 567 in

251 581 482 656 ὠσπεροῦν
506 581 593 635 καὶ
643 582 863 653 Κάδμον
889 582 956 636 τὰ
981 584 1258 638 Φοινικικὰ
1281 588 1393 649 τοῖς
1416 587 1599 651 αὐτοῖς
1624 588 1763 655 ἀγα-

1881 593 1958 648 llo
1989 604 2306 656 cernuntur,
2337 595 2533 650 linibus
2558 596 2892 650 terminaret.
2923 595 3114 652 Verum
3141 581 3440 667 enimvero,

244 682 335 750 γεῖν
358 673 477 748 μετὰ
501 673 588 727 καὶ
612 673 718 743 τῆς
743 674 848 728 τῶν
888 676 1230 746 γραμμάτων
1263 678 1548 749 μαθήσεως
1570 696 1582 709 ⁸
1612 678 1765 733 οὔπω

1882 699 2208 753 nequaquam
2231 685 2316 739 hic
2335 686 2482 740 stetit
2509 701 2720 750 eorum,
2744 688 2837 754 qui
2866 698 3055 757 postea
3087 691 3257 746 secuti
3285 701 3441 748 sunt.

240 773 326 841 γάρ
356 767 499 821 εἰσέτι
527 765 656 829 τοὺς
685 766 948 838 ’Έλληνας
983 767 1103 820 τότε
1144 769 1244 839 τὴν
1280 769 1388 822 τῶν
1419 771 1763 842 γραμμάτων

1880 779 2147 834 nominum
2180 779 2248 834 de
2292 781 2638 835 multitudine
2671 781 2898 836 deorum
2930 797 3105 848 error,
3143 785 3236 838 sed
3273 783 3327 839 in
3361 785 3439 840 ala

237 861 397 935 χρῆσιν
419 858 624 910 είδέναι.
659 857 856 928 Πρῶτα
880 859 1055 911 τοίνυν
1085 859 1398 931 σκεψόμεθα
1429 861 1497 915 τὰ
1523 863 1620 933 τῆς
1672 879 1763 915 κο-

1888 887 1974 925 am
2026 871 2390 938 improbitatis
2419 873 2735 942 voraginem
2769 882 2943 938 actus,
2974 875 3306 944 impietatem
3347 891 3444 946 pe-

243 951 488 1024 σμογονὶας
517 949 612 1019 τῆς
647 948 889 1021 πρώτης,
941 951 1088 1015 ὅπως
1127 953 1175 1005 οἱ
1218 952 1532 1024 δηλούμενοι
1563 954 1762 1026 διειλή-

1885 963 2005 1017 ierit
2044 963 2163 1032 ipso
2198 978 2415 1032 quoque
2442 973 2647 1032 negaui:
2678 963 2987 1022 Divinitatis
3011 967 3212 1023 scelere
3232 967 3444 1039 gravio-

235 1059 365 1113 φασιο
393 1041 567 1093 ἔπειτα
606 1040 682 1093 τὰ
720 1042 847 1113 περὶ
885 1042 982 1113 τῆς
1016 1041 1240 1114 πρώτης
1267 1046 1360 1098 καὶ
1394 1047 1760 1118 παλαιοτάτης

1885 1069 2015 1119 'em;
2057 1062 2220 1122 atque
2265 1054 2429 1122 hujus
2471 1055 2670 1109 erroris
2709 1054 2993 1113 thnices
3027 1074 3090 1113 ac
3123 1062 3286 1129 paulo
3318 1066 3444 1131 pos:

231 1135 303 1188 τοῦ
327 1132 418 1185 τῶν
440 1130 739 1203 ἀνθρώπων
769 1133 880 1204 βίου
918 1135 1368 1205 δεισιδαιμονίας
1417 1138 1511 1191 καὶ
1554 1139 1756 1209 τρίτον,

1882 1146 2122 1217 Egyptii,
2158 1157 2406 1202 auctores
2451 1146 2618 1201 fuere.
2661 1146 2902 1202 Primum
2945 1150 3088 1205 enim
3135 1165 3201 1206 ex
3243 1130 3441 1207 iisiOr-

231 1226 284 1280 τὰ
310 1224 562 1276 Φοινίκων·
593 1223 879 1295 τέταρτον,
922 1224 990 1277 τὰ
1016 1226 1346 1295 Αίγυπτίων.
1385 1228 1520 1282 Μεθ’
1544 1228 1579 1282 ἃ
1612 1231 1754 1300 πέμ-

1882 1237 2057 1290 ιιιοιιιη
2082 1245 2386 1290 memorant
2415 1234 2610 1306 Hyagri
2646 1237 2751 1307 18
2774 1237 2940 1292 lilium
2970 1240 3231 1296 translata
3254 1256 3441 1297 secum

231 1331 349 1375 πτον,
372 1314 432 1365 τά
469 1313 734 1384 Ἑλλήνων
759 1313 1042 1377 διελόντες,
1083 1315 1346 1388 πρότερον
1396 1318 1494 1388 μὲν
1529 1319 1628 1391 τὴν
1665 1321 1759 1373 καὶ

1883 1325 2239 1398 Egyptiorum
2277 1327 2529 1397 mysteria
2559 1342 2680 1380 cum
2714 1327 2914 1383 Graecis
2947 1329 3260 1387 hominibus
3286 1347 3442 1387 com-

227 1407 392 1460 τούτων
419 1405 650 1458 παλαιάν
694 1407 788 1459 καὶ
835 1407 1211 1480 μυθικωτέραν
1256 1409 1462 1481 πλάνην
1496 1412 1760 1465 ἐποπτεύ-

1880 1419 2200 1482 nunieasse;
2245 1417 2562 1472 thnicum
2603 1427 2782 1471 autem
2823 1419 3110 1490 religiones
3143 1422 3284 1491 apud
3316 1438 3439 1478 cos-

228 1518 382 1571 οομεν·
420 1496 532 1553 εἶτα
563 1500 621 1552 δὲ
646 1502 749 1574 τὴν
784 1503 1112 1574 σεμνοτέραν
1146 1504 1238 1556 καὶ
1277 1505 1652 1576 φυσικωτέραν
1691 1505 1756 1576 δὴ

1880 1509 1980 1563 lem
2025 1525 2132 1562 una
2186 1525 2308 1563 cum
2364 1513 2605 1578 ipsarum
2661 1509 2960 1565 litterarum
3011 1513 3295 1582 disciplina
3333 1513 3439 1568 Ca-

225 1595 326 1662 r.ch
349 1592 474 1645 θεῶν
508 1591 828 1661 φιλοσοφίαν
849 1611 861 1623 ο
892 1595 984 1646 καὶ
1011 1592 1148 1664 μετὰ
1177 1593 1347 1648 ταῦτα
1376 1596 1465 1648 τὸν
1497 1597 1622 1666 περὶ
1648 1596 1755 1648 τῶν

1879 1598 2042 1652 lmum
2091 1600 2339 1654 intulisse
2369 1618 2381 1653 :
2412 1614 2509 1654 nec
2549 1599 2848 1654 litterarum
2878 1616 2944 1655 eo
2979 1601 3158 1658 adhuc
3196 1613 3438 1673 tempore

221 1683 508 1761 Oaapaa'n'bv
543 1686 892 1756 χρηστηρίων
918 1685 1072 1754 λόγον
1112 1686 1487 1757 ὲφοδεύσομεν·
1520 1689 1603 1756 ἐφ’
1652 1684 1752 1753 οἷς,

1875 1699 2047 1743 totum
2085 1688 2288 1744 Graecis
2338 1704 2498 1743 usum
2543 1687 2733 1744 fuisse.
2770 1688 2882 1745 Nos
2923 1691 3088 1762 igitur
3119 1691 3173 1745 in
3222 1693 3434 1762 primis,

222 1779 294 1830 καὶ
314 1775 371 1828 τὰ
398 1775 562 1846 σεμνὰ
589 1777 694 1847 τῆς
718 1779 968 1847 γενναίας
1006 1779 1270 1851 Ἑλλήνων
1300 1779 1616 1848 φιλοσοφίας
1641 1782 1759 1834 ἐπι-

1874 1796 1979 1850 ιιιεε
2000 1782 2063 1834 ad
2089 1781 2317 1850 primum
2341 1781 2487 1834 illam
2512 1781 2700 1834 mundi
2727 1758 3156 1851 procreationem
3184 1758 3433 1846 attinent,

219 1865 507 1938 σκεψόμεθα.
540 1868 762 1922 Τούτων
787 1869 834 1922 δ’
865 1872 1000 1940 ἡμῖν
1034 1870 1538 1942 διευκρινηθέντων,
1572 1874 1664 1925 ἐπὶ
1689 1873 1758 1926 τὰ

1878 1887 1922 1926 :o
1952 1873 2106 1940 plane
2133 1871 2294 1926 modo
2324 1871 2716 1940 spectabimus,
2756 1886 2867 1942 quo
2895 1873 3097 1943 vulgati
3124 1873 3437 1944 laudatique

217 1958 451 2028 ,Ἐϐραίων
470 1959 913 2030 μεταϐησόμεθα,
932 1961 1039 2014 τῶν
1064 1961 1127 2032 δὴ
1149 1960 1378 2032 πρώτων
1411 1963 1507 2016 καὶ
1544 1963 1759 2034 ἀληθῶς

1877 1981 1888 2017 ι
1917 1965 2075 2019 nobis
2105 1964 2398 2034 scriptores
2423 1965 2488 2018 de
2514 1963 2604 2017 illa
2643 1965 2995 2034 disputarunt
3023 1981 3038 2019 :
3073 1974 3186 2019 tum
3217 1981 3340 2035 qua:
3370 1965 3436 2020 de

223 2049 466 2121 'Eﬁpaiwv,
507 2051 602 2103 καὶ
645 2051 783 2121 μετὰ
833 2052 1005 2104 ταῦτα
1039 2053 1139 2124 τὴν
1186 2053 1449 2106 Ἰουδαίων
1489 2053 1758 2124 λαχόντων

1877 2055 2099 2122 irincipe
2130 2070 2193 2108 ac
2228 2054 2595 2108 vetusussima
2635 2056 2850 2123 generis
2907 2056 3136 2110 humani
3171 2056 3436 2126 supersti-

215 2142 563 2212 προσηγορίαν.
603 2143 728 2196 Ἐπὶ
747 2145 878 2201 πᾶσι
896 2143 952 2197 δὲ
980 2144 1208 2222 τούτοις,
1231 2144 1419 2216 ὥσπερ
1441 2146 1759 2217 ἐπισφραγι-

1883 2147 2006 2199 ione
2059 2146 2455 2214 prodiderunt:
2495 2146 2712 2200 tertium
2766 2162 2896 2200 vero
2949 2147 3130 2202 locum
3179 2146 3268 2210 iis,
3315 2161 3437 2216 quae

214 2250 303 2304 σμα
319 2233 416 2287 τῶν
440 2235 594 2299 ὅλων,
633 2236 922 2306 ἐποίσομεν
953 2236 1020 2288 τὰ
1041 2237 1303 2309 ἡμέτερα.
1343 2238 1680 2306 Ἀναγκαίως
1702 2238 1758 2292 δὲ

1878 2237 2164 2298 fhmnices,
2201 2246 2457 2305 quartum
2495 2237 2584 2300 iis,
2619 2253 2740 2306 quae
2779 2236 3020 2308 Egyptil
3047 2238 3304 2304 docuere,
3340 2238 3437 2292 tri~

211 2328 290 2397 τῆς
310 2325 496 2380 τούτων
525 2327 783 2381 ἁπάντων
817 2329 1260 2399 μνημονεύσομεν
1287 2330 1544 2398 ἱστορίας,
1570 2330 1645 2394 ὡς
1692 2329 1758 2384 ἂν

1873 2345 2116 2394 ;›υεηιυε;
2136 2329 2326 2398 quinto
2345 2336 2547 2394 autem,
2567 2345 2689 2398 quae
2707 2327 3018 2384 Graecorum
3039 2331 3259 2399 propria
3285 2337 3432 2393 sunt,

208 2419 279 2472 διὰ
319 2419 407 2490 τῆς
447 2419 557 2472 τῶν
616 2421 923 2491 ἑκασταχοῦ
980 2421 1443 2493 τεθαυμασμένων
1505 2423 1748 2494 παραθέ-

1881 2427 1932 2472 ta
1963 2419 2293 2484 dividemus,
2317 2429 2376 2474 ut
2397 2420 2633 2489 primum
2661 2419 2878 2489 quidem
2913 2419 3157 2487 priscum
3181 2418 3345 2472 etiam
3366 2418 3435 2472 il-

210 2525 322 2572 σεως
349 2513 389 2562 ό·
421 2511 518 2582 τῆς
570 2510 832 2580 ἀληθείας
873 2511 1094 2582 ἔλεγχος
1138 2514 1504 2585 ἀποδειχθείη,
1557 2514 1757 2568 ὁποίων

1871 2525 2034 2563 .orum
2088 2509 2445 2580 pluribusque
2492 2508 2690 2563 fabulis
2742 2507 3079 2577 implicatum
3138 2521 3380 2561 errorem
3415 2545 3430 2571 ,

207 2617 254 2652 τε
277 2603 418 2671 ἡμεῖς
461 2603 804 2665 ἀποστάντες
825 2643 838 2668 ,
878 2603 977 2675 τὴν
1007 2604 1198 2658 ὁποίαν
1237 2605 1491 2675 εἱλόμεθα
1525 2605 1756 2676 φανερὸν

1874 2601 2050 2656 leinde
2088 2602 2250 2670 paulo
2281 2601 2583 2672 graviorem
2631 2599 2912 2670 magisque
2955 2598 3091 2654 adeo
3130 2612 3253 2651 cum
3287 2598 3433 2668 ipsa-

207 2692 296 2753 τοῖς
328 2691 710 2762 ἐντυγχάνουσι
754 2693 981 2761 γένοιτο.
1026 2692 1187 2748 Ἀλλὰ
1233 2694 1342 2764 γὰρ
1381 2694 1624 2764 ἐπίωμεν
1663 2695 1756 2748 ἐπὶ

1872 2702 1968 2747 net
2025 2703 2217 2748 natura
2275 2693 2627 2762 conjunctam
2680 2689 3100 2760 philosophandi
3160 2689 3431 2744 rationem

206 2780 254 2833 τὸ
275 2782 492 2851 πρῶτον.
523 2784 700 2837 Πόθεν
725 2784 857 2856 δῆτα
880 2785 1264 2856 πιστωσόμεθα
1293 2785 1392 2850 τὰς
1417 2785 1752 2851 ἀποδείξειςς

1872 2786 2317 2854 :ontemplemur;
2351 2793 2463 2837 tum
2494 2798 2624 2838 vero
2653 2782 2718 2836 de
2759 2781 2991 2852 egregiis
3024 2782 3270 2851 ipsorum
3302 2794 3431 2835 ora-

205 2874 252 2925 οὐ
281 2875 366 2943 μὲν
393 2875 455 2948 δὴ
496 2876 562 2929 ὲκ
593 2875 706 2930 τῶν
736 2879 862 2947 παρ’
886 2879 1018 2948 ἡμῖν
1051 2877 1394 2949 γραμμάτων
1413 2917 1428 2944 ,
1465 2877 1541 2941 ὡς
1570 2878 1635 2931 ἂν
1679 2877 1753 2950 μὴ

1869 2877 1993 2932 :ulis
2051 2876 2470 2945 disputationem
2515 2889 2956 2944 persequamur:
3001 2873 3067 2928 ad
3122 2881 3428 2928 extremum

204 2963 414 3034 δοκοῐμεν
445 2968 823 3039 κεχαρισμένα
862 2970 1119 3040 πράττειν
1163 2969 1244 3040 τῷ
1282 2969 1447 3041 λόγον
1479 2971 1754 3042 μάρτυρες

1876 2967 2179 3039 gravissima
2225 2981 2454 3036 quaeque
2514 2966 2788 3022 orzeclarre
2849 2965 3164 3022 Grazcorum
3196 2965 3435 3036 philoso-

203 3053 249 3108 δὲ
280 3057 554 3127 παρέστων
587 3061 724 3128 ἡμῖν
771 3059 1036 3132 Ἐλλήνων
1073 3061 1252 3114 αὐτῶν
1285 3062 1341 3114 oi'
1375 3078 1433 3114 τε
1476 3062 1573 3133 τὴν
1607 3061 1755 3131 φιλο-

1876 3058 1996 3112 )hite
2021 3065 2293 3111 momenta
2317 3056 2702 3126 ponderemus.
2733 3054 2850 3109 Jam
2883 3056 2973 3110 ubi
3005 3056 3119 3111 haec
3141 3055 3326 3111 omnia
3352 3056 3435 3110 di-

206 3149 367 3215 σοᾳίαν
396 3148 717 3218 αὐχοῦντες,
751 3151 843 3205 καὶ
879 3150 978 3222 τὴν
1034 3151 1198 3222 ἄλλην
1243 3152 1354 3207 τῶν
1399 3151 1569 3206 ὲθνῶν
1609 3155 1752 3206 ἱστο-

1872 3150 2085 3220 ligenter
2116 3159 2168 3203 et
2194 3149 2472 3203 enucleate
2497 3147 2939 3213 discusserimus,
2976 3146 3044 3202 ad
3080 3146 3431 3202 Hebraeorum

203 3240 302 3308 ρίαν
333 3240 769 3312 διηρευνηκότες.
803 3244 1006 3314 Γράφει
1055 3245 1232 3298 τοίνυν
1265 3244 1470 3299 ἄνωθεν
1516 3243 1614 3315 τὴν
1646 3262 1753 3298 πα-

1876 3259 1960 3299 tos
2000 3243 2249 3314 dogmata
2297 3241 2661 3305 conferemus,
2685 3256 2876 3296 eorum
2910 3240 3132 3311 inquam
3175 3238 3435 3296 Hebraeo-

200 3328 330 3382 λαιὰν
359 3333 741 3405 ὑφηγούμενος
787 3333 1062 3402 θεολογίαν
1101 3336 1407 3404 Αίγυπτίων
1437 3337 1467 3390 ό
1501 3335 1756 3390 Σικελιώ-

1872 3351 2002 3401 rum,
2051 3335 2144 3405 qui
2192 3334 2350 3404 primi
2400 3350 2464 3389 ac
2495 3349 2622 3388 vere
2655 3333 2759 3388 hoc
2788 3332 3010 3387 nomine
3045 3331 3431 3399 censebantur,

199 3437 281 3490 της
321 3422 608 3494 Διόδωρος,
660 3422 1082 3494 γνωριμώτατος
1135 3425 1271 3497 ἀνὴρ
1324 3427 1437 3490 τοῖς
1490 3424 1755 3497 Ἐλλήνων

1870 3429 2063 3499 quique
2093 3426 2402 3481 Judteorum
2448 3425 2860 3496 appellationem
2897 3432 3084 3494 postea
3111 3424 3252 3478 nacti
3280 3431 3429 3479 sunt.

199 3511 536 3580 λογιωτάτοις,
581 3514 735 3567 ὼσὰν
775 3516 878 3569 ὑπὸ
934 3517 1062 3586 μίαν
1107 3516 1454 3588 συναγηοχὼς
1493 3534 1754 3590 πραγμαο

1874 3519 2066 3587 Quibus
2089 3518 2343 3573 omnibus
2368 3528 2678 3573 nostrorum
2709 3516 2942 3586 denique
2964 3516 3171 3570 rituum
3193 3513 3433 3584 explica-

196 3605 324 3658 τεὶαν
362 3605 587 3660 ἃπασαν
624 3606 720 3677 τὴν
755 3607 1032 3679 ἱστορικὴν
1073 3607 1496 3677 Βιϐλιοθήκην.
1557 3608 1646 3676 Ἐξ
1693 3603 1753 3665 οὗ

1868 3613 2082 3678 tionem,
2114 3612 2192 3667 sic
2221 3621 2478 3681 tanquam
2512 3612 2748 3681 sigillum
2800 3607 3020 3678 aliquod
3063 3607 3427 3676 imponemus.

199 3696 278 3747 καὶ
321 3697 510 3766 πρῶτα
564 3698 972 3769 παραθήσομαι,
1018 3699 1054 3754 ἃ.
1106 3701 1372 3773 περὶτῆς
1415 3701 1508 3755 τοῦ
1555 3702 1754 3766 παντὸς

1872 3703 2124 3758 Ξδιῑετυιη
2161 3703 2228 3757 ad
2273 3703 2652 3771 perterrendam
2697 3703 2926 3757 istorum
2970 3698 3214 3754 omnium
3257 3695 3431 3751 histo»

197 3790 533 3858 κοσμογονίας
575 3791 872 3861 ἀρχόμενος
898 3790 992 3844 τοῦ
1029 3791 1188 3860 λόγου
1223 3793 1483 3864 διείληφε,
1509 3794 1608 3859 τὰς
1644 3794 1752 3848 τῶν

1870 3796 1994 3850 riam
2030 3795 2350 3849 necessitate
2389 3795 2622 3864 quadam
2665 3793 3018 3856 adducimur;
3055 3798 3114 3845 ut
3140 3789 3207 3843 iis
3229 3803 3350 3858 (ιιιιο
3372 3787 3429 3842 in

197 3879 418 3935 παλαιῶν
462 3883 695 3954 ἱστορῶν
731 3883 909 3950 δόξας,
942 3884 1128 3938 τοῦτον
1163 3886 1254 3939 τὸν
1281 3887 1502 3960 τρόπον.

1867 3886 2097 3956 qualibet
2118 3886 2377 3955 religione
2407 3885 2666 3956 primaria
2690 3883 2998 3952 eximiaque
3029 3879 3198 3936 videri
3227 3878 3426 3942 solent,

195 3971 238 4026 in
265 3976 504 4030 omnium
533 3977 654 4032 luce
684 3979 895 4047 positis,
923 3979 1360 4049 ipsiusveritatis
1421 3983 1559 4037 ratio
1590 3981 1790 4037 clarius
1826 3980 2155 4044 deprehendi
2201 3981 2512 4050 certiusque
2561 3979 2759 4050 possit,
2805 3977 3048 4045 adeoque
3090 3988 3251 4030 nemo
3318 3987 3432 4027 non

194 4067 454 4142 intelligat,
482 4073 579 4142 qui
623 4074 782 4127 modo
816 4074 983 4129 libros
1013 4075 1178 4130 hosce
1206 4077 1428 4146 legerit,
1460 4076 1766 4146 cujnsmodi
1805 4077 1912 4132 sint
1937 4091 2058 4130 cum
2081 4089 2166 4139 ea,
2191 4091 2314 4144 quae.
2347 4075 2708 4140 deseruimus,
2749 4083 2862 4126 tum
2900 4071 2990 4126 illa
3015 4070 3238 4136 veritas,
3265 4081 3430 4138 quam

192 4165 341 4218 secuti
363 4180 582 4220 sumus.
608 4162 712 4219 Sed
745 4165 887 4219 enim
918 4165 983 4220 ad
1015 4166 1248 4236 primum
1277 4176 1438 4236 caput
1460 4167 1751 4237 aliquando
1790 4165 2091 4220 veniamus.
2125 4162 2279 4218 Unde
2325 4173 2505 4219 autem
2530 4159 3056 4218 demonstrationum
3117 4169 3434 4213 nostrarum

194 4256 517 4310 ﬁrmamenta
559 4255 900 4326 repetemus?
927 4271 1037 4310 non
1100 4256 1288 4326 utique
1357 4257 1560 4311 nostris
1630 4271 1695 4310 ex
1721 4254 1936 4319 litteris,
1986 4270 2054 4309 ne
2094 4253 2356 4308 doctrina:
2385 4253 2528 4323 {huic
2574 4261 2774 4308 nostrae
2809 4249 3013 4307 servire
3082 4248 3332 4314 nimium,
3366 4261 3432 4303 ac

191 4348 437 4418 prolixius
489 4347 769 4418 indulgere
810 4346 1114 4404 videamur.
1165 4347 1274 4403 Eos
1319 4363 1448 4419 ergo
1480 4348 1659 4419 potius
1687 4363 1753 4402 ex
1791 4345 1996 4402 Graacis
2024 4346 2155 4416 ipsis
2182 4355 2345 4402 testes
2370 4345 2758 4417 producamus,
2782 4345 2876 4414 qui
2936 4358 3046 4400 non
3103 4340 3268 4396 modo
3309 4341 3432 4408 phi-

192 4443 443 4513 losophiae
471 4444 697 4499 nomine
748 4445 1067 4515 gloriantur.
1126 4445 1220 4501 sed
1267 4455 1428 4501 etiam
1469 4445 1563 4516 qui
1597 4456 1912 4501 caeterarum
1963 4445 2207 4514 gentium
2277 4442 2533 4498 historias
2593 4439 2908 4512 diligentius
2972 4437 3323 4509 indagarunt.
3357 4432 3435 4489 Ac

191 4533 445 4592 Diodorus
489 4535 708 4605 quidem
768 4535 1006 4603 Siculus,
1045 4552 1130 4590 vir
1185 4535 1325 4607 apud
1366 4536 1566 4591 Graeca:
1632 4535 1955 4591 eruditionis
2011 4535 2282 4605 principes
2317 4533 2476 4604 longe
2532 4532 2874 4596 notissimus,
2906 4531 3106 4600 quippe
3131 4527 3222 4599 qui
3250 4539 3422 4582 unum

191 4628 238 4682 in
283 4645 482 4699 corpus
515 4629 892 4684 Bibliothecam
920 4630 1269 4686 historiarum
1315 4631 1626 4685 universam
1685 4630 2033 4700 eomnegerit,
2091 4630 2369 4699 antiquam
2399 4627 2776 4700 Egyptiorum
2806 4625 3130 4696 theologiam
3157 4623 3225 4678 ab
3284 4622 3433 4691 ipso-

145 4709 154 4722 ”
193 4734 287 4778 ruet
327 4739 618 4781 arcessens
649 4724 822 4794 capite
879 4725 1245 4795 prosequitur.
1301 4723 1380 4779 Ex
1431 4739 1539 4795 quo
1580 4724 1754 4794 prima
1794 4735 2004 4780 tantum
2034 4724 2126 4778 illa
2157 4722 2465 4793 subjiciam,
2494 4738 2618 4793 quae
2646 4723 2768 4791 ipso
2793 4721 2978 4778 statim
3036 4718 3217 4790 operis
3275 4715 3432 4770 initio

192 4827 419 4874 veterum
454 4819 754 4876 sententias
801 4834 1233 4875 commemorans
1276 4800 1348 4874 de
1389 4818 1582 4874 mundi
1625 4831 1749 4877 ortu
1787 4819 1935 4875 hunc
1968 4819 2023 4874 in
2051 4819 2274 4874 modum
2306 4817 2422 4888 ipse
2447 4817 2762 4889 disputavit.

253 4999 368 5076 (ll),
409 5000 676 5076 'I‘rijpov.
717 5001 936 5076 Qertum
969 5001 1182 5076 videtur
1238 5001 1446 5076 legend.
1494 5001 1749 5076 Οἰάγρου,

1707 5019 1749 5062 ).
2356 5039 2371 5054 .
2419 5042 2431 5054 .
2478 5040 2492 5054 .
2533 5009 2689 5070 caput
2720 5017 2752 5054 α
2780 4997 2971 5076 ceruice
3005 4993 3266 5076 revulsum

195 5065 271 5124 uti
291 5065 453 5145 habet
481 5065 646 5145 nam.
682 5073 912 5145 Οἴαγρος
942 5074 1084 5127 enim
1125 5088 1234 5126 non
1268 5065 1528 5144 ’Ύαγρος,
1552 5065 1752 5142 orphei
1997 5072 2217 5145 Gurgite
2238 5089 2355 5127 cum
2385 5071 2556 5126 medio
2584 5065 2799 5140 portans
2827 5068 3088 5136 OEugrius
3120 5065 3324 5117 llcbrtu

195 5153 351 5211 pater.
390 5144 534 5198 Stat.
569 5143 728 5198 Tlteb.
760 5159 790 5197 v
823 5143 836 5197 ὲ
1420 5143 1427 5144 “
2012 5143 2339 5198 Volneret...

947 5211 1401 5292 ._0’Eagriusnillic
1858 5215 2210 5292 Apollona":
2235 5215 2467 5292 413031.:
2672 5279 2697 5292 θ
2759 5281 2792 5292 Α
2873 5279 2900 5292 Δ
3048 5275 3128 5292 m7
3193 5270 3249 5292 μ’

318 5283 551 5407 acclivis
575 5283 712 5337 maio
743 5284 930 5338 mediis
957 5275 1245 5338 intersonat
1267 5283 1504 5352 Orpheus
1861 5351 1877 5411 1

367 5372 599 5411 animus.

1967 5286 2037 5339 Εί
2061 5283 2146 5354 μὴ
2172 5283 2261 5353 ἄρ’
2289 5275 2559 5354 Οἰάγροιο
2585 5279 2725 5349 παῖς
2751 5279 3020 5362 Θρηΐκιος
3048 5275 3311 5346 Ὀρφεύς.

1931 5371 1982 5411 c.

367 5356 599 5418 eniiqiis.
1861 5356 1982 5412 Etc.
2969 5360 2971 5362 ’

199 5419 326 5494 Virg.
366 5439 417 5477 tv
449 5423 709 5494 Georgia,
739 5439 790 5478 γ.
825 5423 970 5479 525τ
