3940 6380
494 380 554 434 ει
1157 373 1431 431 EUSEBll
1469 371 1949 431 CESARIENSIS
1984 371 2135 429 OPP.
2172 373 2351 429 PARS
2373 373 2435 428 ll.
2479 403 2545 412 —-
2584 371 3081 430 APOLOGETICA.
3668 380 3731 437 52

1030 495 1137 564 19
1173 493 1403 550 CAPUT
1444 493 1558 550 vn.

495 607 812 679 Cujusmodi
842 628 905 665 ex
952 621 1119 664 mente
1157 609 1463 734 (irwcorum
1510 610 1695 663 mundi
1737 618 1884 662 ortus
1914 609 2077 678 fuisse

1219 685 1411 734 icatur.

1219 685 1411 735 icatur.

573 795 592 828 ι
628 775 705 829 De
741 777 844 831 diis
877 776 1063 847 igitur.
1120 792 1258 845 quas
1280 786 1334 830 et
1378 775 1683 844 cujusmodi
1723 777 1971 833 notiones
2002 776 2077 831 illi

494 873 696 927 animis
733 871 1104 933 informarint,
1138 870 1231 938 qui
1282 869 1445 938 primi
1475 869 1643 923 divini
1685 871 1924 925 numinis
1964 871 2078 926 cul—

493 979 609 1017 tum
658 964 907 1031 exemplo
941 978 1041 1017 suo
1084 963 1339 1025 docuere,
1390 977 1453 1016 ac
1496 962 1562 1016 de
1606 963 1834 1031 singulis
1886 977 2077 1018 eorum

494 1052 695 1121 quibus
740 1052 1204 1105 immortalitatem
1279 1050 1476 1105 fabulae
1520 1051 1850 1116 tribuerunt,
1917 1052 2077 1106 dabi-

492 1156 619 1195 mus
643 1156 887 1211 Operam,
916 1150 973 1194 ut
998 1141 1257 1209 quoniam
1283 1142 1388 1196 hoc
1406 1149 1785 1212 argumentum
1804 1142 2075 1211 ejusmodi

492 1244 597 1294 est.
628 1234 772 1302 quod
802 1234 1018 1301 longam
1051 1234 1352 1287 orationem
1388 1234 1679 1298 desideret,
1716 1250 1816 1290 suo
1845 1252 2078 1306 quaeque

495 1326 613 1381 loco
632 1326 859 1380 scorsim
880 1326 1115 1395 plurima
1140 1328 1587 1395 complectamur.
1604 1328 1759 1384 Nunc
1783 1346 1935 1397 vero,
1958 1347 2080 1400 quae

492 1434 617 1473 cum
660 1420 725 1474 iis
775 1435 912 1488 quas
941 1435 1053 1488 prze
1086 1420 1337 1474 manibus
1362 1420 1645 1483 habemus,
1686 1422 1929 1477 historiis
1956 1438 2081 1478 con-

492 1519 755 1563 sentanea
788 1511 946 1565 nobis
980 1518 1036 1566 et
1062 1511 1417 1580 congruentia
1455 1513 1801 1578 videbuntur,
1839 1530 2081 1569 summa-

490 1601 589 1655 tim
627 1602 716 1656 bic
745 1618 805 1655 ea
840 1602 1216 1671 subjiciemus,
1247 1621 1313 1659 ne
1340 1604 1471 1675 quid
1499 1605 1746 1671 omnino,
1771 1606 1915 1676 quod
1938 1607 2077 1661 scitu

492 1692 718 1762 dignum
753 1693 845 1754 sit,
900 1695 1234 1763 requiratur.
1278 1696 1353 1751 Ac
1402 1697 1471 1751 de
1532 1697 1789 1753 universo
1859 1699 2077 1768 quidem

495 1782 779 1837 hominum
814 1800 1031 1853 genere,
1068 1787 1435 1857 omnibusque
1462 1788 1626 1843 rebus
1653 1805 1772 1859 qua:
1802 1789 1854 1842 in
1889 1790 2078 1860 cogni-

493 1874 566 1927 tis
620 1875 771 1928 orbis
815 1884 1084 1929 terrarum
1133 1878 1380 1945 partibus
1420 1888 1586 1947 gesta
1628 1887 1774 1941 sunt,
1822 1897 1985 1949 quam
2024 1882 2077 1935 in

494 1975 643 2019 tanta
694 1976 966 2021 vetustate
1008 1969 1126 2022 ﬁeri
1171 1970 1589 2025 accuratissime
1630 1972 1848 2041 poterit,
1890 1988 2079 2028 narra—

492 2059 699 2113 tionem
736 2060 1109 2125 instituemus,
1164 2078 1395 2132 eamque
1436 2063 1505 2117 ab
1534 2063 1723 2117 ultima
1755 2065 2077 2119 szeculorum

492 2151 757 2204 memoria
783 2163 1113 2219 repetemus.
1140 2154 1310 2222 Igitur
1335 2154 1402 2207 de
1423 2154 1600 2222 primo
1626 2154 1908 2209 hominum
1930 2165 2077 2221 ortu,

491 2241 636 2309 apud
674 2242 1026 2310 aequissimas
1062 2257 1126 2296 ac
1169 2244 1588 2312 probatissimos
1620 2260 1803 2297 rerum
1854 2255 2078 2299 natura-

492 2334 625 2387 lium
670 2333 1141 2405 historiarumque
1178 2337 1506 2405 scriptorcs,
1542 2338 1825 2391 sententia:
1860 2337 2080 2393 fuerunt

492 2425 720 2479 omnino
773 2426 914 2481 duae.
970 2425 1075 2492 Qui
1128 2426 1273 2480 enim
1326 2426 1496 2481 exiis
1539 2442 1639 2481 nec
1678 2427 1864 2481 mundi
1897 2436 2077 2482 ortum

496 2518 666 2573 ullum
714 2518 905 2585 fuisse,
952 2534 1053 2574 nec
1087 2519 1369 2574 interitum
1418 2520 1666 2574 futurum
1715 2536 1837 2576 esse
1883 2536 2081 2591 posue-

492 2617 643 2674 runt,
682 2609 715 2661 ii
745 2609 1139 2678 sempiternum
1173 2626 1391 2679 quoque
1422 2626 1593 2681 genus
1619 2612 1900 2665 hominum
1932 2627 2076 2676 esse,

494 2714 598 2753 nec
620 2699 728 2753 ullo
753 2716 992 2769 unquam
1016 2708 1257 2771 tempore
1281 2702 1495 2755 illorum
1515 2705 1945 2772 procreationem
1969 2719 2081 2759 cu}—

492 2792 641 2862 pisse
666 2792 975 2847 voluerunt.
1007 2791 1111 2859 Qui
1136 2809 1264 2847 vero
1290 2804 1608 2863 generatum
1638 2795 1891 2850 eumdem
1918 2807 2081 2865 atque

494 2901 827 2939 occasurum
861 2895 1211 2955 putaverunt,
1252 2887 1288 2940 ii
1319 2886 1540 2955 perinde
1561 2897 1722 2957 atque
1757 2888 1949 2957 ipsius,
1981 2887 2081 2942 ho-

498 2980 710 3033 minum
749 2979 910 3033 etiam
956 2980 1359 3049 generationem
1392 2989 1540 3034 certo
1568 2981 1802 3049 quodam
1839 2990 2081 3049 tempore

494 3072 822 3141 principium
853 3073 1108 3126 habuisse
1136 3070 1513 3125 defenderunt.
1533 3072 1743 3141 Quippe
1763 3086 1887 3126 cum
1916 3071 2082 3140 hujus

493 3166 733 3235 primum
768 3166 1009 3219 universi
1035 3166 1434 3234 coagmentatio
1460 3167 1813 3230 iieret,uuam
1840 3166 2077 3236 aliquam
2109 3189 2151 3246 ο

494 3259 619 3313 emli
668 3267 722 3311 et
768 3268 925 3311 terra:
969 3274 1035 3311 ex
1077 3258 1337 3327 permista
1391 3256 1733 3326 confusaque
1792 3257 2082 3312 amborum

493 3359 692 3404 natura
726 3349 958 3402 fortnam
992 3350 1266 3403 exstitisse
1292 3349 1522 3417 ;deinde
1568 3364 1698 3403 vero
1728 3348 1892 3404 simul
1921 3356 2084 3418 atque

496 3456 790 3511 corporum
824 3441 1105 3495 distinctio
1129 3439 1517 3507 successisset,
1537 3443 1799 3498 continuo
1818 3442 2082 3496 mundum

496 3536 740 3604 quidem,
778 3542 952 3588 totum
1004 3535 1173 3599 hunc,
1211 3549 1375 3605 quem
1416 3534 1686 3598 videmus,
1715 3535 1951 3604 partium
1987 3550 2081 3588 or—

497 3627 680 3680 dinem
713 3628 1011 3696 accepisse,
1046 3642 1227 3682 aerem
1268 3644 1399 3682 vero
1435 3629 1732 3683 continenti
1775 3638 1927 3683 motu
1964 3629 2081 3699 agi-

496 3718 601 3772 tari
632 3719 891 3787 ccepisse;
932 3720 1005 3773 ita
1054 3729 1235 3773 tamen
1270 3728 1328 3773 ut
1360 3736 1487 3789 pars
1525 3719 1646 3790 ejus
1685 3721 1841 3788 ignea
1888 3736 2081 3791 supre~

496 3824 644 3863 mam
672 3811 726 3861 in
754 3810 1030 3878 regionem
1068 3811 1328 3876 evolaret,
1363 3810 1509 3879 quod
1545 3811 1715 3880 ipsius
1746 3820 1937 3865 natura
1964 3827 2080 3865 sur-

496 3915 617 3954 sum
687 3901 928 3971 ingenita
985 3900 1207 3956 levitate
1267 3899 1501 3955 ferretur
1572 3901 1756 3970 (atque
1797 3900 1939 3955 hanc
1960 3917 2081 3957 esse

494 4006 742 4055 causam,
782 3993 1140 4062 quamobrem
1189 3993 1270 4047 sol
1313 3994 1429 4063 ipse
1470 4008 1535 4048 ac
1589 3993 1797 4062 reliqua
1838 3994 2078 4049 siderum

493 4085 793 4140 multitudo
830 4085 1227 4140 incitatissimae
1255 4086 1729 4140 circumvectionis
1752 4085 1954 4155 impetu
1988 4102 2078 4139 ra-

493 4180 772 4250 piantur);
797 4179 943 4248 quod
974 4187 1153 4232 autem
1181 4194 1464 4233 caenosum
1489 4194 1553 4233 ac
1576 4178 1849 4233 turbidum
1872 4188 2006 4245 erat,
2024 4179 2074 4233 id

494 4286 562 4324 ex
588 4269 798 4323 humidi
834 4270 1222 4338 conjunctione
1249 4279 1588 4335 concretum,
1621 4286 1789 4324 unum
1817 4270 1869 4323 in
1896 4270 2077 4325 locum

492 4363 566 4417 ob
593 4362 815 4416 insitam
848 4362 1169 4431 gravitatem
1213 4361 1541 4417 subsideret.
1589 4361 1724 4415 Illud
1755 4377 1917 4431 porro
1949 4377 2073 4416 eum

492 4454 550 4508 in
585 4468 643 4508 se
687 4453 864 4522 ipsum
910 4462 1170 4521 perpetua
1229 4454 1587 4508 conversione
1625 4453 1950 4519 volveretur,
2009 4470 2076 4508 ex

2107 500 2156 557 Α

2742 494 3137 548 ΚΕΦΔΛᾹΙΟΝ
3160 496 3231 547 Z'.

2179 606 2327 661 Ποία
2363 624 2452 673 τις
2489 601 2642 661 εῖναι
2675 605 2911 678 λέγεται
2956 607 3007 730 ήί
3035 607 3162 661 καθ’
3194 608 3491 677 Ἕλληνας
3531 628 3738 684 κοσμο-

2874 695 2982 730 γον
3008 694 3065 730 α.

2874 694 3065 746 γον-ια.

2251 767 2361 840 (ιὲ)
2402 787 2421 821 ι
2480 768 2617 841 Περὶ
2654 768 2750 839 μὲν
2781 762 2873 822 οὖν
2906 767 3041 821 θεῶν
3082 769 3233 832 τίνας
3263 770 3469 835 ἐννοίας
3515 771 3661 843 ἔσχον
3689 776 3734 828 οί

2180 862 2387 932 πρῶτοι
2433 863 2845 929 καταδείξαντες
2881 865 3047 934 τιμᾷν
3074 864 3135 916 τὸ
3162 866 3330 930 Θεῖον,
3358 865 3451 917 καὶ
3484 866 3607 936 περὶ
3639 867 3742 918 τῶν

2182 952 2662 1024 μυθολογουμένων
2722 954 2953 1007 ἑκάστου
3006 952 3115 1008 τῶν
3168 952 3471 1020 ἀθανάτων,
3527 955 3593 1007 τὰ
3651 956 3740 1025 μὲν

2180 1045 2348 1098 πολλὰ
2391 1044 2753 1111 συντάξασθαι
2787 1044 3165 1116 πειρασόμεθα
3208 1046 3328 1097 κατ’
3367 1044 3522 1107 ἰδίαν,
3572 1045 3657 1097 διὰ
3688 1046 3743 1099 τὸ

2180 1137 2275 1208 τὴν
2309 1136 2562 1189 ὑπόθεσιν
2589 1136 2793 1207 ταύτην
2825 1137 3017 1189 πολλοῦ
3051 1137 3209 1205 λόγου
3244 1136 3622 1208 προσδεῖσθαι·
3652 1139 3743 1192 ὅσα

2179 1225 2224 1278 δ’
2268 1225 2337 1279 ἂν
2373 1228 2495 1289 ταῖς
2539 1226 2926 1297 προκειμέναις
2968 1228 3230 1297 ἱστορίαις
3277 1227 3490 1280 ἐοικότα
3519 1227 3745 1298 δόξωμεν

2181 1320 2467 1389 ὑπάρχειν,
2518 1319 2906 1390 παραθήσομεν
2959 1321 3016 1373 ὲν
3073 1319 3409 1389 κεφαλαίοις,
3460 1320 3546 1373 ἵνα
3590 1321 3745 1392 μηδὲν

2180 1408 2285 1462 τῶν
2327 1410 2496 1480 ἀκοῆς
2528 1408 2694 1474 ἀξίων
2744 1410 3093 1482 ἐπιζητῆται.
3153 1412 3288 1482 Περί
3321 1412 3379 1464 δὲ
3428 1412 3519 1465 τοῦ
3566 1412 3748 1481 γένους

2179 1500 2286 1553 τῶν
2328 1502 2582 1555 ἁπάντων
2627 1501 2949 1575 ἀνθρώπων,
2999 1506 3092 1556 καί
3138 1504 3248 1557 τῶν
3301 1506 3657 1577 πραχθέντων
3695 1508 3748 1559 ὲν

2178 1597 2291 1657 τοῖς
2324 1594 2750 1666 γνωριζομένοις
2802 1596 2995 1668 μέρεσι
3040 1599 3140 1669 τῆς
3182 1599 3531 1669 οἰκουμένης,
3575 1599 3649 1663 ὡς
3690 1598 3749 1653 ἂν

2181 1685 2457 1757 ἐνδέχηται
2493 1688 2619 1758 περὶ
2644 1689 2752 1741 τῶν
2779 1687 2921 1741 οὕτω
2946 1689 3209 1754 παλαιῶν,
3239 1689 3484 1760 ἀκριϐῶς
3519 1690 3751 1761 ἀναγρά-

2180 1776 2373 1847 ψομεν,
2397 1776 2504 1830 ἀπὸ
2526 1777 2630 1830 τῶν
2654 1779 3026 1849 ἀρχαιοτάτων
3052 1780 3259 1851 χρόνων
3276 1780 3597 1853 ἀρξάμενοι,
3625 1782 3753 1853 Περὶ

2180 1870 2277 1932 τῆς
2326 1868 2545 1941 πρώτης
2579 1871 2755 1925 τοίνυν
2788 1872 3054 1941 γενέσεως
3087 1874 3194 1927 τῶν
3243 1873 3552 1946 ἀνθρώπων
3586 1874 3753 1928 διτταὶ

2181 1961 2465 2029 γεγόνασιν
2499 1963 2831 2031 ἀποφάνσεις
2865 1963 2975 2037 (-15)
3018 1964 3167 2035 παρά
3199 1968 3313 2028 τοῖς
3361 1966 3756 2036 νομιμωτάτοις

2178 2052 2287 2105 τῶν
2336 2070 2394 2105 τε
2429 2053 2760 2122 φυσιολόγων
2795 2059 2890 2108 καὶ
2919 2056 3028 2109 τῶν
3064 2056 3373 2128 ἱστορικῶν.
3420 2059 3485 2110 Οἱ
3524 2057 3621 2128 μὲν
3656 2056 3757 2128 γὰρ

2181 2145 2381 2209 αὑτῶν,
2429 2147 2689 2216 ἀγένητον
2735 2149 2831 2202 καὶ
2869 2149 3142 2221 ἄφθαρτον
3189 2150 3635 2221 ὑποστησάμενοι
3671 2148 3757 2202 τὸν

2180 2237 2401 2308 κόσμον,
2439 2242 2787 2311 ἀπεφήναντο
2827 2243 2921 2295 καὶ
2946 2242 3008 2295 τὸ
3039 2242 3195 2311 γένος
3228 2241 3339 2295 τῶν
3368 2241 3677 2314 ἀνθρώπων
3702 2239 3757 2305 ἐξ

2181 2329 2376 2393 αἰῶνος
2429 2332 2714 2403 ὑπάρχειν,
2767 2334 3033 2404 μηδέποτε
3076 2334 3175 2403 τῆς
3222 2334 3409 2388 αὑτῶν
3450 2332 3761 2397 τεκνώσεως

2180 2422 2353 2494 ἀρχὴν
2386 2424 2700 2495 ἐσχηκυίας.
2738 2427 2800 2478 Οἱ
2838 2426 2915 2489 δὲ,
2952 2427 3176 2498 γενητὸν
3203 2428 3295 2481 καὶ
3339 2426 3623 2497 ἄφθαρτον
3658 2428 3763 2497 (Η)

2181 2510 2319 2567 εἶναι
2363 2516 2703 2586 νομίσαντες,
2739 2518 2942 2589 ἔφησαν
2982 2520 3181 2589 ὁμοίως
3216 2520 3453 2584 ἐκείνοις
3490 2522 3601 2591 (l5)
3645 2522 3764 2584 τοὺς

2181 2606 2500 2678 ἀνθρώπους
2532 2612 2715 2679 τυχεῖν
2746 2610 2846 2680 τῆς
2880 2610 3102 2682 πρώτης
3142 2611 3414 2679 γενέσεως
3442 2613 3767 2684 ὡρισμένοις

2182 2701 2415 2772 χρόνοις.
2442 2701 2601 2754 Κατά
2628 2703 2735 2773 γὰρ
2760 2702 2857 2774 τὴν
2885 2701 2945 2767 ἐξ
2974 2704 3147 2775 ἀρχῆς
3168 2704 3276 2758 τῶν
3309 2705 3453 2758 ὅλων
3490 2705 3765 2770 σύστασιν,

2186 2794 2316 2863 μίαν
2362 2793 2503 2864 ἔχειν
2552 2795 2696 2849 ἰδέαν
2728 2797 2955 2866 οὐρανόν
3006 2814 3067 2849 τε
3103 2797 3196 2849 καὶ
3239 2798 3366 2868 γῆν,
3422 2799 3769 2870 μεμιγμένης

2183 2887 2361 2941 αὑτῶν
2390 2888 2490 2957 τῆς
2541 2888 2774 2957 φύσεως*
2815 2889 2952 2958 μετά
2991 2890 3048 2942 δὲ
3078 2889 3250 2943 ταῦτα
3290 2890 3638 2944 διαστάντων
3665 2889 3768 2943 τῶν

2186 2978 2453 3049 σωμάτων
2481 2978 2575 3030 ἀπ’
2623 2978 2885 3050 ἀλλήλων,
2919 2980 3011 3033 τὸν
3054 2980 3153 3050 μὲν
3202 2980 3411 3051 κόσμον
3460 2980 3775 3052 περιλαϐεῖν

2185 3070 2401 3124 ἃπασαν
2428 3070 2526 3142 τὴν
2556 3070 2841 3141 ὁρωμένην
2871 3072 2927 3123 ὲν
2954 3071 3101 3141 αὑτῷ
3131 3070 3409 3136 σύνταξιν,
3439 3072 3534 3125 τὸν
3564 3072 3610 3124 δ’
3637 3072 3772 3142 ἀέρα

2185 3164 2448 3233 κινήσεως
2478 3164 2659 3232 τυχεῖν
2692 3163 2964 3233 συνεχοῦς.
3002 3164 3110 3217 Καὶ
3140 3163 3199 3215 τὸ
3247 3165 3347 3234 μὲν
3387 3165 3642 3237 πυρῶδες
3679 3166 3774 3218 αὑσ

2189 3254 2283 3310 τοῦ
2316 3255 2451 3325 πρὸς
2474 3257 2600 3319 τοὺς
2630 3256 3062 3326 μετεωροτάτους
3087 3256 3284 3318 τόπους
3310 3258 3772 3329 συναναδραμεῖν,

2191 3345 2503 3417 ἀνωφεροῦς
2535 3344 2702 3415 οὔσης
2726 3347 2823 3415 τῆς
2853 3346 3105 3416 τοιαύτης
3146 3346 3366 3414 φύσεως
3399 3347 3495 3401 διὰ
3528 3350 3627 3417 τὴν
3657 3366 3780 3402 κου-

2191 3436 2428 3507 φότητα·
2460 3436 2551 3503 ἀφ’
2585 3430 2652 3506 ἧς
2684 3435 2859 3498 αἰτίας
2884 3434 2973 3487 τὸν
3013 3435 3110 3505 μὲν
3142 3435 3315 3504 ἥλιον,
3354 3438 3458 3489 καὶ
3493 3437 3557 3488 τὸ
3596 3436 3777 3489 λοιπὸν

2191 3529 2392 3600 πλῆθος
2430 3530 2538 3583 τῶν
2580 3529 2794 3599 ἄστρων
2834 3527 3272 3597 ἐναποληφθῆναι
3316 3531 3388 3599 τῇ
3438 3529 3598 3601 πάσῃ
3638 3527 3777 3598 δίνη

2186 3618 2249 3672 τὸ
2280 3619 2337 3671 δὲ
2372 3619 2590 3683 ἰλυῶδες
2614 3619 2708 3672 καὶ
2737 3617 2953 3689 θολερὸν
2986 3618 3123 3689 μετά
3146 3617 3247 3687 τῆς
3272 3617 3388 3671 τῶν
3422 3619 3614 3690 ὑγρῶν
3650 3633 3779 3685 συγ-

2190 3711 2423 3782 κρίσεως
2457 3712 2549 3763 ὲπῖ
2588 3709 2751 3763 ταὺτὸ
2790 3709 3121 3779 καταστῆναι
3154 3706 3241 3760 διὰ
3272 3707 3336 3760 τὸ
3369 3707 3567 3779 βάροςο
3605 3704 3781 3760 εξ.λοὺ-

2192 3824 2351 3877 μενον
2396 3806 2441 3858 δ’
2487 3808 2545 3860 ἐν
2590 3805 2763 3876 ἑαυτῷ
2796 3806 2890 3859 καί
2929 3804 3365 3875 συστρεφόμενον
3403 3805 3679 3875 συνεχῶς,
3721 3803 3783 3856 ὲκ

2191 3901 2289 3972 μὲν
2316 3898 2423 3953 τῶν
2452 3900 2653 3972 ὑγρῶν,
2680 3899 2779 3971 τὴν
2810 3899 3082 3953 θάλασσαν
3103 3915 3116 3927 ·
3147 3899 3210 3949 ὲκ
3232 3896 3286 3949 δὲ
3312 3895 3429 3950 τῶν
3462 3914 3784 3969 στερεμνωο·

2185 3992 2361 4063 τέρων
2398 3994 2616 4063 ποιῆσαι
2642 3994 2740 4063 τὴν
2772 3993 2894 4063 γῆν,
2923 3990 3164 4062 πηλώδη,
3194 3991 3286 4042 καὶ
3314 3990 3615 4054 παντελῶς
3647 3992 3788 4042 ἀπα-

2185 4085 2302 4158 λήν.
2337 4088 2548 4158 Ταύτην
2580 4087 2655 4149 δὲ,
2692 4085 2753 4138 τὸ
2784 4086 2880 4157 μὲν
2917 4084 3130 4155 πρῶτον
3174 4083 3265 4135 τοῦ
3308 4084 3449 4153 περὶ
3491 4084 3591 4137 τὸν
3636 4085 3787 4155 ῆλιον

2187 4179 2356 4249 πυρὸς
2386 4177 2854 4249 καταλάμψαντος,
2892 4173 3052 4247 πῆξιν
3091 4176 3291 4229 λαϐεῖν·
3328 4175 3537 4231 ἔπειτα
3575 4177 3668 4230 διὰ
3693 4178 3789 4244 τὴν

2186 4271 2486 4342 θερμασίαν
2527 4270 2897 4339 ἀναζεομένης
2928 4268 3038 4339 (16)
3064 4268 3162 4337 τῆς
3194 4269 3558 4337 ἐπιφανείας,
3607 4285 3788 4322 συνοι-

2183 4366 2343 4435 δῆσαί
2385 4382 2505 4418 τινα
2538 4366 2643 4417 τῶν
2678 4363 2857 4435 ὑγρῶν
2892 4361 3031 4416 κατά
3059 4362 3285 4425 πολλοὺς
3321 4363 3539 4427 τόπους
3569 4364 3668 4417 καὶ
3698 4380 3789 4431 γε·-

2184 4458 2368 4511 νέσθαι
2385 4458 2509 4528 περὶ
2530 4456 2665 4510 αὑτὰ
2696 4455 2989 4526 σηπεδόνας
3014 4454 3173 4524 ὑμέσι
3198 4453 3425 4537 λεπτρῖς
3450 4455 3793 4527 περιεχομέ-

495 4545 739 4600 humidis
790 4544 875 4598 sui
924 4544 1170 4613 partibus
1218 4560 1400 4611 mare,
1450 4546 1558 4615 20
1610 4560 1677 4599 ex
1726 4545 2078 4600 solidioribus

2184 4568 2298 4615 νας.
2334 4551 2507 4621 Ὅπερ
2551 4548 2693 4602 ἔστιν
2740 4548 2973 4601 ὲν¹ἓλεσι
3007 4548 3101 4602 καὶ
3138 4548 3250 4609 τοῖς
3291 4546 3643 4617 λιμνάζουσι
3684 4550 3791 4601 τῶν

494 4652 626 4692 vero
650 4647 851 4691 terram
872 4637 1110 4692 lutosam
1135 4637 1541 4708 admodumque
1559 4648 1799 4694 teneram
1832 4640 2084 4693 mollem-

494 4745 602 4799 que
634 4744 950 4798 procreasse
986 4747 998 4782 :
1037 4744 1158 4798 qum
1205 4729 1477 4799 principio
1508 4730 1727 4799 quidem
1760 4730 1917 4800 igneo
1946 4730 2079 4786 solis

496 4826 812 4883 irradiantis
843 4828 1023 4882 atllatu
1070 4837 1355 4897 compacta
1390 4828 1591 4883 sensim
1632 4844 1697 4883 ac
1722 4829 1919 4898 stipata
1949 4843 2081 4883 con-

496 4921 724 4987 stiterit;
768 4921 984 4983 dcinde.
1015 4936 1138 4975 cum
1186 4920 1388 4975 extima
1423 4922 1739 4989 superﬁcies
1789 4921 1840 4974 vi
1879 4921 2078 4977 caloris

494 5010 890 5079 eﬂ‘crvesceret,
917 5022 1100 5083 partes
1126 5010 1245 5078 ejus
1269 5012 1517 5081 quaedam
1549 5012 1885 5067 humidiores
1912 5012 2078 5067 variis

496 5103 729 5157 subinde
756 5105 893 5161 locis
935 5106 1318 5169 intumuerint,
1352 5105 1553 5174 quibus
1585 5105 1792 5160 inclusa
1821 5104 2077 5160 materies

495 5196 735 5263 putrida,
774 5200 1221 5271 niembranisque
1261 5198 1602 5254 tenuissimis
1640 5199 1884 5254 involuta
1931 5198 2079 5255 fove-

494 5297 644 5340 retur
682 5306 695 5341 :
745 5290 796 5343 id
840 5292 985 5358 quod
1021 5293 1077 5347 in
1119 5291 1327 5362 stagnis
1362 5292 1687 5357 etiamnum,
1715 5292 1958 5361 locisque
1981 5307 2077 5362 pa-

493 5379 759 5436 lustribus
795 5381 911 5436 fieri
954 5384 1223 5451 videmus,
1271 5384 1316 5439 si
1343 5383 1565 5454 quando
1604 5392 1959 5455 posteaquam
1986 5400 2077 5439 so-

569 5536 682 5611 (12)
723 5538 896 5595 Locus
952 5548 1130 5595 exstat
1180 5539 1321 5611 apud
1374 5539 1598 5594 Diodor.
1628 5540 1666 5593 ι.
1698 5540 1822 5609 ι,ἰ›.
1856 5539 1889 5593 6
1924 5555 2076 5594 novae

494 5607 1137 5748 θᾱέτὲἷηῗ-ίποφάνσεις.
1185 5680 1363 5744 Diod,
1399 5680 1721 5750 ἀποφάσεις.

565 5749 677 5817 (Η)
720 5752 1070 5821 ᾍρθιφτον.
1118 5751 1273 5805 Diod.
1308 5749 1564 5821 φθαρτόν,
1591 5762 1753 5808 recte.

562 5821 675 5890 (l5)
718 5819 1025 5892 chendum
1083 5823 1295 5877 videtur
1346 5819 1569 5892 ὲκέίνῳ,
1627 5836 1821 5894 nempe
1870 5823 1945 5894 τῷ
1985 5823 2072 5877 κό-

2181 4642 2363 4695 τόπων
2402 4641 2483 4693 ἔτι
2524 4640 2616 4693 καὶ
2660 4639 2754 4692 νῦν
2786 4640 3011 4710 ὁρᾶσθαι
3054 4638 3358 4709 γινόμενον,
3417 4640 3659 4693 ἐπειδὰν
3694 4641 3792 4711 τῆς

2181 4733 2363 4805 χώρας
2415 4732 2832 4801 κατεψυγμένης
2874 4732 3028 4801 ἄφνω
3073 4732 3337 4802 διάπυρος
3381 4732 3503 4805 ἀὴρ
3538 4734 3793 4804 γένηται,

2184 4828 2259 4899 μὴ
2293 4826 2471 4879 λαῦὼν
2509 4825 2607 4896 τὴν
2644 4824 2943 4896 μεταόολὴν
2984 4827 3049 4878 ἐκ
3092 4825 3185 4879 τοῦ
3223 4826 3345 4878 κατ’
3388 4827 3607 4895 ὀλίγον.
3646 4829 3794 4881 Ζωο-

2180 4918 2518 4990 γονουμένων
2565 4918 2621 4970 δὲ
2675 4917 2781 4970 τῶν
2828 4917 3008 4989 ὑγρῶν
3051 4917 3137 4971 διά
3183 4919 3279 4988 τῆς
3324 4917 3666 4992 θερμασίας
3706 4922 3798 4975 τὸν

2180 5011 2466 5083 εἰρημένον
2488 5010 2710 5082 τρόπον,
2743 5008 2843 5074 τὰς
2871 5010 2965 5079 μὲν
3004 5004 3204 5073 νὺκτας
3233 5009 3559 5081 λαμϐάνειν
3590 5014 3798 5068 αὑτίκα

2180 5108 2278 5178 τὴν
2310 5106 2514 5179 τροφὴν
2556 5108 2621 5159 ὲκ
2661 5106 2759 5176 τῆς
2799 5105 3101 5176 πιπτούσης
3144 5106 3252 5160 ἀπὸ
3277 5108 3380 5161 τοῦ
3418 5112 3799 5183 περιέχοντος

2179 5198 2437 5269 ὁμίχληςο
2472 5197 2569 5261 τὰς
2607 5197 2651 5250 δ’
2686 5197 2898 5270 ἡμέρας
2928 5195 3030 5249 ὑπὸ
3059 5198 3152 5250 τοῦ
3178 5197 3480 5270 καύματος
3526 5202 3798 5274 στερεοῦ-

2182 5292 2323 5345 σθαι.
2349 5292 2422 5345 Τὸ
2447 5291 2504 5344 δὲ
2530 5290 2775 5361 ἔσχατον,
2803 5288 2911 5343 τῶν
2936 5291 3404 5362 κυοφορουμένων
3433 5296 3546 5365 τὴν
3576 5294 3802 5347 τελείαν

2180 5382 2406 5456 αὔξησιν
2434 5382 2836 5454 λαμϐανόντων,
2861 5382 3080 5438 καὶτῶν
3106 5382 3319 5455 ὑμένων
3356 5385 3801 5442 διακαυθέντων

2180 5580 2359 5703 opai?)
2414 5631 2843 5706 Ἀναζὲομένης.
2885 5631 3038 5688 Diod.
3064 5641 3117 5687 et
3145 5631 3337 5706 NonL,
3380 5632 3808 5706 ἀναζυμουμέ-

2176 5722 2295 5774 νης.
2347 5706 2492 5774 quod
2544 5712 2627 5761 est
2677 5704 3042 5772 fermentatam
3080 5704 3231 5775 quasi
3272 5719 3531 5759 massam
3559 5704 3807 5763 imum-

2179 5790 2339 5829 scere.
