3948 6376
303 319 378 373 53
1479 332 1804 390 PliEPAR.

1925 337 2100 396 ’ANG.
2139 337 2268 396 LIB.
2309 340 2349 396 1.
3471 359 3540 415 54

295 455 358 490 τε
393 436 486 491 καὶ
527 442 988 513 περιρραγέντων,
1023 446 1325 518 ἀναφυῆναι
1358 451 1728 516 παντοδαποὺς
1771 456 1823 506 τε

1925 468 1944 518 L
1973 457 2084 512 lum
2118 458 2409 524 refrixerit,
2438 471 2570 516 aestu
2603 465 2886 534 repentino
2915 482 3008 522 aer
3031 469 3339 537 incalescat,
3365 489 3542 548 neque

296 545 433 593 παυς
457 529 632 595 ζώων.
673 534 886 589 Τούτων
930 537 988 590 δὲ
1033 539 1103 592 τά
1140 541 1237 610 μὲν
1270 541 1530 614 πλείστης
1567 543 1823 615 θερμασία

1968 549 2228 618 paulatim
2247 552 2601 608 mutationem
2621 529 2890 624 ejusmodi
2920 559 3176 629 patiatur.
3206 561 3394 634 Itaque
3413 529 3538 625 cum

291 625 749 694 κεκοινωνηκότα,
793 628 1095 709 πρὸςτοὺς
1133 632 1436 705 μετεώρους
1465 635 1660 700 τόπους
1697 638 1823 690 ἀπε)

1965 640 2304 698 humidiores
2331 643 2436 698 illa:
2466 655 2648 714 partes
2678 647 2824 704 hunc
2866 625 3172 708 inmodum
3196 625 3412 712 vitalem
3441 675 3540 730 pa-

288 712 422 779 85t‘v,
457 717 728 787 γενόμενα
767 720 972 790 πτηνάο
1023 721 1092 775 τά
1144 723 1200 778 δὲ
1244 724 1478 794 γεώδους
1530 728 1866 799 ἀντεχόμενα

287 808 658 877 συγκρίσεως,
687 812 746 864 ὲν
777 815 841 883 τῇ
872 811 982 865 τῶν
1020 814 1263 885 ἑρπετῶν
1304 819 1397 872 καὶ
1441 821 1506 890 τῇ
1552 821 1660 874 τῶν
1689 821 1863 877 ἄλλων

281 897 394 950 τῶν
435 900 696 968 ἐπιγείων
725 903 874 968 τάξει
912 906 1408 979 καταριθμηθῆναιο
1443 910 1514 964 τά
1548 911 1605 965 δὲ
1647 912 1861 982 φύσεως

281 988 462 1059 ὑγρᾶς
495 992 733 1060 μάλιστα
765 996 1136 1067 μετειληχότα,
1163 1001 1300 1072 πρὸς
1323 1002 1414 1055 τὸν
1436 1005 1674 1074 ὁμογενῆ
1695 1006 1860 1059 τόπον

282 1080 632 1151 συνδραμεῖν,
683 1086 1048 1156 ὀνομασθέντα
1093 1091 1301 1146 πλωτά.
1359 1092 1469 1164 Τὴν
1517 1095 1574 1148 δὲ
1622 1096 1724 1166 γῆν
1771 1097 1860 1152 ἀεὶ

281 1171 486 1240 μᾶλλον
523 1179 908 1250 στερεουμένην
953 1182 1058 1236 ὑπό
1083 1201 1141 1236 τε
1171 1183 1266 1237 τοῦ
1298 1184 1429 1256 περὶ
1459 1186 1552 1239 τὸν
1575 1187 1724 1258 ἥλιον
1755 1206 1856 1242 πυ-

278 1261 396 1330 ρὸς,
434 1263 531 1316 καὶ
569 1265 678 1320 τῶν
710 1271 1059 1342 πνευμάτων,
1094 1274 1154 1328 τὸ
1188 1275 1494 1330 τελευταῖον
1532 1278 1730 1348 μηκέτι
1763 1279 1854 1333 δύ-

275 1353 472 1407 νασθαι
509 1356 674 1428 μηδὲν
715 1359 821 1414 τῶν
857 1362 1114 1432 μειζόνων
1154 1365 1458 1433 ζωογονεῖν,
1508 1369 1621 1422 ἀλλ’
1651 1369 1715 1422 ὲκ
1754 1372 1854 1442 τῆς

273 1442 414 1513 πρὸς
444 1445 653 1516 ἄλληλα
683 1450 881 1520 μίξεως
901 1453 1105 1508 ἕκαστα
1129 1457 1418 1526 γεννᾶσθαι
1438 1458 1546 1513 τῶν
1569 1460 1848 1532 ἐμψύχων.

275 1534 465 1625 Ἕ-λικε
491 1536 547 1592 δὲ
573 1541 702 1612 περὶ
728 1542 826 1614 τῆς
855 1544 964 1598 τῶν
986 1545 1123 1600 ὅλων
1164 1547 1378 1616 φύσεως
1407 1551 1514 1604 οὐδ’
1549 1552 1848 1625 Εὐριπίδης

265 1624 561 1696 διαφωνεῖν
604 1635 715 1697 τοῖς
752 1637 1184 1709 προειρημένοις,
1226 1639 1471 1714 μαθητὴς
1513 1641 1589 1697 ὢν
1625 1624 1849 1709 Ἀναξα-

265 1718 434 1790 γόρου
464 1721 560 1776 τοῦ
589 1726 837 1795 φυσικοῦ.
878 1729 965 1783 Ἐν
995 1729 1103 1801 γὰρ
1129 1732 1196 1802 τῇ
1228 1733 1590 1805 Μεναλιππῃ
1629 1735 1852 1808 τίθησιν.

263 1826 465 1875 ουτως·

1964 730 2141 785 riendi
2167 731 2273 786 vim
2300 748 2368 788 ex
2389 735 2572 790 calore
2589 737 2904 809 prolemque
2933 743 3301 813 conciperent,
3319 761 3413 803 eas
3436 764 3536 804 no-

1963 829 2053 876 ctu
2075 823 2294 892 quidem
2319 839 2387 880 ex
2417 827 2699 885 decidente
2725 831 2796 884 ab
2819 847 2944 888 aere
2968 833 3300 894 circumfuso
3338 841 3534 898 nebula

1962 915 2379 986 nutrimentum,
2403 918 2642 976 interdiu
2672 938 2801 978 vero
2844 927 3011 982 robur
3039 943 3102 983 ex
3141 931 3321 986 calore
3349 946 3414 986 ac
3442 932 3533 987 [ir-

1962 1004 2206 1060 mitatem
2235 1010 2512 1078 accepisse
2547 1029 2560 1066 :
2598 1011 2772 1069 donec
2803 1015 2908 1085 ipsi
2946 1015 3089 1074 fetus
3113 1019 3320 1088 justum
3354 1022 3533 1077 incre-

1959 1105 2200 1151 mentum
2221 1113 2488 1169 suamque
2504 1105 2872 1161 maturitatem
2894 1107 3223 1178 obtinerent,
3247 1113 3530 1184 ruptisque

1957 1185 2175 1242 demum
2205 1198 2342 1246 aestu
2384 1193 2740 1261 membranis,
2777 1198 3136 1255 animantium
3157 1204 3336 1260 omnis
3363 1221 3529 1276 gene—

1955 1279 2032 1333 ris
2063 1277 2251 1334 forma:
2274 1294 2652 1338 nascerentur.
2678 1285 2760 1340 Ex
2791 1289 2876 1342 bis
2899 1299 3078 1344 autem
3107 1307 3227 1360 quae
3263 1294 3526 1362 majorem

1954 1378 2128 1424 nactae
2153 1371 2390 1426 calorem
2413 1384 2615 1444 essent,
2639 1391 2734 1432 eas
2761 1379 2956 1448 pennis
2986 1381 3282 1438 instructas
3304 1385 3527 1442 altiores

1953 1461 2008 1516 in
2040 1465 2228 1518 mundi
2252 1465 2439 1536 plagas
2470 1467 2821 1525 subvolasse:
2849 1471 2904 1525 in
2931 1472 3132 1542 quibus
3155 1489 3286 1530 vero
3311 1485 3522 1533 terrena

1950 1555 2228 1609 concretio
2263 1556 2679 1626 dominaretur,
2747 1559 2870 1615 illas
2897 1563 3170 1632 reptilium
3200 1579 3264 1619 ac
3302 1576 3524 1622 caetera-

1949 1659 2094 1711 rum,
2130 1660 2251 1715 quae
2277 1645 2332 1700 in
2356 1655 2499 1702 terra
2521 1658 2828 1716 versantur,
2852 1651 3214 1708 animantium
3241 1656 3433 1712 ordine
3460 1673 3525 1714 ac

1948 1751 2179 1792 numero
2227 1739 2650 1807 comprehensas
2700 1739 2871 1796 fuisse
2912 1761 2928 1797 :
2973 1752 3242 1814 quotquot
3285 1747 3521 1818 denique

1947 1829 2172 1885 humida
2197 1831 2434 1886 maxime
2459 1841 2654 1887 natura
2674 1842 3010 1902 constarent,
3031 1850 3125 1890 eas
3152 1836 3207 1889 in
3230 1847 3521 1908 cognatum

263 1903 371 1957 sibi
401 1905 730 1980 amnemque
771 1910 952 1969 locum
987 1929 1178 1974 omnes
1207 1917 1554 1986 conﬂuxisse,
1599 1919 1834 1991 piscium
1873 1923 2094 1979 nomine
2119 1925 2434 1994 appellatas.
2459 1926 2544 1981 Ad
2606 1935 2906 1983 extremum
2975 1943 3106 1984 vero
3137 1937 3360 1995 terram,
3391 1947 3516 1988 cum

262 1996 534 2065 maiorem
570 2000 624 2054 in
664 2001 780 2059 dies
811 2005 1232 2078 solidioremque
1252 2008 1507 2065 duritiem
1534 2014 1727 2082 partim
1761 2028 1828 2068 ex
1867 2014 2002 2072 solis
2075 2017 2374 2072 ardentiori
2409 2018 2610 2083 calore,
2660 2020 2854 2088 partim
2904 2035 2970 2076 ex
3039 2031 3323 2077 ventorum
3382 2023 3514 2081 ﬂatu

260 2087 469 2156 capiat,
503 2090 706 2146 nullam
760 2106 855 2164 per
903 2111 1025 2153 sese
1065 2099 1300 2169 amplius
1343 2116 1410 2156 ex
1449 2104 1832 2173 grandioribus
1869 2107 2237 2165 animantibus
2270 2124 2558 2179 procreare
2612 2087 2795 2181 posse,
2860 2112 2959 2167 sed
2986 2128 3174 2169 earum
3209 2116 3516 2184 quamlibet

259 2198 327 2236 ex
360 2193 553 2240 mutua
588 2189 820 2245 marium
848 2207 913 2248 ac
948 2192 1274 2252 feminarum
1319 2199 1698 2258 commistione
1737 2204 2006 2273 generari.
2063 2204 2251 2276 Neque
2283 2207 2680 2279 discrepantem
2730 2209 2798 2264 ab
2841 2209 2931 2276 iis,
2957 2226 3080 2281 quae
3132 2211 3311 2266 adhuc
3371 2226 3527 2267 com-

262 2278 1530 2358 memoravimus,Euripidis,quiAnaxagoram
1554 2291 1838 2363 physicum
1875 2295 2142 2363 audierat,
2169 2298 2236 2354 de
2263 2297 2428 2368 hujus
2464 2278 2705 2355 universi
2733 2307 2854 2356 ortu
2883 2278 3122 2356 mentem
3179 2299 3348 2358 fuisse
3412 2315 3514 2373 pu-

266 2368 524 2424 taverim.
557 2371 609 2426 Is
635 2374 777 2427 enim
803 2373 882 2430 sic
911 2375 966 2430 in
1003 2376 1303 2450 Menalippe
1332 2381 1522 2437 scribit
1541 2401 1560 2438 z

337 2478 439 2564 ζιζς
465 2482 722 2564 ᾳύιὲιτός
748 2503 812 2564 τε
834 2487 968 2564 γαῖά
990 2491 1039 2543 τ’
1067 2487 1148 2564 ἦν
1167 2494 1370 2564 μορφὴ
1394 2496 1526 2564 μίαν

342 2514 430 2602 ,ἓν
465 2514 722 2572 υυμςπυς
749 2514 812 2572 "f‘
834 2514 968 2556 7W“
990 2514 1022 2543 τ
1067 2514 1148 2561 ην
1167 2514 1370 2564 μορφη
1385 2514 1526 2618 ἕλεσι

342 2552 506 2632 ...πει
541 2551 577 2604 ὃ
619 2555 1355 2632 ἐχῳρισθηοξαᾏάλλήλων
1423 2567 1526 2632 ιχα

330 2619 612 2702 Τέκζουσι
639 2619 854 2702 ridica,
883 2619 1230 2702 κάξέδωκαιῖ·
1260 2637 1346 2700 εἰς

323 2687 571 2778 έὲκδρα,
601 2687 872 2778 ximat}.
904 2697 1117 2778 ,θῇραα
1144 2703 1250 2771 οὕς
1272 2687 1518 2776 ϐδέλμῆ
1533 2687 1756 2778 τρέφει,

322 2759 520 2826 Γένος
546 2779 612 2815 τε
641 2759 873 2833 θνέητῶν
897 2769 946 2840 (1
960 2759 1036 2841 ἵ).

249 2869 360 2924 Καὶ
397 2875 526 2942 περὶ
553 2875 650 2945 μὲν
676 2879 777 2950 τῆς
811 2881 1033 2954 πρώτης
1061 2886 1168 2941 τῶν
1195 2887 1332 2944 ὅλων
1359 2891 1628 2960 γενέσεως
1653 2895 1827 2952 ταῦτα

247 2963 695 3037 παρειλήφαμεν.
743 2971 882 3036 Τοὺς
920 2973 976 3026 δὲ
1031 2975 1089 3043 ἐξ
1133 2977 1310 3050 ἀρχῆς
1353 2984 1676 3054 γενηθέντας
1717 2988 1826 3042 τῶν

244 3054 554 3154 ἀνθρώπων
629 3062 790 3130 φασὶν
851 3065 912 3118 ὲν
971 3067 1192 3142 ἀτάκτῳ
1261 3074 1355 3128 καὶ
1423 3076 1674 3149 θηριώδει
1724 3080 1825 3154 βίῳ

244 3146 622 3241 καθεστῶτας,
703 3157 978 3229 σποράδην
1042 3161 1136 3216 ἐπὶ
1201 3162 1300 3228 τὰς
1371 3146 1542 3239 νομάς
1601 3146 1822 3241 ἐξιέναι,

245 3239 344 3291 καὶ
390 3243 821 3338 ’προσφέρεσθαι
883 3250 982 3322 τῆς
1050 3269 1112 3306 τε
1177 3253 1404 3328 βοτάνης
1464 3259 1564 3332 τὴν
1619 3239 1825 3338 προσηέ

243 3330 532 3402 νεστάϊην,
584 3336 838 3402 καὶτοὺς
890 3340 1226 3413 αὐτομάτους
1282 3345 1391 3400 ἀπὸ
1434 3330 1546 3404 τῶν
1588 3330 1822 3426 δένδρων

547 3426 655 3517 Καὶ
689 3428 1122 3504 πολεμουμένους
1157 3437 1256 3508 μὲν
1305 3439 1409 3494 ὑπὸ
1456 3441 1562 3496 τῶν
1594 3423 1819 3517 θηρίων,

239 3511 494 3609 ἀλλήλοις
540 3515 775 3588 βοηθεῖν,
809 3522 912 3576 ὑπὸ
957 3526 1049 3580 τοῦ
1085 3529 1452 3602 συμφέροντος
1495 3511 1819 3609 διδασκομέο

238 3619 388 3667 νους,
421 3606 836 3680 ἀθροιζομένους
873 3614 930 3669 δὲ
967 3616 1054 3671 διὰ
1075 3619 1165 3672 τὸν
1212 3621 1398 3690 φόϐον,
1436 3606 1818 3695 ἐπιγινώσκειν

238 3695 308 3790 ὲκ
468 3700 608 3753 κατὰ
644 3704 833 3776 μικρὸν
855 3708 979 3772 τοὺς
1024 3709 1266 3782 ἀλλήλων
1293 3713 1514 3780 τύπους.
1559 3718 1671 3789 Τῆς
1705 3737 1820 3790 φω-

378 3787 427 3840 δ’
470 3790 684 3860 ἀσήμου
728 3795 819 3848 καί
870 3801 1282 3872 συγκεχυμένης
1326 3785 1816 3878 ὑπαρχούσηςξὲκ

239 3875 332 3974 τοῦ
357 3879 480 3931 κατ’
512 3880 690 3950 ὀλίγον
716 3884 1006 3959 διαρθροῦν
1037 3890 1133 3954 τὰς
1163 3892 1356 3960 λέξεις,
1379 3875 1473 3950 καὶ
1499 3875 1816 3974 πρὸς-ἀλλή-

238 3967 362 4033 λους
407 3971 655 4064 τιθέντας
687 3975 928 4048 σύμϐολα
961 3982 1088 4052 περὶ
1130 3985 1356 4040 ἑκάστου
1385 3989 1491 4043 τῶν
1518 3967 1813 4064 ὑποκειμέ-

236 4077 362 4126 νων,
385 4059 665 4155 γνώριμον
689 4068 872 4137 σφίσιν
904 4071 1086 4136 αὐτοῖς
1113 4076 1336 4148 ποιῆσαι
1362 4081 1461 4151 τὴν
1484 4084 1612 4155 περὶ
1644 4059 1815 4140 ἁπάν-

235 4167 340 4242 των
381 4153 699 4224 ἑρμηνείαν.
732 4156 1000 4212 Τοιούτων
1028 4160 1084 4215 δὲ
1122 4167 1480 4236 συστημάτων
1513 4153 1810 4242 γινομένων

232 4241 352 4294 καθ’
383 4242 602 4299 ἃπασαν
629 4246 726 4319 τὴν
768 4249 1110 4323 οίκουμένην,
1154 4255 1252 4326 οὐχ
1294 4257 1573 4328 ὁμόφωνον
1602 4241 1809 4327 πάντας

230 4332 374 4404 ἔχειν
403 4337 506 4407 τὴν
541 4337 834 4405 διάλεκτον,
863 4342 1127 4412 ἑκάστων,
1161 4347 1237 4411 ὼς
1274 4348 1482 4421 ἔτυχεν,
1519 4353 1808 4418 συνταξάν-

226 4440 334 4476 των
368 4426 467 4489 τὰς
495 4427 667 4493 λέξεις
686 4447 698 4460 ·
729 4431 808 4484 διὸ
847 4435 941 4487 καὶ
968 4437 1255 4501 παντοίους
1286 4456 1344 4492 τε
1371 4441 1607 4513 ὑπάρξαι
1633 4461 1804 4515 χαρα-

226 4517 434 4588 κ.ῆρας
464 4519 778 4590 διαλέκτων,
810 4525 903 4578 καὶ
945 4526 1012 4580 τὰ
1055 4529 1248 4600 πρῶτα
1290 4533 1556 4604 γενόμενα
1604 4538 1802 4611 συστή-

227 4625 378 4674 ματα
423 4612 530 4664 τῶν
576 4614 830 4668 ἁπάντων
864 4617 1032 4676 ἐθνῶν
1059 4621 1328 4693 ἀρχέγονα
1357 4627 1628 4694 γενέσθαι.
1663 4631 1802 4695 Τοὺς

222 4696 317 4752 οὖν
359 4700 610 4772 πρώτους
645 4706 754 4758 τῶν
787 4708 1108 4781 ἀνθρώπων,
1143 4715 1368 4785 μηδενός
1402 4736 1486 4771 πω
1524 4718 1633 4772 τῶν
1665 4721 1802 4792 πρὸς

221 4789 311 4840 τὸν
331 4790 445 4860 βίον
461 4795 745 4864 χρησίμων
771 4798 1084 4871 εὑρημένων
1099 4803 1255 4874 (·17⁶),
1279 4807 1550 4873 ἐπιπόνως
1571 4789 1802 4879 διάγειν,

220 4884 463 4951 γυμνοὺς
497 4887 593 4955 μὲν
623 4887 848 4958 ἐσθῆτος
870 4890 1049 4960 ὄντας,
1086 4896 1296 4967 ὑήσεως
1331 4899 1441 4970 (18)
1475 4899 1530 4953 δὲ
1567 4901 1662 4954 καὶ
1697 4918 1798 4954 πυ-

221 4970 315 5065 ff”;
339 4974 545 5065 ἀήθεις,
574 4979 780 5051 τροφῆς
807 4981 850 5034 δ’
876 4984 1083 5056 ἡμέρου
1121 4990 1399 5056 παντελῶς
1429 4992 1791 5065 ἀνεννοήτους.

1862 2496 1906 2552 Β
2005 2499 2139 2556 Caeli
2165 2515 2299 2553 unus
2327 2508 2452 2554 ante
2483 2501 2657 2553 vultus
2686 2515 2749 2552 ac
2781 2507 2934 2554 terra:
2965 2500 3089 2568 fuit,

2000 2572 2079 2623 Ac
2106 2571 2352 2640 proprius
2390 2586 2454 2624 ea:
2486 2586 2588 2639 quo
2626 2579 2904 2640 utrumque
2937 2569 3181 2623 disclusit
3229 2570 3398 2638 locus,

2003 2639 2211 2710 Cuncta
2229 2643 2381 2694 ambo
2409 2651 2680 2710 generant,
2706 2641 2861 2709 inque
2883 2639 3052 2693 lucem
3072 2641 3296 2708 efferunt

2002 2709 2203 2781 Silvas,
2239 2709 2494 2774 volucres,
2528 2727 2592 2764 ac
2632 2711 2811 2779 feras;
2844 2721 2951 2763 tum
2973 2726 3102 2781 quos
3129 2711 3304 2765 salum

2003 2779 2213 2845 Nutrit,
2245 2781 2612 2850 hominumque
2636 2797 2818 2850 genus.

1925 2894 2104 2967 Atque
2137 2896 2250 2951 haec
2301 2895 2369 2952 de
2417 2897 2592 2966 prima
2641 2895 2832 2950 mundi
2872 2896 3501 2968 procreationeamajo-

1926 2988 2078 3044 ribus
2130 2987 2462 3059 accepimus.
2523 2986 2738 3054 Porro,
2781 2987 2877 3057 qui
2930 2988 3206 3058 principes
3250 2987 3494 3043 omnium

1925 3073 2038 3129 nati
2079 3073 2330 3129 homines
2364 3082 2541 3141 erant,
2576 3089 2673 3130 eos
2694 3073 2812 3129 sine
2838 3075 3031 3130 ordine
3059 3090 3124 3130 ac
3151 3074 3326 3131 ferino
3379 3077 3499 3145 pla-

1923 3182 1994 3222 ne
2045 3168 2152 3222 ritu
2187 3166 2533 3234 victitantes,
2573 3166 2792 3239 hucque
2833 3167 3128 3238 dissipatos
3171 3175 3334 3238 atque
3367 3169 3498 3224 illuc.

1921 3257 1991 3313 ad
2028 3272 2230 3328 pascua
2275 3257 2510 3322 exiisse,
2564 3273 2629 3314 ac
2675 3258 2722 3313 si
2763 3257 2894 3328 quid
2946 3259 3276 3314 teneriorum
3312 3267 3366 3314 et
3390 3260 3495 3314 mi-

1920 3347 2121 3403 tiorum
2166 3349 2461 3404 herbarum
2514 3358 2692 3416 esset,
2742 3364 2867 3405 cum
2923 3359 3114 3420 sponte
3141 3351 3494 3406 nascentibus

1919 3437 2177 3493 arborum
2230 3437 2502 3496 fructibus
2551 3439 2856 3496 comedisse
2922 3437 3127 3496 ferunt.
3185 3439 3290 3509 21
3337 3439 3477 3496 Cum

1917 3540 2103 3586 autem
2160 3545 2256 3585 eos
2308 3529 2437 3586 ferae
2489 3543 2986 3604 persequerentur,
3023 3532 3261 3589 utilitate
3316 3535 3490 3605 magi-

1917 3629 2029 3677 stra
2073 3631 2318 3677 mutuam
2378 3623 2482 3678 sibi
2515 3639 2672 3693 opem
2733 3623 2957 3690 tulisse,
3013 3633 3269 3695 metuque
3322 3625 3488 3681 simul

1917 3721 2269 3784 congregatos
2299 3754 2321 3780 ,,
2377 3714 2605 3771 alterius
2649 3715 2881 3770 alterum
2932 3715 3194 3786 paulatim
3251 3715 3496 3772 formam

1916 3804 2506 3876 agnovissezcumque
2555 3821 2743 3862 vocem
2791 3806 2868 3860 illi
2929 3806 3213 3863 confusam
3243 3807 3484 3876 primum

1915 3897 1968 3942 et
1996 3890 2066 3943 ab
2090 3891 2239 3946 omni
2281 3892 2688 3963 ,signiti‘catione
2718 3909 2946 3949 vacuam
2969 3894 3330 3960 effunderent,
3362 3896 3483 3951 sin»

1913 3979 2055 4048 gulis
2107 3981 2372 4051 paulatim
2413 3983 2643 4038 vocibus
2687 3983 2974 4040 articulate
3014 3982 3375 4054 proferendis,
3403 3985 3481 4040 si-

1912 4071 2142 4142 gnisque
2167 4088 2350 4128 rerum
2379 4089 2508 4144 quae
2523 4076 2905 4142 occurrebant,
2947 4075 3087 4131 inter
3119 4091 3241 4132 sese
3271 4077 3480 4133 consti-

1911 4163 2062 4230 tutis,
2089 4175 2273 4219 notam
2309 4180 2495 4222 eorum
2524 4167 2629 4222 sibi
2677 4169 2921 4224 omnium
2951 4168 3368 4238 explicationem
3395 4169 3478 4222 in-

1909 4257 2460 4327 terpretationemque
2501 4258 2717 4315 fecisse.
2762 4257 2885 4314 Jam
2940 4275 3070 4316 vero
3121 4261 3268 4331 quod
3301 4271 3478 4316 coetus

1907 4343 2174 4413 ejusmedi
2205 4356 2316 4402 toto
2345 4349 2548 4418 passim
2577 4350 2710 4405 orbe
2737 4350 3126 4417 conﬂarentur,
3161 4351 3474 4422 singulique

1905 4449 2088 4500 voces,
2123 4445 2287 4507 prout
2325 4439 2520 4510 cuique
2544 4449 2745 4496 temere
2773 4457 2838 4497 ac
2862 4441 3089 4500 fortuito
3121 4443 3298 4498 visum
3331 4449 3470 4506 erat,

1905 4538 2310 4605 componerent,
2353 4547 2462 4587 non
2486 4533 2731 4588 eamdem
2762 4533 2963 4590 idcirco
3010 4534 3266 4606 loquendi
3300 4536 3472 4591 ratio-

1903 4634 2026 4674 nem
2054 4635 2177 4676 cum
2199 4621 2470 4680 universis
2509 4640 2854 4682 communem
2894 4625 3087 4683 fuisse.
3139 4629 3315 4697 Atque
3345 4628 3470 4685 hinc

1901 4707 2092 4765 formae
2122 4711 2434 4783 linguarum
2464 4715 2814 4788 multiplices,
2843 4718 3141 4789 primaeque
3169 4719 3272 4773 illa:
3293 4721 3468 4774 homi-

1900 4819 2030 4858 num
2061 4805 2350 4862 societates
2375 4806 2620 4862 omnium
2651 4819 2906 4878 parentes
2928 4818 2981 4865 et
3011 4811 3187 4880 capita
3222 4811 3464 4880 gentium

1897 4896 2243 4954 exstiterunt.
2273 4898 2543 4955 Caeterum
2573 4901 2719 4971 quod
2749 4900 2887 4956 nihil
2913 4900 3092 4956 adhuc
3123 4915 3315 4956 eorum
3343 4917 3465 4972 quae

1896 4989 2292 5046 conservandae
2312 5007 2377 5047 ac
2413 4993 2624 5048 tuendae
2645 4993 2770 5048 vitae
2794 4993 3056 5056 serviunt,
3091 4993 3462 5062 excogitatum

217 5062 328 5115 Καὶ
353 5063 465 5136 γὰρ
486 5065 585 5137 τὴν
607 5072 938 5145 συγκομιδὴν
961 5076 1058 5147 τῆς
1084 5078 1282 5150 ἀγρίας
1302 5084 1504 5154 τροφῆς
1538 5062 1792 5152 ἀγνοοῦν-

1925 5090 2058 5147 sset,
2086 5082 2232 5136 illam
2261 5097 2402 5153 aegre
2427 5083 2716 5139 admodum
2745 5084 2905 5155 primi
2935 5084 3023 5140 isti
3051 5083 3300 5141 homines
3328 5087 3461 5142 tole-

217 5169 334 5216 τας,
372 5155 643 5228 μηδεμίαν
673 5161 780 5214 τῶν
808 5166 1035 5235 καρπῶν
1069 5169 1148 5232 εἰς
1173 5168 1272 5233 τὰς
1297 5171 1502 5238 ἐνδείας
1525 5174 1792 5229 ποιεῖσθαι

1927 5173 2110 5240 abant,
2138 5173 2336 5244 quippe
2356 5175 2451 5244 qui
2481 5185 2533 5231 et
2558 5191 2590 5229 a
2614 5177 2860 5232 vestibus
2908 5176 3179 5244 imparati,
3215 5192 3317 5234 nec
3364 5177 3460 5232 do-

220 5249 523 5318 παράθεσιν
543 5269 557 5282 ο
587 5253 668 5306 διδ
701 5256 795 5309 καὶ
824 5257 1051 5325 πολλοὺς
1074 5261 1252 5316 αὐτῶν
1280 5265 1610 5322 ἀπόλλυσθαι
1642 5267 1787 5324 κατὰ

218 5337 338 5402 τοὺς
369 5343 662 5411 χειμῶνας,
695 5347 783 5400 διά
813 5367 873 5401 τε
899 5350 958 5403 τὸ
986 5351 1175 5423 ψῦχος,
1205 5355 1298 5408 καὶ
1333 5357 1434 5429 τὴν
1465 5359 1656 5413 σπάνιν
1687 5361 1788 5430 τῆς

220 5430 436 5501 τροφῆς.
457 5434 551 5488 Ἐκ
577 5436 633 5488 δὲ
660 5437 846 5492 τούτου
876 5444 994 5495 κατ’
1024 5443 1200 5513 ὀλίγον
1234 5446 1336 5500 ὑπὸ
1364 5448 1464 5518 τῆς
1492 5449 1685 5521 πείρας
1710 5449 1788 5505 δι·

282 5574 310 5604 ι
371 5562 456 5616 ἵσ.
486 5566 555 5618 τὰ
575 5568 811 5640 δένδρα.
851 5573 1002 5632 Diod.
1056 5579 1300 5650 Δὲνδρη,
1330 5585 1588 5641 πετεινά.

547 5687 772 5772 θνητῶν,
796 5695 1020 5774 pa_urula
1035 5699 1279 5774 quaedam
1303 5699 1501 5774 Euseb.
1529 5707 1784 5774 praeterit.

279 5749 408 5820 (ιβ’)
443 5749 818 5828 [εὑρημένωιδ.
852 5764 990 5837 Lege
1025 5749 1353 5840 εύρημένου.
1389 5749 1546 5829 ΕΜτῖ

1893 5266 2219 5322 miciliorum
2243 5277 2338 5322 aut
2362 5269 2502 5339 ignis
2529 5286 2685 5325 usum
2728 5270 2925 5334 edocti,
2954 5279 3008 5324 et
3036 5270 3214 5326 victus
3231 5271 3458 5325 alimen-

1893 5357 2043 5427 tique
2091 5359 2326 5416 mitioris
2356 5375 2581 5431 prorsus
2621 5361 2795 5432 ignari
2837 5371 3038 5417 essent.
3075 5360 3288 5417 Etenim
3330 5376 3455 5416 cum

1892 5449 1997 5520 ipsi
2026 5450 2269 5506 nondum
2303 5452 2705 5524 comportanda:
2744 5467 2813 5508 ex
2840 5453 2988 5522 agris
3025 5467 3256 5508 annonae
3286 5451 3454 5508 ratio-

1967 5709 2079 5780 (18)
2126 5709 2396 5777 Ὺήσεως.
2440 5707 2663 5765 Reddidi
2711 5712 2933 5783 perinde
2980 5728 3044 5768 ac
3090 5713 3135 5768 si
3186 5713 3452 5783 legeretur

1893 5777 2163 5851 ἀκήσεως,
2195 5797 2357 5851 quam
2390 5797 2572 5838 vocem
2619 5777 2760 5853 apud
2789 5781 3006 5839 Diodor.
3036 5791 3220 5854 postca
3241 5777 3454 5854 ἣρω-ἰ,
