3940 6380
510 294 582 352 55
1186 291 1457 352 EUSEBII
1495 290 1980 350 CESARIENSIS
2015 291 2164 350 OPP.
2207 292 2390 352 PARS
2421 293 2484 351 Il.
2527 324 2592 335 -—
2626 293 3127 354 APOLOGETICA.
3653 308 3709 366 58

506 428 633 471 nem
657 419 927 479 tenerent,
943 410 1078 467 nihil
1109 412 1334 468 omnino
1361 410 1636 467 fructuum
1657 410 1899 466 levandae
1920 426 2076 482 quon-

2188 413 2574 484 δασκομένους,
2609 412 2688 478 εἰς
2726 430 2787 468 τε
2837 414 2908 468 τά
2949 412 3188 486 σπήλαια
3212 415 3556 487 καταφεύγειν
3580 421 3714 490 ἐντῶ

504 507 632 564 dam
662 504 861 576 inopia:
888 505 1063 577 gratia
1086 505 1474 561 recondebant.
1526 501 1714 574 ltaque
1747 503 1970 574 plurimi
1993 518 2076 574 per

2193 507 2443 579 χειμῶνι,
2478 508 2572 561 καὶ
2598 505 2707 562 τῶν
2734 506 2967 579 καρπῶν
2992 506 3120 571 τοὺς
3149 507 3499 577 φυλάττεσθαι
3522 512 3715 589 δυναμε-

506 599 740 654 hiemem
769 613 896 652 cum
946 600 1241 669 asperitate
1272 595 1514 666 frigoris,
1552 605 1669 650 tum
1716 596 1966 651 ciborum
1992 610 2087 665 pe-

504 691 665 748 nuria
699 690 904 762 passim
940 689 1254 746 interibant.
1290 687 1492 744 Verum
1537 688 1631 743 ubi
1664 688 1928 759 paulatim
1979 702 2085 744 usu

504 782 625 855 ipso
655 781 931 836 cautiores
962 782 1285 844 evasissent,
1318 779 1375 833 in
1414 778 1707 849 speluncas
1735 778 1930 834 hiemis
1951 785 2087 832 tem-

502 886 640 943 pore
658 871 977 942 confugere,
1020 870 1224 941 quique
1276 870 1549 926 asservari
1579 868 1786 925 diutius
1834 876 2087 938 poterant

506 963 717 1019 fructus
742 978 1005 1034 reponere
1034 969 1336 1031 coeperunt.
1364 961 1510 1033 Ignis
1531 968 1713 1016 autem
1739 960 2083 1031 aliarumque

504 1055 956 1112 commoditatum
1003 1054 1238 1109 utilitate
1292 1061 1598 1125 perSpecta,
1653 1053 1802 1123 ipsas
1866 1068 2084 1124 quoque

504 1149 765 1219 paulatim
795 1158 939 1203 artes
970 1162 1035 1202 ac
1067 1155 1282 1212 caetera,
1316 1162 1548 1218 quorum
1576 1160 1644 1201 ex
1673 1146 2085 1216 opportunitate

502 1243 800 1313 plurimum
826 1241 893 1294 ad
923 1253 1270 1294 communem
1293 1239 1461 1294 vitam
1489 1238 1845 1294 emolumenti
1875 1240 2084 1295 redun-

499 1334 676 1399 daret,
730 1332 1073 1386 invcuerunt.
1116 1329 1407 1384 Enimvero
1452 1329 1570 1399 ipsa
1609 1329 1845 1400 primum
1895 1330 2078 1401 inepia

501 1440 623 1481 sese
650 1426 895 1480 omnium
925 1423 1149 1478 omnino
1174 1437 1359 1477 rerum
1395 1422 1715 1492 magistram
1762 1421 2081 1477 hominibus

499 1515 770 1584 praebuit;
833 1530 959 1570 cum
1030 1512 1473 1583 uniuscujusque
1525 1512 1776 1568 notitiam
1851 1513 2073 1568 animali

2187 615 2332 665 νους,
2384 598 2768 653 ἀποτίθεσθαιο
2820 597 3154 667 γνωσθέντος
3198 599 3256 652 δὲ
3303 598 3396 657 τοῦ
3447 605 3717 677 πυρὸς,κσ,ὶ

2182 691 2294 745 τῶν
2326 691 2499 746 ἄλλων
2530 692 2834 765 χρησίμων,
2868 695 3004 748 κατά
3049 693 3242 764 μικρὸν
3286 693 3381 748 καὶ
3419 695 3513 760 τὰς
3552 700 3716 771 τέχνας

2186 781 2560 854 ἐξευρεθῆναι,
2590 783 2684 836 καὶ
2705 781 2775 836 τὰ
2802 782 2935 838 ἄλλα
2957 782 3024 837 τά
3043 782 3315 854 δυνάμενα
3340 782 3429 838 τὸν
3451 788 3608 842 κοινὸν
3624 789 3718 846 Βίον

2184 869 2483 942 ὠφελῆσαι.
2510 871 2755 926 Καθόλου
2802 872 2913 947 γὰρ
2953 873 3171 927 πάντων
3213 875 3312 946 τὴν
3355 876 3537 947 χρείαν
3578 879 3721 953 αὐτὴν

2182 961 2500 1017 διδάσκαλον
2546 963 2802 1033 γενέσθαι
2856 967 2970 1029 τοῖς
3016 963 3344 1037 ἀνθρώποις,
3377 968 3720 1045 ὑφηγουμένην

2182 1055 2400 1120 οἰκείως
2420 1055 2519 1127 τὴν
2545 1056 2776 1111 ἑκάστου
2808 1054 3044 1128 μάθησιν
3068 1057 3257 1125 εὐφυεῖ
3284 1054 3426 1128 ζώῳ,
3452 1059 3541 1112 καὶ
3567 1077 3725 1134 συνερ-

2182 1149 2315 1218 γοὺς
2344 1147 2522 1219 ἔχοντι
2553 1149 2690 1222 πρὸς
2717 1149 2933 1205 ᾶπαντα
2956 1152 3167 1220 χεῖρας,
3196 1150 3292 1204 καὶ
3327 1148 3501 1220 λόγον,
3524 1153 3609 1205 καὶ
3638 1153 3722 1223 ψυ-

2181 1241 2284 1311 χῆς
2314 1240 2613 1311 ἀγχίνοιαν.
2641 1241 2750 1295 Καὶ
2799 1240 2925 1311 περὶ
2976 1240 3078 1311 μὲν
3116 1240 3215 1311 τῆς
3253 1238 3474 1312 πρώτης
3493 1243 3727 1310 γενέσεως

2180 1329 2291 1383 τῶν
2319 1330 2416 1385 ἀνθ
2426 1330 2642 1402 ρώπων,
2677 1331 2770 1385 καὶ
2817 1329 2912 1384 τοῦ
2969 1330 3333 1385 παλαιοτάτου
3367 1330 3480 1402 βίου
3518 1335 3622 1396 τοῖς
3647 1336 3729 1406 ρη-

2182 1421 2352 1477 θεῖσιν
2415 1422 2864 1496 ἀρκεσθησόμεθα
2888 1462 2904 1487 ,
2954 1422 3342 1496 στοχαζόμενοι
3390 1424 3489 1497 τῆς
3543 1440 3731 1496 συμμε-

2177 1513 2351 1586 τρίας.
2388 1531 2410 1566 ι

501 1610 975 1679 eptimeanatura
1031 1616 1369 1676 comparato,
1402 1605 1658 1677 quodque
1707 1622 1818 1662 non
1863 1616 2074 1664 tantum
2117 1606 2453 1663 administris
2476 1606 2545 1662 ad
2581 1607 2766 1663 omnia
2811 1607 3066 1666 manibus
3127 1608 3404 1673 utebatur,
3438 1606 3531 1662 sed
3590 1609 3733 1664 etiam

498 1700 712 1755 ratione
738 1698 951 1753 valebat
979 1692 1256 1765 animique
1309 1696 1551 1764 solertia,
1583 1695 1925 1752 familiariter
1962 1704 2295 1769 suggereret.
2337 1697 2518 1766 Atque
2576 1696 2713 1763 haec,
2774 1698 2933 1754 nobis
2982 1698 3287 1769 praesertim
3331 1699 3427 1769 qui
3468 1699 3732 1756 medicari-

499 1791 596 1847 tati
618 1791 954 1854 Studeamus,
991 1789 1058 1843 de
1084 1789 1259 1859 primo
1292 1789 1574 1844 hominum
1611 1800 1757 1857 ortu,
1784 1791 1959 1861 deque
1988 1790 2202 1846 vivendi
2238 1791 2345 1846 ritu
2375 1791 2765 1858 vetustissimo,
2800 1792 2935 1849 satis
2968 1802 3148 1849 erunt.
3181 1811 3201 1846 ι

574 1880 848 1937 Ilactenus
884 1880 1139 1936 laudatus
1161 1897 1191 1937 a
1212 1882 1372 1937 nobis
1392 1893 1599 1949 auctor,
1626 1883 1721 1954 qui
1760 1885 1817 1938 in
1844 1883 1949 1939 ista
1972 1899 2072 1939 sua

2242 1882 2494 1939 Τοσαῦτα
2531 1885 2630 1956 μὲν
2659 1886 2688 1940 ὁ
2725 1884 2986 1957 δηλωθείς
3024 1886 3394 1958 συγγραφεὺς,
3423 1886 3545 1945 οὐδὲ
3567 1887 3737 1959 μέχρις

499 1974 690 2029 mundi
717 1974 1094 2045 procreatione
1107 1976 1608 2042 commemoranda,
1635 1991 1703 2032 ne
1730 1975 1823 2031 Dei
1857 1976 2080 2047 quidem

496 2066 583 2120 vel
612 2067 836 2122 nomine
861 2076 1022 2123 tenus
1051 2068 1321 2136 meminit,
1354 2069 1449 2124 sed
1482 2067 1763 2125 fortuitam
1787 2070 2080 2140 quamdam

500 2175 566 2216 ac
618 2169 812 2229 sponte
865 2160 1105 2216 oblatam
1162 2161 1329 2230 hujus
1376 2162 1617 2218 universi
1667 2161 2079 2232 dispositionem

498 2250 723 2305 invexit.
769 2249 971 2306 Eadem
1021 2267 1153 2308 vero
1207 2254 1426 2310 Graecos
1474 2252 1825 2323 philosophos
1871 2261 2079 2323 partem

498 2358 633 2398 sane
653 2344 948 2398 maximam
976 2344 1163 2401 videas
1195 2345 1518 2416 prodidisse.
1549 2344 1795 2413 Quorum
1824 2344 2078 2414 equidem

495 2431 552 2489 in
580 2435 867 2504 praesentia
896 2434 962 2490 de
1015 2451 1199 2491 rerum
1228 2436 1514 2507 principiis
1559 2437 1665 2506 22
1706 2435 1990 2505 Opiniones
2015 2448 2081 2490 ac

494 2526 869 2582 dissensiones
894 2534 1135 2594 mutuas,
1161 2543 1228 2583 ex
1269 2529 1338 2585 iis
1384 2544 1523 2599 quos
1556 2526 1831 2583 Stromata
1859 2525 2080 2581 Plutar-

492 2617 634 2673 chus
662 2617 960 2689 inscripsit,
1012 2620 1110 2675 tibi
1164 2633 1291 2676 ante
1339 2622 1530 2678 oculos
1585 2636 1808 2691 ponam,
1871 2635 2076 2689 easque

493 2719 606 2761 non
634 2722 702 2763 ex
718 2718 865 2764 certa
883 2708 1123 2779 quadam
1142 2720 1196 2766 et
1235 2711 1631 2782 comprehensa
1659 2709 1846 2764 animo
1873 2708 2067 2779 cogni-

494 2796 664 2862 tione,
705 2788 895 2855 sed‘ex
941 2801 1384 2871 cenjecturarum
1412 2804 1597 2857 nescio
1621 2817 1729 2873 qua
1774 2799 2073 2872 probabili-

2177 1976 2440 2049 ὀνόματος
2482 1976 2578 2032 τοῦ
2610 1975 2746 2031 Θεοῦ
2784 1978 3164 2049 μνημονεύσας
3205 1981 3264 2032 ὲν
3306 1981 3373 2052 τῇ
3406 1980 3738 2052 κοσμογονίᾳ,

2179 2070 2506 2142 συντυχικὴν
2537 2069 2593 2122 δέ
2613 2086 2733 2123 τινα
2762 2069 2858 2124 καὶ
2877 2069 3183 2141 αὐτόματον
3202 2070 3635 2144 εἰσηγησάμενος
3655 2070 3740 2142 τὴν

2175 2160 2271 2216 τοῦ
2298 2161 2496 2225 παντὸς
2527 2161 2902 2233 διακόσμησιν.
2933 2162 3121 2234 Τούτῳ
3147 2162 3191 2216 δ’
3220 2161 3285 2216 ἂν
3317 2161 3504 2233 εὕροις
3538 2161 3744 2233 συμφώ-

2178 2269 2301 2318 νους
2330 2253 2425 2308 καί
2443 2254 2568 2317 τοὺς
2591 2253 2874 2318 πλείστους
2892 2254 3000 2308 τῶν
3022 2254 3150 2326 παρ’
3177 2253 3406 2327 Ἕλλησι
3435 2255 3740 2324 φιλοσόφων·

2177 2337 2252 2399 ὧν
2285 2343 2395 2414 ἐγώ
2427 2361 2508 2398 σοι
2535 2344 2636 2408 τὰς
2667 2345 2797 2416 περὶ
2818 2344 3000 2418 ἀρχῶν
3030 2343 3204 2410 δόξας,
3230 2346 3326 2399 καὶ
3360 2345 3463 2409 τὰς
3490 2344 3624 2417 πρὸς
3660 2343 3745 2398 ἀλ-

2180 2434 2377 2507 λήλους
2404 2425 2713 2498 διαστάσεις
2740 2434 2835 2488 καὶ
2863 2434 3174 2505 διαφωνίας,
3200 2436 3264 2488 έκ
3289 2432 3748 2507 ποχασμῶν,ἀλλ’

2178 2526 2279 2580 οὑκ
2307 2525 2416 2582 ἀπὸ
2444 2526 2802 2599 καταλήψεως
2829 2527 3184 2599 όρμηθείσας,
3207 2527 3314 2580 ἀπὸ
3343 2528 3458 2581 τῶν
3489 2525 3752 2597 Πλουτάρ-

2175 2630 2272 2685 χου
2305 2614 2701 2685 Στρωματέων
2724 2617 2859 2687 (I9),
2891 2617 2983 2671 ἐπὶ
3002 2616 3096 2670 τοῦ
3126 2617 3397 2690 παρόντος
3426 2617 3742 2690 ἐκθήσομαι.

2175 2706 2249 2760 Σὺ
2272 2706 2328 2760 δὲ
2361 2706 2436 2779 μὴ
2465 2708 2773 2779 παρέργως,
2794 2707 2955 2781 σχολῇ
2984 2709 3042 2763 δὲ
3068 2708 3164 2764 καὶ
3195 2708 3335 2781 μετὰ
3360 2708 3647 2781 λογισμοῦ,
3664 2706 3755 2763 θέα

2174 2798 2273 2872 τὴν
2307 2799 2444 2872 πρὸς
2471 2800 2733 2871 ἀλλήλους
2756 2801 3035 2857 διάστασιν
3060 2803 3168 2858 τῶν
3196 2803 3573 2876 δηλουμένων.

493 2895 605 2943 tate
629 2889 923 2961 profectas.
972 2892 1052 2949 Tn
1084 2904 1267 2950 autem
1309 2909 1419 2951 non
1456 2895 1594 2951 dicis
1619 2910 1806 2965 causa,
1837 2895 1933 2951 sed
1959 2894 2136 2951 otiose
2172 2893 2523 2965 adhibitoque
2550 2894 2777 2966 judicio,
2807 2910 2996 2953 eorum
3022 2896 3117 2968 qui
3160 2897 3262 2952 abs
3306 2912 3397 2952 me
3429 2910 3757 2953 commemo-

495 2992 715 3050 rantur,
744 2985 972 3043 dissidia
1003 2995 1179 3042 tecum
1220 2989 1335 3058 ipse
1363 2988 1760 3059 contemplare.

1081 3075 1311 3132 CAPUT
1355 3075 1487 3131 VIII.

496 3166 783 3238 Opinione:
803 3168 1329 3291 plrilosaphoruzn‘gfe
1359 3168 1516 3240 hujus
1543 3167 1773 3223 universi
1797 3183 2075 3238 coagmen-

1204 3254 1234 3291 a
1262 3254 1399 3291 rane.
1800 3280 1809 3291 .

1204 3254 1399 3292 auerte.

567 3348 587 3381 ι
635 3327 915 3385 Thaletem
966 3329 1150 3384 ferunt
1208 3336 1336 3384 ante
1379 3339 1607 3386 creteros
1656 3344 1848 3386 omnes
1909 3329 2073 3398 hujus

491 3421 866 3478 universitatis
899 3420 1228 3492 principium
1284 3435 1481 3488 aquam
1511 3421 1784 3491 posuisse,
1823 3419 1972 3492 quod
2002 3434 2067 3471 ex

491 3526 561 3569 ea
586 3520 783 3567 cuncta
811 3512 1100 3583 prodiisse,
1152 3526 1218 3566 ac
1262 3526 1459 3567 rursus
1493 3511 1550 3567 in
1573 3512 1818 3567 eamdem
1848 3508 2072 3565 dissolvi

494 3604 873 3660 arbitraretur.

569 3714 591 3748 ι
622 3695 778 3751 Ilunc
811 3705 1031 3754 secutus
1055 3695 1477 3759 Anaximander,
1508 3694 1602 3767 qui
1631 3694 1874 3766 ejusdem
1922 3692 2071 3749 Tha-

492 3788 617 3845 Ietis
643 3789 1040 3844 consuetudine
1075 3804 1139 3844 ac
1169 3787 1538 3844 familiaritate
1595 3802 1730 3842 usus
1761 3793 1899 3851 erat,
1939 3800 2066 3839 cau-

493 3896 613 3938 sam
643 3881 888 3937 omnium
921 3879 1145 3951 omnino
1197 3894 1385 3935 rerum
1436 3879 1534 3934 uni
1564 3876 1832 3933 duntaxat
1859 3875 2071 3931 infinito

492 3973 876 4046 assignandam
908 3987 1032 4029 esse
1061 3972 1278 4039 docuit;
1312 3987 1380 4026 ex
1425 3987 1492 4027 eo
1515 3970 1716 4040 quippe
1737 3983 1862 4024 cum
1904 3967 2072 4023 carie-

492 4080 606 4122 stes
634 4066 817 4133 orbes,
853 4077 971 4120 tum
1006 4065 1246 4120 intinitos
1290 4063 1448 4134 plane
1492 4062 1728 4117 mundos
1753 4061 1978 4115 eductos
2008 4073 2072 4114 ac

492 4167 736 4215 secretos
785 4171 909 4211 esse
957 4156 1192 4211 dicebat.
1245 4152 1663 4222 Corruptionem
1693 4160 1897 4215 autem,
1931 4149 2073 4203 mul-

496 4258 663 4319 toque
696 4259 822 4306 ante
847 4247 1255 4318 generationem
1308 4247 1482 4318 ipsam
1508 4260 1577 4299 ex
1606 4259 1672 4299 eo
1706 4243 1826 4299 ﬁeri
1859 4256 2072 4298 assere-

494 4342 611 4409 bat,
636 4342 781 4414 quod
810 4342 998 4397 mundi
1052 4340 1143 4397 isti
1173 4350 1365 4396 Omnes
1395 4341 1464 4395 ab
1519 4339 1789 4393 immenso
1829 4334 2068 4407 quodam

2703 3070 3100 3125 ΚΕΦΑΛΑῘΟΝ
3137 3067 3223 3126 H'.

2216 3163 2391 3230 Δόξαι
2417 3164 2770 3233 φιλοσόφων
2799 3162 2933 3287 πεεί
2964 3161 3075 3232 τῆς
3102 3163 3209 3220 τοῦ
3234 3164 3473 3233 παντὸς
3516 3163 3735 3220 συστὰρ

2928 3250 3058 3287 suo.

2928 3250 3058 3300 εως.

2257 3344 2276 3378 r
2306 3324 2523 3398 Θάλητα
2554 3324 2768 3398 πρῶτον
2804 3327 3018 3380 πάντων
3066 3325 3228 3397 φασὶν
3265 3326 3449 3400 ἀρχὴν
3499 3327 3613 3382 τῶν
3640 3326 3768 3380 ὅλων

2180 3417 2587 3490 ὑποστήσασθαι
2613 3417 2672 3470 τὸ
2694 3417 2857 3492 ὕδωρ.
2878 3418 2967 3485 Ἐξ
2995 3417 3161 3473 αὑτοῦ
3185 3420 3293 3492 γὰρ
3315 3416 3462 3476 εἶναι
3482 3421 3555 3476 τά
3575 3420 3766 3484 πάντα,

2180 3509 2274 3562 καὶ
2301 3511 2381 3573 εἰς
2409 3509 2541 3562 αὐτὸ
2568 3511 2789 3581 χωρεῖν.

2256 3714 2274 3746 ι
2305 3694 2440 3748 Μεθ’
2474 3693 2533 3749 ὃν
2571 3692 3011 3767 Ἀναξίμανδρον,
3039 3693 3279 3767 Θάλητος
3292 3695 3527 3769 ἑταῖρον
3549 3696 3777 3768 γενόμε-

2178 3806 2288 3854 νον,
2318 3789 2379 3842 τὸ
2407 3788 2633 3861 ἄπειρον
2657 3788 2821 3857 φάναι
2846 3787 2944 3859 τὴν
2971 3788 3150 3840 πᾶσαν
3175 3787 3356 3842 αἰτίαν
3384 3788 3543 3860 ἔχειν
3564 3789 3669 3859 τῆς
3687 3786 3775 3841 τοῦ

2180 3880 2380 3943 παντὸς
2408 3877 2674 3948 γενέσεώς
2706 3896 2764 3933 τε
2797 3879 2893 3932 καὶ
2921 3878 3144 3950 φθορᾶς.
3164 3878 3252 3943 Ἐξ
3278 3872 3341 3932 οῦ
3374 3880 3444 3953 δή
3489 3897 3633 3952 φησι
3659 3879 3780 3943 τούς

2177 3989 2238 4025 τε
2266 3971 2529 4043 οὐρανοὺς
2563 3967 2979 4042 ἀποκεκρίσθαι,
3024 3970 3119 4023 καὶ
3162 3969 3397 4025 καθόλου
3434 3973 3575 4036 τοὺς
3611 3972 3783 4026 artav-

2176 4081 2275 4128 τας
2303 4064 2564 4134 ἀπείρους
2588 4061 2745 4126 ὄντας
2771 4062 3024 4133 κόσμους.
3043 4062 3383 4134 Ἀπεφήνατο
3422 4063 3488 4117 δὲ
3514 4062 3620 4137 τὴν
3661 4062 3786 4135 φθο-

2182 4156 2282 4228 ρὰν
2327 4154 2594 4225 γίνεσθαι,
2622 4154 2716 4208 καὶ
2764 4155 2899 4208 πολὺ
2949 4155 3213 4226 πρότερον
3263 4153 3364 4227 τὴν
3420 4156 3679 4226 γένεσιν,
3730 4156 3785 4221 ἐξ

2179 4249 2410 4321 ἀπείρου
2474 4246 2670 4311 αἰῶνος
2738 4247 3226 4319 ἀνακυκλουμένων
3276 4247 3515 4301 πάντων
3584 4248 3784 4303 αὐτῶν.

2192 4337 2489 4409 ’Υπάρχειν
2526 4336 2582 4389 δέ
2619 4354 2751 4409 φησι
2792 4336 2872 4408 τῷ
2921 4337 3019 4408 μὲν
3050 4336 3290 4408 σχήματι
3321 4334 3431 4407 τὴν
3462 4337 3581 4409 γῆν
3609 4338 3793 4391 κυλιν-

491 4451 610 4491 aevo
671 4442 932 4504 perpetua
989 4433 1352 4489 conversione
1419 4430 1789 4485 volverentur.
1845 4427 2072 4482 Terram

2186 4429 2415 4501 δροειδῆ,
2444 4427 2586 4499 ἔχειν
2615 4426 2672 4481 δὲ
2698 4427 2947 4481 τοσοῦτον
2976 4425 3157 4497 βάθος,
3188 4425 3313 4478 ὅσον
3355 4426 3433 4478 ἂν
3476 4426 3573 4498 εἴη
3605 4424 3790 4499 τρίτον

492 4543 626 4583 vero
659 4526 833 4597 ﬁgura
867 4525 1174 4598 cylindrum
1204 4523 1450 4590 .imitari,
1500 4522 1730 4593 ejusque
1767 4520 2074 4577 altitudinis

492 4636 637 4688 esse,
659 4635 782 4691 quae
822 4619 870 4675 si
910 4634 1036 4675 cum
1088 4618 1375 4673 latitudine
1398 4615 1731 4679 conferatur,
1755 4614 1971 4669 tertiam
2006 4613 2070 4667 il-

492 4713 600 4769 lius
640 4721 851 4782 partem
899 4710 1217 4766 constituat.
1276 4709 1545 4763 Caeterum
1587 4707 1850 4763 fecundas
1911 4715 2074 4776 atque

493 4804 755 4872 genitales
782 4803 944 4859 calidi
965 4802 1257 4873 frigidique
1274 4811 1478 4872 partes,
1508 4801 1654 4855 circa
1677 4799 1867 4854 mundi
1909 4797 2076 4868 hujus

498 4897 931 4966 procreationem
956 4894 1026 4950 ab
1049 4894 1199 4950 omni
1246 4894 1549 4950 aeternitate
1603 4892 1873 4963 sepositas
1901 4890 2075 4946 fuisse

496 4987 907 5055 pronuntiabat,
950 5002 1022 5043 ex
1069 4985 1270 5057 quibus
1296 4984 1531 5043 conflata
1585 4985 1798 5056 sphaera
1827 4983 2074 5055 quaedam

570 5164 679 5236 (I9)
713 5166 1115 5238 _I_I.Iovtdpxov
1161 5166 1573 5238 Στρωματέων.
1653 5165 1890 5238 Dubium
1924 5172 2029 5238 est
2058 5205 2077 5231 ,

494 5235 683 5289 utrum
712 5236 765 5290 id
792 5253 930 5306 opus
958 5235 1250 5293 ’S't’romata'
1266 5235 1592 5293 Plutarchus
1621 5235 2076 5306 inseripserit,an

499 5307 605 5359 hoc
655 5306 758 5376 ipsi
806 5305 1004 5362 nomen
1060 5309 1328 5365 Eusebius
1373 5316 1559 5363 noster
1610 5307 1883 5362 irtdiderit.
1917 5305 2079 5361 Aliud

499 5377 720 5443 ηιιὶἀειη
751 5386 855 5449 est_
870 5377 939 5449 ab
968 5394 1036 5433 eo
1061 5381 1204 5449 quod
1235 5389 1415 5435 exstat
1440 5377 1511 5434 De
1538 5376 2077 5449 placit.plrilosoph_o-

502 5463 641 5510 rum,
677 5449 753 5501 uti
789 5445 867 5528 τῷ
912 5445 1825 5528 dvymopqﬁngvrrperspicuum
1856 5445 1967 5501 fiet.
1998 5446 2077 5499 Ex
2120 5470 2139 5489 ιο

502 5532 613 5584 quo
639 5519 874 5572 seorsim
921 5520 1085 5574 etiam
1120 5519 1275 5575 idem
1308 5520 1507 5577 Euseb.
1539 5519 1680 5574 infra
1711 5519 1804 5573 lib.
1844 5533 1936 5572 xrv
1967 5532 2077 5571 non

502 5602 676 5658 pauca
710 5589 1011 5657 depromet.
1028 5590 1167 5657 Quid
1197 5592 1242 5646 si
1272 5601 1444 5649 totum
1476 5590 1608 5646 illud
1642 5589 1931 5643 Moralium
1966 5604 2082 5657 ope-

505 5674 645 5731 rum,
682 5669 741 5713 ut
768 5659 934 5731 vulgo
966 5661 1338 5729 nominantur,
1364 5676 1587 5731 corpus,
1621 5658 1916 5731 boetitnlo
1935 5673 2081 5731 corn-

506 5729 698 5799 plcxus
728 5730 844 5787 est?
866 5730 1006 5798 Quid
1031 5732 1175 5789 enim
1205 5740 1315 5790 tam
1350 5729 1781 5806 στρωματοειδές
1801 5744 1965 5800 quam
1980 5729 2078 5799 illa

2183 4521 2322 4594 πρὸς
2354 4522 2417 4575 τὸ
2463 4520 2682 4583 πλάτος.
2718 4519 2857 4591 Φησὶ
2897 4519 2956 4572 δὲ
2986 4518 3049 4572 τὸ
3093 4519 3157 4571 ὲκ
3194 4515 3289 4570 τοῦ
3335 4516 3531 4571 ἀϊδίου
3568 4519 3794 4588 γόνιμον

2183 4612 2386 4685 θερμοῦ
2430 4630 2490 4666 τε
2537 4614 2628 4666 κειιί¹
2656 4611 2886 4683 ψυχροῦ,
2919 4609 3061 4664 κατά
3097 4608 3196 4680 τὴν
3235 4607 3466 4677 γένεσιν
3502 4610 3669 4664 τοῦδε
3704 4606 3794 4661 τοῦ

2183 4706 2390 4778 κόσμου
2411 4704 2792 4777 ἀποκριθῆναι,
2816 4702 2908 4757 καί
2936 4719 3059 4757 τινα
3087 4701 3151 4753 ὲκ
3174 4700 3365 4754 τούτου
3393 4701 3618 4771 φλογὸς
3642 4704 3799 4770 agai-

2186 4816 2286 4873 ραν
2325 4797 2618 4870 περιφῦναι
2650 4796 2727 4868 τῷ
2750 4796 2878 4868 περὶ
2907 4794 3006 4867 τὴν
3037 4794 3139 4866 γῆν
3167 4792 3309 4866 ἀέρι,
3344 4792 3434 4856 ὡς
3478 4794 3567 4866 τῷ
3595 4793 3798 4865 δένδρῳ

2184 4892 2393 4962 φλοιόν·
2425 4886 2641 4963 ἧστινος
2680 4887 3106 4962 ἀπορραγείσης,
3163 4884 3258 4940 καὶ
3301 4883 3388 4949 εἷς
3441 4901 3616 4949 τινας
3666 4887 3805 4939 ἀπο-

2186 4983 2526 5055 κλεισθείσης
2571 4982 2822 5046 κύκλους,
2850 4979 3150 5050 ὑποστῆναι
3194 4977 3286 5032 τὸν
3328 4977 3503 5049 ἥλιον
3558 4978 3666 5032 καὶ
3705 4975 3803 5049 τὴν

2187 5204 2487 5267 Plutarchi,
2513 5202 2584 5257 τά
2608 5220 2669 5256 τε
2702 5201 2950 5267 καθόλου,
2982 5198 3177 5273 καὶᾲτά
3209 5199 3346 5272 μετά
3378 5201 3574 5273 μέρος
3604 5165 3813 5256 συντά-

2187 5291 2409 5347 γματα;
2439 5273 2762 5347 Cuiusmodi
2811 5273 3029 5347 sua_illa
3059 5271 3309 5347 glemens
3342 5271 3815 5347 Alexandrinus

2186 5340 2311 5401 esse
2342 5340 2623 5415 profitetur
2650 5343 2743 5399 lib.
2777 5359 2834 5415 rv
2871 5361 2884 5396 :
2918 5343 3166 5415 Ποικίλα,
3194 5342 3279 5415 ὡς
3298 5341 3458 5415 αὑτό
3482 5360 3600 5396 που
3626 5340 3815 5415 τοῦνο-

2193 5417 2268 5488 μά
2293 5411 2448 5488 φησι,
2483 5414 2875 5488 διεστρωμένα,
2910 5414 3003 5466 ἀπ’
3028 5413 3208 5488 Αᾶλλουμ
3239 5414 3317 5476 εἰς
3364 5412 3520 5488 ἄλλο
3580 5411 3817 5488 συνεχὲς

2192 5482 2443 5558 μετιόντα
2466 5504 2480 5517 ·
2519 5482 2650 5541 licet
2690 5482 2835 5554 quod
2887 5485 3154 5553 sequitur,
3185 5483 3375 5554 ἕτερον
3412 5485 3531 5553 μέν
3574 5502 3634 5538 τι
3669 5482 3817 5537 κατά

2192 5557 2278 5610 τὸν
2327 5559 2515 5624 εἱρμὸν
2567 5556 2673 5610 τῶν
2714 5554 2887 5624 λόγων
2940 5553 3233 5624 μηνύοντα,
3268 5553 3712 5624 ἐκδεικνύμενα
3760 5551 3818 5607 ὁὶ

2187 5571 2278 5610 τον
2327 5571 2515 5628 ειρμον
2567 5572 2673 5610 των
2715 5571 2887 5624 Λογων
2940 5571 3233 5625 μηνυοντα,
3268 5571 3712 5627 εκοεικνυμενα
3760 5571 3818 5607 es

2186 5626 2315 5708 ἀλλο
2338 5645 2411 5693 τι,
2444 5628 2649 5708 minus,
2681 5634 2742 5682 ut
2780 5626 3014 5696 videtur,
3045 5625 3104 5681 in
3152 5625 3257 5683 ista
3308 5622 3627 5683 Plutarchi
3676 5641 3820 5696 epu—

2190 5699 2338 5755 scula
2368 5699 2676 5756 conveniat.
