3948 6376
223 288 286 346 57
1370 286 1694 344 ΡΒᾹΞΡΑΒ.
1735 288 1748 343 1

1856 288 1986 345 tNG.
2028 287 2158 346 LIB.
2196 288 2236 344 1.
3365 289 3438 348 58

218 411 434 480 σελήνην,
467 406 557 460 καὶ
585 406 716 472 τοὺς
743 407 1127 482 ἀστέρας.Ἔτι
1171 410 1356 484 φησὶν,
1389 411 1472 465 δτι
1511 415 1632 466 κατ’
1657 414 1748 484 ἀρ·

1863 413 2017 484 ignea
2048 411 2440 468 circumfusum
2487 421 2648 467 terrae
2701 425 2882 467 aerem
2918 410 3085 466 veluti
3111 421 3295 466 cortex
3344 428 3437 466 ar-

214 502 300 572 χὶς
317 500 369 562 ἐξ
393 497 672 551 ἁλλοειδῶν
705 498 860 563 ζώων
885 503 914 554 ὁ
936 499 1220 571 ἄνθρωπος
1242 501 1501 574 ὲγεννήθη
1527 519 1541 534 ο
1573 505 1638 557 ὲκ
1659 503 1754 558 τοῦ

213 592 270 646 τὰ
296 590 385 660 μὲν
415 587 543 641 ἄλλα
576 589 646 642 δι’
679 591 890 645 ἑαυτῶν
915 592 1053 660 ταχὺ
1083 591 1364 662 νέμεσθαι,
1397 593 1556 663 μόνον
1584 594 1642 646 δὲ
1666 595 1757 648 τὸν

211 684 454 752 ἄνθρωπον
484 680 842 753 πολυχρονίου
890 681 1095 735 δεῖσθαι
1141 682 1493 753 τιθηνήσεωςο
1533 684 1615 738 διὸ
1663 685 1757 738 καὶ

212 774 304 830 κατ’
337 771 499 842 ἀρχὰς
529 771 635 825 ούκ
685 775 752 828 ἄν
795 791 924 827 ποτε
965 773 1206 828 τοιοῦτον
1235 774 1364 828 ὄντα
1402 774 1752 847 διασωθῆναι.

208 865 359 920 ταῦτα
387 864 481 934 μὲν
508 860 603 917 οὖν
638 865 669 916 ὀ
713 866 1147 938 Ἀναξίμανδρος.

1861 504 2051 560 borem
2082 505 2399 560 involveret.
2458 503 2533 559 Ea
2580 505 2827 575 disrupta
2861 519 2986 600 ωλι)
3013 513 3179 570 esset,
3237 519 3300 558 ae
3331 505 3438 558 cir-

1859 592 1999 648 culis
2023 593 2350 663 quibusdam
2403 593 2727 658 interclusa,
2786 592 2956 648 solem
2981 592 3106 647 inde
3143 592 3329 646 lunam
3371 608 3437 649 ac

1858 684 2042 739 stellas
2087 685 2383 740 exstitisse.
2435 683 2704 739 Praeterea
2759 684 3037 739 hominem
3092 699 3159 738 ex
3210 683 3439 741 diversa:

1857 775 2043 828 formae
2071 775 2442 830 animantibus
2470 775 2625 829 initio
2664 775 2903 845 genitum
2927 789 3048 830 esse
3070 773 3392 830 defendebat
3416 789 3434 829 :

1856 883 1982 922 nam
2013 882 2139 923 cum
2175 877 2382 923 caaterae
2409 882 2505 936 per
2536 883 2594 922 se
2622 868 2771 936 ipsas
2804 867 3066 921 continuo
3089 877 3304 937 pastum
3345 881 3439 924 ca-

205 969 407 1030 pessant,
436 968 549 1012 tum
575 968 733 1015 certe
765 961 1064 1026 hominem,
1116 961 1208 1032 qui
1239 962 1428 1033 perdiu
1479 963 1618 1018 lacte
1667 979 1944 1034 operaque
2006 972 2236 1018 nutricis
2287 962 2544 1034 indigeat,
2585 976 2864 1031 nunquam
2904 961 3061 1028 alias,
3089 961 3134 1016 si
3166 960 3436 1030 ejusmodi

202 1054 332 1117 foret,
360 1069 421 1108 eo
452 1057 948 1141 temper-{salvum
982 1071 1102 1111 esse
1147 1058 1406 1126 potuisse.
1444 1056 1568 1113 Hazc
1595 1058 2016 1114 Anaximander.

259 1167 278 1202 ι
301 1147 645 1221 Ἀναξιμένην
669 1150 724 1203 δέ
741 1167 872 1219 φασι
894 1150 990 1222 τὴν
1008 1151 1116 1204 τῶν
1144 1151 1280 1204 ὅλων
1298 1153 1472 1224 ἀρχὴν
1495 1153 1583 1206 τὸν
1615 1153 1752 1225 ἀέρα

201 1244 360 1302 εἰπεῖν,
390 1241 482 1294 καὶ
528 1240 725 1294 τοῦτον
771 1239 910 1296 εἶναι
947 1242 1024 1313 τῷ
1057 1243 1155 1313 μὲν
1183 1244 1330 1312 γένει
1359 1246 1604 1317 ἄπειρον,
1631 1250 1750 1309 ταῖς

198 1335 244 1388 δὲ
286 1332 397 1403 περὶ
450 1331 615 1384 αὐτὸν
671 1333 950 1405 ποιότησιν
997 1334 1321 1406 ὡρισμένον.
1361 1335 1655 1388 Γεννᾶσθαι
1688 1336 1746 1390 δὲ

198 1428 342 1479 πάντα
367 1423 506 1477 κατά
530 1441 656 1477 τινα
691 1425 964 1478 πύκνωσιν
993 1425 1203 1490 τούτου,
1234 1425 1328 1478 καὶ
1355 1425 1514 1479 πάλιν
1548 1426 1746 1498 ἀραίωο

196 1533 280 1567 σιν.
307 1514 410 1584 Τήν
441 1530 506 1581 γε
538 1514 650 1584 μὴν
681 1515 897 1586 κίνησιν
928 1515 985 1582 ἐξ
1013 1515 1205 1580 αἰῶνος
1245 1515 1536 1587 ὑπάρχειν·
1567 1518 1750 1570 πιλου-

197 1606 329 1677 μένου
358 1603 411 1656 δὲ
445 1604 541 1656 τοῦ
578 1605 764 1675 ἀέρος,
805 1605 1025 1678 πρώτην
1068 1606 1413 1676 γεγενῆσθαις
1440 1607 1617 1675 λέγειν
1652 1606 1750 1678 τὴν

1937 1173 1956 1206 ‹
2006 1153 2400 1207 Anaximenem
2460 1158 2643 1204 autem
2695 1150 2895 1214 aiunt,
2953 1163 3134 1204 rerum
3187 1149 3436 1204 omnium

1855 1244 2183 1314 principium
2223 1258 2402 1297 aerem
2468 1241 2746 1304 statuisse,
2806 1240 2898 1310 qui
2961 1255 3158 1309 genere
3211 1238 3431 1309 quidem

1854 1337 1974 1406 ipso
2027 1336 2272 1391 inﬁnitus
2293 1343 2455 1402 esset,
2487 1343 2543 1388 at
2569 1334 2731 1388 certis
2755 1333 3110 1403 qualitatibus
3166 1333 3281 1387 suis
3339 1333 3432 1386 de-

1851 1427 2080 1488 tinitus,
2129 1434 2292 1495 atque
2360 1424 2828 1492 circumscriptus.
2887 1421 3060 1491 Hujus
3117 1423 3313 1492 partim
3365 1437 3433 1477 ex

1853 1518 2271 1587 constipatione,
2328 1519 2526 1586 partim
2572 1515 2796 1569 raritate
2849 1514 3176 1569 succedente
3233 1522 3432 1568 cuncta

1857 1609 2104 1680 generari
2139 1626 2153 1663 :
2190 1609 2448 1678 itemque,
2486 1607 2873 1676 sempiternum
2911 1620 3034 1661 esse
3085 1612 3328 1671 motum;
3365 1620 3432 1660 ex

194 1697 292 1766 γῆν,
323 1695 580 1748 πλατεῖαν
615 1697 796 1766 μάλα·
828 1697 907 1751 διὸ
944 1697 1206 1752 καὶκατὰ
1242 1699 1397 1768 λόγον
1449 1698 1616 1769 αὐτὴν
1661 1698 1748 1751 ὲπ-

1857 1703 2044 1757 eodem
2077 1716 2202 1757 aere
2240 1701 2295 1755 in
2323 1715 2442 1755 sese
2471 1710 2659 1755 coacto
2687 1709 2851 1768 atque
2883 1715 3196 1769 compresso
3229 1709 3430 1754 terram

192 1785 398 1856 οχεῖσθαι
431 1787 580 1858 ἀέρι,
612 1790 712 1841 καὶ
732 1789 822 1841 τὸν
855 1789 1006 1858 ἣλιον
1038 1793 1130 1844 καὶ
1157 1791 1256 1862 τὴν
1286 1791 1530 1862 σελήνην,
1563 1791 1656 1844 καὶ
1683 1791 1751 1844 τὰ

191 1879 328 1932 λοιπὰ
356 1880 555 1950 ἄστρα,
588 1879 693 1951 τὴν
725 1881 896 1952 ἀρχὴν
927 1882 1028 1952 τῆς
1059 1882 1326 1951 γενέσεως
1351 1884 1415 1935 ὲκ
1450 1883 1552 1953 γῆς
1582 1881 1743 1951 ἔχειν.

200 1971 557 2038 ’Δποςαίνεται
586 1972 725 2040 γοῦν
751 1973 840 2026 τὸν
863 1974 1031 2044 ἥλιον,
1067 1975 1170 2044 γῆν
1190 1991 1203 2004 ο
1232 1974 1322 2028 διὰ
1351 1975 1407 2027 δὲ
1441 1974 1538 2044 τὴν
1570 1972 1747 2036 ὀξεῖαν

191 2063 394 2132 κξνησιν,
436 2064 532 2116 καὶ
586 2065 716 2135 μάλ’
758 2065 956 2130 ἱκανῶς
1005 2066 1344 2138 θερμοτάτην
1390 2067 1602 2137 κίνησιν
1650 2065 1749 2118 λαι-

192 2153 302 2207 δεῖν.

1859 1793 2100 1846 omnium
2133 1793 2430 1861 principem
2459 1807 2687 1862 eamque
2711 1793 2875 1847 latam
2921 1791 3217 1847 admodum
3246 1802 3430 1845 natam

1855 1897 1997 1947 esse,
2035 1883 2255 1952 aerique
2289 1891 2573 1953 propterea
2627 1883 2749 1952 jure
2777 1884 2948 1953 ipsam
2981 1899 3046 1938 ac
3071 1884 3266 1937 merito
3293 1882 3432 1936 insi-

1855 1973 2004 2027 dere.
2063 1973 2243 2028 Solem
2279 1991 2461 2045 porro,
2513 1977 2720 2037 lunam,
2775 1991 2839 2030 ac
2888 1976 3153 2046 reliquam
3187 1976 3430 2030 siderum

1853 2065 2256 2120 multitudinem
2279 2083 2343 2121 ex
2373 2076 2514 2122 terra
2539 2068 2626 2123 sui
2660 2068 2985 2137 principium
3021 2067 3126 2137 23
3150 2077 3303 2122 ortus
3335 2067 3431 2121 ha-

1851 2156 2058 2214 buisse.
2089 2157 2268 2224 Quare
2299 2160 2467 2214 solem
2497 2160 2713 2229 quidem
2754 2161 2931 2228 ipsum
2965 2169 3168 2214 terram
3217 2173 3433 2214 nuncu-

191 2249 347 2318 ρεῦσι,
377 2246 634 2301 eumdem
696 2256 876 2302 tamen
927 2247 1296 2303 arbitrabatur
1348 2248 1729 2305 incitatissimo
1758 2265 1922 2306 cursu
1955 2251 2495 2309 vehementissimum
2534 2253 2689 2307 illum
2717 2253 2973 2317 calorem,
3018 2252 3183 2322 idque
3231 2267 3432 2322 Oppor-

191 2348 296 2393 tune
325 2339 644 2403 admodum,
685 2356 805 2394 esse
832 2349 1208 2395 consecutum.

255 2448 271 2480 ι
293 2429 595 2500 Ξενοφάνης
626 2430 683 2483 δὲ
720 2431 748 2482 ὁ
780 2429 1146 2500 Κολοφώνιος,
1186 2432 1320 2485 ἰδίαν
1351 2430 1469 2486 τινὰ
1500 2433 1615 2486 ὁδὸν
1648 2450 1747 2486 πε·-

191 2522 521 2592 πορευμένος,
558 2522 660 2576 καὶ
709 2522 1117 2593 παρηλλαχυῖαν
1165 2525 1368 2588 πάντας
1410 2526 1534 2588 τοὺς
1566 2542 1749 2597 προει-

195 2612 468 2684 ρημένους,
514 2611 646 2666 οὔτε
702 2613 950 2682 γένεσιν,
1007 2613 1130 2667 οὔτε
1185 2615 1388 2686 φθορὰν
1435 2615 1746 2693 όιπολείπει·

194 2705 287 2757 ἀλλ’
315 2700 445 2757 εἶναι
497 2704 652 2773 λέγει
701 2705 761 2757 τὸ
792 2706 901 2758 πᾶν
934 2705 1022 2758 ἀεὶ
1053 2706 1255 2776 ὅμοιον.
1303 2706 1366 2759 El
1398 2705 1504 2778 γὰρ
1549 2707 1751 2775 γίνοιτο

196 2797 346 2861 τοῦτο,
371 2797 557 2868 φησὶν,
593 2799 888 2865 ἀναγκαῖον
920 2797 1024 2870 πρὸ
1043 2798 1230 2851 τούτου
1266 2798 1339 2869 μὴ
1373 2794 1528 2852 εἶναι.
1563 2797 1636 2851 Τὸ
1673 2795 1747 2869 μὴ

1930 2450 1949 2486 ι
1983 2429 2101 2485 Jam
2132 2444 2259 2484 vero
2292 2427 2656 2498 Xenophanes
2681 2426 3052 2498 Colophonius
3098 2426 3429 2496 singularem

1854 2527 2143 2596 quamdam
2173 2523 2433 2579 insistens
2467 2523 2629 2587 viam,
2664 2532 2718 2576 et
2751 2522 2818 2575 ab
2845 2536 3055 2583 eorum,
3082 2536 3219 2590 quos
3248 2521 3429 2575 adhuc

1856 2619 2231 2680 uroduximus,
2261 2617 2504 2670 omnium
2532 2615 2785 2684 opinione
2806 2615 3195 2679 deﬂectentem,
3217 2612 3426 2667 nullum

1854 2711 2069 2782 penitus
2099 2710 2184 2763 vel
2213 2718 2393 2764 ortum
2425 2707 2511 2762 vel
2561 2707 2835 2761 interitum
2868 2705 3143 2775 relinquit,
3172 2705 3258 2759 sui
3284 2719 3429 2758 sem-

1855 2817 1947 2871 per
1979 2800 2157 2856 simile
2186 2800 2288 2854 boc
2315 2799 2630 2853 universum
2678 2811 2800 2852 esse
2841 2805 3012 2850 ratus.
3048 2795 3106 2849 Si
3140 2796 3283 2849 enim
3329 2794 3426 2850 deo

195 2888 242 2941 ὂν
267 2889 336 2951 δὲ,
362 2889 458 2942 οὐκ
489 2888 557 2942 ἂν
586 2890 830 2958 γένοιτο,
861 2889 969 2943 οὐδ’
1003 2890 1068 2943 ἂν
1101 2890 1162 2943 τὸ
1202 2891 1278 2963 μὴ
1323 2890 1384 2944 δν
1417 2891 1641 2961 ποιήσαι
1667 2907 1742 2953 τι,

1856 2906 1942 2950 tur
1971 2901 2310 2964 procreatum
2340 2891 2471 2946 illud
2497 2905 2637 2953 esse,
2679 2888 2937 2944 continuo
2985 2897 3299 2944 secuturum
3346 2887 3427 2942 uti

196 2978 297 3032 οὔτε
335 2980 434 3033 ὑπὸ
459 2979 553 3033 τοῦ
590 2981 667 3052 μὴ
711 2980 863 3044 ὄντος
897 2980 1089 3049 γένοιτ’
1122 2980 1188 3034 ἄν
1234 2998 1286 3034 τι
1363 2981 1748 3050 Ἀποφαίνεται

195 3073 242 3126 δὲ
274 3071 359 3126 καὶ
397 3074 496 3136 τὰς
529 3072 814 3145 αἰσθήσεις
842 3073 1088 3144 ψευδεῖς,
1120 3077 1216 3128 καὶ
1254 3075 1480 3129 καθόλου
1516 3075 1613 3128 σὺν
1646 3077 1747 3128 αὐ-

195 3167 292 3229 ταῖς
327 3166 418 3219 καὶ
474 3165 643 3219 αὐτὸν
698 3165 789 3218 τὸν
823 3165 980 3235 λόγον
1027 3165 1319 3220 διαϐάλλει.
1367 3167 1747 3235 Ἀποεραίνεται

195 3256 241 3310 δὲ
271 3259 356 3310 καὶ
381 3257 456 3326 τῷ
489 3257 673 3329 χρόνῳ
718 3258 1167 3330 καταφερομένην
1200 3257 1462 3329 συνεχῶς,
1497 3260 1592 3312 καὶ
1623 3261 1746 3311 κατ’

195 3349 343 3417 ὀλίγον
383 3350 480 3419 τὴν
523 3349 629 3419 γῆν
671 3351 751 3414 είς
799 3351 894 3421 τὴν
936 3348 1210 3404 θάλασσαν
1243 3353 1460 3421 χωρεῖνο
1501 3351 1633 3421 φησι
1683 3349 1741 3403 δὲ

193 3443 269 3493 καὶ
291 3442 370 3494 τὸν
398 3442 552 3511 ἥλιον
574 3444 638 3494 ὲκ
672 3442 880 3512 μικρῶν
906 3443 1001 3495 καὶ
1027 3441 1284 3495 πλειόνων
1317 3442 1528 3514 πυρίων
1561 3441 1746 3512 ἀθροί-

196 3533 372 3598 ζεσθαι.
420 3533 807 3602 Ἀποφαίνεται
829 3534 884 3587 δὲ
912 3535 1004 3588 καὶ
1040 3535 1167 3606 περὶ
1198 3534 1355 3599 θεῶν,
1384 3535 1459 3599 ὡς
1489 3534 1746 3604 οὐδεμιᾶς

194 3627 458 3697 ἡγεμονίας
490 3629 552 3680 ὲν
582 3627 766 3690 αὐτοῖς
810 3625 976 3699 οὔσης
1000 3644 1012 3658 ο
1067 3627 1128 3680 οὐ
1167 3626 1273 3699 γὰρ
1314 3628 1458 3680 ὅσιον
1487 3626 1746 3690 δεσπόζε-

196 3717 295 3770 σθαί
325 3735 441 3771 τινα
501 3718 611 3772 τῶν
645 3719 798 3772 θεῶν·
840 3717 1139 3772 ἐπιδεῖσθαι
1185 3737 1244 3772 τε
1301 3717 1526 3790 μηδενὸς
1570 3717 1748 3771 αὐτῶν

195 3811 371 3880 μηδένα
403 3810 523 3882 μηδ’
554 3811 690 3874 ὅλως
708 3827 722 3841 ·
751 3811 966 3864 ἀκούειν
992 3810 1048 3863 δὲ
1081 3809 1175 3864 καὶ
1204 3811 1334 3882 ὁρᾷν
1365 3808 1616 3870 καθόλου,
1649 3807 1746 3862 καὶ

197 3901 257 3972 μὴ
282 3901 412 3955 κατὰ
447 3903 629 3974 μέρος.
659 3901 1039 3972 Ἀποφαίνεται
1063 3902 1236 3955 δὲκαὶ
1266 3901 1365 3972 τὴν
1386 3900 1490 3971 γῆν
1521 3899 1744 3970 ἄπειρον

195 3988 342 4057 εἶναι,
390 3995 483 4046 καὶ
533 3992 672 4046 κατὰ
729 3995 836 4046 πᾶν
891 3992 1054 4065 μέρος
1099 3991 1173 4064 μὴ
1229 3989 1577 4063 περιέχεσθαι
1639 3989 1746 4042 ὑπὸ

195 4084 346 4156 ἀέρος’
377 4085 621 4154 γίνεσθαι
664 4085 722 4138 δὲ
772 4084 987 4138 ἅπαντα
1020 4087 1085 4138 ἐκ
1140 4084 1275 4154 γῆς’
1325 4085 1415 4138 τὸν
1477 4084 1536 4137 δὲ
1591 4083 1744 4155 ἥλιόν

199 4193 306 4244 φησι
329 4178 418 4230 καὶ
438 4177 509 4230 τὰ
528 4177 660 4232 ἄλλα
683 4177 858 4248 ἄστρα
884 4179 948 4229 ὲκ
978 4175 1088 4230 τῶν
1120 4176 1298 4245 νεφῶν
1329 4175 1595 4246 γίνεσθαι.

1849 2985 2002 3055 prius
2033 2997 2140 3037 non
2175 2981 2366 3048 fuerit;
2401 2981 2455 3035 id
2505 2990 2706 3046 autem,
2741 2978 2888 3048 quod
2939 2993 3048 3032 non
3101 2987 3426 3050 est,_neque

1851 3079 1985 3144 fieri,
2016 3092 2190 3150 neque
2223 3075 2370 3130 aliud
2415 3074 2643 3139 efﬁcere,
2667 3088 2843 3144 neque
2883 3087 3076 3127 rursus
3111 3088 3176 3126 ex
3210 3087 3276 3127 eo
3309 3069 3425 3125 fleri

1849 3170 2143 3241 quidquam
2205 3182 2385 3238 posse.
2446 3165 2712 3221 Praeterea
2775 3179 2971 3220 sensus
3031 3163 3247 3218 fallaces
3305 3177 3426 3217 esse

1848 3261 2145 3326 contendit,
2173 3275 2390 3330 unaque
2410 3273 2535 3314 cum
2565 3258 2673 3313 illis
2703 3257 2875 3326 ipsam
2911 3271 3128 3326 quoque
3154 3255 3424 3309 rationem

1848 3356 1903 3411 in
1930 3355 2182 3416 omnibus
2209 3353 2550 3408 criminatur.
2579 3349 2803 3405 Terram
2839 3363 3129 3418 progressu
3166 3347 3426 3416 temporis

1845 3447 2184 3502 continenter
2211 3447 2464 3501 deorsum
2492 3443 2642 3508 ferri,
2693 3458 2757 3496 ac
2787 3442 3046 3512 paulatim
3083 3441 3136 3495 in
3168 3456 3317 3496 mare
3346 3442 3427 3494 la-

1845 3538 1942 3593 bi:
1985 3539 2151 3593 solem
2202 3548 2380 3592 autem
2437 3552 2505 3592 ex
2555 3536 2769 3611 pusillis
2829 3536 3132 3606 iisdemque
3177 3537 3426 3606 pluribus

1847 3628 2097 3700 igniculis
2125 3627 2418 3682 conflatum
2470 3642 2593 3682 esse
2631 3627 2815 3681 tradit.
2860 3625 2999 3692 Quin
3033 3627 3194 3681 etiam
3223 3627 3289 3680 de
3321 3626 3426 3681 diis

1849 3717 1922 3770 ita
1955 3716 2217 3785 disputat,
2245 3716 2454 3769 nullum
2490 3725 2551 3768 ut
2587 3715 2726 3768 inter
2765 3730 2861 3769 eos
2889 3730 3009 3770 esse
3059 3716 3426 3786 principatum

1850 3809 2162 3870 existimet,
2231 3808 2377 3877 quod
2433 3806 2587 3863 nefas
2648 3807 2838 3877 utique
2892 3807 3140 3862 videatur
3198 3809 3424 3862 deorum

1851 3914 2176 3970 quemquam
2238 3900 2463 3955 alterius
2519 3897 2658 3954 ferre
2713 3899 3096 3955 dominatum:
3145 3914 3259 3952 rem
3305 3911 3429 3954 esse

1850 3991 2076 4055 nullam,
2108 3990 2176 4044 ad
2205 4006 2370 4061 quam
2403 3991 2566 4046 ullius
2596 3991 2842 4062 ipsorum
2900 3992 3106 4046 auxilio
3143 3992 3284 4046 alius
3308 4006 3429 4045 om-

1850 4083 1982 4138 nino
2016 4081 2303 4153 quisquam
2339 4082 2617 4151 indigeat:
2654 4084 2875 4139 eosdem
2928 4098 3095 4154 porro
3141 4091 3338 4138 cuncta
3369 4081 3427 4136 in

1848 4175 2163 4228 universum
2201 4174 2391 4229 audire
2419 4175 2621 4237 pariter
2647 4190 2712 4230 ac
2733 4190 2975 4240 cernere,
3000 4175 3275 4244 sigillatim
3297 4189 3428 4229 vero

198 4285 249 4324 ac
267 4286 350 4339 per
371 4280 555 4340 partes
584 4270 738 4324 nihil.
769 4268 1051 4324 Postremo
1085 4277 1283 4323 terram
1327 4268 1595 4324 infinitam
1651 4283 1796 4332 esse,
1836 4282 1938 4321 nec
1965 4281 2157 4320 omnes
2184 4265 2328 4322 illius
2353 4275 2530 4336 partes
2571 4281 2697 4321 aere
2735 4266 3026 4332 contineri,
3057 4266 3197 4323 nihil
3223 4282 3331 4323 non
3359 4283 3427 4325 ex

199 4378 248 4418 ea
273 4364 553 4432 procreari,
585 4363 753 4418 solem
779 4371 960 4417 tamen
994 4379 1059 4418 ac
1099 4363 1309 4434 reliqua
1358 4364 1535 4419 sidera
1586 4378 1742 4420 suam
1781 4361 2018 4416 nubibus
2049 4359 2312 4428 originem
2345 4360 2541 4414 debere
2564 4359 2906 4430 pronuntiat.

258 4459 632 4531 «Παρμενίδης
681 4459 737 4512 δὲ
784 4461 812 4512 ὁ
851 4459 1108 4532 Ἐλεάτης
1136 4463 1351 4532 ἑταῖρος
1383 4461 1737 4530 Ξενοφάνους,
1775 4465 1823 4524 D

202 4550 296 4619 ἅμα
327 4553 417 4620 μὲν
446 4551 537 4604 καὶ
580 4549 688 4603 τῶν
722 4549 908 4603 τούτου
957 4549 1121 4615 δοξῶν
1163 4551 1577 4620 ἀντεποιήσατο,
1627 4549 1744 4619 ἅμα

202 4640 245 4692 δὲ
271 4644 355 4694 καὶ
388 4642 484 4714 τὴν
514 4642 758 4695 ἐναντίαν
788 4643 1168 4713 ἐνεχειρήσατο
1193 4643 1399 4694 στάσιν.
1419 4641 1610 4702 ’Δῖδιον
1647 4641 1743 4712 μὲν

203 4732 290 4802 γὰρ
321 4733 378 4785 τὸ
409 4735 517 4787 πᾶν
537 4774 551 4797 ,
597 4733 693 4786 καὶ
725 4735 980 4804 ἀκίνητον
1017 4733 1407 4803 ἀποφαίνεται,
1459 4733 1554 4786 καὶ
1602 4732 1744 4785 κατὰ

202 4823 280 4893 τὴν
305 4824 404 4877 τῶν
443 4826 777 4896 πραγμάτων
829 4824 1115 4894 ἀλήθειαν*
1148 4820 1287 4877 εἶναι
1332 4824 1441 4897 γὰρ
1489 4825 1618 4877 αὐτὸ
1649 4824 1744 4894 μό-

205 4928 302 4975 νον,
357 4913 674 4985 μουνογενές
733 4929 795 4967 τε
843 4915 938 4965 καὶ
994 4914 1253 4983 ἀτρεμὲς,
1295 4911 1376 4980 ηδ’
1443 4912 1738 4982 ἀγένητον·

204 5004 380 5073 γένεσιν
408 5008 462 5061 δὲ
485 5007 591 5060 τῶν
621 5006 740 5060 καθ’
766 5005 1030 5075 ὑπόληψιν
1063 5006 1228 5076 ψευδῆ
1263 5005 1559 5057 δοκούντων
1582 5001 1740 5056 εἶναι’

207 5097 283 5150 καὶ
312 5099 401 5161 τὰς
442 5099 722 5169 αἰσθήσεις
766 5097 1014 5152 ἐκϐάλλει
1045 5097 1109 5150 ὲκ
1149 5097 1248 5166 τῆς
1292 5096 1568 5166 ἀληθείας.
1606 5097 1744 5163 Φησὶ

209 5185 270 5252 δὲ,
291 5189 364 5242 ὅτι
388 5191 502 5242 εἴτι
536 5189 688 5262 παρὰ
714 5189 775 5242 τὸ
805 5188 864 5241 ὃν
893 5189 1146 5260 ὑπάρχει,
1180 5188 1338 5241 τοῦτο
1365 5188 1464 5240 οὐκ
1501 5181 1743 5240 ἕστι.⁹λν⁶

209 5275 257 5328 τὸ
281 5276 330 5330 δὲ
358 5278 427 5350 μὴ
455 5280 534 5344 ὃν,
559 5282 616 5332 ἐν
639 5281 750 5342 τοῖς
780 5279 922 5342 ὅλοις
953 5280 1052 5332 οὐκ
1086 5280 1252 5332 ἔστιν.
1281 5278 1466 5342 Οὕτως
1487 5275 1578 5332 οὖν
1602 5279 1662 5332 τὸ
1687 5279 1746 5332 ὃν

209 5365 433 5440 ἀγένητον
476 5370 789 5424 ἀπολείπει·
841 5369 988 5438 λέγει
1019 5370 1075 5424 δὲ
1117 5371 1215 5441 τήν
1266 5371 1372 5441 γῆν
1408 5369 1500 5422 τοῦ
1543 5369 1748 5424 πυκνοῦ

211 5463 572 5535 καταρρυέντος
596 5463 753 5534 ἀέρος
775 5461 1078 5531 γεγονέναι.
1699 5484 1720 5508 ο

1931 4477 1950 4509 ι
1990 4455 2339 4511 Parmenides
2366 4463 2547 4510 autem
2579 4453 2792 4511 Eleates
2815 4495 2832 4522 ,
2880 4453 3233 4524 Xenophanis
3277 4454 3426 4526 ejus-

1850 4549 1970 4602 dem
2003 4547 2308 4612 familiaris,
2341 4547 2538 4619 partim
2575 4546 2642 4600 ad
2688 4547 2834 4601 illius
2863 4562 2982 4602 sese
3014 4547 3300 4617 opiniones
3332 4547 3430 4600 ad-

1843 4639 2048 4709 junxit,
2069 4639 2267 4709 partim
2290 4637 2617 4693 contrariam
2643 4637 2938 4706 quamdam
2971 4638 3205 4692 instituit
3236 4637 3429 4692 factio—

1849 4747 1993 4785 nem.
2047 4730 2258 4800 Etenim
2314 4732 2702 4801 sempiternum
2749 4745 2872 4786 esse
2915 4731 3101 4784 orbem
3137 4730 3280 4783 hunc
3307 4729 3429 4783 uni-

1849 4838 2088 4890 versum,
2116 4823 2373 4894 omnique
2424 4833 2574 4878 motu
2619 4838 2839 4888 carere;
2894 4823 3174 4892 ipsiusque
3220 4831 3429 4877 natura:

1848 4917 2127 4970 veritatem
2180 4917 2404 4971 omnino
2455 4925 2707 4971 constare
2752 4915 3035 4980 defendit;
3097 4914 3426 4982 singularem

1850 5008 1994 5062 enim
2027 5008 2177 5062 illum
2214 5018 2270 5063 et
2303 5009 2613 5080 unigenam,
2641 5007 2888 5063 stabilem
2923 5022 2987 5060 ac
3006 5006 3246 5076 quietum
3268 5047 3284 5073 ,
3326 5020 3429 5061 nec

1848 5106 1996 5152 certo
2024 5098 2205 5169 aliquo
2229 5107 2468 5169 tempore
2493 5109 2808 5170 generatum
2831 5113 2988 5166 esse;
3021 5098 3423 5168 generationem

1846 5204 2012 5258 porro
2037 5189 2106 5244 ad
2132 5207 2194 5245 ea
2221 5191 2414 5260 rejicit,
2439 5207 2561 5260 quae
2590 5190 2726 5245 falsa
2750 5189 2985 5260 quadam
3032 5189 3288 5258 opinione
3321 5204 3428 5256 pu-

1849 5289 2030 5335 tentur
2058 5296 2215 5346 esse,
2267 5282 2511 5351 adeoque
2556 5297 2751 5337 sensus
2796 5297 2988 5336 omnes
3041 5281 3428 5337 communione

1854 5372 2099 5427 veritatis
2127 5372 2382 5428 excludit.
2412 5373 2656 5428 Aﬂirmat
2684 5385 2962 5445 prmterea,
2991 5375 3038 5430 si
3075 5374 3203 5444 quid
3233 5382 3427 5443 prater

1853 5463 1928 5529 id,
1957 5465 2101 5535 quod
2139 5481 2266 5521 vere
2291 5474 2396 5532 est,
2424 5467 2638 5536 uspiam
2681 5468 2929 5531 exsistat,
2957 5467 3085 5520 illud
3117 5467 3292 5534 ipsum
3325 5463 3426 5518 ali-

214 5556 316 5622 quid
343 5574 444 5612 non
472 5573 630 5615 esse:
662 5559 806 5628 quod
828 5567 1008 5615 autem
1045 5559 1249 5630 aliquid
1298 5573 1408 5614 non
1465 5559 1572 5626 sit,
1617 5558 1668 5614 id
1731 5559 1987 5614 universo
2039 5562 2264 5617 minime
2309 5559 2574 5617 contineri
2605 5579 2619 5616 :
2650 5561 2795 5632 quod
2853 5562 3013 5632 igitur
3056 5576 3182 5616 vere
3221 5568 3324 5618 est.
3370 5560 3426 5614 id

215 5666 514 5725 nequaquam
550 5671 669 5712 esse
692 5656 932 5727 genitum
962 5672 1025 5713 ea
1057 5658 1264 5715 ratione
1287 5656 1582 5714 concludit.
1609 5655 1746 5711 Cum
1788 5655 2021 5728 denique
2070 5659 2152 5715 vis
2203 5673 2395 5730 magna
2430 5657 2699 5716 densioris
2750 5658 2893 5714 aeris
2960 5656 3240 5727 deﬂueret,
3301 5654 3428 5711 inde

218 5756 378 5804 terram
404 5751 674 5808 exstitisse
699 5751 971 5822 opinatur.
