3948 6376
488 283 560 343 59
1164 282 1439 342 ausam!
1476 282 1953 344 cassammsrs
1989 283 2139 344 ore.
2182 268 2364 336 PARS
2395 258 2461 326 ιι.
2500 311 2568 324 ε.
2604 280 3106 341 APOLOGETICA.
3694 282 3761 339 co

567 418 587 451 α
621 397 769 455 Zeno
800 396 1022 469 quidem
1053 394 1267 454 Eleates
1297 398 1431 453 nihil
1455 399 1556 455 hoc
1582 400 1635 454 in
1658 416 1856 472 genere
1883 401 2068 473 singu-

2249 414 2267 448 ι
2299 392 2487 465 Ζήνων
2509 396 2565 451 δὲ
2592 400 2620 451 6
2648 397 2924 469 Ἐλεάτης,
2952 396 3082 450 ίδιον
3118 394 3215 466 μὲν
3246 393 3395 450 οὐδὲν
3428 391 3658 466 ἐξέθετο,
3687 395 3761 451 δι-

489 492 606 549 lare
630 490 892 562 vulgavit,
922 489 1016 562 sed
1043 489 1269 560 ancipiti
1292 488 1407 546 fere
1429 489 1790 548 dubitationis
1819 502 1956 549 aestu
1976 492 2079 548 llu-

490 560 747 639 ctuavit;
960 560 997 601 ⁵

568 693 587 725 ι
626 675 690 727 At
716 686 846 726 vero
875 669 1219 726 Democritus
1250 669 1542 726 Abderites
1573 670 1915 734 universum,
1934 670 2081 741 quod

490 763 802 821 eﬂ‘ectorem
821 762 907 819 sui
933 778 999 818 ac
1027 762 1339 817 molitorem
1366 761 1564 817 habeat
1592 761 1888 828 neminem,
1908 762 2083 816 inlini-

492 864 606 910 tum
639 870 761 910 esse
814 854 930 908 vult
974 852 1264 923 omnisque
1294 853 1617 909 mutationis
1662 868 1878 923 expers.
1931 851 2078 907 Idem

492 961 714 1017 quoque
766 946 988 1001 disertis
1046 944 1435 1015 conceptisque
1468 944 1647 999 verbis
1701 944 1933 1009 asserit,
1976 943 2083 998 hoc

490 1039 684 1093 mundi
716 1047 883 1103 statu,
916 1052 1098 1093 rerum
1137 1053 1327 1093 earum
1385 1053 1505 1108 qua:
1537 1053 1682 1101 nunc
1731 1036 2036 1093 efﬁciantur
2062 1076 2079 1102 ,

493 1145 693 1187 causas
722 1132 931 1184 nullum
965 1131 1181 1200 penitus
1207 1131 1408 1185 habere
1438 1131 1769 1201 principium
1795 1148 1810 1197 ;
1844 1131 1937 1187 sed
1961 1146 2083 1201 quae

499 1223 583 1277 vel
644 1222 864 1277 fuerunt
913 1232 1093 1288 antea,
1125 1223 1210 1277 vel
1277 1240 1423 1279 nunc
1486 1234 1651 1289 sunt,
1707 1224 1789 1279 vel
1852 1226 2083 1294 posthac

494 1311 677 1369 futura
699 1314 947 1385 24sunt
970 1314 1175 1378 omnia,
1200 1313 1312 1384 jam
1343 1314 1472 1369 olim
1496 1313 1693 1367 infiniti
1727 1313 1882 1384 plane
1907 1315 2084 1385 spatio

494 1408 758 1476 temporis
785 1408 832 1460 vi
865 1408 1102 1477 quadam
1136 1408 1479 1463 necessitatis
1510 1408 1758 1478 colligata
1792 1423 1933 1464 esse.
1965 1407 2082 1463 Soli

496 1514 660 1570 porro
694 1515 757 1554 ac
790 1498 933 1555 lunae
958 1500 1362 1571 generationem
1386 1500 1653 1566 attribuit,
1687 1516 1751 1555 ac
1774 1508 1891 1555 tum
1925 1515 2080 1555 seor-

495 1589 598 1643 siin
635 1598 930 1659 utrumque
963 1589 1123 1645 docet
1143 1592 1409 1661 ’proprios
1442 1591 1701 1646 habuisse
1731 1600 1934 1655 motus,
1957 1606 2082 1646 cum

496 1676 738 1731 nondum
788 1694 961 1748 usque
1014 1679 1149 1735 adeo
1192 1681 1425 1735 calidam
1479 1681 1641 1735 ambo
1680 1681 2084 1752 fulgentemque

2190 489 2439 564 ηπόρησε
2467 488 2525 544 δὲ
2558 507 2623 543 πε
2634 489 2688 561 pl.
2711 480 2913 543 τούτων
2941 488 3034 542 ἐπὶ
3068 486 3273 543 πλεῖον.

2262 688 2281 724 ι
2308 670 2646 742 Δημόκριτος
2668 671 2696 722 6
2726 668 3043 740 Ἀϐδηρίτης
3063 667 3405 739 ὑπεστήσατο
3421 664 3482 720 τὸ
3498 666 3601 721 πᾶν
3618 667 3766 720 ἄπει-

2190 780 2303 835 ρον,
2340 761 2429 815 διά
2470 760 2531 814 τὸ
2568 760 2830 831 μηδαμῶς
2880 758 2984 811 ύπό
3023 775 3166 821 τινος
3214 756 3345 810 αὐτὸ
3379 756 3764 830 δεδημιουργῆ-

2190 853 2346 907 σθαι·
2382 851 2461 904 ἐτι
2504 851 2562 903 δὲ
2597 851 2693 904 καὶ
2722 849 3099 921 ἀμετάϐλητον
3146 848 3276 903 αύτὺ
3320 848 3499 916 λέγει’
3537 850 3626 901 καὶ
3666 868 3764 904 κα-

2190 945 2383 1010 θόλου,
2433 939 2545 998 οἷον
2591 944 2700 997 πᾶν
2752 945 2897 1007 ἐστι,
2950 940 3129 1013 ῥητῶς
3173 940 3447 994 ἐκτίθεται
3499 941 3765 1011 μηδεμίαν

2188 1036 2364 1109 ἀρχὴν
2388 1036 2531 1107 ἔχειν
2556 1035 2661 1099 τὰς
2695 1035 2876 1099 αἰτίας
2911 1035 3015 1088 τῶν
3047 1035 3140 1088 νῦν
3164 1034 3501 1105 γιγνομένων
3526 1051 3539 1063 ο
3570 1033 3767 1088 ἀνωθεν

2187 1131 2244 1185 δὲ
2277 1133 2414 1196 ὅλως
2444 1130 2502 1198 ἐξ
2532 1130 2757 1201 ἀπείρου
2784 1127 2976 1199 χρόνου
3004 1126 3433 1197 προκατέχεσθαι
3459 1129 3524 1197 τῇ
3560 1126 3769 1199 ἀνάγκῃ

2188 1223 2348 1277 πάνθ’
2394 1223 2583 1287 ἁπλῶς
2621 1222 2693 1276 τά
2729 1220 2991 1290 γεγονότα
3043 1220 3137 1273 καὶ
3188 1218 3316 1270 ὄντα
3361 1218 3456 1271 καὶ
3509 1216 3759 1288 ἐσόμενα.

2206 1319 2391 1372 Ἠλίου
2402 1318 2460 1371 δὲ
2477 1317 2571 1371 καὶ
2604 1315 2831 1387 σελήνης
2844 1312 3054 1383 γένεσίν
3078 1326 3229 1384 φησι·
3251 1311 3367 1364 κατ’
3392 1310 3526 1363 ἰδίαν
3538 1308 3601 1381 δὴ
3631 1312 3649 1376 (
3662 1310 3763 1378 l9')

2191 1409 2452 1483 φέρεσθαι
2498 1406 2671 1462 ταῦτα
2710 1405 2936 1477 μηδέπω
2980 1402 3306 1475 τοπαράπαν
3339 1399 3530 1470 ἔχοντα
3568 1390 3795 1470 θερμὴν’

2191 1502 2374 1572 φύσιν,
2424 1500 2556 1571 μηδὲ
2593 1497 2699 1570 μὴν
2737 1496 2966 1550 καθόλου
3012 1492 3435 1565 λαμπροτάτην,
3468 1489 3770 1544 τούναντίον

2189 1596 2246 1650 δὲ
2281 1592 2705 1665 ἐξωμοιωμένην
2735 1594 2802 1662 τῇ
2835 1588 2963 1660 περὶ
2994 1587 3091 1659 τὴν
3124 1587 3227 1657 γῆν
3273 1583 3455 1655 φύσει·
3490 1580 3770 1653 γεγονέναι

2189 1687 2298 1759 γὰρ
2327 1686 2587 1758 ἑκάτερον
2612 1682 2816 1737 τούτων
2842 1682 3103 1753 πρότερον
3123 1678 3223 1731 -ἔτι
3253 1678 3373 1730 κατ’
3415 1676 3548 1729 ἰδίαν
3580 1673 3773 1727 ὑποϐο-

495 1776 749 1823 naturam
798 1769 1143 1837 obtinerent,
1202 1773 1296 1826 sed
1356 1779 1587 1828 terrente
1636 1775 1819 1843 potius
1876 1782 2085 1828 natura:

2198 1774 2288 1845 λήν
2322 1790 2443 1825 τινα
2482 1772 2720 1843 κόσμου·
2759 1769 2984 1840 ὕστερον
3026 1768 3081 1820 δὲ
3116 1765 3641 1839 μεγεθοποιουμένου
3684 1764 3771 1819 τοῦ

494 1862 830 1931 persimilem
859 1880 873 1917 :
908 1862 976 1917 ad
1006 1879 1131 1919 eum
1163 1864 1309 1919 enim
1351 1865 1506 1935 prius
1535 1865 1757 1920 modum
1793 1874 2087 1935 utrumque

497 1963 841 2020 procreatum
875 1968 1018 2020 esse,
1050 1970 1213 2024 quem
1248 1957 1543 2027 singularis
1577 1958 1826 2028 quaedam
1863 1972 1926 2012 ac
1953 1973 2085 2027 pro-

495 2048 613 2118 pria
657 2049 885 2116 subiecti
937 2052 1127 2105 mundi
1161 2053 1404 2108 conditio
1438 2055 1751 2124 postulabat
1803 2073 1816 2109 :

572 2252 591 2285 ι
628 2234 897 2305 Epicurus
949 2236 1166 2293 Neoclis
1220 2239 1386 2306 filius,
1418 2228 1804 2311 Atheniensis,
1860 2244 2077 2299 inanem

495 2340 709 2392 earum,
744 2344 865 2398 quae
913 2329 981 2385 de
1035 2318 1139 2386 diis
1194 2334 1591 2404 suscipiuntur,
1645 2336 2081 2405 disputationum

496 2417 700 2475 fastum
738 2421 970 2492 dejicere
1002 2434 1275 2493 conatur;
1324 2428 1599 2499 simulque
1649 2430 1964 2495 contendit,
2015 2445 2083 2484 ex

493 2526 563 2568 eo
587 2512 731 2582 quod
767 2529 876 2569 non
924 2517 1029 2581 sit,
1081 2519 1215 2574 oriri
1265 2521 1402 2575 nihil
1436 2539 1450 2576 :
1488 2522 1592 2578 hoc
1622 2523 1940 2578 universum
1977 2521 2083 2577 tale

495 2618 712 2674 semper
748 2604 956 2672 fuisse,
1009 2608 1227 2680 taleque
1280 2622 1537 2683 perpetuo
1592 2614 1873 2679 futurum,
1925 2615 2085 2685 quale

494 2709 647 2752 nunc
678 2708 762 2752 est
791 2717 804 2753 :
834 2699 880 2754 si
916 2707 1132 2771 tempus
1158 2703 1429 2759 inﬁnitum
1457 2707 1685 2777 jamque
1717 2718 1844 2762 ante
1873 2708 2076 2778 produ-

496 2797 649 2844 ctum
702 2791 965 2862 excipias,
991 2793 1131 2861 jnovi
1180 2796 1315 2850 nihil
1361 2806 1474 2851 toto
1510 2798 1643 2854 orbe
1690 2798 1916 2869 perfici:
1951 2798 2078 2855 uni-

2192 1866 2321 1937 περὶ
2354 1866 2444 1919 τὸν
2483 1864 2632 1937 ἥλιον
2681 1862 2920 1931 κύκλου,
2963 1858 3405 1932 ἐναποληφθῆναι
3444 1860 3501 1911 ὲν
3544 1854 3774 1928 αὐτῷτδ

2193 1975 2325 2029 πυρ.

1880 2054 2140 2123 deinceps
2180 2070 2311 2110 vero
2360 2054 2453 2110 ubi
2504 2053 2681 2125 major
2712 2052 2847 2109 solis
2891 2049 3137 2121 ejusdem
3183 2048 3424 2106 circulus
3470 2047 3770 2124 evasisset,

496 2142 676 2209 ignem
708 2140 827 2210 ipso
878 2149 992 2196 tum
1040 2143 1311 2199 inclusum
1342 2154 1398 2201 et
1423 2148 1879 2217 comprehensum
1932 2146 2124 2203 fuisse.

2269 2264 2288 2292 ι
2331 2237 2659 2310 Ἐπίκουρος
2679 2234 3000 2301 Νεοκλέους,
3040 2234 3340 2307 Ἀθηναῖος,
3365 2236 3454 2290 τὸν
3488 2235 3616 2307 περὶ
3641 2233 3774 2288 θεῶν

2184 2331 2352 2401 τῦφον
2391 2332 2651 2403 πειρᾶται
2683 2326 3097 2383 καταστέλλειν
3118 2326 3253 2381 ἀλλά
3286 2328 3379 2380 καὶ
3402 2327 3576 2391 οὐδὲν,
3613 2328 3769 2398 φησὶ,

2186 2425 2395 2493 γίνεται
2433 2424 2497 2477 ὲκ
2532 2421 2626 2475 τοῦ
2665 2420 2739 2493 μὴ
2773 2420 2944 2485 ὄντος,
2975 2419 3057 2472 ὅτι
3087 2419 3147 2472 τὸ
3174 2420 3279 2473 πᾶν
3308 2420 3393 2472 ἀεὶ
3420 2418 3663 2473 τοιοῦτον
3688 2413 3771 2489 ἦν,

2189 2518 2283 2570 κα¹ι
2323 2515 2474 2569 ἔσται
2522 2512 2795 2567 τοιοῦτον·
2832 2512 2914 2565 ὅτι
2960 2511 3113 2564 οὐδὲν
3160 2510 3311 2577 ξένον
3343 2511 3688 2565 ἀποτελεῖται
3720 2512 3775 2564 ἐν

2190 2610 2269 2680 τῷ
2292 2609 2472 2672 παντὶ,
2491 2604 2645 2677 παρὰ
2667 2602 2759 2657 τὸν
2793 2603 2895 2675 ήδη
2926 2603 3291 2674 γεγενημένον
3313 2603 3502 2674 χρόνον
3528 2604 3772 2675 ἀπειρονο

2188 2705 2270 2758 ὅτι
2305 2704 2410 2756 πᾶν
2444 2703 2560 2754 ἐστι
2592 2697 2774 2769 σῶμα,
2810 2697 2905 2750 καὶ
2933 2697 2991 2749 ού
3038 2696 3193 2767 μόνον
3220 2696 3613 2767 ἀμετάϐλητον,
3645 2695 3777 2750 ἀλλά

2184 2797 2281 2851 καὶ
2305 2796 2531 2865 ἄπειρον
2551 2809 2564 2822 ⁸
2594 2792 2676 2844 ὅτι
2702 2789 2857 2853 τέλος
2881 2787 2989 2841 τῶν
3015 2787 3253 2857 ἀγαθῶν,
3292 2788 3476 2859 ἡδονή,

500 2897 746 2950 versum,
808 2900 1010 2955 corpus
1040 2900 1165 2941 esse
1215 2902 1323 2943 non
1385 2891 1564 2947 solum
1627 2891 1990 2958 immutabile,
2048 2890 2140 2945 sed
2183 2889 2345 2943 etiam
2379 2885 2654 2941 infinitum
2686 2904 2700 2938 :
2734 2882 3003 2937 bonorum
3047 2880 3282 2950 denique
3319 2880 3479 2935 finem
3528 2896 3639 2936 una
3687 2895 3777 2937 vo-

496 2973 703 3046 luptate
734 2977 1022 3032 contineri.

576 3089 597 3123 σ
630 3072 942 3143 Aristippus
974 3073 1271 3145 Cyrenaeus
1289 3071 1557 3128 bonorum
1588 3082 1805 3139 quoque
1825 3067 1985 3121 linem
2026 3064 2080 3120 in
2112 3064 2159 3125 C

497 3166 797 3237 voluptate,
825 3167 1095 3222 malorum
1124 3176 1305 3222 autem
1336 3165 1393 3219 in
1431 3164 1621 3219 dolore
1648 3161 1968 3227 constituit;
2001 3175 2088 3214 re-

501 3260 706 3328 liquam
757 3259 1158 3331 physiologiam
1213 3258 1289 3313 ita
1321 3254 1763 3320 circumscribit,
1818 3253 1981 3325 hujus
2028 3260 2088 3307 ut

500 3353 666 3410 unius
696 3352 775 3407 rei
803 3352 1298 3407 considerationem
1330 3349 1519 3405 utilem
1551 3362 1672 3403 esse
1702 3347 1848 3402 dicat
1886 3363 1902 3401 :

571 3443 714 3509 Quid
754 3444 923 3497 tristis
957 3442 1127 3498 lwtive
1160 3441 1304 3495 domi
1332 3456 1447 3495 sors
1484 3438 1723 3509 improba
1754 3447 1941 3493 verset.

579 3619 599 3653 ε
650 3599 1006 3671 Empedocles
1066 3599 1455 3671 Agrigentinus
1519 3605 1757 3667 quatuor
1821 3595 2089 3650 elementa

500 3694 676 3765 ponit,
708 3693 908 3763 ignem,
948 3707 1147 3762 aquam
1172 3733 1188 3759 ,
1240 3706 1423 3746 aerem
1471 3697 1525 3747 et
1558 3678 1762 3745 terram'
1777 3731 1791 3756 ,
1850 3703 2087 3758 quorum

503 3799 701 3839 causas
732 3782 1031 3838 amicitiam
1067 3796 1132 3837 ac
1159 3780 1490 3837 discordiam
1517 3785 1639 3836 es‘se
1664 3779 1795 3834 vult.
1836 3778 1983 3834 Idem
2020 3794 2087 3834 ex

504 3876 677 3944 prima
710 3874 1103 3929 elementorum
1139 3872 1461 3929 confusione
1501 3880 1771 3928 secretum
1807 3887 1986 3927 aerem
2026 3886 2089 3927 ac

503 3968 711 4023 circum
738 3969 792 4022 in
823 3969 1012 4049 orbem
1047 3968 1226 4023 fusum
1271 3982 1395 4024 esse
1427 3966 1504 4021 ait
1532 3985 1546 4021 :
1573 3967 1751 4036 ignem
1780 3982 1909 4022 vero
1933 3974 2087 4036 post-

502 4062 726 4116 modum
754 4061 1114 4128 exsilientem,
1147 4075 1276 4115 cum
1318 4060 1503 4116 locum
1529 4059 1632 4114 sibi
1665 4058 1832 4113 alium
1867 4074 1976 4112 non
2009 4074 2090 4113 re—

503 4152 727 4223 periret,
762 4166 982 4206 sursum
1023 4150 1242 4206 tandem
1272 4149 1511 4205 concreti
1543 4150 1685 4204 aeris
1709 4149 1910 4219 frigore
1932 4164 2086 4203 com-

504 4246 722 4318 pulsum
776 4246 1043 4301 evolasse.
1106 4244 1251 4300 Duos
1304 4252 1567 4315 praeterea
1623 4243 1879 4299 dimidios
1927 4243 2087 4298 orbes

502 4337 651 4393 circa
679 4346 879 4391 terram
908 4336 1162 4392 circulari
1195 4343 1348 4390 tnotu
1377 4333 1529 4401 ferri,
1564 4334 1794 4389 alterum
1846 4349 1912 4388 ex
1963 4332 2088 4403 igne

2267 3078 2286 3111 ‹
2339 3060 2694 3132 Ἀρίστιππος
2746 3064 2776 3117 6
2821 3066 3133 3137 Κυρηναῖος
3187 3065 3342 3129 τέλος
3397 3065 3617 3135 ἀγαθῶν
3684 3064 3779 3138 τὴν

2191 3153 2406 3225 ἡδονὴν,
2437 3154 2623 3207 κακῶν
2650 3155 2715 3233 δὲ.
2734 3154 2831 3228 τὴν
2853 3156 3145 3229 ἀλγηδόνα.
3176 3158 3287 3230 Τὴν
3313 3158 3369 3211 δὲ
3396 3158 3559 3229 ἀλλην
3591 3176 3779 3228 φυσιο-

2188 3245 2376 3314 λογίαν
2412 3249 2776 3319 περιγράφει,
2816 3250 2976 3321 μόνον
3016 3250 3288 3321 ὠφέλιμον
3329 3247 3467 3304 εἶναι
3510 3251 3688 3320 λέγων
3719 3251 3780 3306 τὸ

2190 3337 2397 3409 ζητεῖν

2263 3432 2417 3485 ’Θττι
2470 3451 2559 3488 τοι
2606 3433 2677 3488 ἐν
2723 3432 3036 3505 μεγάροισι
3095 3434 3286 3487 κακόν
3316 3434 3400 3575 lt"
3421 3434 3647 3502 ἀγαθόν
3715 3450 3777 3487 τε

3340 3520 3630 3556 τέτυκται.

3340 3520 3630 3556 τετυχται.

2264 3618 2283 3650 ι
2325 3596 2691 3669 Ἐμπεδοκλῆς
2718 3598 2746 3650 6
2779 3597 3222 3669 Ἀκραγαντῖνος,
3250 3599 3484 3667 στοιχεῖα
3512 3597 3775 3666 τέσσαρα,

2194 3693 2325 3767 πῦρ,
2354 3694 2515 3766 ὕδωρ,
2539 3698 2757 3771 αἰθέρα,
2780 3696 2943 3763 γαῖαν
2962 3710 2974 3723 °
3012 3693 3190 3746 αἰτίαν
3215 3693 3272 3745 δὲ
3303 3693 3508 3747 τούτων
3526 3733 3541 3759 ,
3594 3693 3779 3762 φιλίαν

2189 3784 2285 3837 καὶ
2331 3786 2530 3847 νεῖκος.
2591 3784 2685 3836 Ἐκ
2742 3781 2964 3855 πρώτης
3019 3783 3152 3855 φησὶ
3194 3783 3294 3854 τῆς
3336 3782 3445 3836 τῶν
3499 3784 3778 3853 στοιχείων

2192 3877 2443 3948 κράσεως
2473 3875 2838 3947 ἀποκριθέντα
2872 3875 2961 3929 τὸν
2991 3876 3149 3947 ἀέρα,
3189 3876 3547 3948 περιχυθῆναι
3568 3875 3774 3947 κύκλῳο

2193 3968 2333 4039 μετὰ
2363 3968 2421 4021 δὲ
2450 3967 2541 4021 τὸν
2585 3967 2743 4039 ἀέρα,
2777 3967 2840 4020 τὸ
2872 3959 2993 4039 ’πῦρ
3043 3967 3337 4039 ὲκδραμὸν,
3388 3967 3483 4021 καὶ
3514 3967 3613 4021 ούκ
3657 3968 3778 4037 ἔχον

2190 4060 2384 4131 ἑτέραν
2417 4058 2623 4131 χώραν,
2648 4058 2760 4112 ἀνω
2785 4060 3066 4131 ἐκτρέχειν
3100 4060 3203 4113 ὑπὸ
3235 4058 3329 4112 τοῦ
3357 4058 3485 4132 περὶ
3518 4060 3608 4113 τὸν
3641 4059 3778 4130 ἀέρα

2188 4153 2384 4222 πάγου.
2424 4148 2577 4205 Εἶναι
2605 4152 2663 4205 δὲ
2708 4151 2894 4223 κύκλῳ
2919 4152 3047 4224 περὶ
3086 4153 3186 4224 την
3226 4153 3328 4223 γῆν
3371 4152 3646 4224 φερόμενα
3687 4150 3779 4206 δύο

2189 4245 2544 4316 ἡμισφαίρια,
2567 4244 2629 4297 τὸ
2665 4244 2764 4317 μὲν
2796 4244 3024 4298 καθόλου
3067 4242 3239 4315 πυρὸς
3262 4285 3276 4309 ,
3303 4244 3364 4298 τὸ
3395 4245 3451 4297 δὲ
3480 4246 3671 4316 μικτὸν
3720 4246 3776 4312 ὲξ

2188 4336 2348 4408 ἀέρος
2398 4336 2496 4390 καὶ
2544 4336 2727 4405 ὀλίγου
2785 4336 2993 4409 πυρὸς,
3048 4336 3188 4408 ὅπερ
3244 4336 3414 4390 οἴεται
3464 4337 3563 4408 τὴν
3608 4337 3777 4392 νύκτα

503 4438 701 4494 totum,
735 4428 965 4483 alterum
1010 4443 1074 4483 ex
1136 4443 1260 4483 aere
1292 4428 1525 4499 igneque
1569 4427 1787 4481 modico
1822 4435 2085 4495 tempera-

2198 4426 2363 4483 εἶναι·
2402 4428 2500 4500 τὴν
2529 4429 2586 4482 δὲ
2618 4429 2792 4501 ἀρχὴν
2815 4430 2915 4501 τῆς
2941 4430 3210 4500 κινήσεως
3233 4429 3509 4500 συμϐῆναι
3547 4429 3656 4483 ἀπὸ
3684 4430 3777 4484 τοῦ

502 4528 644 4581 tum,
677 4532 841 4588 quam
874 4518 989 4588 ipse
1024 4525 1241 4572 noctem
1267 4530 1388 4572 esse
1417 4515 1715 4570 arbitratur
1741 4534 1756 4570 :
1788 4522 1970 4569 motus
1993 4529 2085 4569 au-

503 4623 613 4669 tem
651 4612 866 4667 initium
896 4627 963 4665 ex
995 4625 1060 4666 eo
1093 4609 1404 4681 contigisse,
1440 4608 1586 4680 quod
1619 4608 1673 4663 in
1712 4608 1816 4664 ista
1846 4607 2086 4662 elemen-

503 4714 684 4763 torum
707 4702 1093 4773 conjunctione
1128 4701 1498 4757 vehementior
1546 4701 1689 4772 iguis
1729 4702 1963 4771 impetus
1988 4714 2085 4755 ex-

505 4796 749 4851 stitisset.
780 4793 901 4849 1am
953 4809 1081 4849 vero
1129 4793 1301 4848 solem
1352 4802 1546 4848 natura
1586 4808 1685 4848 sua
1738 4800 1846 4847 non
1881 4793 2084 4864 ignem,

504 4888 598 4943 sed
631 4888 771 4958 ignis
801 4886 1145 4942 reflexionem
1174 4901 1329 4952 esse,
1372 4884 1449 4939 illi
1492 4900 1658 4956 quam
1687 4900 1755 4939 ex
1788 4900 1929 4954 aqua
1968 4883 2085 4938 ﬁeri

504 4979 753 5037 videmus
779 4978 1109 5050 persimilem
1136 4996 1149 5032 :
1185 4987 1240 5033 at
1270 4978 1457 5032 lunam
1480 4994 1547 5033 ex
1574 4992 1723 5042 aere,
1751 4992 1910 5047 quem
1942 4976 2084 5046 ignis

506 5070 825 5141 reliquerat,
850 5087 947 5126 sua
978 5079 1169 5141 sponte
1190 5070 1462 5126 coaluisse
1492 5070 1713 5140 (quippe
1741 5069 1884 5125 enim
1916 5085 2049 5139 gran
2069 5099 2082 5111 -

506 5161 652 5218 dinis
680 5161 853 5217 instar
883 5162 1225 5219 concrevisse
1255 5162 1458 5231 aerem)
1484 5180 1498 5229 ;
1523 5162 1707 5216 lumen
1735 5176 1899 5232 porro
1922 5177 2081 5217 suum

2190 4520 2547 4590 τετυχηκέναι
2586 4519 2728 4574 κατὰ
2768 4520 2859 4573 τὸν
2901 4519 3227 4591 ἀθροισμὸν,
3275 4519 3656 4592 ὲπιϐρίσαντος
3684 4518 3775 4574 τοῦ

2192 4615 2385 4685 πυρός.
2425 4614 2481 4666 '0
2507 4613 2566 4667 δὲ
2602 4612 2756 4683 ἥλιος
2775 4612 2872 4684 τὴν
2898 4612 3061 4681 φύσιν
3086 4613 3185 4666 ούκ
3209 4612 3321 4666 ἔστι
3353 4613 3482 4685 πῦρ,
3526 4613 3660 4667 ἀλλά
3683 4612 3774 4666 τοῦ

2191 4704 2363 4775 πυρὸς
2387 4704 2809 4770 ἀντανάκλασις,
2840 4704 3002 4773 ὁμοία
3028 4707 3094 4776 τῇ
3135 4705 3226 4774 ἀφ’
3252 4703 3443 4768 ὓδατος
3491 4705 3773 4775 γινομένῃ.

2195 4797 2434 4869 Σελήνην
2461 4797 2517 4851 δέ
2550 4814 2685 4869 φησι
2717 4797 2980 4869 συστῆναι
3006 4797 3129 4851 καθ’
3163 4798 3363 4868 ἑαυτὴν
3397 4798 3461 4850 έκ
3503 4797 3598 4851 τοῦ
3643 4798 3777 4851 ἀπο-

2189 4887 2498 4958 λειφθέντος
2527 4888 2689 4960 ἀέρος
2715 4887 2823 4942 ύπὸ
2860 4888 2953 4941 τοῦ
2984 4889 3155 4961 πυρός
3179 4906 3193 4919 ·
3228 4889 3415 4944 τοῦτον
3451 4889 3559 4960 γάρ
3592 4890 3776 4959 παγῆ-

2191 5000 2299 5047 ναι,
2344 4982 2595 5054 καθάπερ
2628 4983 2722 5036 καὶ
2768 4982 2867 5054 τὴν
2918 4982 3196 5053 χάλαζανο
3244 4981 3304 5036 τὸ
3334 4983 3392 5036 δὲ
3442 4982 3557 5053 φῶς
3606 4983 3776 5052 αὐτὴν

2191 5078 2339 5146 σχεῖν
2397 5074 2504 5128 ἀπὸ
2537 5074 2629 5128 τοῦ
2665 5075 2837 5145 ἡλίου.
2890 5074 2965 5128 T6
3023 5075 3083 5128 δὲ
3128 5074 3450 5145 ἡγεμονικὸν
3488 5073 3618 5145 (90),
3652 5073 3774 5126 οὔτε

2192 5167 2250 5220 ὲν
2290 5167 2534 5237 κεφαλῇ,
2568 5165 2694 5219 οὕτε
2746 5168 2803 5220 ἐν
2855 5165 3065 5239 θώρακι
3089 5206 3104 5230 ,
3144 5166 3257 5220 ἀλλ’
3303 5167 3360 5219 ὲν
3407 5168 3615 5237 αἵματι·
3653 5164 3775 5218 ὅθεν

504 5253 752 5311 eamdem
783 5270 815 5309 a
845 5255 958 5310 sole
988 5256 1249 5312 mutuari.
1268 5254 1509 5326 Denique
1532 5255 1699 5309 animi
1720 5255 2079 5325 principatum

2198 5258 2307 5312 καθ’
2349 5260 2377 5312 ὃ
2410 5277 2461 5311 τι
2482 5258 2548 5312 ἂν
2580 5260 2743 5331 μέρος
2773 5256 2868 5312 τοῦ
2903 5257 3154 5330 σώματος
3188 5255 3420 5331 πλεῖονῇ
3451 5273 3772 5330 παρεσπαρ-

504 5358 607 5398 nec
648 5342 701 5397 in
725 5344 919 5413 capite,
957 5360 1057 5400 nec
1086 5346 1141 5401 in
1186 5354 1425 5416 pectore,
1457 5347 1549 5400 sed
1577 5345 1631 5399 in
1660 5347 1923 5416 sanguine
1950 5362 2082 5401 con-

2186 5352 2346 5421 μένον
2396 5352 2455 5405 τὸ
2495 5351 2842 5423 ἡγεμονικὸν,
2890 5351 3060 5405 οἴεται
3094 5352 3216 5405 κατ’
3271 5351 3772 5423 ὲκεῖνοπροτερεῖν

506 5436 718 5501 stituit;
768 5435 998 5505 ideoque
1041 5453 1148 5508 qua
1178 5449 1331 5508 parte
1357 5437 1604 5506 corporis
1642 5437 1874 5492 diffusus
1903 5439 2078 5509 magis

2198 5443 2308 5505 τοὺς
2339 5442 2680 5513 ἀνθρώπους.

510 5528 735 5599 sanguis
778 5529 867 5585 ille
906 5528 1087 5596 fuerit,
1123 5533 1311 5588 eadem
1344 5533 1595 5588 homines
1634 5544 1896 5604 praestare
1941 5536 2257 5592 arbitratur.

573 5643 707 5712 (19')
738 5645 841 5714 Δή.
871 5645 1033 5702 Forte
1062 5647 1135 5700 δέ.
1165 5643 1323 5701 Enn.

580 5716 691 5784 (ﬁll)
732 5715 859 5793 P_ro_
896 5718 1253 5793 ἡγεμονικόν,
1307 5720 1590 5793 legendum
1643 5723 1873 5783 videtur,
1920 5721 2074 5793 αἷμα.

510 5780 644 5840 Nam
675 5780 862 5842 animi
908 5780 1269 5860 principatum
1307 5780 1656 5862 Enipedocles
1706 5794 1759 5850 in
1816 5780 2079 5865 sanguine

2185 5656 2509 5723 collocabat,
2544 5657 2777 5728 indeque
2797 5658 3040 5728 opinioni
3073 5675 3186 5716 suae
3216 5660 3377 5715 fidem
3410 5657 3762 5724 conciliabat,

2186 5728 2447 5803 qnod_ea
2508 5740 2658 5799 parte
2708 5730 2953 5787 homines
3003 5740 3323 5800 praes'arcnt
3354 5746 3474 5803 quae
3506 5728 3765 5800 sanguine

2189 5798 2509 5855 abundaret.
