3940 6380
221 284 281 339 6|
1404 280 1728 337 PR.—EPAR.
1765 280 1827 335 E‘

1930 281 2015 339 (Ο.
2059 282 2187 339 LIB.
2230 283 2271 339 1.
2664 300 2667 303 ‘
3431 282 3506 339 ϐξ

291 421 309 452 ι
325 396 693 470 Μητρόδωρος
716 400 747 452 6
764 397 918 465 Χῖος,
934 400 1104 454 ἀΐδιον
1123 394 1261 452 εἷναί
1281 415 1413 469 φησι
1432 402 1494 451 τὸ
1516 399 1646 459 πᾶν,
1662 398 1744 450 ὅτι
1766 401 1827 450 εί·
1845 404 1891 459 Α

221 489 287 565 ἦν
313 492 549 561 γενητὸν,
574 494 645 544 ὲκ
671 492 771 545 τοῦ
802 495 879 563 μὴ
919 494 1073 557 ὖντος
1104 492 1170 546 ἂν
1221 488 1310 563 ἦν·
1362 491 1587 563 ἄπειρον
1628 491 1706 554 δὲ,
1737 493 1822 545 ὅτι

227 588 401 643 ἀΐδιον.
433 584 493 636 οὐ
514 584 633 655 γάρ
670 584 819 654 ἔχειν
853 585 1052 655 ἀρχὴν,
1080 584 1202 637 ὅθεν
1222 582 1447 655 ἤρξατο,
1469 583 1590 636 οὐδὲ
1625 584 1821 655 πέρας,

228 679 333 732 οὐδὲ
350 678 605 749 τελευτήν
624 695 639 707 ·
662 678 778 731 ἀλλ’
794 679 915 731 οὐδὲ
948 681 1215 747 κινήσεως
1241 677 1488 747 μετέχειν
1510 675 1570 728 τὸ
1588 677 1715 740 πᾶν,
1740 694 1825 729 κι-

228 771 416 827 νεῖσθαι
442 772 558 843 γὰρ
579 771 871 833 ἀδύνατον,
899 771 975 841 μὴ
1005 769 1430 840 μεθιστάμενον·
1463 767 1819 838 μεθίστασθαι

222 860 271 914 δὲ
300 862 603 928 ἀναγκαῖον
638 862 759 932 ἦτοι
798 864 878 924 εἰς
907 862 1133 931 πλῆρες,
1178 861 1211 931 ἢ
1253 861 1333 923 εἰς
1366 859 1545 915 κενόν.
1578 859 1821 912 Πυκνού-

220 968 370 1020 μενον
416 951 477 1002 δὲ
520 952 617 1004 τὸν
666 952 861 1023 αἰθέρα
915 954 1092 1004 ποιεῖν
1138 950 1387 1019 νεφέλας,
1430 945 1548 1004 εἶτα
1593 950 1761 1023 ὕδωρ,
1791 949 1821 1003 ὃ

215 1044 303 1095 καὶ
336 1043 533 1095 κατιὸν
568 1045 666 1096 ἐπὶ
698 1042 788 1095 τὸν
817 1042 989 1113 ἥλιον,
1036 1041 1319 1095 σϐεννύναι
1360 1042 1521 1097 αὐτόν
1546 1060 1560 1073 ·
1590 1043 1683 1095 καὶ
1717 1042 1821 1096 πά-

212 1134 289 1186 λιν
322 1134 698 1205 ἀραιούμενον
729 1133 1076 1199 ἐξάπτεσθαι·
1102 1135 1279 1205 χρόνῳ
1306 1133 1381 1198 δὲ,
1417 1133 1723 1204 πήγνυσθαι
1742 1133 1821 1205 τῷ

212 1229 359 1299 ξηρῷ
382 1230 479 1281 τὸν
514 1229 690 1300 ἥλιον,
740 1231 833 1282 καὶ
875 1230 1046 1281 ποιεῖν
1083 1230 1147 1281 ὲκ
1184 1226 1279 1280 τοῦ
1326 1226 1581 1298 λαμπροῦ
1630 1226 1817 1290 ὓδατος

211 1320 471 1391 ἀστέρας,
510 1322 689 1375 νύκτα
732 1339 790 1374 τε
840 1321 934 1373 καὶ
968 1320 1181 1391 ἡμέραν
1216 1321 1279 1372 ὲκ
1313 1319 1412 1389 τῆς
1453 1318 1689 1383 σϐέσεως
1721 1321 1817 1373 καὶ

212 1413 481 1483 ἐξάψεως,
511 1416 612 1468 καὶ
644 1414 871 1467 καθόλου
903 1413 1004 1477 τὰς
1037 1413 1308 1483 ἐκλείψεις
1336 1412 1631 1466 ἀποτελεῖν.

1994 415 2013 448 σ
2046 398 2382 457 Metrodorus
2406 401 2579 459 Chius
2631 409 3023 473 sempiternum
3057 395 3192 459 'esse
3231 398 3338 453 hoc
3384 399 3508 453 uni-

1922 506 2142 545 versum
2177 493 2409 549 aflirmat
2433 536 2447 560 ,
2485 504 2766 565 propterea
2819 492 2965 564 quod
3006 491 3051 565 si
3082 490 3322 562 genitum
3372 489 3507 545 illud

1922 592 2087 647 esset,
2108 584 2289 655 250x
2309 602 2394 651 eo,
2419 587 2565 657 quod
2587 602 2856 658 nusquam
2875 594 2979 648 est,
3000 564 3247 655 genitum
3266 581 3461 637 fuisset
3489 597 3506 634 :

1924 676 2184 745 quoniam
2217 687 2399 732 autem
2436 679 2825 749 sempiternum
2856 678 2962 739 sit,
3004 676 3276 730 infinitum
3304 673 3513 744 pariter

1921 782 2063 831 esse,
2098 777 2283 837 utpote
2308 769 2453 839 quod
2492 785 2670 840 neque
2698 768 3048 839 principium,
3072 766 3218 821 unde
3242 764 3510 835 coeperit,

1922 874 2023 915 nec
2052 861 2344 914 terminum
2376 871 2471 914 aut
2523 860 2683 915 ﬁnem
2723 862 2919 915 haheat
2954 878 2967 913 :
2999 861 3110 913 imo
3133 900 3146 922 ,
3201 873 3270 912 ne
3302 853 3511 911 moveri

1919 953 2141 1022 quidem
2173 954 2519 1020 universum;
2562 969 2661 1008 nec
2709 953 2852 1009 enim
2887 951 3017 1006 illud
3056 950 3260 1005 moveri
3298 962 3465 1019 posse
3488 986 3503 1005 .

1921 1045 2028 1099 nisi
2060 1046 2167 1101 alio
2197 1046 2391 1116 migret
2418 1063 2433 1109 ;
2478 1060 2701 1100 necesse
2730 1054 2911 1098 autem
2935 1058 3057 1098 esse
3082 1041 3166 1095 vel
3200 1041 3254 1094 in
3286 1040 3507 1110 plenum

1923 1137 2177 1207 migrare,
2196 1138 2279 1191 vel
2312 1139 2364 1191 in
2389 1152 2645 1193 vacuum.
2672 1135 2938 1191 Praeterea
2960 1151 3026 1189 ex
3054 1149 3178 1189 aere
3203 1132 3512 1200 constipata

1922 1232 2097 1286 nubes
2131 1231 2365 1299 primum
2387 1270 2401 1293 ,
2457 1230 2655 1284 deinde
2707 1244 2904 1298 aquam
2962 1226 3266 1297 procreari,
3301 1239 3424 1295 quae
3453 1222 3510 1276 in

1923 1321 2091 1377 solem
2120 1303 2384 1384 defluens,
2417 1321 2590 1390 ipsius
2629 1319 2803 1389 ignem
2838 1319 3171 1389 exstinguat,
3204 1318 3295 1387 qui
3326 1326 3511 1370 tamen

1921 1413 2101 1468 denuo
2163 1414 2492 1469 succedente
2554 1413 2773 1466 raritate
2827 1412 3178 1466 accendatur.
3244 1407 3513 1461 Eumdem

208 1520 375 1577 porro
415 1506 623 1571 solem,
657 1519 947 1575 progressu
1005 1504 1264 1572 temporis
1312 1503 1557 1557 siccitate
1604 1517 1956 1557 concrescere
1988 1545 2003 1568 ,
2063 1517 2127 1556 ac
2185 1505 2371 1559 stellas
2439 1504 2656 1574 quidem
2701 1519 2767 1558 ex
2815 1502 3040 1572 limpida
3107 1509 3163 1554 et
3207 1497 3513 1570 splendenti

209 1614 352 1669 aqua
407 1615 706 1670 generare,
752 1607 967 1654 noctem
1020 1612 1148 1651 vero
1186 1596 1349 1652 simul
1389 1606 1554 1667 atque
1593 1597 1737 1653 diem
1803 1613 1872 1655 ex
1908 1607 2100 1653 mutua
2140 1598 2231 1654 illa
2272 1615 2396 1653 cum
2449 1598 2813 1653 exstinctione
2858 1608 2973 1653 tum
3047 1597 3511 1662 inﬂammatione,

206 1708 519 1763 omnesque
547 1692 777 1746 omnino
806 1690 1163 1746 defectiones
1193 1691 1380 1745 eadem
1416 1690 1627 1745 ratione
1653 1689 1941 1760 complere.

280 1808 301 1840 ι
347 1789 620 1860 Διογένης
650 1791 678 1841 6
721 1787 1171 1858 Ἀπολλωνιάτης,
1192 1788 1345 1859 ίάέρα
1366 1786 1655 1857 ὑφίσταται
1681 1804 1822 1847 στοι-
1849 1794 1893 1848 Β

203 1884 385 1954 χεῖον·
417 1880 697 1935 κινεῖσθαι
724 1880 778 1934 δὲ
804 1881 872 1934 τὰ
902 1880 1098 1944 πάντα,
1135 1881 1397 1953 ἀπείρους
1428 1898 1485 1933 τε
1520 1876 1661 1937 εἶναι
1692 1882 1819 1945 τοὺς

205 1976 486 2045 κόσμους·
522 1976 848 2045 κοσμοποιεῖ
878 1974 934 2026 δὲ
970 1972 1142 2036 οὕτως
1167 1991 1180 2004 ·
1227 1974 1309 2026 ὅτι
1347 1973 1438 2026 τοῦ
1488 1974 1692 2037 παντὸς
1737 1990 1821 2026 κι-

206 2068 501 2137 νουμένου,
538 2069 635 2121 καὶ
739 2067 839 2136 μὲν
870 2066 1085 2136 ἀραιοῦ,
1181 2065 1237 2118 δὲ
1274 2064 1478 2118 πυκνοῦ
1508 2065 1816 2137 γινομένου,

206 2160 346 2214 ὅπου
374 2161 721 2231 συνεκύρησε
748 2159 809 2211 τὸ
844 2158 1069 2222 πυκνὸν,
1105 2158 1415 2229 συστροφὴν
1447 2158 1690 2229 ποιῆσαι,
1723 2157 1821 2211 καὶ

208 2252 355 2305 οὕτω
388 2253 461 2305 τὰ
494 2251 683 2315 λοιπὰ,
715 2251 857 2303 κατὰ
883 2250 974 2303 τὸν
1009 2249 1167 2303 αὐτὸν
1198 2249 1376 2316 λόγον,
1410 2249 1478 2303 τὰ
1511 2250 1819 2319 κουφότατα

209 2344 311 2416 τὴν
338 2345 455 2398 ἀνω
487 2344 647 2412 τάξιν
670 2344 929 2403 λαϐόντα,
955 2343 1043 2396 τὸν
1069 2343 1220 2414 ἥλιον
1253 2343 1598 2397 ἀποτελέσαι.
1640 2362 1657 2394 ι

283 2603 527 2674 Τοιαύτη
564 2605 658 2657 καὶ
692 2601 801 2656 τῶν
834 2601 1126 2671 πανσόφων
1160 2602 1455 2674 Ἑλλήνων,
1490 2600 1598 2654 τῶν
1623 2600 1687 2672 δὴ
1721 2618 1822 2671 φυ-

216 2696 393 2751 σικῶν
427 2696 731 2765 φιλοσόφων
765 2694 1249 2766 ὲπικληθέντων,ή
1303 2694 1431 2766 περὶ
1476 2693 1575 2765 τῆς
1622 2692 1819 2745 συστά-

216 2807 361 2853 σεως
391 2789 485 2843 τοῦ
531 2789 757 2852 παντὸς,
794 2789 891 2843 καὶ
924 2788 1021 2859 τῆς
1055 2786 1278 2860 πρώτης
1320 2785 1682 2857 κοσμογονίας
1708 2785 1820 2841 διά-

215 2881 400 2953 ληψις,
436 2883 497 2934 οὗ
526 2881 881 2953 δημιουργὸν,
916 2881 950 2953 ἢ
983 2881 1211 2952 ποιητήν
1241 2897 1362 2933 τινα
1384 2878 1493 2932 τῶν
1524 2879 1661 2932 ὅλων
1683 2878 1818 2930 ὐπο-

221 2975 604 3047 στησαμένων,
631 2974 745 3028 ἀλλ’
778 2974 887 3027 οὐδ’
920 2974 1057 3037 ὅλως
1088 2972 1223 3026 Θεοῦ
1260 2973 1483 3043 μνήμην
1518 2970 1822 3043 ποιησαμέ-

220 3086 325 3121 νων
345 3086 358 3099 ·
398 3068 540 3139 μόνῃ
572 3067 629 3119 δὲ
662 3069 727 3137 τῇ
773 3064 955 3136 ἀλόγῳ
1003 3066 1143 3137 φορᾷ
1176 3066 1270 3118 καὶ
1312 3066 1378 3134 τῇ
1412 3063 1704 3134 αὐτομάτῳ
1736 3080 1821 3115 κι-

220 3160 371 3230 νήσει
415 3159 518 3229 τὴν
581 3158 761 3211 αἰτίαν
810 3155 906 3209 τοῦ
954 3155 1153 3218 παντὸς
1202 3154 1651 3226 ἀνατεθειμένων.
1682 3154 1820 3207 Τοσ-
1847 3141 1890 3199 C

220 3251 359 3322 αὕτη
391 3250 451 3304 δὲ
476 3249 662 3303 αὑτῶν
696 3250 793 3302 καὶ
838 3249 871 3319 ἡ
920 3248 1057 3320 πρὸς
1089 3247 1352 3320 ἀλλήλους
1396 3248 1729 3317 ἐναντιότης,
1765 3248 1823 3300 ὲν

226 3342 324 3415 μὲν
356 3342 539 3395 οὐδενὶ
564 3340 814 3413 ἀλλήλοις
848 3339 1384 3410 συμπεφωνηκότων,
1421 3338 1602 3409 μάχης
1642 3338 1699 3391 δὲ
1730 3340 1824 3393 καὶ

225 3436 561 3505 ἁντιφωνίας
611 3432 680 3487 τά
734 3434 914 3487 πάντα
956 3432 1534 3503 ἀναπεπληρωκότων·
1577 3430 1697 3485 ὅθεν
1730 3432 1825 3485 καὶ

225 3532 253 3583 6
294 3528 602 3600 θαυμάσιος
644 3528 963 3598 Σωκράτης,
998 3528 1248 3580 τουτουσὶ
1292 3525 1500 3588 πάντας
1530 3524 1826 3597 μωραίνον-

225 3639 322 3684 τας
356 3621 660 3691 ἀπήλεγχε,
696 3620 791 3673 καὶ
824 3620 1164 3690 μαινομένων
1195 3618 1314 3673 κατ’
1340 3618 1491 3672 οὐδὲν
1522 3618 1674 3685 ἔλεγε
1708 3619 1825 3672 δια-

229 3714 438 3785 φέρειν,
476 3715 525 3765 εἰ
550 3712 613 3782 δή
640 3729 721 3763 σοι
758 3711 968 3783 μάρτυς
988 3710 1284 3782 ἀξιόχρεως
1307 3709 1556 3780 Ξενοφῶν
1579 3712 1636 3764 έν
1675 3712 1829 3765 Ὰποι

228 3806 710 3875 μνγυιονεύμασι,
744 3803 920 3871 λέγων
965 3802 1165 3865 οὕτως·
1213 3821 1231 3853 ι
1274 3803 1461 3868 Οὐδεὶς
1510 3803 1567 3855 δὲ
1609 3802 1825 3857 πώποτε

230 3899 556 3969 Σωκράτους
586 3897 733 3950 οὐδὲν
772 3891 988 3957 ἀσεϐὲς,
1017 3896 1190 3970 οὐδὲν,
1216 3896 1448 3960 ἀνόσιον,
1484 3897 1607 3951 οὔτε
1650 3900 1826 3970 πράτ-

231 4007 411 4053 τοντος
443 3985 603 4051 εἶδεν,
639 3987 765 4041 οὔτε
803 3989 1051 4056 λέγοντος
1095 3989 1357 4059 ἤκουσεν·
1394 3989 1515 4043 οὐδὲ
1552 3990 1659 4063 γὰρ
1700 3992 1829 4063 περὶ

232 4084 329 4153 τῆς
356 4083 615 4135 ἀπάντων
651 4080 887 4150 φύσεως,
915 4080 948 4150 ἢ
982 4081 1110 4150 περὶ
1136 4078 1241 4133 τῶν
1273 4080 1470 4146 ἄλλων,
1499 4081 1573 4145 ὡς
1598 4084 1647 4135 ol
1679 4082 1829 4135 πλεῖ-

239 4190 347 4235 στοι
397 4173 536 4242 (2|),
585 4172 874 4240 διελέγετο,
927 4172 1146 4224 σκοπῶν
1205 4172 1354 4236 ὅπως
1409 4174 1435 4226 6
1496 4173 1829 4245 καλούμενος

236 4268 338 4320 ὑπὸ
380 4266 491 4318 τῶν
528 4265 797 4334 σοφιστῶν
842 4265 1047 4336 κόσμος
1084 4263 1218 4334 ἔχει,
1256 4266 1352 4318 καὶ
1384 4266 1524 4319 τίσιν
1564 4266 1830 4335 ἀνάγκαις

236 4360 438 4412 ἕκαστα
467 4359 715 4426 γίγνεται
747 4357 854 4411 τῶν
881 4357 1148 4430 οὐρανίων
1166 4374 1179 4387 ·
1209 4356 1347 4411 ἀλλά
1383 4358 1476 4411 καὶ
1512 4358 1637 4422 τοὺς
1669 4375 1831 4429 φρον-

238 4452 483 4516 τίζοντας
514 4450 586 4503 τά
623 4450 865 4513 τοιαῦτα,
893 4449 1265 4522 μωραίνοντας
1286 4450 1628 4505 ἀπεδείκνυε.
1654 4470 1672 4502 ι
1718 4451 1829 4505 Καὶ

240 4545 481 4614 ἐπιλέγει
509 4544 667 4613 ἑξῆς·
706 4562 725 4594 ι
779 4541 1086 4614 Ἐθαύμαζε
1141 4542 1218 4606 δὲ,
1271 4544 1318 4595 εἰ
1354 4542 1429 4613 μὴ
1458 4542 1691 4611 φανερὸν
1728 4543 1829 4595 αὐ-

240 4642 346 4702 τοῖς
373 4641 545 4701 ἐστιν,
582 4638 663 4691 ὅτι
706 4636 881 4690 ταῦτα
922 4636 1181 4689 ἀδύνατόν
1210 4639 1357 4689 ὲστιν
1400 4635 1706 4708 ἀνθρώποις
1740 4637 1831 4690 εὑ-

245 4733 384 4800 ρεῖν·
418 4729 546 4782 ἐπεὶ
584 4729 680 4781 καὶ
724 4728 851 4791 τοὺς
883 4727 953 4799 τὰ
987 4727 1221 4798 μέγιστα
1258 4718 1587 4798 φρονοῦντας
1633 4728 1724 4780 ἐπὶ
1752 4727 1831 4799 τῷ

245 4824 366 4894 περὶ
395 4824 602 4877 τούτων
632 4821 833 4892 λέγειν,
866 4822 925 4874 οὐ
961 4820 1032 4874 τὰ
1080 4820 1221 4874 αὐτά
1263 4819 1505 4887 δοξάζειν
1552 4820 1830 4891 ἀλλήλοις·

244 4916 372 4969 ἀλλά
396 4919 509 4978 τοῖς
548 4914 893 4985 μαινομένοις
923 4913 1123 4985 ὁμοίως
1160 4913 1465 4967 διακεῖσθαι
1500 4913 1635 4986 πρὸς
1668 4912 1823 4984 ἀλλή-

243 5010 380 5075 λους.
408 5010 533 5062 Τῶν
553 5026 614 5062 τε
638 5008 749 5080 γὰρ
772 5006 1131 5078 μαινομένων,
1157 5006 1285 5069 τοὺς
1308 5005 1405 5076 μὲν
1433 5005 1555 5058 οὐδὲ
1578 5005 1649 5058 τὰ
1678 5004 1831 5058 δεινὰ

244 5102 466 5155 δεδιέναι
485 5117 500 5130 ·
536 5100 664 5163 τοὺς
694 5099 775 5164 δὲ,
805 5096 877 5151 τά
924 5098 999 5171 μὴ
1046 5096 1255 5170 φοϐερά
1282 5096 1599 5166 φοϐεῖσθαι·
1629 5096 1736 5157 τῶν
1776 5114 1835 5149 τε

246 5194 367 5265 περὶ
394 5194 495 5263 τῆς
529 5191 747 5245 πάντων
781 5192 991 5263 ρήσεως
1026 5187 1437 5262 μεριμνώντων,
1471 5190 1584 5251 τοῖς
1618 5188 1715 5258 μὲν
1742 5187 1831 5241 δο-

247 5288 357 5339 κεῖν
382 5286 441 5338 ἒν
477 5285 638 5356 μόνον
670 5283 729 5337 τὸ
756 5283 818 5337 ὃν
848 5278 1007 5348 εἶναι,
1051 5284 1161 5345 τοῖς
1185 5281 1243 5334 δὲ
1267 5281 1470 5352 ἄπειρα
1498 5280 1560 5333 τὸ
1591 5279 1828 5350 πλῆθος·

249 5380 338 5429 καὶ
369 5381 482 5441 τοῖς
531 5377 630 5448 μὲν
683 5376 771 5429 ἀεὶ
818 5375 996 5429 πάντα
1047 5373 1334 5439 κινεῖσθαι,
1364 5376 1477 5437 τοῖς
1504 5373 1562 5426 δὲ
1605 5372 1713 5426 οὐδ’
1767 5374 1832 5429 ἀν

255 5485 376 5522 ποτε
401 5470 719 5539 κινηθῆναι·
751 5469 845 5522 καὶ
868 5470 979 5532 τοῖς
1012 5467 1108 5538 μὲν
1137 5467 1352 5521 ἅπαντα
1374 5465 1621 5535 γίνεσθαί
1646 5484 1706 5519 τε
1739 5467 1834 5520 καὶ

323 5606 432 5677 (2|)
477 5610 547 5661 Ἡ
580 5606 714 5676 περὶ
741 5604 1117 5677 τῶν-ἀλλων,
1138 5605 1233 5677 ,ὡς
1261 5607 1314 5659 οἱ
1338 5605 1643 5677 πλεῖστοι,
1674 5604 1833 5677 Αρυρ

262 5672 749 5749 leiiopbont._lib.
783 5675 1189 5749 ngnorabiL,
1224 5676 1506 5749 pag._7lO,
1545 5672 1761 5746 legitur,

269 5749 510 5817 περὶτῶν
550 5747 725 5801 ἄλλων
764 5750 811 5800 ot
859 5747 1118 5814 πλεῖστοι,
1153 5747 1318 5818 quam
1354 5747 1638 5806 lectionem
1670 5747 1829 5804 seru;

1997 1806 2017 1841 ι
2050 1786 2317 1859 Diogenes
2356 1790 2700 1860 Apolloniata
2747 1804 2929 1845 aerem
2958 1788 3287 1843 elementum
3320 1787 3513 1858 ponit,

1920 1882 2125 1935 moveri
2146 1893 2326 1936 autem
2358 1883 2639 1948 universa,
2666 1883 2979 1938 etintinitos
3006 1897 3128 1937 esse
3161 1880 3398 1935 mundos
3427 1879 3512 1936 af-

1919 1973 2122 2030 ﬁrmat.
2154 1974 2423 2029 Caeterum
2455 1975 2727 2046 ejusmodi
2764 1975 3003 2029 somniat
3038 1989 3227 2027 eorum
3276 1971 3515 2027 molitio-

1919 2079 2069 2127 nem,
2099 2065 2308 2120 scilicet
2337 2081 2462 2120 cum
2494 2066 2814 2121 universum
2862 2066 2935 2119 ita
2970 2073 3301 2127 moveretur,
3336 2074 3397 2119 ut
3422 2080 3514 2119 ra-

1919 2156 2037 2211 rius
2066 2156 2174 2223 hic,
2206 2157 2333 2211 alibi
2363 2158 2586 2213 densius
2618 2158 2792 2221 ﬁeret,
2838 2158 3152 2227 ubicunque
3184 2157 3360 2227 maior
3382 2158 3515 2213 den-

1920 2247 2054 2302 sitas
2082 2249 2451 2319 contingeret,
2488 2250 2560 2304 ibi
2588 2251 3031 2305 convolutionem
3055 2250 3350 2321 quamdam
3383 2249 3513 2305 effe-

1920 2338 2085 2404 cisse,
2110 2349 2223 2395 tum
2254 2342 2487 2397 similem
2526 2344 2580 2397 in
2615 2343 2837 2397 modum
2876 2352 3071 2398 caetera
3105 2362 3116 2397 :
3172 2358 3295 2413 quae
3326 2352 3511 2397 autem

1920 2427 2165 2481 omnium
2213 2428 2505 2485 levissimae
2555 2439 2739 2499 partes
2781 2438 2983 2494 essent,
3012 2445 3106 2485 cas
3166 2431 3388 2501 regione
3419 2446 3514 2486 su—

1920 2520 2118 2591 periori
2148 2529 2412 2589 occupata
2449 2522 2617 2576 solem
2646 2520 2992 2591 produxisse.
3030 2541 3049 2574 ›

1991 2610 2139 2666 Talis
2187 2627 2316 2681 ergo
2364 2610 2467 2666 fuit
2517 2612 3050 2681 sapientissimorum
3087 2612 3252 2667 etiam
3289 2609 3515 2668 Graecia!

1920 2704 2398 2774 philosophorum,
2427 2719 2617 2759 eorum
2642 2705 2833 2759 saltem
2866 2706 2958 2775 qui
2985 2706 3196 2777 physici
3230 2706 3510 2760 vocaban-

1922 2806 2011 2851 tur
2040 2796 2106 2851 de
2135 2796 2375 2851 universi
2429 2796 2840 2863 constitutione,
2865 2798 3043 2868 deque
3091 2799 3268 2869 prima
3321 2798 3513 2853 mundi

1921 2888 2299 2959 procreatione
2322 2877 2641 2957 disputatio,
2674 2887 2727 2942 in
2753 2903 2860 2958 qua
2890 2890 3100 2945 nullum
3128 2891 3509 2953 architectum,

1921 2980 2129 3034 nullum
2150 2994 2329 3032 rerum
2350 2978 2597 3032 omnium
2623 2978 2935 3034 effectorem
2963 2993 3287 3050 posuerunt,
3310 2983 3421 3036 imo
3446 2997 3514 3037 ne

1924 3070 2018 3126 Dei
2052 3071 2273 3142 quidem
2323 3069 2654 3126 mentionem
2688 3070 2856 3125 ullam
2888 3070 3179 3139 fecerunt;
3216 3073 3312 3129 sed
3343 3085 3513 3127 teme-
3557 3120 3564 3132 .

1925 3164 2086 3219 rariie
2133 3163 2348 3218 cuidam
2409 3161 2717 3232 agitationi,
2753 3177 2817 3217 ac
2876 3161 3104 3217 fortuito
3142 3164 3301 3233 plane
3338 3162 3513 3219 motui

1924 3255 2091 3325 hujus
2116 3254 2492 3310 universitatis
2539 3269 2762 3309 causam
2794 3256 3168 3326 assignarunt.
3231 3255 3310 3311 Ac
3360 3265 3516 3314 tanta

1925 3350 2144 3421 quidem
2174 3365 2364 3405 eorum
2392 3348 2651 3409 estinter
2678 3363 2799 3403 sese
2840 3350 3151 3415 dissensio,
3208 3358 3269 3403 ut
3322 3349 3515 3406 eadem

1926 3443 2074 3499 nulla
2107 3458 2335 3514 prorsus
2380 3444 2435 3498 in
2484 3461 2543 3499 re
2576 3442 3005 3515 pronuntiarint,
3036 3442 3131 3497 sed
3170 3441 3517 3497 contentione

1925 3553 1991 3592 ac
2032 3537 2424 3592 sententiarum
2481 3537 2795 3593 diversitate
2846 3536 3032 3591 omnia
3101 3535 3514 3605 compleverint.

1926 3629 2112 3699 Itaque
2150 3628 2425 3695 Socrates,
2453 3630 2537 3683 vir
2565 3629 2653 3685 ille
2683 3628 2978 3700 singularis
3006 3636 3061 3683 et
3089 3627 3351 3691 eximius,
3379 3627 3517 3681 istos

1927 3735 2120 3775 omnes
2148 3721 2435 3775 vaticinari
2472 3721 2830 3787 ostendebat,
2875 3719 3127 3790 nihilque’
3170 3721 3398 3774 omnino
3448 3718 3518 3773 ah

1929 3814 2142 3869 insanis
2169 3830 2233 3869 ac
2267 3812 2493 3869 furiosis
2539 3812 2871 3884 discrepare,
2905 3811 2950 3866 si
2985 3810 3406 3881 Xenophontem
3457 3817 3519 3863 ut

1902 3908 2151 3979 'dignum
2190 3910 2293 3962 ﬁde
2322 3917 2512 3963 testem
2545 3906 2855 3962 audiamus.
2893 3904 2985 3961 Sic
3024 3905 3170 3960 enim
3220 3905 3272 3958 in
3317 3902 3520 3957 Memo-

1928 4001 2184 4054 rabilibus
2221 4000 2335 4069 ipse
2364 3999 2607 4069 loquitur
2636 4016 2649 4053 :
2692 4017 2708 4048 ‹
2737 3996 3017 4051 Socratem
3052 4011 3179 4051 vero
3207 3996 3389 4050 nullus
3416 4010 3520 4049 un-

1931 4106 2092 4162 quam
2124 4090 2277 4159 impii
2312 4089 2612 4160 quidquam
2650 4096 2814 4157 atque
2845 4085 3041 4141 nefarii
3065 4094 3160 4141 aut
3185 4086 3321 4141 vidit
3354 4102 3519 4156 agen-

1930 4190 2060 4245 tem,
2097 4189 2190 4234 aut
2235 4180 2545 4249 loquentem
2600 4177 2827 4231 audivit.
2865 4175 3052 4247 Neque
3101 4176 3247 4231 enim
3296 4176 3363 4230 de
3397 4176 3519 4229 uni-

1932 4274 2070 4327 versi
2101 4282 2316 4336 natura,
2345 4269 2805 4341 quemadmodum
2847 4270 3094 4340 plerique
3121 4267 3304 4338 vulgo,
3332 4268 3519 4337 dispu-

1932 4369 2101 4435 tabat,
2126 4366 2206 4421 sic
2248 4365 2537 4431 nimirum,
2572 4373 2632 4418 ut
2668 4379 2778 4434 quo
2805 4371 2966 4434 pacto
2997 4377 3116 4417 sese
3166 4363 3255 4417 hic
3300 4362 3518 4427 habeat,

1862 4488 1905 4542 ο
1934 4463 2081 4532 quia
2136 4459 2505 4529 sophistarum
2542 4457 2765 4512 natione
2826 4454 3065 4510 mundus
3106 4462 3366 4517 vocatur,
3424 4460 3522 4507 aut

1935 4571 2042 4625 qua
2074 4552 2168 4608 fati
2208 4569 2271 4608 ac
2304 4551 2646 4607 necessitatis
2697 4550 2749 4604 vi
2805 4549 3097 4620 cuju’slibet
3144 4547 3221 4602 rei
3276 4546 3521 4602 ccelestis

1936 4647 2075 4701 ratio
2107 4652 2393 4709 teneatur,
2438 4643 2816 4713 investigaret;
2871 4642 2965 4696 sed
3024 4654 3119 4695 eos
3160 4637 3375 4708 potius,
3423 4636 3521 4707 qui

1935 4752 2107 4808 genus
2140 4736 2245 4789 hoc
2272 4750 2455 4789 rerum
2482 4733 2753 4789 curiosius
2798 4732 3107 4803 agitarent,
3158 4728 3400 4784 insanire
3431 4728 3522 4783 de-

1936 4825 2298 4881 monstrabat.
2332 4844 2351 4877 ›
2394 4824 2602 4891 Quibus
2640 4824 2750 4895 26
2782 4823 2899 4878 luce
2948 4821 3228 4892 subjungit
3261 4838 3274 4874 :
3330 4837 3348 4871 ι
3387 4816 3522 4874 Per-

1936 4918 2135 4971 mirum
2163 4926 2342 4972 autem
2368 4915 2469 4986 ipsi
2494 4915 2800 4977 videbatur.
2828 4929 2894 4969 ne
2926 4920 3269 4984 perspectum
3297 4910 3521 4981 quidem

1936 5009 2042 5063 illis
2072 5008 2170 5063 hoc
2197 5007 2387 5075 fuisse,
2417 5007 2563 5078 quod
2603 5022 2670 5061 eo
2694 5004 3021 5077 cognitionis
3050 5002 3334 5055 hominum
3367 5000 3522 5071 inge-

1936 5101 2028 5157 nia
2054 5102 2334 5172 pervenire
2366 5102 2516 5155 nullo
2560 5103 2724 5155 modo
2772 5098 3005 5169 possint,
3031 5112 3155 5152 cum
3192 5096 3267 5162 ii,
3299 5110 3523 5166 praeser-

1940 5196 2037 5250 tim
2069 5195 2162 5265 qui
2189 5211 2308 5250 sese
2334 5196 2437 5249 hoc
2465 5192 2850 5265 disputationis
2875 5205 3070 5261 genere
3098 5189 3401 5259 plurimum
3433 5184 3519 5243 ef-

1938 5287 2138 5354 ferant,
2163 5304 2269 5342 non
2304 5288 2355 5342 in
2383 5286 2571 5342 eadem
2614 5285 2868 5356 opinione
2897 5282 3275 5352 sententiaque
3307 5293 3523 5334 versen-

1938 5389 2048 5443 tur,
2080 5381 2171 5437 sed
2205 5379 2295 5434 alii
2345 5395 2468 5435 cum
2502 5378 2624 5433 aliis
2668 5374 3001 5429 furiosorum
3048 5374 3238 5444 utique
3269 5386 3421 5427 more
3459 5382 3521 5426 se

1940 5480 2150 5541 gerant.
2179 5470 2387 5541 Quippe
2413 5469 2581 5537 enim,
2606 5483 2670 5522 ex
2700 5465 2925 5521 furiosis
2959 5465 3095 5520 alios
3134 5477 3290 5528 esse,
3328 5461 3423 5531 qui
3450 5471 3521 5516 no

1937 5619 2027 5666 tus
2055 5626 2176 5667 sum
2204 5619 2258 5665 et
2286 5609 2374 5664 hic
2403 5617 2455 5663 et
2486 5622 2604 5676 cap.
2640 5605 2831 5659 ultimo
2864 5602 3105 5676 lihring,
3136 5601 3228 5658 ubi
3262 5600 3516 5658 eumdem

1932 5682 2113 5740 locum
2146 5680 2414 5737 Eusebius
2448 5674 2690 5749 protulit,
2720 5676 2811 5733 sed
2848 5674 3118 5747 pluribus.
