3948 6376
517 287 589 347 65
1151 285 1422 350 EUSEUII
1459 289 1935 350 CESARlENSlS
1973 286 2124 346 ΟΡΓ.
2169 273 2348 341 PARS
2384 265 2445 330 ll.
2499 313 2564 328 _
2595 287 3092 344 APOLOGETICA.
3677 292 3743 352 σι

516 412 702 484 gravia
733 413 952 484 quidem
986 422 1042 470 et
1068 415 1274 471 atrocia
1317 425 1583 482 metuant,
1611 415 1748 471 alios
1771 430 1898 471 vero
1921 456 1936 481 ,
1989 414 2082 485 qui

2201 400 2539 477 ἱπόλλυσθαι,
2587 414 2699 475 τοῖς
2749 411 2806 464 δὲ
2848 410 2958 464 οὒτ’
3012 409 3078 464 ἃν
3119 397 3368 478 γενέσθαι
3413 409 3542 463 ποτὲ
3584 411 3742 482 οὐδὲν,

425 491 432 498 ’
515 501 636 573 ipsa
666 518 885 574 quoque
919 518 1028 558 non
1083 503 1374 559 metuenda
1429 504 1787 558 extimescant
1831 521 1844 556 :
1885 503 1964 557 sic
1989 517 2081 556 eo=

513 606 680 658 rum,
724 594 817 663 qui
863 587 1116 648 naturam
1165 592 1401 646 universi
1454 590 1765 660 diligentius
1807 590 2087 660 explorare

514 693 806 749 conentur,
841 684 979 737 alios
1009 683 1272 753 quidquid
1305 690 1390 736 est
1414 697 1582 735 unum
1615 696 1736 736 esse
1760 681 1914 744 velle,
1949 681 2086 735 alios

517 778 788 833 intinitam
823 793 1007 832 rerum
1051 774 1456 830 multitudinem
1491 775 1772 842 invehere;
1805 775 1925 830 aliis
1957 776 2082 828 item

514 869 729 938 placere
757 865 1056 922 continenti
1109 874 1262 920 motu
1314 880 1403 920 res
1454 879 1642 920 omnes
1691 863 1906 934 agitari,
1963 863 2086 918 aliis

516 969 731 1022 contra,
766 960 917 1013 nullo
943 974 1180 1029 unquam
1206 965 1448 1026 tempore
1477 956 1681 1011 moveri
1719 971 1880 1025 posse
1901 995 1918 1021 ,
1964 955 2086 1011 aliis

515 1050 752 1120 denique
774 1049 1018 1121 generari
1056 1064 1240 1104 omnia
1269 1063 1334 1102 ac
1365 1047 1622 1117 deinceps
1653 1047 1874 1102 interire
1900 1089 1914 1112 ,
1962 1046 2086 1100 aliis

513 1155 644 1194 vero
690 1144 825 1194 nihil
855 1154 1097 1208 unquam
1127 1139 1210 1193 vel
1240 1138 1481 1208 genitum
1513 1153 1635 1192 esse
1659 1179 1674 1204 ,
1723 1137 1804 1192 vel
1861 1138 2085 1192 interitu

513 1231 836 1300 periturum.
875 1249 895 1282 ι
943 1232 1122 1300 Atque
1175 1230 1289 1284 haec
1336 1227 1622 1295 Socrates,
1669 1238 1731 1284 ut
1780 1228 2085 1299 Xenophon

514 1331 707 1375 auctor
738 1331 839 1376 est.
890 1320 1101 1386 Quibus
1159 1319 1358 1374 similia
1416 1334 1643 1390 prorsus
1694 1335 1756 1374 ea
1806 1329 1934 1374 sunt
1965 1335 2086 1389 qua:

514 1409 668 1464 Plato
697 1411 948 1465 eumdem
985 1410 1262 1466 Socratem
1297 1411 1352 1465 in
1402 1426 1500 1476 eo,
1557 1426 1715 1481 quem
1778 1411 1852 1465 De
1905 1412 2086 1464 anima

515 1503 778 1571 scripsit,
833 1503 1048 1574 dialogo
1112 1505 1186 1557 ita
1257 1512 1774 1560 commemorantem
1833 1503 2082 1559 inducit:

520 1614 542 1648 ι
582 1594 792 1650 Etenim
825 1597 1041 1660 mirum,
1071 1596 1288 1667 inquit,
1339 1612 1372 1651 ο
1411 1596 1605 1660 Cebes,
1645 1605 1848 1665 quanta
1881 1612 1968 1650 me
1996 1596 2086 1666 ju-

513 1689 667 1743 venis
690 1702 813 1743 cum
847 1703 1022 1742 essem
1048 1688 1194 1742 illius
1224 1689 1492 1756 cupiditas
1526 1689 1803 1758 sapientia:
1827 1688 2080 1748 tenuerit,

2184 504 2295 560 οὔτ’
2326 500 2680 558 ἀπόλλυσθαι.
2713 523 2730 554 ι
2762 503 2928 557 Ταῦθ’
2983 505 3012 556 6
3059 503 3372 574 Σωκράτης,
3407 503 3482 566 ὡς
3514 503 3746 573 Ξενοφῶν

2189 598 2473 671 μαρτυρεῖ.
2509 597 2728 669 Συνᾴδει
2773 597 2829 650 δὲ
2875 597 2968 650 καὶ
3014 597 3043 649 6
3094 595 3316 648 Πλάτων
3354 594 3563 659 τούτοις
3593 599 3647 650 ὲν
3677 599 3748 671 τῷ

2185 692 2324 759 Περὶ
2353 689 2581 759 ψυχῆς,
2615 689 2793 742 τοιάδε
2821 688 3044 756 λέγοντα
3074 687 3233 740 αὐτὸν
3265 688 3592 758 ἀναγράφων
3614 688 3746 758 (2³2)⁶

2191 801 2210 835 ι
2260 781 2399 851 Ἐγὼ
2451 781 2581 856 γὰρ,
2631 780 2755 851 ἔφη,
2807 775 2852 833 ὦ
2905 780 3106 850 Κέϐης,
3156 779 3274 843 νέος
3304 778 3401 843 ὢν,
3436 779 3750 851 θαυμαστῶς

2184 870 2260 934 ὡς
2312 869 2628 940 ἐπεθύμησα
2673 868 2874 940 ταύτης
2918 870 3015 939 τῆς
3067 870 3275 938 σοφίας,
3317 870 3382 940 ἢν
3425 869 3488 941 δὴ
3541 869 3752 926 καλοῦσι

2187 959 2558 1030 περὶφύσεως
2597 959 2863 1029 ἱστορίανο
2903 959 3247 1028 ὑπερήφανον
3293 959 3401 1030 γάρ
3450 974 3539 1027 μοι
3589 958 3752 1014 ἐδόκει

2185 1046 2323 1104 εἶναι
2353 1051 2546 1104 εἰδέναι
2576 1051 2674 1113 τὰς
2704 1051 2881 1113 αἰτίας
2904 1049 3156 1111 ἑκάστου,
3179 1050 3267 1102 διὰ
3305 1049 3357 1101 τί
3397 1051 3606 1116 γίνεται
3631 1049 3753 1103 ’ἐκα-

2186 1157 2329 1202 στον,
2362 1141 2456 1192 καὶ
2478 1139 2565 1192 διὰ
2592 1138 2644 1190 τί
2669 1138 2982 1203 ἀπόλλυται,
3018 1139 3110 1190 καὶ
3137 1137 3224 1190 διὰ
3250 1137 3302 1189 τί
3330 1139 3443 1190 ἐστι
3463 1154 3476 1168 ·
3513 1139 3606 1190 καὶ
3639 1140 3756 1192 πολ-

2184 1229 2340 1293 λάκις
2378 1229 2613 1300 ἐμαυτὸν
2657 1229 2768 1283 ἀνω
2813 1229 2906 1282 καὶ
2955 1229 3104 1281 κάτω
3155 1226 3500 1298 μετέϐαλλον,
3549 1230 3756 1283 σκοπῶν

2185 1323 2400 1396 πρῶτον
2435 1323 2503 1376 τὰ
2551 1322 2760 1376 τοιάδε·
2813 1319 2902 1393 ἆρ’
2949 1321 3166 1374 ἐπειδᾶν
3215 1321 3275 1374 τὸ
3315 1320 3520 1392 ψυχρόν
3561 1322 3654 1375 καὶ
3701 1323 3757 1376 τὸ

2185 1413 2388 1485 θερμὸν
2438 1415 2704 1486 σηπεδόνα
2741 1413 2862 1466 τινὰ
2895 1413 3056 1484 λάϐῃ,
3100 1413 3175 1476 ὥς
3220 1430 3364 1476 τινες
3407 1414 3610 1482 ελεγον,
3643 1413 3757 1466 τότε

2183 1506 2283 1576 ἤδη
2303 1506 2414 1575 (25)
2431 1506 2496 1559 τά
2513 1506 2626 1570 ζῶα
2645 1505 2766 1570 ξυντ
2775 1506 2990 1578 ρέφεται
3010 1523 3024 1571 ;
3043 1507 3137 1559 καὶ
3154 1506 3279 1558 πότε
3288 1523 3377 1578 ρον
3394 1506 3452 1558 τὸ
3469 1501 3608 1577 αἷμά
3623 1508 3760 1560 ἐστιν

2183 1591 2226 1666 ᾧ
2246 1597 2612 1670 φρονοῦμεν,ῆ
2632 1601 2658 1652 6
2684 1599 2810 1672 ἀὴρ,
2828 1599 2860 1669 ἢ
2879 1599 2937 1652 τὸ
2954 1598 3081 1670 πῦρο
3102 1599 3134 1668 ἢ
3153 1599 3354 1652 τούτων
3381 1601 3478 1669 μὲν
3495 1599 3663 1662 οὐδὲν,
3681 1603 3706 1652 6
3720 1600 3759 1654 δ’

2185 1688 2486 1756 ἐγκέφαλός
2503 1690 2649 1742 ἐστιν
2667 1691 2695 1744 ό
2717 1691 2814 1752 τὰς
2830 1688 3107 1760 αἰσθήσεις
3125 1689 3378 1759 παρέχων
3405 1689 3498 1741 τοῦ
3528 1689 3758 1755 ἀκούειν,

513 1796 678 1851 quam
728 1781 888 1850 vulgo
938 1789 1144 1834 natura!
1203 1780 1711 1848 c0ntemplationem
1771 1779 2080 1848 appellant;

2201 1782 2284 1834 καὶ
2295 1782 2544 1852 ὁρᾷν,κα“ι
2559 1782 2960 1854 ὀσφραίνεσθαιο
2974 1783 3037 1834 ὲκ
3052 1781 3252 1834 τούτων
3267 1781 3321 1834 δὲ
3333 1783 3568 1851 γίγνοιτο
3583 1784 3760 1854 μνήμη

513 1873 712 1942 quippe
744 1872 1090 1940 magniﬁcum
1141 1871 1336 1941 oppido
1387 1871 1520 1924 mihi
1573 1871 1854 1924 videbatur
1894 1885 2090 1924 causas

513 1980 676 2020 nosse
699 1980 876 2017 rerum
895 1964 1254 2033 singularum,
1281 1979 1344 2018 ac
1367 1979 1465 2016 cur
1491 1977 1827 2031 unaquazque
1848 1962 1931 2016 vel
1949 1961 2092 2016 oria-

513 2065 626 2120 tur,
662 2057 744 2110 vel
771 2056 1016 2121 intereat,
1048 2056 1130 2109 vel
1163 2056 1404 2118 exsistat,
1437 2055 1760 2124 intelligere;
1789 2055 2093 2124 smpiusque

513 2146 652 2200 adeo
675 2161 760 2200 me
780 2161 1000 2200 sursum
1024 2131 1387 2214 deorsumque
1402 2145 1706 2208 versabatn,
1724 2160 1848 2198 cum
1869 2145 1920 2197 in
1940 2145 2092 2212 ejus-

514 2238 661 2291 modi
695 2238 929 2307 primum
967 2238 1298 2306 qutestiones
1327 2236 1696 2290 incumberent
1725 2253 1738 2290 :
1770 2242 1948 2289 utrum
1981 2235 2089 2290 sci-

512 2325 657 2392 licet,
674 2327 816 2396 quod
844 2327 1117 2381 nonnullis
1134 2326 1396 2396 placebat,
1413 2326 1502 2380 ubi
1522 2324 1772 2395 frigidum
1789 2333 1841 2378 et
1857 2325 2091 2378 calidum

511 2417 615 2471 loci
648 2418 848 2487 aliquid
877 2417 1210 2485 corruptioni
1239 2417 1522 2480 dederint,
1587 2426 1698 2470 tum
1731 2416 1946 2470 demum
1983 2416 2097 2469 ani-

511 2509 716 2563 mantia
755 2511 1145 2562 nutrimentum
1173 2523 1238 2563 ac
1265 2508 1573 2561 ﬁrmitatem
1605 2507 1895 2576 accipiant?
1914 2516 2092 2560 utrum

510 2602 797 2672 sanguine,
817 2618 884 2655 an
903 2617 1048 2666 aere,
1065 2616 1133 2654 an
1165 2601 1348 2670 potius
1367 2602 1490 2670 igne
1514 2599 1833 2668 sapiamus?
1867 2615 1936 2652 an
1967 2613 2093 2652 vero

513 2693 600 2747 his
613 2694 874 2748 omnibus
891 2695 1149 2757 exclusis,
1176 2692 1270 2748 uni
1289 2692 1514 2746 cerebro
1542 2691 1830 2754 audiendi,
1853 2689 2091 2752 videndi,

511 2792 674 2852 atque
697 2785 959 2839 odorandi
991 2801 1251 2840 sensuum
1303 2784 1457 2854 origo
1485 2783 1746 2838 debeatur
1777 2800 1790 2836 :
1827 2781 1906 2836 sic
1937 2790 1996 2834 ut
2026 2797 2092 2836 ex

511 2874 580 2928 iis
613 2877 874 2930 memoria
905 2876 1067 2931 simul
1097 2885 1152 2932 et
1182 2874 1400 2944 opinio,
1453 2889 1520 2928 ex
1582 2884 1815 2941 utraque
1874 2882 2053 2927 autem
2075 2913 2092 2936 ,

513 2965 605 3020 ubi
635 2966 844 3035 placide
885 2967 1172 3037 quieteque
1215 2966 1579 3028 constiterint,
1611 2981 1734 3018 cum
1769 2963 1960 3018 iisdem
1993 2978 2088 3017 co-

2192 1874 2284 1925 καὶ
2305 1873 2446 1937 δόξω
2471 1874 2534 1926 ἐκ
2549 1874 2604 1927 δὲ
2628 1875 2844 1945 μνήμης
2863 1875 2956 1928 καὶ
2987 1874 3148 1945 δόξης
3160 1873 3428 1943 λαϐούσης
3448 1874 3505 1926 τὸ
3521 1876 3619 1944 ὴρε
3628 1876 3762 1944 μεῖν,

2192 1962 2333 2015 κατά
2362 1962 2531 2016 ταῦτα
2564 1964 2807 2032 γίνεσθαι
2839 1965 3172 2035 ὲπιστήμηνς
3196 1965 3305 2016 Καὶ
3338 1959 3403 2016 αὖ
3436 1962 3642 2016 τούτων
3673 1964 3762 2028 τὰς

2194 2054 2399 2126 φθορὰς
2433 2055 2668 2117 σκοπῶν,
2694 2057 2788 2109 καὶ
2815 2055 2881 2109 τὰ
2906 2057 3033 2128 περὶ
3062 2057 3153 2109 τὸν
3188 2056 3412 2128 οὐρανόν
3451 2073 3510 2108 τε
3545 2056 3643 2109 καὶ
3674 2054 3764 2127 τὴν

2193 2147 2296 2216 γῆν
2328 2145 2495 2216 πάθη,
2520 2147 2803 2211 τελευτῶν,
2839 2147 3010 2212 οὕτως
3043 2148 3263 2219 ἐμαυτῷ
3292 2148 3444 2214 ἔδοξα
3477 2148 3613 2220 πρὸς
3643 2147 3765 2201 ταύ-

2191 2255 2289 2308 την
2315 2239 2411 2310 τὴν
2434 2239 2621 2308 σκέψιν
2650 2240 2827 2311 ἀφυὴς
2859 2236 3015 2305 εἶναι,
3041 2240 3116 2304 ὡς
3146 2240 3294 2293 οὐδὲν
3325 2241 3528 2312 χρῆμα.
3559 2241 3766 2312 Τεκμή-

2198 2349 2308 2402 ριον
2337 2331 2390 2383 δέ
2421 2349 2502 2384 σοι
2546 2331 2656 2402 ἐρῶ
2712 2334 2913 2388 ἱκανόν.
2947 2332 3088 2401 Ἐγὼ
3136 2333 3244 2404 γὰρ
3285 2331 3321 2386 ἃ.
3366 2333 3458 2385 καὶ
3509 2332 3766 2404 πρότερον

2196 2424 2382 2492 σαφῶς
2413 2425 2748 2495 ἠπιστάμην,
2771 2425 2845 2488 ὦς
2874 2442 2936 2493 γε
2968 2424 3187 2496 ἐμαυτῷ
3209 2425 3431 2487 καὶτοῖς
3461 2423 3638 2485 ἄλλοις
3661 2423 3769 2476 ἐδό-

2194 2533 2344 2579 κουν,
2367 2517 2486 2569 τότε
2517 2517 2605 2569 ὑπ’
2640 2517 2808 2586 αὐτῆς
2839 2517 2936 2587 τῆς
2972 2516 3213 2586 σκέψεως
3243 2515 3385 2568 οὕτω
3420 2515 3620 2585 σφόδρα
3653 2516 3770 2567 ἐτυ-

2194 2605 2432 2677 φλώθην,
2463 2605 2602 2659 ὥστε
2645 2606 2924 2677 ἀπέμαθον
2953 2609 3048 2661 καὶ
3089 2606 3243 2660 ταῦθ’
3288 2605 3324 2659 ἆ
3370 2604 3570 2675 προτοῦ
3611 2604 3769 2676 ᾤμην

2194 2695 2411 2748 εἰδέναι.
2456 2713 2475 2746 ι
2514 2695 2695 2748 Ταῦτα
2730 2696 3028 2768 Σωκράτης
3077 2695 3238 2757 αὐτὸς
3284 2696 3488 2758 ἐκεῖνος
3533 2694 3561 2746 6
3607 2695 3770 2746 πᾶσιν

2193 2787 2435 2858 ἀοίδιμος
2456 2788 2729 2859 Ἕλλησιν.
2770 2791 2898 2841 Ὅτε
2954 2788 3130 2841 τοίνυν
3183 2787 3277 2840 καὶ
3331 2785 3409 2857 τῷ
3470 2785 3771 2856 τηλικούτῳ

2195 2879 2469 2950 φιλοσόφῳ
2509 2880 2686 2932 τοιάδε
2735 2880 2906 2933 ἐδόκει
2959 2875 3094 2934 εἶναι
3156 2878 3224 2931 τὰ
3278 2877 3377 2946 τῆς
3436 2875 3542 2930 τῶν
3598 2875 3767 2946 δηλω-

2198 2970 2396 3023 θέντων
2452 2970 2829 3039 φυσιολογίας,
2888 2969 3112 3033 εἰκότως
3169 2986 3257 3039 μοι
3311 2966 3450 3019 δοκῶ
3502 2967 3593 3019 καὶ
3629 2967 3773 3036 ἡμᾶς

513 3057 727 3111 haerens
755 3058 977 3112 scientia
1012 3058 1339 3128 generetur?
1358 3056 1604 3126 Cumque
1627 3056 1869 3110 vicissim
1903 3070 2086 3109 rerutn

2201 3061 2296 3131 τὴν
2359 3061 2562 3115 τούτων
2611 3062 2865 3115 ἁπάντων
2911 3061 3176 3132 ἀθεότητα
3232 3057 3595 3129 παρῃτῆσθαι·
3656 3055 3776 3109 ἐπεὶ

511 3146 828 3200 earumdem
865 3146 1138 3212 interitus,
1175 3160 1404 3216 quicque
1435 3155 1540 3198 tam
1574 3148 1628 3197 in
1664 3144 1803 3200 ccelo
1835 3158 2000 3212 quam
2035 3143 2089 3196 in

512 3245 658 3291 terra
691 3238 853 3308 vulgo
885 3238 1207 3308 contingunt
1238 3251 1449 3311 mecum
1492 3235 1608 3304 ipse
1649 3246 1980 3304 reputarem,
2006 3236 2094 3292 dc-

513 3344 664 3383 mum
711 3329 785 3382 ita
836 3344 922 3382 me
979 3329 1071 3382 ad'
1101 3330 1204 3383 hoc
1249 3325 1726 3396 contemplationis
1767 3343 1938 3398 genus
1978 3328 2094 3383 ine-

514 3429 690 3491 ptum,
725 3429 781 3475 ut
811 3421 904 3489 qui
939 3421 1194 3483 maxime,
1248 3435 1373 3476 esse
1402 3418 1660 3488 judicavi.
1694 3417 1864 3488 Cujus
1892 3419 1965 3473 rei
1993 3421 2094 3475 hoc

518 3512 615 3565 tibi
645 3522 1026 3582 argumentum
1073 3512 1246 3566 instar
1299 3512 1544 3566 omnium
1585 3510 1889 3581 proferam;
1945 3513 2093 3582 quod

517 3619 639 3673 quae
669 3604 798 3657 mihi
853 3605 1006 3673 prius
1052 3619 1114 3658 ac
1157 3603 1368 3658 cieteris
1403 3604 1605 3674 optime
1636 3603 1860 3657 videbar
1893 3603 2096 3658 intelli-

517 3708 662 3762 gere,
695 3694 878 3748 eadem
910 3694 1254 3762 postmodum
1275 3694 1459 3749 omnia
1481 3693 1850 3759 dediscerem;
1882 3703 2092 3748 tantum

2195 3153 2288 3206 καὶ
2317 3151 2384 3206 τὰ
2409 3153 2508 3223 τῆς
2540 3151 2799 3206 πολυθέου
2828 3153 3035 3224 πλάνης
3067 3150 3265 3214 αὐτῶν,
3300 3151 3399 3202 οὐκ
3436 3149 3610 3200 ἔοικεν
3639 3143 3776 3200 εἶναι

2196 3242 2450 3314 ἀλλότρια
2477 3242 2582 3296 τῶν
2609 3245 2931 3316 εἰρημένων.
2961 3242 3129 3295 Τοῦτο
3164 3241 3262 3312 μὲν
3308 3237 3401 3293 οὖν
3451 3239 3544 3291 ἐπὶ
3581 3237 3775 3309 καιροῦ

2195 3333 2291 3386 τοῦ
2319 3335 2686 3406 προσήκοντος
2719 3334 3122 3406 ἐλεγχθήσεται,
3158 3331 3278 3385 καθ’
3305 3331 3363 3383 ὃν
3404 3330 3776 3399 ἀποδείξομεν,

2198 3426 2280 3479 ὅτι
2322 3425 2537 3496 πρῶτος
2598 3426 2863 3497 Ἑλλήνων
2910 3423 3274 3495 Ἀναξαγόρας
3320 3422 3442 3475 νοῦν
3485 3421 3779 3490 ἐπιστῆσαι

2197 3518 2265 3586 τῇ
2293 3516 2386 3568 τοῦ
2422 3516 2619 3580 παντὸς
2644 3517 2791 3588 αἰτίᾳ
2815 3517 3230 3588 μνημονεύεται.
3281 3513 3396 3566 Νῦν
3441 3513 3499 3565 δέ
3553 3529 3644 3582 μοι
3688 3510 3780 3562 ἐπὶ

2199 3608 2289 3660 τὸν
2318 3608 2579 3680 Διόδωρον
2608 3608 2836 3680 μετάϐα,
2869 3607 2962 3660 καὶ
2998 3607 3186 3659 σκόπει
3208 3599 3296 3658 οἷα
3324 3604 3452 3674 περὶ
3494 3603 3594 3673 τῆς
3629 3599 3780 3674 πρώ-

2199 3715 2298 3768 της
2327 3697 2433 3750 τῶν
2469 3697 2771 3770 ἀνθρώπων
2805 3696 3079 3765 θεολογίας
3114 3696 3330 3766 ἱστορεῖ.

518 3784 607 3840 illa
644 3787 761 3856 ipsa
809 3787 1194 3877 conte‘mptatio
1241 3787 1375 3840 mihi
1425 3786 1681 3841 caecitatis
1733 3784 2018 3841 oﬂuderat.
2056 3805 2074 3838 ι
2120 3785 2246 3844 Haec
2275 3788 2527 3846 Socrates
2587 3790 2678 3844 ille
2741 3788 3052 3844 Grmeorum
3096 3786 3338 3840 omnium
3385 3798 3480 3837 ore
3526 3780 3780 3850 famaque

518 3879 846 3936 celebratus.
879 3875 1060 3945 Quare
1090 3894 1212 3933 cum
1253 3894 1316 3933 ea
1344 3879 1480 3934 tanti
1524 3879 1829 3949 philosophi
1855 3879 1922 3934 de
1964 3881 2178 3935 illorum
2219 3885 2484 3947 omnium,
2513 3897 2648 3954 quos
2680 3892 2804 3938 ante
2849 3878 3420 3942 commemoravimus,
3445 3875 3780 3946 physiologia

516 3989 672 4028 mens
705 3983 760 4027 et
805 3975 1068 4029 sententia
1115 3973 1307 4041 fuerit,
1359 3975 1484 4044 jure
1521 3989 1740 4044 quoque
1785 3975 1958 4029 sentio
1988 3990 2088 4031 nos
2124 3979 2232 4047 27
2255 3979 2322 4034 ab
2344 3980 2574 4034 istorum
2602 3988 2807 4050 negatae
2833 3975 3140 4032 Divinitatis
3193 3975 3395 4030 scelere
3445 3972 3780 4026 declinasse:

515 4065 816 4136 pmsertim
871 4081 995 4120 cum
1052 4065 1296 4136 ipsorum
1351 4065 1416 4119 de
1470 4065 1812 4120 multitudine
1856 4066 2078 4120 deorum
2117 4083 2271 4122 error
2303 4070 2498 4134 abiis,
2532 4085 2654 4139 qua:
2717 4069 2783 4123 de
2815 4068 3056 4122 universi
3119 4074 3240 4119 ortu
3276 4062 3636 4122 somniarunt,
3691 4074 3780 4112 nec

517 4171 791 4227 quaquam
834 4156 1043 4211 alienus
1087 4171 1210 4211 esse
1265 4155 1529 4212 videatur.
1581 4154 1846 4210 Cancrum
1899 4156 1950 4211 id
1997 4173 2097 4212 suo
2135 4159 2254 4214 loco
2282 4162 2570 4217 manifeste
2611 4159 3077 4230 deprehendetur,
3141 4157 3232 4211 ubi
3297 4154 3593 4226 principem
3629 4150 3783 4204 Cra:-

515 4267 706 4321 eorum
736 4250 1148 4321 Anaxagoram,
1177 4250 1272 4321 qui
1304 4259 1536 4304 mentem
1569 4249 1733 4319 hujus
1780 4236 2147 4309 universitatis
2209 4254 2476 4308 molitioni
2530 4253 2866 4324 prrefecerit,
2907 4251 3118 4306 laudari
3183 4248 3552 4304 ostendemus.
3626 4241 3784 4302 Nunc

517 4364 648 4404 vero
711 4347 943 4403 transfer
987 4347 1232 4402 animum
1271 4345 1348 4402 sis
1387 4344 1454 4400 ad
1500 4345 1831 4412 Diodorum,
1888 4361 2115 4416 quaeque
2190 4347 2257 4402 de
2297 4348 2471 4418 prima
2519 4347 2803 4402 hominum
2849 4343 3115 4414 theologia
3199 4339 3475 4396 memoria:
3522 4336 3783 4412 prodidit,

516 4438 829 4495 considera.

1005 4528 1238 4586 CAPUT
1274 4527 1364 4584 IX.

519 4645 732 4701 Priscos
779 4644 1010 4697 homines
1061 4643 1175 4696 coeli
1226 4651 1432 4696 tantum
1480 4651 1628 4694 nstra
1679 4639 1938 4706 coluisse,
1979 4655 2099 4694 cum

591 4717 725 4770 nihil
773 4731 933 4784 neque
983 4714 1046 4767 de
1100 4715 1258 4783 hujus
1304 4713 1534 4784 universi
1572 4711 1734 4784 Deo,
1783 4727 1966 4784 ineque
2033 4710 2096 4762 de

587 4782 890 4840 simulacris
920 4782 1208 4854 erigendis,
1243 4798 1402 4852 neque
1433 4783 1496 4834 de
1545 4782 1869 4834 dmmontbus
1909 4797 2101 4850 cogno—

595 4859 810 4910 vissent.

601 4989 621 5022 ‹
660 4970 880 5025 Priscus
906 4967 1188 5040 Egyptios
1221 4963 1431 5027 ferunt,
1464 4980 1588 5020 cum
1622 4963 1812 5019 oculos
1846 4962 2012 5031 hujus
2043 4963 2098 5016 in

523 5063 713 5118 mundi
753 5062 1208 5132 contemplatione
1252 5058 1592 5122 deiixissent,
1638 5071 1873 5125 cumque
1916 5071 2098 5109 rerum

525 5152 771 5209 omnium
811 5161 1061 5206 naturam
1091 5149 1483 5206 vehementiori
1521 5147 1880 5201 admiratione
1912 5146 2102 5200 obstu-

525 5251 844 5315 pescerent,
879 5243 1046 5297 solem
1090 5257 1154 5296 ac
1180 5241 1364 5295 lunam
1399 5237 1757 5306 sempiternos
1793 5251 1917 5290 esse
1970 5236 2104 5289 deos

525 5332 882 5404 omniumque
921 5332 1196 5403 principes
1243 5331 1556 5396 censuisse;
1596 5343 1827 5398 quorum
1871 5328 2100 5381 alterum

601 5491 712 5563 (ea)
752 5466 996 5545 Platonis
1022 5490 1173 5546 locus
1207 5497 1381 5546 estex
1415 5487 1700 5553 Phaedone,
1738 5502 1790 5556 p.
1819 5485 1926 5543 592
1967 5485 2098 5540 edit.
2159 5509 2166 5514 -

533 5561 717 5701 FI2:25)
761 5631 903 5685 Τότε
925 5629 1062 5700 ἥδη”
1102 5628 1258 5703 Plato
1286 5631 1389 5702 leg.
1422 5628 1540 5686 τότε
1581 5627 1666 5699 δή,
1697 5628 1838 5699 quod
1876 5623 2104 5680 ἁττικὼ·

538 5719 694 5769 τερον
723 5703 954 5760 videtur.
1325 5706 1328 5709 ’

2131 4531 2178 4588 D

2739 4514 3134 4601 ΚΕΦΑΛΑῙΟΝ
3168 4511 3249 4566 Θ’.

2207 4638 2327 4690 Ὅτι
2359 4638 2412 4689 οἱ
2439 4631 2678 4688 παλαιοὶ
2709 4630 2825 4684 τῶν
2868 4629 3210 4697 ἀνθρώπων,
3245 4626 3400 4697 τοὺςΔ
3427 4625 3550 4680 κατ’
3600 4625 3789 4697 οὐρας

2276 4705 2387 4760 νὸν
2424 4703 2744 4773 φωστῆρας
2769 4702 2960 4773 μόνον
2973 4693 3226 4773 ξέσεϐον,
3254 4695 3465 4773 μηδὲν.
3492 4693 3785 4773 asylum}?

2277 4774 2394 4829 τῶν
2424 4764 2589 4827 3.1m-
2619 4764 2785 4825 w6.9617
2801 4811 2814 4835 ,
2850 4771 2984 4823 ἀλλ’
3035 4767 3177 4822 οὐδὲ
3205 4764 3336 4834 περὶ
3359 4764 3592 4830 ξοάνων
3623 4765 3786 4832 ἱδρύ-

2277 4860 2451 4911 σεως,
2485 4841 2627 4896 οὐδὲ
2651 4841 2782 4909 περὶ
2807 4840 3102 4908 δαιμόνων
3128 4835 3532 4906 ἐπιστάμενοι.

2277 4957 2390 5029 (24)
2428 4976 2446 5007 ι
2475 4956 2614 5019 Τοὺς
2638 4954 2683 5008 δ’
2709 4949 2802 5007 οῦν
2834 4955 2951 5006 κατ’
2975 4952 3250 5021 Αἴγυπτον
3270 4950 3587 5023 ἀνθρώπους
3601 4948 3660 5004 τδ
3681 4967 3788 5003 πα-

2206 5051 2354 5105 λαιὸν
2385 5047 2727 5118 γενομένους,
2760 5045 3169 5114 ἀναϐλέψαντας
3199 5045 3279 5107 είς
3304 5044 3396 5096 τὸν
3430 5042 3650 5112 κόσμον,
3685 5039 3788 5092 καὶ

2204 5144 2301 5214 τὴν
2330 5140 2440 5194 τῶν
2468 5140 2602 5194 ὅλων
2642 5137 2803 5206 φύσιν
2840 5135 3287 5203 καταπλαγέντας
3329 5150 3390 5186 τε
3427 5134 3522 5186 καὶ¹
3574 5129 3788 5202 θαυμά-

2208 5250 2428 5296 σαντας,
2482 5228 2771 5283 ὑπολαϐεῖν
2825 5224 2964 5281 εἷναι
3018 5226 3171 5288 θεοὺς
3228 5224 3340 5296 (25)
3368 5224 3568 5287 ἀϊδίους
3605 5223 3788 5276 τεκαὶ

2205 5325 2453 5398 πρώτους
2481 5323 2573 5377 τόν
2602 5338 2662 5375 τε
2689 5321 2838 5392 ἥλιον
2874 5319 2968 5372 καὶ
2994 5317 3092 5388 τὴν
3125 5317 3350 5388 σελήνην
3370 5334 3384 5348 ’
3412 5311 3497 5371 ’ὧν
3539 5313 3629 5368 τδν
3660 5313 3784 5385 μὲν,

2433 5475 2703 5558 Qiodorus
2726 5473 2822 5558 lib.
2851 5471 3074 5558 t'.‘p.‘lO
3102 5470 3143 5556 ς
3175 5486 3328 5558 ηοτὲ
3349 5467 3622 5558 editionis.

2281 5534 2392 5620 (253
2419 5543 2603 5620 ΔΕἶναι
2625 5545 2824 5620 θεούς.
2867 5534 3048 5620 υἱορη
3082 5537 3222 5595 εἶναι
3272 5540 3366 5620 δύο
3411 5538 3586 5620 θεούς.
3618 5534 3785 5620 {tet}!-

2208 5607 2316 5690 que
2351 5607 2512 5690 itifra,
2547 5616 2755 5688 Σείριον
2780 5607 2882 5682 pro
2911 5607 3124 5690 Σύριον,
3161 5621 3242 5668 est
3282 5611 3428 5668 enim
3463 5609 3602 5664 inter
3625 5607 3786 5660 Ὄσι-

2213 5683 2298 5760 ῥιν
2331 5705 2391 5746 ac
2421 5687 2626 5756 Σείριον
2643 5683 3001 5754 ’παρωνυμίαζ
