3948 6376
537 322 608 379 67
1197 316 1469 375 EUSEBII
1504 310 1985 373 CIESARIENSIS
2022 308 2173 367 OPP.
2208 299 2392 363 PARS
2425 292 2495 357 ll.
2556 337 2611 349 --
2647 308 3153 367 APOLOGETICA.
3714 322 3774 378 63

534 457 673 514 quos
696 441 762 497 de
784 438 1005 496 vitando
1023 452 1207 495 rerum
1230 437 1593 491 animatarum
1624 450 1723 489 usu
1754 433 2106 502 conscripsit,

2233 428 2308 500 [ἀς
2326 446 2340 460 ·
2371 423 2591 492 πολλαῖς
2616 428 2726 501 γὰρ
2749 432 2962 499 γενεαῖς
2992 430 3216 504 ὕστερον
3245 433 3561 507 παρελήφθη
3594 440 3772 512 ταῦτα,

537 537 730 607 priscae
756 534 902 589 illius
933 540 1177 587 veterum
1215 528 1648 593 consuetudinis,
1686 526 1907 580 laudato
1938 524 2117 580 Theo-

536 626 748 699 phrasti
796 623 1145 688 testimonio,
1188 619 1438 674 meminit
1489 616 1572 671 his
1630 616 1855 671 omnino
1886 616 2114 671 verbis:

541 738 562 773 ι
602 718 877 774 lnﬁnitum
912 716 1074 787 plane
1106 714 1316 768 videtur
1343 709 1566 765 fluxisse
1612 717 1858 779 tempus,
1904 724 1971 763 ex
2008 720 2119 778 quo

538 824 711 880 genus
744 806 1026 862 hominum
1059 805 1217 873 longe
1252 801 1749 871 sapientissimum,
1787 808 1846 853 ut
1878 798 2121 869 loquitur

538 897 953 967 Theophrastus
974 937 988 962 ,
1019 893 1421 948 sanctissimam
1458 891 1604 945 illam
1634 898 1689 945 et
1718 905 1749 944 a
1780 888 2122 943 Nilo-condi-

536 1002 646 1044 tam
703 991 979 1060 regionem
1036 986 1326 1049 incoleret,
1381 986 1447 1039 ad
1518 983 1700 1038 focum
1756 982 2119 1038 domesticum

538 1098 700 1136 sacra
736 1081 840 1136 diis
871 1079 1185 1135 caelestibus
1240 1078 1418 1132 facere
1457 1077 1656 1146 coepit,
1692 1090 1800 1129 non
1847 1074 2117 1146 myrrhae,

538 1188 647 1227 non
682 1172 843 1226 casia:
888 1170 1173 1239 thurisque
1207 1184 1330 1223 cum
1358 1182 1520 1222 croco
1546 1167 1833 1220 mistorum
1866 1164 2122 1234 primitiis

540 1262 740 1333 (neque
775 1262 921 1315 enim
963 1260 1196 1315 istorum
1229 1274 1363 1313 usus
1408 1260 1510 1313 nisi
1544 1265 1669 1328 post
1690 1246 1904 1311 'mnltas
1934 1263 2120 1310 aetates

536 1357 675 1419 fuit,
704 1370 827 1409 cum
860 1354 1024 1407 homo
1052 1353 1306 1407 curiosus
1330 1351 1535 1406 erroris
1562 1350 1847 1419 indagator
1874 1347 2119 1416 effectus,

536 1457 660 1519 post
690 1448 989 1501 multorum
1026 1444 1273 1499 laborum
1315 1451 1477 1512 atque
1507 1442 1869 1512 lacrymarum
1900 1448 2083 1510 guttas
2103 1478 2121 1506 ,

539 1538 862 1594 necessariae
887 1536 1007 1590 vitae
1038 1534 1305 1604 primitias
1333 1533 1439 1587 diis
1463 1532 1713 1602 obtulit);
1739 1545 1847 1584 non
1877 1530 2119 1595 illarum,

538 1632 788 1701 inquam,
828 1644 1010 1683 rerum
1034 1668 1047 1693 ,
1084 1628 1177 1682 sed
1206 1625 1430 1680 virentis
1458 1624 1639 1679 herba:
1660 1665 1674 1691 ,
1704 1622 1863 1692 cujus
1896 1622 1977 1678 sic
2004 1631 2128 1676 tan-

537 1738 703 1793 quam
741 1731 948 1775 naturze
991 1718 1244 1804 genitalis
1282 1717 1593 1787 primaevam
1641 1714 1935 1784 quamdam
1967 1712 2126 1766 lanu-

2219 518 2312 572 καὶ
2338 518 2545 590 πλάνης
2560 521 2856 593 ἐρευνητὴς
2880 521 2992 591 (29)
3018 523 3234 595 μαστὴρ
3255 524 3283 575 ό
3308 523 3589 596 ἄνθρωπος
3614 534 3780 600 γιγνό.

2223 629 2402 682 μενος,
2430 611 2531 683 τῆς
2554 613 2855 681 ἀναγκαίας
2881 614 3026 685 ζωῆς
3061 615 3198 685 μετὰ
3237 615 3451 671 ,πολλῶν
3490 619 3659 674 πόνων
3695 628 3782 681 καὶ

2219 701 2469 775 δακρύων
2508 703 2773 771 σταγόνας
2793 743 2808 767 ,
2853 704 3136 776 ἀπήρξατο
3170 709 3281 769 τοῖς
3307 707 3470 772 θεοῖς’
3506 711 3565 764 οὒ
3594 714 3785 774 τούτων

2220 789 2312 847 οὖν
2344 793 2499 848 ἔθυον
2527 795 2809 867 πρότερον,
2839 794 2973 848 ἀλλὰ
3004 796 3163 867 χλόης
3185 798 3344 851 οἱονεί
3374 816 3497 853 τινα
3535 802 3633 872 τῆς
3656 808 3787 874 γωι-

2228 903 2328 957 μου
2368 886 2583 956 φύσεως
2609 887 2767 957 χνοῦν
2797 891 2915 953 ταῖς
2956 892 3142 961 χερσὶν
3164 892 3447 962 ἀράμενοι.
3475 893 3674 968 Δένδρα
3702 900 3789 970 μὲν

2222 978 2333 1049 γὰρ
2368 979 2431 1050 δὴ
2478 979 2585 1050 πρὸ
2624 978 2780 1043 ζώων
2813 980 3080 1034 ἀνέδωκεν
3121 984 3154 1053 ή
3209 984 3313 1055 γῆο
3348 984 3455 1037 τῶν
3496 985 3717 1059 δένδρων
3739 993 3791 1048 δὲ

2222 1069 2356 1121 πολὺ
2381 1070 2615 1141 πρόσθεν
2644 1073 2746 1143 τὴν
2780 1073 3031 1126 ἐπέτειον
3058 1075 3348 1146 γινομένην
3380 1078 3515 1130 πόαν
3535 1094 3550 1109 ο
3584 1074 3649 1150 ἦς
3688 1082 3795 1154 δρι-

2228 1162 2452 1232 πόμενοι
2488 1163 2662 1232 φύλλα
2690 1165 2784 1217 καὶ
2811 1164 2987 1236 ῥίζας,
3018 1167 3263 1231 καὶτοὺς
3293 1168 3448 1232 ὅλους
3466 1170 3565 1240 τῆς
3594 1171 3793 1240 φύσεως

2224 1254 2404 1307 αὐτῶν
2452 1254 2718 1326 βλαστοὺς
2781 1258 3074 1311 κατέκαιον
3101 1296 3116 1322 ,
3175 1258 3347 1331 ταύτῃ
3381 1262 3508 1323 τοὺς
3550 1266 3797 1334 φαινομέ-

2223 1363 2349 1411 νους
2396 1348 2682 1420 οὐρανίους
2749 1349 2905 1414 θεοὺς
2962 1354 3028 1422 τῇ
3084 1351 3246 1423 θυσίᾳ
3295 1353 3666 1424 δεξιούμενοι,
3715 1360 3802 1415 καὶ

2224 1434 2320 1490 τοῦ
2361 1437 2532 1510 πυρὸς
2563 1438 2699 1509 (29‘)
2737 1436 3227 1504 ἀπαθανατίζοντες
3267 1443 3448 1507 αὐτοῖς
3474 1444 3575 1509 τὰς
3631 1449 3801 1517 τιμάς.

2226 1527 2449 1591 Τούτοις
2505 1528 2615 1601 γὰρ
2668 1528 2763 1582 καὶ
2815 1530 2876 1583 τὸ
2926 1530 3039 1601 πῦρ
3092 1531 3389 1601 ἐφύλαττον
3443 1535 3709 1590 ἀθάνατον
3753 1542 3805 1595 ὲν

2226 1621 2342 1683 τοῖς
2409 1621 2609 1692 ἱεροῖς,
2670 1621 2745 1687 ὼς
2792 1622 2852 1677 ὃν
2915 1624 3151 1694 μάλιστα
3216 1626 3400 1691 αὐτοῖς
3472 1630 3800 1699 ὁμοιότατον.

2239 1710 2336 1766 Ἐκ
2370 1712 2427 1766 δὲ
2455 1713 2556 1784 τῆς
2585 1713 2898 1785 θυμιάσεως
2924 1714 3033 1769 τῶν
3066 1715 3172 1769 ἀπὸ
3209 1718 3331 1789 γῆς,
3362 1722 3718 1789 θυμιατήριὰ
3752 1742 3805 1776 τε

539 1816 718 1885 ginem
770 1811 1024 1867 manibus
1048 1798 1331 1864 sublatam
1388 1807 1671 1863 offerebat.
1717 1806 1928 1876 Quippe
1979 1807 2122 1861 enim

2233 1804 2476 1870 ὲκάλουν,
2511 1805 2606 1858 καὶ
2632 1806 2694 1858 τὸ
2722 1806 2909 1872 θύειν,
2937 1806 3112 1860 καὶτὸ
3142 1807 3430 1863 θυσιάσαι
3456 1827 3468 1839 ·
3500 1811 3535 1864 ἃ
3568 1812 3632 1883 δὴ
3657 1815 3808 1884 ἡμεῖς

540 1906 753 1975 priores
797 1900 1167 1957 animantibus
1201 1900 1447 1965 arbores,
1498 1897 1779 1967 multoque
1813 1906 1939 1951 ante
1979 1897 2127 1966 ipsas

536 2012 761 2067 gramen
788 2010 1032 2048 annuum
1074 2001 1221 2048 terra
1261 1992 1590 2062 procreavit,
1628 1991 1786 2060 cujus
1821 1990 1949 2045 folia
1976 1989 2126 2045 radi-

537 2103 740 2158 cesque
783 2092 1067 2155 carpentes
1108 2099 1233 2138 cum
1280 2080 1507 2152 integris
1541 2095 1728 2135 earum
1760 2088 1969 2135 natura:
1998 2095 2125 2149 ger-

536 2181 781 2236 ntinibus
825 2188 1037 2233 veteres
1070 2176 1148 2231 illi
1185 2175 1618 2241 comburebant,
1654 2187 1830 2243 eoque
1870 2172 2124 2228 sacriﬁcii

538 2288 772 2344 genere,
812 2271 906 2341 qui
948 2270 1202 2325 ctelestes
1259 2266 1333 2322 dii
1386 2266 1746 2332 videbantur,
1794 2265 1897 2320 sibi
1939 2265 2127 2320 conci-

537 2366 787 2429 liabant,
840 2372 1005 2434 atque
1071 2359 1444 2430 sempiternos
1492 2357 1635 2426 ignis
1683 2357 1921 2412 honores
1978 2357 2128 2426 ipso-

538 2473 661 2513 rum
694 2456 969 2511 divinitati
997 2452 1415 2510 consecrabant.
1449 2449 1584 2505 Nam
1622 2450 1728 2506 illis
1756 2451 1919 2505 etiam
1949 2450 2126 2521 ignem

541 2549 945 2607 conservabant
998 2548 1114 2603 suis
1160 2546 1216 2601 in
1267 2546 1484 2616 templis
1533 2544 1934 2609 immortalem,
1982 2543 2128 2612 quod

536 2642 730 2698 iisdem
766 2638 1078 2696 simillimus
1102 2654 1223 2695 esse
1248 2638 1542 2697 videretur.
1625 2636 1734 2706 29
1770 2634 2035 2691 Caeterum
2062 2650 2130 2691 ex

537 2728 629 2783 illa
677 2742 858 2782 rerum
883 2766 900 2792 ,
933 2742 1072 2798 quas
1118 2734 1262 2782 terra
1314 2725 1684 2796 produxerat,
1728 2724 2126 2796 ἀναθυμιάσει,

537 2820 638 2875 has
673 2818 904 2874 subinde
926 2833 1089 2875 voces
1120 2816 1479 2889 θυμιατήρια,
1504 2814 1673 2880 θύειν,
1692 2814 1945 2870 θυσιάσαι
1969 2816 2129 2872 efﬁn-

537 2921 769 2976 xerunt,
809 2911 1010 2981 quibus
1057 2926 1159 2969 nos
1207 2910 1434 2980 perinde
1461 2924 1528 2964 ac
1560 2908 1608 2963 si
1653 2922 1855 2963 novum
1890 2912 1993 2963 hoc
2024 2908 2130 2962 im-

536 3002 824 3073 probitatis
858 3017 1028 3074 genus
1063 3001 1471 3072 significarent,
1519 3001 1697 3055 alieno
1750 2999 1909 3070 plane
1968 3014 2130 3054 sensu

538 3095 838 3158 abutimur,
860 3094 989 3149 dum
1025 3094 1274 3149 fallacem
1302 3094 1447 3147 hunc
1476 3092 1713 3158 cultum,
1747 3091 1841 3161 qui
1889 3092 2131 3145 animan-

536 3186 675 3241 tium
707 3185 1080 3241 immolatione
1110 3185 1411 3255 perlicitur,
1442 3182 1631 3235 θυσίαν
1662 3182 2013 3253 appellamus.
2046 3183 2123 3237 Ac

536 3277 951 3349 prisci-quidem
987 3277 1065 3331 illi
1094 3276 1378 3339 homines,
1415 3290 1483 3329 ne
1523 3273 1654 3345 quid
1688 3273 1946 3329 adversus
1976 3274 2124 3330 hunc

538 3372 705 3424 ritum
747 3378 1085 3438 peccaretur,
1128 3375 1277 3421 tanto
1323 3365 1504 3421 studio
1551 3373 1810 3435 tantaque
1849 3364 2125 3436 diligentia

536 3461 930 3532 providebant,
958 3468 1019 3514 ut
1063 3459 1208 3529 quod
1251 3459 1307 3513 in
1355 3474 1484 3525 eos,
1519 3459 1643 3529 qui,
1694 3458 1894 3529 rejecto
1947 3469 2126 3514 vetere

538 3552 786 3609 instituto
819 3566 1021 3605 novum
1054 3548 1276 3619 aliquod
1311 3549 1658 3613 inveherent,
1694 3549 1985 3620 ὴράσαντο,
2021 3548 2125 3603 hoc

537 3652 622 3698 est
650 3643 798 3699 diras
839 3642 1215 3709 effunderent,
1262 3640 1531 3712 ἀρώματα
1571 3642 1642 3696 τὰ
1685 3639 2037 3712 θυμιώμενα,
2074 3641 2127 3694 id

536 3747 622 3792 est
647 3735 953 3791 sufﬁtiones
989 3736 1157 3806 ipsas,
1213 3734 1633 3805 imprecationes
1654 3733 1909 3803 dirasque
1951 3732 2128 3786 nomi-

539 3837 752 3883 narent.
796 3848 815 3879 ι
849 3826 1063 3895 Quibus
1082 3868 1097 3892 ,
1130 3834 1255 3897 post
1284 3827 1389 3883 alia
1419 3826 1668 3897 quaedam
1692 3867 1705 3891 ,
1734 3826 1848 3881 haec
1872 3825 2123 3894 subjicit:

544 3940 563 3971 ε
613 3918 711 3975 Ubi
744 3928 925 3974 autem
974 3920 1081 3975 ille
1113 3918 1508 3975 sacriﬁciorum
1551 3917 1807 3989 primitia:
1852 3917 1908 3971 in
1952 3916 2127 3986 majo-

2230 1894 2306 1959 ὼς
2338 1894 2438 1966 τὴν
2482 1895 2715 1967 ὑστέραν
2756 1896 3136 1969 πλημμέλειαν
3177 1901 3511 1970 σημαίνοντα
3540 1903 3677 1974 (50),
3721 1907 3813 1960 οὐκ

2229 1989 2405 2061 ὀρθῶς
2450 1989 2808 2062 ὲξακούομεν,
2841 1991 2939 2062 τὴν
2979 1990 3068 2045 διὰ
3099 1991 3208 2044 τῶν
3242 1991 3395 2058 ζώων
3428 1994 3693 2050 δοκοῦσαν
3726 1997 3808 2051 θε-

2233 2085 2465 2157 ραπείαν
2494 2084 2785 2150 καλοῦντες
2807 2085 3018 2140 Θυσίαν.
3054 2086 3318 2141 Τοσοῦτον
3338 2089 3393 2143 δὲ
3423 2090 3534 2153 τοῖς
3566 2090 3811 2155 παλαιοῖς

2228 2175 2322 2230 τοῦ
2368 2177 2443 2249 μὴ
2482 2178 2846 2250 παραϐαίνειν
2892 2177 2954 2232 τὸ
2996 2178 3116 2244 ἔθος
3152 2180 3365 2252 ἔμελεν,
3403 2180 3478 2245 ὡς
3520 2182 3669 2236 κατὰ
3713 2184 3814 2238 τῶν

2230 2266 2593 2322 ἐκλειπόντων
2644 2269 2706 2321 τὸ
2750 2269 2995 2342 ἀρχαῖον,
3044 2272 3445 2341 ἐπεισαγόντων
3501 2273 3559 2326 δὲ
3610 2274 3814 2346 ἕτερον,

2230 2360 2629 2432 άρασαμένους,
2671 2361 2939 2434 ἀρώματα
2973 2361 3041 2415 τὰ
3078 2362 3398 2435 θυμιώμενα
3445 2366 3819 2436 προσαγορεῦο

2232 2470 2340 2506 σαι.
2381 2472 2399 2505 ι
2444 2453 2626 2507 Ταῦτα
2657 2453 2848 2517 εἰπὼν,
2890 2454 3134 2523 ἐπιλέγει
3177 2456 3297 2527 μεθ’
3330 2456 3522 2529 ἔτερα·
3563 2477 3583 2508 ς
3626 2459 3822 2531 Πόρῤω

2230 2546 2289 2599 δὲ
2334 2546 2441 2601 τῶν
2479 2546 2607 2618 περὶ
2654 2545 2751 2610 τὰς
2794 2546 2985 2611 θυσίας
3034 2549 3298 2620 ἀπαρχῶν
3348 2553 3461 2613 τοῖς
3506 2549 3819 2621 ἀνθρώποις

2233 2638 2537 2710 προϊουσῶν
2585 2638 2954 2711 παρανομίας,
2990 2641 3024 2711 ή
3071 2639 3177 2695 τῶν
3211 2640 3528 2696 δεινοτάτων
3560 2640 3824 2712 θυμάτων

2233 2730 2548 2803 παράληψις
2590 2730 2891 2804 ἐπεισήχθη
2924 2731 3205 2803 ὠμότητος
3242 2733 3454 2804 πλήρης
3477 2749 3491 2763 °
3533 2732 3613 2796 ὡς
3649 2733 3826 2786 δοκεῖν

2232 2820 2330 2885 τάς
2353 2821 2585 2895 πρόσθεν
2612 2820 2895 2892 λεχθείσας
2928 2821 3049 2875 καθ’
3081 2823 3237 2893 ήμῶν
3265 2823 3403 2895 ἀρὰς
3436 2821 3531 2877 νῦν
3560 2822 3721 2885 τέλος
3750 2825 3826 2876 εί-

2232 2911 2482 2982 ληιρέναι,
2535 2912 2855 2982 σφαξάντων
2896 2912 3005 2965 τῶν
3044 2912 3366 2985 ἀνθρώπων,
3404 2914 3498 2967 καὶ
3545 2918 3682 2977 τοὺς
3719 2912 3827 2982 βω-

2236 3005 2371 3073 μοὺς
2415 3002 2780 3073 αἱμαξάντων.
2828 3024 2845 3055 ι
2902 3003 3151 3059 Τοσαῦτα
3193 3006 3287 3058 καὶ
3326 3007 3356 3058 ό
3386 3005 3731 3077 Πορφύριος,
3768 3006 3831 3059 ού

2236 3095 2435 3165 μᾶλλον
2478 3096 2511 3167 ἢ
2554 3096 2581 3147 ὁ
2628 3095 2990 3167 Θεόφραστος.
3032 3097 3483 3168 Ἐ’πισφράγισμα
3520 3097 3619 3150 τοῦ
3636 3097 3832 3166 λόγου

2230 3187 2423 3255 γένοιτ’
2452 3185 2517 3240 ἂν
2548 3188 2678 3258 ἡμῖν
2710 3190 2739 3241 ὁ
2772 3188 2996 3242 Πλάτων
3019 3189 3077 3242 ὲν
3112 3190 3415 3256 Κρατύλῳ,
3448 3190 3693 3261 πρόσθεν
3720 3188 3830 3241 τῶν

2232 3277 2535 3349 εἰρημένων
2588 3277 2736 3349 αὐτῷ
2775 3280 2904 3350 περὶ
2953 3278 3064 3331 τῶν
3106 3279 3393 3349 Ἑλλήνιον,
3447 3273 3551 3333 ὧδέ
3595 3297 3677 3351 πη
3728 3279 3835 3346 φά-

2234 3385 2379 3421 σκων
2422 3368 2558 3440 πρὸς
2592 3370 2778 3439 ῥῆμαυ
2835 3389 2852 3420 ι
2901 3370 3182 3424 Φαίνονταί
3232 3388 3319 3440 μοι
3366 3373 3415 3424 οἱ
3455 3371 3668 3442 πρῶτοι
3719 3373 3836 3425 τῶν

2233 3455 2535 3528 ἀνθρώπων
2588 3459 2699 3511 τῶν
2748 3460 2875 3531 περὶ
2917 3461 3015 3531 τήν
3061 3460 3305 3524 Ἐλλάδα,
3354 3462 3577 3526 τούτους
3628 3464 3840 3534 μόνους

2234 3548 2392 3612 θεοὺς
2440 3550 2711 3619 ἡγεῖσθαι,
2745 3550 2949 3623 οὕσπερ
2983 3551 3078 3605 νῦν
3126 3553 3311 3606 πολλοὶ
3355 3552 3463 3605 τῶν
3504 3553 3840 3625 βαρϐάρων,

2232 3639 2383 3711 ἣλιον
2413 3643 2506 3695 καὶ
2539 3641 2787 3714 σελήνην,
2817 3644 3055 3714 truly-71v,
3091 3644 3184 3697 καὶ
3218 3644 3413 3715 ἄστρα,
3442 3644 3535 3697 καὶ
3556 3646 3845 3716 οὐρανόν·

2234 3732 2329 3786 ἅτε
2362 3725 2456 3786 οῦν
2500 3732 2639 3787 αὐτὰ
2682 3733 2916 3805 ὁρῶντες
2950 3734 3128 3787 πάντα
3173 3735 3260 3787 ἀεὶ
3304 3735 3450 3788 ἰόντα
3494 3735 3695 3807 δρόμῳ
3743 3734 3848 3789 καὶ

2234 3824 2448 3889 θέοντα,
2479 3825 2587 3878 ἀπὸ
2632 3825 2839 3895 ταύτης
2876 3826 2973 3895 τῆς
3007 3824 3219 3894 φύσεως
3255 3826 3354 3897 τῆς
3397 3825 3490 3879 τοῦ
3522 3826 3641 3883 θεῖν
3700 3826 3851 3898 (51),

2233 3916 2388 3980 θεοὺς
2422 3918 2617 3980 αὐτοὺς
2651 3917 3006 3988 ἐπονομάσαι.
3054 3936 3072 3969 δ

538 4028 652 4068 rem
689 4012 1022 4083 impietatem
1054 4012 1340 4066 hominum
1389 4011 1520 4066 vitio
1553 4010 1966 4081 prorupissent,
2019 4010 2235 4065 tandem
2279 4027 2412 4068 usus
2447 4012 2851 4067 teterrimarum
2930 4012 3279 4066 victimarum
3342 4013 3675 4070 crudelitate
3724 4016 3851 4086 ple-

536 4127 642 4167 nus
680 4106 943 4173 invaluit,
982 4116 1043 4161 ut
1084 4121 1223 4177 quas
1274 4114 1400 4160 ante
1441 4113 1733 4175 conceptas
1780 4112 2028 4159 nostrum
2106 4104 2161 4159 in
2200 4116 2360 4176 caput
2404 4107 2819 4175 imprccationes
2885 4106 3155 4167 diximus,
3186 4123 3251 4162 ex
3296 4108 3399 4163 hoc
3431 4109 3655 4163 demum
3697 4118 3854 4164 tern-

536 4217 702 4274 pore,
747 4214 857 4271 quo
905 4199 1155 4255 homines
1187 4198 1290 4269 ipsi
1324 4196 1474 4253 vivas
1500 4212 1565 4252 ac
1599 4197 1870 4267 spirantes
1937 4198 2243 4254 animantes
2284 4198 2568 4271 iugulant,
2635 4214 2936 4269 earumque
2980 4201 3246 4269 sanguine
3293 4201 3484 4256 altaria
3527 4211 3857 4259 cruentant

611 4360 873 4442 (29)](αὶ
904 4358 1148 4442 ,πλάνης
1168 4355 1531 4442 ιὲρευντζτήςι,
1562 4355 1971 4442 εις.ΛΡοτριι)νι·.
2012 4357 2116 4442 leg.

2228 4358 2459 4425 dixerat,
2473 4358 2702 4414 Athenis
2732 4359 3116 4427 magistratum
3148 4358 3651 4416 extraordinarium
3690 4362 3856 4420 fuis-

538 4427 635 4510 δαὶ
667 4427 858 4496 ταῦτα,
895 4428 1103 4510 iam:
1132 4428 1575 4510 κλιμακτὴρνξτε
1605 4427 2041 4510 ἀνθρωποςξω·
2071 4431 2123 4510 ἐι·
2157 4433 2327 4510 Dse-’
2374 4430 2736 4510 εἱποτεητοίδς
2801 4428 3121 4510 ἀδικοῖέντέῖς
3169 4447 3222 4481 τι
3277 4429 3510 4510 δῖῖμοῖίίᾳ
3566 4432 3688 4510 δέοι
3744 4434 3858 4505 ζη“

541 4505 594 4572 ζ.
641 4523 697 4577 μ.
734 4520 795 4577 π.
831 4520 888 4577 π.
926 4518 981 4577 κ.
1024 4498 1295 4577 δακρύων,
1344 4498 1600 4577 σταγόνος
1652 4498 1857 4577 τούτω-ν
1908 4500 2119 4577 ἀπῄρξ,

541 4565 780 4632 Consule
813 4573 857 4626 si
907 4571 1083 4641 placet
1113 4565 1378 4641 Porphyr.
1410 4565 1779 4638 interpretem.
1804 4565 2121 4641 Eusebiana

544 4656 689 4703 certe
722 4659 846 4698 cum
878 4640 1061 4703 lectio.
1099 4648 1213 4693 tum
1250 4640 1550 4703 distinctio,
1585 4640 1884 4694 correctior
1906 4640 2122 4693 videtur

542 4728 596 4773 et
620 4716 817 4772 clarior
843 4731 856 4767 :
885 4720 1095 4766 tantum
1126 4724 1312 4762 vocem
1345 4711 1660 4780 ἐρευνητής,
1692 4719 1951 4779 tanquam
1977 4711 2123 4777 glos-

543 4804 693 4843 sema
740 4782 970 4838 libenter
1019 4780 1407 4849 expunxerim;
1442 4780 1657 4851 μαστήρ
1686 4781 1830 4833 enim
1861 4780 1913 4834 id
1942 4781 2119 4849 ipsum

542 4868 625 4914 est
654 4854 801 4926 quod
835 4848 1149 4926 épsuvnrﬂg,
1176 4850 1268 4904 sed
1302 4848 1498 4926 rarius.
1534 4848 2123 4926 Hesychiusagnoscit

547 4921 835 4999 μαστεύειν
867 4921 1412 4999 ξιιμματεῖνινμαστήρ
1442 4928 1494 4973 et
1526 4922 1728 4991 ματήρ,
1761 4921 1902 4999 unde
1929 4928 1983 4999 et
2017 4936 2122 4999 μα-

542 4989 902 5068 ἶεηρεύεινηδ
922 4989 1124 5063 ζητεῖν.
1150 4989 1825 5068 ῌοιὲῃάιιιηχριοίιμιοά
1868 4992 1934 5068 de
1961 4990 2123 5068 hujus

545 5060 700 5121 vobis
736 5060 1017 5119 notatione
1052 5061 1216 5115 tradit
1249 5060 1420 5131 Clem.
1454 5060 1718 5131 Alexand.
1757 5060 1976 5131 Pwdag.
2004 5062 2051 5113 -l.
2082 5077 2117 5124 ι,

544 5152 597 5194 c.
630 5135 681 5191 7.
714 5135 851 5189 Cum
896 5134 1041 5187 enim
1095 5130 1345 5195 dixisset,
1397 5130 1699 5183 infantibus
1747 5132 1923 5191 nobis.
1956 5131 2124 5200 ἀμέλ-

543 5223 700 5278 γουσι
744 5204 838 5284 τόν
875 5204 1045 5284 Λόγον
1075 5202 1183 5284 τεξιν
1211 5199 1476 5284 ούρανῶν,
1505 5200 1815 5284 {linteatum
1850 5199 2120 5280 Christum

544 5270 689 5340 esse,
721 5270 1037 5346 subjungit:
1087 5270 1365 5346 Ἐντεῦθεν
1411 5271 1480 5346 τὸ·
1520 5270 1784 5346 ζητῆσαι,Δ
1822 5270 2120 5346 μαστεῦσαι

545 5340 1064 5410 καλεῖταιίδτῐτοῖς
1086 5340 1317 5414 ζητοῦσι
1349 5340 1682 5414 νηπίοιςτὸν
1713 5340 1906 5414 Δόγον,
1936 5344 1989 5394 αἱ
2026 5358 2123 5414 πα-

546 5419 734 5536 νικαὶ
778 5415 877 5485 τῆς
922 5411 1332 5484 φιλανθρωπίας
1357 5411 1513 5493 θηλαὶ
1537 5412 1830 5536 χορηγοῦσι
1873 5414 1934 5465 τὸ
1959 5411 2116 5479 γάλα.

597 5505 666 5536 οι
699 5496 782 5536 est
816 5485 1167 5536 Xenophonti
1212 5483 1517 5536 familiaris.
1571 5483 1674 5536 nde
1720 5483 2011 5536 Μαστῆοεε
2044 5483 2116 5535 illi

597 5505 668 5543 οι
699 5496 782 5542 est
816 5482 1167 5554 Xenophonti
1212 5482 1517 5538 familiaris.
1539 5482 1674 5537 lnde
1720 5483 2011 5554 Μαστῆρες
2044 5483 2120 5554 illi

549 5575 689 5630 quos
720 5553 1075 5630 Harpocratio
1104 5556 1328 5630 conjicit
1365 5554 1540 5630 άρχήν
1576 5553 2123 5630 τινα-ΐυξξεεάποδετ

546 5622 848 5700 δειγμέ-νην
881 5626 972 5700 ἐπὶ
1132 5622 1417 5700 ζητεῖν-τά
1439 5622 1602 5678 κοινὰ
1644 5622 1737 5676 τοῦ
1762 5623 2001 5700 Δδήμου,⁸
2027 5624 2121 5700 qui

550 5693 693 5769 apud
721 5693 987 5754 Pe'llenios
1007 5694 1254 5769 Μάστρω
1284 5696 1714 5769 dicerelttur,_ex
1747 5693 2037 5769 Aristotele
2064 5695 2118 5747 in

547 5764 911 5828 Pelleniorum
959 5782 1073 5839 rep.
1104 5764 1369 5837 Ζητητάς,
1402 5767 1545 5823 idem
1594 5764 1952 5837 Harpocratio
1992 5773 2120 5820 ante

2228 4502 2361 4553 τεῖν.
2392 4502 2527 4569 Cum
2558 4499 2794 4555 Roman.
2821 4501 3154 4569 qumsilorib.
3197 4499 3432 4553 conferri
3463 4499 3714 4569 possint.

2302 4570 2434 4641 (29')
2473 4568 2583 4625 Καὶ
2612 4570 2721 4624 τοῦ
2752 4568 2960 4637 πιψός.
2990 4568 3256 4639 Purphyr.
3290 4570 3384 4641 lib.
3416 4568 3579 4633 ιξκαὶ
3600 4572 3707 4626 διὰ
3742 4575 3861 4628 τοῦ

2230 4640 2439 4712 πυρός’
2480 4652 2773 4712 utrumque
2804 4641 3019 4708 probari
3056 4648 3251 4709 potest,
3287 4640 3381 4712 sed
3416 4642 3710 4709 posterius
3750 4645 3857 4697 in-

2231 4711 2446 4767 tellectu
2480 4711 2694 4765 facilius
2724 4711 2972 4764 videtur:
2999 4715 3180 4779 potius
3208 4711 3352 4764 enim
3388 4725 3480 4778 per
3527 4713 3728 4780 ignem
3779 4716 3860 4769 il-

2231 4783 2341 4836 lum
2388 4782 2671 4843 ἄσὸεστον,
2702 4796 2862 4849 quam
2901 4782 3184 4850 ipsiusmet
3221 4780 3393 4850 gignis,
3448 4783 3867 4850 sempiternos

2230 4853 2335 4906 diis
2364 4854 2598 4905 honores
2634 4849 2962 4905 tribuebant.
3000 4850 3101 4903 Sed
3133 4849 3427 4917 ἐφύλαττον
3457 4849 3858 4909 retinendum

2230 4933 2333 4987 est,
2369 4923 2493 4975 licet
2525 4921 2789 4991 Porphyr.
2844 4921 3005 4991 legat
3072 4920 3447 4991 φυλάττωμεν,
3478 4936 3607 4976 nam
3644 4927 3865 4984 paulo

2231 5003 2357 5046 ante
2383 4992 2587 5056 ἔκαιον,
2621 5006 2729 5044 non
2761 4990 3009 5056 καίομεν.

2304 5064 2413 5133 (50)
2455 5062 2847 5133 Σημαίνονταν.
2892 5058 3053 5133 Yera,
3099 5069 3158 5113 ut
3209 5060 3421 5129 opinor,
3469 5062 3629 5116 lectio
3663 5082 3682 5117 :
3720 5081 3870 5121 non

2233 5129 2478 5203 ut'apud
2530 5132 2794 5200 l’orphyr.
2828 5129 3167 5203 ἐκβαίνοντα,
3195 5144 3355 5203 quem
3408 5133 3587 5203 locum
3616 5149 3873 5203 vet-qur

2233 5192 2398 5257 etiam
2448 5212 2509 5257 ut
2561 5192 2829 5269 interpres
2863 5200 2980 5261 ἆλις
3016 5202 3081 5252 ἂν
3111 5192 3473 5263 ἐξακούσειεν.
3526 5201 3634 5255 llac
3711 5192 3875 5269 i554

2230 5274 2298 5328 de
2335 5289 2392 5328 re
2436 5274 2577 5327 idem
2613 5272 2874 5342 Porphyr.
2910 5271 3013 5325 sub
3046 5270 3140 5323 lib.
3174 5286 3210 5323 ιι
3242 5271 3363 5337 ﬁn.,
3395 5286 3448 5341 p.
3475 5272 3581 5326 230
3612 5280 3677 5327 et
3724 5270 3864 5331 251

2231 5360 2385 5399 novae
2400 5344 2684 5408 editionis.

2302 5410 2413 5486 (51)
2462 5412 2570 5467 Τοῦ
2606 5411 2748 5486 θεζν.
2787 5409 3039 5486 llerodot.
3075 5410 3167 5466 lib.
3197 5429 3235 5486 ll
3263 5414 3519 5486 Pelasgos
3548 5412 3623 5486 ait
3653 5413 3881 5480 Θεοὺς

2230 5480 2654 5558 προσονομάσαι,
2674 5483 2753 5558 ότι
2775 5480 3164 5558 κόσμῳρέντες
3183 5484 3251 5558 τά
3275 5480 3451 5558 πάντα
3482 5485 3877 5558 πράγματα,

2229 5550 2322 5610 καὶ
2351 5550 2533 5618 πάσας
2564 5552 2736 5629 νομάς
2766 5550 3330 5629 εἶχονςΤΙιοορίιιιυε,
3357 5555 3386 5607 l.
3426 5571 3442 5609 ι
3472 5550 3545 5629 ad_
3572 5550 3835 5629 .41}:qu
3854 5589 3879 5598 -

2230 5645 2368 5694 cum,
2403 5628 2516 5710 non
2547 5624 2775 5710 abludit,
2814 5626 2943 5710 dum
2976 5623 3048 5678 ita
3077 5625 3250 5680 dictos
3284 5626 3380 5686 ait,
3411 5624 3561 5698 παρὰ
3596 5624 3660 5678 τὸ
3717 5623 3882 5683 θεῖ-

2229 5716 2315 5752 ναι
2348 5691 2523 5754 πάντά
2552 5691 2642 5748 ἐπὶ
2671 5691 2959 5765 ἀσφαλείᾳ.
