3948 6376
193 318 243 374 συ

1222 285 1550 343 ΡΒᾸΞΡΑΒ.
1587 282 1841 340 EVANG.
1879 280 2008 338 LIB.
2048 279 2090 338 Ι.

3289 275 3358 335 70

187 434 342 491 exitum
370 420 538 480 sortitze
572 413 874 468 videantur.
919 426 937 460 ι
971 408 1099 462 Haec
1133 405 1247 476 ipse
1286 418 1505 474 quoque
1547 400 1903 472 Porphyrius,
1934 413 2034 454 nec
2091 410 2192 452 suo
2228 394 2404 466 magis
2470 407 2637 465 quam
2662 390 3025 491 Theophrasti
3071 405 3168 447 ore
3219 405 3363 447 corn.

185 483 400 581 memorat.
428 512 560 565 Plato
621 504 856 573 denique
898 514 1202 557 sermonem
1235 497 1382 551 hunc
1448 494 1608 549 nobis
1650 491 1992 548 auctoritatis
2042 504 2155 546 suae
2191 489 2360 544 veluti
2402 486 2584 558 sigillo
2647 485 2958 543 concludat.
3001 483 3052 540 ls
3105 484 3251 538 enim
3309 500 3366 540 tn

185 576 344 682 ίναιςισ
374 618 478 660 ante
500 615 557 653 ea
582 612 704 667 qum
733 596 798 650 de
831 593 1036 648 Graecis
1079 590 1212 661 ipsis
1257 588 1526 658 disputat,
1569 585 1651 640 sic
1688 584 1753 682 ad
1789 584 2013 637 verbum
2077 580 2322 682 loquitur
2357 597 2370 635 ε
2413 597 2432 631 ι
2472 577 2849 682 Mihi‘qui‘dem
2889 576 2965 631 illi
3004 576 3254 682 hpm'ines
3286 579 3368 634 νὶ-

184 671 339 765 dentur,
361 694 440 766 qui
470 689 725 746 Graeciam
765 686 927 757 primi
953 689 1281 748 tenuerunt,
1329 694 1423 735 eos
1465 686 1675 733 tantum
1716 677 1849 731 deos
1907 674 2215 738 censuisse,
2247 687 2386 743 quos
2446 687 2594 727 nunc
2620 671 2977 726 barbarorum
3006 671 3249 741 plerique
3269 686 3367 727 co-

187 801 289 859 lunt,
311 790 451 846 solem
484 783 769 846 nimirum,
803 781 988 835 lunam
1015 820 1030 847 ,
1058 786 1257 833 terram
1278 814 1295 841 ,
1365 784 1550 838 astra,
1598 773 1795 828 coelum
1824 790 1837 825 :
1870 784 1995 840 quae
2050 784 2177 826 cum
2222 768 2326 839 ipsi
2373 768 2619 823 viderent
2655 767 2838 823 omnia
2872 767 3170 823 continenti
3201 782 3369 827 cursu

184 888 296 950 ferri,
320 879 479 937 eadem
510 876 574 929 ab
601 876 694 930 illa
716 918 729 940 ,
758 873 852 928 τοῦ
883 872 1018 936 θεῖν,
1051 874 1159 927 hoc
1188 884 1271 926 est
1295 884 1493 927 cursus
1521 865 1794 938 ejusmodi
1828 874 2042 933 natura,
2074 867 2234 929 θεούς
2274 866 2405 918 deos
2432 862 2787 917 nominarint.
2830 880 2850 913 ι

225 980 281 1033 Ac
301 975 475 1045 primos
500 971 619 1025 illos
652 968 872 1040 quidem
907 976 961 1022 et
992 965 1393 1022 vetustissimos
1429 963 1679 1019 homines
1713 970 1756 1023 Α

177 1070 269 1127 nihil
290 1068 354 1121 vel
378 1067 425 1119 in
455 1062 665 1132 templis
692 1060 1059 1125 exstrucndis,
1084 1059 1169 1114 vel
1202 1060 1257 1113 in
1286 1058 1560 1130 erigendis
1601 1057 1676 1111 si-

176 1157 368 1216 mulacris
395 1167 559 1223 Opera:
605 1165 672 1205 ac
706 1149 873 1205 studii
928 1148 1199 1217 posuisse,
1258 1161 1383 1201 cum
1443 1143 1674 1199 necdum

175 1256 254 1307 ista
275 1244 511 1319 pingendi,
546 1241 809 1313 ﬁngendi,
856 1240 1105 1306 caelandi,
1149 1248 1360 1294 statuas
1382 1235 1671 1300 eﬁiciendi,

174 1361 217 1399 ac
233 1357 284 1397 ne
312 1340 479 1394 domos
527 1335 751 1406 quidem
801 1342 1052 1404 tectaque
1082 1331 1387 1387 aedificandi
1426 1340 1570 1385 artes
1594 1328 1675 1382 in-

171 1446 295 1491 ventae
310 1448 363 1487 ac
384 1429 684 1486 constitutae
700 1436 903 1491 essent,
933 1425 1129 1491 cuivis,
1154 1424 1368 1494 opinor,
1391 1438 1505 1478 rem
1531 1421 1673 1492 apud

170 1522 447 1595 ureputanti
474 1520 630 1575 facile
674 1519 967 1575 constabit.
1004 1517 1158 1584 Quod
1210 1525 1393 1570 autem
1454 1530 1555 1569 nec
1591 1514 1673 1583 ip-

166 1630 321 1677 sorum,
347 1611 430 1682 qui
453 1611 524 1665 dii
548 1619 739 1681 postea
781 1608 863 1662 vel
888 1609 1081 1662 heroes
1109 1606 1361 1676 appellati
1390 1614 1539 1669 sunt,
1565 1605 1673 1659 ulla

165 1707 265 1777 apud
278 1704 468 1760 eosdem
500 1702 709 1757 mentio
735 1700 919 1765 fuerit;
939 1699 1194 1769 quodque
1216 1714 1316 1753 nec
1340 1697 1552 1762 Jovem,
1580 1706 1676 1750 aut

165 1799 415 1855 Saturnum,
446 1805 538 1846 aut
570 1790 909 1861 Neptunum,
949 1786 1067 1845 aut'
1101 1790 1427 1859 Apollinem,
1458 1798 1552 1843 aut
1576 1787 1674 1843 Ju-

162 1904 327 1952 mnem,
349 1894 435 1940 aut
462 1884 765 1949 Palladem,
799 1894 889 1939 aut
915 1883 1212 1945 Bacchum,
1244 1891 1337 1936 aut
1364 1881 1676 1935 aliumom-

162 1986 253 2039 nino
288 1980 452 2045 deum,
485 1993 580 2032 seu
614 1993 736 2032 mas
772 1976 930 2041 foret,
956 1991 1050 2030 seu
1081 1974 1305 2041 femina,
1335 1974 1523 2044 quales
1554 1972 1676 2026 inli-

158 2078 227 2131 niti
250 2084 408 2145 postea
446 2086 568 2127 cum
604 2070 754 2141 apud
788 2069 1074 2131 barbaros,
1113 2078 1229 2122 tum
1273 2067 1417 2137 apud
1453 2066 1674 2121 Graecos

158 2168 310 2237 passim
328 2164 669 2227 exstiterunt,
702 2170 1058 2233 agnoscerent
1100 2178 1113 2214 :
1148 2161 1279 2224 imo,
1317 2160 1462 2230 quod
1491 2159 1674 2213 nullus

157 2270 239 2313 tum
260 2259 379 2312 inter
426 2255 680 2311 homines
708 2270 804 2311 seu
833 2253 1013 2309 bonus
1085 2267 1176 2307 seu
1234 2252 1413 2306 malus
1460 2251 1671 2306 dremon

156 2351 475 2415 celebraretur,
498 2348 593 2403 sed
620 2347 937 2401 illatantum
960 2359 1082 2415 qua:
1106 2344 1160 2398 in
1188 2343 1326 2401 cmlo
1343 2351 1680 2414 apparebant
1712 2339 1753 2394 Β

153 2453 279 2505 astra,
305 2440 441 2511 παρά
463 2440 525 2492 τὸ
556 2438 726 2503 θέειν,
748 2438 797 2491 id
820 2446 905 2491 est
930 2452 958 2490 a
983 2436 1272 2503 turrcndo,
1296 2434 1453 2500 θεῶν,
1470 2434 1573 2489 hoc
1598 2442 1683 2489 est

152 2534 443 2604 30deorum
472 2546 702 2597 nomen,
750 2538 808 2585 ut
850 2528 1070 2599 ipsimet
1109 2528 1284 2589 aiunt,
1317 2527 1627 2583 obtinerent
1665 2545 1678 2580 :

151 2624 350 2693 denique,
378 2623 519 2693 quod
545 2638 617 2677 ne
645 2622 735 2676 illa
765 2621 985 2691 quidem
1010 2619 1371 2674 animantium
1425 2618 1679 2673 immola-

152 2717 357 2780 tionihus,
394 2725 485 2770 aut
509 2715 605 2778 iis,
638 2715 732 2785 qui
759 2721 943 2783 postea
976 2722 1105 2767 sunt
1132 2710 1446 2781 echgitati,
1492 2724 1683 2779 super-

151 2807 328 2863 stitiosis
378 2807 682 2862 honoribus
727 2805 1064 2871 colerentur;
1109 2818 1218 2857 non
1270 2802 1384 2873 jam
1434 2802 1684 2857 oratione

153 2908 311 2964 nostra,
343 2898 432 2953 sed
465 2897 774 2952 domestico
840 2895 1124 2967 gentilium
1164 2894 1408 2963 ipsorum
1442 2893 1685 2949 testimo-

150 2992 232 3049 nio.
258 2990 385 3060 quod
416 2999 626 3045 certam
675 3005 742 3043 ex
771 2988 990 3044 disertis
1016 3002 1209 3042 eorum
1230 2986 1432 3051 verbis,
1453 3000 1685 3055 quzeque

148 3083 378 3137 citavimus
401 3090 586 3148 antea,
612 3096 842 3151 «tuaeque
868 3080 985 3136 suis
1016 3088 1209 3149 postea
1249 3077 1385 3133 locis
1424 3077 1684 3148 subjicie-

149 3191 259 3240 mus,
298 3174 674 3244 probationem
727 3171 1061 3242 suppeditat,
1128 3170 1289 3240 plane
1329 3170 1673 3225 conficimus.

147 3266 412 3335 Quanquam
428 3265 632 3319 divinae
654 3264 818 3319 etiam
845 3262 1167 3317 Christiana:
1186 3259 1465 3330 religionis
1494 3259 1686 3313 litterae

148 3355 221 3409 hoc
246 3355 401 3425 ipsum
426 3356 651 3417 docent,
684 3353 884 3424 quibus
915 3352 1249 3417 continetur,
1281 3349 1535 3421 gentibus
1559 3350 1685 3420 qui-

145 3448 235 3501 dem
251 3447 505 3502 universis
532 3462 751 3510 eorum,
769 3460 891 3515 quze
916 3444 1020 3499 sub
1042 3450 1322 3513 aspectum
1357 3441 1580 3507 cadunt,
1610 3441 1686 3496 si-

145 3538 294 3592 derum
317 3540 640 3594 attributum
699 3537 857 3592 initio
889 3536 1097 3592 cultum
1134 3533 1323 3600 fuisse,
1379 3532 1475 3587 uni
1502 3542 1681 3587 autem

146 3627 323 3685 Hebraeo
348 3632 554 3701 populo
598 3629 930 3699 singularem
972 3628 1265 3697 quamdam
1312 3635 1368 3682 et
1424 3627 1683 3681 eximiam

145 3736 237 3775 nun
262 3722 416 3791 hujus
447 3722 696 3776 universi
723 3720 993 3775 eﬂ‘ectoris
1015 3734 1080 3774 ac
1108 3718 1377 3774 molitoris
1410 3718 1526 3783 Dei,
1568 3727 1682 3772 tum

142 3813 263 3865 etiam
286 3828 421 3867 verae
443 3812 713 3867 adversus
735 3826 859 3866 eum
886 3810 1104 3880 pietatis
1132 3809 1377 3865 notitiam
1412 3810 1683 3880 praecipuo

144 3919 323 3959 Iunere
354 3904 734 3973 beneficioque
771 3917 1110 3957 concessam.
1139 3900 1319 3967 Quare
1346 3901 1491 3956 nulla
1524 3902 1683 3972 plane

144 3998 247 4063 apud
284 3997 700 4067 antiquissimos
747 3995 993 4049 homines
1044 3994 1157 4049 sive
1191 3993 1526 4058 Graecorum,
1570 3994 1685 4050 sive

146 4088 455 4144 barbarorum
489 4088 793 4159 theogonite
810 4087 1034 4151 mentio,
1054 4086 1238 4141 nullus
1268 4087 1680 4141 statuendorunl

144 4182 524 4236 simulacrorum
548 4196 700 4245 usus,
722 4179 891 4243 nulla,
909 4194 1032 4248 qua:
1058 4179 1227 4233 multa
1250 4193 1393 4232 nunc
1405 4179 1557 4232 estin
1580 4178 1681 4233 ista

144 4272 319 4325 deorum
336 4274 540 4342 partim
557 4271 1011 4341 marinm,partim
1031 4269 1354 4324 feminarum
1373 4270 1685 4339 appellatio-

144 4379 205 4429 ne,
220 4380 475 4435 nugarum
502 4366 734 4419 vanitas.
760 4361 869 4419 Nec
898 4364 1042 4417 enim
1075 4363 1220 4417 illius
1248 4362 1422 4417 tetatis
1447 4362 1684 4417 homini-

143 4454 216 4509 bus
226 4468 336 4511 uota
352 4465 538 4521 erant,
556 4471 676 4525 quae
700 4465 884 4525 postea
898 4470 963 4509 ex
981 4454 1289 4509 mortalium
1312 4453 1553 4524 ipsorum
1568 4462 1685 4507 tur-

141 4544 186 4597 ba
206 4547 349 4614 petita
362 4548 714 4615 confictaque
734 4544 984 4611 nomina;
1008 4545 1118 4599 imo
1141 4559 1208 4598 ne
1229 4544 1537 4599 daemonum
1570 4543 1685 4613 qui-

141 4636 230 4690 dem
248 4640 607 4708 Spiritnumve
627 4654 821 4693 sensus
836 4636 1157 4707 fugientium
1172 4638 1563 4701 invocationes,
1585 4652 1685 4692 nec

138 4728 343 4785 absurdae
376 4732 687 4802 ineptaeque
715 4730 783 4785 de
811 4730 916 4785 diis
944 4740 999 4785 et
1031 4729 1289 4784 heroibus
1328 4729 1545 4791 fabulae,
1585 4744 1683 4783 nec

140 4833 423 4876 arcanarum
468 4832 529 4878 et
585 4821 935 4876 infandarum
980 4820 1344 4875 initiationum
1401 4820 1681 4893 mysteria,

138 4926 212 4967 nec
244 4915 406 4969 ullum
458 4914 685 4970 omnino
735 4912 1054 4983 multiplicis
1096 4926 1161 4967 ac
1201 4911 1413 4967 stolida:
1467 4927 1679 4977 eorum,

140 5005 207 5071 qui
257 5007 429 5062 secuti
500 5017 659 5081 sunt,
714 5005 1002 5061 hominum
1050 5002 1453 5074 superstitionis
1517 5004 1685 5057 vesti-

140 5092 253 5160 ginta
285 5097 632 5153 cernebatur.
676 5095 817 5151 Sunt
849 5097 967 5151 haec
1002 5095 1266 5150 nimirum
1313 5095 1383 5149 ab
1434 5094 1675 5150 homini-

142 5184 218 5240 bus
244 5191 553 5259 echgitata
605 5199 940 5255 commenta,
998 5196 1127 5243 sunt
1178 5187 1427 5241 mortalis
1476 5196 1686 5241 naturae

141 5279 367 5344 actiones,
395 5281 485 5336 vel
520 5281 696 5351 potius
723 5282 898 5350 turpis
937 5294 1002 5335 ac
1028 5279 1247 5349 ﬂagitiis
1279 5278 1515 5340 .nerditm
1562 5280 1688 5333 vitat

1867 959 2008 1013 Ἀλλ’
2038 959 2121 1015 ὅτι
2155 958 2252 1029 μὲν
2278 959 2326 1011 οἰ
2364 957 2570 1028 πρῶτοι
2603 959 2699 1011 καὶ
2727 956 3078 1011 παλαιότατοι
3113 958 3223 1012 τῶν
3268 957 3368 1012 ἀν-

1783 1052 2040 1127 θρώπων,
2074 1050 2197 1105 οὔτε
2226 1049 2368 1106 ναῶν
2398 1050 2730 1121 οἰκοδομίαις
2752 1052 3058 1121 προσεῖχον,
3088 1048 3211 1104 οὔτε
3247 1048 3370 1116 ξοά-

1784 1164 1888 1201 νων
1918 1144 2309 1217 ἀφιδρύμασιν,
2342 1142 2495 1198 οὔπω
2519 1143 2639 1197 τότε
2663 1143 2963 1215 γραφικῆς,
2997 1143 3116 1196 οὐδὲ
3149 1143 3369 1198 πλαστι-

1783 1240 1914 1312 κῆς,
1967 1240 2000 1310 ἢ
2056 1237 2389 1308 γλυπτικῆς,
2448 1235 2481 1307 ἢ
2539 1235 3109 1308 ἀνδριαντοποιητικῆς
3173 1236 3369 1307 τέχνης

1783 1336 2184 1409 ὲφευρημένης,
2222 1334 2344 1387 οὐδὲ
2371 1334 2476 1405 μὴν
2504 1332 2867 1403 οἰκοδομικῆς,
2901 1332 3021 1386 οὐδὲ
3053 1334 3373 1404 ἀρχιτεκτο-

1781 1432 1939 1503 νικῆς
1961 1425 2325 1497 συνεστώσης,
2356 1425 2518 1479 παντί
2549 1443 2626 1496 τῳ
2648 1420 2801 1495 οῐμαι
2826 1424 3254 1495 συλλογιζομένῳ
3276 1426 3373 1496 δῆ-

1781 1521 1871 1575 λον
1906 1517 2067 1574 εἶναι.
2101 1520 2221 1572 Ὅτι
2254 1518 2310 1571 δὲ
2352 1517 2472 1571 οὐδὲ
2503 1516 2610 1570 τῶν
2661 1516 2796 1588 μετά
2828 1517 3001 1571 ταῦτα
3046 1534 3371 1589 κατωνομα-

1785 1614 1995 1684 σμένων
2027 1610 2164 1666 θεῶν
2191 1628 2252 1664 τε
2281 1610 2376 1663 καὶ
2400 1608 2593 1681 ἡρώων
2623 1612 2807 1681 μνήμη
2840 1629 2924 1675 τις
2947 1614 3059 1675 τοῖς
3086 1612 3209 1664 τότε
3232 1628 3373 1683 παρ-

1780 1705 1866 1775 ῆν,
1888 1702 1997 1757 οὔτ’
2029 1700 2122 1756 οὖν
2148 1719 2231 1765 τις
2268 1696 2336 1773 ἦν
2359 1700 2543 1762 αὐτοῖς
2567 1700 2722 1767 Ζεὺς,
2760 1701 2818 1753 οὐ
2837 1701 3065 1773 Κρόνος,
3090 1703 3150 1755 οὐ
3181 1704 3374 1757 Ποσει-

1781 1797 1907 1860 δῶν,
1953 1784 2052 1850 οὐκ
2087 1795 2383 1858 Ἀπόλλων,
2430 1792 2526 1864 οὐχ
2560 1795 2729 1865 ’Ἡρα,
2757 1794 2859 1847 οὐκ
2904 1794 3121 1865 Ἀθηνᾶ,
3157 1797 3217 1849 οὐ
3255 1795 3375 1850 Διό-

1781 1906 1960 1953 νυσος,
1996 1888 2119 1941 οὐδέ
2140 1905 2223 1951 τις
2254 1888 2437 1958 ἕτερος
2469 1886 2657 1959 θήλειά
2683 1905 2743 1941 τε
2771 1888 2865 1941 καὶ
2890 1887 3065 1960 ἄρρην
3096 1887 3240 1955 θεὸς,
3270 1883 3375 1945 οἷοι

1785 1980 1924 2052 μετά
1955 1979 2127 2033 ταῦτα
2164 1979 2345 2051 μυρίοι
2378 1979 2531 2051 παρά
2555 1996 2613 2031 τε
2644 1978 2939 2051 βαρϐάροις
2964 1980 3059 2032 καὶ
3088 1980 3369 2051 Ἕλλησιν,

1780 2073 1916 2127 ἀλλὰ
1948 2072 2069 2126 οὐδὲ
2115 2073 2325 2144 δαίμων
2364 2090 2448 2136 τις
2495 2072 2700 2141 ἀγαθὸς
2760 2071 2792 2142 ἢ
2830 2071 3030 2140 φαῦλος
3060 2072 3117 2124 ὲν
3162 2072 3373 2144 ἀνθρώ-

1782 2181 1903 2228 ποις
1928 2162 2290 2234 ἐθαυμάζετο,
2324 2163 2458 2233 μόνα
2481 2162 2538 2215 δὲ
2559 2162 2627 2215 τὰ
2655 2162 2953 2232 φαινόμενα
2982 2161 3087 2215 τῶν
3110 2162 3376 2233 οὐρανίων

1781 2256 2017 2327 ἄστρων,
2052 2254 2202 2327 παρά
2233 2254 2294 2308 τὸ
2339 2255 2515 2321 θέειν,
2544 2256 2682 2327 ὅπερ
2722 2255 2839 2310 ἐστὶ
2873 2254 3110 2326 τρέχειν,
3150 2254 3288 2307 θεῶν
3314 2270 3375 2308 τε

1783 2349 2179 2422 προσηγορίας,
2229 2347 2304 2412 ὼς
2347 2346 2501 2402 αὐτοί
2546 2364 2729 2418 φασιν,
2778 2346 3064 2418 ἐτύγχανε,
3111 2346 3205 2401 καὶ
3253 2346 3376 2401 οὐδὲ

1782 2440 1957 2494 ταῦτα
1988 2444 2111 2504 ταῖς
2141 2439 2227 2493 διὰ
2272 2438 2428 2504 ζώων
2468 2438 2702 2503 θυσίαις,
2729 2438 2823 2491 καὶ
2854 2440 2977 2501 ταῖς
3026 2436 3163 2509 μετά
3200 2435 3377 2492 ταῦτα

1786 2529 2225 2603 περινοηθείσαις
2265 2530 2452 2601 τιμαῖς
2491 2528 2875 2601 ὲθρησκεύετο,
2922 2529 3020 2598 οὐχ
3049 2527 3317 2599 ἡμέτερος
3348 2529 3379 2582 ὁ

1782 2621 1960 2692 λόγος,
2002 2621 2211 2674 οἴκοθεν
2242 2620 2298 2674 δὲ
2343 2622 2437 2674 καὶ
2469 2620 2526 2687 ἐξ
2570 2620 2749 2674 αὐτῶν
2793 2620 3063 2691 Ἐλλήνων
3105 2621 3378 2692 ήμαρτυ-

1787 2712 1896 2785 ρία,
1945 2712 2032 2766 διὰ
2064 2712 2171 2764 τῶν
2204 2711 2641 2783 προτεθειμένων
2688 2710 2902 2780 φωνῶν,
2945 2710 3040 2764 καὶ
3082 2710 3190 2763 τῶν
3223 2705 3378 2775 αὖθις

1785 2803 1911 2874 ἑξῆς
1943 2803 2475 2875 παρατεθησομένων
2508 2802 2604 2875 τὴν
2638 2801 2912 2868 ἀπόδειξιν
2958 2803 3373 2874 παρασχομένη.

1785 2896 1955 2949 Τοῦτο
1999 2895 2055 2948 δὲ
2096 2895 2190 2948 καὶ
2230 2896 2280 2947 οἱ
2318 2895 2453 2966 ἱεροί
2489 2893 2611 2947 καθ’
2652 2895 2801 2965 ἡμᾶς
2843 2893 3154 2947 διδάσκουσι
3199 2892 3372 2961 λόγοι,

1785 2990 1920 3041 πᾶσι
1962 2986 2062 3059 μὲν
2093 2990 2207 3051 τοῖς
2247 2986 2422 3040 ἔθνεσι
2460 2986 2521 3039 τὸ
2551 2985 2836 3056 καταρχὰς
2877 2984 2977 3057 τὴν
3005 2983 3114 3037 τῶν
3161 2983 3374 3057 ὁρωμέ-

1786 3099 1899 3137 νων
1955 3081 2260 3152 φωστήρων
2306 3078 2471 3150 τιμὴν
2521 3077 2957 3149 ἀπονενεμῆσθαι
3006 3076 3375 3147 περιέχοντες,

1788 3173 1936 3244 μόνῳ
1974 3171 2032 3225 δὲ
2065 3170 2142 3241 τῷ
2196 3170 2464 3243 Ἐϐραίων
2510 3168 2657 3238 γένει
2697 3168 2798 3239 τὴν
2844 3166 3136 3220 ἐποπτείαν
3182 3168 3377 3220 ἀνατε-

1786 3264 1995 3318 θεῖσθαι
2035 3264 2136 3333 τῆς
2167 3261 2400 3335 θεωρίας
2429 3260 2524 3314 τοῦ
2567 3260 2675 3315 τῶν
2708 3260 2845 3314 ὅλων
2879 3258 3106 3329 ποιητοῦ
3153 3260 3247 3313 καὶ
3278 3259 3378 3332 δη-

1790 3356 2051 3430 μιουργοῦ
2086 3356 2240 3421 Θεοῦ,
2270 3356 2366 3409 καὶ
2392 3356 2491 3427 τῆς
2518 3356 2598 3417 εἰς
2625 3353 2786 3409 αὐτὸν
2812 3352 3048 3424 ἀληθοῦς
3069 3352 3377 3417 εὐσεϐείας.

1787 3449 1902 3502 Οὐκ
1933 3448 2042 3520 ἄρα
2063 3464 2147 3510 τις
2178 3442 2247 3517 ῆν
2280 3445 2560 3515 θεογονίας
2596 3444 2934 3516 Ἑλληνικῆς,
2960 3445 2993 3515 ἢ
3037 3443 3379 3518 βαρϐαρικῆς

1786 3544 1900 3605 τοῖς
1933 3540 2288 3604 παλαιτάτοις
2314 3539 2423 3592 τῶν
2465 3537 2768 3611 ἀνθρώπων
2798 3539 2976 3607 λόγος,
3020 3539 3139 3592 οὐδὲ
3171 3539 3378 3605 ξοάνων

1789 3632 2017 3705 ἵδρυσις,
2053 3631 2162 3685 οὐδ’
2192 3633 2226 3704 ή
2257 3630 2352 3684 νῦν
2385 3629 2553 3701 πολλὴ
2580 3629 2818 3701 φλυαρία
2840 3631 2937 3702 τῆς
2967 3629 3076 3684 τῶν
3107 3630 3246 3685 θεῶν
3278 3632 3379 3704 ἀρ-

1792 3725 1963 3798 ρένων
1992 3742 2051 3778 τε
2084 3724 2178 3778 καί
2212 3722 2441 3795 θηλειῶν
2472 3723 2894 3793 κατονομασίας.
2930 3724 2994 3776 Δί
3038 3721 3169 3791 γοῦν
3209 3740 3379 3794 προσ-

1787 3818 2010 3889 ηγορίαι
2044 3817 2138 3871 καὶ
2165 3816 2233 3870 τὰ
2257 3815 2516 3886 ὀνόματα,
2553 3814 2613 3880 ἐξ
2637 3812 2939 3887 ἀνθρώπων
2962 3813 3189 3886 ὕστερον
3218 3816 3380 3885 ἐφευ-

1790 3910 2025 3983 ρημένα,
2066 3908 2219 3963 οῠπω
2260 3909 2384 3962 τότε
2426 3910 2485 3962 ὲν
2530 3905 2839 3978 ἀνθρώποις
2873 3905 3228 3977 ὲγνωρίζετο·
3261 3904 3376 3960 ἀλλ’

1791 4002 1913 4055 οὐδὲ
1947 4001 2219 4073 δαιμόνων
2251 4001 2347 4054 καί
2396 3999 2719 4071 πνευμάτων
2744 3992 2990 4067 ¹ἀφανῶν
3025 3997 3374 4070 ἀνακλήσεις,

1787 4094 1887 4146 οὑκ
1917 4094 2135 4147 ἕκτοποι
2178 4094 2307 4162 περὶ
2353 4092 2491 4146 θεῶν
2520 4092 2616 4145 καί
2650 4089 2845 4163 ἡρώων
2890 4088 3227 4161 μυθολογίαι,
3276 4091 3378 4144 οὐκ

1789 4188 2118 4257 ἀπορρήτων
2149 4184 2383 4239 τελετῶν
2414 4185 2689 4256 μυστήρια
2707 4200 2721 4212 ο
2750 4182 2859 4235 οὐδ’
2883 4181 3019 4245 ὅλως
3043 4199 3095 4235 τι
3125 4166 3233 4252 τῆς
3253 4180 3380 4234 πολ-

1789 4280 1887 4349 λῆς
1919 4277 2013 4331 καὶ
2054 4276 2341 4347 ἀδολέσχου
2376 4274 2482 4328 τῶν
2528 4275 2824 4346 μετέπειτα
2869 4272 3078 4340 ἀνδρῶν
3123 4272 3379 4327 δεισιδαι-

1794 4370 2005 4441 μονίας.
2062 4366 2391 4440 Ἀνθρώπων
2434 4368 2540 4438 ἄρα
2589 4362 2657 4437 ῆν
2700 4365 2874 4420 ταῦτα
2926 4366 3234 4437 εὑρήματα,
3283 4366 3377 4419 καὶ

1790 4458 1990 4529 θνητῆς
2015 4456 2228 4526 φύσεως
2256 4456 2657 4527 ἀναπλάσματα
2680 4471 2694 4485 ⁸
2732 4454 2930 4525 μᾶλλον
2968 4454 3025 4508 δὲ
3050 4455 3266 4526 τρόπων
3289 4456 3377 4509 αἰ-

1791 4544 1969 4615 σχρῶν
2012 4546 2105 4598 καὶ⁴
2145 4544 2459 4599 ἀκολάστων
2498 4546 2927 4616 ἐπιτεχνήματα,
2975 4546 3117 4599 κατὰ
3151 4545 3211 4598 τὸ
3244 4546 3375 4619 παρ’

1788 4639 1918 4709 ήμῖν
1945 4637 2082 4691 θεῖον
2105 4638 2306 4707 λόγιον,
2339 4638 2402 4691 τὸ
2432 4637 2670 4707 φάσκονο
2711 4657 2728 4689 ι
2774 4637 2940 4710 Ἀρχὴ
2965 4637 3243 4709 πορνείας,
3266 4636 3377 4691 ὲπί-

1789 4747 1906 4783 νοια
1934 4729 2184 4785 εἰδώλων.
2234 4746 2252 4783 ι
2299 4730 2364 4783 Ἥ
2391 4730 2521 4799 γοῦν
2553 4729 2663 4783 τῶν
2709 4729 2879 4783 ἐθνῶν
2919 4730 3172 4784 ἁπάντων
3214 4728 3377 4782 πολύυ

1790 4821 1910 4886 θεος
1946 4823 2121 4895 πλάνη
2156 4826 2386 4895 μακροῖς
2413 4822 2640 4895 ὕστερον
2670 4823 2831 4877 αἰῶσι
2870 4823 3160 4892 πέφανται,
3202 4820 3371 4893 ἀρξα-

1794 4914 1928 4986 μένη
1967 4916 2067 4985 μὲν
2096 4916 2207 4970 ἀπὸ
2246 4915 2508 4969 Φοινίκων
2545 4915 2639 4973 καὶ
2676 4914 3009 4984 Αἰγυπτίων,
3050 4912 3285 4967 διαϐᾶσα
3314 4913 3373 4967 δὲ

1715 5051 1761 5107 D
1789 5008 1855 5061 ὲκ
1884 5006 2089 5061 τούτων
2118 5007 2212 5061 ἐπὶ
2231 5008 2301 5061 τὰ
2328 5007 2490 5063 λοιπὰ
2516 5007 2667 5078 ἔθνη,
2691 5008 2786 5061 καὶ
2818 5006 3009 5078 μέχρις
3038 5003 3219 5058 αὐτῶν
3255 5004 3375 5058 Ἐλ-

1790 5098 1987 5167 λήνων.
2024 5100 2111 5163 Ὠς
2140 5099 2234 5153 καί⁵
2261 5100 2419 5154 τοῦτο
2447 5101 2628 5164 πάλιν,
2658 5100 2692 5170 ἡ
2723 5098 2829 5152 τῶν
2854 5096 3200 5151 παλαιτάτων
3227 5098 3372 5149 ἱστο-

1798 5190 1888 5260 ρία
1922 5190 2162 5261 κατέχει,
2195 5193 2261 5262 ἢν
2287 5194 2381 5247 καὶ
2410 5193 2580 5265 αὐτὴν
2612 5189 3010 5261 ἐπισκέψασθαι
3038 5188 3246 5262 καιρὸς,
3267 5184 3374 5244 ἀπὸ

1792 5282 1903 5336 τῶν
1934 5284 2253 5338 Φοινικικῶν
2279 5286 2640 5360 ἀρξαμένους.

142 5378 282 5434 artes,
317 5371 373 5426 id
404 5372 558 5442 quod
580 5373 727 5428 illius
755 5381 920 5427 etiam
958 5371 1130 5426 divini
1182 5371 1389 5425 oraculi
1437 5370 1542 5425 fide
1625 5384 2014 5443 compronatur
2055 5395 2069 5431 :
2119 5395 2138 5429 ι
2203 5378 2421 5435 Initium
2479 5379 2879 5442 fornicationis,
2920 5377 3214 5450 exquisitio
3264 5372 3366 5428 do-

144 5463 286 5521 lorum
323 5470 389 5522 ¹³.
450 5488 471 5520 ι
509 5469 721 5526 Maneat
758 5471 922 5542 igitur
961 5480 1104 5529 nunc
1142 5468 1389 5524 omnium
1435 5468 1674 5540 gentium
1714 5470 1783 5524 de
1819 5473 2165 5532 multitudine
2216 5475 2438 5533 deorum
2475 5492 2710 5532 errorem
2736 5473 2951 5532 nonnisi
3005 5483 3127 5545 post
3154 5474 3368 5543 longam

145 5570 328 5616 tutum
344 5564 547 5618 seriem
574 5564 866 5633 exstitisse,
894 5564 990 5636 qui
1016 5578 1142 5620 cum
1175 5578 1207 5619 a
1234 5561 1590 5621 Phoenicibus
1652 5572 1707 5621 et
1737 5563 2009 5639 Egyptiis
2082 5568 2298 5627 initium
2331 5570 2633 5640 habuisset,
2663 5570 2730 5626 ab
2762 5568 2828 5626 iis
2862 5569 2917 5625 in
2953 5568 3187 5639 reliquas
3219 5571 3367 5637 post-

198 5730 237 5762 ”
268 5730 395 5803 Sap.
430 5748 542 5801 xw,
579 5732 665 5788 12.
