3940 6380
534 266 593 318 τι
1197 263 1472 320 EUSEBII
1521 260 2001 320 CASSARIENSIS
2038 261 2187 317 OPP.
2230 260 2409 316 PARS
2440 260 2503 317 11.
2527 293 2597 303 -—
2634 263 3136 321 APOLOCETICA.
3693 269 3760 327 72

531 378 752 431 modum
787 375 1035 432 nationes
1064 377 1131 432 ad
1163 376 1311 448 ipsos
1348 394 1521 448 usque
1553 376 1770 433 Graecos
1828 392 1887 432 se
1924 376 2254 448 propagarit.
2324 375 2500 446 Atque
2541 376 2593 430 id
2640 376 2814 445 ipsum
2863 388 3121 447 przeterea
3174 381 3551 438 vetustissima)
3603 380 3763 439 histo-

529 488 627 526 ria:
717 483 1070 529 monumenta
1146 475 1446 541 declarant,
1523 489 1688 543 quam
1746 475 1932 543 utique
1981 488 2093 542 tam
2144 481 2356 543 tempus
2409 479 2493 526 est
2552 471 2715 526 ducto
2772 472 2841 528 ab
2899 472 3193 531 thniciis
3283 476 3459 545 initio,
3556 477 3769 548 propius

531 567 757 623 intueri.

608 752 717 808 lles
753 761 931 807 autem
975 752 1106 807 istas
1159 749 1570 805 Sanchuniatho
1624 751 1846 820 quidam
1904 765 2109 804 memo-
2138 756 2184 812 Α

531 848 628 899 rire
692 845 965 915 prodidit,
1020 844 1102 897 vir
1164 842 1595 910 antiquissimus,
1654 858 1926 912 quemque
1981 853 2105 897 ante

535 937 769 1005 Troiana
818 944 1061 1004 tempora
1122 932 1396 997 ﬂoruisse,
1441 948 1762 1003 summaque
1814 949 1938 988 cum
1984 935 2106 987 dili-

534 1030 747 1100 gentiae,
795 1037 907 1081 tum
958 1025 1203 1079 veritatis
1247 1026 1405 1080 laude
1454 1024 1775 1079 thnicum
1823 1026 2104 1080 historiam

535 1120 820 1188 scripsisse
843 1127 1129 1171 testantur.
1170 1115 1343 1185 Hujus
1370 1131 1534 1185 opera
1562 1116 1745 1169 omnia
1772 1114 1947 1180 Philo,
1995 1132 2104 1171 non

534 1208 793 1263 Hebraeus
839 1207 925 1262 ille
948 1249 962 1272 ,
1010 1206 1104 1261 sed
1142 1204 1363 1277 Byblius
1394 1221 1461 1259 ex
1499 1204 1817 1261 thnicum
1853 1207 2107 1263 idiomate

534 1302 776 1357 Graecam
799 1300 852 1353 in
911 1299 1150 1369 linguam
1202 1313 1467 1352 conversa
1524 1298 1784 1369 vulgavit.
1850 1297 2105 1368 Ejusdem

532 1408 751 1464 quoque
799 1392 901 1463 31
938 1390 1203 1456 meminit,
1243 1391 1289 1444 is
1324 1390 1416 1458 qui
1449 1399 1636 1445 nostra
1670 1392 1933 1446 memoria
1969 1384 2119 1462 opus.

534 1484 663 1537 illud
694 1484 979 1538 adversum
1025 1497 1126 1536 nos
1153 1481 1449 1536 mendaciis
1478 1480 1873 1551 fraudibusque
1897 1492 2105 1537 textum

532 1574 950 1640 consarcinavit,
981 1574 1108 1629 dum
1149 1573 1285 1626 libro
1309 1582 1501 1642 quarto
1525 1573 1703 1643 ipsum
1745 1574 1910 1644 hujus
1954 1570 2127 1629 testi-'

532 1666 700 1719 monii
720 1664 803 1718 sui
828 1663 1207 1733 prazdicatione
1232 1662 1594 1718 commendat.
1620 1680 1637 1713 ι
1660 1662 1881 1725 Rerum,
1912 1663 2103 1732 inquit,

533 1755 601 1811 ad
626 1754 838 1810 Judaeos
866 1755 1247 1825 pertinentium
1275 1754 1557 1808 historiam
1581 1752 1991 1809 Sanchuniatho
2013 1754 2108 1809 Be-

533 1850 708 1922 rytius
746 1863 959 1903 summa
1002 1848 1104 1902 (ide
1150 1848 1509 1915 conscripsit;
1563 1847 1761 1917 quippe
1808 1863 1929 1917 qua:
1979 1863 2104 1901 cum

534 1957 723 1995 eorum
775 1941 907 1993 locis
939 1948 1099 2009 atque
1133 1939 1446 1993 nominibus
1496 1940 1737 2007 apprime
1782 1939 2103 2002 consentiat,

535 2050 658 2089 cum
686 2034 955 2102 prmeipua
986 2047 1166 2085 rerum
1196 2032 1409 2084 illarum
1447 2032 1623 2101 capita
1656 2032 1723 2085 ab
1760 2029 2105 2084 Hierombalo

2292 767 2517 837 Ἱστορεῖ
2564 764 2622 818 δὲ
2675 763 2847 817 ταῦτα
2884 763 3314 835 Σαγχουνιάθων,
3378 764 3516 836 ἀνὴρ
3579 765 3764 819 παλαί-

2206 878 2384 925 τατος,
2434 860 2528 913 καὶ
2575 858 2681 912 τῶν
2732 857 2993 929 Τρωῖκῶν
3042 858 3266 929 χρόνων,
3324 857 3398 921 ὦς
3449 876 3602 927 φασι,
3645 876 3767 931 πρε-

2208 951 2485 1021 σϐύτερος,
2523 950 2580 1003 ὂν
2612 950 2703 1003 καὶ
2733 950 2818 1002 ἐπ’
2849 947 3103 1021 ἀκριϐείᾳ
3136 951 3229 1003 καὶ
3260 949 3486 1021 ἀληθεία
3511 951 3609 1020 τῆς
3654 951 3769 1003 Φοι-

2206 1042 2421 1111 νικικῆς
2477 1042 2718 1113 ἱστορίας
2770 1040 3129 1109 ἀποδεχθῑψαι
3194 1040 3550 1111 μαρτυροῦσι.
3606 1041 3770 1094 Φίλων

2206 1134 2262 1186 δὲ
2305 1132 2493 1185 τούτου
2549 1134 2729 1185 πᾶσαν
2768 1132 2866 1202 τὴν
2914 1130 3254 1202 συγγραφὴν,
3304 1132 3332 1183 ὁ
3376 1132 3626 1195 Βύϐλιος,
3678 1132 3772 1202 οὑχ

2205 1226 2240 1293 ὁ,
2275 1226 2543 1297 Ἐϐραῖος,
2608 1224 2920 1296 μεταὸαλὼν
2975 1224 3084 1276 ἀπὸ
3141 1225 3239 1293 τῆς
3293 1225 3550 1277 Φοινίκων
3606 1224 3773 1293 γλώσ-

2208 1336 2307 1390 σης
2370 1320 2461 1371 ἐπὶ
2514 1317 2609 1388 τὴν
2660 1316 2886 1370 Ἐλλάδα
2926 1315 3129 1385 φωνὴν,
3187 1314 3434 1379 ἐξέδωκε.
3491 1315 3769 1385 Μέμνηται

2203 1408 2407 1461 τούτων
2464 1410 2491 1461 ὁ
2529 1407 2651 1461 καθ’
2712 1409 2860 1477 ἡμᾶς
2914 1408 3012 1479 τὴν
3067 1407 3186 1461 καθ’
3227 1406 3379 1478 ἡμῶν
3418 1407 3773 1477 πεποιημένος

2208 1500 2497 1571 συσκευήν,
2524 1500 2581 1552 ὲν
2609 1499 2851 1569 τετάρτῳ
2869 1500 2967 1569 τῆς
2997 1498 3131 1570 πρὸς
3154 1500 3302 1568 ἡμᾶς
3330 1496 3654 1565 ὑποθέσεως,
3675 1492 3775 1551 ὧδε

2206 1590 2283 1663 τῷ
2303 1591 2454 1662 ἀνδρὶ⁹
2480 1590 2765 1662 μαρτυρῶν
2789 1590 2920 1660 πρὸς
2943 1589 3103 1655 λέξιν.
3149 1606 3167 1639 t
3203 1590 3426 1659 Ἱστορεῖ
3446 1589 3504 1642 δὲ
3562 1590 3628 1642 τὰ
3649 1591 3775 1655 περὶ

2219 1684 2484 1737 Ἰουδαίων
2522 1682 2879 1754 ἀληθέστατα,
2913 1684 2993 1735 ὅτι
3035 1682 3130 1736 καὶ
3165 1686 3276 1744 τοῖς
3317 1682 3499 1745 τόποις
3535 1682 3628 1735 καὶ
3664 1682 3774 1744 τοῖς

2206 1774 2459 1845 ὀνόμασιν
2500 1774 2678 1828 αὐτῶν
2726 1773 2794 1826 τὰ
2846 1774 3256 1844 συμφωνότατα,
3303 1772 3702 1841 Σαγχουνιάθων
3742 1774 3775 1826 ὁ

2206 1865 2488 1937 Βηρύτιος,
2515 1864 2749 1936 εἰληφὼς
2781 1865 2849 1918 τὰ
2869 1866 3234 1937 ὑπομνήματα
3254 1866 3402 1936 παρὰ
3438 1864 3775 1936 Ἰερομϐἀλου

2205 1957 2298 2010 τοῦ
2336 1957 2523 2028 ἱερέως
2548 1958 2679 2011 Θεοῦ
2709 1957 2803 2011 τοῦ
2838 1957 3004 2010 Ἱευώ.
3044 1961 3139 2021 Ὃς
3178 1957 3443 2027 Ἀϐιϐάλῳ
3466 1956 3543 2027 τῷ
3574 1956 3778 2025 βασιλεῖ

2207 2047 2486 2119 Βηρυτίων
2519 2048 2615 2119 τὴν
2657 2049 2892 2121 ἱστορίαν
2921 2048 3159 2112 ἀναθεὶς,
3190 2049 3280 2101 ὑπ’
3311 2049 3516 2103 ἐκείνου
3543 2050 3636 2102 καὶ
3669 2049 3777 2102 τῶν

536 2126 772 2197 quodam
815 2125 923 2179 levi
963 2124 1056 2178 Dei
1104 2124 1383 2179 sacerdote
1434 2124 1751 2193 accepisset.
1799 2122 1911 2178 Hoc
1962 2124 2104 2180 illius

2207 2117 2327 2191 κατ’
2360 2139 2521 2191 αὐτὸν
2550 2117 2866 2208 ἐξεταστῶν
2905 2140 3005 2210 τῆς
3038 2139 3312 2210 ἀληθείας,
3365 2139 3684 2210 παρεδέχθη.
3712 2142 3777 2194 υἱ

537 2232 675 2286 Opus
710 2216 942 2270 Abibalo
971 2215 1083 2285 regi
1114 2213 1454 2285 Berytiorum
1486 2214 1814 2279 dedicatum,
1847 2228 1954 2268 non
1985 2230 2103 2268 mo-

535 2310 606 2361 do
648 2322 762 2372 rex,
798 2306 890 2361 sed
925 2306 1086 2360 etiam
1124 2305 1161 2359 ii
1195 2320 1427 2375 quorum
1472 2306 1611 2375 apud
1656 2306 1831 2374 ipsum
1880 2316 1999 2360 erat
2042 2308 2105 2362 (le

536 2400 861 2468 scriptorum
906 2400 1131 2453 veritate
1179 2412 1524 2468 cognoscere,
1570 2414 1759 2453 omnes
1788 2401 2106 2468 comproba-

538 2498 683 2541 runt.
720 2488 899 2555 Atque
925 2488 1149 2541 istorum
1184 2487 1401 2556 quidem
1432 2496 1583 2553 tetas,
1622 2487 1874 2557 Trojanis
1901 2502 2106 2559 tempe-

538 2579 691 2632 t'tbus
713 2579 1009 2647 antiquior,
1042 2578 1287 2648 proxime
1316 2578 1381 2632 ad
1404 2577 1643 2651 Moysem
1676 2580 1853 2649 ipsum
1877 2584 2104 2650 accedit,

538 2680 595 2724 ut
624 2686 690 2725 ex
722 2669 1015 2725 Phteniciae
1040 2686 1225 2740 regum
1275 2672 1413 2726 serie
1450 2672 1630 2742 quivis
1668 2674 1882 2729 auferre
1910 2684 2103 2745 potest.

538 2760 634 2815 llic
657 2762 820 2828 igitur
857 2759 1289 2828 Sanchuniatho,
1315 2762 1410 2831 qui
1442 2760 1717 2818 thnicia
1746 2764 1928 2836 lingua
1961 2776 2107 2821 vete-

536 2868 651 2908 rem
688 2852 972 2907 historiam
998 2854 1195 2921 partim
1227 2868 1292 2907 ex
1320 2852 1656 2921 singularum
1702 2855 1914 2908 urbium
1948 2856 2105 2920 actis,

534 2959 732 3018 parum
778 2962 844 3002 ex
880 2947 1207 3017 templorum
1259 2947 1613 3003 monimentis
1666 2958 2105 3017 coagmentalam

539 3037 803 3107 singulari
842 3037 1088 3091 veritatis
1127 3037 1307 3091 studio
1339 3038 1675 3106 perscripsit,
1709 3037 2065 3093 Semiramide
2090 3079 2104 3101 .
2148 3034 2151 3037 ’

532 3146 698 3198 quam
725 3129 905 3185 iliacis
948 3129 1281 3198 temporibus
1312 3130 1395 3183 vel
1429 3129 1790 3198 antiquiorem
1816 3132 1899 3186 vel
1920 3148 2105 3203 requa-

532 3221 640 3275 lem
660 3220 829 3275 fuisse
857 3230 1177 3285 memorant,
1204 3220 1345 3289 apud
1372 3220 1623 3291 Assyrios
1644 3232 1922 3292 regnante,
1952 3227 2103 3281 vixit.

533 3314 787 3384 Ejusdem
813 3331 975 3384 porro
999 3313 1495 3368 Sanchuniathonis
1518 3329 1682 3385 opera
1711 3316 1865 3371 Philo
1890 3318 2106 3387 Byblius

534 3404 729 3459 Graeco
780 3418 1031 3459 sermone
1075 3402 1314 3456 donavit.
1345 3422 1364 3455 ›
1395 3402 1519 3459 Ilaec
1558 3406 1666 3473 ille,
1704 3408 1903 3477 quibus
1949 3410 2106 3465 istius

534 3495 774 3563 theologi
803 3511 925 3550 cum
950 3496 1004 3548 in
1039 3495 1325 3551 scribendo
1346 3498 1651 3563 veritatem,
1681 3508 1792 3553 tum
1818 3502 1980 3554 etiam
2012 3518 2104 3555 ve-

533 3596 789 3641 tustatem
832 3587 987 3641 nobis
1032 3596 1279 3643 testatam
1314 3588 1553 3657 reliquit.
1596 3588 1792 3644 Verum
1834 3592 1888 3644 in
1924 3593 2103 3661 operis

534 3679 772 3745 suscepti
801 3692 1091 3747 progressu
1125 3692 1233 3731 non
1259 3677 1374 3744 jam
1402 3676 1569 3731 Deum
1598 3679 1835 3733 universi
1859 3682 2104 3733 modera-

532 3778 731 3833 torem,
760 3768 869 3822 imo
896 3784 964 3822 ne
986 3769 1107 3823 cmli
1135 3769 1351 3838 quidem
1376 3770 1603 3835 incolas,
1637 3771 1729 3825 sed
1758 3771 1905 3825 viros
1943 3786 2106 3840 quos-

532 3860 659 3914 dam
687 3876 751 3916 ac
782 3862 1130 3917 mulierculas
1167 3863 1327 3917 morti
1354 3863 1636 3927 obnoxios,
1668 3878 1871 3933 eosque
1910 3878 2016 3917 non
2040 3877 2103 3917 ea

535 3970 749 4008 morum
794 3955 1102 4019 honestate,
1132 3966 1191 4009 ut
1228 3964 1446 4024 propter
1490 3956 1737 4009 virtutem
1791 3956 1992 4025 suscipi
2040 3972 2105 4010 ac

536 4046 755 4114 probari
797 4058 1129 4111 mereantur,
1157 4056 1251 4100 aut
1280 4062 1343 4100 ea
1382 4046 1639 4116 praeditos
1667 4047 1953 4115 sapientia,
1983 4063 2104 4116 quae

532 4155 633 4194 nos
664 4139 729 4192 ad
755 4139 994 4208 ipsorum
1029 4140 1427 4195 aemulationem
1462 4140 1671 4203 invitet,
1712 4142 1806 4195 sed
1848 4142 2103 4195 omnibus

532 4229 749 4300 ﬂagitiis
779 4245 842 4284 ac
872 4231 1168 4285 sceleribus
1201 4241 1487 4299 coopertos
1516 4230 1676 4285 nobis
1725 4247 1824 4301 pro
1854 4232 1961 4286 diis
2006 4237 2104 4287 ob-

532 4324 720 4387 trudit,
750 4338 813 4376 ae
852 4323 1013 4377 simul
1047 4338 1140 4377 eos
1190 4323 1338 4392 ipsos
1371 4337 1490 4378 esse
1527 4325 1834 4388 conﬁrmat,
1865 4325 1958 4393 qui
1986 4340 2106 4394 pas-

531 4417 634 4471 sim
661 4416 958 4471 etiamnum
988 4415 1244 4470 omnibus
1275 4416 1328 4469 in
1358 4416 1570 4485 oppidis
1590 4424 1753 4484 atque
1796 4417 2103 4486 regionibus

531 4509 760 4562 deorum
796 4507 916 4561 loco
955 4506 1317 4561 celebrantur.
1348 4506 1590 4573 Quarum
1629 4517 1685 4561 tu
1706 4523 1887 4562 rerum
1924 4519 2101 4563 certas

530 4599 692 4652 etiam
728 4608 780 4653 et
804 4614 867 4651 ex
904 4598 1119 4652 illorum
1152 4598 1369 4668 scriptis
1397 4599 1746 4668 depromptas
1768 4600 1951 4669 accipe
1975 4617 2102 4669 pro-

450 4678 453 4685 ’
530 4686 798 4742 bationcs.
834 4685 989 4741 Philo
1038 4686 1221 4755 igitur,
1275 4686 1369 4755 qui
1412 4686 1910 4744 Sanchuniathonis
1964 4705 2103 4758 opus

2206 2228 2262 2281 δὲ
2313 2229 2518 2282 τούτων
2565 2231 2743 2302 χρόνοι
2794 2231 2889 2285 καὶ
2928 2232 3035 2303 πρὸ
3075 2232 3183 2287 τῶν
3215 2232 3473 2303 Τρωῖκῶν
3523 2233 3778 2286 πίπτουσι

2206 2319 2432 2389 χρόνων,
2466 2321 2559 2372 καὶ
2592 2321 2776 2390 σχεδὸν
2819 2324 2932 2385 τοῖς
2980 2323 3221 2386 Μωσέως
3268 2322 3669 2394 πλησιάζουσιν,
3703 2323 3779 2387 ὡς

2206 2412 2261 2463 αἱ
2293 2410 2400 2464 τῶν
2430 2412 2683 2483 Φοινίκης
2732 2412 2993 2482 βασιλέων
3042 2414 3302 2486 μηνύουσι
3351 2416 3605 2486 διαδοχαί.
3641 2417 3783 2485 Σαγ-

2206 2504 2500 2573 χουνιάθων
2532 2504 2588 2557 δὲ
2618 2504 2758 2559 κατά
2787 2505 2885 2577 τὴν
2928 2508 3187 2561 Φοινίκων
3226 2507 3521 2570 διάλεκτον,
3558 2507 3783 2580 φιλαλή-

2209 2596 2316 2660 θως
2345 2596 2444 2667 τὴν
2473 2596 2705 2652 παλαιὰν
2753 2599 2991 2669 ἱστορίαν
3028 2602 3093 2652 ὲκ
3119 2600 3226 2653 τῶν
3260 2600 3399 2653 κατά
3446 2602 3598 2654 πόλιν
3645 2603 3780 2655 ὑπο·

2212 2690 2529 2761 μνημάτων,
2544 2692 2637 2743 καὶ
2666 2690 2774 2743 τῶν
2800 2693 2858 2745 ἐν
2882 2695 2993 2755 τοῖς
3011 2694 3172 2763 ἱεροῖς
3197 2692 3523 2765 ἀναγραφῶν
3548 2711 3784 2763 συναγα-

2206 2779 2319 2851 γὼν
2370 2783 2465 2835 καὶ
2517 2782 2856 2853 συγγράψας,
2915 2785 3005 2836 ἐπὶ
3051 2784 3404 2854 Σεμιράμεως
3448 2785 3634 2853 γέγονε
3681 2787 3783 2856 τῆς

2222 2872 2518 2943 Ἀσσυρίων
2568 2873 2853 2943 βασιλίδος,
2897 2875 2930 2946 ἢ
2978 2875 3081 2946 πρὸ
3124 2875 3232 2930 τῶν
3276 2876 3602 2947 ’1λιακῶν,ῆ
3660 2880 3783 2931 κατ’

2209 2963 2404 3027 αὐτούς
2430 2981 2493 3032 γε
2534 2965 2659 3027 τοὺς
2686 2965 2909 3035 χρόνους
2955 2966 3205 3033 γενέσθαι
3250 2966 3683 3038 ἀναγέγραπται·
3710 2970 3784 3023 τὰ

2207 3052 2265 3105 δὲ
2303 3054 2395 3106 τοῦ
2444 3055 2911 3125 Σαγχουνιάθωνος
2954 3058 3034 3117 εἰς
3072 3057 3289 3111 Ἐλλάδα
3318 3059 3565 3126 γλῶσσαν
3599 3061 3784 3131 ἡρμή-

2209 3160 2363 3196 νευσε
2408 3145 2579 3199 Φίλων
2625 3146 2653 3198 ὀ
2704 3146 2947 3209 Βύϐλιος.
2994 3166 3012 3198 ι
3060 3148 3244 3202 Ταῦτα
3296 3149 3392 3217 μὲν
3423 3151 3451 3201 ὁ
3499 3149 3783 3221 δηλωθεὶς,

2208 3239 2461 3310 ἀλήθειαν
2483 3240 2615 3308 ὁμοῦ
2645 3240 2737 3293 καὶ
2769 3239 3104 3309 παλαιότητα
3125 3240 3201 3310 τῷ
3234 3239 3296 3311 δὴ
3331 3239 3561 3311 θεολόγῳ
3582 3260 3789 3313 μαρτυ-

2214 3332 2400 3401 ρήσας.
2433 3332 2490 3383 '0
2513 3331 2570 3383 δὲ
2587 3331 2807 3402 προῖὼν,
2826 3331 2884 3383 ού
2906 3330 2995 3385 τὸν
3010 3332 3101 3385 ἐπὶ
3126 3333 3338 3385 πάντων
3360 3333 3509 3397 Θεὸν,
3528 3334 3649 3388 οὐδὲ
3674 3337 3789 3407 μὴν

2208 3422 2334 3483 τοὺς
2364 3422 2484 3474 κατ’
2512 3422 2758 3493 οὐρανὸν,
2795 3421 3018 3492 θνητοὺς
3043 3422 3099 3475 δὲ
3137 3422 3331 3493 ἄνδρας
3363 3426 3456 3477 καὶ
3493 3429 3785 3490 γυναῖκας,

2211 3514 2329 3567 οὐδὲ
2353 3515 2443 3566 τὸν
2473 3515 2669 3584 τρόπον
2692 3514 2957 3579 ἀστείους,
2986 3514 3129 3577 οἵους
3152 3514 3216 3567 δι’
3244 3516 3438 3585 ἀρετὴν
3461 3516 3608 3580 ἄξιον
3640 3513 3788 3572 εἶναι

2211 3604 2593 3673 ἀποδέξασθαι,
2634 3607 2666 3676 ἢ
2695 3606 2932 3679 ζηλῶσαι
2960 3608 3057 3679 τῆς
3088 3607 3422 3677 φιλοσοφίας,
3452 3609 3791 3681 φαυλότητος

2211 3698 2265 3750 δὲ
2295 3698 2388 3750 καὶ
2434 3697 2733 3769 μοχθηρίας
2787 3699 3004 3769 ἀπάσης
3050 3701 3244 3754 κακίαν
3289 3701 3793 3772 περιϐεϐλημένους

2211 3788 2463 3857 θεολογεῖ·
2518 3790 2610 3842 καὶ
2652 3794 2915 3861 μαρτυρεῖ
2944 3807 3004 3858 γε
3030 3790 3247 3854 τούτους
3296 3791 3490 3855 αὐτοὺς
3540 3792 3792 3857 ἐκείνους

2212 3876 2368 3944 εἶναι,
2405 3883 2529 3945 τοὺς
2560 3882 2724 3934 εἰσέτι
2758 3883 2849 3935 καὶ
2865 3883 2960 3935 νῦν
2991 3881 3144 3945 θεοὺς
3176 3883 3321 3953 παρά
3347 3886 3457 3946 τοῖς
3480 3886 3613 3936 πᾶσι
3634 3900 3794 3937 νενο-

2216 3974 2510 4043 μισμένους
2538 3974 2679 4026 κατά
2709 3990 2768 4025 τε
2800 3973 2899 4037 τὰς
2929 3973 3107 4038 πόλεις
3137 3974 3229 4026 καὶ
3260 3974 3356 4038 τὰς
3383 3974 3583 4046 χώρας.
3612 3977 3791 4047 Δέχου

2210 4065 2265 4118 δὲ
2303 4065 2624 4119 καὶτούτων
2672 4066 2735 4117 ἐκ
2776 4065 2882 4117 τῶν
2924 4066 3211 4137 ἐγγράφων
3238 4067 3335 4129 τὰς
3363 4066 3681 4131 ἀποδείξεις.
3726 4069 3792 4122 ’0

2210 4157 2273 4227 δὴ
2292 4156 2460 4209 Φίλων
2487 4159 2566 4219 εἰς
2594 4157 2748 4209 ἐννέα
2780 4156 2991 4225 βίϐλους
3014 4157 3111 4226 τὴν
3140 4159 3315 4210 πᾶσαν
3339 4157 3432 4210 τοῦ
3456 4160 3795 4227 Σαγχουνιάο

2212 4245 2377 4308 θωνος
2423 4246 2801 4316 πραγματείαν
2833 4244 3039 4305 διελὼν,
3088 4245 3225 4297 κατὰ
3271 4245 3328 4298 τὸ
3377 4246 3659 4315 προοίμιον
3691 4249 3793 4301 τοῦ

2213 4336 2426 4408 πρώτου
2458 4337 2885 4406 συγγράμματος
2930 4337 3111 4399 αὐτοῖς
3139 4338 3340 4407 ῥήμασι
3374 4337 3624 4407 προλέγει
3652 4342 3796 4410 περὶ

2210 4425 2302 4477 τοῦ
2337 4424 2802 4495 Σαγχουνιάθωνπ
2825 4426 3014 4478 ταῦτα’
3049 4445 3066 4477 ι
3101 4426 3495 4489 Τούτωνούτως
3522 4428 3793 4497 ἐχόντων,

2210 4516 2237 4565 ὁ
2271 4515 2678 4583 Σαγχουνιάθων
2711 4514 2849 4585 ἀνὴρ
2882 4516 3194 4587 πολυμαθὴς
3236 4517 3329 4569 καὶ
3371 4517 3797 4590 πολυπράγμων

2210 4606 2513 4675 γενόμενος,
2549 4608 2643 4660 καὶ
2692 4607 2760 4661 τὰ
2799 4608 2857 4671 ἐξ
2888 4609 3081 4679 ἀρχῆς,
3129 4609 3219 4678 ἀφ’
3245 4605 3305 4663 οὗ
3340 4610 3407 4662 τὰ
3440 4612 3614 4666 πάντα
3651 4631 3799 4667 συνδ-

2210 4697 2361 4767 έστη,
2385 4698 2534 4769 παρὰ
2550 4698 2762 4751 πάντων
2786 4698 2981 4752 εἰδέναι
3006 4688 3203 4762 ποθῶν,
3234 4700 3367 4754 πολὺ
3385 4706 3799 4770 φροντιστικῶς

531 4782 847 4836 universum
879 4795 1071 4834 novem
1109 4780 1163 4833 in
1188 4779 1355 4835 libros
1404 4780 1703 4846 distribuit,
1750 4782 1868 4851 ipso
1917 4783 2098 4837 statim

2209 4786 2569 4857 ἐξεμάστευσε
2618 4790 2683 4841 τὰ
2728 4788 2993 4853 Τααύτου,
3043 4790 3214 4855 εἰδὼς,
3248 4791 3327 4843 ὅτι
3371 4793 3477 4845 τῶν
3510 4793 3597 4863 ὑφ’
3625 4796 3799 4866 ἥλιον

528 4874 692 4943 primi
716 4871 839 4929 libri
862 4873 1127 4944 procemio
1157 4872 1272 4928 haec
1305 4874 1371 4927 ad
1406 4871 1632 4927 verbum
1657 4874 1724 4929 de
1765 4876 1953 4929 eodem
2003 4892 2102 4929 au-

530 4974 682 5017 ctore
698 4962 956 5033 przel‘atur
980 4981 993 5017 :
1024 4982 1041 5014 ε
1074 4960 1197 5017 llaec
1214 4978 1336 5018 cum
1366 4964 1440 5017 ita
1468 4977 1526 5018 se
1554 4963 1836 5028 haberent,
1865 4962 2106 5019 Sanchu—

530 5056 720 5111 niatho
748 5058 831 5114 vir
860 5058 914 5112 in
938 5057 1130 5126 primis
1148 5056 1419 5124 eruditus,
1439 5073 1562 5113 cum
1595 5073 1816 5128 operam
1839 5060 1893 5112 in
1911 5074 2099 5113 rerum

532 5148 891 5218 plurimarum
923 5149 1105 5204 studio
1130 5149 1423 5219 posuisset,
1461 5166 1696 5220 cumque
1721 5152 1960 5220 gentium
1984 5166 2101 5205 om-

532 5237 683 5292 nium
726 5238 1009 5293 historiam
1033 5240 1145 5309 jam
1186 5255 1360 5310 usque
1382 5255 1413 5293 a
1444 5241 1638 5309 prima.
1660 5242 1901 5296 universi
1938 5241 2098 5295 moli-

531 5328 678 5382 tione
709 5343 871 5382 nosse
907 5330 1254 5387 vehementer
1283 5341 1513 5401 optaret,
1542 5335 1869 5403 praacipuam
1904 5350 2098 5404 quam-

531 5420 653 5474 dam
699 5420 753 5474 in
804 5423 1232 5492 pervestigandis
1299 5422 1489 5479 Taauti
1544 5427 1707 5481 rebus
1762 5428 2098 5497 diligentiam

532 5513 799 5577 adhibuit,
821 5516 967 5584 quod
992 5518 1125 5571 satis
1153 5518 1493 5589 intelligeret,
1519 5521 1763 5581 omnium
1795 5522 1888 5592 qui
1920 5523 2097 5576 lucem

535 5606 675 5660 hanc
697 5620 1045 5676 aspexerant,
1077 5625 1199 5663 eum
1224 5610 1431 5664 litteras
1464 5612 1759 5682 principem
1798 5614 2094 5677 invenisse,

533 5714 597 5756 ac
619 5702 1028 5758 scribendorum
1050 5706 1565 5761 commentariorum
1586 5717 1860 5763 auctorem
1890 5705 2091 5762 fuisse:

2203 4881 2521 4947 γεγονότων,
2558 4880 2773 4952 πρῶτός
2821 4885 2934 4935 ἐστι
2963 4882 3203 4947 Τάαυτος
3238 4886 3266 4936 ὁ
3294 4884 3399 4937 τῶν
3430 4888 3801 4957 γραμμάτων

2200 4970 2297 5041 τὴν
2350 4972 2565 5044 εὕρεσιν
2596 4975 2905 5044 ἐπινοήσας,
2937 4975 3031 5028 καὶ
3082 4975 3181 5043 τῆς
3215 4975 3322 5027 τῶν
3367 4975 3801 5045 ὑπομνημάτων

2200 5065 2416 5134 γραφῆς
2445 5063 2736 5136 κατάρξας·
2761 5065 2854 5118 καὶ
2882 5065 2989 5117 ἀπὸ
3018 5064 3168 5118 τοῦδε
3190 5064 3375 5135 ὥσπερ
3408 5068 3646 5137 κρηπῖδα
3684 5069 3804 5138 βα-

2200 5156 2423 5226 λόμενος
2451 5156 2546 5208 τοῦ
2570 5156 2749 5223 λόγου,
2774 5155 2831 5208 ὃν
2859 5155 3142 5223 Αἰγύπτιοι
3180 5156 3273 5225 μὲν
3297 5157 3558 5210 ἐκάλεσαν
3589 5156 3801 5225 Θωὺθ,

2218 5246 2579 5315 Ἀλεξανδρεῖς
2593 5246 2648 5299 δὲ
2663 5245 2802 5308 Θὼθ,
2819 5244 3023 5316 Ἑρμῆν
3043 5244 3353 5316 δὲἚλληνες
3373 5246 3754 5317 μετέφρασαν.
3776 5270 3799 5302 ι

2207 5338 2389 5390 Ταῦτα
2418 5336 2583 5391 εἰπὼν
2616 5336 2983 5407 ἐπιμέμφεται
3022 5340 3133 5399 τοῖς
3173 5338 3449 5405 νεωτέροις
3489 5342 3597 5399 τοῖς
3635 5341 3809 5408 μετὰ

2201 5428 2395 5491 ταῦτα,
2430 5429 2504 5492 ὼς
2529 5430 2592 5481 ἂν
2621 5427 2987 5497 βεϐιασμένως
3017 5428 3109 5479 καὶ
3129 5427 3226 5480 ούκ
3252 5427 3463 5497 ἀληθῶς
3491 5430 3617 5492 τοὺς
3652 5449 3731 5483 πε
3744 5430 3809 5503 ρὶ

2203 5519 2339 5572 θεῶν
2376 5519 2573 5589 μύθους
2619 5519 2702 5571 ἐπ’
2743 5518 3067 5588 ἀλληγορίας
3102 5520 3191 5570 καὶ
3220 5521 3451 5587 φυσικὰς
3494 5520 3802 5591 διηγήσεις

2200 5626 2259 5661 τε
2287 5611 2381 5662 καὶ
2408 5608 2638 5680 θεωρίας
2666 5611 2942 5679 ἀνάγουσι·
2966 5610 3109 5677 λέγει
3136 5609 3176 5660 δ’
3207 5606 3299 5663 οὖν
3321 5608 3538 5681 προῐώνυ
3566 5630 3585 5662 ‹
3627 5606 3782 5665 Ἀλλ
3802 5612 3822 5634 '

2199 5702 2249 5755 οἱ
2292 5702 2389 5771 μὲν
2446 5702 2700 5757 νεώτατοι
2758 5701 2864 5757 τῶν
2900 5700 3214 5772 ἱερολόγων,
3255 5700 3322 5755 τά
3362 5700 3461 5771 μὲν
3510 5705 3812 5773 γεγονότα.
