  <div class='ocr_page' id='page_1' title='image "/cluster/home/n/w/nwhite01/storage/ocr_20150623/21/hvd.32044073501165/050.png"; bbox 0 0 3948 6376; ppageno 0'>
   <div class='ocr_carea' id='block_1_1' title="bbox 193 311 1769 390">
    <p class='ocr_par' dir='ltr' id='par_1_1' title="bbox 193 311 1769 374">
     <span class='ocr_line' id='line_1_1' title="bbox 193 311 1769 374; baseline -0.001 -3"><span class='ocrx_word' id='word_1_1' title='bbox 193 316 258 371; x_wconf 65' lang='grc' dir='ltr'><strong>τε</strong></span> <span class='ocrx_word' id='word_1_2' title='bbox 1336 311 1655 374; x_wconf 70' lang='grc' dir='ltr'><strong>ΡΒᾸΞΡΑΒ.</strong></span> <span class='ocrx_word' id='word_1_3' title='bbox 1702 316 1769 371; x_wconf 73' lang='lat' dir='ltr'><strong>El</strong></span> 
     </span>
    </p>
   </div>
   <div class='ocr_carea' id='block_1_2' title="bbox 1871 311 3454 390">
    <p class='ocr_par' dir='ltr' id='par_1_2' title="bbox 1871 317 3454 390">
     <span class='ocr_line' id='line_1_2' title="bbox 1871 317 3454 390; baseline 0.009 -17"><span class='ocrx_word' id='word_1_4' title='bbox 1871 317 1953 373; x_wconf 75' lang='lat' dir='ltr'><strong>l6.</strong></span> <span class='ocrx_word' id='word_1_5' title='bbox 1987 317 2115 373; x_wconf 76' lang='lat' dir='ltr'><strong>LIB.</strong></span> <span class='ocrx_word' id='word_1_6' title='bbox 2159 317 2199 373; x_wconf 79' lang='grc' dir='ltr'><strong>ἰ.</strong></span> <span class='ocrx_word' id='word_1_7' title='bbox 3383 330 3454 390; x_wconf 65' lang='grc'><strong>74</strong></span> 
     </span>
    </p>
   </div>
   <div class='ocr_carea' id='block_1_3' title="bbox 189 443 1769 525">
    <p class='ocr_par' dir='ltr' id='par_1_3' title="bbox 189 443 1769 521">
     <span class='ocr_line' id='line_1_3' title="bbox 189 443 1769 521; baseline 0.004 -24"><span class='ocrx_word' id='word_1_8' title='bbox 189 443 496 515; x_wconf 73' lang='grc' dir='ltr'>πράγματα</span> <span class='ocrx_word' id='word_1_9' title='bbox 529 445 586 511; x_wconf 74' lang='grc' dir='ltr'>ἐξ</span> <span class='ocrx_word' id='word_1_10' title='bbox 627 445 801 517; x_wconf 77' lang='grc' dir='ltr'>ἀρχῆς</span> <span class='ocrx_word' id='word_1_11' title='bbox 845 443 1259 517; x_wconf 70' lang='grc' dir='ltr'><strong>ἀπεπέμψαντο,</strong></span> <span class='ocrx_word' id='word_1_12' title='bbox 1302 448 1628 520; x_wconf 80' lang='grc' dir='ltr'><strong>ἀλληγορίας</strong></span> <span class='ocrx_word' id='word_1_13' title='bbox 1659 450 1769 521; x_wconf 72' lang='grc'><strong>(52)</strong></span> 
     </span>
    </p>
   </div>
   <div class='ocr_carea' id='block_1_4' title="bbox 1871 443 3454 525">
    <p class='ocr_par' dir='ltr' id='par_1_4' title="bbox 1874 451 3454 525">
     <span class='ocr_line' id='line_1_4' title="bbox 1874 451 3454 525; baseline 0.003 -20"><span class='ocrx_word' id='word_1_14' title='bbox 1874 452 2059 506; x_wconf 83' lang='lat' dir='ltr'><strong>abillo</strong></span> <span class='ocrx_word' id='word_1_15' title='bbox 2086 465 2266 509; x_wconf 89' lang='lat' dir='ltr'><strong>autem</strong></span> <span class='ocrx_word' id='word_1_16' title='bbox 2304 456 2647 525; x_wconf 82' lang='lat' dir='ltr'><strong>auspicatum</strong></span> <span class='ocrx_word' id='word_1_17' title='bbox 2685 468 2829 515; x_wconf 83' lang='lat' dir='ltr'><strong>esse.</strong></span> <span class='ocrx_word' id='word_1_18' title='bbox 2860 465 3021 523; x_wconf 86' lang='lat' dir='ltr'><strong>quem</strong></span> <span class='ocrx_word' id='word_1_19' title='bbox 3077 452 3146 508; x_wconf 89' lang='lat' dir='ltr'><strong>ab</strong></span> <span class='ocrx_word' id='word_1_20' title='bbox 3182 451 3454 525; x_wconf 66' lang='lat' dir='ltr'><strong>£gyptiis</strong></span> 
     </span>
    </p>
   </div>
   <div class='ocr_carea' id='block_1_5' title="bbox 184 535 1774 612">
    <p class='ocr_par' dir='ltr' id='par_1_5' title="bbox 184 535 1774 612">
     <span class='ocr_line' id='line_1_5' title="bbox 184 535 1774 612; baseline 0.004 -25"><span class='ocrx_word' id='word_1_21' title='bbox 184 535 278 587; x_wconf 70' lang='grc' dir='ltr'>καὶ</span> <span class='ocrx_word' id='word_1_22' title='bbox 313 535 526 604; x_wconf 75' lang='grc' dir='ltr'>μύθους</span> <span class='ocrx_word' id='word_1_23' title='bbox 571 537 975 607; x_wconf 73' lang='grc' dir='ltr'><strong>ἐπινοήσαντες,</strong></span> <span class='ocrx_word' id='word_1_24' title='bbox 1021 537 1113 589; x_wconf 75' lang='grc' dir='ltr'><strong>καὶ</strong></span> <span class='ocrx_word' id='word_1_25' title='bbox 1142 541 1256 600; x_wconf 90' lang='grc' dir='ltr'>τοίς</span> <span class='ocrx_word' id='word_1_26' title='bbox 1284 542 1566 610; x_wconf 88' lang='grc' dir='ltr'>κοσμικοῖς</span> <span class='ocrx_word' id='word_1_27' title='bbox 1601 542 1774 612; x_wconf 82' lang='grc' dir='ltr'>παθή-</span> 
     </span>
    </p>
   </div>
   <div class='ocr_carea' id='block_1_6' title="bbox 185 627 1770 703">
    <p class='ocr_par' dir='ltr' id='par_1_6' title="bbox 185 627 1770 703">
     <span class='ocr_line' id='line_1_6' title="bbox 185 627 1770 703; baseline 0.006 -28"><span class='ocrx_word' id='word_1_28' title='bbox 185 641 321 694; x_wconf 80' lang='grc' dir='ltr'>μασι</span> <span class='ocrx_word' id='word_1_29' title='bbox 353 627 675 692; x_wconf 77' lang='grc' dir='ltr'>συγγένειαν</span> <span class='ocrx_word' id='word_1_30' title='bbox 710 627 1067 699; x_wconf 73' lang='grc' dir='ltr'><strong>πλασάμενοι,</strong></span> <span class='ocrx_word' id='word_1_31' title='bbox 1110 631 1382 702; x_wconf 77' lang='grc' dir='ltr'><strong>μυστήρια</strong></span> <span class='ocrx_word' id='word_1_32' title='bbox 1408 632 1770 703; x_wconf 74' lang='grc' dir='ltr'><strong>κατέστησαν,</strong></span> 
     </span>
    </p>
   </div>
   <div class='ocr_carea' id='block_1_7' title="bbox 182 716 1775 793">
    <p class='ocr_par' dir='ltr' id='par_1_7' title="bbox 182 716 1775 793">
     <span class='ocr_line' id='line_1_7' title="bbox 182 716 1775 793; baseline 0.006 -26"><span class='ocrx_word' id='word_1_33' title='bbox 182 717 273 767; x_wconf 72' lang='grc' dir='ltr'><strong>καὶ</strong></span> <span class='ocrx_word' id='word_1_34' title='bbox 310 716 483 769; x_wconf 70' lang='grc' dir='ltr'>πολὺν</span> <span class='ocrx_word' id='word_1_35' title='bbox 528 721 708 782; x_wconf 71' lang='grc' dir='ltr'>αὐτοῖς</span> <span class='ocrx_word' id='word_1_36' title='bbox 752 720 957 789; x_wconf 82' lang='grc' dir='ltr'>ὲπῆγον</span> <span class='ocrx_word' id='word_1_37' title='bbox 980 720 1167 789; x_wconf 84' lang='grc' dir='ltr'>τῦφον,</span> <span class='ocrx_word' id='word_1_38' title='bbox 1211 722 1287 785; x_wconf 85' lang='grc' dir='ltr'><strong>ῶς</strong></span> <span class='ocrx_word' id='word_1_39' title='bbox 1313 722 1388 793; x_wconf 84' lang='grc' dir='ltr'>μὴ</span> <span class='ocrx_word' id='word_1_40' title='bbox 1415 723 1611 793; x_wconf 74' lang='grc' dir='ltr'>ῥᾳδίως</span> <span class='ocrx_word' id='word_1_41' title='bbox 1652 724 1775 777; x_wconf 76' lang='grc' dir='ltr'>τινὰ</span> 
     </span>
    </p>
   </div>
   <div class='ocr_carea' id='block_1_8' title="bbox 186 810 1773 887">
    <p class='ocr_par' dir='ltr' id='par_1_8' title="bbox 186 810 1773 887">
     <span class='ocr_line' id='line_1_8' title="bbox 186 810 1773 887; baseline 0.006 -26"><span class='ocrx_word' id='word_1_42' title='bbox 186 812 419 880; x_wconf 77' lang='grc' dir='ltr'>συνορᾷν</span> <span class='ocrx_word' id='word_1_43' title='bbox 442 811 515 863; x_wconf 83' lang='grc' dir='ltr'><strong>τά</strong></span> <span class='ocrx_word' id='word_1_44' title='bbox 550 814 668 865; x_wconf 76' lang='grc' dir='ltr'>κατ’</span> <span class='ocrx_word' id='word_1_45' title='bbox 690 810 947 881; x_wconf 68' lang='grc' dir='ltr'>ἀλήθειαν</span> <span class='ocrx_word' id='word_1_46' title='bbox 968 812 1252 884; x_wconf 88' lang='grc' dir='ltr'>γενόμενα.</span> <span class='ocrx_word' id='word_1_47' title='bbox 1293 815 1351 869; x_wconf 78' lang='lat'><strong>&#39;0</strong></span> <span class='ocrx_word' id='word_1_48' title='bbox 1388 816 1444 869; x_wconf 76' lang='grc' dir='ltr'><strong>δὲ</strong></span> <span class='ocrx_word' id='word_1_49' title='bbox 1484 816 1773 887; x_wconf 84' lang='grc' dir='ltr'>συμϐαλὼν</span> 
     </span>
    </p>
   </div>
   <div class='ocr_carea' id='block_1_9' title="bbox 182 902 1775 981">
    <p class='ocr_par' dir='ltr' id='par_1_9' title="bbox 182 902 1775 981">
     <span class='ocr_line' id='line_1_9' title="bbox 182 902 1775 981; baseline 0.006 -28"><span class='ocrx_word' id='word_1_50' title='bbox 182 904 289 964; x_wconf 76' lang='grc' dir='ltr'>τοῖς</span> <span class='ocrx_word' id='word_1_51' title='bbox 323 902 442 955; x_wconf 84' lang='grc' dir='ltr'><strong>ἀπὸ</strong></span> <span class='ocrx_word' id='word_1_52' title='bbox 466 903 574 955; x_wconf 89' lang='grc' dir='ltr'><strong>τῶν</strong></span> <span class='ocrx_word' id='word_1_53' title='bbox 606 903 811 958; x_wconf 80' lang='grc' dir='ltr'>ἀδύτων</span> <span class='ocrx_word' id='word_1_54' title='bbox 842 905 1141 975; x_wconf 84' lang='grc' dir='ltr'>εὑρεθεῖσιν</span> <span class='ocrx_word' id='word_1_55' title='bbox 1167 904 1505 979; x_wconf 83' lang='grc' dir='ltr'>ἀποκρύφοις</span> <span class='ocrx_word' id='word_1_56' title='bbox 1537 911 1775 981; x_wconf 85' lang='grc' dir='ltr'>Ἀμμου-</span> 
     </span>
    </p>
   </div>
   <div class='ocr_carea' id='block_1_10' title="bbox 182 996 1775 1071">
    <p class='ocr_par' dir='ltr' id='par_1_10' title="bbox 182 996 1775 1071">
     <span class='ocr_line' id='line_1_10' title="bbox 182 996 1775 1071; baseline 0.006 -26"><span class='ocrx_word' id='word_1_57' title='bbox 182 996 313 1045; x_wconf 76' lang='grc' dir='ltr'>νέων</span> <span class='ocrx_word' id='word_1_58' title='bbox 341 996 643 1065; x_wconf 73' lang='grc' dir='ltr'>γράμμασι</span> <span class='ocrx_word' id='word_1_59' title='bbox 675 999 1072 1068; x_wconf 77' lang='grc' dir='ltr'><strong>συγκειμένοις,</strong></span> <span class='ocrx_word' id='word_1_60' title='bbox 1090 998 1125 1052; x_wconf 77' lang='grc' dir='ltr'><strong>ἃ</strong></span> <span class='ocrx_word' id='word_1_61' title='bbox 1155 999 1220 1069; x_wconf 76' lang='grc' dir='ltr'><strong>δὴ</strong></span> <span class='ocrx_word' id='word_1_62' title='bbox 1250 1000 1351 1053; x_wconf 85' lang='grc' dir='ltr'><strong>οὐκ</strong></span> <span class='ocrx_word' id='word_1_63' title='bbox 1378 996 1447 1071; x_wconf 84' lang='grc' dir='ltr'>ἦν</span> <span class='ocrx_word' id='word_1_64' title='bbox 1472 1003 1607 1054; x_wconf 83' lang='grc' dir='ltr'>πᾶσι</span> <span class='ocrx_word' id='word_1_65' title='bbox 1632 1000 1775 1070; x_wconf 82' lang='grc' dir='ltr'>γνώ-</span> 
     </span>
    </p>
   </div>
   <div class='ocr_carea' id='block_1_11' title="bbox 180 1086 1774 1163">
    <p class='ocr_par' dir='ltr' id='par_1_11' title="bbox 180 1086 1774 1163">
     <span class='ocr_line' id='line_1_11' title="bbox 180 1086 1774 1163; baseline 0.008 -28"><span class='ocrx_word' id='word_1_66' title='bbox 180 1102 341 1155; x_wconf 78' lang='grc' dir='ltr'>ριμα,</span> <span class='ocrx_word' id='word_1_67' title='bbox 372 1086 471 1155; x_wconf 76' lang='grc' dir='ltr'><strong>τὴν</strong></span> <span class='ocrx_word' id='word_1_68' title='bbox 501 1087 735 1157; x_wconf 78' lang='grc' dir='ltr'>μάθησιν</span> <span class='ocrx_word' id='word_1_69' title='bbox 759 1090 1013 1143; x_wconf 85' lang='grc' dir='ltr'>ἁπάντων</span> <span class='ocrx_word' id='word_1_70' title='bbox 1050 1090 1211 1153; x_wconf 77' lang='grc' dir='ltr'>αὐτὸς</span> <span class='ocrx_word' id='word_1_71' title='bbox 1247 1091 1475 1163; x_wconf 69' lang='grc' dir='ltr'>ἤσκησε·</span> <span class='ocrx_word' id='word_1_72' title='bbox 1506 1094 1597 1146; x_wconf 79' lang='grc' dir='ltr'><strong>καὶ</strong></span> <span class='ocrx_word' id='word_1_73' title='bbox 1622 1094 1774 1158; x_wconf 81' lang='grc' dir='ltr'>τέλος</span> 
     </span>
    </p>
   </div>
   <div class='ocr_carea' id='block_1_12' title="bbox 176 1179 1775 1255">
    <p class='ocr_par' dir='ltr' id='par_1_12' title="bbox 176 1179 1775 1255">
     <span class='ocr_line' id='line_1_12' title="bbox 176 1179 1775 1255; baseline 0.009 -27"><span class='ocrx_word' id='word_1_74' title='bbox 176 1179 391 1241; x_wconf 61' lang='lat' dir='ltr'><strong>imitat;</strong></span> <span class='ocrx_word' id='word_1_75' title='bbox 420 1182 489 1248; x_wconf 81' lang='grc' dir='ltr'>τῇ</span> <span class='ocrx_word' id='word_1_76' title='bbox 543 1181 914 1253; x_wconf 76' lang='grc' dir='ltr'>πραγματείᾳ,</span> <span class='ocrx_word' id='word_1_77' title='bbox 955 1182 1043 1234; x_wconf 83' lang='grc' dir='ltr'><strong>τὸν</strong></span> <span class='ocrx_word' id='word_1_78' title='bbox 1074 1185 1191 1235; x_wconf 80' lang='grc' dir='ltr'>κατ’</span> <span class='ocrx_word' id='word_1_79' title='bbox 1237 1184 1411 1255; x_wconf 84' lang='grc' dir='ltr'>ἀρχάς</span> <span class='ocrx_word' id='word_1_80' title='bbox 1448 1185 1638 1255; x_wconf 81' lang='grc' dir='ltr'>μῦθον,</span> <span class='ocrx_word' id='word_1_81' title='bbox 1680 1188 1775 1241; x_wconf 74' lang='grc' dir='ltr'>καὶ</span> 
     </span>
    </p>
   </div>
   <div class='ocr_carea' id='block_1_13' title="bbox 175 1268 1774 1349">
    <p class='ocr_par' dir='ltr' id='par_1_13' title="bbox 175 1268 1774 1349">
     <span class='ocr_line' id='line_1_13' title="bbox 175 1268 1774 1349; baseline 0.008 -31"><span class='ocrx_word' id='word_1_82' title='bbox 175 1268 275 1329; x_wconf 67' lang='grc' dir='ltr'><strong>τὰς</strong></span> <span class='ocrx_word' id='word_1_83' title='bbox 304 1269 641 1341; x_wconf 76' lang='grc' dir='ltr'><strong>ἀλληγορίας</strong></span> <span class='ocrx_word' id='word_1_84' title='bbox 668 1271 909 1324; x_wconf 82' lang='grc' dir='ltr'>ἐκποδὼν</span> <span class='ocrx_word' id='word_1_85' title='bbox 939 1273 1323 1343; x_wconf 83' lang='grc' dir='ltr'>ποιησάμενος,</span> <span class='ocrx_word' id='word_1_86' title='bbox 1355 1275 1651 1346; x_wconf 78' lang='grc' dir='ltr'>ὲξηνύσατο</span> <span class='ocrx_word' id='word_1_87' title='bbox 1676 1277 1774 1349; x_wconf 80' lang='grc' dir='ltr'>τὴν</span> 
     </span>
    </p>
   </div>
   <div class='ocr_carea' id='block_1_14' title="bbox 176 1360 1771 1439">
    <p class='ocr_par' dir='ltr' id='par_1_14' title="bbox 176 1360 1771 1439">
     <span class='ocr_line' id='line_1_14' title="bbox 176 1360 1771 1439; baseline 0.007 -29"><span class='ocrx_word' id='word_1_88' title='bbox 176 1360 462 1429; x_wconf 72' lang='grc' dir='ltr'>πρόθεσιν,</span> <span class='ocrx_word' id='word_1_89' title='bbox 496 1362 599 1424; x_wconf 81' lang='grc' dir='ltr'><strong>ἕως</strong></span> <span class='ocrx_word' id='word_1_90' title='bbox 632 1363 793 1414; x_wconf 81' lang='grc' dir='ltr'>πάλιν</span> <span class='ocrx_word' id='word_1_91' title='bbox 836 1364 886 1416; x_wconf 86' lang='grc' dir='ltr'><strong>οἱ</strong></span> <span class='ocrx_word' id='word_1_92' title='bbox 922 1366 1294 1436; x_wconf 71' lang='grc' dir='ltr'>ἐπιγενόμενοι</span> <span class='ocrx_word' id='word_1_93' title='bbox 1338 1368 1521 1438; x_wconf 82' lang='grc' dir='ltr'>ἱερεῖς,</span> <span class='ocrx_word' id='word_1_94' title='bbox 1561 1367 1771 1439; x_wconf 84' lang='grc' dir='ltr'><strong>χρόνοις</strong></span> 
     </span>
    </p>
   </div>
   <div class='ocr_carea' id='block_1_15' title="bbox 179 1450 1773 1531">
    <p class='ocr_par' dir='ltr' id='par_1_15' title="bbox 179 1450 1773 1531">
     <span class='ocr_line' id='line_1_15' title="bbox 179 1450 1773 1531; baseline 0.007 -29"><span class='ocrx_word' id='word_1_95' title='bbox 179 1450 408 1521; x_wconf 76' lang='grc' dir='ltr'>ὕστερον</span> <span class='ocrx_word' id='word_1_96' title='bbox 436 1452 711 1523; x_wconf 67' lang='grc' dir='ltr'>ἠθέλησαν</span> <span class='ocrx_word' id='word_1_97' title='bbox 744 1454 911 1525; x_wconf 81' lang='grc' dir='ltr'>αὐτὴν</span> <span class='ocrx_word' id='word_1_98' title='bbox 931 1456 1271 1528; x_wconf 70' lang='grc' dir='ltr'>ἀποκρύψαι,</span> <span class='ocrx_word' id='word_1_99' title='bbox 1302 1458 1393 1511; x_wconf 76' lang='grc' dir='ltr'><strong>καὶ</strong></span> <span class='ocrx_word' id='word_1_100' title='bbox 1414 1460 1494 1523; x_wconf 86' lang='grc' dir='ltr'><strong>είς</strong></span> <span class='ocrx_word' id='word_1_101' title='bbox 1518 1459 1581 1513; x_wconf 75' lang='grc' dir='ltr'>τὸ</span> <span class='ocrx_word' id='word_1_102' title='bbox 1602 1460 1773 1531; x_wconf 88' lang='grc' dir='ltr'>μυθῶ-</span> 
     </span>
    </p>
   </div>
   <div class='ocr_carea' id='block_1_16' title="bbox 174 1542 1772 1621">
    <p class='ocr_par' dir='ltr' id='par_1_16' title="bbox 174 1542 1772 1621">
     <span class='ocr_line' id='line_1_16' title="bbox 174 1542 1772 1621; baseline 0.008 -28"><span class='ocrx_word' id='word_1_103' title='bbox 174 1542 264 1605; x_wconf 77' lang='grc' dir='ltr'>δες</span> <span class='ocrx_word' id='word_1_104' title='bbox 304 1545 785 1615; x_wconf 76' lang='grc' dir='ltr'>ἀποκαταστῆσαι.</span> <span class='ocrx_word' id='word_1_105' title='bbox 832 1546 918 1614; x_wconf 83' lang='grc' dir='ltr'><strong>Ἐξ</strong></span> <span class='ocrx_word' id='word_1_106' title='bbox 956 1543 1017 1603; x_wconf 74' lang='grc' dir='ltr'>οὗ</span> <span class='ocrx_word' id='word_1_107' title='bbox 1059 1549 1122 1602; x_wconf 84' lang='grc' dir='ltr'>τὸ</span> <span class='ocrx_word' id='word_1_108' title='bbox 1167 1551 1427 1621; x_wconf 85' lang='grc' dir='ltr'>μυστικὸν</span> <span class='ocrx_word' id='word_1_109' title='bbox 1471 1551 1772 1607; x_wconf 83' lang='grc' dir='ltr'>ἀνέκυπτεν</span> 
     </span>
    </p>
   </div>
   <div class='ocr_carea' id='block_1_17' title="bbox 176 1634 1768 1716">
    <p class='ocr_par' dir='ltr' id='par_1_17' title="bbox 176 1634 1768 1716">
     <span class='ocr_line' id='line_1_17' title="bbox 176 1634 1768 1716; baseline 0.008 -31"><span class='ocrx_word' id='word_1_110' title='bbox 176 1634 392 1686; x_wconf 62' lang='grc' dir='ltr'>οὐδέπω</span> <span class='ocrx_word' id='word_1_111' title='bbox 422 1636 639 1703; x_wconf 81' lang='grc' dir='ltr'>φθάσαν</span> <span class='ocrx_word' id='word_1_112' title='bbox 682 1640 760 1702; x_wconf 86' lang='grc' dir='ltr'><strong>είς</strong></span> <span class='ocrx_word' id='word_1_113' title='bbox 793 1639 1074 1710; x_wconf 82' lang='grc' dir='ltr'>Ἕλληνας.</span> <span class='ocrx_word' id='word_1_114' title='bbox 1111 1661 1131 1694; x_wconf 75' lang='grc' dir='ltr'><strong>ι</strong></span> <span class='ocrx_word' id='word_1_115' title='bbox 1170 1643 1391 1707; x_wconf 80' lang='grc' dir='ltr'>Τούτοις</span> <span class='ocrx_word' id='word_1_116' title='bbox 1431 1643 1556 1715; x_wconf 78' lang='grc' dir='ltr'>ἑξῆς</span> <span class='ocrx_word' id='word_1_117' title='bbox 1585 1659 1768 1716; x_wconf 78' lang='grc' dir='ltr'>φησιν’</span> 
     </span>
    </p>
   </div>
   <div class='ocr_carea' id='block_1_18' title="bbox 183 1726 1771 1802">
    <p class='ocr_par' dir='ltr' id='par_1_18' title="bbox 183 1726 1771 1802">
     <span class='ocr_line' id='line_1_18' title="bbox 183 1726 1771 1802; baseline 0.009 -26"><span class='ocrx_word' id='word_1_118' title='bbox 183 1744 199 1775; x_wconf 85' lang='grc' dir='ltr'><strong>ι</strong></span> <span class='ocrx_word' id='word_1_119' title='bbox 233 1726 403 1777; x_wconf 69' lang='grc' dir='ltr'>Ταῦθ’</span> <span class='ocrx_word' id='word_1_120' title='bbox 438 1728 574 1798; x_wconf 80' lang='grc' dir='ltr'>ἡμῖν</span> <span class='ocrx_word' id='word_1_121' title='bbox 605 1729 851 1800; x_wconf 80' lang='grc' dir='ltr'>εὓρηται,</span> <span class='ocrx_word' id='word_1_122' title='bbox 875 1732 1147 1802; x_wconf 72' lang='grc' dir='ltr'>ἐπιμελῶς</span> <span class='ocrx_word' id='word_1_123' title='bbox 1178 1731 1373 1788; x_wconf 87' lang='grc' dir='ltr'>εἰδέναι</span> <span class='ocrx_word' id='word_1_124' title='bbox 1411 1734 1480 1789; x_wconf 88' lang='grc' dir='ltr'><strong>τὰ</strong></span> <span class='ocrx_word' id='word_1_125' title='bbox 1510 1736 1771 1790; x_wconf 85' lang='grc' dir='ltr'>Φοινίκων</span> 
     </span>
    </p>
   </div>
   <div class='ocr_carea' id='block_1_19' title="bbox 180 1802 1845 1899">
    <p class='ocr_par' dir='ltr' id='par_1_19' title="bbox 180 1802 1845 1899">
     <span class='ocr_line' id='line_1_19' title="bbox 180 1802 1845 1899; baseline 0.007 -30"><span class='ocrx_word' id='word_1_126' title='bbox 180 1818 428 1878; x_wconf 72' lang='grc' dir='ltr'>ποθοῦσι,</span> <span class='ocrx_word' id='word_1_127' title='bbox 458 1821 552 1872; x_wconf 75' lang='grc' dir='ltr'>καὶ</span> <span class='ocrx_word' id='word_1_128' title='bbox 585 1821 781 1893; x_wconf 78' lang='grc' dir='ltr'>πολλὴν</span> <span class='ocrx_word' id='word_1_129' title='bbox 816 1821 1331 1896; x_wconf 78' lang='grc' dir='ltr'>ἐξερευνησαμένοις</span> <span class='ocrx_word' id='word_1_130' title='bbox 1358 1821 1509 1897; x_wconf 76' lang='grc' dir='ltr'>ὓλην,</span> <span class='ocrx_word' id='word_1_131' title='bbox 1531 1826 1652 1898; x_wconf 80' lang='grc' dir='ltr'>οὐχὶ</span> <span class='ocrx_word' id='word_1_132' title='bbox 1672 1826 1771 1899; x_wconf 80' lang='grc' dir='ltr'>τὴν</span> <span class='ocrx_word' id='word_1_133' title='bbox 1801 1802 1845 1862; x_wconf 75' lang='grc' dir='ltr'><strong><em>Β</em></strong></span> 
     </span>
    </p>
   </div>
   <div class='ocr_carea' id='block_1_20' title="bbox 178 1910 1775 1991">
    <p class='ocr_par' dir='ltr' id='par_1_20' title="bbox 178 1910 1775 1991">
     <span class='ocr_line' id='line_1_20' title="bbox 178 1910 1775 1991; baseline 0.008 -30"><span class='ocrx_word' id='word_1_134' title='bbox 178 1912 306 1979; x_wconf 76' lang='grc' dir='ltr'>παρ’</span> <span class='ocrx_word' id='word_1_135' title='bbox 335 1910 589 1981; x_wconf 75' lang='grc' dir='ltr'>Ἐλλησι’</span> <span class='ocrx_word' id='word_1_136' title='bbox 619 1913 883 1982; x_wconf 83' lang='grc' dir='ltr'>διάφωνος</span> <span class='ocrx_word' id='word_1_137' title='bbox 905 1915 1014 1985; x_wconf 84' lang='grc' dir='ltr'><strong>γάρ</strong></span> <span class='ocrx_word' id='word_1_138' title='bbox 1035 1916 1197 1988; x_wconf 76' lang='grc' dir='ltr'>αὕτη,</span> <span class='ocrx_word' id='word_1_139' title='bbox 1224 1919 1318 1970; x_wconf 79' lang='grc' dir='ltr'><strong>καὶ</strong></span> <span class='ocrx_word' id='word_1_140' title='bbox 1344 1917 1775 1991; x_wconf 82' lang='grc' dir='ltr'>φιλονεικότερον</span> 
     </span>
    </p>
   </div>
   <div class='ocr_carea' id='block_1_21' title="bbox 175 2004 1774 2079">
    <p class='ocr_par' dir='ltr' id='par_1_21' title="bbox 175 2004 1774 2079">
     <span class='ocr_line' id='line_1_21' title="bbox 175 2004 1774 2079; baseline 0.008 -24"><span class='ocrx_word' id='word_1_141' title='bbox 175 2004 265 2055; x_wconf 76' lang='grc' dir='ltr'>ὑπ’</span> <span class='ocrx_word' id='word_1_142' title='bbox 299 2005 465 2057; x_wconf 73' lang='grc' dir='ltr'>ἐνίων</span> <span class='ocrx_word' id='word_1_143' title='bbox 484 2006 707 2076; x_wconf 77' lang='grc' dir='ltr'>μᾶλλον,</span> <span class='ocrx_word' id='word_1_144' title='bbox 736 2008 768 2077; x_wconf 83' lang='grc' dir='ltr'>ἢ</span> <span class='ocrx_word' id='word_1_145' title='bbox 798 2007 933 2079; x_wconf 80' lang='grc' dir='ltr'>πρὸς</span> <span class='ocrx_word' id='word_1_146' title='bbox 962 2007 1219 2079; x_wconf 84' lang='grc' dir='ltr'>ἀλήθειαν</span> <span class='ocrx_word' id='word_1_147' title='bbox 1238 2010 1573 2067; x_wconf 82' lang='grc' dir='ltr'>συντεθεῖσα.</span> <span class='ocrx_word' id='word_1_148' title='bbox 1610 2030 1629 2063; x_wconf 74' lang='grc' dir='ltr'><strong>ι</strong></span> <span class='ocrx_word' id='word_1_149' title='bbox 1665 2014 1774 2067; x_wconf 78' lang='grc' dir='ltr'>Καὶ</span> 
     </span>
    </p>
   </div>
   <div class='ocr_carea' id='block_1_22' title="bbox 176 2096 1769 2175">
    <p class='ocr_par' dir='ltr' id='par_1_22' title="bbox 176 2096 1769 2175">
     <span class='ocr_line' id='line_1_22' title="bbox 176 2096 1769 2175; baseline 0.007 -28"><span class='ocrx_word' id='word_1_150' title='bbox 176 2096 293 2165; x_wconf 75' lang='grc' dir='ltr'>μεθ’</span> <span class='ocrx_word' id='word_1_151' title='bbox 313 2098 483 2167; x_wconf 72' lang='grc' dir='ltr'>ἕτερα</span> <span class='ocrx_word' id='word_1_152' title='bbox 502 2115 515 2126; x_wconf 91' lang='grc'><strong>·</strong></span> <span class='ocrx_word' id='word_1_153' title='bbox 545 2118 563 2148; x_wconf 77' lang='grc' dir='ltr'><strong>ι</strong></span> <span class='ocrx_word' id='word_1_154' title='bbox 585 2099 769 2164; x_wconf 79' lang='grc' dir='ltr'>υῦτως</span> <span class='ocrx_word' id='word_1_155' title='bbox 802 2118 859 2153; x_wconf 86' lang='grc' dir='ltr'><strong>τε</strong></span> <span class='ocrx_word' id='word_1_156' title='bbox 879 2101 1022 2171; x_wconf 76' lang='grc' dir='ltr'>ἔχειν</span> <span class='ocrx_word' id='word_1_157' title='bbox 1041 2103 1334 2157; x_wconf 84' lang='grc' dir='ltr'>πεπεῖσθαι</span> <span class='ocrx_word' id='word_1_158' title='bbox 1350 2105 1484 2173; x_wconf 79' lang='grc' dir='ltr'>ἡμῖν</span> <span class='ocrx_word' id='word_1_159' title='bbox 1502 2104 1769 2175; x_wconf 79' lang='grc' dir='ltr'>παρέστη,</span> 
     </span>
    </p>
   </div>
   <div class='ocr_carea' id='block_1_23' title="bbox 172 2189 1773 2268">
    <p class='ocr_par' dir='ltr' id='par_1_23' title="bbox 172 2189 1773 2268">
     <span class='ocr_line' id='line_1_23' title="bbox 172 2189 1773 2268; baseline 0.007 -30"><span class='ocrx_word' id='word_1_160' title='bbox 172 2189 245 2251; x_wconf 60' lang='lat' dir='ltr'><strong>rb;</strong></span> <span class='ocrx_word' id='word_1_161' title='bbox 288 2189 505 2250; x_wconf 81' lang='grc' dir='ltr'>ἐκεῖνος</span> <span class='ocrx_word' id='word_1_162' title='bbox 547 2192 809 2262; x_wconf 75' lang='grc' dir='ltr'>γέγραφε,</span> <span class='ocrx_word' id='word_1_163' title='bbox 850 2193 945 2263; x_wconf 77' lang='grc' dir='ltr'>τὴν</span> <span class='ocrx_word' id='word_1_164' title='bbox 983 2194 1280 2264; x_wconf 80' lang='grc' dir='ltr'>διαφωνίαν</span> <span class='ocrx_word' id='word_1_165' title='bbox 1312 2195 1477 2267; x_wconf 83' lang='grc' dir='ltr'>ὁρῶσι</span> <span class='ocrx_word' id='word_1_166' title='bbox 1521 2195 1617 2268; x_wconf 77' lang='grc' dir='ltr'>τὴν</span> <span class='ocrx_word' id='word_1_167' title='bbox 1642 2198 1773 2267; x_wconf 84' lang='grc' dir='ltr'>παρ’</span> 
     </span>
    </p>
   </div>
   <div class='ocr_carea' id='block_1_24' title="bbox 171 2278 1772 2358">
    <p class='ocr_par' dir='ltr' id='par_1_24' title="bbox 171 2278 1772 2358">
     <span class='ocr_line' id='line_1_24' title="bbox 171 2278 1772 2358; baseline 0.005 -26"><span class='ocrx_word' id='word_1_168' title='bbox 171 2281 430 2351; x_wconf 74' lang='grc' dir='ltr'>Ἕλλησι,</span> <span class='ocrx_word' id='word_1_169' title='bbox 480 2282 610 2352; x_wconf 81' lang='grc' dir='ltr'>περὶ</span> <span class='ocrx_word' id='word_1_170' title='bbox 632 2278 697 2352; x_wconf 80' lang='grc' dir='ltr'>ἦς</span> <span class='ocrx_word' id='word_1_171' title='bbox 729 2300 819 2353; x_wconf 88' lang='grc' dir='ltr'><strong>μοι</strong></span> <span class='ocrx_word' id='word_1_172' title='bbox 862 2285 986 2355; x_wconf 89' lang='grc' dir='ltr'>τρία</span> <span class='ocrx_word' id='word_1_173' title='bbox 1015 2285 1433 2357; x_wconf 79' lang='grc' dir='ltr'>πεφιλοτίμηται</span> <span class='ocrx_word' id='word_1_174' title='bbox 1466 2285 1642 2356; x_wconf 86' lang='grc' dir='ltr'>βιϐλία</span> <span class='ocrx_word' id='word_1_175' title='bbox 1674 2287 1772 2358; x_wconf 79' lang='grc' dir='ltr'><strong>τὴν</strong></span> 
     </span>
    </p>
   </div>
   <div class='ocr_carea' id='block_1_25' title="bbox 169 2376 1773 2455">
    <p class='ocr_par' dir='ltr' id='par_1_25' title="bbox 169 2376 1773 2455">
     <span class='ocr_line' id='line_1_25' title="bbox 169 2376 1773 2455; baseline 0.005 -26"><span class='ocrx_word' id='word_1_176' title='bbox 169 2378 493 2449; x_wconf 72' lang='grc' dir='ltr'>ἐπιγραφὴν</span> <span class='ocrx_word' id='word_1_177' title='bbox 545 2379 735 2450; x_wconf 83' lang='grc' dir='ltr'>ἔχοντα.</span> <span class='ocrx_word' id='word_1_178' title='bbox 789 2380 1143 2455; x_wconf 77' lang='grc' dir='ltr'>Παραδόξου</span> <span class='ocrx_word' id='word_1_179' title='bbox 1199 2376 1518 2450; x_wconf 75' lang='grc' dir='ltr'>Ἱστορίας.</span> <span class='ocrx_word' id='word_1_180' title='bbox 1576 2401 1596 2435; x_wconf 76' lang='grc' dir='ltr'><strong>ι</strong></span> <span class='ocrx_word' id='word_1_181' title='bbox 1663 2384 1773 2437; x_wconf 78' lang='grc' dir='ltr'>Καὶ</span> 
     </span>
    </p>
   </div>
   <div class='ocr_carea' id='block_1_26' title="bbox 166 2467 1772 2548">
    <p class='ocr_par' dir='ltr' id='par_1_26' title="bbox 166 2467 1772 2548">
     <span class='ocr_line' id='line_1_26' title="bbox 166 2467 1772 2548; baseline 0.004 -25"><span class='ocrx_word' id='word_1_182' title='bbox 166 2467 329 2533; x_wconf 73' lang='grc' dir='ltr'>αὖθις</span> <span class='ocrx_word' id='word_1_183' title='bbox 359 2472 483 2542; x_wconf 80' lang='grc' dir='ltr'>μεθ’</span> <span class='ocrx_word' id='word_1_184' title='bbox 509 2473 672 2544; x_wconf 71' lang='grc' dir='ltr'>ἕτερα</span> <span class='ocrx_word' id='word_1_185' title='bbox 701 2471 962 2543; x_wconf 69' lang='grc' dir='ltr'>ἐπιλέγει*</span> <span class='ocrx_word' id='word_1_186' title='bbox 1005 2492 1023 2525; x_wconf 78' lang='grc' dir='ltr'><strong>ι</strong></span> <span class='ocrx_word' id='word_1_187' title='bbox 1058 2473 1505 2548; x_wconf 84' lang='grc' dir='ltr'>Προδιαρθρῶσαι</span> <span class='ocrx_word' id='word_1_188' title='bbox 1524 2475 1581 2529; x_wconf 85' lang='grc' dir='ltr'><strong>δὲ</strong></span> <span class='ocrx_word' id='word_1_189' title='bbox 1606 2477 1772 2545; x_wconf 87' lang='grc' dir='ltr'>ἀναγ-</span> 
     </span>
    </p>
   </div>
   <div class='ocr_carea' id='block_1_27' title="bbox 164 2561 1771 2639">
    <p class='ocr_par' dir='ltr' id='par_1_27' title="bbox 164 2561 1771 2639">
     <span class='ocr_line' id='line_1_27' title="bbox 164 2561 1771 2639; baseline 0.005 -25"><span class='ocrx_word' id='word_1_190' title='bbox 164 2566 324 2615; x_wconf 75' lang='grc' dir='ltr'>καῖον</span> <span class='ocrx_word' id='word_1_191' title='bbox 356 2564 501 2635; x_wconf 76' lang='grc' dir='ltr'>πρὸς</span> <span class='ocrx_word' id='word_1_192' title='bbox 534 2564 630 2636; x_wconf 78' lang='grc' dir='ltr'>τὴν</span> <span class='ocrx_word' id='word_1_193' title='bbox 672 2561 824 2629; x_wconf 75' lang='grc' dir='ltr'>αὖθις</span> <span class='ocrx_word' id='word_1_194' title='bbox 870 2566 1183 2638; x_wconf 86' lang='grc' dir='ltr'>σαφήνειαν,</span> <span class='ocrx_word' id='word_1_195' title='bbox 1230 2567 1325 2620; x_wconf 62' lang='grc' dir='ltr'>καὶ</span> <span class='ocrx_word' id='word_1_196' title='bbox 1355 2567 1452 2639; x_wconf 85' lang='grc' dir='ltr'>τὴν</span> <span class='ocrx_word' id='word_1_197' title='bbox 1488 2568 1596 2621; x_wconf 91' lang='grc' dir='ltr'><strong>τῶν</strong></span> <span class='ocrx_word' id='word_1_198' title='bbox 1630 2569 1771 2623; x_wconf 88' lang='grc' dir='ltr'><strong>κατά</strong></span> 
     </span>
    </p>
   </div>
   <div class='ocr_carea' id='block_1_28' title="bbox 167 2654 1767 2728">
    <p class='ocr_par' dir='ltr' id='par_1_28' title="bbox 167 2654 1767 2728">
     <span class='ocr_line' id='line_1_28' title="bbox 167 2654 1767 2728; baseline 0.002 -22"><span class='ocrx_word' id='word_1_199' title='bbox 167 2655 342 2725; x_wconf 78' lang='grc' dir='ltr'>μέρος</span> <span class='ocrx_word' id='word_1_200' title='bbox 374 2654 691 2721; x_wconf 76' lang='grc' dir='ltr'>διάγνωσιν,</span> <span class='ocrx_word' id='word_1_201' title='bbox 732 2656 813 2708; x_wconf 85' lang='grc' dir='ltr'>ὃτι</span> <span class='ocrx_word' id='word_1_202' title='bbox 854 2656 903 2708; x_wconf 77' lang='lat' dir='ltr'><strong>oi</strong></span> <span class='ocrx_word' id='word_1_203' title='bbox 940 2655 1287 2709; x_wconf 82' lang='grc' dir='ltr'>παλαιότατοι</span> <span class='ocrx_word' id='word_1_204' title='bbox 1313 2655 1423 2709; x_wconf 89' lang='grc' dir='ltr'><strong>τῶν</strong></span> <span class='ocrx_word' id='word_1_205' title='bbox 1457 2655 1767 2728; x_wconf 83' lang='grc' dir='ltr'>βαρϐάρων,</span> 
     </span>
    </p>
   </div>
   <div class='ocr_carea' id='block_1_29' title="bbox 164 2732 1770 2821">
    <p class='ocr_par' dir='ltr' id='par_1_29' title="bbox 164 2732 1770 2821">
     <span class='ocr_line' id='line_1_29' title="bbox 164 2732 1770 2821; baseline 0.006 -26"><span class='ocrx_word' id='word_1_206' title='bbox 164 2732 477 2817; x_wconf 73' lang='grc' dir='ltr'>ἐξαιρέτως</span> <span class='ocrx_word' id='word_1_207' title='bbox 506 2746 562 2799; x_wconf 85' lang='grc' dir='ltr'><strong>δὲ</strong></span> <span class='ocrx_word' id='word_1_208' title='bbox 593 2748 835 2812; x_wconf 81' lang='grc' dir='ltr'>Φοίνικές</span> <span class='ocrx_word' id='word_1_209' title='bbox 858 2765 918 2800; x_wconf 87' lang='grc' dir='ltr'><strong>τε</strong></span> <span class='ocrx_word' id='word_1_210' title='bbox 943 2747 1037 2801; x_wconf 74' lang='grc' dir='ltr'>καὶ</span> <span class='ocrx_word' id='word_1_211' title='bbox 1072 2749 1380 2817; x_wconf 81' lang='grc' dir='ltr'>Αίγύπτιοι,</span> <span class='ocrx_word' id='word_1_212' title='bbox 1409 2753 1538 2821; x_wconf 85' lang='grc' dir='ltr'>παρ’</span> <span class='ocrx_word' id='word_1_213' title='bbox 1563 2744 1637 2803; x_wconf 83' lang='grc' dir='ltr'>ὧν</span> <span class='ocrx_word' id='word_1_214' title='bbox 1675 2753 1770 2806; x_wconf 74' lang='grc' dir='ltr'><strong>καὶ</strong></span> 
     </span>
    </p>
   </div>
   <div class='ocr_carea' id='block_1_30' title="bbox 162 2838 1767 2915">
    <p class='ocr_par' dir='ltr' id='par_1_30' title="bbox 162 2838 1767 2915">
     <span class='ocr_line' id='line_1_30' title="bbox 162 2838 1767 2915; baseline 0.006 -27"><span class='ocrx_word' id='word_1_215' title='bbox 162 2838 213 2888; x_wconf 71' lang='lat' dir='ltr'><strong>oi</strong></span> <span class='ocrx_word' id='word_1_216' title='bbox 249 2838 440 2891; x_wconf 71' lang='grc' dir='ltr'>λοιποὶ</span> <span class='ocrx_word' id='word_1_217' title='bbox 477 2839 782 2910; x_wconf 82' lang='grc' dir='ltr'>παρέλαϐον</span> <span class='ocrx_word' id='word_1_218' title='bbox 814 2839 1109 2912; x_wconf 78' lang='grc' dir='ltr'>ἄνθρωποι,</span> <span class='ocrx_word' id='word_1_219' title='bbox 1150 2840 1305 2905; x_wconf 81' lang='grc' dir='ltr'>θεοὺς</span> <span class='ocrx_word' id='word_1_220' title='bbox 1335 2842 1581 2913; x_wconf 79' lang='grc' dir='ltr'>ἐνόμιζον</span> <span class='ocrx_word' id='word_1_221' title='bbox 1612 2838 1767 2915; x_wconf 85' lang='grc' dir='ltr'>μεγί-</span> 
     </span>
    </p>
   </div>
   <div class='ocr_carea' id='block_1_31' title="bbox 169 2930 1765 3009">
    <p class='ocr_par' dir='ltr' id='par_1_31' title="bbox 169 2930 1765 3009">
     <span class='ocr_line' id='line_1_31' title="bbox 169 2930 1765 3009; baseline 0.006 -27"><span class='ocrx_word' id='word_1_222' title='bbox 169 2946 333 2993; x_wconf 79' lang='grc' dir='ltr'>στους</span> <span class='ocrx_word' id='word_1_223' title='bbox 362 2932 495 2995; x_wconf 75' lang='grc' dir='ltr'>τοὺς</span> <span class='ocrx_word' id='word_1_224' title='bbox 522 2931 593 2984; x_wconf 84' lang='grc' dir='ltr'><strong>τά</strong></span> <span class='ocrx_word' id='word_1_225' title='bbox 625 2930 761 3003; x_wconf 73' lang='grc' dir='ltr'>πρὸς</span> <span class='ocrx_word' id='word_1_226' title='bbox 796 2932 893 3004; x_wconf 80' lang='grc' dir='ltr'>τὴν</span> <span class='ocrx_word' id='word_1_227' title='bbox 935 2931 1195 3003; x_wconf 73' lang='grc' dir='ltr'>βιωτικὴν</span> <span class='ocrx_word' id='word_1_228' title='bbox 1220 2938 1406 3005; x_wconf 81' lang='grc' dir='ltr'>χρείαν</span> <span class='ocrx_word' id='word_1_229' title='bbox 1430 2935 1707 3007; x_wconf 80' lang='grc' dir='ltr'>εὑρόντας,</span> <span class='ocrx_word' id='word_1_230' title='bbox 1731 2934 1765 3009; x_wconf 76' lang='grc' dir='ltr'>ἦ</span> 
     </span>
    </p>
   </div>
   <div class='ocr_carea' id='block_1_32' title="bbox 167 3021 1767 3100">
    <p class='ocr_par' dir='ltr' id='par_1_32' title="bbox 167 3021 1767 3100">
     <span class='ocr_line' id='line_1_32' title="bbox 167 3021 1767 3100; baseline 0.004 -25"><span class='ocrx_word' id='word_1_231' title='bbox 167 3024 264 3075; x_wconf 79' lang='grc' dir='ltr'><strong>καί</strong></span> <span class='ocrx_word' id='word_1_232' title='bbox 311 3024 465 3076; x_wconf 76' lang='grc' dir='ltr'>κατά</span> <span class='ocrx_word' id='word_1_233' title='bbox 503 3040 553 3076; x_wconf 89' lang='grc' dir='ltr'><strong>τι</strong></span> <span class='ocrx_word' id='word_1_234' title='bbox 604 3021 663 3077; x_wconf 79' lang='grc' dir='ltr'><strong>εὖ</strong></span> <span class='ocrx_word' id='word_1_235' title='bbox 696 3027 1022 3095; x_wconf 78' lang='grc' dir='ltr'>ποιήσαντας</span> <span class='ocrx_word' id='word_1_236' title='bbox 1063 3028 1133 3078; x_wconf 79' lang='grc' dir='ltr'><strong>τά</strong></span> <span class='ocrx_word' id='word_1_237' title='bbox 1177 3026 1323 3099; x_wconf 75' lang='grc' dir='ltr'>ἐθνη³</span> <span class='ocrx_word' id='word_1_238' title='bbox 1380 3027 1670 3100; x_wconf 81' lang='grc' dir='ltr'>εὐεργέτας</span> <span class='ocrx_word' id='word_1_239' title='bbox 1707 3046 1767 3082; x_wconf 89' lang='grc' dir='ltr'><strong>τε</strong></span> 
     </span>
    </p>
   </div>
   <div class='ocr_carea' id='block_1_33' title="bbox 168 3114 1768 3192">
    <p class='ocr_par' dir='ltr' id='par_1_33' title="bbox 168 3114 1768 3192">
     <span class='ocr_line' id='line_1_33' title="bbox 168 3114 1768 3192; baseline 0.006 -25"><span class='ocrx_word' id='word_1_240' title='bbox 168 3114 402 3178; x_wconf 79' lang='grc' dir='ltr'>τούτους</span> <span class='ocrx_word' id='word_1_241' title='bbox 431 3117 529 3169; x_wconf 79' lang='grc' dir='ltr'><strong>καὶ</strong></span> <span class='ocrx_word' id='word_1_242' title='bbox 563 3115 773 3170; x_wconf 84' lang='grc' dir='ltr'>πολλῶν</span> <span class='ocrx_word' id='word_1_243' title='bbox 820 3118 1024 3181; x_wconf 88' lang='grc' dir='ltr'>αίτίους</span> <span class='ocrx_word' id='word_1_244' title='bbox 1068 3120 1287 3189; x_wconf 83' lang='grc' dir='ltr'>ἀγαθῶν</span> <span class='ocrx_word' id='word_1_245' title='bbox 1335 3120 1653 3192; x_wconf 79' lang='grc' dir='ltr'>ἡγούμενοι,</span> <span class='ocrx_word' id='word_1_246' title='bbox 1689 3123 1768 3187; x_wconf 86' lang='grc' dir='ltr'>ὡς</span> 
     </span>
    </p>
   </div>
   <div class='ocr_carea' id='block_1_34' title="bbox 1874 543 3452 616">
    <p class='ocr_par' dir='ltr' id='par_1_34' title="bbox 1874 543 3452 616">
     <span class='ocr_line' id='line_1_34' title="bbox 1874 543 3452 616; baseline 0.003 -20"><span class='ocrx_word' id='word_1_247' title='bbox 1874 543 1981 613; x_wconf 73' lang='grc'><strong>32</strong></span> <span class='ocrx_word' id='word_1_248' title='bbox 2031 544 2267 616; x_wconf 81' lang='lat' dir='ltr'><strong>Thcyth,</strong></span> <span class='ocrx_word' id='word_1_249' title='bbox 2308 548 2377 602; x_wconf 90' lang='lat' dir='ltr'><strong>ab</strong></span> <span class='ocrx_word' id='word_1_250' title='bbox 2422 547 2806 603; x_wconf 81' lang='lat' dir='ltr'><strong>Alexandrinis</strong></span> <span class='ocrx_word' id='word_1_251' title='bbox 2841 544 3045 611; x_wconf 86' lang='lat' dir='ltr'><strong>Thoth,</strong></span> <span class='ocrx_word' id='word_1_252' title='bbox 3085 546 3452 609; x_wconf 82' lang='lat' dir='ltr'><strong>nominatum,</strong></span> 
     </span>
    </p>
   </div>
   <div class='ocr_carea' id='block_1_35' title="bbox 1876 632 3455 706">
    <p class='ocr_par' dir='ltr' id='par_1_35' title="bbox 1876 632 3455 706">
     <span class='ocr_line' id='line_1_35' title="bbox 1876 632 3455 706; baseline 0.004 -19"><span class='ocrx_word' id='word_1_253' title='bbox 1876 632 2048 689; x_wconf 75' lang='lat' dir='ltr'><strong>Graeci</strong></span> <span class='ocrx_word' id='word_1_254' title='bbox 2086 634 2314 706; x_wconf 83' lang='grc' dir='ltr'>Ἑρμῆν,</span> <span class='ocrx_word' id='word_1_255' title='bbox 2340 636 2443 692; x_wconf 90' lang='lat' dir='ltr'><strong>hoc</strong></span> <span class='ocrx_word' id='word_1_256' title='bbox 2478 649 2559 692; x_wconf 89' lang='lat' dir='ltr'><strong>est</strong></span> <span class='ocrx_word' id='word_1_257' title='bbox 2588 635 2940 701; x_wconf 79' lang='lat' dir='ltr'><strong>Mercurium,</strong></span> <span class='ocrx_word' id='word_1_258' title='bbox 2981 636 3283 692; x_wconf 84' lang='lat' dir='ltr'><strong>reddidere.</strong></span> <span class='ocrx_word' id='word_1_259' title='bbox 3305 656 3326 689; x_wconf 72' lang='grc' dir='ltr'><strong>ι</strong></span> <span class='ocrx_word' id='word_1_260' title='bbox 3354 635 3455 693; x_wconf 76' lang='lat' dir='ltr'><strong>His</strong></span> 
     </span>
    </p>
   </div>
   <div class='ocr_carea' id='block_1_36' title="bbox 1875 728 3457 799">
    <p class='ocr_par' dir='ltr' id='par_1_36' title="bbox 1875 728 3457 799">
     <span class='ocr_line' id='line_1_36' title="bbox 1875 728 3457 799; baseline 0.001 -19"><span class='ocrx_word' id='word_1_261' title='bbox 1875 728 2339 793; x_wconf 74' lang='lat' dir='ltr'><strong>commemoratis,</strong></span> <span class='ocrx_word' id='word_1_262' title='bbox 2386 728 2719 785; x_wconf 76' lang='lat' dir='ltr'><strong>recentiores</strong></span> <span class='ocrx_word' id='word_1_263' title='bbox 2742 729 2882 794; x_wconf 84' lang='lat' dir='ltr'><strong>illos,</strong></span> <span class='ocrx_word' id='word_1_264' title='bbox 2907 729 2999 799; x_wconf 86' lang='lat' dir='ltr'><strong>qui</strong></span> <span class='ocrx_word' id='word_1_265' title='bbox 3029 739 3215 799; x_wconf 90' lang='lat' dir='ltr'><strong>postea</strong></span> <span class='ocrx_word' id='word_1_266' title='bbox 3272 745 3457 784; x_wconf 77' lang='lat' dir='ltr'><strong>outer-</strong></span> 
     </span>
    </p>
   </div>
   <div class='ocr_carea' id='block_1_37' title="bbox 1872 819 3453 890">
    <p class='ocr_par' dir='ltr' id='par_1_37' title="bbox 1872 819 3453 890">
     <span class='ocr_line' id='line_1_37' title="bbox 1872 819 3453 890; baseline 0.002 -17"><span class='ocrx_word' id='word_1_267' title='bbox 1872 827 2081 884; x_wconf 80' lang='lat' dir='ltr'><strong>seram,</strong></span> <span class='ocrx_word' id='word_1_268' title='bbox 2107 833 2176 873; x_wconf 90' lang='lat' dir='ltr'><strong>eo</strong></span> <span class='ocrx_word' id='word_1_269' title='bbox 2212 819 2433 874; x_wconf 86' lang='lat' dir='ltr'><strong>nomine</strong></span> <span class='ocrx_word' id='word_1_270' title='bbox 2462 820 2826 890; x_wconf 88' lang='lat' dir='ltr'><strong>reprehendit,</strong></span> <span class='ocrx_word' id='word_1_271' title='bbox 2871 821 3016 890; x_wconf 90' lang='lat' dir='ltr'><strong>quod</strong></span> <span class='ocrx_word' id='word_1_272' title='bbox 3067 836 3189 890; x_wconf 71' lang='lat' dir='ltr'><strong>quae</strong></span> <span class='ocrx_word' id='word_1_273' title='bbox 3236 821 3302 875; x_wconf 88' lang='lat' dir='ltr'><strong>de</strong></span> <span class='ocrx_word' id='word_1_274' title='bbox 3346 821 3453 876; x_wconf 82' lang='lat' dir='ltr'><strong>diis</strong></span> 
     </span>
    </p>
   </div>
   <div class='ocr_carea' id='block_1_38' title="bbox 1874 895 3451 981">
    <p class='ocr_par' dir='ltr' id='par_1_38' title="bbox 1874 895 3451 981">
     <span class='ocr_line' id='line_1_38' title="bbox 1874 895 3451 981; baseline 0 -18"><span class='ocrx_word' id='word_1_275' title='bbox 1874 906 2037 977; x_wconf 82' lang='lat' dir='ltr'><strong>vulgo</strong></span> <span class='ocrx_word' id='word_1_276' title='bbox 2066 904 2402 972; x_wconf 82' lang='lat' dir='ltr'><strong>ferebantur,</strong></span> <span class='ocrx_word' id='word_1_277' title='bbox 2426 909 2494 964; x_wconf 90' lang='lat' dir='ltr'><strong>ad</strong></span> <span class='ocrx_word' id='word_1_278' title='bbox 2512 910 2800 981; x_wconf 82' lang='lat' dir='ltr'><strong>allegorias</strong></span> <span class='ocrx_word' id='word_1_279' title='bbox 2830 911 3015 965; x_wconf 91' lang='lat' dir='ltr'><strong>nescio</strong></span> <span class='ocrx_word' id='word_1_280' title='bbox 3046 925 3183 977; x_wconf 90' lang='lat' dir='ltr'><strong>quas</strong></span> <span class='ocrx_word' id='word_1_281' title='bbox 3232 895 3286 964; x_wconf 84' lang='lat' dir='ltr'><strong>et</strong></span> <span class='ocrx_word' id='word_1_282' title='bbox 3312 912 3451 981; x_wconf 81' lang='lat' dir='ltr'><strong>phy-</strong></span> 
     </span>
    </p>
   </div>
   <div class='ocr_carea' id='block_1_39' title="bbox 1875 997 3450 1067">
    <p class='ocr_par' dir='ltr' id='par_1_39' title="bbox 1875 997 3450 1067">
     <span class='ocr_line' id='line_1_39' title="bbox 1875 997 3450 1067; baseline 0.002 -14"><span class='ocrx_word' id='word_1_283' title='bbox 1875 998 2019 1054; x_wconf 82' lang='lat' dir='ltr'><strong>sicas</strong></span> <span class='ocrx_word' id='word_1_284' title='bbox 2051 997 2443 1067; x_wconf 82' lang='lat' dir='ltr'><strong>explicationes</strong></span> <span class='ocrx_word' id='word_1_285' title='bbox 2503 999 2556 1053; x_wconf 94' lang='lat' dir='ltr'><strong>vi</strong></span> <span class='ocrx_word' id='word_1_286' title='bbox 2604 998 2748 1054; x_wconf 88' lang='lat' dir='ltr'><strong>facta</strong></span> <span class='ocrx_word' id='word_1_287' title='bbox 2802 999 3019 1054; x_wconf 82' lang='lat' dir='ltr'><strong>veritati</strong></span> <span class='ocrx_word' id='word_1_288' title='bbox 3081 1000 3450 1056; x_wconf 88' lang='lat' dir='ltr'><strong>traducerent.</strong></span> 
     </span>
    </p>
   </div>
   <div class='ocr_carea' id='block_1_40' title="bbox 1874 1088 3451 1162">
    <p class='ocr_par' dir='ltr' id='par_1_40' title="bbox 1874 1088 3451 1162">
     <span class='ocr_line' id='line_1_40' title="bbox 1874 1088 3451 1162; baseline 0.001 -19"><span class='ocrx_word' id='word_1_289' title='bbox 1874 1088 1925 1146; x_wconf 88' lang='lat' dir='ltr'><strong>Is</strong></span> <span class='ocrx_word' id='word_1_290' title='bbox 1955 1104 2085 1161; x_wconf 77' lang='lat' dir='ltr'><strong>ergo</strong></span> <span class='ocrx_word' id='word_1_291' title='bbox 2119 1088 2198 1145; x_wconf 89' lang='lat' dir='ltr'><strong>sic</strong></span> <span class='ocrx_word' id='word_1_292' title='bbox 2226 1089 2281 1144; x_wconf 93' lang='lat' dir='ltr'><strong>in</strong></span> <span class='ocrx_word' id='word_1_293' title='bbox 2321 1103 2612 1159; x_wconf 79' lang='lat' dir='ltr'><strong>progressu</strong></span> <span class='ocrx_word' id='word_1_294' title='bbox 2648 1090 2886 1161; x_wconf 87' lang='lat' dir='ltr'><strong>loquitur</strong></span> <span class='ocrx_word' id='word_1_295' title='bbox 2916 1108 2931 1145; x_wconf 92' lang='lat'><strong>:</strong></span> <span class='ocrx_word' id='word_1_296' title='bbox 2976 1110 2994 1143; x_wconf 82' lang='grc' dir='ltr'><strong>ι</strong></span> <span class='ocrx_word' id='word_1_297' title='bbox 3035 1090 3142 1146; x_wconf 86' lang='lat' dir='ltr'><strong>Sed</strong></span> <span class='ocrx_word' id='word_1_298' title='bbox 3182 1091 3328 1146; x_wconf 91' lang='lat' dir='ltr'><strong>enim</strong></span> <span class='ocrx_word' id='word_1_299' title='bbox 3358 1092 3451 1162; x_wconf 86' lang='lat' dir='ltr'><strong>qui</strong></span> 
     </span>
    </p>
   </div>
   <div class='ocr_carea' id='block_1_41' title="bbox 1875 1182 3446 1254">
    <p class='ocr_par' dir='ltr' id='par_1_41' title="bbox 1875 1182 3446 1254">
     <span class='ocr_line' id='line_1_41' title="bbox 1875 1182 3446 1254; baseline -0.003 -13"><span class='ocrx_word' id='word_1_300' title='bbox 1875 1182 2175 1241; x_wconf 81' lang='lat' dir='ltr'><strong>novissime</strong></span> <span class='ocrx_word' id='word_1_301' title='bbox 2205 1196 2390 1235; x_wconf 90' lang='lat' dir='ltr'><strong>rerum</strong></span> <span class='ocrx_word' id='word_1_302' title='bbox 2432 1197 2711 1237; x_wconf 86' lang='lat' dir='ltr'><strong>sacrarum</strong></span> <span class='ocrx_word' id='word_1_303' title='bbox 2740 1183 3160 1253; x_wconf 82' lang='lat' dir='ltr'><strong>disputationem</strong></span> <span class='ocrx_word' id='word_1_304' title='bbox 3195 1186 3446 1254; x_wconf 83' lang='lat' dir='ltr'><strong>attigere,</strong></span> 
     </span>
    </p>
   </div>
   <div class='ocr_carea' id='block_1_42' title="bbox 1874 1273 3454 1344">
    <p class='ocr_par' dir='ltr' id='par_1_42' title="bbox 1874 1273 3454 1344">
     <span class='ocr_line' id='line_1_42' title="bbox 1874 1273 3454 1344; baseline 0 -15"><span class='ocrx_word' id='word_1_305' title='bbox 1874 1290 1997 1329; x_wconf 92' lang='lat' dir='ltr'><strong>cum</strong></span> <span class='ocrx_word' id='word_1_306' title='bbox 2028 1289 2217 1329; x_wconf 90' lang='lat' dir='ltr'><strong>eorum</strong></span> <span class='ocrx_word' id='word_1_307' title='bbox 2246 1288 2367 1343; x_wconf 68' lang='lat' dir='ltr'><strong>quae</strong></span> <span class='ocrx_word' id='word_1_308' title='bbox 2412 1273 2549 1328; x_wconf 83' lang='lat' dir='ltr'><strong>facta</strong></span> <span class='ocrx_word' id='word_1_309' title='bbox 2590 1282 2747 1329; x_wconf 90' lang='lat' dir='ltr'><strong>erant</strong></span> <span class='ocrx_word' id='word_1_310' title='bbox 2773 1275 2891 1344; x_wconf 88' lang='lat' dir='ltr'><strong>ipso</strong></span> <span class='ocrx_word' id='word_1_311' title='bbox 2926 1274 3108 1330; x_wconf 87' lang='lat' dir='ltr'><strong>statim</strong></span> <span class='ocrx_word' id='word_1_312' title='bbox 3134 1275 3290 1330; x_wconf 90' lang='lat' dir='ltr'><strong>initio</strong></span> <span class='ocrx_word' id='word_1_313' title='bbox 3313 1276 3454 1330; x_wconf 82' lang='lat' dir='ltr'><strong>veri-</strong></span> 
     </span>
    </p>
   </div>
   <div class='ocr_carea' id='block_1_43' title="bbox 1876 1365 3455 1437">
    <p class='ocr_par' dir='ltr' id='par_1_43' title="bbox 1876 1365 3455 1437">
     <span class='ocr_line' id='line_1_43' title="bbox 1876 1365 3455 1437; baseline 0 -16"><span class='ocrx_word' id='word_1_314' title='bbox 1876 1375 2038 1422; x_wconf 85' lang='lat' dir='ltr'><strong>tatem</strong></span> <span class='ocrx_word' id='word_1_315' title='bbox 2082 1367 2423 1436; x_wconf 81' lang='lat' dir='ltr'><strong>rejecissent,</strong></span> <span class='ocrx_word' id='word_1_316' title='bbox 2457 1365 2729 1437; x_wconf 75' lang='lat' dir='ltr'><strong>allegoriis</strong></span> <span class='ocrx_word' id='word_1_317' title='bbox 2771 1368 3095 1436; x_wconf 91' lang='lat' dir='ltr'><strong>quibusdam</strong></span> <span class='ocrx_word' id='word_1_318' title='bbox 3131 1383 3195 1422; x_wconf 90' lang='lat' dir='ltr'><strong>ac</strong></span> <span class='ocrx_word' id='word_1_319' title='bbox 3252 1367 3455 1423; x_wconf 86' lang='lat' dir='ltr'><strong>fabulis</strong></span> 
     </span>
    </p>
   </div>
   <div class='ocr_carea' id='block_1_44' title="bbox 1873 1459 3454 1529">
    <p class='ocr_par' dir='ltr' id='par_1_44' title="bbox 1873 1459 3454 1529">
     <span class='ocr_line' id='line_1_44' title="bbox 1873 1459 3454 1529; baseline 0.001 -16"><span class='ocrx_word' id='word_1_320' title='bbox 1873 1459 2217 1528; x_wconf 80' lang='lat' dir='ltr'><strong>excogitatis,</strong></span> <span class='ocrx_word' id='word_1_321' title='bbox 2258 1474 2495 1528; x_wconf 90' lang='lat' dir='ltr'><strong>cumque</strong></span> <span class='ocrx_word' id='word_1_322' title='bbox 2534 1459 2700 1513; x_wconf 89' lang='lat' dir='ltr'><strong>rebus</strong></span> <span class='ocrx_word' id='word_1_323' title='bbox 2735 1459 2801 1513; x_wconf 91' lang='lat' dir='ltr'><strong>iis</strong></span> <span class='ocrx_word' id='word_1_324' title='bbox 2840 1476 2963 1529; x_wconf 76' lang='lat' dir='ltr'><strong>qua:</strong></span> <span class='ocrx_word' id='word_1_325' title='bbox 2993 1459 3155 1529; x_wconf 86' lang='lat' dir='ltr'><strong>hujus</strong></span> <span class='ocrx_word' id='word_1_326' title='bbox 3209 1460 3454 1514; x_wconf 85' lang='lat' dir='ltr'><strong>universi</strong></span> 
     </span>
    </p>
   </div>
   <div class='ocr_carea' id='block_1_45' title="bbox 1874 1550 3453 1622">
    <p class='ocr_par' dir='ltr' id='par_1_45' title="bbox 1874 1550 3453 1622">
     <span class='ocr_line' id='line_1_45' title="bbox 1874 1550 3453 1622; baseline 0.002 -20"><span class='ocrx_word' id='word_1_327' title='bbox 1874 1558 2124 1603; x_wconf 89' lang='lat' dir='ltr'><strong>naturam</strong></span> <span class='ocrx_word' id='word_1_328' title='bbox 2160 1558 2572 1621; x_wconf 91' lang='lat' dir='ltr'><strong>consequuntur</strong></span> <span class='ocrx_word' id='word_1_329' title='bbox 2604 1550 2869 1605; x_wconf 74' lang='lat' dir='ltr'><strong>affinitate</strong></span> <span class='ocrx_word' id='word_1_330' title='bbox 2910 1552 3161 1618; x_wconf 82' lang='lat' dir='ltr'><strong>conﬁcta,</strong></span> <span class='ocrx_word' id='word_1_331' title='bbox 3197 1551 3453 1622; x_wconf 87' lang='lat' dir='ltr'><strong>mysteria</strong></span> 
     </span>
    </p>
   </div>
   <div class='ocr_carea' id='block_1_46' title="bbox 1873 1639 3454 1711">
    <p class='ocr_par' dir='ltr' id='par_1_46' title="bbox 1873 1639 3454 1711">
     <span class='ocr_line' id='line_1_46' title="bbox 1873 1639 3454 1711; baseline 0 -17"><span class='ocrx_word' id='word_1_332' title='bbox 1873 1639 2311 1709; x_wconf 85' lang='lat' dir='ltr'><strong>densisobducta</strong></span> <span class='ocrx_word' id='word_1_333' title='bbox 2336 1640 2572 1694; x_wconf 86' lang='lat' dir='ltr'><strong>tenebris</strong></span> <span class='ocrx_word' id='word_1_334' title='bbox 2596 1640 2970 1706; x_wconf 90' lang='lat' dir='ltr'><strong>instituerunt,</strong></span> <span class='ocrx_word' id='word_1_335' title='bbox 2996 1657 3062 1695; x_wconf 88' lang='lat' dir='ltr'><strong>ne</strong></span> <span class='ocrx_word' id='word_1_336' title='bbox 3088 1642 3210 1711; x_wconf 87' lang='lat' dir='ltr'><strong>quis</strong></span> <span class='ocrx_word' id='word_1_337' title='bbox 3240 1656 3454 1706; x_wconf 89' lang='lat' dir='ltr'><strong>eorum,</strong></span> 
     </span>
    </p>
   </div>
   <div class='ocr_carea' id='block_1_47' title="bbox 1873 1733 3454 1803">
    <p class='ocr_par' dir='ltr' id='par_1_47' title="bbox 1873 1733 3454 1803">
     <span class='ocr_line' id='line_1_47' title="bbox 1873 1733 3454 1803; baseline 0 -17"><span class='ocrx_word' id='word_1_338' title='bbox 1873 1748 1995 1803; x_wconf 71' lang='lat' dir='ltr'><strong>qua:</strong></span> <span class='ocrx_word' id='word_1_339' title='bbox 2031 1748 2223 1802; x_wconf 81' lang='lat' dir='ltr'><strong>reapse</strong></span> <span class='ocrx_word' id='word_1_340' title='bbox 2272 1743 2422 1803; x_wconf 83' lang='lat' dir='ltr'><strong>gesta</strong></span> <span class='ocrx_word' id='word_1_341' title='bbox 2473 1743 2650 1800; x_wconf 89' lang='lat' dir='ltr'><strong>erant,</strong></span> <span class='ocrx_word' id='word_1_342' title='bbox 2712 1733 2994 1788; x_wconf 85' lang='lat' dir='ltr'><strong>veritatem</strong></span> <span class='ocrx_word' id='word_1_343' title='bbox 3040 1735 3241 1789; x_wconf 89' lang='lat' dir='ltr'><strong>intueri</strong></span> <span class='ocrx_word' id='word_1_344' title='bbox 3293 1733 3454 1789; x_wconf 82' lang='lat' dir='ltr'><strong>facile</strong></span> 
     </span>
    </p>
   </div>
   <div class='ocr_carea' id='block_1_48' title="bbox 1874 1825 3457 1895">
    <p class='ocr_par' dir='ltr' id='par_1_48' title="bbox 1874 1825 3457 1895">
     <span class='ocr_line' id='line_1_48' title="bbox 1874 1825 3457 1895; baseline 0.001 -16"><span class='ocrx_word' id='word_1_345' title='bbox 1874 1834 2079 1895; x_wconf 89' lang='lat' dir='ltr'><strong>posset.</strong></span> <span class='ocrx_word' id='word_1_346' title='bbox 2114 1825 2206 1881; x_wconf 86' lang='lat' dir='ltr'><strong>Ille</strong></span> <span class='ocrx_word' id='word_1_347' title='bbox 2231 1835 2414 1881; x_wconf 87' lang='lat' dir='ltr'><strong>autem</strong></span> <span class='ocrx_word' id='word_1_348' title='bbox 2445 1842 2567 1881; x_wconf 90' lang='lat' dir='ltr'><strong>cum</strong></span> <span class='ocrx_word' id='word_1_349' title='bbox 2594 1827 2649 1880; x_wconf 88' lang='lat' dir='ltr'><strong>in</strong></span> <span class='ocrx_word' id='word_1_350' title='bbox 2682 1841 2880 1880; x_wconf 87' lang='lat' dir='ltr'><strong>arcana</strong></span> <span class='ocrx_word' id='word_1_351' title='bbox 2939 1827 3184 1895; x_wconf 66' lang='lat' dir='ltr'><strong>quaedam</strong></span> <span class='ocrx_word' id='word_1_352' title='bbox 3234 1826 3457 1881; x_wconf 48' lang='lat' dir='ltr'><strong>Ammo‘</strong></span> 
     </span>
    </p>
   </div>
   <div class='ocr_carea' id='block_1_49' title="bbox 1875 1916 3455 1987">
    <p class='ocr_par' dir='ltr' id='par_1_49' title="bbox 1875 1916 3455 1987">
     <span class='ocr_line' id='line_1_49' title="bbox 1875 1916 3455 1987; baseline 0.001 -16"><span class='ocrx_word' id='word_1_353' title='bbox 1875 1933 2120 1972; x_wconf 73' lang='lat' dir='ltr'><strong>naaorum</strong></span> <span class='ocrx_word' id='word_1_354' title='bbox 2171 1919 2450 1974; x_wconf 89' lang='lat' dir='ltr'><strong>volumina</strong></span> <span class='ocrx_word' id='word_1_355' title='bbox 2501 1919 2803 1982; x_wconf 88' lang='lat' dir='ltr'><strong>incidisset,</strong></span> <span class='ocrx_word' id='word_1_356' title='bbox 2848 1934 2969 1987; x_wconf 71' lang='lat' dir='ltr'><strong>qua:</strong></span> <span class='ocrx_word' id='word_1_357' title='bbox 3006 1934 3072 1973; x_wconf 81' lang='lat' dir='ltr'><strong>ex</strong></span> <span class='ocrx_word' id='word_1_358' title='bbox 3098 1916 3455 1972; x_wconf 82' lang='lat' dir='ltr'><strong>interioribus</strong></span> 
     </span>
    </p>
   </div>
   <div class='ocr_carea' id='block_1_50' title="bbox 1875 2009 3454 2080">
    <p class='ocr_par' dir='ltr' id='par_1_50' title="bbox 1875 2009 3454 2080">
     <span class='ocr_line' id='line_1_50' title="bbox 1875 2009 3454 2080; baseline -0.001 -15"><span class='ocrx_word' id='word_1_359' title='bbox 1875 2012 2201 2080; x_wconf 87' lang='lat' dir='ltr'><strong>templorum</strong></span> <span class='ocrx_word' id='word_1_360' title='bbox 2233 2010 2622 2080; x_wconf 88' lang='lat' dir='ltr'><strong>penetralibus,</strong></span> <span class='ocrx_word' id='word_1_361' title='bbox 2654 2010 2745 2065; x_wconf 89' lang='lat' dir='ltr'><strong>ubi</strong></span> <span class='ocrx_word' id='word_1_362' title='bbox 2799 2019 2926 2064; x_wconf 86' lang='lat' dir='ltr'><strong>ante</strong></span> <span class='ocrx_word' id='word_1_363' title='bbox 2944 2010 3251 2079; x_wconf 87' lang='lat' dir='ltr'><strong>jacuerant,</strong></span> <span class='ocrx_word' id='word_1_364' title='bbox 3284 2009 3454 2063; x_wconf 82' lang='lat' dir='ltr'><strong>educ-</strong></span> 
     </span>
    </p>
   </div>
   <div class='ocr_carea' id='block_1_51' title="bbox 1874 2099 3449 2171">
    <p class='ocr_par' dir='ltr' id='par_1_51' title="bbox 1874 2099 3449 2171">
     <span class='ocr_line' id='line_1_51' title="bbox 1874 2099 3449 2171; baseline -0.002 -15"><span class='ocrx_word' id='word_1_365' title='bbox 1874 2112 1926 2156; x_wconf 91' lang='lat' dir='ltr'><strong>ta</strong></span> <span class='ocrx_word' id='word_1_366' title='bbox 1952 2118 2077 2157; x_wconf 87' lang='lat' dir='ltr'><strong>cum</strong></span> <span class='ocrx_word' id='word_1_367' title='bbox 2106 2102 2266 2157; x_wconf 87' lang='lat' dir='ltr'><strong>obvia</strong></span> <span class='ocrx_word' id='word_1_368' title='bbox 2296 2102 2503 2171; x_wconf 90' lang='lat' dir='ltr'><strong>passim</strong></span> <span class='ocrx_word' id='word_1_369' title='bbox 2529 2116 2639 2154; x_wconf 91' lang='lat' dir='ltr'><strong>non</strong></span> <span class='ocrx_word' id='word_1_370' title='bbox 2668 2107 2853 2155; x_wconf 88' lang='lat' dir='ltr'><strong>essent</strong></span> <span class='ocrx_word' id='word_1_371' title='bbox 2884 2138 2899 2165; x_wconf 89' lang='lat'><strong>,</strong></span> <span class='ocrx_word' id='word_1_372' title='bbox 2936 2099 3189 2154; x_wconf 89' lang='lat' dir='ltr'><strong>omnium</strong></span> <span class='ocrx_word' id='word_1_373' title='bbox 3224 2109 3449 2155; x_wconf 78' lang='lat' dir='ltr'><strong>senten-</strong></span> 
     </span>
    </p>
   </div>
   <div class='ocr_carea' id='block_1_52' title="bbox 1874 2192 3450 2263">
    <p class='ocr_par' dir='ltr' id='par_1_52' title="bbox 1874 2192 3450 2263">
     <span class='ocr_line' id='line_1_52' title="bbox 1874 2192 3450 2263; baseline 0 -16"><span class='ocrx_word' id='word_1_374' title='bbox 1874 2194 2007 2250; x_wconf 83' lang='lat' dir='ltr'><strong>tiam</strong></span> <span class='ocrx_word' id='word_1_375' title='bbox 2069 2194 2315 2263; x_wconf 80' lang='lat' dir='ltr'><strong>diligenti</strong></span> <span class='ocrx_word' id='word_1_376' title='bbox 2400 2193 2750 2248; x_wconf 80' lang='lat' dir='ltr'><strong>meditatione</strong></span> <span class='ocrx_word' id='word_1_377' title='bbox 2809 2192 3081 2261; x_wconf 64' lang='lat' dir='ltr'><strong>quazsivit,</strong></span> <span class='ocrx_word' id='word_1_378' title='bbox 3156 2192 3450 2263; x_wconf 65' lang='lat' dir='ltr'><strong>lentumque</strong></span> 
     </span>
    </p>
   </div>
   <div class='ocr_carea' id='block_1_53' title="bbox 1873 2284 3450 2355">
    <p class='ocr_par' dir='ltr' id='par_1_53' title="bbox 1873 2284 3450 2355">
     <span class='ocr_line' id='line_1_53' title="bbox 1873 2284 3450 2355; baseline -0.001 -14"><span class='ocrx_word' id='word_1_379' title='bbox 1873 2285 2330 2355; x_wconf 85' lang='lat' dir='ltr'><strong>suscepitlahoris</strong></span> <span class='ocrx_word' id='word_1_380' title='bbox 2354 2284 2558 2340; x_wconf 82' lang='lat' dir='ltr'><strong>exitum</strong></span> <span class='ocrx_word' id='word_1_381' title='bbox 2584 2292 2931 2349; x_wconf 88' lang='lat' dir='ltr'><strong>consecutus,</strong></span> <span class='ocrx_word' id='word_1_382' title='bbox 2954 2299 3075 2354; x_wconf 62' lang='lat' dir='ltr'><strong>quae</strong></span> <span class='ocrx_word' id='word_1_383' title='bbox 3093 2284 3147 2337; x_wconf 91' lang='lat' dir='ltr'><strong>in</strong></span> <span class='ocrx_word' id='word_1_384' title='bbox 3166 2284 3283 2354; x_wconf 83' lang='lat' dir='ltr'><strong>ipso</strong></span> <span class='ocrx_word' id='word_1_385' title='bbox 3297 2285 3450 2340; x_wconf 86' lang='lat' dir='ltr'><strong>aditu</strong></span> 
     </span>
    </p>
   </div>
   <div class='ocr_carea' id='block_1_54' title="bbox 1872 2375 3453 2447">
    <p class='ocr_par' dir='ltr' id='par_1_54' title="bbox 1872 2375 3453 2447">
     <span class='ocr_line' id='line_1_54' title="bbox 1872 2375 3453 2447; baseline 0 -16"><span class='ocrx_word' id='word_1_386' title='bbox 1872 2376 2233 2432; x_wconf 86' lang='lat' dir='ltr'><strong>occurrebant</strong></span> <span class='ocrx_word' id='word_1_387' title='bbox 2264 2375 2464 2432; x_wconf 86' lang='lat' dir='ltr'><strong>fabulis</strong></span> <span class='ocrx_word' id='word_1_388' title='bbox 2489 2392 2611 2431; x_wconf 87' lang='lat' dir='ltr'><strong>cum</strong></span> <span class='ocrx_word' id='word_1_389' title='bbox 2635 2375 2909 2447; x_wconf 75' lang='lat' dir='ltr'><strong>allegoriis</strong></span> <span class='ocrx_word' id='word_1_390' title='bbox 2940 2377 3197 2432; x_wconf 87' lang='lat' dir='ltr'><strong>omnibus</strong></span> <span class='ocrx_word' id='word_1_391' title='bbox 3227 2378 3293 2431; x_wconf 91' lang='lat' dir='ltr'><strong>de</strong></span> <span class='ocrx_word' id='word_1_392' title='bbox 3336 2394 3453 2431; x_wconf 79' lang='lat' dir='ltr'><strong>me-</strong></span> 
     </span>
    </p>
   </div>
   <div class='ocr_carea' id='block_1_55' title="bbox 1872 2469 3446 2541">
    <p class='ocr_par' dir='ltr' id='par_1_55' title="bbox 1872 2469 3446 2541">
     <span class='ocr_line' id='line_1_55' title="bbox 1872 2469 3446 2541; baseline -0.001 -15"><span class='ocrx_word' id='word_1_393' title='bbox 1872 2469 1965 2526; x_wconf 90' lang='lat' dir='ltr'><strong>dio</strong></span> <span class='ocrx_word' id='word_1_394' title='bbox 1991 2470 2244 2536; x_wconf 87' lang='lat' dir='ltr'><strong>sublatis,</strong></span> <span class='ocrx_word' id='word_1_395' title='bbox 2280 2471 2586 2527; x_wconf 91' lang='lat' dir='ltr'><strong>institutum</strong></span> <span class='ocrx_word' id='word_1_396' title='bbox 2616 2486 2755 2540; x_wconf 85' lang='lat' dir='ltr'><strong>Opus</strong></span> <span class='ocrx_word' id='word_1_397' title='bbox 2778 2486 2933 2524; x_wconf 83' lang='lat' dir='ltr'><strong>suam</strong></span> <span class='ocrx_word' id='word_1_398' title='bbox 2962 2471 3027 2524; x_wconf 85' lang='lat' dir='ltr'><strong>ad</strong></span> <span class='ocrx_word' id='word_1_399' title='bbox 3057 2470 3446 2541; x_wconf 73' lang='lat' dir='ltr'><strong>perfectionem</strong></span> 
     </span>
    </p>
   </div>
   <div class='ocr_carea' id='block_1_56' title="bbox 1872 2561 3448 2632">
    <p class='ocr_par' dir='ltr' id='par_1_56' title="bbox 1872 2561 3448 2632">
     <span class='ocr_line' id='line_1_56' title="bbox 1872 2561 3448 2632; baseline 0.001 -16"><span class='ocrx_word' id='word_1_400' title='bbox 1872 2561 2355 2632; x_wconf 78' lang='lat' dir='ltr'><strong>maturitatemque</strong></span> <span class='ocrx_word' id='word_1_401' title='bbox 2405 2562 2703 2632; x_wconf 80' lang='lat' dir='ltr'><strong>perduxit:</strong></span> <span class='ocrx_word' id='word_1_402' title='bbox 2760 2561 2935 2617; x_wconf 87' lang='lat' dir='ltr'><strong>donec</strong></span> <span class='ocrx_word' id='word_1_403' title='bbox 2975 2563 3067 2632; x_wconf 90' lang='lat' dir='ltr'><strong>qui</strong></span> <span class='ocrx_word' id='word_1_404' title='bbox 3120 2571 3245 2632; x_wconf 87' lang='lat' dir='ltr'><strong>post</strong></span> <span class='ocrx_word' id='word_1_405' title='bbox 3294 2563 3448 2617; x_wconf 87' lang='lat' dir='ltr'><strong>illum</strong></span> 
     </span>
    </p>
   </div>
   <div class='ocr_carea' id='block_1_57' title="bbox 1871 2652 3451 2723">
    <p class='ocr_par' dir='ltr' id='par_1_57' title="bbox 1871 2652 3451 2723">
     <span class='ocr_line' id='line_1_57' title="bbox 1871 2652 3451 2723; baseline -0.001 -16"><span class='ocrx_word' id='word_1_406' title='bbox 1871 2653 2127 2709; x_wconf 80' lang='lat' dir='ltr'><strong>exstitere</strong></span> <span class='ocrx_word' id='word_1_407' title='bbox 2149 2654 2482 2717; x_wconf 82' lang='lat' dir='ltr'><strong>sacerdotes,</strong></span> <span class='ocrx_word' id='word_1_408' title='bbox 2519 2654 2662 2708; x_wconf 88' lang='lat' dir='ltr'><strong>idem</strong></span> <span class='ocrx_word' id='word_1_409' title='bbox 2701 2652 2880 2723; x_wconf 87' lang='lat' dir='ltr'><strong>ipsum</strong></span> <span class='ocrx_word' id='word_1_410' title='bbox 2934 2653 3213 2708; x_wconf 88' lang='lat' dir='ltr'><strong>occultare</strong></span> <span class='ocrx_word' id='word_1_411' title='bbox 3270 2654 3451 2708; x_wconf 84' lang='lat' dir='ltr'><strong>denuo</strong></span> 
     </span>
    </p>
   </div>
   <div class='ocr_carea' id='block_1_58' title="bbox 1873 2743 3450 2815">
    <p class='ocr_par' dir='ltr' id='par_1_58' title="bbox 1873 2743 3450 2815">
     <span class='ocr_line' id='line_1_58' title="bbox 1873 2743 3450 2815; baseline 0.001 -16"><span class='ocrx_word' id='word_1_412' title='bbox 1873 2754 2037 2814; x_wconf 84' lang='lat' dir='ltr'><strong>atque</strong></span> <span class='ocrx_word' id='word_1_413' title='bbox 2070 2745 2137 2799; x_wconf 90' lang='lat' dir='ltr'><strong>ad</strong></span> <span class='ocrx_word' id='word_1_414' title='bbox 2172 2746 2478 2815; x_wconf 88' lang='lat' dir='ltr'><strong>priscarum</strong></span> <span class='ocrx_word' id='word_1_415' title='bbox 2509 2743 2815 2800; x_wconf 84' lang='lat' dir='ltr'><strong>fabularum</strong></span> <span class='ocrx_word' id='word_1_416' title='bbox 2849 2756 3157 2800; x_wconf 89' lang='lat' dir='ltr'><strong>commenta</strong></span> <span class='ocrx_word' id='word_1_417' title='bbox 3192 2760 3450 2802; x_wconf 79' lang='lat' dir='ltr'><strong>revocare</strong></span> 
     </span>
    </p>
   </div>
   <div class='ocr_carea' id='block_1_59' title="bbox 1870 2830 3450 2907">
    <p class='ocr_par' dir='ltr' id='par_1_59' title="bbox 1870 2830 3450 2907">
     <span class='ocr_line' id='line_1_59' title="bbox 1870 2830 3450 2907; baseline 0.001 -17"><span class='ocrx_word' id='word_1_418' title='bbox 1870 2844 2057 2906; x_wconf 86' lang='lat' dir='ltr'><strong>postea</strong></span> <span class='ocrx_word' id='word_1_419' title='bbox 2094 2836 2415 2902; x_wconf 80' lang='lat' dir='ltr'><strong>voluissent,</strong></span> <span class='ocrx_word' id='word_1_420' title='bbox 2450 2836 2592 2891; x_wconf 86' lang='lat' dir='ltr'><strong>unde</strong></span> <span class='ocrx_word' id='word_1_421' title='bbox 2634 2830 2896 2907; x_wconf 85' lang='lat' dir='ltr'><strong>mysticus</strong></span> <span class='ocrx_word' id='word_1_422' title='bbox 2930 2837 3018 2891; x_wconf 91' lang='lat' dir='ltr'><strong>ille</strong></span> <span class='ocrx_word' id='word_1_423' title='bbox 3043 2852 3237 2894; x_wconf 80' lang='lat' dir='ltr'><strong>sensus</strong></span> <span class='ocrx_word' id='word_1_424' title='bbox 3271 2854 3450 2894; x_wconf 87' lang='lat' dir='ltr'><strong>emer-</strong></span> 
     </span>
    </p>
   </div>
   <div class='ocr_carea' id='block_1_60' title="bbox 1870 2928 3450 2999">
    <p class='ocr_par' dir='ltr' id='par_1_60' title="bbox 1870 2928 3450 2999">
     <span class='ocr_line' id='line_1_60' title="bbox 1870 2928 3450 2999; baseline 0.002 -14"><span class='ocrx_word' id='word_1_425' title='bbox 1870 2928 1959 2993; x_wconf 82' lang='lat' dir='ltr'><strong>sit,</strong></span> <span class='ocrx_word' id='word_1_426' title='bbox 1991 2928 2086 2999; x_wconf 92' lang='lat' dir='ltr'><strong>qui</strong></span> <span class='ocrx_word' id='word_1_427' title='bbox 2114 2944 2395 2999; x_wconf 88' lang='lat' dir='ltr'><strong>nunquam</strong></span> <span class='ocrx_word' id='word_1_428' title='bbox 2432 2937 2587 2983; x_wconf 89' lang='lat' dir='ltr'><strong>antea</strong></span> <span class='ocrx_word' id='word_1_429' title='bbox 2662 2929 2979 2984; x_wconf 65' lang='lat' dir='ltr'><strong>Graecorum</strong></span> <span class='ocrx_word' id='word_1_430' title='bbox 3030 2931 3244 2986; x_wconf 87' lang='lat' dir='ltr'><strong>animos</strong></span> <span class='ocrx_word' id='word_1_431' title='bbox 3284 2947 3450 2987; x_wconf 84' lang='lat' dir='ltr'><strong>occu-</strong></span> 
     </span>
    </p>
   </div>
   <div class='ocr_carea' id='block_1_61' title="bbox 1867 3020 3445 3094">
    <p class='ocr_par' dir='ltr' id='par_1_61' title="bbox 1867 3020 3445 3094">
     <span class='ocr_line' id='line_1_61' title="bbox 1867 3020 3445 3094; baseline 0.002 -17"><span class='ocrx_word' id='word_1_432' title='bbox 1867 3031 2043 3094; x_wconf 82' lang='lat' dir='ltr'><strong>parat.</strong></span> <span class='ocrx_word' id='word_1_433' title='bbox 2060 3042 2077 3075; x_wconf 73' lang='grc' dir='ltr'><strong>ι</strong></span> <span class='ocrx_word' id='word_1_434' title='bbox 2097 3021 2307 3088; x_wconf 87' lang='lat' dir='ltr'><strong>Quibus</strong></span> <span class='ocrx_word' id='word_1_435' title='bbox 2324 3021 2578 3092; x_wconf 88' lang='lat' dir='ltr'><strong>deinceps</strong></span> <span class='ocrx_word' id='word_1_436' title='bbox 2598 3020 2701 3076; x_wconf 88' lang='lat' dir='ltr'><strong>ista</strong></span> <span class='ocrx_word' id='word_1_437' title='bbox 2715 3021 3023 3091; x_wconf 78' lang='lat' dir='ltr'><strong>subjungit:</strong></span> <span class='ocrx_word' id='word_1_438' title='bbox 3047 3039 3068 3074; x_wconf 75' lang='grc' dir='ltr'><strong>ι</strong></span> <span class='ocrx_word' id='word_1_439' title='bbox 3091 3022 3215 3079; x_wconf 68' lang='grc' dir='ltr'>Ηαξο</span> <span class='ocrx_word' id='word_1_440' title='bbox 3231 3026 3445 3080; x_wconf 82' lang='lat' dir='ltr'><strong>tandem</strong></span> 
     </span>
    </p>
   </div>
   <div class='ocr_carea' id='block_1_62' title="bbox 1872 3114 3447 3184">
    <p class='ocr_par' dir='ltr' id='par_1_62' title="bbox 1872 3114 3447 3184">
     <span class='ocr_line' id='line_1_62' title="bbox 1872 3114 3447 3184; baseline 0.002 -14"><span class='ocrx_word' id='word_1_441' title='bbox 1872 3131 1904 3170; x_wconf 87' lang='lat' dir='ltr'><strong>a</strong></span> <span class='ocrx_word' id='word_1_442' title='bbox 1932 3115 2089 3170; x_wconf 87' lang='lat' dir='ltr'><strong>nob&#39;is</strong></span> <span class='ocrx_word' id='word_1_443' title='bbox 2125 3122 2338 3183; x_wconf 86' lang='lat' dir='ltr'><strong>reperta</strong></span> <span class='ocrx_word' id='word_1_444' title='bbox 2366 3127 2514 3180; x_wconf 89' lang='lat' dir='ltr'><strong>sunt,</strong></span> <span class='ocrx_word' id='word_1_445' title='bbox 2547 3129 2671 3167; x_wconf 91' lang='lat' dir='ltr'><strong>cum</strong></span> <span class='ocrx_word' id='word_1_446' title='bbox 2704 3114 3005 3168; x_wconf 85' lang='lat' dir='ltr'><strong>vehementi</strong></span> <span class='ocrx_word' id='word_1_447' title='bbox 3055 3119 3447 3184; x_wconf 70' lang='lat' dir='ltr'><strong>cognoscendae</strong></span> 
     </span>
    </p>
   </div>
   <div class='ocr_carea' id='block_1_63' title="bbox 171 3179 1769 3281">
    <p class='ocr_par' dir='ltr' id='par_1_63' title="bbox 171 3179 1765 3281">
     <span class='ocr_line' id='line_1_63' title="bbox 171 3179 1765 3281; baseline 0.008 -24"><span class='ocrx_word' id='word_1_448' title='bbox 171 3205 337 3269; x_wconf 68' lang='grc' dir='ltr'>Θεοίις</span> <span class='ocrx_word' id='word_1_449' title='bbox 379 3208 770 3279; x_wconf 63' lang='grc' dir='ltr'>προσεκύνουν</span> <span class='ocrx_word' id='word_1_450' title='bbox 804 3211 897 3262; x_wconf 81' lang='grc' dir='ltr'><strong>καὶ</strong></span> <span class='ocrx_word' id='word_1_451' title='bbox 941 3210 1020 3274; x_wconf 86' lang='grc' dir='ltr'><strong>είς</strong></span> <span class='ocrx_word' id='word_1_452' title='bbox 1066 3179 1127 3264; x_wconf 59' lang='grc' dir='ltr'><strong>τό</strong></span> <span class='ocrx_word' id='word_1_453' title='bbox 1172 3179 1765 3281; x_wconf 38' lang='grc' dir='ltr'>χρεὼνσκαταστάντας</span> 
     </span>
    </p>
   </div>
   <div class='ocr_carea' id='block_1_64' title="bbox 1871 3179 3443 3281">
    <p class='ocr_par' dir='ltr' id='par_1_64' title="bbox 1871 3179 3443 3277">
     <span class='ocr_line' id='line_1_64' title="bbox 1871 3179 3443 3277; baseline 0.003 -18"><span class='ocrx_word' id='word_1_454' title='bbox 1871 3179 2201 3262; x_wconf 72' lang='lat' dir='ltr'><strong>Phoenicum</strong></span> <span class='ocrx_word' id='word_1_455' title='bbox 2224 3206 2470 3260; x_wconf 72' lang='lat' dir='ltr'><strong>historice</strong></span> <span class='ocrx_word' id='word_1_456' title='bbox 2502 3179 2505 3180; x_wconf 12' lang='grc' dir='ltr'><em>ν</em></span> <span class='ocrx_word' id='word_1_457' title='bbox 2532 3204 2802 3259; x_wconf 88' lang='lat' dir='ltr'><strong>desiderio</strong></span> <span class='ocrx_word' id='word_1_458' title='bbox 2852 3179 3186 3271; x_wconf 43' lang='lat' dir='ltr'><strong>teneremu&#39;r,</strong></span> <span class='ocrx_word' id='word_1_459' title='bbox 3216 3222 3279 3261; x_wconf 91' lang='lat' dir='ltr'><strong>ac</strong></span> <span class='ocrx_word' id='word_1_460' title='bbox 3311 3223 3443 3277; x_wconf 84' lang='lat' dir='ltr'><strong>pos-</strong></span> 
     </span>
    </p>
   </div>
   <div class='ocr_carea' id='block_1_65' title="bbox 169 3302 1769 3378">
    <p class='ocr_par' dir='ltr' id='par_1_65' title="bbox 169 3302 1769 3378">
     <span class='ocr_line' id='line_1_65' title="bbox 169 3302 1769 3378; baseline 0.007 -28"><span class='ocrx_word' id='word_1_461' title='bbox 169 3302 339 3361; x_wconf 71' lang='grc' dir='ltr'>ναοὺς</span> <span class='ocrx_word' id='word_1_462' title='bbox 367 3303 926 3372; x_wconf 80' lang='grc' dir='ltr'>μετασκευασάμενοι,</span> <span class='ocrx_word' id='word_1_463' title='bbox 955 3303 1152 3374; x_wconf 81' lang='grc' dir='ltr'>στήλας</span> <span class='ocrx_word' id='word_1_464' title='bbox 1167 3322 1225 3358; x_wconf 92' lang='grc' dir='ltr'><strong>τε</strong></span> <span class='ocrx_word' id='word_1_465' title='bbox 1249 3307 1342 3359; x_wconf 77' lang='grc' dir='ltr'>καὶ</span> <span class='ocrx_word' id='word_1_466' title='bbox 1364 3306 1589 3378; x_wconf 73' lang='grc' dir='ltr'>ῥάϐδους</span> <span class='ocrx_word' id='word_1_467' title='bbox 1613 3309 1769 3375; x_wconf 78' lang='grc' dir='ltr'>ἀφιέ-</span> 
     </span>
    </p>
   </div>
   <div class='ocr_carea' id='block_1_66' title="bbox 175 3392 1767 3468">
    <p class='ocr_par' dir='ltr' id='par_1_66' title="bbox 175 3392 1767 3468">
     <span class='ocr_line' id='line_1_66' title="bbox 175 3392 1767 3468; baseline 0.004 -25"><span class='ocrx_word' id='word_1_468' title='bbox 175 3410 304 3461; x_wconf 74' lang='grc' dir='ltr'>ρουν</span> <span class='ocrx_word' id='word_1_469' title='bbox 336 3392 396 3456; x_wconf 79' lang='grc' dir='ltr'>ἐξ</span> <span class='ocrx_word' id='word_1_470' title='bbox 426 3393 689 3462; x_wconf 78' lang='grc' dir='ltr'>ὀνόματος</span> <span class='ocrx_word' id='word_1_471' title='bbox 715 3392 913 3457; x_wconf 73' lang='grc' dir='ltr'>αὐτῶν,</span> <span class='ocrx_word' id='word_1_472' title='bbox 944 3394 1037 3447; x_wconf 79' lang='grc' dir='ltr'><strong>καὶ</strong></span> <span class='ocrx_word' id='word_1_473' title='bbox 1068 3394 1234 3448; x_wconf 76' lang='grc' dir='ltr'>ταῦτα</span> <span class='ocrx_word' id='word_1_474' title='bbox 1268 3396 1514 3467; x_wconf 86' lang='grc' dir='ltr'>μεγάλως</span> <span class='ocrx_word' id='word_1_475' title='bbox 1546 3398 1767 3468; x_wconf 76' lang='grc' dir='ltr'>σεϐόμε-</span> 
     </span>
    </p>
   </div>
   <div class='ocr_carea' id='block_1_67' title="bbox 172 3486 1763 3558">
    <p class='ocr_par' dir='ltr' id='par_1_67' title="bbox 172 3486 1763 3558">
     <span class='ocr_line' id='line_1_67' title="bbox 172 3486 1763 3558; baseline 0.002 -21"><span class='ocrx_word' id='word_1_476' title='bbox 172 3503 275 3545; x_wconf 78' lang='grc' dir='ltr'>νοι,</span> <span class='ocrx_word' id='word_1_477' title='bbox 315 3488 411 3538; x_wconf 80' lang='grc' dir='ltr'><strong>καὶ</strong></span> <span class='ocrx_word' id='word_1_478' title='bbox 442 3486 635 3555; x_wconf 78' lang='grc' dir='ltr'>ἑορτὰς</span> <span class='ocrx_word' id='word_1_479' title='bbox 658 3486 847 3556; x_wconf 72' lang='grc' dir='ltr'>ἔνεμον</span> <span class='ocrx_word' id='word_1_480' title='bbox 874 3487 1056 3550; x_wconf 80' lang='grc' dir='ltr'>αὐτοῖς</span> <span class='ocrx_word' id='word_1_481' title='bbox 1076 3487 1175 3551; x_wconf 86' lang='grc' dir='ltr'>τὰς</span> <span class='ocrx_word' id='word_1_482' title='bbox 1205 3488 1467 3558; x_wconf 86' lang='grc' dir='ltr'>μεγίστας</span> <span class='ocrx_word' id='word_1_483' title='bbox 1500 3488 1763 3552; x_wconf 81' lang='grc' dir='ltr'>Φοίνικες.</span> 
     </span>
    </p>
   </div>
   <div class='ocr_carea' id='block_1_68' title="bbox 185 3576 1767 3650">
    <p class='ocr_par' dir='ltr' id='par_1_68' title="bbox 185 3576 1767 3650">
     <span class='ocr_line' id='line_1_68' title="bbox 185 3576 1767 3650; baseline 0.001 -21"><span class='ocrx_word' id='word_1_484' title='bbox 185 3577 513 3647; x_wconf 78' lang='grc' dir='ltr'>Ἐξαιρέτως</span> <span class='ocrx_word' id='word_1_485' title='bbox 543 3578 598 3630; x_wconf 83' lang='grc' dir='ltr'><strong>δὲ</strong></span> <span class='ocrx_word' id='word_1_486' title='bbox 639 3578 732 3631; x_wconf 75' lang='grc' dir='ltr'><strong>καὶ</strong></span> <span class='ocrx_word' id='word_1_487' title='bbox 762 3578 870 3631; x_wconf 85' lang='grc' dir='ltr'><strong>άπὸ</strong></span> <span class='ocrx_word' id='word_1_488' title='bbox 900 3577 1006 3630; x_wconf 88' lang='grc' dir='ltr'><strong>τῶν</strong></span> <span class='ocrx_word' id='word_1_489' title='bbox 1031 3578 1306 3650; x_wconf 78' lang='grc' dir='ltr'>σφετέρων</span> <span class='ocrx_word' id='word_1_490' title='bbox 1339 3576 1622 3648; x_wconf 81' lang='grc' dir='ltr'>βασιλέων,</span> <span class='ocrx_word' id='word_1_491' title='bbox 1652 3578 1767 3643; x_wconf 82' lang='grc' dir='ltr'>τοῖς</span> 
     </span>
    </p>
   </div>
   <div class='ocr_carea' id='block_1_69' title="bbox 172 3670 1761 3742">
    <p class='ocr_par' dir='ltr' id='par_1_69' title="bbox 172 3670 1761 3742">
     <span class='ocr_line' id='line_1_69' title="bbox 172 3670 1761 3742; baseline 0.001 -21"><span class='ocrx_word' id='word_1_492' title='bbox 172 3672 463 3739; x_wconf 56' lang='lat' dir='ltr'><strong>negator;</strong></span> <span class='ocrx_word' id='word_1_493' title='bbox 500 3670 806 3741; x_wconf 83' lang='grc' dir='ltr'>στοιχείοις,</span> <span class='ocrx_word' id='word_1_494' title='bbox 834 3671 927 3723; x_wconf 84' lang='grc' dir='ltr'><strong>καί</strong></span> <span class='ocrx_word' id='word_1_495' title='bbox 965 3686 1076 3724; x_wconf 88' lang='grc' dir='ltr'>τισι</span> <span class='ocrx_word' id='word_1_496' title='bbox 1104 3671 1212 3725; x_wconf 91' lang='grc' dir='ltr'><strong>τῶν</strong></span> <span class='ocrx_word' id='word_1_497' title='bbox 1236 3672 1602 3742; x_wconf 76' lang='grc' dir='ltr'>νομιζομένων</span> <span class='ocrx_word' id='word_1_498' title='bbox 1625 3671 1761 3724; x_wconf 86' lang='grc' dir='ltr'>θεῶν</span> 
     </span>
    </p>
   </div>
   <div class='ocr_carea' id='block_1_70' title="bbox 172 3761 1762 3833">
    <p class='ocr_par' dir='ltr' id='par_1_70' title="bbox 172 3761 1762 3833">
     <span class='ocr_line' id='line_1_70' title="bbox 172 3761 1762 3833; baseline 0.001 -20"><span class='ocrx_word' id='word_1_499' title='bbox 172 3762 271 3825; x_wconf 70' lang='grc' dir='ltr'>τὰς</span> <span class='ocrx_word' id='word_1_500' title='bbox 303 3763 607 3831; x_wconf 78' lang='grc' dir='ltr'>ὀνομασίας</span> <span class='ocrx_word' id='word_1_501' title='bbox 645 3762 929 3817; x_wconf 79' lang='grc' dir='ltr'>ἐπέθεσαν·</span> <span class='ocrx_word' id='word_1_502' title='bbox 962 3764 1223 3832; x_wconf 81' lang='grc' dir='ltr'>φυσικοὺς</span> <span class='ocrx_word' id='word_1_503' title='bbox 1250 3763 1329 3829; x_wconf 84' lang='grc' dir='ltr'><strong>δὲ,</strong></span> <span class='ocrx_word' id='word_1_504' title='bbox 1353 3762 1521 3833; x_wconf 75' lang='grc' dir='ltr'>ἥλιον,</span> <span class='ocrx_word' id='word_1_505' title='bbox 1555 3761 1646 3817; x_wconf 74' lang='grc' dir='ltr'><strong>καὶ</strong></span> <span class='ocrx_word' id='word_1_506' title='bbox 1672 3778 1762 3816; x_wconf 93' lang='grc' dir='ltr'>σε-</span> 
     </span>
    </p>
   </div>
   <div class='ocr_carea' id='block_1_71' title="bbox 172 3851 1761 3926">
    <p class='ocr_par' dir='ltr' id='par_1_71' title="bbox 172 3851 1761 3926">
     <span class='ocr_line' id='line_1_71' title="bbox 172 3851 1761 3926; baseline 0.001 -21"><span class='ocrx_word' id='word_1_507' title='bbox 172 3853 363 3923; x_wconf 79' lang='grc' dir='ltr'>λήνην,</span> <span class='ocrx_word' id='word_1_508' title='bbox 398 3854 495 3906; x_wconf 78' lang='grc' dir='ltr'><strong>καὶ</strong></span> <span class='ocrx_word' id='word_1_509' title='bbox 534 3855 661 3917; x_wconf 84' lang='grc' dir='ltr'>τοὺς</span> <span class='ocrx_word' id='word_1_510' title='bbox 702 3853 921 3917; x_wconf 74' lang='grc' dir='ltr'>λοιποὺς</span> <span class='ocrx_word' id='word_1_511' title='bbox 959 3851 1233 3926; x_wconf 73' lang='grc' dir='ltr'>πλανήτας</span> <span class='ocrx_word' id='word_1_512' title='bbox 1278 3852 1531 3923; x_wconf 81' lang='grc' dir='ltr'>ἀστέρας,</span> <span class='ocrx_word' id='word_1_513' title='bbox 1566 3853 1659 3905; x_wconf 77' lang='grc' dir='ltr'><strong>καὶ</strong></span> <span class='ocrx_word' id='word_1_514' title='bbox 1694 3852 1761 3907; x_wconf 83' lang='grc' dir='ltr'>τὰ</span> 
     </span>
    </p>
   </div>
   <div class='ocr_carea' id='block_1_72' title="bbox 175 3943 1763 4016">
    <p class='ocr_par' dir='ltr' id='par_1_72' title="bbox 175 3943 1763 4016">
     <span class='ocr_line' id='line_1_72' title="bbox 175 3943 1763 4016; baseline -0.002 -17"><span class='ocrx_word' id='word_1_515' title='bbox 175 3950 437 4016; x_wconf 79' lang='grc' dir='ltr'>στοιχεῖα,</span> <span class='ocrx_word' id='word_1_516' title='bbox 475 3947 571 3999; x_wconf 74' lang='grc' dir='ltr'><strong>καὶ</strong></span> <span class='ocrx_word' id='word_1_517' title='bbox 610 3945 680 3999; x_wconf 80' lang='grc' dir='ltr'><strong>τὰ</strong></span> <span class='ocrx_word' id='word_1_518' title='bbox 707 3946 914 4009; x_wconf 90' lang='grc' dir='ltr'>τούτοις</span> <span class='ocrx_word' id='word_1_519' title='bbox 961 3945 1194 4015; x_wconf 87' lang='grc' dir='ltr'>συναφῆ,</span> <span class='ocrx_word' id='word_1_520' title='bbox 1231 3944 1385 4007; x_wconf 77' lang='grc' dir='ltr'>θεοὺς</span> <span class='ocrx_word' id='word_1_521' title='bbox 1431 3943 1622 4014; x_wconf 85' lang='grc' dir='ltr'>μόνους</span> <span class='ocrx_word' id='word_1_522' title='bbox 1651 3943 1763 4012; x_wconf 77' lang='grc' dir='ltr'>ὲγί-</span> 
     </span>
    </p>
   </div>
   <div class='ocr_carea' id='block_1_73' title="bbox 172 4034 1763 4108">
    <p class='ocr_par' dir='ltr' id='par_1_73' title="bbox 172 4034 1763 4108">
     <span class='ocr_line' id='line_1_73' title="bbox 172 4034 1763 4108; baseline -0.001 -19"><span class='ocrx_word' id='word_1_523' title='bbox 172 4054 405 4099; x_wconf 76' lang='grc' dir='ltr'>νωσκον,</span> <span class='ocrx_word' id='word_1_524' title='bbox 437 4037 570 4090; x_wconf 81' lang='grc' dir='ltr'>ὥστ’</span> <span class='ocrx_word' id='word_1_525' title='bbox 599 4036 782 4101; x_wconf 76' lang='grc' dir='ltr'>αὐτοῖς</span> <span class='ocrx_word' id='word_1_526' title='bbox 812 4038 937 4099; x_wconf 74' lang='grc' dir='ltr'>τοὺς</span> <span class='ocrx_word' id='word_1_527' title='bbox 973 4036 1071 4106; x_wconf 80' lang='grc' dir='ltr'>μὲν</span> <span class='ocrx_word' id='word_1_528' title='bbox 1118 4034 1361 4108; x_wconf 81' lang='grc' dir='ltr'>θνητοὺς,</span> <span class='ocrx_word' id='word_1_529' title='bbox 1398 4036 1525 4099; x_wconf 82' lang='grc' dir='ltr'>τοὺς</span> <span class='ocrx_word' id='word_1_530' title='bbox 1553 4035 1609 4088; x_wconf 82' lang='grc' dir='ltr'><strong>δὲ</strong></span> <span class='ocrx_word' id='word_1_531' title='bbox 1630 4035 1763 4088; x_wconf 88' lang='grc' dir='ltr'>ἀθα-</span> 
     </span>
    </p>
   </div>
   <div class='ocr_carea' id='block_1_74' title="bbox 170 4125 1762 4201">
    <p class='ocr_par' dir='ltr' id='par_1_74' title="bbox 170 4125 1762 4201">
     <span class='ocr_line' id='line_1_74' title="bbox 170 4125 1762 4201; baseline 0 -17"><span class='ocrx_word' id='word_1_532' title='bbox 170 4133 364 4193; x_wconf 66' lang='grc' dir='ltr'>νάτους</span> <span class='ocrx_word' id='word_1_533' title='bbox 412 4128 571 4192; x_wconf 71' lang='grc' dir='ltr'>θεοὺς</span> <span class='ocrx_word' id='word_1_534' title='bbox 599 4125 757 4181; x_wconf 75' lang='grc' dir='ltr'>εἶναι.</span> <span class='ocrx_word' id='word_1_535' title='bbox 794 4148 813 4182; x_wconf 79' lang='grc' dir='ltr'><strong>ι</strong></span> <span class='ocrx_word' id='word_1_536' title='bbox 852 4128 1031 4181; x_wconf 79' lang='grc' dir='ltr'>Ταῦτα</span> <span class='ocrx_word' id='word_1_537' title='bbox 1058 4128 1197 4184; x_wconf 87' lang='grc' dir='ltr'><strong>κατά</strong></span> <span class='ocrx_word' id='word_1_538' title='bbox 1216 4127 1497 4201; x_wconf 89' lang='grc' dir='ltr'>προοίμιον</span> <span class='ocrx_word' id='word_1_539' title='bbox 1528 4128 1557 4180; x_wconf 88' lang='grc' dir='ltr'><strong>ὁ</strong></span> <span class='ocrx_word' id='word_1_540' title='bbox 1590 4129 1762 4184; x_wconf 84' lang='grc' dir='ltr'>Φίλων</span> 
     </span>
    </p>
   </div>
   <div class='ocr_carea' id='block_1_75' title="bbox 169 4221 1759 4293">
    <p class='ocr_par' dir='ltr' id='par_1_75' title="bbox 169 4221 1759 4293">
     <span class='ocr_line' id='line_1_75' title="bbox 169 4221 1759 4293; baseline -0.002 -16"><span class='ocrx_word' id='word_1_541' title='bbox 169 4223 642 4291; x_wconf 72' lang='grc' dir='ltr'>διαστειλάμενος,</span> <span class='ocrx_word' id='word_1_542' title='bbox 670 4221 797 4291; x_wconf 79' lang='grc' dir='ltr'>ἑξῆς</span> <span class='ocrx_word' id='word_1_543' title='bbox 840 4222 1144 4293; x_wconf 74' lang='grc' dir='ltr'>ἀπάρχεται</span> <span class='ocrx_word' id='word_1_544' title='bbox 1177 4222 1279 4292; x_wconf 82' lang='grc' dir='ltr'><strong>τῆς</strong></span> <span class='ocrx_word' id='word_1_545' title='bbox 1306 4222 1399 4276; x_wconf 83' lang='grc' dir='ltr'>τοῦ</span> <span class='ocrx_word' id='word_1_546' title='bbox 1430 4221 1759 4292; x_wconf 86' lang='grc' dir='ltr'>Σαγχουνιά-</span> 
     </span>
    </p>
   </div>
   <div class='ocr_carea' id='block_1_76' title="bbox 166 4309 1761 4389">
    <p class='ocr_par' dir='ltr' id='par_1_76' title="bbox 166 4309 1761 4389">
     <span class='ocr_line' id='line_1_76' title="bbox 166 4309 1761 4389; baseline -0.003 -17"><span class='ocrx_word' id='word_1_547' title='bbox 166 4321 339 4382; x_wconf 64' lang='lat' dir='ltr'><strong>Servo;</strong></span> <span class='ocrx_word' id='word_1_548' title='bbox 398 4316 717 4389; x_wconf 76' lang='grc' dir='ltr'>ἑρμηνείας,</span> <span class='ocrx_word' id='word_1_549' title='bbox 748 4309 850 4371; x_wconf 76' lang='grc' dir='ltr'><strong>ὧδέ</strong></span> <span class='ocrx_word' id='word_1_550' title='bbox 874 4332 989 4379; x_wconf 86' lang='grc' dir='ltr'><strong>πως</strong></span> <span class='ocrx_word' id='word_1_551' title='bbox 1012 4316 1110 4387; x_wconf 84' lang='grc' dir='ltr'>τὴν</span> <span class='ocrx_word' id='word_1_552' title='bbox 1136 4312 1451 4385; x_wconf 80' lang='grc' dir='ltr'>Φοινικικὴν</span> <span class='ocrx_word' id='word_1_553' title='bbox 1480 4314 1761 4386; x_wconf 76' lang='grc' dir='ltr'>ἐκτιθέμε-</span> 
     </span>
    </p>
   </div>
   <div class='ocr_carea' id='block_1_77' title="bbox 167 4393 741 4479">
    <p class='ocr_par' dir='ltr' id='par_1_77' title="bbox 167 4393 741 4479">
     <span class='ocr_line' id='line_1_77' title="bbox 167 4393 741 4479; baseline -0.005 -14"><span class='ocrx_word' id='word_1_554' title='bbox 167 4429 253 4474; x_wconf 72' lang='grc' dir='ltr'><strong>νος</strong></span> <span class='ocrx_word' id='word_1_555' title='bbox 286 4411 407 4479; x_wconf 73' lang='lat'><strong>(53)</strong></span> <span class='ocrx_word' id='word_1_556' title='bbox 441 4393 741 4478; x_wconf 73' lang='grc' dir='ltr'>θεολογίαν.</span> 
     </span>
    </p>
   </div>
   <div class='ocr_carea' id='block_1_78' title="bbox 1871 3296 3444 3369">
    <p class='ocr_par' dir='ltr' id='par_1_78' title="bbox 1871 3296 3444 3369">
     <span class='ocr_line' id='line_1_78' title="bbox 1871 3296 3444 3369; baseline 0.001 -17"><span class='ocrx_word' id='word_1_557' title='bbox 1871 3308 2121 3368; x_wconf 87' lang='lat' dir='ltr'><strong>teaquam</strong></span> <span class='ocrx_word' id='word_1_558' title='bbox 2146 3297 2417 3369; x_wconf 77' lang='lat' dir='ltr'><strong>ingentem</strong></span> <span class='ocrx_word' id='word_1_559' title='bbox 2448 3296 2711 3350; x_wconf 90' lang='lat' dir='ltr'><strong>librorum</strong></span> <span class='ocrx_word' id='word_1_560' title='bbox 2752 3297 3321 3368; x_wconf 88' lang='lat' dir='ltr'><strong>monimentorumque</strong></span> <span class='ocrx_word' id='word_1_561' title='bbox 3349 3300 3444 3354; x_wconf 78' lang='lat' dir='ltr'><strong>sil—</strong></span> 
     </span>
    </p>
   </div>
   <div class='ocr_carea' id='block_1_79' title="bbox 1870 3386 3445 3463">
    <p class='ocr_par' dir='ltr' id='par_1_79' title="bbox 1870 3386 3445 3463">
     <span class='ocr_line' id='line_1_79' title="bbox 1870 3386 3445 3463; baseline 0.003 -22"><span class='ocrx_word' id='word_1_562' title='bbox 1870 3408 1994 3445; x_wconf 86' lang='lat' dir='ltr'><strong>vam</strong></span> <span class='ocrx_word' id='word_1_563' title='bbox 2024 3390 2218 3459; x_wconf 90' lang='lat' dir='ltr'><strong>cupide</strong></span> <span class='ocrx_word' id='word_1_564' title='bbox 2248 3386 2476 3444; x_wconf 85' lang='lat' dir='ltr'><strong>scrutati</strong></span> <span class='ocrx_word' id='word_1_565' title='bbox 2508 3404 2778 3454; x_wconf 90' lang='lat' dir='ltr'><strong>essemus,</strong></span> <span class='ocrx_word' id='word_1_566' title='bbox 2810 3406 2917 3443; x_wconf 92' lang='lat' dir='ltr'><strong>non</strong></span> <span class='ocrx_word' id='word_1_567' title='bbox 2942 3406 3062 3445; x_wconf 84' lang='lat' dir='ltr'><strong>eam</strong></span> <span class='ocrx_word' id='word_1_568' title='bbox 3092 3400 3293 3463; x_wconf 86' lang='lat' dir='ltr'><strong>tamen,</strong></span> <span class='ocrx_word' id='word_1_569' title='bbox 3323 3408 3445 3462; x_wconf 73' lang='lat' dir='ltr'><strong>qum</strong></span> 
     </span>
    </p>
   </div>
   <div class='ocr_carea' id='block_1_80' title="bbox 1871 3478 3444 3552">
    <p class='ocr_par' dir='ltr' id='par_1_80' title="bbox 1871 3478 3444 3552">
     <span class='ocr_line' id='line_1_80' title="bbox 1871 3478 3444 3552; baseline 0.003 -17"><span class='ocrx_word' id='word_1_570' title='bbox 1871 3497 2034 3551; x_wconf 88' lang='lat' dir='ltr'><strong>penes</strong></span> <span class='ocrx_word' id='word_1_571' title='bbox 2063 3480 2281 3535; x_wconf 66' lang='lat' dir='ltr'><strong>Graecos</strong></span> <span class='ocrx_word' id='word_1_572' title='bbox 2310 3488 2448 3543; x_wconf 85' lang='lat' dir='ltr'><strong>erat,</strong></span> <span class='ocrx_word' id='word_1_573' title='bbox 2487 3479 2635 3547; x_wconf 90' lang='lat' dir='ltr'><strong>quod</strong></span> <span class='ocrx_word' id='word_1_574' title='bbox 2686 3478 2860 3547; x_wconf 83' lang='lat' dir='ltr'><strong>ipsam</strong></span> <span class='ocrx_word' id='word_1_575' title='bbox 2912 3496 3106 3552; x_wconf 79' lang='lat' dir='ltr'><strong>magna</strong></span> <span class='ocrx_word' id='word_1_576' title='bbox 3146 3498 3271 3537; x_wconf 90' lang='lat' dir='ltr'><strong>cum</strong></span> <span class='ocrx_word' id='word_1_577' title='bbox 3332 3484 3444 3539; x_wconf 83' lang='lat' dir='ltr'><strong>dis-</strong></span> 
     </span>
    </p>
   </div>
   <div class='ocr_carea' id='block_1_81' title="bbox 1870 3572 3440 3644">
    <p class='ocr_par' dir='ltr' id='par_1_81' title="bbox 1870 3572 3440 3644">
     <span class='ocr_line' id='line_1_81' title="bbox 1870 3572 3440 3644; baseline 0.001 -15"><span class='ocrx_word' id='word_1_578' title='bbox 1870 3574 2125 3629; x_wconf 84' lang='lat' dir='ltr'><strong>sensione</strong></span> <span class='ocrx_word' id='word_1_579' title='bbox 2159 3572 2495 3637; x_wconf 85' lang='lat' dir='ltr'><strong>animorum,</strong></span> <span class='ocrx_word' id='word_1_580' title='bbox 2546 3579 2602 3627; x_wconf 89' lang='lat' dir='ltr'><strong>et</strong></span> <span class='ocrx_word' id='word_1_581' title='bbox 2638 3573 3005 3627; x_wconf 88' lang='lat' dir='ltr'><strong>contentionis</strong></span> <span class='ocrx_word' id='word_1_582' title='bbox 3050 3574 3232 3642; x_wconf 79' lang='lat' dir='ltr'><strong>potius</strong></span> <span class='ocrx_word' id='word_1_583' title='bbox 3278 3590 3440 3644; x_wconf 88' lang='lat' dir='ltr'><strong>quam</strong></span> 
     </span>
    </p>
   </div>
   <div class='ocr_carea' id='block_1_82' title="bbox 1873 3662 3443 3737">
    <p class='ocr_par' dir='ltr' id='par_1_82' title="bbox 1873 3662 3443 3737">
     <span class='ocr_line' id='line_1_82' title="bbox 1873 3662 3443 3737; baseline 0.003 -20"><span class='ocrx_word' id='word_1_584' title='bbox 1873 3664 2119 3720; x_wconf 90' lang='lat' dir='ltr'><strong>veritatis</strong></span> <span class='ocrx_word' id='word_1_585' title='bbox 2175 3664 2355 3719; x_wconf 86' lang='lat' dir='ltr'><strong>studio</strong></span> <span class='ocrx_word' id='word_1_586' title='bbox 2405 3662 2695 3718; x_wconf 76' lang='lat' dir='ltr'><strong>conﬂatam</strong></span> <span class='ocrx_word' id='word_1_587' title='bbox 2759 3680 2789 3717; x_wconf 87' lang='lat' dir='ltr'><strong>a</strong></span> <span class='ocrx_word' id='word_1_588' title='bbox 2836 3666 3113 3720; x_wconf 79' lang='lat' dir='ltr'><strong>nonnullis</strong></span> <span class='ocrx_word' id='word_1_589' title='bbox 3156 3682 3279 3722; x_wconf 90' lang='lat' dir='ltr'><strong>esse</strong></span> <span class='ocrx_word' id='word_1_590' title='bbox 3318 3683 3443 3737; x_wconf 80' lang='lat' dir='ltr'><strong>per-</strong></span> 
     </span>
    </p>
   </div>
   <div class='ocr_carea' id='block_1_83' title="bbox 1868 3755 3440 3828">
    <p class='ocr_par' dir='ltr' id='par_1_83' title="bbox 1868 3755 3440 3828">
     <span class='ocr_line' id='line_1_83' title="bbox 1868 3755 3440 3828; baseline 0.003 -18"><span class='ocrx_word' id='word_1_591' title='bbox 1868 3757 2129 3812; x_wconf 88' lang='lat' dir='ltr'><strong>viderem.</strong></span> <span class='ocrx_word' id='word_1_592' title='bbox 2168 3755 2351 3811; x_wconf 59' lang='lat' dir='ltr'><strong>nTum</strong></span> <span class='ocrx_word' id='word_1_593' title='bbox 2374 3757 2698 3826; x_wconf 86' lang='lat' dir='ltr'><strong>quibusdam</strong></span> <span class='ocrx_word' id='word_1_594' title='bbox 2741 3758 3037 3828; x_wconf 76' lang='lat' dir='ltr'><strong>interiectis</strong></span> <span class='ocrx_word' id='word_1_595' title='bbox 3058 3771 3073 3812; x_wconf 87' lang='lat'><strong>:</strong></span> <span class='ocrx_word' id='word_1_596' title='bbox 3098 3777 3115 3810; x_wconf 78' lang='grc' dir='ltr'><strong>ι</strong></span> <span class='ocrx_word' id='word_1_597' title='bbox 3141 3759 3224 3813; x_wconf 82' lang='lat' dir='ltr'><strong>Ad</strong></span> <span class='ocrx_word' id='word_1_598' title='bbox 3258 3760 3440 3826; x_wconf 78' lang='lat' dir='ltr'><strong>fidem,</strong></span> 
     </span>
    </p>
   </div>
   <div class='ocr_carea' id='block_1_84' title="bbox 1870 3850 3438 3921">
    <p class='ocr_par' dir='ltr' id='par_1_84' title="bbox 1870 3850 3438 3921">
     <span class='ocr_line' id='line_1_84' title="bbox 1870 3850 3438 3921; baseline 0.001 -18"><span class='ocrx_word' id='word_1_599' title='bbox 1870 3850 2065 3920; x_wconf 87' lang='lat' dir='ltr'><strong>inquit,</strong></span> <span class='ocrx_word' id='word_1_600' title='bbox 2096 3850 2242 3905; x_wconf 92' lang='lat' dir='ltr'><strong>illius</strong></span> <span class='ocrx_word' id='word_1_601' title='bbox 2277 3850 2495 3919; x_wconf 86' lang='lat' dir='ltr'><strong>scriptis</strong></span> <span class='ocrx_word' id='word_1_602' title='bbox 2524 3850 2910 3915; x_wconf 89' lang='lat' dir='ltr'><strong>adhibendam,</strong></span> <span class='ocrx_word' id='word_1_603' title='bbox 2939 3865 3005 3905; x_wconf 94' lang='lat' dir='ltr'><strong>eo</strong></span> <span class='ocrx_word' id='word_1_604' title='bbox 3032 3851 3270 3905; x_wconf 77' lang='lat' dir='ltr'><strong>maxime</strong></span> <span class='ocrx_word' id='word_1_605' title='bbox 3295 3854 3438 3921; x_wconf 82' lang='lat' dir='ltr'><strong>quod</strong></span> 
     </span>
    </p>
   </div>
   <div class='ocr_carea' id='block_1_85' title="bbox 1870 3942 3445 3999">
    <p class='ocr_par' dir='ltr' id='par_1_85' title="bbox 1870 3942 3445 3999">
     <span class='ocr_line' id='line_1_85' title="bbox 1870 3942 3445 3999; baseline 0.001 -2"><span class='ocrx_word' id='word_1_606' title='bbox 1870 3945 2043 3998; x_wconf 87' lang='lat' dir='ltr'><strong>oculis</strong></span> <span class='ocrx_word' id='word_1_607' title='bbox 2075 3944 2347 3998; x_wconf 89' lang='lat' dir='ltr'><strong>intuemur</strong></span> <span class='ocrx_word' id='word_1_608' title='bbox 2373 3942 2687 3999; x_wconf 68' lang='lat' dir='ltr'><strong>Graecorum</strong></span> <span class='ocrx_word' id='word_1_609' title='bbox 2718 3942 3001 3997; x_wconf 88' lang='lat' dir='ltr'><strong>hominum</strong></span> <span class='ocrx_word' id='word_1_610' title='bbox 3026 3943 3258 3997; x_wconf 83' lang='lat' dir='ltr'><strong>dissidio</strong></span> <span class='ocrx_word' id='word_1_611' title='bbox 3281 3945 3445 3998; x_wconf 53' lang='lat' dir='ltr'><strong>addu.</strong></span> 
     </span>
    </p>
   </div>
   <div class='ocr_carea' id='block_1_86' title="bbox 1870 4038 3445 4108">
    <p class='ocr_par' dir='ltr' id='par_1_86' title="bbox 1870 4038 3445 4108">
     <span class='ocr_line' id='line_1_86' title="bbox 1870 4038 3445 4108; baseline 0.002 -17"><span class='ocrx_word' id='word_1_612' title='bbox 1870 4040 1941 4092; x_wconf 90' lang='lat' dir='ltr'><strong>eti</strong></span> <span class='ocrx_word' id='word_1_613' title='bbox 1976 4054 2206 4102; x_wconf 82' lang='lat' dir='ltr'><strong>sumus;</strong></span> <span class='ocrx_word' id='word_1_614' title='bbox 2240 4038 2307 4093; x_wconf 89' lang='lat' dir='ltr'><strong>de</strong></span> <span class='ocrx_word' id='word_1_615' title='bbox 2345 4053 2454 4107; x_wconf 90' lang='lat' dir='ltr'><strong>quo</strong></span> <span class='ocrx_word' id='word_1_616' title='bbox 2481 4038 2585 4091; x_wconf 87' lang='lat' dir='ltr'><strong>tria</strong></span> <span class='ocrx_word' id='word_1_617' title='bbox 2618 4051 2834 4107; x_wconf 91' lang='lat' dir='ltr'><strong>quoque</strong></span> <span class='ocrx_word' id='word_1_618' title='bbox 2879 4038 3178 4103; x_wconf 89' lang='lat' dir='ltr'><strong>volumina,</strong></span> <span class='ocrx_word' id='word_1_619' title='bbox 3206 4054 3445 4108; x_wconf 86' lang='lat' dir='ltr'><strong>quorum</strong></span> 
     </span>
    </p>
   </div>
   <div class='ocr_carea' id='block_1_87' title="bbox 1868 4129 3444 4200">
    <p class='ocr_par' dir='ltr' id='par_1_87' title="bbox 1868 4129 3444 4200">
     <span class='ocr_line' id='line_1_87' title="bbox 1868 4129 3444 4200; baseline 0.002 -17"><span class='ocrx_word' id='word_1_620' title='bbox 1868 4130 2152 4200; x_wconf 88' lang='lat' dir='ltr'><strong>inscriptio</strong></span> <span class='ocrx_word' id='word_1_621' title='bbox 2192 4140 2295 4193; x_wconf 88' lang='lat' dir='ltr'><strong>est,</strong></span> <span class='ocrx_word' id='word_1_622' title='bbox 2346 4129 2424 4183; x_wconf 82' lang='lat' dir='ltr'><strong>De</strong></span> <span class='ocrx_word' id='word_1_623' title='bbox 2454 4129 2752 4183; x_wconf 82' lang='lat' dir='ltr'><strong>incredibili</strong></span> <span class='ocrx_word' id='word_1_624' title='bbox 2779 4130 3029 4195; x_wconf 74' lang='lat' dir='ltr'><strong>historia,</strong></span> <span class='ocrx_word' id='word_1_625' title='bbox 3070 4130 3313 4199; x_wconf 76' lang='lat' dir='ltr'><strong>studiose</strong></span> <span class='ocrx_word' id='word_1_626' title='bbox 3378 4147 3444 4186; x_wconf 89' lang='lat' dir='ltr'><strong>ac</strong></span> 
     </span>
    </p>
   </div>
   <div class='ocr_carea' id='block_1_88' title="bbox 1866 4219 3445 4290">
    <p class='ocr_par' dir='ltr' id='par_1_88' title="bbox 1866 4219 3445 4290">
     <span class='ocr_line' id='line_1_88' title="bbox 1866 4219 3445 4290; baseline -0.001 -13"><span class='ocrx_word' id='word_1_627' title='bbox 1866 4222 2150 4290; x_wconf 79' lang='lat' dir='ltr'><strong>diligenter</strong></span> <span class='ocrx_word' id='word_1_628' title='bbox 2186 4219 2608 4274; x_wconf 85' lang='lat' dir='ltr'><strong>elaboravimus.</strong></span> <span class='ocrx_word' id='word_1_629' title='bbox 2646 4238 2664 4271; x_wconf 76' lang='grc' dir='ltr'><strong>ι</strong></span> <span class='ocrx_word' id='word_1_630' title='bbox 2693 4219 2769 4273; x_wconf 80' lang='lat' dir='ltr'><strong>Ac</strong></span> <span class='ocrx_word' id='word_1_631' title='bbox 2787 4234 3003 4272; x_wconf 90' lang='lat' dir='ltr'><strong>rursum</strong></span> <span class='ocrx_word' id='word_1_632' title='bbox 3036 4229 3154 4288; x_wconf 82' lang='lat' dir='ltr'><strong>post</strong></span> <span class='ocrx_word' id='word_1_633' title='bbox 3176 4221 3280 4274; x_wconf 90' lang='lat' dir='ltr'><strong>alia</strong></span> <span class='ocrx_word' id='word_1_634' title='bbox 3308 4237 3445 4275; x_wconf 63' lang='lat' dir='ltr'><strong>nono</strong></span> 
     </span>
    </p>
   </div>
   <div class='ocr_carea' id='block_1_89' title="bbox 1867 4311 3445 4381">
    <p class='ocr_par' dir='ltr' id='par_1_89' title="bbox 1867 4311 3445 4381">
     <span class='ocr_line' id='line_1_89' title="bbox 1867 4311 3445 4381; baseline 0 -14"><span class='ocrx_word' id='word_1_635' title='bbox 1867 4313 2035 4375; x_wconf 86' lang='lat' dir='ltr'><strong>nulla,</strong></span> <span class='ocrx_word' id='word_1_636' title='bbox 2069 4312 2253 4366; x_wconf 89' lang='lat' dir='ltr'><strong>subdit</strong></span> <span class='ocrx_word' id='word_1_637' title='bbox 2282 4329 2296 4366; x_wconf 91' lang='lat'>:</span> <span class='ocrx_word' id='word_1_638' title='bbox 2333 4329 2352 4363; x_wconf 80' lang='grc' dir='ltr'><strong>ι</strong></span> <span class='ocrx_word' id='word_1_639' title='bbox 2386 4312 2507 4369; x_wconf 78' lang='lat' dir='ltr'><strong>lam</strong></span> <span class='ocrx_word' id='word_1_640' title='bbox 2553 4326 2705 4375; x_wconf 90' lang='lat' dir='ltr'><strong>vero,</strong></span> <span class='ocrx_word' id='word_1_641' title='bbox 2731 4326 2841 4381; x_wconf 87' lang='lat' dir='ltr'><strong>quo</strong></span> <span class='ocrx_word' id='word_1_642' title='bbox 2885 4311 3149 4367; x_wconf 85' lang='lat' dir='ltr'><strong>illustrior</strong></span> <span class='ocrx_word' id='word_1_643' title='bbox 3182 4312 3445 4368; x_wconf 86' lang='lat' dir='ltr'><strong>habeatur</strong></span> 
     </span>
    </p>
   </div>
   <div class='ocr_carea' id='block_1_90' title="bbox 1866 4400 3441 4473">
    <p class='ocr_par' dir='ltr' id='par_1_90' title="bbox 1866 4400 3441 4473">
     <span class='ocr_line' id='line_1_90' title="bbox 1866 4400 3441 4473; baseline 0.001 -15"><span class='ocrx_word' id='word_1_644' title='bbox 1866 4404 2147 4473; x_wconf 80' lang='lat' dir='ltr'><strong>magisque</strong></span> <span class='ocrx_word' id='word_1_645' title='bbox 2176 4400 2433 4457; x_wconf 87' lang='lat' dir='ltr'><strong>distincta</strong></span> <span class='ocrx_word' id='word_1_646' title='bbox 2466 4402 2543 4457; x_wconf 87' lang='lat' dir='ltr'><strong>rei</strong></span> <span class='ocrx_word' id='word_1_647' title='bbox 2568 4403 2736 4457; x_wconf 90' lang='lat' dir='ltr'><strong>totius</strong></span> <span class='ocrx_word' id='word_1_648' title='bbox 2758 4404 3111 4473; x_wconf 79' lang='lat' dir='ltr'><strong>intelligentia</strong></span> <span class='ocrx_word' id='word_1_649' title='bbox 3144 4405 3249 4460; x_wconf 89' lang='lat' dir='ltr'><strong>hoc</strong></span> <span class='ocrx_word' id='word_1_650' title='bbox 3277 4406 3441 4459; x_wconf 89' lang='lat' dir='ltr'><strong>etiam</strong></span> 
     </span>
    </p>
   </div>
   <div class='ocr_carea' id='block_1_91' title="bbox 166 4496 3445 4574">
    <p class='ocr_par' dir='ltr' id='par_1_91' title="bbox 166 4496 3445 4574">
     <span class='ocr_line' id='line_1_91' title="bbox 166 4496 3445 4574; baseline -0.002 -15"><span class='ocrx_word' id='word_1_651' title='bbox 166 4516 293 4560; x_wconf 75' lang='lat' dir='ltr'><strong>ante</strong></span> <span class='ocrx_word' id='word_1_652' title='bbox 343 4504 535 4559; x_wconf 90' lang='lat' dir='ltr'><strong>omnia</strong></span> <span class='ocrx_word' id='word_1_653' title='bbox 585 4518 787 4574; x_wconf 88' lang='lat' dir='ltr'><strong>ponere</strong></span> <span class='ocrx_word' id='word_1_654' title='bbox 832 4519 934 4559; x_wconf 82' lang='lat' dir='ltr'><strong>nos</strong></span> <span class='ocrx_word' id='word_1_655' title='bbox 975 4510 1220 4573; x_wconf 88' lang='lat' dir='ltr'><strong>oportet,</strong></span> <span class='ocrx_word' id='word_1_656' title='bbox 1271 4500 1628 4556; x_wconf 86' lang='lat' dir='ltr'><strong>barbarorum</strong></span> <span class='ocrx_word' id='word_1_657' title='bbox 1676 4499 2110 4571; x_wconf 88' lang='lat' dir='ltr'><strong>antiquissimos,</strong></span> <span class='ocrx_word' id='word_1_658' title='bbox 2151 4496 2435 4554; x_wconf 73' lang='lat' dir='ltr'><strong>thnices</strong></span> <span class='ocrx_word' id='word_1_659' title='bbox 2475 4498 2529 4552; x_wconf 89' lang='lat' dir='ltr'><strong>in</strong></span> <span class='ocrx_word' id='word_1_660' title='bbox 2573 4498 2764 4567; x_wconf 77' lang='lat' dir='ltr'><strong>primis</strong></span> <span class='ocrx_word' id='word_1_661' title='bbox 2796 4509 2850 4555; x_wconf 92' lang='lat' dir='ltr'><strong>et</strong></span> <span class='ocrx_word' id='word_1_662' title='bbox 2879 4498 3185 4571; x_wconf 62' lang='lat' dir='ltr'><strong>Egyptios,</strong></span> <span class='ocrx_word' id='word_1_663' title='bbox 3240 4516 3268 4555; x_wconf 92' lang='lat' dir='ltr'><strong>a</strong></span> <span class='ocrx_word' id='word_1_664' title='bbox 3316 4501 3445 4569; x_wconf 55' lang='lat' dir='ltr'><strong>qui.</strong></span> 
     </span>
    </p>
   </div>
   <div class='ocr_carea' id='block_1_92' title="bbox 168 4594 3441 4669">
    <p class='ocr_par' dir='ltr' id='par_1_92' title="bbox 168 4594 3441 4669">
     <span class='ocr_line' id='line_1_92' title="bbox 168 4594 3441 4669; baseline -0.002 -14"><span class='ocrx_word' id='word_1_665' title='bbox 168 4602 268 4655; x_wconf 83' lang='lat' dir='ltr'><strong>bus</strong></span> <span class='ocrx_word' id='word_1_666' title='bbox 289 4600 482 4655; x_wconf 59' lang='lat' dir='ltr'><strong>exteri</strong></span> <span class='ocrx_word' id='word_1_667' title='bbox 510 4600 766 4669; x_wconf 86' lang='lat' dir='ltr'><strong>deinceps</strong></span> <span class='ocrx_word' id='word_1_668' title='bbox 799 4599 979 4669; x_wconf 89' lang='lat' dir='ltr'><strong>populi</strong></span> <span class='ocrx_word' id='word_1_669' title='bbox 1014 4613 1220 4652; x_wconf 89' lang='lat' dir='ltr'><strong>morem</strong></span> <span class='ocrx_word' id='word_1_670' title='bbox 1257 4597 1408 4651; x_wconf 92' lang='lat' dir='ltr'><strong>illum</strong></span> <span class='ocrx_word' id='word_1_671' title='bbox 1453 4610 1746 4665; x_wconf 89' lang='lat' dir='ltr'><strong>accepere,</strong></span> <span class='ocrx_word' id='word_1_672' title='bbox 1786 4597 1840 4651; x_wconf 94' lang='lat' dir='ltr'><strong>in</strong></span> <span class='ocrx_word' id='word_1_673' title='bbox 1909 4594 2273 4649; x_wconf 80' lang='lat' dir='ltr'><strong>maximorum</strong></span> <span class='ocrx_word' id='word_1_674' title='bbox 2314 4594 2541 4649; x_wconf 92' lang='lat' dir='ltr'><strong>deorum</strong></span> <span class='ocrx_word' id='word_1_675' title='bbox 2587 4594 2708 4650; x_wconf 86' lang='lat' dir='ltr'><strong>loco</strong></span> <span class='ocrx_word' id='word_1_676' title='bbox 2752 4610 2847 4650; x_wconf 86' lang='lat' dir='ltr'><strong>eos</strong></span> <span class='ocrx_word' id='word_1_677' title='bbox 2915 4610 3107 4651; x_wconf 87' lang='lat' dir='ltr'><strong>omnes</strong></span> <span class='ocrx_word' id='word_1_678' title='bbox 3148 4596 3441 4662; x_wconf 86' lang='lat' dir='ltr'><strong>habuisse,</strong></span> 
     </span>
    </p>
   </div>
   <div class='ocr_carea' id='block_1_93' title="bbox 170 4688 3447 4767">
    <p class='ocr_par' dir='ltr' id='par_1_93' title="bbox 170 4688 3447 4767">
     <span class='ocr_line' id='line_1_93' title="bbox 170 4688 3447 4767; baseline -0.002 -18"><span class='ocrx_word' id='word_1_679' title='bbox 170 4698 258 4767; x_wconf 89' lang='lat' dir='ltr'><strong>qui</strong></span> <span class='ocrx_word' id='word_1_680' title='bbox 292 4711 386 4751; x_wconf 88' lang='lat' dir='ltr'><strong>res</strong></span> <span class='ocrx_word' id='word_1_681' title='bbox 418 4695 491 4750; x_wconf 83' lang='lat' dir='ltr'><strong>ad</strong></span> <span class='ocrx_word' id='word_1_682' title='bbox 525 4696 691 4750; x_wconf 90' lang='lat' dir='ltr'><strong>vitam</strong></span> <span class='ocrx_word' id='word_1_683' title='bbox 714 4695 977 4766; x_wconf 80' lang='lat' dir='ltr'><strong>agendam</strong></span> <span class='ocrx_word' id='word_1_684' title='bbox 1018 4694 1354 4749; x_wconf 89' lang='lat' dir='ltr'><strong>necessarias</strong></span> <span class='ocrx_word' id='word_1_685' title='bbox 1405 4692 1759 4758; x_wconf 85' lang='lat' dir='ltr'><strong>invenissent,</strong></span> <span class='ocrx_word' id='word_1_686' title='bbox 1803 4692 1895 4762; x_wconf 92' lang='lat' dir='ltr'><strong>qui</strong></span> <span class='ocrx_word' id='word_1_687' title='bbox 1947 4706 2056 4760; x_wconf 92' lang='lat' dir='ltr'><strong>que</strong></span> <span class='ocrx_word' id='word_1_688' title='bbox 2100 4688 2422 4745; x_wconf 80' lang='lat' dir='ltr'><strong>beneﬁcium</strong></span> <span class='ocrx_word' id='word_1_689' title='bbox 2454 4690 2672 4762; x_wconf 88' lang='lat' dir='ltr'><strong>aliquod</strong></span> <span class='ocrx_word' id='word_1_690' title='bbox 2705 4690 2758 4745; x_wconf 93' lang='lat' dir='ltr'><strong>in</strong></span> <span class='ocrx_word' id='word_1_691' title='bbox 2790 4706 2960 4762; x_wconf 77' lang='lat' dir='ltr'><strong>genus</strong></span> <span class='ocrx_word' id='word_1_692' title='bbox 3000 4692 3281 4745; x_wconf 80' lang='lat' dir='ltr'><strong>hominum</strong></span> <span class='ocrx_word' id='word_1_693' title='bbox 3312 4704 3447 4745; x_wconf 70' lang='lat' dir='ltr'><strong>cono</strong></span> 
     </span>
    </p>
   </div>
   <div class='ocr_carea' id='block_1_94' title="bbox 172 4782 3443 4857">
    <p class='ocr_par' dir='ltr' id='par_1_94' title="bbox 172 4782 3443 4857">
     <span class='ocr_line' id='line_1_94' title="bbox 172 4782 3443 4857; baseline -0.001 -15"><span class='ocrx_word' id='word_1_694' title='bbox 172 4791 455 4843; x_wconf 84' lang='lat' dir='ltr'><strong>tulissent.</strong></span> <span class='ocrx_word' id='word_1_695' title='bbox 498 4786 605 4842; x_wconf 84' lang='lat' dir='ltr'><strong>Eos</strong></span> <span class='ocrx_word' id='word_1_696' title='bbox 640 4788 899 4841; x_wconf 90' lang='lat' dir='ltr'><strong>nimirum</strong></span> <span class='ocrx_word' id='word_1_697' title='bbox 939 4786 1085 4857; x_wconf 91' lang='lat' dir='ltr'><strong>quod</strong></span> <span class='ocrx_word' id='word_1_698' title='bbox 1113 4786 1216 4841; x_wconf 91' lang='lat' dir='ltr'><strong>sibi</strong></span> <span class='ocrx_word' id='word_1_699' title='bbox 1247 4784 1606 4855; x_wconf 91' lang='lat' dir='ltr'><strong>plurimorum</strong></span> <span class='ocrx_word' id='word_1_700' title='bbox 1665 4793 1925 4839; x_wconf 90' lang='lat' dir='ltr'><strong>auctores</strong></span> <span class='ocrx_word' id='word_1_701' title='bbox 1978 4783 2246 4837; x_wconf 89' lang='lat' dir='ltr'><strong>bonorum</strong></span> <span class='ocrx_word' id='word_1_702' title='bbox 2315 4798 2438 4839; x_wconf 82' lang='lat' dir='ltr'><strong>esse</strong></span> <span class='ocrx_word' id='word_1_703' title='bbox 2476 4783 2888 4853; x_wconf 82' lang='lat' dir='ltr'><strong>persuaderent,</strong></span> <span class='ocrx_word' id='word_1_704' title='bbox 2956 4782 3152 4838; x_wconf 91' lang='lat' dir='ltr'><strong>divinis</strong></span> <span class='ocrx_word' id='word_1_705' title='bbox 3219 4782 3443 4838; x_wconf 83' lang='lat' dir='ltr'><strong>honori-</strong></span> 
     </span>
    </p>
   </div>
   <div class='ocr_carea' id='block_1_95' title="bbox 171 4879 3439 4951">
    <p class='ocr_par' dir='ltr' id='par_1_95' title="bbox 171 4879 3439 4951">
     <span class='ocr_line' id='line_1_95' title="bbox 171 4879 3439 4951; baseline -0.001 -15"><span class='ocrx_word' id='word_1_706' title='bbox 171 4883 269 4936; x_wconf 78' lang='lat' dir='ltr'><strong>bus</strong></span> <span class='ocrx_word' id='word_1_707' title='bbox 294 4884 523 4938; x_wconf 86' lang='lat' dir='ltr'><strong>coluere</strong></span> <span class='ocrx_word' id='word_1_708' title='bbox 551 4901 567 4948; x_wconf 92' lang='lat'><strong>;</strong></span> <span class='ocrx_word' id='word_1_709' title='bbox 600 4898 663 4937; x_wconf 88' lang='lat' dir='ltr'><strong>ac</strong></span> <span class='ocrx_word' id='word_1_710' title='bbox 692 4881 1017 4951; x_wconf 83' lang='lat' dir='ltr'><strong>templorum</strong></span> <span class='ocrx_word' id='word_1_711' title='bbox 1045 4897 1170 4945; x_wconf 89' lang='lat' dir='ltr'><strong>usu,</strong></span> <span class='ocrx_word' id='word_1_712' title='bbox 1200 4895 1321 4947; x_wconf 63' lang='lat' dir='ltr'><strong>qum</strong></span> <span class='ocrx_word' id='word_1_713' title='bbox 1342 4880 1455 4950; x_wconf 86' lang='lat' dir='ltr'><strong>jam</strong></span> <span class='ocrx_word' id='word_1_714' title='bbox 1489 4888 1615 4934; x_wconf 86' lang='lat' dir='ltr'><strong>ante</strong></span> <span class='ocrx_word' id='word_1_715' title='bbox 1673 4888 1986 4936; x_wconf 89' lang='lat' dir='ltr'><strong>constructa</strong></span> <span class='ocrx_word' id='word_1_716' title='bbox 2017 4879 2251 4946; x_wconf 86' lang='lat' dir='ltr'><strong>fuerant,</strong></span> <span class='ocrx_word' id='word_1_717' title='bbox 2285 4879 2389 4934; x_wconf 88' lang='lat' dir='ltr'><strong>hoe</strong></span> <span class='ocrx_word' id='word_1_718' title='bbox 2420 4880 2487 4934; x_wconf 90' lang='lat' dir='ltr'><strong>ad</strong></span> <span class='ocrx_word' id='word_1_719' title='bbox 2542 4895 2744 4935; x_wconf 86' lang='lat' dir='ltr'><strong>munus</strong></span> <span class='ocrx_word' id='word_1_720' title='bbox 2772 4880 3118 4950; x_wconf 47' lang='lat' dir='ltr'><strong>olli-Ciumque</strong></span> <span class='ocrx_word' id='word_1_721' title='bbox 3154 4879 3439 4947; x_wconf 86' lang='lat' dir='ltr'><strong>traducto,</strong></span> 
     </span>
    </p>
   </div>
   <div class='ocr_carea' id='block_1_96' title="bbox 170 4973 3441 5046">
    <p class='ocr_par' dir='ltr' id='par_1_96' title="bbox 170 4973 3441 5046">
     <span class='ocr_line' id='line_1_96' title="bbox 170 4973 3441 5046; baseline -0.001 -15"><span class='ocrx_word' id='word_1_722' title='bbox 170 4976 273 5046; x_wconf 77' lang='lat'><strong><em>33</em></strong></span> <span class='ocrx_word' id='word_1_723' title='bbox 315 4977 611 5031; x_wconf 86' lang='lat' dir='ltr'><strong>columnas</strong></span> <span class='ocrx_word' id='word_1_724' title='bbox 662 4976 886 5045; x_wconf 90' lang='lat' dir='ltr'><strong>insuper</strong></span> <span class='ocrx_word' id='word_1_725' title='bbox 937 4976 1227 5045; x_wconf 71' lang='lat' dir='ltr'><strong>virgasque</strong></span> <span class='ocrx_word' id='word_1_726' title='bbox 1270 4974 1476 5045; x_wconf 79' lang='lat' dir='ltr'><strong>ligneas</strong></span> <span class='ocrx_word' id='word_1_727' title='bbox 1532 4974 1776 5044; x_wconf 89' lang='lat' dir='ltr'><strong>ipsorum</strong></span> <span class='ocrx_word' id='word_1_728' title='bbox 1840 4974 2062 5028; x_wconf 90' lang='lat' dir='ltr'><strong>nomine</strong></span> <span class='ocrx_word' id='word_1_729' title='bbox 2140 4982 2531 5030; x_wconf 88' lang='lat' dir='ltr'><strong>consecrarunt</strong></span> <span class='ocrx_word' id='word_1_730' title='bbox 2590 4990 2763 5045; x_wconf 84' lang='lat' dir='ltr'><strong>eaque</strong></span> <span class='ocrx_word' id='word_1_731' title='bbox 2841 4975 3115 5045; x_wconf 65' lang='lat' dir='ltr'><strong>praecipuo</strong></span> <span class='ocrx_word' id='word_1_732' title='bbox 3160 4973 3441 5044; x_wconf 78' lang='lat' dir='ltr'><strong>religionis</strong></span> 
     </span>
    </p>
   </div>
   <div class='ocr_carea' id='block_1_97' title="bbox 173 5067 3441 5139">
    <p class='ocr_par' dir='ltr' id='par_1_97' title="bbox 173 5067 3441 5139">
     <span class='ocr_line' id='line_1_97' title="bbox 173 5067 3441 5139; baseline -0 -16"><span class='ocrx_word' id='word_1_733' title='bbox 173 5071 320 5123; x_wconf 88' lang='lat' dir='ltr'><strong>cultu</strong></span> <span class='ocrx_word' id='word_1_734' title='bbox 375 5068 663 5139; x_wconf 87' lang='lat' dir='ltr'><strong>prosecuti</strong></span> <span class='ocrx_word' id='word_1_735' title='bbox 765 5068 1075 5135; x_wconf 67' lang='lat' dir='ltr'><strong>Phoenices,</strong></span> <span class='ocrx_word' id='word_1_736' title='bbox 1169 5067 1339 5124; x_wconf 87' lang='lat' dir='ltr'><strong>festos</strong></span> <span class='ocrx_word' id='word_1_737' title='bbox 1408 5068 1515 5123; x_wconf 89' lang='lat' dir='ltr'><strong>illis</strong></span> <span class='ocrx_word' id='word_1_738' title='bbox 1574 5083 1792 5139; x_wconf 89' lang='lat' dir='ltr'><strong>quoque</strong></span> <span class='ocrx_word' id='word_1_739' title='bbox 1829 5068 1945 5124; x_wconf 89' lang='lat' dir='ltr'><strong>dies</strong></span> <span class='ocrx_word' id='word_1_740' title='bbox 2008 5068 2166 5139; x_wconf 81' lang='lat' dir='ltr'><strong>longe</strong></span> <span class='ocrx_word' id='word_1_741' title='bbox 2225 5067 2609 5125; x_wconf 89' lang='lat' dir='ltr'><strong>celeberrimos</strong></span> <span class='ocrx_word' id='word_1_742' title='bbox 2676 5069 3015 5124; x_wconf 89' lang='lat' dir='ltr'><strong>dedicarunt.</strong></span> <span class='ocrx_word' id='word_1_743' title='bbox 3060 5067 3117 5122; x_wconf 90' lang='lat' dir='ltr'><strong>In</strong></span> <span class='ocrx_word' id='word_1_744' title='bbox 3175 5085 3286 5139; x_wconf 91' lang='lat' dir='ltr'><strong>quo</strong></span> <span class='ocrx_word' id='word_1_745' title='bbox 3316 5070 3441 5139; x_wconf 90' lang='lat' dir='ltr'><strong>qui-</strong></span> 
     </span>
    </p>
   </div>
   <div class='ocr_carea' id='block_1_98' title="bbox 170 5162 3443 5235">
    <p class='ocr_par' dir='ltr' id='par_1_98' title="bbox 170 5162 3443 5235">
     <span class='ocr_line' id='line_1_98' title="bbox 170 5162 3443 5235; baseline -0.001 -16"><span class='ocrx_word' id='word_1_746' title='bbox 170 5167 290 5219; x_wconf 77' lang='lat' dir='ltr'><strong>dem</strong></span> <span class='ocrx_word' id='word_1_747' title='bbox 354 5165 627 5220; x_wconf 79' lang='lat' dir='ltr'><strong>eximium</strong></span> <span class='ocrx_word' id='word_1_748' title='bbox 661 5166 793 5220; x_wconf 89' lang='lat' dir='ltr'><strong>illud</strong></span> <span class='ocrx_word' id='word_1_749' title='bbox 860 5164 984 5229; x_wconf 85' lang='lat' dir='ltr'><strong>fuit,</strong></span> <span class='ocrx_word' id='word_1_750' title='bbox 1014 5165 1161 5235; x_wconf 92' lang='lat' dir='ltr'><strong>quod</strong></span> <span class='ocrx_word' id='word_1_751' title='bbox 1200 5178 1388 5234; x_wconf 85' lang='lat' dir='ltr'><strong>regum</strong></span> <span class='ocrx_word' id='word_1_752' title='bbox 1425 5178 1652 5219; x_wconf 83' lang='lat' dir='ltr'><strong>suorum</strong></span> <span class='ocrx_word' id='word_1_753' title='bbox 1710 5165 1931 5220; x_wconf 90' lang='lat' dir='ltr'><strong>nomina</strong></span> <span class='ocrx_word' id='word_1_754' title='bbox 1980 5162 2222 5218; x_wconf 89' lang='lat' dir='ltr'><strong>universi</strong></span> <span class='ocrx_word' id='word_1_755' title='bbox 2273 5165 2435 5232; x_wconf 86' lang='lat' dir='ltr'><strong>hujus</strong></span> <span class='ocrx_word' id='word_1_756' title='bbox 2483 5165 2793 5229; x_wconf 80' lang='lat' dir='ltr'><strong>elementis,</strong></span> <span class='ocrx_word' id='word_1_757' title='bbox 2865 5180 2927 5217; x_wconf 93' lang='lat' dir='ltr'><strong>ac</strong></span> <span class='ocrx_word' id='word_1_758' title='bbox 2972 5163 3298 5232; x_wconf 86' lang='lat' dir='ltr'><strong>quibusdam</strong></span> <span class='ocrx_word' id='word_1_759' title='bbox 3346 5177 3443 5215; x_wconf 87' lang='lat' dir='ltr'><strong>eo-</strong></span> 
     </span>
    </p>
   </div>
   <div class='ocr_carea' id='block_1_99' title="bbox 170 5239 3445 5327">
    <p class='ocr_par' dir='ltr' id='par_1_99' title="bbox 170 5239 3445 5327">
     <span class='ocr_line' id='line_1_99' title="bbox 170 5239 3445 5327; baseline -0.002 -17"><span class='ocrx_word' id='word_1_760' title='bbox 170 5273 312 5323; x_wconf 86' lang='lat' dir='ltr'><strong>rum,</strong></span> <span class='ocrx_word' id='word_1_761' title='bbox 342 5258 553 5327; x_wconf 89' lang='lat' dir='ltr'><strong>quibus</strong></span> <span class='ocrx_word' id='word_1_762' title='bbox 591 5239 929 5312; x_wconf 84' lang='lat' dir='ltr'><strong>divinitatem</strong></span> <span class='ocrx_word' id='word_1_763' title='bbox 978 5257 1081 5325; x_wconf 89' lang='lat' dir='ltr'><strong>ipsi</strong></span> <span class='ocrx_word' id='word_1_764' title='bbox 1133 5256 1462 5320; x_wconf 87' lang='lat' dir='ltr'><strong>tribucbant,</strong></span> <span class='ocrx_word' id='word_1_765' title='bbox 1504 5256 1862 5325; x_wconf 89' lang='lat' dir='ltr'><strong>imponerent.</strong></span> <span class='ocrx_word' id='word_1_766' title='bbox 1905 5253 2191 5309; x_wconf 83' lang='lat' dir='ltr'><strong>Naturales</strong></span> <span class='ocrx_word' id='word_1_767' title='bbox 2243 5270 2408 5325; x_wconf 86' lang='lat' dir='ltr'><strong>porro</strong></span> <span class='ocrx_word' id='word_1_768' title='bbox 2431 5256 2584 5322; x_wconf 92' lang='lat' dir='ltr'><strong>deos,</strong></span> <span class='ocrx_word' id='word_1_769' title='bbox 2626 5256 2818 5317; x_wconf 88' lang='lat' dir='ltr'><strong>solem,</strong></span> <span class='ocrx_word' id='word_1_770' title='bbox 2854 5254 3062 5316; x_wconf 88' lang='lat' dir='ltr'><strong>lunam,</strong></span> <span class='ocrx_word' id='word_1_771' title='bbox 3099 5254 3445 5322; x_wconf 77' lang='lat' dir='ltr'><strong>reliquasque</strong></span> 
     </span>
    </p>
   </div>
   <div class='ocr_carea' id='block_1_100' title="bbox 174 5338 3447 5418">
    <p class='ocr_par' dir='ltr' id='par_1_100' title="bbox 174 5338 3447 5418">
     <span class='ocr_line' id='line_1_100' title="bbox 174 5338 3447 5418; baseline -0.002 -15"><span class='ocrx_word' id='word_1_772' title='bbox 174 5352 355 5406; x_wconf 82' lang='lat' dir='ltr'><strong>stellas</strong></span> <span class='ocrx_word' id='word_1_773' title='bbox 373 5352 704 5415; x_wconf 79' lang='lat' dir='ltr'><strong>inerrantes,</strong></span> <span class='ocrx_word' id='word_1_774' title='bbox 748 5366 871 5405; x_wconf 90' lang='lat' dir='ltr'><strong>cum</strong></span> <span class='ocrx_word' id='word_1_775' title='bbox 896 5349 1180 5405; x_wconf 89' lang='lat' dir='ltr'><strong>elementis</strong></span> <span class='ocrx_word' id='word_1_776' title='bbox 1208 5364 1272 5403; x_wconf 90' lang='lat' dir='ltr'><strong>ac</strong></span> <span class='ocrx_word' id='word_1_777' title='bbox 1307 5348 1516 5403; x_wconf 59' lang='lat' dir='ltr'><strong>caeteris</strong></span> <span class='ocrx_word' id='word_1_778' title='bbox 1547 5364 1671 5403; x_wconf 92' lang='lat' dir='ltr'><strong>cum</strong></span> <span class='ocrx_word' id='word_1_779' title='bbox 1724 5338 1967 5418; x_wconf 86' lang='lat' dir='ltr'><strong>ejusdem</strong></span> <span class='ocrx_word' id='word_1_780' title='bbox 1995 5348 2255 5403; x_wconf 78' lang='lat' dir='ltr'><strong>aliinitate</strong></span> <span class='ocrx_word' id='word_1_781' title='bbox 2287 5348 2617 5417; x_wconf 87' lang='lat' dir='ltr'><strong>conjunctis,</strong></span> <span class='ocrx_word' id='word_1_782' title='bbox 2674 5346 2791 5401; x_wconf 87' lang='lat' dir='ltr'><strong>solo</strong></span> <span class='ocrx_word' id='word_1_783' title='bbox 2813 5361 2879 5398; x_wconf 82' lang='lat' dir='ltr'><strong>ex</strong></span> <span class='ocrx_word' id='word_1_784' title='bbox 2906 5343 3159 5398; x_wconf 88' lang='lat' dir='ltr'><strong>omnibus</strong></span> <span class='ocrx_word' id='word_1_785' title='bbox 3190 5360 3447 5413; x_wconf 74' lang='lat' dir='ltr'><strong>agnosce-</strong></span> 
     </span>
    </p>
   </div>
   <div class='ocr_carea' id='block_1_101' title="bbox 175 5438 3446 5517">
    <p class='ocr_par' dir='ltr' id='par_1_101' title="bbox 175 5438 3446 5517">
     <span class='ocr_line' id='line_1_101' title="bbox 175 5438 3446 5517; baseline -0.003 -17"><span class='ocrx_word' id='word_1_786' title='bbox 175 5445 327 5513; x_wconf 75' lang='lat' dir='ltr'><strong>bant;</strong></span> <span class='ocrx_word' id='word_1_787' title='bbox 398 5458 462 5501; x_wconf 89' lang='lat' dir='ltr'><strong>ut</strong></span> <span class='ocrx_word' id='word_1_788' title='bbox 536 5456 790 5502; x_wconf 84' lang='lat' dir='ltr'><strong>mortates</strong></span> <span class='ocrx_word' id='word_1_789' title='bbox 828 5446 1050 5517; x_wconf 90' lang='lat' dir='ltr'><strong>quidem</strong></span> <span class='ocrx_word' id='word_1_790' title='bbox 1116 5445 1276 5513; x_wconf 88' lang='lat' dir='ltr'><strong>alios,</strong></span> <span class='ocrx_word' id='word_1_791' title='bbox 1318 5445 1453 5499; x_wconf 87' lang='lat' dir='ltr'><strong>alios</strong></span> <span class='ocrx_word' id='word_1_792' title='bbox 1505 5457 1684 5499; x_wconf 88' lang='lat' dir='ltr'><strong>autem</strong></span> <span class='ocrx_word' id='word_1_793' title='bbox 1746 5444 2081 5500; x_wconf 88' lang='lat' dir='ltr'><strong>immortales</strong></span> <span class='ocrx_word' id='word_1_794' title='bbox 2144 5446 2277 5499; x_wconf 88' lang='lat' dir='ltr'><strong>deos</strong></span> <span class='ocrx_word' id='word_1_795' title='bbox 2340 5444 2623 5498; x_wconf 88' lang='lat' dir='ltr'><strong>haberent.</strong></span> <span class='ocrx_word' id='word_1_796' title='bbox 2675 5461 2693 5496; x_wconf 76' lang='grc' dir='ltr'><strong>ι</strong></span> <span class='ocrx_word' id='word_1_797' title='bbox 2724 5438 2936 5506; x_wconf 85' lang='lat' dir='ltr'><strong>Quibus</strong></span> <span class='ocrx_word' id='word_1_798' title='bbox 2981 5439 3140 5495; x_wconf 85' lang='lat' dir='ltr'><strong>Philo</strong></span> <span class='ocrx_word' id='word_1_799' title='bbox 3206 5438 3446 5493; x_wconf 77' lang='lat' dir='ltr'><strong>breviter</strong></span> 
     </span>
    </p>
   </div>
   <div class='ocr_carea' id='block_1_102' title="bbox 244 5675 1769 5759">
    <p class='ocr_par' dir='ltr' id='par_1_102' title="bbox 244 5681 1747 5759">
     <span class='ocr_line' id='line_1_102' title="bbox 244 5681 1747 5759; baseline -0.005 -18"><span class='ocrx_word' id='word_1_800' title='bbox 244 5688 359 5759; x_wconf 71' lang='lat'><strong>(3‘2)</strong></span> <span class='ocrx_word' id='word_1_801' title='bbox 400 5684 541 5759; x_wconf 81' lang='lat' dir='ltr'><strong>Post</strong></span> <span class='ocrx_word' id='word_1_802' title='bbox 552 5686 886 5759; x_wconf 71' lang='grc' dir='ltr'>ἀλληγορίας</span> <span class='ocrx_word' id='word_1_803' title='bbox 927 5682 1549 5759; x_wconf 27' lang='lat' dir='ltr'><strong>inserenda‘conjunctio</strong></span> <span class='ocrx_word' id='word_1_804' title='bbox 1575 5681 1747 5759; x_wconf 67' lang='lat' dir='ltr'><strong>5.4._,_e_x</strong></span> 
     </span>
    </p>
   </div>
   <div class='ocr_carea' id='block_1_103' title="bbox 1871 5675 3435 5759">
    <p class='ocr_par' dir='ltr' id='par_1_103' title="bbox 1930 5675 3435 5759">
     <span class='ocr_line' id='line_1_103' title="bbox 1930 5675 3435 5759; baseline -0.003 -24"><span class='ocrx_word' id='word_1_805' title='bbox 1930 5680 2040 5753; x_wconf 81' lang='lat'><strong>(3&#39;5)</strong></span> <span class='ocrx_word' id='word_1_806' title='bbox 2092 5681 2515 5759; x_wconf 57' lang='grc' dir='ltr'>Ἐκτιθέμειςοε.</span> <span class='ocrx_word' id='word_1_807' title='bbox 2559 5675 3435 5759; x_wconf 30' lang='lat' dir='ltr'><strong>Mont.,t‘x1t0£pévou,quodfor-</strong></span> 
     </span>
    </p>
   </div>
   <div class='ocr_carea' id='block_1_104' title="bbox 178 5752 3261 5829">
    <p class='ocr_par' dir='ltr' id='par_1_104' title="bbox 178 5752 3261 5829">
     <span class='ocr_line' id='line_1_104' title="bbox 178 5752 3261 5829; baseline -0.002 -16"><span class='ocrx_word' id='word_1_808' title='bbox 178 5752 408 5814; x_wconf 61' lang='lat' dir='ltr'><strong>nam.</strong></span> <span class='ocrx_word' id='word_1_809' title='bbox 443 5757 654 5811; x_wconf 88' lang='lat' dir='ltr'><strong>codice.</strong></span> <span class='ocrx_word' id='word_1_810' title='bbox 678 5752 736 5812; x_wconf 87' lang='lat' dir='ltr'><strong>In</strong></span> <span class='ocrx_word' id='word_1_811' title='bbox 763 5752 885 5812; x_wconf 69' lang='lat' dir='ltr'><strong>aliis</strong></span> <span class='ocrx_word' id='word_1_812' title='bbox 915 5756 1321 5813; x_wconf 84' lang='lat' dir='ltr'><strong>sollicitandum</strong></span> <span class='ocrx_word' id='word_1_813' title='bbox 1342 5752 1564 5829; x_wconf 76' lang='lat' dir='ltr'><strong>videtur</strong></span> <span class='ocrx_word' id='word_1_814' title='bbox 1592 5752 1747 5807; x_wconf 90' lang='lat' dir='ltr'><strong>nihil.</strong></span> <span class='ocrx_word' id='word_1_815' title='bbox 1858 5762 2002 5808; x_wconf 88' lang='lat' dir='ltr'><strong>tasse</strong></span> <span class='ocrx_word' id='word_1_816' title='bbox 2022 5752 2259 5819; x_wconf 83' lang='lat' dir='ltr'><strong>rectius,</strong></span> <span class='ocrx_word' id='word_1_817' title='bbox 2290 5762 2347 5806; x_wconf 90' lang='lat' dir='ltr'><strong>ut</strong></span> <span class='ocrx_word' id='word_1_818' title='bbox 2369 5752 2435 5805; x_wconf 91' lang='lat' dir='ltr'><strong>ad</strong></span> <span class='ocrx_word' id='word_1_819' title='bbox 2469 5752 2941 5822; x_wconf 82' lang='grc' dir='ltr'>Σαγχουνιάθωνος</span> <span class='ocrx_word' id='word_1_820' title='bbox 2962 5752 3261 5818; x_wconf 49' lang='lat' dir='ltr'><strong>referatur.</strong></span> 
     </span>
    </p>
   </div>
   <div class='ocr_carea' id='block_1_105' title="bbox 504 5848 1769 5919">
    <p class='ocr_par' dir='ltr' id='par_1_105' title="bbox 504 5853 1062 5919">
     <span class='ocr_line' id='line_1_105' title="bbox 504 5853 1062 5919; baseline 0.002 -6"><span class='ocrx_word' id='word_1_821' title='bbox 504 5854 698 5917; x_wconf 71' lang='grc' dir='ltr'>ΡΑτει.</span> <span class='ocrx_word' id='word_1_822' title='bbox 739 5854 860 5918; x_wconf 78' lang='lat' dir='ltr'><strong>Gn.</strong></span> <span class='ocrx_word' id='word_1_823' title='bbox 892 5853 1062 5919; x_wconf 71' lang='lat' dir='ltr'><strong>XXI.</strong></span> 
     </span>
    </p>
   </div>
   <div class='ocr_carea' id='block_1_106' title="bbox 1871 5848 3070 5919">
    <p class='ocr_par' dir='ltr' id='par_1_106' title="bbox 3033 5848 3070 5908">
     <span class='ocr_line' id='line_1_106' title="bbox 3033 5848 3070 5908; baseline 0 0"><span class='ocrx_word' id='word_1_824' title='bbox 3033 5848 3070 5908; x_wconf 84' lang='lat'>3</span> 
     </span>
    </p>
   </div>
  </div>
