3940 6380
535 270 602 328 75
1199 271 1476 331 EUSEBII
1515 268 1996 326 CESARIENSIS
2027 269 2174 324 OPP.
2219 267 2400 324 PARS
2432 269 2495 323 ιι.
2539 300 2607 313 —
2647 269 3148 326 APOLOCETICA.
3680 283 3742 341 το

532 388 586 442 in
634 382 898 457 prommio
932 385 1261 449 constitutis,
1294 386 1360 439 ad
1396 385 1895 441 Sanehuniathonis
1942 383 2443 454 interpretationem
2482 385 2814 457 aggreditur,
2862 386 2947 442 his
2988 386 3165 443 verbis
3206 386 3516 445 Plimnicum
3557 393 3748 454 theolo-

538 481 683 551 giam
710 480 1036 536 edisserens.

1156 575 1388 632 CAPUT
1432 574 1501 629 X.

1009 665 1316 721 Phanicum
1350 668 1634 737 theologia.

614 774 633 808 ι
663 756 995 828 Principium
1027 758 1192 828 hujus
1228 758 1602 832 universitatis
1645 759 1796 830 ponit
1825 775 2007 815 aerem
2038 768 2113 814 te-

534 847 829 903 nebrosum
879 863 945 904 ac
985 849 1176 918 spiritu
1232 847 1423 912 fetum,
1472 865 1568 905 seu
1618 852 1791 907 mavis
1835 850 2107 906 tenebrosi

534 941 679 996 aeris
710 938 895 995 flatum
932 956 996 995 ac
1029 940 1305 1010 spiritum,
1350 941 1627 1012 chaosque
1664 942 1938 997 turbidum
1974 943 2112 997 alta-

533 1050 641 1106 que
667 1034 899 1106 caligine
920 1034 1338 1090 cireumfusum.
1370 1034 1497 1090 HERC
1528 1052 1693 1107 porro
1722 1037 1932 1093 inﬁnita
1963 1054 2107 1105 esse,

532 1130 855 1199 nullumque
898 1128 1003 1184 nisi
1036 1128 1201 1200 longo
1239 1131 1561 1186 saeculorum
1600 1132 1887 1188 intervallo
1921 1134 2110 1190 termi-

533 1235 664 1275 num
714 1219 934 1274 habere.
972 1216 1199 1283 Verum,
1243 1220 1337 1275 ubi
1380 1222 1625 1291 spiritus,
1676 1222 1874 1294 inquit,
1924 1240 2111 1282 amore

532 1310 928 1381 principiorum
954 1325 1179 1365 suorum
1208 1310 1438 1382 ﬂagrare
1460 1314 1738 1383 empisset,
1767 1296 2003 1386 eumque
2035 1316 2109 1371 si-

533 1402 644 1457 mul
682 1410 828 1457 esset
859 1402 1052 1456 mixtio
1086 1414 1401 1468 consecuta,
1438 1420 1638 1458 nexum
1679 1406 1825 1461 hunc
1858 1418 2109 1463 mutuum

533 1491 853 1564 Cupidinem
889 1493 1249 1563 appellarunt.
1298 1493 1349 1550 Is
1383 1497 1602 1566 quidem
1653 1514 1835 1553 rerum
1863 1501 2107 1555 omnium

533 1587 935 1657 procreationis
978 1587 1307 1657 principium
1350 1588 1472 1643 fuit.
1522 1589 1763 1660 Spiritus
1792 1607 1921 1647 vero
1954 1609 2109 1648 suam

534 1678 708 1747 ipsius
749 1679 1185 1748 procreationem
1229 1679 1454 1733 minime
1495 1684 1845 1753 agnoscebat.
1883 1682 1961 1737 Ex
2010 1685 2112 1741 hac

536 1769 1114 1840 illius‘eonjunctione
1167 1771 1370 1840 prodiit
1411 1770 1555 1839 Mot;
1610 1773 1663 1828 id
1714 1775 1858 1845 quod
1920 1776 2108 1831 limum

538 1861 806 1924 nonnulli,
847 1862 936 1916 alii
968 1876 1189 1932 aquosae
1232 1862 1516 1920 mixtionis
1557 1868 1958 1936 corruptionem
1990 1883 2110 1923 esse

2751 575 3145 629 ΚΕΦΑΛΑΙΟΝ
3182 578 3238 630 I’.
3321 589 3327 594 ”

2699 671 2985 724 Φοινίκων
3012 672 3307 739 θεολογία.

2288 778 2306 808 ‹
2351 758 2463 830 Τὴν
2511 759 2618 811 τῶν
2649 760 2787 813 ὅλων
2832 763 3007 833 ἀρχὴν
3038 762 3346 815 ὑποτίθεται
3387 764 3520 837 ἀέρα
3561 766 3750 843 ζοφώδη

2212 851 2305 903 καὶ
2339 850 2696 921 πνευματώδη
2716 892 2730 915 ,
2761 851 2995 923 ἣλπνοὴν
3020 852 3179 925 ἀέρος
3209 852 3493 922 ζοφὼδους,
3522 858 3610 911 καὶ
3638 862 3750 930 χάος

2213 941 2466 1012 θολερὸν,
2505 943 2790 1014 ιρεϐὦδες.
2822 943 3009 998 Ταῦτα
3046 945 3101 999 δέ
3134 941 3273 999 εἶναι
3304 946 3533 1021 ἄπειρα,
3566 954 3653 1005 καὶ
3677 952 3753 1008 διὰ

2214 1034 2379 1088 πολὺν
2399 1035 2571 1089 αίῶνα
2601 1036 2674 1108 μὴ
2700 1037 2842 1107 ἔχειν
2873 1039 3064 1109 πέρας.
3106 1040 3235 1091 Ὅτε
3256 1039 3335 1100 δὲ,
3360 1042 3539 1111 φησὶν,
3565 1043 3753 1116 ἠράσθη

2210 1126 2272 1180 τὸ
2302 1127 2520 1199 πνεῦμα
2549 1129 2656 1182 τῶν
2688 1130 2829 1183 ίδίων
2859 1130 3065 1202 ἀρχῶν,
3098 1132 3192 1185 καὶ
3221 1131 3435 1199 ἐγένετο
3460 1133 3755 1205 σύγκρασις,

2210 1219 2245 1289 ὴ
2270 1220 2443 1290 πλοκὴ
2473 1220 2655 1291 ἐκείνη
2685 1221 2890 1293 ἐκλήθη
2924 1221 3109 1284 Πόθος.
3134 1221 3282 1291 Αὕτη
3310 1222 3365 1275 δὲ
3391 1224 3528 1294 ἀρχὴ
3554 1226 3758 1290 κτίσεως

2212 1311 2465 1364 ἁπάντων
2490 1328 2502 1341 ·
2537 1311 2667 1365 αὐτὸ
2709 1312 2765 1364 δὲ
2798 1313 2896 1364 οὐκ
2939 1313 3201 1381 ἐγίνωσκε
3245 1314 3345 1384 τὴν
3382 1314 3543 1368 αὐτοῦ
3582 1317 3758 1382 κτίσιν,

2210 1402 2302 1455 ml
2330 1404 2393 1455 ἐκ
2425 1402 2526 1473 τῆς
2549 1402 2711 1456 αὑτοῦ
2738 1402 3053 1475 συμπλοκῆς
3076 1404 3169 1457 τοῦ
3207 1405 3541 1475 πνεύματος,
3570 1408 3763 1476 ἐγένετο

2210 1492 2342 1548 Μὼτ
2541 1493 2711 1547 Τοῦτό
2740 1495 2883 1557 τινές
2909 1510 3070 1563 φασιν
3100 1495 3246 1560 ἰλὺν,
3279 1497 3329 1548 οἱ
3369 1496 3425 1550 δὲ
3446 1536 3460 1559 ,
3486 1498 3763 1564 ὑδατώδους

2214 1583 2411 1658 μίξεως
2444 1584 2626 1656 σῆψιν.
2675 1587 2785 1639 Καὶ
2828 1587 2893 1640 ὲκ
2934 1585 3136 1657 ταύτης
3181 1586 3399 1655 ἐγένετο
3431 1590 3579 1643 πᾶσα
3610 1592 3767 1663 σπορὰ

2211 1677 2460 1741 κτίσεως,
2482 1678 2576 1730 καὶ
2609 1677 2823 1746 γένεσις
2855 1678 2961 1731 τῶν
2987 1679 3142 1733 ὅλων.
3175 1675 3283 1732 τΗν
3315 1680 3371 1732 δέ
3398 1698 3517 1733 τινα
3550 1679 3656 1745 ζῶα
3677 1684 3765 1737 οὐκ

2212 1767 2401 1837 ἔχοντα
2462 1767 2743 1839 αἴσθησιν,
2794 1770 2855 1834 ἐξ
2899 1764 2973 1822 ὧν
3027 1772 3240 1838 ἐγένετο
3286 1771 3402 1835 ζῶα
3451 1771 3641 1844 νοερὰ,
3686 1775 3768 1828 καὶ

2212 1860 2413 1931 ἐκλήθη
2459 1862 2792 1931 Ζωφασημὶν
2823 1860 2936 1931 (55)
2958 1902 2972 1925 ,
3021 1862 3166 1933 τοῦτ’
3196 1862 3348 1935 ἐστιν
3377 1863 3605 1935 οὐρανοῦ
3630 1865 3771 1919 κατό-

3128 1933 3233 1965 tuo!)

536 1954 747 2021 volunt,
793 1969 859 2008 ex
899 1970 1006 2024 qua
1053 1964 1254 2010 secuta:
1296 1956 1673 2026 productionis
1703 1960 1934 2023 semina,
1965 1960 2106 2029 ipsa-

2212 1968 2362 2005 πται.
2412 1952 2521 2003 Καὶ
2572 1951 2881 2022 ἀνεπλάσθη
2938 1941 3461 2023 ὀμοίωςψσιίχήματι·
3518 1956 3608 2008 καὶ
3673 1954 3775 2019 ἐξέ-

535 2060 643 2114 que
686 2045 822 2099 adeo
848 2059 1031 2100 rerum
1084 2046 1463 2101 universarum
1492 2049 1769 2118 generatio
1814 2051 2105 2105 exstiterit.

534 2133 804 2189 Caeterum
836 2133 1136 2188 animantia
1166 2134 1415 2203 quaedam
1460 2142 1614 2187 erant
1635 2134 1783 2188 omni
1828 2151 1990 2191 sensu
2022 2152 2110 2191 ca-

535 2225 739 2291 rentia,
775 2239 898 2294 quae
937 2225 1288 2296 postmodum
1340 2224 1688 2294 intelligentia
1714 2226 1969 2295 praeditos
1994 2226 2111 2280 ani-

538 2326 750 2371 mantes
781 2324 1157 2386 procrearunt.
1198 2316 1304 2371 Eos
1342 2317 1418 2369 illi
1471 2315 1855 2386 Zophasemin,
1894 2317 1996 2371 hoc
2028 2326 2111 2372 est

537 2408 660 2465 οωιί
703 2408 1163 2478 contemplatores
1217 2409 1590 2475 nominarunt,
1633 2407 1687 2461 in
1732 2406 1819 2462 ovi
1882 2411 2109 2478 ﬁguram

537 2496 930 2554 conformatos.
987 2497 1136 2553 Illico
1183 2510 1362 2553 autem
1423 2498 1554 2563 Mot,
1605 2514 1729 2553 cum
1774 2499 1908 2562 sole,
1956 2500 2106 2564 luna,

537 2589 730 2655 stellis,
771 2605 835 2644 ac
877 2590 1086 2659 reliqua
1132 2590 1402 2660 majorum
1452 2600 1721 2645 astrorum
1764 2591 2110 2645 multitudine

536 2682 780 2736 emicuit.
818 2700 836 2733 ι
881 2679 1209 2750 Hujusmodi
1260 2698 1289 2734 a
1322 2681 1676 2737 Phoenicibus
1726 2682 1912 2736 mutuli
1955 2692 2109 2737 ortus

534 2770 777 2840 ponitur,
817 2769 911 2839 qui
937 2785 1153 2825 omnem
1189 2770 1347 2840 plane
1378 2768 1722 2824 Divinitatem
1765 2770 2107 2823 exterminet.

535 2858 678 2927 Jam,
721 2861 899 2930 qualis
928 2860 995 2915 ab
1034 2859 1225 2915 iisdem
1274 2859 1563 2913 invehatur
1599 2860 1919 2915 animalium
1951 2877 2111 2931 gene-

535 2955 696 3019 ratio,
758 2954 1062 3008 videamus.
1120 2951 1211 3008 Sic
1264 2968 1395 3023 ergo
1435 2952 1887 3022 philosophatur:
1925 2970 1941 3002 ι
1970 2952 2109 3007 Cum

534 3047 752 3116 igneum
790 3045 1133 3116 splendorem
1177 3060 1270 3099 aer
1313 3046 1608 3112 emisisset,
1643 3062 1706 3101 ex
1749 3047 1956 3101 ardenti
1992 3062 2107 3100 ina-

534 3139 613 3193 ris
642 3153 706 3192 ac
751 3146 1022 3193 terrarum
1057 3136 1508 3201 inflammatione,
1545 3138 1716 3203 venti,
1759 3139 1955 3203 nubes,
1999 3154 2112 3193 ma-

534 3245 752 3301 gnoque
806 3229 1082 3285 ruentium
1131 3230 1332 3299 impetu
1384 3230 1687 3286 caelestium
1738 3229 1997 3285 imbrium
2044 3246 2107 3286 ac

535 3322 848 3380 nimborum
902 3320 1200 3375 effusiones
1237 3321 1494 3376 exstitere
1536 3339 1549 3375 ;
1585 3336 1710 3375 cum
1744 3331 1930 3376 autem
1992 3322 2107 3377 hrec

534 3408 741 3478 omnia,
769 3428 891 3482 quae
924 3413 1177 3467 distincta
1218 3414 1379 3482 paulo
1415 3422 1564 3480 ante,
1591 3429 1656 3469 ac
1688 3424 1906 3485 propter
1945 3416 2108 3471 vehe-

534 3503 856 3558 mentiorem
902 3502 1033 3558 solis
1078 3511 1272 3558 testum
1320 3519 1349 3557 a
1396 3503 1616 3573 propria
1660 3503 1787 3558 sede
1833 3503 2106 3574 disjuncta

534 3594 770 3662 fuerant,
796 3595 855 3650 in
893 3594 1083 3649 eodem
1123 3610 1315 3650 rursus
1341 3610 1466 3650 aere
1492 3604 1907 3662 concurrerent,
1940 3605 2105 3666 atque

535 3687 640 3741 alia
673 3702 796 3741 cum
836 3686 961 3741 aliis
996 3686 1501 3751 committerentur,
1541 3687 1778 3740 tonitrua
1829 3687 1994 3741 simul
2039 3703 2105 3741 ac

534 3776 748 3848 fulgura
770 3777 879 3850 34
899 3793 1188 3849 peperere;
1223 3794 1456 3848 quorum
1500 3779 1565 3832 ad
1593 3780 1893 3854 tonitruum
1921 3778 2104 3848 frago-

533 3886 671 3937 rem,
713 3870 969 3941 descripti
1012 3880 1173 3926 antea
1207 3869 1482 3925 intellectu
1530 3872 1741 3940 prmditi
1792 3873 2105 3927 animantes

533 3963 681 4018 velut
720 3978 751 4016 a
798 3977 991 4018 somno
1020 3963 1242 4017 excitati
1297 3964 1682 4034 horrendaque
1719 3965 1899 4019 sonitu
1929 3977 2108 4019 exter-

532 4055 647 4121 riti,
680 4070 860 4110 mares
909 4053 1112 4125 pariter
1149 4070 1214 4110 ac
1255 4053 1470 4109 feminae
1505 4062 1613 4109 tam
1660 4055 1714 4109 in
1759 4063 1908 4110 terra
1938 4068 2104 4125 quam

534 4147 591 4201 in
644 4147 783 4201 mari
831 4145 1039 4201 moveri
1086 4162 1321 4216 coepere.
1353 4166 1372 4198 ι
1424 4146 1705 4217 Ejusmodi
1738 4155 1846 4214 est,
1877 4163 1998 4217 qua:
2038 4147 2107 4202 ab

536 4238 658 4295 istis
700 4238 1026 4302 somniatur,
1078 4239 1400 4293 animalium
1438 4240 1757 4310 generatio:
1791 4257 1953 4311 quam
1993 4243 2107 4298 haec

535 4330 779 4401 ejusdem
802 4331 1044 4386 auctoris
1070 4331 1232 4385 verba
1265 4332 1547 4402 excipiunt
1573 4350 1585 4382 :
1619 4352 1635 4384 ι
1671 4330 1797 4386 Htec
1826 4334 1879 4385 in
1910 4333 2105 4387 Taauti

535 4424 603 4478 de
635 4423 823 4478 mundi
859 4433 978 4477 ortu
1022 4425 1433 4480 commentariis
1466 4425 1663 4495 scripta
1697 4439 1911 4494 reperta
1954 4434 2103 4493 sunt,

535 4530 658 4585 qua:
700 4514 918 4584 quidem
946 4518 1080 4586 ipse,
1129 4531 1253 4570 cum
1294 4516 1628 4585 argumentis
1665 4524 1719 4569 et
1751 4517 2102 4586 conjecturis,

2209 2042 2388 2113 λαμψε
2431 2042 2564 2097 Μὼτ
2608 2044 2759 2113 ἥλιός
2805 2060 2863 2096 τε
2910 2044 3002 2096 καὶ
3045 2044 3278 2115 σελήνη,
3315 2045 3547 2117 ἀστέρες
3593 2062 3649 2098 τε
3692 2046 3772 2099 καὶ

2209 2134 2385 2205 ἄστρα
2415 2135 2643 2205 μεγάλα.
2676 2154 2695 2187 ι
2736 2135 2972 2206 Τοιαύτη
3011 2136 3111 2206 μὲν
3161 2136 3343 2190 αὐτῶν
3374 2138 3407 2207 ἡ
3442 2138 3773 2207 κοσμογονία,

2210 2227 2469 2297 ἀντικρὺς
2501 2227 2767 2299 ἀθεότητα
2803 2227 3114 2297 εἰσάγουσα.
3147 2228 3378 2299 Ἴδωμεν
3424 2229 3479 2281 δὲ
3526 2229 3678 2299 ἑξῆς,
3710 2233 3775 2291 ὼς

2210 2319 2301 2370 καὶ
2330 2319 2429 2389 τὴν
2462 2318 2753 2387 ζωογονίαν
2786 2319 3082 2389 ὑποστῆναι
3114 2318 3281 2387 λέγει.
3306 2320 3479 2390 Φησὶν
3514 2315 3631 2372 οὖν·
3656 2318 3779 2372 dial

2209 2408 2301 2461 τοῦ
2324 2408 2484 2481 ἀέρος
2505 2410 2916 2478 διαυγάσαντος,
2946 2410 3035 2463 διὰ
3070 2411 3316 2481 πύρωσιν
3341 2413 3437 2464 ml
3475 2412 3574 2481 τῆς
3602 2412 3780 2465 θαλάσ-

2213 2516 2312 2569 σης
2353 2502 2445 2553 καὶ
2490 2502 2588 2570 τῆς
2616 2503 2717 2571 γῆς
2751 2502 2969 2570 ἐγένετο
3003 2501 3324 2572 πνεύματα,
3364 2503 3461 2556 καὶ
3494 2504 3662 2573 νέφη,
3698 2504 3781 2556 ml

2210 2592 2473 2661 οὐρανίων
2507 2592 2717 2645 ὑδάτων
2786 2592 3038 2664 μέγισται
3085 2595 3399 2665 καταφοραὶ
3450 2595 3546 2647 καὶ
3591 2594 3778 2664 χύσεις.

2212 2681 2320 2733 Καὶ
2352 2681 2535 2752 ἐπειδὴ
2564 2682 2827 2754 διεκρίθη,
2860 2684 2953 2735 ml
2984 2682 3077 2736 τοῦ
3114 2683 3244 2737 ίδίου
3271 2684 3443 2737 τόπου
3473 2683 3782 2757 διεχωρίσθη

2210 2775 2296 2828 διὰ
2330 2775 2426 2845 τὴν
2472 2776 2565 2828 τοῦ
2616 2776 2767 2846 ἡλίου
2804 2776 3081 2847 πύρωσιν,
3117 2778 3212 2831 καὶ
3265 2780 3451 2832 πάντα
3500 2779 3786 2849 συνήντησε

2212 2865 2370 2919 πάλιν
2399 2868 2455 2919 ἐν
2482 2866 2603 2937 ἀέρι
2644 2865 2766 2918 τάδε
2804 2867 2974 2919 τοῖσδε
2997 2906 3010 2929 ,
3043 2866 3133 2919 καὶ
3165 2867 3511 2937 συνέρραξαν
3531 2884 3545 2897 °
3584 2864 3789 2937 βρονταί

2210 2972 2267 3008 τε
2298 2956 2734 3027 ἀπετελέσθησαν
2758 2959 2847 3010 ml
2873 2958 3178 3029 ἀστραπαὶ,
3212 2959 3307 3011 καὶ
3343 2959 3487 3031 πρὸς
3517 2959 3608 3012 τὸν
3638 2960 3792 3011 πάται

2210 3064 2303 3116 γον
2356 3048 2464 3099 τῶν
2501 3048 2735 3119 βροντῶν
2791 3049 2860 3102 τά
2928 3050 3407 3122 προγεγραμμένα
3466 3051 3633 3123 νοερά
3688 3049 3793 3114 ζῶα.

2212 3134 2583 3205 ἐγρηγόρησεν
2632 3136 2725 3188 καὶ
2752 3137 2885 3206 πρὸς
2912 3138 3001 3189 τὸν
3023 3134 3154 3209 ἦχον
3176 3138 3417 3211 ὲπτύρη,
3446 3141 3545 3193 καὶ
3578 3138 3791 3208 ἐκινήθη

2211 3226 2266 3279 έν
2294 3244 2350 3279 τε
2381 3230 2450 3297 γῇ
2486 3228 2577 3280 ml
2611 3226 2850 3301 θαλάσσῃ
2879 3229 3046 3300 ἄρρεν
3072 3229 3165 3284 ml
3199 3228 3358 3300 θῆλυ.
3397 3250 3417 3283 ι
3446 3230 3685 3303 Τοιαύτη
3709 3230 3794 3286 ai;-

2206 3322 2317 3382 τοῖς
2349 3320 2438 3371 καί
2470 3321 2503 3389 ή
2539 3318 2819 3387 ζωογονία.
2848 3320 3069 3385 Τούτοις
3114 3321 3241 3393 ἑξῆς
3287 3324 3315 3375 ὁ
3359 3322 3532 3386 αὐτὸς
3562 3336 3796 3393 συγγρτνν

2208 3414 2339 3480 φεὺς
2380 3412 2654 3484 ἐπιφέρει,
2684 3412 2891 3481 λέγων’
2931 3433 2949 3465 ι
2979 3412 3142 3466 Ταῦθ’
3176 3414 3379 3487 εὑρέθη
3412 3417 3472 3468 ἐν
3507 3418 3574 3487 τῇ
3604 3431 3795 3484 κοσμο-

2207 3504 2361 3575 γονίᾳ
2389 3504 2749 3575 γεγραμμένα
2788 3504 3032 3557 Τααύτου
3055 3546 3069 3571 ,
3113 3506 3207 3558 καὶ
3254 3509 3378 3569 τοῖς
3424 3507 3643 3559 ἐκείνου
3675 3505 3797 3557 ύποι

2211 3596 2505 3665 μνήμασιν,
2535 3595 2598 3647 ἐκ
2637 3613 2694 3647 τε
2733 3595 3055 3665 στοχασμῶν
3085 3596 3178 3649 ml
3213 3596 3575 3668 τεκμηρίων,
3604 3590 3678 3649 ὧν
3709 3594 3795 3648 ἐώ-

2211 3703 2374 3757 ρακεν
2402 3687 2565 3740 αὑτοῦ
2591 3689 2623 3758 ἡ
2648 3688 2874 3751 διάνοια,
2901 3690 2992 3741 ml
3016 3681 3164 3760 εὗρε,
3188 3690 3281 3741 ml
3302 3692 3452 3760 ἡμῖν
3480 3688 3799 3760 ἐφώτισεν.»

2219 3778 2376 3847 Ἑξῆς
2400 3778 2610 3842 τούτοις
2642 3780 2878 3850 ὀνόματα
2907 3779 3013 3833 τῶν
3044 3780 3259 3850 ἀνέμων
3292 3779 3476 3833 εἰπὼν
3506 3782 3682 3833 Νότου
3715 3778 3803 3831 καὶ

2208 3870 2426 3939 Βορέου,
2458 3872 2551 3924 καὶ
2592 3870 2697 3923 τῶν
2728 3872 2963 3935 λοιπῶν,
2993 3871 3260 3940 ἐπιλέγει·
3302 3892 3322 3922 ι
3370 3872 3520 3925 Ἀλλ’
3558 3866 3711 3925 οὗτοί
3748 3887 3805 3937 γε

2208 3960 2413 4030 πρῶτοι
2463 3963 2776 4033 ἁφιέρωσαν
2829 3964 2899 4016 τὰ
2945 3963 3045 4033 τῆς
3088 3963 3191 4033 γῆς
3254 3962 3669 4035 βλαστήματα,
3718 3978 3805 4013 και

2208 4053 2363 4116 θεοὺς
2399 4054 2672 4123 ἐνόμισαν,
2706 4054 2799 4107 καὶ
2828 4054 3193 4127 προσεκύνουν
3226 4055 3409 4109 ταῦτα
3430 4099 3442 4116 ,
3474 4057 3571 4125 ἀφ’
3610 4050 3685 4108 ὧν
3719 4054 3810 4107 αύ-

2206 4149 2288 4201 τοί
2321 4165 2379 4199 τε
2410 4148 2716 4216 διεγίνοντο,
2753 4149 2845 4200 ml
2869 4150 2918 4200 οἱ
2952 4148 3227 4217 ἑπόμενοι,
3260 4149 3357 4200 καὶ
3392 4151 3450 4200 οἱ
3483 4149 3594 4219 πρὸ
3632 4146 3808 4201 αὐτῶν

2208 4240 2427 4303 πάντες,
2457 4239 2548 4291 ml
2588 4239 2717 4309 χοὰς
2745 4239 2839 4292 καὶ
2872 4238 3149 4302 ἐπιθύσεις
3193 4239 3444 4295 ἐποίουν.
3487 4260 3507 4291 ›
3549 4241 3666 4293 Καὶ
3698 4242 3811 4293 ἐπι·

2206 4329 2378 4399 λέγει·
2412 4349 2428 4379 ‹
2458 4322 2627 4381 Αῧται
2667 4330 2709 4381 δ⁶
2759 4325 2898 4399 ἦσαν
2948 4331 3002 4381 αἱ
3044 4330 3276 4382 ἐπίνοιαι
3324 4330 3438 4399 τῆς
3489 4331 3811 4401 προσκυνή-

2210 4440 2365 4485 σεως,
2384 4424 2564 4493 ὅμοιαι
2598 4425 2662 4492 τῇ
2693 4422 2870 4476 αὐτῶν
2897 4420 3168 4492 ἀσθενείᾳ,
3200 4423 3292 4475 καὶ
3318 4422 3520 4494 ψυχῆς
3554 4422 3811 4493 ἀτολμίᾳ.

2208 4511 2341 4568 Εἶτά
2372 4532 2503 4585 φησι
2525 4514 2849 4584 γεγενῆσθαι
2878 4516 2940 4565 ἐκ
2963 4512 3056 4566 τοῦ
3090 4514 3303 4566 Κολπία
3328 4516 3581 4585 ἀνέμου,
3608 4515 3705 4568 καὶ
3729 4531 3818 4581 γυ-

536 4622 673 4677 quas
702 4606 901 4662 mentis
939 4607 1055 4661 acie
1096 4608 1419 4677 perviderat,
1461 4608 1822 4679 excogitavit;
1850 4618 1964 4663 tum
2012 4623 2104 4663 eo-

2211 4607 2394 4670 ναικὸς
2434 4604 2599 4659 αὐτοῦ
2648 4605 2831 4670 Βάαν,
2885 4603 3043 4657 τοῦτο
3088 4604 3145 4656 δὲ
3197 4603 3370 4657 νύκτα
3445 4605 3821 4678 ἑρμηνεύειν,

537 4714 656 4753 rum
682 4713 901 4769 quoque
925 4697 1097 4754 facem
1131 4700 1288 4754 nobis
1320 4699 1612 4769 lumenque
1631 4701 1886 4769 praztulit.
1924 4718 1942 4753 ι
1977 4700 2103 4757 Mox

536 4789 721 4843 Austri
752 4804 817 4843 ac
840 4789 1043 4854 Borea,
1086 4799 1513 4859 caeterorumque
1539 4802 1825 4845 ventorum
1861 4791 2105 4844 nomini-

538 4881 637 4936 bus
689 4883 994 4952 explicatis,
1039 4883 1113 4936 ita
1162 4885 1511 4952 prosequitur
1544 4900 1558 4937 :
1586 4902 1605 4936 c
1638 4883 1708 4937 At
1740 4884 1815 4937 illi
1857 4884 2105 4938 omnium

537 4976 808 5042 principes
846 4987 1000 5030 terra:
1033 4977 1275 5047 germina
1311 4987 1725 5040 consecrarunt,
1755 4977 1932 5046 iisque
1972 4978 2105 5031 deo-

534 5084 655 5122 rum
685 5070 737 5122 in
777 5069 898 5124 loco
928 5070 1128 5124 habitis
1170 5069 1505 5124 adorationis
1529 5070 1736 5124 cultum
1776 5070 2102 5137 tribuerunt,

605 5228 717 5302 (5A4)
755 5228 926 5302 Μώῃ
952 5229 1208 5302 Fortean,
1237 5229 1526 5302 conveniat
1553 5228 2101 5302 cumdﬂebrazopm,

533 5298 817 5362 declinare,
853 5298 982 5363 labi,
1008 5310 1137 5364 etc.,
1171 5300 1249 5353 vel
1274 5308 1408 5360 rma,
1437 5300 1570 5353 mori
1602 5298 1909 5369 :siquidem
1946 5299 2105 5357 ΡΙιω-

536 5370 751 5421 uicibus
799 5370 1066 5435 corruptio
1094 5382 1211 5431 est;
1253 5374 1397 5438 quod
1429 5380 1608 5423 tamen
1655 5371 1708 5424 in
1754 5371 1907 5425 illum
1937 5370 2105 5426 Rlieze

535 5438 706 5492 tilium
735 5439 930 5493 melius
953 5443 1260 5506 quadrabit,
1295 5456 1454 5510 quem
1490 5440 1630 5493 infra
1681 5441 1791 5510 col.
1826 5442 1920 5502 84,
1950 5442 2099 5495 Μούθ

534 5510 871 5581 nominatum
932 5519 1026 5571 ait,
1062 5525 1124 5565 ac
1175 5527 1271 5581 pro
1308 5508 1500 5573 morte,
1555 5511 1635 5564 vel
1679 5508 1908 5565 Plutone
1958 5529 2100 5566 sum—

532 5588 707 5648 ptu_m.
751 5575 922 5633 Porro
955 5575 1249 5634 notandum
1299 5590 1403 5642 est,
1432 5582 1674 5635 eamdem
1704 5596 1889 5636 vocem
1922 5582 2094 5648 Μούθ,

535 5646 582 5703 Si
611 5646 1223 5721 Plutarcho‘credimus,
1258 5662 1483 5705 matrem
1506 5652 1656 5720 apud
1695 5649 1975 5721 Egyptios
2023 5646 2094 5703 sié

543 5720 845 5787 gnilicassc.
896 5716 985 5774 Sit:
1024 5722 1168 5775 enim
1200 5720 1284 5773 ille
1318 5723 1367 5774 in
1407 5716 1610 5774 Iside-rt
1649 5716 1875 5785 Οκιὶνῖἇὲ,
1908 5738 1959 5793 p.
1994 5723 2096 5777 ΞΗ

2208 4700 2386 4753 Αίῶνα
2420 4698 2512 4750 καὶ
2535 4698 2880 4769 ΙΙρωτόγονον
2914 4697 3139 4766 θνητοὺς
3164 4695 3366 4768 ἄνδρας
3386 4737 3403 4761 ,
3435 4696 3595 4752 οὕτω
3628 4698 3823 4752 καλου-

2214 4793 2423 4864 μένους.
2458 4792 2649 4861 Εὑρεῖν
2679 4790 2733 4843 δὲ
2776 4790 2866 4842 τὸν
2919 4788 3100 4842 Αίῶνα
3132 4789 3230 4859 τὴν
3272 4788 3388 4840 ἀπὸ
3423 4790 3548 4843 τῶν
3585 4790 3824 4861 δένδρων

2207 4886 2433 4955 τροφήν.
2466 4884 2559 4935 Ἐκ
2589 4882 2789 4935 τούτων
2817 4882 2941 4944 τοὺς
2966 4880 3284 4951 γενομένους
3311 4879 3609 4951 κληθῆναι
3637 4882 3823 4941 Γένοξ,

2212 4976 2306 5029 ml
2336 4974 2553 5038 Γενεάν,
2590 4974 2683 5026 ml
2728 4974 2945 5043 οἰκῆσαι
2990 4972 3088 5043 τὴν
3133 4972 3417 5041 Φοινίκην.
3476 4973 3735 5045 Αὑ-χμὼν
3775 4971 3831 5024 δὲ

2212 5067 2549 5138 γενομένων,
2599 5065 2694 5130 τὰς
2740 5067 2924 5135 χεῖρας
2956 5063 3168 5134 ὀρέγειν
3212 5063 3291 5125 εἰς
3335 5051 3635 5134 οὐρανοὺς
3692 5064 3831 5135 πρὸς

2211 5262 2270 5328 Β,
2305 5261 2356 5315 5.
2376 5261 2439 5313 Ἡ
2464 5256 2677 5325 δ’Ἶσις,
2709 5259 2855 5311 ἐστιν
2887 5259 2974 5310 ὅτε
3003 5257 3095 5310 καὶ
3123 5255 3296 5328 Mope,
3320 5257 3428 5309 καὶ
3462 5258 3644 5311 πάλιν
3668 5258 3835 5310 Ἀου-

2214 5326 2285 5402 ρι,
2317 5334 2409 5404 καὶ
2433 5330 2650 5404 Μεθύερ
2680 5328 3162 5404 προσαγορεύουσι,
3185 5326 3245 5395 (f.
3270 5326 3831 5404 Δπροσαγορεύεταιο)

2210 5398 2531 5473 σημαίνουσι
2562 5398 2631 5451 δὲ’
2650 5398 2735 5471 τῷ
2755 5398 2954 5468 πρώτῳ
2980 5398 3089 5449 τῶν
3120 5399 3430 5466 ὀνομάτων,
3466 5398 3731 5470 μητέρα,
3759 5398 3839 5467 τῷ

2210 5473 2263 5522 δὲ
2309 5471 2565 5522 δευτέρω.
2597 5465 2741 5522 οἷκον
2773 5470 2936 5522 Ὢοου
2970 5469 3192 5522 κόσμιον
3213 5484 3225 5496 ο
3258 5466 3319 5518 τὸ
3343 5465 3407 5517 δὲ
3441 5469 3677 5522 τρίτον.
3707 5468 3838 5522 σύν-

2207 5473 2263 5525 δὲ
2309 5473 2565 5541 δευτέρῳ,
2597 5473 2741 5522 οἰκον
2773 5473 2936 5540 Ὤρου
2970 5473 3192 5538 κόσμιον
3213 5484 3225 5496 °
3258 5473 3319 5518 τὸ
3343 5473 3407 5517 δὲ
3441 5473 3677 5539 τρίτον,
3707 5473 3809 5522 σύν

2208 5544 2358 5595 θετόν
2389 5544 2533 5594 ἐστιν
2556 5540 2619 5593 ἕκ
2642 5557 2699 5592 τε
2724 5538 2816 5591 τοῦ
2849 5539 3104 5608 πλήρους,
3137 5538 3231 5591 καὶ
3259 5535 3608 5608 τοῦλαίτίου.

2276 5613 2386 5675 (35)
2430 5612 2810 5678 Ζωςτασημίικ
2877 5605 3097 5662 Clarum
3154 5617 3277 5668 est,
3329 5605 3396 5658 τὸ
3456 5609 3657 5679 Σημίν
3712 5624 3839 5664 esse

2203 5692 2371 5741 av):
2402 5681 2585 5747 Helm,
2621 5681 2796 5745 (mlas,
2819 5681 2980 5748 Ζωφά
3011 5694 3153 5744 \‘CI‘O.
3180 5686 3313 5743 τιεῖ,
3340 5681 3759 5746 σοιειθηῳίατλ·
