3948 6376
462 331 529 388 79
1126 331 1211 387 EC
1226 331 1397 384 SEBll
1438 324 1922 387 CESARIENSIS
1956 332 2031 389 OF

2148 326 2328 386 PARS
2367 321 2427 380 ΙΙ.
2471 360 2544 375 --
2582 332 3061 389 APOLOGETICA
3636 329 3703 382 80

460 449 717 505 lmbrium
753 458 1149 518 ventorumque
1186 457 1506 518 tempestate
1534 458 1719 503 coorta
1745 488 1759 511 ,
1804 464 1868 503 ex
1900 449 2028 519 T-yri

2135 450 2266 519 φοὺς
2322 448 2486 502 αὐτοῦ
2544 450 2755 521 τοίχους
2805 452 2964 521 φασιν
3011 450 3292 520 ἐπινοῆσαι
3337 448 3401 501 ἐκ
3451 446 3707 503 πλίνθων.

459 541 716 595 arborum
745 538 1026 594 collisione
1060 539 1202 608 ignis
1233 539 1548 602 exarsisset,
1578 553 1805 607 quaeque
1836 540 2031 595 ibidem

458 640 577 683 erat
610 629 819 700 sylvam
852 627 1212 690 incendisset,
1254 626 1446 680 arbore
1480 624 1639 693 cujus
1691 634 1816 679 ante
1850 643 2035 681 ramos

460 726 793 790 amputarat,
823 719 1023 789 navigii
1045 719 1165 772 loco
1199 732 1331 771 usus
1360 732 1704 786 nequaquam
1730 730 1850 771 sese
1898 718 2032 770 mari

461 815 613 869 ndllo
636 813 761 868 licet
792 812 1042 882 exemplo
1086 810 1425 865 committere
1454 810 1741 865 dubitavit.
1776 809 2035 865 Geminos

461 921 681 977 quoque
701 905 890 975 cippos
919 919 1044 959 eum
1078 904 1186 972 igni
1214 913 1483 973 ventoque
1519 903 1850 965 dedicasset,
1902 918 2029 956 mox

461 997 681 1066 utrique
729 994 1067 1049 adorationis
1100 994 1305 1048 cultum
1344 993 1623 1060 exhibuit,
1662 1009 1911 1064 quasque
1942 1010 2036 1049 ve-

462 1088 645 1143 nando
671 1096 890 1158 ceperat
920 1085 1161 1141 ferarum
1193 1086 1513 1157 sanguinem
1548 1086 1759 1141 libavit.
1817 1084 2036 1142 Postea-

461 1195 624 1250 quam
661 1188 841 1235 autem
873 1193 1189 1249 supremum
1232 1178 1321 1232 isti
1355 1193 1549 1233 omnes
1575 1177 1718 1233 diem
1747 1179 2032 1244 obiissent,

462 1272 556 1342 qui
587 1271 927 1342 superstites,
963 1270 1161 1339 inquit,
1202 1284 1514 1323 remansere
1545 1311 1560 1334 ,
1608 1269 1789 1339 virgas
1824 1285 1887 1324 ac
1916 1271 2033 1337 cip-

464 1363 638 1432 posin
663 1377 853 1417 eorum
886 1362 1150 1415 honorem
1181 1370 1532 1417 consecratos
1586 1363 1922 1426 adorarunt,
1956 1360 2035 1415 fe-

463 1462 685 1522 stosque
714 1452 831 1507 dies
853 1452 1082 1507 solemni
1109 1451 1217 1504 ritu
1254 1452 1549 1521 quotannis
1584 1460 1931 1523 peregerunt.
1966 1455 2035 1506 At

461 1560 593 1599 vero
627 1545 816 1599 multis
844 1555 967 1614 post
1000 1546 1213 1600 saeculis
1238 1585 1254 1610 ,
1284 1561 1347 1600 ex
1390 1546 1537 1601 illius
1573 1543 1907 1616 Hypsuranii
1941 1559 2033 1599 so-

462 1633 585 1686 bole
608 1630 849 1687 Venator
882 1648 946 1686 ar
981 1632 1223 1687 Piscator
1250 1635 1363 1689 nati
1390 1643 1540 1699 sunt,
1577 1635 1670 1705 qui
1717 1635 2035 1705 piscationis

463 1739 527 1779 ac
558 1723 866 1779 venationis
893 1732 1061 1778 artem
1086 1725 1365 1791 invenere,-
1388 1741 1453 1780 ac
1471 1726 1566 1780 toti
1588 1728 1921 1797 piscatorum
1948 1743 2037 1782 ve-

463 1824 829 1886 natorumque
861 1817 1068 1870 nationi
1109 1832 1268 1871 suum
1301 1826 1489 1887 postea
1526 1832 1726 1873 nomen
1768 1820 2032 1873 indidere.
2069 1808 2108 1861 Β

460 1908 543 1960 Ab
565 1907 756 1962 iisdem
793 1906 989 1962 fratres
1014 1908 1282 1977 procreati
1307 1909 1441 1974 duo,
1470 1910 1564 1980 qui
1591 1910 1795 1964 ferrum
1810 1925 1875 1964 ac
1902 1911 2036 1965 mul-

461 1998 702 2067 tiplicem
735 1998 865 2054 ferr’i
897 2016 1059 2054 usum
1092 2015 1362 2069 reperere.
1413 1999 1658 2068 Quorum
1692 2002 1831 2056 alter
1862 2001 2035 2073 Chry-

462 2106 556 2146 sor
584 2092 828 2158 nomine,
861 2109 1022 2163 quem
1057 2092 1360 2148 Vulcanum
1412 2108 1533 2149 esse
1584 2095 1702 2161 ait,
1736 2095 2033 2164 plurimum

459 2199 640 2254 operae
667 2201 731 2240 ac
763 2187 930 2242 studii
983 2188 1183 2257 partim
1238 2187 1293 2241 in
1351 2187 1686 2258 eloquentia,
1723 2188 1920 2259 partim
1978 2189 2033 2243 in

458 2280 808 2336 cantionibus
841 2296 905 2336 ac
919 2281 1196 2336 divinandi
1223 2283 1433 2336 artibus
1456 2281 1761 2337 collocavit.
1794 2281 1844 2336 ls
1871 2285 2031 2337 etiam

461 2371 682 2425 hamum
713 2381 876 2442 atque
906 2388 1109 2435 escam,
1137 2373 1466 2443 piscatorum
1500 2373 1722 2439 lineam,
1755 2389 1816 2427 ac
1842 2372 2036 2426 tumul-

460 2465 670 2520 tua'rias
693 2477 839 2520 rates
868 2465 1093 2531 invenit,
1118 2467 1436 2536 primusque
1454 2465 1764 2519 mortalium
1785 2465 2033 2519 omnium

459 2556 749 2627 navigavit.
775 2556 1143 2623 Quamobrem
1169 2574 1293 2613 cum
1323 2573 1542 2627 quoque
1573 2568 1695 2628 post
1720 2560 1929 2613 obitum
1959 2560 2036 2613 in-

460 2662 571 2701 star
599 2647 690 2701 Dei
745 2648 1067 2712 coluerunt,
1124 2649 1413 2718 ipsumque
1452 2656 1709 2719 praeterea
1745 2649 2036 2704 Diamichii

459 2742 680 2795 nomine
706 2741 1079 2810 appellarunt;
1116 2756 1217 2796 nec
1242 2744 1443 2795 desunt
1476 2742 1638 2796 etiam
1663 2742 1757 2813 qui
1782 2742 1851 2796 ab
1883 2741 2036 2811 ejus;

457 2838 579 2890 dem
615 2835 875 2891 fratribus
904 2836 1292 2891 struendorum
1325 2851 1389 2892 ex
1432 2837 1697 2892 lateribus
1748 2852 2031 2893 murorum

458 2941 523 2981 ac
550 2926 814 2996 parietum
837 2925 1101 2980 rationem
1156 2927 1515 2996 excogitatam
1560 2942 1685 2983 esse
1732 2927 1916 2986 velint.
1952 2926 2033 2982 Ab

457 3018 703 3087 ejusdem
723 3017 956 3086 posteris
988 3019 1157 3087 geniti
1200 3018 1575 3073 adulescentes
1611 3019 1719 3073 duo
1748 3059 1761 3082 ,
1797 3034 2029 3088 quorum

461 3126 603 3165 unus
635 3110 862 3173 Artifex,
893 3110 1029 3165 alter
1061 3126 1191 3165 vero
1222 3112 1501 3166 terrestris
1537 3110 1792 3180 lndigena
1827 3124 2033 3165 nuncu-

458 3213 636 3273 patus.
665 3203 728 3257 Hi
763 3205 1185 3274 quisquiliarum
1214 3217 1339 3259 cum
1389 3204 1626 3258 lateritio
1654 3204 1771 3257 luto
1800 3205 2034 3259 miscen-

459 3298 679 3363 darum,
726 3298 1017 3367 utriusque
1044 3312 1173 3350 vero
1202 3296 1334 3352 solis
1363 3296 1545 3349 calore
1567 3295 1877 3350 exsiccandi
1910 3337 1925 3361 ,
1969 3310 2033 3352 ac

438 3398 726 3445 tectorum
787 3388 994 3441 uadibus
1039 3386 1491 3456 imponendorum
1553 3395 1803 3441 auctores
1856 3386 2027 3443 l‘uere.

459 3480 609 3534 Alios
638 3480 765 3533 item
797 3480 935 3534 duos
982 3489 1357 3548 procrearunt,
1395 3494 1627 3548 quorum
1662 3496 1806 3535 unus
1856 3480 2029 3550 Agri,

459 3573 594 3625 alter
617 3571 825 3625 Rustici
866 3572 981 3626 sive
1013 3571 1267 3639 agricolae
1294 3587 1492 3625 nomen
1547 3572 1773 3641 accepit.
1808 3570 1874 3627 Et
1908 3572 2032 3627 huic

457 3664 676 3732 quidem
704 3662 1057 3718 simulacrum
1086 3663 1290 3717 eximio
1312 3664 1460 3717 cultu
1477 3664 1783 3719 dedicatum
1813 3676 1915 3731 est,
1943 3665 2035 3720 ad-

458 3754 571 3809 dito
597 3769 815 3825 quoque
849 3754 904 3807 in
959 3753 1219 3810 thnice
1252 3756 1476 3823 templo,
1536 3757 1680 3823 quod
1727 3758 1794 3811 ab
1826 3758 2034 3827 aliquot

453 3846 765 3915 jugatorum
801 3845 967 3899 boum
998 3845 1218 3916 paribus
1244 3848 1589 3917 gestabatur:
1624 3848 1943 3918 quinetiam
1976 3851 2028 3903 in

458 3947 697 3993 veterum
742 3938 899 3993 libris
946 3938 1173 3993 deorum
1208 3939 1482 3993 maximus
1504 3940 1680 4010 elogio
1712 3940 1871 4009 plane
1919 3942 2033 3997 sin-

456 4029 629 4097 gulari
662 4030 994 4085 nominatur.
1024 4031 1199 4086 Ambo
1226 4040 1480 4100 praeterea
1500 4033 1880 4088 construendis
1909 4034 2033 4088 tedi-

455 4122 559 4178 bus
588 4137 697 4178 non
724 4123 907 4179 solum
932 4125 1101 4187 atria,
1131 4139 1319 4178 verum
1364 4125 1527 4179 etiam
1557 4124 1727 4181 dueta‘
1751 4125 1804 4180 in
1841 4126 2029 4181 orbem

386 4277 389 4280 ,
456 4224 608 4286 septa
635 4230 757 4269 cum
791 4216 1066 4286 speluncis
1099 4215 1371 4271 addidere.
1401 4216 1485 4269 Ab
1514 4216 1579 4271 iis
1625 4227 1734 4271 tam
1767 4216 2032 4288 agricola.-

386 4312 393 4315 ’
457 4323 601 4373 rum,
625 4322 788 4377 quam
820 4314 1164 4371 venatorum,
1209 4304 1303 4375 qui
1336 4307 1565 4362 canibus
1598 4317 1904 4371 uterentur,
1932 4322 2029 4378 ge-

453 4414 560 4454 nus
599 4406 977 4469 propagatum.
1030 4398 1227 4454 lisdem
1259 4397 1531 4453 Erronum
1575 4413 1640 4453 ac
1671 4396 1925 4453 Titanum
1956 4408 2033 4454 at-

2140 543 2274 614 μετά
2301 542 2470 597 ταῦτα
2505 546 2567 597 ἐκ
2596 543 2691 595 τοῦ
2719 544 2908 611 γένους
2940 541 3130 595 τούτου
3175 538 3424 607 γενέσθαι
3466 537 3711 601 νεανίδας

2136 636 2248 699 δύο,
2295 635 2575 689 καλεῖσθαι
2622 635 2679 688 δὲ
2724 634 2904 689 αὐτῶν
2948 633 3039 687 τὸν
3083 633 3181 704 μὲν
3222 630 3503 702 Τεχνίτην,
3535 629 3624 682 τὸν
3653 629 3713 682 δὲ

2140 728 2325 798 γήϊνον
2368 727 2690 798 Αύτόχθονα.
2737 721 2897 781 Οὗτοι
2944 724 3246 795 ἐπενόησαν
3281 722 3358 794 τῷ
3403 720 3559 793 πηλῷ
3612 722 3713 791 τῆς

2138 819 2359 872 πλίνθου
2404 818 2764 891 συμμιγνύειν
2793 818 3045 891 φορυτὸν,
3079 818 3174 871 καὶ
3202 814 3278 886 τῷ
3305 813 3442 886 ἡλίῳ
3484 812 3653 876 αύτὰς
3682 824 3711 853 ι

2134 914 2457 983 τερσαίνειν,
2498 912 2633 965 ἀλλὰ
2673 912 2766 965 καὶ
2814 911 3009 979 στέγας
3040 907 3281 980 ἐξεῦρον.
3334 905 3467 959 Ἀπὸ
3507 902 3715 958 τούτων

2137 1005 2381 1069 ἐγένοντο
2434 1005 2630 1076 ἕτεροι,
2674 997 2749 1057 ὧν
2798 1005 2826 1057 6
2882 1002 2979 1074 μὲν
3041 1000 3232 1072 Ἀγρὸς
3276 998 3539 1063 ἐκαλεῖτο,
3578 999 3606 1051 6
3656 997 3715 1050 δὲ

2150 1096 2477 1168 Ἀγρούηρος
2516 1096 2549 1165 ἢ
2602 1095 2884 1167 Ἀγρότης,
2931 1088 2991 1148 οὗ
3031 1094 3125 1147 καὶ
3172 1092 3355 1157 ξόανον
3387 1086 3524 1145 εἶναι
3568 1088 3714 1160 μάλα

2139 1186 2450 1257 σεϐάσμιον,
2506 1188 2600 1239 καὶ
2666 1186 2790 1239 ναὸν
2830 1186 3299 1256 ζυγοφορούμενον
3347 1184 3407 1236 ἐν
3449 1181 3710 1254 Φοινίκῃ·

2138 1276 2287 1347 παρὰ
2309 1277 2364 1329 δὲ
2391 1276 2614 1346 βιϐλίοις
2637 1275 2748 1345 (58)
2777 1275 3069 1347 ἐξαιρέτως
3098 1272 3237 1326 θεῶν
3263 1274 3291 1324 6
3321 1272 3573 1343 μέγιστος
3597 1272 3717 1323 ὀνο-

2140 1366 2387 1439 μάζεται.
2428 1367 2759 1437 Ἐπενόησαν
2784 1366 2840 1420 δὲ
2867 1362 3010 1421 οὗτοι
3044 1364 3211 1427 αὐλὰς
3229 1363 3576 1435 προστιθέναι
3601 1366 3717 1424 τοῖς

2137 1460 2325 1524 οἴκοις,
2368 1461 2462 1512 καὶ
2512 1458 2866 1532 περιϐόλαια,
2911 1459 3004 1512 καὶ
3042 1457 3301 1528 σπήλαια.
3365 1454 3461 1507 Ἐκ
3505 1453 3713 1506 τούτων

2138 1552 2364 1623 ἀγρόται
2393 1554 2485 1605 καὶ
2515 1552 2766 1622 κυνηγοί.
2808 1545 2969 1605 Οὗτοι
3014 1551 3069 1603 δὲ
3103 1552 3196 1602 καὶ
3235 1547 3451 1619 Ἀλῆται
3493 1547 3587 1599 καὶ
3618 1545 3716 1596 Τι-

2137 1646 2296 1708 τᾶνες
2334 1643 2641 1696 καλοῦνται.
2702 1643 2833 1696 Ἀπὸ
2889 1642 3091 1696 τούτων
3148 1639 3398 1710 γενέσθαι
3486 1633 3718 1705 Ἀμύνον

2138 1737 2231 1790 καὶ
2258 1737 2469 1803 Μάγον,
2513 1735 2562 1787 οἳ
2599 1734 2909 1797 κατέδειξαν
2940 1734 3130 1804 κῶμας
3156 1733 3250 1785 καὶ
3283 1730 3536 1799 ποίμνας.
3576 1721 3719 1780 ’Κπὸ

2136 1825 2340 1877 τούτων
2386 1823 2635 1893 γενέσθαι
2678 1822 2875 1894 Μισὼρ
2922 1825 3015 1877 καὶ
3064 1821 3236 1875 Συδὺκ
3274 1819 3403 1889 (59),
3436 1818 3715 1871 τουτέστιν

2135 1916 2359 1969 εὔλυτον
2386 1918 2480 1970 καὶ
2506 1916 2731 1969 δίκαιον.
2776 1912 2933 1971 Οὗτοι
2974 1916 3072 1986 τὴν
3109 1912 3204 1967 τοῦ
3241 1912 3367 1976 ἁλὸς
3396 1913 3591 1983 χρῆσιν
3624 1906 3718 1961 εἶ.-

2137 2025 2251 2079 ρον.
2298 2002 2430 2061 Ἀπὸ
2464 2007 2659 2080 Μισὼρ
2690 2007 2956 2070 Τάαυτος,
2986 2006 3045 2069 ὃς
3066 2002 3187 2077 εὗρε
3217 2004 3313 2076 τὴν
3342 2004 3451 2057 τῶν
3480 2001 3714 2075 πρώτων

2136 2102 2412 2172 στοιχείων
2462 2103 2715 2174 γραφήν·
2770 2101 2833 2154 ὃν
2874 2101 3159 2169 Αἰγύπτιοι
3214 2100 3311 2171 μὲν
3354 2096 3525 2169 Θωὼρ
3575 2096 3711 2167 (40).

2148 2192 2516 2266 Ἀλεξανδρεῖς
2556 2194 2612 2248 δὲ
2655 2192 2834 2257 Θωῢθ,
2878 2192 3136 2264 Ἕλληνες
3180 2192 3236 2245 δὲ
3277 2192 3477 2262 Ἑρμῆν
3519 2191 3713 2242 ἐκάλε-

2137 2304 2266 2341 σαν·
2301 2290 2365 2340 ἐκ
2407 2286 2462 2345 δὲ
2503 2285 2595 2339 τοῦ
2644 2286 2845 2349 Συδὺκ,
2893 2284 3295 2356 Διόσκουροι.ἢ
3342 2279 3624 2354 Καϐειροὶ,
3675 2281 3713 2352 ἢ

2138 2378 2501 2451 Κορύϐαντες,
2552 2381 2585 2451 ἢ
2636 2377 3006 2450 Σαμοθρᾷκες.
3065 2370 3247 2441 Οὗτοι,
3302 2378 3455 2447 φησὶ,
3503 2374 3715 2447 πρῶτος

2135 2472 2316 2524 πλοῖον
2363 2460 2537 2541 εὖρον.
2584 2470 2677 2523 Ἐκ
2715 2467 2917 2523 τούτων
2956 2469 3242 2537 γεγόνασιν
3280 2467 3477 2539 ἕτεροι,
3522 2468 3569 2519 οἳ
3618 2466 3717 2519 καὶ

2136 2564 2361 2636 βοτάνας
2392 2560 2569 2636 εὖρον,
2600 2564 2694 2617 καὶ
2718 2563 2819 2633 τὴν
2844 2562 2951 2616 τῶν
2980 2560 3220 2616 δακετῶν
3255 2563 3419 2622 ἴασιν,
3449 2561 3542 2614 καὶ
3566 2562 3716 2631 ἐπῳ-

2140 2656 2259 2719 δάς.
2294 2656 2450 2709 Κατὰ
2492 2655 2716 2719 τούτους
2742 2654 2950 2723 γίνεταί
3000 2672 3083 2717 τις
3127 2652 3332 2707 Ἐλιοιῖν
3381 2639 3713 2725 καλούμενος

2137 2738 2419 2818 ⁸Υψιστος,
2452 2746 2547 2800 καὶ
2575 2745 2763 2817 θήλεια
2787 2745 3054 2816 λεγομένη
3082 2744 3315 2816 Βηροὺθ,
3335 2745 3383 2797 οἳ
3409 2745 3501 2797 καὶ
3532 2744 3719 2814 κατῴ-

2135 2844 2263 2891 κουν
2298 2839 2427 2910 περὶ
2451 2836 2674 2900 Βύϐλον,
2702 2836 2762 2901 ἐξ
2791 2830 2866 2890 ὧν
2891 2838 3144 2904 γεννᾶται
3177 2836 3446 2904 Ἐπίγειος
3471 2836 3504 2905 ἢ
3540 2835 3714 2887 Αὐτό-

2135 2927 2299 2998 χθων,
2314 2928 2375 2982 ὃν
2401 2926 2624 3001 ὕστερον
2648 2927 2915 2982 ἐκάλεσαν
2934 2927 3191 2998 Οὐρανόν
3213 2927 3287 2990 ὡς
3318 2928 3411 2980 ἀπ’
3433 2926 3594 2980 αὐτοῦ
3616 2928 3715 2980 καὶ

2133 3020 2193 3072 τὸ
2223 3020 2364 3090 ὑπὲρ
2393 3020 2541 3090 ἡμᾶς
2576 3023 2857 3090 στοιχεῖον,
2889 3020 2958 3073 δι’
3001 3018 3303 3091 ὑπερϐολὴν
3338 3020 3433 3073 τοῦ
3477 3020 3710 3080 κάλλους

2135 3113 2421 3183 ὀνομάζειν
2451 3112 2699 3183 οὐρανόν.
2728 3112 2988 3165 Γεννᾶται
3009 3111 3067 3164 δὲ
3093 3110 3263 3181 τούτῳ
3291 3110 3491 3181 ἀδελφὴ
3515 3111 3578 3162 ἐκ
3600 3110 3716 3163 τῶν

2134 3204 2567 3277 προειρημένων,
2598 3203 2633 3275 ἢ
2674 3205 2767 3257 καὶ
2796 3203 3000 3275 ἐκλήθη
3032 3202 3129 3275 Γῆ,
3160 3202 3254 3256 καὶ
3282 3202 3371 3255 διὰ
3401 3202 3461 3255 τὸ
3490 3201 3715 3265 κάλλος,

2132 3298 2226 3350 ἀπ’
2255 3297 2448 3367 αὐτῆς,
2488 3299 2675 3368 φησὶν,
2707 3296 2971 3351 ἐκάλεσαν
3011 3296 3108 3368 τὴν
3154 3293 3442 3367 ὁμώνυμον
3480 3296 3602 3366 γῆν.
3646 3295 3719 3347 Ὁ

2130 3386 2187 3440 δὲ
2231 3386 2438 3439 τούτων
2480 3386 2664 3458 πατὴρ
2712 3388 2741 3439 ὁ
2790 3386 3050 3457 ’Υψι-στος
3090 3387 3154 3439 ἐκ
3199 3384 3473 3456 συμϐολῆς
3504 3383 3717 3457 θηρίων

2131 3479 2455 3551 τελευτήσας
2485 3478 2787 3550 ἁφιερώθη,
2818 3472 2862 3547 ᾧ
2892 3480 2983 3532 καὶ
3015 3478 3145 3549 χοὰς
3174 3478 3267 3530 καὶ
3297 3476 3488 3541 θυσίας
3515 3478 3561 3529 οἱ
3590 3481 3718 3528 παῖ-

2130 3571 2217 3634 δες
2259 3571 2529 3627 ἐτέλεσαν.
2565 3570 2898 3643 Παραλαϐὼν
2927 3571 2983 3624 δὲ
3014 3573 3041 3623 6
3076 3569 3316 3641 Οὐρανὸς
3346 3568 3443 3640 τὴν
3473 3567 3565 3621 τοῦ
3603 3584 3715 3620 πα-

2131 3664 2258 3735 τρὸς
2281 3663 2475 3735 ἀρχὴν,
2498 3664 2687 3732 ἄγεται
2718 3662 2852 3733 πρὸς
2872 3663 3049 3732 γάμον
3075 3661 3172 3732 τὴν
3200 3660 3433 3730 ἀδελφὴν
3460 3660 3584 3730 Γῆν,
3616 3661 3716 3711 καὶ

2132 3758 2364 3809 ποιεῖται
2396 3755 2453 3822 ἐξ
2486 3755 2655 3824 αὐτῆς
2686 3754 2878 3817 παῖδας
2909 3752 2974 3816 δ’,
3027 3748 3191 3817 Ἶλον,
3225 3754 3282 3806 ὃν
3341 3754 3436 3807 καὶ
3478 3753 3713 3823 Κρόνον,

2131 3852 2223 3903 καὶ
2270 3850 2514 3913 Βέτυλον,
2566 3850 2660 3902 καὶ
2704 3847 2895 3917 Δαγὼν
2944 3851 3079 3916 (Η),
3128 3850 3187 3911 ὃς
3232 3849 3349 3900 ἐστι
3393 3849 3580 3909 Σίτων,
3614 3851 3720 3901 καὶ

2136 3946 2425 3997 Ἄτλαντα.
2458 3945 2563 3998 Καὶ⁸
2596 3944 2655 4007 ἐξ
2683 3943 2854 3997 ἄλλων
2881 3943 2937 3996 δὲ
2965 3941 3216 4012 γαμετῶν
3245 3945 3273 3995 6
3304 3942 3549 4015 Οὐρανὸς
3580 3941 3719 3993 πολ-

2130 4038 2227 4111 λὴν
2255 4038 2379 4109 ἔσχε
2401 4037 2616 4105 γενεάν.
2648 4037 2739 4088 Διὸ
2776 4036 2868 4088 καὶ
2892 4035 3289 4105 χαλεπαίνουσα
3317 4036 3351 4105 ἡ
3374 4034 3474 4104 Γῆ,
3501 4034 3593 4086 τὸν
3612 4034 3720 4086 Οὐ.

2132 4130 2288 4203 ρανὸν
2320 4129 2695 4201 ζηλοτυποῦσα
2723 4128 3003 4193 ἐκάκιζεν,
3023 4127 3098 4191 ὼς
3128 4128 3223 4180 καὶ⁵
3245 4126 3521 4199 διαστῆναι
3545 4126 3719 4198 tilit-

2088 4244 2091 4247 ·
2128 4221 2254 4277 λων.
2298 4222 2360 4275 '0
2380 4222 2435 4275 δὲ
2470 4223 2708 4293 Οὐρανὸς
2745 4223 3109 4293 ἀποχωρήσας
3154 4220 3346 4291 αὐτῆς,
3389 4219 3524 4293 μετὰ
3561 4219 3713 4289 βίας,

2128 4315 2216 4368 ὅτε
2255 4315 2347 4367 καὶ
2385 4313 2634 4367 ἐϐούλετο
2666 4313 2853 4377 ἐπιὼν,
2878 4314 2971 4366 καὶ
3006 4312 3319 4383 πλησιάζων
3362 4313 3520 4384 αὐτῇ,
3544 4311 3715 4365 πάλιν

2130 4404 2517 4477 ἀπηλλάττετο.
2556 4406 2861 4477 Ἐπεχείρει
2884 4405 2940 4458 δὲ
2966 4406 3058 4458 καὶ
3079 4406 3205 4468 τοὺς
3234 4404 3294 4469 ἐξ
3316 4405 3484 4474 αὐτῆς
3509 4404 3714 4466 παῖδας

454 4490 719 4543 tributum
759 4503 977 4542 nomen.
1013 4487 1181 4544 Filios
1216 4490 1486 4559 reliquere
1515 4488 1788 4559 A-mynum
1838 4496 1891 4543 et
1920 4487 2027 4542 Ma-

2134 4497 2477 4569 διαφθείρειν,
2506 4498 2605 4568 τὴν
2636 4498 2691 4549 δὲ
2716 4498 2820 4568 Γῆν
2843 4497 3151 4568 ἀμύνασθαι
3176 4497 3453 4563 πολλάκις,
3489 4513 3714 4566 συμμα-

454 4598 581 4651 gum
616 4621 630 4647 ,
678 4580 878 4653 quibus
921 4581 1172 4636 villarum
1225 4596 1559 4651 gregumque
1592 4581 1911 4636 alendorum
1947 4595 2032 4635 ra-

454 4675 632 4728 tiones
661 4670 911 4727 feruntur
936 4684 1187 4742 acceptae.
1239 4674 1348 4745 36
1372 4673 1452 4727 Ex
1492 4674 1610 4739 istis
1645 4674 1757 4727 nati
1782 4672 1949 4729 Misor
1972 4681 2028 4729 et

457 4763 653 4834 Sydyc,
680 4764 785 4819 hoc
810 4773 895 4820 est
922 4762 1118 4819 Solutu
1166 4765 1385 4837 facilis)
1429 4781 1491 4819 ac
1518 4764 1734 4830 Justus,
1770 4766 1863 4835 qui
1896 4767 2027 4822 salis

457 4872 617 4910 usum
647 4872 921 4925 reperere.
952 4850 1120 4912 Misor
1151 4858 1320 4914 ﬁlium
1358 4859 1628 4914 Taautum
1680 4860 1871 4914 habuit
1922 4860 2029 4929 pri—

463 4962 672 5001 morum
699 4950 748 5002 in
765 4950 1050 5005 scribendo
1070 4951 1459 5005 elementorum
1486 4953 1841 5017 inventorem,
1868 4968 2033 5021 quem

464 5039 698 5111 Agyptii
721 5037 926 5109 Thoor,
954 5044 1306 5098 Alexandrini
1341 5043 1576 5115 Thuyth,
1618 5045 1791 5100 Grzeci
1821 5045 2029 5100 Mercu-

529 5194 554 5219 ι
593 5179 679 5231 "la
712 5184 874 5239 αὐτα.

528 5340 642 5405 (38)
682 5341 962 5417 Βιϐλίοις.
998 5342 1159 5417 Forte
1206 5345 1500 5417 reponenti.
1535 5342 1799 5409 Βυϐλίοις,
1824 5356 1884 5400 ut
1924 5344 2027 5417 By—

456 5411 870 5483 blios‘populos.
899 5428 1005 5482 non
1036 5416 1201 5468 libi-ns
1235 5411 1513 5483 intelligat.

528 5480 639 5551 ('59)
674 5481 894 5551 Mtaabp
942 5480 1039 5535 και
1084 5484 1301 5538 Συδύκ.
1353 5480 1571 5538 Hebraea
1627 5498 1773 5550 sunt,
1834 5494 2020 5546 ’πτεηὲ

456 5550 750 5631 rectitude;
781 5558 990 5631 etp'gt,
1015 5554 1216 5631 justus.
1242 5624 1270 5631 Α
1298 5624 1348 5631 Α,
1501 5626 1531 5631 η
1807 5627 1815 5631 _
1843 5627 1852 5631 _
2026 5572 2027 5575 ‘

526 5622 635 5692 (40)
668 5619 872 5687 Gradip.‘
901 5619 1066 5677 Mont.
1098 5627 1195 5691 leg.
1234 5624 1379 5689 Θώθ,
1410 5626 1629 5693 melius,
1656 5635 1713 5679 ut
1742 5627 1976 5680 arbitror
2002 5644 2015 5690 ;

456 5693 667 5746 tametsi
696 5700 996 5764 permutata
1024 5693 1109 5746 hic
1142 5694 1518 5764 A'lgyptioruui
1550 5705 1603 5750 et
1633 5698 2018 5750 Alexandrino-

456 5779 572 5815 rum
634 5762 851 5815 nomina
908 5762 1073 5815 videri
1126 5762 1355 5833 possint.
1397 5766 1569 5835 Supra
1612 5768 1755 5821 enim
1811 5782 1929 5837 cap.
1961 5767 2012 5832 9,

2128 4585 2249 4654 χίαν
2289 4585 2424 4655 αὐτῇ
2460 4585 2877 4656 συλλεξαμένην.
2917 4587 3008 4650 Εἰς
3054 4586 3255 4657 ἄνδρας
3278 4587 3334 4639 δὲ
3364 4584 3638 4657 προελθὼν
3680 4587 3719 4638 ὁ

2130 4678 2375 4749 Κρόνος,
2451 4676 2624 4750 Ἐρμῇ
2676 4677 2758 4748 τῷ
2821 4678 3201 4749 Τρισμεγὶστῳ
3265 4677 3550 4750 συμϐούλῳ
3611 4679 3716 4730 καὶ

2132 4770 2310 4842 βοηθῷ
2350 4764 2833 4841 χρώμενος,ε·οὗτος
2864 4770 2970 4840 γάρ
3006 4765 3074 4840 ἦν
3118 4769 3282 4823 αὑτοῦ
3319 4768 3712 4840 γραμματεὺς,

2130 4862 2221 4916 τὸν
2253 4864 2461 4934 πατέρα
2510 4862 2751 4933 Οὐρανὸν
2781 4861 3358 4934 ἀμύνεται,χτιμωρῶν
3400 4865 3473 4933 τῇ,
3513 4862 3708 4931 μητρί.

2132 4954 2338 5023 Κρόνου
2381 4954 2438 5006 δέ
2489 4954 2725 5021 γίνονται
2750 4952 2960 5016 παῖδες,
2998 4953 3310 5025 Περσεφόνη
3342 4955 3435 5006 καὶ
3482 4951 3709 5022 Ἀθηνᾶ.

2141 5048 2202 5100 Ἦ
2231 5047 2326 5117 μὲν
2356 5042 2451 5100 οὖν
2488 5045 2679 5117 πρώτη
2711 5044 2976 5117 παρθένος
3005 5045 3279 5098 ἐτελεύτα’
3312 5045 3412 5116 τῆς
3438 5045 3495 5100 δὲ
3544 5044 3715 5116 Ἀθη-

2133 5347 2235 5401 sub
2283 5346 2466 5411 tinem,
2510 5344 2719 5417 Thoyth
2774 5341 3061 5415 Egyptiis,
3094 5342 3272 5401 Tlioth
3308 5362 3438 5403 vero
3465 5348 3709 5407 Alexan-

2124 5417 2296 5472 drinis
2322 5418 2612 5481 tribuerat;
2648 5417 2733 5479 hic
2764 5427 2969 5469 contra.

2196 5487 2304 5556 (41)
2344 5485 2563 5556 Δαγὼν.
2606 5486 2890 5539 Hebraeum
2922 5499 3005 5543 est
3042 5494 3148 5556 κατ,
3182 5488 3537 5556 frumentum;
3569 5505 3703 5545 nam

2122 5568 2175 5609 (ιι
2224 5558 2309 5609 hic
2362 5557 2525 5608 σίτων
2559 5557 2890 5624 explicatur:
2925 5569 2976 5611 et
3002 5557 3102 5624 n31
3147 5558 3235 5612 ille
3292 5557 3704 5615 Philistzeorum

2122 5629 2276 5689 deus,
2312 5628 2562 5679 frumenti
2590 5642 2809 5694 praeses.
2839 5627 2955 5681 Mox
2984 5627 3169 5685 u'oster
3194 5628 3705 5686 Sanchuniathouis

2122 5698 2336 5773 oi‘ezA'U
2358 5696 2439 5773 -δέ
2488 5696 2696 5773 Δαγὼν,
2742 5698 2938 5770 ἐπειδὴ,
2980 5694 3101 5770 εὗρε
3130 5702 3273 5752 σῖτον
3305 5700 3399 5753 καὶ
3442 5698 3695 5773 ἄροτρόν,

2123 5766 2322 5838 ἐκλήθη
2356 5768 2489 5829 Ζεὺς
2530 5768 2829 5841 Ἀρότριος.
