3940 6380
563 374 634 432 85
1199 370 1473 428 EUSEBII
1504 369 1988 427 CIESARIENSIS
2026 372 2180 429 OPP.
2220 371 2402 428 PARS
2442 370 2507 426 ll.
2560 405 2619 416 μ-
2657 369 3166 426 APOLOGETICA.
3701 370 3761 429 ει

557 497 706 545 runt.
743 486 864 543 Jam
898 502 1028 543 vero
1056 488 1238 542 socios
1274 485 1335 541 lli
1354 527 1370 554 ,
1397 489 1489 557 qui
1518 486 1788 542 Saturnus
1821 486 1960 540 idem
1985 495 2132 548 erat,

2242 502 2377 557 ριον,
2402 484 2650 554 ἐκτέμνει
2695 482 2858 536 αὑτοῦ
2913 482 2981 534 τὰ
3009 481 3202 542 αἰδοῖα,
3239 480 3493 549 σύνεγγυς
3526 483 3762 554 πητῶντε

557 579 732 636 Eloim
773 582 931 652 quasi
980 579 1270 634 Saturnios
1328 579 1708 649 appellarunt,
1751 577 1846 648 qui
1890 577 2134 647 ejusdem

557 672 781 728 Saturni
823 673 1059 744 arquales
1086 673 1248 728 etiam
1283 670 1626 725 dicebantur.
1670 667 1842 723 Porro
1877 666 2136 723 Sadidutn

553 765 726 818 ﬁlium
758 762 1029 819 Saturnus
1050 805 1064 829 ,
1102 763 1247 834 quod
1269 776 1428 817 secus
1451 761 1651 830 aliquid
1682 760 1748 814 de
1775 760 1866 814 illo
1893 761 2138 829 suspica-

555 866 726 919 retur,
758 856 938 926 gladio
969 871 1070 910 suo
1095 855 1395 925 jugulavit,
1433 868 1736 920 manusque
1762 862 2014 920 paternas
2042 867 2138 906 ex-

553 942 738 997 stincti
784 943 1050 1010 sanguine
1098 941 1434 1003 cruentavit,
1477 955 1542 995 ac
1586 941 1748 1008 paulo
1798 950 1921 1008 post
1969 939 2136 994 ﬁliam

553 1047 775 1102 quoque
827 1049 984 1092 suam
1038 1034 1214 1102 capite
1259 1032 1564 1097 truncavit,
1605 1041 1663 1085 ut
1710 1031 1906 1101 reliqui
1942 1047 2135 1086 omnes

553 1124 628 1178 dii
675 1124 813 1178 hanc
858 1122 1080 1178 Saturni
1124 1131 1360 1179 mentem
1411 1124 1628 1192 penitus
1672 1124 2133 1192 obstupescerent.

551 1215 621 1269 At
647 1214 832 1271 leus
857 1233 979 1270 eum
1012 1218 1228 1271 interim
1253 1216 1547 1279 exsularet,
1592 1225 1718 1284 post
1745 1216 1964 1284 aliquod
1997 1226 2136 1270 tem-

552 1308 702 1376 poris
755 1309 1130 1374 intervallum,
1183 1311 1438 1364 Astarten
1495 1308 1661 1362 ﬁliam
1711 1309 1976 1378 virginem
2009 1324 2136 1364 cum

551 1403 763 1457 duabus
791 1402 914 1457 aliis
931 1404 1211 1456 sororibus
1235 1401 1384 1454 Rhea
1409 1402 1665 1454 nimirum
1690 1416 1754 1455 ac
1787 1399 1960 1455 Dione
1983 1417 2136 1454 sum-

551 1494 734 1557 misit,
771 1509 894 1562 quae
929 1492 1226 1548 Saturnum
1259 1492 1450 1546 fraude
1502 1492 1824 1562 insidiisque
1867 1493 2134 1547 tollerent.

553 1585 752 1639 Verum
783 1584 1056 1641 Saturnus
1085 1587 1292 1655 puellas
1315 1601 1501 1642 amore
1522 1587 1908 1656 blanditiisque
1923 1593 2134 1654 captas,

550 1694 771 1734 sorores
816 1680 1006 1734 ambas
1033 1695 1216 1733 secum
1257 1679 1607 1733 matrimonio
1650 1679 1941 1748 copulavit.
1981 1676 2136 1744 Quod

549 1770 640 1824 ubi
669 1769 855 1825 Curius
878 1770 1158 1834 audiissct,
1183 1767 1377 1823 Fat-am
1404 1785 1467 1824 ac
1495 1769 1961 1824 Pulchritudinem
2008 1785 2135 1825 cum

2240 578 2330 630 καὶ
2361 576 2638 645 ποταμῶν.
2670 574 2838 627 Ἔνθα
2859 573 3136 644 ἁφιερὼθη
3165 572 3418 642 Οὐρανὸς,
3450 574 3538 626 καί
3558 575 3764 648 ἀπηρτξ..

2239 667 2342 738 σθη
2365 666 2529 721 αὑτοῦ
2556 667 2616 719 τὸ
2640 666 2882 736 πνεῦμα,
2933 666 3028 719 καὶ
3059 663 3361 728 ἀπέσταξεν
3390 664 3544 716 αὐτοῦ
3571 665 3625 718 τὸ
3651 664 3768 738 αἷμα

2237 760 2344 813 τῶν
2369 760 2580 812 αἰδοίων
2657 761 2736 822 εἰς
2783 761 2882 820 τὰς
2926 756 3130 827 πηγὰς,
3162 757 3256 808 καὶ
3305 755 3409 809 τῶν
3451 758 3686 829 ποταμῶν
3710 759 3767 815 τὰ

2239 851 2425 916 ὕδατα,
2463 852 2557 904 καὶ
2587 851 2747 921 μέχρι
2778 849 2967 902 τούτου
3021 847 3293 902 δείκνυται
3322 847 3382 900 τὸ
3429 848 3660 919 χωρίον.»
3685 852 3771 904 Το-

2242 941 2401 995 σοῦτο
2431 942 2529 1011 μὲν
2555 942 2618 1012 δὴ
2651 940 2719 993 τὰ
2741 939 2835 993 τοῦ
2854 939 3083 1012 Κρόνου,
3103 940 3197 992 καὶ
3222 938 3443 992 τοιαῦτά
3470 957 3530 1008 γε
3554 940 3638 994 τοῦ
3660 945 3769 1014 παρ’

2242 1035 2464 1105 Ἕλλησι
2499 1033 2772 1104 βοωμένου
2807 1033 2924 1102 βίου
2972 1015 3082 1085 τῶν
3127 1032 3220 1084 ἐπὶ
3266 1031 3472 1102 Κρόνου
3501 1032 3567 1085 τὰ
3607 1035 3769 1104 σεμνά.

2239 1125 2347 1190 Οὓς
2378 1126 2472 1178 καί
2526 1142 2657 1193 φασι
2702 1125 2980 1193 γεγονέναι
3026 1124 3242 1196 πρῶτον
3299 1122 3522 1194 χρύσεόν
3559 1141 3612 1177 τε
3643 1125 3773 1194 γένος

2243 1216 2495 1288 μερόπων
2519 1215 2842 1286 ἀνθρώπων,
2869 1216 2968 1284 τῆς
3006 1215 3442 1286 μακαριζομένης
3467 1216 3665 1285 ἐκείνης
3685 1218 3776 1269 τῶν

2241 1307 2485 1361 παλαιῶν
2518 1307 2879 1379 εὐδαιμονίας.
2910 1307 3075 1360 Πάλιν
3094 1307 3150 1360 δὲ
3177 1308 3206 1359 ὁ
3237 1307 3575 1378 συγγραφεὺς
3598 1308 3776 1373 τούτοις

2239 1400 2486 1472 ἐπιφέρει
2515 1399 2631 1470 μεθ’
2652 1400 2816 1470 ἕτερα
2844 1398 3034 1468 λέγων’
3069 1418 3088 1450 ι
3111 1399 3378 1469 Ἀστάρτη
3410 1399 3466 1452 δέ
3490 1400 3522 1468 ἡ
3543 1400 3779 1470 Μεγίστη,

2238 1493 2329 1543 καὶ
2357 1493 2489 1553 Ζεὺς
2517 1490 2804 1561 Δηειαροῦς
2833 1491 2926 1544 καὶ
2955 1485 3188 1554 Ἀδωδὸς
3213 1489 3463 1561 βασιλεὺς
3491 1491 3639 1556 θεῶν,
3671 1495 3780 1545 ὲΰαι

2240 1581 2446 1635 σίλευον
2477 1583 2575 1653 τῆς
2604 1582 2807 1653 χώρας,
2844 1582 3050 1653 Κρόνου
3089 1580 3305 1652 γνώμῃ.
3352 1583 3416 1635 Ἡ
3447 1583 3502 1636 δὲ
3547 1583 3781 1656 Ἀστάρτη

2239 1673 2474 1744 ἐπέθηκε
2501 1678 2568 1745 τῇ
2595 1673 2706 1745 ἰδίᾳ.
2721 1673 2930 1744 κεφαλῇ
2961 1673 3237 1743 βασιλείας
3285 1673 3608 1744 παράσημον
3641 1691 3785 1744 κεφαο

2239 1768 2335 1840 λὴν
2357 1769 2576 1841 ταύρου·
2608 1767 2998 1840 περινοστοῦσα
3025 1767 3083 1820 δὲ
3129 1767 3228 1838 τὴν
3272 1767 3614 1839 οἰκουμένην,
3653 1764 3785 1841 εὗρεν

548 1860 672 1915 aliis
721 1861 888 1916 sociis
935 1860 1201 1914 adversus
1247 1874 1372 1914 eum
1417 1859 1817 1930 expeditionem
1864 1860 2132 1929 suscipere

2241 1860 2514 1932 άεροπετῆ
2571 1859 2796 1932 ἀστέρα,
2855 1859 2913 1912 ὃν
2959 1861 3054 1912 καὶ
3109 1859 3430 1930 ἀνελομένη,
3467 1860 3524 1911 ἐν
3562 1859 3785 1932 Τύρῳτῇ

545 1954 713 2022 ,ῑυεεὶι
737 1993 751 2019 ,
783 1968 948 2023 quam
992 1953 1196 2022 pariter
1231 1961 1522 2022 utramque
1570 1950 1840 2007 Saturnus
1871 1953 2138 2009 illecebris

547 2045 828 2102 deﬁnitam
874 2048 1015 2116 apud
1040 2061 1099 2101 se
1133 2046 1377 2101 retinuit.
1413 2045 1676 2101 Praeterea
1703 2045 1908 2110 Coalus,
1941 2048 2164 2117 inquit,

549 2135 695 2194 Deus
740 2137 960 2209 Battylia
1014 2139 1250 2208 reperit,
1306 2139 1578 2192 animatos
1636 2138 1838 2208 lapides
1885 2139 2138 2194 insolenti

547 2236 665 2284 crte
689 2227 933 2283 molitus.
970 2226 1272 2292 Czeterum,
1313 2227 1529 2282 Astarte
1561 2227 1701 2282 ﬁlias
1731 2237 1938 2297 septem
1990 2228 2139 2284 Tita-

554 2320 734 2383 nidas,
775 2321 888 2375 sive
923 2320 1124 2375 Dianas
1161 2321 1398 2376 Saturno
1425 2321 1654 2390 peperit,
1684 2321 1955 2392 simulque
1985 2323 2136 2378 Rhea

550 2413 772 2467 totidem
805 2413 948 2466 ﬁlios
969 2453 983 2478 ,
1009 2428 1242 2481 quorum
1271 2423 1582 2483 postremus
1613 2423 1672 2466 ut
1693 2413 1927 2482 primum
1959 2415 2137 2470 lucem

546 2503 764 2572 aspexit
782 2513 1138 2558 consecratus
1153 2511 1255 2558 est.
1280 2504 1423 2570 Quin
1446 2491 1610 2558 etiam
1633 2517 1699 2558 ex
1721 2501 1891 2558 Dione
1914 2505 2136 2574 quidem

549 2596 788 2660 puellas,
817 2610 885 2649 ex
921 2595 1139 2650 Astarte
1167 2611 1295 2650 vero
1327 2611 1510 2652 mares
1538 2605 1798 2666 praeterea
1823 2597 1995 2663 duos,
2027 2596 2138 2651 Cu-

547 2687 787 2757 pidinem
822 2687 1190 2756 Amoremque
1219 2689 1478 2758 suscepit.
1511 2689 1696 2760 liagon
1731 2698 1911 2744 autem
1939 2731 1954 2753 ,
1985 2689 2133 2759 quod

547 2776 882 2834 frumentum
918 2790 971 2835 et
997 2789 1240 2834 aratrum
1283 2780 1618 2842 invenisset,
1651 2780 1901 2836 Aratrius
1927 2778 2138 2850 Jupiter

547 2881 1011 2942 nuncupatusest.
1032 2871 1266 2943 Sydvco,
1286 2888 1446 2941 quem
1459 2872 1668 2941 justum
1695 2873 2136 2942 interpretamur,

546 2981 654 3021 una
685 2981 751 3021 ex
794 2963 1063 3021 Titanidis
1109 2965 1482 3036 Esculapium
1511 2967 1713 3037 genuit.
1741 2965 1979 3020 Saturno
2002 2982 2138 3036 prae-

549 3067 696 3113 terea
736 3057 891 3112 liberi
922 3068 1032 3114 tres
1074 3060 1128 3112 in
1159 3057 1340 3113 Peraea
1378 3059 1522 3120 nati,
1574 3057 1848 3112 Saturnus
1890 3058 2134 3127 ejusdem

545 3165 672 3203 eum
704 3148 865 3204 Patre
897 3150 1170 3214 nominis,
1205 3149 1317 3219 38
1353 3148 1562 3218 Jupiter
1595 3148 1756 3204 Belus
1777 3190 1791 3214 ,
1822 3157 1877 3203 et
1925 3149 2134 3218 Apollo.

548 3241 648 3294 His
673 3242 1059 3310 propemodum
1084 3243 1322 3309 aequales
1353 3239 1590 3302 Pontus,
1625 3239 1814 3311 Typho
1848 3249 1901 3294 et
1933 3238 2138 3295 Nereus

548 3332 707 3386 Ponti
740 3344 911 3400 pater.
937 3333 1014 3387 Ex
1048 3332 1220 3388 Ponto
1245 3330 1530 3402 Neptunus
1557 3347 1619 3386 ac
1652 3331 1783 3385 Sido
1816 3340 2136 3390 nascuntur.

2241 1953 2372 2024 ἁγία⁴
2394 1956 2542 2024 νήσῳ
2571 1951 2864 2025 άφιέρωσε.
2898 1952 3012 2024 Τὴν
3029 1951 3086 2004 δὲ
3127 1952 3433 2024 Ἀστάρτην
3456 1952 3685 2017 Φοίνικες
3705 1954 3788 2024 τὴν

2253 2044 2572 2116 Ἀφροδίτην
2596 2041 2735 2098 εἷναι
2789 2045 3026 2113 λέγουσι.
3070 2045 3179 2097 Καὶ
3219 2045 3247 2098 ό
3275 2044 3486 2115 Κρόνος
3511 2045 3567 2097 δὲ
3594 2044 3790 2118 περιϊὼν

2238 2139 2335 2208 τὴν
2365 2137 2708 2208 οἰκουμένην,
2766 2137 2966 2208 Ἀθηνᾷ
3011 2139 3078 2207 τῇ
3133 2123 3326 2189 ἑαυτοῦ
3374 2135 3603 2208 θυγατρὶ
3637 2136 3790 2190 δίδωσι

2239 2229 2338 2299 τῆς
2383 2229 2635 2299 Ἀττικῆς,
2665 2230 2764 2299 τὴν
2817 2227 3116 2298 βασιλείανι
3168 2228 3377 2298 Λοιμοΰ
3421 2229 3481 2280 δέ
3529 2229 3790 2298 γενομένου

2240 2322 2334 2374 καὶ
2367 2322 2594 2395 φθορᾶς,
2623 2323 2712 2375 τὸν
2757 2321 2947 2375 ἑαυτοῦ
2982 2323 3239 2391 μονογενῆ
3263 2320 3379 2374 υἱὸν
3422 2320 3624 2392 Κρόνος
3651 2321 3796 2390 Οὐρα-

2240 2413 2316 2484 νῷ
2360 2415 2531 2487 πατρὶ
2579 2416 2892 2486 ὁλοκαρποί,
2923 2414 3019 2468 καὶ
3062 2413 3131 2467 τὰ
3180 2413 3359 2468 αἰδοῖα
3412 2414 3794 2485 περιτέμνεται.

2238 2505 2402 2558 ταὺτὸ
2423 2507 2761 2578 ποιῆσαικαὶ
2799 2505 2925 2569 τοὺς
2951 2503 3046 2575 ἅμ’
3072 2504 3221 2575 αὐτῷ
3279 2505 3604 2576 συμμάχους
3650 2520 3794 2556 κατα-

2241 2598 2549 2668 ναγκάσας*
2566 2600 2660 2652 καὶ
2684 2601 2798 2669 μετ’
2821 2600 2881 2652 οὐ
2920 2597 3076 2663 πολὺ,
3111 2598 3297 2670 ἕτερον
3325 2597 3500 2652 αὑτοῦ
3531 2597 3689 2651 παῖδα
3711 2596 3799 2650 ἀπὺ

2253 2692 2410 2755 Ῥέας
2439 2691 2832 2762 ὀνομαζόμενον
2861 2690 3015 2744 Μοὺθ
3057 2689 3399 2744 ἀποθανόντα
3448 2690 3678 2761 ἀφιεροῖ,
3707 2687 3798 2742 Θά-

2241 2800 2400 2837 νατον
2466 2782 2523 2834 δὲ
2583 2782 2774 2836 τοῦτον
2835 2783 2927 2835 καὶ
2987 2781 3276 2836 Πλούτωνα
3335 2782 3589 2845 Φοίνικες
3630 2779 3803 2850 όνομάο

2241 2875 2412 2939 ζουσι.
2449 2876 2560 2929 Καὶ
2590 2875 2682 2928 ἐπὶ
2750 2875 2961 2938 τούτοις
2999 2877 3028 2927 ό
3076 2873 3283 2946 Κρόνος
3333 2873 3546 2926 Βύϐλον
3601 2871 3695 2944 μὲν
3720 2871 3802 2940 τὴν

2240 2965 2395 3020 πόλιν
2459 2965 2556 3037 θεᾷ
2630 2965 2922 3029 Βααλτίδι,
3001 2967 3067 3035 τῇ
3154 2966 3250 3018 καὶ
3348 2965 3540 3039 Διώνῃ
3608 2965 3803 3026 δίδωσι,

2241 3059 2481 3130 Βηρυτὸν
2569 3058 2625 3111 δὲ
2690 3058 2984 3112 Ποσειδῶνι
3079 3060 3175 3112 καὶ
3263 3059 3555 3131 Καϐήροις
3637 3057 3804 3129 Ἀγρό-

2238 3169 2359 3216 ταις
2387 3166 2450 3202 τε
2473 3153 2568 3204 καὶ
2603 3148 2887 3214 Ἀλιεῦσινς
2929 3151 2956 3203 ὃ
2990 3153 3084 3204 καὶ
3117 3151 3318 3204 Πόντου
3350 3151 3596 3222 ’λείψανα
3620 3153 3696 3214 εἰς
3723 3149 3809 3220 τὴν

2245 3242 2482 3315 Βηρυτὸν
2526 3241 2856 3312 ὰφιέρωσαν.
2906 3242 3020 3312 Πρὸ
3066 3242 3122 3296 δὲ
3163 3243 3371 3297 τούτων
3423 3244 3548 3308 θεὸς
3589 3234 3809 3302 Τάαυτος

2245 3332 2624 3405 μιμησάμενος
2657 3332 2747 3386 τὸν
2791 3331 3055 3404 Οὐρανὸν,
3096 3332 3204 3387 τῶν
3232 3332 3376 3387 θεῶν
3402 3333 3590 3403 ὄψεις,
3623 3330 3809 3403 Κρόνον

549 3424 770 3479 Sidonis
792 3434 973 3480 autem
1000 3441 1062 3480 ea
1095 3425 1337 3481 suavitas
1363 3433 1416 3479 et
1444 3425 1709 3495 elegantia
1743 3423 1892 3477 vocis
1913 3433 2051 3487 erat,
2081 3429 2132 3476 ul

2241 3443 2299 3478 τε
2346 3425 2440 3478 καὶ
2480 3424 2751 3503 Δαγῶνος,
2798 3425 2890 3477 καὶ
2925 3425 3040 3477 τῶν¹
3100 3425 3300 3478 λοιπῶν
3354 3427 3663 3480 διετύπωσε
3704 3424 3812 3484 τοὺς

550 3517 738 3589 hymni
773 3517 1048 3572 modulate
1075 3519 1306 3572 canendi
1343 3526 1514 3572 artem
1554 3518 1811 3587 princeps
1844 3515 2133 3570 inveniret.

549 3610 596 3664 Α
641 3609 974 3664 Demarunte
1038 3609 1392 3664 Melicarthus
1443 3619 1497 3664 et
1549 3608 1809 3664 Hercules
1845 3623 2138 3678 procrean-

553 3715 670 3765 tur,
717 3717 953 3771 moxque
998 3701 1184 3756 leus
1245 3702 1311 3755 ad
1367 3700 1713 3756 Demaruntis
1789 3715 1910 3755 sese
1955 3708 2138 3769 partes

550 3794 885 3864 adjnngens;
933 3792 1136 3858 Ponto,
1166 3809 1196 3847 a
1229 3807 1340 3863 quo
1369 3792 1662 3857 defecerat,
1710 3793 1890 3846 denuo
1933 3790 2133 3845 bellum

553 3894 752 3940 movet.
778 3885 844 3940 At
885 3885 1091 3940 Pontus
1142 3883 1552 3948 Demaruntem,
1583 3885 1675 3953 qui
1702 3899 1898 3954 magno
1931 3883 2134 3952 impetu

551 3995 685 4036 suos
715 3980 766 4032 in
791 3979 925 4034 lines
954 3979 1304 4041 incubuerat,
1332 3978 1384 4030 iu
1417 3977 1598 4046 fugam
1619 3977 1807 4040 vertit;
1838 3976 1927 4029 ille
1950 3983 2132 4029 autem

552 4068 728 4124 felicis
746 4067 884 4137 fugae
906 4070 1077 4139 gratia
1104 4068 1432 4123 sacriﬁcium
1449 4068 1613 4121 vovit.
1645 4066 1815 4120 Porro
1863 4065 2132 4120 Saturnus

550 4179 695 4216 amto
741 4163 997 4232 occupati
1038 4161 1188 4232 regni
1222 4161 1394 4215 altero
1422 4175 1584 4228 supra
1617 4159 1952 4214 tricesimum
1979 4195 1994 4221 ,
2039 4157 2132 4212 ubi

547 4256 764 4311 Caelum
787 4266 993 4325 patrem
1013 4254 1408 4309 mediterraneo
1431 4253 1664 4322 quodam
1689 4253 1742 4305 in
1770 4251 1888 4306 loco
1911 4250 2130 4305 structis

546 4341 765 4396 insidiis
806 4353 1024 4410 captum
1075 4343 1128 4395 in
1177 4348 1496 4410 potestatem
1534 4340 1853 4406 habuisset,
1893 4341 2129 4395 verenda

548 4435 651 4503 ipsi
679 4433 834 4505 juxta
867 4433 1043 4488 fontes
1073 4432 1374 4504 fluviosque
1407 4432 1770 4488 circumfusos
1797 4432 2125 4502 amputavit;

2242 3514 2419 3585 ἱεροὺς
2441 3512 2549 3566 τῶν
2584 3513 2861 3583 στοιχείων
2893 3513 3268 3585 χαρακτῆρας.
3302 3515 3610 3586 Ἐπενόησε
3637 3514 3694 3568 δὲ
3732 3510 3815 3566 καὶ

2238 3603 2316 3673 τῷ
2339 3602 2533 3674 Κρόνῳ
2562 3603 2865 3674 παράσημα
2897 3604 3205 3673 βασιλείας,
3231 3605 3468 3676 ὄμματα
3495 3605 3736 3675 τέσσαρα
3760 3605 3815 3655 ἐκ

2239 3696 2344 3748 τῶν
2393 3695 2738 3768 ἐμπροσθίων
2783 3695 2877 3748 καὶ⁸
2921 3695 3028 3748 τῶν
3070 3696 3329 3750 ὀπισθίων
3380 3696 3608 3769 μερῶν’
3651 3695 3739 3749 δύο
3768 3693 3818 3747 δέ

2238 3791 2414 3859 ἡσυχῇ
2455 3789 2677 3858 μύοντα·
2721 3788 2815 3841 καὶ
2861 3789 2954 3841 ἐπὶ
2999 3789 3106 3842 τῶν
3143 3787 3309 3860 ὤμων
3349 3791 3538 3863 πτερά
3565 3790 3814 3859 τέσσαρα,

2235 3875 2328 3928 δύο
2367 3875 2498 3946 μὲν,
2531 3875 2606 3939 ὡς
2644 3876 2933 3946 ἱπτάμενα,
2967 3876 3059 3929 δύο
3103 3878 3160 3930 δὲ
3206 3877 3283 3940 ὡς
3329 3880 3634 3951 ὑφειμένα.
3667 3878 3737 3931 Tb
3769 3876 3818 3930 δὲ

2239 3965 2300 4018 σύ
2310 3965 2504 4036 μϐολον
2531 3962 2620 4038 ἦν,
2654 3966 2838 4037 ἐπειδὴ
2875 3967 3083 4036 Κρόνος
3113 3966 3465 4040 κοιμώμενος
3493 3970 3712 4035 ἐϐλεπε,
3737 3968 3820 4023 καὶ

2235 4055 2552 4130 ἐγρηγορὼς
2591 4059 2868 4128 ἐκοιμᾶτοσ
2917 4060 3013 4112 καὶ
3051 4060 3143 4113 ἐπὶ
3183 4059 3290 4114 τῶν
3333 4062 3566 4134 πτερῶν
3611 4061 3818 4134 ὁμοίως,

2235 4151 2313 4203 ὅτι
2348 4150 2757 4220 ἀναπαυόμενος
2793 4151 3009 4216 ἵπτατο,
3039 4154 3134 4207 καὶ
3165 4155 3473 4226 ίπτάμενος
3505 4155 3817 4209 ἀνεπαύετο.

2235 4242 2358 4306 Τοῖς
2401 4242 2458 4295 δὲ
2497 4241 2703 4304 λοιποῖς
2744 4240 2917 4307 θεοῖς,
2957 4242 3051 4295 δύο
3094 4243 3306 4314 ἑκάστῳ
3348 4239 3706 4319 πτερώματα
3739 4243 3824 4296 ἐπὶ

2232 4334 2338 4386 τῶν
2391 4333 2576 4404 ὤμων,
2614 4333 2690 4397 ὡς
2733 4333 2814 4386 ὅτι
2863 4333 2926 4404 δὴ
2974 4334 3298 4389 συνίπταντο
3331 4337 3414 4408 τῷ
3465 4337 3687 4409 Κρόνῳ.
3726 4333 3826 4387 Καὶ

2233 4425 2380 4496 αὐτῷ
2412 4426 2470 4480 δὲ
2503 4426 2660 4480 πάλιν
2695 4429 2788 4481 ἐπὶ
2829 4427 2929 4498 τῆς
2971 4427 3214 4499 κεφαλῆς
3269 4429 3457 4500 πτερὰ
3490 4429 3610 4482 δύου
3652 4429 3709 4482 ἐν
3742 4426 3825 4479 ἐπὶ

547 4539 659 4594 quo
696 4524 817 4578 loco
847 4524 1030 4578 leus
1065 4525 1204 4579 idem
1237 4533 1424 4594 postea
1469 4533 1819 4579 consecratus
1852 4534 1954 4578 est.
1988 4523 2126 4578 Tum

2237 4520 2328 4574 τοῦ
2364 4521 2837 4592 ἡγεμονικωτάτου
2877 4521 2999 4585 νοῦ,
3025 4522 3117 4574 καὶ
3141 4520 3199 4574 ἓν
3229 4521 3320 4574 ἐπὶ
3357 4523 3468 4594 τῆς
3500 4523 3824 4592 αἰσθήσεως.

549 4630 683 4669 vero
715 4615 1030 4686 dispertitus
1072 4616 1192 4684 ejus
1235 4632 1298 4670 ac
1339 4616 1636 4686 dissipatus
1670 4617 1896 4685 spiritus
1925 4625 2041 4682 est,
2075 4628 2129 4672 et

548 4708 772 4778 sanguis
803 4724 832 4762 e
863 4707 1084 4763 vulnere
1116 4707 1359 4763 deﬂuens
1387 4708 1439 4762 in
1474 4709 1776 4764 vicinorum
1806 4707 2039 4764 fontium
2064 4725 2130 4765 ac

548 4797 836 4854 ﬂuviorum
865 4813 1034 4870 aquas
1060 4800 1360 4854 distillavit.
1399 4800 1579 4856 Locus
1607 4803 1906 4857 etiamnum
1943 4813 2128 4858 osten-

547 4891 713 4946 ditur.
759 4911 778 4945 ι
816 4890 910 4946 Ha:
960 4900 1088 4948 sunt
1131 4905 1258 4946 cum
1305 4891 1568 4955 Saturni,
1631 4902 1744 4948 tum
1793 4909 1983 4949 eorum
2032 4897 2126 4965 qui

548 4981 770 5038 Saturni
816 4994 975 5039 attate
1017 4983 1307 5046 vixerunt,
1362 4987 1632 5041 decantati
1681 5002 1712 5042 a
1767 4986 1972 5043 Graecis
2026 4990 2127 5043 aevi

546 5071 738 5130 laudes
769 5077 1025 5147 egregiee;
1058 5092 1198 5146 quos
1224 5079 1388 5131 etiam
1433 5080 1683 5148 princeps
1709 5089 1870 5147 atque
1894 5095 2124 5133 aureum

549 5166 833 5221 hominum
861 5169 1038 5238 lingua
1077 5170 1498 5240 discrepantium
1533 5186 1738 5240 genus,
1765 5173 1835 5226 ob
1864 5172 2124 5240 jactatam

547 5258 694 5312 illam
722 5271 960 5313 veterum
993 5259 1326 5326 felicitatem,
1364 5278 1680 5332 nuncupare
1702 5263 1897 5318 solent.
1927 5261 2124 5318 Verum

548 5357 734 5405 noster
765 5353 854 5405 hic
897 5354 1156 5421 scriptor,
1177 5353 1474 5422 interjectis
1505 5354 1864 5422 quibusdam,
1895 5355 1965 5409 ita
2000 5372 2125 5424 pro-

544 5439 834 5508 Sequitur:
868 5457 888 5490 ι
927 5439 1145 5496 Astarte
1170 5457 1322 5509 vero,
1354 5457 1477 5513 qua:
1502 5440 1735 5496 Mantua
1785 5445 2120 5506 nominatur,

541 5523 756 5595 Jupiter
797 5525 1122 5594 Demaroon,
1161 5537 1216 5583 et
1264 5545 1358 5584 rex
1392 5531 1618 5584 deorum
1661 5532 1925 5596 Adodus,
1969 5534 2020 5588 in
2058 5550 2122 5589 ea

548 5626 769 5696 regione
793 5624 1030 5679 Saturno
1058 5627 1429 5682 consentiente
1451 5637 1770 5694 regnarunt.
1788 5629 2005 5685 Astarte
2028 5646 2119 5684 ca-

549 5718 813 5791 piti‘suo,
851 5727 1107 5786 tanquam
1159 5718 1368 5787 insigne
1403 5720 1588 5792 regni,
1617 5721 1760 5774 tauri
1808 5730 1972 5792 caput
2022 5723 2121 5776 im-

545 5811 761 5883 posuit;
788 5826 1021 5884 cumque
1043 5819 1308 5866 terrarum
1335 5811 1517 5867 orbem
1542 5824 1887 5884 peragraret,
1913 5817 2118 5886 lapsam

2246 4613 2444 4668 Ἐλθὼν
2473 4614 2528 4667 δὲ
2567 4616 2595 4667 ό
2635 4614 2843 4686 Κρόνος
2877 4615 2958 4677 είς
3001 4612 3173 4666 Νότου
3210 4611 3426 4684 χώραν,
3467 4617 3699 4669 ἃπασαν
3743 4612 3828 4683 τὴν

2231 4707 2504 4777 Αἴγυπτον
2535 4708 2702 4761 ἔδωκε
2747 4706 2853 4777 θεῷ
2891 4704 3142 4777 Τααύτῳ,
3183 4708 3330 4770 ὅπως
3360 4707 3654 4777 βασίλειον
3689 4705 3832 4776 αὑτῷ

2230 4799 2474 4871 γένηται.
2511 4799 2694 4852 Ταῦτα
2719 4799 2794 4861 δὲ,
2822 4798 2976 4870 φησὶ,
3008 4798 3212 4870 πρῶτοι
3247 4799 3478 4853 πάντων
3512 4802 3832 4873 ὑπεμνημά-

2229 4892 2447 4944 τίσαντο
2479 4894 2527 4944 ot
2575 4890 2715 4944 ἐπτά
2758 4890 2925 4943 Συδὲκ
2962 4890 3152 4954 παῖδες
3191 4889 3490 4962 Κάϐειροι,
3527 4894 3627 4946 καὶ
3651 4892 3836 4960 ὄγδοος

2229 4983 2408 5038 αὐτῶν
2458 4984 2682 5055 ἀδελφὸς
2735 4987 3090 5053 Ἀσκληπιὸς,
3147 4985 3222 5049 ὡς
3268 4987 3466 5049 αὐτοῖς
3526 4983 3834 5039 ἐνετείλατο

2229 5081 2350 5143 θεὸς
2376 5079 2638 5136 Τάαυτος.
2673 5080 2857 5134 Ταῦτα
2893 5081 3066 5134 πάντα
3109 5083 3137 5133 ό
3175 5079 3465 5143 Θαὸίωνος
3491 5084 3655 5144 παῖς,
3687 5077 3835 5150 πρῶ-

2227 5189 2318 5235 τος
2347 5172 2459 5225 τῶν
2494 5171 2589 5225 ἀπ’
2617 5172 2810 5236 αἰῶνος
2857 5173 3156 5242 γεγονότων
3190 5172 3464 5225 Φοινίκων
3505 5173 3836 5244 ἱεροφάντης

2227 5261 2639 5334 ἀλληγορήσας,
2685 5265 2798 5326 τοῖς
2844 5279 2904 5316 τε
2955 5266 3204 5332 φυσικοῖς
3249 5263 3341 5316 καὶ
3395 5268 3709 5336 κοσμικοῖς
3738 5263 3840 5316 πά-

2229 5354 2377 5408 θεσιν
2407 5354 2693 5426 ἀναμίξας,
2723 5355 3009 5426 παρέδωκε
3034 5359 3147 5420 τοῖς
3183 5355 3440 5427 ὀργιῶσι.
3471 5361 3576 5410 καὶ
3602 5356 3836 5410 τελετῶν

2229 5447 2560 5519 κατάρχουσι
2600 5449 2927 5520 προφήταις.
2978 5450 3042 5501 UE
3086 5449 3143 5502 δὲ
3182 5435 3276 5502 τὸν
3312 5447 3499 5517 τῦφον
3549 5450 3746 5515 αὔξειν
3777 5451 3839 5500 ἐκ

2226 5540 2425 5603 παντὸς
2451 5539 2809 5602 ἐπινοοῦντες,
2838 5543 2951 5604 τοῖς
2984 5541 3161 5593 αὐτῶν
3188 5540 3462 5611 διαδόχοις
3499 5543 3837 5610 παρέδωκαν

2225 5634 2318 5686 καὶ
2357 5635 2467 5695 τοῖς
2516 5632 2879 5696 ἐπεισάκτοις,
2912 5625 2987 5684 ὧν
3031 5626 3112 5695 εἷς
3147 5627 3215 5692 ἦν
3253 5633 3462 5702 Ἰσιρις
3509 5634 3633 5688 τῶν
3669 5634 3839 5707 τριιῖιν

2224 5724 2564 5796 γραμμάτων
2603 5723 2851 5794 εὑρετὴς.
2896 5723 3121 5792 ἁδελφὸς
3154 5725 3271 5776 Χνᾶ
3309 5723 3410 5776 τοῦ
3464 5725 3703 5798 πρώτου
3741 5742 3836 5798 με·

2225 5815 2644 5888 τονομασθέντος
2674 5817 2936 5881 Φοίνικος.
2987 5838 3000 5866 ι
3045 5812 3155 5870 Εἴθ’
3188 5815 3309 5886 ἑξῆς
3344 5813 3538 5882 αὖθις·
3561 5819 3829 5890 ἐπιλέγει
3859 5857 3882 5874 ρ
