3948 6376
564 340 632 398 87
1232 333 1500 392 ECSEBII
1541 324 2017 390 CAESARIEN‘SIS
2053 321 2146 378 ΟΡ

2250 310 2425 373 PARS
2463 303 2528 366 tt.
2569 350 2639 364 η
2674 319 3172 405 APOLOGETICA.
3729 328 3791 387 se

561 456 899 529 permulcere
926 454 1147 517 vellent,
1182 454 1339 508 novis
1373 452 1563 508 eadem
1616 467 1680 515 ac
1737 445 2129 516 multiplicibus

2250 457 2289 491 τε
2326 437 2419 493 καὶ
2454 438 2674 510 χειρῶν,
2707 440 2739 510 ἣ
2776 439 2933 493 ἄλλου
2964 438 3108 501 τινὰς
3150 437 3258 489 τῶν
3288 438 3505 507 ἔξωθεν,
3541 438 3597 505 ἐξ
3639 433 3711 495 ὧν
3734 446 3795 499 τὰ

559 557 747 621 postea
795 552 1230 600 oommcntorum
1263 544 1419 613 quasi
1456 548 1906 602 ornamentorum
1949 552 2132 591 acces-

559 639 807 693 sionibus
852 651 1016 706 supra
1060 635 1284 690 modum
1328 640 1751 703 exaggerarunt.
1795 628 1974 698 Atque
2006 627 2135 681 hinc

562 730 854 796 Hesiodus,
888 745 951 783 ac
973 728 1170 798 reliqui
1210 726 1507 781 circulares
1540 734 1733 795 poctze,
1772 737 2006 790 quorum
2047 719 2133 773 fa-

559 822 716 876 bellis
764 820 949 877 omnia
998 819 1443 879 circumsonant,
1472 816 1693 886 propria
1740 813 1845 867 sibi
1884 812 2135 883 quaedam

559 897 851 984 Gigantum
882 929 946 968 ac
973 912 1228 966 Titanum
1258 906 1970 973 certamina,sectionesque
2002 903 2137 957 alias

563 1008 900 1062 conﬁnxere.
940 1004 1073 1070 Quae
1106 1018 1231 1061 cum
1268 1001 1345 1055 illi
1392 1000 1597 1070 passim
1632 1006 1686 1053 et
1718 998 1920 1066 ubique
1965 995 2138 1067 jacta—

560 1109 703 1164 rent,
730 1099 1015 1152 veritatem
1051 1095 1223 1164 ipsam
1253 1091 1469 1147 tandem
1518 1096 1926 1159 oppresserunt.
1963 1088 2138 1163 Aures

559 1206 689 1246 vero
726 1189 835 1261 40
874 1196 1072 1242 nostra!
1113 1186 1225 1255 jam
1264 1184 1388 1237 inde
1418 1183 1487 1241 ab
1535 1180 1766 1236 infantia
1830 1181 2045 1233 illorum
2076 1176 2139 1243 fi-

560 1283 833 1338 ctionibus
861 1288 1113 1344 assuetae,
1142 1287 1196 1332 et
1225 1276 1576 1346 Opinionibus
1611 1290 1710 1343 per
1747 1274 1914 1326 multa
1942 1270 2138 1325 saecula

562 1371 871 1441 propagatis
901 1376 1200 1436 occupatae,
1234 1380 1399 1435 quam
1427 1364 1593 1419 semel
1638 1375 1896 1429 accepere
1925 1358 2137 1419 fabula-

561 1480 681 1516 rum
717 1462 1008 1523 vanitatem
1042 1457 1268 1528 perinde
1317 1471 1382 1510 ac
1432 1454 1739 1524 depositum
1789 1451 2031 1523 aliquod,
2081 1458 2141 1504 ut

559 1556 741 1609 statim
802 1553 871 1607 ab
911 1551 1066 1605 initio
1100 1548 1234 1611 dixi,
1262 1547 1601 1605 custodiunt.
1649 1546 1838 1619 Itaque
1876 1544 2019 1613 quod
2069 1542 2139 1599 ab

558 1648 677 1718 ipso
728 1655 970 1716 tempore
1024 1643 1167 1697 vires
1202 1656 1267 1696 ac
1300 1639 1467 1694 robur
1511 1637 1800 1706 acceperit,
1840 1634 2142 1706 possessio-

558 1760 680 1798 nem
711 1744 785 1798 ita
816 1740 1161 1797 conlirmavit
1181 1752 1334 1814 suam
1367 1746 1561 1790 uteam
1585 1743 1837 1789 excutere
1862 1733 2017 1805 longe
2037 1729 2143 1791 dif-

562 1836 862 1891 ticillimum
898 1833 988 1897 sit,
1017 1809 1243 1900 jamque
1276 1830 1478 1883 veritas
1504 1828 1617 1896 ipsa
1662 1841 1951 1902 nugarum,
1988 1824 2143 1877 adnl-
2177 1796 2220 1853 Β

561 1929 749 1984 terina:
780 1941 910 1981 vero
944 1940 1007 1979 ac
1033 1925 1236 1994 spuria:
1262 1923 1605 1978 narrationes
1625 1920 1748 1974 loco
1769 1919 2013 1985 veritatis
2043 1918 2140 1970 ha-

564 2023 816 2090 beantur.
859 2038 878 2070 ι
910 2049 979 2057 -
1012 2016 1211 2087 Verum
1246 2016 1386 2071 satis
1414 2016 1517 2070 ista
1544 2023 1725 2077 sunto,
1753 2028 1875 2085 qtae
1898 2027 1965 2066 ex
2003 2010 2143 2068 San-

564 2111 953 2168 cbuniathonis
1007 2107 1266 2177 operibus
1298 2090 1413 2161 huc
1454 2120 1630 2173 usque
1678 2106 1988 2168 retulimus,
2022 2117 2144 2172 quze

563 2218 691 2273 cum
725 2218 756 2259 a
808 2200 1037 2263 Philone
1079 2200 1265 2270 Byblio
1310 2213 1573 2253 conversa
1597 2197 1891 2273 Graeceque
1933 2194 2144 2250 reddita

562 2268 713 2362 sunt,
740 2303 854 2349 tum
881 2268 1165 2364 Porphyrii
1195 2291 1503 2361 philosophi
1534 2268 1854 2345 testimonio.
1883 2297 2143 2357 tanquam

560 2401 691 2442 vera
726 2385 1174 2455 comprobantur.
1202 2383 1471 2437 Caeterum
1500 2382 1642 2435 idem
1679 2380 1732 2433 in
1762 2394 1845 2443 eo,
1882 2394 2043 2447 quem
2079 2378 2147 2432 de

560 2479 764 2536 Judazis
785 2480 1046 2549 scriptum
1080 2477 1317 2547 reliquit,
1341 2476 1455 2529 haec
1489 2486 1749 2544 praeterea
1806 2473 1874 2527 de
1902 2470 2142 2536 Saturno

563 2579 1046 2633 commemorant
1086 2569 1331 2640 Taautus
1384 2568 1494 2633 ille,
1543 2581 1703 2636 quem
1740 2564 1921 2625 Thoth
1987 2563 2147 2634 Egy-

562 2664 660 2736 ptii
688 2672 904 2726 vocant,
951 2677 1072 2715 cum
1134 2659 1337 2732 ingenti
1371 2658 1513 2728 apud
1540 2656 1827 2712 Phcenices
1869 2655 2147 2729 sapientiai

566 2755 727 2811 lautle
770 2754 1008 2820 ﬂoreret,
1046 2769 1168 2823 quae
1198 2754 1264 2808 ad
1293 2752 1608 2822 religionem
1653 2736 1972 2818 cuitumque
2016 2748 2148 2803 deo-

566 2862 686 2901 rum
725 2844 1091 2915 pertinebant,
1121 2832 1331 2912 primus
1371 2856 1439 2897 ex
1488 2839 1780 2895 humilium
1807 2854 1871 2893 ac
1903 2838 2143 2911 plebeio~g

564 2953 687 2996 rum
727 2936 969 3006 capitum
1010 2923 1299 2992 inscientia
1331 2934 1631 2997 vindicata,
1666 2932 1901 3003 eleganti
1950 2942 2006 2986 et
2053 2945 2146 2986 ac-

565 3028 917 3085 commodato
949 3029 1016 3083 ad
1060 3027 1303 3085 scientiae
1319 3027 1467 3097 leges
1500 3026 1694 3081 ordine
1720 3024 2015 3094 disposuit.
2042 3022 2143 3078 Cui

548 3135 690 3188 .eum
719 3119 1079 3176 Surmubelus
1103 3099 1257 3187 deus;
1276 3129 1330 3191 et
1357 3116 1566 3188 Thuro,
1594 3134 1716 3189 quae
1737 3118 1992 3204 deinceps
2017 3102 2141 3169 mu—
2171 3146 2212 3202 ε

567 3221 682 3282 tato
709 3211 929 3266 nomine
959 3210 1288 3268 Chusartbis
1314 3208 1593 3281 appellata.
1611 3207 1887 3278 est,lungo
1917 3215 2138 3261 :etatum

564 3304 856 3362 intervallo
881 3305 1296 3366 successissent.
1326 3303 1599 3361 occultam
1630 3302 1804 3372 ipsius
1847 3314 1901 3357 et
1932 3301 2140 3372 allego-

568 3403 775 3456 riarum
808 3402 1109 3456 involutam
1145 3400 1355 3455 umbris
1372 3398 1700 3468 theologiam
1722 3397 2085 3454 illustrarunt.
2119 3417 2137 3451 ι

568 3497 646 3552 Ac
680 3496 840 3561 paulo
868 3503 1030 3566 post:
1068 3514 1087 3547 ι
1122 3494 1256 3560 lloc,
1294 3494 1492 3563 inquit,
1528 3493 1672 3562 apud
1700 3502 1913 3547 veteres
1938 3491 1993 3546 in
2026 3505 2145 3545 mo-

577 3604 639 3643 re
662 3590 898 3657 positum
930 3596 1068 3651 erat,
1103 3594 1161 3640 ut
1190 3578 1255 3640 in
1280 3584 1514 3640 summis
1561 3582 1872 3653 reipublicae
1922 3581 2145 3636 calami-

573 3679 796 3745 tatibus,
824 3694 990 3751 penes
1033 3692 1174 3746 quos
1220 3685 1316 3732 aut
1345 3676 1581 3731 civitatis
1614 3660 1709 3729 aut
1758 3674 1932 3744 gentis
1976 3674 2148 3742 impe-

575 3772 716 3835 rium
756 3779 921 3833 esset,
986 3770 1023 3823 ii
1068 3769 1365 3824 liberorum
1411 3766 1686 3845 carissimi
1738 3764 2005 3827 ultoribus
2038 3763 2149 3818 dte-

576 3864 835 3919 monibus
863 3863 1099 3934 jugulati
1134 3861 1403 3933 sanguine
1442 3860 1601 3930 quasi
1635 3859 1831 3929 pretio,
1867 3856 2147 3928 publicum

573 3956 800 4017 exitium
835 3965 1153 4027 pestemque
1206 3954 1554 4009 redimerent.
1598 3950 1701 4019 Qui
1743 3965 1872 4021 vero
1919 3960 2034 4004 tum
2082 3947 2150 4004 ad

577 4034 908 4111 sacril'icium
940 4047 1367 4111 devovebantur,
1415 4060 1511 4100 eos
1543 4042 1789 4115 mysticis
1822 4040 2150 4097 ouibusdam

578 4139 921 4199 Caeremoniis
967 4139 1227 4194 adhibitis
1274 4137 1619 4208 jugulahant.
1664 4132 1937 4191 Saturnus
1968 4132 2150 4203 igitur,

2236 530 2399 586 λοιπά
2424 530 2538 596 ζῶα
2563 532 2662 596 τὰς
2694 534 2941 603 κινήσεις
2970 534 3200 584 ποιεῖται
3218 548 3235 562 ο
3270 532 3361 587 καὶ
3394 532 3650 586 ποικίλων
3677 551 3796 604 σχη-

2240 627 2422 697 μάτων
2454 625 2657 689 τύπους
2689 624 2961 686 ἀποτελεῖ,
2996 623 3091 677 καλ⁸
3130 622 3269 677 κατὰ
3301 623 3402 695 τὴν
3441 624 3664 693 πορείαν
3703 627 3815 680 ὲλιο⁸

2237 717 2461 781 κοειδεῖς
2495 716 2607 787 ἔχει
2639 716 2738 778 τὰς
2771 714 2965 785 ὁρμὰς,
3000 714 3084 783 ἐφ’
3118 714 3148 766 ὃ
3197 713 3444 784 βούλεται
3492 714 3682 783 τάχοςο
3715 718 3801 771 καὶ

2239 807 2733 879 πολυχρονιώτατον
2756 806 2813 862 δέ
2837 809 3005 870 ἐστιν,
3033 807 3095 859 ού
3123 806 3283 877 μόνον
3305 805 3382 876 τῷ
3412 804 3727 876 ἐκδυόμενον
3748 808 3803 863 τὸ

2238 900 2414 971 γῆρας
2438 896 2670 963 νεάζειν,
2698 897 2831 951 ἀλλά
2858 896 2951 949 καὶ
2978 895 3203 966 αὔξησιν
3234 894 3578 967 ἐπιδέχεσθαι
3603 895 3804 967 μείζονα

2241 994 2469 1061 πέφυκε.
2505 992 2615 1045 Kal
2640 991 2857 1053 ἐπειδάν
2888 991 2949 1044 τὸ
2973 990 3279 1062 ὡρισμένον
3308 988 3508 1059 μέτρον
3534 988 3801 1063 πληρώσῃ,

2243 1088 2322 1149 εἱς
2348 1084 2539 1137 ἑαυτὸν
2561 1083 2932 1145 ἀναλίσκεται,
2965 1081 3039 1144 ὠς
3064 1083 3121 1135 ἐν
3145 1084 3267 1144 ταῖς
3295 1082 3469 1151 ἱεραῖς
3504 1080 3698 1151 ὁμοίως
3722 1084 3806 1136 αύο

2242 1176 2331 1238 τὸς
2374 1178 2401 1228 ὁ
2434 1175 2678 1240 Τάαυτος
2711 1172 2975 1251 κατέταξε
3001 1174 3255 1243 γραφαῖς.
3286 1171 3377 1224 Διὸ
3423 1171 3519 1223 καὶ
3559 1172 3615 1225 ἐν
3660 1174 3807 1244 ἱεςοίς

2242 1267 2398 1323 τοῦτο
2438 1269 2498 1321 τὸ
2540 1266 2676 1332 ζῶον
2720 1268 2815 1321 κτιιὶ⁵
2854 1268 2911 1319 ἐν
2958 1267 3275 1337 μυστηρίοις
3316 1265 3803 1336 συμπαρείληπται.

2244 1361 2471 1432 Εἴρηται
2509 1359 2565 1413 δὲ
2595 1362 2728 1431 ἡμῖν
2762 1361 2888 1429 περὶ
2920 1359 3085 1412 αὐτοῦ
3122 1361 3179 1411 ἐν
3222 1361 3333 1422 τοῖς
3364 1359 3806 1429 ἐπιγραφομένοις

2258 1440 2539 1509 Έθωθιῶν
2584 1454 2695 1523 (46)
2740 1453 3125 1524 ὑπομνήμασιν
3160 1450 3474 1511 ἐπιπλεϊον·
3510 1452 3568 1503 ἐν
3606 1445 3683 1515 οἷς
3724 1469 3810 1503 καη

2244 1545 2658 1610 τασκευάζεται,
2689 1547 2769 1600 ὅτι
2797 1545 3061 1599 ἀθάνατον
3088 1543 3175 1615 εἴη
3196 1584 3210 1607 ,
3245 1545 3339 1607 καὶ
3370 1545 3451 1606 εἱς
3480 1542 3668 1595 ἑαυτὸν
3693 1544 3809 1597 ἀνα-

2248 1641 2459 1702 λύεται,
2492 1640 2680 1710 ὦσπερ
2712 1638 3027 1711 πρόκειται·
3063 1638 3123 1689 οὐ
3159 1636 3267 1708 γὰρ
3314 1636 3541 1706 Θνήσκει
3574 1634 3684 1705 ἰδίῳ
3722 1635 3809 1689 θα-

2249 1734 2413 1805 νάτῳ,
2442 1736 2490 1786 εἱ
2527 1734 2600 1804 μὴ
2632 1731 2722 1803 βίᾳ
2752 1732 2858 1795 τινὶ
2892 1730 3095 1801 πληγὲν
3121 1729 3281 1784 τοῦτο
3309 1728 3371 1781 τὸ
3401 1727 3559 1791 ζῶον.
3587 1724 3809 1791 Φοίνικες

2243 1827 2301 1879 δὲ
2340 1827 2471 1879 αὐτὸ
2506 1825 2709 1892 ἀγαθὸν
2753 1823 2985 1894 δαίμονα
3022 1820 3277 1876 καλοῦσιν
3298 1839 3315 1883 ἶ
3350 1820 3557 1891 ὁμοίως
3600 1819 3691 1872 καὶ
3727 1820 3809 1890 Al:

2243 1915 2461 1985 γύπτιοι
2504 1914 2663 1986 Κνὴφ
2703 1913 3131 1985 ἐπονοίιικὶζζουσι⁹
3183 1910 3538 1982 προστιθέασι
3576 1908 3631 1961 δὲ
3678 1908 3808 1980 αὐτῷ

2250 2008 2466 2080 ἱέρακος
2500 2006 2764 2078 κεφαλὴν,
2797 2006 2891 2070 καὶ
2915 2006 3003 2059 διὰ
3032 2006 3094 2059 τὸ
3128 2003 3432 2077 πρακτικὸν
3463 2001 3559 2057 τοῦ
3587 2002 3805 2074 ἱέρακος.

2243 2102 2353 2156 Καί
2391 2118 2556 2172 φησιν
2586 2102 2614 2153 ὁ
2656 2100 2877 2171 Ἑπήεις
2910 2099 3243 2171 ἁλληγορῶν,
3277 2100 3305 2150 ό
3338 2082 3661 2168 όνομασθεὶς
3692 2096 3808 2167 παρῗ

2244 2196 2428 2258 αὐτοῖς
2482 2194 2735 2265 μέγιστος
2769 2192 3122 2263 ἱεροφάντης,
3170 2193 3263 2244 καὶ
3314 2187 3807 2263 ἱερογραμματεύςο

2244 2285 2301 2338 ὃν
2338 2285 2676 2357 μετέφρασεν
2708 2286 2788 2348 εἱς
2823 2284 3015 2338 mssa
3053 2284 3235 2352 φωνὴν
3272 2284 3495 2354 ’Ἄρειος
3522 2279 3810 2351 Ἡρακλεω-

2242 2372 2465 2439 πολίτης
2489 2368 2628 2424 κατά
2648 2368 2794 2433 λέξιν
2816 2368 2986 2431 οὕτως
3007 2385 3019 2397 ·
3058 2386 3074 2416 ι
3108 2366 3180 2418 Τὸ
3204 2364 3421 2435 πρῶτον
3450 2362 3510 2414 ὃν
3541 2360 3814 2427 θειότατον,

2243 2466 2365 2533 ὄφις
2391 2464 2539 2517 ἐστὶν
2576 2446 2793 2534 ἱέρακος
2829 2460 2968 2531 ἔχων
3008 2457 3240 2528 μορφὴν,
3277 2456 3417 2524 ἄγαν
3472 2440 3736 2523 ἐπίχαρις,
3767 2452 3815 2514 8;

2243 2561 2291 2610 εἰ
2318 2554 2637 2623 ἀναϐλέψειε
2657 2595 2671 2619 ,
2705 2553 2882 2623 φωτὸς
2922 2551 2983 2604 τὸ
3025 2552 3133 2603 πᾶν
3162 2550 3398 2619 ἐπλήρου
3440 2549 3499 2615 ἐν
3534 2548 3598 2616 τῇ
3629 2561 3815 2616 πρωτο·

2246 2650 2387 2723 γόνῳ
2412 2651 2566 2725 χώρᾳ
2594 2648 2779 2703 αὐτοῦ·
2809 2650 2859 2701 εἱ
2888 2647 2944 2700 δὲ
2966 2630 3523 2716 καμμύσειε,σκότος
3546 2639 3760 2708 ἐγίνετο.
3796 2657 3811 2688 ι

2250 2723 2756 2815 Ἐμφασινήδιδοὺς
2783 2744 2813 2795 ό
2868 2741 3089 2811 Ἐπήεις
3141 2738 3277 2807 (47),
3320 2735 3402 2788 ὅτι
3447 2733 3542 2786 καὶ
3576 2723 3838 2813 διάπυρόν’

2246 2841 2383 2906 ἐστι,
2418 2839 2506 2893 διά
2543 2838 2637 2892 τοῦ
2662 2838 2846 2907 φάναι,
2873 2834 3132 2905 διηύγασε
3152 2848 3166 2862 ο
3202 2829 3379 2901 φωτὸς
3414 2828 3529 2899 -γάρ
3560 2825 3684 2879 ἴδιόν
3713 2826 3812 2875 ἐστι

2246 2931 2308 2989 τὸ
2332 2928 2645 2999 διαυγάσαι.
2684 2927 2843 2998 Παρά
2888 2924 3151 2977 Φοινίκων
3189 2921 3243 2973 δὲ
3278 2920 3371 2973 καὶ
3401 2915 3707 2988 Φερεκύδης
3731 2912 3815 2965 λα-

2248 3023 2356 3077 ϐὼν
2403 3022 2500 3085 τὰς
2540 3017 2827 3090 ἀφορμὰς,
2859 3015 3177 3085 ἐθεολόγησε
3216 3011 3343 3081 περὶ
3375 3008 3474 3063 τοῦ
3517 3008 3644 3077 παρ’
3683 3002 3813 3073 αὐτῷ

2246 3115 2537 3186 λεγομένου
2611 3110 2915 3181 ὐφιωνέως
2964 3106 3109 3167 θεοῦ,
3160 3107 3255 3158 καὶ
3305 3102 3412 3156 τῶν
3483 3096 3831 3169 Ὀςριωνιδῶν,,

2248 3210 2376 3279 περὶ
2415 3201 2490 3259 ὧν
2533 3201 2686 3268 αὖθις
2717 3202 2961 3271 λέξομεν.
3001 3200 3121 3252 Ἔτι
3169 3197 3275 3269 μὴν
3318 3197 3366 3248 οἱ
3401 3193 3688 3262 Αἰγύπτιοι
3721 3186 3817 3241 ἀπὸ

2248 3276 2345 3371 τῆς
2372 3298 2540 3368 αὐτῆς
2584 3296 2791 3358 ἐννοίας
2833 3294 2922 3346 τὸν
2955 3292 3156 3361 κόσμον
3208 3289 3534 3361 γράφοντες,
3568 3276 3816 3371 περιφερῆ

2234 3369 2448 3448 κύκλον
2489 3387 2736 3461 ἀεροειδῆ
2784 3387 2876 3439 καὶ
2910 3383 3171 3455 πυρωπὸν
3205 3380 3578 3452 χαράσσουσι,
3619 3373 3707 3426 καὶ
3736 3369 3818 3441 μέ-

2253 3506 2343 3541 σον
2370 3482 2662 3554 τεταμένον
2690 3480 2813 3550 δφιν
2859 3476 3291 3548 ίερακόμορφονὴ
3340 3473 3435 3525 καὶ
3480 3470 3593 3523 ἔστι
3630 3467 3687 3519 τὸ
3724 3465 3817 3517 πᾶν

2255 3579 2461 3650 σχῆμα,
2490 3576 2565 3637 ὡς
2594 3574 2656 3626 τὸ
2685 3571 2813 3643 παρ’
2848 3573 2977 3642 ἡμῖν
3016 3569 3165 3639 Θῆτα
3184 3583 3196 3596 ·
3234 3565 3328 3618 τὸν
3372 3563 3472 3634 μὲν
3501 3558 3713 3620 κύκλον,
3739 3556 3819 3608 κό-

2256 3688 2390 3742 σμον
2428 3668 2741 3741 μηνύοντες,
2770 3665 2859 3717 τὸν
2900 3663 2956 3715 δὲ
2994 3662 3156 3733 μέσον
3198 3658 3322 3726 ὅφιν
3356 3651 3671 3708 συνεκτικὸν
3710 3645 3819 3701 ’τοῦ⁹

2254 3781 2365 3826 τον,
2402 3760 2603 3830 ἀγαθὸν
2641 3758 2870 3828 δαίμονα
2916 3752 3287 3823 σημαίνοντες.
3335 3747 3447 3801 Καὶ
3479 3743 3821 3815 Ζωροάστρης

2254 3856 2312 3909 δὲ
2341 3856 2368 3907 ό
2399 3854 2589 3919 Μάγος
2618 3852 2674 3902 ἐν
2703 3850 2769 3918 τῇ
2800 3847 2920 3916 ἱερᾷ
2949 3843 3235 3911 συναγωγῇ
3260 3837 3365 3892 τῶν
3392 3833 3675 3908 Περσικῶν
3703 3844 3820 3899 φησι

2257 3945 2395 3998 κατὰ
2427 3942 2600 4007 λέξιν·
2639 3961 2656 3991 ι
2719 3940 2777 3991 '0
2820 3938 2875 3990 δέ
2909 3936 3029 4000 θεός
3060 3937 3177 3986 ἐστι
3218 3930 3464 4001 κεφαλὴν
3508 3928 3644 3999 έχων
3684 3924 3818 3994 ἱέρα-

2260 4058 2372 4105 κος.
2403 4032 2568 4101 Οὗτός
2601 4034 2790 4088 ἐστινὸ
2818 4030 3032 4103 πρῶτος
3059 4027 3354 4098 ἄφθαρτος,
3385 4024 3577 4086 ἀΐδιος,
3607 4018 3823 4087 ἀγέννη-

2258 4149 2368 4196 τος,
2422 4127 2655 4200 ἀμερὴς,
2704 4123 3109 4195 ἀνομοιότατος,
3157 4118 3371 4190 ἡνίοχος
3416 4114 3617 4189 παντὸς
3648 4106 3820 4200 καλοῦ,

576 4246 739 4301 quem
764 4230 1051 4287 Phoenices
1082 4229 1335 4285 lsraelem
1374 4230 1679 4289 nominant,
1707 4238 1981 4295 quemque
2032 4231 2146 4292 post

2261 4196 2681 4292 ἀδωροδόκητος,
2715 4213 2933 4284 ἀγαθῶν
2956 4208 3328 4279 ἀγαθώτατος,
3360 4204 3637 4277 φρονίμων
3666 4196 3825 4272 φρονί-

580 4324 790 4383 obitum
842 4322 896 4377 in
949 4330 1158 4377 astrum
1185 4320 1428 4391 ejusdem
1463 4317 1704 4373 nominis
1738 4323 2152 4379 consecraruut,

577 4433 701 4472 cum
749 4418 817 4471 iis
866 4416 920 4470 in
972 4416 1111 4471 locis
1146 4421 1420 4485 regnaret,
1452 4426 1518 4467 ac
1550 4410 1723 4465 ﬁlium
1763 4409 2061 4479 unigenam
2090 4422 2155 4462 ex

2265 4315 2528 4389 μώτατος.
2562 4312 2717 4363 Ἔστι
2749 4309 2806 4361 δὲ
2848 4306 2945 4360 καὶ
2990 4304 3174 4374 πατὴρ
3204 4302 3463 4370 εὐνομίας
3510 4299 3602 4353 καὶ
3640 4296 3826 4348 δικαιο-

2266 4388 2448 4478 σύνης,
2484 4402 2889 4463 αὐτοδίδακτος,
2924 4396 3179 4467 φυσικὸς,
3214 4395 3309 4447 καὶ
3355 4392 3581 4453 τέλειος,
3628 4388 3718 4441 καὶ
3748 4402 3827 4437 σο-

580 4508 820 4579 nympha
846 4508 1081 4578 quadam
1116 4473 1586 4575 indigena-quam
1632 4473 1965 4556 Atiobretcni
1994 4514 2146 4555 voca-

2263 4473 2506 4571 φὸςξκαὶ
2543 4490 2690 4565 ἱεροῦ
2722 4487 2952 4560 φυσικοῦ
2990 4486 3146 4557 μόνος
3178 4482 3425 4555 εὑρετής.
3468 4501 3485 4531 ι
3522 4479 3602 4532 Τά
3627 4478 3670 4531 δ’
3700 4473 3826 4527 αύτά

578 4602 731 4668 bant,
758 4598 1109 4669 suscepisset,
1145 4611 1381 4666 euntque
1416 4607 1700 4665 propterea
1752 4591 1976 4646 nomine
2024 4588 2156 4645 ,ἰεῦ-

580 4693 703 4755 dem
734 4692 1085 4763 appellatum,
1114 4689 1259 4759 quod
1284 4703 1344 4740 ea
1373 4702 1480 4741 vox
1510 4685 1652 4755 apud
1702 4682 1988 4737 Phoenices
2032 4679 2154 4734 uni~

582 4801 777 4857 genam
809 4784 1107 4839 etiamnum
1141 4778 1449 4850 signiﬁcet:
1493 4793 1728 4846 cumque
1770 4773 2157 4859 gravissimum

582 4875 706 4930 belli
736 4872 1036 4946 periculum
1071 4870 1382 4925 universam
1415 4868 1468 4921 in
1501 4866 1777 4936 regionem
1798 4862 2155 4925 incubuisset,

586 4967 741 5020 illum
782 4965 961 5036 ipsum
991 4962 1141 5032 regio
1180 4960 1327 5016 cultu
1360 4967 1617 5013 ornatum
1645 4955 1711 5010 ad
1742 4968 1894 5009 aram
1930 4952 1999 5006 ab
2037 4966 2159 5008 sese

584 5058 738 5129 prius
759 5064 994 5113 erectam
1028 5062 1083 5108 et
1111 5054 1435 5108 instructam
1463 5048 1784 5104 immolavit.
1823 5064 1842 5098 ι
1880 5044 2002 5099 Jam
2031 5059 2162 5100 vero

585 5150 897 5215 considera,
957 5146 1265 5218 cujusmodi
1301 5160 1367 5199 ea
1392 5144 1521 5207 sint,
1546 5156 1669 5212 quae
1693 5141 1837 5194 idem
1868 5138 1983 5209 ipse
2005 5136 2162 5192 Philo

585 5258 647 5298 ex
680 5240 1179 5299 Sanchuniathonis
1199 5253 1363 5308 opere
1409 5238 1476 5292 de
1513 5233 1832 5290 thnicum
1876 5231 2163 5303 elementis

2262 4567 2356 4647 καὶ
2407 4585 2670 4655 Ὀστάνης
2706 4582 2839 4654 φησὶ
2878 4579 3006 4651 περὶ
3041 4575 3206 4630 αὑτοῦ
3241 4577 3297 4628 ἐν
3334 4577 3397 4645 τῇ
3430 4567 3829 4643 ἐπιγραφομένῃ

2276 4680 2664 4747 ’θκταινιεύχῳ⁹
2711 4676 2918 4738 Πάντες
2961 4672 3018 4725 δέ
3064 4669 3161 4733 τὰς
3202 4666 3456 4739 ἀφορμὰς
3506 4666 3632 4735 παρ’
3676 4655 3827 4747 αὑτοῦ

2264 4773 2550 4834 λαϐόντες,
2599 4765 3046 4837 ἐφυσιολόγησαν,
3077 4760 3267 4827 ὥσπερ
3302 4757 3609 4829 πρόκειται·
3645 4745 3831 4807 καὶτὰ

2270 4866 2365 4937 μὲν
2392 4862 2585 4934 πρῶτα
2626 4859 2867 4927 στοιχεῖα
2897 4856 2965 4907 τὰ
3007 4852 3094 4906 διὰ
3122 4851 3227 4904 τῶν
3250 4849 3445 4918 ὄφεων,
3475 4847 3633 4907 ναοὺς
3669 4855 3829 4895 κατα-

2268 4954 2685 5023 σκευασάμενοι,
2721 4951 2777 5002 ἐν
2808 4948 2990 5009 αὐτοῖς
3020 4945 3354 5015 ἁφιέρωσαν,
3393 4940 3486 4993 καὶ
3520 4937 3724 4997 τούτοις
3751 4931 3833 4985 Θυ-

2271 5048 2390 5110 σίας
2421 5044 2515 5099 καὶ
2540 5041 2732 5113 ἑορτὰς
2760 5038 3049 5093 ἐπετέλουν
3073 5036 3168 5089 καὶ
3194 5034 3372 5103 ὄργια,
3405 5031 3559 5093 θεοὺς
3588 5028 3709 5089 τοὺς
3741 5038 3830 5094 με·

2269 5139 2490 5209 γίστους
2518 5133 2827 5205 νομίζοντες
2854 5131 2948 5182 καὶ
2979 5126 3251 5203 ἀρχηγοὺς
3282 5122 3389 5176 τῶν
3413 5121 3568 5175 ὅλων.
3597 5113 3832 5172 Τοσαῦτα

2270 5232 2366 5287 καὶ
2396 5228 2466 5282 τὰ
2495 5226 2623 5290 περὶ
2651 5223 2759 5277 τῶν
2793 5222 2988 5292 ὄφεων.

588 5334 923 5403 conscripto,
987 5331 1194 5388 Graecis
1239 5298 1501 5401 expressa
1547 5310 1748 5392 verbis,
1800 5324 1867 5379 de
1896 5298 2180 5394 reptilibus
2250 5320 2579 5395 quibusdam
2628 5332 2694 5370 ac
2758 5328 3029 5369 venenum
3084 5310 3458 5381 iaculantibus
3519 5298 3832 5359 animalibus

589 5437 1015 5493 commemorat;
1047 5440 1169 5496 quae
1213 5395 1336 5479 cum
1381 5422 1580 5477 nullam
1611 5417 1926 5474 hominibus
1965 5416 2255 5471 utilitatem
2308 5413 2557 5473 afferant,
2597 5416 2713 5463 tum
2733 5414 2941 5477 pestem
2981 5404 3050 5459 iis
3096 5412 3259 5473 atque
3299 5398 3575 5455 interitum
3634 5395 3829 5448 creant.

684 5589 776 5660 46)
828 5585 1128 5660 Ἐθωθιῶντ
1162 5584 1390 5639 For-tean
1418 5577 1771 5659 Chronicamt
1797 5572 2168 5660 derivetu‘rab

598 5643 824 5719 Hebraeo
852 5669 953 5721 ny,
986 5658 1128 5726 quod
1176 5665 1284 5726 est_
1313 5664 1534 5726 tempus,
1565 5648 1725 5726 cujus
1745 5644 1971 5726 Aplural.
1995 5643 2157 5723 etiam

595 5713 924 5788 addidici?
942 5713 1119 5789 vlim.
1168 5726 1237 5779 At
1273 5724 1326 5777 in
1366 5713 1531 5775 Mont.
1570 5713 1671 5788 leg.
1698 5713 1929 5789 ἠθικῶν,
1957 5729 2081 5789 quae
2112 5713 2158 5767 si

596 5784 930 5863 verr—lectio
963 5784 1089 5865 est:
1104 5796 1170 5869 de
1206 5794 1359 5849 vario
1390 5807 1453 5847 ac
1478 5784 1763 5855 multiplici
1799 5784 2156 5841 animantium

2276 5567 2496 5648 ingenio
2526 5564 2788 5648 scriptum
2820 5560 3121 5648 optts‘illud
3153 5558 3337 5626 fuerit,
3371 5556 3528 5630 cujus
3556 5552 3641 5608 hic
3669 5543 3830 5621 speci-

2270 5636 2392 5696 men
2428 5636 2647 5704 aliquod
2684 5636 2738 5688 in
2774 5641 3044 5702 serpente.

2341 5708 2453 5779 (47)
2505 5704 2755 5773 Ἐπήεις.
2802 5702 3244 5767 Μοι]ἱ.,’Έπειος.
