3940 6380
220 347 279 403 39
1320 338 1646 395 PRA'ZPAR.
1691 339 1945 396 EVANG.
1987 337 2115 394 LIB.
2164 338 2203 394 Ι.
3337 334 3412 393 90

219 462 395 529 inquas
435 464 618 510 tetrum
671 455 797 509 illud
836 470 1000 510 suum
1058 462 1112 509 et
1169 453 1389 511 exitiale
1445 470 1715 509 venenum
1758 454 2121 510 excusserint.
2192 450 2282 511 Sic
2321 450 2487 521 igitur
2551 449 2619 504 ad
2674 449 2899 505 verbum
2948 448 3038 504 ille
3070 462 3128 503 ιι
3172 446 3417 505 Taautus

225 554 393 618 quidem
453 549 703 619 draconis
772 550 1219 617 serpentiumque
1284 557 1492 603 naturae
1541 546 1882 602 divinitatem
1957 546 2196 615 aliquam
2268 542 2571 608 tribuebat,
2647 556 2814 613 quam
2895 542 3016 611 ejus
3099 540 3414 612 opinionem

223 643 300 720 ω
326 642 569 697 Phoenices
630 650 683 694 et
742 640 979 711 Egyptii
1032 649 1219 711 postea
1281 640 1730 710 comprobarunt.
1766 637 2058 693 Enimvero
2112 652 2285 705 genus
2316 634 2421 689 hoc
2452 633 2750 690 animantis
2782 648 2892 703 pra:
2939 631 3150 688 cunctis
3206 631 3415 702 reptili-

225 735 370 797 humi
390 743 435 786 et
462 732 614 801 copia
633 734 857 802 spiritus
886 734 1163 788 abundare
1211 733 1387 797 docet,
1442 733 1669 802 ejusque
1728 740 1979 788 naturam
2031 731 2242 801 igneam
2294 745 2438 793 esse,
2469 728 2616 797 quod
2656 728 2819 783 etiam
2847 737 3132 797 propterea
3162 725 3415 781 celerita-

222 842 314 891 tem,
342 826 520 897 inquit,
548 842 659 896 prae
686 843 744 882 se
775 828 879 882 fert
906 830 1057 883 omni
1090 828 1406 898 exceptione
1440 829 1723 899 majorem,
1776 841 1900 882 cum
1936 828 2111 895 neque
2163 825 2393 894 pedum,
2451 838 2627 892 neque
2668 838 2951 886 manuum,
2984 835 3160 890 neque
3192 820 3419 876 alterius

216 924 472 989 cujusquam
495 921 779 976 exterioris
818 922 1044 977 membri
1082 921 1475 978 adminiculum
1523 921 1740 985 habeat,
1801 918 2105 989 cujusmodi
2141 926 2288 983 sunt,
2319 918 2518 988 quibus
2566 916 2632 970 ad
2675 927 2879 971 motum
2914 916 3138 985 reliqua:
3162 914 3418 969 animan-

209 1024 269 1068 tes
300 1012 360 1066 uti
401 1010 585 1067 solent.
624 1009 891 1068 Praeterea
929 1014 1109 1073 varias
1177 1030 1240 1069 ac
1304 1016 1630 1085 multiplices
1686 1013 1934 1083 corporis
1986 1012 2193 1068 formas
2255 1012 2511 1079 ostendit,
2549 1027 2613 1066 ac
2650 1012 2888 1073 sinuosis
2946 1011 3211 1065 intortum
3250 1007 3417 1078 spiris

205 1114 297 1159 sese
317 1120 457 1172 quam
485 1105 704 1181 libuerit
727 1108 953 1163 incitato
978 1110 1154 1171 vibrat
1183 1111 1409 1179 impetu.
1474 1108 1752 1163 Dinlurna:
1807 1108 2100 1161 admodum
2161 1108 2285 1161 vitae
2320 1114 2423 1169 est,
2478 1123 2574 1162 nec
2602 1108 2779 1162 solum
2811 1113 2973 1160 exuto
3001 1103 3155 1159 senio
3181 1101 3416 1172 juvene-

202 1196 300 1257 scit,
328 1210 495 1249 rerum
538 1199 703 1252 etiam
740 1201 949 1269 majora
994 1203 1243 1271 corporis
1275 1202 1440 1256 simul
1483 1210 1538 1256 et
1586 1200 1781 1253 virium
1833 1198 2031 1268 accipit
2086 1198 2443 1261 incrementa,
2494 1199 2666 1252 donec
2704 1197 2921 1257 tandem
2975 1195 3224 1251 confecto
3264 1200 3416 1249 certo

200 1285 390 1354 quodam
423 1302 690 1342 annorum
753 1291 1027 1363 curriculo
1078 1292 1129 1345 in
1190 1292 1431 1367 seipsum
1492 1294 1689 1345 iterum
1741 1288 2098 1353 dissolvatur,
2156 1292 2617 1360 quemadmodum
2677 1289 2730 1343 in
2777 1290 2952 1345 sacris
3000 1288 3163 1342 etiam
3212 1284 3415 1341 tabulis

197 1379 306 1435 idem
331 1376 554 1436 Taautus
587 1382 854 1450 scriptum
905 1383 1141 1453 reliquit.
1188 1382 1243 1437 ld
1292 1382 1526 1454 quodin
1575 1396 1741 1463 cava
1792 1380 1917 1447 fuit,
1966 1396 2065 1435 cur
2109 1380 2212 1434 hoc
2264 1380 2622 1435 animantium
2673 1395 2842 1449 genus
2888 1381 2943 1433 in
3003 1379 3175 1434 sacris
3214 1378 3417 1447 pariter

196 1480 324 1537 atque
367 1472 636 1539 mysteriis
670 1473 915 1529 adhiberi
954 1475 1173 1530 soleret.
1226 1475 1301 1531 De
1358 1476 1462 1530 hoc
1490 1483 1670 1530 autem
1726 1475 1780 1529 in
1833 1474 2266 1542 commentariis,
2314 1490 2453 1545 quos
2500 1473 2752 1527 Ethatlu'a
2800 1472 3201 1543 inscripsimus,
3240 1466 3416 1539 pluri-

192 1561 319 1614 busa
348 1564 495 1615 nobis
546 1564 887 1635 disputatum
921 1576 1023 1631 est,
1070 1568 1161 1621 ubi
1214 1568 1391 1641 ipsum
1442 1568 1747 1623 immortale
1794 1581 1936 1629 esse,
1980 1575 2035 1621 et
2078 1567 2132 1621 in
2190 1583 2312 1623 sese
2359 1567 2560 1633 denuo,
2598 1566 3056 1637 quemadmodum
3104 1571 3229 1617 ante
3261 1560 3415 1616 dice-

192 1650 308 1721 bam.
343 1654 523 1711 resolvi
553 1656 1072 1714 demonstravimus.
1123 1658 1234 1715 Nec
1260 1661 1404 1714 enim
1456 1660 1767 1730 bujusmodi
1808 1660 2032 1723 animal,
2094 1660 2200 1714 nisi
2259 1661 2313 1715 vi
2365 1661 2599 1731 quadam
2666 1674 2988 1730 percussum
3039 1670 3164 1712 ante
3225 1656 3413 1721 fuerit,

192 1754 331 1800 morte
359 1750 583 1803 naturali
642 1751 1031 1823 exstinguitur.
1098 1758 1277 1825 Atque
1326 1754 1455 1810 illud
1508 1754 1725 1825 quidem
1770 1752 2062 1808 Phtenices
2097 1754 2302 1809 bonum
2344 1754 2669 1825 daemonem,
2716 1751 3105 1823 Egyptiivero
3128 1748 3412 1818 Cnephum

190 1844 400 1898 similiter
436 1856 843 1914 nuncuparunt.
887 1848 1175 1919 eidemque
1204 1859 1368 1921 caput
1397 1849 1671 1918 accipitris
1722 1850 1793 1905 ob
1825 1849 2158 1921 praecipuam
2190 1848 2486 1919 quamdam
2506 1847 2673 1917 hujus
2700 1846 2939 1903 volucris
2964 1843 3156 1916 agendi
3185 1843 3293 1897 vim
3321 1841 3419 1897 ad-

190 1937 422 1993 diderunt.
454 1939 595 2021 Quin
630 1941 792 1995 etiam
832 1941 991 2011 Epeis
1024 1942 1130 2007 ille,
1163 1942 1255 2013 qui
1300 1959 1551 2001 summus
1584 1942 1651 1997 ab
1702 1942 1769 1997 iis
1808 1959 2091 1999 sacrorum
2140 1943 2407 2011 interpres
2441 1949 2495 1995 et
2523 1940 2703 1996 scriba
2741 1938 3088 2002 nominatur,
3143 1949 3415 2007 quemque

188 2027 320 2084 Arius
347 2027 803 2101 Heracleopolites
834 2032 1020 2089 Graeca
1052 2022 1237 2111 lingua
1271 2036 1526 2103 donavit,
1559 2036 1639 2092 sic
1660 2036 1728 2091 ad
1754 2036 1981 2092 verbum
1999 2036 2288 2108 allegorice
2331 2049 2445 2089 rem
2467 2035 2625 2089 istam
2641 2030 2925 2098 exposuit:
2948 2049 2965 2081 ι
2990 2030 3145 2086 Unus
3167 2030 3414 2085 omnium

187 2121 384 2176 maxime
415 2123 636 2181 divinus
659 2135 780 2205 erat
836 2142 1061 2198 serpens
1085 2129 1194 2195 ille,
1226 2130 1339 2198 qui
1380 2129 1656 2199 accipitris
1697 2130 1929 2185 formam
1988 2145 2101 2200 prze
2137 2144 2196 2185 se
2227 2129 2451 2194 ferebat,
2504 2127 2757 2198 idemque
2812 2132 3037 2195 aspectu
3076 2123 3416 2195 jucundissi-

186 2229 286 2269 mus
307 2233 319 2267 :
340 2215 529 2287 quippe
553 2219 728 2285 enim,
754 2220 844 2274 ubi
874 2221 1061 2277 oculos
1096 2223 1423 2292 aperuisset,
1476 2222 1734 2278 continuo
1760 2223 2095 2294 primigenia:
2115 2238 2228 2277 suae
2245 2221 2481 2293 regionis
2532 2222 2653 2277 loca
2687 2218 2870 2275 omnia
2899 2220 3022 2274 luce
3065 2217 3370 2288 complebat
3396 2236 3412 2273 :

187 2309 253 2359 sin
281 2317 441 2362 autem
477 2313 833 2378 conniveret,
882 2316 1027 2371 illico
1072 2318 1310 2373 tenebra:
1341 2318 1723 2383 succedebant.
1750 2320 1864 2375 rAc
1883 2327 2076 2374 natura
2121 2318 2342 2389 quidem
2404 2319 2621 2388 igneum
2669 2316 2821 2373 illum
2866 2331 2990 2370 esse
3020 2314 3071 2368 vi
3107 2316 3223 2384 ipsa
3262 2314 3417 2369 verbi

184 2395 456 2467 διηύγασεν,
488 2401 538 2454 id
572 2413 661 2458 est
687 2404 1014 2473 illustrabat,
1052 2407 1210 2476 Epeis
1246 2409 1532 2464 manifeste
1589 2407 1738 2464 decla

1865 2416 1885 2462 t
1943 2426 1958 2464 :
1999 2408 2138 2465 lucis
2205 2409 2375 2473 enim,
2410 2408 2470 2461 τὸ
2496 2408 2807 2477 διαυγάσαι,
2867 2406 2975 2460 hoc
3009 2414 3092 2461 est
3121 2405 3415 2477 illustrare,

187 2492 427 2559 proprium
469 2503 576 2553 est.
624 2495 965 2570 Pherecydes
1006 2512 1211 2565 autem,
1250 2502 1539 2556 occasione
1564 2516 1628 2555 ex
1658 2500 2007 2556 Phoenicibus
2039 2509 2290 2572 arrepta,
2340 2501 2700 2571 theologicam
2732 2500 2798 2553 de
2854 2498 2947 2553 illo
2990 2497 3216 2553 numine
3268 2498 3416 2569 quod

185 2580 445 2651 Ophionem
492 2586 618 2656 ipse
645 2600 945 2660 nuncupat,
990 2593 1165 2662 deque
1188 2592 1509 2662 Ophionidis
1552 2592 1787 2648 instituit
1825 2593 2289 2663 disputationem;
2321 2610 2422 2649 nos
2460 2603 2639 2648 autem
2671 2593 2738 2647 de
2766 2594 2873 2648 illis
2899 2592 3104 2662 aliquid
3129 2592 3290 2647 etiam
3320 2606 3423 2660 po-

190 2683 287 2728 stea
312 2676 671 2746 subjiciemus.
698 2680 969 2739 Czeterum
991 2681 1230 2755 Egyptii
1253 2685 1515 2757 mundum
1538 2684 1726 2738 eodem
1763 2683 1995 2749 consilio
2033 2684 2406 2755 depingentes,
2453 2684 2748 2740 rotundum
2810 2683 3075 2738 circulum
3126 2680 3274 2735 aerio
3323 2695 3418 2735 co-

191 2772 289 2831 lore
322 2776 653 2845 ﬂammisque
709 2792 961 2847 sparsum
1018 2780 1351 2849 exprimunt,
1417 2779 1575 2850 cujus
1624 2774 1678 2835 in
1717 2781 1896 2835 medio
1940 2798 2163 2851 serpens
2204 2790 2457 2837 extentus
2484 2779 2761 2850 accipitris
2788 2777 2962 2833 forma
2988 2777 3308 2833 collocatur.
3337 2775 3416 2830 Ac

183 2863 471 2931 totaquidem
504 2862 688 2935 ﬁgura
727 2866 919 2925 Graeco
948 2868 1119 2926 Theta
1162 2874 1455 2941 persimilis
1509 2885 1611 2941 est,
1671 2877 1748 2932 ita
1799 2878 2079 2942 nimirum,
2124 2886 2183 2932 ut
2223 2878 2429 2932 circulo
2472 2877 2734 2930 mundum
2787 2874 3098 2939 exhibeant,
3165 2880 3417 2933 serpente

184 2964 333 3010 autem
355 2958 528 3013 medio
566 2959 721 3013 illum
746 2961 1000 3032 utrinque
1020 2960 1128 3034 42
1171 2964 1554 3035 oonjungente,
1608 2968 1810 3035 bonum
1847 2968 2147 3022 daemonem
2185 2968 2511 3037 significent.
2540 2967 2609 3018 At
2638 2979 2766 3019 vero
2793 2963 3111 3019 Zoroastres
3142 2961 3331 3032 Magus
3360 2964 3414 3017 in

185 3060 319 3102 sacro
363 3049 710 3107 Persicorum
758 3055 963 3110 rituum
1016 3058 1444 3125 commentario,
1504 3061 1621 3116 haec
1680 3064 1902 3119 t0tidcm
1964 3062 2146 3117 verbis
2190 3062 2393 3116 habet:
2435 3079 2452 3109 σ
2489 3059 2632 3114 Deus
2655 3068 2834 3113 autem
2887 3066 2973 3111 est
3009 3056 3283 3125 accipitris
3320 3070 3415 3110 ca-

183 3137 289 3209 pite,
340 3142 594 3215 princeps
647 3146 1123 3219 omnium,expers
1164 3149 1439 3215 interitus,
1483 3154 1868 3224 sempiternus,
1928 3156 2045 3210 sine
2086 3164 2245 3220 ortu,
2302 3154 2419 3209 sine
2478 3152 2762 3224 partibus,
2830 3150 3067 3205 maxime
3111 3148 3415 3209 dissimilis.

181 3234 331 3287 omnis
376 3234 501 3289 boni
551 3237 888 3305 moderator,
941 3240 1346 3311 integerrimus,
1398 3245 1664 3315 bonorum
1725 3247 1986 3317 optimus,
2036 3243 2385 3315 prudentium
2414 3240 2897 3314 prudentissimus.
2942 3239 3121 3309 legum
3148 3238 3419 3308 tequitatis

181 3337 234 3376 ac
272 3326 477 3397 justitia:
512 3342 739 3397 parens,
776 3344 836 3383 se
878 3337 1089 3384 tantum
1144 3343 1474 3402 praeceptore
1521 3336 1735 3399 doctus,
1796 3335 2080 3398 naturalis,
2121 3333 2413 3403 perfectus,
2454 3333 2693 3403 sapiens,
2752 3340 2806 3387 et
2857 3346 3030 3386 sacrae
3069 3329 3151 3384 vis
3180 3327 3417 3401 physica:

183 3429 298 3468 unus
344 3416 613 3476 inventor.
652 3438 672 3471 ι
725 3418 925 3474 Eadem
971 3421 1197 3491 insuper
1247 3425 1475 3479 Ostanes
1526 3425 1593 3480 de
1630 3427 1720 3485 illo
1760 3426 1925 3479 tradit
1986 3426 2040 3478 in
2082 3440 2147 3479 eo
2182 3422 2331 3495 quod
2392 3421 2769 3477 Octateuchum
2833 3422 3135 3492 inscripsit,
3178 3420 3415 3474 volumi-

182 3522 251 3562 ne.
286 3507 484 3581 Reliqui
522 3523 707 3565 autem
737 3527 948 3578 omnes,
984 3514 1282 3582 principem
1329 3516 1479 3572 illum
1524 3518 1717 3581 secuti,
1767 3518 1834 3572 de
1880 3532 2063 3588 rerum
2107 3526 2326 3584 natura,
2370 3516 2832 3588 quemadmodum
2883 3524 3009 3571 ante
3059 3516 3266 3571 dictum
3310 3521 3415 3578 est,

180 3602 505 3675 philosophati
549 3616 706 3673 sunt;
760 3622 825 3661 ac
894 3608 1087 3677 primis
1127 3610 1410 3665 elementis
1447 3628 1510 3667 ac
1550 3614 1883 3681 serpentium
1950 3614 2144 3681 forma,
2182 3617 2236 3670 in
2277 3616 2493 3684 templis
2544 3628 2666 3683 quae
2720 3592 3145 3666 construxerant
3187 3608 3417 3665 solemni

182 3694 267 3750 ritu
304 3697 584 3763 dedicatis,
637 3714 763 3754 cum
814 3699 1102 3764 sacriﬁcia,
1156 3710 1270 3756 tum
1317 3702 1485 3757 festos
1527 3718 1745 3773 quoque
1794 3705 1932 3774 dies,
1978 3716 2030 3761 et
2083 3709 2230 3778 orgia
2286 3707 2651 3770 celebrarunt,
2684 3704 2829 3775 quod
2866 3703 2989 3758 illos
3036 3702 3261 3756 deorum
3295 3716 3415 3755 ma-

183 3788 330 3845 ximos
356 3807 495 3857 esse,
527 3807 824 3862 rerumque
853 3792 1096 3847 omnium
1126 3794 1401 3865 principes
1430 3812 1493 3851 ac
1514 3795 1883 3855 moderatores
1905 3784 2179 3870 putarent.
2212 3800 2412 3857 Verum
2451 3800 2566 3854 haec
2585 3800 2651 3854 de
2679 3798 3022 3868 serpentibus
3058 3795 3222 3851 modo
3253 3796 3410 3851 satis.

248 3906 388 3960 am
424 3908 536 3979 γὰρ
574 3907 644 3959 τὰ
676 3908 775 3977 μὲν
813 3908 910 3979 τῆς
946 3908 1204 3963 Φοινίκων
1236 3908 1513 3979 Θεολογίας
1538 3911 1725 3966 τοῦτον

1898 3913 2219 3985 Hujusmodi
2261 3932 2390 3987 ergo
2420 3924 2505 3972 est
2535 3914 2854 3969 thnicum
2888 3913 3213 3983 theologica,
3249 3928 3414 3983 quam

182 4002 389 4073 περιέχει
435 4003 532 4055 τὸν
592 4001 813 4073 τρόπον.
875 4002 975 4055 Ἦν
1027 4004 1435 4076 ἀμεταστρεπτὶ
1483 4005 1724 4075 φεύγειν,

1850 4013 1888 4060 tt
1919 4007 2185 4067 irretortis
2206 4008 2379 4062 oculis
2408 4006 2702 4077 fugiamus,
2731 4020 2793 4058 ac
2822 4004 3129 4074 priscorum
3165 4004 3406 4058 vesania:

181 4096 369 4165 καὶτῆς
400 4096 509 4150 τῶν
554 4094 798 4148 παλαιῶν
834 4096 1256 4171 φρενοϐλαϐείας
1288 4098 1388 4169 τὴν
1436 4097 1579 4152 ἴασιν
1631 4116 1729 4169 με-

1862 4100 2154 4154 medicinam
2189 4115 2599 4170 persequamur,
2631 4098 2888 4152 salutaris
2918 4096 3192 4168 Evangelii
3218 4096 3418 4151 doctri~

180 4186 450 4250 ταδιώκειν,
497 4188 527 4239 ὁ
560 4189 824 4259 σωτήριος
856 4189 1266 4258 εὐαγγελίζεται
1296 4188 1469 4258 λόγος.
1512 4192 1632 4243 Ὅτι
1676 4191 1732 4245 δὲ

1858 4207 1900 4243 ιιι
1936 4190 2198 4260 praecipit.
2236 4188 2369 4242 Nam
2406 4189 2550 4258 quod
2586 4188 2688 4243 ista
2718 4187 2904 4241 omnia
2932 4200 3032 4240 nec
3057 4185 3252 4239 fabula:
3284 4186 3414 4247 sint,

184 4277 244 4349 μὴ
276 4278 423 4348 μῦθοι
455 4278 651 4343 ταῦτα,
698 4280 791 4333 καὶ
822 4280 1060 4352 ποιητῶν
1100 4281 1497 4353 ἀναπλάσματα
1536 4283 1731 4338 λανθά-

1858 4297 1933 4336 nec
1954 4290 2264 4338 commenta
2289 4290 2595 4350 poetarum,
2619 4294 2741 4349 quae
2762 4280 3016 4333 latentem
3043 4278 3228 4331 nescio
3251 4292 3414 4346 quam

182 4372 345 4424 νουσάν
375 4390 496 4424 τινα
540 4374 598 4424 ἐν
644 4373 917 4437 ὑπονοίαις
952 4374 1142 4445 ἔχοντα
1180 4375 1413 4446 θεωρίαν
1440 4378 1725 4447 τυγχάνει·

1859 4391 1886 4427 n
1920 4374 2128 4429 intimis
2165 4373 2418 4428 sensibus
2440 4371 2953 4441 contemplationem
2980 4369 3258 4423 involvant
3284 4388 3297 4423 :
3321 4368 3415 4423 sed

184 4462 332 4531 σοφῶν
360 4464 415 4517 δὲ
449 4465 547 4518 καὶ
581 4465 849 4529 παλαιῶν,
871 4466 945 4530 ὼς
978 4467 1043 4520 ἂν
1069 4467 1239 4521 αὐτοὶ
1258 4472 1432 4536 φαῖεν,
1462 4468 1729 4538 Θεολὸγων

1857 4466 2015 4521 potius
2049 4481 2179 4519 vera
2220 4463 2549 4533 sapientium
2584 4478 2647 4517 ac
2678 4472 2939 4525 veterum,
2971 4470 3028 4515 ut
3070 4460 3171 4530 ipsi
3194 4459 3413 4530 quidem

183 4552 366 4623 ἀληθεῖς
400 4557 717 4629 μαρτυρίαι,
747 4558 816 4610 τὰ
844 4559 937 4611 καὶ
972 4558 1211 4631 ποιητῶν
1237 4560 1492 4614 ἁπάντων
1526 4563 1619 4614 καὶ
1644 4562 1729 4615 λο-

1860 4560 2125 4629 ppellant,
2145 4558 2522 4627 theologorum
2548 4554 2883 4616 testimonia,
2909 4569 3030 4623 qua:
3052 4568 3138 4607 res
3160 4552 3416 4607 omnibus

184 4648 442 4717 τοτράφων
496 4649 843 4723 πρεσϐύτερα
891 4651 1262 4723 περιέχουσαι,
1320 4653 1383 4705 τό
1426 4670 1485 4707 τε
1539 4655 1728 4708 πιστὸν

1858 4662 1883 4707 ιι
1910 4652 2085 4721 poetis
2101 4660 2154 4705 et
2178 4649 2485 4704 fabularum
2513 4647 2876 4717 scriptoribus
2901 4645 3239 4715 antiquiores
3258 4658 3414 4699 com-

183 4737 270 4790 τῶν
290 4739 456 4808 λόγων
494 4744 833 4814 ἐπαγόμεναι
865 4744 971 4798 ἀπὸ
994 4745 1093 4816 τῆς
1132 4746 1297 4799 εἰσέτι
1331 4744 1489 4817 δεῦρο
1521 4747 1577 4798 ὲν
1608 4750 1727 4809 ταῖς

1858 4742 2155 4804 ﬂectantur,
2184 4740 2452 4809 fidemque
2468 4747 2753 4793 arcessant
2777 4753 2901 4793 cum
2926 4753 2992 4792 ex
3022 4736 3110 4790 illa
3131 4736 3270 4805 ipsa,
3293 4750 3414 4805 quae

185 4829 301 4882 κατὰ
328 4834 577 4907 Φοινίκην
593 4837 783 4890 πόλεσι
814 4852 870 4888 τε
904 4837 996 4889 καὶ
1029 4836 1241 4908 κώμαις
1269 4838 1577 4911 κρατούσης
1618 4840 1726 4891 τῶν

1859 4850 1885 4887 ιι
1917 4831 2241 4887 Phoenicum
2272 4831 2502 4885 urbibus
2553 4845 2618 4885 ac
2647 4830 2800 4901 pagis
2829 4828 3131 4884 etiamnum
3174 4826 3415 4882 celebra-

187 4918 298 4975 θεῶν
343 4926 711 4997 προσηγορίας
761 4945 818 4981 τε
875 4928 969 4981 καί
1018 4930 1279 5000 ἱστορίας,
1336 4932 1445 4983 τῶν
1489 4949 1549 4985 τε
1596 4935 1725 5004 παρ’

1859 4939 1942 4987 ur,
1971 4922 2194 4977 deorum
2221 4920 2586 4991 appellatione
2620 4930 2782 4990 atque
2820 4918 3069 4981 historia,
3102 4925 3215 4971 tum
3245 4932 3311 4972 ex
3348 4917 3415 4971 iis

187 5011 400 5080 ἑκάστοις
442 5019 873 5091 ἐπιτελουμένων
911 5021 1248 5094 μυστηρίων,
1289 5024 1448 5094 δῆλον
1490 5024 1556 5077 ἂν
1598 5025 1683 5096 εἴη
1708 5041 1722 5055 ο

1861 5029 1955 5085 tute
2010 5012 2152 5083 apud
2204 5011 2448 5082 singulos
2496 5020 2861 5082 peraguntur,
2914 5008 3189 5079 mysteriis
3236 5006 3417 5077 quivis

186 5102 246 5168 ὥς
277 5110 459 5180 μηκέτι
496 5112 698 5166 τούτων
735 5112 933 5184 χρῆναι
974 5116 1178 5185 βιαίους
1210 5118 1507 5187 ἀνιχνεύειν
1540 5134 1725 5186 φυσιο-

1861 5108 2045 5177 ιρίηυτ,
2068 5104 2350 5175 intelligit:
2374 5104 2505 5159 nihil
2536 5114 2593 5159 ut
2612 5104 2723 5173 jam
2754 5117 2979 5157 necesse
3003 5100 3073 5155 sit
3095 5109 3313 5155 coactas
3329 5115 3417 5154 re-

188 5194 372 5266 λῦγίας,
410 5205 552 5275 σαφῆ
580 5202 673 5259 τὸν
718 5204 777 5270 ἐξ
819 5206 1025 5260 ἑαυτῶν
1065 5207 1283 5279 ἔλεγχον
1317 5209 1726 5281 ἐπιφερομένων

1864 5214 1952 5252 um
1983 5198 2207 5253 istarum
2238 5196 2491 5267 physicas
2518 5194 2908 5265 explicationes
2926 5192 3413 5261 perscrutari,cum

188 5290 276 5345 τῶν
303 5298 652 5367 πραγμάτιον.
682 5298 915 5371 Τοιαύτη
950 5300 1047 5370 μὲν
1077 5296 1170 5355 οὖν
1201 5304 1233 5374 ἡ
1263 5302 1521 5355 Φοινίκων
1552 5300 1729 5355 θεολο-

1856 5288 2153 5346 ιετιίεεὶιιιὶε
2170 5303 2293 5358 quae
2309 5298 2576 5358 sponteac
2593 5302 2687 5356 per
2700 5300 2757 5339 se
2769 5285 2915 5354 ipsas
2929 5284 3033 5339 illa:
3046 5284 3412 5354 suppeditant,

191 5384 283 5448 τοία.
315 5388 447 5460 Ὦρα
486 5390 541 5443 δὲ
591 5390 927 5461 μεταϐάντας
980 5394 1073 5449 καὶ
1116 5373 1228 5466 τὴν
1259 5396 1567 5465 Αἰγυπτίων
1609 5397 1727 5449 ἐπι-

1867 5381 2167 5453 rgumentis
2184 5380 2507 5449 iudiciisque
2527 5385 2831 5433 teneantur.
2852 5375 2976 5431 Haec
2989 5390 3118 5444 ergo
3131 5376 3194 5429 de
3205 5373 3415 5429 Plateni-

195 5472 452 5550 θεωρῆσαι.
1830 5492 1955 5531 cum
1984 5474 2256 5547 theologia
2281 5473 2427 5530 dicta
2450 5480 2630 5528 sunto.
2660 5468 2782 5525 Jam
2807 5471 2952 5526 enim
2992 5477 3207 5540 tempus
3234 5476 3318 5523 est
3358 5474 3416 5524 ut

1834 5568 1897 5623 ad
1933 5567 2315 5641 Egyptiorum
2346 5582 2501 5624 sacra
2528 5564 2945 5637 doctrinamque
2975 5572 3339 5621 transeamus.
