3940 6380
531 330 592 386 9|
1174 326 1443 385 EUSEBH
1483 323 1962 382 CJSARIENSIS
2000 322 2151 379 OPP.
2194 320 2373 377 PARS
2412 319 2477 374 ll.
2512 316 3107 376 ~APOLUGETICA.
3672 321 3729 373 9%

561 636 3727 664 MM

897 888 2236 1008 ΠΡΟΠΑΡΑΣΚΕΥΗΣ
2344 887 3411 1005 ΕΥΑΓΓΕΛΙΚΗΣ

1620 1197 2059 1287 ΒΙΒΛΙΟΝ
2116 1196 2688 1287 ΔΕΥΤΕΡΟΝ
2702 1264 2722 1285 .

2123 1496 2192 1514 ⁵..

2774 1455 2779 1465 ρ
2804 1454 2808 1458 .

2764 1466 2857 1508 .l"‘

618 1726 1634 1828 PRtEPARATIONIS
1727 1726 2525 1822 EVANGELICIE
2619 1726 2975 1815 LIBER
3047 1728 3694 1818 SECUKUUS.

850 2255 956 2328 b3
998 2252 1293 2312 SECUNDI
1332 2252 1514 2308 LIBRI
1554 2252 1826 2309 CAPITA.

534 2347 557 2400 1
610 2345 900 2417 Theologia:
924 2345 1562 2417 Ai'gyptiorumepitome,
1593 2353 1642 2398 et
1669 2342 2107 2417 quemadmodum

604 2436 673 2488 ad
709 2434 918 2489 ercos
955 2435 1076 2489 inde
1109 2435 1401 2488 transierit.

530 2526 566 2581 2
609 2526 804 2580 Eorum
835 2528 1055 2594 epitome
1083 2542 1198 2595 qua:
1223 2528 1285 2580 de
1308 2524 1615 2581 Graecorum
1645 2525 1748 2580 diis
1778 2535 1827 2581 et
1863 2524 2107 2579 heroibus

607 2597 847 2666 fabulose
869 2598 1097 2665 conﬁcta
1127 2606 1271 2651 sunt.

532 2688 566 2742 3
607 2690 936 2743 Arcauorum
967 2688 1260 2749 initiorum,
1293 2697 1340 2740 et
1370 2692 1696 2741 occultorum
1742 2700 2109 2757 mystei'rorum

601 2761 842 2839 epitome,
896 2774 1011 2827 qua
1046 2758 1421 2826 multiplicium
1468 2760 1685 2813 deorum
1731 2760 2105 2827 superstitione

603 2840 962 2884 Continentur.

531 2921 567 2975 4
606 2918 807 2985 Quibus
838 2922 1129 2974 rationibus
1164 2940 1195 2974 a
1223 2922 1576 2991 suscipiendis
1598 2922 1865 2985 ejusmodi
1907 2923 1971 2976 de
2000 2923 2108 2977 diis

602 2992 936 3060 opinionibus
964 2993 1180 3045 abducti
1212 2995 1402 3047 simus.

531 3080 566 3136 5
606 3080 828 3149 Eorum,
858 3100 975 3153 qua:
1006 3085 1247 3153 superius
1284 3085 1429 3138 dicta
1453 3095 1599 3150 sunt,
1633 3084 1946 3155 complexio.

531 3175 563 3229 6
607 3174 868 3256 sepulcra
895 3187 1223 3229 mortuorum
1252 3194 1383 3240 esse,
1405 3193 1522 3247 qua:
1542 3179 1757 3231 deorum
1792 3177 1986 3247 templa
2016 3194 2109 3231 no—

604 3258 897 3299 minantur.

532 3337 563 3387 '7
600 3334 741 3402 Quid
774 3336 932 3391 Plato
959 3337 1024 3392 de
1048 3349 1279 3392 veterum
1311 3338 1571 3410 theologia
1606 3341 1848 3395 senserit.

530 3492 565 3546 ε
608 3491 683 3547 De
712 3492 1074 3548 Romanorum
1107 3494 1391 3566 theologia.

1097 3813 1514 3872 PROGJMIUM.

608 3924 934 3997 Huiusmodi
960 3944 1091 4001 ergo
1122 3938 1252 3985 sunt
1290 3947 1413 4001 quae
1459 3932 1782 3989 Plitenicum
1834 3936 2109 4007 theologia

544 4020 917 4085 continentur,
948 4036 1069 4090 quae
1114 4024 1332 4093 quidem
1366 4024 1444 4079 sic
1476 4033 1533 4077 ut
1559 4041 1827 4092 nusquam
1884 4028 2109 4083 omnino

530 4110 913 4179 respiciamus,
950 4110 1205 4183 fugienda
1237 4114 1394 4169 nobis
1416 4130 1559 4181 esse,
1591 4117 1895 4185 priscorum
1926 4129 2109 4174 autem

532 4202 768 4256 vesania:
802 4204 1141 4259 curationem
1185 4205 1429 4260 studiose
1464 4210 1921 4276 persequendam,
1962 4210 2111 4265 salu-

532 4292 670 4347 taris
708 4292 987 4364 Evangelii
1054 4295 1305 4351 doctrina
1359 4297 1603 4367 prmcipit
1631 4298 1789 4369 (ιτ).
1819 4297 2111 4356 Enimvero

532 4386 677 4455 quod
710 4387 811 4441 ista
843 4403 943 4443 nec
979 4388 1177 4445 fabula:
1200 4391 1333 4453 sint,
1353 4407 1451 4446 nec
1468 4405 1773 4450 commenta
1804 4406 2108 4466 poetarum,

532 4493 655 4548 qua:
690 4477 944 4532 latentem
988 4482 1173 4535 nescio
1202 4500 1365 4552 quam
1409 4488 1703 4542 reconditis
1752 4488 1807 4541 in
1857 4490 2111 4545 sensibus

533 4570 1047 4638 contemplationem
1114 4573 1427 4638 involvam;
1485 4577 1575 4632 sed
1616 4580 1799 4647 potius
1850 4595 1979 4634 vera
2024 4597 2114 4635 sa-

534 4660 799 4728 pientium
825 4676 891 4715 ae
930 4672 1197 4725 veterum,
1240 4674 1298 4718 ut
1344 4666 1446 4735 ipsi
1479 4666 1589 4738 44
1623 4669 1841 4737 quidem
1877 4669 2112 4738 loquun-

534 4760 648 4814 tur,
674 4751 1055 4821 theologorum
1102 4757 1436 4819 testimonia,
1479 4776 1601 4828 qua:
1635 4777 1721 4814 res
1772 4764 2028 4818 omnibus
2059 4772 2115 4818 et

537 4844 735 4912 poetis,
759 4853 814 4899 et
851 4844 1174 4900 fabellarum
1213 4849 1570 4918 scriptoribus
1601 4853 1909 4922 antiquiora
1959 4871 2111 4910 com-

534 4936 860 5003 plectantur,
888 4936 1102 5006 sibique
1136 4936 1293 4991 lidem
1328 4950 1607 4995 arcessant
1639 4956 1764 4995 cum
1813 4941 1880 4997 ab
1912 4943 2003 4997 illa
2034 4943 2115 5013 ip.

2140 2264 2187 2317 Α

2257 2250 2433 2307 ΤΑΔΕ
2469 2253 2826 2308 ΠΕΡῙΕΧΕΙ
2871 2250 2957 2307 T0
2997 2254 3380 2308 ΔΕΥΤΕΡΟΝ
3423 2256 3728 2311 ΒΙΒΛΙΟΝ.

2210 2352 2277 2398 α’.
2326 2345 2599 2414 Ἐπιτομὴ
2651 2344 2761 2413 τῆς
2812 2347 3149 2413 Αἰγυπτίων
3185 2348 3519 2415 θεολογίας,
3568 2348 3657 2401 καὶ
3694 2348 3761 2413 ὡς

2282 2418 2369 2481 είς
2403 2416 2699 2482 ’Έλληνας
2724 2417 3143 2485 μετεκομίσθη.

2212 2510 2275 2581 β’.
2320 2511 2601 2581 Ἐπιτομὴ
2645 2510 2761 2565 τῶν
2792 2512 2927 2579 παρ’
2959 2510 3221 2581 Ἕλλησί
3248 2528 3313 2564 τε
3344 2510 3498 2565 θεῶν
3542 2512 3633 2566 καὶ
3662 2509 3764 2564 τῶν

2281 2584 2415 2652 παρ’
2444 2580 2648 2649 αὐτοῖς
2669 2580 2875 2649 ἡρώων
2909 2580 3352 2651 μυθευομένων.

2210 2682 2276 2745 γ’.
2323 2675 2598 2745 Ἐπιτομὴ
2647 2674 2765 2727 τῶν
2794 2658 3145 2745 ἆπορῤήτων
3181 2672 3465 2745 τελετῶν,
3513 2676 3605 2727 καὶ
3645 2691 3766 2741 κρυο

2282 2747 2435 2816 solum
2458 2742 2807 2816 μυστηρίων
2835 2742 2943 2814 τῆς
2966 2742 3266 2798 πολυθέου
3295 2744 3567 2811 πλάνης.

2210 2918 2273 2972 δ’.
2324 2920 2451 2972 Τίσι
2509 2918 2821 2986 λογισμοῖς
2881 2918 2983 2969 τοῦ
3040 2934 3113 2969 τα
3159 2917 3333 2985 ὅμοια
3369 2917 3497 2983 τοῖς
3540 2917 3770 2982 Ἕλλησι

2283 2990 2415 3057 περὶ
2440 2986 2591 3043 θεῶν
2610 2988 2855 3056 φρονεῖν
2884 2987 3380 3056 ἀνεχωρήσαμεν.

2209 3090 2269 3135 ε’.
2312 3080 2848 3149 Ἀνακεεραλαίωσις
2873 3078 2990 3132 τῶν
3030 3082 3297 3146 πρόσθεν
3325 3078 3670 3149 εἰρημένων.

2212 3183 2283 3241 ς’.
2312 3174 2452 3243 Περὶ
2488 3174 2594 3227 τοῦ
2639 3172 2861 3243 νεκρῶν
2903 3167 3055 3225 εἶναι
3106 3172 3177 3223 τὰ
3218 3174 3568 3243 καλούμενα
3596 3168 3774 3225 αὐτῶν

2283 3241 2418 3314 ἱερᾶ
2444 3243 2564 3298 τῶν
2589 3242 2757 3298 θεῶν.

2211 3338 2273 3402 ζ’.
2303 3339 2489 3402 Ὅπως
2519 3339 2550 3389 ὀ
2577 3333 2828 3389 Πλάτων
2844 3334 2979 3403 περὶ
3010 3332 3119 3401 τῆς
3147 3334 3265 3387 τῶν
3291 3335 3571 3390 παλαιῶν
3606 3335 3780 3388 θεολο-

2279 3409 2413 3477 γίας
2461 3406 2757 3471 ἐδόξαζεν.

2216 3498 2279 3569 η’.
2315 3498 2452 3565 Περὶ
2486 3494 2594 3563 τῆς
2623 3494 2771 3548 κατὰ
2814 3494 3129 3563 Ῥωμαίους
3144 3494 3479 3565 θεολογίας.

2804 3815 3202 3869 ΠΡΟΟΙΜΙΟΝ.

2252 3940 2255 3943 ‘
2282 3932 2362 3985 Τὰ
2388 3931 2484 4003 μὲν
2517 3931 2581 4001 δὴ
2616 3931 2711 3999 τῆς
2732 3930 2991 3982 Φοινίκων
3023 3928 3300 3997 Θεολογίας
3332 3930 3429 3983 τὸν
3461 3944 3789 4002 προειρημ-

2210 4044 2299 4079 νον
2332 4024 2572 4095 περιέχει
2604 4021 2825 4093 τρόπον,
2861 4024 2925 4091 ἢν
2964 4021 3383 4092 ἀμεταστρεπτὶ
3442 4021 3666 4091 φεύγειν
3707 4019 3791 4073 καὶ

2212 4118 2314 4187 τῆς
2346 4118 2453 4171 τῶν
2490 4114 2735 4169 παλαιῶν
2780 4112 3199 4185 φρενοϐλαϐείας
3227 4114 3323 4185 τὴν
3361 4115 3514 4168 ἴασιν
3545 4111 3793 4185 μεταδιώ-

2211 4226 2326 4261 κειν
2372 4210 2400 4261 ὁ
2444 4209 2707 4278 σωτήριος
2761 4205 2916 4273 λόγος
2966 4204 3400 4272 εὐαγγελίζεται.
3466 4208 3593 4259 Ὅτι
3636 4205 3691 4258 δὲ
3726 4203 3791 4273 μὴ

2215 4300 2373 4373 μῦθοι
2410 4300 2581 4353 ταῦτα
2629 4299 2721 4353 καὶ
2766 4298 3003 4370 ποιητῶν
3054 4298 3480 4370 ἁναπλάσματα,
3515 4297 3797 4353 λανθάνου-

2215 4395 2313 4448 σάν
2347 4410 2469 4445 τινα
2518 4394 2572 4443 ὲν
2616 4391 2893 4454 ὑπονοίαις
2938 4390 3130 4461 ἔχοντα
3181 4392 3458 4462 θεωρίαν,
3509 4390 3791 4461 τυγχάνει·

2216 4486 2393 4553 σοφῶν
2423 4485 2478 4537 δὲ
2508 4487 2601 4538 καὶ
2632 4484 2897 4545 παλαιῶν,
2924 4484 2998 4547 ὡς
3032 4484 3097 4537 ἂν
3127 4484 3279 4537 αὐτοὶ
3318 4486 3505 4552 φαῖεν,
3543 4483 3799 4551 θεολόγων

2214 4576 2430 4647 ἀληθεῖς
2494 4575 2807 4648 μαρτυρίαι,
2865 4576 2935 4628 τὰ
2970 4574 3064 4628 καὶ
3123 4574 3362 4644 ποιητῶν
3399 4575 3668 4630 ἁπάντων
3714 4574 3800 4627 καὶ

2213 4668 2565 4740 λογογράφων
2608 4668 2954 4740 πρεσϐύτερα
2990 4668 3362 4739 περιέχουσαι,
3419 4668 3485 4721 τό
3529 4685 3587 4722 τε
3623 4666 3803 4720 πιστὸν

2215 4760 2322 4813 τῶν
2354 4760 2527 4828 λόγων
2563 4761 2900 4829 ἐπαγόμεναι
2939 4760 3048 4813 ἀπὸ
3077 4759 3177 4829 τῆς
3212 4758 3381 4811 εἰσέτι
3414 4758 3585 4830 δεῦρο
3614 4760 3671 4810 ὲν
3694 4758 3805 4817 ταῖς

2215 4850 2356 4903 κατὰ
2385 4850 2634 4922 Φοινίκην
2670 4850 2854 4903 πόλεσί
2893 4868 2951 4903 τε
2986 4852 3080 4903 καὶ
3107 4847 3317 4919 κώμαις
3352 4850 3679 4923 κρατούσης
3709 4848 3806 4901 τῶν

2215 4942 2363 4995 Θεῶν
2396 4942 2763 5015 προσηγορίας
2778 4960 2836 4995 τε
2866 4943 2959 4995 καὶ
2989 4942 3249 5013 ἱστορίας,
3278 4942 3389 4993 τῶν
3411 4960 3477 4995 τε
3514 4942 3651 5013 παρ’
3684 4940 3805 4994 ἑκάο

536 5040 620 5093 sa,
647 5041 769 5095 qua:
812 5028 865 5081 in
920 5026 1239 5084 Phoenicum
1274 5030 1499 5085 urbibus
1523 5046 1586 5086 ac
1632 5033 1783 5103 pagis
1814 5032 2110 5089 etiamnum

2218 5051 2362 5097 στοις
2406 5035 2836 5105 ἐπιτελουμένων
2900 5035 3213 5107 μυστηρίων
3246 5034 3406 5104 δῆλον
3463 5035 3535 5089 ἂν
3572 5034 3685 5105 εἴη,
3710 5032 3811 5087 ἀπό

536 5119 826 5187 retinetur,
855 5120 1083 5176 deorum
1108 5122 1470 5193 appellatione
1508 5133 1669 5194 atque
1712 5126 1961 5191 historia,
1997 5136 2110 5181 tum

2217 5143 2276 5178 τε
2317 5127 2417 5196 τῆς
2464 5127 2571 5180 τῶν
2621 5127 2821 5181 λοιπῶν
2881 5127 3260 5197 συγγραφέων,
3306 5126 3402 5178 καὶ
3449 5128 3519 5197 δὴ
3555 5128 3653 5181 καὶ
3707 5124 3810 5176 τῶν

536 5226 604 5265 ex
630 5209 720 5275 iis,
744 5228 867 5282 quae
897 5213 1040 5283 apud
1070 5214 1317 5286 singulos
1350 5215 1575 5285 antiquo
1618 5217 1724 5271 ritu
1761 5218 2110 5273 celebrantur

2216 5217 2584 5289 νομιζομένων
2620 5218 2881 5285 θεολόγων
2922 5217 3241 5289 ὁμολογίας’
3282 5217 3347 5269 δι’
3371 5212 3444 5288 ἦς
3497 5218 3814 5291 ἐμαρτύρη-

540 5303 840 5373 mysteriis,
866 5306 1067 5373 quivis,
1096 5306 1313 5376 Opinor,
1336 5322 1403 5361 ex
1434 5308 1713 5362 communi
1740 5318 1849 5362 tam
1873 5309 2110 5378 reliquo-

2220 5326 2317 5363 σαν
2351 5313 2475 5374 τοὺς
2506 5311 2771 5373 παλαιοὺς
2794 5310 2890 5363 καῖ
2909 5309 3155 5381 πρώτους
3184 5308 3251 5362 τὰ
3278 5312 3411 5379 περὶ
3444 5310 3593 5365 οεῶν
3625 5326 3815 5377 συστη-

541 5408 659 5447 rum
695 5401 1009 5463 auctorum,
1040 5413 1204 5467 quam
1233 5414 1423 5454 eorum
1444 5400 1630 5464 etiam,
1659 5401 1751 5469 qui
1780 5415 1878 5470 pro
1901 5401 2110 5457 theolo-

2220 5402 2507 5471 σαμένους,
2547 5404 2712 5474 μηδὲν
2745 5406 2823 5466 είς
2846 5402 3081 5472 φυσικὰς
3106 5403 3400 5473 ἀναφέρειν
3423 5401 3815 5475 τροπολογίας,

541 5484 625 5552 gis
664 5484 959 5551 habentur,
996 5504 1265 5545 consensu
1318 5492 1599 5562 intelligat.
1636 5491 1919 5561 Siquidem
1950 5509 2013 5548 ex
2049 5509 2110 5547 eo

2225 5494 2347 5563 μηδ’
2380 5494 2695 5565 ἁλληγορείν
2740 5496 2864 5558 τοὺς
2905 5494 3033 5565 περὶ
3066 5493 3203 5549 θεῶν
3240 5494 3469 5563 μύθους,
3502 5496 3603 5547 ἐπὶ
3654 5494 3817 5565 μόνης

542 5584 779 5641 constat,
825 5588 1034 5633 veteres
1081 5579 1225 5645 illos,
1260 5582 1353 5652 qui
1379 5598 1463 5637 res
1498 5583 1563 5636 ad
1598 5582 1822 5637 deorum
1861 5593 2110 5637 naturam

2220 5584 2272 5635 δὲ
2315 5585 2407 5655 τῆς
2451 5585 2644 5651 λέξεως
2696 5587 2981 5657 φυλάττειν
3024 5586 3119 5649 τὰς
3177 5588 3441 5656 ἱστορίας.
3490 5588 3685 5641 Ταῦτα
3715 5587 3819 5657 γὰρ

624 5735 761 5806 (47⁸)
807 5734 929 5792 Haec
961 5736 1071 5808 jam
1112 5737 1220 5795 fere
1251 5739 1577 5813 ada‘erlittln
1622 5742 1674 5797 in
1730 5741 1940 5809 epilogo
1973 5738 2092 5794 libri
2131 5756 2145 5795 ι
2186 5740 2349 5797 dicla.
