3948 6376
198 359 251 413 ες
1319 356 1639 413 ΡῘὶᾹΞΡΑΒ.
1684 356 1934 415 EVANG.
1981 359 2106 415 LIB.
2153 358 2215 415 Π.
3320 358 3388 414 38

192 476 235 526 si
270 468 621 541 παρατεθεῖσαι
658 468 767 521 τῶν
819 470 1119 543 εἰρημένων
1154 471 1373 545 ἐδήλουν
1401 476 1606 543 φωναὶ,
1638 474 1713 539 ὡς
1742 512 1751 535 ε

1823 491 1878 531 ac
1899 477 2215 547 religionem
2252 476 2585 546 pertinentes
2614 478 2861 533 omnium
2893 478 3053 547 primi
3084 474 3382 545 collegere,

192 563 346 637 μηκέτι
380 561 560 631 χρῆναι
603 559 808 612 τούτων
862 559 1071 630 βιαίους
1109 563 1411 634 ἀνιχνεύειν
1456 566 1706 634 φυσιολο-

1828 568 1955 621 nihil
1988 569 2205 638 penitus
2232 568 2316 621 vel
2349 567 2415 621 ad
2449 583 2663 623 morum
2700 568 3160 634 informationem,
3190 570 3271 622 vcl
3305 570 3387 624 al-

188 658 295 729 τίεις,
326 652 455 720 σαφῆ
479 652 569 705 τὸν
592 652 653 718 ἐξ
682 652 888 705 ἑαυτῶν
925 653 1142 724 ἔλεγχον
1164 656 1575 729 ἐπιφερομένων
1600 660 1709 713 τῶν

1834 661 2083 728 egoricos
2108 657 2415 714 fabularum
2441 674 2635 715 sensus
2662 661 2881 725 referre,
2910 660 3005 716 sed
3048 661 3102 714 in
3138 660 3281 714 nuda
3323 675 3388 715 ac

194 748 489 820 πραγμάτων.
543 745 779 815 Τοιαύτη
837 748 934 817 μὲν
976 744 1123 819 οὖνὴ
1161 747 1270 802 τῶν
1294 751 1553 804 Φοινίκων
1587 750 1708 805 θεο-

1830 750 2045 817 simplici
2072 752 2400 806 narrationis
2424 753 2597 821 ipsius
2624 753 2854 809 historia
2880 762 3195 808 constanter
3225 755 3389 805 haere-

192 843 317 909 ἱστία.
345 838 469 907 Ὠρα
507 837 563 889 δὲ
614 838 973 906 μεταϐάντας,
1006 840 1097 892 καὶ
1148 840 1215 893 τὰ
1253 842 1563 909 Αἰγυπτίων
1590 844 1711 897 ἐπι-

1828 856 1869 895 'e
1908 843 2170 896 voluisse.
2216 842 2329 898 Hoc
2383 845 2655 915 ipsissima
2708 862 2920 907 eorum.
2953 859 3094 913 quos
3143 842 3387 897 Iauvlavi-

190 930 423 999 θλιιρίσαι,
458 928 538 989 είς
566 926 629 978 τὸ
663 929 996 998 κατανοῆσαι
1027 931 1119 982 καὶ
1153 931 1383 985 συνιδεῖν
1406 932 1709 1004 ἐξητασμέ-

1828 946 1955 996 ηυε,
1979 932 2221 985 omnium
2251 934 2415 988 verba
2440 936 2738 997 declarant,
2766 936 2901 989 nihil
2936 944 2992 988 ut
3016 934 3125 1003 jam
3165 947 3387 986 necesse

186 1040 270 1081 mg,
298 1023 335 1071 εἰ
383 1019 452 1088 μὴ
496 1019 799 1091 κεκριμένη
833 1022 926 1073 καί¹
960 1020 1180 1091 εύλογος
1217 1023 1547 1093 συνέστηκεν
1578 1025 1708 1094 ἡμῖν

1828 1022 2145 1082 ιίι,εο³ειιιε
2174 1037 2356 1075 rerum
2408 1024 2634 1076 istarum
2692 1025 2947 1094 physicas
2997 1022 3387 1091 ctpl.cattot;rs

182 1113 269 1179 ἠέξ
312 1108 473 1161 αὐτῶν
529 1109 904 1184 ἀναχώρησις,
946 1113 1055 1165 οὐδ’
1109 1114 1303 1178 άλλως,
1351 1115 1383 1185 ἢ
1419 1116 1507 1169 διά
1539 1115 1706 1186 μόνης

1830 1114 2086 1184 ndagare,
2113 1129 2237 1168 cum
2280 1115 2622 1181 certissimis,
2667 1132 2788 1184 quae
2835 1125 3030 1185 sponte
3078 1131 3142 1169 ac
3188 1130 3282 1184 per
3327 1130 3387 1168 se

178 1204 251 1269 τῆς
276 1200 630 1271 Εὒαγγελικῆς
684 1203 1029 1268 ἀποδείξεως,
1066 1205 1344 1277 πρώτιστα
1371 1207 1591 1259 πάντων
1612 1206 1709 1260 αύ-

1829 1219 1955 1273 psas
1994 1206 2097 1259 illa:
2130 1206 2498 1274 suppeditant,
2542 1209 2881 1280 argumentis
2920 1207 3243 1277 indiciisque
3308 1215 3388 1261 te.

174 1288 591 1355 τοΞςΑίγυπτίοις,
635 1285 756 1344 εἶτα
793 1293 850 1345 δὲ
892 1296 986 1347 καὶ
1030 1297 1142 1358 τοῖς
1171 1294 1237 1348 τὰ
1270 1299 1364 1351 ῐσα
1415 1295 1705 1367 φρονοῦσιν

1825 1306 2060 1350 reantur.
2114 1296 2240 1352 Haec
2280 1298 2445 1367 igitur
2477 1299 2543 1353 de
2566 1298 2886 1354 Phoenicum
2929 1299 3201 1369 theologia
3242 1298 3384 1352 dicta

171 1382 310 1441 a’mi;
329 1378 751 1451 κατωρθωμένη.
786 1384 974 1437 ῐΙᾶσαν
1004 1386 1102 1455 μὲν
1142 1382 1234 1439 οὖν
1264 1386 1363 1457 τὴν
1412 1388 1707 1455 Αἰγυπτια-

1829 1397 1987 1442 υηιο.
2016 1387 2135 1443 Jam
2166 1406 2294 1444 vero
2329 1398 2546 1459 tempus
2577 1400 2682 1456 est,
2703 1401 2761 1445 ut
2788 1392 2855 1445 ad
2891 1390 3271 1461 Egyptiorum
3298 1405 3388 1444 sa-

169 1472 244 1539 κὴν
264 1470 482 1541 ἱστορίαν
500 1473 584 1533 είς
613 1472 819 1537 πλάτος
842 1475 942 1545 τῆς
976 1476 1242 1547 Ἑλλήνων
1273 1476 1561 1548 μετείληφε
1597 1495 1707 1545 φω-

1828 1496 1893 1533 :ra
1926 1480 2341 1551 doctrinamque
2393 1490 2759 1546 transeamus,
2800 1490 2860 1538 ut
2880 1484 3234 1550 'perspeetum
3266 1496 3387 1534 om-

167 1564 253 1631 νῆςι
274 1560 401 1622 ἱδὶως
425 1577 485 1612 τε
516 1560 589 1613 τὰ
618 1563 748 1633 περὶ
785 1564 882 1633 τῆς
908 1566 1028 1618 κατ’
1061 1567 1259 1629 αὐτοὺς
1288 1565 1562 1633 θεολογίας
1582 1566 1705 1619 Μα-

1828 1586 1903 1626 tes
1935 1580 1986 1625 et
2029 1572 2369 1642 exploratum
2404 1573 2664 1637 habeant,
2710 1588 2837 1626 num
2883 1573 3090 1641 absque
3141 1573 3387 1642 diligenti

164 1651 296 1714 νξθῶς
318 1654 343 1703 ό
376 1649 675 1718 Αίγύπτιος
723 1652 778 1705 ἓν
805 1670 863 1706 τε
941 1650 1177 1721 ἔγραψεν
1200 1653 1349 1723 ἰερᾷ
1366 1655 1579 1721 βίϐλῳ,
1611 1656 1706 1711 καὶ

1829 1678 1869 1718 ιο
1917 1671 2133 1717 matura
2188 1663 2579 1717 deliberatione
2616 1663 2683 1716 ab
2729 1663 2797 1716 iis
2855 1676 3074 1732 quoque
3104 1663 3388 1718 discedenc

166 1750 207 1798 ἐν
229 1744 409 1813 ἑτέροις
448 1743 620 1795 αὑτοῦ
665 1745 1084 1817 συγγράμμασι.
1113 1744 1260 1816 Πλὴν
1284 1745 1421 1800 ἀλλά
1455 1749 1551 1800 καὶ
1587 1748 1706 1799 Διό-

1827 1757 1933 1810 lum
1959 1756 2119 1811 nobis
2147 1770 2269 1810 esse
2299 1756 2673 1819 statuerimus,
2726 1767 3087 1826 nostrumque
3118 1757 3222 1811 hoc
3252 1772 3386 1811 con-

162 1838 294 1909 δωρος
318 1836 595 1907 ὁπρόσθεν
624 1838 756 1907 ἡμῖν
786 1838 1198 1909 μνημονευθεὶς,
1229 1840 1293 1891 ὲκ
1319 1838 1580 1891 πλειόνων
1608 1838 1707 1902 τὰς

1828 1842 1991 1897 tilium
2039 1858 2150 1897 non
2194 1844 2415 1899 aliunde
2455 1860 2619 1914 quam
2660 1860 2727 1900 ex
2790 1824 3020 1914 ipsamet
3069 1839 3387 1910 Evangelica

166 1929 357 1999 ἱστορίας
389 1928 817 1999 ἀναλεξάμενος,
852 1930 946 1982 καὶ
977 1928 1052 1991 ώς
1087 1928 1169 1980 ἔνι
1207 1928 1439 1999 μάλιστα
1472 1928 1542 1980 τὰ
1574 1930 1707 1999 παρ’

1827 1934 2266 1988 iemonstratione
2311 1934 2494 2003 petitis
2529 1934 2860 1998 rationibus,
2888 1932 3126 2003 primum
3167 1929 3386 2001 quidem

163 2022 362 2082 ἑκάστοις
388 2020 607 2073 ἔθνεσιν
649 2019 1078 2091 ἀπηκριὸωκὼς,
1107 2021 1376 2091 ἐπιφανὴς
1420 2019 1577 2093 ἀνὴρ,
1614 2021 1707 2072 καὶ

1828 2022 2108 2094 Αῑςγριίἰε,
2139 2034 2253 2078 tum
2280 2026 2508 2096 reliquis
2537 2025 2798 2094 deinceps
2823 2024 3105 2089 omnibus,
3137 2023 3233 2093 qui
3260 2036 3387 2078 cum

160 2115 281 2179 δόξαν
308 2114 364 2165 οὐ
396 2114 603 2185 μικράν
640 2113 887 2178 παιδείας
923 2113 1073 2185 παρά
1109 2116 1243 2168 πᾶσι
1272 2117 1381 2177 τοῖς
1408 2112 1707 2184 φιλολόγοις

1835 2116 1881 2170 is
1907 2115 2256 2185 opinionibus
2297 2126 2456 2171 erant
2494 2116 2887 2185 sententiisque
2928 2113 3230 2184 conjuncti,
3261 2125 3391 2183 pro-

161 2203 483 2272 κτησάμενος·
513 2207 615 2257 καὶ
640 2205 704 2275 δὴ
738 2206 829 2257 καὶ
865 2207 1045 2258 πᾶσαν
1072 2205 1171 2276 τὴν
1206 2204 1439 2259 παλαιὰν
1465 2222 1704 2273 συναγα-

1833 2216 1996 2259 iatum
2039 2204 2216 2259 fauste
2262 2221 2325 2261 ac
2377 2204 2610 2260 feliciter
2660 2204 2926 2258 evenerit.
2970 2202 3047 2257 Ac
3099 2201 3392 2256 Manethus

158 2295 243 2362 γὼν
268 2296 514 2364 ἱστορίαν,
547 2298 794 2365 συνάψας
838 2313 897 2348 τε
929 2298 997 2351 τὰ
1042 2297 1233 2367 πρῶτα
1256 2301 1371 2360 τοῖς
1406 2296 1532 2366 ἑξῆς
1564 2296 1707 2368 πράο

1837 2297 2034 2366 ιιιὶιιεηι
2056 2296 2344 2367 Egyptius
2368 2296 2655 2351 historiam
2682 2296 2899 2349 illorum
2920 2294 3232 2348 universam
3253 2291 3396 2348 Grat-

158 2403 314 2455 γμισι,
368 2388 462 2458 τὴν
497 2390 784 2461 καταρχὴν
813 2391 912 2461 τῆς
943 2392 1070 2461 ὅλης
1109 2391 1404 2461 ἐποιήσατο
1440 2406 1706 2461 πραγμας

1831 2389 1894 2444 :is
1921 2388 2119 2444 litteris
2152 2390 2273 2444 fuse
2302 2389 2597 2444 admodum
2625 2387 2939 2457 explicavit,
2970 2386 3270 2455 praesertim
3297 2399 3390 2440 ve.

158 2478 271 2542 τείας
322 2480 422 2532 ἀπὸ
473 2480 585 2549 τῆς
632 2483 752 2534 κατ’
784 2483 1111 2551 Αἰγυπτίους
1151 2481 1429 2549 θεολογίας
1454 2497 1467 2510 ⁸
1510 2481 1604 2550 ἀφ’
1638 2475 1706 2552 ἧς

1832 2496 1875 2533 ⁵0
1903 2496 2027 2551 quae
2061 2482 2127 2535 ad
2167 2482 2410 2550 ipsorum
2441 2480 2767 2549 theologiam
2795 2477 3163 2548 pertinebant,
3182 2490 3305 2530 cum
3336 2475 3391 2529 in

156 2567 356 2638 ἠγοῦμαι
389 2573 641 2639 κρεῖττον
664 2568 802 2624 εἶναι
855 2570 1182 2642 ποιήσασθαι
1224 2571 1323 2643 τὴν
1343 2570 1451 2623 τῶν
1484 2587 1709 2641 προκειο

1839 2574 1980 2626 iacro
2009 2574 2289 2639 volumine,
2315 2579 2429 2625 tum
2456 2572 2579 2627 aliis
2600 2571 2929 2642 quihusdam
2965 2569 3223 2639 operibus
3250 2582 3398 2623 com-

161 2662 302 2729 μὲνων
333 2661 659 2733 παράθεσιν,
705 2664 779 2725 ώς
819 2666 885 2718 ἂν
928 2664 1128 2736 μᾶλλον
1160 2662 1327 2734 οὔσης
1355 2662 1709 2734 γνωριμωτέ-

1831 2663 2127 2725 )rehendit.
2159 2662 2263 2719 Sed
2290 2665 2548 2734 quoniam
2592 2664 2881 2727 Diodorus,
2932 2663 2980 2718 is
3023 2676 3182 2732 quem
3230 2669 3390 2714 antea

158 2768 233 2814 ra;
250 2757 347 2816 toi;
372 2754 603 2825 ’Ἑλληοί
636 2756 736 2826 τῆς
778 2756 965 2810 τούτου
1009 2756 1249 2827 γραφῆς.
1286 2758 1513 2825 Ἱστορεῖ
1539 2755 1584 2807 δ’
1614 2750 1707 2808 οὖν

1839 2756 2389 2819 :ommemorat'imus,
2416 2756 2508 2825 qui
2535 2755 2780 2810 diversas
2800 2771 2863 2808 ex
2894 2754 3144 2823 pluribus
3178 2750 3398 2821 collegit

156 2842 292 2895 ταῦτα
313 2845 442 2915 πρὸς
470 2846 642 2912 λέξιν.

1837 2846 2100 2910 tistorias,
2137 2847 2588 2917 singularumque
2642 2849 2807 2913 ritus,
2853 2861 3019 2916 quam
3089 2842 3396 2900 accuratis—

157 2933 263 2987 time
292 2936 401 2991 .‘ieri
439 2939 643 3003 potuit,
698 2940 1016 3009 complexus
1074 2948 1179 3005 est,
1218 2938 1303 2992 vir
1366 2953 1499 2994 sane
1538 2937 1903 3001 clarissimus,
1978 2941 2404 3010 opinionemque
2465 2941 2729 2996 doctrina:
2789 2956 2897 2995 non
2950 2941 3203 3009 exiguam
3255 2936 3398 3005 apud

156 3042 311 3084 omnes
345 3032 621 3099 politioris
656 3033 971 3088 litteratura:
1012 3033 1288 3087 studiosos
1334 3040 1695 3097 consecutus,
1734 3033 1816 3087 sic
1846 3042 2016 3088 totam
2066 3034 2119 3088 in
2158 3050 2326 3089 unum
2380 3036 2546 3091 veluti
2583 3051 2784 3105 corpus
2828 3045 3070 3089 veterum
3108 3031 3397 3087 historiam

157 3120 321 3193 coegit,
368 3127 660 3195 sequentia
706 3142 829 3181 cum
871 3126 1150 3195 prioribus
1180 3135 1303 3197 apte
1363 3136 1722 3195 connectens,
1764 3134 1825 3180 ut
1873 3128 1941 3181 ab
2012 3127 2101 3182 illa
2157 3126 2541 3198 Egyptiorum
2609 3126 2880 3197 theologia
2921 3125 3103 3195 operis
3158 3118 3397 3177 universi

156 3214 443 3283 principium
484 3217 758 3272 duxerit:
812 3232 990 3287 opera:
1036 3218 1267 3287 pretium
1324 3234 1411 3273 me
1456 3217 1726 3274 facturum
1791 3222 2044 3288 arbitror,
2092 3222 2137 3277 si
2192 3235 2259 3275 ex
2307 3222 2516 3288 eadem,
2567 3236 2688 3291 quae
2740 3235 2772 3275 a
2837 3218 3173 3291 propositam
3231 3215 3394 3271 nobis

157 3307 551 3375 disputationem
581 3298 808 3373 faciunt,
836 3310 1155 3380 deprompta
1184 3310 1238 3364 in
1300 3311 1544 3364 omnium
1593 3313 1769 3367 oculis
1829 3329 1894 3370 ac
1926 3314 2047 3369 luce
2072 3315 2426 3381 constituam,
2471 3314 2619 3384 quod
2643 3311 2817 3369 Graeci
2882 3309 3130 3365 homines
3163 3374 3166 3377 η
3195 3306 3397 3378 saepius

161 3402 203 3458 in
224 3403 373 3473 hujus
394 3403 645 3458 auctoris
670 3403 905 3459 lectione
940 3414 1247 3459 versentur.
1283 3404 1408 3460 Haec
1433 3405 1595 3477 igitur
1629 3407 1697 3461 ad
1736 3408 1960 3462 verbum
1989 3407 2079 3463 ille
2099 3415 2517 3464 commemorat.

652 3586 1049 3639 ΚΕΦΑΛΑῘΟΝ
1110 3588 1189 3641 Α’.
1739 3595 1782 3654 C

1739 3595 1782 3654 c
2374 3590 2481 3663 45
2516 3587 2748 3645 CAPUT
2798 3587 2838 3644 ι.

168 3746 409 3816 Ἐπιτομὴ
457 3745 953 3828 τῆςῄᾼίγυπτίων
984 3748 1317 3828 θεολογίας,
1363 3749 1461 3801 καὶ
1510 3749 1590 3815 ὡς
1620 3752 1708 3816 εὶς

1843 3746 2115 3817 r‘Iwologiu:
2153 3745 2531 3828 (Egyptiorum
2567 3746 2786 3828 epitonia
2812 3784 2828 3809 ,
2868 3752 2919 3826 et
2961 3740 3402 3828 quemadmodum

538 3818 841 3886 ’Έλληνας
866 3818 1291 3887 μετεκομίσθη.
2020 3816 2025 3817 ί

2020 3816 2025 3817 “
2242 3818 2311 3870 ad
2342 3816 2551 3871 Graecos
2584 3816 2703 3868 inde
2735 3816 3028 3870 transierit.

218 3978 387 4030 «Φασὶ
415 3977 532 4047 (48)
561 3977 741 4029 τοίνυν
786 3976 1072 4046 Αἰγύπτιοι
1115 3978 1256 4031 κατά
1295 3977 1392 4049 τὴν
1438 3976 1497 4043 ἐξ
1538 3980 1713 4052 ἀρχῆς

1890 3997 1908 4030 ι
1951 3979 2163 4044 Aiunt,
2223 3979 2443 4048 inquit,
2497 3976 2739 4049 Egyptii
2795 3976 2898 4031 sub
2948 3977 3185 4046 primum
3236 3975 3400 4045 hujus

168 4074 244 4127 τῶν
271 4072 401 4127 ὅλων
427 4072 664 4142 γένεσιν,
695 4070 945 4144 πρώτους
968 4072 1094 4133 τοὺς
1120 4069 1439 4141 ἀνθρώπους
1461 4070 1713 4139 γενέσθαι

1846 4071 2191 4126 :niversitatis
2235 4080 2417 4125 ortum
2452 4111 2468 4137 ,
2508 4071 2714 4139 primos
2744 4068 2906 4123 etiam
2933 4068 3185 4123 homines
3219 4067 3273 4122 in
3305 4065 3405 4124 ΛΕ-

163 4162 274 4214 κατά
301 4163 396 4235 τὴν
426 4164 724 4231 Αἴγυπτον,
756 4162 843 4216 διά
862 4180 919 4215 τε
941 4162 1039 4233 τὴν
1063 4161 1358 4232 εὐκρασίαν
1384 4163 1482 4232 τῆς
1507 4159 1713 4231 χώρας,

1844 4172 1983 4233 ;ypto
2054 4174 2370 4234 procreatos
2428 4161 2641 4228 fuisse,
2704 4162 2898 4231 partim
2948 4160 3019 4215 ob
3069 4160 3403 4229 singularem

161 4255 234 4305 zu“.
260 4254 339 4308 διὰ
380 4255 486 4326 τὴν
520 4254 681 4324 φύσιν
725 4254 816 4306 τοῦ
857 4253 1070 4306 Νείλου.
1105 4252 1306 4307 Τοῦτον
1339 4256 1447 4326 γὰρ
1482 4254 1713 4322 πολύγο-

1845 4255 2111 4324 [υιηιιᾶίιηι
2131 4255 2299 4310 totius
2330 4253 2572 4325 regionis
2603 4252 3072 4323 temperationem,
3104 4252 3303 4322 partim
3334 4251 3404 4305 ob

162 4364 229 4397 νον
257 4348 399 4411 ὄντα,
449 4349 543 4402 καὶ
587 4348 688 4411 τὰς
731 4347 936 4419 τροφὰς
984 4348 1271 4416 αὐτοφυεῖς
1322 4347 1715 4418 παρεχόμενον,

1846 4350 1994 4421 psius
2030 4347 2136 4403 Nili
2169 4358 2464 4403 naturam:
2501 4348 2653 4403 illum
2704 4348 2849 4403 enim
2880 4390 2893 4414 ,
2947 4347 3092 4416 quod
3142 4345 3405 4401 fecundus

164 4438 330 4507 ῥαδίως
374 4438 665 4509 ἐκτρέφειν
706 4437 776 4490 τὰ
810 4436 1233 4509 ζωογονηθέντα.
1274 4436 1413 4501 Τοὺς
1446 4438 1502 4490 δὲ
1539 4436 1714 4501 θεοὺς,

1847 4441 2120 4496 ιᾱηιοιιυιη
2155 4440 2225 4496 sit
2272 4456 2337 4495 ac
2392 4440 2548 4496 cibos
2585 4439 2726 4495 ultro
2773 4448 3074 4510 sponteque
3120 4445 3406 4492 nascentes

163 4530 452 4601 ἀνθρώπους
482 4532 578 4603 μὲν
609 4530 848 4602 ὑπάρξαι
885 4532 1130 4603 θνητοὺς,
1167 4530 1254 4585 διά
1285 4531 1340 4583 δὲ
1378 4530 1591 4583 σύνεσιν
1626 4529 1718 4583 καὶ

1846 4534 2099 4600 trtebeat,
2131 4532 2288 4587 facile
2318 4533 2531 4605 genitas
2572 4534 2879 4587 animantes
2925 4532 3090 4587 alere.
3122 4530 3241 4586 Jam
3277 4544 3405 4584 vero

165 4624 312 4693 κοινὴν
352 4624 657 4695 ἀνθρώπων
695 4624 1033 4696 εὐεργεσίαν,
1070 4628 1251 4694 τυχεῖν
1289 4622 1389 4695 τῆς
1421 4616 1724 4688 ἀθανασίας

1843 4626 1956 4680 leos
1990 4626 2160 4696 ipsos,
2188 4641 2311 4681 cum
2346 4626 2595 4680 homines
2617 4640 2833 4695 quoque
2862 4624 3121 4679 mortales
3151 4622 3402 4685 fuissent,

165 4708 220 4767 ὧν
243 4716 408 4780 ἐνίους
435 4718 529 4769 καὶ
563 4716 798 4786 βασιλεῖς
826 4717 1096 4785 γενέσθαι.
1129 4716 1719 4789 Μεθερμηνευομένους

1846 4732 2003 4769 amen
2036 4723 2258 4785 propter
2311 4715 2633 4785 sapientiam
2659 4756 2675 4781 ,
2709 4724 2763 4769 et
2812 4714 3121 4768 communia
3155 4712 3404 4782 quaedam

164 4804 205 4857 δὲ
227 4808 431 4873 αὐτοὺς,
468 4809 620 4872 τινὰς
658 4808 753 4879 μὲν
787 4809 1109 4880 ὁμωνύμους
1136 4809 1400 4880 ὑπάρχειν
1422 4812 1533 4871 τοῖς
1558 4808 1718 4879 ούρα-

1846 4826 1877 4862 n
1906 4808 2189 4862 hominum
2222 4824 2392 4875 genus
2436 4808 2664 4874 merita,
2710 4807 3172 4862 immortalitatem
3205 4819 3401 4859 conse-

164 4899 287 4962 νξοις,
321 4901 470 4964 τινὰς
506 4902 563 4954 δὲ
606 4901 742 4953 ἰδίαν
777 4903 1069 4972 ἐσχηκέναι
1106 4902 1501 4972 προσηγορίαν,
1531 4899 1718 4952 Ἥλιόν

1848 4910 1978 4954 :utos
2009 4915 2131 4954 esse
2158 4940 2173 4965 ,
2205 4914 2439 4969 quorum
2478 4899 2641 4954 etiam
2676 4899 2842 4969 aliqui
2870 4899 2922 4952 in
2954 4896 3187 4968 Aigypto
3211 4910 3407 4965 regna-

166 5006 225 5051 τε,
246 4993 330 5044 καὶ
355 4995 584 5065 Κρόνον,
612 4996 705 5047 καὶ
746 4995 921 5057 Ῥέαν,
951 4995 1031 5048 ἔτι
1059 4994 1115 5048 δὲ
1138 4995 1229 5048 καὶ
1258 4994 1355 5046 Δία
1381 4995 1472 5046 τὸν
1504 4993 1608 5046 ύπό
1635 5011 1715 5045 τι-

1838 4992 2019 5045 verint.
2050 4988 2252 5044 Eorum
2281 4991 2438 5057 alios,
2464 4991 2509 5046 si
2546 4992 2889 5061 interpretari
2920 4991 3123 5054 lubeat,
3155 4988 3397 5058 ejusdem

166 5098 246 5133 νων
292 5088 559 5156 Ἄμμωνα
604 5087 1163 5157 προσαγορευόμενον,
1212 5087 1348 5157 πρὸς
1384 5086 1440 5139 δὲ
1487 5084 1713 5148 τούτοις,

1847 5100 1949 5138 :um
1975 5083 2249 5139 cmlitihus
2272 5084 2511 5139 nominis
2540 5084 2731 5148 fuisse,
2754 5085 2891 5139 alios
2916 5082 3190 5153 propriam
3212 5098 3406 5152 quam-

169 5174 316 5247 Ἦραν
359 5180 452 5231 καὶ
506 5181 827 5248 Ἥφαιστον,
886 5180 965 5231 ἔτι
1009 5174 1070 5232 δὲ
1112 5178 1347 5241 Ἑστίαν,
1397 5177 1488 5231 καὶ
1530 5178 1715 5231 τελευ-

1845 5177 1950 5230 lam
1983 5178 2397 5246 appellationem
2432 5178 2535 5232 sibi
2568 5177 2869 5231 vindicasse
2897 5194 2909 5229 :
2949 5185 3112 5245 atque
3142 5175 3283 5229 inter
3310 5190 3404 5229 eos

169 5270 289 5319 τοῖον
332 5270 557 5341 Ἑρμῆν.
615 5272 722 5323 Καὶ
764 5271 978 5341 πρῶτον
1028 5271 1126 5341 μὲν
1164 5270 1351 5324 Ἥλιον
1399 5269 1715 5340 βασιλεῦσαι

1843 5270 2030 5333 Solem,
2052 5269 2372 5334 Saturnum,
2393 5274 2581 5340 Opem,
2602 5270 2889 5340 ipsumque
2912 5279 3169 5339 prmterea
3192 5266 3402 5335 Jovem,

170 5359 251 5409 τῶν
276 5364 389 5414 κατ’
428 5362 721 5431 Αἴγυπτον,
754 5364 1041 5435 ὁμώνυμον
1074 5364 1201 5416 ὅντα
1236 5364 1310 5435 τῷ
1336 5362 1456 5416 κατ’
1490 5363 1717 5435 οὐρανὸν

1841 5362 1917 5431 lui
1961 5360 2193 5415 Ammon
2244 5376 2272 5415 a
2323 5360 2650 5430 quihusdam
2705 5366 3095 5428 nuncupatur:
3132 5354 3400 5412 lunonem

170 5450 339 5525 ἄστρῳ.
380 5458 546 5510 Ἔνιοι
570 5456 625 5509 δὲ
656 5457 764 5510 τῶν
788 5457 978 5529 ἱερέων
1012 5458 1145 5526 φασὶ
1178 5455 1389 5528 πρῶτον
1415 5455 1716 5524 Ἥφαιστον

1847 5463 1952 5508 tem
2012 5462 2176 5523 atque
2231 5451 2578 5516 Vulcanum,
2640 5448 2905 5516 Vestam,
2958 5461 3404 5519 postremumque

174 5540 471 5613 βασιλεῦσαι,
501 5549 671 5619 πυρὸς
695 5549 921 5619 εὑρετὴν
946 5547 1254 5618 γενόμενον.
1290 5544 1446 5601 Μετά
1468 5546 1525 5599 δὲ
1546 5544 1717 5600 ταῦτα

1846 5545 2178 5600 llercurium.
2212 5546 2287 5598 Ac
2333 5542 2513 5598 Solem
2561 5541 2824 5610 quidem,
2858 5538 3076 5597 caeleste
3107 5540 3258 5597 sidus
3306 5555 3405 5593 no—

232 5768 322 5829 (l8l
365 5772 529 5826 Φοί-ι’.
576 5770 795 5827 Diodori
851 5773 1003 5828 locus
1041 5780 1144 5839 est,
1176 5772 1266 5827 sed
1322 5771 1478 5841 plane
1527 5769 1791 5839 συντόμως

1527 5769 1804 5839 συντόμως
1836 5783 1899 5824 ex
1933 5766 2026 5823 lib.
2057 5782 2074 5824 ι
2100 5764 2430 5835 descriptus,
2465 5779 2520 5835 p.
2556 5764 2609 5832 9,
2649 5762 2684 5821 ι.
2714 5760 2921 5831 6,_ante
2948 5761 3039 5815 ﬁn.
