3948 6376
480 336 551 394 15
1153 330 1427 389 EUSEBll
1468 328 1947 387 CASSARIENSIS
1980 325 2131 386 OPP.
2178 314 2359 393 PARS
2394 304 2455 373 ΙΙ.
2495 356 2566 370 .-
2596 331 3090 389 ApOLOGETICA.
3666 339 3738 393 εδ

483 452 630 505 mine
678 447 1047 523 referentem,
1099 447 1319 519 Egypti
1354 463 1579 518 regnum
1631 446 1927 517 principem
1978 458 2056 502 te-

2161 443 2370 517 Κρόνον
2401 436 2586 517 ἄρξαι,
2619 451 2713 505 καὶ
2733 451 2986 519 γήμαντα
3018 449 3115 519 τὴν
3140 447 3374 520 ἀδελφὴν
3408 451 3587 513 Ῥέαν,
3616 470 3739 521 γεν-

482 543 704 606 nuisse,
734 556 1047 611 quanquam
1078 556 1108 598 e
1137 541 1513 595 sacerdotibus
1557 538 1803 593 nonnulli
1839 538 2058 606 volunt,

489 633 792 689 Vulcanum
836 633 990 687 illum
1042 632 1184 704 ignis
1217 632 1556 686 inventorem
1607 631 1843 700 primum
1880 646 2059 702 regem

483 725 883 781 numerandum
919 739 1040 779 esse
1062 765 1078 793 ,
1133 722 1220 778 cui
1256 721 1526 793 saturnus
1571 723 1625 775 in
1656 722 1884 792 imperio
1931 737 2060 777 sue-

483 817 742 878 cesserit,
772 829 950 885 exque
980 814 1093 885 Ope
1143 830 1361 880 sorore,
1396 831 1561 885 quam
1597 815 1652 870 in
1686 831 1912 870 uxorem
1947 817 2061 887 ipse

480 908 732 972 duxerat,
760 908 845 961 vel
874 906 1056 961 Osirin
1088 915 1144 961 et
1171 906 1314 971 Isin,
1342 915 1401 961 ut
1432 907 1679 961 scribunt
1710 908 1912 978 aliqui,
1937 910 2058 973 vel,

484 1007 542 1052 ut
569 998 759 1069 plures
787 1007 1079 1065 asserunt,
1110 995 1298 1054 Jovem
1327 997 1707 1069 Junonemque
1737 1002 2057 1071 susceperit,

481 1095 576 1161 qui
629 1091 747 1146 orbi
797 1091 1143 1160 postmodum
1206 1092 1463 1146 universo
1530 1102 1750 1162 propter
1803 1092 2059 1159 eximiam

482 1184 737 1237 virtutem
787 1184 1147 1253 imperariut:
1181 1184 1312 1239 deos
1351 1194 1531 1239 autem
1574 1185 1819 1257 quinque
1855 1200 2061 1255 genue—

487 1269 617 1337 rint,
664 1268 869 1335 Osirin,
921 1271 1051 1338 Isin,
1086 1274 1426 1343 Typhonem,
1458 1274 1761 1344 Apollinem
1790 1290 1855 1330 ac
1888 1274 2061 1330 Vene-

482 1378 617 1418 rem.
656 1362 721 1417 Et
769 1364 954 1419 Osirin
985 1365 1203 1435 quidem
1252 1365 1525 1435 Bacchum
1577 1383 1735 1432 esse,
1770 1368 1880 1423 Isin
1930 1383 2061 1423 vero

480 1454 733 1508 Cererem
766 1472 780 1521 ;
814 1471 979 1525 quam
1014 1472 1137 1511 eum
1174 1456 1264 1513 ille
1314 1474 1499 1513 secum
1534 1460 1882 1523 matrimonio
1931 1475 2061 1518 con-

480 1546 779 1616 iunxisset,
812 1564 1149 1619 regnumque
1180 1551 1547 1620 capessisset,
1577 1567 1700 1607 eum
1733 1552 1963 1621 plurima
1992 1554 2061 1607 ab

480 1640 672 1695 eodem
690 1640 951 1695 beneficia
978 1643 1030 1694 in
1058 1643 1445 1712 rempublicam
1471 1654 1657 1699 essent
1690 1645 1909 1712 collata,
1943 1656 2059 1717 tum

483 1732 673 1785 urbem
706 1731 759 1784 in
795 1731 1068 1787 Thebaide
1095 1744 1314 1803 centum
1350 1737 1674 1792 instructam
1708 1739 1901 1808 portis.
1929 1739 2061 1803 tedi-

2165 540 2325 611 νῆσαι
2373 541 2515 595 κατὰ
2571 543 2670 611 μέν
2719 559 2893 605 τινας,
2940 542 3030 594 τὸν
3067 542 3279 609 Ὄσιριν
3319 543 3415 596 καὶ
3443 545 3541 616 τὴν
3574 541 3733 599 Ἶσιν·

2162 633 2303 687 κατὰ
2336 632 2391 686 δὲ
2420 635 2544 697 τοὺς
2565 634 2803 697 πλείους,
2828 634 2925 688 Δία
2950 652 3007 687 τε
3040 634 3132 687 καλ⁸
3164 636 3359 703 Ἥραν,
3390 635 3483 700 οὓς
3517 636 3587 689 δι’
3610 639 3741 709 ἀρε-

2161 724 2258 796 τὴν
2284 723 2499 793 βασιλεῦ
2510 742 2595 777 σαι
2615 724 2709 777 τοῦ
2734 724 3045 794 σύμπαντος
3068 724 3291 795 κόσμου.
3334 726 3428 779 Ἐκ
3453 726 3510 785 δέ
3536 726 3743 781 τούτων

2161 816 2412 884 γενέσθαι
2456 815 2616 869 πέντε
2663 815 2839 880 θεοὺς,
2896 818 3129 887 Ὄσιριν,
3174 817 3269 869 καὶ
3312 812 3471 883 Ἶσιν,
3511 819 3606 875 καὶ
3630 820 3737 871 Τυ-

2162 908 2336 977 φῶνα,
2388 908 2697 983 Ἀπόλλωνά
2739 926 2833 975 τε,
2879 910 2972 961 καὶ
3015 909 3351 981 Ἀφροδίτην.
3380 911 3490 963 Καὶ
3518 910 3610 963 τὸν
3642 913 3743 982 μὲν

2166 1001 2377 1071 Ὀσιριν
2406 996 2546 1053 εἶναι
2576 1000 2667 1051 τὸν
2703 1000 2974 1053 Διόνυσονο
3006 1000 3103 1071 τὴν
3134 1000 3191 1054 δὲ
3223 999 3382 1063 Ἶσιν,
3417 1002 3517 1071 τὴν
3549 1003 3742 1072 Δήμη-

2160 1106 2315 1160 τραν.
2342 1089 2559 1161 Ταύτην
2589 1090 2646 1143 δὲ
2674 1091 2925 1161 γήμαντα
2949 1090 3038 1144 τὸν
3070 1092 3303 1162 Ὄσιριν,
3332 1091 3426 1145 καὶ
3455 1091 3553 1163 τὴν
3585 1092 3746 1163 βασι-

2161 1178 2309 1234 λείαν
2342 1180 2740 1250 διαδεξάμενον,
2791 1179 2961 1234 πολλὰ
2996 1180 3201 1254 πρᾶξαι
3245 1182 3379 1253 πρὸς
3419 1182 3746 1254 εὐεργεσίαν

2161 1272 2253 1324 τοῦ
2285 1273 2484 1332 κοινοῦ,
2513 1273 2693 1325 κτίσαι
2716 1289 2775 1324 τε
2804 1272 2954 1325 πόλιν
2986 1274 3043 1325 ἐν
3072 1276 3139 1343 τῇ
3171 1273 3394 1343 Θηϐαΐδι
3426 1275 3746 1345 ἑκατόμπυ-

2161 1364 2271 1426 λον,
2306 1365 2373 1433 ἦν
2396 1381 2549 1428 τινας
2576 1366 2671 1434 μὲν
2697 1364 2818 1429 Διὸς
2846 1365 3020 1432 πόλιν,
3056 1366 3232 1428 ἐνίους
3263 1365 3319 1418 δέ
3346 1366 3531 1435 Θήϐας
3567 1384 3745 1438 προσ·

2160 1457 2351 1507 ειπείν.
2392 1454 2729 1526 ’ἱδρύσασθαι
2755 1455 2811 1508 δὲ
2846 1456 2941 1508 καὶ
2979 1456 3122 1527 ἱερὸν
3158 1456 3264 1509 τῶν
3286 1457 3508 1524 γονέων,
3539 1459 3663 1521 Διός
3684 1476 3748 1513 τε

2160 1547 2251 1600 καὶ
2287 1547 2481 1617 Ἤρας·
2515 1547 2609 1608 καὶ
2640 1547 2747 1599 τῶν
2769 1546 2943 1600 ἄλλων
2968 1548 3025 1601 δέ
3052 1548 3189 1601 θεῶν
3217 1549 3375 1611 ναούς
3396 1566 3455 1601 τε
3479 1550 3745 1621 χρυσοῦς,

2157 1625 2231 1685 ὧν
2266 1634 2481 1705 ἑκάστῳ
2515 1636 2678 1706 τιμάς
2718 1635 3044 1707 ἀπονεῖμαι,
3093 1637 3184 1692 καὶ
3230 1638 3570 1708 καταστῆσαι
3615 1642 3751 1703 τοὺς

2160 1726 2584 1797 ἐπιμελομένους
2602 1727 2783 1796 ίερεῖς.
2812 1727 3053 1800 Εὑρετὴν
3067 1728 3123 1781 δὲ
3144 1728 3395 1798 γενέσθαι
3411 1730 3501 1785 τὸν
3525 1728 3749 1803 Ὄσιριν

482 1823 698 1876 licatam
726 1865 740 1888 ,
771 1839 890 1892 qua:
921 1825 989 1879 ab
1018 1826 1138 1881 aliis
1166 1828 1359 1893 civitas
1391 1827 1571 1896 Jovis,
1602 1830 1671 1884 ab
1711 1830 1833 1885 aliis
1866 1829 2056 1900 Thebaa

2161 1816 2262 1885 τῆς
2294 1816 2560 1887 ἀμπέλου,
2605 1817 2818 1887 πρῶτόν
2880 1836 2939 1871 τε
2987 1819 3127 1890 ψιλῷ
3174 1821 3502 1893 χρήσασθαι,
3537 1824 3634 1877 καλ⁵
3659 1823 3747 1876 δι-

484 1916 817 1969 nominetur.
876 1914 995 1971 Jovi
1052 1929 1310 1987 praeterea
1374 1919 1688 1992 Junonique
1744 1923 2061 1992 parentibus

484 2020 696 2059 sacram
748 2005 920 2062 aedem
949 2049 963 2072 ,
994 2007 1232 2079 itemque
1259 2010 1365 2066 diis
1404 2012 1614 2068 exteris
1663 2029 1827 2069 aurea
1864 2015 2059 2089 templa

482 2100 715 2153 excitata
738 2139 752 2161 ,
785 2099 987 2169 quibus
1030 2101 1261 2173 singulis
1295 2120 1419 2165 eum
1449 2114 1630 2162 certos
1658 2108 1924 2177 quosdam
1960 2108 2059 2162 hoc

485 2206 666 2254 nores,
701 2201 813 2244 tum
860 2192 1023 2246 etiam
1052 2193 1106 2248 in
1139 2210 1276 2264 quos
1308 2210 1497 2251 eorum
1540 2213 1669 2259 cura
1705 2199 2058 2263 incumberet,

481 2283 791 2339 sacerdotes
819 2285 1147 2340 attribuerit.
1186 2286 1357 2342 Porro
1386 2290 1638 2345 eumdem
1669 2290 1854 2357 Osirin
1896 2292 2057 2346 vitem

483 2372 761 2429 invenisse
790 2377 1035 2449 tradunt,
1070 2378 1417 2449 primumque
1448 2382 1577 2435 vino
1609 2395 1769 2436 usum
1800 2397 1953 2443 esse,
1996 2398 2061 2437 ac

482 2461 724 2532 reliquos
755 2479 944 2521 omnes
972 2468 1199 2537 populos
1230 2470 1615 2545 agriculturam
1644 2473 1916 2529 docuisse.
1948 2473 2062 2547 46

479 2553 637 2623 Apud
690 2571 815 2610 eum
869 2568 1051 2613 autem
1102 2576 1319 2617 summo
1374 2564 1427 2617 in
1482 2565 1687 2620 honore
1734 2563 2059 2621 Mercurium

483 2646 673 2713 fuisse,
699 2650 842 2718 quod
870 2649 925 2703 in
950 2653 1323 2721 excogitandis
1346 2656 1414 2709 iis
1434 2672 1555 2725 qua:
1583 2658 1747 2723 vitam
1774 2658 2057 2712 hominum

478 2737 674 2805 juvare
707 2750 963 2808 possent,
1001 2743 1206 2814 ingenii
1249 2748 1527 2802 solertiam
1560 2749 1871 2804 ostenderet
1902 2751 2061 2820 plane

482 2830 814 2899 singularem
842 2851 857 2887 :
897 2835 1098 2905 quippe
1136 2837 1230 2907 qui
1261 2837 1470 2895 litteras
1500 2841 1800 2906 invenerit,
1830 2842 2058 2898 deorum

480 2921 752 2978 sacriﬁcia
800 2924 902 2979 rite
952 2926 1270 2991 instituerit,
1310 2930 1438 3001 lyra:
1482 2940 1705 2985 cautum
1754 2935 2057 3002 repererit,

480 3012 809 3084 Graecosque
841 3017 1091 3073 [nomines
1120 3019 1218 3091 τὴν
1253 3022 1548 3093 ἑρμηνείαν
1571 3065 1587 3090 ,
1618 3026 1720 3079 hoc
1763 3034 1847 3089 est
1874 3027 2060 3082 elocu-

480 3102 712 3170 tionem,
739 3105 1022 3175 docuerit;
1055 3125 1218 3179 quam
1246 3113 1315 3167 ob
1339 3129 1563 3168 causam
1606 3116 1843 3187 Ἑρμῆς,
1878 3118 1931 3173 id
1976 3128 2061 3175 est

480 3192 785 3251 Mercurius
815 3237 829 3261 ,
868 3198 937 3253 ab
985 3200 1176 3259 iisdem
1228 3202 1394 3258 fuerit
1441 3206 1774 3275 appellatus;
1827 3210 2061 3280 denique

481 3285 639 3341 olivae
664 3287 909 3357 plantam
937 3290 1221 3349 invenerit.
1250 3293 1371 3350 Jam
1403 3312 1553 3363 vero,
1580 3314 1705 3353 eum
1733 3301 1917 3369 orbem
1952 3312 2060 3358 ter-

480 3396 665 3436 rarum
717 3380 892 3439 Osiris
937 3396 1270 3456 peragraret,
1329 3388 1622 3447 thnieiaa
1653 3394 1870 3462 quidem
1904 3394 2061 3451 Busi-

482 3472 585 3526 rim
617 3515 632 3538 ,
686 3473 982 3545 Ethiopiae
1030 3488 1213 3549 autem
1250 3494 1315 3535 ac
1354 3480 1537 3554 Libya:
1579 3484 1827 3539 Antazum
1879 3487 1947 3541 ab
1993 3503 2059 3545 eo

479 3562 796 3633 praafectum
847 3581 1011 3634 esse;
1059 3577 1115 3623 at
1157 3570 1307 3625 illum
1360 3574 1761 3643 expeditionem
1811 3576 2059 3647 Apolline

480 3653 647 3710 fratre
678 3656 829 3711 socio
860 3660 1186 3731 suscepisse,
1212 3680 1243 3718 a
1268 3679 1375 3733 quo
1399 3675 1667 3735 repertam
1699 3667 1911 3723 laurum
1938 3685 2060 3726 esse

478 3746 680 3802 ferunt.
728 3747 909 3804 Osirin
966 3762 1226 3822 praterea
1274 3757 1414 3813 duos
1450 3758 1652 3815 liberos
1697 3762 2057 3831 expeditionis

480 3852 594 3892 suae
645 3841 873 3896 comites
907 3841 1163 3900 habuisse
1190 3888 1205 3913 ,
1241 3847 1460 3903 Anubin
1488 3890 1501 3912 ,
1555 3860 1608 3906 et
1659 3850 2009 3909 Macedonem
2039 3871 2055 3920 ;

482 3930 658 3999 iisque
690 3931 889 3989 Panem
929 3936 1280 4007 adiunxisse,
1314 3956 1477 4010 quem
1508 3944 1782 4013 praecipua
1821 3947 2055 4014 quadam

476 4018 716 4092 Egyptii
743 4028 1096 4083 veneratione
1132 4044 1551 4101 prosequantur,
1585 4036 1741 4104 cujus
1768 4038 1930 4090 etiam
1959 4054 2057 4091 no-

478 4112 625 4167 mine
674 4113 855 4171 Panos
891 4118 1079 4173 urbem
1119 4120 1456 4177 aediﬁcarim.
1500 4123 1634 4178 Dum
1688 4135 1866 4181 autem
1910 4129 2055 4183 circa

476 4200 807 4272 Taphosiriu
855 4219 1167 4271 versaretur
1194 4250 1209 4274 ,
1260 4212 1526 4269 adductos
1558 4216 1625 4269 ad
1655 4231 1782 4277 eum
1831 4215 2054 4288 Satyros

478 4295 677 4352 fuisse:
713 4299 970 4369 quodque
1000 4303 1267 4370 suavitate
1294 4314 1489 4360 cantus
1517 4307 1569 4361 in
1602 4309 1793 4377 primis
1818 4309 2055 4379 delecta-

477 4394 658 4453 retur,
705 4390 1043 4445 musicorum
1092 4391 1159 4447 ab
1193 4409 1259 4448 eo
1296 4396 1700 4452 multitudinem
1750 4399 2055 4454 circumdu-

475 4488 619 4534 ctam
646 4519 661 4544 ,
692 4496 927 4551 quorum
967 4500 999 4539 e
1048 4502 1279 4545 numero
1326 4504 1519 4542 novem
1566 4504 1784 4560 quoque
1815 4492 2053 4563 virgines
2084 4522 2128 4576 [ι

474 4569 704 4624 canendi
770 4573 1114 4641 peritissima:
1173 4594 1274 4633 nec
1318 4579 1498 4634 minus
1570 4580 1800 4636 aliarum
1869 4599 2050 4639 rerum

474 4659 719 4716 doctrina
751 4663 937 4730 peritae
994 4665 1230 4733 fuerint,
1273 4686 1407 4739 quas
1438 4670 1610 4726 ϐιτεοί
1652 4671 1833 4743 Musas
1870 4678 2054 4745 appel-

476 4752 628 4819 lent,
682 4755 884 4826 quibus
935 4758 1120 4830 Apollo
1168 4771 1443 4829 praeesset.
1495 4762 1666 4819 Porro
1698 4782 1822 4820 eum
1869 4768 2052 4824 nullus

476 4844 709 4914 populus
759 4844 981 4913 Osirin,
1026 4861 1247 4921 propter
1282 4864 1501 4924 accepta
1553 4856 1621 4910 ab
1657 4872 1723 4911 eo
1768 4858 2033 4914 beneficia

475 4952 582 4990 non
635 4940 791 5008 quasi
845 4940 1006 4996 deum
1059 4946 1363 5014 exciperet,
1418 4949 1651 5017 plurima
1704 4950 1792 5005 sui
1843 4952 2047 5020 passim

475 5030 729 5085 eumdem
763 5034 1095 5089 monimenta
1124 5036 1432 5106 reliquisse,
1468 5039 1739 5111 urbesque
1772 5058 1879 5097 non
1909 5059 2048 5113 pau-

476 5135 571 5175 eas
604 5120 659 5174 in
695 5120 846 5178 India
880 5126 1230 5183 condidisse:
1268 5128 1403 5184 alias
1427 5132 1553 5183 item
1582 5130 1729 5185 circa
1758 5130 2048 5204 Phrygiam

475 5211 680 5267 obiisse
710 5216 991 5283 nationes,
1027 5234 1093 5275 ac
1119 5234 1216 5290 per
1249 5219 1654 5292 Hellespontum
1692 5223 1745 5279 in
1777 5224 2048 5297 Europam

476 5302 798 5373 traiecisse;
834 5310 966 5377 quin
1002 5312 1166 5367 etiam
1213 5328 1279 5367 ex
1320 5314 1444 5370 filiis
1477 5314 1822 5372 Macedonem
1871 5318 2049 5374 Mace-

476 5392 653 5448 donia
681 5410 863 5466 regem
892 5414 1129 5469 creasse,
1162 5402 1499 5475 Triptolemo
1529 5422 1658 5463 vero
1695 5410 2047 5465 colendorum

477 5483 666 5539 Atticae
688 5487 926 5557 regionis
951 5506 1206 5559 agrorum
1231 5511 1415 5550 curam
1440 5499 1880 5569 provinciamque
1903 5516 2050 5553 man-

544 5656 573 5693 !
616 5646 701 5697 ισ.
730 5646 869 5717 οἴνῳ.

2161 1908 2315 1972 δάξαι
2347 1910 2473 1972 τοὺς
2513 1909 2705 1973 ἄλλους
2755 1909 3074 1981 ἀνθρώπους
3104 1911 3204 1983 τὴν
3241 1914 3531 1985 γεωργίαν.
3566 1915 3753 1984 Τιμᾶ-

2162 2000 2284 2067 σθαι
2317 2001 2374 2054 δὲ
2402 2002 2492 2054 ὑπ’
2526 2002 2688 2055 αὐτοῦ
2720 2002 2951 2073 μάλιστα
2985 2003 3205 2057 πάντων
3236 2005 3326 2059 τὸν
3372 2006 3598 2077 Ἑρμῆν,
3627 2007 3752 2061 δια-

2161 2091 2311 2163 φόρῳ
2344 2092 2501 2162 φύσει
2526 2095 2989 2166 κεχορηγημένον,
3024 2095 3159 2166 πρὸς
3189 2097 3429 2161 ἐπίνοιαν
3458 2098 3565 2151 τῶν
3586 2098 3752 2151 δυνα-

2163 2182 2338 2254 μένων
2360 2183 2637 2255 ὼφελῆσαι
2659 2186 2749 2238 τὸν
2783 2185 2959 2239 κοινὸν
2995 2185 3127 2256 βίον.
3150 2187 3397 2260 Εὑρετήν
3427 2205 3488 2241 τε
3513 2188 3623 2260 γὰρ
3646 2191 3753 2243 αὑ-

2158 2273 2249 2326 τὸν
2279 2275 2529 2343 γενέσθαι
2561 2276 2671 2330 τῶν
2703 2278 3065 2349 γραμμάτων,
3100 2280 3193 2333 καὶ
3226 2280 3415 2345 θυσίας
3447 2280 3584 2333 θεῶν
3623 2281 3751 2335 δια-

2158 2364 2443 2441 τάξασθαι,
2467 2367 2636 2439 λύραν
2655 2386 2716 2422 τε
2750 2371 2951 2441 εὑρεῖν,
2985 2370 3079 2423 καὶ
3100 2371 3225 2434 τοὺς
3246 2371 3510 2441 ’Έλληνας
3535 2370 3754 2435 διδάξαι

2158 2438 2257 2527 τὴν
2289 2458 2417 2531 περὶ
2448 2458 2653 2513 τούτων
2685 2438 2980 2531 ἑρμηνείαν
3008 2459 3101 2527 ἀφ’
3126 2454 3299 2532 οὗπερ
3326 2438 3487 2514 αὐτὸν
3536 2461 3753 2533 Ἑρμῆν

2160 2548 2543 2621 ὀνομασθῆναι,
2575 2549 2763 2604 τοῦτον
2792 2552 2849 2606 δὲ
2884 2554 2979 2607 καὶ
3009 2555 3109 2625 τῆς
3141 2553 3327 2616 ἐλαίας
3360 2555 3423 2606 τὸ
3452 2555 3617 2623 φυτὸν
3645 2555 3753 2607 εὑ-

2164 2644 2295 2713 ρεῖν.
2336 2642 2438 2697 Τὸν
2472 2643 2531 2696 δὲ
2578 2646 2791 2717 Ὄσιριν
2822 2647 3117 2700 ἐπελθόντα
3151 2649 3330 2702 πᾶσαν
3362 2648 3459 2719 τὴν
3490 2647 3754 2717 οίκουμέ-

2159 2751 2280 2805 νην,
2310 2735 2403 2787 ἐπὶ
2439 2736 2536 2806 μὲν
2567 2736 2819 2808 Φοινίκης
2843 2739 3183 2808 καταστῆσαι
3220 2738 3493 2815 Βούσιριν,
3521 2738 3663 2792 κατὰ
3683 2739 3752 2792 δὲ

2159 2827 2257 2898 τὴν
2289 2828 2572 2883 Αἰθιοπίαν
2606 2830 2699 2883 καὶ
2742 2830 2969 2900 Λιϐύην,
3019 2832 3280 2885 Ἀνταῖον.
3312 2830 3485 2885 Αὑτὸν
3525 2830 3581 2883 δέ
3621 2831 3754 2885 ἐπιε-

2161 2920 2487 2991 στρατεῦσαι
2539 2922 2676 2992 μετὰ
2722 2923 2815 2975 τοῦ
2858 2922 3085 2993 ἀδελφοῦ
3133 2922 3228 2976 τοῦ
3286 2920 3641 2987 ’Λπόλλωνος
3679 2924 3753 2977 ὃν

2160 3026 2324 3084 φασιν
2360 3011 2587 3083 εὑρετὴν
2614 3011 2708 3065 τοῦ
2748 3012 2915 3081 φυτοῦ
2954 3015 3051 3085 τῆς
3089 3013 3294 3083 δάφνης
3323 3013 3597 3081 γενέσθαι.
3640 3014 3759 3067 Συη

2163 3102 2487 3173 στρατεῦσαι
2518 3104 2576 3157 δὲ
2603 3104 2682 3174 τῷ
2725 3105 2947 3175 Ὀσίριδι
2983 3107 3109 3169 τοὺς
3146 3105 3238 3159 δύο
3280 3106 3452 3170 υἱοὺς,
3491 3104 3753 3175 Ἄνουϐίν

2160 3211 2220 3265 τε
2253 3194 2346 3247 καὶ
2384 3194 2690 3259 Μακεδόνα,
2721 3196 3056 3268 παραλαϐεῖν
3094 3197 3207 3267 (49)
3246 3214 3306 3249 τε
3341 3197 3434 3250 καὶ
3464 3196 3555 3250 τὸν
3588 3197 3755 3251 Πᾶνα.

2160 3284 2523 3357 διαφερόντως
2551 3286 2641 3339 ὑπ’
2675 3287 2989 3355 Αἰγυπτίων
3025 3286 3353 3359 τιμώμενον,
3380 3282 3441 3343 οὗ
3476 3290 3569 3341 καί
3596 3286 3754 3343 ἐπώ-

2160 3396 2327 3449 νυμον
2355 3374 2493 3432 εἶναι
2522 3379 2619 3450 τὴν
2654 3381 2828 3444 Πανὸς
2856 3381 3031 3437 πόλιν.
3064 3384 3212 3436 Ὀντι
3245 3380 3302 3434 δὲ
3329 3381 3408 3452 τῷ
3445 3382 3579 3435 Πανὶ
3614 3382 3753 3453 περὶ

2160 3472 2259 3541 τὴν
2286 3473 2603 3543 Ταφόσιριν,
2632 3473 2866 3543 ἀχθῆναι
2892 3474 2951 3526 τὸ
2980 3473 3086 3526 τῶν
3114 3473 3367 3545 Σατύρων
3394 3474 3569 3542 γένος,
3590 3472 3754 3525 Φιλό-

2162 3580 2358 3631 μουσον
2375 3568 2432 3641 δέ
2456 3570 2603 3640 ὅντα,
2631 3568 2914 3638 περιάγειν
2939 3567 3143 3637 πλῆθος
3170 3568 3543 3639 μουσουργῶν·
3570 3569 3627 3620 ἐν
3659 3561 3750 3630 οἷς

2161 3656 2257 3708 καὶ
2329 3657 2638 3728 παρθένους
2682 3658 2840 3713 ἐννέα
2884 3654 3187 3730 δυναμένας
3232 3659 3401 3732 ᾄδειν,
3443 3661 3537 3713 καὶ⁵
3574 3658 3752 3713 τᾶλλα

2160 3748 2600 3820 πεπαιδευμένας
2642 3748 2744 3813 τὰς
2783 3750 2935 3821 παρὰ
2967 3754 3080 3814 τοῖς
3115 3750 3370 3822 Ἕλλησιν
3400 3749 3755 3821 όνομαζομέέ

2158 3854 2256 3903 νας
2288 3840 2531 3905 Μούσας,
2564 3835 2639 3895 ὧν
2663 3842 2913 3912 ἡγεῖσθαι
2947 3844 3037 3897 τὸν
3074 3844 3401 3901 Ἀπόλλωνα.
3444 3844 3649 3907 Παντὸς
3683 3843 3749 3895 δὲ

2159 3929 2343 3995 ἔθνους
2374 3932 2449 3997 ὠς
2483 3932 2602 3985 θεὸν
2639 3934 3039 4006 ἀποδεχομένου
3087 3936 3178 3989 τὸν
3227 3938 3462 4007 Ὄσιριν,
3512 3935 3598 3989 διὰ
3639 3934 3748 3999 τὰς

2157 4022 2495 4094 εὐεργεσίας,
2538 4026 2815 4096 πανταχοῦ
2862 4030 3102 4097 μνημεῖα
3150 4028 3344 4101 ἑαυτοῦ
3396 4028 3743 4094 καταλιπεῖν,

2158 4114 2341 4167 κτίσαι
2369 4114 2425 4166 δὲ
2454 4116 2548 4167 καὶ
2578 4116 2759 4179 πόλεις
2781 4118 2881 4171 οὐκ
2902 4118 3088 4187 ὀλίγας
3122 4121 3178 4172 ἐν
3218 4119 3419 4177 Ἰνδοῖς.
3465 4119 3747 4173 Ἐπελθεῖν

2155 4204 2211 4259 δὲ
2244 4206 2337 4258 καὶ
2376 4206 2444 4260 τὰ
2488 4207 2622 4261 ἄλλα
2652 4208 2722 4262 τά
2762 4209 2903 4263 κατὰ
2930 4211 3029 4281 τὴν
3061 4213 3300 4285 Φρυγίαν
3334 4212 3481 4285 ἔθνη,
3514 4215 3608 4267 καὶ
3641 4230 3746 4267 πε-

2159 4296 2459 4369 ραιωθῆναι
2490 4299 2631 4353 κατά
2661 4300 2751 4353 τὸν
2791 4301 3180 4372 Ἑλλήσποντον
3212 4304 3291 4366 είς
3324 4302 3613 4376 Εὐρώπην·
3644 4305 3747 4360 καὶ

2156 4384 2441 4443 Μακεδόνα
2483 4392 2582 4462 μὲν
2620 4393 2712 4445 τὸν
2751 4392 2864 4445 υἱὸν
2900 4392 3183 4447 ἀπολιπεῖν
3218 4395 3553 4460 Μακεδονίας
3584 4395 3743 4466 βασι·-

2156 4479 2273 4548 λέα,
2305 4482 2661 4555 Τριπτολέμῳ
2687 4484 2743 4535 δὲ
2768 4483 3057 4555 ἐπιτρέψαι
3084 4485 3181 4548 τὰς
3198 4486 3341 4539 κατὰ
3364 4485 3458 4557 τὴν
3486 4487 3744 4557 Ἀττικὴν

2156 4574 2447 4645 γεωργίας·
2499 4576 2592 4629 καὶ
2631 4576 2769 4647 μετά
2802 4576 2980 4630 ταῦτα
3012 4576 3073 4644 ἐξ
3112 4577 3417 4650 ἀνθρώπων
3461 4581 3539 4643 εἰς
3583 4578 3742 4643 θεοὺς

2160 4665 2520 4735 μεταστάντα,
2558 4669 2740 4736 τυχεῖν
2782 4667 2886 4719 ὑπὸ
2932 4667 3128 4731 Ἴσιδος
3174 4670 3266 4722 καὶ
3320 4669 3523 4741 Ἑρμοῦ
3578 4670 3749 4739 ίερῶνν

2156 4757 2249 4809 καὶ¹
2279 4756 2387 4809 τῶν
2419 4756 2595 4810 ἄλλων
2637 4758 2747 4809 τῶν
2779 4760 3223 4827 ἐπιφανεστάτων
3264 4762 3321 4814 ἐν
3359 4760 3500 4825 θεοῖς
3537 4761 3747 4837 τιμῶν.-

2155 4848 2355 4903 Τούτου
2400 4849 2456 4902 δὲ
2504 4852 2597 4903 καί
2637 4850 2859 4915 τελετάς
2901 4852 3236 4918 καταδεῖξαι,
3278 4855 3369 4905 καὶ
3408 4852 3575 4907 πολλὰ
3608 4854 3743 4922 περὶ

2154 4941 2317 4995 αὑτοῦ
2348 4942 2623 5012 μυστικῶς
2646 4944 3060 5013 εἰσηγήσασθαι.
3100 4946 3475 5016 Ἀναιρεθῆναι
3497 4945 3554 4999 δέ
3577 4946 3741 4998 αὑτὸν

2157 5034 2262 5086 ὑπὸ
2296 5032 2553 5102 Τυφῶνος
2590 5034 2685 5086 τοῦ
2719 5035 2971 5104 ἀδελφοῦ,
3012 5036 3248 5107 πονηροῦ
3278 5037 3370 5090 καὶ
3393 5036 3620 5100 ἀσεϐοῦς
3644 5036 3737 5089 όν-

2156 5146 2265 5193 τος·
2295 5128 2353 5181 ὃν
2383 5128 2628 5181 διελόντα
2654 5128 2715 5181 τὸ
2747 5129 2903 5199 σῶμα
2934 5127 3028 5181 τοῦ
3063 5128 3408 5196 φονευθέντος
3437 5133 3517 5194 είς
3551 5129 3610 5195 ἒξ
3643 5134 3740 5185 καὶ

2157 5222 2327 5275 εἴκοσι
2374 5221 2535 5293 μέρη,
2589 5220 2772 5274 δοῦναι
2821 5221 2930 5274 τῶν
2979 5221 3468 5292 συνεπιτιθεμένων
3520 5224 3739 5293 ἑκάστῳ

2163 5310 2378 5381 μερίδα,
2416 5308 2738 5379 βουλόμενον
2782 5308 2995 5362 ἅπαντα
3053 5315 3340 5382 μετασχεῖν
3374 5311 3468 5366 τοῦ
3507 5312 3731 5382 μύσους.

2159 5402 2267 5474 Τὴν
2288 5402 2346 5455 δὲ
2366 5398 2505 5455 Ἶσιν
2525 5401 2756 5474 ἀδελφὴν
2787 5396 2950 5456 οὖσαν
2992 5402 3255 5476 Ὀσίριδος
3272 5404 3367 5456 καὶ⁹
3387 5408 3619 5473 γυναῖκα
3647 5423 3737 5475 με-

2158 5493 2359 5546 τελθεῖν
2382 5493 2471 5545 τὸν
2495 5492 2672 5560 φόνον,
2701 5492 3196 5565 συναγωνιζομένου
3224 5493 3319 5546 τοῦ
3351 5493 3536 5557 παιδὸς
3564 5495 3738 5565 αὐτῆς

546 5783 657 5863 ίέθ)
697 5785 1091 5857 Παραλασεῖν.
1135 5785 1225 5845 Sic
1262 5790 1406 5847 enim
1436 5790 1679 5859 Diodon,
1711 5792 1855 5863 quod
1885 5792 2044 5863 longe

2159 5792 2284 5849 :lius
2315 5807 2477 5862 quam
2520 5793 2861 5861 καταλαὸεῖν,
2894 5792 3039 5865 quod
3066 5794 3118 5850 in
3155 5794 3257 5848 alia
3286 5794 3542 5853 editione.
