3948 6376
206 356 256 409 97

1294 331 1613 387 ΡΒΕΡΑἩ.
1650 330 1899 388 EVANG.
1942 330 2070 386 LIB.
2111 331 2171 385 ll.

3292 334 3362 391 98

206 469 341 537 ὀΐων,
379 453 647 511 Δνελοῦσαν
664 453 719 505 δὲ
735 453 825 504 τὸν
841 451 1070 520 Τυφῶνα
1093 453 1185 505 καὶ
1204 452 1326 514 τοὺς
1344 469 1405 503 συ
1414 450 1681 521 μπράεαν-

1788 447 1999 515 dasse;
2048 449 2373 519 tandemque
2429 447 2599 503 rebus
2665 448 2991 503 subductum
3056 449 3308 505 humanis
3343 491 3363 517 ,

199 576 284 620 τις,
320 551 442 621 παρὰ
468 549 557 617 τὴν
585 545 677 598 νῦν
719 545 959 597 Ἀνταίου
991 545 1329 615 καλουμένην
1357 545 1547 614 κώμην
1581 543 1679 613 βα-

201 648 378 705 σὺιῦσαι
400 641 486 709 τῆς
511 638 801 707 Αἰγύπτου.
835 636 1114 711 Εύροῦσαν
1140 638 1195 691 δὲ
1226 639 1401 691 πάντα
1434 637 1502 690 τὰ
1538 637 1678 710 μέρη

200 738 263 793 τοῦ
300 733 528 802 σώματος,
596 727 733 797 πλὴν
802 727 907 781 τῶν
967 727 1183 782 αἰδοίων
1234 728 1329 781 τοῦ
1394 727 1675 801 Ὀσίριδος,

203 830 350 894 ἑκάστῳ
380 822 518 893 μέρει
553 819 883 891 περιπλάσαι
912 819 1160 889 λέγουσιν
1193 821 1363 891 αὐτὴν
1392 824 1560 875 τύπον
1587 823 1680 876 ἁν-

200 913 439 991 ορωποεῶἧ,
488 910 864 983 παραπλήσιον
922 910 1147 981 Ὀσίριδι
1198 910 1259 963 τὸ
1314 912 1566 982 μέγεθος,
1620 916 1678 980 ἐξ

194 1009 424 1081 ἀρωμάτων
454 1005 543 1057 καὶ
588 1003 783 1074 κηροῦ,
829 1004 921 1057 καὶ
955 1004 1291 1075 παραδοῦναι
1329 1008 1440 1069 τοῖς
1474 1006 1678 1077 ἱερεῦσι

190 1101 271 1156 καθ’
295 1099 398 1169 ὅλης
438 1096 533 1165 τῆς
573 1096 853 1164 Αἰγύπτου
886 1099 1071 1167 τιμᾷν,
1110 1096 1442 1169 καθιερῶσαι
1483 1096 1539 1152 δὲ
1586 1100 1680 1154 καὶ

184 1192 259 1245 τῶν
282 1190 383 1261 παρ’
412 1188 582 1250 αὐτοῖς
615 1188 917 1258 γινομένων
950 1188 1105 1252 ζώων
1154 1190 1213 1241 ἒν
1244 1192 1425 1243 ὁποῖον
1457 1189 1524 1244 ἂν
1558 1190 1679 1261 βου-

183 1281 370 1353 ληθῶσιν.
405 1279 533 1342 Τοὺς
565 1278 623 1331 δὲ
679 1276 911 1352 ταύρους
952 1283 1079 1344 τοὺς
1134 1283 1331 1353 ἱεροὺς,
1368 1283 1463 1336 κοιί⁵
1493 1282 1584 1338 τόν
1616 1302 1673 1337 τε

183 1371 505 1441 ὀνομαζόμενον
555 1371 746 1434 Ἀπιν,
795 1372 887 1425 καί
934 1372 1026 1426 τὸν
1064 1374 1268 1427 Μνεῦιν
1305 1358 1543 1446 ,Ὀσίριδι
1575 1393 1676 1429 κα·

179 1462 449 1536 οιερωθῆναι,
502 1461 595 1514 καὶ
646 1460 869 1529 τούτους
922 1465 1173 1518 σέϐεσθαι
1216 1466 1465 1538 καθάπερ
1499 1466 1673 1531 θεοὺς,

178 1558 283 1623 κοινῇ
322 1553 722 1625 καταδειχθῆναι
764 1558 928 1609 πᾶσιν
972 1556 1311 1625 Αἰγυπτίοις.
1346 1559 1531 1612 Ταῦτα
1568 1559 1676 1631 γὰρ

275 1643 460 1717 εὑροῦσι
495 1645 586 1697 τὸν
619 1647 714 1699 τοῦ
752 1647 898 1701 σίτου
934 1650 1145 1719 καρπὸν
1180 1652 1508 1722 συνεργῆσαι
1544 1652 1677 1723 πρὸς

174 1736 443 1805 τὸνσπόρον,
493 1736 586 1789 καὶ
622 1738 722 1800 τὰς
760 1738 947 1803 κοινάς
988 1740 1281 1811 γεωργίας.
1348 1742 1571 1812 Ὀμόσαι
1618 1742 1674 1796 δὲ

1789 542 2008 611 templa.
2046 556 2109 598 ac
2143 550 2368 598 cancros
2412 544 2504 612 qui
2552 540 2657 596 aliis
2707 542 2868 596 tribui
2914 542 3089 597 solent
3126 542 3364 597 honores

1787 634 2018 688 eximios
2064 634 2132 688 ab
2154 635 2296 690 Iside
2348 650 2412 690 ac
2463 628 2730 688 Mercurio
2800 644 3153 689 consecutum
3202 651 3357 701 esse;

1786 724 1881 793 qui
1930 724 2051 793 ejus
2097 740 2204 779 non
2240 724 2403 779 modo
2437 726 2700 780 sacrificia
2732 725 3133 795 religionesque
3161 727 3360 781 docue-

1785 818 1896 872 rint
1925 860 1941 882 ,
1979 818 2073 873 sed
2105 820 2267 873 etiam
2299 819 2556 889 pleraque
2588 819 2860 889 mysteriis
2898 818 3138 873 involuta
3186 819 3358 889 ipsius

1786 910 1840 963 in
1870 910 2100 980 gratiam
2130 909 2504 979 excogitarint.
2530 910 2795 963 Caeterum
2829 925 2856 962 a
2886 907 3146 980 Typhone
3171 910 3357 977 fratre,

1786 1002 2007 1057 homine
2058 1002 2429 1057 conscelerate
2484 1012 2538 1057 et
2592 1003 2758 1070 impio
2809 1001 3150 1057 interfectum
3204 1002 3357 1057 illum

1785 1089 1957 1147 fuisse
2006 1090 2264 1157 tradunt;
2308 1091 2399 1161 qui
2453 1108 2575 1147 cum
2620 1094 2738 1161 ejus
2777 1092 3008 1146 cadaver
3054 1092 3109 1147 in
3161 1108 3257 1148 sex
3305 1101 3360 1149 et

1788 1182 1977 1253 viginti
2011 1191 2192 1252 partes
2256 1182 2605 1249 concidisset,
2648 1199 2742 1237 eas
2773 1183 2827 1235 in
2862 1182 3088 1239 sicarios
3134 1184 3357 1239 totidem

1784 1274 2056 1343 credisque
2102 1274 2354 1327 fraternae
2394 1273 2573 1327 socios
2623 1273 2909 1338 diviserit,
2967 1275 3110 1344 quod
3166 1292 3358 1332 omnes

1788 1367 2013 1422 immani
2044 1362 2259 1435 piaculo
2298 1366 2589 1421 obstrictos
2618 1381 2738 1421 esse
2767 1364 2942 1420 vellet.
2983 1366 3090 1422 lsin
3133 1378 3313 1422 autem
3340 1410 3356 1435 ,

1782 1461 1925 1530 quod
1977 1459 2210 1516 Osiridis
2256 1471 2309 1515 et
2356 1474 2514 1514 soror
2542 1468 2593 1513 et
2647 1473 2788 1512 uxor
2834 1462 3009 1525 esset,
3053 1475 3273 1530 operam
3305 1462 3356 1517 ei

1783 1566 1939 1606 suam
1974 1563 2207 1606 navante
2237 1550 2345 1606 Oro
2386 1550 2499 1604 ﬁlio
2524 1590 2539 1615 ,
2582 1550 2932 1620 parricidium
2975 1552 3141 1605 ultam
3193 1567 3315 1608 esse
3339 1594 3354 1618 ,

1782 1660 2017 1714 cumque
2046 1642 2359 1715 Typhonem
2382 1660 2444 1699 ac
2469 1644 2707 1712 reliquos
2736 1642 2957 1698 sceleris
2981 1645 3353 1711 administros,

1780 1737 1887 1808 47
1917 1738 2061 1792 circa
2091 1753 2214 1791 eum
2244 1778 2257 1800 ,
2289 1737 2381 1805 qui
2427 1752 2571 1790 nunc
2599 1737 2772 1791 Antaei
2803 1736 2971 1806 p‘agds
3005 1739 3317 1794 nominatur
3337 1780 3355 1806 ,

173 1826 239 1897 τὴν
274 1823 410 1891 Ἶσιν,
462 1828 692 1898 μηδενὸς
730 1830 921 1902 ἀνδρὸς
957 1829 1036 1883 ἔτι
1072 1832 1364 1886 συνουσίαν
1400 1828 1673 1901 δέξασθαι,

1783 1830 2108 1894 sustulisset,
2142 1829 2239 1883 toti
2271 1828 2507 1899 [Egypto
2542 1829 2863 1898 imperasse.
2896 1820 3191 1895 Praeterea,
3227 1846 3353 1885 cum

173 1920 448 1987 μεταστᾶσαν
476 1918 529 1971 δὲ
565 1920 661 1972 καὶ
686 1922 856 1992 αὐτὴν
886 1922 943 1989 ἐξ
973 1923 1295 1992 ἀνθρώπων,
1330 1930 1511 1996 τυχεῖν
1540 1928 1678 1981 ἀθα-

170 2010 297 2061 νᾶτων
338 2007 519 2077 τιμῶν,
564 2010 661 2063 καὶ
702 2012 939 2083 ταφῆναι
987 2014 1129 2067 κατὰ
1176 2014 1271 2086 τὴν
1309 2016 1549 2085 Μέμφιν.
1598 2018 1679 2073 Τὰ

171 2101 241 2167 μὲν
280 2095 358 2152 οὖν
399 2100 757 2171 ἀνευρεθέντα
800 2103 894 2157 τοῦ
964 2105 1230 2177 Ὀσίριδος
1282 2108 1442 2177 μέρη,
1499 2110 1678 2180 ταφῆς

168 2190 397 2261 ἀξιωθῆναί
423 2209 549 2260 φασι
584 2194 678 2248 τὸν
713 2195 1001 2267 εἰρημένον
1046 2198 1269 2268 τρόπον,
1304 2199 1365 2251 τὸ
1392 2199 1449 2252 δὲ
1483 2200 1679 2255 αἰδοῖον

168 2286 241 2338 ὑπὸ
262 2286 341 2353 μὲν
368 2285 623 2354 Τυφῶνος
654 2290 734 2352 εἰς
761 2289 851 2342 τὸν
890 2290 1131 2360 ποταμὸν
1158 2292 1379 2362 ῥιφῆναι
1409 2291 1678 2361 λέγουσιν,

167 2376 242 2429 ὑπὸ
264 2376 310 2428 δὲ
338 2378 429 2446 τῆς
464 2379 665 2442 Ἴσιδος
693 2380 844 2433 οὐδὲν
872 2375 1033 2452 ἦττον
1057 2381 1168 2434 τῶν
1190 2381 1361 2436 ἄλλων
1385 2382 1679 2453 ἀξιωθῆναι

166 2466 293 2536 τιμῶν
320 2467 545 2521 ἰσοθέων.
580 2458 683 2522 Ἐν
726 2488 784 2523 τε
808 2470 917 2542 γὰρ
937 2474 1051 2535 τοῖς
1075 2474 1240 2543 ἱεροῖς
1272 2473 1488 2526 είδωλον
1514 2474 1677 2527 αὑτοῦ

166 2560 609 2625 κατατκευάσασαν,
644 2564 810 2632 τιμὰς
839 2562 1149 2629 καταδεῖξαι
1184 2566 1278 2618 καὶ
1309 2564 1552 2629 τελετάς,
1589 2565 1679 2619 καὶ

164 2652 233 2715 τὰς
266 2650 432 2713 θυσίας
460 2650 561 2712 τὰς
605 2650 683 2721 τῷ
729 2652 833 2722 θεῷ
875 2653 1049 2724 τούτῳ
1097 2653 1384 2725 γινομένας
1429 2654 1680 2727 ἐντίμους

166 2740 357 2808 ποιῆσαι.
390 2740 480 2792 Διὸ
510 2744 610 2795 καὶ
634 2744 759 2806 τοὺς
795 2743 1062 2816 Ἕλληνας
1092 2745 1151 2811 ἐξ
1178 2747 1453 2815 Αἰγύπτου
1489 2766 1681 2821 παρει-

163 2831 348 2902 ληφότας
381 2832 447 2885 τὰ
491 2836 624 2905 περί
667 2837 793 2899 τοὺς
825 2836 1182 2909 ὀργιασμοὺς,
1230 2840 1451 2904 καὶτὰς
1498 2844 1679 2894 Διονυ-

165 2921 310 2984 σιακὰς
349 2922 561 2994 ἑορτὰς,
604 2926 773 2995 τιμᾷν
804 2924 964 2978 τοῦτο
1007 2926 1070 2979 τὸ
1116 2928 1304 2998 μόριον
1333 2929 1391 2981 ὲν
1423 2931 1535 2992 τοῖς
1576 2940 1678 2999 μυέ

165 3016 372 3087 κηρίοις,
412 3016 507 3070 καὶ
536 3020 658 3081 ταῖς
710 3018 803 3071 τοῦ
836 3018 961 3072 θεοῦ
995 3019 1184 3073 τούτου
1218 3021 1459 3085 τελεταῖς
1487 3040 1545 3075 τε
1585 3024 1680 3077 καὶ

164 3106 343 3170 hcine,
366 3106 731 3179 ὀνομάζοντας
756 3110 887 3163 αὐτὸ
920 3110 1141 3179 φαλλόν.
1176 3112 1315 3175 Τοὺς
1340 3112 1397 3166 δὲ
1424 3113 1677 3183 λέγοντας

163 3200 203 3249 ἐν
220 3199 391 3269 Θήϐαις
412 3203 535 3263 ταῖς
564 3200 885 3266 Βοιωτικαίς
913 3203 1193 3272 γεγονέναι
1223 3206 1314 3258 τὸν
1340 3205 1458 3259 θεὸν
1492 3208 1555 3260 ὲκ
1577 3207 1675 3259 Σε-

166 3293 291 3360 μέλης
310 3294 395 3345 καὶ
419 3294 560 3357 Διὸς,
602 3294 923 3365 σχεδιάζεινε
959 3297 1160 3367 Ὀρφέα
1180 3297 1288 3369 γὰρ
1309 3299 1388 3361 εἰς
1407 3300 1681 3367 Αἴγυπτον

166 3384 480 3452 μεταϐαλόντα
514 3388 612 3440 καὶ
656 3388 995 3457 μετασχόντα
1022 3392 1120 3459 τῆς
1155 3389 1399 3460 τελετῆς,
1446 3392 1539 3444 καὶ
1570 3390 1679 3444 τῶν

162 3476 469 3530 Διονυσιακῶν
518 3479 830 3550 μυστηρίων
881 3480 1226 3549 μεταλαϐεῖν,
1270 3484 1383 3544 τοῖς
1425 3498 1484 3533 τε
1536 3481 1681 3536 Καδ-

165 3569 293 3635 μείοις
323 3570 465 3639 φίλον
489 3572 623 3625 ὄντα
647 3573 741 3626 καὶ
770 3572 1132 3643 τετιμημένον
1162 3574 1253 3625 ὑπ’
1285 3574 1486 3638 αὐτῶν,
1517 3591 1681 3643 μετα-

164 3661 289 3715 θεῖναι
325 3663 414 3717 τοῦ
451 3664 577 3718 θεοῦ
615 3664 716 3736 τὴν
752 3665 988 3734 γένεσιν,
1036 3667 1266 3729 ὲκείνοις
1302 3667 1677 3738 χαριζόμενον.

163 3754 265 3817 Τοὺς
287 3754 337 3808 δὲ
374 3757 589 3826 ὃχλους,
625 3757 692 3810 τὰ
730 3757 828 3829 μὲν
859 3757 949 3810 διὰ
989 3756 1087 3828 τὴν
1127 3758 1369 3825 ἄγνοιαν,
1412 3758 1481 3810 τὰ
1508 3758 1564 3810 δὲ
1594 3757 1681 3811 διὰ

164 3849 204 3897 τὸ
227 3848 479 3916 βούλεσθαι
507 3851 600 3903 τὸν
629 3848 751 3904 θεὸν
782 3851 1019 3921 Ἕλληνα
1050 3849 1428 3921 ὀνομάζεσθαι,
1461 3850 1685 3921 προσδέο

165 3938 310 4001 ξασθαι
363 3941 651 4011 προσηνῶς
709 3942 806 4004 τὰς
857 3942 1079 4006 τελετὰς
1126 3944 1220 3995 καὶ
1271 3942 1341 3995 τὰ
1390 3944 1681 4013 μυστήριαε

172 4033 399 4105 ’Δφορμὰς
435 4036 494 4089 δὲ
532 4037 680 4106 ἔχειν
723 4033 816 4090 τδν
855 4037 1054 4107 Ὀρφέα
1088 4036 1226 4107 πρὸς
1253 4036 1353 4107 τὴν
1396 4035 1684 4106 μετάθεσιν

163 4126 231 4193 τῆς
260 4126 340 4179 τοῦ
379 4126 502 4180 θεοῦ
530 4127 796 4195 γενέσεως
830 4130 924 4180 καὶ
955 4128 1196 4199 τελετῆς,
1233 4126 1504 4189 τοιαύτας.
1543 4125 1685 4178 Κάδι

166 4232 235 4284 μον
263 4220 319 4271 ὲκ
342 4218 534 4289 Θηϐῶν
572 4219 701 4273 ὄντα
724 4219 1060 4287 Αἰγυπτίων,
1094 4218 1350 4289 γεννῆσαι
1380 4220 1475 4272 σὺν
1507 4216 1684 4280 ἄλλοις

163 4307 326 4373 τέκνοις
394 4312 492 4364 καὶ
563 4309 825 4381 Σεμέλην,
884 4310 1089 4381 ταύτην
1142 4311 1199 4364 δὲ
1249 4310 1353 4363 ὑπὸ
1403 4310 1497 4362 τοῦ
1565 4308 1685 4370 Διός

166 4416 258 4452 ποτε
290 4400 391 4471 (50)
437 4402 757 4472 φθαρεῖσαν,
808 4403 1001 4470 ἔγκυον
1041 4402 1314 4469 γενέσθαι,
1370 4401 1463 4453 καὶ
1508 4401 1686 4453 τεκεῖν

1705 3173 1747 3231 C

1776 1924 1961 1978 omnia
1995 1923 2241 1993 carperis
2268 1920 2413 1976 illius
2444 1920 2686 1975 membra
2712 1916 2905 1991 praeter
2941 1920 3174 1975 verenda
3200 1936 3353 1991 repe-

1774 2013 1935 2067 risset
1962 2055 1975 2078 ,
2012 2022 2198 2081 partes
2231 2011 2472 2081 singulas
2496 2052 2510 2075 ,
2548 2010 2600 2063 in
2650 2011 2894 2081 singulas
2940 2013 3066 2068 item
3113 2016 3352 2071 hominis

1775 2103 2013 2176 efﬁgies,
2060 2120 2181 2174 quae
2223 2103 2406 2157 Osirin
2460 2103 2834 2172 magnitudine
2885 2104 3234 2171 referebant,
3284 2123 3351 2161 ex

1775 2196 2112 2251 aromatibus
2160 2208 2391 2265 ceraque
2440 2190 2706 2250 conflatas
2755 2196 3087 2264 inclusisse,
3150 2214 3354 2270 easque

1777 2287 2148 2342 sacerdotibus
2171 2295 2281 2342 tota
2339 2288 2539 2356 passim
2587 2286 2823 2357 Egypto
2871 2289 3128 2344 colendas
3182 2290 3353 2346 tradi-

1777 2375 1923 2431 disse
1950 2417 1965 2442 ,
2013 2377 2093 2433 sic
2140 2385 2200 2433 ut
2225 2392 2289 2431 ex
2338 2378 2426 2444 iis,
2457 2393 2577 2449 qua:
2608 2377 2748 2447 apud
2800 2378 2922 2451 illos
2953 2391 3307 2436 nascerentur
3334 2425 3349 2448 ,

1780 2467 2180 2529 animantibus,
2221 2468 2585 2538 quodcunque
2624 2469 2801 2523 visum
2841 2479 3019 2535 esset,
3063 2486 3354 2527 consecra-

1777 2568 1937 2625 rent;
1980 2568 2171 2613 tauros
2202 2570 2404 2627 autem,
2440 2560 2535 2630 qui
2576 2560 2718 2615 sacri
2764 2560 3055 2623 dicuntur,
3103 2576 3355 2633 quosque

1776 2650 1916 2720 Apin
1960 2667 2023 2708 ac
2070 2652 2284 2707 Mnevin
2335 2653 2435 2723 ipsi
2467 2660 2695 2717 vocant,
2731 2653 3008 2708 dedicatos
3039 2654 3108 2707 ab
3155 2653 3350 2709 iisdem

1778 2744 1971 2798 fuisse.
2008 2746 2192 2813 itaque
2217 2786 2231 2808 ,
2269 2754 2327 2799 ut
2351 2745 2619 2815 ejusmodi
2649 2746 2954 2801 animantes
3000 2748 3200 2803 divinis
3247 2749 3353 2804 ho-

1779 2837 2003 2893 noribus
2034 2852 2226 2893 omnes
2264 2830 2503 2909 iEgyptii
2539 2836 2943 2897 tardarentur.
2982 2841 3184 2911 ubique
3215 2856 3351 2896 con-

1782 2930 2033 2983 stitutum
2055 2970 2070 2996 ,
2103 2930 2303 2999 quippe
2333 2945 2473 2998 quos
2519 2930 2711 2999 primis
2759 2930 3016 2986 frumenti
3052 2932 3355 2987 inventori-

1780 3021 1919 3085 bus,
1956 3030 2065 3074 tam
2117 3023 2182 3075 ad
2232 3037 2416 3076 semen
2453 3032 2607 3076 terra:
2653 3024 3096 3079 committendum
3124 3065 3139 3090 ,
3185 3040 3351 3094 quam

1781 3113 1850 3166 ob
1888 3120 2113 3167 caeteros
2158 3112 2502 3181 agricultura:
2533 3114 2746 3169 labores
2772 3154 2786 3179 ,
2820 3123 2946 3168 ante
2987 3130 3177 3169 omnes
3225 3114 3352 3170 usui

1781 3202 1950 3257 fuisse
1995 3210 2289 3258 constarel.
2332 3194 2504 3257 Porro
2550 3198 2793 3258 eamde'm
2848 3202 2955 3257 lsin
2994 3204 3350 3273 jurejurando

1780 3294 2135 3349 confirmasse
2161 3294 2314 3347 aiunt
2333 3333 2348 3358 ,
2376 3294 2578 3349 nullius
2606 3310 2727 3349 sese
2768 3296 2866 3348 viri
2898 3294 3351 3354 consuetudinem

1782 3384 1836 3438 in
1893 3394 2172 3454 posterum
2239 3384 2652 3449 admissuram;
2708 3385 2926 3453 vitaque
2980 3384 3163 3440 functa
3223 3400 3351 3440 cum

1780 3483 1945 3539 esset,
1982 3476 2321 3531 immortales
2368 3477 2531 3530 etiam
2576 3476 2813 3530 honores
2859 3486 3206 3532 consecutam
3237 3518 3251 3543 ,
3287 3491 3355 3533 ac

1781 3568 1925 3623 circa
1977 3566 2248 3637 Memphin
2314 3569 2581 3637 sepultam
2640 3568 2829 3622 fuisse.
2880 3566 3001 3622 Jam
3037 3583 3167 3623 vero
3226 3584 3351 3623 cum

1782 3667 1994 3727 reperta
2040 3657 2270 3713 Osiridis
2313 3660 2555 3712 membra
2582 3698 2597 3721 ,
2633 3674 2757 3712 eum
2791 3658 2843 3710 in
2886 3658 3107 3712 modum
3187 3674 3350 3727 quem

1783 3746 1945 3815 paulo
1975 3754 2099 3800 ante
2141 3747 2692 3801 commemoravimus
2717 3787 2732 3811 ,
2762 3746 3054 3815 sepultura:
3097 3747 3354 3803 mandata

1780 3848 2007 3904 essent;
2044 3848 2157 3892 tum
2204 3839 2376 3909 ipsius
2423 3840 2656 3893 verenda
2682 3866 2697 3905 ,~
2729 3855 2851 3909 qua:
2880 3854 2910 3893 a
2938 3837 3199 3910 Typhone
3228 3854 3354 3910 pro-

1780 3931 1920 3999 jecta
1976 3934 2027 3985 in
2062 3914 2285 3986 fluvium
2338 3941 2527 3997 erant,
2558 3932 2753 3986 Isidem
2802 3931 3158 3987 nihilominus
3187 3947 3351 4001 quam

1784 4034 1975 4079 caetera
2008 4024 2193 4077 divino
2238 4024 2384 4077 cultu
2415 4033 2760 4094 prosecutam
2792 4038 2913 4078 esse
2963 4022 3163 4077 ferunt.
3215 4021 3353 4078 Nam

1784 4126 1838 4171 et
1866 4117 2080 4170 illorum
2107 4116 2160 4169 in
2190 4116 2405 4184 templis
2438 4115 2792 4170 simulacrum
2817 4116 3079 4183 erexisse,
3106 4115 3355 4185 ritusque

1785 4222 1849 4262 ac
1879 4208 2250 4273 ceremonias,
2279 4222 2402 4261 cum
2435 4206 2686 4275 legitimis
2720 4221 2783 4260 ac
2821 4206 3154 4261 solemnibus
3187 4206 3351 4275 hujus

1785 4300 1872 4356 dei
1904 4298 2189 4355 sacrificiis
2219 4314 2432 4353 summa
2461 4314 2581 4355 cum
2613 4288 2876 4369 religione
2908 4298 3227 4353 celebranda
3256 4315 3352 4354 cu-

1788 4402 1956 4443 rasse.
1990 4386 2352 4453 Quamobrem
2404 4388 2552 4457 ipsos
2594 4403 2810 4458 quoque
2842 4388 3097 4455 Gracos,
3138 4390 3229 4459 qui
3285 4388 3354 4443 ab

165 4488 268 4541 ἑπτὰ
322 4491 503 4561 μηνῶν
548 4492 860 4545 διελθόντων
930 4494 1148 4563 βρέφος,
1182 4488 1292 4545 οἷόν
1322 4502 1425 4561 περ
1468 4493 1517 4545 οἳ
1561 4494 1680 4544 κατ’

1790 4478 2056 4550 Egyptiis
2102 4480 2317 4548 orgiaca
2361 4494 2517 4535 sacra
2551 4496 2673 4533 cum
2719 4480 2915 4535 Bacchi
2945 4479 3097 4536 festis
3133 4496 3356 4549 accepe-

166 4581 386 4647 Αἴγυπτον
444 4586 541 4637 τὸν
576 4587 789 4656 Ὄσιριν
832 4588 1110 4655 γεγονέναι
1155 4585 1452 4657 νομίζουσι.
1500 4586 1600 4638 Τὸν
1626 4586 1682 4638 δὲ

166 4672 360 4744 Κάδμον,
410 4677 734 4747 τελευτῆσαν
777 4678 837 4731 τὸ
872 4677 1071 4749 βρέφος
1103 4678 1400 4750 χρυσῶσαι,
1453 4680 1546 4730 καὶ
1586 4678 1685 4743 τὰς

166 4765 463 4837 καθηκουσας
495 4770 641 4841 αὑτῷ
673 4772 999 4841 ποιήσασθαι
1030 4771 1242 4835 θυσίας,
1275 4771 1476 4851 ἀνάψαι
1504 4770 1558 4823 δὲ
1591 4773 1685 4824 καὶ

166 4858 236 4925 τὴν
252 4861 448 4927 γένεσιν
478 4865 558 4925 εἰς
583 4866 701 4926 Δία,
729 4874 1055 4935 σεμνύνοντα
1080 4863 1170 4916 τὸν
1206 4865 1437 4934 Ὄσιριν,
1466 4864 1560 4917 καὶ
1587 4862 1686 4931 τῆς

167 4949 413 5024 ςθαρείσης
440 4954 537 5025 τὴν
560 4956 813 5027 διαϐολὴν
844 4957 1264 5030 ἀφαιρούμενον.
1293 4956 1382 5008 Διὸ
1413 4956 1507 5009 καὶ
1539 4954 1688 5025 παρὰ

167 5042 249 5101 τοῖς
272 5043 519 5113 Ἕλλησιν
545 5045 829 5115 ἐκδοθῆναι
862 5047 1042 5115 λόγον,
1080 5046 1155 5111 ὡς
1194 5050 1225 5118 ἡ
1260 5047 1483 5117 Κάδμου
1523 5044 1688 5113 θυγά-

168 5138 245 5198 τηρ
271 5131 465 5204 Σεμέλη
507 5134 728 5187 τέτοκεν
767 5138 829 5188 ὲκ
856 5136 976 5200 Διὸς
1022 5138 1252 5208 Ὄσιριν.
1294 5134 1523 5189 Ἔπειτα
1552 5150 1690 5205 παρ-

169 5219 382 5277 ελθόντων
418 5226 526 5281 τῶν
571 5226 955 5299 μυθογράφων,
999 5230 1277 5300 ἐμπλῆσαι
1330 5229 1392 5281 τὸ
1438 5227 1685 5298 θέατρον,

171 5314 355 5380 nimi;
389 5319 781 5389 ἐπιγινομένοις
819 5320 1043 5390 ἰσχυρὰν
1077 5321 1261 5373 πίστιν
1292 5320 1387 5373 καὶ
1415 5316 1686 5388 apameae-

170 5416 236 5454 νυν
261 5408 579 5474 ἐγγενέσθαι.
612 5412 853 5465 Καθόλου
883 5412 937 5464 δέ
966 5426 1097 5482 φασι
1124 5412 1249 5474 τοὺς
1280 5410 1547 5481 Ἕλληνας
1580 5408 1692 5474 ἐξι-

171 5491 404 5559 διάζεσθαι
437 5502 560 5564 τοὺς
609 5502 1064 5570 ἐπιφανεστάτους
1111 5499 1420 5569 Αἰγυπτίων
1508 5498 1690 5570 ἕρωάς

174 5601 216 5637 τε
241 5592 320 5641 καὶ
342 5591 509 5656 θεούς.
546 5596 655 5646 Καὶ
688 5593 794 5663 γὰρ
830 5593 1099 5666 Ἠρακλέα
1124 5593 1184 5645 τὸ
1209 5592 1365 5662 γένος
1393 5590 1690 5658 Αἰγύπτιον

230 5703 322 5777 (50)
352 5707 479 5762 Ὑπὸ
506 5709 613 5763 τοῦ
641 5709 773 5773 Διός
794 5723 953 5763 ποτε.
992 5708 1237 5770 Diodor.,
1267 5708 1370 5760 ὑπό
1387 5705 1563 5777 τουλδή
1590 5721 1690 5757 πο-

180 5787 237 5837 τε,
259 5774 401 5849 longe
430 5780 641 5844 melius,
676 5780 800 5851 quia
828 5782 990 5851 paulo
1022 5790 1142 5849 post
1174 5780 1439 5847 signiticat
1474 5774 1686 5840 Jovem,

1789 4571 1937 4633 rint,
1988 4570 2291 4624 membrum
2338 4572 2468 4625 illud
2518 4582 2626 4626 tam
2678 4572 2731 4625 in
2768 4572 3041 4643 mysteriis
3090 4587 3252 4642 quam
3300 4572 3354 4625 in

1789 4664 1946 4718 istius
1989 4664 2230 4719 numinis
2257 4664 2653 4717 initiationibus
2682 4674 2845 4733 atque
2879 4664 3162 4719 sacrificiis
3187 4663 3355 4733 phalll

1790 4754 2009 4810 nomine
2029 4755 2275 4811 venerari
2302 4756 2491 4809 solitos
2523 4770 2662 4809 esse.
2690 4753 2999 4822 Enimvero,
3032 4755 3124 4825 qui
3155 4754 3355 4809 Thehis

1789 4848 2013 4904 Bwotize
2045 4849 2204 4904 deum
2239 4850 2390 4904 illum
2421 4863 2486 4902 ex
2517 4846 2645 4902 Jove
2673 4863 2738 4901 ac
2772 4847 2981 4902 Semele
3014 4860 3199 4902 natum
3232 4860 3357 4902 esse

1788 4940 1993 5004 dicant,
2026 4940 2078 4995 id
2114 4949 2316 4996 temere
2338 4955 2402 4994 ac
2443 4939 2633 4993 leviter
2684 4939 2917 4993 effutire.
2959 4938 3165 5007 Quippe
3190 4980 3205 5004 ,
3254 4936 3359 4992 Or-

1790 5034 1987 5103 pheum
2019 5033 2186 5097 enim,
2218 5046 2342 5087 cum
2373 5032 2426 5084 in
2458 5029 2749 5100 Algyptum
2781 5029 3225 5098 commigrasset,
3256 5028 3355 5085 iis-

1788 5140 1894 5192 que
1920 5125 2090 5177 sacris
2118 5123 2360 5177 initiatus
2397 5122 2449 5175 in
2481 5124 2723 5190 ipsorum
2767 5134 2983 5191 quoque
3013 5118 3207 5173 Bacchi
3235 5135 3356 5191 myu

1789 5216 2081 5269 steriorum
2115 5224 2322 5284 partem
2356 5230 2420 5270 ac
2448 5216 2759 5268 societatem
2817 5212 3089 5277 venisset,
3138 5223 3359 5282 propter

1789 5321 1931 5372 eam,
1969 5322 2090 5378 quae
2135 5306 2237 5362 sibi
2269 5320 2392 5360 eum
2428 5306 2679 5363 Cadmeis
2709 5304 3075 5358 intercedebat
3102 5344 3115 5370 ,
3161 5304 3358 5359 amicio

1791 5400 1919 5452 tiam
1944 5441 1959 5464 ,
1990 5413 2237 5468 quosque
2268 5398 2336 5453 ab
2364 5398 2469 5452 illis
2501 5398 2734 5450 honores
2765 5404 3085 5463 acceperat,
3114 5396 3358 5451 numinis

1790 5491 1937 5545 illius
1968 5499 2147 5545 ortum
2192 5491 2247 5544 in
2273 5491 2514 5560 ipsorum
2546 5490 2771 5558 gratiam
2807 5488 3190 5554 transtulisse;
3223 5490 3358 5542 utul-

1790 5584 2075 5639 titudinem
2116 5592 2319 5647 autem,
2355 5582 2548 5653 partim
2580 5581 2919 5651 ignoratione
2944 5580 3206 5646 veritatis,
3233 5594 3359 5651 par-

1791 5699 1845 5753 in
1891 5698 1982 5753 illa
2012 5697 2127 5753 veri
2156 5697 2328 5767 patris
2350 5695 2711 5769 ignoratione,
2745 5712 2775 5751 a
2804 5695 3012 5751 Cadmo
3036 5693 3235 5750 Bacchi
3263 5709 3358 5765 pa.

1795 5780 1999 5823 renti-tn
2031 5769 2359 5824 celebratum
2388 5780 2527 5821 esse.
