3948 6376
504 310 575 360 99
1175 299 1444 355 susum
1477 294 1958 352 CASSARIENSlS
1990 286 2146 347 OPP.
2185 272 2366 338 PARS
2398 259 2461 330 ll.
2504 315 2577 333 η
2598 289 3096 347 Ammon“,

3668 294 3763 349 ιοο

506 423 606 477 tim
637 416 781 489 quod
817 417 964 470 hunc
997 413 1161 470 deum
1196 429 1393 484 genere
1424 412 1670 467 Graecum
1702 410 1890 465 haberi
1923 411 2086 464 vehe-

2197 404 2337 468 ὄντα,
2382 396 2448 453 δι’
2502 407 2720 479 ἀνδρίαν
2764 407 3012 462 ἐπελθεῖν
3054 406 3250 476 πολλὴν
3287 406 3384 477 τῆς
3431 407 3767 479 οἰκουμένης,

507 520 719 567 menter
764 516 1010 578 optaret,
1055 507 1300 576 ejusdem
1330 520 1452 559 cum
1487 504 1735 557 initiandi
1765 503 1940 569 ritus,
1969 512 2083 557 tum

506 601 672 656 etiam
705 598 964 671 mysteria
992 596 1236 650 studiose
1269 610 1332 648 ac
1360 592 1590 645 libenter
1621 592 1913 645 admodum
1967 606 2089 647 esse

507 693 873 762 complexam.
909 690 1175 744 Caeterum
1220 686 1475 755 Orpheo,
1529 684 1892 738 transferendi
1935 692 2089 739 ortus

508 784 797 847 numinis,
848 780 1117 849 ejusmodi
1174 792 1337 830 ansas
1400 784 1455 829 et
1516 777 1836 830 occasiones
1896 774 2086 829 fuisse.

507 875 776 929 Cadmum
805 873 1054 925 videlicet
1090 868 1291 922 Thebis
1320 865 1589 936 Egyptiis
1620 867 1937 933 oriundum,
1964 882 2088 920 cum

508 966 620 1040 48
647 966 775 1020 aliis
802 966 1009 1034 aliquot
1042 961 1228 1015 liberis
1257 958 1522 1013 Semelem
1555 974 1774 1028 quoque
1805 959 2087 1027 genuisse,

513 1060 654 1111 lianc
700 1070 829 1110 vero
874 1071 904 1107 a
952 1052 1134 1107 nescio
1166 1066 1275 1120 quo
1307 1049 1445 1105 forte
1482 1060 1935 1121 constupratam,
1968 1060 2093 1121 post

510 1158 714 1216 septem
750 1162 780 1199 a
814 1152 1076 1212 conceptu
1113 1158 1328 1197 menses
1378 1142 1638 1196 infantem
1686 1142 1979 1211 peperisse,
2016 1144 2087 1206 ei,

512 1252 673 1307 quem
716 1236 855 1305 apud
890 1252 948 1289 se
989 1244 1175 1286 natum
1223 1231 1461 1303 Egyptii
1497 1233 1795 1302 prredicant
1822 1273 1838 1297 ,
1888 1232 2090 1286 Osiridi

513 1328 879 1398 persimilem;
915 1326 1184 1379 Cadmum
1212 1340 1341 1378 vero
1370 1324 1598 1378 infantis
1630 1324 1831 1377 mortui
1862 1314 2093 1378 cadaver

513 1436 648 1474 auro
684 1418 1091 1481 convestiisse,
1150 1416 1310 1485 eique
1367 1416 1638 1471 solemnes
1700 1415 2092 1470 sacrificiorum

512 1514 649 1567 ritus
696 1511 999 1565 instituisse
1025 1552 1039 1574 ,
1072 1525 1135 1564 ac
1182 1509 1401 1564 demum
1449 1508 1621 1579 ipsius
1659 1510 2091 1578 procreationem

511 1602 631 1660 Jovi
670 1606 1017 1674 assignasse,
1054 1604 1157 1658 hoc
1186 1605 1375 1673 utique
1406 1602 1639 1657 consilio
1662 1644 1677 1668 ,
1711 1611 1771 1657 ut
1811 1619 1935 1657 cum
1971 1602 2092 1659 Osi-

512 1699 617 1754 ridi
649 1699 990 1768 majestalem
1020 1699 1359 1761 conciliaret,
1392 1706 1505 1751 tum
1538 1696 1709 1765 ipsam
1738 1711 1956 1765 quoque
1985 1712 2097 1750 ma-

2195 495 2586 566 ὲξοικειοῦσθαι
2608 503 2665 554 δὲ
2692 502 2853 555 αὑτὸν
2879 502 3005 564 τοὺς
3031 498 3319 568 Ἕλληνας,
3343 500 3438 551 καὶ
3464 501 3571 571 μὴν
3594 502 3677 553 ἒτε
3688 519 3770 571 ρον

2194 594 2323 647 ὄντα
2354 591 2449 645 τοῦ
2483 593 2544 658 ἐξ
2591 593 2900 663 Ἀλκμήνης
2931 594 3062 663 παρ’
3098 591 3353 661 Ἕλλησιν
3383 592 3609 664 ὕστερόν
3644 614 3766 648 ποτε

2195 684 2511 756 γενομένου.
2553 687 2689 739 Φασὶ
2722 686 2777 738 δὲ
2810 686 3026 737 καὶτὸν
3070 684 3283 756 Περσέα
3328 684 3581 752 γενέσθαι
3627 692 3766 743 κατά

2195 778 2293 847 τὴν
2320 778 2623 846 Αἴγυπτον,
2662 778 2759 831 καὶ
2794 777 2893 846 τῆς
2934 776 3129 839 Ἴσιδος
3158 777 3257 846 τὴν
3292 776 3503 844 γένεσιν
3534 777 3637 830 ὑπὸ
3667 780 3769 832 τῶν

2208 869 2476 941 Ἐλλήνων
2504 872 2583 933 εἰς
2653 876 2832 940 Αργος
2874 868 3297 947 μεταφέρεσθαι,
3335 869 3772 940 μυθολογούντων

2198 961 2366 1032 αὐτὴν
2400 956 2538 1013 εἶναι
2585 960 2689 1023 Ἰὼ,
2733 960 2833 1031 τὴν
2865 962 2945 1024 εἰς
2981 961 3101 1030 βοὸς
3128 959 3297 1012 τύπον
3333 963 3774 1033 μεταμορφωθεῖ-

2200 1070 2319 1117 σαν,
2348 1053 2445 1125 τὴν
2472 1053 2639 1124 αὐτὴν
2662 1053 2883 1116 δὲ,τοὺς
2912 1054 3008 1124 μὲν
3037 1049 3205 1115 Ἶσιν,
3228 1054 3350 1115 τοὺς
3376 1053 3433 1106 δὲ
3462 1057 3773 1127 Δήμητραν,

2198 1149 2323 1210 τοὺς
2349 1148 2405 1200 δὲ
2444 1147 2813 1218 Θεσμοφόρον,
2846 1147 3040 1210 ἄλλους
3068 1146 3125 1199 δὲ
3152 1146 3410 1219 Σελήνην,
3446 1148 3539 1200 καὶ
3582 1149 3775 1212 ἄλλους

2203 1238 2379 1310 Ἥραν
2406 1238 2664 1309 νομίζειν.
2702 1238 2807 1291 Τὸν
2837 1238 2895 1292 δὲ
2936 1240 3171 1309 Ὄσιριν,
3207 1239 3331 1301 τοὺς
3373 1239 3468 1309 μὲν
3511 1240 3773 1311 Σάραπιν,

2198 1349 2322 1394 τους
2362 1332 2417 1384 δὲ
2454 1332 2723 1395 Διόνυσον,
2755 1332 2882 1395 τοὺς
2914 1330 2970 1384 δὲ
3008 1330 3320 1395 Πλούτωνα,
3364 1333 3489 1394 τοὺς
3526 1331 3587 1384 δὲ
3637 1333 3775 1403 Ἀμ-

2204 1440 2375 1494 μωνα,
2408 1426 2532 1486 τοὺς
2564 1423 2619 1475 δὲ
2659 1424 2777 1487 Δία,
2826 1423 3045 1493 ἑτέρους
3075 1422 3131 1475 δὲ
3182 1423 3334 1475 Πᾶνα
3379 1422 3641 1494 νομίζειν.
3678 1425 3780 1477 Εὑ-

2202 1513 2364 1585 ρετὴν
2393 1514 2448 1566 δὲ
2471 1513 2726 1581 γενέσθαι
2746 1514 2843 1584 τὴν
2877 1508 3018 1566 Ἶσίν
3052 1530 3183 1582 φασι
3213 1516 3518 1585 φαρμάκων
3549 1515 3777 1579 πολλῶν,

2201 1605 2293 1657 καὶ
2335 1606 2581 1675 ἰατρικῆς
2617 1604 2946 1675 ἐπιστήμης*
2982 1605 3162 1675 εὑρεῖν
3191 1605 3247 1658 δὲ
3280 1607 3373 1657 καὶ
3412 1606 3472 1658 τὸ
3516 1607 3615 1677 τῆς
3641 1607 3779 1660 ἀθα-

2201 1698 2391 1760 νασίας
2442 1699 2752 1769 φάρμακον,
2798 1697 2865 1749 δι’
2910 1689 2972 1749 οὗ
3016 1698 3108 1751 τὸν
3150 1699 3264 1751 υἰὸν
3310 1700 3473 1770 Ὧρον
3522 1700 3628 1753 ὑπὸ
3671 1701 3783 1753 τῶν

514 1797 653 1845 trem
686 1805 716 1843 a
752 1790 924 1858 stupri
957 1790 1125 1842 oblati
1158 1788 1383 1842 infamia
1420 1788 1693 1842 liberaret.
1732 1787 1889 1841 Hunc
1935 1788 2092 1858 igitur

2200 1791 2442 1843 Τιτάνων
2480 1790 2954 1853 ἐπιϐουλευθέντα,
2992 1792 3086 1844 καὶ
3113 1792 3305 1863 νεκρὸν
3335 1792 3629 1864 εὑρεθέντα
3657 1793 3780 1847 καθ’

515 1880 571 1935 in
615 1880 837 1935 modum
872 1894 1119 1949 sparsam
1159 1880 1304 1932 illam
1336 1880 1477 1948 apud
1523 1880 1742 1935 Graecos
1775 1880 1841 1933 de
1884 1880 2098 1935 Osiride

512 1969 715 2026 famam
748 1986 896 2034 esse,
936 1971 1081 2039 quod
1113 1985 1235 2024 eum
1269 1986 1333 2025 ex
1374 1968 1508 2024 Jove
1536 1969 1746 2025 Semele
1772 1970 1959 2024 Cadmi
1987 1970 2096 2024 filia

514 2064 850 2133 suscepisset
876 2082 889 2129 ;
920 2079 1026 2133 qua
1063 2062 1373 2117 fabularum
1405 2065 1700 2134 scriptores
1726 2066 1911 2117 omnia
1946 2075 2095 2132 post-

511 2158 733 2211 modum
761 2156 969 2210 tbeatra
993 2157 1404 2225 compleverint,
1438 2172 1614 2225 eoque
1652 2156 1867 2209 tandem
1896 2154 2095 2209 factum

512 2259 635 2300 esse
658 2286 674 2311 ,
706 2254 767 2299 ut
808 2255 1070 2300 constans
1102 2245 1221 2315 ejus
1251 2256 1304 2300 et
1336 2247 1662 2301 inconcussa
1694 2247 1826 2300 ﬁdes
1855 2255 2099 2314 postero-

515 2350 637 2388 rum
687 2334 963 2388 mentibus
1010 2334 1288 2388 insideret.
1345 2332 1487 2399 Quin
1538 2334 1699 2388 etiam
1743 2331 1960 2387 Graecos
1988 2372 2003 2398 ,
2040 2342 2099 2385 ut

513 2427 680 2481 verbo
713 2426 912 2489 dicam,
949 2425 1335 2480 celeberrimos
1361 2442 1607 2496 quosque
1637 2426 1791 2480 aiunt
1820 2424 2099 2497 Egyptio-

513 2534 635 2572 rum
669 2517 867 2571 heroas
900 2526 1064 2587 atque
1109 2518 1242 2572 deos
1272 2519 1375 2572 sibi
1407 2528 1663 2589 tanquam
1697 2520 1950 2588 proprios
1974 2520 2097 2573 vin-

514 2612 747 2667 dicasse.
803 2608 939 2664 Nam
988 2608 1273 2665 Herculem
1317 2611 1524 2677 etiam,
1574 2610 1862 2682 Egyptius
1902 2626 2097 2681 genere

515 2718 640 2757 cum
674 2713 856 2768 esset,
892 2717 958 2757 ac
1004 2702 1269 2773 singulari
1306 2702 1621 2758 fortitudine
1650 2703 1910 2773 praeditus
1933 2742 1947 2767 ,
1976 2720 2095 2757 ma-

515 2810 677 2866 gnam
736 2794 888 2849 orbis
949 2804 1219 2849 terrarum
1281 2806 1490 2866 partem
1542 2796 1783 2862 obiisse;
1846 2795 2094 2851 eumdem

514 2890 697 2937 tamen
744 2884 904 2952 quasi
932 2882 1179 2939 Graecum
1218 2900 1247 2938 a
1284 2884 1488 2940 Graecis
1522 2886 1805 2955 praedicari
1835 2928 1849 2953 ,
1882 2886 2095 2941 tametsi

515 2974 673 3045 longe
705 2977 775 3029 ab
826 2977 995 3029 altero
1028 2978 1264 3046 quodam
1311 2975 1537 3031 Ilercule
1585 2977 1859 3031 diversum
1885 3017 1900 3041 ,
1933 2992 2093 3047 quem

516 3066 573 3123 in
623 3065 831 3122 Graecia
873 3068 1059 3121 multis
1092 3078 1213 3137 post
1245 3069 1460 3122 sazculis
1510 3068 1770 3121 Alcmena
1803 3068 2091 3139 pepererit.

513 3156 735 3211 Addunt
762 3156 1020 3212 Perseum
1053 3172 1271 3227 quoque
1299 3158 1474 3213 lucem
1506 3158 1561 3211 in
1590 3156 1825 3228 {Egypto
1858 3158 2091 3227 primum

514 3250 835 3317 aspexisse,
871 3258 926 3301 et
974 3247 1261 3317 ipsiusmet
1307 3248 1466 3303 Isidis
1497 3248 1764 3317 originem
1811 3266 1841 3303 a
1892 3248 2095 3306 Graecis

515 3340 833 3396 hominibus
862 3340 1181 3393 translatam
1201 3341 1376 3406 Argos
1399 3338 1585 3403 fuisse,
1613 3342 1706 3410 qui
1728 3342 1868 3397 lianc
1898 3343 2093 3412 ipsam,

515 3434 572 3490 Io
601 3435 754 3488 bovis
780 3434 833 3486 in
880 3434 1107 3501 figuram
1140 3432 1433 3502 aliquando
1467 3443 1735 3488 mutatam
1782 3450 1902 3491 esse
1941 3435 2098 3491 fabu-

517 3526 737 3591 lentur;
770 3541 892 3579 cum
921 3526 1165 3578 eamdem
1196 3533 1374 3578 tamen
1409 3524 1513 3581 Isin
1542 3526 1656 3590 alii,
1690 3527 1783 3580 alii
1815 3528 2094 3591 Cererem,

518 3614 1002 3685 TltesmopllOl‘Oll,
1036 3616 1138 3670 hoc
1183 3627 1268 3671 est
1311 3618 1586 3687 legiferam
1613 3659 1627 3683 ,
1673 3619 1765 3673 alii
1797 3661 1812 3686 ,
1849 3622 2095 3675 nonnulli

518 3708 766 3773 Lunam,
795 3710 888 3763 alii
918 3711 1153 3778 denique
1180 3708 1449 3764 Junonem
1480 3726 1601 3765 esse
1633 3713 1943 3781 opinentur.
1972 3713 2097 3768 Osi-

518 3803 604 3855 rin
629 3813 809 3857 autem
840 3819 870 3857 a
892 3805 1221 3873 quibusdam
1256 3804 1508 3875 Sarapin,
1538 3806 1812 3862 Bacchum
1841 3810 1911 3864 ab
1935 3811 2058 3866 aliis
2078 3853 2093 3879 ,

518 3910 550 3947 a
604 3895 880 3949 nonnullis
933 3893 1263 3960 Plutonem,
1312 3897 1381 3950 ab
1431 3898 1554 3952 aliis
1594 3900 1959 3969 Ammonem,
2012 3905 2096 3958 vel

518 3984 744 4050 Jovem,
769 3988 853 4041 vel
888 3985 1033 4040 Pana
1069 3989 1390 4044 existimari.
1428 3989 1549 4045 Jam
1581 3991 1650 4045 ab
1682 3990 1823 4048 Iside
1858 3995 2096 4051 remedia

519 4080 781 4150 pleraque
814 4081 1099 4151 ipsamque
1125 4082 1262 4137 adeo
1299 4084 1582 4139 medicinae
1615 4096 1785 4140 artem
1821 4086 2094 4144 inventam

517 4186 638 4226 esse
667 4172 919 4238 tradunt,
949 4190 1011 4227 ac
1042 4175 1204 4229 simul
1236 4176 1662 4233 immortalitatis
1693 4180 2048 4249 pharmaeum
2077 4199 2091 4247 ;

516 4264 677 4333 cujus
728 4264 815 4317 illa
850 4263 902 4317 vi
950 4263 1121 4320 Orum
1174 4267 1343 4321 lilium
1380 4284 1543 4337 quem
1593 4268 1847 4324 Titanum
1885 4272 2095 4327 insidiis

516 4364 849 4425 exceptum,
898 4372 961 4409 ac
1012 4366 1285 4412 mortuum
1325 4359 1377 4412 in
1424 4362 1582 4430 aquis
1631 4374 1947 4431 repertum,
1984 4380 2092 4418 non

2202 1878 2414 1945 ὓδατος,
2443 1882 2516 1953 μὴ
2555 1883 2713 1952 μόνον
2742 1874 3040 1952 ἀναστῆσαι
3064 1883 3259 1938 δοῦσαν
3288 1885 3384 1957 τὴν
3415 1887 3615 1959 ψυχὴν,
3642 1888 3781 1942 ἀλλά

2198 1975 2293 2027 καὶ
2316 1974 2412 2044 τῆς
2450 1974 2745 2039 ἀθανασίας
2775 1975 2998 2045 ποιῆσαι
3029 1976 3372 2046 μεταλαϐεῖν.
3405 1979 3507 2032 Τὸν
3528 1980 3585 2032 δὲ
3610 1975 3781 2050 Ὦρον

2201 2065 2428 2119 ὕστατον
2476 2067 2603 2120 ὄντα
2635 2067 2744 2121 τῶν
2794 2068 2953 2133 θεῶν,
2993 2068 3304 2139 βασιλεῦσαι
3337 2071 3433 2142 τῆς
3479 2071 3782 2139 Αἰγύπτου.

2199 2158 2757 2231 Μεθερμηνευόμενον
2791 2161 2847 2214 δέ
2898 2179 3061 2231 φασιν
3090 2162 3249 2215 αὐτὸν
3278 2159 3415 2217 εἶναι
3442 2163 3533 2217 τὸν
3586 2163 3785 2216 Ἀπόλ-

2198 2250 2363 2315 λωνα,
2402 2253 2499 2323 τήν
2524 2270 2581 2305 τε
2612 2253 2861 2325 ἰατρικὴν
2889 2254 2983 2306 καὶ
3010 2256 3275 2325 μαντικὴν
3312 2256 3415 2309 ὑπὸ
3443 2256 3542 2326 τῆς
3575 2256 3787 2328 μητρὸς

2202 2345 2396 2408 Ἴσιδος
2420 2346 2757 2417 διδαχθέντα,
2784 2346 2870 2399 διὰ
2902 2346 3009 2400 τῶν
3038 2348 3323 2419 χρησμῶν,
3354 2351 3447 2403 καὶ
3475 2349 3787 2421 θεραπειῶν

2198 2438 2527 2509 εὐεργετεῖν.
2572 2440 2955 2509 Συμφωνεῖται
3011 2439 3067 2492 δὲ
3122 2440 3274 2510 παρά
3319 2443 3431 2504 τοῖς
3482 2439 3786 2503 πλείστοις,

2198 2528 2279 2581 ὅτι
2315 2531 2427 2592 τοῖς
2470 2532 2597 2601 περὶ
2630 2530 2721 2583 τὸν
2764 2530 2862 2583 Δία
2905 2533 2998 2585 καὶ
3042 2533 3133 2586 τὸν
3172 2534 3386 2603 Ὄσιριν
3434 2530 3597 2595 θεοῖς,
3641 2530 3791 2584 κατά

2198 2623 2298 2695 τὴν
2338 2623 2532 2688 Ἴσιδος
2574 2624 2790 2695 ἠλικίαν
2818 2627 3201 2698 μεγαλόσωμοί
3234 2644 3376 2689 τινες
3408 2626 3662 2693 Γίγαντες
3687 2624 3791 2677 ἐπὶ

2198 2715 2257 2767 τὸ
2306 2715 2608 2786 τερατῶδες
2655 2717 3042 2788 κοσμούμενοι,
3099 2718 3333 2788 πόλεμον
3382 2720 3626 2791 ἤγειραν.
3675 2718 3796 2771 No-

2202 2804 2496 2876 μοθετῆσαι
2554 2807 2611 2860 δὲ
2677 2810 2799 2873 τοὺς
2857 2811 3187 2878 Αἰγυπτίους
3252 2813 3450 2879 γαμεῖν
3516 2810 3783 2879 ἀδελφὰς,

2198 2897 2285 2951 διὰ
2315 2899 2375 2951 τὸ
2405 2900 2502 2972 τὴν
2528 2895 2667 2953 Ἶσιν
2701 2899 2777 2971 τῷ
2824 2902 3050 2974 Ὀσίριδι
3083 2900 3295 2971 ἀδελφῷ
3335 2902 3451 2954 ὄντι
3486 2902 3654 2971 αὐτῆς
3682 2919 3797 2969 γα-

2201 2991 2460 3061 μηθῆναι.
2517 3012 2535 3043 ι
2592 2994 2701 3045 Καὶ
2740 2993 2912 3047 ταῦτα
2941 2996 3038 3065 μὲν
3067 2995 3194 3066 περὶ
3236 2993 3439 3048 τούτων
3485 2988 3791 3066 ἱστοροῦσι.

2198 3084 2333 3154 Περὶ
2364 3083 2418 3136 δὲ
2444 3084 2549 3137 τῶν
2576 3084 2969 3157 ἀφιερωμένων
2998 3084 3150 3150 ζώων
3190 3085 3300 3156 (51)
3332 3086 3452 3139 κατ’
3486 3086 3796 3154 Αἴγυπτον,

2197 3176 2430 3239 τοιοῦτός
2479 3194 2563 3240 τις
2602 3179 2732 3248 παρ’
2778 3178 2965 3241 αὐτοῖς
3003 3178 3222 3249 κατέχει
3268 3178 3444 3245 λόγος.
3491 3179 3643 3243 Τινὲς
3682 3180 3797 3250 μέν

2197 3286 2328 3338 φασι
2362 3271 2486 3332 τοὺς
2517 3268 2576 3334 εξ
2598 3270 2772 3341 ἀρχῆς
2812 3272 3139 3342 γενομένους
3165 3273 3341 3336 θεοὺς,
3383 3273 3593 3342 ὀλίγους
3621 3273 3797 3337 ὄντας

2198 3360 2290 3410 καὶ
2324 3360 2783 3430 κατισχυομένους
2822 3362 2925 3413 ὑπὸ
2956 3362 3047 3415 τοῦ
3092 3363 3328 3435 πλήθους
3368 3364 3460 3417 καὶ
3526 3365 3622 3435 τῆς
3654 3366 3801 3417 ἀσε-

2198 3453 2349 3518 ϐείας
2374 3454 2480 3507 τῶν
2498 3455 2744 3525 γηγενῶν
2771 3455 3099 3527 ἀνθρώπων,
3121 3457 3454 3527 ὁμοιωθῆναί
3485 3474 3623 3510 τισιν
3652 3458 3799 3511 ἀλό-

2196 3565 2313 3616 γοις
2346 3546 2524 3612 ζώοις,
2561 3550 2653 3600 καὶ
2681 3548 2853 3612 οὕτως
2879 3549 3181 3619 διαφυγεῖν*
3223 3548 3411 3602 ἔπειτα
3456 3549 3613 3621 χάριν
3644 3552 3800 3603 ἀπο-

2196 3639 2434 3703 διδόντας
2459 3640 2557 3711 τῆς
2586 3640 2876 3712 σωτηρίας,
2908 3641 3213 3713 ἀφιερῶσαι
3238 3640 3335 3703 τὰς
3374 3642 3563 3710 φύσεις
3603 3642 3802 3694 αὐτῶν

2196 3732 2303 3785 τῶν
2334 3732 2507 3797 ζώων,
2540 3728 2620 3797 οἷς
2649 3732 3101 3805 ἀφωμοιώθησαν.
3150 3736 3212 3787 Οἱ
3252 3734 3309 3787 δέ
3348 3752 3528 3802 φασιν,
3566 3734 3625 3786 ὲν
3663 3738 3802 3797 ταῖς

2198 3824 2335 3896 πρὸς
2379 3826 2503 3889 τοὺς
2551 3826 2840 3896 πολεμίους
2898 3826 3213 3895 συμϐολαῖς,
3268 3828 3802 3891 κατασκευάσαντας

2197 3918 2410 3981 εἰκόνας
2437 3918 2543 3971 τῶν
2576 3917 2749 3981 ζώων,
2774 3917 2809 3970 ἃ
2839 3918 2933 3971 νῦν
2966 3918 3185 3988 τιμῶσι,
3221 3922 3405 3989 φορεῖν
3427 3918 3627 3979 ταύτας
3654 3918 3802 3981 τοὺς

2197 4010 2468 4081 ἡγεμόνας
2496 4011 2589 4065 ἐπὶ
2624 4010 2725 4080 τῆς
2766 4012 3029 4082 κεφαλῆς,
3060 4012 3153 4065 καί
3184 4010 3342 4064 τοῦτο
3374 4009 3656 4082 γνώρισμα
3682 4012 3801 4082 τῆς

2196 4100 2372 4171 ἀρχῆς
2406 4099 2570 4170 ἔχειν⁸
2598 4099 2656 4152 ὲν
2692 4101 2748 4154 δὲ
2776 4104 2898 4164 ταῖς
2924 4100 3067 4154 κατά
3094 4100 3201 4153 τῶν
3244 4100 3453 4171 ἐχθρῶν
3483 4099 3676 4163 νίκαις,
3708 4100 3801 4163 ὡς

2197 4192 2262 4246 ἂν
2311 4192 2459 4247 αἴτια
2498 4191 2566 4245 τὰ
2606 4191 2722 4257 ζῶα
2752 4194 3041 4263 γενόμενα,
3072 4188 3147 4247 ὧν
3181 4194 3279 4257 τὰς
3322 4194 3535 4256 εἰκόνας
3568 4194 3798 4264 ἐφερον,

2194 4282 2525 4336 ἀποθεῶσαι.
2574 4284 2787 4355 Ἕτεροι
2834 4284 2892 4338 δὲ
2928 4285 3118 4356 τρίτην
3168 4286 3347 4339 αἰτίαν
3400 4287 3640 4355 φέρουσι,
3683 4285 3804 4355 τῆς

2196 4376 2381 4448 χρείας
2442 4376 2600 4429 ἕνεκα
2657 4375 2763 4429 τῶν
2838 4376 2992 4442 ζώων
3060 4378 3361 4447 φάσκοντες
3437 4376 3574 4431 αύτά
3633 4393 3801 4439 τετι-

519 4455 731 4502 tantum
765 4448 816 4501 in
848 4448 1023 4503 lucem
1055 4452 1265 4505 reddito
1291 4454 1474 4506 animo
1500 4456 1787 4519 revocarit,
1815 4457 1908 4509 sed
1928 4458 2089 4511 etiam

2204 4468 2426 4538 μῆσθαι.
2464 4467 2573 4538 Τὴν
2626 4468 2722 4540 μὲν
2771 4470 2881 4540 γὰρ
2929 4470 3148 4540 θήλειαν
3208 4470 3334 4541 βοῦν
3366 4509 3381 4533 ,
3435 4471 3636 4524 τίκτειν
3689 4470 3805 4523 καὶ

519 4539 929 4595 immortalitate
960 4542 1194 4596 danai-it.
1224 4541 1397 4597 Porro
1429 4546 1574 4599 hunc
1607 4547 1798 4610 Orum,
1839 4549 1932 4617 qui
1963 4550 2085 4603 deo-

519 4647 640 4686 rum
676 4632 1005 4688 novissimus
1030 4643 1147 4696 cst,
1185 4636 1238 4688 in
1270 4634 1502 4707 Egypto
1536 4654 1791 4707 regnasse
1815 4679 1829 4704 ,
1862 4640 2088 4712 ejusque

520 4740 739 4789 nomen,
779 4726 1124 4795 interpretari
1156 4729 1201 4782 si
1235 4729 1384 4793 velis,
1414 4732 1716 4799 Apollinem
1752 4734 2087 4803 signiﬁcare;

519 4817 611 4885 qui
647 4821 788 4887 quol
821 4821 891 4872 ab
922 4819 1058 4873 Iside
1104 4833 1325 4889 parente
1370 4822 1619 4876 medendi
1667 4840 1731 4878 ac
1761 4826 2089 4881 vaticinandi

519 4917 690 4963 artem
738 4912 1037 4973 didicisset,
1080 4912 1307 4968 edendis
1356 4916 1595 4971 oraculis
1637 4920 1953 4990 morbisque
2000 4938 2089 4976 sa-

520 5005 718 5059 nandis
765 5008 970 5075 optime
1009 5007 1076 5060 de
1106 5008 1389 5061 hominum
1433 5024 1629 5078 genere
1671 5024 1963 5068 mereatur.
2000 5013 2094 5070 Est

517 5106 699 5152 autem
740 5098 853 5153 haec
878 5099 1186 5154 communis
1213 5101 1573 5169 plurimorum
1604 5105 1936 5159 existimatio
1957 5146 1973 5171 ,
2000 5106 2092 5163 Gi-

518 5196 713 5258 gantas
747 5189 1013 5257 quosdam
1047 5190 1272 5243 immani
1317 5200 1578 5262 vastaque
1618 5193 1761 5248 mole
1801 5196 2048 5263 corporis
2073 5235 2088 5262 ,

519 5293 586 5334 ac
622 5280 933 5351 prodigiose
970 5284 1206 5352 quodam
1236 5284 1537 5341 instructos
1568 5299 1827 5356 apparatu
1849 5328 1865 5355 ,
1898 5286 2087 5343 Jovem

520 5370 836 5442 Osis-imque
881 5374 1034 5439 deos,
1080 5377 1240 5432 Isidis
1288 5379 1625 5449 temporibus
1687 5380 1828 5435 bello
1872 5381 2090 5437 lacessi-

519 5462 689 5521 visse.
716 5464 794 5519 Ει
822 5479 889 5519 eo
928 5465 1162 5538 denique
1200 5469 1371 5541 legem
1414 5471 1561 5525 illam
1607 5470 1985 5544 Egyptiorum
2020 5475 2087 5529 de

519 5556 871 5612 matrimonio
899 5572 1023 5613 cum
1047 5562 1328 5619 sororibus
1358 5564 1596 5620 ineundo
1622 5563 1849 5621 ﬂuxisse
1875 5565 2083 5635 volunt,

2199 4559 2383 4631 ἀροῦν.
2445 4561 2527 4613 Τὰ
2574 4561 2631 4614 δὲ
2699 4563 2947 4635 πρόὸατα
2998 4563 3202 4616 τίκτειν
3262 4564 3357 4617 καὶ
3395 4563 3601 4634 σκέπην
3641 4578 3805 4632 παρ-

2194 4652 2358 4725 έχειν,
2396 4656 2490 4708 καὶ
2518 4656 2616 4726 τὴν
2662 4656 2749 4710 διὰ
2776 4657 2869 4711 τοῦ
2902 4657 3173 4725 γάλακτος
3214 4658 3306 4711 καὶ
3333 4657 3428 4711 τοῦ
3463 4656 3624 4728 τυροῦ
3657 4674 3806 4729 τροο

2198 4746 2324 4814 φήν.
2361 4746 2462 4799 Τὸν
2511 4747 2567 4799 δὲ
2608 4747 2744 4801 κύνα
2790 4749 3138 4820 συνθηρεύειν
3168 4749 3494 4821 ἀνθρώποις,
3542 4748 3633 4802 καὶ
3680 4766 3806 4817 φυ-

2197 4834 2449 4889 λακτικὸν
2480 4833 2639 4891 εἶναι.
2670 4840 2869 4911 Διόπερ
2899 4841 2989 4893 τὸν
3014 4840 3136 4894 θεὸν
3174 4841 3264 4894 τὸν
3294 4844 3424 4912 παρ’
3462 4842 3645 4904 αὐτοῖς
3684 4858 3805 4894 κα·-

2194 4927 2455 4999 λούμενον
2493 4931 2764 4994 Ἄνουϐιν,
2810 4932 2968 4997 κυνὸς
3015 4934 3155 5005 ἔχειν
3194 4934 3451 5005 κεφαλήν·
3496 4931 3803 5003 ἐμφαίνον-

2195 5036 2307 5084 τες,
2340 5021 2426 5074 ὅτι
2464 5023 2864 5093 σωματοφύλαξ
2904 5021 2972 5097 ἧν
3002 5026 3109 5079 τῶν
3142 5027 3269 5097 περὶ
3295 5026 3387 5079 τὸν
3427 5026 3639 5097 Ὄσιριν
3687 5026 3802 5078 καὶ

2190 5110 2291 5183 τὴν
2341 5108 2502 5167 Ἶσιν.
2556 5116 2726 5169 Ἔνιοι
2776 5116 2833 5171 δέ
2881 5134 3033 5186 φασι,
3071 5118 3170 5189 τῆς
3202 5117 3396 5181 Ἴσιδος
3439 5116 3801 5188 προηγουμέ-

2190 5220 2289 5273 νης
2319 5206 2444 5269 τοὺς
2479 5206 2665 5273 κύνας,
2696 5209 2819 5263 καθ’
2852 5210 2911 5262 ὃν
2958 5211 3149 5281 καιρὸν
3194 5210 3373 5282 ἐζήτει
3409 5210 3501 5264 τὸν
3543 5211 3797 5281 Ὄσιριν,

2193 5297 2263 5351 τά
2293 5297 2550 5370 τεθηρία
2592 5302 2686 5355 καὶ
2727 5304 2854 5366 τοὺς
2901 5302 3261 5368 ἀπαντῶντας
3317 5302 3622 5374 ἀπείργειν.
3671 5301 3798 5354 Καὶ

2193 5387 2284 5440 τὸν
2318 5390 2416 5460 μὲν
2445 5390 2697 5463 αἴλουρον
2730 5394 2867 5466 πρὸς
2901 5395 2998 5459 τὰς
3045 5395 3278 5456 ἀσπίδας
3321 5394 3539 5449 εὔθετον
3593 5392 3791 5465 ὑπάρ-

2194 5498 2309 5551 χειν
2339 5484 2434 5535 καὶ
2483 5485 2552 5538 τὰ
2581 5486 2717 5541 ἄλλα
2746 5486 2949 5542 δακετὰ
2981 5489 3090 5542 τῶν
3120 5490 3381 5560 ἑρπετῶν,
3408 5490 3500 5543 τὸν
3524 5488 3581 5543 δὲ
3604 5484 3797 5559 ἰχνεύ-

2196 5590 2352 5643 μονα,
2382 5578 2451 5629 τὰ
2493 5577 2603 5632 τῶν
2647 5579 3004 5651 κροκοδείλων
3032 5582 3115 5636 ὼά
3158 5582 3484 5653 συντρίϐειν,
3534 5582 3788 5654 ἀναιρεῖν

589 5672 1182 5797 ς511)ηᾺ1φέερρ›ἒιέἔ-ων
1227 5676 1398 5740 ζώων.
1446 5679 1737 5751 Sequenti:
1794 5683 1860 5741 de
1912 5684 2092 5739 anima

2197 5704 2275 5744 am
2326 5694 2466 5762 apud
2527 5693 2817 5768 [Egyptios
2860 5698 3290 5761 consecratione,
3330 5698 3593 5755 Diodorus
3656 5698 3785 5753 Iuse

518 5743 595 5799 lib
648 5743 690 5807 ι,
719 5760 769 5815 p.
810 5743 875 5798 Ἰι
907 5751 958 5799 et
987 5743 1098 5817 seq.
