3948 6376
206 314 280 371 lOl
1291 301 1607 360 PBEPAR.
1651 300 1912 360 EVANG.
1956 302 2083 359 LIB.
2127 303 2190 360 ll.

3295 314 3400 370 102

200 452 246 492 τε
269 434 346 487 καὶ
374 431 480 492 τοὶς
515 427 884 496 κροκοδείλους
917 424 1071 497 πηλῷ
1100 425 1440 497 κυλιόμενον,
1463 425 1565 479 ,καὶ
1597 427 1685 478 ὲπι

1786 423 1926 496 ,49
1966 425 2112 493 quod
2142 423 2317 482 Osiris
2345 424 2552 496 primus
2577 426 2772 484 Isidem
2805 445 3046 485 sororem
3075 433 3129 486 in
3167 447 3393 491 uxorem

199 525 404 598 πηδῶντα
424 520 662 591 ηχῂνοσι
704 522 816 583 τοῖς
851 518 1101 590 στόμασι,
1147 519 1481 588 διαφαγόντα
1513 535 1572 572 τε
1611 519 1711 571 αὑ-

197 620 281 672 τῶν
312 616 368 668 τὰ
398 613 534 676 ἐντὸς
561 612 661 682 τῆς
720 610 928 675 κοιλίας
947 653 961 676 ,
998 612 1226 682 νεκροὺς
1273 610 1705 682 ἀπεργάζεσθαι.

194 711 285 765 Τῶν
322 707 368 760 δὲ
404 705 618 775 ὀρνέων,
662 702 760 775 τὴν
806 703 903 774 μὲν
954 703 1062 756 ἶϐιν
1109 704 1390 776 χρησίμην
1443 703 1710 774 ὑπάρχειν

191 802 293 873 πρὸς
309 815 358 851 τε
379 798 492 860 τοὺς
520 796 671 865 ὄφεις
695 796 790 850 καὶ
816 795 914 860 τὰς
945 795 1172 866 ἀκρίδας
1196 798 1289 850 καὶ
1319 797 1418 861 τὰς
1457 797 1706 868 κάμπας’

187 893 318 951 τὸνδὲ
367 891 567 962 ἱέρακα,
609 890 751 961 πρὸς
788 889 916 953 τοὺς
960 889 1257 962 σκορπίους
1289 891 1382 943 καὶ
1409 890 1705 961 κεράστας,

185 989 251 1044 καὶ
275 987 331 1040 τὰ
360 983 518 1054 μικρά
545 984 657 1036 τῶν
687 984 928 1038 δακετῶν
961 983 1186 1056 θηρίων,
1228 984 1321 1037 καὶ
1351 983 1438 1036 διὰ
1470 983 1531 1037 τὸ
1567 1001 1710 1055 συμ-

185 1075 416 1137 eamea:
445 1079 562 1139 ταῖς
597 1077 906 1147 μαντείαιςο
939 1075 1028 1130 τὸν
1053 1077 1098 1130 δ’
1129 1075 1414 1135 ἀετὸν,δώ
1451 1075 1512 1129 τδ
1553 1077 1708 1147 βασι-

183 1170 291 1222 λικὸν
313 1163 454 1220 εἶναι’
484 1167 575 1218 τὸν
603 1166 661 1220 δὲ
690 1168 892 1238 τράγον
926 1168 1088 1235 φασιν
1123 1165 1547 1230 ἀποτεθεῶσθαι,
1607 1181 1706 1220 κα-

181 1263 314 1331 θάπερ
340 1258 421 1312 καὶ
445 1260 557 1320 τοῖς
592 1258 821 1328 Ἕλλησι
851 1258 940 1311 τὸν
988 1258 1256 1329 Πρίαπον,
1288 1257 1376 1311 διὰ
1423 1257 1484 1311 τὸ
1515 1275 1708 1330 γεννη-

177 1355 287 1406 ττκδν
313 1351 501 1420 μόριον·
539 1349 603 1402 τὸ
649 1351 748 1422 μὲν
781 1351 889 1422 γὰρ
920 1349 1057 1414 ζῶον
1093 1345 1230 1402 εἶναι
1261 1349 1419 1402 τοῦτο
1454 1367 1704 1419 κατωφε-

177 1445 376 1516 ρέστατον
408 1441 540 1512 πρὸς
567 1441 676 1505 τάς
727 1441 1032 1505 συνουσίας,
1059 1440 1120 1494 τὸ
1151 1441 1209 1494 δὲ
1256 1443 1441 1514 μόριον
1468 1442 1560 1496 τοῦ
1593 1442 1702 1496 σώ-

177 1551 321 1604 ματος,
350 1533 404 1585 τὸ
429 1533 524 1603 τῆς
555 1534 829 1600 γενέσεως
858 1534 1050 1596 αἴτιον,
1083 1535 1345 1604 τιμᾶσθαι
1393 1536 1702 1607 προσηκόν-

171 1642 263 1687 τως,
292 1624 356 1686 ὡς
383 1623 442 1676 ἂν
480 1626 729 1695 ἀρχηγὸν
758 1625 816 1679 ὃν
847 1625 948 1695 τῆς
984 1626 1090 1679 τῶν
1122 1625 1277 1690 ζώων
1311 1627 1545 1696 φύσεως.
1587 1630 1704 1684 Κα-

170 1718 348 1774 Uita-38%
380 1716 434 1768 τὸ
461 1718 689 1780 αίξοῖον,
731 1718 791 1770 ού
823 1718 938 1771 κατ’
979 1719 1309 1788 Αἰγυπτίους
1350 1722 1528 1791 μόνον,
1563 1724 1698 1777 ἀλλά

168 1809 345 1864 καὶτῶν
373 1809 540 1862 ἄλλων
573 1810 679 1863 οὐκ
719 1809 1370 1884 ὀλίγους,καθιερωκέναι
1407 1815 1548 1868 κατά
1593 1814 1694 1879 τάς

165 1903 352 1965 τελετὰς,
381 1900 452 1964 ὡς
479 1900 657 1954 αἴτιον
687 1902 786 1971 τῆς
819 1902 928 1955 τῶν
960 1901 1114 1967 ζώων
1139 1904 1422 1972 γενέσεως.
1465 1905 1602 1971 Τούς
1630 1923 1692 1960 τε

168 1997 291 2066 lapsi;
326 1995 441 2057 τοὺς
483 1994 903 2065 παραλαϐόντας
944 1996 1042 2060 τὰς
1071 1997 1343 2068 πατρικὰς
1395 2000 1693 2070 ἱερωσύνας

166 2088 253 2141 κατ’
271 2084 541 2153 Αἴγυπτον,
565 2086 742 2157 τούτῳ
770 2085 846 2158 τῷ
872 2086 978 2158 θεῷ
1014 2087 1286 2158 μυεῖσθαισ
1318 2088 1556 2153 καὶτοὺς
1580 2091 1693 2145 Πᾶ-

163 2194 232 2239 νας
261 2177 326 2239 δὲ,
360 2177 448 2229 καὶ
498 2178 633 2240 τοὺς
679 2177 953 2248 Σατύρους
996 2179 1158 2247 φασὶν
1195 2178 1358 2231 ἕνεκα
1388 2178 1487 2250 τῆς
1521 2180 1691 2251 αὐτῆς

161 2268 294 2331 αίτίας
318 2267 571 2338 τιμᾶσθαι
619 2268 768 2341 παρά
813 2267 1139 2341 ἀνθρώποις.
1172 2269 1262 2323 Διὸ
1291 2270 1384 2324 καὶ
1420 2271 1520 2335 τὰς
1546 2272 1690 2325 είκό-

160 2379 231 2424 νας
263 2360 419 2415 αὐτῶν
444 2362 762 2416 ἀνατιθέναι
803 2362 926 2424 τοὺς
955 2361 1237 2426 πλείστους
1273 2364 1331 2416 ὲν
1370 2365 1482 2428 τοῖς
1526 2365 1689 2437 ἱεροῖς

159 2453 462 2523 ἐντεταμένας
485 2496 501 2518 ,
548 2456 648 2508 καὶ
690 2457 754 2524 τῇ
792 2454 885 2507 τοῦ
927 2454 1128 2526 τράγου
1185 2455 1344 2524 φύσει
1401 2456 1691 2530 παραπλη-

159 2546 267 2608 σίως·
291 2545 344 2598 τὸ
368 2547 472 2616 γὰρ
495 2546 640 2610 ζιῖων
669 2546 828 2600 τοῦτο
858 2545 1244 2619 παραδίδοσθαι
1274 2547 1410 2617 πρὸς
1435 2547 1537 2612 τὰς
1567 2565 1690 2604 συν-

155 2639 296 2702 αιτίας
323 2639 586 2711 ὑπάρχειν
633 2641 1003 2713 ἐνεργότατον.
1043 2641 1180 2705 Τοὺς
1217 2641 1274 2694 δὲ
1297 2642 1530 2714 ταύρους
1561 2644 1687 2708 τοὺς

157 2737 406 2808 ίεροὺς,τὸν
428 2734 599 2790 Ἀπιν
618 2738 712 2791 καὶ
743 2738 832 2792 τὸν
865 2739 1070 2793 Μνεῦιν
1097 2739 1359 2810 τιμᾶσθαι
1393 2740 1686 2810 παραπληο

155 2829 249 2891 σίως
274 2831 370 2892 τοῖς
390 2827 554 2892 θεοῖς,
598 2830 711 2900 ἅμα
746 2831 844 2901 μὲν
873 2830 959 2885 διὰ
1007 2831 1106 2903 τὴν
1150 2833 1444 2905 γεωργίαν,
1471 2831 1585 2903 ἅμα
1629 2831 1687 2885 δὲ

154 2920 218 2973 καὶ
247 2919 320 2973 διὰ
359 2920 417 2974 τὸ
461 2920 567 2992 τὴν
619 2921 835 2994 εὕρεσιν
878 2924 986 2976 τῶν
1017 2923 1245 2994 καρπῶν
1285 2923 1466 2985 αὐτοῖς
1499 2923 1684 2975 ἀνατι-

153 3009 276 3064 θέναι.
302 3011 430 3076 Τοὺς
468 3013 527 3066 δὲ
577 3013 773 3078 λύκους
816 3013 1099 3085 τιμᾶσθαι,
1140 3014 1226 3067 διὰ
1259 3014 1358 3086 τὴν
1387 3012 1522 3086 πρὸς
1557 3015 1683 3077 τοὺς

1814 519 2135 588 accepisset.
2175 538 2196 572 ι
2227 519 2404 590 Atque
2449 520 2759 588 hujnsmodi
2793 532 2940 588 sunt,
2970 539 3091 594 qua:
3119 523 3187 580 de
3216 524 3390 580 homi-

1814 607 1977 662 nibus
2025 608 2080 662 in
2135 609 2270 665 deos
2319 612 2654 666 consecratis
2710 609 3090 683 Egyptiorum
3153 615 3393 672 historia

1811 699 2190 767 prodiderunt.
2221 699 2340 755 Jam
2384 717 2513 756 vero
2543 702 2609 756 de
2638 702 2955 758 animalium
2983 709 3393 772 consecratione

1811 790 1928 844 haec
1962 791 2031 846 ab
2074 791 2266 846 iisdem
2317 792 2429 847 fere
2466 792 2606 847 tradi
2654 795 2851 850 solent.
2895 797 3230 863 Quibusdam
3264 816 3390 856 sane

1809 879 2004 948 placet,
2029 881 2120 950 qui
2147 882 2214 935 ab
2243 882 2401 936 initio
2421 882 2494 935 dii
2529 881 2751 961 fuerint,
2785 900 2909 939 cum
2935 886 3006 940 ob
3038 890 3392 961 paucitatem,

1808 971 2092 1026 hominum
2141 981 2485 1029 terrenorum
2537 957 2734 1044 partim
2793 979 3144 1037 multitudine
3194 985 3391 1052 partim

1807 1063 2084 1133 impietate
2123 1067 2598 1137 opprimerentur,
2653 1085 2750 1126 eos
2802 1072 3121 1128 animalium
3177 1078 3390 1136 ratione

1805 1158 2106 1211 carentium
2141 1157 2317 1212 forma
2363 1168 2535 1216 tectos
2575 1162 2876 1231 periculum
2920 1166 3244 1233 declinasse,
3291 1186 3385 1226 eo-

1805 1263 2038 1318 rumque
2091 1260 2337 1313 naturas,
2395 1267 2628 1322 quorum
2688 1256 2920 1310 mutuati
2979 1258 3392 1318 similitudinem

1803 1341 2041 1408 fuerant,
2088 1353 2144 1397 ut
2179 1344 2416 1412 aliquam
2455 1345 2526 1400 oh
2556 1358 2792 1417 acceptae
2837 1351 3030 1406 salutis
3065 1353 3391 1412 benelicium

1801 1438 2032 1506 gratiam
2080 1436 2365 1500 referrent,
2414 1455 2783 1497 consecrasse.
2830 1445 2933 1498 Alii
2975 1461 3104 1501 vero
3153 1447 3232 1504 sic
3272 1449 3395 1504 exi-

1802 1528 2050 1594 stimant,
2112 1531 2258 1598 quod
2313 1531 2366 1585 in
2425 1534 2817 1592 certaminibus
2860 1538 3148 1594 adversum
3203 1540 3391 1600 hostes

1802 1619 1972 1688 initis,
2017 1638 2206 1677 earum
2256 1624 2640 1690 animantium,
2684 1642 2823 1696 quas
2873 1629 2975 1698 ipsi
3038 1647 3184 1688 nunc
3226 1650 3391 1690 vene-

1801 1722 2013 1779 rantur,
2046 1725 2162 1768 arte
2188 1715 2498 1770 elaboratas
2541 1716 2828 1787 imagines,
2874 1722 3106 1777 summis
3159 1723 3213 1777 in
3247 1726 3390 1797 capi-

1730 1782 1770 1836 Β
1801 1801 1946 1856 tibus
1995 1803 2268 1859 exercitus
2314 1807 2482 1859 duces
2525 1821 2588 1860 ac
2642 1806 2938 1877 principes,
2980 1811 3060 1866 sic
3121 1782 3383 1884 tanquam

1799 1889 2010 1960 imperii
2035 1893 2431 1948 monimentum
2461 1896 2678 1966 aliquod
2707 1906 2759 1953 et
2799 1899 3034 1970 insigne,
3057 1912 3383 1971 gustassent,

1793 1983 1965 2052 partis
2010 1985 2359 2052 postmodum
2405 1986 2678 2056 victoriis,
2715 1989 2837 2046 illas
2873 1991 2941 2046 ab
2977 1992 3191 2062 iisdem,
3220 2001 3381 2064 quasi

1793 2072 2076 2126 victoriam
2117 2074 2474 2144 peperissent,
2507 2077 2730 2132 deorum
2768 2078 2822 2133 in
2849 2095 3137 2137 numerum
3183 2084 3382 2142 relatas

1791 2161 1982 2218 fuisse.
2019 2163 2306 2221 Postremo
2346 2175 2496 2234 sunt,
2530 2169 2621 2238 qui
2656 2171 2874 2226 tertiam
2901 2173 3082 2229 cultus
3110 2175 3379 2244 ejusmodi

1790 2269 2013 2310 causam
2054 2257 2353 2326 proferant,
2403 2260 2694 2316 utilitatem
2745 2278 2890 2331 eam,
2942 2280 3108 2335 quam
3156 2282 3223 2322 ex
3272 2269 3379 2328 hoc

1791 2346 2154 2402 animantium
2219 2365 2416 2418 genere
2467 2354 2825 2422 perciperent.
2887 2355 3134 2427 Quippe,
3181 2342 3374 2417 bovem

1789 2439 1932 2494 enim
1957 2438 2217 2495 feminam
2249 2457 2357 2496 non
2389 2458 2581 2512 parere
2623 2446 2808 2510 modo,
2838 2446 2931 2502 sed
2971 2449 3136 2503 etiam
3182 2464 3376 2522 arare;

1789 2532 1859 2586 ab
1897 2532 2092 2587 ovibus
2118 2542 2298 2588 autem
2336 2534 2499 2601 fetus,
2532 2546 2730 2603 vestes,
2782 2539 2957 2607 lactis,
2994 2542 3249 2612 caseique
3277 2542 3379 2599 ali-

1789 2636 2031 2680 mentum
2061 2628 2430 2697 suppeditari‘;
2471 2645 2658 2684 canem
2703 2633 2825 2688 usui
2853 2648 2978 2688 cum
3017 2636 3083 2690 ad
3128 2638 3377 2694 venatio-

1790 2729 1940 2781 nem,
1965 2724 2079 2769 tum
2116 2716 2184 2770 ad
2228 2718 2532 2771 custodiam
2573 2720 2888 2777 hominibus
2920 2738 3077 2790 esse;
3105 2741 3271 2795 quam
3303 2729 3375 2784 ob

1788 2821 2031 2872 causam,
2063 2807 2224 2861 deum
2267 2809 2439 2872 illum,
2473 2825 2634 2878 quem
2667 2813 2904 2868 Anubim
2933 2818 3239 2884 nominant,
3277 2835 3374 2876 ca-

1788 2898 1918 2951 nino
1945 2914 2065 2953 esse
2097 2900 2292 2968 capite,
2349 2909 2405 2954 ut
2445 2917 2569 2955 eum
2615 2901 2846 2961 Osiridis
2898 2915 2952 2961 et
2992 2906 3149 2964 lsidis
3177 2921 3375 2981 praeto-

1787 2993 2000 3044 rianum
2045 2991 2216 3047 fuiSse
2269 2994 2497 3049 militem
2540 2997 2866 3067 significent,
2911 3016 3225 3072 quanquam
3260 3021 3371 3062 non

152 3105 274 3170 κύνας
297 3107 388 3177 τῆς
422 3106 646 3174 φύσεως
700 3081 1011 3178 ὁμοιότητα,
1056 3106 1152 3160 καὶ
1185 3081 1325 3159 ἐπεὶ-
1349 3107 1411 3158 τὸ
1431 3081 1679 3159 ’παλαιόν

1786 3081 2003 3149 desunt,
2036 3083 2125 3154 qni
2158 3085 2344 3150 velint,
2371 3085 2562 3142 Isidem
2591 3104 2701 3158 quo
2724 3099 2967 3160 tempore
2990 3092 3176 3152 Osirin
3223 3114 3373 3169 quaa-

149 3213 260 3267 ταπ,
291 3198 379 3268 τῆς
413 3199 616 3262 Ἴσιδος
662 3197 798 3268 μετὰ
835 3197 930 3250 τοῦ
961 3197 1149 3260 παιδος
1181 3198 1345 3269 Ὤρου
1386 3196 1684 3268 μελλούσης

144 3287 499 3356 διαγωνίζεσθαι
564 3289 698 3360 πρὸς
746 3288 997 3358 Τυφῶνα,
1051 3287 1452 3359 παραγενέσθαι
1493 3285 1685 3358 βοηθὸν

144 3380 186 3446 ἐξ
211 3380 313 3450 ᾅδου
340 3380 425 3432 τὸν
460 3381 683 3451 Ὄσιριν
716 3380 793 3450 τῷ
833 3379 1006 3450 τέκνῳ
1037 3381 1131 3432 καὶ
1158 3382 1223 3450 τῇ
1256 3380 1495 3448 γυναικὶ.
1529 3378 1679 3450 λύκῳ

143 3471 339 3542 srvis}:th
370 3471 731 3542 ὁμοιωθέντα.
787 3473 1003 3542 Ἕτεροι
1029 3471 1083 3523 δὲ
1125 3470 1377 3538 λέγουσιν
1417 3469 1682 3534 Αἰθίοπας

145 3558 530 3629 στρατεύσαντας
562 3562 652 3614 ἐπὶ
691 3561 790 3634 τὴν
833 3561 1127 3630 Αἴγυπτον,
1169 3561 1276 3615 ὑπὸ
1319 3559 1556 3632 πλήθους
1587 3559 1682 3613 λύ-

142 3667 221 3703 κων
250 3651 553 3724 διωχθῆναι·
595 3654 676 3707 διὸ
723 3653 820 3708 καὶ
861 3653 1231 3725 Λυκοπολίτην
1275 3651 1539 3723 κληθῆναι
1580 3653 1681 3724 τὴν

142 3741 296 3812 χώραν.
325 3745 426 3797 Τὸν
454 3745 516 3799 δὲ
549 3745 885 3818 κροκόδειλον
916 3744 1169 3799 σέϐεσθαί
1215 3761 1368 3814 φασι,
1399 3743 1488 3797 διὰ
1514 3743 1574 3798 τὸ
1605 3745 1678 3816 μὴ

139 3835 292 3905 τολμᾷν
317 3836 668 3908 διανήχεσθαι
699 3835 790 3891 τὸν
832 3838 1023 3891 Νεῖλον
1063 3839 1188 3901 τοὺς
1224 3837 1332 3891 ἀπὸ
1373 3837 1470 3908 τῆς
1521 3838 1682 3908 Ἀρα-

141 3924 227 3989 5h;
261 3931 345 3982 καὶ
387 3929 600 4000 Λιϐύης
653 3929 876 4002 λῃστὰς,
933 3930 1043 3983 τῶν
1094 3929 1450 4002 κροκοδείλων
1494 3928 1675 3999 χάριν.

139 4017 234 4070 Φασὶ
256 4019 307 4072 δέ
340 4037 464 4073 τινα
514 4020 619 4073 τῶν
667 4021 797 4093 παρ’
838 4022 1019 4084 αὐτοῖς
1054 4020 1318 4090 βασιλέων
1347 4020 1679 4088 διωκόμενον

233 4111 325 4162 τῶν
363 4111 514 4164 ἰδίων
558 4112 755 4177 κυνῶν,
806 4115 1138 4181 καταφυγεῖν
1190 4115 1269 4176 είς
1313 4113 1412 4184 τὴν
1460 4111 1674 4184 λίμνην,

141 4199 283 4252 ἔπειτα
311 4203 414 4255 ὑπὸ
438 4203 783 4273 κροκοδείλου
814 4203 1191 4275 ἀναληφθέντα
1224 4203 1562 4272 παραδόξως,
1596 4205 1676 4266 είς

140 4287 179 4340 τὸ
203 4289 352 4360 πέραν
376 4292 768 4362 ἀπενεχθῆναι.
807 4293 993 4356 Αἱτίας
1020 4293 1078 4346 δὲ
1109 4293 1202 4347 καὶ
1235 4291 1399 4356 ἄλλας
1431 4293 1564 4363 φασί
1602 4308 1678 4346 τι·

139 4384 300 4452 νεςτῆς
331 4386 440 4438 τῶν
485 4386 696 4454 ἀλόγων
727 4383 879 4450 ζώων
912 4385 1096 4456 τιμῆς.
1147 4384 1252 4437 Τοῦ
1286 4385 1396 4454 γὰρ
1436 4382 1676 4456 πλήθους

1785 3183 1949 3239 reret,
1980 3185 2283 3244 praeeuntes
2311 3191 2498 3232 secum
2545 3180 2768 3235 duxisse
2803 3197 2986 3250 canes,
3013 3188 3104 3255 qui
3139 3186 3284 3244 feras
3317 3199 3373 3246 et

1783 3266 2005 3322 obvium
2051 3283 2325 3338 quemque
2360 3268 2787 3328 summoverent.
2828 3273 3001 3331 Porro
3042 3277 3201 3334 felcm
3238 3284 3366 3351 qui-

1781 3357 1903 3412 dem
1936 3360 2226 3415 adversum
2261 3361 2484 3430 aspidas
2511 3364 2857 3435 reliquosque
2907 3379 3212 3439 serpentes,
3268 3375 3366 3445 qui

1783 3465 1971 3504 morsu
2006 3467 2274 3506 venenum
2302 3452 2613 3518 infundunt,
2641 3456 2922 3524 perutilem
2945 3473 3096 3514 esse:
3135 3462 3366 3518 ichneu-

1781 3557 1998 3597 monem
2029 3553 2212 3598 autem
2241 3559 2349 3598 non
2393 3546 2556 3599 modo
2592 3549 2994 3604 crocodilorum
3033 3567 3132 3607 ova
3181 3563 3369 3609 conte-

1781 3649 1918 3700 rere,
1948 3635 2043 3690 sed
2085 3635 2250 3690 etiam
2289 3637 2593 3692 crocodilos
2624 3638 2775 3707 ipsos
2810 3641 3176 3712 exstinguere,
3217 3648 3364 3715 quod

1781 3726 1835 3780 in
1872 3742 2032 3782 caeno
2056 3738 2182 3783 ante
2212 3729 2510 3794 volutatus,
2557 3729 2829 3786 inhiantia
2860 3734 3102 3802 ipsorum
3151 3751 3245 3790 ora
3277 3738 3363 3792 in-

1780 3818 1943 3883 siliat,
1976 3835 2206 3890 quinque
2252 3830 2440 3876 ventre
2482 3822 2832 3878 continentur
2871 3825 3124 3882 intestina
3177 3843 3364 3885 corro-

1779 3913 1889 3968 dat.
1924 3912 2003 3966 Ex
2038 3914 2231 3970 avibus
2265 3917 2452 3982 etiam,
2505 3917 2799 3986 plurimum
2854 3917 2965 3972 ibin
3015 3931 3206 3976 contra
3241 3939 3361 3979 ser-

1777 4013 1990 4074 pentes,
2025 4005 2262 4060 locustas
2287 4015 2340 4060 et
2361 4021 2555 4062 erucas
2590 4008 2712 4076 opis
2751 4009 3047 4078 auxiliique
3075 4011 3358 4081 conferre;

1777 4110 1878 4149 nec
1907 4096 2088 4150 minus
2130 4096 2442 4165 accipitrem
2475 4105 2664 4152 contra
2690 4099 3006 4168 scorpiones
3029 4115 3096 4155 ac
3120 4112 3364 4175 cerastas

1777 4188 2162 4258 minorumque
2196 4188 2492 4243 bestiarum
2519 4189 2734 4260 vulgus,
2764 4206 2887 4260 quae
2927 4207 3112 4246 morsu
3151 4203 3358 4263 pestem

1774 4289 1829 4337 ot
1857 4281 2132 4335 interitum
2166 4281 2420 4346 afferunt,
2452 4297 2576 4337 cum
2615 4283 2789 4338 eidem
2820 4292 3078 4353 praeterea
3125 4288 3360 4342 multum

1777 4374 1830 4428 in
1866 4375 2112 4441 auguriis
2153 4375 2692 4446 divinationibusque
2739 4377 3046 4443 tribuatur;
3117 4379 3357 4448 aquilam

138 4473 178 4524 ei
201 4475 403 4530 παλαιὸν
433 4477 807 4548 ἀφισταμένου
837 4476 946 4529 τῶν
982 4476 1267 4547 βασιλέων,
1300 4476 1394 4530 καὶ
1431 4492 1674 4546 συμφρο-

1786 4465 2030 4534 denique,
2057 4465 2202 4535 quod
2229 4466 2432 4535 regium
2481 4466 2684 4536 aliquid
2718 4482 2828 4537 prae
2851 4483 2911 4523 se
2937 4466 3097 4533 ferat,
3125 4483 3358 4524 venera-

139 4567 304 4633 νοῦἐτος
325 4572 403 4633 είς
446 4570 510 4624 τὸ
543 4569 739 4641 μηκέτι
782 4568 1178 4640 βασιλεύεσθαι,
1224 4569 1504 4638 ἐπινοῆσαί
1550 4585 1671 4622 τινα

138 4655 315 4730 διάφορα
362 4660 685 4729 σεὸάσματα
726 4659 906 4722 αὐτοῖς
949 4657 1058 4711 τῶν
1113 4655 1266 4722 ζώων
1333 4655 1668 4726 παρασχεῖν,

138 4748 243 4814 ὅπως
282 4754 526 4808 ἑκάστων
564 4752 622 4806 τὸ
663 4751 763 4824 μὲν
811 4752 938 4822 παρ’
992 4751 1180 4813 αὐτοῖς
1221 4748 1533 4820 τιμώμενον
1584 4765 1672 4802 σε·

138 4840 371 4911 εομένων,ε
398 4845 494 4898 τοῦ
529 4846 583 4898 δὲ
618 4845 767 4917 παρὰ
794 4847 903 4908 τοῖς
933 4844 1113 4907 ἄλλοις
1156 4842 1534 4914 ἁφιερωμένου
1567 4857 1669 4896 κα-

136 4938 516 5005 ταφρονούντων,
559 4938 825 5009 μηδέποτε
855 4937 1147 5006 ὁμονοῆσαι
1178 4934 1442 4988 δύνωνται
1469 4932 1670 4998 πάντες

137 5028 284 5080 ιίκατ⁸
317 5032 608 5100 Αἴγυπτον.
652 5031 819 5083 Ὅταν
848 5030 903 5082 δὲ
938 5027 1182 5098 ἀποθάνῃ
1229 5045 1280 5080 τι
1308 5025 1418 5078 τῶν
1446 5025 1670 5098 εἰρημέ-

138 5121 390 5187 ιιινζιὲκυν,
436 5125 630 5177 σινδόνι
659 5122 1016 5192 καλύψαντες,
1051 5121 1146 5175 καὶ
1190 5123 1309 5193 μετ’
1333 5121 1580 5192 οἰμωγῆς
1599 5120 1668 5174 τά

142 5211 266 5285 στήθη
289 5214 783 5285 καταπληξάμενοι,
822 5216 880 5266 ὲν
915 5214 1088 5285 ἱεραῖς
1121 5211 1316 5284 θήκαις
1349 5212 1664 5265 θάπτουσιν.

143 5301 210 5366 Ὃς
233 5305 270 5358 δ’
293 5307 353 5360 ἄν
383 5325 436 5359 τι
467 5306 669 5360 τούτων
709 5306 815 5359 τῶν
861 5304 1014 5369 ζώων
1048 5303 1187 5358 ἑκὼν
1218 5303 1528 5376 διαφθείρῃ,
1570 5303 1665 5356 θα-

141 5397 246 5467 Viti?
291 5402 636 5473 περιπίπτει,
684 5399 823 5472 πλὴν
869 5400 964 5453 ὲάν
1017 5398 1266 5468 αἴλουρον
1319 5397 1352 5468 ἢ
1412 5397 1510 5468 τὴν
1559 5395 1666 5449 ἶϐιν

143 5490 404 5568 ἀποκτείνῃ.
430 5495 612 5547 Ταῦτα
664 5494 773 5563 γὰρ
826 5494 919 5547 ἐάν
975 5486 1036 5544 τε
1086 5490 1248 5554 ἑκὼν,
1281 5490 1377 5544 ἐάν
1424 5506 1483 5542 τε
1517 5489 1665 5544 ἄκων

143 5581 382 5656 ἀποκτείνῃ
425 5603 525 5650 τις,
577 5587 794 5650 πάντως
849 5585 1064 5655 θανάτῳ
1123 5583 1466 5656 περιπίπτει.
1505 5581 1665 5634 Ἀλλὰ

147 5675 238 5740 μὴν,
265 5676 346 5727 καὶ
379 5677 493 5731 καθ’
525 5680 592 5748 ἦν
619 5679 797 5732 οἰκίαν
829 5677 1025 5748 εὑρεθῇ
1061 5675 1210 5729 κύων
1241 5672 1670 5746 τετελευτηκὼςν’

148 5759 356 5832 bima:
402 5772 591 5836 πάντες
624 5771 743 5826 ὅλον
778 5771 834 5824 τὸ
870 5770 1046 5842 σῶμα,
1096 5769 1190 5822 καὶ
1225 5766 1498 5822 ποιοῦνται
1535 5767 1660 5821 πέν-

1777 4557 1908 4610 tioni
1951 4573 2092 4612 esse.
2139 4555 2284 4620 Jam,
2335 4557 2547 4611 hircum
2595 4558 2774 4627 ipsum
2823 4574 3042 4629 quoque
3094 4571 3355 4628 tanquam

1771 4648 1930 4702 deum
1973 4650 2042 4702 ab
2094 4649 2204 4703 illis
2247 4649 2491 4704 habitum
2551 4647 2740 4712 fuisse,
2773 4651 3131 4706 nihilominus
3189 4667 3354 4722 quam

1769 4739 2025 4810 Priapum
2059 4757 2089 4796 a
2120 4740 2346 4804 Graecis,
2378 4741 2448 4795 ob
2471 4741 2775 4796 membrum
2817 4741 3063 4812 corporis
3093 4741 3160 4796 ad
3194 4757 3357 4811 geneo

1771 4835 2036 4889 rationem
2065 4844 2473 4906 comparatum;
2503 4835 2704 4906 quippe
2725 4835 2828 4889 hoc
2857 4835 3152 4888 animantis
3179 4849 3354 4903 genus

1771 4927 1823 4980 in
1848 4925 2107 4982 Venerem
2135 4941 2370 4997 pronum
2403 4927 2695 4982 admodum
2744 4942 2868 4982 esse
2910 4935 3076 4995 atque
3119 4939 3354 4994 propeno

1768 5035 1889 5074 sum
1921 5035 1937 5075 :
1969 5018 2076 5089 50
2104 5019 2250 5073 illam
2289 5032 2416 5074 vero
2443 5027 2652 5088 partem
2684 5015 2950 5086 corporis,
2991 5015 3077 5070 cui
3124 5015 3353 5069 debetur

1767 5111 2086 5180 generatio,
2145 5110 2293 5181 quod
2341 5110 2691 5180 potissimum
2757 5107 3079 5162 animalium
3140 5117 3350 5163 naturae

1767 5202 2101 5273 principium
2139 5203 2234 5267 sit,
2272 5217 2384 5256 non
2423 5202 2541 5255 sine
2574 5200 2785 5254 ratione
2815 5198 2942 5253 coli.
2981 5197 3047 5253 Et
3071 5212 3203 5253 sane
3222 5212 3350 5269 par—

1768 5305 1875 5349 tem
1919 5294 2105 5356 istam,
2158 5294 2205 5347 si
2254 5292 2309 5347 in
2349 5293 2665 5346 universum
2718 5289 2866 5359 loqui
2902 5288 3096 5358 placet,
3135 5305 3243 5344 non
3277 5291 3348 5346 ab

1766 5383 2038 5456 (Egyptiis
2076 5384 2260 5450 modo,
2295 5384 2391 5440 sed
2432 5383 2502 5438 ab
2527 5382 2650 5438 aliis
2688 5383 2851 5436 etiam
2878 5381 3150 5451 plerisque
3169 5396 3347 5452 gemi-

1764 5481 1879 5533 hus-
1906 5477 1962 5532 in
2004 5492 2291 5534 sacrorum
2325 5477 2514 5540 initiis,
2553 5484 2743 5545 utpote
2777 5490 3000 5531 causam
3038 5474 3345 5544 generatio-

1764 5572 1852 5628 nis
1883 5572 2248 5627 animantium
2280 5585 2403 5627 esse
2461 5576 2860 5635 consecratam,
2903 5568 3164 5638 ipsosque
3206 5568 3345 5624 adeo

1765 5665 2098 5729 sacerdotes,
2148 5663 2242 5734 qui
2303 5661 2538 5732 patrium
2595 5661 2649 5714 in
2699 5658 2934 5732 Egypto
2972 5657 3341 5715 sacerdotium

1764 5760 2110 5818 ha-reilitario
2162 5757 2318 5828 quasi
2370 5755 2492 5826 jure
2540 5754 2836 5824 accipiant,
2892 5753 3134 5808 numinis
3178 5750 3342 5822 hujus
