3940 6380
529 280 633 336 {05

1197 261 1469 320 EUSEBII
1505 255 1988 316 CESXRIENSIS
2027 256 2180 311 OPP.
2215 257 2395 312 PARS
2430 257 2496 311 ll.
2534 289 2603 297 —
2626 250 3128 317 APOLOGETICA.

3675 265 3772 324 108

527 386 799 460 mysteriis
837 382 1065 440 initiari.
1096 382 1238 449 Quin
1279 381 1442 437 etiam
1484 389 1537 433 et
1572 378 1749 433 Panas
1784 388 1837 433 et
1880 377 2095 450 Satyros

2203 376 2313 441 θος,
2371 374 2472 429 κᾶν
2525 371 2685 440 οἶνος,
2740 377 2773 448 ἢ
2824 381 2987 443 σῖτος,
3032 381 3066 449 ἧ
3117 396 3169 434 τι
3212 380 3319 432 τῶν
3363 380 3498 451 πρὸς
3537 382 3629 435 τὸν
3666 382 3771 453 βίον

528 481 681 536 aiunt
695 478 939 533 eamdem
957 477 1027 531 ob
1040 489 1261 531 causam
1290 473 1690 527 venerationem
1709 473 1779 526 ab
1796 470 2107 526 hominibus

525 577 851 625 consecutos
882 582 1023 633 esse,
1041 580 1274 636 quorum
1301 564 1591 619 simulacra
1614 562 1878 633 plerique,
1909 578 2105 633 magna

526 675 652 715 cum
679 660 956 714 hircorum
996 667 1188 712 natura
1222 654 1599 720 similitudine,
1633 655 1685 708 in
1716 655 1932 725 templis
1963 656 2105 709 arri-

527 753 706 822 gentia
736 750 1059 816 dedicarint,
1093 749 1237 818 quod
1273 748 1539 801 nimirum
1572 747 1677 801 hec
1721 748 1922 801 animal
1962 747 2105 802 sala-

525 842 808 898 cissimum
838 842 1120 895 habeatur.
1163 837 1362 893 Sacros
1418 848 1607 894 tauros
1633 838 1771 907 Apin
1797 854 1859 893 ac
1884 838 2101 893 Mnevin

526 934 669 1002 quod
705 932 918 997 attinet,
949 930 1161 985 divinos
1195 930 1330 998 ipsis
1363 928 1601 984 honores
1628 931 1873 995 concedi,
1904 931 2100 1000 partim

525 1026 668 1096 quod
695 1024 915 1078 arandae
946 1032 1104 1077 terrae
1134 1021 1394 1085 serviant,
1427 1020 1623 1089 partim
1669 1021 1814 1090 quod
1851 1020 1919 1075 iis
1958 1021 2106 1091 ipsa-

524 1133 643 1173 rum
669 1130 885 1186 quoque
917 1112 1131 1182 frugum
1175 1111 1418 1164 inventio
1445 1112 1728 1165 tribuatur.
1766 1109 1947 1179 Lupos
1972 1126 2103 1165 vero

525 1207 777 1260 similiter
802 1203 928 1269 coli,
957 1217 1065 1255 non
1097 1201 1259 1254 modo
1293 1210 1514 1268 propter
1539 1215 1681 1260 eam,
1707 1216 1869 1268 quam
1900 1200 2103 1255 habent

524 1313 649 1352 cum
695 1295 923 1350 canibus
975 1301 1184 1346 natura:
1241 1293 1579 1357 afﬁnitatem,
1629 1291 1722 1347 sed
1760 1293 1923 1346 etiam
1955 1293 2101 1363 quod

523 1388 676 1450 olim,
711 1384 986 1453 inquiunt,
1038 1380 1179 1434 Iside
1220 1394 1344 1432 cum
1388 1378 1497 1434 Oro
1530 1379 1641 1432 filio
1681 1379 1944 1434 adversus
1993 1375 2102 1451 Ty-

521 1481 757 1550 phonem
787 1476 1131 1540 dimicatura,
1169 1474 1281 1528 filio
1326 1471 1490 1527 simul
1530 1478 1584 1524 et
1622 1471 1779 1525 uxori
1822 1472 2099 1541 suppetias

523 1573 592 1627 ab
621 1571 809 1625 inferis
842 1568 1114 1623 excitatus
1146 1576 1201 1620 et
1239 1565 1351 1635 lupi
1388 1564 1561 1619 forma
1598 1573 1774 1618 tectus
1800 1562 1973 1619 Osiris
2013 1574 2099 1618 tu-

521 1665 694 1720 lisset.
742 1664 1062 1731 Quanquam
1110 1659 1201 1713 alii
1253 1659 1477 1713 tradunt
1518 1655 1830 1726 Aithiopes,
1869 1670 1994 1711 cum
2038 1657 2094 1710 in

524 1754 815 1827 Egyptum
865 1751 1281 1814 incubuissent,
1338 1765 1369 1803 a
1422 1750 1677 1818 luporum
1750 1733 2167 1804 multitudineB

534 1849 773 1918 pessime
797 1852 1021 1899 vexatos
1050 1852 1103 1897 et
1132 1844 1186 1896 in
1218 1842 1401 1912 fugam
1428 1851 1579 1895 actos
1622 1839 1811 1907 fuisse,
1858 1839 1911 1894 id
1950 1838 2098 1909 quod

520 1941 685 1995 etiam
728 1940 784 1992 in
842 1951 1008 1991 causa
1058 1935 1244 2000 fuerit,
1290 1950 1389 1990 cur
1432 1949 1496 1988 ea
1542 1933 1690 2003 regio
1714 1931 2097 2003 Lycopolitana

522 2032 809 2086 diceretur;
860 2026 1273 2083 (lrocodilorum
1329 2024 1735 2080 venerationem
1794 2023 2098 2077 institutam

519 2138 663 2189 esse,
699 2120 844 2192 quod
877 2134 1065 2174 eorum
1112 2127 1260 2173 metu
1302 2117 1517 2171 Arabiae
1544 2115 1833 2186 Libqune
1862 2115 2100 2170 latrones

519 2211 703 2267 Nilum
733 2210 1103 2266 transmittere
1130 2223 1239 2263 non
1280 2207 1515 2261 audeant
1542 2223 1555 2260 :
1601 2216 1655 2260 et
1684 2221 1853 2259 unum
1881 2205 2098 2274 quidem

523 2304 640 2361 suis
668 2319 699 2359 e
726 2302 965 2374 regibus,
1008 2308 1068 2355 ut
1096 2314 1295 2355 canum
1345 2312 1573 2353 suorum
1609 2298 1872 2367 impetum
1901 2311 1968 2351 ac
2006 2310 2098 2351 ra-

522 2397 665 2451 biem
694 2394 973 2464 effugeret,
1004 2408 1129 2447 cum
1160 2393 1212 2445 in
1235 2390 1487 2460 paludem
1517 2387 1877 2459 confugisset,
1916 2402 1947 2442 a
1976 2401 2101 2442 cro.

522 2488 703 2545 codilo
726 2489 969 2558 quodam
1005 2494 1203 2556 praeter
1229 2482 1693 2552 exspectationem
1718 2479 1913 2535 leniter
1934 2494 2096 2534 exce-

521 2591 699 2652 ptum,
747 2588 911 2650 atque
971 2581 1025 2633 in
1095 2578 1408 2632 ulteriorem
1481 2575 1657 2644 ripam
1730 2580 2097 2628 transvectum

520 2672 712 2728 fuisse.
762 2670 859 2726 llis
894 2671 1028 2725 alias
1056 2684 1275 2740 quoque
1318 2670 1605 2722 brutorum
1636 2664 1954 2721 animalium
1980 2664 2095 2720 culo

520 2773 610 2819 tus
645 2768 885 2819 rationes
933 2762 1214 2831 adjiciunt.
1266 2758 1557 2814 Enimvero
1584 2796 1599 2821 ,
1637 2769 1763 2813 cum
1802 2773 1833 2812 a
1879 2756 2097 2828 negibus

519 2856 650 2911 olim
675 2855 967 2910 multitudo
995 2852 1305 2921 defecisset,
1339 2852 1562 2921 jamque
1600 2849 1668 2904 de
1702 2848 1941 2904 tollendo
1974 2847 2096 2902 funo

519 2948 668 3002 ditus
700 2946 853 3017 regio
880 2946 1167 3001 dominatu
1210 2941 1615 3012 conspiratione
1640 2940 1781 2996 facta
1813 2939 2094 3010 cogitaret,

2203 468 2513 538 ἀναγκαίων
2543 469 2679 539 τύχῃ
2707 470 2953 540 κείμενον
2997 470 3055 525 ἐν
3099 470 3177 542 τῷ
3218 473 3368 542 οἴκῳ,
3402 474 3502 527 οὐκ
3534 474 3614 527 ἔτι
3646 488 3773 546 χρη-

2204 561 2399 614 σασθαι
2450 562 2631 624 αὐτοῖς
2679 561 3045 632 ὑπομείνειαν.
3082 561 3353 633 Τρέφουσι
3398 563 3455 615 δὲ
3486 564 3581 617 τὸν
3616 567 3772 619 "Ai-rw

2201 655 2259 706 ὲν
2292 652 2535 721 Μέμφει,
2568 649 2665 703 καὶ
2696 650 2785 704 τὸν
2820 651 3022 704 Μνεῦιν
3053 653 3110 704 ἐν
3144 651 3326 704 Ἡλίου
3353 652 3504 705 πόλει
3530 669 3543 682 θ
3569 655 3665 705 καὶ
3685 655 3773 709 τὸν

2200 742 2400 813 τράγον
2447 743 2504 794 ὲν
2554 740 2758 813 Μένδῃ,
2793 743 2887 795 καὶ
2918 742 3007 795 τὸν
3041 741 3376 815 κροκόδειλον
3409 746 3467 797 ὲν
3505 746 3571 814 τῇ
3603 746 3775 818 Μύρι-

2200 836 2286 900 δος
2317 835 2501 906 λίμνῃ,
2529 835 2621 887 καὶ
2660 835 2728 888 τὰ
2775 834 2936 888 λοιπά
2970 834 3132 907 θηρία
3161 838 3219 889 ὲν
3255 838 3416 908 ἱεροῖς
3449 838 3771 909 περιϐόλοις,

2200 924 2477 995 σεμίδαλιν
2522 924 2943 995 προσφέροντες,
2970 924 3003 995 ἢ
3027 925 3261 997 ’χόνδρον
3305 925 3522 995 ἕψοντες
3575 930 3632 981 ὲν
3678 930 3773 998 γά-

2199 1015 2375 1081 λακτι,
2397 1016 2492 1069 καὶ
2519 1015 2785 1086 πέμματα
2816 1016 3130 1071 παντοδαπὰ
3161 1017 3338 1088 μέλιτι
3377 1018 3658 1090 φύροντες,
3682 1024 3774 1076 καὶ

2198 1107 2336 1177 κρέα
2362 1109 2571 1179 χήνεια,
2607 1108 2675 1160 τὰ
2728 1107 2826 1177 μὲν
2874 1107 3116 1177 ἕψοντες,
3145 1109 3212 1161 τὰ
3235 1109 3290 1163 δὲ
3324 1110 3613 1175 ὀπτῶντες.
3651 1113 3773 1177 Τοῖς

2197 1200 2256 1253 δὲ
2289 1198 2609 1269 ὠμοφάγοις
2638 1200 2807 1252 πολλὰ
2839 1200 2945 1252 τῶν
2989 1201 3193 1272 ὀρνέων
3228 1202 3653 1273 παραόάλλουσι,
3683 1205 3775 1257 καὶ

2198 1289 2413 1361 θηλείας
2443 1291 2656 1360 ἑκάστῳ
2689 1290 2796 1344 τῶν
2830 1290 2983 1356 ζώων
3016 1292 3114 1357 τὰς
3149 1293 3522 1358 εὐειδεστάτας
3556 1296 3775 1366 συντρέ-

2196 1400 2406 1453 φουσιν,
2440 1383 2505 1447 ἃς
2554 1383 2885 1448 παλλακίδας
2938 1386 3629 1456 προσαγορεύουσιν.Ὅταν
3661 1387 3720 1443 δὲ
3748 1394 3776 1445 ό

2199 1477 2363 1540 Ἀπις
2414 1476 2741 1547 τελευτήσας
2794 1478 2937 1547 ταφῇ
2996 1477 3463 1548 μεγαλοπρεπῶς,
3520 1477 3776 1549 ζητοῦσιν

2194 1565 2379 1638 ἕτερον
2426 1568 2643 1638 ὅμοιον
2681 1569 2810 1622 ὅταν
2854 1568 2912 1621 δὲ
2956 1568 3177 1639 εὑρεθῇ,
3207 1568 3276 1622 τὰ
3311 1570 3407 1639 μὲν
3455 1570 3631 1641 πλήθη
3681 1571 3773 1625 τού

2193 1657 2346 1723 δέους
2389 1659 2712 1712 ἀπολύονται
2745 1658 2839 1711 καὶ
2873 1658 2967 1711 τοῦ
3003 1659 3230 1723 πένθους
3251 1677 3263 1689 ’
3299 1660 3490 1728 ἄγεται
3525 1661 3583 1713 δὲ
3614 1664 3645 1715 ὁ
3683 1663 3778 1741 μθ

2196 1766 2322 1821 σχος
2368 1750 2585 1823 πρῶτον
2632 1753 2712 1813 είς
2762 1750 2957 1803 Νείλου
3008 1750 3180 1803 πόλιν.
3212 1751 3321 1804 Καὶ
3362 1750 3482 1804 τότε
3528 1752 3693 1822 μόνον
3724 1756 3777 1808 αί

2195 1843 2451 1909 γυναῖκες
2474 1840 2635 1893 αὑτὸν
2661 1840 2828 1912 ὁρῶσι
2862 1841 3003 1894 κατὰ
3036 1840 3325 1911 πρόσωπον
3352 1841 3659 1913 ἱστάμεναι,
3686 1844 3781 1898 καὶ

2194 1931 2527 1985 δεικνύουσιν
2554 1932 2960 2005 ἀνασυράμεναι
2990 1932 3059 1987 τὰ
3100 1932 3307 1985 ἑαυτῶν
3344 1935 3637 2005 γεννητικὰ
3684 1938 3781 2007 μό-

2199 2041 2310 2098 ρια.
2355 2025 2458 2077 Τὸν
2504 2024 2560 2077 δὲ
2615 2024 2799 2096 ἕτερον
2854 2024 3044 2095 χρόνον
3097 2024 3332 2089 ἅπαντα,
3391 2026 3781 2098 κεκωλυμένον

2196 2118 2343 2170 ἐστὶν
2386 2118 2466 2179 είς
2504 2116 2625 2186 ὄψιν
2659 2116 2829 2181 αὑτὰς
2864 2116 3117 2188 ἔρχεσθαι
3152 2117 3327 2189 τούτῳ
3358 2118 3434 2189 τῷ
3475 2118 3603 2190 θεῷ,
3639 2121 3783 2175 Φασὶ

2195 2214 2251 2267 δὲ
2285 2214 2384 2285 τὴν
2412 2214 2506 2268 τοῦ
2555 2214 2818 2285 Ὀσίριδος
2856 2213 3032 2285 ψυχὴν
3052 2216 3150 2283 είς
3174 2214 3363 2267 τοῦτον
3395 2214 3531 2285 μετὰ
3562 2215 3665 2287 τὴν
3690 2233 3781 2269 τε-

2194 2307 2386 2380 λευτὴν
2423 2307 2774 2378 μεταστῆναι.
2812 2307 3048 2379 Τοιαύτη
3075 2307 3169 2361 καὶ
3202 2307 3570 2378 ήΑίγυπ-είων
3601 2310 3783 2379 ἀσχήο

2199 2419 2315 2473 μων
2347 2400 2576 2471 ἀθεότης
2611 2400 2809 2471 μᾶλλον
2842 2400 2877 2470 ἦ
2908 2399 3172 2469 θεολογία,
3208 2401 3345 2471 πρὸς
3368 2402 3434 2473 ἢν
3471 2400 3566 2453 καὶ
3595 2401 3660 2453 τὸ
3695 2403 3783 2454 ὲν-

2198 2490 2446 2546 ίστασθαι
2463 2487 2819 2563 αἰσχρόνῘΗς
2843 2491 2938 2544 καὶ
2952 2491 3175 2555 εἰκότως
3198 2493 3637 2555 καταπτύσαντες
3659 2494 3784 2546 ἀνε-

2194 2582 2545 2653 χωρήσαμεν,
2580 2581 2846 2653 λύτρωσιν
2890 2583 2982 2635 καὶ
3016 2580 3326 2659 ἐλευθερίαν
3359 2585 3468 2638 τῶν
3499 2584 3781 2638 τοσούτων

2194 2673 2379 2727 κακῶν
2408 2673 2703 2745 οὐδετέρως
2736 2673 3047 2743 εὑράμενοι,
3084 2669 3117 2745 ἦ
3152 2674 3239 2729 διὰ
3274 2663 3441 2747 μόνης
3469 2677 3566 2746 τῆς
3600 2693 3786 2748 σωτη-

2197 2766 2312 2840 ρίου
2336 2767 2430 2820 καὶ
2456 2766 2816 2837 εύαγγελικῆς
2847 2766 3215 2830 διδασκαλίας,
3244 2767 3342 2838 τῆς
3390 2767 3487 2831 τὰς
3536 2766 3787 2832 διανοίας

2193 2858 2415 2935 τυφλοῖς
2456 2858 2554 2928 τὴν
2587 2857 2877 2928 ἀνάϐλεψιν
2923 2859 3440 2932 εύαγγελισαμένης.
3470 2860 3692 2914 Τούτων
3724 2861 3787 2915 δὲ

2195 2947 2375 3002 αὐτῶν
2412 2945 2509 3010 τὰς
2553 2949 2883 3020 σεμνοτέρας
2929 2948 2993 3020 δὴ
3037 2948 3265 3021 θεωρίας
3299 2967 3355 3003 τε
3404 2951 3497 3004 καὶ
3529 2953 3787 3021 φυσιολο-

520 3041 573 3094 id
606 3039 674 3093 ab
702 3040 886 3108 aliqud
910 3032 1140 3093 solerter
1169 3036 1472 3101 inventum,
1526 3034 1603 3088 uti
1658 3034 1838 3087 varios
1870 3032 1979 3086 illis
2028 3045 2093 3086 ac

2196 3040 2339 3109 γίας,
2364 3039 2557 3113 μικρὸν
2585 3040 2809 3111 ὕστερον
2837 3042 3265 3111 ἐπισκεψόμεθα,
3290 3043 3426 3097 ἐπὰν
3450 3044 3541 3097 καὶ
3564 3044 3631 3098 τὰ
3661 3044 3787 3098 Ἐλο

518 3134 891 3202 discrepantes
918 3128 1270 3184 colendorum
1292 3126 1652 3180 animantium
1675 3125 1813 3179 ritus
1836 3123 2092 3188 traderet,

519 3232 580 3278 ut
605 3237 730 3279 cum
762 3222 993 3294 singulis
1031 3235 1162 3275 suos
1196 3220 1400 3290 quique
1437 3218 1742 3272 animantes
1768 3224 1823 3270 et
1846 3216 2095 3286 religiose

518 3317 779 3379 colerent,
821 3324 874 3369 et
912 3322 1261 3368 consecratos
1298 3313 1365 3367 ab
1396 3311 1516 3366 aliis
1548 3311 1915 3381 repudiarent,
1956 3326 2096 3363 nun-

516 3423 683 3479 quam
725 3406 995 3462 universae
1042 3405 1207 3459 totius
1247 3404 1463 3476 Aﬂgypti
1500 3404 1835 3474 praefectura:
1876 3402 1929 3455 in
1967 3417 2093 3456 mu-

520 3507 669 3551 tuam
692 3495 1044 3550 consiliorum
1071 3494 1515 3563 voluntatumque
1541 3494 1853 3547 societatem
1880 3502 1934 3546 et
1965 3508 2093 3546 con-

515 3588 853 3657 iunctionem
874 3588 1058 3640 venire
1086 3595 1331 3656 possent.
1355 3583 1499 3651 Jam,
1520 3586 1610 3639 ubi
1633 3585 1949 3639 animalium
1968 3585 2095 3640 isto-

520 3696 640 3736 rum
657 3679 874 3751 aliquod
891 3680 1213 3734 exstinctum
1230 3688 1329 3744 est,
1356 3678 1529 3747 ipsum
1556 3679 1720 3733 linteo
1735 3687 1979 3748 opertum
2005 3693 2063 3732 sa
2082 3707 2093 3717 -

519 3774 631 3828 cris
646 3772 701 3826 in
722 3766 894 3826 thecis
913 3786 1037 3826 cum
1058 3770 1256 3841 ingenti
1278 3771 1425 3826 luctu
1452 3771 1779 3840 planctquc
1800 3770 2093 3840 sepeliunt.

520 3863 624 3933 δι
658 3862 813 3929 Quod
853 3862 900 3916 si
924 3861 1048 3931 quis
1099 3875 1288 3916 eorum
1314 3861 1607 3931 quodpiam
1632 3873 1824 3930 sponte
1857 3863 2093 3933 dataque

523 3967 690 4024 opera
727 3952 1008 4016 occiderit,
1036 3961 1212 4007 morte
1233 3952 1545 4006 damnatur.
1580 3950 1761 4006 Felem
1791 3962 1971 4006 autem
2002 3951 2089 4007 vel

521 4046 634 4101 ibin
672 4046 924 4117 quisquis
980 4045 1095 4099 sive
1143 4045 1399 4114 prudens,
1428 4045 1542 4099 sive
1588 4045 1901 4113 imprudens
1945 4060 2092 4115 pere-

522 4139 704 4204 merit,
735 4139 881 4194 circa
915 4138 1130 4193 veniam
1162 4152 1379 4191 omnem
1398 4136 1593 4207 capitis
1623 4137 2087 4206 suppliciumluit.

518 4231 805 4296 Praeterea,
834 4246 1179 4301 quacumque
1205 4231 1261 4283 in
1300 4230 1463 4285 domo
1493 4230 1793 4285 exstinctus
1827 4230 1977 4286 canis
2006 4246 2091 4285 re-

518 4336 709 4396 pertus
768 4322 949 4388 fuerit,
1003 4338 1203 4391 corpus
1232 4330 1405 4376 totum
1440 4322 1505 4376 ad
1570 4331 1747 4376 cutem
1780 4335 1953 4392 usque
2004 4338 2091 4377 ra—

2200 3129 2391 3201 ληνικὰ
2417 3128 2776 3199 διαλάϐωμεν.
2811 3129 2966 3183 Οὕτω
2997 3130 3130 3203 δῆτα
3162 3132 3365 3203 ἀναμὶξ
3398 3133 3784 3204 Αἰγυπτιακῆς

2197 3218 2332 3289 ὁμοῦ
2368 3221 2461 3272 καὶ
2499 3220 2810 3291 Φοινικικῆς
2843 3220 3253 3294 συνδραμούσης
3305 3222 3653 3293 μυθολογίας,
3691 3242 3788 3277 κε-

2198 3311 2472 3381 κράτηκεν
2501 3310 2723 3374 εἰκότως
2757 3311 2906 3383 παρὰ
2948 3316 3059 3376 τοῖς
3097 3313 3367 3378 πλείστοις
3403 3313 3510 3367 τῶν
3539 3313 3712 3367 ἐθνῶν
3748 3317 3787 3385 ἠ

2196 3404 2293 3474 τῆς
2324 3404 2556 3467 παλαιᾶς
2578 3404 2785 3474 πλάνης
2807 3402 3215 3476 δεισιδαιμονία.
3235 3406 3395 3460 Ἀλλὰ
3417 3405 3524 3480 γὰρ
3552 3406 3787 3461 λεκτέον

2197 3497 2291 3548 καὶ
2324 3496 2391 3549 τὰ
2424 3495 2711 3566 Ἑλλήνων.
2749 3495 2828 3550 Τὰ
2863 3496 2960 3567 μὲν
3010 3495 3072 3568 δὴ
3121 3496 3295 3568 σεμνὰ
3330 3499 3430 3569 τῆς
3461 3499 3788 3568 Αἰγυπτίων

2199 3589 2538 3660 μυθολογίας,
2570 3588 2661 3643 τὸν
2704 3588 3033 3661 προτεθέντα
3080 3591 3400 3663 περιείληφε
3453 3592 3681 3663 τρόπον,
3711 3590 3792 3643 τὰ

2194 3681 2250 3734 δὲ
2291 3680 2595 3749 Ἑλληνικὰ,
2623 3681 2702 3734 ὅτι
2750 3680 2953 3734 τούτων
3001 3682 3181 3735 αὐτῶν
3224 3683 3632 3753 ἀποσπάσματα
3680 3682 3789 3734 καὶ

2196 3774 2635 3846 παρακούσματα
2683 3776 2961 3847 τυγχάνει,
2992 3776 3309 3850 προείρηται
3358 3777 3456 3848 μὲν
3488 3776 3788 3841 πολλάκις,

2196 3866 2289 3919 καὶ
2339 3866 2424 3918 διὰ
2458 3866 2559 3935 τῆς
2596 3865 2704 3918 τῶν
2749 3866 3117 3937 προτεθέντων
3152 3867 3509 3937 συγγραφέων
3538 3867 3789 3935 διαγνῶ-

2196 3975 2353 4021 σεως.
2382 3958 2457 4011 Oti
2496 3958 2602 4029 μὴν
2626 3956 2760 4011 ἀλλὰ
2786 3958 2880 4010 καὶ
2912 3954 2972 4021 ἐξ
2994 3957 3162 4028 αὐτῆς
3192 3955 3295 4027 τῆς
3321 3957 3637 4029 Ἑλληνικῆς
3660 3957 3793 4011 θεο-

2193 4048 2377 4117 λογίας
2425 4049 2619 4117 γὲνοιτ⁹
2655 4049 2721 4103 ἂν
2771 4048 3015 4120 ἔκδηλον,
3050 4048 3401 4119 ἐπαγομένων
3441 4052 3499 4103 ὲν
3539 4053 3662 4113 ταῖς
3693 4052 3789 4104 oi-

2194 4143 2369 4204 κείαις
2398 4144 2527 4211 περὶ
2553 4141 2688 4194 θεῶν
2708 4143 3053 4214 ἀναγραφαῖς
3084 4140 3291 4195 οἴκοθεν
3329 4141 3428 4212 μὲν
3460 4142 3631 4205 οὐδὲν,
3654 4147 3795 4208 ταῖς

2192 4234 2249 4287 δὲ
2297 4234 2405 4288 τῶν
2449 4232 2645 4298 ἔξωθεν
2680 4232 3115 4306 περιπιπτόντων
3152 4231 3515 4304 μυθολογίαις.
3553 4233 3792 4299 Ξοάνοις

2192 4344 2251 4379 τε
2294 4326 2403 4397 γὰρ
2450 4329 2560 4390 τοῖς
2612 4327 3031 4398 παραπλησίοις,
3059 4328 3152 4382 καὶ
3188 4328 3503 4399 μυστηρίοις
3526 4331 3641 4391 τοῖς
3678 4330 3800 4382 αὐ-

519 4416 709 4472 dentes
740 4415 794 4469 in
826 4415 971 4469 luctu
1010 4423 1300 4469 versantur
1329 4413 1594 4478 universi,
1647 4428 1712 4467 ac
1747 4413 1874 4467 licet
1898 4413 2086 4466 vinum

2196 4420 2305 4481 τοῖς
2328 4418 2737 4471 ἀποδείκνυνται
2766 4418 3162 4490 συγχρώμενοι,
3188 4420 3262 4483 ὡς
3281 4420 3455 4472 ἔνεστι
3489 4419 3798 4490 μαθεῖνρκ

521 4518 616 4575 aut
645 4508 996 4571 frumentum,
1026 4517 1121 4561 aut
1157 4506 1359 4575 aliquid
1376 4505 1523 4559 aliud
1552 4506 1871 4559 necessariae
1888 4507 2089 4560 victum

520 4615 749 4655 annonae
771 4598 1068 4669 repositum
1109 4598 1162 4651 in
1205 4597 1411 4652 aedibus
1458 4597 1566 4651 illis
1598 4595 1779 4661 fuerit,
1812 4611 1878 4650 eo
1906 4607 2090 4651 tamen

502 4689 623 4764 'sibi
656 4704 816 4742 nemo
849 4702 1071 4757 prorsus
1100 4687 1176 4741 uti
1214 4687 1292 4740 fas
1320 4687 1371 4740 in
1404 4695 1680 4755 posterum
1708 4701 1829 4741 esse
1860 4687 2093 4741 arbitra-

522 4792 629 4835 tur.
651 4780 918 4836 Cteterum
945 4778 1181 4847 Memphi
1204 4779 1421 4848 quidem
1457 4780 1619 4849 Apin,
1646 4777 1859 4831 Mnevin
1907 4787 2086 4833 autem

521 4877 576 4931 in
605 4874 747 4931 Solis
769 4874 987 4929 civitate
1020 4872 1204 4936 alunt;
1239 4869 1445 4925 Mendze
1493 4871 1729 4936 hircum,
1755 4870 2088 4925 crocodilum

521 4968 577 5022 in
630 4967 852 5039 Myridis
906 4965 1120 5036 palude,
1176 4972 1405 5019 caeteras
1466 4963 1670 5017 bestias
1717 4963 1770 5016 in
1805 4976 2086 5017 sacrorum

520 5056 883 5128 quorumdam
907 5063 1186 5125 scptorum
1215 5054 1444 5118 ambitu,
1478 5052 1678 5123 quibus
1701 5052 1959 5117 similam,
1994 5061 2090 5107 aut

520 5145 722 5201 elisum
757 5144 1219 5200 lactechondrum
1262 5157 1325 5196 ac
1351 5143 1629 5211 placentas
1665 5141 1846 5197 omnis
1875 5143 2089 5212 generis

521 5253 646 5292 cum
678 5237 947 5292 anserinis
979 5238 1234 5291 carnibus
1267 5236 1461 5306 partim
1496 5235 1677 5299 elixis,
1720 5236 1918 5305 partim
1948 5237 2089 5291 assis

522 5328 810 5401 objiciunt.
871 5327 942 5383 lis
991 5337 1195 5395 autem,
1228 5343 1350 5397 qua:
1396 5326 1564 5381 cruda
1594 5336 1911 5393 vescuntur,
1962 5342 2089 5382 aves

521 5420 821 5476 obtrudunt
849 5435 1011 5489 quam
1036 5421 1301 5488 plurimas
1328 5418 1667 5488 feminasque
1695 5418 2090 5488 pulcherrimas

523 5526 649 5566 cum
684 5509 914 5579 singulis
945 5509 1185 5565 maribus
1206 5509 1508 5571 enutriunt,
1556 5523 1694 5577 quas
1737 5507 1958 5577 pellices
1989 5521 2091 5561 no—

2194 4511 2293 4580 τῆς
2328 4511 2456 4579 περὶ
2485 4508 2687 4562 τούτων
2724 4511 2991 4581 ἱστορίας,
3020 4512 3086 4582 ἢν
3114 4514 3141 4564 ὁ
3180 4510 3276 4574 τὰς
3312 4510 3659 4582 βιϐλιοθήκας
3685 4514 3802 4566 ἐπὶ

2194 4600 2389 4654 ταύτὸν
2417 4600 2550 4671 όμού
2581 4601 2919 4671 συναγαγὼν,
2942 4598 3001 4656 οὗ
3025 4602 3118 4656 καὶ
3141 4602 3370 4674 πρόσθεν
3392 4602 3799 4673 ἐμνημόνευσα

2197 4694 2338 4748 κατὰ
2382 4693 2442 4747 τὸ
2473 4694 2656 4765 τρίτον
2691 4697 2785 4750 καὶ
2816 4694 3073 4767 τέταρτον
3105 4695 3201 4765 τῆς
3242 4694 3571 4766 δηλωθείσης
3601 4696 3802 4749 αὐτοῦ

2197 4786 2578 4855 πραγματείας
2611 4787 2831 4857 ίστορεῖ,
2860 4784 2957 4857 τὴν
3008 4787 3107 4856 τῆς
3157 4787 3394 4857 ἱστορίας
3455 4786 3630 4858 ἀρχὴν
3665 4788 3804 4843 ἀπὸ

2194 4874 2302 4927 τῶν
2318 4875 2409 4928 τοῦ
2427 4876 2649 4945 Κάδμου
2678 4876 2883 4947 χρόνων
2915 4875 3298 4945 πεποιημένος.
3319 4876 3419 4929 Τὸν
3442 4877 3499 4930 δὲ
3525 4877 3802 4949 Κάδμον,

2198 4966 2337 5037 μετὰ
2369 4968 2607 5021 Μωῦσέα
2650 4967 2899 5035 γενέσθαι
2946 4969 3000 5020 αἱ
3048 4967 3292 5039 ἀκριϐεῖς
3334 4967 3441 5021 τῶν
3474 4986 3806 5041 χρονογρα-

2195 5060 2331 5129 φιῶν
2371 5060 2675 5130 παριστῶσι
2718 5060 2977 5131 διαδοχαὶ,
3008 5059 3082 5123 ῶς
3114 5059 3255 5113 κατὰ
3287 5060 3474 5133 καιρὸν
3506 5062 3807 5129 ἐπιδείξο-

2197 5168 2318 5221 μεν,
2353 5150 2494 5204 ὥστε
2549 5153 2643 5205 καὶ
2690 5152 2800 5204 τῶν
2836 5150 3162 5221 Ἑλληνικῶν
3191 5150 3325 5204 θεῶν
3352 5151 3803 5209 ἀποδείκνυσθαι

2190 5238 2281 5295 τὸν
2308 5242 2544 5296 Μωῦσέα
2576 5245 2889 5314 προτερεῖν*
2915 5243 2963 5295 εί
2989 5241 3053 5311 δὴ
3083 5243 3188 5313 πρὸ
3213 5241 3435 5313 Κάδμου
3466 5240 3563 5313 μὲν
3589 5238 3808 5310 οὗτος,

2191 5335 2239 5386 οἱ
2273 5333 2331 5386 δὲ
2364 5333 2475 5386 θεοὶ⁵
2506 5333 2760 5405 νεώτεροι
2808 5333 2907 5403 τῆς
2958 5333 3182 5403 Κάδμου
3224 5334 3509 5402 γεγονότες
3551 5333 3809 5405 ἡλικίας

2192 5422 2803 5491 ἀναφαίνονται.’⁸Ακουε
2828 5422 2871 5475 δ’
2894 5419 2986 5476 οὖν
3015 5423 3124 5476 τῶν
3147 5424 3241 5477 τοῦ
3271 5425 3629 5497 συγγραφέως
3656 5440 3811 5497 (pur

2194 5527 2320 5565 νων.

513 5592 727 5646 minare
766 5591 962 5647 solent.
1003 5598 1073 5646 At
1111 5608 1238 5647 vero
1276 5594 1379 5663 Api
1418 5593 1699 5664 magniﬁce
1736 5602 1863 5664 post
1898 5603 2127 5650 mortem
2166 5595 2508 5666 consepulto,
2548 5593 2777 5649 alterum
2818 5595 2866 5647 ei
2906 5594 3237 5663 persimilem
3279 5606 3559 5663 quaerunt;
3600 5612 3834 5667 eoque

514 5696 763 5759 reperto,
819 5698 965 5743 metu
1020 5689 1253 5759 populus
1305 5691 1594 5747 universus
1653 5689 1911 5761 luctuque
1963 5692 2240 5748 liberatur.
2285 5690 2499 5748 Vitulus
2558 5697 2737 5743 autem
2799 5688 3035 5758 primum
3077 5689 3128 5744 in
3170 5687 3271 5744 Nili
3311 5690 3581 5748 civitatem
3621 5692 3833 5749 duci-
