  <div class='ocr_page' id='page_1' title='image "/cluster/home/n/w/nwhite01/storage/ocr_20150623/21/hvd.32044073501165/066.png"; bbox 0 0 3948 6376; ppageno 0'>
   <div class='ocr_carea' id='block_1_1' title="bbox 254 368 360 423">
    <p class='ocr_par' dir='ltr' id='par_1_1' title="bbox 254 368 360 423">
     <span class='ocr_line' id='line_1_1' title="bbox 254 368 360 423; baseline -0.019 0"><span class='ocrx_word' id='word_1_1' title='bbox 254 368 360 423; x_wconf 64' lang='grc'><strong>105</strong></span> 
     </span>
    </p>
   </div>
   <div class='ocr_carea' id='block_1_2' title="bbox 1443 366 2330 423">
    <p class='ocr_par' dir='ltr' id='par_1_2' title="bbox 1443 366 2330 423">
     <span class='ocr_line' id='line_1_2' title="bbox 1443 366 2330 423; baseline 0.002 -2"><span class='ocrx_word' id='word_1_2' title='bbox 1443 366 1765 422; x_wconf 56' lang='grc' dir='ltr'><strong>ΡΒᾸΕΡΑΒ.</strong></span> <span class='ocrx_word' id='word_1_3' title='bbox 1811 367 2061 423; x_wconf 73' lang='lat' dir='ltr'><strong>EV&#39;ANG.</strong></span> <span class='ocrx_word' id='word_1_4' title='bbox 2094 366 2223 422; x_wconf 84' lang='lat' dir='ltr'><strong>LIB.</strong></span> <span class='ocrx_word' id='word_1_5' title='bbox 2264 368 2330 423; x_wconf 87' lang='grc' dir='ltr'><strong>ιι.</strong></span> 
     </span>
    </p>
   </div>
   <div class='ocr_carea' id='block_1_3' title="bbox 3424 373 3526 431">
    <p class='ocr_par' dir='ltr' id='par_1_3' title="bbox 3424 373 3526 431">
     <span class='ocr_line' id='line_1_3' title="bbox 3424 373 3526 431; baseline 0.01 -4"><span class='ocrx_word' id='word_1_6' title='bbox 3424 373 3526 431; x_wconf 67' lang='lat'><strong>508</strong></span> 
     </span>
    </p>
   </div>
   <div class='ocr_carea' id='block_1_4' title="bbox 250 482 3527 555">
    <p class='ocr_par' dir='ltr' id='par_1_4' title="bbox 250 482 3527 555">
     <span class='ocr_line' id='line_1_4' title="bbox 250 482 3527 555; baseline 0.003 -19"><span class='ocrx_word' id='word_1_7' title='bbox 250 494 357 542; x_wconf 84' lang='lat' dir='ltr'><strong>tur,</strong></span> <span class='ocrx_word' id='word_1_8' title='bbox 382 496 451 535; x_wconf 85' lang='lat' dir='ltr'><strong>ac</strong></span> <span class='ocrx_word' id='word_1_9' title='bbox 509 490 622 535; x_wconf 88' lang='lat' dir='ltr'><strong>tum</strong></span> <span class='ocrx_word' id='word_1_10' title='bbox 655 483 869 551; x_wconf 83' lang='lat' dir='ltr'><strong>quidem</strong></span> <span class='ocrx_word' id='word_1_11' title='bbox 920 482 1050 536; x_wconf 83' lang='lat' dir='ltr'><strong>solis</strong></span> <span class='ocrx_word' id='word_1_12' title='bbox 1106 483 1431 539; x_wconf 82' lang='lat' dir='ltr'><strong>mulieribus</strong></span> <span class='ocrx_word' id='word_1_13' title='bbox 1466 500 1590 537; x_wconf 90' lang='lat' dir='ltr'><strong>eum</strong></span> <span class='ocrx_word' id='word_1_14' title='bbox 1654 484 1833 539; x_wconf 87' lang='lat' dir='ltr'><strong>videre</strong></span> <span class='ocrx_word' id='word_1_15' title='bbox 1880 486 2025 547; x_wconf 89' lang='lat' dir='ltr'><strong>licet,</strong></span> <span class='ocrx_word' id='word_1_16' title='bbox 2058 502 2179 555; x_wconf 76' lang='lat' dir='ltr'><strong>qua:</strong></span> <span class='ocrx_word' id='word_1_17' title='bbox 2206 500 2389 541; x_wconf 86' lang='lat' dir='ltr'><strong>coram</strong></span> <span class='ocrx_word' id='word_1_18' title='bbox 2434 486 2686 541; x_wconf 86' lang='lat' dir='ltr'><strong>sistentes</strong></span> <span class='ocrx_word' id='word_1_19' title='bbox 2726 502 2847 542; x_wconf 88' lang='lat' dir='ltr'><strong>sese</strong></span> <span class='ocrx_word' id='word_1_20' title='bbox 2883 487 3123 545; x_wconf 90' lang='lat' dir='ltr'><strong>reductis</strong></span> <span class='ocrx_word' id='word_1_21' title='bbox 3160 490 3405 545; x_wconf 75' lang='lat' dir='ltr'><strong>vestibus</strong></span> <span class='ocrx_word' id='word_1_22' title='bbox 3426 492 3527 548; x_wconf 88' lang='lat' dir='ltr'><strong>ho-</strong></span> 
     </span>
    </p>
   </div>
   <div class='ocr_carea' id='block_1_5' title="bbox 251 572 3522 651">
    <p class='ocr_par' dir='ltr' id='par_1_5' title="bbox 251 572 3522 651">
     <span class='ocr_line' id='line_1_5' title="bbox 251 572 3522 651; baseline 0.002 -19"><span class='ocrx_word' id='word_1_23' title='bbox 251 586 438 632; x_wconf 79' lang='lat' dir='ltr'><strong>::stas</strong></span> <span class='ocrx_word' id='word_1_24' title='bbox 487 576 591 644; x_wconf 88' lang='lat' dir='ltr'><strong>ipsi</strong></span> <span class='ocrx_word' id='word_1_25' title='bbox 629 585 807 645; x_wconf 87' lang='lat' dir='ltr'><strong>partes</strong></span> <span class='ocrx_word' id='word_1_26' title='bbox 851 578 1167 638; x_wconf 84' lang='lat' dir='ltr'><strong>ostendunt,</strong></span> <span class='ocrx_word' id='word_1_27' title='bbox 1211 594 1274 631; x_wconf 88' lang='lat' dir='ltr'><strong>ac</strong></span> <span class='ocrx_word' id='word_1_28' title='bbox 1335 579 1590 647; x_wconf 76' lang='lat' dir='ltr'><strong>deinceps</strong></span> <span class='ocrx_word' id='word_1_29' title='bbox 1638 579 1706 632; x_wconf 91' lang='lat' dir='ltr'><strong>ab</strong></span> <span class='ocrx_word' id='word_1_30' title='bbox 1762 581 1910 633; x_wconf 91' lang='lat' dir='ltr'><strong>omni</strong></span> <span class='ocrx_word' id='word_1_31' title='bbox 1955 596 2183 650; x_wconf 86' lang='lat' dir='ltr'><strong>prorsus</strong></span> <span class='ocrx_word' id='word_1_32' title='bbox 2235 580 2478 648; x_wconf 94' lang='lat' dir='ltr'><strong>ejusdem</strong></span> <span class='ocrx_word' id='word_1_33' title='bbox 2538 572 2780 635; x_wconf 85' lang='lat' dir='ltr'><strong>numinis</strong></span> <span class='ocrx_word' id='word_1_34' title='bbox 2854 593 3078 651; x_wconf 86' lang='lat' dir='ltr'><strong>aspectu</strong></span> <span class='ocrx_word' id='word_1_35' title='bbox 3134 583 3522 639; x_wconf 77' lang='lat' dir='ltr'><strong>excluduntur.</strong></span> 
     </span>
    </p>
   </div>
   <div class='ocr_carea' id='block_1_6' title="bbox 250 668 3520 746">
    <p class='ocr_par' dir='ltr' id='par_1_6' title="bbox 250 668 3520 746">
     <span class='ocr_line' id='line_1_6' title="bbox 250 668 3520 746; baseline 0.002 -23"><span class='ocrx_word' id='word_1_36' title='bbox 250 668 425 740; x_wconf 77' lang='lat' dir='ltr'><strong>Hujus</strong></span> <span class='ocrx_word' id='word_1_37' title='bbox 456 682 644 725; x_wconf 89' lang='lat' dir='ltr'><strong>autem</strong></span> <span class='ocrx_word' id='word_1_38' title='bbox 672 671 725 725; x_wconf 87' lang='lat' dir='ltr'><strong>in</strong></span> <span class='ocrx_word' id='word_1_39' title='bbox 750 686 947 740; x_wconf 86' lang='lat' dir='ltr'><strong>corpus</strong></span> <span class='ocrx_word' id='word_1_40' title='bbox 974 670 1215 727; x_wconf 82' lang='lat' dir='ltr'><strong>Osiridis</strong></span> <span class='ocrx_word' id='word_1_41' title='bbox 1260 674 1370 726; x_wconf 91' lang='lat' dir='ltr'><strong>vita</strong></span> <span class='ocrx_word' id='word_1_42' title='bbox 1430 672 1602 727; x_wconf 92' lang='lat' dir='ltr'><strong>functi</strong></span> <span class='ocrx_word' id='word_1_43' title='bbox 1650 674 1892 729; x_wconf 88' lang='lat' dir='ltr'><strong>animum</strong></span> <span class='ocrx_word' id='word_1_44' title='bbox 1946 677 2361 746; x_wconf 83' lang='lat' dir='ltr'><strong>transmigrasse</strong></span> <span class='ocrx_word' id='word_1_45' title='bbox 2395 676 2564 730; x_wconf 93' lang='lat' dir='ltr'><strong>aiunt.</strong></span> <span class='ocrx_word' id='word_1_46' title='bbox 2624 674 2748 730; x_wconf 67' lang='lat' dir='ltr'><strong>Haec</strong></span> <span class='ocrx_word' id='word_1_47' title='bbox 2778 676 2865 730; x_wconf 90' lang='lat' dir='ltr'><strong>illa</strong></span> <span class='ocrx_word' id='word_1_48' title='bbox 2902 685 2983 731; x_wconf 91' lang='lat' dir='ltr'><strong>est</strong></span> <span class='ocrx_word' id='word_1_49' title='bbox 3029 674 3412 746; x_wconf 66' lang='lat' dir='ltr'><strong>Egyptiorum</strong></span> <span class='ocrx_word' id='word_1_50' title='bbox 3435 675 3520 732; x_wconf 85' lang='lat' dir='ltr'><strong>di—</strong></span> 
     </span>
    </p>
   </div>
   <div class='ocr_carea' id='block_1_7' title="bbox 248 764 3518 838">
    <p class='ocr_par' dir='ltr' id='par_1_7' title="bbox 248 764 3518 838">
     <span class='ocr_line' id='line_1_7' title="bbox 248 764 3518 838; baseline 0.002 -25"><span class='ocrx_word' id='word_1_51' title='bbox 248 764 496 817; x_wconf 76' lang='lat' dir='ltr'><strong>vinitalis</strong></span> <span class='ocrx_word' id='word_1_52' title='bbox 553 765 735 818; x_wconf 89' lang='lat' dir='ltr'><strong>omnis</strong></span> <span class='ocrx_word' id='word_1_53' title='bbox 784 764 980 833; x_wconf 88' lang='lat' dir='ltr'><strong>ejectio</strong></span> <span class='ocrx_word' id='word_1_54' title='bbox 1031 765 1233 833; x_wconf 89' lang='lat' dir='ltr'><strong>potius,</strong></span> <span class='ocrx_word' id='word_1_55' title='bbox 1284 781 1453 832; x_wconf 84' lang='lat' dir='ltr'><strong>quam</strong></span> <span class='ocrx_word' id='word_1_56' title='bbox 1481 766 1771 834; x_wconf 78' lang='lat' dir='ltr'><strong>theologia,</strong></span> <span class='ocrx_word' id='word_1_57' title='bbox 1810 782 1877 821; x_wconf 92' lang='lat' dir='ltr'><strong>co</strong></span> <span class='ocrx_word' id='word_1_58' title='bbox 1936 783 2109 836; x_wconf 89' lang='lat' dir='ltr'><strong>usque</strong></span> <span class='ocrx_word' id='word_1_59' title='bbox 2142 766 2362 822; x_wconf 81' lang='lat' dir='ltr'><strong>infamis</strong></span> <span class='ocrx_word' id='word_1_60' title='bbox 2389 779 2535 822; x_wconf 89' lang='lat' dir='ltr'><strong>certe</strong></span> <span class='ocrx_word' id='word_1_61' title='bbox 2560 768 2802 838; x_wconf 88' lang='lat' dir='ltr'><strong>quidem,</strong></span> <span class='ocrx_word' id='word_1_62' title='bbox 2830 778 2887 821; x_wconf 88' lang='lat' dir='ltr'><strong>ut</strong></span> <span class='ocrx_word' id='word_1_63' title='bbox 2914 768 2995 822; x_wconf 89' lang='lat' dir='ltr'><strong>vel</strong></span> <span class='ocrx_word' id='word_1_64' title='bbox 3027 784 3147 822; x_wconf 90' lang='lat' dir='ltr'><strong>eam</strong></span> <span class='ocrx_word' id='word_1_65' title='bbox 3179 768 3518 836; x_wconf 75' lang='lat' dir='ltr'><strong>argumentis</strong></span> 
     </span>
    </p>
   </div>
   <div class='ocr_carea' id='block_1_8' title="bbox 241 849 3520 931">
    <p class='ocr_par' dir='ltr' id='par_1_8' title="bbox 241 849 3520 931">
     <span class='ocr_line' id='line_1_8' title="bbox 241 849 3520 931; baseline 0.002 -23"><span class='ocrx_word' id='word_1_66' title='bbox 241 870 566 924; x_wconf 80' lang='lat' dir='ltr'><strong>oppugnare</strong></span> <span class='ocrx_word' id='word_1_67' title='bbox 606 866 755 925; x_wconf 87' lang='lat' dir='ltr'><strong>turpe</strong></span> <span class='ocrx_word' id='word_1_68' title='bbox 812 858 1073 911; x_wconf 82' lang='lat' dir='ltr'><strong>videatur.</strong></span> <span class='ocrx_word' id='word_1_69' title='bbox 1132 855 1281 913; x_wconf 82' lang='lat' dir='ltr'><strong>lianc</strong></span> <span class='ocrx_word' id='word_1_70' title='bbox 1314 874 1414 912; x_wconf 86' lang='lat' dir='ltr'><strong>nos</strong></span> <span class='ocrx_word' id='word_1_71' title='bbox 1457 858 1579 927; x_wconf 91' lang='lat' dir='ltr'><strong>jure</strong></span> <span class='ocrx_word' id='word_1_72' title='bbox 1634 874 1766 913; x_wconf 84' lang='lat' dir='ltr'><strong>sane</strong></span> <span class='ocrx_word' id='word_1_73' title='bbox 1814 876 1879 913; x_wconf 89' lang='lat' dir='ltr'><strong>ac</strong></span> <span class='ocrx_word' id='word_1_74' title='bbox 1939 861 2135 915; x_wconf 88' lang='lat' dir='ltr'><strong>merito</strong></span> <span class='ocrx_word' id='word_1_75' title='bbox 2192 861 2550 930; x_wconf 85' lang='lat' dir='ltr'><strong>respuendam</strong></span> <span class='ocrx_word' id='word_1_76' title='bbox 2601 862 2759 916; x_wconf 90' lang='lat' dir='ltr'><strong>nobis</strong></span> <span class='ocrx_word' id='word_1_77' title='bbox 2807 862 3312 931; x_wconf 76' lang='lat' dir='ltr'><strong>repudiandamque</strong></span> <span class='ocrx_word' id='word_1_78' title='bbox 3362 849 3520 929; x_wconf 74' lang='lat' dir='ltr'><strong>puta-</strong></span> 
     </span>
    </p>
   </div>
   <div class='ocr_carea' id='block_1_9' title="bbox 242 955 3520 1027">
    <p class='ocr_par' dir='ltr' id='par_1_9' title="bbox 242 955 3520 1027">
     <span class='ocr_line' id='line_1_9' title="bbox 242 955 3520 1027; baseline 0.001 -20"><span class='ocrx_word' id='word_1_79' title='bbox 242 958 450 1015; x_wconf 77' lang='lat' dir='ltr'><strong>vimus,</strong></span> <span class='ocrx_word' id='word_1_80' title='bbox 521 956 619 1023; x_wconf 87' lang='lat' dir='ltr'><strong>qui</strong></span> <span class='ocrx_word' id='word_1_81' title='bbox 684 965 861 1009; x_wconf 79' lang='lat' dir='ltr'><strong>tamen</strong></span> <span class='ocrx_word' id='word_1_82' title='bbox 934 971 1039 1007; x_wconf 86' lang='lat' dir='ltr'><strong>non</strong></span> <span class='ocrx_word' id='word_1_83' title='bbox 1094 956 1196 1009; x_wconf 88' lang='lat' dir='ltr'><strong>alia</strong></span> <span class='ocrx_word' id='word_1_84' title='bbox 1248 964 1521 1009; x_wconf 91' lang='lat' dir='ltr'><strong>tantorum</strong></span> <span class='ocrx_word' id='word_1_85' title='bbox 1584 955 1857 1009; x_wconf 91' lang='lat' dir='ltr'><strong>malorum</strong></span> <span class='ocrx_word' id='word_1_86' title='bbox 1895 956 2275 1025; x_wconf 80' lang='lat' dir='ltr'><strong>scelerumque</strong></span> <span class='ocrx_word' id='word_1_87' title='bbox 2322 958 2685 1027; x_wconf 86' lang='lat' dir='ltr'><strong>tyrannidem,</strong></span> <span class='ocrx_word' id='word_1_88' title='bbox 2742 973 2905 1027; x_wconf 88' lang='lat' dir='ltr'><strong>quam</strong></span> <span class='ocrx_word' id='word_1_89' title='bbox 2964 956 3220 1011; x_wconf 88' lang='lat' dir='ltr'><strong>salutaris</strong></span> <span class='ocrx_word' id='word_1_90' title='bbox 3256 955 3418 1008; x_wconf 89' lang='lat' dir='ltr'><strong>unius</strong></span> <span class='ocrx_word' id='word_1_91' title='bbox 3468 965 3520 1010; x_wconf 80' lang='lat' dir='ltr'><strong>et</strong></span> 
     </span>
    </p>
   </div>
   <div class='ocr_carea' id='block_1_10' title="bbox 237 1047 3517 1118">
    <p class='ocr_par' dir='ltr' id='par_1_10' title="bbox 237 1047 3517 1118">
     <span class='ocr_line' id='line_1_10' title="bbox 237 1047 3517 1118; baseline -0 -17"><span class='ocrx_word' id='word_1_92' title='bbox 237 1047 573 1115; x_wconf 69' lang='lat' dir='ltr'><strong>evangeliea:</strong></span> <span class='ocrx_word' id='word_1_93' title='bbox 629 1047 887 1101; x_wconf 63' lang='lat' dir='ltr'><strong>doctrina:</strong></span> <span class='ocrx_word' id='word_1_94' title='bbox 949 1049 1003 1101; x_wconf 91' lang='lat' dir='ltr'><strong>vi</strong></span> <span class='ocrx_word' id='word_1_95' title='bbox 1056 1049 1421 1111; x_wconf 82' lang='lat' dir='ltr'><strong>exenssimus,</strong></span> <span class='ocrx_word' id='word_1_96' title='bbox 1481 1064 1603 1116; x_wconf 75' lang='lat' dir='ltr'><strong>qure</strong></span> <span class='ocrx_word' id='word_1_97' title='bbox 1656 1057 1837 1101; x_wconf 81' lang='lat' dir='ltr'><strong>mente</strong></span> <span class='ocrx_word' id='word_1_98' title='bbox 1868 1049 2163 1118; x_wconf 87' lang='lat' dir='ltr'><strong>animoque</strong></span> <span class='ocrx_word' id='word_1_99' title='bbox 2224 1049 2384 1103; x_wconf 67' lang='lat' dir='ltr'><strong>carcis</strong></span> <span class='ocrx_word' id='word_1_100' title='bbox 2417 1049 2632 1103; x_wconf 91' lang='lat' dir='ltr'><strong>videndi</strong></span> <span class='ocrx_word' id='word_1_101' title='bbox 2669 1050 2986 1103; x_wconf 78' lang='lat' dir='ltr'><strong>facultatem</strong></span> <span class='ocrx_word' id='word_1_102' title='bbox 3036 1048 3266 1103; x_wconf 82' lang='lat' dir='ltr'><strong>feliciter</strong></span> <span class='ocrx_word' id='word_1_103' title='bbox 3295 1064 3517 1101; x_wconf 86' lang='lat' dir='ltr'><strong>annun-</strong></span> 
     </span>
    </p>
   </div>
   <div class='ocr_carea' id='block_1_11' title="bbox 238 1139 3516 1211">
    <p class='ocr_par' dir='ltr' id='par_1_11' title="bbox 238 1139 3516 1211">
     <span class='ocr_line' id='line_1_11' title="bbox 238 1139 3516 1211; baseline -0 -18"><span class='ocrx_word' id='word_1_104' title='bbox 238 1139 358 1193; x_wconf 86' lang='lat' dir='ltr'><strong>tiat.</strong></span> <span class='ocrx_word' id='word_1_105' title='bbox 393 1140 556 1206; x_wconf 84' lang='lat' dir='ltr'><strong>Quod</strong></span> <span class='ocrx_word' id='word_1_106' title='bbox 594 1148 858 1210; x_wconf 77' lang='lat' dir='ltr'><strong>superest,</strong></span> <span class='ocrx_word' id='word_1_107' title='bbox 914 1140 1033 1193; x_wconf 89' lang='lat' dir='ltr'><strong>illas</strong></span> <span class='ocrx_word' id='word_1_108' title='bbox 1064 1156 1282 1210; x_wconf 89' lang='lat' dir='ltr'><strong>quoque</strong></span> <span class='ocrx_word' id='word_1_109' title='bbox 1316 1155 1498 1194; x_wconf 88' lang='lat' dir='ltr'><strong>rerum</strong></span> <span class='ocrx_word' id='word_1_110' title='bbox 1548 1140 1876 1193; x_wconf 90' lang='lat' dir='ltr'><strong>naturalium</strong></span> <span class='ocrx_word' id='word_1_111' title='bbox 1914 1143 2172 1206; x_wconf 87' lang='lat' dir='ltr'><strong>rationes,</strong></span> <span class='ocrx_word' id='word_1_112' title='bbox 2218 1156 2449 1209; x_wconf 90' lang='lat' dir='ltr'><strong>quarum</strong></span> <span class='ocrx_word' id='word_1_113' title='bbox 2497 1143 2864 1197; x_wconf 85' lang='lat' dir='ltr'><strong>honestiorem</strong></span> <span class='ocrx_word' id='word_1_114' title='bbox 2935 1142 3097 1211; x_wconf 88' lang='lat' dir='ltr'><strong>paulo</strong></span> <span class='ocrx_word' id='word_1_115' title='bbox 3164 1141 3401 1210; x_wconf 80' lang='lat' dir='ltr'><strong>speciem</strong></span> <span class='ocrx_word' id='word_1_116' title='bbox 3432 1140 3516 1194; x_wconf 91' lang='lat' dir='ltr'><strong>in-</strong></span> 
     </span>
    </p>
   </div>
   <div class='ocr_carea' id='block_1_12' title="bbox 242 1233 3507 1305">
    <p class='ocr_par' dir='ltr' id='par_1_12' title="bbox 242 1233 3507 1305">
     <span class='ocr_line' id='line_1_12' title="bbox 242 1233 3507 1305; baseline -0.002 -15"><span class='ocrx_word' id='word_1_117' title='bbox 242 1235 419 1290; x_wconf 73' lang='lat' dir='ltr'><strong>fandis</strong></span> <span class='ocrx_word' id='word_1_118' title='bbox 465 1236 819 1303; x_wconf 70' lang='lat' dir='ltr'><strong>religionibus</strong></span> <span class='ocrx_word' id='word_1_119' title='bbox 861 1234 1182 1295; x_wconf 89' lang='lat' dir='ltr'><strong>obtendunt,</strong></span> <span class='ocrx_word' id='word_1_120' title='bbox 1234 1233 1582 1305; x_wconf 89' lang='lat' dir='ltr'><strong>postmodum</strong></span> <span class='ocrx_word' id='word_1_121' title='bbox 1621 1236 2029 1303; x_wconf 83' lang='lat' dir='ltr'><strong>cxpendemus.</strong></span> <span class='ocrx_word' id='word_1_122' title='bbox 2086 1235 2129 1289; x_wconf 92' lang='lat' dir='ltr'><strong>si</strong></span> <span class='ocrx_word' id='word_1_123' title='bbox 2174 1245 2353 1289; x_wconf 86' lang='lat' dir='ltr'><strong>tamen</strong></span> <span class='ocrx_word' id='word_1_124' title='bbox 2410 1235 2563 1304; x_wconf 79' lang='lat' dir='ltr'><strong>prius</strong></span> <span class='ocrx_word' id='word_1_125' title='bbox 2606 1235 2672 1288; x_wconf 88' lang='lat' dir='ltr'><strong>de</strong></span> <span class='ocrx_word' id='word_1_126' title='bbox 2710 1234 3023 1289; x_wconf 56' lang='lat' dir='ltr'><strong>(It-acorum</strong></span> <span class='ocrx_word' id='word_1_127' title='bbox 3070 1234 3235 1287; x_wconf 88' lang='lat' dir='ltr'><strong>etiam</strong></span> <span class='ocrx_word' id='word_1_128' title='bbox 3305 1234 3507 1285; x_wconf 84' lang='lat' dir='ltr'><strong>rituum</strong></span> 
     </span>
    </p>
   </div>
   <div class='ocr_carea' id='block_1_13' title="bbox 245 1326 1186 1397">
    <p class='ocr_par' dir='ltr' id='par_1_13' title="bbox 245 1326 1186 1397">
     <span class='ocr_line' id='line_1_13' title="bbox 245 1326 1186 1397; baseline -0.006 -15"><span class='ocrx_word' id='word_1_129' title='bbox 245 1328 629 1397; x_wconf 74' lang='lat' dir='ltr'><strong>superstitione</strong></span> <span class='ocrx_word' id='word_1_130' title='bbox 707 1326 1186 1395; x_wconf 81' lang='lat' dir='ltr'><strong>disputaverimus.</strong></span> 
     </span>
    </p>
   </div>
   <div class='ocr_carea' id='block_1_14' title="bbox 1264 1323 3516 1395">
    <p class='ocr_par' dir='ltr' id='par_1_14' title="bbox 1264 1323 3516 1395">
     <span class='ocr_line' id='line_1_14' title="bbox 1264 1323 3516 1395; baseline 0 -18"><span class='ocrx_word' id='word_1_131' title='bbox 1264 1323 1595 1387; x_wconf 86' lang='lat' dir='ltr'><strong>Enimvero,</strong></span> <span class='ocrx_word' id='word_1_132' title='bbox 1670 1340 1794 1378; x_wconf 91' lang='lat' dir='ltr'><strong>cum</strong></span> <span class='ocrx_word' id='word_1_133' title='bbox 1856 1341 2025 1378; x_wconf 88' lang='lat' dir='ltr'><strong>unum</strong></span> <span class='ocrx_word' id='word_1_134' title='bbox 2071 1326 2291 1395; x_wconf 83' lang='lat' dir='ltr'><strong>aliquod</strong></span> <span class='ocrx_word' id='word_1_135' title='bbox 2329 1326 2492 1379; x_wconf 88' lang='lat' dir='ltr'><strong>veluti</strong></span> <span class='ocrx_word' id='word_1_136' title='bbox 2545 1340 2747 1393; x_wconf 84' lang='lat' dir='ltr'><strong>corpus</strong></span> <span class='ocrx_word' id='word_1_137' title='bbox 2805 1326 2949 1379; x_wconf 91' lang='lat' dir='ltr'><strong>hunc</strong></span> <span class='ocrx_word' id='word_1_138' title='bbox 2988 1324 3045 1378; x_wconf 91' lang='lat' dir='ltr'><strong>in</strong></span> <span class='ocrx_word' id='word_1_139' title='bbox 3104 1324 3324 1377; x_wconf 87' lang='lat' dir='ltr'><strong>modum</strong></span> <span class='ocrx_word' id='word_1_140' title='bbox 3350 1326 3516 1378; x_wconf 66' lang='lat' dir='ltr'><strong>exsti-</strong></span> 
     </span>
    </p>
   </div>
   <div class='ocr_carea' id='block_1_15' title="bbox 246 1420 3503 1497">
    <p class='ocr_par' dir='ltr' id='par_1_15' title="bbox 246 1420 3503 1497">
     <span class='ocr_line' id='line_1_15' title="bbox 246 1420 3503 1497; baseline 0 -24"><span class='ocrx_word' id='word_1_141' title='bbox 246 1421 415 1481; x_wconf 80' lang='lat' dir='ltr'><strong>tisset,</strong></span> <span class='ocrx_word' id='word_1_142' title='bbox 460 1437 525 1474; x_wconf 77' lang='lat' dir='ltr'><strong>ex</strong></span> <span class='ocrx_word' id='word_1_143' title='bbox 589 1421 845 1491; x_wconf 90' lang='lat' dir='ltr'><strong>permista</strong></span> <span class='ocrx_word' id='word_1_144' title='bbox 888 1421 1285 1497; x_wconf 74' lang='lat' dir='ltr'><strong>thniciarum</strong></span> <span class='ocrx_word' id='word_1_145' title='bbox 1327 1420 1814 1492; x_wconf 62' lang='lat' dir='ltr'><strong>Egyptiarumque</strong></span> <span class='ocrx_word' id='word_1_146' title='bbox 1849 1420 2169 1477; x_wconf 86' lang='lat' dir='ltr'><strong>fabellarum</strong></span> <span class='ocrx_word' id='word_1_147' title='bbox 2226 1423 2487 1477; x_wconf 76' lang='lat' dir='ltr'><strong>varietate</strong></span> <span class='ocrx_word' id='word_1_148' title='bbox 2545 1422 2861 1485; x_wconf 84' lang='lat' dir='ltr'><strong>conflatum,</strong></span> <span class='ocrx_word' id='word_1_149' title='bbox 2907 1422 3106 1474; x_wconf 90' lang='lat' dir='ltr'><strong>mirum</strong></span> <span class='ocrx_word' id='word_1_150' title='bbox 3152 1436 3283 1474; x_wconf 85' lang='lat' dir='ltr'><strong>sane</strong></span> <span class='ocrx_word' id='word_1_151' title='bbox 3328 1420 3503 1475; x_wconf 78' lang='lat' dir='ltr'><strong>videri</strong></span> 
     </span>
    </p>
   </div>
   <div class='ocr_carea' id='block_1_16' title="bbox 247 1512 3494 1587">
    <p class='ocr_par' dir='ltr' id='par_1_16' title="bbox 247 1512 3494 1587">
     <span class='ocr_line' id='line_1_16' title="bbox 247 1512 3494 1587; baseline 0.001 -22"><span class='ocrx_word' id='word_1_152' title='bbox 247 1528 348 1565; x_wconf 88' lang='lat' dir='ltr'><strong>non</strong></span> <span class='ocrx_word' id='word_1_153' title='bbox 404 1512 585 1575; x_wconf 86' lang='lat' dir='ltr'><strong>debet,</strong></span> <span class='ocrx_word' id='word_1_154' title='bbox 644 1514 689 1569; x_wconf 89' lang='lat' dir='ltr'><strong>si</strong></span> <span class='ocrx_word' id='word_1_155' title='bbox 747 1514 951 1569; x_wconf 88' lang='lat' dir='ltr'><strong>erroris</strong></span> <span class='ocrx_word' id='word_1_156' title='bbox 995 1516 1200 1585; x_wconf 88' lang='lat' dir='ltr'><strong>antiqui</strong></span> <span class='ocrx_word' id='word_1_157' title='bbox 1258 1516 1575 1585; x_wconf 88' lang='lat' dir='ltr'><strong>superstitio</strong></span> <span class='ocrx_word' id='word_1_158' title='bbox 1628 1516 1818 1586; x_wconf 91' lang='lat' dir='ltr'><strong>perdiu</strong></span> <span class='ocrx_word' id='word_1_159' title='bbox 1856 1515 2019 1572; x_wconf 90' lang='lat' dir='ltr'><strong>fuerit</strong></span> <span class='ocrx_word' id='word_1_160' title='bbox 2068 1519 2209 1587; x_wconf 90' lang='lat' dir='ltr'><strong>apud</strong></span> <span class='ocrx_word' id='word_1_161' title='bbox 2244 1526 2429 1587; x_wconf 77' lang='lat' dir='ltr'><strong>gentes</strong></span> <span class='ocrx_word' id='word_1_162' title='bbox 2488 1518 2774 1587; x_wconf 85' lang='lat' dir='ltr'><strong>plerasque</strong></span> <span class='ocrx_word' id='word_1_163' title='bbox 2821 1516 3120 1570; x_wconf 86' lang='lat' dir='ltr'><strong>dominata.</strong></span> <span class='ocrx_word' id='word_1_164' title='bbox 3178 1516 3268 1570; x_wconf 83' lang='lat' dir='ltr'><strong>Sic</strong></span> <span class='ocrx_word' id='word_1_165' title='bbox 3310 1516 3494 1585; x_wconf 82' lang='lat' dir='ltr'><strong>igitur,</strong></span> 
     </span>
    </p>
   </div>
   <div class='ocr_carea' id='block_1_17' title="bbox 246 1606 3493 1681">
    <p class='ocr_par' dir='ltr' id='par_1_17' title="bbox 246 1606 3493 1681">
     <span class='ocr_line' id='line_1_17' title="bbox 246 1606 3493 1681; baseline 0.002 -23"><span class='ocrx_word' id='word_1_166' title='bbox 246 1606 514 1671; x_wconf 75' lang='lat' dir='ltr'><strong>quomodo</strong></span> <span class='ocrx_word' id='word_1_167' title='bbox 550 1616 674 1659; x_wconf 86' lang='lat' dir='ltr'><strong>ante</strong></span> <span class='ocrx_word' id='word_1_168' title='bbox 726 1607 978 1673; x_wconf 89' lang='lat' dir='ltr'><strong>narravi,</strong></span> <span class='ocrx_word' id='word_1_169' title='bbox 1036 1608 1248 1677; x_wconf 87' lang='lat' dir='ltr'><strong>egregia</strong></span> <span class='ocrx_word' id='word_1_170' title='bbox 1296 1624 1416 1663; x_wconf 88' lang='lat' dir='ltr'><strong>sese</strong></span> <span class='ocrx_word' id='word_1_171' title='bbox 1473 1609 1850 1681; x_wconf 61' lang='lat' dir='ltr'><strong>[Egyptiorum</strong></span> <span class='ocrx_word' id='word_1_172' title='bbox 1911 1619 2218 1665; x_wconf 87' lang='lat' dir='ltr'><strong>commenta</strong></span> <span class='ocrx_word' id='word_1_173' title='bbox 2270 1610 2573 1679; x_wconf 64' lang='lat' dir='ltr'><strong>fabulaeque</strong></span> <span class='ocrx_word' id='word_1_174' title='bbox 2627 1609 2949 1663; x_wconf 87' lang='lat' dir='ltr'><strong>habuerunt.</strong></span> <span class='ocrx_word' id='word_1_175' title='bbox 2991 1608 3094 1678; x_wconf 79' lang='lat'><strong>52</strong></span> <span class='ocrx_word' id='word_1_176' title='bbox 3139 1608 3291 1662; x_wconf 85' lang='lat' dir='ltr'><strong>Nunc</strong></span> <span class='ocrx_word' id='word_1_177' title='bbox 3335 1620 3393 1665; x_wconf 91' lang='lat' dir='ltr'><strong>ut</strong></span> <span class='ocrx_word' id='word_1_178' title='bbox 3427 1612 3493 1666; x_wconf 90' lang='lat' dir='ltr'><strong>de</strong></span> 
     </span>
    </p>
   </div>
   <div class='ocr_carea' id='block_1_18' title="bbox 238 1699 3507 1781">
    <p class='ocr_par' dir='ltr' id='par_1_18' title="bbox 238 1699 3507 1781">
     <span class='ocr_line' id='line_1_18' title="bbox 238 1699 3507 1781; baseline 0.002 -29"><span class='ocrx_word' id='word_1_179' title='bbox 238 1699 443 1781; x_wconf 53' lang='lat' dir='ltr'><strong>graecis</strong></span> <span class='ocrx_word' id='word_1_180' title='bbox 501 1700 706 1769; x_wconf 89' lang='lat' dir='ltr'><strong>aliquid</strong></span> <span class='ocrx_word' id='word_1_181' title='bbox 761 1700 1028 1763; x_wconf 85' lang='lat' dir='ltr'><strong>dicamus,</strong></span> <span class='ocrx_word' id='word_1_182' title='bbox 1088 1702 1222 1755; x_wconf 87' lang='lat' dir='ltr'><strong>ordo</strong></span> <span class='ocrx_word' id='word_1_183' title='bbox 1279 1704 1538 1772; x_wconf 84' lang='lat' dir='ltr'><strong>postulat.</strong></span> <span class='ocrx_word' id='word_1_184' title='bbox 1587 1702 1653 1756; x_wconf 88' lang='lat' dir='ltr'><strong>Et</strong></span> <span class='ocrx_word' id='word_1_185' title='bbox 1704 1718 2020 1772; x_wconf 82' lang='lat' dir='ltr'><strong>quanquam</strong></span> <span class='ocrx_word' id='word_1_186' title='bbox 2080 1704 2212 1759; x_wconf 91' lang='lat' dir='ltr'><strong>istas</strong></span> <span class='ocrx_word' id='word_1_187' title='bbox 2250 1703 2397 1757; x_wconf 87' lang='lat' dir='ltr'><strong>aliud</strong></span> <span class='ocrx_word' id='word_1_188' title='bbox 2441 1718 2564 1759; x_wconf 86' lang='lat' dir='ltr'><strong>esse</strong></span> <span class='ocrx_word' id='word_1_189' title='bbox 2615 1702 2749 1756; x_wconf 89' lang='lat' dir='ltr'><strong>nihil</strong></span> <span class='ocrx_word' id='word_1_190' title='bbox 2796 1719 2958 1772; x_wconf 89' lang='lat' dir='ltr'><strong>quam</strong></span> <span class='ocrx_word' id='word_1_191' title='bbox 3012 1702 3310 1771; x_wconf 66' lang='lat' dir='ltr'><strong>fragmenta</strong></span> <span class='ocrx_word' id='word_1_192' title='bbox 3357 1720 3507 1772; x_wconf 69' lang='lat' dir='ltr'><strong>qua:-</strong></span> 
     </span>
    </p>
   </div>
   <div class='ocr_carea' id='block_1_19' title="bbox 244 1794 3503 1866">
    <p class='ocr_par' dir='ltr' id='par_1_19' title="bbox 244 1794 3503 1866">
     <span class='ocr_line' id='line_1_19' title="bbox 244 1794 3503 1866; baseline 0.001 -17"><span class='ocrx_word' id='word_1_193' title='bbox 244 1794 382 1857; x_wconf 74' lang='lat' dir='ltr'><strong>dam,</strong></span> <span class='ocrx_word' id='word_1_194' title='bbox 427 1794 780 1864; x_wconf 83' lang='lat' dir='ltr'><strong>invectasque</strong></span> <span class='ocrx_word' id='word_1_195' title='bbox 830 1812 1107 1865; x_wconf 82' lang='lat' dir='ltr'><strong>perperam</strong></span> <span class='ocrx_word' id='word_1_196' title='bbox 1165 1806 1217 1851; x_wconf 92' lang='lat' dir='ltr'><strong>et</strong></span> <span class='ocrx_word' id='word_1_197' title='bbox 1278 1798 1454 1853; x_wconf 88' lang='lat' dir='ltr'><strong>alieno</strong></span> <span class='ocrx_word' id='word_1_198' title='bbox 1522 1813 1685 1853; x_wconf 89' lang='lat' dir='ltr'><strong>sensu</strong></span> <span class='ocrx_word' id='word_1_199' title='bbox 1752 1804 1994 1851; x_wconf 70' lang='lat' dir='ltr'><strong>veterum</strong></span> <span class='ocrx_word' id='word_1_200' title='bbox 2046 1798 2259 1853; x_wconf 90' lang='lat' dir='ltr'><strong>illarum</strong></span> <span class='ocrx_word' id='word_1_201' title='bbox 2320 1796 2827 1866; x_wconf 78' lang='lat' dir='ltr'><strong>interpretationes,</strong></span> <span class='ocrx_word' id='word_1_202' title='bbox 2868 1796 3101 1865; x_wconf 73' lang='lat' dir='ltr'><strong>ipsumet</strong></span> <span class='ocrx_word' id='word_1_203' title='bbox 3149 1796 3260 1865; x_wconf 84' lang='lat' dir='ltr'><strong>jam</strong></span> <span class='ocrx_word' id='word_1_204' title='bbox 3304 1797 3503 1864; x_wconf 71' lang='lat' dir='ltr'><strong>srepius</strong></span> 
     </span>
    </p>
   </div>
   <div class='ocr_carea' id='block_1_20' title="bbox 242 1884 3503 1960">
    <p class='ocr_par' dir='ltr' id='par_1_20' title="bbox 242 1884 3503 1960">
     <span class='ocr_line' id='line_1_20' title="bbox 242 1884 3503 1960; baseline 0 -19"><span class='ocrx_word' id='word_1_205' title='bbox 242 1884 584 1941; x_wconf 71' lang='lat' dir='ltr'><strong>laudatorum</strong></span> <span class='ocrx_word' id='word_1_206' title='bbox 640 1890 964 1958; x_wconf 84' lang='lat' dir='ltr'><strong>scriptorum</strong></span> <span class='ocrx_word' id='word_1_207' title='bbox 1008 1888 1330 1944; x_wconf 89' lang='lat' dir='ltr'><strong>auctoritate</strong></span> <span class='ocrx_word' id='word_1_208' title='bbox 1373 1890 1690 1960; x_wconf 86' lang='lat' dir='ltr'><strong>judicioque</strong></span> <span class='ocrx_word' id='word_1_209' title='bbox 1728 1890 2106 1955; x_wconf 89' lang='lat' dir='ltr'><strong>ostendimus;</strong></span> <span class='ocrx_word' id='word_1_210' title='bbox 2156 1890 2205 1943; x_wconf 92' lang='lat' dir='ltr'><strong>id</strong></span> <span class='ocrx_word' id='word_1_211' title='bbox 2247 1890 2422 1960; x_wconf 70' lang='lat' dir='ltr'><strong>ipsum</strong></span> <span class='ocrx_word' id='word_1_212' title='bbox 2475 1899 2650 1943; x_wconf 88' lang='lat' dir='ltr'><strong>tamen</strong></span> <span class='ocrx_word' id='word_1_213' title='bbox 2704 1889 2969 1957; x_wconf 73' lang='lat' dir='ltr'><strong>produt-ta</strong></span> <span class='ocrx_word' id='word_1_214' title='bbox 3021 1888 3073 1942; x_wconf 90' lang='lat' dir='ltr'><strong>in</strong></span> <span class='ocrx_word' id='word_1_215' title='bbox 3123 1889 3295 1943; x_wconf 90' lang='lat' dir='ltr'><strong>lucem</strong></span> <span class='ocrx_word' id='word_1_216' title='bbox 3355 1886 3503 1943; x_wconf 70' lang='lat' dir='ltr'><strong>Grae-</strong></span> 
     </span>
    </p>
   </div>
   <div class='ocr_carea' id='block_1_21' title="bbox 242 1982 3502 2054">
    <p class='ocr_par' dir='ltr' id='par_1_21' title="bbox 242 1982 3502 2054">
     <span class='ocr_line' id='line_1_21' title="bbox 242 1982 3502 2054; baseline 0 -15"><span class='ocrx_word' id='word_1_217' title='bbox 242 2000 429 2039; x_wconf 86' lang='lat' dir='ltr'><strong>corum</strong></span> <span class='ocrx_word' id='word_1_218' title='bbox 463 1985 747 2040; x_wconf 79' lang='lat' dir='ltr'><strong>hominum</strong></span> <span class='ocrx_word' id='word_1_219' title='bbox 772 1983 1039 2053; x_wconf 80' lang='lat' dir='ltr'><strong>theologia</strong></span> <span class='ocrx_word' id='word_1_220' title='bbox 1067 1982 1270 2038; x_wconf 87' lang='lat' dir='ltr'><strong>clarius</strong></span> <span class='ocrx_word' id='word_1_221' title='bbox 1293 1984 1574 2053; x_wconf 84' lang='lat' dir='ltr'><strong>apparebit</strong></span> <span class='ocrx_word' id='word_1_222' title='bbox 1616 2002 1627 2035; x_wconf 89' lang='lat'>:</span> <span class='ocrx_word' id='word_1_223' title='bbox 1673 1985 1872 2054; x_wconf 90' lang='lat' dir='ltr'><strong>quippe</strong></span> <span class='ocrx_word' id='word_1_224' title='bbox 1901 1984 1992 2053; x_wconf 91' lang='lat' dir='ltr'><strong>qui</strong></span> <span class='ocrx_word' id='word_1_225' title='bbox 2028 1984 2080 2038; x_wconf 90' lang='lat' dir='ltr'><strong>in</strong></span> <span class='ocrx_word' id='word_1_226' title='bbox 2134 1984 2249 2039; x_wconf 88' lang='lat' dir='ltr'><strong>suis</strong></span> <span class='ocrx_word' id='word_1_227' title='bbox 2303 1984 2409 2038; x_wconf 90' lang='lat' dir='ltr'><strong>illis</strong></span> <span class='ocrx_word' id='word_1_228' title='bbox 2454 1982 2520 2038; x_wconf 92' lang='lat' dir='ltr'><strong>de</strong></span> <span class='ocrx_word' id='word_1_229' title='bbox 2548 1984 2802 2038; x_wconf 88' lang='lat' dir='ltr'><strong>universo</strong></span> <span class='ocrx_word' id='word_1_230' title='bbox 2833 1982 3061 2037; x_wconf 90' lang='lat' dir='ltr'><strong>deorum</strong></span> <span class='ocrx_word' id='word_1_231' title='bbox 3099 1998 3295 2051; x_wconf 84' lang='lat' dir='ltr'><strong>genere</strong></span> <span class='ocrx_word' id='word_1_232' title='bbox 3350 1999 3502 2039; x_wconf 84' lang='lat' dir='ltr'><strong>com-</strong></span> 
     </span>
    </p>
   </div>
   <div class='ocr_carea' id='block_1_22' title="bbox 236 2075 3478 2147">
    <p class='ocr_par' dir='ltr' id='par_1_22' title="bbox 236 2075 3478 2147">
     <span class='ocr_line' id='line_1_22' title="bbox 236 2075 3478 2147; baseline 0 -14"><span class='ocrx_word' id='word_1_233' title='bbox 236 2078 541 2141; x_wconf 85' lang='lat' dir='ltr'><strong>mentariis,</strong></span> <span class='ocrx_word' id='word_1_234' title='bbox 583 2076 862 2147; x_wconf 90' lang='lat' dir='ltr'><strong>proprium</strong></span> <span class='ocrx_word' id='word_1_235' title='bbox 898 2075 1366 2147; x_wconf 83' lang='lat' dir='ltr'><strong>domesticumque</strong></span> <span class='ocrx_word' id='word_1_236' title='bbox 1396 2076 1676 2145; x_wconf 87' lang='lat' dir='ltr'><strong>proferant</strong></span> <span class='ocrx_word' id='word_1_237' title='bbox 1716 2079 1872 2141; x_wconf 87' lang='lat' dir='ltr'><strong>nihil,</strong></span> <span class='ocrx_word' id='word_1_238' title='bbox 1924 2077 2015 2131; x_wconf 88' lang='lat' dir='ltr'><strong>sed</strong></span> <span class='ocrx_word' id='word_1_239' title='bbox 2069 2078 2121 2130; x_wconf 92' lang='lat' dir='ltr'><strong>in</strong></span> <span class='ocrx_word' id='word_1_240' title='bbox 2173 2087 2483 2131; x_wconf 76' lang='lat' dir='ltr'><strong>exterarum</strong></span> <span class='ocrx_word' id='word_1_241' title='bbox 2545 2077 2799 2147; x_wconf 69' lang='lat' dir='ltr'><strong>figmenta</strong></span> <span class='ocrx_word' id='word_1_242' title='bbox 2847 2077 3172 2145; x_wconf 89' lang='lat' dir='ltr'><strong>populorum</strong></span> <span class='ocrx_word' id='word_1_243' title='bbox 3236 2077 3478 2133; x_wconf 89' lang='lat' dir='ltr'><strong>incidant</strong></span> 
     </span>
    </p>
   </div>
   <div class='ocr_carea' id='block_1_23' title="bbox 237 2171 1568 2245">
    <p class='ocr_par' dir='ltr' id='par_1_23' title="bbox 237 2171 1568 2245">
     <span class='ocr_line' id='line_1_23' title="bbox 237 2171 1568 2245; baseline 0.005 -23"><span class='ocrx_word' id='word_1_244' title='bbox 237 2172 555 2245; x_wconf 78' lang='lat' dir='ltr'><strong>partimque</strong></span> <span class='ocrx_word' id='word_1_245' title='bbox 610 2171 920 2227; x_wconf 90' lang='lat' dir='ltr'><strong>simulacris</strong></span> <span class='ocrx_word' id='word_1_246' title='bbox 968 2172 1192 2227; x_wconf 91' lang='lat' dir='ltr'><strong>omnino</strong></span> <span class='ocrx_word' id='word_1_247' title='bbox 1250 2174 1568 2239; x_wconf 87' lang='lat' dir='ltr'><strong>similibus,</strong></span> 
     </span>
    </p>
   </div>
   <div class='ocr_carea' id='block_1_24' title="bbox 1622 2171 3496 2244">
    <p class='ocr_par' dir='ltr' id='par_1_24' title="bbox 1622 2171 3496 2244">
     <span class='ocr_line' id='line_1_24' title="bbox 1622 2171 3496 2244; baseline 0 -16"><span class='ocrx_word' id='word_1_248' title='bbox 1622 2175 1815 2244; x_wconf 90' lang='lat' dir='ltr'><strong>partim</strong></span> <span class='ocrx_word' id='word_1_249' title='bbox 1871 2175 2060 2231; x_wconf 87' lang='lat' dir='ltr'><strong>iisdem</strong></span> <span class='ocrx_word' id='word_1_250' title='bbox 2116 2189 2331 2243; x_wconf 88' lang='lat' dir='ltr'><strong>quoque</strong></span> <span class='ocrx_word' id='word_1_251' title='bbox 2380 2174 2653 2242; x_wconf 79' lang='lat' dir='ltr'><strong>mysteriis</strong></span> <span class='ocrx_word' id='word_1_252' title='bbox 2709 2173 2787 2227; x_wconf 87' lang='lat' dir='ltr'><strong>uti</strong></span> <span class='ocrx_word' id='word_1_253' title='bbox 2842 2171 3269 2239; x_wconf 80' lang='lat' dir='ltr'><strong>eonvincantur;</strong></span> <span class='ocrx_word' id='word_1_254' title='bbox 3306 2189 3496 2243; x_wconf 82' lang='lat' dir='ltr'><strong>quem-</strong></span> 
     </span>
    </p>
   </div>
   <div class='ocr_carea' id='block_1_25' title="bbox 226 2263 3497 2337">
    <p class='ocr_par' dir='ltr' id='par_1_25' title="bbox 226 2263 3497 2337">
     <span class='ocr_line' id='line_1_25' title="bbox 226 2263 3497 2337; baseline 0.001 -18"><span class='ocrx_word' id='word_1_255' title='bbox 226 2264 527 2319; x_wconf 75' lang='lat' dir='ltr'><strong>admodum</strong></span> <span class='ocrx_word' id='word_1_256' title='bbox 583 2278 648 2317; x_wconf 78' lang='lat' dir='ltr'><strong>ex</strong></span> <span class='ocrx_word' id='word_1_257' title='bbox 674 2263 989 2318; x_wconf 88' lang='lat' dir='ltr'><strong>eorumdem</strong></span> <span class='ocrx_word' id='word_1_258' title='bbox 1056 2263 1278 2317; x_wconf 90' lang='lat' dir='ltr'><strong>historia</strong></span> <span class='ocrx_word' id='word_1_259' title='bbox 1308 2264 1487 2334; x_wconf 87' lang='lat' dir='ltr'><strong>quivis</strong></span> <span class='ocrx_word' id='word_1_260' title='bbox 1540 2264 1755 2320; x_wconf 85' lang='lat' dir='ltr'><strong>auferre</strong></span> <span class='ocrx_word' id='word_1_261' title='bbox 1789 2276 1984 2335; x_wconf 87' lang='lat' dir='ltr'><strong>potest,</strong></span> <span class='ocrx_word' id='word_1_262' title='bbox 2020 2282 2182 2337; x_wconf 84' lang='lat' dir='ltr'><strong>quam</strong></span> <span class='ocrx_word' id='word_1_263' title='bbox 2219 2267 2441 2335; x_wconf 87' lang='lat' dir='ltr'><strong>ipsemet</strong></span> <span class='ocrx_word' id='word_1_264' title='bbox 2482 2264 2748 2320; x_wconf 90' lang='lat' dir='ltr'><strong>Diodorus</strong></span> <span class='ocrx_word' id='word_1_265' title='bbox 2778 2266 2935 2335; x_wconf 84' lang='lat' dir='ltr'><strong>cujus</strong></span> <span class='ocrx_word' id='word_1_266' title='bbox 2989 2282 3097 2319; x_wconf 91' lang='lat' dir='ltr'><strong>non</strong></span> <span class='ocrx_word' id='word_1_267' title='bbox 3153 2268 3320 2321; x_wconf 86' lang='lat' dir='ltr'><strong>semel</strong></span> <span class='ocrx_word' id='word_1_268' title='bbox 3372 2281 3497 2324; x_wconf 87' lang='lat' dir='ltr'><strong>ante</strong></span> 
     </span>
    </p>
   </div>
   <div class='ocr_carea' id='block_1_26' title="bbox 225 2356 3493 2435">
    <p class='ocr_par' dir='ltr' id='par_1_26' title="bbox 225 2356 3493 2435">
     <span class='ocr_line' id='line_1_26' title="bbox 225 2356 3493 2435; baseline 0.002 -24"><span class='ocrx_word' id='word_1_269' title='bbox 225 2358 455 2411; x_wconf 77' lang='lat' dir='ltr'><strong>memini</strong></span> <span class='ocrx_word' id='word_1_270' title='bbox 522 2356 680 2412; x_wconf 89' lang='lat' dir='ltr'><strong>tertio</strong></span> <span class='ocrx_word' id='word_1_271' title='bbox 737 2364 1039 2425; x_wconf 87' lang='lat' dir='ltr'><strong>quartoque</strong></span> <span class='ocrx_word' id='word_1_272' title='bbox 1092 2356 1368 2411; x_wconf 84' lang='lat' dir='ltr'><strong>volumine</strong></span> <span class='ocrx_word' id='word_1_273' title='bbox 1427 2358 1577 2412; x_wconf 87' lang='lat' dir='ltr'><strong>citati</strong></span> <span class='ocrx_word' id='word_1_274' title='bbox 1632 2359 1831 2429; x_wconf 89' lang='lat' dir='ltr'><strong>operis,</strong></span> <span class='ocrx_word' id='word_1_275' title='bbox 1886 2374 1997 2430; x_wconf 91' lang='lat' dir='ltr'><strong>quo</strong></span> <span class='ocrx_word' id='word_1_276' title='bbox 2032 2360 2212 2414; x_wconf 85' lang='lat' dir='ltr'><strong>varias</strong></span> <span class='ocrx_word' id='word_1_277' title='bbox 2252 2375 2420 2413; x_wconf 92' lang='lat' dir='ltr'><strong>unum</strong></span> <span class='ocrx_word' id='word_1_278' title='bbox 2473 2361 2527 2413; x_wconf 82' lang='lat' dir='ltr'><strong>in</strong></span> <span class='ocrx_word' id='word_1_279' title='bbox 2584 2375 2781 2428; x_wconf 90' lang='lat' dir='ltr'><strong>corpus</strong></span> <span class='ocrx_word' id='word_1_280' title='bbox 2836 2359 3198 2417; x_wconf 86' lang='lat' dir='ltr'><strong>Bibliothecas</strong></span> <span class='ocrx_word' id='word_1_281' title='bbox 3253 2362 3493 2435; x_wconf 79' lang='lat' dir='ltr'><strong>collegit,</strong></span> 
     </span>
    </p>
   </div>
   <div class='ocr_carea' id='block_1_27' title="bbox 221 2445 3494 2520">
    <p class='ocr_par' dir='ltr' id='par_1_27' title="bbox 221 2445 3494 2520">
     <span class='ocr_line' id='line_1_27' title="bbox 221 2445 3494 2520; baseline 0.002 -15"><span class='ocrx_word' id='word_1_282' title='bbox 221 2449 348 2505; x_wconf 75' lang='lat' dir='ltr'><strong>fuse</strong></span> <span class='ocrx_word' id='word_1_283' title='bbox 403 2449 773 2519; x_wconf 84' lang='lat' dir='ltr'><strong>prosequitur,</strong></span> <span class='ocrx_word' id='word_1_284' title='bbox 801 2463 919 2502; x_wconf 89' lang='lat' dir='ltr'><strong>eam</strong></span> <span class='ocrx_word' id='word_1_285' title='bbox 975 2463 1005 2501; x_wconf 89' lang='lat' dir='ltr'><strong>a</strong></span> <span class='ocrx_word' id='word_1_286' title='bbox 1039 2445 1227 2501; x_wconf 88' lang='lat' dir='ltr'><strong>Cadmi</strong></span> <span class='ocrx_word' id='word_1_287' title='bbox 1274 2454 1431 2503; x_wconf 66' lang='lat' dir='ltr'><strong>aetate</strong></span> <span class='ocrx_word' id='word_1_288' title='bbox 1467 2448 1801 2519; x_wconf 85' lang='lat' dir='ltr'><strong>auspicatus.</strong></span> <span class='ocrx_word' id='word_1_289' title='bbox 1835 2447 1988 2504; x_wconf 80' lang='lat' dir='ltr'><strong>Hune</strong></span> <span class='ocrx_word' id='word_1_290' title='bbox 2023 2466 2148 2505; x_wconf 86' lang='lat' dir='ltr'><strong>vero</strong></span> <span class='ocrx_word' id='word_1_291' title='bbox 2182 2449 2447 2504; x_wconf 83' lang='lat' dir='ltr'><strong>Cadmum</strong></span> <span class='ocrx_word' id='word_1_292' title='bbox 2494 2459 2614 2517; x_wconf 87' lang='lat' dir='ltr'><strong>post</strong></span> <span class='ocrx_word' id='word_1_293' title='bbox 2654 2447 2871 2520; x_wconf 75' lang='lat' dir='ltr'><strong>Moysen</strong></span> <span class='ocrx_word' id='word_1_294' title='bbox 2920 2462 3108 2505; x_wconf 88' lang='lat' dir='ltr'><strong>natum</strong></span> <span class='ocrx_word' id='word_1_295' title='bbox 3150 2468 3291 2519; x_wconf 87' lang='lat' dir='ltr'><strong>esse,</strong></span> <span class='ocrx_word' id='word_1_296' title='bbox 3325 2471 3494 2512; x_wconf 80' lang='lat' dir='ltr'><strong>accu-</strong></span> 
     </span>
    </p>
   </div>
   <div class='ocr_carea' id='block_1_28' title="bbox 219 2540 3493 2620">
    <p class='ocr_par' dir='ltr' id='par_1_28' title="bbox 219 2540 3493 2620">
     <span class='ocr_line' id='line_1_28' title="bbox 219 2540 3493 2620; baseline 0.001 -21"><span class='ocrx_word' id='word_1_297' title='bbox 219 2555 349 2599; x_wconf 75' lang='lat' dir='ltr'><strong>rata</strong></span> <span class='ocrx_word' id='word_1_298' title='bbox 415 2555 724 2611; x_wconf 87' lang='lat' dir='ltr'><strong>temporum</strong></span> <span class='ocrx_word' id='word_1_299' title='bbox 790 2540 931 2596; x_wconf 89' lang='lat' dir='ltr'><strong>serie</strong></span> <span class='ocrx_word' id='word_1_300' title='bbox 994 2556 1057 2594; x_wconf 89' lang='lat' dir='ltr'><strong>ac</strong></span> <span class='ocrx_word' id='word_1_301' title='bbox 1112 2543 1462 2598; x_wconf 89' lang='lat' dir='ltr'><strong>successione</strong></span> <span class='ocrx_word' id='word_1_302' title='bbox 1523 2542 1810 2598; x_wconf 80' lang='lat' dir='ltr'><strong>manifeste</strong></span> <span class='ocrx_word' id='word_1_303' title='bbox 1880 2545 2300 2614; x_wconf 83' lang='lat' dir='ltr'><strong>comprobatur,</strong></span> <span class='ocrx_word' id='word_1_304' title='bbox 2362 2553 2422 2597; x_wconf 90' lang='lat' dir='ltr'><strong>nt</strong></span> <span class='ocrx_word' id='word_1_305' title='bbox 2475 2560 2576 2599; x_wconf 92' lang='lat' dir='ltr'><strong>suo</strong></span> <span class='ocrx_word' id='word_1_306' title='bbox 2628 2544 2749 2599; x_wconf 89' lang='lat' dir='ltr'><strong>loco</strong></span> <span class='ocrx_word' id='word_1_307' title='bbox 2815 2546 3183 2602; x_wconf 88' lang='lat' dir='ltr'><strong>ostendemus.</strong></span> <span class='ocrx_word' id='word_1_308' title='bbox 3241 2546 3318 2603; x_wconf 86' lang='lat' dir='ltr'><strong>Ex</strong></span> <span class='ocrx_word' id='word_1_309' title='bbox 3383 2567 3493 2620; x_wconf 70' lang='lat' dir='ltr'><strong>quo</strong></span> 
     </span>
    </p>
   </div>
   <div class='ocr_carea' id='block_1_29' title="bbox 216 2632 3493 2709">
    <p class='ocr_par' dir='ltr' id='par_1_29' title="bbox 216 2632 3493 2709">
     <span class='ocr_line' id='line_1_29' title="bbox 216 2632 3493 2709; baseline 0.002 -18"><span class='ocrx_word' id='word_1_310' title='bbox 216 2636 479 2709; x_wconf 75' lang='lat' dir='ltr'><strong>proinde,</strong></span> <span class='ocrx_word' id='word_1_311' title='bbox 521 2634 836 2691; x_wconf 72' lang='lat' dir='ltr'><strong>Grzecorum</strong></span> <span class='ocrx_word' id='word_1_312' title='bbox 887 2632 1204 2689; x_wconf 90' lang='lat' dir='ltr'><strong>numinibus</strong></span> <span class='ocrx_word' id='word_1_313' title='bbox 1249 2636 1613 2705; x_wconf 89' lang='lat' dir='ltr'><strong>antiquiorem</strong></span> <span class='ocrx_word' id='word_1_314' title='bbox 1663 2636 1830 2691; x_wconf 89' lang='lat' dir='ltr'><strong>fuisse</strong></span> <span class='ocrx_word' id='word_1_315' title='bbox 1882 2634 2127 2707; x_wconf 80' lang='lat' dir='ltr'><strong>Moysen,</strong></span> <span class='ocrx_word' id='word_1_316' title='bbox 2190 2645 2337 2691; x_wconf 89' lang='lat' dir='ltr'><strong>certa</strong></span> <span class='ocrx_word' id='word_1_317' title='bbox 2404 2635 2616 2691; x_wconf 87' lang='lat' dir='ltr'><strong>ratione</strong></span> <span class='ocrx_word' id='word_1_318' title='bbox 2664 2636 2987 2703; x_wconf 84' lang='lat' dir='ltr'><strong>conficitur,</strong></span> <span class='ocrx_word' id='word_1_319' title='bbox 3039 2653 3162 2692; x_wconf 91' lang='lat' dir='ltr'><strong>cum</strong></span> <span class='ocrx_word' id='word_1_320' title='bbox 3220 2640 3268 2696; x_wconf 90' lang='lat' dir='ltr'><strong>is</strong></span> <span class='ocrx_word' id='word_1_321' title='bbox 3333 2652 3493 2701; x_wconf 60' lang='grc' dir='ltr'>πίσω</span> 
     </span>
    </p>
   </div>
   <div class='ocr_carea' id='block_1_30' title="bbox 214 2726 3488 2802">
    <p class='ocr_par' dir='ltr' id='par_1_30' title="bbox 214 2726 3488 2802">
     <span class='ocr_line' id='line_1_30' title="bbox 214 2726 3488 2802; baseline 0.002 -18"><span class='ocrx_word' id='word_1_322' title='bbox 214 2731 492 2784; x_wconf 75' lang='lat' dir='ltr'><strong>Cadmum</strong></span> <span class='ocrx_word' id='word_1_323' title='bbox 530 2726 903 2788; x_wconf 87' lang='lat' dir='ltr'><strong>antecesserit,</strong></span> <span class='ocrx_word' id='word_1_324' title='bbox 944 2737 1067 2797; x_wconf 86' lang='lat' dir='ltr'><strong>post</strong></span> <span class='ocrx_word' id='word_1_325' title='bbox 1116 2742 1278 2798; x_wconf 92' lang='lat' dir='ltr'><strong>quem</strong></span> <span class='ocrx_word' id='word_1_326' title='bbox 1326 2726 1640 2783; x_wconf 62' lang='lat' dir='ltr'><strong>Graecorum</strong></span> <span class='ocrx_word' id='word_1_327' title='bbox 1668 2730 1800 2784; x_wconf 92' lang='lat' dir='ltr'><strong>deos</strong></span> <span class='ocrx_word' id='word_1_328' title='bbox 1830 2729 1882 2782; x_wconf 94' lang='lat' dir='ltr'><strong>in</strong></span> <span class='ocrx_word' id='word_1_329' title='bbox 1907 2729 2078 2785; x_wconf 90' lang='lat' dir='ltr'><strong>lucem</strong></span> <span class='ocrx_word' id='word_1_330' title='bbox 2098 2730 2270 2785; x_wconf 90' lang='lat' dir='ltr'><strong>editos</strong></span> <span class='ocrx_word' id='word_1_331' title='bbox 2308 2728 2479 2784; x_wconf 85' lang='lat' dir='ltr'><strong>fuisse</strong></span> <span class='ocrx_word' id='word_1_332' title='bbox 2500 2738 2733 2783; x_wconf 90' lang='lat' dir='ltr'><strong>constat.</strong></span> <span class='ocrx_word' id='word_1_333' title='bbox 2783 2728 2887 2782; x_wconf 87' lang='lat' dir='ltr'><strong>Sed</strong></span> <span class='ocrx_word' id='word_1_334' title='bbox 2928 2728 3198 2797; x_wconf 76' lang='lat' dir='ltr'><strong>ipsissima</strong></span> <span class='ocrx_word' id='word_1_335' title='bbox 3247 2732 3488 2802; x_wconf 76' lang='lat' dir='ltr'><strong>ejusdem</strong></span> 
     </span>
    </p>
   </div>
   <div class='ocr_carea' id='block_1_31' title="bbox 214 2818 989 2889">
    <p class='ocr_par' dir='ltr' id='par_1_31' title="bbox 214 2818 989 2889">
     <span class='ocr_line' id='line_1_31' title="bbox 214 2818 989 2889; baseline -0.004 -14"><span class='ocrx_word' id='word_1_336' title='bbox 214 2821 468 2876; x_wconf 81' lang='lat' dir='ltr'><strong>auctoris</strong></span> <span class='ocrx_word' id='word_1_337' title='bbox 496 2820 662 2874; x_wconf 88' lang='lat' dir='ltr'><strong>verba</strong></span> <span class='ocrx_word' id='word_1_338' title='bbox 699 2818 811 2889; x_wconf 88' lang='lat' dir='ltr'><strong>jam</strong></span> <span class='ocrx_word' id='word_1_339' title='bbox 844 2820 989 2873; x_wconf 89' lang='lat' dir='ltr'><strong>audi.</strong></span> 
     </span>
    </p>
   </div>
   <div class='ocr_carea' id='block_1_32' title="bbox 754 2938 1271 2992">
    <p class='ocr_par' dir='ltr' id='par_1_32' title="bbox 754 2938 1271 2992">
     <span class='ocr_line' id='line_1_32' title="bbox 754 2938 1271 2992; baseline 0.004 -2"><span class='ocrx_word' id='word_1_340' title='bbox 754 2938 1150 2992; x_wconf 77' lang='grc' dir='ltr'><strong>ΚΕΦΑΛᾹῘΟΝ</strong></span> <span class='ocrx_word' id='word_1_341' title='bbox 1197 2938 1271 2992; x_wconf 90' lang='lat' dir='ltr'><strong>B&#39;.</strong></span> 
     </span>
    </p>
   </div>
   <div class='ocr_carea' id='block_1_33' title="bbox 2528 2934 2863 2991">
    <p class='ocr_par' dir='ltr' id='par_1_33' title="bbox 2528 2934 2863 2991">
     <span class='ocr_line' id='line_1_33' title="bbox 2528 2934 2863 2991; baseline 0 0"><span class='ocrx_word' id='word_1_342' title='bbox 2528 2934 2755 2991; x_wconf 83' lang='lat' dir='ltr'><strong>CAPUT</strong></span> <span class='ocrx_word' id='word_1_343' title='bbox 2798 2935 2863 2991; x_wconf 85' lang='lat' dir='ltr'><strong>ll.</strong></span> 
     </span>
    </p>
   </div>
   <div class='ocr_carea' id='block_1_34' title="bbox 224 3029 1787 3104">
    <p class='ocr_par' dir='ltr' id='par_1_34' title="bbox 224 3029 1787 3104">
     <span class='ocr_line' id='line_1_34' title="bbox 224 3029 1787 3104; baseline 0.001 -19"><span class='ocrx_word' id='word_1_344' title='bbox 224 3029 509 3101; x_wconf 73' lang='grc' dir='ltr'>ἐπιτομὴ</span> <span class='ocrx_word' id='word_1_345' title='bbox 533 3029 654 3104; x_wconf 75' lang='grc' dir='ltr'>τῶν</span> <span class='ocrx_word' id='word_1_346' title='bbox 674 3032 812 3104; x_wconf 63' lang='lat' dir='ltr'><strong>:rap:</strong></span> <span class='ocrx_word' id='word_1_347' title='bbox 835 3032 1085 3104; x_wconf 58' lang='grc' dir='ltr'>Ἕλλησι</span> <span class='ocrx_word' id='word_1_348' title='bbox 1119 3032 1254 3100; x_wconf 83' lang='grc' dir='ltr'>περί</span> <span class='ocrx_word' id='word_1_349' title='bbox 1285 3049 1348 3085; x_wconf 85' lang='grc' dir='ltr'><strong>τε</strong></span> <span class='ocrx_word' id='word_1_350' title='bbox 1374 3031 1544 3104; x_wconf 82' lang='grc' dir='ltr'>θεῶν,</span> <span class='ocrx_word' id='word_1_351' title='bbox 1567 3032 1666 3087; x_wconf 80' lang='grc' dir='ltr'>καὶ</span> <span class='ocrx_word' id='word_1_352' title='bbox 1693 3032 1787 3086; x_wconf 61' lang='grc' dir='ltr'>τῶν</span> 
     </span>
    </p>
   </div>
   <div class='ocr_carea' id='block_1_35' title="bbox 1891 3029 3483 3104">
    <p class='ocr_par' dir='ltr' id='par_1_35' title="bbox 1913 3030 3483 3104">
     <span class='ocr_line' id='line_1_35' title="bbox 1913 3030 3483 3104; baseline 0.001 -16"><span class='ocrx_word' id='word_1_353' title='bbox 1913 3032 2376 3104; x_wconf 77' lang='lat' dir='ltr'><strong>Eorumepitoma.</strong></span> <span class='ocrx_word' id='word_1_354' title='bbox 2431 3049 2550 3104; x_wconf 72' lang='lat' dir='ltr'><strong>qua:</strong></span> <span class='ocrx_word' id='word_1_355' title='bbox 2602 3032 2664 3085; x_wconf 84' lang='lat' dir='ltr'><strong>de</strong></span> <span class='ocrx_word' id='word_1_356' title='bbox 2695 3030 2997 3104; x_wconf 70' lang='lat' dir='ltr'><strong>ercorum</strong></span> <span class='ocrx_word' id='word_1_357' title='bbox 3023 3030 3126 3084; x_wconf 81' lang='lat' dir='ltr'><strong>diis</strong></span> <span class='ocrx_word' id='word_1_358' title='bbox 3155 3043 3205 3086; x_wconf 81' lang='lat' dir='ltr'><strong>et</strong></span> <span class='ocrx_word' id='word_1_359' title='bbox 3241 3033 3483 3089; x_wconf 67' lang='lat' dir='ltr'><strong>heroibus</strong></span> 
     </span>
    </p>
   </div>
   <div class='ocr_carea' id='block_1_36' title="bbox 468 3100 1549 3171">
    <p class='ocr_par' dir='ltr' id='par_1_36' title="bbox 468 3100 1549 3171">
     <span class='ocr_line' id='line_1_36' title="bbox 468 3100 1549 3171; baseline 0.001 -17"><span class='ocrx_word' id='word_1_360' title='bbox 468 3102 608 3169; x_wconf 73' lang='grc' dir='ltr'>παρ’</span> <span class='ocrx_word' id='word_1_361' title='bbox 637 3101 838 3167; x_wconf 79' lang='grc' dir='ltr'>αὐτοῖς</span> <span class='ocrx_word' id='word_1_362' title='bbox 870 3100 1077 3169; x_wconf 75' lang='grc' dir='ltr'><strong>ἡρώων</strong></span> <span class='ocrx_word' id='word_1_363' title='bbox 1101 3103 1549 3171; x_wconf 75' lang='grc' dir='ltr'><strong>μυθευομένων.</strong></span> 
     </span>
    </p>
   </div>
   <div class='ocr_carea' id='block_1_37' title="bbox 2338 3102 3054 3176">
    <p class='ocr_par' dir='ltr' id='par_1_37' title="bbox 2338 3102 3054 3176">
     <span class='ocr_line' id='line_1_37' title="bbox 2338 3102 3054 3176; baseline -0.008 -17"><span class='ocrx_word' id='word_1_364' title='bbox 2338 3102 2577 3176; x_wconf 74' lang='lat' dir='ltr'><strong>fabulose</strong></span> <span class='ocrx_word' id='word_1_365' title='bbox 2626 3102 2852 3170; x_wconf 79' lang='lat' dir='ltr'><strong>conﬁcta</strong></span> <span class='ocrx_word' id='word_1_366' title='bbox 2912 3111 3054 3154; x_wconf 71' lang='lat' dir='ltr'><strong>aaut.</strong></span> 
     </span>
    </p>
   </div>
   <div class='ocr_carea' id='block_1_38' title="bbox 280 3192 1787 3287">
    <p class='ocr_par' dir='ltr' id='par_1_38' title="bbox 280 3192 1787 3267">
     <span class='ocr_line' id='line_1_38' title="bbox 280 3192 1787 3267; baseline 0.001 -18"><span class='ocrx_word' id='word_1_367' title='bbox 280 3192 394 3265; x_wconf 73' lang='grc'><strong>(52)</strong></span> <span class='ocrx_word' id='word_1_368' title='bbox 416 3193 669 3265; x_wconf 50' lang='grc' dir='ltr'>Κῶμον,</span> <span class='ocrx_word' id='word_1_369' title='bbox 702 3194 791 3247; x_wconf 78' lang='grc' dir='ltr'><strong>τὸν</strong></span> <span class='ocrx_word' id='word_1_370' title='bbox 822 3194 1130 3265; x_wconf 79' lang='grc' dir='ltr'><strong>Ἀγήνορος,</strong></span> <span class='ocrx_word' id='word_1_371' title='bbox 1154 3198 1317 3263; x_wconf 75' lang='grc' dir='ltr'>φασὶν</span> <span class='ocrx_word' id='word_1_372' title='bbox 1344 3196 1407 3248; x_wconf 79' lang='grc' dir='ltr'><strong>ἐκ</strong></span> <span class='ocrx_word' id='word_1_373' title='bbox 1423 3195 1675 3267; x_wconf 83' lang='grc' dir='ltr'><strong>Φοινίκης</strong></span> <span class='ocrx_word' id='word_1_374' title='bbox 1697 3196 1787 3250; x_wconf 69' lang='lat' dir='ltr'><strong>imi</strong></span> 
     </span>
    </p>
   </div>
   <div class='ocr_carea' id='block_1_39' title="bbox 1891 3192 3481 3287">
    <p class='ocr_par' dir='ltr' id='par_1_39' title="bbox 1979 3193 3481 3267">
     <span class='ocr_line' id='line_1_39' title="bbox 1979 3193 3481 3267; baseline -0.003 -14"><span class='ocrx_word' id='word_1_375' title='bbox 1979 3197 2245 3257; x_wconf 88' lang='lat' dir='ltr'><strong>Cadmum</strong></span> <span class='ocrx_word' id='word_1_376' title='bbox 2290 3195 2555 3267; x_wconf 76' lang='lat' dir='ltr'><strong>Agenoris</strong></span> <span class='ocrx_word' id='word_1_377' title='bbox 2586 3193 2756 3248; x_wconf 80' lang='lat' dir='ltr'><strong>filium</strong></span> <span class='ocrx_word' id='word_1_378' title='bbox 2809 3202 3135 3257; x_wconf 90' lang='lat' dir='ltr'><strong>memorant,</strong></span> <span class='ocrx_word' id='word_1_379' title='bbox 3162 3208 3227 3248; x_wconf 80' lang='lat' dir='ltr'><strong>ex</strong></span> <span class='ocrx_word' id='word_1_380' title='bbox 3259 3193 3481 3250; x_wconf 70' lang='lat' dir='ltr'><strong>Phreni-</strong></span> 
     </span>
    </p>
   </div>
   <div class='ocr_carea' id='block_1_40' title="bbox 204 3285 1801 3359">
    <p class='ocr_par' dir='ltr' id='par_1_40' title="bbox 204 3285 1801 3359">
     <span class='ocr_line' id='line_1_40' title="bbox 204 3285 1801 3359; baseline 0.001 -19"><span class='ocrx_word' id='word_1_381' title='bbox 204 3286 300 3340; x_wconf 74' lang='grc' dir='ltr'><strong>τοῦ</strong></span> <span class='ocrx_word' id='word_1_382' title='bbox 352 3285 631 3357; x_wconf 79' lang='grc' dir='ltr'>βασιλέως</span> <span class='ocrx_word' id='word_1_383' title='bbox 698 3285 1069 3356; x_wconf 78' lang='grc' dir='ltr'><strong>ἀποσταλῆναι</strong></span> <span class='ocrx_word' id='word_1_384' title='bbox 1127 3286 1262 3358; x_wconf 82' lang='grc' dir='ltr'>πρὸς</span> <span class='ocrx_word' id='word_1_385' title='bbox 1319 3287 1650 3359; x_wconf 77' lang='grc' dir='ltr'><strong>ἀναζήτησιν</strong></span> <span class='ocrx_word' id='word_1_386' title='bbox 1700 3289 1801 3359; x_wconf 84' lang='grc' dir='ltr'>τῆς</span> 
     </span>
    </p>
   </div>
   <div class='ocr_carea' id='block_1_41' title="bbox 202 3376 1798 3450">
    <p class='ocr_par' dir='ltr' id='par_1_41' title="bbox 202 3376 1798 3450">
     <span class='ocr_line' id='line_1_41' title="bbox 202 3376 1798 3450; baseline 0.001 -19"><span class='ocrx_word' id='word_1_387' title='bbox 202 3376 509 3448; x_wconf 70' lang='grc' dir='ltr'>Εὐρώπης,</span> <span class='ocrx_word' id='word_1_388' title='bbox 544 3378 612 3448; x_wconf 80' lang='grc' dir='ltr'>ἣν</span> <span class='ocrx_word' id='word_1_389' title='bbox 661 3377 763 3430; x_wconf 79' lang='grc' dir='ltr'><strong>ὑπὸ</strong></span> <span class='ocrx_word' id='word_1_390' title='bbox 814 3377 935 3441; x_wconf 86' lang='grc' dir='ltr'>Διὸς</span> <span class='ocrx_word' id='word_1_391' title='bbox 972 3378 1301 3449; x_wconf 80' lang='grc' dir='ltr'>ἁρπαγῆναι.</span> <span class='ocrx_word' id='word_1_392' title='bbox 1337 3378 1428 3449; x_wconf 82' lang='grc' dir='ltr'>Μὴ</span> <span class='ocrx_word' id='word_1_393' title='bbox 1462 3378 1689 3450; x_wconf 81' lang='grc' dir='ltr'>εὑρόντα</span> <span class='ocrx_word' id='word_1_394' title='bbox 1721 3380 1798 3442; x_wconf 76' lang='grc' dir='ltr'><strong>δὲ,</strong></span> 
     </span>
    </p>
   </div>
   <div class='ocr_carea' id='block_1_42' title="bbox 202 3467 1799 3543">
    <p class='ocr_par' dir='ltr' id='par_1_42' title="bbox 202 3467 1799 3543">
     <span class='ocr_line' id='line_1_42' title="bbox 202 3467 1799 3543; baseline -0.001 -21"><span class='ocrx_word' id='word_1_395' title='bbox 202 3472 281 3532; x_wconf 77' lang='grc' dir='ltr'>εἰς</span> <span class='ocrx_word' id='word_1_396' title='bbox 307 3468 587 3523; x_wconf 75' lang='grc' dir='ltr'><strong>Βοιωτίαν</strong></span> <span class='ocrx_word' id='word_1_397' title='bbox 620 3467 793 3521; x_wconf 79' lang='grc' dir='ltr'>ἐλθεῖν</span> <span class='ocrx_word' id='word_1_398' title='bbox 819 3468 1005 3522; x_wconf 80' lang='grc' dir='ltr'>κτίσαι</span> <span class='ocrx_word' id='word_1_399' title='bbox 1032 3486 1091 3521; x_wconf 89' lang='grc' dir='ltr'><strong>τε</strong></span> <span class='ocrx_word' id='word_1_400' title='bbox 1130 3469 1229 3533; x_wconf 68' lang='grc' dir='ltr'>τὰς</span> <span class='ocrx_word' id='word_1_401' title='bbox 1262 3469 1447 3524; x_wconf 77' lang='grc' dir='ltr'>αὐτόθι</span> <span class='ocrx_word' id='word_1_402' title='bbox 1468 3469 1669 3543; x_wconf 74' lang='grc' dir='ltr'>Θήϐας,</span> <span class='ocrx_word' id='word_1_403' title='bbox 1696 3473 1799 3543; x_wconf 77' lang='grc' dir='ltr'><strong>γή-</strong></span> 
     </span>
    </p>
   </div>
   <div class='ocr_carea' id='block_1_43' title="bbox 201 3560 1800 3635">
    <p class='ocr_par' dir='ltr' id='par_1_43' title="bbox 201 3560 1800 3635">
     <span class='ocr_line' id='line_1_43' title="bbox 201 3560 1800 3635; baseline -0.001 -17"><span class='ocrx_word' id='word_1_404' title='bbox 201 3580 389 3633; x_wconf 76' lang='grc' dir='ltr'>μαντα</span> <span class='ocrx_word' id='word_1_405' title='bbox 434 3560 496 3616; x_wconf 54' lang='grc' dir='ltr'><strong>ἃ</strong></span> <span class='ocrx_word' id='word_1_406' title='bbox 552 3562 851 3634; x_wconf 83' lang='grc' dir='ltr'>Ἀρμονίαν</span> <span class='ocrx_word' id='word_1_407' title='bbox 903 3563 1000 3634; x_wconf 74' lang='grc' dir='ltr'><strong>τὴν</strong></span> <span class='ocrx_word' id='word_1_408' title='bbox 1046 3563 1384 3635; x_wconf 77' lang='grc' dir='ltr'>Ἀφροδίτης,</span> <span class='ocrx_word' id='word_1_409' title='bbox 1431 3564 1687 3635; x_wconf 86' lang='grc' dir='ltr'>γεννῆσαι</span> <span class='ocrx_word' id='word_1_410' title='bbox 1742 3564 1800 3631; x_wconf 80' lang='grc' dir='ltr'><strong>ἐξ</strong></span> 
     </span>
    </p>
   </div>
   <div class='ocr_carea' id='block_1_44' title="bbox 200 3652 1799 3729">
    <p class='ocr_par' dir='ltr' id='par_1_44' title="bbox 200 3652 1799 3729">
     <span class='ocr_line' id='line_1_44' title="bbox 200 3652 1799 3729; baseline -0.001 -22"><span class='ocrx_word' id='word_1_411' title='bbox 200 3656 379 3724; x_wconf 70' lang='grc' dir='ltr'>αὐτῆς</span> <span class='ocrx_word' id='word_1_412' title='bbox 404 3654 657 3724; x_wconf 80' lang='grc' dir='ltr'><strong>Σεμέλην</strong></span> <span class='ocrx_word' id='word_1_413' title='bbox 682 3654 776 3707; x_wconf 72' lang='grc' dir='ltr'><strong>καὶ</strong></span> <span class='ocrx_word' id='word_1_414' title='bbox 800 3654 900 3718; x_wconf 75' lang='grc' dir='ltr'><strong>τὰς</strong></span> <span class='ocrx_word' id='word_1_415' title='bbox 924 3652 1126 3726; x_wconf 80' lang='grc' dir='ltr'>ταύτης</span> <span class='ocrx_word' id='word_1_416' title='bbox 1146 3653 1397 3723; x_wconf 83' lang='grc' dir='ltr'>ἀδελφάς.</span> <span class='ocrx_word' id='word_1_417' title='bbox 1413 3656 1489 3725; x_wconf 82' lang='grc' dir='ltr'><strong>Τῇ</strong></span> <span class='ocrx_word' id='word_1_418' title='bbox 1515 3654 1571 3708; x_wconf 85' lang='grc' dir='ltr'><strong>δὲ</strong></span> <span class='ocrx_word' id='word_1_419' title='bbox 1591 3654 1799 3729; x_wconf 82' lang='grc' dir='ltr'><strong>Σεμέλῃ</strong></span> 
     </span>
    </p>
   </div>
   <div class='ocr_carea' id='block_1_45' title="bbox 201 3745 1798 3817">
    <p class='ocr_par' dir='ltr' id='par_1_45' title="bbox 201 3745 1798 3817">
     <span class='ocr_line' id='line_1_45' title="bbox 201 3745 1798 3817; baseline 0.001 -17"><span class='ocrx_word' id='word_1_420' title='bbox 201 3746 291 3800; x_wconf 72' lang='grc' dir='ltr'>τὸν</span> <span class='ocrx_word' id='word_1_421' title='bbox 316 3747 422 3800; x_wconf 83' lang='grc' dir='ltr'>Δία</span> <span class='ocrx_word' id='word_1_422' title='bbox 447 3746 687 3815; x_wconf 69' lang='grc' dir='ltr'>μιγέντα</span> <span class='ocrx_word' id='word_1_423' title='bbox 712 3746 1134 3817; x_wconf 80' lang='grc' dir='ltr'>παρακληθῆναι</span> <span class='ocrx_word' id='word_1_424' title='bbox 1160 3745 1259 3809; x_wconf 81' lang='grc' dir='ltr'><strong>τὰς</strong></span> <span class='ocrx_word' id='word_1_425' title='bbox 1289 3746 1590 3810; x_wconf 80' lang='grc' dir='ltr'>ἐπιπλοκὰς</span> <span class='ocrx_word' id='word_1_426' title='bbox 1608 3748 1798 3817; x_wconf 85' lang='grc' dir='ltr'>ὁμοίας</span> 
     </span>
    </p>
   </div>
   <div class='ocr_carea' id='block_1_46' title="bbox 197 3838 1797 3911">
    <p class='ocr_par' dir='ltr' id='par_1_46' title="bbox 197 3838 1797 3911">
     <span class='ocr_line' id='line_1_46' title="bbox 197 3838 1797 3911; baseline -0.001 -19"><span class='ocrx_word' id='word_1_427' title='bbox 197 3841 336 3910; x_wconf 68' lang='grc' dir='ltr'>αὐτῇ</span> <span class='ocrx_word' id='word_1_428' title='bbox 378 3838 719 3909; x_wconf 80' lang='grc' dir='ltr'>ποιήσασθαι</span> <span class='ocrx_word' id='word_1_429' title='bbox 749 3842 870 3903; x_wconf 84' lang='grc' dir='ltr'>ταῖς</span> <span class='ocrx_word' id='word_1_430' title='bbox 888 3838 1019 3911; x_wconf 84' lang='grc' dir='ltr'>πρὸς</span> <span class='ocrx_word' id='word_1_431' title='bbox 1044 3840 1142 3909; x_wconf 83' lang='grc' dir='ltr'>τὴν</span> <span class='ocrx_word' id='word_1_432' title='bbox 1160 3841 1354 3911; x_wconf 77' lang='grc' dir='ltr'>”Ηραν.</span> <span class='ocrx_word' id='word_1_433' title='bbox 1376 3839 1721 3903; x_wconf 80' lang='grc' dir='ltr'>Ἐπελθόντος</span> <span class='ocrx_word' id='word_1_434' title='bbox 1740 3839 1797 3893; x_wconf 82' lang='grc' dir='ltr'><strong>δὲ</strong></span> 
     </span>
    </p>
   </div>
   <div class='ocr_carea' id='block_1_47' title="bbox 197 3930 1797 4005">
    <p class='ocr_par' dir='ltr' id='par_1_47' title="bbox 197 3930 1797 4005">
     <span class='ocr_line' id='line_1_47' title="bbox 197 3930 1797 4005; baseline -0.003 -18"><span class='ocrx_word' id='word_1_435' title='bbox 197 3932 368 3987; x_wconf 69' lang='grc' dir='ltr'>αὐτοῦ</span> <span class='ocrx_word' id='word_1_436' title='bbox 403 3931 736 4005; x_wconf 82' lang='grc' dir='ltr'>θεοπρεπῶς</span> <span class='ocrx_word' id='word_1_437' title='bbox 777 3932 917 4003; x_wconf 73' lang='grc' dir='ltr'>μετὰ</span> <span class='ocrx_word' id='word_1_438' title='bbox 960 3930 1197 4003; x_wconf 87' lang='grc' dir='ltr'>βροντῶν</span> <span class='ocrx_word' id='word_1_439' title='bbox 1231 3932 1325 3985; x_wconf 81' lang='grc' dir='ltr'><strong>καὶ</strong></span> <span class='ocrx_word' id='word_1_440' title='bbox 1350 3930 1665 4003; x_wconf 82' lang='grc' dir='ltr'>ἀστραπῶν,</span> <span class='ocrx_word' id='word_1_441' title='bbox 1697 3931 1797 3984; x_wconf 84' lang='grc' dir='ltr'><strong>οὐκ</strong></span> 
     </span>
    </p>
   </div>
   <div class='ocr_carea' id='block_1_48' title="bbox 202 4017 1795 4096">
    <p class='ocr_par' dir='ltr' id='par_1_48' title="bbox 202 4017 1795 4096">
     <span class='ocr_line' id='line_1_48' title="bbox 202 4017 1795 4096; baseline -0.003 -17"><span class='ocrx_word' id='word_1_442' title='bbox 202 4027 448 4093; x_wconf 71' lang='grc' dir='ltr'>ἐνεγκεῖν</span> <span class='ocrx_word' id='word_1_443' title='bbox 478 4024 583 4096; x_wconf 71' lang='grc' dir='ltr'>τὴν</span> <span class='ocrx_word' id='word_1_444' title='bbox 619 4024 861 4095; x_wconf 77' lang='grc' dir='ltr'>Σεμέλην</span> <span class='ocrx_word' id='word_1_445' title='bbox 889 4022 1164 4093; x_wconf 78' lang='grc' dir='ltr'>ἐγκύμονα</span> <span class='ocrx_word' id='word_1_446' title='bbox 1184 4022 1294 4093; x_wconf 76' lang='lat'><strong>(55)</strong></span> <span class='ocrx_word' id='word_1_447' title='bbox 1326 4017 1488 4075; x_wconf 76' lang='grc' dir='ltr'>οὖσαν</span> <span class='ocrx_word' id='word_1_448' title='bbox 1520 4021 1795 4093; x_wconf 82' lang='grc' dir='ltr'>ἐκτρῶσαι</span> 
     </span>
    </p>
   </div>
   <div class='ocr_carea' id='block_1_49' title="bbox 200 4112 1788 4189">
    <p class='ocr_par' dir='ltr' id='par_1_49' title="bbox 200 4112 1788 4189">
     <span class='ocr_line' id='line_1_49' title="bbox 200 4112 1788 4189; baseline -0.002 -19"><span class='ocrx_word' id='word_1_449' title='bbox 200 4119 255 4172; x_wconf 70' lang='grc' dir='ltr'><strong>τὸ</strong></span> <span class='ocrx_word' id='word_1_450' title='bbox 296 4118 507 4189; x_wconf 63' lang='grc' dir='ltr'>βρέφος</span> <span class='ocrx_word' id='word_1_451' title='bbox 534 4156 550 4182; x_wconf 90' lang='grc'><strong>,</strong></span> <span class='ocrx_word' id='word_1_452' title='bbox 604 4116 711 4169; x_wconf 80' lang='grc' dir='ltr'>ὑπὸ</span> <span class='ocrx_word' id='word_1_453' title='bbox 762 4115 819 4168; x_wconf 84' lang='grc' dir='ltr'>δὲ</span> <span class='ocrx_word' id='word_1_454' title='bbox 870 4114 962 4167; x_wconf 74' lang='grc' dir='ltr'>τοῦ</span> <span class='ocrx_word' id='word_1_455' title='bbox 1011 4114 1182 4185; x_wconf 83' lang='grc' dir='ltr'>πυρὸς</span> <span class='ocrx_word' id='word_1_456' title='bbox 1234 4113 1401 4184; x_wconf 77' lang='grc' dir='ltr'>αὐτὴν</span> <span class='ocrx_word' id='word_1_457' title='bbox 1448 4112 1788 4184; x_wconf 79' lang='grc' dir='ltr'>τελευτῆσαι.</span> 
     </span>
    </p>
   </div>
   <div class='ocr_carea' id='block_1_50' title="bbox 200 4206 1787 4279">
    <p class='ocr_par' dir='ltr' id='par_1_50' title="bbox 200 4206 1787 4279">
     <span class='ocr_line' id='line_1_50' title="bbox 200 4206 1787 4279; baseline -0.002 -14"><span class='ocrx_word' id='word_1_458' title='bbox 200 4212 297 4265; x_wconf 70' lang='grc' dir='ltr'><strong>Τδν</strong></span> <span class='ocrx_word' id='word_1_459' title='bbox 322 4210 380 4265; x_wconf 75' lang='grc' dir='ltr'><strong>δὲ</strong></span> <span class='ocrx_word' id='word_1_460' title='bbox 400 4210 507 4263; x_wconf 79' lang='grc' dir='ltr'>Δία</span> <span class='ocrx_word' id='word_1_461' title='bbox 537 4208 777 4263; x_wconf 75' lang='grc' dir='ltr'>λαϐόντα</span> <span class='ocrx_word' id='word_1_462' title='bbox 797 4208 858 4261; x_wconf 84' lang='grc' dir='ltr'><strong>τὸ</strong></span> <span class='ocrx_word' id='word_1_463' title='bbox 881 4208 1106 4272; x_wconf 78' lang='grc' dir='ltr'>παιδίον,</span> <span class='ocrx_word' id='word_1_464' title='bbox 1133 4207 1469 4279; x_wconf 75' lang='grc' dir='ltr'>παραδοῦναι</span> <span class='ocrx_word' id='word_1_465' title='bbox 1491 4206 1567 4277; x_wconf 84' lang='grc' dir='ltr'>τῷ</span> <span class='ocrx_word' id='word_1_466' title='bbox 1594 4208 1787 4279; x_wconf 81' lang='grc' dir='ltr'>Ἐρμῇ·</span> 
     </span>
    </p>
   </div>
   <div class='ocr_carea' id='block_1_51' title="bbox 203 4299 1789 4375">
    <p class='ocr_par' dir='ltr' id='par_1_51' title="bbox 203 4299 1789 4375">
     <span class='ocr_line' id='line_1_51' title="bbox 203 4299 1789 4375; baseline -0.004 -17"><span class='ocrx_word' id='word_1_467' title='bbox 203 4303 488 4375; x_wconf 55' lang='grc' dir='ltr'>ἐκπέμψαι</span> <span class='ocrx_word' id='word_1_468' title='bbox 523 4319 587 4355; x_wconf 86' lang='grc' dir='ltr'><strong>τε</strong></span> <span class='ocrx_word' id='word_1_469' title='bbox 618 4303 699 4365; x_wconf 83' lang='grc' dir='ltr'><strong>είς</strong></span> <span class='ocrx_word' id='word_1_470' title='bbox 736 4301 796 4355; x_wconf 82' lang='grc' dir='ltr'>τὸ</span> <span class='ocrx_word' id='word_1_471' title='bbox 852 4303 909 4354; x_wconf 86' lang='grc' dir='ltr'><strong>ἐν</strong></span> <span class='ocrx_word' id='word_1_472' title='bbox 941 4303 1003 4371; x_wconf 81' lang='grc' dir='ltr'>τῇ</span> <span class='ocrx_word' id='word_1_473' title='bbox 1060 4299 1216 4373; x_wconf 82' lang='grc' dir='ltr'>Νύσῃ</span> <span class='ocrx_word' id='word_1_474' title='bbox 1259 4299 1488 4372; x_wconf 81' lang='grc' dir='ltr'>ἄντρον,</span> <span class='ocrx_word' id='word_1_475' title='bbox 1540 4300 1789 4369; x_wconf 81' lang='grc' dir='ltr'>κείμενον</span> 
     </span>
    </p>
   </div>
   <div class='ocr_carea' id='block_1_52' title="bbox 202 4390 1789 4464">
    <p class='ocr_par' dir='ltr' id='par_1_52' title="bbox 202 4390 1789 4464">
     <span class='ocr_line' id='line_1_52' title="bbox 202 4390 1789 4464; baseline -0.003 -17"><span class='ocrx_word' id='word_1_476' title='bbox 202 4394 401 4464; x_wconf 72' lang='grc' dir='ltr'>μεταξὺ</span> <span class='ocrx_word' id='word_1_477' title='bbox 436 4392 702 4463; x_wconf 79' lang='grc' dir='ltr'>Φοινίκης</span> <span class='ocrx_word' id='word_1_478' title='bbox 743 4410 800 4446; x_wconf 86' lang='grc' dir='ltr'><strong>τε</strong></span> <span class='ocrx_word' id='word_1_479' title='bbox 829 4392 921 4445; x_wconf 72' lang='grc' dir='ltr'><strong>καὶ</strong></span> <span class='ocrx_word' id='word_1_480' title='bbox 964 4391 1175 4445; x_wconf 81' lang='grc' dir='ltr'>Νείλου.</span> <span class='ocrx_word' id='word_1_481' title='bbox 1220 4391 1374 4445; x_wconf 68' lang='grc' dir='ltr'>Οὕτω</span> <span class='ocrx_word' id='word_1_482' title='bbox 1416 4391 1473 4444; x_wconf 82' lang='grc' dir='ltr'>δὲ</span> <span class='ocrx_word' id='word_1_483' title='bbox 1516 4390 1789 4462; x_wconf 77' lang='grc' dir='ltr'>τραφέντα</span> 
     </span>
    </p>
   </div>
   <div class='ocr_carea' id='block_1_53' title="bbox 198 4480 1787 4555">
    <p class='ocr_par' dir='ltr' id='par_1_53' title="bbox 198 4480 1787 4555">
     <span class='ocr_line' id='line_1_53' title="bbox 198 4480 1787 4555; baseline -0.004 -15"><span class='ocrx_word' id='word_1_484' title='bbox 198 4488 280 4542; x_wconf 72' lang='grc' dir='ltr'><strong>τὸν</strong></span> <span class='ocrx_word' id='word_1_485' title='bbox 310 4488 581 4542; x_wconf 77' lang='grc' dir='ltr'>Διόνυσον</span> <span class='ocrx_word' id='word_1_486' title='bbox 629 4484 735 4538; x_wconf 84' lang='grc' dir='ltr'><strong>ὑπὸ</strong></span> <span class='ocrx_word' id='word_1_487' title='bbox 775 4482 882 4537; x_wconf 88' lang='grc' dir='ltr'><strong>τῶν</strong></span> <span class='ocrx_word' id='word_1_488' title='bbox 929 4483 1206 4554; x_wconf 61' lang='grc' dir='ltr'>Νυμφῶν,</span> <span class='ocrx_word' id='word_1_489' title='bbox 1248 4481 1475 4555; x_wconf 75' lang='grc' dir='ltr'>εὑρετὴν</span> <span class='ocrx_word' id='word_1_490' title='bbox 1503 4482 1597 4535; x_wconf 79' lang='grc' dir='ltr'>τοῦ</span> <span class='ocrx_word' id='word_1_491' title='bbox 1644 4480 1787 4535; x_wconf 79' lang='grc' dir='ltr'>οἴνου</span> 
     </span>
    </p>
   </div>
   <div class='ocr_carea' id='block_1_54' title="bbox 1903 3280 3484 3360">
    <p class='ocr_par' dir='ltr' id='par_1_54' title="bbox 1903 3280 3484 3360">
     <span class='ocr_line' id='line_1_54' title="bbox 1903 3280 3484 3360; baseline -0.003 -15"><span class='ocrx_word' id='word_1_492' title='bbox 1903 3290 1986 3345; x_wconf 89' lang='lat' dir='ltr'><strong>cia</strong></span> <span class='ocrx_word' id='word_1_493' title='bbox 2012 3290 2172 3360; x_wconf 89' lang='lat' dir='ltr'><strong>jussu</strong></span> <span class='ocrx_word' id='word_1_494' title='bbox 2230 3288 2391 3358; x_wconf 79' lang='lat' dir='ltr'><strong>regis.</strong></span> <span class='ocrx_word' id='word_1_495' title='bbox 2455 3285 2684 3354; x_wconf 66' lang='lat' dir='ltr'><strong>Europae</strong></span> <span class='ocrx_word' id='word_1_496' title='bbox 2733 3298 2896 3353; x_wconf 86' lang='lat' dir='ltr'><strong>quam</strong></span> <span class='ocrx_word' id='word_1_497' title='bbox 2956 3280 3163 3352; x_wconf 77' lang='lat' dir='ltr'><strong>Jupiter</strong></span> <span class='ocrx_word' id='word_1_498' title='bbox 3228 3293 3484 3354; x_wconf 81' lang='lat' dir='ltr'><strong>rapuerat</strong></span> 
     </span>
    </p>
   </div>
   <div class='ocr_carea' id='block_1_55' title="bbox 1903 3375 3475 3452">
    <p class='ocr_par' dir='ltr' id='par_1_55' title="bbox 1903 3375 3475 3452">
     <span class='ocr_line' id='line_1_55' title="bbox 1903 3375 3475 3452; baseline -0.004 -17"><span class='ocrx_word' id='word_1_499' title='bbox 1903 3380 2208 3452; x_wconf 66' lang='lat' dir='ltr'><strong>quaerenda:</strong></span> <span class='ocrx_word' id='word_1_500' title='bbox 2264 3379 2437 3450; x_wconf 74' lang='lat' dir='ltr'><strong>gratia</strong></span> <span class='ocrx_word' id='word_1_501' title='bbox 2495 3375 2798 3448; x_wconf 84' lang='lat' dir='ltr'><strong>profectum</strong></span> <span class='ocrx_word' id='word_1_502' title='bbox 2826 3391 2946 3431; x_wconf 89' lang='lat' dir='ltr'><strong>esse</strong></span> <span class='ocrx_word' id='word_1_503' title='bbox 2978 3394 2989 3429; x_wconf 93' lang='lat'>:</span> <span class='ocrx_word' id='word_1_504' title='bbox 3024 3375 3165 3431; x_wconf 89' lang='lat' dir='ltr'><strong>hanc</strong></span> <span class='ocrx_word' id='word_1_505' title='bbox 3184 3391 3312 3431; x_wconf 89' lang='lat' dir='ltr'><strong>vero</strong></span> <span class='ocrx_word' id='word_1_506' title='bbox 3334 3376 3475 3446; x_wconf 89' lang='lat' dir='ltr'><strong>quod</strong></span> 
     </span>
    </p>
   </div>
   <div class='ocr_carea' id='block_1_56' title="bbox 1902 3468 3479 3545">
    <p class='ocr_par' dir='ltr' id='par_1_56' title="bbox 1902 3468 3479 3545">
     <span class='ocr_line' id='line_1_56' title="bbox 1902 3468 3479 3545; baseline -0.003 -16"><span class='ocrx_word' id='word_1_507' title='bbox 1902 3474 2138 3545; x_wconf 89' lang='lat' dir='ltr'><strong>reperire</strong></span> <span class='ocrx_word' id='word_1_508' title='bbox 2156 3489 2262 3527; x_wconf 91' lang='lat' dir='ltr'><strong>non</strong></span> <span class='ocrx_word' id='word_1_509' title='bbox 2279 3472 2561 3542; x_wconf 90' lang='lat' dir='ltr'><strong>potuisset,</strong></span> <span class='ocrx_word' id='word_1_510' title='bbox 2598 3470 2650 3523; x_wconf 93' lang='lat' dir='ltr'><strong>in</strong></span> <span class='ocrx_word' id='word_1_511' title='bbox 2679 3468 2946 3525; x_wconf 67' lang='lat' dir='ltr'><strong>Boeotiam</strong></span> <span class='ocrx_word' id='word_1_512' title='bbox 2981 3469 3215 3532; x_wconf 85' lang='lat' dir='ltr'><strong>venisse,</strong></span> <span class='ocrx_word' id='word_1_513' title='bbox 3249 3484 3479 3540; x_wconf 67' lang='lat' dir='ltr'><strong>quaeque</strong></span> 
     </span>
    </p>
   </div>
   <div class='ocr_carea' id='block_1_57' title="bbox 1902 3560 3473 3623">
    <p class='ocr_par' dir='ltr' id='par_1_57' title="bbox 1902 3560 3473 3623">
     <span class='ocr_line' id='line_1_57' title="bbox 1902 3560 3473 3623; baseline -0.003 -2"><span class='ocrx_word' id='word_1_514' title='bbox 1902 3568 1975 3623; x_wconf 91' lang='lat' dir='ltr'><strong>ibi</strong></span> <span class='ocrx_word' id='word_1_515' title='bbox 2040 3567 2157 3622; x_wconf 64' lang='lat' dir='ltr'><strong>sitae</strong></span> <span class='ocrx_word' id='word_1_516' title='bbox 2202 3575 2331 3621; x_wconf 89' lang='lat' dir='ltr'><strong>sunt</strong></span> <span class='ocrx_word' id='word_1_517' title='bbox 2358 3562 2573 3617; x_wconf 84' lang='lat' dir='ltr'><strong>Thebas</strong></span> <span class='ocrx_word' id='word_1_518' title='bbox 2609 3562 2941 3623; x_wconf 87' lang='lat' dir='ltr'><strong>condidisse,</strong></span> <span class='ocrx_word' id='word_1_519' title='bbox 2975 3577 3038 3616; x_wconf 93' lang='lat' dir='ltr'><strong>ac</strong></span> <span class='ocrx_word' id='word_1_520' title='bbox 3074 3560 3321 3616; x_wconf 78' lang='lat' dir='ltr'><strong>Semelen</strong></span> <span class='ocrx_word' id='word_1_521' title='bbox 3348 3577 3473 3617; x_wconf 88' lang='lat' dir='ltr'><strong>cum</strong></span> 
     </span>
    </p>
   </div>
   <div class='ocr_carea' id='block_1_58' title="bbox 1899 3650 3472 3727">
    <p class='ocr_par' dir='ltr' id='par_1_58' title="bbox 1899 3650 3472 3727">
     <span class='ocr_line' id='line_1_58' title="bbox 1899 3650 3472 3727; baseline -0.002 -16"><span class='ocrx_word' id='word_1_522' title='bbox 1899 3656 2143 3727; x_wconf 84' lang='lat' dir='ltr'><strong>ejusdem</strong></span> <span class='ocrx_word' id='word_1_523' title='bbox 2179 3656 2460 3711; x_wconf 89' lang='lat' dir='ltr'><strong>sororibus</strong></span> <span class='ocrx_word' id='word_1_524' title='bbox 2484 3669 2547 3707; x_wconf 72' lang='lat' dir='ltr'><strong>ex</strong></span> <span class='ocrx_word' id='word_1_525' title='bbox 2579 3650 2875 3708; x_wconf 79' lang='lat' dir='ltr'><strong>Harmonia</strong></span> <span class='ocrx_word' id='word_1_526' title='bbox 2909 3650 3129 3707; x_wconf 85' lang='lat' dir='ltr'><strong>Veneris</strong></span> <span class='ocrx_word' id='word_1_527' title='bbox 3156 3652 3284 3714; x_wconf 87' lang='lat' dir='ltr'><strong>lilia,</strong></span> <span class='ocrx_word' id='word_1_528' title='bbox 3308 3668 3472 3723; x_wconf 83' lang='lat' dir='ltr'><strong>quam</strong></span> 
     </span>
    </p>
   </div>
   <div class='ocr_carea' id='block_1_59' title="bbox 1899 3742 3470 3821">
    <p class='ocr_par' dir='ltr' id='par_1_59' title="bbox 1899 3742 3470 3821">
     <span class='ocr_line' id='line_1_59' title="bbox 1899 3742 3470 3821; baseline -0.003 -18"><span class='ocrx_word' id='word_1_529' title='bbox 1899 3763 2125 3803; x_wconf 78' lang='lat' dir='ltr'><strong>uxorem</strong></span> <span class='ocrx_word' id='word_1_530' title='bbox 2179 3747 2431 3809; x_wconf 76' lang='lat' dir='ltr'><strong>duxerat,</strong></span> <span class='ocrx_word' id='word_1_531' title='bbox 2468 3744 2795 3821; x_wconf 86' lang='lat' dir='ltr'><strong>suscepisse.</strong></span> <span class='ocrx_word' id='word_1_532' title='bbox 2850 3743 2916 3797; x_wconf 82' lang='lat' dir='ltr'><strong>At</strong></span> <span class='ocrx_word' id='word_1_533' title='bbox 2949 3758 3071 3798; x_wconf 88' lang='lat' dir='ltr'><strong>cum</strong></span> <span class='ocrx_word' id='word_1_534' title='bbox 3127 3760 3156 3797; x_wconf 89' lang='lat' dir='ltr'><strong>a</strong></span> <span class='ocrx_word' id='word_1_535' title='bbox 3189 3742 3343 3811; x_wconf 82' lang='lat' dir='ltr'><strong>Jove,</strong></span> <span class='ocrx_word' id='word_1_536' title='bbox 3376 3746 3470 3815; x_wconf 90' lang='lat' dir='ltr'><strong>qui</strong></span> 
     </span>
    </p>
   </div>
   <div class='ocr_carea' id='block_1_60' title="bbox 1900 3831 3467 3902">
    <p class='ocr_par' dir='ltr' id='par_1_60' title="bbox 1900 3831 3467 3902">
     <span class='ocr_line' id='line_1_60' title="bbox 1900 3831 3467 3902; baseline -0.003 -7"><span class='ocrx_word' id='word_1_537' title='bbox 1900 3855 2084 3895; x_wconf 90' lang='lat' dir='ltr'><strong>secum</strong></span> <span class='ocrx_word' id='word_1_538' title='bbox 2120 3853 2233 3893; x_wconf 92' lang='lat' dir='ltr'><strong>rem</strong></span> <span class='ocrx_word' id='word_1_539' title='bbox 2261 3838 2546 3902; x_wconf 88' lang='lat' dir='ltr'><strong>habuerat,</strong></span> <span class='ocrx_word' id='word_1_540' title='bbox 2573 3832 2921 3889; x_wconf 87' lang='lat' dir='ltr'><strong>vehementer</strong></span> <span class='ocrx_word' id='word_1_541' title='bbox 2954 3831 3165 3888; x_wconf 82' lang='lat' dir='ltr'><strong>Semele</strong></span> <span class='ocrx_word' id='word_1_542' title='bbox 3204 3834 3467 3902; x_wconf 87' lang='lat' dir='ltr'><strong>petiisset,</strong></span> 
     </span>
    </p>
   </div>
   <div class='ocr_carea' id='block_1_61' title="bbox 1897 3923 3465 4000">
    <p class='ocr_par' dir='ltr' id='par_1_61' title="bbox 1897 3923 3465 4000">
     <span class='ocr_line' id='line_1_61' title="bbox 1897 3923 3465 4000; baseline -0.003 -16"><span class='ocrx_word' id='word_1_543' title='bbox 1897 3931 1974 3985; x_wconf 92' lang='lat' dir='ltr'><strong>uti</strong></span> <span class='ocrx_word' id='word_1_544' title='bbox 2002 3931 2121 4000; x_wconf 88' lang='lat' dir='ltr'><strong>ejus</strong></span> <span class='ocrx_word' id='word_1_545' title='bbox 2175 3930 2227 3981; x_wconf 90' lang='lat' dir='ltr'><strong>in</strong></span> <span class='ocrx_word' id='word_1_546' title='bbox 2272 3936 2547 3997; x_wconf 85' lang='lat' dir='ltr'><strong>posterum</strong></span> <span class='ocrx_word' id='word_1_547' title='bbox 2608 3924 3023 3985; x_wconf 85' lang='lat' dir='ltr'><strong>consuetudine,</strong></span> <span class='ocrx_word' id='word_1_548' title='bbox 3055 3940 3162 3992; x_wconf 90' lang='lat' dir='ltr'><strong>qua</strong></span> <span class='ocrx_word' id='word_1_549' title='bbox 3194 3923 3465 3980; x_wconf 88' lang='lat' dir='ltr'><strong>Junonem</strong></span> 
     </span>
    </p>
   </div>
   <div class='ocr_carea' id='block_1_62' title="bbox 1896 4017 3469 4088">
    <p class='ocr_par' dir='ltr' id='par_1_62' title="bbox 1896 4017 3469 4088">
     <span class='ocr_line' id='line_1_62' title="bbox 1896 4017 3469 4088; baseline -0.004 -10"><span class='ocrx_word' id='word_1_550' title='bbox 1896 4020 2271 4082; x_wconf 88' lang='lat' dir='ltr'><strong>conveniebat,</strong></span> <span class='ocrx_word' id='word_1_551' title='bbox 2310 4018 2415 4073; x_wconf 82' lang='lat' dir='ltr'><strong>frui</strong></span> <span class='ocrx_word' id='word_1_552' title='bbox 2443 4018 2547 4073; x_wconf 85' lang='lat' dir='ltr'><strong>sibi</strong></span> <span class='ocrx_word' id='word_1_553' title='bbox 2594 4018 2800 4083; x_wconf 85' lang='lat' dir='ltr'><strong>liceret,</strong></span> <span class='ocrx_word' id='word_1_554' title='bbox 2829 4033 2953 4071; x_wconf 90' lang='lat' dir='ltr'><strong>eum</strong></span> <span class='ocrx_word' id='word_1_555' title='bbox 2997 4017 3279 4084; x_wconf 83' lang='lat' dir='ltr'><strong>majestate</strong></span> <span class='ocrx_word' id='word_1_556' title='bbox 3311 4018 3469 4088; x_wconf 81' lang='lat' dir='ltr'><strong>plane</strong></span> 
     </span>
    </p>
   </div>
   <div class='ocr_carea' id='block_1_63' title="bbox 1894 4107 3467 4179">
    <p class='ocr_par' dir='ltr' id='par_1_63' title="bbox 1894 4107 3467 4179">
     <span class='ocr_line' id='line_1_63' title="bbox 1894 4107 3467 4179; baseline -0.003 -12"><span class='ocrx_word' id='word_1_557' title='bbox 1894 4114 2078 4167; x_wconf 89' lang='lat' dir='ltr'><strong>divina</strong></span> <span class='ocrx_word' id='word_1_558' title='bbox 2112 4126 2234 4168; x_wconf 91' lang='lat' dir='ltr'><strong>cum</strong></span> <span class='ocrx_word' id='word_1_559' title='bbox 2283 4110 2487 4164; x_wconf 88' lang='lat' dir='ltr'><strong>tonitru</strong></span> <span class='ocrx_word' id='word_1_560' title='bbox 2534 4124 2598 4163; x_wconf 90' lang='lat' dir='ltr'><strong>ac</strong></span> <span class='ocrx_word' id='word_1_561' title='bbox 2647 4107 2949 4179; x_wconf 81' lang='lat' dir='ltr'><strong>fulguribus</strong></span> <span class='ocrx_word' id='word_1_562' title='bbox 2975 4108 3294 4173; x_wconf 76' lang='lat' dir='ltr'><strong>accessisse,</strong></span> <span class='ocrx_word' id='word_1_563' title='bbox 3331 4126 3467 4179; x_wconf 88' lang='lat' dir='ltr'><strong>quo-</strong></span> 
     </span>
    </p>
   </div>
   <div class='ocr_carea' id='block_1_64' title="bbox 1896 4198 3466 4267">
    <p class='ocr_par' dir='ltr' id='par_1_64' title="bbox 1896 4198 3466 4267">
     <span class='ocr_line' id='line_1_64' title="bbox 1896 4198 3466 4267; baseline 0 -11"><span class='ocrx_word' id='word_1_564' title='bbox 1896 4220 2015 4257; x_wconf 91' lang='lat' dir='ltr'><strong>rum</strong></span> <span class='ocrx_word' id='word_1_565' title='bbox 2046 4202 2135 4257; x_wconf 89' lang='lat' dir='ltr'><strong>illa</strong></span> <span class='ocrx_word' id='word_1_566' title='bbox 2166 4203 2273 4256; x_wconf 90' lang='lat' dir='ltr'><strong>vim</strong></span> <span class='ocrx_word' id='word_1_567' title='bbox 2313 4216 2435 4255; x_wconf 91' lang='lat' dir='ltr'><strong>cum</strong></span> <span class='ocrx_word' id='word_1_568' title='bbox 2469 4198 2737 4253; x_wconf 87' lang='lat' dir='ltr'><strong>sustinere</strong></span> <span class='ocrx_word' id='word_1_569' title='bbox 2758 4212 2867 4251; x_wconf 93' lang='lat' dir='ltr'><strong>non</strong></span> <span class='ocrx_word' id='word_1_570' title='bbox 2892 4206 3275 4267; x_wconf 87' lang='lat' dir='ltr'><strong>posset,quem</strong></span> <span class='ocrx_word' id='word_1_571' title='bbox 3311 4210 3466 4256; x_wconf 89' lang='lat' dir='ltr'><strong>utero</strong></span> 
     </span>
    </p>
   </div>
   <div class='ocr_carea' id='block_1_65' title="bbox 1895 4288 3461 4365">
    <p class='ocr_par' dir='ltr' id='par_1_65' title="bbox 1895 4288 3461 4365">
     <span class='ocr_line' id='line_1_65' title="bbox 1895 4288 3461 4365; baseline -0.004 -17"><span class='ocrx_word' id='word_1_572' title='bbox 1895 4292 2064 4348; x_wconf 90' lang='lat' dir='ltr'><strong>fetum</strong></span> <span class='ocrx_word' id='word_1_573' title='bbox 2121 4293 2366 4365; x_wconf 83' lang='lat' dir='ltr'><strong>gestabat</strong></span> <span class='ocrx_word' id='word_1_574' title='bbox 2426 4290 2731 4346; x_wconf 89' lang='lat' dir='ltr'><strong>abortivum</strong></span> <span class='ocrx_word' id='word_1_575' title='bbox 2800 4288 3077 4354; x_wconf 75' lang='lat' dir='ltr'><strong>effudisse,</strong></span> <span class='ocrx_word' id='word_1_576' title='bbox 3135 4290 3461 4360; x_wconf 79' lang='lat' dir='ltr'><strong>ﬂammaque</strong></span> 
     </span>
    </p>
   </div>
   <div class='ocr_carea' id='block_1_66' title="bbox 1892 4379 3461 4454">
    <p class='ocr_par' dir='ltr' id='par_1_66' title="bbox 1892 4379 3461 4454">
     <span class='ocr_line' id='line_1_66' title="bbox 1892 4379 3461 4454; baseline -0.004 -14"><span class='ocrx_word' id='word_1_577' title='bbox 1892 4383 2501 4454; x_wconf 73' lang='lat' dir='ltr'><strong>emlesticonﬂagrasse.</strong></span> <span class='ocrx_word' id='word_1_578' title='bbox 2556 4379 2661 4451; x_wconf 84' lang='lat'><strong>53</strong></span> <span class='ocrx_word' id='word_1_579' title='bbox 2714 4379 2921 4450; x_wconf 85' lang='lat' dir='ltr'><strong>Jupiter</strong></span> <span class='ocrx_word' id='word_1_580' title='bbox 2951 4389 3154 4446; x_wconf 91' lang='lat' dir='ltr'><strong>autem,</strong></span> <span class='ocrx_word' id='word_1_581' title='bbox 3188 4382 3461 4451; x_wconf 87' lang='lat' dir='ltr'><strong>inquiunt.</strong></span> 
     </span>
    </p>
   </div>
   <div class='ocr_carea' id='block_1_67' title="bbox 1891 4472 3461 4547">
    <p class='ocr_par' dir='ltr' id='par_1_67' title="bbox 1891 4472 3461 4547">
     <span class='ocr_line' id='line_1_67' title="bbox 1891 4472 3461 4547; baseline -0.003 -14"><span class='ocrx_word' id='word_1_582' title='bbox 1891 4488 2173 4547; x_wconf 80' lang='lat' dir='ltr'><strong>exceptum</strong></span> <span class='ocrx_word' id='word_1_583' title='bbox 2234 4474 2495 4530; x_wconf 83' lang='lat' dir='ltr'><strong>infantem</strong></span> <span class='ocrx_word' id='word_1_584' title='bbox 2560 4472 2826 4527; x_wconf 78' lang='lat' dir='ltr'><strong>Mercurio</strong></span> <span class='ocrx_word' id='word_1_585' title='bbox 2876 4472 3113 4537; x_wconf 83' lang='lat' dir='ltr'><strong>tradidit,</strong></span> <span class='ocrx_word' id='word_1_586' title='bbox 3176 4488 3205 4526; x_wconf 91' lang='lat' dir='ltr'><strong>a</strong></span> <span class='ocrx_word' id='word_1_587' title='bbox 3256 4488 3364 4541; x_wconf 92' lang='lat' dir='ltr'><strong>quo</strong></span> <span class='ocrx_word' id='word_1_588' title='bbox 3408 4474 3461 4529; x_wconf 86' lang='lat' dir='ltr'><strong>in</strong></span> 
     </span>
    </p>
   </div>
   <div class='ocr_carea' id='block_1_68' title="bbox 198 4562 1787 4648">
    <p class='ocr_par' dir='ltr' id='par_1_68' title="bbox 198 4572 1787 4648">
     <span class='ocr_line' id='line_1_68' title="bbox 198 4572 1787 4648; baseline -0.006 -13"><span class='ocrx_word' id='word_1_589' title='bbox 198 4579 472 4645; x_wconf 59' lang='grc' dir='ltr'>γενέσθαι,</span> <span class='ocrx_word' id='word_1_590' title='bbox 500 4578 601 4633; x_wconf 74' lang='grc' dir='ltr'><strong>καὶ</strong></span> <span class='ocrx_word' id='word_1_591' title='bbox 630 4578 731 4648; x_wconf 82' lang='grc' dir='ltr'>τὴν</span> <span class='ocrx_word' id='word_1_592' title='bbox 757 4576 980 4645; x_wconf 75' lang='grc' dir='ltr'>φυτείαν</span> <span class='ocrx_word' id='word_1_593' title='bbox 1014 4574 1220 4640; x_wconf 78' lang='grc' dir='ltr'>διδάξαι</span> <span class='ocrx_word' id='word_1_594' title='bbox 1251 4574 1352 4643; x_wconf 75' lang='grc' dir='ltr'><strong>τῆς</strong></span> <span class='ocrx_word' id='word_1_595' title='bbox 1386 4572 1632 4643; x_wconf 77' lang='grc' dir='ltr'>ἀμπέλου</span> <span class='ocrx_word' id='word_1_596' title='bbox 1665 4572 1787 4638; x_wconf 79' lang='grc' dir='ltr'>τοὺς</span> 
     </span>
    </p>
   </div>
   <div class='ocr_carea' id='block_1_69' title="bbox 1891 4562 3464 4648">
    <p class='ocr_par' dir='ltr' id='par_1_69' title="bbox 1896 4562 3464 4642">
     <span class='ocr_line' id='line_1_69' title="bbox 1896 4562 3464 4642; baseline -0.006 -17"><span class='ocrx_word' id='word_1_597' title='bbox 1896 4571 2167 4642; x_wconf 86' lang='lat' dir='ltr'><strong>quoddam</strong></span> <span class='ocrx_word' id='word_1_598' title='bbox 2194 4567 2351 4640; x_wconf 71' lang='lat' dir='ltr'><strong>Nysze</strong></span> <span class='ocrx_word' id='word_1_599' title='bbox 2378 4576 2593 4622; x_wconf 88' lang='lat' dir='ltr'><strong>antrum</strong></span> <span class='ocrx_word' id='word_1_600' title='bbox 2626 4566 2960 4621; x_wconf 73' lang='lat' dir='ltr'><strong>[‘hceniciatn</strong></span> <span class='ocrx_word' id='word_1_601' title='bbox 2992 4565 3130 4618; x_wconf 89' lang='lat' dir='ltr'><strong>inter</strong></span> <span class='ocrx_word' id='word_1_602' title='bbox 3174 4562 3464 4634; x_wconf 56' lang='lat' dir='ltr'><strong>Nilumque.</strong></span> 
     </span>
    </p>
   </div>
   <div class='ocr_carea' id='block_1_70' title="bbox 200 4663 1785 4743">
    <p class='ocr_par' dir='ltr' id='par_1_70' title="bbox 200 4663 1785 4743">
     <span class='ocr_line' id='line_1_70' title="bbox 200 4663 1785 4743; baseline -0.007 -17"><span class='ocrx_word' id='word_1_603' title='bbox 200 4671 545 4743; x_wconf 67' lang='grc' dir='ltr'>ἀνθρώπους.</span> <span class='ocrx_word' id='word_1_604' title='bbox 586 4670 783 4742; x_wconf 75' lang='grc' dir='ltr'>Εὑρεῖν</span> <span class='ocrx_word' id='word_1_605' title='bbox 818 4668 874 4722; x_wconf 82' lang='grc' dir='ltr'><strong>δὲ</strong></span> <span class='ocrx_word' id='word_1_606' title='bbox 909 4668 1001 4723; x_wconf 77' lang='grc' dir='ltr'><strong>καὶ</strong></span> <span class='ocrx_word' id='word_1_607' title='bbox 1041 4668 1101 4721; x_wconf 74' lang='grc' dir='ltr'>τὸ</span> <span class='ocrx_word' id='word_1_608' title='bbox 1132 4670 1195 4720; x_wconf 87' lang='grc' dir='ltr'><strong>ἐκ</strong></span> <span class='ocrx_word' id='word_1_609' title='bbox 1228 4666 1327 4735; x_wconf 81' lang='grc' dir='ltr'><strong>τῆς</strong></span> <span class='ocrx_word' id='word_1_610' title='bbox 1375 4663 1567 4736; x_wconf 75' lang='grc' dir='ltr'>κριθῆς</span> <span class='ocrx_word' id='word_1_611' title='bbox 1618 4680 1785 4716; x_wconf 85' lang='grc' dir='ltr'>κατα-</span> 
     </span>
    </p>
   </div>
   <div class='ocr_carea' id='block_1_71' title="bbox 200 4757 1783 4834">
    <p class='ocr_par' dir='ltr' id='par_1_71' title="bbox 200 4757 1783 4834">
     <span class='ocr_line' id='line_1_71' title="bbox 200 4757 1783 4834; baseline -0.004 -15"><span class='ocrx_word' id='word_1_612' title='bbox 200 4763 607 4834; x_wconf 70' lang='grc' dir='ltr'>σκευαζόμενον</span> <span class='ocrx_word' id='word_1_613' title='bbox 640 4760 792 4833; x_wconf 78' lang='grc' dir='ltr'>πόμα</span> <span class='ocrx_word' id='word_1_614' title='bbox 813 4803 827 4823; x_wconf 88' lang='grc'><strong>,</strong></span> <span class='ocrx_word' id='word_1_615' title='bbox 873 4760 932 4814; x_wconf 77' lang='grc' dir='ltr'>τδ</span> <span class='ocrx_word' id='word_1_616' title='bbox 964 4759 1293 4830; x_wconf 82' lang='grc' dir='ltr'>καλούμενον</span> <span class='ocrx_word' id='word_1_617' title='bbox 1327 4757 1514 4824; x_wconf 73' lang='grc' dir='ltr'>ζύθονο</span> <span class='ocrx_word' id='word_1_618' title='bbox 1558 4758 1783 4831; x_wconf 73' lang='grc' dir='ltr'>περιφέ-</span> 
     </span>
    </p>
   </div>
   <div class='ocr_carea' id='block_1_72' title="bbox 199 4851 1786 4927">
    <p class='ocr_par' dir='ltr' id='par_1_72' title="bbox 199 4851 1786 4927">
     <span class='ocr_line' id='line_1_72' title="bbox 199 4851 1786 4927; baseline -0.006 -15"><span class='ocrx_word' id='word_1_619' title='bbox 199 4874 306 4927; x_wconf 80' lang='grc' dir='ltr'>ρειν</span> <span class='ocrx_word' id='word_1_620' title='bbox 343 4857 409 4917; x_wconf 71' lang='grc' dir='ltr'><strong>δὲ</strong></span> <span class='ocrx_word' id='word_1_621' title='bbox 445 4854 813 4927; x_wconf 83' lang='grc' dir='ltr'>στρατόπεδον</span> <span class='ocrx_word' id='word_1_622' title='bbox 836 4894 851 4916; x_wconf 90' lang='grc'><strong>,</strong></span> <span class='ocrx_word' id='word_1_623' title='bbox 884 4854 945 4908; x_wconf 83' lang='grc' dir='ltr'><strong>ού</strong></span> <span class='ocrx_word' id='word_1_624' title='bbox 1010 4854 1169 4924; x_wconf 86' lang='grc' dir='ltr'>μόνον</span> <span class='ocrx_word' id='word_1_625' title='bbox 1215 4851 1427 4923; x_wconf 83' lang='grc' dir='ltr'>ἀνδρῶν</span> <span class='ocrx_word' id='word_1_626' title='bbox 1453 4891 1469 4915; x_wconf 85' lang='grc'><strong>,</strong></span> <span class='ocrx_word' id='word_1_627' title='bbox 1509 4851 1644 4905; x_wconf 77' lang='grc' dir='ltr'>ἀλλὰ</span> <span class='ocrx_word' id='word_1_628' title='bbox 1692 4852 1786 4906; x_wconf 76' lang='grc' dir='ltr'><strong>καὶ</strong></span> 
     </span>
    </p>
   </div>
   <div class='ocr_carea' id='block_1_73' title="bbox 192 4941 1781 5018">
    <p class='ocr_par' dir='ltr' id='par_1_73' title="bbox 192 4941 1781 5018">
     <span class='ocr_line' id='line_1_73' title="bbox 192 4941 1781 5018; baseline -0.006 -14"><span class='ocrx_word' id='word_1_629' title='bbox 192 4947 495 5018; x_wconf 76' lang='grc' dir='ltr'>γυναικῶν,</span> <span class='ocrx_word' id='word_1_630' title='bbox 526 4945 627 5000; x_wconf 76' lang='grc' dir='ltr'><strong>καὶ</strong></span> <span class='ocrx_word' id='word_1_631' title='bbox 656 4945 781 5009; x_wconf 72' lang='grc' dir='ltr'>τοὺς</span> <span class='ocrx_word' id='word_1_632' title='bbox 817 4944 1031 5008; x_wconf 75' lang='grc' dir='ltr'>ἀδίκους</span> <span class='ocrx_word' id='word_1_633' title='bbox 1055 4944 1151 4999; x_wconf 70' lang='grc' dir='ltr'><strong>καὶ</strong></span> <span class='ocrx_word' id='word_1_634' title='bbox 1180 4943 1396 5008; x_wconf 79' lang='grc' dir='ltr'>ἀσεϐεῖς</span> <span class='ocrx_word' id='word_1_635' title='bbox 1430 4942 1537 4997; x_wconf 85' lang='grc' dir='ltr'><strong>τῶν</strong></span> <span class='ocrx_word' id='word_1_636' title='bbox 1570 4941 1781 5016; x_wconf 78' lang='grc' dir='ltr'>ἀνθρὼο</span> 
     </span>
    </p>
   </div>
   <div class='ocr_carea' id='block_1_74' title="bbox 191 5032 1786 5109">
    <p class='ocr_par' dir='ltr' id='par_1_74' title="bbox 191 5032 1786 5109">
     <span class='ocr_line' id='line_1_74' title="bbox 191 5032 1786 5109; baseline -0.005 -12"><span class='ocrx_word' id='word_1_637' title='bbox 191 5057 304 5097; x_wconf 68' lang='grc' dir='ltr'>πων</span> <span class='ocrx_word' id='word_1_638' title='bbox 333 5037 626 5104; x_wconf 76' lang='grc' dir='ltr'>κολάζειν,</span> <span class='ocrx_word' id='word_1_639' title='bbox 654 5035 985 5109; x_wconf 75' lang='grc' dir='ltr'>στρατεῦσαι</span> <span class='ocrx_word' id='word_1_640' title='bbox 1004 5035 1060 5089; x_wconf 82' lang='grc' dir='ltr'><strong>δὲ</strong></span> <span class='ocrx_word' id='word_1_641' title='bbox 1081 5038 1161 5099; x_wconf 86' lang='grc' dir='ltr'><strong>είς</strong></span> <span class='ocrx_word' id='word_1_642' title='bbox 1194 5032 1294 5106; x_wconf 79' lang='grc' dir='ltr'>τὴν</span> <span class='ocrx_word' id='word_1_643' title='bbox 1330 5032 1557 5106; x_wconf 77' lang='grc' dir='ltr'>Ἰνδικὴν</span> <span class='ocrx_word' id='word_1_644' title='bbox 1586 5037 1786 5106; x_wconf 82' lang='grc' dir='ltr'>τριετεῖ</span> 
     </span>
    </p>
   </div>
   <div class='ocr_carea' id='block_1_75' title="bbox 189 5126 1785 5208">
    <p class='ocr_par' dir='ltr' id='par_1_75' title="bbox 189 5126 1785 5208">
     <span class='ocr_line' id='line_1_75' title="bbox 189 5126 1785 5208; baseline -0.006 -20"><span class='ocrx_word' id='word_1_645' title='bbox 189 5136 387 5208; x_wconf 75' lang='grc' dir='ltr'>χρόνῳ.</span> <span class='ocrx_word' id='word_1_646' title='bbox 435 5127 727 5187; x_wconf 79' lang='grc' dir='ltr'>Ἐντεῦθεν</span> <span class='ocrx_word' id='word_1_647' title='bbox 764 5131 889 5195; x_wconf 85' lang='grc' dir='ltr'>τοὺς</span> <span class='ocrx_word' id='word_1_648' title='bbox 912 5128 1180 5200; x_wconf 83' lang='grc' dir='ltr'>’Έλληνας</span> <span class='ocrx_word' id='word_1_649' title='bbox 1231 5126 1541 5191; x_wconf 78' lang='grc' dir='ltr'>καταδεῖξαι</span> <span class='ocrx_word' id='word_1_650' title='bbox 1570 5142 1785 5199; x_wconf 81' lang='grc' dir='ltr'>τριετη-</span> 
     </span>
    </p>
   </div>
   <div class='ocr_carea' id='block_1_76' title="bbox 196 5218 1783 5300">
    <p class='ocr_par' dir='ltr' id='par_1_76' title="bbox 196 5218 1783 5300">
     <span class='ocr_line' id='line_1_76' title="bbox 196 5218 1783 5300; baseline -0.004 -20"><span class='ocrx_word' id='word_1_651' title='bbox 196 5228 351 5300; x_wconf 69' lang='grc' dir='ltr'>ρικὰς</span> <span class='ocrx_word' id='word_1_652' title='bbox 383 5224 589 5289; x_wconf 85' lang='grc' dir='ltr'>θυσίας</span> <span class='ocrx_word' id='word_1_653' title='bbox 630 5221 893 5294; x_wconf 84' lang='grc' dir='ltr'>Διονύσῳ,</span> <span class='ocrx_word' id='word_1_654' title='bbox 928 5221 1023 5275; x_wconf 82' lang='grc' dir='ltr'><strong>καὶ</strong></span> <span class='ocrx_word' id='word_1_655' title='bbox 1068 5221 1161 5275; x_wconf 82' lang='grc' dir='ltr'>τὸν</span> <span class='ocrx_word' id='word_1_656' title='bbox 1194 5219 1316 5274; x_wconf 77' lang='grc' dir='ltr'>θεὸν</span> <span class='ocrx_word' id='word_1_657' title='bbox 1364 5218 1603 5291; x_wconf 77' lang='grc' dir='ltr'>νομίζειν</span> <span class='ocrx_word' id='word_1_658' title='bbox 1642 5218 1783 5274; x_wconf 82' lang='grc' dir='ltr'>κατὰ</span> 
     </span>
    </p>
   </div>
   <div class='ocr_carea' id='block_1_77' title="bbox 193 5308 1782 5389">
    <p class='ocr_par' dir='ltr' id='par_1_77' title="bbox 193 5308 1782 5389">
     <span class='ocr_line' id='line_1_77' title="bbox 193 5308 1782 5389; baseline -0.003 -17"><span class='ocrx_word' id='word_1_659' title='bbox 193 5316 280 5372; x_wconf 64' lang='grc' dir='ltr'>νὺν</span> <span class='ocrx_word' id='word_1_660' title='bbox 295 5316 500 5389; x_wconf 78' lang='grc' dir='ltr'>χρόνον</span> <span class='ocrx_word' id='word_1_661' title='bbox 523 5313 716 5369; x_wconf 83' lang='grc' dir='ltr'>τοῦτον</span> <span class='ocrx_word' id='word_1_662' title='bbox 744 5311 1014 5367; x_wconf 80' lang='grc' dir='ltr'>ποιεῖσθαι</span> <span class='ocrx_word' id='word_1_663' title='bbox 1041 5311 1142 5375; x_wconf 81' lang='grc' dir='ltr'><strong>τὰς</strong></span> <span class='ocrx_word' id='word_1_664' title='bbox 1166 5310 1317 5383; x_wconf 77' lang='grc' dir='ltr'>παρὰ</span> <span class='ocrx_word' id='word_1_665' title='bbox 1338 5312 1447 5376; x_wconf 84' lang='grc' dir='ltr'>τοῖς</span> <span class='ocrx_word' id='word_1_666' title='bbox 1476 5308 1782 5383; x_wconf 82' lang='grc' dir='ltr'>ἀνθρώποις</span> 
     </span>
    </p>
   </div>
   <div class='ocr_carea' id='block_1_78' title="bbox 198 5399 1781 5474">
    <p class='ocr_par' dir='ltr' id='par_1_78' title="bbox 198 5399 1781 5474">
     <span class='ocr_line' id='line_1_78' title="bbox 198 5399 1781 5474; baseline -0.003 -14"><span class='ocrx_word' id='word_1_667' title='bbox 198 5404 518 5474; x_wconf 70' lang='grc' dir='ltr'>ἐπιφανείας</span> <span class='ocrx_word' id='word_1_668' title='bbox 541 5422 553 5432; x_wconf 95' lang='grc'>·</span> <span class='ocrx_word' id='word_1_669' title='bbox 592 5402 771 5456; x_wconf 76' lang='grc' dir='ltr'>σέΰειν</span> <span class='ocrx_word' id='word_1_670' title='bbox 792 5420 853 5456; x_wconf 80' lang='grc' dir='ltr'><strong>τε</strong></span> <span class='ocrx_word' id='word_1_671' title='bbox 885 5402 1049 5456; x_wconf 77' lang='grc' dir='ltr'>αὐτὸν</span> <span class='ocrx_word' id='word_1_672' title='bbox 1081 5402 1285 5463; x_wconf 79' lang='grc' dir='ltr'>πάντας</span> <span class='ocrx_word' id='word_1_673' title='bbox 1319 5399 1658 5474; x_wconf 82' lang='grc' dir='ltr'>ἀνθρώπους,</span> <span class='ocrx_word' id='word_1_674' title='bbox 1694 5400 1781 5455; x_wconf 82' lang='grc' dir='ltr'><strong>διὰ</strong></span> 
     </span>
    </p>
   </div>
   <div class='ocr_carea' id='block_1_79' title="bbox 268 5576 1776 5656">
    <p class='ocr_par' dir='ltr' id='par_1_79' title="bbox 268 5576 1776 5656">
     <span class='ocr_line' id='line_1_79' title="bbox 268 5576 1776 5656; baseline -0.007 -14"><span class='ocrx_word' id='word_1_675' title='bbox 268 5586 381 5656; x_wconf 75' lang='lat'><strong>(59.)</strong></span> <span class='ocrx_word' id='word_1_676' title='bbox 421 5586 610 5642; x_wconf 88' lang='lat' dir='ltr'><strong>Locus</strong></span> <span class='ocrx_word' id='word_1_677' title='bbox 640 5584 782 5640; x_wconf 83' lang='lat' dir='ltr'><strong>alius</strong></span> <span class='ocrx_word' id='word_1_678' title='bbox 807 5592 893 5640; x_wconf 85' lang='lat' dir='ltr'><strong>est</strong></span> <span class='ocrx_word' id='word_1_679' title='bbox 915 5582 1158 5647; x_wconf 87' lang='lat' dir='ltr'><strong>Diodori,</strong></span> <span class='ocrx_word' id='word_1_680' title='bbox 1181 5598 1247 5639; x_wconf 78' lang='lat' dir='ltr'><strong>ex</strong></span> <span class='ocrx_word' id='word_1_681' title='bbox 1278 5582 1371 5637; x_wconf 88' lang='lat' dir='ltr'><strong>lib.</strong></span> <span class='ocrx_word' id='word_1_682' title='bbox 1408 5597 1479 5648; x_wconf 79' lang='grc' dir='ltr'><strong>ιν,</strong></span> <span class='ocrx_word' id='word_1_683' title='bbox 1504 5596 1558 5651; x_wconf 92' lang='lat' dir='ltr'><strong>p.</strong></span> <span class='ocrx_word' id='word_1_684' title='bbox 1588 5580 1694 5634; x_wconf 69' lang='lat'><strong>240</strong></span> <span class='ocrx_word' id='word_1_685' title='bbox 1714 5576 1776 5645; x_wconf 89' lang='grc' dir='ltr'>Β,</span> 
     </span>
    </p>
   </div>
   <div class='ocr_carea' id='block_1_80' title="bbox 208 5658 885 5712">
    <p class='ocr_par' dir='ltr' id='par_1_80' title="bbox 208 5658 885 5712">
     <span class='ocr_line' id='line_1_80' title="bbox 208 5658 885 5712; baseline -0.004 -1"><span class='ocrx_word' id='word_1_686' title='bbox 208 5666 257 5712; x_wconf 75' lang='lat' dir='ltr'><strong>at</strong></span> <span class='ocrx_word' id='word_1_687' title='bbox 285 5659 518 5711; x_wconf 85' lang='lat' dir='ltr'><strong>subinde</strong></span> <span class='ocrx_word' id='word_1_688' title='bbox 544 5658 885 5710; x_wconf 85' lang='lat' dir='ltr'><strong>decurtatus.</strong></span> 
     </span>
    </p>
   </div>
   <div class='ocr_carea' id='block_1_81' title="bbox 271 5720 1775 5797">
    <p class='ocr_par' dir='ltr' id='par_1_81' title="bbox 271 5720 1775 5797">
     <span class='ocr_line' id='line_1_81' title="bbox 271 5720 1775 5797; baseline -0.007 -15"><span class='ocrx_word' id='word_1_689' title='bbox 271 5729 377 5797; x_wconf 75' lang='lat'><strong>(55)</strong></span> <span class='ocrx_word' id='word_1_690' title='bbox 417 5725 696 5796; x_wconf 70' lang='grc' dir='ltr'>Σεμέλην</span> <span class='ocrx_word' id='word_1_691' title='bbox 723 5724 1046 5797; x_wconf 68' lang='grc' dir='ltr'>ἐγκύμονα.</span> <span class='ocrx_word' id='word_1_692' title='bbox 1091 5723 1219 5797; x_wconf 80' lang='lat' dir='ltr'><strong>Leg.</strong></span> <span class='ocrx_word' id='word_1_693' title='bbox 1251 5724 1485 5797; x_wconf 76' lang='lat' dir='ltr'><strong>videtur,</strong></span> <span class='ocrx_word' id='word_1_694' title='bbox 1522 5720 1775 5797; x_wconf 62' lang='grc' dir='ltr'><strong>ΔΣεμέλην</strong></span> 
     </span>
    </p>
   </div>
   <div class='ocr_carea' id='block_1_82' title="bbox 209 5738 1774 5868">
    <p class='ocr_par' dir='ltr' id='par_1_82' title="bbox 209 5738 1774 5868">
     <span class='ocr_line' id='line_1_82' title="bbox 271 5738 1774 5845; baseline -0.007 -63"><span class='ocrx_word' id='word_1_695' title='bbox 271 5738 377 5797; x_wconf 77' lang='grc'><strong>(55)</strong></span> <span class='ocrx_word' id='word_1_696' title='bbox 417 5738 696 5796; x_wconf 62' lang='grc' dir='ltr'>Σεμέλην</span> <span class='ocrx_word' id='word_1_697' title='bbox 723 5738 1046 5796; x_wconf 69' lang='grc' dir='ltr'>εγκῡμονα.</span> <span class='ocrx_word' id='word_1_698' title='bbox 1091 5738 1219 5794; x_wconf 70' lang='lat' dir='ltr'><strong>Leg.</strong></span> <span class='ocrx_word' id='word_1_699' title='bbox 1252 5738 1485 5784; x_wconf 82' lang='lat' dir='ltr'><strong>vmetur,</strong></span> <span class='ocrx_word' id='word_1_700' title='bbox 1536 5738 1774 5845; x_wconf 55' lang='grc' dir='ltr'>ιεὲἓλην</span> 
     </span>
     <span class='ocr_line' id='line_1_83' title="bbox 209 5791 1774 5868; baseline -0.005 -16"><span class='ocrx_word' id='word_1_701' title='bbox 209 5794 294 5852; x_wconf 75' lang='grc' dir='ltr'>καὶ</span> <span class='ocrx_word' id='word_1_702' title='bbox 322 5797 618 5868; x_wconf 62' lang='grc' dir='ltr'>ἐγκύμονα.</span> <span class='ocrx_word' id='word_1_703' title='bbox 658 5795 815 5864; x_wconf 75' lang='lat' dir='ltr'><strong>Apud</strong></span> <span class='ocrx_word' id='word_1_704' title='bbox 848 5796 1091 5868; x_wconf 75' lang='lat' dir='ltr'><strong>Diodor._.</strong></span> <span class='ocrx_word' id='word_1_705' title='bbox 1121 5794 1357 5868; x_wconf 75' lang='lat' dir='ltr'><strong>plenius,</strong></span> <span class='ocrx_word' id='word_1_706' title='bbox 1390 5794 1489 5863; x_wconf 77' lang='grc' dir='ltr'><strong>τὴν</strong></span> <span class='ocrx_word' id='word_1_707' title='bbox 1517 5791 1573 5845; x_wconf 82' lang='grc' dir='ltr'><strong>δὲ</strong></span> <span class='ocrx_word' id='word_1_708' title='bbox 1614 5864 1622 5868; x_wconf 87' lang='lat'>_</span> <span class='ocrx_word' id='word_1_709' title='bbox 1678 5791 1774 5860; x_wconf 84' lang='grc' dir='ltr'><strong>μέ-</strong></span> 
     </span>
    </p>
   </div>
   <div class='ocr_carea' id='block_1_83' title="bbox 212 5864 1771 5937">
    <p class='ocr_par' dir='ltr' id='par_1_83' title="bbox 212 5864 1771 5937">
     <span class='ocr_line' id='line_1_84' title="bbox 212 5864 1771 5937; baseline -0.001 -21"><span class='ocrx_word' id='word_1_710' title='bbox 212 5868 298 5937; x_wconf 69' lang='grc' dir='ltr'><strong>λην</strong></span> <span class='ocrx_word' id='word_1_711' title='bbox 328 5864 519 5937; x_wconf 62' lang='grc' dir='ltr'>ἔγκυον</span> <span class='ocrx_word' id='word_1_712' title='bbox 549 5865 734 5927; x_wconf 84' lang='grc' dir='ltr'>οὖσαν,</span> <span class='ocrx_word' id='word_1_713' title='bbox 776 5866 870 5919; x_wconf 74' lang='grc' dir='ltr'><strong>καὶ</strong></span> <span class='ocrx_word' id='word_1_714' title='bbox 908 5865 971 5917; x_wconf 81' lang='grc' dir='ltr'><strong>τὸ</strong></span> <span class='ocrx_word' id='word_1_715' title='bbox 1014 5864 1244 5935; x_wconf 78' lang='grc' dir='ltr'>μέγεθος</span> <span class='ocrx_word' id='word_1_716' title='bbox 1273 5864 1369 5934; x_wconf 78' lang='grc' dir='ltr'><strong>τῆς</strong></span> <span class='ocrx_word' id='word_1_717' title='bbox 1404 5864 1771 5936; x_wconf 76' lang='grc' dir='ltr'>περιστάσεως</span> 
     </span>
    </p>
   </div>
   <div class='ocr_carea' id='block_1_84' title="bbox 474 5958 1116 6027">
    <p class='ocr_par' dir='ltr' id='par_1_84' title="bbox 474 5958 1116 6027">
     <span class='ocr_line' id='line_1_85' title="bbox 474 5958 1116 6027; baseline -0.006 0"><span class='ocrx_word' id='word_1_718' title='bbox 474 5961 905 6027; x_wconf 51' lang='grc' dir='ltr'>Ριτιιοιυϐιι.</span> <span class='ocrx_word' id='word_1_719' title='bbox 943 5958 1116 6023; x_wconf 71' lang='lat' dir='ltr'><strong>XXI.</strong></span> 
     </span>
    </p>
   </div>
   <div class='ocr_carea' id='block_1_85' title="bbox 1891 4653 3461 4726">
    <p class='ocr_par' dir='ltr' id='par_1_85' title="bbox 1891 4653 3461 4726">
     <span class='ocr_line' id='line_1_86' title="bbox 1891 4653 3461 4726; baseline -0.003 -14"><span class='ocrx_word' id='word_1_720' title='bbox 1891 4659 2105 4713; x_wconf 86' lang='lat' dir='ltr'><strong>delatus</strong></span> <span class='ocrx_word' id='word_1_721' title='bbox 2122 4667 2223 4712; x_wconf 84' lang='lat' dir='ltr'><strong>est.</strong></span> <span class='ocrx_word' id='word_1_722' title='bbox 2256 4655 2353 4711; x_wconf 80' lang='lat' dir='ltr'><strong>Hic</strong></span> <span class='ocrx_word' id='word_1_723' title='bbox 2383 4672 2511 4725; x_wconf 87' lang='lat' dir='ltr'><strong>ergo</strong></span> <span class='ocrx_word' id='word_1_724' title='bbox 2537 4653 2786 4709; x_wconf 90' lang='lat' dir='ltr'><strong>Bacchus</strong></span> <span class='ocrx_word' id='word_1_725' title='bbox 2814 4654 3172 4726; x_wconf 78' lang='lat' dir='ltr'><strong>nympharum</strong></span> <span class='ocrx_word' id='word_1_726' title='bbox 3200 4654 3378 4708; x_wconf 90' lang='lat' dir='ltr'><strong>studio</strong></span> <span class='ocrx_word' id='word_1_727' title='bbox 3409 4665 3461 4708; x_wconf 86' lang='lat' dir='ltr'><strong>et</strong></span> 
     </span>
    </p>
   </div>
   <div class='ocr_carea' id='block_1_86' title="bbox 1889 4727 3459 4819">
    <p class='ocr_par' dir='ltr' id='par_1_86' title="bbox 1889 4727 3459 4819">
     <span class='ocr_line' id='line_1_87' title="bbox 1889 4727 3459 4819; baseline -0.004 -14"><span class='ocrx_word' id='word_1_728' title='bbox 1889 4764 2054 4819; x_wconf 90' lang='lat' dir='ltr'><strong>opera</strong></span> <span class='ocrx_word' id='word_1_729' title='bbox 2105 4748 2389 4811; x_wconf 87' lang='lat' dir='ltr'><strong>educatus,</strong></span> <span class='ocrx_word' id='word_1_730' title='bbox 2449 4746 2556 4800; x_wconf 81' lang='lat' dir='ltr'><strong>vini</strong></span> <span class='ocrx_word' id='word_1_731' title='bbox 2625 4762 2726 4800; x_wconf 89' lang='lat' dir='ltr'><strong>usu</strong></span> <span class='ocrx_word' id='word_1_732' title='bbox 2782 4754 3021 4815; x_wconf 82' lang='lat' dir='ltr'><strong>reperto,</strong></span> <span class='ocrx_word' id='word_1_733' title='bbox 3070 4727 3246 4797; x_wconf 62' lang='lat' dir='ltr'><strong>vinea:</strong></span> <span class='ocrx_word' id='word_1_734' title='bbox 3297 4744 3459 4798; x_wconf 83' lang='lat' dir='ltr'><strong>simul</strong></span> 
     </span>
    </p>
   </div>
   <div class='ocr_carea' id='block_1_87' title="bbox 1886 4839 3459 4912">
    <p class='ocr_par' dir='ltr' id='par_1_87' title="bbox 1886 4839 3459 4912">
     <span class='ocr_line' id='line_1_88' title="bbox 1886 4839 3459 4912; baseline -0.003 -16"><span class='ocrx_word' id='word_1_735' title='bbox 1886 4843 2194 4912; x_wconf 67' lang='lat' dir='ltr'><strong>plantanda:</strong></span> <span class='ocrx_word' id='word_1_736' title='bbox 2228 4840 2493 4895; x_wconf 88' lang='lat' dir='ltr'><strong>rationem</strong></span> <span class='ocrx_word' id='word_1_737' title='bbox 2535 4840 2786 4894; x_wconf 88' lang='lat' dir='ltr'><strong>homines</strong></span> <span class='ocrx_word' id='word_1_738' title='bbox 2842 4839 3047 4903; x_wconf 86' lang='lat' dir='ltr'><strong>docuit,</strong></span> <span class='ocrx_word' id='word_1_739' title='bbox 3074 4849 3342 4908; x_wconf 87' lang='lat' dir='ltr'><strong>potusque</strong></span> <span class='ocrx_word' id='word_1_740' title='bbox 3365 4846 3459 4907; x_wconf 48' lang='lat' dir='ltr'><strong>ges</strong></span> 
     </span>
    </p>
   </div>
   <div class='ocr_carea' id='block_1_88' title="bbox 1886 4929 3458 5007">
    <p class='ocr_par' dir='ltr' id='par_1_88' title="bbox 1886 4929 3458 5007">
     <span class='ocr_line' id='line_1_89' title="bbox 1886 4929 3458 5007; baseline -0.004 -17"><span class='ocrx_word' id='word_1_741' title='bbox 1886 4951 2013 4999; x_wconf 89' lang='lat' dir='ltr'><strong>nus,</strong></span> <span class='ocrx_word' id='word_1_742' title='bbox 2062 4936 2209 5007; x_wconf 85' lang='lat' dir='ltr'><strong>quod</strong></span> <span class='ocrx_word' id='word_1_743' title='bbox 2252 4950 2317 4988; x_wconf 82' lang='lat' dir='ltr'><strong>ex</strong></span> <span class='ocrx_word' id='word_1_744' title='bbox 2359 4933 2566 4987; x_wconf 89' lang='lat' dir='ltr'><strong>hordeo</strong></span> <span class='ocrx_word' id='word_1_745' title='bbox 2612 4932 2919 4999; x_wconf 82' lang='lat' dir='ltr'><strong>coniicitur,</strong></span> <span class='ocrx_word' id='word_1_746' title='bbox 2968 4932 3318 5002; x_wconf 81' lang='lat' dir='ltr'><strong>zythumque,</strong></span> <span class='ocrx_word' id='word_1_747' title='bbox 3355 4929 3458 4984; x_wconf 91' lang='lat' dir='ltr'><strong>hoc</strong></span> 
     </span>
    </p>
   </div>
   <div class='ocr_carea' id='block_1_89' title="bbox 1883 5021 3456 5088">
    <p class='ocr_par' dir='ltr' id='par_1_89' title="bbox 1883 5021 3456 5088">
     <span class='ocr_line' id='line_1_90' title="bbox 1883 5021 3456 5088; baseline -0.004 -6"><span class='ocrx_word' id='word_1_748' title='bbox 1883 5036 1969 5083; x_wconf 89' lang='lat' dir='ltr'><strong>est</strong></span> <span class='ocrx_word' id='word_1_749' title='bbox 2000 5026 2285 5088; x_wconf 84' lang='lat' dir='ltr'><strong>cerevisia,</strong></span> <span class='ocrx_word' id='word_1_750' title='bbox 2333 5026 2667 5088; x_wconf 88' lang='lat' dir='ltr'><strong>nominatur,</strong></span> <span class='ocrx_word' id='word_1_751' title='bbox 2724 5024 2949 5079; x_wconf 86' lang='lat' dir='ltr'><strong>invenit.</strong></span> <span class='ocrx_word' id='word_1_752' title='bbox 2983 5021 3125 5077; x_wconf 79' lang='lat' dir='ltr'><strong>Idem</strong></span> <span class='ocrx_word' id='word_1_753' title='bbox 3154 5024 3456 5076; x_wconf 75' lang='lat' dir='ltr'><strong>exercitum</strong></span> 
     </span>
    </p>
   </div>
   <div class='ocr_carea' id='block_1_90' title="bbox 1882 5115 3452 5188">
    <p class='ocr_par' dir='ltr' id='par_1_90' title="bbox 1882 5115 3452 5188">
     <span class='ocr_line' id='line_1_91' title="bbox 1882 5115 3452 5188; baseline -0.003 -15"><span class='ocrx_word' id='word_1_754' title='bbox 1882 5134 1948 5175; x_wconf 84' lang='lat' dir='ltr'><strong>ex</strong></span> <span class='ocrx_word' id='word_1_755' title='bbox 2012 5118 2142 5175; x_wconf 86' lang='lat' dir='ltr'><strong>viris</strong></span> <span class='ocrx_word' id='word_1_756' title='bbox 2183 5119 2613 5188; x_wconf 86' lang='lat' dir='ltr'><strong>mulieribusque</strong></span> <span class='ocrx_word' id='word_1_757' title='bbox 2670 5116 2963 5172; x_wconf 86' lang='lat' dir='ltr'><strong>conﬂatum</strong></span> <span class='ocrx_word' id='word_1_758' title='bbox 3015 5115 3452 5176; x_wconf 83' lang='lat' dir='ltr'><strong>circumducens.</strong></span> 
     </span>
    </p>
   </div>
   <div class='ocr_carea' id='block_1_91' title="bbox 1884 5204 3457 5281">
    <p class='ocr_par' dir='ltr' id='par_1_91' title="bbox 1884 5204 3457 5281">
     <span class='ocr_line' id='line_1_92' title="bbox 1884 5204 3457 5281; baseline -0.006 -11"><span class='ocrx_word' id='word_1_759' title='bbox 1884 5226 2078 5281; x_wconf 72' lang='lat' dir='ltr'><strong>pmnas</strong></span> <span class='ocrx_word' id='word_1_760' title='bbox 2117 5226 2147 5265; x_wconf 92' lang='lat' dir='ltr'><strong>a</strong></span> <span class='ocrx_word' id='word_1_761' title='bbox 2200 5208 2531 5269; x_wconf 75' lang='lat' dir='ltr'><strong>facitinrOsis</strong></span> <span class='ocrx_word' id='word_1_762' title='bbox 2552 5219 2607 5265; x_wconf 93' lang='lat' dir='ltr'><strong>et</strong></span> <span class='ocrx_word' id='word_1_763' title='bbox 2635 5208 2818 5279; x_wconf 88' lang='lat' dir='ltr'><strong>impiis</strong></span> <span class='ocrx_word' id='word_1_764' title='bbox 2852 5206 3133 5276; x_wconf 77' lang='lat' dir='ltr'><strong>expetivit.</strong></span> <span class='ocrx_word' id='word_1_765' title='bbox 3168 5204 3323 5273; x_wconf 85' lang='lat' dir='ltr'><strong>Quod</strong></span> <span class='ocrx_word' id='word_1_766' title='bbox 3356 5219 3457 5260; x_wconf 84' lang='lat' dir='ltr'><strong>au-</strong></span> 
     </span>
    </p>
   </div>
   <div class='ocr_carea' id='block_1_92' title="bbox 1884 5299 3452 5371">
    <p class='ocr_par' dir='ltr' id='par_1_92' title="bbox 1884 5299 3452 5371">
     <span class='ocr_line' id='line_1_93' title="bbox 1884 5299 3452 5371; baseline -0.006 -12"><span class='ocrx_word' id='word_1_767' title='bbox 1884 5314 1988 5359; x_wconf 89' lang='lat' dir='ltr'><strong>tem</strong></span> <span class='ocrx_word' id='word_1_768' title='bbox 2022 5305 2067 5361; x_wconf 90' lang='lat' dir='ltr'><strong>is</strong></span> <span class='ocrx_word' id='word_1_769' title='bbox 2096 5303 2392 5359; x_wconf 86' lang='lat' dir='ltr'><strong>triennium</strong></span> <span class='ocrx_word' id='word_1_770' title='bbox 2429 5303 2484 5357; x_wconf 91' lang='lat' dir='ltr'><strong>iu</strong></span> <span class='ocrx_word' id='word_1_771' title='bbox 2536 5301 2717 5357; x_wconf 86' lang='lat' dir='ltr'><strong>Indica</strong></span> <span class='ocrx_word' id='word_1_772' title='bbox 2766 5299 3109 5371; x_wconf 78' lang='lat' dir='ltr'><strong>expeditione</strong></span> <span class='ocrx_word' id='word_1_773' title='bbox 3158 5299 3452 5369; x_wconf 84' lang='lat' dir='ltr'><strong>posuisset,</strong></span> 
     </span>
    </p>
   </div>
   <div class='ocr_carea' id='block_1_93' title="bbox 1884 5392 3453 5463">
    <p class='ocr_par' dir='ltr' id='par_1_93' title="bbox 1884 5392 3453 5463">
     <span class='ocr_line' id='line_1_94' title="bbox 1884 5392 3453 5463; baseline -0.005 -11"><span class='ocrx_word' id='word_1_774' title='bbox 1884 5396 2054 5453; x_wconf 74' lang='lat' dir='ltr'><strong>Graeci</strong></span> <span class='ocrx_word' id='word_1_775' title='bbox 2114 5396 2380 5452; x_wconf 83' lang='lat' dir='ltr'><strong>trieterica</strong></span> <span class='ocrx_word' id='word_1_776' title='bbox 2416 5410 2573 5451; x_wconf 88' lang='lat' dir='ltr'><strong>sacra</strong></span> <span class='ocrx_word' id='word_1_777' title='bbox 2615 5394 2737 5463; x_wconf 87' lang='lat' dir='ltr'><strong>ejus</strong></span> <span class='ocrx_word' id='word_1_778' title='bbox 2764 5393 2817 5448; x_wconf 91' lang='lat' dir='ltr'><strong>in</strong></span> <span class='ocrx_word' id='word_1_779' title='bbox 2854 5394 3113 5449; x_wconf 89' lang='lat' dir='ltr'><strong>honorem</strong></span> <span class='ocrx_word' id='word_1_780' title='bbox 3148 5392 3453 5455; x_wconf 90' lang='lat' dir='ltr'><strong>instituere,</strong></span> 
     </span>
    </p>
   </div>
   <div class='ocr_carea' id='block_1_94' title="bbox 1880 5569 3455 5647">
    <p class='ocr_par' dir='ltr' id='par_1_94' title="bbox 1880 5569 3455 5647">
     <span class='ocr_line' id='line_1_95' title="bbox 1880 5569 3455 5647; baseline -0.006 -13"><span class='ocrx_word' id='word_1_781' title='bbox 1880 5580 1982 5634; x_wconf 84' lang='grc' dir='ltr'><strong>οὐκ</strong></span> <span class='ocrx_word' id='word_1_782' title='bbox 2008 5578 2328 5647; x_wconf 81' lang='grc' dir='ltr'>ἐνέγκασαν,</span> <span class='ocrx_word' id='word_1_783' title='bbox 2359 5576 2420 5631; x_wconf 78' lang='grc' dir='ltr'>τὸ</span> <span class='ocrx_word' id='word_1_784' title='bbox 2452 5576 2551 5645; x_wconf 83' lang='grc' dir='ltr'><strong>μὲν</strong></span> <span class='ocrx_word' id='word_1_785' title='bbox 2584 5574 2782 5647; x_wconf 61' lang='grc' dir='ltr'>βρέφος</span> <span class='ocrx_word' id='word_1_786' title='bbox 2808 5574 3099 5646; x_wconf 76' lang='grc' dir='ltr'>ἐκτρῶσαι,</span> <span class='ocrx_word' id='word_1_787' title='bbox 3271 5570 3328 5626; x_wconf 75' lang='grc' dir='ltr'>δὲ</span> <span class='ocrx_word' id='word_1_788' title='bbox 3360 5569 3455 5625; x_wconf 72' lang='grc' dir='ltr'>τοῦ</span> 
     </span>
    </p>
   </div>
   <div class='ocr_carea' id='block_1_95' title="bbox 1882 5644 3454 5722">
    <p class='ocr_par' dir='ltr' id='par_1_95' title="bbox 1882 5644 3454 5722">
     <span class='ocr_line' id='line_1_96' title="bbox 1882 5644 3454 5722; baseline -0.006 -18"><span class='ocrx_word' id='word_1_789' title='bbox 1882 5649 2051 5722; x_wconf 61' lang='grc' dir='ltr'>πυρὸς</span> <span class='ocrx_word' id='word_1_790' title='bbox 2076 5644 2243 5722; x_wconf 76' lang='grc' dir='ltr'>αύτὴν</span> <span class='ocrx_word' id='word_1_791' title='bbox 2263 5644 2596 5722; x_wconf 71' lang='grc' dir='ltr'>τελευτῆσαι.</span> <span class='ocrx_word' id='word_1_792' title='bbox 2623 5644 2855 5722; x_wconf 59' lang='lat' dir='ltr'><strong>Eadem,</strong></span> <span class='ocrx_word' id='word_1_793' title='bbox 2889 5644 2979 5722; x_wconf 68' lang='lat' dir='ltr'><strong>sed</strong></span> <span class='ocrx_word' id='word_1_794' title='bbox 3011 5660 3134 5722; x_wconf 75' lang='lat' dir='ltr'><strong>cum</strong></span> <span class='ocrx_word' id='word_1_795' title='bbox 3167 5644 3345 5722; x_wconf 73' lang='lat' dir='ltr'><strong>aliqua</strong></span> <span class='ocrx_word' id='word_1_796' title='bbox 3372 5649 3454 5722; x_wconf 74' lang='lat' dir='ltr'><strong>ta-</strong></span> 
     </span>
    </p>
   </div>
   <div class='ocr_carea' id='block_1_96' title="bbox 1882 5713 3456 5786">
    <p class='ocr_par' dir='ltr' id='par_1_96' title="bbox 1882 5713 3456 5786">
     <span class='ocr_line' id='line_1_97' title="bbox 1882 5713 3456 5786; baseline -0.003 -11"><span class='ocrx_word' id='word_1_797' title='bbox 1882 5713 2005 5775; x_wconf 72' lang='lat' dir='ltr'><strong>men</strong></span> <span class='ocrx_word' id='word_1_798' title='bbox 2047 5713 2326 5782; x_wconf 83' lang='lat' dir='ltr'><strong>varieiate,</strong></span> <span class='ocrx_word' id='word_1_799' title='bbox 2360 5713 2543 5780; x_wconf 46' lang='lat' dir='ltr'><strong>iibﬁtl,</strong></span> <span class='ocrx_word' id='word_1_800' title='bbox 2575 5732 2629 5786; x_wconf 91' lang='lat' dir='ltr'><strong>p.</strong></span> <span class='ocrx_word' id='word_1_801' title='bbox 2659 5716 2760 5771; x_wconf 80' lang='grc'><strong>198</strong></span> <span class='ocrx_word' id='word_1_802' title='bbox 2789 5720 2854 5781; x_wconf 74' lang='grc' dir='ltr'>Α,</span> <span class='ocrx_word' id='word_1_803' title='bbox 2889 5717 2981 5772; x_wconf 90' lang='lat' dir='ltr'><strong>ubi</strong></span> <span class='ocrx_word' id='word_1_804' title='bbox 3005 5715 3237 5771; x_wconf 87' lang='lat' dir='ltr'><strong>Junonis</strong></span> <span class='ocrx_word' id='word_1_805' title='bbox 3262 5713 3456 5770; x_wconf 78' lang='lat' dir='ltr'><strong>fraudo</strong></span> 
     </span>
    </p>
   </div>
   <div class='ocr_carea' id='block_1_97' title="bbox 1881 5789 2763 5871">
    <p class='ocr_par' dir='ltr' id='par_1_97' title="bbox 1881 5789 2763 5871">
     <span class='ocr_line' id='line_1_98' title="bbox 1881 5789 2763 5871; baseline -0.006 -24"><span class='ocrx_word' id='word_1_806' title='bbox 1881 5800 2051 5847; x_wconf 88' lang='lat' dir='ltr'><strong>totum</strong></span> <span class='ocrx_word' id='word_1_807' title='bbox 2086 5792 2134 5871; x_wconf 88' lang='lat' dir='ltr'><strong>id</strong></span> <span class='ocrx_word' id='word_1_808' title='bbox 2170 5789 2369 5846; x_wconf 67' lang='lat' dir='ltr'><strong>factum</strong></span> <span class='ocrx_word' id='word_1_809' title='bbox 2403 5803 2523 5844; x_wconf 87' lang='lat' dir='ltr'><strong>esse</strong></span> <span class='ocrx_word' id='word_1_810' title='bbox 2554 5789 2763 5845; x_wconf 79' lang='lat' dir='ltr'><strong>scribit.</strong></span> 
     </span>
    </p>
   </div>
   <div class='ocr_carea' id='block_1_98' title="bbox 3213 5948 3256 6025">
    <p class='ocr_par' dir='ltr' id='par_1_98' title="bbox 3213 5948 3256 6025">
     <span class='ocr_line' id='line_1_99' title="bbox 3213 5948 3256 6025; baseline 0 0"><span class='ocrx_word' id='word_1_811' title='bbox 3213 5948 3256 6025; x_wconf 53' lang='grc' dir='ltr'>ἓ</span> 
     </span>
    </p>
   </div>
  </div>
