  <div class='ocr_page' id='page_1' title='image "/cluster/home/n/w/nwhite01/storage/ocr_20150623/21/hvd.32044073501165/067.png"; bbox 0 0 3940 6380; ppageno 0'>
   <div class='ocr_carea' id='block_1_1' title="bbox 510 336 613 391">
    <p class='ocr_par' dir='ltr' id='par_1_1' title="bbox 510 336 613 391">
     <span class='ocr_line' id='line_1_1' title="bbox 510 336 613 391; baseline -0.01 0"><span class='ocrx_word' id='word_1_1' title='bbox 510 336 613 391; x_wconf 79' lang='lat' dir='ltr'><strong>I07</strong></span> 
     </span>
    </p>
   </div>
   <div class='ocr_carea' id='block_1_2' title="bbox 1110 339 3022 399">
    <p class='ocr_par' dir='ltr' id='par_1_2' title="bbox 1110 339 3022 399">
     <span class='ocr_line' id='line_1_2' title="bbox 1110 339 3022 399; baseline 0.001 -6"><span class='ocrx_word' id='word_1_2' title='bbox 1110 339 1379 397; x_wconf 79' lang='lat' dir='ltr'><strong>EUSEBII</strong></span> <span class='ocrx_word' id='word_1_3' title='bbox 1412 341 1887 399; x_wconf 59' lang='lat' dir='ltr'><strong>CIESARIENSIS</strong></span> <span class='ocrx_word' id='word_1_4' title='bbox 1916 342 2068 397; x_wconf 79' lang='lat' dir='ltr'><strong>OPP.</strong></span> <span class='ocrx_word' id='word_1_5' title='bbox 2107 344 2287 398; x_wconf 70' lang='lat' dir='ltr'><strong>PARS</strong></span> <span class='ocrx_word' id='word_1_6' title='bbox 2328 344 2391 399; x_wconf 89' lang='lat' dir='ltr'><strong>ll.</strong></span> <span class='ocrx_word' id='word_1_7' title='bbox 2432 373 2503 383; x_wconf 89' lang='lat'><strong>--</strong></span> <span class='ocrx_word' id='word_1_8' title='bbox 2529 340 3022 397; x_wconf 75' lang='lat' dir='ltr'><strong>APOLOGETICA.</strong></span> 
     </span>
    </p>
   </div>
   <div class='ocr_carea' id='block_1_3' title="bbox 3649 340 3746 396">
    <p class='ocr_par' dir='ltr' id='par_1_3' title="bbox 3649 340 3746 396">
     <span class='ocr_line' id='line_1_3' title="bbox 3649 340 3746 396; baseline 0 0"><span class='ocrx_word' id='word_1_9' title='bbox 3649 340 3746 396; x_wconf 76' lang='grc'><strong>108</strong></span> 
     </span>
    </p>
   </div>
   <div class='ocr_carea' id='block_1_4' title="bbox 507 457 2056 534">
    <p class='ocr_par' dir='ltr' id='par_1_4' title="bbox 507 457 2056 530">
     <span class='ocr_line' id='line_1_4' title="bbox 507 457 2056 530; baseline 0.005 -17"><span class='ocrx_word' id='word_1_10' title='bbox 507 474 632 513; x_wconf 93' lang='lat' dir='ltr'><strong>cum</strong></span> <span class='ocrx_word' id='word_1_11' title='bbox 665 471 760 528; x_wconf 89' lang='lat' dir='ltr'><strong>per</strong></span> <span class='ocrx_word' id='word_1_12' title='bbox 812 457 944 512; x_wconf 90' lang='lat' dir='ltr'><strong>illud</strong></span> <span class='ocrx_word' id='word_1_13' title='bbox 1006 467 1221 530; x_wconf 78' lang='lat' dir='ltr'><strong>tempus</strong></span> <span class='ocrx_word' id='word_1_14' title='bbox 1276 461 1548 518; x_wconf 84' lang='lat' dir='ltr'><strong>Bacchum</strong></span> <span class='ocrx_word' id='word_1_15' title='bbox 1595 480 1716 520; x_wconf 82' lang='lat' dir='ltr'><strong>sese</strong></span> <span class='ocrx_word' id='word_1_16' title='bbox 1766 466 2056 521; x_wconf 85' lang='lat' dir='ltr'><strong>hominibu:</strong></span> 
     </span>
    </p>
   </div>
   <div class='ocr_carea' id='block_1_5' title="bbox 2158 457 3749 534">
    <p class='ocr_par' dir='ltr' id='par_1_5' title="bbox 2182 457 3749 534">
     <span class='ocr_line' id='line_1_5' title="bbox 2182 457 3749 534; baseline 0 -20"><span class='ocrx_word' id='word_1_17' title='bbox 2182 464 2278 534; x_wconf 85' lang='grc' dir='ltr'><strong>τὴν</strong></span> <span class='ocrx_word' id='word_1_18' title='bbox 2308 461 2400 515; x_wconf 87' lang='grc' dir='ltr'><strong>τοῦ</strong></span> <span class='ocrx_word' id='word_1_19' title='bbox 2430 460 2573 513; x_wconf 78' lang='grc' dir='ltr'>οἴνου</span> <span class='ocrx_word' id='word_1_20' title='bbox 2617 459 2791 511; x_wconf 81' lang='grc' dir='ltr'>δόσιν·</span> <span class='ocrx_word' id='word_1_21' title='bbox 2842 458 3030 530; x_wconf 82' lang='grc' dir='ltr'>ὥσπερ</span> <span class='ocrx_word' id='word_1_22' title='bbox 3055 458 3148 512; x_wconf 73' lang='grc' dir='ltr'><strong>καὶ</strong></span> <span class='ocrx_word' id='word_1_23' title='bbox 3187 457 3285 528; x_wconf 84' lang='grc' dir='ltr'>τὴν</span> <span class='ocrx_word' id='word_1_24' title='bbox 3327 458 3617 530; x_wconf 77' lang='grc' dir='ltr'>Δήμητραν</span> <span class='ocrx_word' id='word_1_25' title='bbox 3664 461 3749 515; x_wconf 78' lang='grc' dir='ltr'><strong>διὰ</strong></span> 
     </span>
    </p>
   </div>
   <div class='ocr_carea' id='block_1_6' title="bbox 514 550 2076 625">
    <p class='ocr_par' dir='ltr' id='par_1_6' title="bbox 514 550 2076 625">
     <span class='ocr_line' id='line_1_6' title="bbox 514 550 2076 625; baseline 0.005 -19"><span class='ocrx_word' id='word_1_26' title='bbox 514 550 871 620; x_wconf 89' lang='lat' dir='ltr'><strong>spectandum</strong></span> <span class='ocrx_word' id='word_1_27' title='bbox 929 551 1171 621; x_wconf 72' lang='lat' dir='ltr'><strong>praebere</strong></span> <span class='ocrx_word' id='word_1_28' title='bbox 1214 553 1435 609; x_wconf 90' lang='lat' dir='ltr'><strong>solitum</strong></span> <span class='ocrx_word' id='word_1_29' title='bbox 1486 564 1757 625; x_wconf 94' lang='lat' dir='ltr'><strong>putarent.</strong></span> <span class='ocrx_word' id='word_1_30' title='bbox 1806 557 2076 614; x_wconf 75' lang='lat' dir='ltr'><strong>Caeterum</strong></span> 
     </span>
    </p>
   </div>
   <div class='ocr_carea' id='block_1_7' title="bbox 503 644 2119 721">
    <p class='ocr_par' dir='ltr' id='par_1_7' title="bbox 503 644 2119 721">
     <span class='ocr_line' id='line_1_7' title="bbox 503 644 2119 721; baseline 0.006 -22"><span class='ocrx_word' id='word_1_31' title='bbox 503 645 719 700; x_wconf 88' lang='lat' dir='ltr'><strong>divinos</strong></span> <span class='ocrx_word' id='word_1_32' title='bbox 759 644 998 700; x_wconf 83' lang='lat' dir='ltr'><strong>honores</strong></span> <span class='ocrx_word' id='word_1_33' title='bbox 1038 657 1261 717; x_wconf 82' lang='lat' dir='ltr'><strong>prepter</strong></span> <span class='ocrx_word' id='word_1_34' title='bbox 1304 650 1415 703; x_wconf 90' lang='lat' dir='ltr'><strong>vini</strong></span> <span class='ocrx_word' id='word_1_35' title='bbox 1466 665 1688 715; x_wconf 91' lang='lat' dir='ltr'><strong>munus,</strong></span> <span class='ocrx_word' id='word_1_36' title='bbox 1723 653 2078 721; x_wconf 85' lang='lat' dir='ltr'><strong>quemadmo-</strong></span> <span class='ocrx_word' id='word_1_37' title='bbox 2115 679 2119 683; x_wconf 57' lang='grc' dir='ltr'><strong><em>ν</em></strong></span> 
     </span>
    </p>
   </div>
   <div class='ocr_carea' id='block_1_8' title="bbox 503 735 2079 807">
    <p class='ocr_par' dir='ltr' id='par_1_8' title="bbox 503 735 2079 807">
     <span class='ocr_line' id='line_1_8' title="bbox 503 735 2079 807; baseline 0.004 -15"><span class='ocrx_word' id='word_1_38' title='bbox 503 738 632 792; x_wconf 91' lang='lat' dir='ltr'><strong>dum</strong></span> <span class='ocrx_word' id='word_1_39' title='bbox 660 735 826 792; x_wconf 78' lang='lat' dir='ltr'><strong>Ceres</strong></span> <span class='ocrx_word' id='word_1_40' title='bbox 852 738 923 792; x_wconf 91' lang='lat' dir='ltr'><strong>ob</strong></span> <span class='ocrx_word' id='word_1_41' title='bbox 954 739 1159 793; x_wconf 88' lang='lat' dir='ltr'><strong>inventi</strong></span> <span class='ocrx_word' id='word_1_42' title='bbox 1181 739 1439 795; x_wconf 89' lang='lat' dir='ltr'><strong>frumenti</strong></span> <span class='ocrx_word' id='word_1_43' title='bbox 1473 743 1819 807; x_wconf 85' lang='lat' dir='ltr'><strong>beneficium,</strong></span> <span class='ocrx_word' id='word_1_44' title='bbox 1857 744 1925 800; x_wconf 91' lang='lat' dir='ltr'><strong>ab</strong></span> <span class='ocrx_word' id='word_1_45' title='bbox 1953 745 2079 800; x_wconf 88' lang='lat' dir='ltr'><strong>uni-</strong></span> 
     </span>
    </p>
   </div>
   <div class='ocr_carea' id='block_1_9' title="bbox 506 829 2073 904">
    <p class='ocr_par' dir='ltr' id='par_1_9' title="bbox 506 829 2073 904">
     <span class='ocr_line' id='line_1_9' title="bbox 506 829 2073 904; baseline 0.006 -21"><span class='ocrx_word' id='word_1_46' title='bbox 506 844 667 884; x_wconf 83' lang='lat' dir='ltr'><strong>verso</strong></span> <span class='ocrx_word' id='word_1_47' title='bbox 743 829 1026 884; x_wconf 86' lang='lat' dir='ltr'><strong>hominum</strong></span> <span class='ocrx_word' id='word_1_48' title='bbox 1099 847 1294 901; x_wconf 83' lang='lat' dir='ltr'><strong>genere</strong></span> <span class='ocrx_word' id='word_1_49' title='bbox 1354 834 1681 904; x_wconf 90' lang='lat' dir='ltr'><strong>impetravit.</strong></span> <span class='ocrx_word' id='word_1_50' title='bbox 1730 834 1849 891; x_wconf 84' lang='lat' dir='ltr'><strong>Jam</strong></span> <span class='ocrx_word' id='word_1_51' title='bbox 1909 838 2073 892; x_wconf 61' lang='lat' dir='ltr'><strong>alium</strong></span> 
     </span>
    </p>
   </div>
   <div class='ocr_carea' id='block_1_10' title="bbox 499 920 2076 1000">
    <p class='ocr_par' dir='ltr' id='par_1_10' title="bbox 499 920 2076 1000">
     <span class='ocr_line' id='line_1_10' title="bbox 499 920 2076 1000; baseline 0.006 -26"><span class='ocrx_word' id='word_1_52' title='bbox 499 930 760 991; x_wconf 69' lang='lat' dir='ltr'><strong>praeterea</strong></span> <span class='ocrx_word' id='word_1_53' title='bbox 792 920 1063 976; x_wconf 88' lang='lat' dir='ltr'><strong>Bacchum</strong></span> <span class='ocrx_word' id='word_1_54' title='bbox 1109 921 1279 978; x_wconf 87' lang='lat' dir='ltr'><strong>fuisse</strong></span> <span class='ocrx_word' id='word_1_55' title='bbox 1329 926 1572 987; x_wconf 87' lang='lat' dir='ltr'><strong>tradunt,</strong></span> <span class='ocrx_word' id='word_1_56' title='bbox 1608 926 1700 996; x_wconf 90' lang='lat' dir='ltr'><strong>qui</strong></span> <span class='ocrx_word' id='word_1_57' title='bbox 1743 927 2076 1000; x_wconf 85' lang='lat' dir='ltr'><strong>hunclongo</strong></span> 
     </span>
    </p>
   </div>
   <div class='ocr_carea' id='block_1_11' title="bbox 500 1012 2072 1087">
    <p class='ocr_par' dir='ltr' id='par_1_11' title="bbox 500 1012 2072 1087">
     <span class='ocr_line' id='line_1_11' title="bbox 500 1012 2072 1087; baseline 0.004 -21"><span class='ocrx_word' id='word_1_58' title='bbox 500 1020 720 1067; x_wconf 73' lang='lat' dir='ltr'><strong>aetatum</strong></span> <span class='ocrx_word' id='word_1_59' title='bbox 756 1012 1041 1067; x_wconf 87' lang='lat' dir='ltr'><strong>intervallo</strong></span> <span class='ocrx_word' id='word_1_60' title='bbox 1084 1017 1445 1083; x_wconf 68' lang='lat' dir='ltr'><strong>prazcesserit,</strong></span> <span class='ocrx_word' id='word_1_61' title='bbox 1479 1032 1750 1087; x_wconf 86' lang='lat' dir='ltr'><strong>quemque</strong></span> <span class='ocrx_word' id='word_1_62' title='bbox 1782 1017 2072 1073; x_wconf 88' lang='lat' dir='ltr'><strong>Sabazium</strong></span> 
     </span>
    </p>
   </div>
   <div class='ocr_carea' id='block_1_12' title="bbox 500 1104 2074 1181">
    <p class='ocr_par' dir='ltr' id='par_1_12' title="bbox 500 1104 2074 1181">
     <span class='ocr_line' id='line_1_12' title="bbox 500 1104 2074 1181; baseline 0.006 -22"><span class='ocrx_word' id='word_1_63' title='bbox 500 1104 748 1159; x_wconf 87' lang='lat' dir='ltr'><strong>nonnulli</strong></span> <span class='ocrx_word' id='word_1_64' title='bbox 782 1115 1001 1170; x_wconf 87' lang='lat' dir='ltr'><strong>vocant,</strong></span> <span class='ocrx_word' id='word_1_65' title='bbox 1029 1104 1182 1161; x_wconf 75' lang='lat' dir='ltr'><strong>lovis</strong></span> <span class='ocrx_word' id='word_1_66' title='bbox 1207 1122 1273 1162; x_wconf 80' lang='lat' dir='ltr'><strong>ex</strong></span> <span class='ocrx_word' id='word_1_67' title='bbox 1298 1107 1624 1179; x_wconf 87' lang='lat' dir='ltr'><strong>Proserpina</strong></span> <span class='ocrx_word' id='word_1_68' title='bbox 1666 1111 1863 1166; x_wconf 83' lang='lat' dir='ltr'><strong>filium.</strong></span> <span class='ocrx_word' id='word_1_69' title='bbox 1899 1109 2074 1181; x_wconf 86' lang='lat' dir='ltr'><strong>Hujus</strong></span> 
     </span>
    </p>
   </div>
   <div class='ocr_carea' id='block_1_13' title="bbox 504 1197 2074 1271">
    <p class='ocr_par' dir='ltr' id='par_1_13' title="bbox 504 1197 2074 1271">
     <span class='ocr_line' id='line_1_13' title="bbox 504 1197 2074 1271; baseline 0.005 -22"><span class='ocrx_word' id='word_1_70' title='bbox 504 1210 615 1250; x_wconf 91' lang='lat' dir='ltr'><strong>non</strong></span> <span class='ocrx_word' id='word_1_71' title='bbox 646 1204 802 1250; x_wconf 87' lang='lat' dir='ltr'><strong>ortus</strong></span> <span class='ocrx_word' id='word_1_72' title='bbox 863 1197 1047 1261; x_wconf 89' lang='lat' dir='ltr'><strong>modo,</strong></span> <span class='ocrx_word' id='word_1_73' title='bbox 1108 1198 1203 1253; x_wconf 89' lang='lat' dir='ltr'><strong>sed</strong></span> <span class='ocrx_word' id='word_1_74' title='bbox 1263 1200 1426 1254; x_wconf 89' lang='lat' dir='ltr'><strong>etiam</strong></span> <span class='ocrx_word' id='word_1_75' title='bbox 1485 1202 1776 1268; x_wconf 79' lang='lat' dir='ltr'><strong>sacrificia,</strong></span> <span class='ocrx_word' id='word_1_76' title='bbox 1825 1203 2074 1271; x_wconf 84' lang='lat' dir='ltr'><strong>ritusque</strong></span> 
     </span>
    </p>
   </div>
   <div class='ocr_carea' id='block_1_14' title="bbox 497 1287 2071 1362">
    <p class='ocr_par' dir='ltr' id='par_1_14' title="bbox 497 1287 2071 1362">
     <span class='ocr_line' id='line_1_14' title="bbox 497 1287 2071 1362; baseline 0.006 -21"><span class='ocrx_word' id='word_1_77' title='bbox 497 1287 755 1342; x_wconf 87' lang='lat' dir='ltr'><strong>nocturni</strong></span> <span class='ocrx_word' id='word_1_78' title='bbox 777 1302 841 1343; x_wconf 89' lang='lat' dir='ltr'><strong>ac</strong></span> <span class='ocrx_word' id='word_1_79' title='bbox 871 1288 1123 1355; x_wconf 84' lang='lat' dir='ltr'><strong>latentes,</strong></span> <span class='ocrx_word' id='word_1_80' title='bbox 1155 1290 1303 1359; x_wconf 90' lang='lat' dir='ltr'><strong>quod</strong></span> <span class='ocrx_word' id='word_1_81' title='bbox 1338 1303 1634 1362; x_wconf 91' lang='lat' dir='ltr'><strong>perpetuus</strong></span> <span class='ocrx_word' id='word_1_82' title='bbox 1676 1295 1842 1349; x_wconf 90' lang='lat' dir='ltr'><strong>veluti</strong></span> <span class='ocrx_word' id='word_1_83' title='bbox 1887 1310 2071 1351; x_wconf 92' lang='lat' dir='ltr'><strong>comes</strong></span> 
     </span>
    </p>
   </div>
   <div class='ocr_carea' id='block_1_15' title="bbox 495 1379 2072 1453">
    <p class='ocr_par' dir='ltr' id='par_1_15' title="bbox 495 1379 2072 1453">
     <span class='ocr_line' id='line_1_15' title="bbox 495 1379 2072 1453; baseline 0.006 -21"><span class='ocrx_word' id='word_1_84' title='bbox 495 1379 562 1432; x_wconf 83' lang='lat' dir='ltr'><strong>ad</strong></span> <span class='ocrx_word' id='word_1_85' title='bbox 598 1380 924 1436; x_wconf 85' lang='lat' dir='ltr'><strong>concubitus</strong></span> <span class='ocrx_word' id='word_1_86' title='bbox 952 1379 1250 1438; x_wconf 69' lang='lat' dir='ltr'><strong>fmditatem</strong></span> <span class='ocrx_word' id='word_1_87' title='bbox 1276 1385 1450 1453; x_wconf 88' lang='lat' dir='ltr'><strong>pudor</strong></span> <span class='ocrx_word' id='word_1_88' title='bbox 1475 1385 1830 1450; x_wconf 81' lang='lat' dir='ltr'><strong>adhaerescat,</strong></span> <span class='ocrx_word' id='word_1_89' title='bbox 1868 1387 1938 1441; x_wconf 89' lang='lat' dir='ltr'><strong>ab</strong></span> <span class='ocrx_word' id='word_1_90' title='bbox 1967 1387 2072 1442; x_wconf 89' lang='lat' dir='ltr'><strong>illis</strong></span> 
     </span>
    </p>
   </div>
   <div class='ocr_carea' id='block_1_16' title="bbox 494 1473 2073 1547">
    <p class='ocr_par' dir='ltr' id='par_1_16' title="bbox 494 1473 2073 1547">
     <span class='ocr_line' id='line_1_16' title="bbox 494 1473 2073 1547; baseline 0.004 -19"><span class='ocrx_word' id='word_1_91' title='bbox 494 1473 848 1528; x_wconf 88' lang='lat' dir='ltr'><strong>invehuntur.</strong></span> <span class='ocrx_word' id='word_1_92' title='bbox 884 1473 1020 1528; x_wconf 90' lang='lat' dir='ltr'><strong>Eum</strong></span> <span class='ocrx_word' id='word_1_93' title='bbox 1056 1491 1274 1546; x_wconf 85' lang='lat' dir='ltr'><strong>quoque</strong></span> <span class='ocrx_word' id='word_1_94' title='bbox 1310 1477 1682 1547; x_wconf 77' lang='lat' dir='ltr'><strong>jugandorum</strong></span> <span class='ocrx_word' id='word_1_95' title='bbox 1712 1479 1875 1535; x_wconf 89' lang='lat' dir='ltr'><strong>boum</strong></span> <span class='ocrx_word' id='word_1_96' title='bbox 1906 1481 2073 1536; x_wconf 85' lang='lat' dir='ltr'><strong>ratio-</strong></span> 
     </span>
    </p>
   </div>
   <div class='ocr_carea' id='block_1_17' title="bbox 496 1566 2071 1642">
    <p class='ocr_par' dir='ltr' id='par_1_17' title="bbox 496 1566 2071 1642">
     <span class='ocr_line' id='line_1_17' title="bbox 496 1566 2071 1642; baseline 0.006 -23"><span class='ocrx_word' id='word_1_97' title='bbox 496 1580 620 1619; x_wconf 91' lang='lat' dir='ltr'><strong>nem</strong></span> <span class='ocrx_word' id='word_1_98' title='bbox 686 1566 922 1635; x_wconf 87' lang='lat' dir='ltr'><strong>primum</strong></span> <span class='ocrx_word' id='word_1_99' title='bbox 978 1568 1318 1637; x_wconf 84' lang='lat' dir='ltr'><strong>excogitasse</strong></span> <span class='ocrx_word' id='word_1_100' title='bbox 1370 1570 1544 1635; x_wconf 87' lang='lat' dir='ltr'><strong>aiunt,</strong></span> <span class='ocrx_word' id='word_1_101' title='bbox 1605 1571 1833 1642; x_wconf 83' lang='lat' dir='ltr'><strong>ideoque</strong></span> <span class='ocrx_word' id='word_1_102' title='bbox 1864 1588 2071 1629; x_wconf 90' lang='lat' dir='ltr'><strong>cornua</strong></span> 
     </span>
    </p>
   </div>
   <div class='ocr_carea' id='block_1_18' title="bbox 508 1656 2072 1733">
    <p class='ocr_par' dir='ltr' id='par_1_18' title="bbox 508 1656 2072 1733">
     <span class='ocr_line' id='line_1_18' title="bbox 508 1656 2072 1733; baseline 0.008 -24"><span class='ocrx_word' id='word_1_103' title='bbox 508 1656 752 1725; x_wconf 73' lang='lat' dir='ltr'><strong>ejusdem</strong></span> <span class='ocrx_word' id='word_1_104' title='bbox 788 1658 1096 1714; x_wconf 84' lang='lat' dir='ltr'><strong>simulacris</strong></span> <span class='ocrx_word' id='word_1_105' title='bbox 1142 1659 1383 1731; x_wconf 83' lang='lat' dir='ltr'><strong>alligunt.</strong></span> <span class='ocrx_word' id='word_1_106' title='bbox 1436 1664 1506 1717; x_wconf 82' lang='lat' dir='ltr'><strong>At</strong></span> <span class='ocrx_word' id='word_1_107' title='bbox 1534 1680 1659 1718; x_wconf 89' lang='lat' dir='ltr'><strong>vero</strong></span> <span class='ocrx_word' id='word_1_108' title='bbox 1687 1664 1962 1733; x_wconf 88' lang='lat' dir='ltr'><strong>juniorem</strong></span> <span class='ocrx_word' id='word_1_109' title='bbox 1993 1666 2072 1720; x_wconf 91' lang='lat' dir='ltr'><strong>al-</strong></span> 
     </span>
    </p>
   </div>
   <div class='ocr_carea' id='block_1_19' title="bbox 500 1749 2068 1829">
    <p class='ocr_par' dir='ltr' id='par_1_19' title="bbox 500 1749 2068 1829">
     <span class='ocr_line' id='line_1_19' title="bbox 500 1749 2068 1829; baseline 0.008 -28"><span class='ocrx_word' id='word_1_110' title='bbox 500 1758 675 1802; x_wconf 86' lang='lat' dir='ltr'><strong>terum</strong></span> <span class='ocrx_word' id='word_1_111' title='bbox 700 1764 766 1803; x_wconf 80' lang='lat' dir='ltr'><strong>ex</strong></span> <span class='ocrx_word' id='word_1_112' title='bbox 812 1749 1023 1805; x_wconf 89' lang='lat' dir='ltr'><strong>Semele</strong></span> <span class='ocrx_word' id='word_1_113' title='bbox 1053 1760 1262 1820; x_wconf 88' lang='lat' dir='ltr'><strong>natum,</strong></span> <span class='ocrx_word' id='word_1_114' title='bbox 1298 1754 1543 1823; x_wconf 89' lang='lat' dir='ltr'><strong>corporis</strong></span> <span class='ocrx_word' id='word_1_115' title='bbox 1573 1757 1799 1812; x_wconf 89' lang='lat' dir='ltr'><strong>mollitie</strong></span> <span class='ocrx_word' id='word_1_116' title='bbox 1827 1758 2068 1829; x_wconf 76' lang='lat' dir='ltr'><strong>luxuque</strong></span> 
     </span>
    </p>
   </div>
   <div class='ocr_carea' id='block_1_20' title="bbox 2179 544 3751 621">
    <p class='ocr_par' dir='ltr' id='par_1_20' title="bbox 2179 544 3751 621">
     <span class='ocr_line' id='line_1_20' title="bbox 2179 544 3751 621; baseline 0.001 -17"><span class='ocrx_word' id='word_1_117' title='bbox 2179 553 2277 621; x_wconf 82' lang='grc' dir='ltr'><strong>τὴν</strong></span> <span class='ocrx_word' id='word_1_118' title='bbox 2299 550 2399 621; x_wconf 79' lang='grc' dir='ltr'>τῆς</span> <span class='ocrx_word' id='word_1_119' title='bbox 2431 548 2521 603; x_wconf 89' lang='grc' dir='ltr'><strong>τοῦ</strong></span> <span class='ocrx_word' id='word_1_120' title='bbox 2558 549 2704 602; x_wconf 93' lang='grc' dir='ltr'>σίτου</span> <span class='ocrx_word' id='word_1_121' title='bbox 2738 550 2940 620; x_wconf 82' lang='grc' dir='ltr'>τροφῆς</span> <span class='ocrx_word' id='word_1_122' title='bbox 2964 548 3196 621; x_wconf 81' lang='grc' dir='ltr'>εῦρεσιν.</span> <span class='ocrx_word' id='word_1_123' title='bbox 3235 544 3387 603; x_wconf 84' lang='grc' dir='ltr'>Εἶναι</span> <span class='ocrx_word' id='word_1_124' title='bbox 3415 549 3471 603; x_wconf 85' lang='grc' dir='ltr'><strong>δέ</strong></span> <span class='ocrx_word' id='word_1_125' title='bbox 3497 568 3627 619; x_wconf 86' lang='grc' dir='ltr'>φασι</span> <span class='ocrx_word' id='word_1_126' title='bbox 3660 554 3751 605; x_wconf 76' lang='grc' dir='ltr'>καὶ</span> 
     </span>
    </p>
   </div>
   <div class='ocr_carea' id='block_1_21' title="bbox 2178 639 3750 714">
    <p class='ocr_par' dir='ltr' id='par_1_21' title="bbox 2178 639 3750 714">
     <span class='ocr_line' id='line_1_21' title="bbox 2178 639 3750 714; baseline 0.001 -19"><span class='ocrx_word' id='word_1_127' title='bbox 2178 642 2335 695; x_wconf 82' lang='grc' dir='ltr'>ἄλλον</span> <span class='ocrx_word' id='word_1_128' title='bbox 2368 639 2620 693; x_wconf 90' lang='grc' dir='ltr'>Διόνυσον</span> <span class='ocrx_word' id='word_1_129' title='bbox 2651 639 2784 693; x_wconf 89' lang='grc' dir='ltr'><strong>πολὺ</strong></span> <span class='ocrx_word' id='word_1_130' title='bbox 2819 642 2930 704; x_wconf 90' lang='grc' dir='ltr'>τοῖς</span> <span class='ocrx_word' id='word_1_131' title='bbox 2958 641 3170 711; x_wconf 84' lang='grc' dir='ltr'><strong>χρόνοις</strong></span> <span class='ocrx_word' id='word_1_132' title='bbox 3214 640 3581 714; x_wconf 79' lang='grc' dir='ltr'><strong>προτεροῦντα</strong></span> <span class='ocrx_word' id='word_1_133' title='bbox 3627 642 3750 697; x_wconf 86' lang='grc' dir='ltr'>τοὺ-</span> 
     </span>
    </p>
   </div>
   <div class='ocr_carea' id='block_1_22' title="bbox 2177 731 3748 805">
    <p class='ocr_par' dir='ltr' id='par_1_22' title="bbox 2177 731 3748 805">
     <span class='ocr_line' id='line_1_22' title="bbox 2177 731 3748 805; baseline 0 -18"><span class='ocrx_word' id='word_1_134' title='bbox 2177 740 2291 797; x_wconf 84' lang='grc' dir='ltr'>του,</span> <span class='ocrx_word' id='word_1_135' title='bbox 2328 733 2417 786; x_wconf 86' lang='grc' dir='ltr'><strong>τὸν</strong></span> <span class='ocrx_word' id='word_1_136' title='bbox 2447 731 2552 784; x_wconf 90' lang='grc' dir='ltr'><strong>ὑπό</strong></span> <span class='ocrx_word' id='word_1_137' title='bbox 2587 750 2745 785; x_wconf 91' lang='grc' dir='ltr'>τινων</span> <span class='ocrx_word' id='word_1_138' title='bbox 2780 732 3040 797; x_wconf 79' lang='grc' dir='ltr'>Σαϐάζιον</span> <span class='ocrx_word' id='word_1_139' title='bbox 3073 733 3468 805; x_wconf 74' lang='grc' dir='ltr'>ὀνομαζόμενον</span> <span class='ocrx_word' id='word_1_140' title='bbox 3488 774 3503 799; x_wconf 90' lang='grc'><strong>,</strong></span> <span class='ocrx_word' id='word_1_141' title='bbox 3543 736 3608 787; x_wconf 84' lang='grc' dir='ltr'>ὲκ</span> <span class='ocrx_word' id='word_1_142' title='bbox 3629 737 3748 801; x_wconf 80' lang='grc' dir='ltr'>Διὸς</span> 
     </span>
    </p>
   </div>
   <div class='ocr_carea' id='block_1_23' title="bbox 2176 820 3750 895">
    <p class='ocr_par' dir='ltr' id='par_1_23' title="bbox 2176 820 3750 895">
     <span class='ocr_line' id='line_1_23' title="bbox 2176 820 3750 895; baseline 0.001 -17"><span class='ocrx_word' id='word_1_143' title='bbox 2176 824 2270 878; x_wconf 75' lang='grc' dir='ltr'><strong>καὶ</strong></span> <span class='ocrx_word' id='word_1_144' title='bbox 2291 822 2637 895; x_wconf 78' lang='grc' dir='ltr'><strong>Περσεφόνης</strong></span> <span class='ocrx_word' id='word_1_145' title='bbox 2670 824 2978 895; x_wconf 88' lang='grc' dir='ltr'>γενόμενον,</span> <span class='ocrx_word' id='word_1_146' title='bbox 3017 820 3076 878; x_wconf 80' lang='grc' dir='ltr'><strong>οῦ</strong></span> <span class='ocrx_word' id='word_1_147' title='bbox 3117 824 3215 895; x_wconf 81' lang='grc' dir='ltr'><strong>τὴν</strong></span> <span class='ocrx_word' id='word_1_148' title='bbox 3258 824 3490 892; x_wconf 89' lang='grc' dir='ltr'>γένεσιν,</span> <span class='ocrx_word' id='word_1_149' title='bbox 3521 826 3616 879; x_wconf 73' lang='grc' dir='ltr'><strong>καὶ</strong></span> <span class='ocrx_word' id='word_1_150' title='bbox 3653 828 3750 890; x_wconf 80' lang='grc' dir='ltr'><strong>τὰς</strong></span> 
     </span>
    </p>
   </div>
   <div class='ocr_carea' id='block_1_24' title="bbox 2178 913 3749 988">
    <p class='ocr_par' dir='ltr' id='par_1_24' title="bbox 2178 913 3749 988">
     <span class='ocr_line' id='line_1_24' title="bbox 2178 913 3749 988; baseline -0.001 -17"><span class='ocrx_word' id='word_1_151' title='bbox 2178 918 2399 981; x_wconf 81' lang='grc' dir='ltr'><strong>Θυσίας,</strong></span> <span class='ocrx_word' id='word_1_152' title='bbox 2453 913 2547 970; x_wconf 72' lang='grc' dir='ltr'><strong>καὶ</strong></span> <span class='ocrx_word' id='word_1_153' title='bbox 2607 915 2706 979; x_wconf 86' lang='grc' dir='ltr'><strong>τὰς</strong></span> <span class='ocrx_word' id='word_1_154' title='bbox 2751 916 2913 987; x_wconf 82' lang='grc' dir='ltr'>τιμὰς</span> <span class='ocrx_word' id='word_1_155' title='bbox 2973 916 3287 988; x_wconf 80' lang='grc' dir='ltr'><strong>νυκτερινὰς</strong></span> <span class='ocrx_word' id='word_1_156' title='bbox 3352 918 3444 972; x_wconf 79' lang='grc' dir='ltr'><strong>καὶ</strong></span> <span class='ocrx_word' id='word_1_157' title='bbox 3491 918 3749 988; x_wconf 75' lang='grc' dir='ltr'>κρυφίους</span> 
     </span>
    </p>
   </div>
   <div class='ocr_carea' id='block_1_25' title="bbox 2176 1009 3749 1081">
    <p class='ocr_par' dir='ltr' id='par_1_25' title="bbox 2176 1009 3749 1081">
     <span class='ocr_line' id='line_1_25' title="bbox 2176 1009 3749 1081; baseline 0 -18"><span class='ocrx_word' id='word_1_158' title='bbox 2176 1011 2501 1081; x_wconf 78' lang='grc' dir='ltr'>εἰσάγουσιν,</span> <span class='ocrx_word' id='word_1_159' title='bbox 2535 1010 2622 1063; x_wconf 88' lang='grc' dir='ltr'><strong>διὰ</strong></span> <span class='ocrx_word' id='word_1_160' title='bbox 2660 1010 2758 1081; x_wconf 80' lang='grc' dir='ltr'>τὴν</span> <span class='ocrx_word' id='word_1_161' title='bbox 2799 1009 3059 1080; x_wconf 78' lang='grc' dir='ltr'>αἰσχύνην</span> <span class='ocrx_word' id='word_1_162' title='bbox 3102 1009 3201 1080; x_wconf 78' lang='grc' dir='ltr'><strong>τὴν</strong></span> <span class='ocrx_word' id='word_1_163' title='bbox 3236 1012 3300 1063; x_wconf 83' lang='grc' dir='ltr'><strong>ἐκ</strong></span> <span class='ocrx_word' id='word_1_164' title='bbox 3327 1010 3423 1081; x_wconf 77' lang='grc' dir='ltr'>τῆς</span> <span class='ocrx_word' id='word_1_165' title='bbox 3465 1011 3749 1074; x_wconf 74' lang='grc' dir='ltr'>συνουσίας</span> 
     </span>
    </p>
   </div>
   <div class='ocr_carea' id='block_1_26' title="bbox 2175 1101 3748 1174">
    <p class='ocr_par' dir='ltr' id='par_1_26' title="bbox 2175 1101 3748 1174">
     <span class='ocr_line' id='line_1_26' title="bbox 2175 1101 3748 1174; baseline -0.001 -17"><span class='ocrx_word' id='word_1_166' title='bbox 2175 1102 2678 1166; x_wconf 75' lang='grc' dir='ltr'>ἐπακολουθοῦσαν,</span> <span class='ocrx_word' id='word_1_167' title='bbox 2726 1102 2785 1155; x_wconf 84' lang='grc' dir='ltr'><strong>ὃν</strong></span> <span class='ocrx_word' id='word_1_168' title='bbox 2830 1102 2922 1156; x_wconf 72' lang='grc' dir='ltr'><strong>καὶ</strong></span> <span class='ocrx_word' id='word_1_169' title='bbox 2970 1101 3183 1173; x_wconf 87' lang='grc' dir='ltr'>πρῶτον</span> <span class='ocrx_word' id='word_1_170' title='bbox 3228 1102 3353 1173; x_wconf 88' lang='grc' dir='ltr'>βοῦς</span> <span class='ocrx_word' id='word_1_171' title='bbox 3404 1103 3748 1174; x_wconf 73' lang='grc' dir='ltr'>ἐπιχειρῆσαι</span> 
     </span>
    </p>
   </div>
   <div class='ocr_carea' id='block_1_27' title="bbox 2175 1187 3749 1269">
    <p class='ocr_par' dir='ltr' id='par_1_27' title="bbox 2175 1187 3749 1269">
     <span class='ocr_line' id='line_1_27' title="bbox 2175 1187 3749 1269; baseline -0.002 -20"><span class='ocrx_word' id='word_1_172' title='bbox 2175 1196 2482 1265; x_wconf 69' lang='grc' dir='ltr'>ζευγνύειν*</span> <span class='ocrx_word' id='word_1_173' title='bbox 2520 1198 2613 1266; x_wconf 69' lang='grc' dir='ltr'><strong>ἀφ’</strong></span> <span class='ocrx_word' id='word_1_174' title='bbox 2672 1187 2732 1249; x_wconf 77' lang='grc' dir='ltr'><strong>οῦ</strong></span> <span class='ocrx_word' id='word_1_175' title='bbox 2780 1195 2915 1265; x_wconf 81' lang='grc' dir='ltr'>δῆτα</span> <span class='ocrx_word' id='word_1_176' title='bbox 2959 1194 3053 1248; x_wconf 69' lang='grc' dir='ltr'><strong>καὶ</strong></span> <span class='ocrx_word' id='word_1_177' title='bbox 3100 1194 3355 1267; x_wconf 80' lang='grc' dir='ltr'>κερατίαν</span> <span class='ocrx_word' id='word_1_178' title='bbox 3386 1194 3560 1269; x_wconf 84' lang='grc' dir='ltr'>αὑτὸν</span> <span class='ocrx_word' id='word_1_179' title='bbox 3600 1195 3749 1247; x_wconf 85' lang='grc' dir='ltr'>εἱσά-</span> 
     </span>
    </p>
   </div>
   <div class='ocr_carea' id='block_1_28' title="bbox 2174 1282 3750 1359">
    <p class='ocr_par' dir='ltr' id='par_1_28' title="bbox 2174 1282 3750 1359">
     <span class='ocr_line' id='line_1_28' title="bbox 2174 1282 3750 1359; baseline -0.001 -20"><span class='ocrx_word' id='word_1_180' title='bbox 2174 1305 2349 1356; x_wconf 87' lang='grc' dir='ltr'>γουσι.</span> <span class='ocrx_word' id='word_1_181' title='bbox 2393 1288 2495 1341; x_wconf 81' lang='grc' dir='ltr'>Τὸν</span> <span class='ocrx_word' id='word_1_182' title='bbox 2528 1289 2584 1341; x_wconf 80' lang='grc' dir='ltr'>δὲ</span> <span class='ocrx_word' id='word_1_183' title='bbox 2633 1290 2697 1341; x_wconf 84' lang='grc' dir='ltr'>ὲκ</span> <span class='ocrx_word' id='word_1_184' title='bbox 2748 1286 2989 1357; x_wconf 80' lang='grc' dir='ltr'><strong>Σεμέλης</strong></span> <span class='ocrx_word' id='word_1_185' title='bbox 3040 1282 3335 1358; x_wconf 75' lang='grc' dir='ltr'>νεώτερον,</span> <span class='ocrx_word' id='word_1_186' title='bbox 3368 1286 3632 1359; x_wconf 79' lang='grc' dir='ltr'>τρυφερὸν</span> <span class='ocrx_word' id='word_1_187' title='bbox 3670 1286 3750 1357; x_wconf 82' lang='grc' dir='ltr'>τῷ</span> 
     </span>
    </p>
   </div>
   <div class='ocr_carea' id='block_1_29' title="bbox 2174 1377 3750 1451">
    <p class='ocr_par' dir='ltr' id='par_1_29' title="bbox 2174 1377 3750 1451">
     <span class='ocr_line' id='line_1_29' title="bbox 2174 1377 3750 1451; baseline -0.001 -18"><span class='ocrx_word' id='word_1_188' title='bbox 2174 1379 2420 1451; x_wconf 84' lang='grc' dir='ltr'>σώματι,</span> <span class='ocrx_word' id='word_1_189' title='bbox 2469 1380 2564 1432; x_wconf 79' lang='grc' dir='ltr'>καὶ</span> <span class='ocrx_word' id='word_1_190' title='bbox 2615 1378 2918 1449; x_wconf 76' lang='grc' dir='ltr'>εὐπρεπείᾳ</span> <span class='ocrx_word' id='word_1_191' title='bbox 2949 1377 3274 1446; x_wconf 80' lang='grc' dir='ltr'>διενεγκεῖν,</span> <span class='ocrx_word' id='word_1_192' title='bbox 3318 1377 3412 1431; x_wconf 74' lang='grc' dir='ltr'><strong>καὶ</strong></span> <span class='ocrx_word' id='word_1_193' title='bbox 3460 1378 3596 1449; x_wconf 78' lang='grc' dir='ltr'>πρὸς</span> <span class='ocrx_word' id='word_1_194' title='bbox 3649 1378 3750 1443; x_wconf 82' lang='grc' dir='ltr'><strong>τὰς</strong></span> 
     </span>
    </p>
   </div>
   <div class='ocr_carea' id='block_1_30' title="bbox 2172 1469 3746 1542">
    <p class='ocr_par' dir='ltr' id='par_1_30' title="bbox 2172 1469 3746 1542">
     <span class='ocr_line' id='line_1_30' title="bbox 2172 1469 3746 1542; baseline -0.001 -17"><span class='ocrx_word' id='word_1_195' title='bbox 2172 1469 2563 1541; x_wconf 79' lang='grc' dir='ltr'>ἀφροδισιακὰς</span> <span class='ocrx_word' id='word_1_196' title='bbox 2616 1470 2808 1540; x_wconf 80' lang='grc' dir='ltr'>ἡδονὰς</span> <span class='ocrx_word' id='word_1_197' title='bbox 2867 1469 3239 1542; x_wconf 73' lang='grc' dir='ltr'>εὐκατάφορον</span> <span class='ocrx_word' id='word_1_198' title='bbox 3290 1470 3538 1539; x_wconf 88' lang='grc' dir='ltr'>γενέσθαι</span> <span class='ocrx_word' id='word_1_199' title='bbox 3590 1470 3746 1539; x_wconf 87' lang='grc' dir='ltr'>φασί.</span> 
     </span>
    </p>
   </div>
   <div class='ocr_carea' id='block_1_31' title="bbox 2170 1559 3751 1632">
    <p class='ocr_par' dir='ltr' id='par_1_31' title="bbox 2170 1559 3751 1632">
     <span class='ocr_line' id='line_1_31' title="bbox 2170 1559 3751 1632; baseline 0.001 -19"><span class='ocrx_word' id='word_1_200' title='bbox 2170 1559 2328 1614; x_wconf 84' lang='grc' dir='ltr'><strong>Κατὰ</strong></span> <span class='ocrx_word' id='word_1_201' title='bbox 2356 1560 2412 1613; x_wconf 84' lang='grc' dir='ltr'><strong>δὲ</strong></span> <span class='ocrx_word' id='word_1_202' title='bbox 2443 1560 2541 1623; x_wconf 84' lang='grc' dir='ltr'><strong>τὰς</strong></span> <span class='ocrx_word' id='word_1_203' title='bbox 2588 1560 2892 1631; x_wconf 88' lang='grc' dir='ltr'>στρατείας,</span> <span class='ocrx_word' id='word_1_204' title='bbox 2926 1559 3198 1628; x_wconf 90' lang='grc' dir='ltr'>γυναικῶν</span> <span class='ocrx_word' id='word_1_205' title='bbox 3233 1559 3431 1632; x_wconf 81' lang='grc' dir='ltr'>πλῆθος</span> <span class='ocrx_word' id='word_1_206' title='bbox 3465 1560 3751 1631; x_wconf 75' lang='grc' dir='ltr'>περιάγειν</span> 
     </span>
    </p>
   </div>
   <div class='ocr_carea' id='block_1_32' title="bbox 2171 1651 3749 1725">
    <p class='ocr_par' dir='ltr' id='par_1_32' title="bbox 2171 1651 3749 1725">
     <span class='ocr_line' id='line_1_32' title="bbox 2171 1651 3749 1725; baseline -0.001 -19"><span class='ocrx_word' id='word_1_207' title='bbox 2171 1651 2624 1723; x_wconf 80' lang='grc' dir='ltr'>καθωπλισμένας</span> <span class='ocrx_word' id='word_1_208' title='bbox 2654 1652 2872 1723; x_wconf 88' lang='grc' dir='ltr'>λόγχαις</span> <span class='ocrx_word' id='word_1_209' title='bbox 2903 1652 3361 1725; x_wconf 88' lang='grc' dir='ltr'>τεθυρσωμέναις.</span> <span class='ocrx_word' id='word_1_210' title='bbox 3395 1652 3531 1704; x_wconf 77' lang='grc' dir='ltr'>Φασὶ</span> <span class='ocrx_word' id='word_1_211' title='bbox 3562 1651 3619 1704; x_wconf 79' lang='grc' dir='ltr'>δὲ</span> <span class='ocrx_word' id='word_1_212' title='bbox 3652 1651 3749 1705; x_wconf 76' lang='grc' dir='ltr'>καὶ</span> 
     </span>
    </p>
   </div>
   <div class='ocr_carea' id='block_1_33' title="bbox 2170 1740 3755 1813">
    <p class='ocr_par' dir='ltr' id='par_1_33' title="bbox 2170 1740 3755 1813">
     <span class='ocr_line' id='line_1_33' title="bbox 2170 1740 3755 1813; baseline -0.001 -19"><span class='ocrx_word' id='word_1_213' title='bbox 2170 1741 2267 1806; x_wconf 89' lang='grc' dir='ltr'><strong>τὰς</strong></span> <span class='ocrx_word' id='word_1_214' title='bbox 2314 1742 2535 1806; x_wconf 84' lang='grc' dir='ltr'>Μούσας</span> <span class='ocrx_word' id='word_1_215' title='bbox 2591 1741 2739 1813; x_wconf 85' lang='grc' dir='ltr'>αὑτῷ</span> <span class='ocrx_word' id='word_1_216' title='bbox 2779 1742 3173 1813; x_wconf 79' lang='grc' dir='ltr'>συναποδημεῖν</span> <span class='ocrx_word' id='word_1_217' title='bbox 3207 1740 3506 1812; x_wconf 80' lang='grc' dir='ltr'>παρθένους</span> <span class='ocrx_word' id='word_1_218' title='bbox 3536 1740 3755 1805; x_wconf 69' lang='grc' dir='ltr'>οὔσας,</span> 
     </span>
    </p>
   </div>
   <div class='ocr_carea' id='block_1_34' title="bbox 490 1820 2056 1919">
    <p class='ocr_par' dir='ltr' id='par_1_34' title="bbox 490 1840 2056 1919">
     <span class='ocr_line' id='line_1_34' title="bbox 490 1840 2056 1919; baseline 0.007 -27"><span class='ocrx_word' id='word_1_219' title='bbox 490 1840 843 1906; x_wconf 76' lang='lat' dir='ltr'><strong>diffluentem,</strong></span> <span class='ocrx_word' id='word_1_220' title='bbox 872 1842 1052 1910; x_wconf 89' lang='lat' dir='ltr'><strong>specie</strong></span> <span class='ocrx_word' id='word_1_221' title='bbox 1092 1841 1376 1914; x_wconf 77' lang='lat' dir='ltr'><strong>formaque</strong></span> <span class='ocrx_word' id='word_1_222' title='bbox 1420 1846 1759 1915; x_wconf 66' lang='lat' dir='ltr'><strong>praestitisse,</strong></span> <span class='ocrx_word' id='word_1_223' title='bbox 1793 1857 1961 1919; x_wconf 83' lang='lat' dir='ltr'><strong>atque</strong></span> <span class='ocrx_word' id='word_1_224' title='bbox 2009 1849 2056 1904; x_wconf 86' lang='lat' dir='ltr'><strong>in</strong></span> 
     </span>
    </p>
   </div>
   <div class='ocr_carea' id='block_1_35' title="bbox 2158 1820 3747 1919">
    <p class='ocr_par' dir='ltr' id='par_1_35' title="bbox 2167 1832 3747 1907">
     <span class='ocr_line' id='line_1_35' title="bbox 2167 1832 3747 1907; baseline -0.003 -20"><span class='ocrx_word' id='word_1_225' title='bbox 2167 1836 2261 1888; x_wconf 73' lang='grc' dir='ltr'><strong>καὶ</strong></span> <span class='ocrx_word' id='word_1_226' title='bbox 2308 1833 2743 1905; x_wconf 79' lang='grc' dir='ltr'>πεπαιδευμένας</span> <span class='ocrx_word' id='word_1_227' title='bbox 2794 1833 3153 1907; x_wconf 83' lang='grc' dir='ltr'>διαφερόντως</span> <span class='ocrx_word' id='word_1_228' title='bbox 3174 1874 3188 1897; x_wconf 97' lang='grc'><strong>,</strong></span> <span class='ocrx_word' id='word_1_229' title='bbox 3233 1832 3299 1895; x_wconf 80' lang='grc' dir='ltr'>ἃς</span> <span class='ocrx_word' id='word_1_230' title='bbox 3329 1833 3422 1885; x_wconf 77' lang='grc' dir='ltr'><strong>καὶ</strong></span> <span class='ocrx_word' id='word_1_231' title='bbox 3451 1832 3539 1886; x_wconf 85' lang='grc' dir='ltr'><strong>διὰ</strong></span> <span class='ocrx_word' id='word_1_232' title='bbox 3566 1832 3747 1902; x_wconf 77' lang='grc' dir='ltr'>μελῳ-</span> 
     </span>
    </p>
   </div>
   <div class='ocr_carea' id='block_1_36' title="bbox 492 1934 2067 2005">
    <p class='ocr_par' dir='ltr' id='par_1_36' title="bbox 492 1934 2067 2005">
     <span class='ocr_line' id='line_1_36' title="bbox 492 1934 2067 2005; baseline 0.006 -22"><span class='ocrx_word' id='word_1_233' title='bbox 492 1944 580 1984; x_wconf 91' lang='lat' dir='ltr'><strong>res</strong></span> <span class='ocrx_word' id='word_1_234' title='bbox 606 1944 866 1987; x_wconf 87' lang='lat' dir='ltr'><strong>venereas</strong></span> <span class='ocrx_word' id='word_1_235' title='bbox 886 1947 1117 2001; x_wconf 89' lang='lat' dir='ltr'><strong>pronum</strong></span> <span class='ocrx_word' id='word_1_236' title='bbox 1155 1934 1445 1989; x_wconf 88' lang='lat' dir='ltr'><strong>admodum</strong></span> <span class='ocrx_word' id='word_1_237' title='bbox 1473 1950 1537 1989; x_wconf 91' lang='lat' dir='ltr'><strong>ac</strong></span> <span class='ocrx_word' id='word_1_238' title='bbox 1564 1936 1861 2005; x_wconf 84' lang='lat' dir='ltr'><strong>proclivem</strong></span> <span class='ocrx_word' id='word_1_239' title='bbox 1893 1935 2067 1993; x_wconf 90' lang='lat' dir='ltr'><strong>fuisse</strong></span> 
     </span>
    </p>
   </div>
   <div class='ocr_carea' id='block_1_37' title="bbox 490 2024 2067 2099">
    <p class='ocr_par' dir='ltr' id='par_1_37' title="bbox 490 2024 2067 2099">
     <span class='ocr_line' id='line_1_37' title="bbox 490 2024 2067 2099; baseline 0.008 -22"><span class='ocrx_word' id='word_1_240' title='bbox 490 2038 942 2078; x_wconf 87' lang='lat' dir='ltr'><strong>commemorant.</strong></span> <span class='ocrx_word' id='word_1_241' title='bbox 1000 2024 1055 2078; x_wconf 94' lang='lat' dir='ltr'><strong>ln</strong></span> <span class='ocrx_word' id='word_1_242' title='bbox 1108 2025 1316 2082; x_wconf 85' lang='lat' dir='ltr'><strong>bellicis</strong></span> <span class='ocrx_word' id='word_1_243' title='bbox 1379 2037 1560 2082; x_wconf 91' lang='lat' dir='ltr'><strong>autem</strong></span> <span class='ocrx_word' id='word_1_244' title='bbox 1633 2030 2067 2099; x_wconf 77' lang='lat' dir='ltr'><strong>expeditionibus</strong></span> 
     </span>
    </p>
   </div>
   <div class='ocr_carea' id='block_1_38' title="bbox 491 2116 2067 2195">
    <p class='ocr_par' dir='ltr' id='par_1_38' title="bbox 491 2116 2067 2195">
     <span class='ocr_line' id='line_1_38' title="bbox 491 2116 2067 2195; baseline 0.008 -28"><span class='ocrx_word' id='word_1_245' title='bbox 491 2116 780 2169; x_wconf 87' lang='lat' dir='ltr'><strong>mulierum</strong></span> <span class='ocrx_word' id='word_1_246' title='bbox 808 2117 1022 2172; x_wconf 87' lang='lat' dir='ltr'><strong>turbam</strong></span> <span class='ocrx_word' id='word_1_247' title='bbox 1080 2118 1545 2187; x_wconf 88' lang='lat' dir='ltr'><strong>circumducebat,</strong></span> <span class='ocrx_word' id='word_1_248' title='bbox 1590 2140 1621 2179; x_wconf 90' lang='lat' dir='ltr'><strong>a</strong></span> <span class='ocrx_word' id='word_1_249' title='bbox 1656 2125 1856 2195; x_wconf 90' lang='lat' dir='ltr'><strong>quibus</strong></span> <span class='ocrx_word' id='word_1_250' title='bbox 1898 2125 2067 2180; x_wconf 85' lang='lat' dir='ltr'><strong>hastae</strong></span> 
     </span>
    </p>
   </div>
   <div class='ocr_carea' id='block_1_39' title="bbox 490 2206 2059 2282">
    <p class='ocr_par' dir='ltr' id='par_1_39' title="bbox 490 2206 2059 2282">
     <span class='ocr_line' id='line_1_39' title="bbox 490 2206 2059 2282; baseline 0.008 -24"><span class='ocrx_word' id='word_1_251' title='bbox 490 2206 776 2262; x_wconf 82' lang='lat' dir='ltr'><strong>frondibus</strong></span> <span class='ocrx_word' id='word_1_252' title='bbox 833 2216 986 2263; x_wconf 76' lang='lat' dir='ltr'><strong>tectae</strong></span> <span class='ocrx_word' id='word_1_253' title='bbox 1037 2207 1368 2264; x_wconf 84' lang='lat' dir='ltr'><strong>ferebantur.</strong></span> <span class='ocrx_word' id='word_1_254' title='bbox 1423 2211 1732 2278; x_wconf 86' lang='lat' dir='ltr'><strong>Quinetiam</strong></span> <span class='ocrx_word' id='word_1_255' title='bbox 1813 2216 2059 2282; x_wconf 90' lang='lat' dir='ltr'><strong>addunt,</strong></span> 
     </span>
    </p>
   </div>
   <div class='ocr_carea' id='block_1_40' title="bbox 490 2297 2058 2373">
    <p class='ocr_par' dir='ltr' id='par_1_40' title="bbox 490 2297 2058 2373">
     <span class='ocr_line' id='line_1_40' title="bbox 490 2297 2058 2373; baseline 0.008 -22"><span class='ocrx_word' id='word_1_256' title='bbox 490 2297 675 2353; x_wconf 78' lang='lat' dir='ltr'><strong>Musas</strong></span> <span class='ocrx_word' id='word_1_257' title='bbox 696 2299 951 2369; x_wconf 82' lang='lat' dir='ltr'><strong>virgines,</strong></span> <span class='ocrx_word' id='word_1_258' title='bbox 985 2301 1183 2356; x_wconf 81' lang='lat' dir='ltr'><strong>eximia</strong></span> <span class='ocrx_word' id='word_1_259' title='bbox 1234 2318 1415 2357; x_wconf 91' lang='lat' dir='ltr'><strong>rerum</strong></span> <span class='ocrx_word' id='word_1_260' title='bbox 1446 2304 1804 2373; x_wconf 88' lang='lat' dir='ltr'><strong>plurimarum</strong></span> <span class='ocrx_word' id='word_1_261' title='bbox 1832 2309 2058 2363; x_wconf 86' lang='lat' dir='ltr'><strong>scientia</strong></span> 
     </span>
    </p>
   </div>
   <div class='ocr_carea' id='block_1_41' title="bbox 490 2392 2062 2469">
    <p class='ocr_par' dir='ltr' id='par_1_41' title="bbox 490 2392 2062 2469">
     <span class='ocr_line' id='line_1_41' title="bbox 490 2392 2062 2469; baseline 0.006 -23"><span class='ocrx_word' id='word_1_262' title='bbox 490 2392 762 2460; x_wconf 68' lang='lat' dir='ltr'><strong>praeditas,</strong></span> <span class='ocrx_word' id='word_1_263' title='bbox 800 2393 1054 2447; x_wconf 90' lang='lat' dir='ltr'><strong>itinerum</strong></span> <span class='ocrx_word' id='word_1_264' title='bbox 1083 2393 1202 2464; x_wconf 88' lang='lat' dir='ltr'><strong>ejus</strong></span> <span class='ocrx_word' id='word_1_265' title='bbox 1237 2397 1462 2451; x_wconf 89' lang='lat' dir='ltr'><strong>comites</strong></span> <span class='ocrx_word' id='word_1_266' title='bbox 1492 2397 1684 2463; x_wconf 89' lang='lat' dir='ltr'><strong>fuisse,</strong></span> <span class='ocrx_word' id='word_1_267' title='bbox 1714 2415 1836 2469; x_wconf 64' lang='lat' dir='ltr'><strong>qua:</strong></span> <span class='ocrx_word' id='word_1_268' title='bbox 1864 2399 2062 2457; x_wconf 88' lang='lat' dir='ltr'><strong>Bacchi</strong></span> 
     </span>
    </p>
   </div>
   <div class='ocr_carea' id='block_1_42' title="bbox 488 2484 2061 2560">
    <p class='ocr_par' dir='ltr' id='par_1_42' title="bbox 488 2484 2061 2560">
     <span class='ocr_line' id='line_1_42' title="bbox 488 2484 2061 2560; baseline 0.009 -26"><span class='ocrx_word' id='word_1_269' title='bbox 488 2484 732 2539; x_wconf 87' lang='lat' dir='ltr'><strong>animum</strong></span> <span class='ocrx_word' id='word_1_270' title='bbox 765 2484 961 2554; x_wconf 90' lang='lat' dir='ltr'><strong>partim</strong></span> <span class='ocrx_word' id='word_1_271' title='bbox 989 2487 1254 2542; x_wconf 84' lang='lat' dir='ltr'><strong>suavitate</strong></span> <span class='ocrx_word' id='word_1_272' title='bbox 1281 2500 1497 2555; x_wconf 91' lang='lat' dir='ltr'><strong>cantus,</strong></span> <span class='ocrx_word' id='word_1_273' title='bbox 1530 2492 1726 2560; x_wconf 90' lang='lat' dir='ltr'><strong>partim</strong></span> <span class='ocrx_word' id='word_1_274' title='bbox 1756 2492 2061 2548; x_wconf 87' lang='lat' dir='ltr'><strong>saltationis</strong></span> 
     </span>
    </p>
   </div>
   <div class='ocr_carea' id='block_1_43' title="bbox 486 2577 2060 2646">
    <p class='ocr_par' dir='ltr' id='par_1_43' title="bbox 486 2577 2060 2646">
     <span class='ocr_line' id='line_1_43' title="bbox 486 2577 2060 2646; baseline 0.007 -18"><span class='ocrx_word' id='word_1_275' title='bbox 486 2577 751 2646; x_wconf 83' lang='lat' dir='ltr'><strong>elegantia</strong></span> <span class='ocrx_word' id='word_1_276' title='bbox 782 2586 836 2632; x_wconf 92' lang='lat' dir='ltr'><strong>et</strong></span> <span class='ocrx_word' id='word_1_277' title='bbox 867 2578 1230 2633; x_wconf 86' lang='lat' dir='ltr'><strong>concinnitate</strong></span> <span class='ocrx_word' id='word_1_278' title='bbox 1255 2581 1785 2637; x_wconf 87' lang='lat' dir='ltr'><strong>recrearent.Eidem</strong></span> <span class='ocrx_word' id='word_1_279' title='bbox 1818 2582 2060 2639; x_wconf 87' lang='lat' dir='ltr'><strong>Silenum</strong></span> 
     </span>
    </p>
   </div>
   <div class='ocr_carea' id='block_1_44' title="bbox 486 2670 2059 2745">
    <p class='ocr_par' dir='ltr' id='par_1_44' title="bbox 486 2670 2059 2745">
     <span class='ocr_line' id='line_1_44' title="bbox 486 2670 2059 2745; baseline 0.005 -23"><span class='ocrx_word' id='word_1_280' title='bbox 486 2670 836 2741; x_wconf 72' lang='lat' dir='ltr'><strong>predagogum</strong></span> <span class='ocrx_word' id='word_1_281' title='bbox 869 2671 1194 2737; x_wconf 88' lang='lat' dir='ltr'><strong>attribuunt,</strong></span> <span class='ocrx_word' id='word_1_282' title='bbox 1228 2672 1385 2743; x_wconf 90' lang='lat' dir='ltr'><strong>cujus</strong></span> <span class='ocrx_word' id='word_1_283' title='bbox 1418 2688 1485 2728; x_wconf 75' lang='lat' dir='ltr'><strong>ex</strong></span> <span class='ocrx_word' id='word_1_284' title='bbox 1503 2676 1781 2745; x_wconf 69' lang='lat' dir='ltr'><strong>praeceptis</strong></span> <span class='ocrx_word' id='word_1_285' title='bbox 1824 2677 2059 2731; x_wconf 78' lang='lat' dir='ltr'><strong>maxima</strong></span> 
     </span>
    </p>
   </div>
   <div class='ocr_carea' id='block_1_45' title="bbox 484 2763 2061 2840">
    <p class='ocr_par' dir='ltr' id='par_1_45' title="bbox 484 2763 2061 2840">
     <span class='ocr_line' id='line_1_45' title="bbox 484 2763 2061 2840; baseline 0.005 -24"><span class='ocrx_word' id='word_1_286' title='bbox 484 2771 702 2831; x_wconf 87' lang='lat' dir='ltr'><strong>caperet</strong></span> <span class='ocrx_word' id='word_1_287' title='bbox 744 2763 813 2819; x_wconf 89' lang='lat' dir='ltr'><strong>ad</strong></span> <span class='ocrx_word' id='word_1_288' title='bbox 838 2764 1091 2819; x_wconf 87' lang='lat' dir='ltr'><strong>virtutem</strong></span> <span class='ocrx_word' id='word_1_289' title='bbox 1125 2765 1460 2835; x_wconf 89' lang='lat' dir='ltr'><strong>adjumenta.</strong></span> <span class='ocrx_word' id='word_1_290' title='bbox 1500 2766 1692 2832; x_wconf 89' lang='lat' dir='ltr'><strong>Porro,</strong></span> <span class='ocrx_word' id='word_1_291' title='bbox 1726 2768 1886 2840; x_wconf 79' lang='lat' dir='ltr'><strong>mitra</strong></span> <span class='ocrx_word' id='word_1_292' title='bbox 1938 2770 2061 2839; x_wconf 84' lang='lat' dir='ltr'><strong>qui-</strong></span> 
     </span>
    </p>
   </div>
   <div class='ocr_carea' id='block_1_46' title="bbox 484 2854 2059 2926">
    <p class='ocr_par' dir='ltr' id='par_1_46' title="bbox 484 2854 2059 2926">
     <span class='ocr_line' id='line_1_46' title="bbox 484 2854 2059 2926; baseline 0.005 -20"><span class='ocrx_word' id='word_1_293' title='bbox 484 2854 606 2907; x_wconf 91' lang='lat' dir='ltr'><strong>dem</strong></span> <span class='ocrx_word' id='word_1_294' title='bbox 635 2854 935 2909; x_wconf 88' lang='lat' dir='ltr'><strong>revinctum</strong></span> <span class='ocrx_word' id='word_1_295' title='bbox 960 2855 1111 2909; x_wconf 88' lang='lat' dir='ltr'><strong>illum</strong></span> <span class='ocrx_word' id='word_1_296' title='bbox 1142 2865 1305 2925; x_wconf 91' lang='lat' dir='ltr'><strong>caput</strong></span> <span class='ocrx_word' id='word_1_297' title='bbox 1339 2856 1597 2913; x_wconf 86' lang='lat' dir='ltr'><strong>habuisse</strong></span> <span class='ocrx_word' id='word_1_298' title='bbox 1632 2856 1838 2926; x_wconf 88' lang='lat' dir='ltr'><strong>ferunt,</strong></span> <span class='ocrx_word' id='word_1_299' title='bbox 1869 2860 2059 2916; x_wconf 84' lang='lat' dir='ltr'><strong>adver-</strong></span> 
     </span>
    </p>
   </div>
   <div class='ocr_carea' id='block_1_47' title="bbox 486 2942 2057 3015">
    <p class='ocr_par' dir='ltr' id='par_1_47' title="bbox 486 2942 2057 3015">
     <span class='ocr_line' id='line_1_47' title="bbox 486 2942 2057 3015; baseline 0.006 -20"><span class='ocrx_word' id='word_1_300' title='bbox 486 2957 581 2995; x_wconf 90' lang='lat' dir='ltr'><strong>sus</strong></span> <span class='ocrx_word' id='word_1_301' title='bbox 611 2949 804 2997; x_wconf 91' lang='lat' dir='ltr'><strong>acutos</strong></span> <span class='ocrx_word' id='word_1_302' title='bbox 853 2942 1048 3013; x_wconf 88' lang='lat' dir='ltr'><strong>capitis</strong></span> <span class='ocrx_word' id='word_1_303' title='bbox 1103 2944 1341 3011; x_wconf 90' lang='lat' dir='ltr'><strong>dolores,</strong></span> <span class='ocrx_word' id='word_1_304' title='bbox 1379 2961 1518 3015; x_wconf 90' lang='lat' dir='ltr'><strong>quos</strong></span> <span class='ocrx_word' id='word_1_305' title='bbox 1560 2963 1628 3001; x_wconf 83' lang='lat' dir='ltr'><strong>ex</strong></span> <span class='ocrx_word' id='word_1_306' title='bbox 1696 2948 2057 3005; x_wconf 89' lang='lat' dir='ltr'><strong>immoderato</strong></span> 
     </span>
    </p>
   </div>
   <div class='ocr_carea' id='block_1_48' title="bbox 484 3031 2053 3108">
    <p class='ocr_par' dir='ltr' id='par_1_48' title="bbox 484 3031 2053 3108">
     <span class='ocr_line' id='line_1_48' title="bbox 484 3031 2053 3108; baseline 0.004 -23"><span class='ocrx_word' id='word_1_307' title='bbox 484 3031 595 3086; x_wconf 88' lang='lat' dir='ltr'><strong>vini</strong></span> <span class='ocrx_word' id='word_1_308' title='bbox 623 3032 822 3087; x_wconf 87' lang='lat' dir='ltr'><strong>haustu</strong></span> <span class='ocrx_word' id='word_1_309' title='bbox 855 3042 1164 3101; x_wconf 86' lang='lat' dir='ltr'><strong>pateretur:</strong></span> <span class='ocrx_word' id='word_1_310' title='bbox 1206 3032 1460 3091; x_wconf 87' lang='lat' dir='ltr'><strong>Bimatris</strong></span> <span class='ocrx_word' id='word_1_311' title='bbox 1485 3050 1611 3091; x_wconf 87' lang='lat' dir='ltr'><strong>vero</strong></span> <span class='ocrx_word' id='word_1_312' title='bbox 1633 3047 2053 3108; x_wconf 83' lang='lat' dir='ltr'><strong>cognomentum</strong></span> 
     </span>
    </p>
   </div>
   <div class='ocr_carea' id='block_1_49' title="bbox 2167 1926 3748 2000">
    <p class='ocr_par' dir='ltr' id='par_1_49' title="bbox 2167 1926 3748 2000">
     <span class='ocr_line' id='line_1_49' title="bbox 2167 1926 3748 2000; baseline -0.004 -17"><span class='ocrx_word' id='word_1_313' title='bbox 2167 1931 2283 1993; x_wconf 86' lang='grc' dir='ltr'>δίας</span> <span class='ocrx_word' id='word_1_314' title='bbox 2311 1930 2403 1983; x_wconf 75' lang='grc' dir='ltr'><strong>καὶ</strong></span> <span class='ocrx_word' id='word_1_315' title='bbox 2437 1929 2713 2000; x_wconf 81' lang='grc' dir='ltr'>ὀρχήσεως</span> <span class='ocrx_word' id='word_1_316' title='bbox 2751 1927 3098 1999; x_wconf 72' lang='grc' dir='ltr'>ψυχαγωγεῖν</span> <span class='ocrx_word' id='word_1_317' title='bbox 3143 1926 3235 1979; x_wconf 82' lang='grc' dir='ltr'>τὸν</span> <span class='ocrx_word' id='word_1_318' title='bbox 3278 1926 3429 1979; x_wconf 89' lang='grc' dir='ltr'>θεόν·</span> <span class='ocrx_word' id='word_1_319' title='bbox 3467 1926 3748 1992; x_wconf 84' lang='grc' dir='ltr'>παιδαγω-</span> 
     </span>
    </p>
   </div>
   <div class='ocr_carea' id='block_1_50' title="bbox 2166 2018 3749 2093">
    <p class='ocr_par' dir='ltr' id='par_1_50' title="bbox 2166 2018 3749 2093">
     <span class='ocr_line' id='line_1_50' title="bbox 2166 2018 3749 2093; baseline -0.004 -17"><span class='ocrx_word' id='word_1_320' title='bbox 2166 2024 2259 2093; x_wconf 89' lang='grc' dir='ltr'><strong>γόν</strong></span> <span class='ocrx_word' id='word_1_321' title='bbox 2305 2040 2362 2076; x_wconf 91' lang='grc' dir='ltr'><strong>τε</strong></span> <span class='ocrx_word' id='word_1_322' title='bbox 2412 2022 2577 2076; x_wconf 88' lang='grc' dir='ltr'>αὑτοῦ</span> <span class='ocrx_word' id='word_1_323' title='bbox 2611 2021 2863 2093; x_wconf 74' lang='grc' dir='ltr'>Σειληνὸν</span> <span class='ocrx_word' id='word_1_324' title='bbox 2896 2020 3103 2092; x_wconf 88' lang='grc' dir='ltr'>μεγάλα</span> <span class='ocrx_word' id='word_1_325' title='bbox 3148 2018 3545 2091; x_wconf 76' lang='grc' dir='ltr'>συμϐάλλεσθαι</span> <span class='ocrx_word' id='word_1_326' title='bbox 3592 2018 3749 2088; x_wconf 80' lang='grc' dir='ltr'>αὐτῷ</span> 
     </span>
    </p>
   </div>
   <div class='ocr_carea' id='block_1_51' title="bbox 2169 2108 3747 2185">
    <p class='ocr_par' dir='ltr' id='par_1_51' title="bbox 2169 2108 3747 2185">
     <span class='ocr_line' id='line_1_51' title="bbox 2169 2108 3747 2185; baseline -0.004 -18"><span class='ocrx_word' id='word_1_327' title='bbox 2169 2114 2305 2185; x_wconf 76' lang='grc' dir='ltr'>πρὸς</span> <span class='ocrx_word' id='word_1_328' title='bbox 2334 2114 2556 2184; x_wconf 89' lang='grc' dir='ltr'>ἀρετήν.</span> <span class='ocrx_word' id='word_1_329' title='bbox 2588 2113 2730 2185; x_wconf 84' lang='grc' dir='ltr'>Πρὸς</span> <span class='ocrx_word' id='word_1_330' title='bbox 2761 2113 2817 2165; x_wconf 85' lang='grc' dir='ltr'><strong>δὲ</strong></span> <span class='ocrx_word' id='word_1_331' title='bbox 2849 2112 2946 2176; x_wconf 86' lang='grc' dir='ltr'><strong>τὰς</strong></span> <span class='ocrx_word' id='word_1_332' title='bbox 2980 2113 3043 2164; x_wconf 81' lang='grc' dir='ltr'>ἐκ</span> <span class='ocrx_word' id='word_1_333' title='bbox 3077 2110 3168 2164; x_wconf 90' lang='grc' dir='ltr'><strong>τοῦ</strong></span> <span class='ocrx_word' id='word_1_334' title='bbox 3195 2110 3574 2175; x_wconf 79' lang='grc' dir='ltr'>πλεονάζοντος</span> <span class='ocrx_word' id='word_1_335' title='bbox 3594 2108 3747 2162; x_wconf 81' lang='grc' dir='ltr'>οἴνου</span> 
     </span>
    </p>
   </div>
   <div class='ocr_carea' id='block_1_52' title="bbox 2165 2201 3749 2274">
    <p class='ocr_par' dir='ltr' id='par_1_52' title="bbox 2165 2201 3749 2274">
     <span class='ocr_line' id='line_1_52' title="bbox 2165 2201 3749 2274; baseline -0.004 -16"><span class='ocrx_word' id='word_1_336' title='bbox 2165 2204 2550 2274; x_wconf 83' lang='grc' dir='ltr'>κεφαλαλγίας,</span> <span class='ocrx_word' id='word_1_337' title='bbox 2580 2203 2925 2258; x_wconf 89' lang='grc' dir='ltr'>άναδεδέσθαι</span> <span class='ocrx_word' id='word_1_338' title='bbox 2958 2204 3057 2274; x_wconf 79' lang='grc' dir='ltr'>τὴν</span> <span class='ocrx_word' id='word_1_339' title='bbox 3089 2202 3324 2273; x_wconf 80' lang='grc' dir='ltr'>κεφαλὴν</span> <span class='ocrx_word' id='word_1_340' title='bbox 3352 2201 3535 2273; x_wconf 83' lang='grc' dir='ltr'>μίτρᾳ.</span> <span class='ocrx_word' id='word_1_341' title='bbox 3571 2202 3749 2270; x_wconf 79' lang='grc' dir='ltr'>Διμή-</span> 
     </span>
    </p>
   </div>
   <div class='ocr_carea' id='block_1_53' title="bbox 2162 2292 3748 2369">
    <p class='ocr_par' dir='ltr' id='par_1_53' title="bbox 2162 2292 3748 2369">
     <span class='ocr_line' id='line_1_53' title="bbox 2162 2292 3748 2369; baseline -0.004 -19"><span class='ocrx_word' id='word_1_342' title='bbox 2162 2316 2296 2369; x_wconf 90' lang='grc' dir='ltr'>τορα</span> <span class='ocrx_word' id='word_1_343' title='bbox 2337 2297 2395 2349; x_wconf 82' lang='grc' dir='ltr'>δὲ</span> <span class='ocrx_word' id='word_1_344' title='bbox 2434 2297 2596 2350; x_wconf 84' lang='grc' dir='ltr'>αὑτὸν</span> <span class='ocrx_word' id='word_1_345' title='bbox 2630 2293 3127 2369; x_wconf 80' lang='grc' dir='ltr'>προσαγορεύουσι,</span> <span class='ocrx_word' id='word_1_346' title='bbox 3163 2294 3249 2347; x_wconf 80' lang='grc' dir='ltr'><strong>διὰ</strong></span> <span class='ocrx_word' id='word_1_347' title='bbox 3289 2294 3348 2347; x_wconf 86' lang='grc' dir='ltr'><strong>τὸ</strong></span> <span class='ocrx_word' id='word_1_348' title='bbox 3386 2292 3588 2364; x_wconf 77' lang='grc' dir='ltr'>πατρὸς</span> <span class='ocrx_word' id='word_1_349' title='bbox 3624 2292 3748 2356; x_wconf 74' lang='grc' dir='ltr'>ἑνὸς</span> 
     </span>
    </p>
   </div>
   <div class='ocr_carea' id='block_1_54' title="bbox 2165 2383 3746 2459">
    <p class='ocr_par' dir='ltr' id='par_1_54' title="bbox 2165 2383 3746 2459">
     <span class='ocr_line' id='line_1_54' title="bbox 2165 2383 3746 2459; baseline -0.003 -20"><span class='ocrx_word' id='word_1_350' title='bbox 2165 2386 2402 2459; x_wconf 77' lang='grc' dir='ltr'>ὑπάρξαι</span> <span class='ocrx_word' id='word_1_351' title='bbox 2432 2387 2557 2451; x_wconf 78' lang='grc' dir='ltr'>τοὺς</span> <span class='ocrx_word' id='word_1_352' title='bbox 2591 2387 2683 2440; x_wconf 89' lang='grc' dir='ltr'><strong>δύο</strong></span> <span class='ocrx_word' id='word_1_353' title='bbox 2707 2387 3013 2451; x_wconf 84' lang='grc' dir='ltr'>Διονύσους,</span> <span class='ocrx_word' id='word_1_354' title='bbox 3044 2386 3294 2457; x_wconf 82' lang='grc' dir='ltr'>μητέρων</span> <span class='ocrx_word' id='word_1_355' title='bbox 3322 2384 3377 2437; x_wconf 82' lang='grc' dir='ltr'>δὲ</span> <span class='ocrx_word' id='word_1_356' title='bbox 3411 2384 3570 2437; x_wconf 83' lang='grc' dir='ltr'>δυοῖν.</span> <span class='ocrx_word' id='word_1_357' title='bbox 3590 2383 3746 2456; x_wconf 82' lang='grc' dir='ltr'>Νάρ-</span> 
     </span>
    </p>
   </div>
   <div class='ocr_carea' id='block_1_55' title="bbox 2164 2476 3747 2549">
    <p class='ocr_par' dir='ltr' id='par_1_55' title="bbox 2164 2476 3747 2549">
     <span class='ocr_line' id='line_1_55' title="bbox 2164 2476 3747 2549; baseline -0.003 -19"><span class='ocrx_word' id='word_1_358' title='bbox 2164 2478 2305 2546; x_wconf 91' lang='grc' dir='ltr'>θηκα</span> <span class='ocrx_word' id='word_1_359' title='bbox 2323 2478 2378 2530; x_wconf 83' lang='grc' dir='ltr'><strong>δὲ</strong></span> <span class='ocrx_word' id='word_1_360' title='bbox 2410 2478 2813 2549; x_wconf 77' lang='grc' dir='ltr'>προσάπτουσιν</span> <span class='ocrx_word' id='word_1_361' title='bbox 2848 2477 3014 2548; x_wconf 85' lang='grc' dir='ltr'>αὑτῷ,</span> <span class='ocrx_word' id='word_1_362' title='bbox 3036 2476 3124 2529; x_wconf 88' lang='grc' dir='ltr'><strong>διὰ</strong></span> <span class='ocrx_word' id='word_1_363' title='bbox 3144 2476 3201 2529; x_wconf 82' lang='grc' dir='ltr'><strong>τὸ</strong></span> <span class='ocrx_word' id='word_1_364' title='bbox 3228 2476 3475 2539; x_wconf 87' lang='grc' dir='ltr'>πίνοντας</span> <span class='ocrx_word' id='word_1_365' title='bbox 3501 2476 3747 2547; x_wconf 78' lang='grc' dir='ltr'>ἄκρατον</span> 
     </span>
    </p>
   </div>
   <div class='ocr_carea' id='block_1_56' title="bbox 2161 2565 3744 2640">
    <p class='ocr_par' dir='ltr' id='par_1_56' title="bbox 2161 2565 3744 2640">
     <span class='ocr_line' id='line_1_56' title="bbox 2161 2565 3744 2640; baseline -0.001 -19"><span class='ocrx_word' id='word_1_366' title='bbox 2161 2570 2284 2632; x_wconf 77' lang='grc' dir='ltr'>τοὺς</span> <span class='ocrx_word' id='word_1_367' title='bbox 2306 2568 2566 2633; x_wconf 75' lang='grc' dir='ltr'>παλαιοὺς</span> <span class='ocrx_word' id='word_1_368' title='bbox 2590 2570 2681 2622; x_wconf 81' lang='grc' dir='ltr'><strong>τὸν</strong></span> <span class='ocrx_word' id='word_1_369' title='bbox 2714 2565 2875 2632; x_wconf 80' lang='grc' dir='ltr'>οἶνον,</span> <span class='ocrx_word' id='word_1_370' title='bbox 2902 2568 3186 2640; x_wconf 85' lang='grc' dir='ltr'>μανιώδεις</span> <span class='ocrx_word' id='word_1_371' title='bbox 3211 2566 3471 2635; x_wconf 88' lang='grc' dir='ltr'>γίνεσθαι,</span> <span class='ocrx_word' id='word_1_372' title='bbox 3498 2566 3590 2619; x_wconf 75' lang='grc' dir='ltr'><strong>καὶ</strong></span> <span class='ocrx_word' id='word_1_373' title='bbox 3617 2571 3744 2629; x_wconf 86' lang='grc' dir='ltr'>ταῖς</span> 
     </span>
    </p>
   </div>
   <div class='ocr_carea' id='block_1_57' title="bbox 2162 2658 3745 2732">
    <p class='ocr_par' dir='ltr' id='par_1_57' title="bbox 2162 2658 3745 2732">
     <span class='ocr_line' id='line_1_57' title="bbox 2162 2658 3745 2732; baseline -0.001 -21"><span class='ocrx_word' id='word_1_374' title='bbox 2162 2658 2486 2732; x_wconf 82' lang='grc' dir='ltr'>βακτηρίαις</span> <span class='ocrx_word' id='word_1_375' title='bbox 2537 2659 2794 2731; x_wconf 81' lang='grc' dir='ltr'>ἀλλήλους</span> <span class='ocrx_word' id='word_1_376' title='bbox 2842 2660 3097 2722; x_wconf 87' lang='grc' dir='ltr'>τύπτειν,</span> <span class='ocrx_word' id='word_1_377' title='bbox 3129 2658 3204 2721; x_wconf 84' lang='grc' dir='ltr'>ὼς</span> <span class='ocrx_word' id='word_1_378' title='bbox 3255 2658 3349 2711; x_wconf 78' lang='grc' dir='ltr'>καὶ</span> <span class='ocrx_word' id='word_1_379' title='bbox 3399 2658 3745 2728; x_wconf 82' lang='grc' dir='ltr'>ἀναιρεῖσθαί</span> 
     </span>
    </p>
   </div>
   <div class='ocr_carea' id='block_1_58' title="bbox 2158 2749 3743 2823">
    <p class='ocr_par' dir='ltr' id='par_1_58' title="bbox 2158 2749 3743 2823">
     <span class='ocr_line' id='line_1_58' title="bbox 2158 2749 3743 2823; baseline -0.001 -17"><span class='ocrx_word' id='word_1_380' title='bbox 2158 2771 2331 2817; x_wconf 89' lang='grc' dir='ltr'>τινας.</span> <span class='ocrx_word' id='word_1_381' title='bbox 2362 2752 2523 2806; x_wconf 89' lang='grc' dir='ltr'>Ὅθεν</span> <span class='ocrx_word' id='word_1_382' title='bbox 2556 2752 2649 2806; x_wconf 72' lang='grc' dir='ltr'>καὶ</span> <span class='ocrx_word' id='word_1_383' title='bbox 2684 2754 2803 2805; x_wconf 70' lang='grc' dir='ltr'>ἀντὶ</span> <span class='ocrx_word' id='word_1_384' title='bbox 2854 2750 3044 2816; x_wconf 83' lang='grc' dir='ltr'>ξύλων,</span> <span class='ocrx_word' id='word_1_385' title='bbox 3078 2749 3308 2821; x_wconf 83' lang='grc' dir='ltr'>νάρθηκι</span> <span class='ocrx_word' id='word_1_386' title='bbox 3335 2751 3573 2823; x_wconf 67' lang='grc' dir='ltr'>χρῆσθαι</span> <span class='ocrx_word' id='word_1_387' title='bbox 3600 2770 3743 2805; x_wconf 85' lang='grc' dir='ltr'>κατ-</span> 
     </span>
    </p>
   </div>
   <div class='ocr_carea' id='block_1_59' title="bbox 2157 2843 3741 2912">
    <p class='ocr_par' dir='ltr' id='par_1_59' title="bbox 2157 2843 3741 2912">
     <span class='ocr_line' id='line_1_59' title="bbox 2157 2843 3741 2912; baseline 0 -15"><span class='ocrx_word' id='word_1_388' title='bbox 2157 2843 2342 2909; x_wconf 79' lang='grc' dir='ltr'>έδειξε.</span> <span class='ocrx_word' id='word_1_389' title='bbox 2384 2843 2675 2897; x_wconf 85' lang='grc' dir='ltr'>Καλεῖσθαι</span> <span class='ocrx_word' id='word_1_390' title='bbox 2723 2843 2779 2896; x_wconf 82' lang='grc' dir='ltr'><strong>δὲ</strong></span> <span class='ocrx_word' id='word_1_391' title='bbox 2822 2843 2982 2897; x_wconf 79' lang='grc' dir='ltr'>αὑτὸν</span> <span class='ocrx_word' id='word_1_392' title='bbox 3026 2843 3256 2912; x_wconf 85' lang='grc' dir='ltr'>Βάκχον,</span> <span class='ocrx_word' id='word_1_393' title='bbox 3299 2843 3408 2896; x_wconf 80' lang='grc' dir='ltr'><strong>ἀπὸ</strong></span> <span class='ocrx_word' id='word_1_394' title='bbox 3448 2843 3553 2896; x_wconf 85' lang='grc' dir='ltr'><strong>τῶν</strong></span> <span class='ocrx_word' id='word_1_395' title='bbox 3586 2843 3741 2897; x_wconf 86' lang='grc' dir='ltr'>Βακ-</span> 
     </span>
    </p>
   </div>
   <div class='ocr_carea' id='block_1_60' title="bbox 2157 2932 3741 3006">
    <p class='ocr_par' dir='ltr' id='par_1_60' title="bbox 2157 2932 3741 3006">
     <span class='ocr_line' id='line_1_60' title="bbox 2157 2932 3741 3006; baseline -0.002 -18"><span class='ocrx_word' id='word_1_396' title='bbox 2157 2935 2291 3006; x_wconf 85' lang='grc' dir='ltr'>χῶν,</span> <span class='ocrx_word' id='word_1_397' title='bbox 2321 2936 2553 3006; x_wconf 85' lang='grc' dir='ltr'>Ληναῖον</span> <span class='ocrx_word' id='word_1_398' title='bbox 2592 2936 2680 3001; x_wconf 85' lang='grc' dir='ltr'><strong>δὲ,</strong></span> <span class='ocrx_word' id='word_1_399' title='bbox 2717 2936 2826 2989; x_wconf 85' lang='grc' dir='ltr'><strong>άπὸ</strong></span> <span class='ocrx_word' id='word_1_400' title='bbox 2880 2934 2973 2989; x_wconf 89' lang='grc' dir='ltr'><strong>τοῦ</strong></span> <span class='ocrx_word' id='word_1_401' title='bbox 3008 2934 3291 2987; x_wconf 80' lang='grc' dir='ltr'>πατεῖσθαι</span> <span class='ocrx_word' id='word_1_402' title='bbox 3318 2934 3417 2997; x_wconf 85' lang='grc' dir='ltr'><strong>τὰς</strong></span> <span class='ocrx_word' id='word_1_403' title='bbox 3457 2932 3741 3003; x_wconf 69' lang='grc' dir='ltr'>σταφυλὰς</span> 
     </span>
    </p>
   </div>
   <div class='ocr_carea' id='block_1_61' title="bbox 2164 3024 3741 3099">
    <p class='ocr_par' dir='ltr' id='par_1_61' title="bbox 2164 3024 3741 3099">
     <span class='ocr_line' id='line_1_61' title="bbox 2164 3024 3741 3099; baseline -0.002 -20"><span class='ocrx_word' id='word_1_404' title='bbox 2164 3028 2223 3080; x_wconf 83' lang='grc' dir='ltr'>ὲν</span> <span class='ocrx_word' id='word_1_405' title='bbox 2243 3026 2455 3096; x_wconf 85' lang='grc' dir='ltr'>ληνοῖς·</span> <span class='ocrx_word' id='word_1_406' title='bbox 2508 3028 2745 3099; x_wconf 87' lang='grc' dir='ltr'>Βρόμιον</span> <span class='ocrx_word' id='word_1_407' title='bbox 2789 3027 2880 3086; x_wconf 83' lang='grc' dir='ltr'><strong>δὲ.</strong></span> <span class='ocrx_word' id='word_1_408' title='bbox 2916 3027 3022 3081; x_wconf 77' lang='grc' dir='ltr'>ἀπὸ</span> <span class='ocrx_word' id='word_1_409' title='bbox 3053 3026 3151 3081; x_wconf 87' lang='grc' dir='ltr'><strong>τοῦ</strong></span> <span class='ocrx_word' id='word_1_410' title='bbox 3192 3026 3331 3079; x_wconf 84' lang='grc' dir='ltr'>κατὰ</span> <span class='ocrx_word' id='word_1_411' title='bbox 3375 3024 3474 3095; x_wconf 81' lang='grc' dir='ltr'><strong>τὴν</strong></span> <span class='ocrx_word' id='word_1_412' title='bbox 3518 3025 3741 3094; x_wconf 81' lang='grc' dir='ltr'>γένεσιν</span> 
     </span>
    </p>
   </div>
   <div class='ocr_carea' id='block_1_62' title="bbox 482 3118 2056 3217">
    <p class='ocr_par' dir='ltr' id='par_1_62' title="bbox 482 3124 2056 3197">
     <span class='ocr_line' id='line_1_62' title="bbox 482 3124 2056 3197; baseline 0.003 -18"><span class='ocrx_word' id='word_1_413' title='bbox 482 3124 778 3195; x_wconf 87' lang='lat' dir='ltr'><strong>accepisse,</strong></span> <span class='ocrx_word' id='word_1_414' title='bbox 804 3125 950 3194; x_wconf 91' lang='lat' dir='ltr'><strong>quod</strong></span> <span class='ocrx_word' id='word_1_415' title='bbox 986 3140 1051 3179; x_wconf 84' lang='lat' dir='ltr'><strong>ex</strong></span> <span class='ocrx_word' id='word_1_416' title='bbox 1081 3140 1189 3180; x_wconf 91' lang='lat' dir='ltr'><strong>uno</strong></span> <span class='ocrx_word' id='word_1_417' title='bbox 1213 3127 1430 3195; x_wconf 89' lang='lat' dir='ltr'><strong>quidem</strong></span> <span class='ocrx_word' id='word_1_418' title='bbox 1464 3135 1636 3197; x_wconf 86' lang='lat' dir='ltr'><strong>patre,</strong></span> <span class='ocrx_word' id='word_1_419' title='bbox 1658 3129 1750 3183; x_wconf 91' lang='lat' dir='ltr'><strong>sed</strong></span> <span class='ocrx_word' id='word_1_420' title='bbox 1783 3144 1848 3184; x_wconf 86' lang='lat' dir='ltr'><strong>ex</strong></span> <span class='ocrx_word' id='word_1_421' title='bbox 1884 3139 2056 3185; x_wconf 87' lang='lat' dir='ltr'><strong>matre</strong></span> 
     </span>
    </p>
   </div>
   <div class='ocr_carea' id='block_1_63' title="bbox 2158 3118 3740 3217">
    <p class='ocr_par' dir='ltr' id='par_1_63' title="bbox 2158 3118 3740 3217">
     <span class='ocr_line' id='line_1_63' title="bbox 2158 3118 3740 3217; baseline -0.004 -41"><span class='ocrx_word' id='word_1_422' title='bbox 2158 3121 2322 3176; x_wconf 84' lang='grc' dir='ltr'>αὑτοῦ</span> <span class='ocrx_word' id='word_1_423' title='bbox 2358 3121 2583 3193; x_wconf 86' lang='grc' dir='ltr'>βρόμου.</span> <span class='ocrx_word' id='word_1_424' title='bbox 2608 3124 2718 3175; x_wconf 77' lang='grc' dir='ltr'><strong>Καὶ</strong></span> <span class='ocrx_word' id='word_1_425' title='bbox 2762 3121 3034 3194; x_wconf 88' lang='grc' dir='ltr'>Σατύρους</span> <span class='ocrx_word' id='word_1_426' title='bbox 3066 3120 3121 3172; x_wconf 88' lang='grc' dir='ltr'><strong>δέ</strong></span> <span class='ocrx_word' id='word_1_427' title='bbox 3162 3137 3321 3189; x_wconf 87' lang='grc' dir='ltr'>φασιν</span> <span class='ocrx_word' id='word_1_428' title='bbox 3349 3118 3505 3172; x_wconf 85' lang='grc' dir='ltr'>αὑτὸν</span> <span class='ocrx_word' id='word_1_429' title='bbox 3538 3119 3740 3217; x_wconf 74' lang='grc' dir='ltr'>περιά-</span> 
     </span>
    </p>
   </div>
   <div class='ocr_carea' id='block_1_64' title="bbox 488 3207 2056 3292">
    <p class='ocr_par' dir='ltr' id='par_1_64' title="bbox 488 3215 2056 3292">
     <span class='ocr_line' id='line_1_64' title="bbox 488 3215 2056 3292; baseline 0.006 -24"><span class='ocrx_word' id='word_1_430' title='bbox 488 3215 700 3285; x_wconf 84' lang='lat' dir='ltr'><strong>gemina</strong></span> <span class='ocrx_word' id='word_1_431' title='bbox 732 3215 929 3270; x_wconf 88' lang='lat' dir='ltr'><strong>Bacchi</strong></span> <span class='ocrx_word' id='word_1_432' title='bbox 968 3216 1077 3270; x_wconf 92' lang='lat' dir='ltr'><strong>duo</strong></span> <span class='ocrx_word' id='word_1_433' title='bbox 1124 3217 1235 3270; x_wconf 91' lang='lat' dir='ltr'><strong>nati</strong></span> <span class='ocrx_word' id='word_1_434' title='bbox 1285 3228 1488 3272; x_wconf 91' lang='lat' dir='ltr'><strong>essent.</strong></span> <span class='ocrx_word' id='word_1_435' title='bbox 1544 3216 1792 3274; x_wconf 85' lang='lat' dir='ltr'><strong>Ferulam</strong></span> <span class='ocrx_word' id='word_1_436' title='bbox 1840 3236 2056 3292; x_wconf 89' lang='lat' dir='ltr'><strong>quoque</strong></span> 
     </span>
    </p>
   </div>
   <div class='ocr_carea' id='block_1_65' title="bbox 2158 3207 3737 3292">
    <p class='ocr_par' dir='ltr' id='par_1_65' title="bbox 2158 3207 3737 3281">
     <span class='ocr_line' id='line_1_65' title="bbox 2158 3207 3737 3281; baseline -0.001 -19"><span class='ocrx_word' id='word_1_437' title='bbox 2158 3208 2349 3277; x_wconf 90' lang='grc' dir='ltr'>γεσθαι</span> <span class='ocrx_word' id='word_1_438' title='bbox 2378 3210 2433 3262; x_wconf 82' lang='grc' dir='ltr'><strong>ὲν</strong></span> <span class='ocrx_word' id='word_1_439' title='bbox 2468 3212 2583 3274; x_wconf 88' lang='grc' dir='ltr'>ταῖς</span> <span class='ocrx_word' id='word_1_440' title='bbox 2616 3209 2872 3281; x_wconf 81' lang='grc' dir='ltr'>ὀρχήσεσι</span> <span class='ocrx_word' id='word_1_441' title='bbox 2902 3211 2993 3263; x_wconf 72' lang='grc' dir='ltr'><strong>καὶ</strong></span> <span class='ocrx_word' id='word_1_442' title='bbox 3016 3212 3136 3272; x_wconf 88' lang='grc' dir='ltr'>ταῖς</span> <span class='ocrx_word' id='word_1_443' title='bbox 3168 3208 3511 3279; x_wconf 82' lang='grc' dir='ltr'>τραγῳδίαις,</span> <span class='ocrx_word' id='word_1_444' title='bbox 3539 3207 3737 3277; x_wconf 62' lang='grc' dir='ltr'>τέρψιν</span> 
     </span>
    </p>
   </div>
   <div class='ocr_carea' id='block_1_66' title="bbox 483 3306 2057 3380">
    <p class='ocr_par' dir='ltr' id='par_1_66' title="bbox 483 3306 2057 3380">
     <span class='ocr_line' id='line_1_66' title="bbox 483 3306 2057 3380; baseline 0.004 -21"><span class='ocrx_word' id='word_1_445' title='bbox 483 3306 536 3359; x_wconf 92' lang='lat' dir='ltr'><strong>in</strong></span> <span class='ocrx_word' id='word_1_446' title='bbox 569 3322 791 3360; x_wconf 89' lang='lat' dir='ltr'><strong>manum</strong></span> <span class='ocrx_word' id='word_1_447' title='bbox 828 3306 929 3376; x_wconf 81' lang='lat' dir='ltr'><strong>ipsi</strong></span> <span class='ocrx_word' id='word_1_448' title='bbox 958 3307 1088 3360; x_wconf 90' lang='lat' dir='ltr'><strong>dare</strong></span> <span class='ocrx_word' id='word_1_449' title='bbox 1109 3308 1303 3375; x_wconf 85' lang='lat' dir='ltr'><strong>solent,</strong></span> <span class='ocrx_word' id='word_1_450' title='bbox 1344 3308 1489 3377; x_wconf 91' lang='lat' dir='ltr'><strong>quod</strong></span> <span class='ocrx_word' id='word_1_451' title='bbox 1527 3324 1651 3363; x_wconf 91' lang='lat' dir='ltr'><strong>cum</strong></span> <span class='ocrx_word' id='word_1_452' title='bbox 1679 3310 1841 3380; x_wconf 89' lang='lat' dir='ltr'><strong>prisci</strong></span> <span class='ocrx_word' id='word_1_453' title='bbox 1880 3311 2057 3366; x_wconf 89' lang='lat' dir='ltr'><strong>homi-</strong></span> 
     </span>
    </p>
   </div>
   <div class='ocr_carea' id='block_1_67' title="bbox 482 3395 2052 3466">
    <p class='ocr_par' dir='ltr' id='par_1_67' title="bbox 482 3395 2052 3466">
     <span class='ocr_line' id='line_1_67' title="bbox 482 3395 2052 3466; baseline 0.006 -19"><span class='ocrx_word' id='word_1_454' title='bbox 482 3409 580 3450; x_wconf 88' lang='lat' dir='ltr'><strong>nes</strong></span> <span class='ocrx_word' id='word_1_455' title='bbox 619 3395 842 3449; x_wconf 89' lang='lat' dir='ltr'><strong>assiduo</strong></span> <span class='ocrx_word' id='word_1_456' title='bbox 886 3396 1019 3449; x_wconf 87' lang='lat' dir='ltr'><strong>meri</strong></span> <span class='ocrx_word' id='word_1_457' title='bbox 1066 3410 1167 3450; x_wconf 89' lang='lat' dir='ltr'><strong>usu</strong></span> <span class='ocrx_word' id='word_1_458' title='bbox 1223 3396 1276 3450; x_wconf 95' lang='lat' dir='ltr'><strong>in</strong></span> <span class='ocrx_word' id='word_1_459' title='bbox 1322 3397 1527 3452; x_wconf 88' lang='lat' dir='ltr'><strong>rabiem</strong></span> <span class='ocrx_word' id='word_1_460' title='bbox 1568 3413 1632 3453; x_wconf 86' lang='lat' dir='ltr'><strong>ac</strong></span> <span class='ocrx_word' id='word_1_461' title='bbox 1652 3397 1891 3456; x_wconf 86' lang='lat' dir='ltr'><strong>furorem</strong></span> <span class='ocrx_word' id='word_1_462' title='bbox 1926 3404 2052 3466; x_wconf 91' lang='lat' dir='ltr'><strong>acti,</strong></span> 
     </span>
    </p>
   </div>
   <div class='ocr_carea' id='block_1_68' title="bbox 482 3486 2055 3564">
    <p class='ocr_par' dir='ltr' id='par_1_68' title="bbox 482 3486 2055 3564">
     <span class='ocr_line' id='line_1_68' title="bbox 482 3486 2055 3564; baseline 0.006 -23"><span class='ocrx_word' id='word_1_463' title='bbox 482 3500 605 3541; x_wconf 90' lang='lat' dir='ltr'><strong>sese</strong></span> <span class='ocrx_word' id='word_1_464' title='bbox 632 3486 839 3541; x_wconf 88' lang='lat' dir='ltr'><strong>baculis</strong></span> <span class='ocrx_word' id='word_1_465' title='bbox 870 3486 943 3540; x_wconf 89' lang='lat' dir='ltr'><strong>ita</strong></span> <span class='ocrx_word' id='word_1_466' title='bbox 977 3495 1165 3541; x_wconf 92' lang='lat' dir='ltr'><strong>mutuo</strong></span> <span class='ocrx_word' id='word_1_467' title='bbox 1187 3488 1477 3555; x_wconf 72' lang='lat' dir='ltr'><strong>caederent,</strong></span> <span class='ocrx_word' id='word_1_468' title='bbox 1508 3499 1567 3545; x_wconf 91' lang='lat' dir='ltr'><strong>ut</strong></span> <span class='ocrx_word' id='word_1_469' title='bbox 1588 3506 1655 3546; x_wconf 85' lang='lat' dir='ltr'><strong>ex</strong></span> <span class='ocrx_word' id='word_1_470' title='bbox 1697 3491 1872 3564; x_wconf 91' lang='lat' dir='ltr'><strong>plagis</strong></span> <span class='ocrx_word' id='word_1_471' title='bbox 1917 3495 2055 3550; x_wconf 88' lang='lat' dir='ltr'><strong>inte-</strong></span> 
     </span>
    </p>
   </div>
   <div class='ocr_carea' id='block_1_69' title="bbox 484 3575 2053 3650">
    <p class='ocr_par' dir='ltr' id='par_1_69' title="bbox 484 3575 2053 3650">
     <span class='ocr_line' id='line_1_69' title="bbox 484 3575 2053 3650; baseline 0.008 -23"><span class='ocrx_word' id='word_1_472' title='bbox 484 3575 621 3630; x_wconf 90' lang='lat' dir='ltr'><strong>ritus</strong></span> <span class='ocrx_word' id='word_1_473' title='bbox 649 3575 941 3646; x_wconf 89' lang='lat' dir='ltr'><strong>aliquando</strong></span> <span class='ocrx_word' id='word_1_474' title='bbox 968 3588 1313 3647; x_wconf 88' lang='lat' dir='ltr'><strong>sequeretur,</strong></span> <span class='ocrx_word' id='word_1_475' title='bbox 1346 3579 1616 3650; x_wconf 88' lang='lat' dir='ltr'><strong>lignorum</strong></span> <span class='ocrx_word' id='word_1_476' title='bbox 1652 3582 1773 3639; x_wconf 91' lang='lat' dir='ltr'><strong>loco</strong></span> <span class='ocrx_word' id='word_1_477' title='bbox 1804 3582 2053 3640; x_wconf 88' lang='lat' dir='ltr'><strong>Bacchus</strong></span> 
     </span>
    </p>
   </div>
   <div class='ocr_carea' id='block_1_70' title="bbox 480 3652 2053 3741">
    <p class='ocr_par' dir='ltr' id='par_1_70' title="bbox 480 3652 2053 3741">
     <span class='ocr_line' id='line_1_70' title="bbox 480 3652 2053 3741; baseline 0.009 -22"><span class='ocrx_word' id='word_1_478' title='bbox 480 3679 575 3720; x_wconf 87' lang='lat' dir='ltr'><strong>eos</strong></span> <span class='ocrx_word' id='word_1_479' title='bbox 599 3652 786 3721; x_wconf 87' lang='lat' dir='ltr'><strong>ferulis</strong></span> <span class='ocrx_word' id='word_1_480' title='bbox 808 3667 886 3722; x_wconf 91' lang='lat' dir='ltr'><strong>uti</strong></span> <span class='ocrx_word' id='word_1_481' title='bbox 915 3667 1183 3724; x_wconf 90' lang='lat' dir='ltr'><strong>docuerit.</strong></span> <span class='ocrx_word' id='word_1_482' title='bbox 1214 3667 1352 3724; x_wconf 88' lang='lat' dir='ltr'><strong>Eum</strong></span> <span class='ocrx_word' id='word_1_483' title='bbox 1388 3680 1649 3741; x_wconf 72' lang='lat' dir='ltr'><strong>prteterea</strong></span> <span class='ocrx_word' id='word_1_484' title='bbox 1705 3674 1897 3731; x_wconf 91' lang='lat' dir='ltr'><strong>volunt</strong></span> <span class='ocrx_word' id='word_1_485' title='bbox 1920 3675 2053 3732; x_wconf 89' lang='lat' dir='ltr'><strong>Bac-</strong></span> 
     </span>
    </p>
   </div>
   <div class='ocr_carea' id='block_1_71' title="bbox 481 3755 2049 3833">
    <p class='ocr_par' dir='ltr' id='par_1_71' title="bbox 481 3755 2049 3833">
     <span class='ocr_line' id='line_1_71' title="bbox 481 3755 2049 3833; baseline 0.008 -25"><span class='ocrx_word' id='word_1_486' title='bbox 481 3755 645 3808; x_wconf 85' lang='lat' dir='ltr'><strong>chum</strong></span> <span class='ocrx_word' id='word_1_487' title='bbox 672 3755 887 3825; x_wconf 89' lang='lat' dir='ltr'><strong>quidem</strong></span> <span class='ocrx_word' id='word_1_488' title='bbox 906 3771 935 3809; x_wconf 90' lang='lat' dir='ltr'><strong>a</strong></span> <span class='ocrx_word' id='word_1_489' title='bbox 956 3756 1181 3811; x_wconf 82' lang='lat' dir='ltr'><strong>Bacchis</strong></span> <span class='ocrx_word' id='word_1_490' title='bbox 1209 3758 1527 3817; x_wconf 89' lang='lat' dir='ltr'><strong>mulieribus</strong></span> <span class='ocrx_word' id='word_1_491' title='bbox 1549 3762 1887 3819; x_wconf 86' lang='lat' dir='ltr'><strong>nominatum</strong></span> <span class='ocrx_word' id='word_1_492' title='bbox 1907 3780 2049 3833; x_wconf 90' lang='lat' dir='ltr'><strong>esse,</strong></span> 
     </span>
    </p>
   </div>
   <div class='ocr_carea' id='block_1_72' title="bbox 481 3843 2051 3925">
    <p class='ocr_par' dir='ltr' id='par_1_72' title="bbox 481 3843 2051 3925">
     <span class='ocr_line' id='line_1_72' title="bbox 481 3843 2051 3925; baseline 0.01 -28"><span class='ocrx_word' id='word_1_493' title='bbox 481 3843 735 3901; x_wconf 71' lang='lat' dir='ltr'><strong>Lenazum</strong></span> <span class='ocrx_word' id='word_1_494' title='bbox 778 3855 958 3902; x_wconf 88' lang='lat' dir='ltr'><strong>autem</strong></span> <span class='ocrx_word' id='word_1_495' title='bbox 993 3849 1148 3918; x_wconf 88' lang='lat' dir='ltr'><strong>quasi</strong></span> <span class='ocrx_word' id='word_1_496' title='bbox 1191 3852 1567 3920; x_wconf 86' lang='lat' dir='ltr'><strong>torcularium,</strong></span> <span class='ocrx_word' id='word_1_497' title='bbox 1598 3856 1743 3925; x_wconf 89' lang='lat' dir='ltr'><strong>quod</strong></span> <span class='ocrx_word' id='word_1_498' title='bbox 1781 3856 1835 3910; x_wconf 92' lang='lat' dir='ltr'><strong>in</strong></span> <span class='ocrx_word' id='word_1_499' title='bbox 1869 3865 2051 3913; x_wconf 85' lang='lat' dir='ltr'><strong>torcu—</strong></span> 
     </span>
    </p>
   </div>
   <div class='ocr_carea' id='block_1_73' title="bbox 480 3936 2050 4018">
    <p class='ocr_par' dir='ltr' id='par_1_73' title="bbox 480 3936 2050 4018">
     <span class='ocr_line' id='line_1_73' title="bbox 480 3936 2050 4018; baseline 0.009 -28"><span class='ocrx_word' id='word_1_500' title='bbox 480 3936 688 3993; x_wconf 89' lang='lat' dir='ltr'><strong>laribus</strong></span> <span class='ocrx_word' id='word_1_501' title='bbox 712 3953 830 3993; x_wconf 72' lang='lat' dir='ltr'><strong>uva:</strong></span> <span class='ocrx_word' id='word_1_502' title='bbox 859 3940 1157 4006; x_wconf 88' lang='lat' dir='ltr'><strong>calcentur,</strong></span> <span class='ocrx_word' id='word_1_503' title='bbox 1192 3941 1300 4015; x_wconf 67' lang='grc'><strong>54</strong></span> <span class='ocrx_word' id='word_1_504' title='bbox 1333 3942 1608 4000; x_wconf 90' lang='lat' dir='ltr'><strong>Bromium</strong></span> <span class='ocrx_word' id='word_1_505' title='bbox 1640 3946 1874 4017; x_wconf 89' lang='lat' dir='ltr'><strong>denique</strong></span> <span class='ocrx_word' id='word_1_506' title='bbox 1894 3949 2050 4018; x_wconf 89' lang='lat' dir='ltr'><strong>quasi</strong></span> 
     </span>
    </p>
   </div>
   <div class='ocr_carea' id='block_1_74' title="bbox 482 4028 2050 4106">
    <p class='ocr_par' dir='ltr' id='par_1_74' title="bbox 482 4028 2050 4106">
     <span class='ocr_line' id='line_1_74' title="bbox 482 4028 2050 4106; baseline 0.009 -27"><span class='ocrx_word' id='word_1_507' title='bbox 482 4040 745 4081; x_wconf 84' lang='lat' dir='ltr'><strong>sonorum</strong></span> <span class='ocrx_word' id='word_1_508' title='bbox 772 4028 841 4082; x_wconf 93' lang='lat' dir='ltr'><strong>ob</strong></span> <span class='ocrx_word' id='word_1_509' title='bbox 864 4029 1134 4100; x_wconf 79' lang='lat' dir='ltr'><strong>ingentem</strong></span> <span class='ocrx_word' id='word_1_510' title='bbox 1162 4031 1314 4086; x_wconf 87' lang='lat' dir='ltr'><strong>illum</strong></span> <span class='ocrx_word' id='word_1_511' title='bbox 1364 4031 1635 4103; x_wconf 85' lang='lat' dir='ltr'><strong>fragorem</strong></span> <span class='ocrx_word' id='word_1_512' title='bbox 1663 4076 1677 4101; x_wconf 95' lang='lat'><strong>,</strong></span> <span class='ocrx_word' id='word_1_513' title='bbox 1709 4037 1801 4106; x_wconf 93' lang='lat' dir='ltr'><strong>qui</strong></span> <span class='ocrx_word' id='word_1_514' title='bbox 1836 4038 2050 4094; x_wconf 76' lang='lat' dir='ltr'><strong>ctelitus</strong></span> 
     </span>
    </p>
   </div>
   <div class='ocr_carea' id='block_1_75' title="bbox 480 4117 2049 4201">
    <p class='ocr_par' dir='ltr' id='par_1_75' title="bbox 480 4117 2049 4201">
     <span class='ocr_line' id='line_1_75' title="bbox 480 4117 2049 4201; baseline 0.009 -30"><span class='ocrx_word' id='word_1_515' title='bbox 480 4117 535 4171; x_wconf 80' lang='lat' dir='ltr'><strong>in</strong></span> <span class='ocrx_word' id='word_1_516' title='bbox 564 4117 736 4187; x_wconf 90' lang='lat' dir='ltr'><strong>ipsius</strong></span> <span class='ocrx_word' id='word_1_517' title='bbox 767 4129 888 4174; x_wconf 91' lang='lat' dir='ltr'><strong>ortu</strong></span> <span class='ocrx_word' id='word_1_518' title='bbox 950 4122 1272 4194; x_wconf 79' lang='lat' dir='ltr'><strong>contigerat.</strong></span> <span class='ocrx_word' id='word_1_519' title='bbox 1331 4124 1412 4179; x_wconf 84' lang='lat' dir='ltr'><strong>Ad</strong></span> <span class='ocrx_word' id='word_1_520' title='bbox 1470 4134 1773 4182; x_wconf 85' lang='lat' dir='ltr'><strong>extremum</strong></span> <span class='ocrx_word' id='word_1_521' title='bbox 1829 4127 2049 4201; x_wconf 90' lang='lat' dir='ltr'><strong>Satyros</strong></span> 
     </span>
    </p>
   </div>
   <div class='ocr_carea' id='block_1_76' title="bbox 480 4210 2049 4289">
    <p class='ocr_par' dir='ltr' id='par_1_76' title="bbox 480 4210 2049 4289">
     <span class='ocr_line' id='line_1_76' title="bbox 480 4210 2049 4289; baseline 0.006 -24"><span class='ocrx_word' id='word_1_522' title='bbox 480 4210 646 4265; x_wconf 90' lang='lat' dir='ltr'><strong>etiam</strong></span> <span class='ocrx_word' id='word_1_523' title='bbox 679 4212 885 4281; x_wconf 89' lang='lat' dir='ltr'><strong>passim</strong></span> <span class='ocrx_word' id='word_1_524' title='bbox 922 4213 991 4267; x_wconf 91' lang='lat' dir='ltr'><strong>ab</strong></span> <span class='ocrx_word' id='word_1_525' title='bbox 1024 4214 1118 4268; x_wconf 91' lang='lat' dir='ltr'><strong>illo</strong></span> <span class='ocrx_word' id='word_1_526' title='bbox 1149 4216 1576 4283; x_wconf 83' lang='lat' dir='ltr'><strong>circumductos,</strong></span> <span class='ocrx_word' id='word_1_527' title='bbox 1607 4221 1701 4289; x_wconf 91' lang='lat' dir='ltr'><strong>qui</strong></span> <span class='ocrx_word' id='word_1_528' title='bbox 1733 4234 1857 4275; x_wconf 91' lang='lat' dir='ltr'><strong>eum</strong></span> <span class='ocrx_word' id='word_1_529' title='bbox 1883 4221 2049 4275; x_wconf 89' lang='lat' dir='ltr'><strong>salta-</strong></span> 
     </span>
    </p>
   </div>
   <div class='ocr_carea' id='block_1_77' title="bbox 482 4304 2049 4382">
    <p class='ocr_par' dir='ltr' id='par_1_77' title="bbox 482 4304 2049 4382">
     <span class='ocr_line' id='line_1_77' title="bbox 482 4304 2049 4382; baseline 0.006 -25"><span class='ocrx_word' id='word_1_530' title='bbox 482 4304 695 4358; x_wconf 90' lang='lat' dir='ltr'><strong>tionum</strong></span> <span class='ocrx_word' id='word_1_531' title='bbox 738 4313 793 4359; x_wconf 88' lang='lat' dir='ltr'><strong>et</strong></span> <span class='ocrx_word' id='word_1_532' title='bbox 835 4306 1222 4374; x_wconf 71' lang='lat' dir='ltr'><strong>tragmdiarum</strong></span> <span class='ocrx_word' id='word_1_533' title='bbox 1254 4309 1614 4364; x_wconf 88' lang='lat' dir='ltr'><strong>oblectatione</strong></span> <span class='ocrx_word' id='word_1_534' title='bbox 1666 4325 1729 4365; x_wconf 91' lang='lat' dir='ltr'><strong>ac</strong></span> <span class='ocrx_word' id='word_1_535' title='bbox 1776 4312 2049 4382; x_wconf 89' lang='lat' dir='ltr'><strong>voluptate</strong></span> 
     </span>
    </p>
   </div>
   <div class='ocr_carea' id='block_1_78' title="bbox 481 4396 2048 4473">
    <p class='ocr_par' dir='ltr' id='par_1_78' title="bbox 481 4396 2048 4473">
     <span class='ocr_line' id='line_1_78' title="bbox 481 4396 2048 4473; baseline 0.006 -24"><span class='ocrx_word' id='word_1_536' title='bbox 481 4396 803 4461; x_wconf 88' lang='lat' dir='ltr'><strong>mulcerent,</strong></span> <span class='ocrx_word' id='word_1_537' title='bbox 849 4399 1095 4468; x_wconf 89' lang='lat' dir='ltr'><strong>adeoque</strong></span> <span class='ocrx_word' id='word_1_538' title='bbox 1127 4399 1398 4454; x_wconf 89' lang='lat' dir='ltr'><strong>theatrum</strong></span> <span class='ocrx_word' id='word_1_539' title='bbox 1452 4402 1651 4470; x_wconf 88' lang='lat' dir='ltr'><strong>ipsum,</strong></span> <span class='ocrx_word' id='word_1_540' title='bbox 1678 4417 1799 4457; x_wconf 91' lang='lat' dir='ltr'><strong>cum</strong></span> <span class='ocrx_word' id='word_1_541' title='bbox 1827 4403 1894 4458; x_wconf 93' lang='lat' dir='ltr'><strong>iis</strong></span> <span class='ocrx_word' id='word_1_542' title='bbox 1928 4418 2048 4473; x_wconf 64' lang='lat' dir='ltr'><strong>quas</strong></span> 
     </span>
    </p>
   </div>
   <div class='ocr_carea' id='block_1_79' title="bbox 2156 3298 3736 3373">
    <p class='ocr_par' dir='ltr' id='par_1_79' title="bbox 2156 3298 3736 3373">
     <span class='ocr_line' id='line_1_79' title="bbox 2156 3298 3736 3373; baseline -0.003 -17"><span class='ocrx_word' id='word_1_543' title='bbox 2156 3300 2305 3372; x_wconf 82' lang='grc' dir='ltr'>αύτῷ</span> <span class='ocrx_word' id='word_1_544' title='bbox 2332 3301 2422 3355; x_wconf 74' lang='grc' dir='ltr'><strong>καὶ</strong></span> <span class='ocrx_word' id='word_1_545' title='bbox 2447 3300 2641 3372; x_wconf 81' lang='grc' dir='ltr'>ἡδονὴν</span> <span class='ocrx_word' id='word_1_546' title='bbox 2667 3300 3023 3373; x_wconf 86' lang='grc' dir='ltr'>παρέχοντας,</span> <span class='ocrx_word' id='word_1_547' title='bbox 3050 3300 3359 3366; x_wconf 83' lang='grc' dir='ltr'>καταδεῖξαι</span> <span class='ocrx_word' id='word_1_548' title='bbox 3387 3299 3442 3351; x_wconf 83' lang='grc' dir='ltr'>δὲ</span> <span class='ocrx_word' id='word_1_549' title='bbox 3477 3298 3736 3371; x_wconf 85' lang='grc' dir='ltr'>θέατρον,</span> 
     </span>
    </p>
   </div>
   <div class='ocr_carea' id='block_1_80' title="bbox 2155 3386 3737 3465">
    <p class='ocr_par' dir='ltr' id='par_1_80' title="bbox 2155 3386 3737 3465">
     <span class='ocr_line' id='line_1_80' title="bbox 2155 3386 3737 3465; baseline -0.002 -20"><span class='ocrx_word' id='word_1_550' title='bbox 2155 3394 2249 3447; x_wconf 72' lang='grc' dir='ltr'><strong>καὶ</strong></span> <span class='ocrx_word' id='word_1_551' title='bbox 2284 3392 2557 3463; x_wconf 83' lang='grc' dir='ltr'>μουσικῶν</span> <span class='ocrx_word' id='word_1_552' title='bbox 2592 3392 2955 3465; x_wconf 82' lang='grc' dir='ltr'>ἀκροαμάτων</span> <span class='ocrx_word' id='word_1_553' title='bbox 2989 3392 3327 3462; x_wconf 83' lang='grc' dir='ltr'>συστήματα.</span> <span class='ocrx_word' id='word_1_554' title='bbox 3354 3386 3588 3443; x_wconf 79' lang='grc' dir='ltr'>Τοιαῦτα</span> <span class='ocrx_word' id='word_1_555' title='bbox 3631 3389 3737 3459; x_wconf 84' lang='grc' dir='ltr'><strong>μὲν</strong></span> 
     </span>
    </p>
   </div>
   <div class='ocr_carea' id='block_1_81' title="bbox 2152 3473 3736 3553">
    <p class='ocr_par' dir='ltr' id='par_1_81' title="bbox 2152 3473 3736 3553">
     <span class='ocr_line' id='line_1_81' title="bbox 2152 3473 3736 3553; baseline -0.004 -18"><span class='ocrx_word' id='word_1_556' title='bbox 2152 3483 2221 3536; x_wconf 86' lang='grc' dir='ltr'><strong>τὰ</strong></span> <span class='ocrx_word' id='word_1_557' title='bbox 2246 3482 2375 3553; x_wconf 71' lang='grc' dir='ltr'>περὶ</span> <span class='ocrx_word' id='word_1_558' title='bbox 2408 3480 2681 3534; x_wconf 87' lang='grc' dir='ltr'>Διονύσου.</span> <span class='ocrx_word' id='word_1_559' title='bbox 2719 3480 2821 3533; x_wconf 75' lang='grc' dir='ltr'><strong>Τὸν</strong></span> <span class='ocrx_word' id='word_1_560' title='bbox 2853 3479 2907 3533; x_wconf 85' lang='grc' dir='ltr'>δὲ</span> <span class='ocrx_word' id='word_1_561' title='bbox 2941 3480 3186 3551; x_wconf 89' lang='grc' dir='ltr'>Πρίαπον</span> <span class='ocrx_word' id='word_1_562' title='bbox 3212 3520 3225 3541; x_wconf 93' lang='grc'><strong>,</strong></span> <span class='ocrx_word' id='word_1_563' title='bbox 3262 3478 3373 3531; x_wconf 85' lang='grc' dir='ltr'>υἱὸν</span> <span class='ocrx_word' id='word_1_564' title='bbox 3414 3473 3552 3530; x_wconf 83' lang='grc' dir='ltr'>εἷναί</span> <span class='ocrx_word' id='word_1_565' title='bbox 3592 3493 3736 3546; x_wconf 85' lang='grc' dir='ltr'>φασι</span> 
     </span>
    </p>
   </div>
   <div class='ocr_carea' id='block_1_82' title="bbox 2151 3568 3736 3642">
    <p class='ocr_par' dir='ltr' id='par_1_82' title="bbox 2151 3568 3736 3642">
     <span class='ocr_line' id='line_1_82' title="bbox 2151 3568 3736 3642; baseline -0.002 -16"><span class='ocrx_word' id='word_1_566' title='bbox 2151 3573 2403 3626; x_wconf 90' lang='grc' dir='ltr'>Διονύσου</span> <span class='ocrx_word' id='word_1_567' title='bbox 2445 3573 2538 3625; x_wconf 78' lang='grc' dir='ltr'><strong>καὶ</strong></span> <span class='ocrx_word' id='word_1_568' title='bbox 2591 3570 2929 3642; x_wconf 87' lang='grc' dir='ltr'>Ἀφροδίτης,</span> <span class='ocrx_word' id='word_1_569' title='bbox 2983 3570 3070 3625; x_wconf 84' lang='grc' dir='ltr'><strong>διὰ</strong></span> <span class='ocrx_word' id='word_1_570' title='bbox 3119 3571 3179 3624; x_wconf 84' lang='grc' dir='ltr'>τὸ</span> <span class='ocrx_word' id='word_1_571' title='bbox 3229 3572 3353 3634; x_wconf 82' lang='grc' dir='ltr'>τοὺς</span> <span class='ocrx_word' id='word_1_572' title='bbox 3405 3568 3736 3635; x_wconf 75' lang='grc' dir='ltr'>οἰνωθέντας</span> 
     </span>
    </p>
   </div>
   <div class='ocr_carea' id='block_1_83' title="bbox 2152 3660 3731 3734">
    <p class='ocr_par' dir='ltr' id='par_1_83' title="bbox 2152 3660 3731 3734">
     <span class='ocr_line' id='line_1_83' title="bbox 2152 3660 3731 3734; baseline -0.003 -17"><span class='ocrx_word' id='word_1_573' title='bbox 2152 3663 2395 3733; x_wconf 85' lang='grc' dir='ltr'>φυσικῶς</span> <span class='ocrx_word' id='word_1_574' title='bbox 2428 3662 2741 3717; x_wconf 80' lang='grc' dir='ltr'>ἐντετάσθαι</span> <span class='ocrx_word' id='word_1_575' title='bbox 2775 3662 2911 3733; x_wconf 78' lang='grc' dir='ltr'>πρὸς</span> <span class='ocrx_word' id='word_1_576' title='bbox 2948 3662 3046 3725; x_wconf 82' lang='grc' dir='ltr'><strong>τὰς</strong></span> <span class='ocrx_word' id='word_1_577' title='bbox 3085 3660 3475 3734; x_wconf 83' lang='grc' dir='ltr'>ἀφροδισιακὰς</span> <span class='ocrx_word' id='word_1_578' title='bbox 3506 3660 3731 3732; x_wconf 73' lang='grc' dir='ltr'>ἡδονάς.</span> 
     </span>
    </p>
   </div>
   <div class='ocr_carea' id='block_1_84' title="bbox 2151 3751 3735 3825">
    <p class='ocr_par' dir='ltr' id='par_1_84' title="bbox 2151 3751 3735 3825">
     <span class='ocr_line' id='line_1_84' title="bbox 2151 3751 3735 3825; baseline -0.003 -18"><span class='ocrx_word' id='word_1_579' title='bbox 2151 3755 2306 3817; x_wconf 80' lang='grc' dir='ltr'>Τινὲς</span> <span class='ocrx_word' id='word_1_580' title='bbox 2334 3754 2392 3807; x_wconf 89' lang='grc' dir='ltr'><strong>δέ</strong></span> <span class='ocrx_word' id='word_1_581' title='bbox 2423 3770 2554 3823; x_wconf 84' lang='grc' dir='ltr'>φασι</span> <span class='ocrx_word' id='word_1_582' title='bbox 2583 3754 2643 3807; x_wconf 80' lang='grc' dir='ltr'>τὸ</span> <span class='ocrx_word' id='word_1_583' title='bbox 2674 3752 2870 3807; x_wconf 85' lang='grc' dir='ltr'>αἰδοῖον</span> <span class='ocrx_word' id='word_1_584' title='bbox 2901 3751 3008 3805; x_wconf 89' lang='grc' dir='ltr'><strong>τῶν</strong></span> <span class='ocrx_word' id='word_1_585' title='bbox 3041 3752 3340 3825; x_wconf 85' lang='grc' dir='ltr'>ἀνθρώπων</span> <span class='ocrx_word' id='word_1_586' title='bbox 3372 3752 3495 3813; x_wconf 80' lang='grc' dir='ltr'>τοὺς</span> <span class='ocrx_word' id='word_1_587' title='bbox 3528 3751 3735 3804; x_wconf 86' lang='grc' dir='ltr'>παλαι--</span> 
     </span>
    </p>
   </div>
   <div class='ocr_carea' id='block_1_85' title="bbox 2150 3842 3731 3915">
    <p class='ocr_par' dir='ltr' id='par_1_85' title="bbox 2150 3842 3731 3915">
     <span class='ocr_line' id='line_1_85' title="bbox 2150 3842 3731 3915; baseline -0.002 -17"><span class='ocrx_word' id='word_1_588' title='bbox 2150 3845 2243 3909; x_wconf 78' lang='grc' dir='ltr'><strong>οὺς</strong></span> <span class='ocrx_word' id='word_1_589' title='bbox 2276 3844 2517 3914; x_wconf 88' lang='grc' dir='ltr'>μυθικῶς</span> <span class='ocrx_word' id='word_1_590' title='bbox 2541 3843 2785 3915; x_wconf 85' lang='grc' dir='ltr'>Πρίαπον</span> <span class='ocrx_word' id='word_1_591' title='bbox 2814 3843 3116 3914; x_wconf 80' lang='grc' dir='ltr'>ὀνομάζειν.</span> <span class='ocrx_word' id='word_1_592' title='bbox 3162 3844 3330 3895; x_wconf 82' lang='grc' dir='ltr'>Ἔνιοι</span> <span class='ocrx_word' id='word_1_593' title='bbox 3370 3843 3427 3895; x_wconf 83' lang='grc' dir='ltr'>δὲ</span> <span class='ocrx_word' id='word_1_594' title='bbox 3474 3842 3731 3909; x_wconf 83' lang='grc' dir='ltr'>λέγουσι,</span> 
     </span>
    </p>
   </div>
   <div class='ocr_carea' id='block_1_86' title="bbox 2149 3934 3733 4006">
    <p class='ocr_par' dir='ltr' id='par_1_86' title="bbox 2149 3934 3733 4006">
     <span class='ocr_line' id='line_1_86' title="bbox 2149 3934 3733 4006; baseline -0.003 -18"><span class='ocrx_word' id='word_1_595' title='bbox 2149 3935 2209 3989; x_wconf 85' lang='grc' dir='ltr'><strong>τὸ</strong></span> <span class='ocrx_word' id='word_1_596' title='bbox 2236 3934 2548 4005; x_wconf 83' lang='grc' dir='ltr'>γεννητικὸν</span> <span class='ocrx_word' id='word_1_597' title='bbox 2602 3935 2787 4006; x_wconf 88' lang='grc' dir='ltr'>μόριον</span> <span class='ocrx_word' id='word_1_598' title='bbox 2827 3934 2997 3987; x_wconf 79' lang='grc' dir='ltr'>αἴτιον</span> <span class='ocrx_word' id='word_1_599' title='bbox 3024 3935 3287 4006; x_wconf 85' lang='grc' dir='ltr'>ὑπάρχειν</span> <span class='ocrx_word' id='word_1_600' title='bbox 3330 3934 3429 4002; x_wconf 82' lang='grc' dir='ltr'>τῆς</span> <span class='ocrx_word' id='word_1_601' title='bbox 3459 3934 3733 4002; x_wconf 81' lang='grc' dir='ltr'>γενέσεως</span> 
     </span>
    </p>
   </div>
   <div class='ocr_carea' id='block_1_87' title="bbox 2150 4025 3735 4098">
    <p class='ocr_par' dir='ltr' id='par_1_87' title="bbox 2150 4025 3735 4098">
     <span class='ocr_line' id='line_1_87' title="bbox 2150 4025 3735 4098; baseline 0.002 -19"><span class='ocrx_word' id='word_1_602' title='bbox 2150 4026 2257 4080; x_wconf 83' lang='grc' dir='ltr'><strong>τῶν</strong></span> <span class='ocrx_word' id='word_1_603' title='bbox 2282 4026 2603 4098; x_wconf 82' lang='grc' dir='ltr'>ἀνθρώπων,</span> <span class='ocrx_word' id='word_1_604' title='bbox 2634 4029 2728 4082; x_wconf 78' lang='grc' dir='ltr'>καὶ</span> <span class='ocrx_word' id='word_1_605' title='bbox 2754 4028 2841 4082; x_wconf 86' lang='grc' dir='ltr'><strong>διὰ</strong></span> <span class='ocrx_word' id='word_1_606' title='bbox 2876 4027 3033 4081; x_wconf 85' lang='grc' dir='ltr'>τοῦτο</span> <span class='ocrx_word' id='word_1_607' title='bbox 3065 4029 3144 4092; x_wconf 87' lang='grc' dir='ltr'>εἰς</span> <span class='ocrx_word' id='word_1_608' title='bbox 3182 4028 3396 4081; x_wconf 76' lang='grc' dir='ltr'>ἅπαντα</span> <span class='ocrx_word' id='word_1_609' title='bbox 3429 4027 3518 4079; x_wconf 80' lang='grc' dir='ltr'>τὸν</span> <span class='ocrx_word' id='word_1_610' title='bbox 3553 4025 3735 4082; x_wconf 80' lang='grc' dir='ltr'>αἰῶνα</span> 
     </span>
    </p>
   </div>
   <div class='ocr_carea' id='block_1_88' title="bbox 2149 4118 3733 4192">
    <p class='ocr_par' dir='ltr' id='par_1_88' title="bbox 2149 4118 3733 4192">
     <span class='ocr_line' id='line_1_88' title="bbox 2149 4118 3733 4192; baseline 0.002 -21"><span class='ocrx_word' id='word_1_611' title='bbox 2149 4120 2328 4188; x_wconf 85' lang='grc' dir='ltr'>τυχεῖν</span> <span class='ocrx_word' id='word_1_612' title='bbox 2351 4120 2449 4189; x_wconf 81' lang='grc' dir='ltr'>τῆς</span> <span class='ocrx_word' id='word_1_613' title='bbox 2485 4119 2751 4173; x_wconf 85' lang='grc' dir='ltr'>ἀθανάτου</span> <span class='ocrx_word' id='word_1_614' title='bbox 2784 4120 2965 4190; x_wconf 83' lang='grc' dir='ltr'>τιμῆς.</span> <span class='ocrx_word' id='word_1_615' title='bbox 2995 4120 3201 4192; x_wconf 85' lang='grc' dir='ltr'>Ὥσπερ</span> <span class='ocrx_word' id='word_1_616' title='bbox 3227 4118 3318 4174; x_wconf 76' lang='grc' dir='ltr'>οὖν</span> <span class='ocrx_word' id='word_1_617' title='bbox 3345 4122 3438 4174; x_wconf 74' lang='grc' dir='ltr'>καὶ</span> <span class='ocrx_word' id='word_1_618' title='bbox 3473 4121 3522 4173; x_wconf 84' lang='grc' dir='ltr'><strong>οί</strong></span> <span class='ocrx_word' id='word_1_619' title='bbox 3555 4119 3733 4190; x_wconf 76' lang='grc' dir='ltr'>Αίγύο</span> 
     </span>
    </p>
   </div>
   <div class='ocr_carea' id='block_1_89' title="bbox 2150 4207 3727 4285">
    <p class='ocr_par' dir='ltr' id='par_1_89' title="bbox 2150 4207 3727 4285">
     <span class='ocr_line' id='line_1_89' title="bbox 2150 4207 3727 4285; baseline 0.004 -24"><span class='ocrx_word' id='word_1_620' title='bbox 2150 4227 2294 4262; x_wconf 88' lang='grc' dir='ltr'>πτιοι</span> <span class='ocrx_word' id='word_1_621' title='bbox 2328 4210 2428 4281; x_wconf 81' lang='grc' dir='ltr'>τὴν</span> <span class='ocrx_word' id='word_1_622' title='bbox 2452 4207 2591 4264; x_wconf 82' lang='grc' dir='ltr'>Ἶσιν</span> <span class='ocrx_word' id='word_1_623' title='bbox 2636 4211 2843 4282; x_wconf 76' lang='grc' dir='ltr'>ἔφησαν</span> <span class='ocrx_word' id='word_1_624' title='bbox 2873 4212 2943 4264; x_wconf 86' lang='grc' dir='ltr'><strong>τὰ</strong></span> <span class='ocrx_word' id='word_1_625' title='bbox 2980 4213 3114 4285; x_wconf 87' lang='grc' dir='ltr'>μέλη</span> <span class='ocrx_word' id='word_1_626' title='bbox 3152 4212 3243 4266; x_wconf 82' lang='grc' dir='ltr'><strong>τοῦ</strong></span> <span class='ocrx_word' id='word_1_627' title='bbox 3293 4213 3556 4284; x_wconf 89' lang='grc' dir='ltr'>Ὀσίριδος</span> <span class='ocrx_word' id='word_1_628' title='bbox 3587 4214 3727 4267; x_wconf 83' lang='grc' dir='ltr'>ἁνα-</span> 
     </span>
    </p>
   </div>
   <div class='ocr_carea' id='block_1_90' title="bbox 2149 4300 3731 4379">
    <p class='ocr_par' dir='ltr' id='par_1_90' title="bbox 2149 4300 3731 4379">
     <span class='ocr_line' id='line_1_90' title="bbox 2149 4300 3731 4379; baseline 0.004 -25"><span class='ocrx_word' id='word_1_629' title='bbox 2149 4300 2451 4373; x_wconf 78' lang='grc' dir='ltr'>ζητοῦσαν,</span> <span class='ocrx_word' id='word_1_630' title='bbox 2486 4303 2547 4357; x_wconf 82' lang='grc' dir='ltr'><strong>τὸ</strong></span> <span class='ocrx_word' id='word_1_631' title='bbox 2592 4305 2788 4359; x_wconf 84' lang='grc' dir='ltr'>αἰδοῖον</span> <span class='ocrx_word' id='word_1_632' title='bbox 2830 4304 2991 4358; x_wconf 80' lang='grc' dir='ltr'>αὑτοῦ</span> <span class='ocrx_word' id='word_1_633' title='bbox 3052 4307 3125 4377; x_wconf 85' lang='grc' dir='ltr'><strong>μὴ</strong></span> <span class='ocrx_word' id='word_1_634' title='bbox 3168 4306 3467 4378; x_wconf 88' lang='grc' dir='ltr'>δυναμένην</span> <span class='ocrx_word' id='word_1_635' title='bbox 3517 4304 3731 4379; x_wconf 77' lang='grc' dir='ltr'>εὑρεῖν,</span> 
     </span>
    </p>
   </div>
   <div class='ocr_carea' id='block_1_91' title="bbox 2149 4393 3727 4466">
    <p class='ocr_par' dir='ltr' id='par_1_91' title="bbox 2149 4393 3727 4466">
     <span class='ocr_line' id='line_1_91' title="bbox 2149 4393 3727 4466; baseline 0.003 -19"><span class='ocrx_word' id='word_1_636' title='bbox 2149 4393 2457 4458; x_wconf 81' lang='grc' dir='ltr'>καταδεῖξαι</span> <span class='ocrx_word' id='word_1_637' title='bbox 2488 4397 2653 4466; x_wconf 86' lang='grc' dir='ltr'>τιμᾷν</span> <span class='ocrx_word' id='word_1_638' title='bbox 2690 4395 2765 4458; x_wconf 86' lang='grc' dir='ltr'>ὼς</span> <span class='ocrx_word' id='word_1_639' title='bbox 2800 4395 2954 4460; x_wconf 84' lang='grc' dir='ltr'>θεὸν,</span> <span class='ocrx_word' id='word_1_640' title='bbox 3013 4396 3108 4449; x_wconf 72' lang='grc' dir='ltr'>καὶ</span> <span class='ocrx_word' id='word_1_641' title='bbox 3151 4397 3426 4450; x_wconf 83' lang='grc' dir='ltr'>ἀναθεῖναι</span> <span class='ocrx_word' id='word_1_642' title='bbox 3486 4398 3627 4451; x_wconf 86' lang='grc' dir='ltr'>κατὰ</span> <span class='ocrx_word' id='word_1_643' title='bbox 3664 4396 3727 4451; x_wconf 79' lang='grc' dir='ltr'>τὸ</span> 
     </span>
    </p>
   </div>
   <div class='ocr_carea' id='block_1_92' title="bbox 480 4480 2056 4561">
    <p class='ocr_par' dir='ltr' id='par_1_92' title="bbox 480 4480 2047 4557">
     <span class='ocr_line' id='line_1_92' title="bbox 480 4480 2047 4557; baseline 0.005 -16"><span class='ocrx_word' id='word_1_644' title='bbox 480 4487 547 4541; x_wconf 86' lang='lat' dir='ltr'><strong>ad</strong></span> <span class='ocrx_word' id='word_1_645' title='bbox 582 4487 794 4557; x_wconf 90' lang='lat' dir='ltr'><strong>plenam</strong></span> <span class='ocrx_word' id='word_1_646' title='bbox 842 4503 907 4542; x_wconf 91' lang='lat' dir='ltr'><strong>ac</strong></span> <span class='ocrx_word' id='word_1_647' title='bbox 961 4504 1310 4546; x_wconf 89' lang='lat' dir='ltr'><strong>numerosam</strong></span> <span class='ocrx_word' id='word_1_648' title='bbox 1361 4480 1635 4547; x_wconf 84' lang='lat' dir='ltr'><strong>variorum</strong></span> <span class='ocrx_word' id='word_1_649' title='bbox 1690 4504 2047 4549; x_wconf 89' lang='lat' dir='ltr'><strong>concentuum</strong></span> 
     </span>
    </p>
   </div>
   <div class='ocr_carea' id='block_1_93' title="bbox 2158 4480 3727 4561">
    <p class='ocr_par' dir='ltr' id='par_1_93' title="bbox 2158 4487 3727 4561">
     <span class='ocr_line' id='line_1_93' title="bbox 2158 4487 3727 4561; baseline 0.003 -22"><span class='ocrx_word' id='word_1_650' title='bbox 2158 4487 2299 4559; x_wconf 81' lang='grc' dir='ltr'>ἱερὸν</span> <span class='ocrx_word' id='word_1_651' title='bbox 2322 4487 2696 4559; x_wconf 82' lang='grc' dir='ltr'>ἐντεταμένον.</span> <span class='ocrx_word' id='word_1_652' title='bbox 2737 4488 2896 4541; x_wconf 86' lang='grc' dir='ltr'>Ἀλλὰ</span> <span class='ocrx_word' id='word_1_653' title='bbox 2922 4490 3015 4542; x_wconf 75' lang='grc' dir='ltr'><strong>καὶ</strong></span> <span class='ocrx_word' id='word_1_654' title='bbox 3044 4490 3171 4560; x_wconf 80' lang='grc' dir='ltr'>παρ’</span> <span class='ocrx_word' id='word_1_655' title='bbox 3198 4489 3452 4561; x_wconf 84' lang='grc' dir='ltr'>Ἕλλησιν</span> <span class='ocrx_word' id='word_1_656' title='bbox 3471 4491 3532 4543; x_wconf 84' lang='grc' dir='ltr'>οὑ</span> <span class='ocrx_word' id='word_1_657' title='bbox 3560 4489 3727 4560; x_wconf 79' lang='grc' dir='ltr'>μόνον</span> 
     </span>
    </p>
   </div>
   <div class='ocr_carea' id='block_1_94' title="bbox 481 4580 2043 4660">
    <p class='ocr_par' dir='ltr' id='par_1_94' title="bbox 481 4580 2043 4660">
     <span class='ocr_line' id='line_1_94' title="bbox 481 4580 2043 4660; baseline 0.008 -27"><span class='ocrx_word' id='word_1_658' title='bbox 481 4580 845 4650; x_wconf 74' lang='lat' dir='ltr'><strong>integritatem</strong></span> <span class='ocrx_word' id='word_1_659' title='bbox 904 4584 1196 4652; x_wconf 87' lang='lat' dir='ltr'><strong>pertinent,</strong></span> <span class='ocrx_word' id='word_1_660' title='bbox 1224 4585 1585 4656; x_wconf 80' lang='lat' dir='ltr'><strong>excogitatum</strong></span> <span class='ocrx_word' id='word_1_661' title='bbox 1624 4586 1812 4657; x_wconf 86' lang='lat' dir='ltr'><strong>fuisse.</strong></span> <span class='ocrx_word' id='word_1_662' title='bbox 1864 4589 2043 4660; x_wconf 88' lang='lat' dir='ltr'><strong>Atque</strong></span> 
     </span>
    </p>
   </div>
   <div class='ocr_carea' id='block_1_95' title="bbox 476 4673 2040 4747">
    <p class='ocr_par' dir='ltr' id='par_1_95' title="bbox 476 4673 2040 4747">
     <span class='ocr_line' id='line_1_95' title="bbox 476 4673 2040 4747; baseline 0.009 -22"><span class='ocrx_word' id='word_1_663' title='bbox 476 4673 591 4727; x_wconf 70' lang='lat' dir='ltr'><strong>hazc</strong></span> <span class='ocrx_word' id='word_1_664' title='bbox 609 4674 675 4729; x_wconf 91' lang='lat' dir='ltr'><strong>de</strong></span> <span class='ocrx_word' id='word_1_665' title='bbox 708 4673 920 4730; x_wconf 85' lang='lat' dir='ltr'><strong>Baccho</strong></span> <span class='ocrx_word' id='word_1_666' title='bbox 949 4674 1117 4731; x_wconf 80' lang='lat' dir='ltr'><strong>Grteci</strong></span> <span class='ocrx_word' id='word_1_667' title='bbox 1158 4678 1530 4747; x_wconf 86' lang='lat' dir='ltr'><strong>prodiderunt.</strong></span> <span class='ocrx_word' id='word_1_668' title='bbox 1570 4680 1850 4739; x_wconf 65' lang='lat' dir='ltr'><strong>Jam&#39;vero</strong></span> <span class='ocrx_word' id='word_1_669' title='bbox 1887 4683 2040 4739; x_wconf 82' lang='lat' dir='ltr'><strong>Pria-</strong></span> 
     </span>
    </p>
   </div>
   <div class='ocr_carea' id='block_1_96' title="bbox 473 4764 2041 4841">
    <p class='ocr_par' dir='ltr' id='par_1_96' title="bbox 473 4764 2041 4841">
     <span class='ocr_line' id='line_1_96' title="bbox 473 4764 2041 4841; baseline 0.01 -25"><span class='ocrx_word' id='word_1_670' title='bbox 473 4778 602 4831; x_wconf 89' lang='lat' dir='ltr'><strong>pum</strong></span> <span class='ocrx_word' id='word_1_671' title='bbox 630 4764 875 4834; x_wconf 87' lang='lat' dir='ltr'><strong>ejusdem</strong></span> <span class='ocrx_word' id='word_1_672' title='bbox 937 4765 1134 4821; x_wconf 88' lang='lat' dir='ltr'><strong>Bacchi</strong></span> <span class='ocrx_word' id='word_1_673' title='bbox 1186 4768 1521 4841; x_wconf 85' lang='lat' dir='ltr'><strong>Venerisque</strong></span> <span class='ocrx_word' id='word_1_674' title='bbox 1554 4773 1721 4828; x_wconf 81' lang='lat' dir='ltr'><strong>filium</strong></span> <span class='ocrx_word' id='word_1_675' title='bbox 1766 4791 1885 4831; x_wconf 90' lang='lat' dir='ltr'><strong>esse</strong></span> <span class='ocrx_word' id='word_1_676' title='bbox 1930 4785 2041 4831; x_wconf 87' lang='lat' dir='ltr'><strong>tra-</strong></span> 
     </span>
    </p>
   </div>
   <div class='ocr_carea' id='block_1_97' title="bbox 474 4855 2037 4937">
    <p class='ocr_par' dir='ltr' id='par_1_97' title="bbox 474 4855 2037 4937">
     <span class='ocr_line' id='line_1_97' title="bbox 474 4855 2037 4937; baseline 0.01 -30"><span class='ocrx_word' id='word_1_677' title='bbox 474 4855 631 4919; x_wconf 91' lang='lat' dir='ltr'><strong>dunt,</strong></span> <span class='ocrx_word' id='word_1_678' title='bbox 665 4857 811 4926; x_wconf 90' lang='lat' dir='ltr'><strong>quod</strong></span> <span class='ocrx_word' id='word_1_679' title='bbox 846 4857 1097 4913; x_wconf 87' lang='lat' dir='ltr'><strong>homines</strong></span> <span class='ocrx_word' id='word_1_680' title='bbox 1125 4860 1253 4914; x_wconf 89' lang='lat' dir='ltr'><strong>vino</strong></span> <span class='ocrx_word' id='word_1_681' title='bbox 1301 4862 1500 4917; x_wconf 88' lang='lat' dir='ltr'><strong>madidi</strong></span> <span class='ocrx_word' id='word_1_682' title='bbox 1534 4866 1765 4920; x_wconf 88' lang='lat' dir='ltr'><strong>naturali</strong></span> <span class='ocrx_word' id='word_1_683' title='bbox 1804 4869 2037 4937; x_wconf 82' lang='lat' dir='ltr'><strong>quodam</strong></span> 
     </span>
    </p>
   </div>
   <div class='ocr_carea' id='block_1_98' title="bbox 474 4944 2037 5025">
    <p class='ocr_par' dir='ltr' id='par_1_98' title="bbox 474 4944 2037 5025">
     <span class='ocr_line' id='line_1_98' title="bbox 474 4944 2037 5025; baseline 0.01 -28"><span class='ocrx_word' id='word_1_684' title='bbox 474 4944 530 4997; x_wconf 91' lang='lat' dir='ltr'><strong>in</strong></span> <span class='ocrx_word' id='word_1_685' title='bbox 555 4946 843 5001; x_wconf 82' lang='lat' dir='ltr'><strong>obscenam</strong></span> <span class='ocrx_word' id='word_1_686' title='bbox 877 4948 1204 5017; x_wconf 83' lang='lat' dir='ltr'><strong>voluptatem</strong></span> <span class='ocrx_word' id='word_1_687' title='bbox 1238 4951 1439 5020; x_wconf 88' lang='lat' dir='ltr'><strong>impetu</strong></span> <span class='ocrx_word' id='word_1_688' title='bbox 1478 4956 1713 5025; x_wconf 85' lang='lat' dir='ltr'><strong>arrigere</strong></span> <span class='ocrx_word' id='word_1_689' title='bbox 1739 4973 2037 5013; x_wconf 88' lang='lat' dir='ltr'><strong>consueve-</strong></span> 
     </span>
    </p>
   </div>
   <div class='ocr_carea' id='block_1_99' title="bbox 473 5035 2040 5118">
    <p class='ocr_par' dir='ltr' id='par_1_99' title="bbox 473 5035 2040 5118">
     <span class='ocr_line' id='line_1_99' title="bbox 473 5035 2040 5118; baseline 0.011 -31"><span class='ocrx_word' id='word_1_690' title='bbox 473 5036 603 5088; x_wconf 88' lang='lat' dir='ltr'><strong>rint.</strong></span> <span class='ocrx_word' id='word_1_691' title='bbox 636 5035 957 5107; x_wconf 84' lang='lat' dir='ltr'><strong>Quanquam</strong></span> <span class='ocrx_word' id='word_1_692' title='bbox 1020 5040 1141 5093; x_wconf 88' lang='lat' dir='ltr'><strong>aliis</strong></span> <span class='ocrx_word' id='word_1_693' title='bbox 1200 5042 1395 5111; x_wconf 85' lang='lat' dir='ltr'><strong>placet,</strong></span> <span class='ocrx_word' id='word_1_694' title='bbox 1456 5045 1740 5101; x_wconf 90' lang='lat' dir='ltr'><strong>honestum</strong></span> <span class='ocrx_word' id='word_1_695' title='bbox 1794 5050 2040 5118; x_wconf 87' lang='lat' dir='ltr'><strong>corporis</strong></span> 
     </span>
    </p>
   </div>
   <div class='ocr_carea' id='block_1_100' title="bbox 479 5124 2038 5202">
    <p class='ocr_par' dir='ltr' id='par_1_100' title="bbox 479 5124 2038 5202">
     <span class='ocr_line' id='line_1_100' title="bbox 479 5124 2038 5202; baseline 0.009 -27"><span class='ocrx_word' id='word_1_696' title='bbox 479 5124 701 5177; x_wconf 89' lang='lat' dir='ltr'><strong>humani</strong></span> <span class='ocrx_word' id='word_1_697' title='bbox 734 5128 1037 5181; x_wconf 89' lang='lat' dir='ltr'><strong>membrum</strong></span> <span class='ocrx_word' id='word_1_698' title='bbox 1080 5144 1109 5182; x_wconf 92' lang='lat' dir='ltr'><strong>a</strong></span> <span class='ocrx_word' id='word_1_699' title='bbox 1144 5131 1418 5185; x_wconf 88' lang='lat' dir='ltr'><strong>veteribus</strong></span> <span class='ocrx_word' id='word_1_700' title='bbox 1462 5130 1715 5202; x_wconf 88' lang='lat' dir='ltr'><strong>Priapum</strong></span> <span class='ocrx_word' id='word_1_701' title='bbox 1760 5134 1814 5188; x_wconf 91' lang='lat' dir='ltr'><strong>in</strong></span> <span class='ocrx_word' id='word_1_702' title='bbox 1843 5133 2038 5190; x_wconf 84' lang='lat' dir='ltr'><strong>fabulis</strong></span> 
     </span>
    </p>
   </div>
   <div class='ocr_carea' id='block_1_101' title="bbox 474 5215 2035 5295">
    <p class='ocr_par' dir='ltr' id='par_1_101' title="bbox 474 5215 2035 5295">
     <span class='ocr_line' id='line_1_101' title="bbox 474 5215 2035 5295; baseline 0.008 -28"><span class='ocrx_word' id='word_1_703' title='bbox 474 5215 803 5284; x_wconf 80' lang='lat' dir='ltr'><strong>appellatum</strong></span> <span class='ocrx_word' id='word_1_704' title='bbox 863 5235 1020 5286; x_wconf 88' lang='lat' dir='ltr'><strong>esse;</strong></span> <span class='ocrx_word' id='word_1_705' title='bbox 1059 5221 1150 5275; x_wconf 91' lang='lat' dir='ltr'><strong>alii</strong></span> <span class='ocrx_word' id='word_1_706' title='bbox 1211 5238 1342 5278; x_wconf 89' lang='lat' dir='ltr'><strong>vero</strong></span> <span class='ocrx_word' id='word_1_707' title='bbox 1385 5224 1613 5291; x_wconf 89' lang='lat' dir='ltr'><strong>malunt,</strong></span> <span class='ocrx_word' id='word_1_708' title='bbox 1670 5224 1811 5281; x_wconf 89' lang='lat' dir='ltr'><strong>idem</strong></span> <span class='ocrx_word' id='word_1_709' title='bbox 1860 5227 2035 5295; x_wconf 88' lang='lat' dir='ltr'><strong>ipsum</strong></span> 
     </span>
    </p>
   </div>
   <div class='ocr_carea' id='block_1_102' title="bbox 474 5306 2038 5381">
    <p class='ocr_par' dir='ltr' id='par_1_102' title="bbox 474 5306 2038 5381">
     <span class='ocr_line' id='line_1_102' title="bbox 474 5306 2038 5381; baseline 0.01 -22"><span class='ocrx_word' id='word_1_710' title='bbox 474 5306 621 5375; x_wconf 91' lang='lat' dir='ltr'><strong>quod</strong></span> <span class='ocrx_word' id='word_1_711' title='bbox 651 5306 902 5363; x_wconf 63' lang='lat' dir='ltr'><strong>humanae</strong></span> <span class='ocrx_word' id='word_1_712' title='bbox 950 5313 1316 5380; x_wconf 87' lang='lat' dir='ltr'><strong>generationis</strong></span> <span class='ocrx_word' id='word_1_713' title='bbox 1349 5328 1512 5371; x_wconf 88' lang='lat' dir='ltr'><strong>causa</strong></span> <span class='ocrx_word' id='word_1_714' title='bbox 1570 5316 1659 5381; x_wconf 89' lang='lat' dir='ltr'><strong>sit,</strong></span> <span class='ocrx_word' id='word_1_715' title='bbox 1702 5318 2038 5375; x_wconf 89' lang='lat' dir='ltr'><strong>immortales</strong></span> 
     </span>
    </p>
   </div>
   <div class='ocr_carea' id='block_1_103' title="bbox 477 5399 2033 5472">
    <p class='ocr_par' dir='ltr' id='par_1_103' title="bbox 477 5399 2033 5472">
     <span class='ocr_line' id='line_1_103' title="bbox 477 5399 2033 5472; baseline 0.008 -21"><span class='ocrx_word' id='word_1_716' title='bbox 477 5399 715 5455; x_wconf 87' lang='lat' dir='ltr'><strong>honores</strong></span> <span class='ocrx_word' id='word_1_717' title='bbox 741 5414 807 5454; x_wconf 83' lang='lat' dir='ltr'><strong>ex</strong></span> <span class='ocrx_word' id='word_1_718' title='bbox 839 5403 985 5455; x_wconf 92' lang='lat' dir='ltr'><strong>omni</strong></span> <span class='ocrx_word' id='word_1_719' title='bbox 1008 5404 1331 5460; x_wconf 67' lang='lat' dir='ltr'><strong>saeculorum</strong></span> <span class='ocrx_word' id='word_1_720' title='bbox 1371 5407 1635 5472; x_wconf 85' lang='lat' dir='ltr'><strong>memoria</strong></span> <span class='ocrx_word' id='word_1_721' title='bbox 1680 5418 2033 5465; x_wconf 83' lang='lat' dir='ltr'><strong>consecutum</strong></span> 
     </span>
    </p>
   </div>
   <div class='ocr_carea' id='block_1_104' title="bbox 476 5480 2036 5570">
    <p class='ocr_par' dir='ltr' id='par_1_104' title="bbox 476 5480 2036 5570">
     <span class='ocr_line' id='line_1_104' title="bbox 476 5480 2036 5570; baseline 0.008 -26"><span class='ocrx_word' id='word_1_722' title='bbox 476 5492 645 5546; x_wconf 84' lang='lat' dir='ltr'><strong>fuisse</strong></span> <span class='ocrx_word' id='word_1_723' title='bbox 679 5510 693 5547; x_wconf 75' lang='grc' dir='ltr'><strong>ε</strong></span> <span class='ocrx_word' id='word_1_724' title='bbox 727 5493 1186 5561; x_wconf 78' lang='lat' dir='ltr'><strong>quemadmodum</strong></span> <span class='ocrx_word' id='word_1_725' title='bbox 1247 5500 1417 5553; x_wconf 88' lang='lat' dir='ltr'><strong>etiam</strong></span> <span class='ocrx_word' id='word_1_726' title='bbox 1460 5480 1698 5570; x_wconf 60' lang='lat' dir='ltr'><strong>)Egyptii</strong></span> <span class='ocrx_word' id='word_1_727' title='bbox 1730 5499 1908 5556; x_wconf 84' lang='lat' dir='ltr'><strong>ferunt</strong></span> <span class='ocrx_word' id='word_1_728' title='bbox 1936 5502 2036 5557; x_wconf 81' lang='lat' dir='ltr'><strong>lsi-</strong></span> 
     </span>
    </p>
   </div>
   <div class='ocr_carea' id='block_1_105' title="bbox 473 5582 2035 5667">
    <p class='ocr_par' dir='ltr' id='par_1_105' title="bbox 473 5582 2035 5667">
     <span class='ocr_line' id='line_1_105' title="bbox 473 5582 2035 5667; baseline 0.009 -30"><span class='ocrx_word' id='word_1_729' title='bbox 473 5584 597 5637; x_wconf 86' lang='lat' dir='ltr'><strong>dem</strong></span> <span class='ocrx_word' id='word_1_730' title='bbox 630 5597 754 5637; x_wconf 91' lang='lat' dir='ltr'><strong>cum</strong></span> <span class='ocrx_word' id='word_1_731' title='bbox 784 5582 1171 5653; x_wconf 80' lang='lat' dir='ltr'><strong>investigandis</strong></span> <span class='ocrx_word' id='word_1_732' title='bbox 1194 5588 1422 5647; x_wconf 78' lang='lat' dir='ltr'><strong>Osiridis</strong></span> <span class='ocrx_word' id='word_1_733' title='bbox 1471 5593 1729 5649; x_wconf 91' lang='lat' dir='ltr'><strong>membris</strong></span> <span class='ocrx_word' id='word_1_734' title='bbox 1750 5604 2035 5667; x_wconf 87' lang='lat' dir='ltr'><strong>occupata,</strong></span> 
     </span>
    </p>
   </div>
   <div class='ocr_carea' id='block_1_106' title="bbox 470 5678 2035 5751">
    <p class='ocr_par' dir='ltr' id='par_1_106' title="bbox 470 5678 2035 5751">
     <span class='ocr_line' id='line_1_106' title="bbox 470 5678 2035 5751; baseline 0.007 -27"><span class='ocrx_word' id='word_1_735' title='bbox 470 5681 743 5726; x_wconf 80' lang='lat' dir='ltr'><strong>veretrum</strong></span> <span class='ocrx_word' id='word_1_736' title='bbox 792 5688 963 5727; x_wconf 87' lang='lat' dir='ltr'><strong>unum</strong></span> <span class='ocrx_word' id='word_1_737' title='bbox 1017 5691 1080 5728; x_wconf 76' lang='lat' dir='ltr'><strong>cx</strong></span> <span class='ocrx_word' id='word_1_738' title='bbox 1115 5678 1372 5732; x_wconf 87' lang='lat' dir='ltr'><strong>omnibus</strong></span> <span class='ocrx_word' id='word_1_739' title='bbox 1406 5680 1643 5749; x_wconf 88' lang='lat' dir='ltr'><strong>reperire</strong></span> <span class='ocrx_word' id='word_1_740' title='bbox 1672 5696 1781 5737; x_wconf 88' lang='lat' dir='ltr'><strong>non</strong></span> <span class='ocrx_word' id='word_1_741' title='bbox 1829 5691 2035 5751; x_wconf 88' lang='lat' dir='ltr'><strong>posset,</strong></span> 
     </span>
    </p>
   </div>
   <div class='ocr_carea' id='block_1_107' title="bbox 470 5765 2038 5840">
    <p class='ocr_par' dir='ltr' id='par_1_107' title="bbox 470 5765 2038 5840">
     <span class='ocr_line' id='line_1_107' title="bbox 470 5765 2038 5840; baseline 0.006 -20"><span class='ocrx_word' id='word_1_742' title='bbox 470 5765 714 5820; x_wconf 80' lang='lat' dir='ltr'><strong>divinum</strong></span> <span class='ocrx_word' id='word_1_743' title='bbox 746 5768 797 5824; x_wconf 87' lang='lat' dir='ltr'><strong>ei</strong></span> <span class='ocrx_word' id='word_1_744' title='bbox 837 5766 1039 5822; x_wconf 87' lang='lat' dir='ltr'><strong>cultum</strong></span> <span class='ocrx_word' id='word_1_745' title='bbox 1073 5767 1391 5838; x_wconf 85' lang='lat' dir='ltr'><strong>instituisse,</strong></span> <span class='ocrx_word' id='word_1_746' title='bbox 1445 5782 1498 5829; x_wconf 83' lang='lat' dir='ltr'><strong>et</strong></span> <span class='ocrx_word' id='word_1_747' title='bbox 1528 5784 1796 5830; x_wconf 83' lang='lat' dir='ltr'><strong>arrectum</strong></span> <span class='ocrx_word' id='word_1_748' title='bbox 1827 5775 1945 5840; x_wconf 83' lang='lat' dir='ltr'><strong>eius</strong></span> <span class='ocrx_word' id='word_1_749' title='bbox 1971 5775 2038 5831; x_wconf 88' lang='lat' dir='ltr'><strong>si-</strong></span> 
     </span>
    </p>
   </div>
   <div class='ocr_carea' id='block_1_108' title="bbox 2150 4580 3727 4645">
    <p class='ocr_par' dir='ltr' id='par_1_108' title="bbox 2150 4580 3727 4645">
     <span class='ocr_line' id='line_1_108' title="bbox 2150 4580 3727 4645; baseline 0.002 -13"><span class='ocrx_word' id='word_1_750' title='bbox 2150 4582 2208 4632; x_wconf 82' lang='grc' dir='ltr'>ὲν</span> <span class='ocrx_word' id='word_1_751' title='bbox 2239 4583 2358 4643; x_wconf 87' lang='grc' dir='ltr'>ταῖς</span> <span class='ocrx_word' id='word_1_752' title='bbox 2392 4581 2767 4644; x_wconf 85' lang='grc' dir='ltr'>Διονυσιακαῖς</span> <span class='ocrx_word' id='word_1_753' title='bbox 2800 4580 3060 4643; x_wconf 86' lang='grc' dir='ltr'>τελεταῖς,</span> <span class='ocrx_word' id='word_1_754' title='bbox 3088 4581 3221 4634; x_wconf 86' lang='grc' dir='ltr'>άλλὰ</span> <span class='ocrx_word' id='word_1_755' title='bbox 3257 4583 3349 4634; x_wconf 69' lang='grc' dir='ltr'>καὶ</span> <span class='ocrx_word' id='word_1_756' title='bbox 3372 4584 3492 4644; x_wconf 85' lang='grc' dir='ltr'>ταῖς</span> <span class='ocrx_word' id='word_1_757' title='bbox 3532 4580 3727 4645; x_wconf 84' lang='grc' dir='ltr'>ἄλλαις</span> 
     </span>
    </p>
   </div>
   <div class='ocr_carea' id='block_1_109' title="bbox 2148 4663 3724 4741">
    <p class='ocr_par' dir='ltr' id='par_1_109' title="bbox 2148 4663 3724 4741">
     <span class='ocr_line' id='line_1_109' title="bbox 2148 4663 3724 4741; baseline 0.001 -19"><span class='ocrx_word' id='word_1_758' title='bbox 2148 4670 2389 4733; x_wconf 80' lang='grc' dir='ltr'>ἁπάσαις</span> <span class='ocrx_word' id='word_1_759' title='bbox 2428 4663 2582 4732; x_wconf 73' lang='grc' dir='ltr'>οὗτος</span> <span class='ocrx_word' id='word_1_760' title='bbox 2623 4671 2651 4722; x_wconf 89' lang='grc' dir='ltr'><strong>ὁ</strong></span> <span class='ocrx_word' id='word_1_761' title='bbox 2699 4669 2819 4734; x_wconf 81' lang='grc' dir='ltr'>θεὸς</span> <span class='ocrx_word' id='word_1_762' title='bbox 2852 4671 3108 4740; x_wconf 88' lang='grc' dir='ltr'>τυγχάνει</span> <span class='ocrx_word' id='word_1_763' title='bbox 3165 4671 3307 4734; x_wconf 79' lang='grc' dir='ltr'>τινὸς</span> <span class='ocrx_word' id='word_1_764' title='bbox 3356 4670 3539 4741; x_wconf 77' lang='grc' dir='ltr'>τιμῆς,</span> <span class='ocrx_word' id='word_1_765' title='bbox 3582 4672 3724 4740; x_wconf 81' lang='grc' dir='ltr'>μετὰ</span> 
     </span>
    </p>
   </div>
   <div class='ocr_carea' id='block_1_110' title="bbox 2147 4760 3717 4831">
    <p class='ocr_par' dir='ltr' id='par_1_110' title="bbox 2147 4760 3717 4831">
     <span class='ocr_line' id='line_1_110' title="bbox 2147 4760 3717 4831; baseline 0 -18"><span class='ocrx_word' id='word_1_766' title='bbox 2147 4761 2380 4829; x_wconf 83' lang='grc' dir='ltr'>γέλωτος</span> <span class='ocrx_word' id='word_1_767' title='bbox 2404 4762 2498 4815; x_wconf 76' lang='grc' dir='ltr'>καὶ</span> <span class='ocrx_word' id='word_1_768' title='bbox 2522 4760 2741 4825; x_wconf 81' lang='grc' dir='ltr'>παιδιᾶς</span> <span class='ocrx_word' id='word_1_769' title='bbox 2767 4763 3230 4831; x_wconf 87' lang='grc' dir='ltr'>παρεισαγόμενος</span> <span class='ocrx_word' id='word_1_770' title='bbox 3249 4763 3305 4813; x_wconf 82' lang='grc' dir='ltr'><strong>ὲν</strong></span> <span class='ocrx_word' id='word_1_771' title='bbox 3333 4765 3451 4825; x_wconf 85' lang='grc' dir='ltr'>ταῖς</span> <span class='ocrx_word' id='word_1_772' title='bbox 3475 4762 3717 4824; x_wconf 84' lang='grc' dir='ltr'>θυσίαις⁶</span> 
     </span>
    </p>
   </div>
   <div class='ocr_carea' id='block_1_111' title="bbox 2145 4852 3723 4927">
    <p class='ocr_par' dir='ltr' id='par_1_111' title="bbox 2145 4852 3723 4927">
     <span class='ocr_line' id='line_1_111' title="bbox 2145 4852 3723 4927; baseline -0.001 -21"><span class='ocrx_word' id='word_1_773' title='bbox 2145 4854 2219 4917; x_wconf 86' lang='grc' dir='ltr'>ὡς</span> <span class='ocrx_word' id='word_1_774' title='bbox 2252 4855 2344 4907; x_wconf 77' lang='grc' dir='ltr'><strong>καὶ</strong></span> <span class='ocrx_word' id='word_1_775' title='bbox 2376 4857 2467 4907; x_wconf 86' lang='grc' dir='ltr'><strong>τὸν</strong></span> <span class='ocrx_word' id='word_1_776' title='bbox 2502 4854 2941 4927; x_wconf 85' lang='grc' dir='ltr'>Ἑρμαφρόδιτον,</span> <span class='ocrx_word' id='word_1_777' title='bbox 2986 4854 3043 4905; x_wconf 84' lang='grc' dir='ltr'><strong>ὃν</strong></span> <span class='ocrx_word' id='word_1_778' title='bbox 3078 4854 3135 4920; x_wconf 78' lang='grc' dir='ltr'>ἐξ</span> <span class='ocrx_word' id='word_1_779' title='bbox 3174 4852 3371 4923; x_wconf 81' lang='grc' dir='ltr'>Ἑρμοῦ</span> <span class='ocrx_word' id='word_1_780' title='bbox 3408 4855 3499 4907; x_wconf 70' lang='grc' dir='ltr'><strong>καὶ</strong></span> <span class='ocrx_word' id='word_1_781' title='bbox 3526 4854 3723 4925; x_wconf 75' lang='grc' dir='ltr'>Ἀφροο</span> 
     </span>
    </p>
   </div>
   <div class='ocr_carea' id='block_1_112' title="bbox 2146 4944 3720 5017">
    <p class='ocr_par' dir='ltr' id='par_1_112' title="bbox 2146 4944 3720 5017">
     <span class='ocr_line' id='line_1_112' title="bbox 2146 4944 3720 5017; baseline 0.001 -20"><span class='ocrx_word' id='word_1_782' title='bbox 2146 4946 2295 5015; x_wconf 83' lang='grc' dir='ltr'>δίτης</span> <span class='ocrx_word' id='word_1_783' title='bbox 2314 4945 2654 5016; x_wconf 87' lang='grc' dir='ltr'>γεννηθέντα,</span> <span class='ocrx_word' id='word_1_784' title='bbox 2680 4947 2861 5015; x_wconf 90' lang='grc' dir='ltr'>τυχεῖν</span> <span class='ocrx_word' id='word_1_785' title='bbox 2886 4945 2983 5013; x_wconf 79' lang='grc' dir='ltr'>τῆς</span> <span class='ocrx_word' id='word_1_786' title='bbox 3013 4944 3399 5017; x_wconf 85' lang='grc' dir='ltr'>προσηγορίας.</span> <span class='ocrx_word' id='word_1_787' title='bbox 3432 4944 3631 4997; x_wconf 87' lang='grc' dir='ltr'>Τοῦτον</span> <span class='ocrx_word' id='word_1_788' title='bbox 3660 4944 3720 4999; x_wconf 75' lang='grc' dir='ltr'><strong>δέ</strong></span> 
     </span>
    </p>
   </div>
   <div class='ocr_carea' id='block_1_113' title="bbox 2148 5035 3723 5107">
    <p class='ocr_par' dir='ltr' id='par_1_113' title="bbox 2148 5035 3723 5107">
     <span class='ocr_line' id='line_1_113' title="bbox 2148 5035 3723 5107; baseline -0.003 -16"><span class='ocrx_word' id='word_1_789' title='bbox 2148 5055 2278 5107; x_wconf 89' lang='grc' dir='ltr'>φασι</span> <span class='ocrx_word' id='word_1_790' title='bbox 2303 5038 2393 5090; x_wconf 86' lang='grc' dir='ltr'><strong>τὸν</strong></span> <span class='ocrx_word' id='word_1_791' title='bbox 2427 5037 2545 5090; x_wconf 83' lang='grc' dir='ltr'>θεὸν</span> <span class='ocrx_word' id='word_1_792' title='bbox 2569 5038 2709 5091; x_wconf 89' lang='grc' dir='ltr'>κατά</span> <span class='ocrx_word' id='word_1_793' title='bbox 2740 5054 2890 5100; x_wconf 88' lang='grc' dir='ltr'>τινας</span> <span class='ocrx_word' id='word_1_794' title='bbox 2919 5036 3140 5107; x_wconf 88' lang='grc' dir='ltr'>χρόνους</span> <span class='ocrx_word' id='word_1_795' title='bbox 3166 5036 3444 5104; x_wconf 82' lang='grc' dir='ltr'>φαίνεσθαι</span> <span class='ocrx_word' id='word_1_796' title='bbox 3474 5036 3601 5103; x_wconf 75' lang='grc' dir='ltr'>παρ’</span> <span class='ocrx_word' id='word_1_797' title='bbox 3624 5035 3723 5087; x_wconf 83' lang='grc' dir='ltr'><strong>ἀν-</strong></span> 
     </span>
    </p>
   </div>
   <div class='ocr_carea' id='block_1_114' title="bbox 2148 5127 3719 5202">
    <p class='ocr_par' dir='ltr' id='par_1_114' title="bbox 2148 5127 3719 5202">
     <span class='ocr_line' id='line_1_114' title="bbox 2148 5127 3719 5202; baseline -0.002 -19"><span class='ocrx_word' id='word_1_798' title='bbox 2148 5130 2405 5202; x_wconf 82' lang='grc' dir='ltr'>θρώποις,</span> <span class='ocrx_word' id='word_1_799' title='bbox 2426 5131 2516 5183; x_wconf 72' lang='grc' dir='ltr'><strong>καὶ</strong></span> <span class='ocrx_word' id='word_1_800' title='bbox 2537 5129 2824 5198; x_wconf 84' lang='grc' dir='ltr'>γεννᾶσθαι</span> <span class='ocrx_word' id='word_1_801' title='bbox 2843 5130 2941 5200; x_wconf 86' lang='grc' dir='ltr'><strong>τὴν</strong></span> <span class='ocrx_word' id='word_1_802' title='bbox 2960 5129 3052 5182; x_wconf 87' lang='grc' dir='ltr'><strong>τοῦ</strong></span> <span class='ocrx_word' id='word_1_803' title='bbox 3076 5127 3322 5195; x_wconf 80' lang='grc' dir='ltr'>σώματος</span> <span class='ocrx_word' id='word_1_804' title='bbox 3346 5127 3505 5197; x_wconf 83' lang='grc' dir='ltr'>φύσιν</span> <span class='ocrx_word' id='word_1_805' title='bbox 3525 5127 3719 5197; x_wconf 77' lang='grc' dir='ltr'>ἔχοντα</span> 
     </span>
    </p>
   </div>
   <div class='ocr_carea' id='block_1_115' title="bbox 2146 5217 3719 5292">
    <p class='ocr_par' dir='ltr' id='par_1_115' title="bbox 2146 5217 3719 5292">
     <span class='ocr_line' id='line_1_115' title="bbox 2146 5217 3719 5292; baseline -0.003 -18"><span class='ocrx_word' id='word_1_806' title='bbox 2146 5222 2203 5288; x_wconf 73' lang='grc' dir='ltr'><strong>ἐξ</strong></span> <span class='ocrx_word' id='word_1_807' title='bbox 2237 5222 2427 5292; x_wconf 73' lang='grc' dir='ltr'>ἀνδρὸς</span> <span class='ocrx_word' id='word_1_808' title='bbox 2457 5222 2550 5274; x_wconf 73' lang='grc' dir='ltr'>καὶ</span> <span class='ocrx_word' id='word_1_809' title='bbox 2577 5220 2850 5288; x_wconf 85' lang='grc' dir='ltr'>γυναικός.</span> <span class='ocrx_word' id='word_1_810' title='bbox 2886 5220 3054 5271; x_wconf 87' lang='grc' dir='ltr'>Ἔνιοι</span> <span class='ocrx_word' id='word_1_811' title='bbox 3076 5220 3132 5273; x_wconf 82' lang='grc' dir='ltr'><strong>δὲ</strong></span> <span class='ocrx_word' id='word_1_812' title='bbox 3160 5219 3227 5271; x_wconf 84' lang='grc' dir='ltr'><strong>τὰ</strong></span> <span class='ocrx_word' id='word_1_813' title='bbox 3258 5217 3483 5271; x_wconf 88' lang='grc' dir='ltr'>τοιαῦτα</span> <span class='ocrx_word' id='word_1_814' title='bbox 3512 5218 3719 5289; x_wconf 85' lang='grc' dir='ltr'>τέρατα</span> 
     </span>
    </p>
   </div>
   <div class='ocr_carea' id='block_1_116' title="bbox 2146 5310 3718 5383">
    <p class='ocr_par' dir='ltr' id='par_1_116' title="bbox 2146 5310 3718 5383">
     <span class='ocr_line' id='line_1_116' title="bbox 2146 5310 3718 5383; baseline -0.001 -18"><span class='ocrx_word' id='word_1_815' title='bbox 2146 5313 2411 5383; x_wconf 84' lang='grc' dir='ltr'>ὑπάρχειν</span> <span class='ocrx_word' id='word_1_816' title='bbox 2445 5312 2609 5380; x_wconf 72' lang='grc' dir='ltr'>φασὶ,</span> <span class='ocrx_word' id='word_1_817' title='bbox 2658 5312 2895 5375; x_wconf 87' lang='grc' dir='ltr'>σπανίως</span> <span class='ocrx_word' id='word_1_818' title='bbox 2951 5328 3009 5363; x_wconf 88' lang='grc' dir='ltr'><strong>τε</strong></span> <span class='ocrx_word' id='word_1_819' title='bbox 3058 5311 3359 5380; x_wconf 87' lang='grc' dir='ltr'>γενόμενα,</span> <span class='ocrx_word' id='word_1_820' title='bbox 3408 5310 3718 5380; x_wconf 65' lang='grc' dir='ltr'>σημαντικά</span> 
     </span>
    </p>
   </div>
   <div class='ocr_carea' id='block_1_117' title="bbox 2147 5401 3714 5475">
    <p class='ocr_par' dir='ltr' id='par_1_117' title="bbox 2147 5401 3714 5475">
     <span class='ocr_line' id='line_1_117' title="bbox 2147 5401 3714 5475; baseline -0.002 -18"><span class='ocrx_word' id='word_1_821' title='bbox 2147 5405 2276 5457; x_wconf 85' lang='grc' dir='ltr'>ποτὲ</span> <span class='ocrx_word' id='word_1_822' title='bbox 2307 5404 2404 5475; x_wconf 80' lang='grc' dir='ltr'><strong>μὲν</strong></span> <span class='ocrx_word' id='word_1_823' title='bbox 2437 5405 2622 5457; x_wconf 88' lang='grc' dir='ltr'>κακῶν</span> <span class='ocrx_word' id='word_1_824' title='bbox 2645 5445 2659 5468; x_wconf 91' lang='grc'><strong>,</strong></span> <span class='ocrx_word' id='word_1_825' title='bbox 2702 5404 2833 5457; x_wconf 81' lang='grc' dir='ltr'>ποτὲ</span> <span class='ocrx_word' id='word_1_826' title='bbox 2861 5403 2904 5457; x_wconf 75' lang='grc' dir='ltr'>δ’</span> <span class='ocrx_word' id='word_1_827' title='bbox 2947 5401 3163 5471; x_wconf 87' lang='grc' dir='ltr'>ἀγαθῶν</span> <span class='ocrx_word' id='word_1_828' title='bbox 3208 5401 3470 5470; x_wconf 87' lang='grc' dir='ltr'>γίνεσθαι.</span> <span class='ocrx_word' id='word_1_829' title='bbox 3507 5402 3618 5466; x_wconf 82' lang='grc' dir='ltr'>Τὰς</span> <span class='ocrx_word' id='word_1_830' title='bbox 3656 5402 3714 5455; x_wconf 75' lang='grc' dir='ltr'>δὲ</span> 
     </span>
    </p>
   </div>
   <div class='ocr_carea' id='block_1_118' title="bbox 2146 5492 3711 5568">
    <p class='ocr_par' dir='ltr' id='par_1_118' title="bbox 2146 5492 3711 5568">
     <span class='ocr_line' id='line_1_118' title="bbox 2146 5492 3711 5568; baseline -0.001 -19"><span class='ocrx_word' id='word_1_831' title='bbox 2146 5496 2404 5560; x_wconf 86' lang='grc' dir='ltr'>Μούσας,</span> <span class='ocrx_word' id='word_1_832' title='bbox 2451 5496 2751 5568; x_wconf 89' lang='grc' dir='ltr'>θυγατέρας</span> <span class='ocrx_word' id='word_1_833' title='bbox 2798 5492 2935 5551; x_wconf 81' lang='grc' dir='ltr'>εἷναι</span> <span class='ocrx_word' id='word_1_834' title='bbox 2989 5495 3107 5558; x_wconf 86' lang='grc' dir='ltr'>Διὸς</span> <span class='ocrx_word' id='word_1_835' title='bbox 3165 5496 3257 5548; x_wconf 67' lang='grc' dir='ltr'>καὶ</span> <span class='ocrx_word' id='word_1_836' title='bbox 3313 5494 3711 5565; x_wconf 76' lang='grc' dir='ltr'>Μνημοσύνηςο</span> 
     </span>
    </p>
   </div>
   <div class='ocr_carea' id='block_1_119' title="bbox 2148 5585 3711 5660">
    <p class='ocr_par' dir='ltr' id='par_1_119' title="bbox 2148 5585 3711 5660">
     <span class='ocr_line' id='line_1_119' title="bbox 2148 5585 3711 5660; baseline -0.003 -19"><span class='ocrx_word' id='word_1_837' title='bbox 2148 5591 2291 5652; x_wconf 81' lang='grc' dir='ltr'>τινὲς</span> <span class='ocrx_word' id='word_1_838' title='bbox 2322 5589 2398 5651; x_wconf 86' lang='grc' dir='ltr'>δὲ,</span> <span class='ocrx_word' id='word_1_839' title='bbox 2436 5587 2677 5660; x_wconf 86' lang='grc' dir='ltr'>Οὑρανοῦ</span> <span class='ocrx_word' id='word_1_840' title='bbox 2730 5589 2826 5641; x_wconf 70' lang='grc' dir='ltr'><strong>καὶ</strong></span> <span class='ocrx_word' id='word_1_841' title='bbox 2858 5588 2984 5658; x_wconf 81' lang='grc' dir='ltr'>Γῆς.</span> <span class='ocrx_word' id='word_1_842' title='bbox 3017 5587 3322 5660; x_wconf 86' lang='grc' dir='ltr'>Παρθένους</span> <span class='ocrx_word' id='word_1_843' title='bbox 3352 5604 3411 5640; x_wconf 88' lang='grc' dir='ltr'><strong>τε</strong></span> <span class='ocrx_word' id='word_1_844' title='bbox 3461 5585 3628 5649; x_wconf 82' lang='grc' dir='ltr'>αὑτὰς</span> <span class='ocrx_word' id='word_1_845' title='bbox 3664 5587 3711 5637; x_wconf 76' lang='grc' dir='ltr'>οἱ</span> 
     </span>
    </p>
   </div>
   <div class='ocr_carea' id='block_1_120' title="bbox 2147 5679 3711 5752">
    <p class='ocr_par' dir='ltr' id='par_1_120' title="bbox 2147 5679 3711 5752">
     <span class='ocr_line' id='line_1_120' title="bbox 2147 5679 3711 5752; baseline -0.003 -17"><span class='ocrx_word' id='word_1_846' title='bbox 2147 5683 2388 5736; x_wconf 86' lang='grc' dir='ltr'>πλεῖστοι</span> <span class='ocrx_word' id='word_1_847' title='bbox 2444 5680 2831 5751; x_wconf 89' lang='grc' dir='ltr'>μυθολογοῦσι,</span> <span class='ocrx_word' id='word_1_848' title='bbox 2882 5684 3062 5752; x_wconf 87' lang='grc' dir='ltr'>τυχεῖν</span> <span class='ocrx_word' id='word_1_849' title='bbox 3096 5698 3151 5733; x_wconf 90' lang='grc' dir='ltr'><strong>τε</strong></span> <span class='ocrx_word' id='word_1_850' title='bbox 3207 5680 3304 5750; x_wconf 81' lang='grc' dir='ltr'>τῆς</span> <span class='ocrx_word' id='word_1_851' title='bbox 3342 5679 3711 5750; x_wconf 82' lang='grc' dir='ltr'>προσηγορίας</span> 
     </span>
    </p>
   </div>
   <div class='ocr_carea' id='block_1_121' title="bbox 2146 5769 3710 5836">
    <p class='ocr_par' dir='ltr' id='par_1_121' title="bbox 2146 5769 3710 5836">
     <span class='ocr_line' id='line_1_121' title="bbox 2146 5769 3710 5836; baseline -0.004 -8"><span class='ocrx_word' id='word_1_852' title='bbox 2146 5774 2254 5828; x_wconf 83' lang='grc' dir='ltr'>ἀπὸ</span> <span class='ocrx_word' id='word_1_853' title='bbox 2279 5772 2370 5827; x_wconf 87' lang='grc' dir='ltr'><strong>τοῦ</strong></span> <span class='ocrx_word' id='word_1_854' title='bbox 2408 5775 2561 5827; x_wconf 77' lang='grc' dir='ltr'>αυείν</span> <span class='ocrx_word' id='word_1_855' title='bbox 2600 5774 2723 5836; x_wconf 80' lang='grc' dir='ltr'>τοὺς</span> <span class='ocrx_word' id='word_1_856' title='bbox 2746 5772 3081 5836; x_wconf 76' lang='grc' dir='ltr'>ἀνθρώπους,</span> <span class='ocrx_word' id='word_1_857' title='bbox 3114 5772 3269 5825; x_wconf 86' lang='grc' dir='ltr'>τοῦτο</span> <span class='ocrx_word' id='word_1_858' title='bbox 3321 5771 3374 5824; x_wconf 82' lang='grc' dir='ltr'><strong>δέ</strong></span> <span class='ocrx_word' id='word_1_859' title='bbox 3418 5772 3529 5823; x_wconf 70' lang='grc' dir='ltr'>ἐστι</span> <span class='ocrx_word' id='word_1_860' title='bbox 3568 5769 3710 5823; x_wconf 77' lang='grc' dir='ltr'>διδά-</span> 
     </span>
    </p>
   </div>
  </div>
