3940 6380
232 331 315 385 109
1316 330 1634 385 PRASPAR.
1674 328 1928 385 EVANG.
1965 329 2095 385 LIB.
2142 332 2203 385 11.
3287 336 3388 389 HO

236 468 349 507 mw
380 448 435 503 τὰ
478 448 625 502 καλά.
675 451 808 520 Περὶ
850 451 906 505 δὲ
956 450 1048 503 τοῦ
1102 451 1431 522 Ἡρακλέους
1469 450 1723 521 Ἕλληνες
1752 451 1792 509 Α

1832 448 2128 503 mulacrnm
2165 451 2218 503 in
2252 450 2452 519 templo
2510 466 2881 508 consecrasse.
2921 453 2990 507 At
3042 453 3182 507 enim
3247 456 3388 525 apud

235 544 366 598 τοιαδε
391 540 738 612 φασίΔανάης
758 542 860 611 τῆς
891 544 1160 612 Ἀκρισίου
1190 545 1282 598 καὶ
1305 545 1443 607 Διὸς,
1475 544 1723 612 γενέσθαι

1829 539 2046 595 Grazeos
2078 557 2182 595 non
2213 549 2424 597 tantum
2461 543 2514 596 in
2540 542 2740 600 Bacchi
2771 545 2944 601 sacris
2987 554 3041 600 et
3072 546 3264 611 initiis,
3288 563 3385 602 ve-

238 634 416 706 Περτέα·
445 633 685 705 Περσέως
714 634 769 686 δὲ
793 637 886 687 καὶ
918 635 1289 706 Ἀνδρομέδας,
1325 634 1718 707 Ἠλεκτρύωνα·

1832 647 1949 685 rum
1974 640 2029 686 et
2063 633 2117 686 in
2161 635 2373 689 caeteris
2421 650 2637 705 quoque
2685 638 2940 692 omnibus
2995 637 3097 691 hoc
3144 640 3388 693 nummis

236 728 333 781 ἐκδὲ
360 725 520 778 τούτου
556 725 803 792 γενέσθαι
834 726 931 797 τὴν
969 727 1292 798 Ἀλκμήνην,
1391 726 1614 797 μιγέντα
1633 727 1722 780 τὸν

1827 739 2014 793 genus,
2057 725 2110 778 in
2160 725 2427 781 sacrificia
2464 742 2588 782 cum
2640 728 2751 783 risu
2808 745 2873 784 ac
2912 729 3053 799 jocis
3082 731 3383 795 inductum,

232 816 529 885 Αίαγεννῆσαι
552 817 642 868 τὸν
668 814 959 888 Ἡρακλέα.
981 818 1323 889 Μισγόμενον
1349 818 1406 871 δὲ
1438 818 1722 889 αὐτῇ,τρι-

1831 824 1971 867 certo
2025 814 2262 883 quodam
2333 817 2539 872 honore
2604 830 3028 889 prosequuntur.
3087 820 3387 880 Persimilis

227 911 433 963 πλασίονα
453 911 545 980 τὴν
559 909 728 963 νύκτα
753 911 995 980 ποιῆσαι·
1020 912 1187 981 μόνην
1203 928 1262 963 τε
1278 912 1480 981 ταύτην
1494 911 1587 963 τοῦ
1605 912 1722 974 Διὸς

1828 904 1951 959 huic
2003 903 2507 975 Hermaphroditus,
2536 909 2620 963 cui
2650 911 2795 978 quod
2840 908 3035 967 Hcrme
3071 921 3126 967 et
3166 912 3384 984 Aphro-

218 1004 292 1075 τήν
308 1003 509 1073 ὁμιλίαν,
538 1003 635 1055 οὐκ
658 1003 929 1074 ἐρωτικῆς
953 1003 1240 1073 ἐπιθυμίας
1266 1004 1426 1057 ἓνεκα
1446 1004 1717 1071 γενέσθαι,

1831 997 1951 1058 dite,
1992 997 2095 1053 hoc
2129 1008 2211 1052 est
2247 998 2514 1054 Mercurio
2565 1016 2629 1054 ac
2688 999 2893 1057 Venere
2920 1012 3070 1059 satus
3094 1015 3258 1071 esset,
3283 1005 3387 1061 hoc

215 1096 417 1167 καθάπερ
437 1096 522 1148 ἐπὶ
552 1093 663 1147 τῶν
701 1096 875 1150 ἄλλων
907 1096 1200 1163 γυναικῶν,
1232 1095 1368 1149 ἀλλὰ
1390 1096 1450 1150 τὸ
1471 1095 1719 1149 πλεῖστον

1828 1090 2058 1144 nominis
2088 1092 2345 1147 tribuere.
2393 1092 2471 1149 Ac
2525 1094 2773 1149 nonnulli
2818 1094 3035 1166 quidem
3076 1098 3235 1153 statis
3259 1100 3384 1169 qui-

211 1187 290 1257 τῆς
320 1186 631 1249 παιδοποιίας
672 1186 853 1257 χάριν.
874 1188 982 1257 Τὴν
1014 1187 1069 1240 δὲ
1104 1189 1278 1259 ’Ἦραν
1313 1185 1718 1257 ζηλοτυποῦσαν

1830 1181 2051 1237 busdam
2084 1185 2419 1253 temporibus
2468 1185 2630 1242 deum
2657 1187 2822 1241 istum
2857 1186 2997 1242 inter
3016 1188 3269 1245 homines
3298 1206 3386 1260 ap-

208 1280 588 1350 παρακατασχεῖν
634 1278 735 1347 μὲν
802 1278 1107 1349 Ἀλκμήνης
1149 1280 1247 1342 τὰς
1306 1279 1519 1343 ὠδῖνας,
1549 1276 1640 1332 τὸν
1659 1279 1718 1333 δὲ

1830 1292 2031 1347 parere,
2056 1279 2307 1348 virilique
2335 1280 2498 1335 simul
2547 1297 2611 1336 ac
2641 1280 2892 1336 muliebri
2934 1297 3066 1338 sexu
3108 1284 3386 1353 procreari

204 1370 431 1443 Εὐρυσθέα
456 1371 558 1441 πρὸ
585 1370 680 1423 τοῦ
736 1369 1067 1442 καθήκοντος
1106 1371 1297 1441 χρόνου
1336 1371 1472 1442 πρὸς
1506 1372 1565 1425 τὸ
1601 1371 1717 1440 φῶς

1826 1369 2062 1425 scribunt
2107 1390 2119 1426 :
2160 1372 2249 1425 alii
2310 1382 2520 1437 contra,
2579 1375 2724 1444 quod
2785 1375 3053 1445 ejusmodi
3104 1375 3382 1430 hominum

201 1464 398 1530 ἀγαγεῖν,
426 1462 512 1515 τοῦ
538 1462 665 1527 Διὸς
702 1462 1159 1535 προαγορεύοντος
1192 1463 1282 1516 τὸν
1315 1463 1716 1535 τεχθησόμενον

1829 1471 1970 1517 πως
1998 1478 2223 1532 perraro
2257 1464 2596 1535 contingant,
2624 1480 2721 1520 eos
2761 1466 2813 1520 in
2858 1465 3229 1536 prodigiorum
3265 1466 3385 1521 loco

199 1552 507 1623 κατ’ὲκείνην
553 1554 657 1625 τὴν
706 1554 923 1624 ἡμέραν
954 1552 1268 1623 βασιλεῦσαι
1300 1553 1392 1607 τοῦ
1442 1553 1717 1625 Περσιδῶν

1828 1557 2052 1624 habitos,
2098 1574 2187 1614 res
2220 1576 2612 1629 nonnunquam
2663 1562 2943 1626 adversas,
2978 1562 3270 1631 aliquando
3298 1579 3384 1617 se—

197 1647 363 1713 yévoug.
396 1646 642 1699 Τεκοῦσα
667 1646 722 1698 δὲ
768 1646 1066 1720 ’Δλκμήνη,
1117 1647 1395 1718 ἐξέθηκεν,
1450 1647 1525 1712 ὥς
1560 1666 1712 1718 φασι,

1828 1648 2022 1704 :undas
2050 1651 2417 1718 prmnuntiare
2442 1650 2756 1706 defendunt.
2786 1650 3048 1707 Praeterea
3090 1652 3270 1707 Musas
3292 1652 3384 1707 alii

196 1736 240 1789 τὸ
261 1735 448 1809 βρέφος,
478 1737 631 1807 φόϐῳ
662 1737 762 1807 τῆς
791 1737 985 1809 Ἥρας.
1041 1738 1152 1810 Τὴν
1212 1738 1269 1792 δὲ
1316 1737 1545 1808 Ἀθηνᾶν
1573 1742 1713 1807 ἀγα·
1744 1799 1752 1813 1

1829 1738 1961 1796 lovis
1991 1756 2055 1796 ac
2076 1740 2475 1813 Muemosynes,
2510 1743 2597 1796 alii
2621 1743 2755 1797 (ΖωΙὶ
2784 1743 3070 1812 Terraeque
3097 1744 3234 1798 tilias
3264 1760 3385 1798 esse

195 1799 369 1882 σθεῖσαν
390 1830 444 1882 τὸ
478 1799 917 1901 ῥρὲιροςίπεῖσαι
948 1799 1047 1901 τὴν
1074 1799 1249 1901 ’Ἦραν
1282 1799 1537 1902 ὑποσχεῖν
1566 1831 1713 1901 αὐτῷ
1744 1799 1751 1853 1

1824 1832 2033 1887 volunt:
2059 1834 2278 1889 easdem
2309 1799 2548 1905 virgines
2580 1834 2748 1891 fuisse
2771 1836 3014 1907 plerique
3038 1837 3380 1902 fabulantur,

196 1919 265 1990 τὴν
285 1919 450 1993 θηλήν.
475 1922 578 1974 Τοῦ
611 1922 674 1974 δὲ
700 1922 888 1986 παιδὸς
922 1923 1060 1991 ὑπὲρ
1096 1923 1192 1993 τὴν
1238 1924 1452 1994 ήλικίαν
1485 1924 1713 1995 βιαιότε-

1824 1920 2202 1993 Musarumque
2272 1926 2490 1979 nomine
2544 1927 2874 1996 appellatas,
2941 1928 3088 1997 quod
3135 1928 3380 1984 homines

190 2028 260 2083 ρον
284 2014 715 2084 ἐπισπασαμένου
764 2012 861 2083 τὴν
888 2011 1074 2083 θηλήν,
1107 2014 1140 2083 ή
1184 2014 1281 2083 μὲν
1308 2016 1455 2087 Ἥρα
1492 2015 1711 2086 διαλγή-

1826 2014 1962 2080 ipsos
1998 2017 2172 2083 μυεῖν,
2206 2015 2256 2068 id
2307 2024 2390 2070 est
2419 2016 2640 2070 honesta
2686 2016 2881 2072 docere
2922 2027 3264 2087 putarentur.
3304 2018 3382 2073 De

190 2121 297 2158 σασα
319 2107 371 2159 τὸ
395 2106 585 2176 βρέφος
618 2105 860 2176 ἔρριψεν·
898 2103 1095 2175 Ἀθηνᾶ
1109 2106 1165 2158 δὲ
1195 2108 1533 2177 κομισαμένη
1558 2108 1710 2173 αὐτὸ,

1826 2101 2043 2159 Hercule
2073 2114 2253 2160 autem
2296 2106 2349 2159 in
2382 2106 2527 2161 hunc
2552 2106 2663 2162 fere
2688 2108 2907 2163 modum
2941 2108 3111 2164 (ἔτωοί
3147 2110 3382 2179 loquun-

189 2199 262 2266 τὴν
283 2198 471 2268 μητέρα
500 2198 729 2268 τρέφειν
774 2196 1228 2268 παρεκελεύσατο.
1276 2198 1429 2252 Μετὰ
1456 2200 1513 2253 δὲ
1541 2201 1712 2253 ταῦτα

1821 2205 1921 2251 tur.
1950 2194 2210 2252 Perseum
2241 2198 2461 2267 quidem
2494 2213 2561 2253 ex
2596 2198 2729 2255 Jove
2767 2211 2819 2255 et
2846 2200 3026 2255 Danae
3053 2201 3251 2257 Acrisii
3272 2203 3377 2257 ﬁlia

187 2289 209 2358 ή
235 2288 318 2357 μὲν
346 2289 477 2360 Ἦρα
507 2289 599 2341 δύο
638 2289 938 2362 δράκοντας
966 2289 1247 2342 ἀπέστειλε
1266 2329 1281 2352 ,
1340 2292 1465 2354 τοὺς
1507 2292 1712 2346 ἀναλώ-

1821 2298 2179 2357 procreatum,
2224 2288 2602 2361 Electryonem
2661 2307 2725 2347 ex
2784 2293 3126 2348 Andromeda
3188 2309 3377 2350 susce-

183 2396 337 2445 αοντας
360 2382 414 2435 τὸ
461 2382 687 2454 βρέφος,
733 2384 761 2435 ό
820 2382 876 2435 δὲ
904 2383 1030 2444 παῖς
1065 2381 1125 2433 οὐ
1160 2383 1549 2453 καταπλαγεὶς,
1585 2387 1711 2440 ἐκα-

1821 2380 1978 2449 pisse,
2012 2380 2105 2449 qui
2135 2379 2454 2435 Alcmenam
2506 2391 2691 2451 postea
2739 2383 2985 2451 genuerit
3016 2398 3029 2434 :
3063 2384 3377 2438 Alcmenam

188 2474 287 2544 τέρᾳ
310 2474 399 2526 τῶν
451 2476 657 2546 χειρῶν
703 2476 794 2529 τὸν
824 2478 1026 2547 αὐχένα
1055 2478 1247 2547 θλίψας
1290 2477 1554 2543 ἀπέπνιξε
1587 2479 1711 2543 τοὺς

1824 2469 2091 2538 reroJovi,
2124 2473 2216 2543 qui
2252 2482 2465 2529 noctem
2502 2475 2555 2528 in
2593 2490 2694 2530 suo
2722 2476 3007 2545 complexu
3053 2492 3176 2531 cum
3204 2476 3380 2533 tribus

181 2566 448 2637 δράκοντας.
482 2569 673 2640 Ἀνδρὶ
696 2568 753 2621 δὲ
784 2570 1056 2641 γενομένῳ
1080 2570 1158 2640 τῷ
1187 2568 1475 2641 Ἠρακλεῖ,
1531 2569 1709 2642 Εὐρυ-

1819 2564 2058 2619 noctibus
2085 2575 2413 2636 aequaverat,
2442 2566 2721 2623 Herculem
2747 2570 3043 2639 peperisse.
3079 2569 3145 2623 Et
3160 2571 3375 2640 quidem

188 2657 322 2720 σθεῦς
347 2659 470 2729 ea,»
497 2660 787 2730 βασιλείαν
827 2661 964 2732 ἔχων
994 2662 1090 2733 τῆς
1132 2662 1401 2730 Ἀργείας,
1446 2662 1711 2733 προστάτ-

1820 2656 1986 2711 solum
2023 2657 2171 2712 hunc
2193 2674 2257 2713 ex
2285 2660 2540 2714 omnibus
2587 2659 2737 2716 Jovis
2764 2677 3143 2732 congressum,
3174 2678 3282 2718 non
3310 2680 3376 2719 ex

183 2764 251 2801 τει
276 2748 435 2813 ἄθλους
450 2750 671 2804 τελέσαι
699 2750 925 2804 δώδεκα.
955 2752 1046 2815 Εἰς
1076 2752 1272 2823 πολλὴν
1301 2753 1359 2806 δὲ
1400 2753 1709 2825 ἀμηχανίαν

1822 2748 2073 2801 amatoria
2100 2750 2355 2817 cupidine
2379 2759 2438 2804 ut
2465 2761 2709 2819 caeteros,
2736 2754 2936 2823 quibus
2958 2770 3071 2809 rem
3102 2772 3224 2810 cum
3256 2756 3378 2810 aliis

178 2845 453 2913 ἐμπεσόντος
482 2847 680 2909 αὐτοῦ,
716 2848 864 2918 Ἦρα
896 2846 993 2917 μὲν
1024 2846 1268 2917 ἔπεμψεν
1293 2846 1443 2917 αὐτῷ
1471 2845 1672 2900 λύσσαν
1690 2864 1703 2877 ·

1821 2837 2131 2893 mulieribus
2162 2839 2447 2905 habuerat,
2490 2842 2581 2897 sed
2624 2858 2692 2897 ex
2739 2844 3000 2914 singulari
3034 2846 3267 2916 quadam
3315 2863 3377 2901 ac

174 2937 198 2988 ὁ
224 2937 341 3009 δὲτῇ
364 2937 498 3009 ψυχῇ
530 2938 847 3009 δυσφορῶν,
866 2941 943 3003 εἰς
980 2940 1175 3011 μανίαν
1208 2939 1452 2993 ἐνέπεσε·
1484 2938 1577 2993 τοῦ
1608 2940 1711 2994 πά-

1816 2929 2077 2998 przecipua
2124 2932 2485 3002 suscipiendae
2513 2934 2720 2991 sobolis
2745 2936 3038 3006 cupiditate
3074 2938 3372 3008 profectum

175 3026 277 3092 θους
299 3030 348 3083 δὲ
374 3031 765 3103 αὐξανομένου,
799 3032 907 3085 τῶν
932 3032 1142 3105 φρενῶν
1197 3032 1354 3097 ὲκτδς
1395 3032 1703 3103 γενόμενος,

1820 3035 1947 3074 esse.
1967 3020 2035 3075 At
2060 3020 2201 3078 Juno
2231 3024 2492 3097 zelotypia
2528 3026 2783 3097 ﬂagrans,
2826 3045 2948 3084 cum
2982 3029 3171 3084 Jovem
3200 3031 3376 3086 diser-

173 3119 243 3175 τὸν
270 3123 461 3195 ἑταῖρον
484 3126 579 3178 καὶ
608 3122 924 3193 ἀδελφιδοῦν
969 3124 1165 3176 Ἰόλαον
1203 3121 1526 3193 ὲπεϐόιλλετο
1557 3122 1703 3175 κτεί-

1820 3119 1861 3165 te
1903 3111 2005 3182 55
2050 3115 2433 3182 praedicantem
2492 3118 2777 3184 audiisset,
2821 3119 3065 3175 futurum
3097 3130 3159 3176 ut
3186 3122 3281 3192 qui
3310 3138 3376 3177 eo

172 3231 279 3278 νειν,
303 3216 385 3269 τοῦ
412 3218 467 3271 δὲ
492 3217 817 3286 φεύγοντος,
846 3216 971 3280 τοὺς
1007 3216 1168 3280 ἰδίους
1195 3216 1389 3279 παῖδας
1432 3216 1497 3268 ὲκ
1524 3216 1708 3284 Μεγά-

1814 3203 1893 3258 rlie
1941 3214 2272 3269 nasceretur.
2317 3208 2364 3263 is
2404 3208 2748 3267 Persidarum
2796 3214 2982 3284 generi
3039 3216 3370 3285 imperaret,

170 3322 267 3377 ρας,
286 3307 374 3378 τῆς
389 3309 663 3381 Κρέοντος
682 3308 778 3361 τοῦ
800 3306 1059 3377 βασιλέως
1082 3308 1370 3379 θυγατρὸς,
1388 3307 1706 3379 γενομένους

1820 3294 2077 3352 Alcmena:
2105 3309 2259 3367 partu
2285 3300 2378 3370 qui
2408 3311 2653 3358 maturus
2685 3304 2797 3375 jam
2822 3315 2937 3361 erat
2987 3305 3241 3372 inhibito,
3274 3306 3376 3361 En-

169 3398 288 3468 εὐτῴ
310 3402 689 3468 κατετόξευσεν
737 3400 811 3465 ὡς
862 3401 1171 3472 πολεμίους.
1204 3400 1314 3454 Καὶ
1340 3400 1477 3468 μετὰ
1534 3400 1705 3454 ταῦτα

1816 3390 2083 3459 rystheum
2114 3391 2167 3447 in
2197 3393 2372 3448 lucem
2397 3406 2520 3449 ante
2542 3395 2843 3465 legitimum
2872 3399 3128 3453 nascendi
3157 3408 3372 3470 tempus

167 3490 314 3562 ἡρέμα
338 3495 612 3558 καταστὰς
639 3496 909 3564 ὑπουργεί
931 3492 1007 3563 τῷ
1052 3492 1321 3565 Εὐρυσθεῖ
1345 3492 1470 3555 τοὺς
1497 3492 1703 3547 δώδεκα

1814 3480 2009 3537 eduxit.
2037 3481 2178 3550 Quin
2207 3485 2370 3539 etiam
2409 3486 2667 3542 Alcmena
2696 3486 2929 3544 Junonis
2988 3500 3133 3545 metu
3185 3493 3370 3548 subla-

166 3582 339 3648 ἁθλους.
381 3587 630 3658 Ἀναιρεῖ
680 3586 739 3639 δὲ
777 3588 871 3640 καὶ
902 3587 1027 3649 τοὺς
1074 3585 1437 3657 Κενταύρους,
1481 3584 1597 3656 μεθ’
1627 3579 1702 3639 ὧν

1816 3579 1918 3625 tum
1948 3570 2209 3629 infantem
2232 3576 2487 3644 exposuit
2512 3593 2525 3642 ;
2559 3576 2737 3632 Pallas
2769 3588 2949 3634 autem
3005 3581 3250 3650 ejusdem
3274 3583 3372 3637 ad-

166 3674 372 3747 Χείρωνα
404 3680 493 3733 τὸν
515 3682 613 3733 ἐπὶ
668 3682 736 3751 τῇ
772 3680 987 3751 ἰατρικῇ
1020 3677 1310 3750 βοώμενον.
1329 3678 1463 3732 Φασὶ
1482 3678 1539 3732 δὲ
1574 3678 1702 3733 ἴδιόν

1814 3663 2093 3720 miratione
2118 3676 2294 3735 capta,
2330 3665 2596 3722 Junouem
2644 3670 2816 3739 ipsam
2867 3681 3262 3741 ut,mammam
3295 3674 3370 3729 illi

166 3771 466 3840 τισυμϐἧναι
499 3772 648 3826 κατὰ
673 3773 774 3843 τὴν
811 3772 1018 3841 γένεσιν
1054 3770 1208 3824 τοῦδε
1259 3769 1355 3823 τοῦ
1391 3769 1537 3824 θεοῦ.
1571 3773 1703 3834 Ζεὺς

1811 3754 2082 3824 praeberet,
2148 3758 2392 3822 adduxit,
2446 3775 2611 3830 quam
2660 3762 2752 3816 ubi
2790 3763 3167 3820 vehementius
3205 3782 3367 3836 quam

164 3858 247 3929 γὰρ
272 3859 451 3933 πρώτῃ
478 3862 581 3931 μὲν
603 3862 770 3932 ἐμίγη
792 3861 1011 3929 γυναικὶ
1049 3860 1217 3931 θνητῇ
1246 3859 1418 3933 Νιόϐῃ
1440 3862 1504 3929 τῇ
1528 3862 1702 3931 Φορω·

1816 3856 1932 3902 etas
1988 3847 2130 3904 ferre
2180 3849 2462 3907 videbatur
2490 3851 2672 3909 infans
2720 3855 3057 3922 attraxisset,
3106 3855 3251 3913 Juno
3271 3856 3372 3913 do»

162 3948 286 4013 νέας,
308 3953 503 4023 ἐσχάτῃ
527 3952 608 4011 δὲ.
640 3952 920 4025 Ἀλκμήνῃ
945 3954 1011 4023 τῇ
1035 3950 1127 4004 τοῦ
1153 3950 1481 4022 Ἡρακλέους
1512 3950 1695 4021 μητρί.

1811 3937 1932 3993 loris
1961 3938 2247 4009 impatiens
2270 3956 2393 3996 eum
2428 3944 2678 4014 proiecit,
2700 3943 2879 4001 Pallas
2903 3962 3032 4002 vero
3055 3957 3367 4019 susceptum

164 4037 336 4112 Ταύτην
366 4042 421 4094 δὲ
448 4043 561 4096 ἀπὸ
584 4040 792 4111 Νιόϐης
835 4040 1229 4111 ἑκκαιδεκάτην
1266 4039 1693 4109 γενεαλογοῦσιν,

1814 4039 1861 4085 ut
1886 4039 2060 4088 mater
2093 4034 2258 4089 aleret
2287 4051 2384 4091 sua
2409 4035 2786 4093 adhortatione
2809 4038 3055 4108 perfecit.
3075 4039 3184 4097 Nec
3201 4043 3370 4096 multo

170 4131 237 4185 Ἐν
261 4134 417 4207 ταᾶτῃ
439 4134 499 4188 δὲ
530 4136 634 4205 τὴν
681 4134 816 4206 πρὸς
874 4134 972 4198 τὰς
1002 4133 1198 4205 θνητὰς
1218 4135 1431 4206 ὁμιλίαν
1474 4132 1699 4189 κατέλυ-

1812 4132 1925 4194 post
1950 4126 2198 4197 geminos
2234 4129 2501 4187 dracones
2554 4131 2649 4203 qui
2699 4133 2989 4203 puerulum
3041 4136 3368 4207 deglutirent

161 4240 245 4280 σιν.
284 4228 433 4282 Ἀλλὰ
455 4229 570 4299 γὰρ
594 4228 816 4292 τελέσας
837 4230 963 4292 τοὺς
1002 4227 1195 4292 ἄθλους
1216 4232 1245 4282 ό
1279 4228 1571 4301 Ἡρακλῆς,
1599 4229 1698 4300 τὴν

1811 4213 1940 4271 Iuno
1966 4220 2255 4275 summittit
2282 4237 2297 4273 :
2334 4232 2387 4277 at
2416 4222 2503 4278 ille
2553 4224 2688 4279 nihil
2735 4225 2957 4282 territus
2984 4227 3213 4284 alterum
3244 4228 3367 4285 dex-

163 4319 237 4385 μὲν
268 4322 446 4375 ἑαυτοῦ
493 4324 732 4389 γυναῖκα
787 4321 1045 4393 Μεγάραν
1096 4320 1406 4392 συνῴκησεν
1445 4321 1581 4393 Ἰόλᾳ
1620 4320 1697 4393 τῷ

1806 4314 1933 4375 tera,
1968 4308 2185 4365 sinistra
2216 4312 2444 4368 alterum
2473 4314 2608 4369 eliso
2645 4324 2861 4386 gutture
2884 4317 3186 4375 suﬂ‘ocavit.
3225 4319 3362 4376 Cum

158 4409 393 4483 ἀδελφιδῷ,
425 4413 518 4467 διὰ
552 4413 653 4485 τὴν
681 4414 808 4484 περὶ
834 4412 901 4465 τὰ
926 4413 1093 4468 τέκνα
1113 4413 1415 4485 συμφοράν.
1438 4413 1609 4477 Αὐτὸς
1638 4413 1695 4466 δὲ

1808 4408 1979 4456 autem
2032 4402 2243 4459 virilem
2303 4403 2561 4462 Hercules
2622 4416 2833 4464 aetatem
2901 4412 3190 4483 attigisset,
3253 4411 3364 4467 Eu-

167 4502 304 4572 Ἰόὶην
329 4507 421 4577 τὴν
448 4483 702 4578 Εὐρύτου
892 4506 1067 4576 γάμον
1096 4483 1345 4575 αἰτήσας,
1403 4505 1476 4577 μὴ
1517 4486 1723 4569 δόντοςί

1808 4496 2053 4568 rystheus
2076 4498 2169 4569 qui
2200 4508 2314 4554 tum
2348 4500 2508 4575 Argis
2539 4502 2857 4572 imperabat,
2894 4507 3189 4562 certamina
3222 4508 3364 4566 duo-

158 4590 205 4647 δὶ
226 4595 301 4650 τοῦ
325 4600 528 4671 πατρὸς
556 4599 810 4669 νοσήσας,
842 4596 1087 4668 χρησμὸν
1134 4596 1402 4667 λαμϐάνει
1425 4596 1694 4669 ἀπολυθή-

1810 4588 1975 4643 decim
2003 4589 2050 4644 ei
2082 4590 2415 4646 conficienda
2449 4595 2770 4662 praescribit,
2800 4612 3037 4669 eumque
3061 4637 3078 4666 ,
3114 4599 3244 4654 dum
3288 4599 3366 4654 in-

161 4688 310 4740 σεσθαι
342 4691 438 4761 τῆς
462 4689 652 4755 νόσου,
678 4691 725 4741 εἰ
773 4689 1032 4760 πρότερον
1062 4688 1290 4761 πραθεὶς
1338 4687 1689 4743 δουλεύσειεν.

1807 4680 1941 4749 genti
1964 4694 2144 4734 rerum
2165 4680 2478 4737 difﬁcultate
2519 4686 2715 4741 anxius
2767 4701 2831 4743 ac
2867 4690 3214 4759 perturbatus
3250 4690 3363 4748 he-

159 4778 361 4846 Πλεύσας
387 4780 482 4836 οῦν
515 4786 599 4846 είς
623 4783 721 4853 τήν
778 4782 1014 4853 Φρυγίαν
1065 4783 1169 4837 ὑπό
1195 4799 1335 4847 τινος
1390 4782 1495 4836 τῶν
1523 4783 1691 4853 φίλων

1810 4779 1898 4835 ret,
1935 4771 2182 4828 immisso
2212 4770 2396 4829 furore
2435 4772 2578 4831 Juno
2616 4777 2683 4832 de
2726 4780 2925 4835 mentis
2970 4790 3237 4851 potestate
3269 4782 3366 4838 de-

158 4876 512 4942 τιπρὰσκεται,
529 4874 628 4926 καὶ
640 4872 825 4938 δοῦλος
850 4874 1057 4943 γίνεται
1074 4873 1353 4945 Ὀμφάλης
1375 4874 1687 4945 βασιλευούο

1808 4862 1932 4929 iicit.
1973 4862 2115 4934 Ergo
2139 4866 2189 4919 vi
2228 4866 2402 4921 morbi
2441 4868 2682 4924 animum
2728 4869 2781 4926 in
2812 4872 2928 4927 dies
2955 4872 3117 4928 altius
3166 4889 3364 4944 perva-

160 4976 236 5032 στπς
258 4966 351 5018 τῶν
398 4968 522 5020 τότε
566 4967 843 5029 Μαιόνων,
886 4968 1003 5020 νυνὶ
1046 4967 1102 5020 δὲ
1133 4966 1317 5021 Λυδῶν
1364 4967 1693 5038 ὀνομαζομέ-

1809 4956 1979 5023 dente,
2003 4973 2124 5012 cum
2158 4958 2271 5029 jam
2324 4961 2535 5016 nullum
2576 4965 2811 5035 amplius
2859 4965 3090 5021 rationis
3139 4982 3365 5023 sensum

158 5070 252 5109 νων.
272 5060 473 5115 Γίνεται
501 5062 565 5115 δὲ
586 5061 731 5131 αὐτῷ
756 5060 889 5113 κατὰ
915 5060 1003 5114 τὸν
1032 5060 1127 5131 τῆς
1155 5059 1393 5123 δουλείας
1417 5060 1603 5132 καιρὸν
1629 5062 1693 5113 ὲκ

1812 5050 2043 5116 haberet,
2106 5051 2312 5107 socium
2382 5068 2447 5108 ac
2494 5064 2743 5125 nepotem
2792 5055 3006 5111 Jolaum
3060 5057 3368 5115 interficere

158 5146 309 5223 δούλης
352 5153 467 5216 υίὸς
519 5149 807 5215 Κλεόλαος.
862 5153 1049 5223 Γήμας
1106 5151 1163 5205 δὲ
1216 5152 1314 5223 τήν
1388 5151 1688 5223 Ὀμφάλην,

1904 5151 2047 5210 atus,
2081 5158 2316 5214 cumque
2345 5145 2392 5199 is
2416 5161 2537 5202 sese
2568 5146 2692 5217 fuga
2741 5146 3113 5216 subduxisset,
3160 5150 3364 5207 liberos
3451 5208 3455 5215 ,

160 5245 347 5296 ποιεῖται
397 5245 497 5297 καὶ
528 5243 591 5310 ἐξ
615 5244 778 5314 αὐτῆς
808 5242 1017 5306 παῖδας.
1068 5242 1329 5296 Ἐπανιὼν
1360 5243 1416 5295 δὲ
1468 5245 1547 5307 εἰς
1592 5242 1689 5314 τὴν

1900 5250 1911 5288 ε
1960 5250 2089 5291 suos
2128 5252 2194 5292 ex
2222 5235 2435 5307 Megara
2487 5240 2735 5294 Creontis
2766 5239 2910 5310 regis
2936 5240 3365 5313 ﬁliarsusceptoe
3437 5243 3456 5293 μ’

170 5327 441 5399 Ἀρκαδίαν,
472 5336 576 5388 καὶ
597 5333 900 5397 καταλύσας
927 5332 1078 5402 παρὰ
1119 5331 1241 5404 Λεῷ
1280 5331 1388 5403 (54)
1418 5332 1494 5401 τῷ
1537 5332 1689 5402 βασι-

1904 5336 2161 5397 tanquam
2222 5330 2406 5385 hostes
2447 5330 2659 5400 sagittis
2708 5330 2964 5387 confecit.
3022 5331 3211 5389 Postea
3257 5336 3365 5389 sibi
3421 5338 3437 5411 _l

158 5416 315 5493 λεί,τῇ
342 5425 585 5496 θυγατρὶ
635 5426 818 5480 τούτου
864 5425 1038 5496 λάθρα
1072 5424 1270 5495 μιγεὶς,
1321 5424 1413 5476 καὶ
1460 5424 1689 5494 ποιήσας

1806 5422 2056 5490 paulatim
2106 5423 2383 5491 mentique
2434 5421 2677 5477 redditus
2703 5437 2836 5490 sum,
2867 5439 2933 5480 ex
2973 5424 3253 5496 imperatis
3293 5429 3362 5482 ab

162 5511 294 5583 αὑτὴν
317 5516 535 5583 ἔγκυον,
596 5517 876 5586 ἐπανῆλθε.
936 5517 1046 5569 Καὶ
1108 5514 1249 5587 μετὰ
1300 5514 1471 5569 ταῦτα
1527 5514 1688 5568 πάλιν

1811 5513 2100 5585 Eurystheo
2128 5514 2518 5571 certaminibus
2550 5515 2836 5571 duodecim
2868 5519 3043 5574 victor
3068 5520 3260 5583 evasit,
3297 5535 3367 5574 ac

161 5602 297 5674 ἔγημε
326 5609 651 5679 Δηῑάνειραν
694 5608 790 5678 τὴν
820 5609 1020 5671 Οἰνέως
1040 5647 1055 5672 ,
1100 5607 1542 5679 τετελευτηκότος
1586 5606 1685 5678 ήδη

1806 5616 2085 5663 centauros
2113 5607 2401 5679 ipsumque
2429 5608 2568 5664 adeo
2593 5607 2887 5664 Chironem
2918 5610 3198 5666 medicina
3241 5620 3362 5666 arte

214 5719 308 5789 (54)
342 5724 481 5789 Αεῷ,
531 5723 773 5787 Diodor.,
788 5740 919 5849 fpag.
946 5725 1052 5780 2'59
1077 5723 1341 5795 ι),”Αλεῳ,
1371 5734 1535 5781 recte.
1563 5721 1701 5783 Vide
1728 5722 2054 5783 Pausaniam
2084 5726 2139 5783 in
2168 5726 2461 5794 Arcadicia,
2502 5743 2554 5798 ρ.
2588 5726 2714 5795 959,
2759 5728 2850 5787 ubi
2878 5728 2945 5786 de
2978 5731 3079 5787 hoc
3110 5728 3368 5807 Herculis

215 5794 326 5849 ttitio
351 5794 620 5849 pluribus.
651 5797 763 5849 Alei
825 5796 907 5849 liae
938 5810 1155 5849 nomen.
1183 5793 1353 5849 Δύγη.
2374 5840 2411 5849 _

162 5786 326 5859 ﬂagitio
351 5786 620 5865 pluribus.
651 5786 768 5850 Alei
788 5786 907 5851 lilii:
938 5786 1155 5861 nonten,
1183 5786 1362 5865 Abin.
2258 5852 2261 5855 λ
2302 5869 2309 5874 ,
2374 5840 2411 5869 ο
