3940 6380
572 337 672 391 ιιι

1222 335 1490 391 ΕΕΞΕΒΠ
1524 332 2008 390 (ἰᾸΞΞΑΒΙΕΝΒΙδ
2041 333 2140 388 0P1

2243 333 2409 391 rans
2436 333 2500 390 n.
2535 366 2605 378 --
2636 306 3133 395 numeranda.
3662 353 3747 409 in

548 460 852 531 {ﬂorentem
887 458 1103 513 occidit.
1137 458 1401 513 Caeterum
1423 500 1436 522 ,
1476 457 1746 527 peculiare
1771 471 1833 512 ac
1868 457 2140 526 singulare

2244 457 2335 509 τοῦ
2366 457 2705 529 Μελεάγρου.
2734 457 2926 513 Λαϐὼν
2976 458 3032 512 δὲ
3085 457 3418 528 αἰχμάλωτον
3447 461 3536 532 τὴν
3566 465 3748 533 Φυλέως

570 550 846 622 quidpiam
873 548 1039 620 hujus
1071 551 1124 604 iu
1158 551 1400 604 numinis
1443 549 1817 618 procreatione
1846 549 2137 617 contigisse

558 632 827 717 fnarrant:
870 641 1089 711 quippe,
1118 639 1307 696 Jovem
1336 640 1506 703 enim,
1537 649 1598 694 ut
1631 655 1752 694 cum
1780 637 1952 693 Niobe
1994 638 2138 693 Pho-

572 735 719 791 τοιιεὶ
752 735 859 788 tilia
916 735 1227 788 mortalium
1273 734 1518 787 omnium
1563 733 1847 787 mulierum
1875 732 2135 801 principe,

570 830 645 885 ita
672 843 793 882 cum
821 827 1074 881 Alcmena
1096 825 1340 879 Herculis
1359 835 1580 894 parente
1600 825 1845 879 omnium
1866 832 2137 892 postrema

571 935 685 973 rem
722 919 997 982 habuisse,
1047 926 1101 971 et
1154 918 1206 970 in
1250 932 1334 982 ea,
1366 933 1528 986 quam
1566 924 1689 985 post
1737 914 1944 969 Nioben
1989 914 2137 968 deei—

571 1026 716 1065 mam
764 1019 970 1065 sextam
1026 1010 1392 1079 generationis
1416 1009 1603 1063 ordine
1634 1015 1942 1071 numerant,
1977 1005 2137 1059 ﬁnem

570 1118 692 1158 cum
731 1101 1049 1156 mortalibus
1104 1098 1486 1169 congrediendi
1547 1097 1763 1152 fecisse.
1792 1096 1985 1161 Porro,
2014 1112 2136 1150 cum

569 1207 600 1246 c
631 1192 744 1246 suis
774 1192 879 1245 illis
902 1190 1336 1260 expeditionibus
1382 1190 1555 1244 victor
1583 1187 1840 1243 Hercules
1870 1189 2137 1253 rediisset,

567 1281 840 1349 Megaram
867 1296 1113 1345 uxorem,
1164 1282 1233 1335 ob
1258 1280 1510 1334 acerbam
1545 1280 1862 1337 liberorum,
1892 1294 2030 1349 quos
2053 1279 2139 1332 illa

569 1374 673 1428 sibi
708 1383 991 1443 pepererat
1028 1374 1416 1433 calamitatem,
1468 1372 1817 1427 matrimonio
1844 1387 1967 1426 cum
1996 1371 2139 1427 lolao

568 1479 765 1535 nepOte
794 1465 1117 1535 conjunxit:
1151 1466 1265 1534 ipse
1295 1479 1425 1519 vero
1465 1480 1589 1519 cum
1625 1464 1918 1533 expetitum
1948 1467 2016 1519 ad
2040 1480 2142 1519 nu-

569 1560 711 1629 ptias
735 1557 881 1614 Iolen
912 1558 979 1612 ab
998 1555 1202 1628 Euryto
1230 1565 1382 1626 patre
1414 1571 1523 1611 non
1552 1556 1887 1625 impetraret,
1923 1557 1977 1610 in
2003 1572 2143 1612 mor-

568 1652 697 1707 bum
718 1652 928 1718 incidit,
955 1666 1064 1722 quo
1097 1650 1169 1704 ita
1195 1648 1413 1703 demum
1434 1663 1493 1704 se
1519 1648 1803 1702 liberatum
1829 1649 1892 1702 iri
1919 1664 1985 1704 ex
2018 1665 2142 1704 ora-

574 1746 696 1800 culo
724 1745 991 1816 intelligit,
1044 1745 1089 1799 si
1126 1742 1277 1813 prius
1312 1758 1434 1798 sese
1473 1742 1857 1798 venumdatum
1897 1744 2143 1797 volunta-

572 1841 668 1894 ria
694 1839 940 1894 servituti
995 1837 1350 1906 maneiparet.
1400 1835 1569 1905 Igitur
1591 1836 1645 1890 in
1680 1835 1966 1907 Phrygiam
1998 1838 2143 1891 navi-

572 1933 787 2002 gatione
826 1938 1099 2000 suscepta,
1135 1928 1203 1984 ab
1232 1945 1343 1983 uno
1372 1927 1610 1999 quodam
1632 1944 1699 1983 ex
1728 1931 1917 1985 amicis
1951 1931 2140 1984 vendi-

572 2039 683 2089 tus,
736 2021 1037 2092 Omphalen
1086 2035 1297 2087 eorum,
1352 2020 1445 2090 qui
1496 2030 1607 2074 tum
1656 2021 1875 2091 quidem
1914 2021 2142 2077 Mreoues

569 2115 928 2179 vocabantur,
971 2129 1116 2168 nunc
1176 2129 1306 2167 vero
1360 2111 1637 2183 Lydorum
1692 2128 1886 2167 nomen
1918 2114 2139 2180 habent,

571 2206 813 2277 reginam
839 2204 1114 2261 dominam
1167 2204 1393 2259 sortitus
1445 2212 1566 2261 est:
1603 2218 1669 2259 ac
1715 2206 1951 2273 primum
1981 2206 2144 2260 servi-

572 2301 704 2354 tutis
736 2314 848 2353 sua:
876 2307 1114 2368 tempore
1132 2296 1300 2350 ﬁlium
1331 2312 1397 2351 ex
1437 2296 1633 2352 ancilla
1663 2297 1895 2366 quadam
1939 2297 2140 2368 genuit,

573 2390 795 2445 nomine
840 2388 1308 2455 Cleolaum;mox
1363 2388 1453 2442 ubi
1503 2385 1802 2459 Omphalen
1852 2390 2024 2451 ipsam
2087 2391 2141 2445 in

573 2479 681 2550 56
718 2480 1005 2549 coniugem
1031 2480 1298 2544 duxisset,
1353 2478 1554 2533 liberos
1584 2494 1650 2533 ex
1680 2495 1740 2535 ea
1775 2496 1990 2549 quoque
2020 2498 2144 2538 sus-

570 2571 732 2640 cepit.
796 2569 922 2625 lnde
964 2572 1192 2641 repetita
1224 2569 1476 2633 Arcadia,
1512 2581 1867 2641 posteaquam
1893 2572 1981 2627 Lei
2008 2576 2147 2642 regis

571 2662 760 2723 tiliam,
797 2677 827 2715 a
861 2676 969 2730 quo
995 2669 1254 2731 exceptus
1278 2661 1518 2731 hospitio
1559 2658 1755 2727 fuerat,
1808 2664 2146 2718 clandestino

570 2753 861 2808 concubitu
884 2753 1162 2822 gravidam
1193 2751 1483 2819 effecisset,
1511 2754 1769 2809 continuo
1806 2756 1981 2809 rediit.
2009 2755 2144 2810 Tum

569 2844 837 2899 exstincto
893 2844 1006 2913 iam
1072 2842 1341 2914 Meleagro
1390 2842 1701 2913 Deianiram
1757 2842 1924 2899 ΟΕηεί
1982 2845 2145 2901 tiliam

572 2950 797 2990 uxorem
823 2935 992 3001 ducit,
1030 2934 1281 3006 idemque
1311 2936 1654 3005 postmodum
1684 2951 1808 2991 cum
1837 2936 2019 3007 Phylei
2045 2952 2147 2991 cu-

566 3026 785 3096 iusdam
835 3027 966 3093 tilia,
1022 3042 1186 3095 quam
1220 3027 1361 3081 bello
1419 3036 1654 3097 ceperat,
1686 3028 2052 3096 congreditur,
2079 3042 2145 3082 ex

568 3134 740 3189 eaque
798 3117 1172 3187 Tlepolemum
1230 3126 1473 3187 generat.
1553 3118 1690 3172 Cum
1760 3128 1941 3172 autem
2001 3122 2216 3214 apudC

568 3211 814 3265 (lineam
847 3210 1139 3279 aliquando
1192 3218 1454 3274 cenaret,
1509 3224 1655 3275 eum,
1689 3210 1779 3279 qui
1806 3224 2008 3264 mensre
2038 3211 2142 3264 mi-

572 3303 860 3366 nistrabat,
930 3301 1075 3371 quod
1127 3300 1310 3356 nescio
1363 3301 1493 3371 quid
1550 3302 1852 3355 ministerio
1894 3302 2144 3358 obeundo

573 3402 870 3464 peccasset,
916 3410 1094 3464 pugno
1151 3408 1473 3463 percussum
1534 3394 1825 3448 interemit.
1856 3393 2142 3463 Praeterea,

571 3504 695 3543 eum
719 3488 908 3543 itinere
932 3496 1186 3556 suscepto
1208 3487 1275 3541 ad
1298 3485 1539 3540 Evenum
1566 3484 1787 3540 ﬂuvium
1806 3488 2142 3554 accessisset,

569 3576 802 3632 Nessum
844 3577 913 3631 ibi
971 3586 1293 3632 centaurum
1325 3576 1571 3640 offendit,
1620 3577 1713 3645 qui
1741 3578 1976 3632 viatores
2011 3593 2145 3632 mer-

570 3667 702 3722 cede
742 3669 1032 3739 traiiceret.
1061 3667 1161 3721 Hic
1224 3675 1531 3722 transvecta
1586 3668 1821 3737 primum
1869 3666 2143 3738 Deianira,

571 3760 815 3814 mulieris
849 3773 1033 3812 amore
1059 3768 1250 3828 captus
1273 3759 1344 3813 ob
1387 3759 1709 3830 elegantiam
1742 3758 1931 3815 forma:
1959 3762 2146 3829 singu-

570 3850 761 3915 larem,
792 3850 963 3920 ipsam
993 3851 1041 3904 vi
1076 3850 1382 3920 opprimere
1413 3850 1745 3915 conabatur;
1781 3852 1873 3905 sed
1896 3867 2017 3904 cum
2054 3852 2145 3906 illa

570 3941 747 3996 virum
779 3955 970 4010 magna
1000 3955 1135 3995 voce
1161 3938 1511 4008 appellasset,
1551 3936 1811 3991 Hercules
1826 3946 2142 3991 centaurum

569 4031 788 4102 quidem
821 4031 1016 4102 sagitta
1033 4031 1297 4095 conﬁxit;
1332 4025 1538 4084 Nessus
1590 4037 1769 4082 autem
1809 4028 1862 4081 in
1895 4027 2142 4100 ﬂagranti

569 4123 861 4179 concubitu
893 4123 963 4178 ob
995 4122 1234 4178 vulneris
1253 4122 1602 4177 acerbitatem
1628 4120 1789 4175 morti
1816 4121 1928 4191 iam
1961 4122 2145 4192 proxi-

569 4229 712 4279 mus,
752 4213 1010 4284 philtrum
1062 4212 1332 4283 Deianira:
1385 4228 1504 4268 sese
1538 4213 1793 4268 daturum
1836 4214 2141 4283 pollicetur,

568 4322 678 4375 quo
700 4308 744 4363 si
780 4308 857 4362 uti
885 4307 1031 4374 velit,
1060 4306 1282 4363 omnino
1326 4306 1569 4376 perticiat
1608 4315 1665 4360 ut
1702 4322 1769 4360 ne
1796 4306 2017 4361 alterius
2044 4323 2144 4361 un-

568 4414 731 4469 quam
779 4396 1037 4455 Hercules
1070 4398 1317 4455 mulieris
1366 4399 1644 4453 amoribus
1675 4399 1943 4468 capiatur.
1983 4397 2144 4452 Jubct

2240 548 2531 621 θυγατέρα,
2562 550 2799 619 ὲπεμίγη
2829 552 2987 622 αὐτῇ,
3010 551 3105 603 καὶ
3145 548 3402 603 ἐτέκνωσε
3428 551 3748 627 Τληπόλεμον.

2238 639 2475 691 Δειπνῶν
2503 640 2560 691 δὲ
2599 643 2843 711 παροινεῖ
2890 641 3024 709 (55),
3069 641 3159 692 τὸν
3209 640 3542 696 διακονοῦντα
3592 647 3755 717 περίτι

2239 729 2682 803 διαμαρτήσαντα
2716 731 2949 802 κονδύλῳ
2980 732 3223 795 πατάξας
3276 734 3592 790 ἀπέκτεινεν.
3630 740 3756 795 Ἐπεὶ

2239 823 2294 875 δὲ
2326 824 2685 895 πορευόμενος
2716 820 2844 895 ἦλθε
2878 825 3011 897 πρὸς
3054 825 3143 878 τὸν
3176 823 3375 895 Εῦηνον
3420 830 3657 899 ποταμὸν,
3678 850 3758 886 κα-

2240 913 2571 985 ταλαμϐάνει
2598 916 2803 968 Νέσσον
2834 916 2924 967 τὸν
2969 914 3295 987 Κένταυρον,
3349 917 3530 985 μισθοῦ
3553 920 3759 977 διαειϐά-

2242 1003 2399 1069 ζοντα
2426 1006 2516 1058 τὸν
2545 1008 2805 1078 ποταμόν.
2861 1002 3028 1070 Οὗτος
3076 1007 3132 1060 δὲ
3184 1008 3443 1079 πρότερον
3482 1010 3759 1080 διαθιδάσας

2240 1098 2337 1167 τὴν
2362 1097 2703 1169 Δηϊάνειραν,
2753 1099 2846 1151 καὶ
2872 1099 2957 1152 διὰ
2994 1099 3054 1152 τῗ>
3101 1098 3293 1162 κάλλος
3315 1101 3555 1171 ἐρασθεὶς
3600 1107 3756 1177 αὐτῆς,

2242 1190 2591 1259 ἐπεχείρησεν
2617 1191 2786 1260 αὐτὴν
2821 1190 3127 1259 βιάσασθαι.
3174 1192 3569 1264 Ἐπιϐοωμένης
3606 1197 3657 1250 δὲ
3694 1199 3765 1252 αὑ.

2241 1280 2339 1349 τῆς
2366 1280 2456 1332 τὸν
2490 1280 2673 1352 ἄνδρα,
2702 1282 2730 1333 ὁ
2774 1282 2872 1351 μὲν
2927 1282 3200 1354 Ἡρακλῆς
3249 1283 3491 1349 ἐτόξευσε
3522 1287 3606 1340 τὸν
3653 1290 3767 1343 Κένο

2239 1388 2456 1443 ταυρονο
2486 1372 2600 1425 ea:
2650 1372 2858 1437 Νέσσος
2913 1372 3114 1444 μεταξὺ
3174 1374 3515 1445 μισγόμενος,
3576 1379 3659 1432 καὶ
3697 1379 3768 1435 διὰ

2241 1465 2341 1536 τὴν
2360 1465 2591 1537 ὀξύτητα
2615 1464 2711 1536 τῆς
2733 1465 2939 1537 πληγῆς
2966 1466 3123 1530 εὐθὺς
3150 1466 3523 1538 ἀποθνήσκων,
3543 1470 3690 1541 ἔφησε
3716 1476 3768 1545 τῇ

2240 1556 2531 1628 Δηϊανείρᾳ
2554 1555 2743 1609 δώσειν
2775 1557 3012 1628 φίλτρον,
3050 1559 3196 1622 ὅπως
3230 1558 3466 1629 μηδεμιᾷ
3487 1560 3586 1612 τῶν
3615 1562 3763 1617 ἄλλων

2242 1648 2511 1715 γυναικῶν
2551 1648 2821 1719 Ἡρακλῆς
2854 1648 3055 1720 θελήσῃ
3116 1648 3431 1719 πλησιάσαι.
3462 1652 3767 1723 Παρεκελεύ-

2248 1755 2374 1790 σατο
2403 1734 2515 1802 οῦν,
2558 1738 2793 1792 λαϐοῦσα
2827 1739 2960 1811 (55')
2991 1741 3079 1793 τὸν
3105 1740 3162 1806 ἐξ
3186 1741 3350 1794 αὐτοῦ
3370 1743 3596 1795 πεσόντα
3625 1743 3773 1811 γόνον,

2242 1830 2332 1883 καὶ
2362 1829 2534 1899 τούτῳ
2588 1830 2964 1901 προσμίξασαν
2999 1832 3171 1885 ἔλαιον
3227 1833 3322 1886 καὶ
3348 1833 3411 1885 τὸ
3440 1834 3543 1887 ἀπὸ
3567 1834 3656 1903 τῆς
3680 1836 3777 1887 ἀκί-

2241 1921 2327 1983 δος
2362 1921 2796 1992 ἁποσταζόμενον
2813 1918 2970 1993 αίμα,
2996 1925 3177 1996 χρίσαι
3204 1926 3295 1979 τὸν
3311 1925 3511 1997 χιτῶνα
3541 1926 3625 1978 τοῦ
3641 1926 3776 1998 Ἦρα-

2243 2012 2449 2076 κλέους.
2485 2013 2652 2067 Τοῦτο
2691 2014 2745 2067 δὲ
2771 2016 3040 2085 ποιήσασα
3094 2018 3409 2089 Δηϊάνειρα,
3446 2021 3653 2088 κατεῖχε
3678 2019 3781 2088 παρ’

2244 2104 2408 2173 ἑαυτῇ
2436 2104 2494 2156 τὸ
2522 2104 2830 2176 φάρμακον.
2860 2107 3027 2161 Πάλιν
3055 2108 3113 2161 δὲ
3165 2111 3193 2162 ὁ
3254 2109 3534 2181 Ἡρακλῆς
3562 2110 3651 2179 τὴν
3674 2110 3783 2161 Φύλ-

2244 2194 2431 2259 λαντος
2458 2195 2734 2268 θυγατέρα
2776 2197 2955 2251 λαϐὼν
2998 2201 3368 2271 αἰχμάλωτον,
3395 2200 3490 2254 καὶ
3521 2201 3684 2271 μιγεὶς
3706 2200 3785 2252 αὐ-

2244 2290 2330 2357 τῇ,
2366 2288 2477 2340 υίδν
2506 2288 2771 2359 Ἀντίοχον
2800 2290 3072 2360 ἐγέννησε.
3094 2292 3204 2346 Καὶ
3231 2293 3399 2346 πάλιν
3446 2292 3787 2364 Ἀστυάνειραν

2244 2378 2340 2449 τὴν
2382 2379 2663 2449 Ἀρμενίου
2702 2380 2795 2433 τοῦ
2824 2380 3086 2451 βασιλέως
3111 2383 3393 2455 θυγατέρα
3426 2382 3603 2436 λαὸὼν
3624 2384 3791 2453 αἰχμά-

2245 2471 2431 2535 λωτον,
2458 2472 2549 2525 καὶ
2582 2473 2760 2543 μιγεὶς
2812 2475 2969 2545 αὐτῇ,
3024 2476 3351 2546 Κτήσιππον
3380 2478 3497 2529 υἱὸν
3549 2475 3788 2545 ἐγέννησε.

2244 2561 2445 2624 Θέσπις
2472 2562 2527 2615 δὲ
2556 2563 2585 2614 ό
2619 2564 2895 2634 Ἀθηναῖος
2930 2567 3056 2628 παῖς
3094 2566 3424 2637 Ἐρεχθέως,
3454 2570 3517 2621 ὲκ
3558 2568 3795 2638 διαφόρων

2245 2653 2516 2721 γυναικῶν
2539 2653 2839 2727 θυγατέρας
2871 2655 3086 2727 ἀριθμῷ
3121 2660 3468 2729 πεντήκοντα
3496 2657 3792 2727 πεποιηκὼς,

2248 2746 2744 2819 φιλοτιμησάμενός
2766 2766 2824 2801 τε
2849 2749 3014 2812 αὐτάς
3038 2748 3096 2813 ἐξ
3122 2751 3461 2820 Ἡρακλέους
3486 2750 3671 2813 παῖδας
3686 2748 3794 2819 κτή-

2247 2843 2462 2909 σασθαι,
2496 2844 2730 2906 καλέσας
2764 2844 2855 2896 ὲπί
2880 2862 3001 2897 τινα
3041 2844 3229 2898 θυσίαν
3274 2844 3372 2898 τὴν
3424 2841 3798 2915 Ἡρακλέα,καὶ

2245 2934 2509 3007 λαμπρῶς
2533 2935 2691 2987 αὑτὸν
2712 2936 3141 2999 ὲστιάσας,κατὰ
3171 2936 3303 3007 μίαν
3333 2936 3488 3007 αὑτῷ
3528 2937 3631 2990 τῶν
3662 2935 3802 3002 θυγα-

2246 3027 2417 3098 τέρων
2450 3026 2782 3080 ἀπέστειλεν.
2822 3026 2879 3079 '0
2911 3026 2967 3079 δὲ
2996 3030 3051 3079 ὲν
3074 3028 3171 3098 μιᾷ
3220 3028 3384 3081 νυκτὶ
3434 3026 3696 3098 διέφθειρε
3721 3025 3799 3091 τὰς

2249 3120 2445 3183 πάσας,
2474 3118 2567 3171 καὶ
2599 3119 2805 3187 γίνεται
2843 3118 3023 3190 πατὴρ
3051 3120 3158 3173 τῶν
3192 3120 3555 3191 καλουμένων
3592 3120 3801 3174 Θεσπια-

2246 3210 2368 3262 δῶν.
2402 3208 2593 3263 Λαϐὼν
2621 3210 2677 3263 δὲ
2707 3212 2801 3263 καί⁵
2823 3210 2919 3281 τὴν
2960 3211 3125 3282 Ἰόλην
3159 3213 3539 3283 αἰχμάλωτον,
3594 3212 3683 3266 καὶ
3730 3211 3804 3263 θυ-

2248 3300 2365 3353 σίαν
2395 3300 2675 3364 ἐπιτελῶν,
2716 3301 3037 3365 ἀποστείλας
3057 3302 3149 3357 ἐπὶ
3187 3303 3285 3373 τὴν
3326 3307 3570 3373 γυναῖκα
3593 3302 3806 3375 Δηϊάνει-

2250 3410 2367 3463 ραν,
2390 3393 2508 3464 ᾔτει
2533 3392 2736 3463 χιτῶνα
2757 3394 2851 3447 καὶ
2876 3394 3109 3464 ἱμάτιον,
3128 3391 3208 3459 οἷς
3233 3396 3426 3451 εἰώθει
3452 3396 3679 3468 χρῆσθαι
3696 3395 3806 3465 πρὸς

2244 3484 2340 3547 τὰς
2369 3483 2573 3547 θυσίας.
2614 3486 2678 3537 'H
2709 3484 2765 3538 δὲ
2816 3486 2906 3539 τὸν
2946 3486 3145 3557 χιτῶνα
3174 3487 3420 3558 χρίσασα
3457 3488 3538 3559 τῷ
3563 3485 3706 3559 παρὰ
3731 3483 3807 3539 τοῦ

2247 3576 2557 3648 Κενταύρου
2590 3575 2848 3648 διδομένῳ
2895 3578 3005 3647 (56)
3068 3579 3271 3651 φίλτρῳ
3304 3580 3651 3634 ἀποστέλλει.
3692 3576 3810 3631 Ὀδὲ

2256 3668 2526 3740 Ἡρακλῆς
2546 3670 2634 3722 τὸν
2662 3670 2862 3739 χιτῶνα
2880 3669 3256 3743 περιθέμενος,
3273 3673 3663 3745 περιέπεσετῇ
3685 3668 3812 3741 μεγί-

2246 3776 2347 3831 στῃ
2371 3762 2643 3833 συμφορᾷ.
2668 3762 2777 3833 Τῆς
2810 3762 2917 3833 γὰρ
2941 3763 3121 3826 ἀκίδος
3147 3764 3237 3816 τὸν
3259 3767 3328 3818 ὲκ
3346 3766 3451 3836 τῆς
3495 3765 3729 3834 Ἐχίδνης
3753 3760 3814 3812 ίδν

2246 3852 2626 3923 ἁπειληφυίας,
2687 3852 2783 3907 καὶ
2836 3854 2922 3908 διὰ
2977 3854 3134 3908 τοῦτο
3177 3856 3271 3909 τοῦ
3342 3858 3579 3928 χιτῶνος
3613 3856 3694 3908 διὰ
3734 3851 3815 3923 τὴν

2245 3942 2542 4013 θερμασίαν
2596 3944 2695 4014 τὴν
2744 3942 2919 4015 σάρκα
2962 3945 3056 3998 τοῦ
3120 3945 3377 4017 σώματος
3402 3946 3816 4018 λυμαινομένου,

2245 4034 2541 4105 περιαλγὴς
2611 4035 2900 4106 γενόμενος
2948 4037 3039 4089 τὸν
3092 4036 3501 4109 διακονήσαντα
3582 4038 3817 4091 ἀπέκτειο

2241 4141 2352 4189 νεν,
2411 4126 2571 4189 αὑτός
2625 4143 2683 4179 τε
2731 4127 2869 4181 κατὰ
2917 4128 3164 4199 χρησμὸν
3205 4131 3346 4200 πυρὶ
3392 4131 3594 4184 ἑαυτὸν
3664 4142 3821 4198 παρα-

2241 4217 2386 4279 δοὺς.
2422 4216 2593 4282 οὔτως
2635 4219 2896 4272 κατέλυσε
2942 4221 3033 4273 τὸν
3080 4221 3213 4291 βίον.
3250 4242 3268 4272 ι
3316 4224 3438 4277 Καὶ
3479 4224 3552 4277 τὰ
3597 4224 3689 4294 μὲν
3720 4216 3821 4273 καθ’

2257 4307 2527 4378 Ἠρακλέα
2565 4309 2807 4365 τοιαῦτα.
2852 4311 2987 4384 Περὶ
3028 4312 3086 4365 δὲ
3132 4312 3225 4366 τοῦ
3280 4314 3653 4386 Ἀσκληπιοῦ,
3685 4312 3827 4382 φασίν

2243 4393 2380 4452 εἶναι
2421 4400 2534 4454 υἱὸν
2576 4401 2908 4466 Ἀπόλλωνος
2923 4404 3019 4456 καὶ
3042 4404 3368 4475 Φορωνίδος.
3401 4406 3650 4479 ζηλῶσαι
3676 4405 3729 4458 δὲ
3742 4402 3827 4473 τὴν

567 4494 772 4555 itaque,
829 4491 1057 4546 seminis
1113 4491 1200 4547 sui
1255 4490 1546 4546 detinentis
1606 4491 1812 4560 aliquid.
1861 4491 2137 4561 colligere,

2245 4492 2491 4563 ἰατρικὴν
2536 4493 2879 4565 ἐπιστήμην,
2914 4496 3007 4549 ἐπὶ
3043 4496 3300 4550 τοσοῦτον
3351 4499 3417 4552 δὲ
3474 4498 3829 4571 προϐῆναιτῇ

567 4584 714 4654 quod
747 4599 871 4639 cum
905 4583 1029 4639 oleo
1061 4595 1116 4639 et
1141 4585 1427 4655 sanguine,
1463 4583 1557 4654 qui
1581 4599 1646 4639 ex
1685 4583 1773 4639 teli
1811 4584 2035 4655 cuspide
2058 4582 2142 4638 di-

568 4674 829 4741 stillabat,
858 4673 1260 4738 eommisceret,
1294 4689 1469 4744 eoque
1493 4676 1733 4729 tunicam
1761 4672 2008 4729 Herculis
2041 4690 2143 4728 un-

566 4776 734 4837 geret.
791 4764 981 4821 Paruit
1020 4765 1295 4835 Deianira,
1325 4775 1489 4836 atque
1510 4768 1652 4836 apud
1695 4781 1754 4821 se
1786 4766 2139 4835 pharmacum

568 4859 821 4914 servavit.
887 4859 957 4913 At
1009 4856 1269 4914 Hercules
1323 4875 1513 4915 rursus
1569 4875 1693 4915 cum
1743 4859 1866 4914 aliis
1904 4859 2140 4925 duabus,

567 4964 704 5018 quas
732 4950 874 5005 bello
903 4959 1140 5021 ceperat,
1156 4952 1455 5015 consuevit,
1484 4966 1717 5022 quarum
1768 4953 1934 5006 altera
1974 4951 2138 5023 Phyl-

568 5041 730 5096 lantis
759 5042 1043 5112 cuiusdam
1078 5042 1184 5095 tilia
1212 5041 1564 5109 Antiochum,
1591 5043 1759 5098 altera
1783 5058 1911 5098 vero
1940 5042 2137 5114 Astya-

567 5134 687 5188 nira
708 5136 945 5203 nomine,
975 5151 1101 5206 rege
1128 5134 1387 5189 Armenio
1411 5146 1632 5205 parente
1653 5145 1788 5203 sata,
1821 5134 2134 5206 Ctesippum

568 5227 619 5281 ei
660 5230 883 5298 peperit.
946 5228 1150 5284 Deinde
1205 5226 1436 5298 Thespis
1487 5228 1836 5286 Atheniensis
1886 5226 2134 5282 Erecthei

569 5318 734 5384 tilias,
768 5321 861 5388 qui
920 5335 985 5375 ex
1016 5321 1243 5377 diversis
1294 5320 1617 5377 mulieribus
1673 5320 1812 5376 tilias
1868 5320 2136 5390 quinqua-

568 5412 713 5482 ginta
737 5421 1012 5480 genuerat,
1061 5427 1187 5467 cum
1236 5426 1329 5466 eas
1365 5427 1554 5467 omnes
1605 5428 1668 5466 ex
1700 5410 1944 5467 Herculis
1984 5426 2135 5466 com-

2238 4581 2384 4655 δόξῃ,
2412 4584 2489 4648 ὡς
2512 4584 2737 4649 πολλοὺς
2778 4585 3352 4658 τῶνὰπεγνωσμένων
3392 4590 3702 4663 ἀρρώστων
3740 4605 3831 4643 πα-

2242 4672 2477 4743 ραδόξως
2529 4673 2871 4746 θεραπεύειν.
2930 4679 3090 4732 Ὥστε
3128 4680 3218 4733 τὸν
3260 4680 3370 4735 Δία
3414 4682 3833 4755 παροξυνθέντα,

2241 4768 2489 4839 κεραυνῷ
2516 4769 2743 4839 βαλόντα
2756 4772 2918 4825 αὑτὸν
2934 4772 3277 4844 διαφθεῖραι·
3305 4775 3410 4829 τὸν
3427 4777 3490 4829 δὲ
3540 4774 3835 4830 Ἀπόλλωνα

2240 4860 2325 4913 διὰ
2352 4859 2448 4931 τὴν
2474 4862 2750 4933 ἀναίρεσιν
2788 4863 2882 4917 τοῦ
2919 4864 3107 4928 παιδὸς
3141 4864 3575 4938 παροξυνθέντα
3599 4908 3615 4931 ,
3657 4865 3836 4938 φονεῦ·

2242 4968 2331 5006 σαι
2353 4953 2479 5016 τοὺς
2498 4952 2589 5007 τὸν
2616 4956 2880 5027 κεραυνὸν
2908 4956 2990 5028 τῷ
3029 4958 3113 5011 Διὶ
3158 4962 3704 5025 κατασκευάσαντας
3739 4957 3837 5012 Kai-

2240 5044 2481 5109 κλωπας.
2541 5047 2663 5099 Ἐπὶ
2700 5048 2756 5100 δὲ
2802 5052 2867 5119 τῇ
2906 5049 3109 5103 τούτων
3149 5050 3385 5124 τελευτῇ
3433 5053 3841 5127 παροξυνθέντα

2238 5136 2328 5188 τὸν
2356 5136 2472 5199 Δία,
2506 5135 2805 5208 προστάξαι
2832 5140 2908 5211 τῷ
2948 5141 3239 5197 Ἀπόλλωνι
3270 5141 3557 5215 θητεῦσαι
3582 5147 3712 5218 παρ’
3736 5144 3840 5197 Ἀδ·

2243 5227 2414 5298 μήτῳ,
2444 5230 2537 5281 καί⁵
2566 5230 2766 5301 ταύτην
2812 5233 2909 5303 τὴν
2952 5236 3227 5306 τιμωρίαν
3266 5237 3475 5293 λαϐεῖν
3510 5244 3648 5312 παρ’
3688 5235 3841 5294 αὐτοῦ

2240 5320 2331 5372 τοῦ
2364 5321 2723 5392 ἐγκλήματος.
2753 5326 2796 5376 Τ
2799 5324 2939 5379 αῦτα
2981 5328 3079 5397 μὲν
3112 5324 3205 5382 οὖν
3236 5332 3294 5382 ὲν
3336 5332 3424 5403 τῷ
3457 5335 3715 5405 τετάρτῳ
3745 5330 3842 5383 τῶν

2243 5412 2645 5479 Βιϐλιοϋοηκῶν
2662 5416 2691 5468 ό
2718 5416 2981 5487 Διόδωρος
3010 5419 3437 5488 παρατέθειται.

567 5507 727 5575 plexu
760 5506 970 5577 prolem
1007 5509 1281 5578 suscipere
1322 5509 1668 5565 vehementer
1706 5516 1938 5577 optaret,
1979 5523 2103 5561 eum
2143 5506 2208 5561 ad
2250 5508 2494 5563 solemne
2546 5512 2829 5578 quoddam
2885 5514 3212 5569 sacriﬁcium
3281 5517 3520 5582 invitat.
3568 5521 3843 5586 eidemque

568 5598 854 5671 magniﬁce
910 5598 1201 5657 admodum
1280 5600 1534 5670 lauteque
1590 5608 1814 5669 accepto
1883 5599 2126 5669 singulas
2193 5598 2423 5653 scorsim
2488 5602 2797 5657 summittit.
2850 5602 2944 5657 Ille
3000 5614 3181 5659 autem
3231 5621 3366 5660 cum
3422 5611 3701 5666 omnibus
3752 5621 3851 5663 una

635 5735 747 5807 (55)
769 5732 1060 5803 Παροινεῖ.
1095 5732 1243 5789 Verti
1286 5736 1426 5805 apud
1453 5734 1946 5801 (Eneum,Diodor.
1980 5742 2123 5789 enim

565 5805 667 5878 leg.
702 5805 831 5877 παρ’
862 5807 1027 5872 Οἰνεῖ,
1052 5820 1212 5876 quem
1244 5808 1416 5861 tribus
1444 5818 1566 5868 anu
1590 5808 1745 5862 lineis
1790 5809 2106 5865 nominavit.

2306 5736 2442 5807 (55‘)
2474 5735 2773 5807 Λαϐοῦσα,
2799 5735 3267 5807 Ευιιολαϐοὖσαν.
3305 5736 3501 5799 Enn.

2303 5800 2757 5879 (56)⁷Διδομένῳ.
2794 5805 2923 5879 Leg.
2953 5800 3244 5881 δεδομένῳ.
3279 5810 3459 5870 Eutr.
