3948 6376
224 349 314 408 υτ

1329 348 1645 407 PREPAR.
1685 348 1954 419 genus.
1998 345 2125 402 LIB.
2185 345 2247 401 tt.

3306 350 3419 411 ιιι

216 465 472 532 eademque
499 468 651 516 nocte
680 467 1028 533 eongrﬁssus,
1060 478 1271 531 eorum,
1299 465 1391 535 qui
1423 463 1738 534 TheSptada:
1766 470 1813 526 Α
1841 466 1994 520 satis.
2033 463 2152 519 Jam
2207 480 2335 519 vero
2384 464 2529 535 quod
2579 462 2955 536 Esculapium
3008 466 3233 535 attinet,
3268 468 3417 529 hunc

217 554 540 615 nominantur,
577 562 731 621 pater
760 553 982 610 effectus
1010 564 1113 611 est.
1138 554 1417 613 Postremo
1445 572 1569 612 cum
1603 555 1746 611 Iolen

213 660 394 718 quoque
416 643 677 714 captivam
728 646 1065 713 abduxisset,
1124 651 1297 704 sacris
1330 664 1552 718 operam
1580 649 1739 703 datu-

212 754 302 798 rus,
322 735 452 789 misit
479 734 570 803 qui
597 750 626 788 a
650 734 905 806 Dejauira
926 737 1157 809 conjuge
1182 739 1421 795 tunicam
1458 749 1511 794 et
1535 748 1740 793 vestem

209 830 456 897 κείρει-ει,
498 826 706 895 quibus
757 828 813 882 in
878 831 1164 887 sacrificiis
1224 831 1301 886 uti
1359 830 1554 887 solitus
1599 839 1735 886 erat.

205 920 417 991 Deianira
439 919 677 973 tunicam
714 920 971 977 Centauri
1001 923 1201 993 philtro
1234 933 1552 995 perunctam
1599 939 1737 979 nun-

203 1014 263 1068 tio
290 1012 545 1066 ferendam
568 1014 759 1079 tradit,
779 1030 945 1083 quam
971 1016 1137 1072 simul
1172 1026 1334 1087 atque
1362 1014 1623 1072 Hercules
1656 1015 1737 1071 in—

199 1104 391 1169 duisset,
424 1102 474 1156 in
505 1112 719 1173 pestem
768 1106 926 1177 longe
971 1108 1301 1163 teterrimam
1363 1108 1583 1175 incidit;
1609 1123 1733 1164 cum

197 1198 316 1251 enim
355 1196 555 1266 sagitta:
612 1196 851 1266 ferrum,
896 1214 1008 1269 quo
1052 1197 1283 1256 Nessum
1333 1201 1731 1266 vulneraverat,

197 1288 355 1345 Lerna:
382 1303 581 1343 veneno
606 1290 838 1345 tinctum
864 1302 1028 1359 esset,
1059 1293 1241 1347 tunica
1272 1308 1471 1363 corpus
1499 1292 1619 1361 ejus
1642 1307 1733 1347 ve-

197 1378 396 1436 hementi
425 1379 623 1434 ardore
680 1383 1063 1452 populabatur.
1107 1383 1199 1439 llle
1262 1400 1391 1455 ergo
1446 1386 1495 1439 vi
1528 1382 1733 1440 doloris

195 1472 402 1536 adactus,
428 1487 575 1539 eum,
606 1475 707 1543 qui
738 1474 1007 1531 funestam
1046 1477 1110 1533 ad
1142 1493 1201 1533 se
1228 1486 1431 1532 vestem
1460 1477 1731 1540 attulerat,

191 1562 277 1633 57
302 1563 596 1630 interfecit,
630 1566 884 1636 idemque
926 1568 1275 1637 postmodum
1318 1568 1529 1623 oraculi
1575 1567 1734 1639 jussu

190 1658 328 1712 vitam
372 1656 625 1737 incendio
661 1658 992 1715 terminavit.
1037 1680 1055 1713 ι
1106 1661 1184 1717 Ac
1212 1662 1279 1717 de
1310 1660 1541 1716 Hercule
1573 1660 1735 1715 modo

1848 556 2113 627 Apollinis
2167 573 2233 613 ex
2284 556 2590 612 Phoronide
2639 556 2809 613 ﬁlium
2858 572 2980 613 esse
3010 559 3270 624 tradunt,
3319 566 3411 635 qui

1846 665 1971 705 cum
2001 649 2282 705 medicina:
2322 660 2493 705 artem
2536 649 2808 720 praecipuo
2835 650 3071 720 quodam
3105 653 3286 711 studio
3315 672 3411 711 co.

1844 740 1998 806 feret,
2030 747 2239 794 tantum
2264 747 2347 795 est
2375 739 2429 793 in
2450 754 2511 794 ea
2539 737 2716 794 laudis
2744 748 2797 794 et
2838 739 3023 811 gloriae
3061 752 3409 811 consecutus,

1842 839 1903 885 ut
1946 830 2211 901 plurimos
2253 832 2416 887 etiam
2445 871 2459 895 ,
2505 846 2739 902 quorum
2786 832 3062 901 deplorata
3098 836 3210 906 jam
3261 838 3409 896 salus

1834 932 1954 979 erat
1976 962 1991 988 ,
2040 936 2234 994 praeter
2273 926 2526 979 omnium.
2562 926 3018 995 exspectationem
3052 926 3408 986 incolumitati

1842 1014 2129 1071 redderet:
2181 1015 2326 1087 quod
2375 1014 2583 1087 Jupiter
2614 1034 2739 1073 cum
2784 1019 3007 1077 moleste
3048 1019 3251 1086 ferret,
3282 1039 3407 1079 eum

1838 1102 2070 1162 fulmine
2100 1106 2266 1163 ictum
2311 1107 2423 1161 vita
2470 1108 2753 1177 spoliavit.
2790 1111 2981 1181 Apolio
3009 1128 3137 1168 vero
3187 1113 3407 1170 interitu

1838 1194 1932 1250 filii
1961 1196 2196 1266 graviter
2251 1206 2612 1264 commotus,
2660 1197 2922 1270 Cyclopas
2977 1200 3223 1259 fulminis
3265 1203 3409 1262 illius

1837 1290 2071 1346 artifices
2105 1290 2416 1346 interemit:
2444 1304 2681 1360 quorum
2708 1292 2851 1349 caede
2882 1291 3093 1365 Jupiter
3118 1296 3409 1353 vehemen-

1837 1382 1945 1438 tius
1976 1392 2328 1452 exasperatus
2363 1382 2661 1453 Apollinem
2688 1383 2864 1453 jussit
2884 1387 3139 1444 humilem
3171 1406 3235 1445 ac
3280 1404 3405 1446 sor-

1835 1476 2015 1531 didam
2047 1475 2277 1531 Admeto
2309 1476 2423 1546 regi
2453 1491 2673 1545 operam
2711 1493 2931 1538 navare.
2966 1481 3210 1551 hancque
3246 1483 3314 1537 ab
3339 1497 3405 1537 eo

1836 1565 2119 1621 commissi
2170 1564 2430 1621 facinoris
2482 1582 2701 1636 pinnam
2741 1570 3017 1639 expetivit.-
3071 1572 3246 1643 Atque
3290 1572 3405 1628 haec

1841 1658 2109 1714 Diodorus
2141 1658 2281 1714 libro
2312 1656 2653 1715 Bibliotheca:
2680 1670 3313 1731 quartoxcommemorat.

242 1796 334 1850 Καὶ
354 1797 449 1867 τὴν
476 1795 672 1869 λοιπὴν
702 1798 758 1851 δὲ
786 1797 1061 1867 θεολογίαν
1088 1800 1252 1852 πάλιν
1276 1802 1303 1854 ὁ
1323 1800 1483 1863 αὐτὸς
1524 1802 1588 1853 ἐκ
1624 1798 1718 1852 τῶν

1906 1796 2051 1852 fdem
2080 1806 2283 1864 autem,
2312 1795 2529 1851 Graecos
2560 1796 2821 1867 reliquam
2853 1799 3052 1869 pariter
3079 1816 3205 1857 sum
3243 1803 3400 1859 ιιιεο-

189 1889 328 1945 ἄλλων
353 1887 517 1943 ὲθνῶν
549 1890 934 1961 μετειληφέναι
968 1893 1099 1963 φησὶ
1126 1894 1252 1957 τοὺς
1280 1892 1564 1963 Ἕλληνας,
1588 1891 1725 1963 γρά-

188 1978 346 2047 φωνὲν
366 1977 440 2048 τῷ
470 1978 643 2049 τρίτῳ
669 1980 767 2049 τῆς
797 1982 965 2045 αὐτῆς
1006 1982 1288 2050 Ἱστορίας
1333 1981 1457 2036 τάδε
1477 1998 1491 2012 ο
1524 1994 1567 2032 ι’
1594 1983 1730 2035 Φασὶ

184 2071 330 2123 ιοίνυν
357 2068 485 2139 (56')
533 2068 832 2123 Ἀτλάντιοι
862 2071 1073 2142 πρῶτον
1100 2074 1226 2145 παρ’
1263 2073 1444 2136 αὐτοῖς
1479 2072 1726 2142 βασιλεῦ-

186 2180 256 2215 σαι
280 2161 527 2232 υύρανὸν,
564 2162 759 2216 τούτου
788 2164 843 2217 δὲ
869 2164 1120 2233 γενέσθαι
1146 2165 1341 2230 παῖδας
1369 2169 1431 2219 ὲκ
1468 2166 1725 2220 πλειόνων

181 2254 416 2324 γυναικῶν
440 2255 605 2308 πέντε
632 2257 769 2328 πρὸς
791 2261 902 2321 τοῖς
921 2259 1344 2330 τεσσαράκοντα,
1372 2252 1445 2312 ὧν
1464 2259 1727 2312 ὀκτωκαί-

177 2348 287 2400 δίκα
310 2347 551 2416 λέγουσιν
598 2349 867 2421 ὑπάρχειν
897 2351 957 2403 ἐκ
1006 2352 1247 2415 Τεπαίας
1296 2351 1407 2423 (57)
1432 2352 1720 2421 γυναικὸς,

179 2441 235 2511 ἢν
276 2438 513 2512 σώφρονα
558 2442 863 2514 γενομένην
891 2444 983 2497 καὶ
1011 2442 1223 2497 πολλῶν
1266 2443 1486 2513 ἀγαθῶν
1520 2445 1721 2509 αἰτίαν,

179 2534 514 2605 ἀποθεωθῆναι
553 2535 702 2605 μετὰ
746 2536 842 2607 τὴν
865 2536 1139 2608 τελευτὴν,
1161 2537 1273 2607 Γῆν
1309 2537 1721 2609 μετονομασθεῖ-

182 2644 278 2681 σαν.
314 2626 563 2679 Γενέσθαι
594 2628 653 2680 δὲ
693 2627 918 2699 Οὐρανῷ
970 2629 1274 2700 θυγατέρας
1310 2628 1591 2683 Βασίλειαν
1628 2630 1721 2683 καὶ

190 2719 336 2783 Ῥέαν,
361 2720 457 2791 τὴν
489 2719 587 2773 καὶ
624 2719 938 2791 Πανδώραν.
977 2720 1087 2792 Τὴν
1118 2720 1175 2774 δὲ
1211 2720 1496 2775 Βασίλειαν
1526 2720 1720 2794 ὲκθρέ-

177 2810 322 2880 tinnit
354 2813 476 2873 τοὺς
502 2812 789 2882 ἀδελφοὺς,
827 2814 1030 2884 μητρὸς
1060 2811 1270 2867 εὖνοιαν
1320 2813 1718 2886 παρεχομένην,

182 2904 358 2974 μητέρα
389 2904 499 2974 (58)
527 2904 1056 2977 προσαγορευθῆναι.
1091 2906 1355 2977 ’Ὕστερον
1374 2906 1429 2959 δὲ
1460 2906 1598 2977 μετὰ
1624 2906 1719 2978 τὴν

178 2996 250 3049 τα]
284 2998 512 3070 Οὐρανοῦ
562 2999 821 3069 τελευτὴν
861 3000 1254 3070 συνοικήσασαν
1315 2999 1590 3071 Ὑπερίονι
1643 3000 1719 3072 τῷ

177 3086 373 3157 ἀδελφῷ,
422 3089 683 3159 γεννῆσαι
737 3088 827 3141 δύο
880 3088 1091 3152 παῖδας,
1152 3088 1245 3153 οὒς
1298 3089 1391 3142 καὶ
1436 3088 1717 3159 ὠνόμασεν

1831 1885 1986 1956 logia:
2015 1886 2208 1939 silvam
2256 1885 2325 1939 ab
2353 1885 2554 1940 exteris
2594 1886 2911 1943 nationibus
2954 1899 3233 1945 mutuatos
3280 1908 3401 1948 esse

1829 1978 2061 2045 docens,
2096 1979 2277 2049 operis
2304 1979 2389 2035 sui
2418 1978 2577 2034 tertio
2615 1978 2689 2033 ita
2718 1979 2830 2037 fere
2860 1983 3049 2038 scribit
3076 2002 3091 2039 :
3134 2003 3167 2036 ιη
3186 1984 3395 2039 Gmlum

1826 2070 2055 2126 Atlantii
2103 2074 2337 2142 primum
2392 2072 2535 2143 apud
2568 2088 2627 2129 se
2674 2090 2932 2146 regnasse
2958 2076 3246 2143 dictitant,
3300 2076 3396 2148 qui

1828 2163 2028 2220 liberos
2057 2165 2298 2236 quinque
2327 2182 2491 2237 supra
2520 2168 2876 2239 quadraginta
2907 2184 2972 2222 ex
2996 2167 3397 2238 pluribusmu-

1827 2258 2053 2314 lieribus
2086 2260 2409 2327 procrearit,
2435 2276 2669 2330 quorum
2702 2260 2998 2315 octodecim
3026 2259 3202 2316 Titaza-
3222 2273 3394 2318 matre

1826 2358 1985 2406 natos
2015 2364 2136 2406 esse
2164 2350 2368 2406 volunt.
2402 2348 2553 2406 Hanc
2590 2368 2720 2407 vero
2740 2394 2754 2417 ,
2787 2352 2930 2421 quod
2962 2351 3229 2423 singulari
3252 2362 3391 2408 tem-

1823 2442 2083 2512 perantia:
2108 2442 2266 2497 laude
2295 2440 2589 2507 ﬂoruisset,
2616 2459 2679 2499 ac
2713 2444 2780 2499 de
2809 2444 2922 2498 suis
2952 2445 3156 2512 optime
3200 2443 3393 2497 merita

1822 2540 1988 2600 esset,
2010 2532 2344 2588 divinitatem
2375 2541 2497 2603 post
2517 2534 2722 2588 obitum
2747 2544 3116 2598 consecutam,
3144 2549 3390 2605 novoque

1822 2625 2041 2681 nomine
2076 2624 2299 2680 Terram
2339 2627 2657 2696 appellatam
2704 2626 2889 2682 fuisse.
2946 2626 3205 2682 Praeterea
3254 2626 3400 2684 Coeli

1820 2716 1961 2771 filias
2000 2714 2266 2772 Basileam
2288 2757 2303 2783 ,
2333 2714 2649 2786 Rbeamque
2679 2717 2899 2772 laudant
2926 2760 2941 2781 ,
2983 2734 3105 2788 qme
3136 2716 3384 2773 Pandora

1820 2823 2038 2879 quoque
2088 2809 2421 2863 nominatur.
2472 2809 2551 2863 Ac
2607 2808 2869 2863 Basileam
2918 2809 3137 2879 quidem
3188 2812 3387 2876 aiunt,

1820 2900 1966 2969 quod
1996 2908 2239 2955 materna
2266 2900 2426 2970 plane
2458 2901 2831 2956 benevolentia
2860 2899 3055 2957 fratres
3080 2903 3385 2969 educasset,

1820 3000 2049 3046 matrem
2089 3006 2211 3048 esse
2239 3001 2644 3062 nuncupatam:
2673 3009 2905 3063 cumque
2947 2993 3099 3049 leo
3123 2995 3235 3063 jam
3280 2994 3386 3049 vita

1820 3082 2011 3138 functo
2037 3098 2160 3138 cum
2196 3080 2500 3154 Hyperione
2527 3082 2690 3137 fratre
2716 3083 3121 3136 matrimonium
3156 3083 3381 3147 iniisset,

180 3147 339 3232 Ἥλιῷ
362 3147 449 3233 at
470 3147 730 3252 Σελὶψην.
757 3182 895 3245 Τοὺς
924 3180 980 3235 δὲ
1007 3147 1265 3251 agnos,
1288 3181 1387 3250 τῆς
1431 3147 1585 3246 Ῥέας
1618 3198 1714 3250 φο-

1820 3175 2017 3231 liberos
2043 3176 2295 3245 genuisse
2316 3175 2474 3240 duos,
2504 3190 2736 3245 quorum
2765 3175 2991 3229 alterum
3024 3174 3228 3240 Solem,
3254 3174 3388 3229 alte-

176 3272 428 3343 ϐηθέντας,
481 3274 576 3326 τὸν
626 3275 724 3345 μὲν
784 3274 1070 3345 Ὑπερίονα
1124 3274 1487 3344 κατασφάξαι,
1537 3276 1627 3328 τὸν
1658 3275 1713 3328 δὲ

178 3365 331 3418 Ἥλιον
354 3369 431 3429 εις
460 3368 555 3420 τὸν
596 3366 874 3438 Ἠριδανὸν
901 3366 1141 3437 ποταμὸν
1167 3366 1459 3431 ἁποπνίξαι
1480 3384 1494 3397 ο
1530 3366 1627 3438 τὴν
1659 3366 1713 3420 δὲ

177 3458 374 3529 Σελήνην
400 3458 576 3511 ταῦτα
606 3457 899 3528 μαθοῦσαν,
922 3458 1028 3511 ἀπὸ
1058 3458 1281 3525 στέγους
1303 3460 1501 3529 ἑαυτὴν
1532 3458 1709 3530 ῥίψαι.

176 3548 263 3619 Τὴν
290 3548 340 3602 δὲ
364 3550 592 3620 ιμητέρα
634 3547 849 3618 ἐμμανῆ
900 3545 1197 3617 γενομένην
1223 3546 1525 3600 πλανᾶσθαι
1576 3548 1713 3601 κατὰ

176 3638 253 3710 τὴν
280 3636 471 3709 χώραν,
507 3639 807 3709 λελυμένην
839 3638 935 3710 μὲν
955 3637 1385 3711 τὰς-τρίχας,διά
1418 3639 1712 3709 τυμπάνων

173 3728 217 3781 δὲ
245 3731 325 3782 καὶ
353 3729 647 3801 κυμϐάλων
670 3728 1023 3794 ἐνθεάζουσαν
1043 3770 1057 3793 ,
1101 3730 1193 3782 καὶ
1221 3728 1357 3793 ὅλως
1405 3729 1586 3799 ἀφανῆ
1618 3730 1712 3782 καὶ

173 3817 310 3889 αὐτὴν
337 3820 605 3889 γενέσθαι.
639 3819 774 3882 Τοὺς
800 3818 855 3872 δὲ
888 3818 1076 3890 ὄχλους
1106 3818 1489 3889 θαυμάσαντας
1505 3817 1599 3890 τὴν
1624 3836 1712 3871 πε-

177 3910 431 3980 ριπέτειαν,
464 3913 556 3965 τὸν
586 3913 686 3983 μὲν
712 3910 893 3964 Ἥλιον
926 3912 1019 3964 καὶ
1052 3910 1150 3983 τὴν
1184 3912 1420 3982 Σελήνην
1473 3928 1711 3981 μεταγα-

175 4004 262 4069 γεῖν
289 4004 375 4057 ἐπὶ
404 4004 471 4057 τὰ
496 4006 615 4058 κατ’
646 4004 883 4076 Οὐρανὸν
900 4004 1072 4074 ἄστρα
1090 4018 1103 4032 ·
1137 4004 1235 4074 τήν
1258 4020 1319 4055 τε
1355 4003 1566 4075 μητέρα
1588 4002 1709 4055 τού-

173 4110 283 4159 των,
327 4096 442 4150 θεόν
488 4113 547 4149 τε
574 4096 812 4167 νομίσαι,
841 4096 935 4150 καὶ
989 4094 1207 4166 βωμοὺς
1247 4094 1581 4165 ἱδρύσασθαι,
1616 4095 1709 4147 καὶ

174 4187 266 4250 ταῖς
296 4187 377 4241 διὰ
414 4189 711 4261 τυμπάνων
757 4187 846 4241 καὶ
892 4186 1185 4257 κυμϐάλων
1223 4185 1519 4256 ἐνεργείαις
1547 4185 1708 4256 τιμῆ-

178 4292 265 4335 σαι.

230 4581 245 4614 ι
276 4563 473 4635 Φρύγες
503 4564 558 4617 δέ
601 4579 733 4632 φασι
769 4562 958 4635 Μηόνα
996 4558 1386 4632 βασιλεύσαντα
1425 4556 1524 4626 τῆς
1558 4556 1701 4627 Φρυ-
1735 4508 1780 4563 D

174 4655 287 4723 γξας,
308 4656 467 4710 παῖδα
482 4654 728 4727 Κυϐέλην
740 4652 1059 4727 κτήσασθαι,
1082 4653 1147 4723 ἦν
1169 4651 1262 4704 καὶ
1287 4650 1522 4721 σύριγγα
1550 4646 1701 4719 πρώ-

171 4764 247 4819 την
262 4748 448 4817 εὑρεῖν,
478 4746 740 4819 κληθῆναί
772 4763 829 4800 τε
853 4745 1062 4818 Ὀρεῐαν
1100 4742 1332 4815 μητέρα*
1352 4740 1615 4810 Μαρσύαν
1644 4739 1700 4793 δὲ

173 4837 241 4890 τὸν
265 4838 439 4911 Φρύγα
467 4838 601 4911 πρὸς
623 4836 826 4906 ταύτην
859 4836 1037 4905 φιλίαν
1065 4833 1255 4904 ἔχοντα
1278 4872 1294 4897 ,
1349 4830 1563 4903 πρῶτον
1604 4830 1701 4883 αὑ-

173 4927 267 4991 λοὺς
312 4929 705 5002 συστήσασθαι·
766 4926 1066 4982 διατελέσαι
1119 4926 1174 4978 δὲ
1236 4924 1397 4995 μέχρι
1443 4923 1697 4994 τελευτῆς

174 5020 424 5095 ἀπείρατον
456 5023 799 5095 ἀφροδισίων.
831 5020 941 5091 Τὴν
971 5020 1026 5072 δὲ
1057 5017 1305 5085 Κυϐέλην
1340 5014 1697 5068 συνελθοῦσαν

174 5116 233 5177 εἰς
254 5116 453 5186 ὁμιλίαν
478 5114 704 5180 Ἀττιδι,
735 5113 985 5183 γενέσθαι
1012 5110 1144 5179 ὲγκύ
1154 5127 1307 5181 μονα.
1327 5102 1400 5163 Οὗ
1432 5107 1698 5177 γνωσθέν-

175 5222 258 5271 τος,
294 5212 319 5262 ὀ
348 5209 549 5282 ταύτης
579 5208 758 5279 πατὴρ
828 5209 917 5260 τὸν
952 5208 1136 5258 Ἀττιν
1185 5205 1416 5275 ἀναιρεῖ,
1468 5201 1561 5255 καὶ
1596 5200 1703 5265 τὰς

174 5299 387 5367 τροφούς·
416 5300 511 5373 τὴν
532 5301 589 5355 δὲ
618 5299 865 5370 Κυϐέλην
886 5298 1103 5369 ἐμμανῆ
1131 5295 1447 5366 γενομένην,
1476 5294 1569 5346 ἐπὶ
1601 5290 1697 5364 τὴν

178 5387 318 5461 χώραν
336 5393 657 5466 ἐκπηδῆσαι,
691 5392 866 5447 ὲκεῖσέ
893 5408 951 5443 τε
975 5388 1328 5454 ὀλολύζουσαν
1364 5386 1457 5441 καὶ
1485 5403 1697 5457 τυμπα-

179 5482 379 5545 νίζουσαν
408 5485 685 5540 διατελεῖν.
713 5487 952 5537 Συνεῖναι
978 5484 1033 5537 δὲ
1051 5485 1186 5553 αὐτῇ
1218 5484 1500 5554 Μαρσύαν,
1534 5480 1591 5533 ὃν
1620 5482 1697 5541 εἰς

230 5620 342 5692 (56‘)
379 5621 528 5675 Φασὶ
557 5623 781 5675 τοίνυν.
817 5619 1039 5692 yiodor.
1081 5616 1175 5672 lib.
1201 5632 1281 5679 Ill,
1322 5633 1373 5687 p.
1405 5613 1507 5668 189
1537 5611 1598 5675 D,
1628 5628 1692 5665 ex

180 5702 259 5755 quo
282 5688 524 5746 nonnulla
553 5692 779 5747 strictim
816 5688 1102 5745 Eusebius.

231 5760 317 5828 (57)
357 5764 619 5826 Texalac.
662 5762 799 5830 Lege
830 5760 1053 5813 Τιταίας
1074 5777 1191 5812 eum
1225 5756 1479 5830 Diodoro.
1512 5771 1562 5822 p.

184 5824 324 5897 Mhi
349 5836 502 5888 etiam
537 5824 633 5897 ait,
663 5824 956 5887 octiuiccim
983 5830 1102 5881 illus
1137 5830 1317 5881 Ίιιιιιιιι
1344 5824 1541 5881 liberos
1579 5825 1683 5878 ἀπὸ

1816 3285 1931 3324 ram
1965 3269 2173 3324 Lunam
2204 3269 2415 3324 vocarit
2444 3288 2457 3324 :
2516 3267 2679 3324 Rhea:
2735 3284 2864 3322 vero
2888 3268 3103 3333 fratres,
3139 3268 3283 3336 quod
3316 3267 3385 3321 ab

1816 3360 1884 3415 iis
1915 3360 2016 3415 sibi
2052 3368 2378 3427 metuerent,
2406 3358 2768 3431 Hyperionem
2797 3360 3030 3428 primum
3060 3358 3338 3428 jugulasse
3366 3400 3381 3423 ,

1814 3452 2009 3506 deinde
2047 3451 2230 3508 Solem
2272 3452 2492 3507 Eridani
2542 3451 2784 3507 fluminis
2814 3451 2972 3521 aquis
3019 3449 3381 3519 praefocasse;

1814 3544 2022 3600 Lunam
2074 3557 2296 3613 autem,
2343 3553 2565 3615 accepto
2612 3545 2744 3599 dirae
2773 3544 3096 3599 calamitatis
3145 3543 3380 3607 nuntio,

1812 3652 1932 3693 sese
1962 3638 2029 3693 de
2078 3652 2294 3693 summo
2326 3645 2467 3692 tecto
2499 3636 2829 3706 praecipitem
2863 3635 3112 3690 dedisse:
3152 3644 3378 3688 matrem

1811 3729 2047 3801 denique
2076 3728 2262 3783 furore
2292 3736 2490 3792 actam,
2520 3728 2726 3796 sparsis
2765 3727 3008 3782 crinibus
3034 3768 3048 3790 ,
3084 3724 3379 3796 tympanis-

1811 3839 1918 3894 que
1942 3840 2005 3878 ac
2034 3822 2295 3894 cymbalis
2322 3821 2559 3876 amatum
2584 3821 2824 3875 numinis
2849 3832 2902 3874 et
2925 3820 3179 3888 impetum
3206 3827 3359 3872 osten

1809 3916 2061 3981 dentem,
2102 3924 2269 3969 totam
2304 3915 2504 3984 passim
2538 3914 2815 3984 regionem
2848 3913 3130 3967 oberrasse
3156 3952 3169 3973 ,
3206 3910 3379 3966 donec

1812 4007 1930 4077 ipsa
1975 4021 2194 4077 quoque
2220 4007 2463 4062 omnium
2498 4021 2564 4060 ex
2612 4005 2786 4060 oculis
2816 4004 3145 4059 evanuisset.
3195 4002 3379 4073 itaque

1810 4097 2214 4151 multitudinem
2247 4096 2411 4165 hujus
2454 4095 2690 4150 novitate
2716 4109 2876 4149 casus
2904 4092 3189 4146 attonitam
3215 4132 3230 4157 ,
3278 4090 3377 4145 So-

1808 4189 1911 4244 lem
1940 4198 2104 4259 atque
2152 4187 2362 4242 Lunam
2395 4188 2448 4241 in
2477 4186 2690 4257 gemina
2740 4185 2862 4239 ειειὶ
2914 4183 3087 4238 sidera
3136 4191 3377 4236 transtu-

1806 4282 1976 4347 lisse,
2024 4280 2308 4350 utriusquc
2352 4295 2479 4335 vero
2531 4290 2760 4333 matrem
2805 4276 2918 4331 dea:
2971 4276 3088 4329 loco
3137 4276 3373 4329 habitam

1806 4375 1999 4430 erectis
2047 4374 2350 4438 altaribus,
2402 4383 2456 4428 et
2504 4381 2765 4442 usurpato
2801 4370 2965 4427 simili
2995 4380 3375 4441 tympanorum

1808 4465 2288 4536 cymbalorumque
2318 4464 2522 4534 crepitu
2567 4462 2820 4517 coluisse.

1882 4557 1992 4629 58
2022 4578 2040 4610 ι
2077 4559 2147 4612 At
2185 4574 2313 4612 vero
2342 4556 2579 4628 Phryges
2611 4554 2854 4609 Mconem
2894 4555 3179 4623 quemdam
3224 4552 3375 4607 aiunt

1808 4654 2057 4725 Phrygiae
2099 4668 2277 4723 regem
2327 4651 2493 4705 filiam
2539 4650 2790 4703 habuisse
2832 4648 3051 4701 nomine
3079 4647 3328 4717 Cybelem
3353 4686 3369 4709 ,

1808 4759 1929 4815 quae
1967 4744 2139 4813 prima
2176 4742 2408 4797 fistulam
2460 4739 2759 4803 invenerit,
2810 4748 2861 4791 ct
2906 4738 3156 4791 Montana
3208 4735 3373 4789 Mater

1804 4836 2070 4906 appellata
2100 4834 2302 4889 fuerit:
2334 4832 2598 4904 Marsyam
2647 4841 2824 4884 autem
2869 4830 3039 4899 patria
3083 4826 3371 4899 Phrygem,

1805 4945 1929 4983 cum
1959 4930 2061 4998 ipsi
2088 4928 2374 4982 familiaris
2402 4936 2565 4992 esset,
2599 4925 2759 4979 tibias
2788 4922 3143 4985 conflavisse;
3173 4929 3222 4973 et
3249 4933 3370 4973 cor-

1804 5022 1955 5090 poris
2001 5022 2362 5091 integritatem
2408 5036 2437 5073 a
2473 5018 2634 5073 rebus
2682 5016 2924 5071 venereis
2972 5014 3264 5067 immunem
3306 5025 3371 5065 ac

1804 5115 2027 5169 liberam
2072 5113 2137 5168 ad
2172 5114 2378 5168 obitum
2415 5128 2587 5182 usque
2612 5123 2875 5165 servasse.
2899 5104 3115 5159 Addunt
3149 5113 3369 5174 printer-

1802 5221 1865 5260 ea
1897 5205 2122 5277 Cybeles
2150 5204 2402 5269 Patrem,
2433 5219 2555 5258 cum
2591 5216 2711 5257 eam
2738 5216 2801 5255 ex
2830 5197 3027 5252 Attidis
3073 5204 3369 5251 consuetu-0

1803 5300 1929 5355 dine
1974 5306 2187 5351 uterum
2236 5305 2448 5367 gestare
2493 5292 2884 5363 comperisset,
2930 5290 2997 5344 de
3031 5287 3209 5341 medio
3260 5301 3365 5339 non

1803 5390 1952 5443 Attin
1986 5387 2169 5449 modo,
2200 5386 2294 5440 sed
2339 5386 2483 5455 ipsas
2508 5396 2724 5453 quoque
2755 5381 2989 5435 nutrices
3038 5377 3363 5433 sustulisse:

1804 5478 1897 5550 qui
1926 5477 2283 5531 adolescentis
2308 5476 2557 5529 interitus
2580 5489 2644 5526 eo
2664 5471 2892 5542 Cybeles
2914 5470 3153 5524 animum
3185 5467 3367 5521 furere

1798 5616 1893 5685 τῆς
1921 5617 2123 5688 μητρὸς
2155 5611 2787 5688 ὀνομάζεσθαι-Τιτᾶνας,
2811 5605 2943 5688 Quae
2972 5606 3176 5688 notatio
3202 5620 3362 5675 quam

1798 5676 1943 5741 recta
1974 5676 2064 5750 sit,
2102 5676 2398 5757 inytliologi
2438 5680 2691 5736 viderint.
2724 5679 2859 5734 Vide
2883 5694 2936 5748 p.
2964 5677 3070 5731 192
3095 5676 3159 5742 Α,
3200 5689 3322 5743 pen.

1866 5778 1975 5856 (58)
2015 5777 2267 5847 Μητέρα.
2314 5774 2555 5841 υἱοςιοικ,
2590 5773 2834 5846 μεγάλην
2866 5770 3094 5847 μητέρα.
