3948 6376
477 350 584 405 Ilii

1114 346 1386 405 EUSEBU
1423 343 1906 403 (ΞέΕδΑΒΙΕΝδΙδ
1952 343 2037 403 0P

2148 335 2326 399 PARS
2366 323 2431 387 Η.
2463 367 2531 387 ~—
2570 345 3068 401 APOLOGETICA.

476 465 790 534 concitavit,
820 475 882 523 ut
908 481 1005 539 per
1045 467 1355 522 universam
1393 466 1663 537 regionem
1692 483 1813 522 cum
1865 468 2037 522 ulula-

2144 464 2373 537 ἅμιλλαν
2401 466 2529 536 “napi.
2560 466 2820 535 μουσικῆς
2858 464 3076 518 ἐλθόντα
3118 462 3194 533 τῷ
3234 463 3525 517 Ἀπόλλωνι
3545 504 3559 521 .
3615 465 3707 517 καὶ

478 560 646 623 tibus.
678 575 743 616 ac
769 569 1148 631 tympanorum
1183 559 1361 613 sonitu
1397 566 1655 627 perpetuo
1689 558 2038 615 discursaret.

478 652 649 709 Porro
679 651 949 726 Marsyam
980 661 1094 707 tum
1141 653 1358 723 quidem
1394 661 1452 705 ut
1498 651 1791 721 plurimum
1821 668 1945 707 cum
1979 668 2042 707 ea

478 750 755 797 versatum
786 757 927 806 esse,
959 751 1144 815 postea
1174 754 1300 794 vero
1330 741 1400 793 ab
1435 740 1679 810 Apolline
1705 782 1720 808 ,
1756 740 1847 811 qui
1875 742 2044 796 victo—

479 834 617 887 riam
646 847 712 888 οι
746 833 957 888 musico
1002 831 1300 886 certamine
1348 846 1469 884 cum
1512 831 1701 885 eodem
1751 832 2044 887 commisso

480 924 779 991 retulerat,
810 934 988 979 cutem
1036 921 1139 992 ipsi
1191 921 1315 975 vivo
1361 938 1425 977 ac
1475 923 1698 993 spiranti
1747 923 2044 980 detractam

478 1014 665 1070 fuisse.
693 1014 896 1069 Deinde
916 1012 1218 1083 Apollinem
1242 1008 1467 1082 Cybeles
1488 1026 1675 1067 amore
1701 1010 2039 1083 ﬂagrantem,

473 1120 726 1159 errorum
758 1105 808 1159 ei
839 1119 960 1159 sese
992 1102 1059 1157 ad
1090 1100 1465 1174 Hyperboreos
1493 1119 1664 1173 usque
1696 1103 1948 1159 comitem
1981 1118 2045 1158 ac

476 1194 687 1250 socium
718 1195 1037 1264 praebuisse,
1072 1192 1377 1263 Attidisque
1402 1195 1631 1249 cadaver
1663 1194 1899 1264 sepeliri,
1934 1196 2043 1267 Cy-

475 1288 759 1357 belemque
788 1287 958 1358 ipsam
991 1302 1093 1357 pro
1122 1287 1219 1342 dea
1254 1288 1357 1343 coli
1397 1287 1627 1358 jussisse
1657 1307 1671 1343 :
1714 1303 1834 1359 quae
1877 1304 2044 1344 causa

474 1379 566 1443 sit,
598 1378 952 1447 quamobrem
975 1376 1215 1450 Phryges
1240 1379 1538 1435 etiamnum
1565 1378 1710 1434 hunc
1738 1394 1945 1434 morem
1969 1380 2043 1434 ita

473 1470 764 1536 retineant,
798 1480 857 1526 ut
887 1470 1248 1527 adolescentis
1276 1471 1554 1526 interitum
1582 1471 1840 1542 lacrymis
1869 1472 2045 1527 luctu-

473 1577 581 1631 que
612 1573 1053 1633 prosequantur,
1101 1578 1336 1632 eumque
1385 1578 1509 1619 cum
1558 1562 1755 1634 Cybele
1793 1572 1904 1617 tum
1950 1579 2046 1619 ex-

474 1655 696 1710 structis
727 1656 857 1720 aris,
888 1664 999 1709 tum
1025 1655 1360 1711 solemnibus
1380 1654 1663 1710 sacriﬁciis
1692 1665 2039 1711 venerentur.

473 1745 618 1812 Quin
664 1748 826 1803 etiam
862 1748 930 1803 ab
980 1748 1168 1802 iisdem
1216 1748 1563 1819 postmodum
1615 1748 1671 1802 in
1720 1747 2045 1805 Pessinunte

474 1837 722 1911 Phrygia:
745 1838 943 1910 oppido
975 1841 1265 1910 superbum
1315 1856 1380 1897 ac
1411 1841 1757 1910 magniﬁcum
1790 1841 1867 1896 illi
1898 1851 2040 1897 tem-

476 1932 623 2000 plum
669 1932 962 1988 excitatum
989 1974 1004 1998 ,
1054 1935 1107 1988 in
1163 1950 1336 2005 coque
1382 1935 1647 1991 sacriﬁcia
1696 1935 2040 2007 honoresque

475 2023 689 2079 divinos
719 2024 957 2079 maximo
985 2025 1536 2097 splendidissimoque
1573 2036 1831 2097 apparatu
1880 2027 2038 2083 insti-

481 2122 628 2169 tutos
655 2113 840 2170 fuisse.
862 2114 982 2169 Jam
1008 2132 1136 2170 vero
1163 2115 1298 2172 ϐαξιὶ
1331 2116 1470 2172 ﬁlios
1504 2117 1807 2189 Hyperione
1827 2119 2041 2174 sublato

478 2220 703 2273 regnum
738 2205 878 2260 inter
908 2222 1026 2261 sese
1054 2205 1306 2263 divisisse
1330 2247 1345 2275 ,
1380 2220 1614 2277 quorum
1652 2208 1811 2278 longe
1853 2208 2042 2264 claris-

477 2295 602 2351 simi
630 2296 784 2351 Atlas
818 2304 873 2350 et
922 2296 1191 2354 Saturnus
1224 2299 1517 2354 evaserint.
1564 2300 1740 2369 Atque
1771 2298 2039 2353 Atlantem

473 2388 694 2456 quidem
724 2388 904 2444 vicina
934 2389 1151 2446 Oceano
1182 2391 1303 2446 loca
1348 2393 1621 2458 tenuisse,
1653 2406 1779 2446 rara
1807 2390 2040 2461 quadam

474 2479 781 2550 astrologia:
810 2480 1119 2551 cognitione
1148 2490 1516 2552 praestantem.
1556 2482 1712 2540 Hunc
1742 2492 1948 2553 septem
1978 2483 2043 2537 ﬁ-

476 2573 579 2626 lias
612 2571 872 2627 habuisse
898 2572 1119 2627 nomine
1149 2571 1475 2638 Atlantidas,
1509 2590 1631 2644 qua:
1661 2591 1726 2629 ex
1760 2574 2045 2645 primario-

476 2679 596 2717 rum
623 2662 944 2734 eximimque
988 2664 1187 2719 indolis
1232 2665 1457 2720 deorum
1495 2664 1786 2719 concubitu
1820 2665 2043 2734 amplis-

474 2755 600 2811 simi
622 2756 839 2828 generis
859 2755 1037 2825 capita
1062 2756 1337 2827 ducesque
1365 2755 1585 2822 fuerint,
1618 2757 1884 2826 susceptis
1904 2757 2045 2826 ejus-

478 2848 626 2902 modi
684 2847 914 2914 liheris,
964 2861 1104 2917 quos
1154 2857 1375 2918 prapter
1424 2848 1673 2902 virtutem
1724 2849 1777 2903 in
1816 2850 2040 2903 deorum

474 2938 815 3009 heroumque
844 2954 1072 2993 numero
1100 2948 1287 3008 postea
1314 2948 1665 2994 censuerunt.
1688 2939 1886 2994 Earum
1914 2953 2041 2995 vero

474 3039 606 3084 natu
648 3030 941 3083 maximam
971 3070 988 3096 ,
1014 3044 1135 3099 qure
1162 3027 1302 3084 Maia
1349 3031 1644 3086 vocabatur
1667 3071 1682 3096 ,
1713 3030 2040 3087 Mercurium

471 3120 591 3177 Jovi
629 3122 922 3193 peperisse.
968 3122 1039 3176 At
1089 3121 1386 3178 Saturnum
1434 3138 1542 3177 non
1587 3124 1767 3179 minus
1813 3125 2040 3179 avaritia

471 3230 635 3286 quam
665 3214 885 3269 libidine
921 3214 1445 3286 intemperantiaque
1478 3214 1745 3270 famosum
1777 3254 1791 3281 ,
1832 3213 2038 3271 Rheam

471 3320 721 3362 sororem
757 3322 939 3362 secum
973 3306 1321 3360 matrimonio
1353 3306 1727 3375 conjunxisse,
1759 3321 1826 3362 ex
1867 3322 2041 3377 eaque

468 3395 658 3452 Jovem
689 3398 1018 3467 suscepisse.
1045 3396 1111 3451 Et
1136 3396 1300 3451 alium
1322 3398 1540 3466 quidem
1564 3399 1675 3468 jam
1703 3408 1827 3455 ante
1852 3398 2039 3455 Jovem

470 3489 765 3555 exstitisse,
799 3489 892 3558 qui
914 3489 1042 3544 lei
1070 3488 1236 3544 frater
1262 3504 1385 3543 cum
1409 3498 1552 3545 esset
1574 3491 1627 3544 in
1652 3490 1813 3546 Creta
1844 3506 2039 3562 regna-

470 3588 663 3647 verat,
689 3596 851 3650 quem
887 3590 1063 3636 tamen
1111 3582 1382 3651 posterior
1433 3582 1521 3637 hic
1554 3584 1713 3655 longo
1760 3584 2038 3656 dignitatis

469 3683 526 3727 et
569 3673 756 3743 gloria:
799 3673 1067 3744 superarit
1114 3673 1415 3729 intervallo.
1472 3674 1681 3745 Quippe
1706 3676 1851 3731 hunc
1890 3679 2035 3732 enim

470 3764 591 3819 orbi
623 3774 889 3820 terrarum
921 3766 1174 3820 universo
1206 3766 1535 3836 imperasse,
1585 3785 1708 3823 cum
1754 3771 1901 3840 prior
1949 3771 2039 3826 ille

468 3858 572 3913 soli
602 3856 778 3913 Creta:
807 3858 1121 3911 dominatus
1145 3868 1327 3923 esset,
1361 3859 1451 3913 ubi
1483 3861 1666 3914 decem
1700 3863 1841 3917 ﬁlios
1870 3861 2039 3918 Cure-

470 3959 551 4003 tas
594 3949 814 4004 nomine
859 3950 1202 4020 procrearit;
1249 3950 1405 4020 cujus
1434 3952 1596 4006 etiam
1647 3954 1825 4009 adhuc
1853 3955 2036 4025 sepul-

467 4042 660 4096 chrum
692 4042 747 4096 in
776 4042 939 4097 Creta
965 4043 1174 4097 ostendi
1208 4042 1349 4098 fama
1375 4053 1478 4103 est.
1504 4044 1612 4117 59
1642 4045 1813 4102 Porro
1847 4048 2039 4104 Satur-

468 4149 600 4189 num
628 4132 892 4198 Siciliam,
942 4132 1165 4205 Libyam
1191 4144 1245 4190 et
1274 4134 1478 4191 Italiam
1509 4138 1737 4206 imperio
1764 4140 2034 4207 tenuisse,

464 4225 624 4293 cujus
670 4224 815 4278 ﬁlius
841 4222 1051 4294 Jupiter
1080 4226 1203 4280 vitae
1249 4228 1518 4282 rationem
1571 4230 1755 4284 inierit
1798 4238 2036 4301 paterna:

464 4316 693 4370 otiinino
756 4319 1105 4374 contrariam.
1172 4317 1329 4375 llune
1381 4320 1473 4373 alii
1530 4337 1754 4392 regnum
1816 4324 2036 4378 cedente

467 4408 612 4461 ultro
649 4414 802 4478 patre
830 4410 1133 4478 capessisse
1171 4410 1358 4464 volunt
1382 4452 1398 4477 ,
1441 4411 1535 4465 alii
1565 4428 1835 4469 consensu
1859 4430 2033 4484 pepu-

2144 556 2469 629 ἡττηθέντα,
2510 556 2687 621 ζῶντα
2723 555 2827 607 ὑπὸ
2857 554 2951 607 τοῦ
2997 554 3324 617 Ἀπόλλωνος
3392 553 3704 625 ἐκδαρῆναι.

2144 650 2247 700 Τὸν
2271 647 2327 701 δὲ
2372 646 2701 711 Ἀπόλλωνα,
2726 645 3021 717 ἐρασθέντα
3048 645 3145 715 τῆς
3167 644 3431 715 Κυϐέλης,
3464 645 3709 716 συμπλα-

2144 740 2371 812 νηθῆναι
2402 739 2511 809 (59)
2533 739 2669 809 αὐτῇ
2697 738 2859 819 μέχρι
2879 736 2983 789 τῶν
3020 736 3417 807 Ὑπερϐορέων,
3455 736 3709 789 κελεῦσαί

2144 847 2203 883 τε
2233 829 2399 899 θάψαι
2426 828 2486 881 τὸ
2514 827 2755 890 ’Ἄττιδος
2792 826 2949 897 σῶμα
2969 867 2983 890 ,
3021 826 3113 879 καὶ
3141 828 3305 896 τιμᾷν
3331 826 3407 889 ὼς
3463 823 3582 878 θεὸν
3612 826 3711 897 τήν

2147 922 2415 993 Κυϐέλην.
2450 922 2649 992 Διόπερ
2703 918 2869 972 εἰσέτι
2922 920 3016 971 καὶ
3050 919 3287 989 σήμερον
3326 919 3451 980 τοὺς
3494 918 3712 989 Φρύγας

2144 1014 2301 1068 τοῦτο
2324 1015 2518 1078 ποιεῖν,
2554 1011 2883 1083 θρηνοῦντας
2904 1010 2995 1063 τοῦ
3027 1011 3312 1082 μειρακίου
3343 1011 3433 1065 τὸν
3457 1010 3709 1075 θάνατον,

2148 1107 2363 1178 βωμούς
2389 1123 2446 1159 τε
2478 1104 2887 1177 ἰδρυσαμένους,
2924 1101 3134 1165 θυσίαις
3166 1104 3350 1155 Ἀττιν
3396 1120 3453 1155 τε
3490 1104 3584 1155 καὶ
3617 1103 3712 1174 τὴν

2147 1199 2395 1270 Κυϐέλην
2421 1199 2604 1268 τιμᾷν.
2634 1197 2898 1265 ’Ὕστερον
2921 1194 3066 1246 δὲ’ὲν
3090 1193 3401 1246 Πεσινοῦντι
3445 1193 3543 1263 τῆς
3570 1195 3714 1264 Φρυ-

2146 1292 2269 1361 γίας
2312 1288 2722 1344 κατασκευάσαι
2769 1286 2895 1339 ναὸν
2943 1283 3226 1354 πολυτελῆ,
3263 1284 3355 1336 καὶ
3405 1284 3569 1353 τιμὰς
3622 1285 3718 1336 καὶ

2147 1382 2336 1445 θυσίας
2362 1378 2670 1444 καταδεῖξαι
2707 1374 3312 1448 μεγαλοπρεπεστάτας.
3342 1375 3493 1427 Μετά
3521 1374 3579 1427 δὲ
3616 1376 3719 1447 τὴν

2158 1472 2470 1544 Ὑπερίονος
2508 1470 2765 1539 τελευτὴν
2786 1469 2911 1531 τοὺς
2936 1465 3178 1537 Οὐρανοῦ
3210 1465 3399 1527 παῖδας
3444 1464 3720 1519 διελέσθαι

2144 1565 2245 1635 τὴν
2263 1562 2554 1633 βασιλείαν,
2573 1554 2648 1613 ὧν
2666 1559 2928 1630 ὑπάρχειν
2959 1556 3414 1624 ἐπιφανεστάτους
3448 1554 3723 1610 Ἄτλαντα

2147 1656 2239 1707 καὶ
2260 1654 2483 1725 Κρόνον.
2503 1651 2700 1705 Τοῦτον
2722 1650 2777 1704 δὲ
2804 1649 2895 1703 τὸν
2925 1646 3193 1700 Ἄτλαντα
3216 1644 3398 1736 λαϐεῖν
3419 1646 3544 1708 τοὺς
3565 1645 3722 1716 παρὰ

2143 1743 2234 1797 τὸν
2273 1740 2521 1795 Ὠκεανὸν
2552 1740 2769 1803 τόπους,
2804 1737 3092 1807 γενόμενον
3109 1735 3431 1805 ἀστρολόγον
3459 1736 3681 1807 ἄριστον
3703 1752 3721 1767 ο

2071 1828 2115 1884 Β
2144 1833 2384 1907 ὑπάρξαι
2406 1834 2463 1888 δὲ
2487 1831 2634 1903 αὐτῷ
2678 1832 2773 1884 καὶ
2796 1828 3098 1899 θυγατέρας
3125 1827 3282 1889 ἑπτὰ,
3316 1827 3413 1891 τάς
3451 1827 3727 1899 καλουμέο

2141 1948 2237 1994 νας
2278 1927 2636 1989 Ἀτλαντίδας.
2669 1924 2883 1987 Ταύτας
2909 1923 2965 1977 δὲ
2995 1921 3243 1993 μιγείσας
3272 1924 3384 1986 τοῖς
3414 1922 3725 1991 εύφυεστάτ

2142 2040 2254 2086 τοις
2276 2022 2436 2086 θεοῖς,
2456 2020 2731 2092 ἀρχηγοὺς
2748 2016 3081 2086 καταστῆναι
3105 2014 3199 2067 τοῦ
3221 2015 3472 2068 πλείστου
3501 2016 3721 2084 γένους,

2143 2116 2404 2179 τεκούσας
2432 2114 2499 2167 δι’
2522 2113 2723 2184 ἀρετὴν
2750 2110 2904 2173 θεοὺς
2936 2112 3027 2162 καὶ
3058 2114 3265 2185 ἥρωας.
3290 2105 3389 2162 Ὧν
3436 2110 3533 2181 τὴν
3576 2123 3723 2181 πρε-

2147 2206 2416 2277 σϐυτάτην
2434 2204 2613 2257 Μαῖαν
2638 2204 2720 2256 Διὶ
2752 2207 3021 2274 μιγεῖσαν,
3050 2201 3429 2269 τεκνοποιῆσαι
3456 2200 3546 2253 τὸν
3591 2201 3723 2272 Ἐρ-

2149 2297 2276 2369 μῆν.
2314 2297 2415 2348 Τὸν
2432 2295 2487 2348 δὲ
2510 2295 2735 2367 Κρόνον,
2758 2295 3076 2369 διαφέροντα
3114 2293 3393 2364 πλεονεξία
3426 2293 3518 2346 καὶ
3555 2292 3725 2346 ἀσελ-

2142 2389 2285 2458 γείᾳ,
2324 2387 2501 2457 γῆμαι
2535 2387 2633 2459 τήν
2676 2386 2909 2459 ἀδελφήν
2950 2387 3125 2451 Ῥέαν,
3160 2385 3218 2452 ἐξ
3241 2380 3308 2459 ἦς
3336 2385 3593 2455 γεννῆσαι
3623 2384 3726 2437 τὸν

2144 2481 2261 2535 Δία.
2308 2479 2594 2548 Γεγονέναι
2638 2480 2693 2533 δὲ
2733 2479 2829 2533 καὶ
2868 2480 3050 2550 ἕτερον
3093 2479 3191 2531 Δία
3239 2479 3327 2531 τὸν
3355 2476 3576 2545 ἀδελφὸν
3615 2476 3726 2548 μὲν

2142 2572 2382 2639 Οὐρανοῦ
2400 2614 2414 2638 ,
2448 2573 2547 2643 τῆς
2571 2572 2628 2625 δὲ
2656 2575 2881 2645 Κρήτης
2899 2570 3308 2641 βασιλεύσαντα,
3335 2572 3401 2640 τῇ
3423 2569 3543 2639 δόξῃ
3577 2568 3723 2622 πολὺ

2142 2664 2456 2735 λειπόμενον
2472 2664 2565 2717 τοῦ
2595 2662 3074 2735 μεταγενεστέρου.
3107 2662 3305 2715 Τοῦτον
3335 2663 3431 2733 μὲν
3458 2657 3548 2715 οὖν
3568 2660 3727 2731 βασι-

2141 2755 2329 2809 λεῦσαι
2348 2755 2441 2808 τοῦ
2459 2757 2773 2827 σύμπαντος
2802 2755 3008 2825 κόσμου
3030 2771 3044 2785 ·
3061 2749 3231 2807 τὸνδὲ
3246 2754 3343 2824 τῆς
3359 2754 3598 2825 Κρήτης,
3618 2754 3726 2805 καὶ

2140 2847 2273 2901 δέκα
2295 2848 2484 2911 παῖδας
2519 2848 2796 2919 γεννῆσαι,
2818 2847 2945 2909 τοὺς
2975 2845 3371 2916 ὀνομασθέντας
3405 2846 3722 2915 Κουρῆτας,

2139 2938 2447 2993 δείκνυσθαι
2468 2939 2523 2992 δὲ
2542 2940 2703 2993 αὐτοῦ
2721 2957 2885 3009 φασιν
2908 2940 3072 2993 είσέτι
3106 2938 3199 2991 νῦν
3222 2938 3387 3007 τάφον
3422 2940 3477 2991 ἐν
3496 2940 3721 3010 Κρήτῃ.

2141 3030 2506 3085 Δυναστεῦσαι
2546 3031 2603 3084 δὲ
2639 3031 2728 3085 τὸν
2771 3031 2982 3104 Κρόνον
3012 3030 3153 3084 κατά
3196 3030 3441 3083 Σικελίαν
3482 3031 3574 3084 καὶ
3614 3032 3723 3083 Λι-

2142 3121 2277 3195 ϐύην
2302 3124 2395 3178 καὶ
2432 3124 2682 3178 Ἰταλίαν.
2719 3123 2921 3177 Τούτου
2960 3122 3016 3176 δὲ
3049 3124 3335 3193 γενόμενον
3356 3122 3447 3175 τὸν
3475 3122 3593 3186 Δία,
3621 3123 3726 3177 τὸν

2142 3216 2379 3270 ἐναντίον
2409 3216 2487 3288 τῷ
2514 3219 2680 3289 πατρὶ
2708 3217 2820 3287 βίον
2850 3216 3111 3287 ζηλῶσαι.
3144 3214 3497 3280 Διαδέξασθαι
3526 3216 3583 3269 δὲ
3611 3217 3722 3269 αὑ-

2138 3309 2227 3362 τὸν
2260 3308 2357 3379 τὴν
2390 3308 2661 3379 βασιλείαν
2698 3310 2746 3362 οἱ
2790 3309 2887 3379 μέν
2916 3324 3080 3377 φασιν
3114 3306 3327 3370 ἑκόντος
3368 3306 3462 3359 τοῦ
3508 3307 3723 3377 πατρὸς

2141 3404 2667 3472 παραχωρήσαντος·
2713 3403 2761 3453 οἱ
2801 3400 2876 3463 δὲ,
2928 3401 3035 3453 ὑπὸ
3071 3399 3180 3454 τῶν
3222 3402 3393 3473 ὄχλων
3431 3398 3725 3471 αἱρεθέντα

2138 3493 2224 3546 διὰ
2256 3492 2315 3545 τὸ
2349 3495 2501 3563 μῖσος
2532 3492 2592 3546 τὸ
2639 3492 2775 3563 πρὸς
2812 3492 2905 3546 τὸν
2946 3482 3177 3563 πατέρα.
3224 3492 3723 3566 Ἐπιστρατεύσαν-

2138 3602 2229 3648 τος
2250 3584 2306 3638 δὲ
2333 3587 2417 3637 ἐπ’
2448 3584 2606 3637 αὑτὸν
2628 3585 2721 3638 τοῦ
2748 3574 2955 3657 Κρόνου
2992 3584 3131 3655 μετά
3158 3583 3263 3637 τῶν
3296 3584 3557 3647 Τιτάνων,
3580 3600 3725 3653 κρα-

2138 3678 2300 3748 τῆσαι
2329 3678 2479 3751 μάχῃ
2504 3678 2594 3731 τὸν
2626 3678 2746 3743 Δία,
2784 3680 2877 3732 καὶ
2905 3678 3154 3731 ἐπελθεῖν
3192 3678 3373 3729 πᾶσαν
3404 3676 3501 3747 τὴν
3532 3677 3723 3727 οἰκου-

2141 3771 2329 3843 μένην,
2362 3770 2656 3838 διενεγκεῖν
2689 3770 2744 3822 δὲ
2773 3771 2935 3825 αὐτὸν
2970 3772 3219 3841 σώματος
3251 3767 3429 3839 ῥώμῃ,
3466 3766 3557 3820 καὶ
3592 3769 3723 3831 ταῖς

2137 3864 2322 3928 ἀλλαις
2348 3865 2587 3935 ἀρεταῖς,
2607 3864 2841 3933 σπουδήν
2857 3881 2915 3915 τε
2942 3863 3213 3917 ποιεῖσθαι
3237 3861 3415 3913 πᾶσαν
3443 3861 3521 3922 είς
3552 3857 3723 3912 κόλα-

2139 3975 2222 4010 σιν
2250 3956 2347 4028 μὲν
2372 3957 2479 4009 τῶν
2505 3956 2737 4019 ἀσεϐῶν,
2772 3955 3088 4027 εὐεργεσίας
3112 3955 3168 4007 δὲ
3192 3953 3301 4005 τῶν
3329 3951 3566 4019 ἀγαθῶν,
3592 3944 3727 4003 ἀνθ’

2136 4044 2210 4104 ὧν
2261 4051 2401 4121 μετά
2438 4051 2533 4123 τὴν
2567 4052 2623 4118 ἐξ
2658 4051 2956 4124 ἀνθρώπιον
2986 4050 3317 4121 μετάστασιν
3346 4044 3722 4117 ὀνομασθῆναι.

2137 4145 2300 4214 Ζῆνα,
2335 4143 2423 4197 διὰ
2458 4144 2516 4196 τὸ
2556 4144 2730 4197 δοκεῖν
2759 4142 2851 4197 τοῦ
2891 4142 3071 4205 καλῶς
3115 4140 3214 4213 ζῇν
3256 4140 3430 4192 αἴτιον
3458 4136 3722 4206 γενέσθαι

2134 4238 2247 4298 τοῖς
2278 4234 2600 4306 ἀνθρώποις.
2634 4234 2753 4288 Τῶν
2787 4235 2883 4305 μὲν
2917 4229 3008 4286 οὖν
3037 4233 3162 4303 περ)⁴
3184 4233 3297 4294 τοῖς
3356 4228 3720 4291 Ἀτλαντείοις

2136 4324 2584 4397 θεολογουμένων,
2613 4325 2682 4378 τὰ
2711 4325 2977 4395 κεφάλαια
3011 4322 3185 4377 ταῦτά
3210 4324 3346 4376 ἐστι.
3392 4320 3613 4383 Τούτοις
3651 4318 3721 4371 δέ

2136 4434 2266 4487 φασι
2302 4417 2543 4481 καὶτοὺς
2578 4416 2844 4486 ’Έλληνας
2875 4414 3232 4485 συγχρῆσθαι.
3275 4432 3291 4464 ι
3328 4408 3512 4464 Ταῦτα
3540 4411 3569 4462 ό
3589 4408 3719 4461 Διό-

464 4498 676 4564 lorum,
714 4499 809 4567 qui
835 4508 1043 4567 patrem
1096 4500 1221 4555 odio
1268 4512 1726 4571 prosequerentur
1751 4544 1765 4569 ,
1805 4505 2033 4559 electum

2140 4508 2301 4581 δωρος
2341 4511 2397 4562 ὲν
2425 4511 2493 4579 τῇ
2522 4508 2679 4582 τρίτῃ
2711 4507 2819 4561 τῶν
2872 4505 3182 4575 Ἰστοριῶν.
3232 4507 3288 4559 Ὀ
3333 4504 3379 4557 δ’
3409 4504 3572 4565 αὐτὸς
3619 4501 3721 4553 καὶ

465 4588 675 4643 fuisse:
705 4604 939 4660 cumque
990 4588 1280 4659 Saturnus,
1313 4591 1565 4648 Titanum
1593 4595 1796 4651 auxilio
1826 4596 2035 4662 fretus,

463 4678 520 4732 in
547 4678 718 4732 ﬁlium
749 4680 1042 4743 movisset,
1094 4682 1389 4737 commisso
1436 4684 1622 4751 praelio
1651 4682 1775 4739 Jovi
1802 4688 2035 4742 cessisse

462 4771 769 4837 victoriam,
801 4772 893 4843 qui
927 4774 1242 4828 universum
1272 4785 1458 4845 postea
1494 4776 1756 4831 mundum
1781 4792 2035 4848 peragra-

463 4864 554 4919 rit.
585 4862 851 4922 Eumdem
900 4882 1009 4921 non
1040 4867 1236 4922 robore
1269 4868 1431 4923 modo
1463 4871 1713 4940 corporis
1737 4913 1752 4938 ,
1785 4874 1876 4926 sed
1905 4874 2036 4930 alia-

358 4992 367 5043 ;
434 4972 586 5012 ~rum
628 4973 846 5030 quoque
879 4960 1143 5015 virtutum
1179 4959 1338 5018 laude
1381 4963 1700 5034 praestitisse
1727 5002 1743 5027 .
1775 4964 1829 5018 in
1859 4980 2032 5039 eoque

460 5060 649 5101 curam
680 5064 897 5107 omnem
925 5065 990 5105 ac
1018 5048 1260 5105 studium
1308 5052 1579 5121 posuisse,
1621 5054 1699 5108 uti
1740 5054 2031 5110 sceleratos

461 5138 681 5208 quidem
715 5143 927 5198 meritis
954 5144 1131 5214 prauis
1159 5145 1415 5209 alliceret,
1448 5146 1624 5202 bonos
1651 5155 1831 5202 autem
1862 5148 2027 5202 bene-

459 5233 599 5288 ﬁciis
629 5236 971 5292 cumularet:
1004 5236 1057 5291 id
1088 5237 1233 5307 quod
1274 5237 1329 5295 in
1362 5253 1526 5293 causa
1564 5237 1746 5305 fuerit,
1780 5254 1877 5294 cur
1902 5256 2028 5295 eum

458 5326 624 5379 rebus
652 5323 905 5381 humanis
934 5328 1263 5384 subductum
1294 5329 1459 5401 Ζῆνα,
1502 5330 1618 5396 hoc,
1637 5340 1721 5386 est
1766 5333 1890 5386 vita:
1931 5347 2029 5401 pa-

458 5430 707 5486 rentem,
756 5423 1123 5487 nominatim,
1159 5425 1302 5496 quod
1356 5425 1672 5481 hominibus
1724 5425 1843 5497 ipse
1892 5427 2028 5482 bene

454 5516 669 5571 vivendi
720 5525 911 5572 auctor
960 5516 1131 5572 fuisse
1180 5517 1473 5573 videretur.
1501 5517 1679 5587 Atque
1735 5518 1849 5573 haec
1897 5526 2027 5574 sunt

525 5726 636 5797 (59)
677 5722 1203 5796 Συμπλανιηθῆναι.
1257 5726 1524 5797 ltaenim
1582 5726 1827 5792 Diodor.,
1879 5727 2022 5795 quod

452 5799 651 5853 rectius
682 5798 855 5850 visum
886 5803 969 5850 est
994 5810 1157 5865 quam
1192 5796 1597 5867 συμπλακῆναι,
1634 5807 1692 5854 ιιι
1719 5808 1841 5853 ante
1870 5797 2015 5868 lege-

2136 4604 2194 4655 ὲν
2226 4604 2290 4672 τῇ
2331 4601 2465 4673 ἕκτῃ
2495 4600 2601 4653 ἀπὸ
2643 4602 2742 4671 τῆς
2773 4600 3058 4670 Εὐημέρου
3090 4597 3183 4650 τοῦ
3231 4593 3539 4665 Μεσσηνίου
3578 4609 3723 4664 γρα-

2142 4692 2271 4763 φῆς,
2302 4693 2551 4764 ὲπικυροῖ
2580 4692 2678 4762 τὴν
2724 4690 2890 4760 αὐτὴν
2925 4689 3220 4757 θεολογίαν,
3250 4680 3351 4739 ὧδε
3383 4684 3521 4738 κατά
3564 4682 3718 4747 λέξιν

2142 4786 2367 4851 φάσκων
2389 4802 2401 4814 ·
2436 4804 2453 4834 ι
2489 4784 2625 4854 Περὶ
2666 4782 2803 4836 θεῶν
2836 4781 3012 4834 τοίνυν
3044 4778 3224 4842 διττὰς
3268 4780 3315 4830 ot
3356 4776 3569 4830 παλαιοὶ
3600 4772 3717 4826 τῶν

2135 4877 2432 4948 ἀνθρώπων
2480 4878 2591 4938 τοῖς
2626 4873 3099 4944 μεταγενεστέροις
3141 4870 3435 4924 δεδώκασιν
3480 4866 3711 4929 ἐννοίας.

2138 4967 2275 5030 Τοὺς
2306 4968 2401 5037 μὲν
2440 4966 2545 5038 γὰρ
2592 4966 2794 5030 ἀϊδίους
2843 4965 2935 5018 καὶ
2976 4963 3286 5035 ἀφθάρτους
3333 4958 3469 5013 εἷναί
3520 4975 3711 5028 φασιν,

2136 5054 2245 5113 οἷον
2277 5061 2425 5129 ἥλιον
2450 5062 2541 5113 καὶ
2568 5059 2816 5130 σελήνην,
2850 5058 2945 5112 καὶ
2972 5058 3040 5111 τὰ
3070 5056 3202 5111 ἄλλα
3229 5056 3297 5109 τὰ
3330 5056 3449 5109 κατ’
3481 5055 3715 5125 οὐρανὸν

2136 5150 2330 5222 ἄστρα,
2382 5152 2518 5225 πρὸς
2563 5151 2620 5205 δὲ
2663 5149 2891 5214 τούτοις,
2939 5148 3171 5218 ἀνέμους
3218 5149 3311 5202 καὶ
3354 5146 3480 5209 τοὺς
3516 5143 3713 5208 ἄλλους

2134 5246 2260 5307 τοὺς
2289 5244 2385 5315 τῆς
2410 5244 2599 5313 ὁμοίας
2637 5244 2849 5313 φύσεως
2885 5240 3092 5303 τούτοις
3123 5240 3459 5311 τετευχότας.
3490 5236 3712 5290 Τούτων

2136 5335 2242 5408 γάρ
2272 5336 2500 5390 ἕκαστον
2529 5335 2694 5389 ἀΐδιον
2723 5334 2871 5405 ἔχειν
2906 5334 3003 5404 τὴν
3035 5332 3247 5399 γένεσιν
3271 5333 3362 5385 καὶ
3391 5332 3491 5403 τὴν
3515 5330 3709 5394 διαμο-

2133 5430 2228 5499 νήν
2252 5446 2264 5457 ·
2303 5428 2523 5498 ἑτέρους
2560 5429 2617 5481 δὲ
2658 5427 2903 5497 λέγουσιν
2931 5424 3206 5493 ἐπιγείους
3238 5422 3488 5494 γενέσθαι
3525 5421 3705 5485 θεοὺς,

2131 5518 2219 5571 διά
2248 5517 2307 5571 δὲ
2346 5518 2444 5580 τάς
2478 5520 2558 5579 εἰς
2588 5517 2905 5588 ἀνθρώπους
2954 5515 3269 5587 εὐεργεσίας
3304 5513 3414 5584 (60)
3475 5528 3708 5584 τετυχη-

2132 5728 2313 5797 batur,
2351 5727 2479 5797 licet
2509 5728 2624 5782 haec
2656 5727 2817 5782 etiam
2851 5728 3008 5784 lectio
3040 5728 3167 5783 ferri
3197 5726 3389 5797 possit.

2200 5796 2310 5867 (60)
2350 5796 2477 5854 Post
2511 5798 2826 5861 εὐεργεσίας
2857 5798 3022 5857 Mont.
3057 5799 3175 5855 add.
3202 5796 3503 5852 ἀθανάτου.
