3948 6376
256 384 339 442 ΗῚ

1344 367 1671 424 ΡΒᾸΞΡΑΒ.
1707 367 1956 423 EVANG.
2001 366 2126 420 LIB.
2169 365 2231 420 11.

3325 357 3427 413 118

252 496 376 554 πάντας
414 487 550 557 τιμῆς
600 483 693 537 καὶ
736 483 912 554 δόξης,
964 477 1074 537 οἷον
1132 481 1426 553 Ἡρακλέα,
1477 483 1748 545 Διόνυσον,

1859 479 2223 536 Atlantiorum
2258 480 2543 550 tlicol0gi2e
2568 493 2785 533 summa
2806 475 2970 531 veluti
2994 466 3194 548 capita,
3228 476 3428 545 quibus

258 581 513 653 Ἀρισταῖον,
545 574 633 627 καὶ
664 574 791 638 τοὺς
821 573 1013 637 ἄλλους
1056 574 1181 637 τοὺς
1214 575 1483 635 τοιούτους
1525 572 1744 643 ὁμοίως.

249 676 346 744 Περὶ
370 671 415 723 δὲ
442 668 537 720 τῶν
570 665 824 731 ἐπιγείων
857 663 1014 727 θεῶν,
1045 663 1228 716 πολλοὶ
1256 665 1352 716 καὶ
1386 661 1618 715 ποικίλοι
1651 676 1751 714 πα-

247 760 486 835 paeana:
516 755 655 822 λόγοι
702 752 854 824 παρὰ
884 756 996 815 τοῖς
1041 754 1333 824 ἱστορικοῖς
1364 768 1422 804 τε
1451 752 1545 804 καὶ
1585 750 1750 821 μυθο-

242 856 433 925 ﬁdem.
463 849 560 900 Καὶ
590 847 698 902 τῶν
757 848 854 918 μὲν
901 846 1213 917 ἱστορικῶν,
1258 846 1541 916 Εὐήμερος
1584 846 1614 897 ὁ
1650 843 1749 914 τὴν

241 944 353 1015 ἱερὰν
373 938 667 1011 ἀναγραφὴν
693 937 1077 1009 ποιησάμενος,
1113 937 1258 1001 ίδίως
1301 935 1578 1008 ἀνέγραψε
1602 951 1617 966 ·
1641 933 1791 1015 τῶν·

236 1003 286 1086 δέ.
309 1003 594 1100 μυθάότωνζ
623 1003 1013 1098 ζὈμηροςξκαὶ
1059 1027 1321 1090 Ἡσίοδος,
1353 1003 1454 1080 καί
1497 1003 1763 1097 ’ὸρφεὺς,’

237 1122 305 1175 καὶ
339 1120 490 1189 ἕτεροι
534 1116 767 1170 τοιοῦτοι
816 1118 1320 1190 τερατωδεστέρους
1370 1117 1573 1189 μύθους
1622 1117 1750 1188 περὶ

236 1214 338 1266 θεῶν
358 1210 693 1264 πεπλάκασιν.
736 1212 923 1281 Ἡμεῖς
946 1211 1001 1263 δὲ
1026 1212 1092 1264 τὰ
1116 1211 1246 1283 παρ’
1272 1209 1601 1282 ἀμφοτέροις
1625 1210 1751 1262 ἀνα-

230 1303 523 1373 γεγραμμένα
550 1302 923 1373 πειρασόμεθα
957 1305 1235 1373 συντόμως
1261 1303 1603 1375 ἐπιδραμεῖν,
1630 1319 1749 1355 στο-

229 1396 456 1469 χαζόμενοι
486 1394 580 1463 τῆς
617 1394 981 1465 συμμετρίας.
1018 1395 1305 1467 Εὐήμερος
1349 1396 1447 1466 μὲν
1474 1391 1569 1449 οὖν
1599 1396 1749 1465 φίλος

228 1485 411 1558 γεγονικ
435 1485 782 1557 Κασσάνδρου
815 1486 1097 1556 βασιλέως,
1132 1485 1226 1539 καὶ
1266 1485 1354 1539 διὰ
1395 1486 1584 1540 τοῦτον
1614 1488 1749 1558 ἡνα-

226 1579 472 1650 γιασμένος
490 1577 665 1631 τελεῖν
695 1578 978 1648 βασιλικάς
1000 1594 1152 1641 τινας
1174 1580 1361 1649 χρείας
1384 1578 1478 1631 καὶ
1506 1580 1748 1650 μεγάλας

223 1669 490 1742 ἀποδημίας,
524 1669 693 1740 φησὶν
744 1670 1133 1741 ἐκτοησθῆναι
1185 1670 1325 1724 κατὰ
1372 1670 1474 1741 τὴν
1531 1688 1746 1742 μεσημ-

223 1766 342 1835 ϐρίαν
368 1763 439 1826 εἰς
467 1761 554 1815 τὸν
615 1762 886 1817 Ὠκεανόν.
937 1762 1342 1818 Ἐκπλεύσαντα
1386 1762 1443 1817 δὲ
1490 1763 1653 1817 αὐτὸν
1685 1765 1750 1816 ἐκ

1854 574 2004 644 ipsos
2048 589 2267 644 quoque
2314 572 2533 628 ϐτοεεοε
2579 572 2653 627 uti
2710 571 2901 627 solitos
2946 586 3067 627 esse
3125 569 3362 623 tradunt.
3402 588 3423 619 ι

1852 664 2127 722 Hactenus
2152 666 2421 722 Diodorus
2450 665 2811 719 Historiarum
2830 662 3105 719 volumine
3126 661 3304 727 tertio,
3334 677 3426 731 qui

1852 758 2097 829 ejusdem
2142 757 2325 828 operis
2354 767 2507 813 sexto
2537 757 2679 811 hanc
2710 757 2881 826 ipsam
2913 757 2979 811 de
3008 756 3291 809 numinum
3340 769 3429 806 ra-

1851 850 1999 905 tione
2024 850 2346 905 sententiam
2376 848 2619 903 Evemeri
2649 848 2935 917 cujusdam
2963 846 3216 902 Messenii
3247 847 3428 900 verbis

1854 941 2276 1011 testimonioque
2308 942 2628 1004 conﬁrmat,
2664 941 2735 994 ita
2768 939 3054 994 scribens:
3098 956 3114 988 ι
3157 936 3426 997 Deorum,

1852 1034 2046 1105 inquit,
2096 1033 2347 1089 notiones
2396 1034 2629 1103 posteris
2674 1032 2789 1087 suis
2829 1030 3038 1085 veteres
3093 1028 3431 1083 tradiderunt

1852 1126 2081 1181 omnino
2127 1126 2307 1181 duas:
2358 1126 2497 1179 alios
2544 1124 2689 1178 enim
2736 1123 3099 1193 sempiternos
3148 1130 3202 1175 et
3253 1118 3431 1173 omnis

1851 1228 2102 1288 expertes
2139 1218 2391 1273 interitus
2424 1231 2545 1272 esse
2577 1216 2806 1279 dicunt,
2860 1213 3166 1285 cujusmodi
3211 1212 3380 1267 solem
3414 1252 3428 1274 .

1855 1313 2063 1391 Iungunt,
2095 1325 2157 1365 ac
2190 1308 2397 1379 reliqua
2434 1307 2556 1363 οωιί
2584 1316 2729 1361 astra
2763 1311 3225 1366 commemorant,
3274 1302 3433 1355 item-

1850 1418 1959 1473 que
1992 1410 2205 1464 ventos.
2239 1412 2401 1469 atque
2433 1399 2484 1453 id
2523 1415 2695 1469 genus
2741 1407 2967 1453 caeteros
2990 1439 3004 1461 ,
3053 1396 3148 1466 qui
3196 1392 3428 1448 similem

1853 1495 1921 1548 iis
1957 1506 2206 1548 naturam
2244 1491 2425 1547 sortiti
2458 1491 2605 1545 sint:
2642 1491 2848 1543 nullum
2879 1490 3021 1543 enim
3058 1488 3286 1541 istorum
3334 1501 3431 1543 nec

1853 1596 2008 1641 ortus
2047 1585 2133 1640 sui
2167 1583 2499 1654 principium
2538 1583 2830 1648 habuisse,
2868 1597 2966 1636 nec
2995 1580 3297 1635 desiturum
3327 1594 3431 1630 un-

1852 1690 2018 1746 quam
2051 1690 2173 1730 esse
2208 1694 2219 1727 :
2256 1673 2396 1727 alios
2443 1687 2592 1737 vero,
2627 1672 2826 1726 terreni
2878 1686 3001 1725 cum
3049 1669 3161 1723 nati
3211 1672 3431 1729 essent,

1853 1778 2034 1825 tamen
2066 1778 2289 1839 propter
2317 1782 2380 1821 ea
2418 1764 2715 1830 beneficia,
2741 1763 2942 1832 quibus
2968 1805 2982 1829 ,
3014 1761 3295 1816 hominum
3328 1759 3431 1815 sibi

223 1858 294 1927 τῆς
324 1854 618 1925 εὐδαίμονος
665 1854 940 1926 Ἀραϐίας,
981 1854 1309 1925 ποιήσασθαι
1354 1854 1447 1908 τὸν
1492 1852 1659 1908 πλοῦν
1684 1854 1751 1907 δι’

1855 1880 2027 1936 genus
2060 1863 2495 1927 obstrinxerant,
2529 1861 2735 1917 cultum
2771 1868 2825 1913 et
2881 1857 3107 1927 gloriam
3161 1870 3428 1911 consecu-

230 1948 433 2002 Ὢκεανοῦ
459 1946 680 2011 πλείους
712 1947 947 2019 ἡμέρας,
982 1946 1076 2000 καὶ
1109 1945 1534 2018 προσενεχθῆναι
1563 1948 1747 2016 νήσοις

217 2040 436 2107 πλαγίαις·
453 2030 527 2091 ὧν
544 2037 678 2108 μίαν
708 2038 1019 2111 ὑπερέχειν,
1048 2021 1149 2109 τὴν
1169 2037 1577 2108 ὀνομαζομένην
1606 2038 1748 2105 Παγ-

215 2130 355 2200 χαίαν,
387 2131 438 2182 ἐν
478 2123 837 2201 ᾗτεθεᾶσθαι
884 2132 1009 2192 τοὺς
1055 2128 1397 2192 ἐνοικοῦντας
1441 2128 1749 2199 Παγχαίους

214 2223 415 2292 εὐσεϐείᾳ
444 2221 824 2293 διαφέροντας,
870 2222 965 2275 καὶ
995 2223 1124 2286 τοὺς
1152 2222 1308 2286 θεοὺς
1346 2221 1621 2294 τιμῶντας
1655 2239 1749 2292 με·

212 2316 708 2386 γαλοπρεπεστάταις
745 2314 976 2379 θυσίαις,
1024 2315 1120 2369 καὶ
1165 2312 1509 2391 ἀναθήμασιν
1540 2314 1748 2382 ἀξιολό-

210 2425 315 2477 γοις,
339 2409 585 2480 ἀργυροῖς
628 2424 688 2461 τε
728 2407 821 2460 καὶ
852 2408 1100 2479 χρυσοῖς·
1138 2402 1278 2460 εἶναι
1322 2407 1379 2460 δὲ
1423 2406 1520 2478 τὴν
1584 2404 1746 2476 νῆσον

212 2502 329 2573 ἱερὰν
358 2500 505 2555 θεῶν.
540 2502 659 2556 Καὶ
702 2501 863 2572 ἕτερα
894 2499 1065 2553 πλείω
1100 2499 1488 2571 θαυμαζόμενα
1517 2498 1659 2552 κατά
1688 2515 1748 2551 τε

206 2596 281 2664 τὴν
296 2594 632 2667 ἀρχαιότητα,
654 2596 749 2648 καὶ
769 2594 868 2666 τὴν
889 2594 987 2665 τῆς
1008 2593 1351 2663 κατασκευῆς
1373 2591 1748 2662 πολυτεχνίαν,

212 2690 309 2760 περὶ
333 2683 399 2743 ὦν
426 2687 491 2741 τὰ
523 2688 673 2742 κατὰ
706 2690 891 2759 μέρος,
926 2689 983 2740 ἐν
1016 2689 1137 2751 ταῖς
1171 2685 1278 2757 πρὸ
1308 2684 1513 2756 ταύτης
1545 2683 1748 2755 βίϐλοις

205 2780 650 2852 ἀναγεγράφαμεν
692 2776 830 2834 εἶναι
863 2780 908 2833 δ’
953 2782 1011 2833 ἐν
1055 2780 1190 2851 αὐτῇ
1235 2778 1376 2832 κατά
1420 2795 1543 2832 τινα
1589 2777 1748 2848 λόφον

206 2872 363 2943 ὐᾷηλὸν
396 2872 511 2926 καθ’
544 2871 880 2944 ὑπερϐολὴν,
917 2872 1061 2943 ἱερὸν
1092 2871 1216 2933 Διὸς
1254 2868 1613 2942 Τριφυλαίου,
1644 2887 1748 2922 κα·-

204 2963 472 3034 θιδρυμένον
504 2965 604 3017 ὑπ’
634 2962 823 3026 αὐτοῦ,
856 2962 977 3017 καθ’
1003 2963 1060 3015 ὃν
1094 2961 1284 3033 καιρὸν
1310 2960 1749 3036 ἐϐασίλευσετῆς

202 3055 478 3127 οἰκουμένης
526 3053 882 3125 ἁπάσης,ἔτι
936 3054 1078 3109 κατὰ
1131 3053 1452 3126 ἀνθρώπους
1502 3054 1597 3107 ὢν.
1661 3055 1750 3109 Ἑν

202 3148 341 3218 τούτῳ
363 3147 436 3217 τῷ
480 3146 618 3219 ἱερῷ
652 3147 853 3218 στήλην
887 3141 1027 3200 εἶναι
1054 3147 1281 3218 χρυσῆν,
1317 3147 1375 3201 ἐν
1488 3151 1599 3211 τοῖς
1640 3150 1751 3203 Πα-
1780 3180 1785 3221 ῖ

201 3242 371 3312 γχαίοις
413 3242 742 3313 γράμμασιν
793 3240 1060 3311 ὑπάρχειν
1102 3241 1497 3312 γεγραμμένας
1546 3242 1645 3304 τάς
1692 3259 1750 3294 τε

200 3333 400 3404 ωρανοῦ
428 3334 523 3387 καὶ
552 3333 768 3404 Κρόνου
800 3334 895 3387 xat
928 3334 1049 3397 Διὸς
1080 3333 1308 3404 πράξεις
1339 3333 1745 3402 κεφαλαιωδῶς.

199 3425 321 3480 Μετὰ
349 3425 518 3481 ταῦτά
570 3442 706 3497 φησι
744 3425 957 3497 πρῶτον
990 3425 1231 3497 Οὐρανὸν
1266 3425 1489 3496 βασιλέα
1528 3425 1750 3493 γεγονέ-

200 3534 283 3581 vn,
306 3518 514 3589 ἐπιεικῆ
546 3536 672 3571 τινα
704 3516 874 3586 ἄνδρα
906 3517 1000 3570 καὶ
1032 3517 1352 3588 εὐεργέτην,
1387 3520 1482 3572 καὶ
1511 3517 1612 3588 τῆς
1641 3517 1749 3571 τῶν

199 3609 376 3679 ἄστρων
415 3611 689 3680 κινήσεως
729 3608 1088 3679 ἐπιστήμονα.
1136 3609 1231 3661 ’ον
1270 3610 1364 3662 καὶ
1406 3608 1620 3679 πρῶτον
1654 3607 1747 3660 θυ-

198 3701 311 3765 σίαις
341 3703 568 3773 τιμῆσαι
598 3702 727 3764 τοὺς
752 3700 1036 3770 οὐρανίους
1070 3699 1245 3764 θεοὺς,
1272 3701 1353 3754 διὸ
1388 3702 1483 3755 καὶ
1510 3702 1749 3773 Οὐρανὸν

196 3795 688 3866 προσαγορευθῆναι.
729 3793 891 3855 Υἱοὺς
919 3792 976 3845 δὲ
1019 3792 1167 3862 αὐτῷ
1199 3792 1451 3861 γενέσθαι
1494 3794 1604 3847 ἀπὸ
1647 3811 1749 3863 γυ-

196 3886 344 3950 ναικός
401 3886 644 3950 Ἑστίας,
691 3886 842 3938 Πᾶνα
897 3884 992 3937 καὶ
1042 3884 1283 3955 Κρόνον·
1323 3883 1625 3955 θυγατέρας
1670 3886 1748 3949 δὲ,

204 3978 330 4033 Ῥέαν
374 3982 469 4035 καὶ
505 3981 825 4052 Δήμητραν.
879 3977 1085 4049 Κρόνον
1136 3976 1193 4030 δὲ
1246 3976 1560 4047 βασιλεῦσαι
1613 3978 1751 4048 μετὰ

193 4074 431 4143 οὐρανὸν,
489 4073 588 4127 καὶ
643 4072 898 4143 γήμαντα
968 4071 1125 4125 Ῥέαν
1177 4072 1435 4143 γεννῆσαι
1487 4071 1586 4124 Δία
1653 4072 1749 4125 καὶ

195 4160 360 4233 Ἥραν,
390 4163 489 4217 καὶ
517 4160 849 4216 Ποσειδῶνα.
892 4161 996 4215 Τὸν
1032 4161 1086 4214 δὲ
1114 4162 1214 4216 Δία
1244 4162 1624 4233 διαδεξάμενον
1650 4164 1751 4235 τὴν

192 4253 437 4323 βασιλείαν
477 4255 578 4308 τοῦ
608 4255 841 4328 Κρόνου,
875 4255 1049 4325 γῆμαι
1080 4255 1281 4327 Ἥραν,
1317 4257 1411 4310 καὶ
1437 4257 1747 4327 Δήμητραν,

194 4348 265 4399 nl
292 4347 457 4419 Θέμιν
477 4365 490 4378 ·
534 4347 597 4413 ἐξ
627 4341 701 4402 ὧν
729 4346 924 4411 παῖδας
953 4346 1305 4419 ποιήσασθαι,
1333 4349 1624 4420 Κουρῆτας
1652 4348 1752 4418 μὲν

190 4438 276 4492 ἀπὸ
300 4442 394 4512 τῆς
443 4441 696 4513 πρώτης,
736 4440 1082 4514 Περσεφόνην
1133 4441 1191 4494 δὲ
1225 4441 1290 4494 ὲκ
1332 4441 1430 4511 τῆς
1469 4440 1748 4511 δευτέρας,

1778 3207 1821 3266 C

1853 1968 1935 2015 tos
1962 1958 2156 2022 fuisse,
2183 1971 2417 2027 quorum
2445 1956 2500 2009 in
2532 1968 2762 2009 numero
2790 1950 3097 2014 Herculem,
3129 1949 3422 2009 Bacchum.

1849 2050 2163 2113 Aristaum,
2194 2063 2319 2103 cum
2350 2046 2473 2103 aliis
2496 2087 2511 2112 ,
2544 2060 2777 2117 quorum
2812 2043 3007 2099 similis
3053 2057 3218 2098 causa
3265 2051 3423 2106 erat,

1849 2150 2170 2212 posuerunt.
2204 2140 2471 2195 Caeterum
2504 2139 2676 2192 multa
2703 2152 2835 2191 sane
2884 2134 3291 2201 admodumque
3335 2149 3422 2185 va-

1850 2234 1932 2288 ria
1963 2233 2029 2287 de
2058 2232 2289 2287 terrenis
2335 2231 2486 2287 hisce
2522 2230 2838 2285 numinibus
2866 2242 2990 2281 cum
3022 2224 3285 2287 historici,
3317 2231 3431 2275 tum

1852 2324 2159 2379 fabularum
2184 2339 2403 2393 quoque
2423 2324 2719 2392 scriptores
2758 2320 3032 2376 memoriae
3056 2316 3431 2389 prodiderunt.

1853 2415 2152 2471 Evemerus
2188 2416 2406 2486 quidem
2456 2418 2597 2470 inter
2637 2416 2931 2470 historicos
2960 2454 2973 2479 ,
3009 2414 3064 2468 in
3099 2426 3254 2467 sacra
3301 2411 3389 2464 illa
3415 2451 3432 2477 ,

1857 2523 2023 2577 quam
2059 2508 2282 2578 scripsit
2306 2548 2320 2571 ,
2357 2508 2583 2562 historia
2630 2508 2912 2578 proprium
2949 2507 3050 2560 hoc
3093 2504 3195 2560 sibi
3233 2503 3433 2573 delegit

1853 2608 2236 2669 argumentum
2267 2618 2279 2654 :
2309 2615 2375 2654 ex
2408 2600 2585 2671 poetis
2605 2608 2786 2655 autem
2818 2596 3112 2663 Homerus,
3144 2595 3433 2663 Hesiodus,

1851 2691 2105 2761 Orpheus
2137 2707 2201 2746 ac
2230 2694 2435 2758 caateri,
2465 2693 2666 2762 quibus
2702 2691 2899 2746 fabula:
2922 2691 3278 2760 placuerunt,
3307 2702 3437 2760 pro.

1850 2782 2065 2851 digiosa
2096 2782 2345 2851 quaedam
2394 2784 2767 2852 monstrisque
2813 2782 3012 2837 similia
3047 2781 3115 2836 de
3155 2781 3261 2836 diis
3290 2794 3441 2835 (:Ol'fr

1852 2879 2035 2924 menta
2069 2869 2433 2925 somniarunt.
2464 2869 2574 2926 Nos
2608 2886 2739 2926 vero
2766 2887 2888 2942 qua:
2914 2871 2983 2926 ab
3029 2882 3259 2940 utroque
3290 2869 3433 2925 scri-

1854 2971 2071 3031 ptorum
2124 2977 2324 3032 genere
2384 2963 2699 3032 accepimus
2731 3004 2746 3028 ,
2812 2972 2873 3017 ut
2920 2963 3141 3017 modum
3194 2961 3432 3031 aliquem

1853 3064 2179 3123 teneamus,
2230 3057 2468 3111 breviter
2517 3072 2581 3111 ea
2635 3056 3061 3125 summatimque
3115 3070 3432 3125 percurrere

1853 3148 2201 3204 conabimur.
2236 3147 2532 3204 Evemerus
2563 3148 2729 3219 igitur
2778 3148 2921 3218 quod
2960 3147 3102 3217 regis
3134 3146 3430 3203 Cassandri

1854 3244 2066 3298 amicus
2092 3252 2257 3309 esset,
2289 3258 2413 3299 cum
2448 3242 2567 3311 ejus
2612 3256 2778 3297 causa
2820 3242 2967 3311 regia
3002 3241 3246 3310 quaedam
3282 3240 3434 3295 obire

1853 3336 2062 3401 munia,
2097 3345 2152 3390 et
2198 3335 2527 3406 longinquas
2561 3334 2847 3389 instituere
2878 3334 2988 3404 60
3036 3330 3432 3402 peregrinatio-

1852 3443 1950 3482 nes
1978 3435 2265 3497 cogeretur
2290 3468 2304 3492 ,
2338 3442 2459 3482 sese
2511 3427 2563 3480 in
2612 3423 2889 3481 Oceanum
2927 3424 3223 3494 aliquando
3266 3423 3433 3478 meri-

1851 3520 1993 3575 diem
2018 3534 2213 3573 versus
2238 3518 2476 3574 delatum
2496 3532 2618 3572 esse
2642 3525 3069 3573 commemorat:
3096 3531 3219 3571 cum
3250 3526 3431 3569 autem

1851 3629 1916 3668 ex
1951 3612 2110 3668 felice
2148 3611 2352 3667 Arabia
2387 3611 2689 3676 solvisset,
2736 3610 2936 3665 multos
2966 3612 3021 3663 in
3055 3608 3272 3665 Oceano
3318 3609 3435 3663 dies

1851 3706 2214 3777 navigationis
2239 3721 2460 3761 cursum
2500 3707 2764 3771 tenuisse,
2793 3705 2969 3760 donec
2992 3705 3056 3759 ad
3091 3712 3433 3758 transversas

1852 3798 2121 3870 quasdam
2174 3807 2231 3854 et
2256 3798 2507 3868 obliquas
2539 3797 2754 3854 Insulas
2778 3799 3071 3867 appelleret
3090 3838 3106 3861 ,
3140 3813 3205 3852 ex
3234 3798 3433 3867 quibus

1850 3904 1937 3953 ea,
1973 3904 2096 3960 quae
2128 3888 2341 3945 caeteris
2375 3887 2671 3953 eminebat,
2700 3886 2967 3941 Panchaea
2996 3885 3296 3941 dicebatur.
3336 3884 3433 3937 Hic

1851 3997 1981 4037 vero
2011 3997 2071 4038 se
2094 3980 2393 4036 Panchaeos
2427 3979 2702 4035 insulares
2729 3978 2955 4043 vidisse,
2997 3979 3090 4045 qui
3136 3978 3337 4047 pietate
3369 3993 3432 4032 ac

1854 4075 2120 4147 religione
2153 4082 2504 4146 praestarent,
2538 4073 2778 4143 deosque
2807 4070 3097 4142 magniﬁco
3138 4069 3431 4125 admodum

1854 4166 2254 4223 sacriﬁciorum
2321 4175 2586 4236 apparatu
2619 4205 2636 4231 ,
2702 4162 2971 4232 donisque
3027 4160 3434 4231 pretiosissimis

1853 4274 1993 4315 auro
2038 4268 2375 4330 argentoque
2431 4253 2764 4325 fulgentibus
2811 4259 3219 4307 venerarentur.
3282 4248 3435 4303 lianc

1854 4352 2020 4423 igitur
2050 4350 2289 4406 insulam
2324 4348 2429 4404 diis
2462 4362 2675 4402 sacram
2720 4360 2844 4401 esse
2867 4384 2883 4409 ,
2919 4345 2972 4398 in
3004 4360 3114 4415 qua
3148 4358 3272 4398 eum
3324 4343 3430 4397 alia

1855 4446 2116 4516 pleraque
2179 4444 2505 4505 viserentur,
2560 4454 2682 4509 qua:
2746 4438 3166 4493 admirationem
3234 4435 3435 4505 partim

199 4529 397 4601 Ἀθηνᾶν
436 4533 496 4585 δὲ
541 4533 650 4586 ἀπὸ
683 4533 785 4602 τῆς
820 4532 1033 4605 τρίτης.
1084 4532 1338 4586 Ἐλθόντα
1370 4532 1427 4586 δὲ
1458 4534 1538 4596 είς
1572 4532 1749 4585 Βαϐυ-

1854 4545 2127 4594 vetustate
2160 4551 2341 4590 rerum
2365 4575 2377 4597 ,
2408 4534 2605 4602 partim
2637 4530 2900 4601 singulari
2939 4529 3072 4584 artis
3111 4527 3430 4583 excellentia

190 4622 325 4689 λῶνα,
352 4624 751 4698 ἐπιξενωθῆναι
794 4626 981 4698 Βήλῳ’
1028 4627 1122 4679 καὶ
1158 4626 1294 4697 μετὰ
1339 4623 1511 4678 ταῦτα
1544 4626 1623 4687 εἰς
1653 4624 1754 4695 τὴν

190 4714 443 4787 Πάγχαιαν
488 4718 651 4788 νῆσον
701 4718 840 4790 πρὸς
886 4716 1122 4789 Ὠκεανῷ
1165 4716 1426 4788 κειμένην
1456 4717 1756 4788 παραγενό-

191 4822 342 4874 μενον,
368 4805 622 4880 Οὐρανοῦ
652 4807 749 4861 τοῦ
778 4807 907 4863 ίδίου
944 4809 1288 4882 προπάτορος
1321 4807 1503 4878 βωμὸν
1534 4807 1750 4879 ἱδρύσα-

190 4897 307 4951 σθαι.
367 4899 644 4954 Κάκεῖθεν
704 4900 791 4954 διὰ
847 4900 1047 4972 Συρίας
1088 4900 1262 4953 ἐλθεῖν
1310 4901 1447 4975 πρὸς
1490 4901 1581 4953 τὸν
1631 4902 1750 4955 τότε

187 4994 423 5070 δυνάστην
478 4999 743 5062 Κάσσιον,
806 4998 867 5064 ἐξ
914 4994 975 5054 οὗ
1032 4999 1125 5053 καὶ
1175 4998 1237 5051 τὸ
1296 4998 1537 5053 Κάσσιον
1602 5000 1746 5068 δρός.

199 5088 424 5143 meavel:
489 5091 547 5144 δὲ
608 5093 689 5156 είς
748 5092 1023 5160 Κιλικίαν,
1093 5093 1315 5163 πολέμῳ
1360 5094 1580 5162 νικῆσαι
1648 5093 1748 5146 Κί-

192 5173 290 5230 λικα
319 5178 625 5251 τοπάρχην.
682 5180 794 5232 Καὶ
849 5180 983 5235 ἄλλα
1030 5181 1087 5234 δὲ
1140 5181 1368 5235 πλεῖστα
1418 5181 1544 5253 ἔθνη
1593 5182 1751 5235 ἐπελ-

192 5266 323 5322 θόντα
353 5273 490 5343 παρ’
531 5272 702 5326 ἅπασι
730 5273 1046 5345 τιμηθῆναι,
1090 5275 1183 5327 καὶ
1219 5274 1337 5327 θεὸν
1380 5274 1750 5346 ἀναγορευθῆ-

192 5378 275 5415 ναι.
299 5383 317 5415 ι
346 5364 534 5419 Ταῦτα
555 5366 650 5419 καὶ
672 5365 741 5419 τὰ
766 5366 976 5431 τούτοις
1014 5367 1364 5441 παραπλήσια
1388 5368 1463 5431 ὼς
1483 5370 1611 5439 περὶ
1633 5368 1753 5438 θνη-

192 5452 276 5506 τῶν
298 5456 531 5529 ἀνδρῶν,
558 5460 687 5529 περὶ
708 5460 815 5513 τῶν
842 5460 978 5513 θεῶν
1004 5460 1245 5522 διελθὼν,
1275 5462 1524 5531 ἐπιφέρει
1553 5460 1748 5529 λέγων·

200 5563 213 5594 ι
234 5546 327 5601 Καὶ
352 5550 486 5620 περὶ
522 5552 618 5623 μὲν
636 5552 921 5623 Εὐημέρου
951 5552 1043 5605 τοῦ
1063 5554 1467 5623 συνταξαμένου
1486 5553 1582 5623 τὴν
1603 5553 1753 5623 ἱεράν

195 5637 512 5713 ἀναγραφην,
544 5644 993 5716 ἀρκεσθησόμεθα
1016 5650 1126 5709 τοῖς
1155 5646 1384 5717 ῥηθεῖσι.
1414 5644 1494 5697 Τὰ
1519 5645 1573 5697 δὲ
1606 5645 1753 5715 παρὰ

196 5733 286 5795 τθῖς
310 5734 543 5805 Ἕλλησι
590 5737 1029 5808 μυθολογούμενα
1078 5739 1204 5809 περὶ
1253 5737 1411 5803 θεῶν,
1448 5736 1755 5799 ἀκολούθως

206 5818 408 5899 Ἡσιόδῳ
442 5830 537 5881 καὶ
580 5832 800 5902 Ὀμήρῳ
836 5832 926 5885 καὶ
960 5833 1162 5903 Ὀρφεῖ,
1214 5828 1583 5902 πειρασόμεθα
1631 5847 1755 5885 συν-

1846 4638 2253 4687 commovereut
2283 4669 2299 4690 ,
2346 4640 2579 4697 quaaque
2619 4623 2996 4693 superioribus
3054 4620 3208 4676 libris
3250 4634 3435 4690 perse-

1849 4722 1961 4779 cuti
2024 4735 2259 4782 sumus;
2316 4728 2429 4772 tum
2479 4717 2531 4781 in
2591 4716 2826 4785 quodam
2882 4715 3079 4769 mirum
3113 4712 3167 4766 in
3210 4709 3433 4765 modum

1853 4815 2002 4871 edito
2049 4812 2187 4867 colle
2244 4810 2394 4865 lovis
2456 4807 2746 4879 Triphylati
2802 4807 3062 4877 templum
3127 4805 3195 4865 ab
3242 4802 3431 4856 eodem

1855 4908 1983 4962 olim
2040 4906 2170 4961 dum
2227 4903 2408 4958 adhuc
2462 4902 2603 4955 inter
2650 4900 2900 4955 homines
2947 4894 3433 4967 ageret,.orbiqne

1855 5008 2125 5053 terrarum
2188 4994 2516 5064 imperaret,
2570 4991 2889 5045 excitatum.
2945 4986 3001 5041 In
3053 4987 3158 5041 hoc
3204 5000 3429 5039 aureum

1855 5093 2075 5161 cippum
2106 5088 2297 5149 fuisse,
2331 5086 2424 5156 qui
2462 5100 2547 5139 res
2590 5101 2619 5138 a
2665 5083 2805 5138 cmlo
2832 5123 2846 5147 ,
2880 5080 3118 5133 Saturno
3142 5117 3157 5141 ,
3204 5093 3268 5131 ac
3303 5074 3434 5129 Jove

1855 5182 2114 5254 praeclare
2159 5187 2342 5250 gestas
2382 5175 2708 5231 Panchaicis
2744 5173 2934 5228 litteris
2958 5171 3271 5225 summatim
3304 5183 3434 5222 exa-

1853 5282 2003 5327 ratas
2028 5270 2352 5325 contineret.
2395 5267 2605 5333 Quibus
2632 5262 2915 5333 subjungit
2954 5261 3155 5315 emtum
3185 5258 3430 5329 omnium

1854 5366 2155 5437 principem
2190 5377 2449 5433 regnasse
2476 5402 2489 5425 ,
2526 5361 2702 5414 virum
2751 5366 2811 5411 ut
2854 5370 3084 5411 summa:
3117 5353 3388 5423 aequitatis
3416 5391 3431 5414 ,

1855 5455 1934 5510 sic
1958 5453 2315 5522 benignitatis
2343 5452 2395 5505 in
2425 5465 2615 5504 omnes
2644 5447 2857 5501 eximia:
2880 5446 3150 5515 ,,quique
3193 5445 3429 5499 siderum

1854 5558 2040 5604 motus
2074 5557 2129 5601 et
2153 5546 2539 5600 conversiones
2566 5540 2810 5608 apprime
2845 5540 3096 5601 calleret,
3146 5538 3433 5606 ipsumque

1856 5640 1996 5694 adeo
2022 5639 2166 5708 quod
2220 5637 2429 5706 primus
2459 5631 2745 5687 sacriﬁciis
2779 5632 3020 5687 caelestia
3066 5630 3289 5684 numina
3342 5646 3443 5682 ου-

1856 5730 2068 5793 luisset,
2095 5730 2216 5784 cmli
2242 5735 2663 5800 cognomentum
2687 5726 2979 5781 inveniSse.
2998 5723 3261 5779 Eumdem
3291 5721 3433 5776 tilio:

1855 5841 1922 5883 ex
1958 5822 2119 5881 Vesta
2154 5820 2384 5891 conjuge
2435 5818 2571 5874 duos
2602 5818 2861 5874 habuisse
2915 5816 3113 5871 l‘anem
3149 5824 3197 5869 et
3238 5813 3430 5869 Satur-
