3940 6380
501 359 606 415 H9

1140 364 1417 422 EUSEBll
1459 366 1944 424 CESARIENSIS
1979 365 2127 424 OPP.
2174 366 2352 422 PARS
2390 368 2449 422 ll.
2481 400 2546 409 -—-
2578 365 3073 423 APOLOGETICA.

3666 365 3759 422 ΙἏο

496 492 628 532 num
657 520 673 545 ,
722 478 976 550 flliasque
1007 483 1232 539 totidem
1260 525 1274 550 ,
1309 484 1514 540 Rheam
1562 503 1626 541 ac
1663 486 1935 542 Cererem.
1973 488 2075 559 lpsi

2188 490 2362 558 τόμως
2406 480 3063 557 ὲπιδραμεῖν.›Εἷθ⁹ὶξῆς
3110 484 3463 539 ὲπισυνάτπει
3508 485 3608 548 τὰς
3655 484 3758 539 τῶν

496 583 628 621 vero
658 566 959 625 Saturnum
1009 574 1063 627 in
1096 590 1323 645 regnum
1378 577 1711 632 successisse
1739 620 1753 642 ,
1786 580 1877 648 qui
1927 580 2076 633 Rhea

495 674 682 713 secum
718 672 838 716 toro
862 662 1054 731 juncta
1080 663 1305 733 Jovem,
1336 665 1605 722 Junonem
1629 710 1642 733 ,
1674 686 1740 725 ac
1770 668 2078 740 Neptunum

498 753 818 818 procrearit.
872 754 1060 811 Jovem
1121 768 1345 820 autem,
1405 776 1529 814 cum
1582 761 1803 818 Saturni
1854 779 2076 835 regnum

498 844 849 900 luereditario
875 848 1000 918 jure
1051 853 1388 921 accepisset,
1435 868 1633 910 uxores
1662 856 1885 912 duxisse
1926 866 2076 921 tres,

495 936 765 993 lunonem
794 980 809 1004 ,
864 941 1119 997 Cererem
1144 986 1159 1007 ,
1209 960 1273 999 ac
1308 942 1626 1001 Themidem
1661 989 1674 1013 ,
1738 962 1967 1018 quarum
2012 962 2078 1001 ex

497 1030 674 1099 prima
707 1031 961 1097 Curetas,
993 1034 1375 1106 Proserpinam
1404 1054 1469 1093 ex
1510 1040 1748 1095 secunda
1769 1080 1783 1105 ,
1821 1056 1886 1095 ex
1923 1040 2077 1096 tertia

495 1121 735 1193 denique
768 1124 1041 1181 Palladem
1094 1131 1416 1199 susceperit.
1472 1134 1530 1185 In
1580 1131 1906 1204 Babylonem
1952 1149 2077 1189 cum

497 1214 755 1279 venisset,
803 1216 1044 1285 hospitio
1085 1217 1197 1275 Beli
1234 1237 1395 1275 usum
1436 1238 1597 1289 esse,
1647 1224 1879 1294 indeque
1916 1227 2079 1291 simul

495 1318 562 1355 ac
612 1306 845 1361 insulam
894 1307 1216 1365 Pauchazam
1252 1313 1470 1368 Oceano
1511 1316 1817 1384 proximam
1867 1317 2080 1384 delatus

497 1396 711 1465 luisset,
749 1415 900 1454 aram
936 1400 1280 1475 Coelo.cujus
1318 1420 1486 1477 nepos
1525 1416 1667 1472 erat,
1698 1424 1910 1463 sacram
1949 1382 2080 1464 iere-

412 1495 419 1503 ‘
495 1490 680 1546 xisse:
710 1501 875 1562 atque
923 1492 1051 1551 hinc
1095 1512 1193 1566 per
1234 1498 1445 1569 Syriam
1499 1500 1565 1555 ad
1610 1498 1858 1555 Cassium
1891 1516 2080 1572 quem-

495 1581 644 1643 dam,
678 1596 709 1637 a
741 1599 851 1652 quo
882 1600 1039 1641 mons
1085 1588 1311 1643 Cassius
1343 1604 1542 1643 nomen
1586 1590 1891 1659 acceperit,
1935 1592 2084 1661 ejus-

496 1673 619 1726 dem
640 1676 737 1727 aevi
770 1675 1068 1747 principem
1093 1694 1213 1734 sese
1243 1681 1541 1737 contulisse
1571 1701 1583 1735 :
1612 1696 1736 1735 mox
1767 1683 2080 1738 inCiliciam

497 1775 716 1820 ventum
731 1782 853 1821 cum
868 1778 1035 1834 esset,
1055 1770 1193 1825 bello
1207 1770 1428 1827 Cilicem
1443 1774 1757 1843 toparcham
1774 1790 2082 1844 superasse;

2188 577 2424 646 ποιητῶν
2465 576 2809 647 μυθολογίας.
2850 574 3009 628 Ἀλλὰ
3060 574 3169 645 γὰρ
3218 573 3452 628 τοσαῦτα
3510 576 3602 627 καὶ
3657 575 3761 629 άπὸ

2185 668 2282 738 τῆς
2330 666 2596 737 Ἐλλήνων
2651 666 2927 735 θεολογίας
2980 665 3344 737 ἀποχρώντως
3393 668 3525 737 ἡμῖν
3571 666 3761 719 ἀποτε-

2183 760 2426 831 τμήσθω.
2483 752 2576 822 Οἷς
2622 757 2840 827 εὔλογον
2886 758 3217 827 ἐπισυνάψαι
3258 756 3366 809 τῶν
3403 757 3581 811 αὐτῶν
3626 755 3761 815 θεῶν

2184 851 2281 915 τὰς
2319 854 2376 905 ὲν
2409 855 2520 915 τοῖς
2561 851 2774 915 ἀδύτοις
2805 850 3043 914 τελετὰς,
3090 852 3185 904 καὶ
3230 850 3298 904 τὰ
3344 850 3629 923 ἀπόρρητα
3662 867 3761 921 μυο

2185 946 2410 1019 στήρια·
2448 943 2752 1013 σκέψασθαί
2776 959 2833 997 τε
2865 944 3093 1016 πότερον
3121 942 3273 1007 θείας
3298 941 3371 1007 ὡς
3403 941 3617 1014 άληθῶς
3648 941 3763 995 θεο-

2184 1036 2371 1105 λογίας
2420 1034 2651 1107 ὲχούσας
2702 1052 2753 1090 τι
2808 1035 3107 1107 θεοπρεπὲς
3156 1036 3355 1106 δεῖγμα
3405 1035 3681 1105 φέρουσιν,
3730 1034 3761 1106 ἢ

2186 1128 2427 1185 κάτωθεν
2470 1128 2634 1182 ποθεν
2669 1130 2886 1201 μακρᾶς
2931 1131 3026 1183 καὶ
3064 1129 3383 1200 δαιμονικῆς
3427 1128 3634 1198 πλάνης
3676 1128 3765 1197 ὁρ-

2190 1217 2417 1288 μῶνται,
2452 1218 2689 1287 γέλωτος
2719 1220 2751 1291 ἢ
2793 1221 2887 1273 καὶ
2927 1220 3126 1293 μᾶλλον
3159 1218 3442 1289 αἰσχύνης,
3476 1216 3673 1288 μᾶλλον
3709 1216 3763 1269 δὲ

2183 1315 2296 1374 τοῖς
2341 1311 2419 1369 ἔτι
2448 1311 2849 1381 τυφλώττουσιν
2893 1312 3075 1365 οἴκτου
3119 1312 3246 1365 ὄντα
3283 1310 3427 1377 ἄξια.
3481 1308 3664 1363 Ταῦτα
3712 1307 3765 1361 δὲ

2186 1404 2417 1477 Κλήμης
2473 1405 2503 1457 ὁ
2543 1404 2843 1475 θαυμάσιος
2885 1406 2942 1457 ὲν
2984 1403 3083 1475 τῷξ
3117 1403 3254 1477 πρὸς
3294 1402 3562 1473 ’Έλληνας
3613 1404 3765 1469 Προ-

2185 1495 2474 1565 τρεπτικῷ
2510 1496 2805 1567 διαρρήδην
2864 1495 3215 1559 ὲκκαλύπτει,
3272 1496 3486 1550 πάντων
3548 1494 3647 1565 μὲν
3679 1494 3767 1549 διὰ

2188 1588 2381 1660 πείρας
2414 1588 2583 1641 ἐλθὼν
2616 1589 2777 1660 ἀνὴρ,
2809 1588 2999 1643 θᾶττόν
3028 1605 3092 1658 γε
3131 1589 3236 1659 μὴν
3265 1591 3362 1660 τῆς
3394 1588 3601 1660 πλάνης
3633 1589 3767 1643 άνα·

2186 1679 2399 1743 νεύσας,
2433 1679 2580 1734 ὼσάν
2630 1680 2765 1751 πρὸς
2802 1680 2895 1734 τοῦ
2925 1681 3195 1752 σωτηρίου
3224 1680 3402 1750 λόγου,
3432 1680 3524 1735 καὶ
3546 1678 3635 1734 διὰ
3667 1677 3769 1750 τῆς

2186 1773 2548 1843 εύαγγελικῆς
2574 1772 2921 1839 διδασκαλίας
2956 1775 3066 1828 τῶν
3110 1774 3298 1828 κακῶν
3341 1772 3767 1845 λελυτρωμίνος.

497 1855 731 1927 denique
754 1858 821 1912 ab
845 1859 1102 1914 omnibus
1126 1862 1398 1931 gentibus,
1426 1878 1565 1932 quas
1587 1864 1676 1918 ille
1705 1865 1971 1934 plurimas
1993 1867 2080 1921 ob-

2188 1865 2402 1936 Βραχέα
2434 1865 2477 1918 δ’
2508 1862 2601 1919 οὖν
2628 1866 2951 1920 καὶτούτων
2985 1867 3307 1921 ἐπάκουσον.

499 1949 685 2015 iisset,
733 1950 971 2006 honores
1019 1962 1372 2009 consecutum
1405 1955 1678 2027 deumque
1720 1959 2089 2013 renuntiatum
2124 1956 2313 2012 fuisse.
2347 1977 2365 2008 ι
2401 1956 2523 2013 llzec
2544 1956 2811 2013 Diodorus
2831 1959 3045 2031 aliaque
3068 1961 3154 2015 his
3204 1961 3403 2016 similia
3418 1960 3487 2015 de
3530 1959 3770 2014 numini-

498 2046 601 2101 bus
626 2045 709 2102 sic
727 2055 987 2118 tanquam
1015 2049 1082 2103 de
1114 2050 1441 2127 hominibus.
1473 2053 1633 2107 morti
1656 2053 1907 2109 obnoxiis
1955 2054 2048 2109 ubi
2089 2053 2403 2123 disputavit,
2431 2054 2504 2107 ita
2538 2052 3034 2125 prosequiturzel
3054 2052 3169 2108 «Ad
3192 2052 3511 2109 Evemerum
3546 2051 3769 2123 quidem

495 2140 641 2209 quod
666 2141 877 2204 attinet,
906 2143 997 2211 qui
1024 2159 1236 2199 sacram
1269 2146 1597 2216 conscripsit
1635 2147 1943 2211 historiam,
1971 2149 2087 2203 hac
2118 2149 2188 2204 ab
2210 2149 2302 2203 illo
2344 2156 2625 2203 mutuatos
2652 2161 2753 2203 nos
2772 2162 2894 2202 esse
2913 2146 3173 2203 sulliciat:
3214 2145 3492 2217 deinceps,
3538 2159 3683 2215 quas
3706 2142 3771 2199 de

497 2243 688 2289 natura
711 2234 935 2291 deorum
979 2236 1151 2293 (Ιταιοί
1175 2239 1387 2296 fabulas
1430 2251 1808 2312 vulgaverunt,
1836 2240 2081 2307 llesiod‘,
2125 2242 2343 2299 Homeri
2361 2243 2674 2315 Orpheique
2726 2242 2965 2312 vestigiis
2999 2241 3333 2305 insistentes,
3360 2239 3590 2309 carptim
3614 2251 3768 2293 sum.

496 2331 796 2403 matimque
811 2335 1176 2406 perstringere
1195 2337 1541 2395 conabimur.
1572 2344 1733 2396 iTum
1754 2343 2119 2412 superioribus
2140 2342 2246 2398 illis
2267 2338 2584 2395 Graecorum
2610 2350 2894 2410 poetarum
2941 2337 3189 2393 fictiones
3240 2336 3451 2391 atterit.
3487 2332 3594 2390 Sed
3618 2333 3769 2389 enim

496 2424 602 2481 ista
648 2424 811 2481 nobis
850 2424 1165 2481 Graecorum
1224 2428 1509 2501 theologia:
1557 2431 1718 2501 quasi
1790 2428 2097 2501 fragmenta
2150 2432 2284 2487 satis
2333 2442 2513 2499 erunt,
2576 2431 2778 2504 quibus
2827 2438 3195 2502 opportunum
3248 2430 3437 2500 utique
3472 2427 3637 2483 fuerit
3680 2440 3772 2482 so-

496 2522 704 2579 lemnes
744 2524 1061 2577 eorumdem
1101 2525 1384 2582 numinum
1424 2527 1477 2581 in
1521 2528 1847 2597 templorum
1893 2527 2070 2598 adytis
2132 2528 2381 2583 initiandi
2428 2528 2586 2594 ritus,
2624 2543 2935 2599 arcanaque
2988 2525 3375 2598 mysteriorum
3409 2537 3567 2579 sacra
3632 2520 3771 2576 sub-

491 2617 746 2688 jungere,
783 2634 848 2673 ac
894 2619 1181 2689 diligenter
1228 2621 1392 2676 simul
1426 2622 1631 2687 videre,
1672 2638 1801 2678 num
1855 2638 1983 2677 vere
2045 2624 2258 2679 divinas
2324 2625 2401 2679 illi
2447 2625 2732 2680 numinum
2801 2624 3062 2688 rationes,
3106 2621 3327 2692 Deoque
3383 2620 3605 2691 dignum
3670 2616 3771 2672 ali—

492 2710 627 2779 quid
674 2711 990 2776 complexas
1030 2712 1321 2783 religiones
1382 2714 1640 2781 inferant,
1686 2734 1754 2770 an
1820 2724 2009 2772 contra
2060 2718 2128 2771 ab
2175 2718 2367 2775 inferis
2414 2719 2685 2775 excitatos
2729 2734 2945 2774 errores
3011 2734 3075 2773 ac
3123 2718 3430 2772 daemonum
3482 2711 3772 2767 fraudibus

496 2806 747 2877 dolisque
780 2807 1046 2864 conflatos
1111 2810 1427 2876 obtrudant,
1470 2828 1610 2881 quos
1651 2814 1817 2877 risus,
1880 2813 1991 2867 imo
2031 2814 2203 2883 pudor
2250 2830 2318 2869 ex
2367 2830 2551 2870 rerum
2598 2814 2919 2886 indignitate
2994 2822 3329 2876 contractus,
3412 2820 3504 2866 aut
3574 2823 3772 2866 eorum

496 2899 699 2970 potius,
736 2899 828 2969 qui
876 2910 1026 2958 tanta
1061 2903 1360 2958 etiamnum
1403 2905 1458 2960 in
1515 2906 1757 2961 ozecitate
1795 2916 2105 2972 versantur,
2179 2908 2587 2964 commiseratio
2632 2908 2754 2979 jure
2805 2923 2869 2963 ac
2914 2908 3109 2963 merito
3138 2906 3391 2974 excipiat.
3439 2907 3615 2975 Atque
3670 2904 3775 2959 ho-

495 3005 617 3045 rum
675 2992 1066 3061 turpitudinem
1129 2994 1469 3051 admirabilis
1520 2998 1609 3053 ille
1664 2998 1950 3063 Clemens,
2008 3017 2072 3055 ea
2125 3018 2289 3072 quam
2329 3001 2397 3055 ad
2456 3001 2675 3056 Graecos
2725 3000 2911 3071 dirigit
2950 2998 3348 3064 Cohortalione,
3405 2997 3605 3053 nudam
3644 3011 3770 3051 om-

495 3082 762 3155 niumque
812 3086 1164 3153 spectandam
1219 3090 1395 3144 oculis
1448 3093 1724 3161 proponit,
1769 3096 1971 3164 quippe
2018 3096 2111 3166 qui
2162 3112 2286 3151 cum
2356 3110 2550 3150 omnes
2584 3094 2803 3148 illorum
2850 3093 3205 3149 caeremonias
3243 3108 3341 3148 sua
3389 3092 3561 3161 ipsius
3602 3104 3775 3158 expe.

497 3179 693 3236 rientia
722 3179 1060 3252 cognoverit,
1092 3190 1208 3236 tum
1271 3184 1555 3240 celerrime
1582 3188 1649 3241 ab
1686 3186 1877 3243 infami
1937 3206 2127 3245 errore
2164 3199 2330 3261 caput
2390 3189 2666 3253 extulerit,
2710 3186 2861 3242 verbi
2911 3187 3170 3241 salutaris
3212 3196 3265 3239 et
3307 3181 3634 3251 evangelica
3663 3180 3772 3239 do-

495 3272 690 3327 ctrina:
719 3272 773 3327 vi
801 3286 867 3329 ex
904 3280 984 3327 tot
1025 3283 1415 3346 tantorumque
1449 3278 1719 3337 malorum
1754 3282 2078 3353 contagione
2110 3283 2393 3338 liberatus.
2429 3278 2554 3336 Htec
2593 3288 2649 3335 tu
2692 3280 2857 3350 igitur
2888 3278 3077 3349 paucis
3114 3277 3276 3333 etiam
3312 3276 3515 3346 accipe.

1115 3412 1347 3469 CAPUT
1387 3413 1475 3469 ιιι.

498 3501 832 3581 Arcanorum
889 3505 1269 3581 initiorumet
1310 3509 1660 3581 occultorum
1709 3516 2081 3581 mysteriorum

568 3574 813 3653 epitome,
866 3591 982 3643 qua:
1041 3576 1411 3644 multiplicium
1457 3580 1672 3633 deorum
1715 3574 2082 3651 superstitione

570 3653 929 3697 rontmenlur.

580 3753 599 3786 ι
629 3732 828 3799 Nolite,
857 3736 1054 3805 inquit,
1086 3737 1347 3792 scelerata
1384 3739 1658 3809 impiaque
1702 3743 1860 3815 adyta
1903 3747 2083 3801 curio-

498 3828 619 3883 sius
650 3828 957 3896 explorare,
996 3846 1094 3884 nec
1129 3830 1525 3899 profundorum
1554 3844 1839 3891 antrorum
1874 3840 2079 3906 hiatus,

502 3922 791 3991 pra-stigiis
838 3924 1209 3993 monstrisque
1266 3926 1473 3994 plenos,
1537 3938 1633 3983 aut
1682 3928 2080 4001 Thesproteum

502 4015 753 4081 lehetem,
786 4027 880 4073 aut
923 4018 1186 4083 tripodem
1221 4020 1549 4085 Cirrhaeum,
1585 4034 1679 4078 aut
1726 4040 1937 4080 aeneum
1974 4026 2083 4081 Do—

500 4103 658 4160 dona:
703 4106 1126 4162 tintinnabulum
1157 4128 1170 4163 :
1198 4108 1555 4183 Gerandryon
1591 4123 1771 4166 autem
1808 4114 1940 4168 illud
1988 4114 2084 4169 de-

501 4198 664 4253 sertis
708 4199 837 4251 olim
878 4200 928 4251 in
965 4200 1147 4253 arenis
1192 4202 1420 4267 cultum,
1455 4203 1709 4271 quodque
1744 4205 1945 4262 ibidem
1988 4223 2080 4262 ce-

501 4289 817 4343 ltbraliatur
868 4292 1174 4359 oraculum,
1206 4293 1317 4361 jam
1367 4310 1495 4349 vero
1539 4311 1662 4349 cum
1716 4297 1827 4365 ipsa
1876 4315 2082 4368 quercu

505 4396 729 4448 prorsus
776 4384 1064 4448 emarcuit,
1114 4384 1354 4439 raneidis
1404 4401 1469 4439 ac
1515 4395 1786 4441 vetustate
1830 4390 2082 4444 contritis

505 4473 705 4527 fabulis
738 4475 1043 4544 relinquite.
1084 4474 1395 4534 Enimvero.
1434 4475 1587 4529 siluit
1622 4478 1810 4547 utique
1842 4477 1965 4533 fons
1992 4479 2081 4535 ille

503 4563 802 4630 Castalius,
848 4566 1001 4620 siluit
1034 4566 1409 4635 Colaphonius
1456 4567 1610 4632 alter,
1650 4583 1713 4622 ac
1746 4569 1966 4639 reliquae
2008 4570 2082 4626 si-

2714 3417 3113 3472 ΚΕΦΑΛΑΙΟΝ
3162 3417 3236 3469 I".

2196 3511 2469 3581 Ἐπιτομὴ
2504 3511 2623 3564 τῶν
2658 3509 3011 3581 ἀπορῤῄτων
3054 3508 3329 3581 τελετῶν,
3365 3511 3461 3581 καί
3499 3510 3777 3579 κρυφίων

2416 3583 2768 3651 μυστηρίων
2800 3579 2909 3649 τῆς
2940 3579 3241 3635 πολυθέου
3274 3580 3532 3647 πλάνης.

2255 3756 2274 3790 ι
2302 3737 2502 3791 Ἀδυτα
2524 3736 2632 3807 (61)
2650 3738 2829 3791 τοίνυν
2842 3735 2976 3790 ἄθεα
2993 3735 3066 3807 μὴ
3088 3736 3612 3808 πολυπραγμονεῖτε,
3631 3738 3772 3810 μηδδ

2184 3829 2477 3901 βαράθρων
2507 3830 2747 3900 στόματα
2781 3830 3064 3903 τερατείας
3104 3829 3335 3901 ἔμπλεα,
3364 3830 3397 3899 ἢ
3434 3828 3638 3901 λέϐητα
3670 3830 3775 3883 θε-

2184 3922 2485 3997 σπρώτειον
2522 3922 2652 3994 (62),
2696 3924 2983 3995 ἢτρίποδα
3039 3926 3301 3995 Κιρραῖον
3335 3922 3468 3994 (65),
3494 3924 3528 3994 ἢ
3574 3922 3773 3976 Δωδω-

2183 4020 2329 4070 ναῖον
2357 4016 2622 4087 χαλκεῖον·
2652 4016 2980 4088 Γεράνδρυον
3009 4016 3115 4087 (6.4)
3146 4016 3201 4069 δὲ
3228 4015 3474 4085 ψάμμοις
3525 4016 3623 4086 ὲρή
3635 4032 3777 4086 μαις

2181 4108 2560 4179 τετιμημένον,
2597 4109 2690 4161 καὶ
2730 4108 2788 4160 τὸ
2830 4107 3013 4161 αὐτόθι
3062 4108 3309 4176 μαντεῖον
3334 4106 3469 4175 αὐτῇ
3499 4102 3623 4175 δρυῒ
3666 4121 3771 4175 με-

2185 4200 2531 4271 μαρασμένον
2580 4200 2765 4270 μύθοις
2814 4198 3146 4269 γεγηρακόσι
3184 4196 3564 4265 καταλείῲατε.
3604 4196 3772 4251 Σεσί-

2180 4307 2345 4360 γηται
2376 4290 2504 4360 γοῦν
2535 4291 2628 4344 καὶ
2661 4292 2693 4362 ἠ
2733 4290 3046 4353 Κασταλίας
3084 4288 3257 4360 πηγὴ,
3298 4289 3392 4341 καὶ
3439 4289 3771 4358 Κολοφῶνος

2182 4382 2313 4453 ἄλλη
2344 4384 2514 4455 πηγὴ,
2544 4384 2639 4435 καὶ
2671 4382 2738 4436 τὰ
2778 4382 2911 4435 ἄλλα
2944 4382 3144 4453 ὁμοίως
3172 4381 3397 4451 τέθνηκε
3420 4380 3487 4435 τὰ
3523 4384 3773 4452 μαντικὰ

2181 4478 2417 4546 νάματα,
2444 4476 2538 4527 καὶ
2570 4474 2633 4544 δὴ
2660 4473 2751 4527 τοῦ
2782 4473 2949 4543 τύφου
2980 4473 3113 4526 κενὰ
3149 4474 3245 4542 ὀψὲ
3278 4473 3397 4543 μὲν,
3422 4474 3571 4544 ὅμως
3590 4474 3636 4527 δ’
3668 4471 3770 4531 οὖν

2182 4566 2557 4638 διελήλεγκται
2592 4570 2701 4630 τοῖς
2738 4566 2885 4630 ἰδίοις
2922 4566 3353 4637 συνεκρεύσαντα
3389 4566 3595 4637 μύθοις.
3635 4570 3774 4639 Διή-

500 4659 615 4715 mul
652 4675 845 4715 omnes
883 4659 1117 4713 fatidicae
1168 4658 1323 4713 undae
1353 4669 1636 4723 aruerunt,
1667 4676 1804 4730 quas
1853 4671 2079 4716 ventoso

2188 4677 2349 4732 γησαι
2377 4662 2508 4730 ἡμῖν
2542 4660 2633 4715 καὶ
2660 4660 2759 4731 τῆς
2786 4658 2949 4730 ἄλλης
2984 4660 3280 4731 μαντικῆς,
3333 4659 3529 4729 μᾶλλον
3559 4661 3614 4713 δὲ
3652 4679 3773 4731 μα-

571 4794 683 4868 (61)
704 4796 962 4869 ῌἍδυτα.
1003 4795 1295 4869 Clementis
1328 4797 1480 4852 locus
1499 4808 1675 4854 exstat
1703 4797 1754 4851 in
1787 4798 2082 4869 Prolrepti-

502 4865 591 4928 eo,
622 4865 672 4931 p.
702 4867 732 4919 7
758 4867 981 4920 edition.
1009 4865 1346 4920 Graeco-Lat.

574 4936 1153 5010 (62)_8£0':rpcbretor.
1182 4937 1390 5010 Clem”
1429 4939 1825 5010 θεσπρωταῖον·
1885 4938 2078 5003 Mont.,

504 5005 859 5079 θεσῖτρώτιον,
891 5005 1017 5079 time
1046 5008 1229 5079 omnia
1265 5011 1478 5076 probari
1513 5005 1759 5079 possunt.

581 5076 690 5153 (65)
733 5076 1232 5153 Klﬁﬁaier._l\l_odo
1268 5096 1295 5132 a
1328 5076 1529 5153 glaucis
1557 5081 1781 5153 Κύρῤαν
1815 5080 2078 5153 scriptum

509 5149 990 5221 Itt‘pEtlasidlllOtIO
1045 5150 1279 5221 Κίρραν.
1339 5149 1583 5221 Cirrham
1646 5149 2078 5221 saepiusLatini

510 5217 731 5291 dixere.
754 5217 959 5291 Plinius
987 5221 1022 5277 l.
1059 5217 1133 5282 tv,
1160 5217 1217 5271 'c.
1253 5222 1323 5274 5:
1363 5239 1380 5269 ι
1413 5219 1587 5285 Ultra,
1623 5217 1820 5291 inquit,
1854 5220 2082 5277 Cirrhtei

509 5284 766 5359 Phocidis
795 5290 1006 5359 Campi,
1039 5292 1295 5359 oppidum
1327 5291 1539 5345 Cirrha.
1573 5284 1591 5343 ι

580 5356 691 5427 (64)
732 5362 780 5412 Γ
781 5356 1130 5429 ερὰνδρυοίί
1175 5361 1247 5415 Ila
1289 5363 1631 5428 reposuimus
1678 5378 1742 5415 ex
1784 5369 2081 5427 Clemente,

508 5444 632 5504 cum
669 5446 947 5504 perperam
994 5431 1823 5504 οιιιο-Ιεξςετριιινίίγεράνδρειον.
1856 5431 1965 5488 Nec
1990 5434 2083 5487 du-

509 5500 658 5554 lium
697 5502 928 5573 videtur,
961 5504 1091 5571 quin
1125 5501 1383 5572 Libycum
1419 5500 1570 5566 illud,
1596 5500 1673 5557 ac'
1698 5502 1933 5558 Dodona:
1966 5518 2083 5573 pro.

509 5586 575 5640 pe
604 5572 879 5637 geminum
909 5573 1193 5627 Ammonis
1222 5574 1502 5628 oraculum
1543 5574 1821 5642 intelligat.
1857 5572 2082 5628 Sedmi-

510 5656 631 5714 rum
663 5649 748 5696 est
779 5643 920 5711 apud
936 5644 1240 5714 scriptores
1274 5659 1464 5699 omnes
1508 5645 1574 5699 de
1618 5660 1821 5714 quercu
1855 5645 1967 5707 illa,
1998 5646 2079 5698 vel

509 5713 612 5766 alia
647 5712 1066 5787 quavis‘arbore
1098 5723 1427 5787 pervetusta,
1458 5714 1603 5787 quod
1637 5712 1968 5787 γεράνδρυον
1994 5714 2082 5787 hic

511 5784 779 5847 nominat,
817 5782 1116 5837 silentium.
1172 5783 1437 5839 Arrianus
1473 5782 1720 5852 quidem,
1759 5795 1813 5839 et
1842 5782 2079 5839 'Curtius

512 5853 602 5924 lib.
640 5870 710 5916 μ’,
740 5854 835 5926 qui
866 5854 1110 5911 omnium
1148 5854 1419 5912 uberrime
1451 5858 1657 5912 oraculi
1688 5857 1849 5913 situm
1877 5857 2082 5911 solum-

2223 4812 2289 4849 ue
2322 4795 2655 4856 describunt,
2689 4792 3074 4862 opacissimum
3108 4792 3157 4845 ei
3195 4807 3387 4845 nemus
3421 4791 3775 4847 circumfun-

2223 4814 2289 4849 lle
2322 4814 2655 4856 UCSCTIUUIII‘,
2689 4814 3074 4862 OpﬂClSSIllllllll
3108 4814 3157 4845 Cl
3195 4814 3387 4845 "CUIUS
3421 4814 3770 4847 CerUlllIUll'

2183 4814 2337 4927 iiunt,
2368 4866 2570 4919 nullam
2626 4876 2803 4919 tamen
2858 4864 2994 4917 alias
3040 4864 3179 4917 inter
3232 4863 3479 4914 arborem
3517 4864 3770 4930 signant,

2186 4946 2278 4995 aut
2304 4946 2569 4990 vetustate
2604 4945 2693 4988 aut
2717 4936 2865 4988 cultu
2898 4934 3172 4986 eximiam.
3205 4931 3412 4985 Plinius
3442 4941 3622 4985 autem
3663 4935 3773 4989 lib.

2185 5024 2283 5071 xu,
2310 5022 2357 5061 c.
2394 5006 2483 5065 23,
2510 5006 2601 5060 ubi
2634 5006 2699 5059 de
2731 5005 3123 5067 Hammoniaci,
3157 5006 3270 5057 sive
3303 5002 3644 5055 Ammoniaci
3682 5006 3776 5058 la-

2185 5094 2370 5150 cryma
2416 5078 2673 5150 loquitur,
2704 5075 2797 5150 _i_la
2852 5075 3079 5150 scribit;
3109 5072 3457 5150 rEthiopize
3512 5074 3776 5150 subjecta

2186 5144 2393 5210 Africa,
2450 5144 2645 5216 inquit,
2704 5144 3075 5200 Hammoniaci
3131 5145 3669 5216 lacrymam__stillat,
3704 5146 3775 5200 in

2187 5221 2369 5275 arenis
2399 5213 2571 5284 suis'(
2597 5216 2722 5270 inde
2772 5227 2824 5271 et
2873 5218 3091 5269 nomine
3127 5216 3287 5269 etiam
3334 5216 3401 5267 ah
3439 5213 3774 5270 Hammonis

2188 5290 2432 5354 Oraculo,
2462 5289 2617 5358 juxta
2650 5290 2794 5357 quod
2826 5287 3061 5357 gignitur
3091 5287 3255 5340 arbor
3287 5301 3450 5358 quam
3484 5285 3774 5355 Mctopion

2185 5354 2683 5431 vocant),'resina-'
2702 5354 2897 5431 modo,
2915 5368 3023 5431 aut
3048 5358 3276 5431 gummi.
3300 5375 3330 5431 _n
3369 5354 3591 5431 Verum,
3630 5354 3771 5424 upi-

2188 5447 2308 5491 nor,
2338 5426 2507 5498 genus
2535 5428 2744 5484 arboris
2778 5429 2972 5492 innuit,
3002 5443 3107 5481 non
3139 5426 3466 5496 singularem
3514 5426 3767 5496 aliquam

2188 5503 2409 5561 indicat,
2445 5516 2544 5554 nec
2583 5501 2744 5552 ullam
2780 5510 2875 5554 aut
2916 5498 3200 5554 vetustatis
3230 5507 3322 5551 aut
3352 5498 3531 5551 cultus
3567 5507 3770 5553 mitam

2186 5572 2451 5640 adjungit.
2478 5570 2793 5623 Theodorus
2828 5571 2916 5624 lib.
2951 5587 2983 5626 Χ
3018 5569 3093 5622 De
3119 5565 3287 5640 Grec.
3314 5568 3511 5637 affect"
3543 5584 3640 5640 qui
3668 5579 3773 5640 t9-

2189 5636 2277 5696 tus
2307 5636 2383 5695 de
2408 5640 2646 5696 oraculis
2669 5650 2772 5700 est,
2802 5640 2940 5695 inter
2965 5650 3181 5703 ca'tera,
3208 5639 3301 5694 καὶ
3324 5640 3425 5708 τὴν
3448 5636 3771 5761 ἱερὸνξὲξῖ

2189 5719 2596 5761 commemorat-
2644 5711 3008 5761 continuouue
3054 5711 3268 5761 subdit.
3313 5710 3407 5761 καὶ
3458 5710 3519 5761 τὸ
3560 5711 3599 5761 Δ

2187 5719 2596 5773 commemorat,
2644 5711 3008 5780 continuoque
3054 5711 3269 5774 subdit,
3313 5710 3519 5780 atat-ro
3560 5711 3599 5761 Δ

2187 5784 2333 5906 ἔαῖον
2368 5781 2633 5906 ξαλξείον.
2674 5782 2753 5837 An
2801 5778 2934 5852 ἱερᾶ
2965 5780 3093 5852 δρῦς
3142 5791 3385 5836 nostrum
3424 5779 3526 5835 hoc
3552 5778 3765 5851 γεράν-

2220 5869 2341 5906 eam
2413 5870 2436 5906 ε
2479 5892 2489 5906 .

2219 5869 2341 5926 ρων
2380 5863 2489 5907 est!
