3948 6376
479 351 586 408 123

1115 347 1390 407 EUSEBll
1429 343 1909 403 CIESARIENSIS
1942 341 2092 400 OPP.
2134 340 2312 400 PARS
2349 331 2417 398 ΙΙ.
2450 370 2517 383 -—
2554 344 3048 403 APOLOGETICA.

3627 352 3721 409 124

473 469 960 539 ιιιιιιιτ,ἰεηυὶαειιι
1013 468 1151 524 nihil
1192 470 1295 524 hoc
1326 468 1484 523 vobis
1516 466 1812 533 invideam,
1848 474 1909 521 ut
1937 481 2054 536 my-

2166 463 2240 529 iv,
2290 465 2357 518 τὰ
2405 464 2530 535 περὶ
2576 464 2673 536 τὴν
2750 466 3064 538 Ἀφροδίτην
3117 464 3417 538 μαχλῶντα
3467 464 3725 538 ὅργια,ὲκ

476 562 641 617 steria
679 572 856 615 vestra
910 559 1199 630 sepulcrali
1249 574 1373 614 cum
1430 556 1673 620 nomine,
1724 566 1839 609 tum
1884 554 2050 609 etiam

478 651 689 705 honore
738 651 1084 705 decorentur.
1135 648 1395 716 Quinimo
1444 648 1604 702 liceat
1650 646 1746 701 tibi
1798 645 2053 716 mysteria

477 744 636 812 quasi
689 742 953 815 μυθήρια,
990 743 1095 797 hoc
1140 750 1224 798 est
1280 740 1550 807 venatica,
1586 748 1776 794 mutua
1814 737 2051 791 duorum

478 837 875 892 elementorum
935 834 1379 904 permutatione,
1437 832 1682 903 accipere
1731 849 1743 884 :
1790 838 2055 885 venantur

478 930 626 983 enim
660 929 704 983 si
738 943 860 997 qua:
882 926 1021 991 aliae,
1054 925 1365 995 huiusmodi
1391 922 1607 987 fabulae,
1643 928 1909 991 quotquot
1940 919 2055 974 sive

485 1021 630 1091 apud
660 1019 900 1074 Thraces
928 1018 1289 1085 immanitate,
1324 1018 1439 1072 sive
1472 1016 1613 1086 apud
1634 1014 1878 1084 Phryges
1903 1012 2055 1067 insa-

484 1113 596 1179 nia,
629 1112 745 1166 sive
778 1109 923 1181 apud
961 1109 1184 1165 Graecos
1215 1107 1603 1179 superstitione
1644 1108 1917 1178 principes
1942 1120 2057 1159 me-

479 1212 787 1259 morantur.
818 1202 926 1274 63
954 1208 1025 1257 At
1054 1202 1196 1257 male
1241 1209 1448 1273 pereat,
1482 1199 1734 1270 quisquis
1767 1206 1932 1253 tantae
1967 1213 2059 1252 ve-

482 1291 685 1347 cordia:
707 1293 996 1347 hominum
1026 1292 1214 1365 generi
1244 1300 1437 1346 auctor
1466 1289 1588 1353 fuit,
1622 1303 1715 1345 seu
1746 1287 2054 1355 Dardanus,

481 1385 577 1454 qui
607 1383 796 1441 Matris
823 1384 993 1441 Deum
1030 1384 1288 1456 mysteria
1333 1382 1540 1445 docuit,
1586 1396 1683 1438 seu
1711 1380 1924 1444 Eetion,
1963 1382 2057 1451 qui

484 1476 908 1533 Samothracum
939 1478 1092 1547 orgia
1120 1492 1244 1533 cum
1275 1493 1466 1533 eorum
1495 1477 1665 1532 initiis
1686 1475 1932 1547 protulit,
1962 1489 2058 1530 seu

483 1567 666 1641 Phryx
712 1570 801 1625 ille
834 1569 1025 1633 Midas,
1059 1571 1153 1641 qui
1183 1586 1309 1626 cum
1353 1571 1422 1625 ab
1452 1568 1672 1642 Odrydo
1717 1567 1971 1624 callidam
2006 1575 2061 1621 et

484 1662 698 1717 artiﬁcii
734 1664 950 1733 plenam
1005 1663 1253 1718 fraudem
1296 1663 1618 1733 accepisset,
1648 1676 1770 1716 eam
1810 1667 2061 1731 postmo-

486 1758 618 1811 dum
660 1758 713 1811 in
738 1756 988 1811 subditos
1016 1771 1129 1810 sua:
1157 1755 1352 1809 ditioni
1385 1754 1587 1826 sparsit
1619 1752 1925 1808 universos.
1954 1748 2062 1805 Nec

489 1851 635 1905 enim
678 1850 814 1903 mihi
848 1847 1079 1920 Cinyras
1125 1848 1215 1903 ille
1252 1846 1485 1919 Cyprius
1517 1845 1776 1901 insularis
1819 1858 2063 1914 unquam

490 1942 829 2012 imposuerit,
858 1941 951 2011 qui
982 1957 1105 1995 cum
1141 1939 1410 1995 famosam
1443 1940 1635 1996 insula:
1664 1955 1778 1995 sua:
1814 1937 2061 1992 meretri-

489 2051 605 2090 cem
661 2035 817 2089 deam
866 2034 1077 2090 efﬁcere
1126 2034 1471 2089 vehementer
1514 2042 1747 2103 Optaret,
1798 2030 2064 2102 ﬂagitiosa

494 2126 718 2184 Veneris
751 2128 902 2199 orgia
928 2142 990 2182 ex
1028 2126 1269 2181 tenebris
1291 2125 1344 2179 in
1378 2125 1557 2181 lucem
1588 2141 1757 2181 ausus
1782 2133 1867 2181 est
1885 2124 2062 2179 diem-

490 2234 594 2287 que
619 2218 940 2288 producere.
970 2216 1091 2271 Jam
1129 2217 1223 2271 alii
1268 2215 1658 2285 Melampodem
1703 2214 2064 2287 Amythaonis

490 2313 683 2377 tilium,
730 2309 946 2366 Cereris
994 2308 1153 2376 festa,
1204 2310 1437 2375 luctum,
1469 2309 1715 2378 inquam,
1753 2307 1907 2361 illum
1944 2321 2065 2361 car-

492 2405 731 2461 minibus
763 2403 1091 2475 hymnisque
1123 2402 1401 2456 decantari
1438 2401 1682 2465 solitum,
1714 2400 1769 2453 in
1800 2398 2063 2454 Graeciam

490 2515 557 2553 ex
584 2496 818 2567 Egypto
841 2495 1150 2549 traduxisse
1176 2494 1385 2560 volunt.
1421 2491 1560 2548 Istos
1584 2490 1837 2561 equidem
1870 2489 2064 2559 impia-

491 2603 613 2644 rum
648 2586 982 2653 fabularum,
1020 2600 1085 2639 ac
1122 2585 1393 2654 pestiferae
1434 2582 1838 2654 superstitionis
1864 2597 2063 2652 paren-

492 2696 593 2745 tes,
664 2679 935 2733 malorum
1002 2678 1277 2747 principes
1338 2677 1583 2731 omnium
1636 2674 1808 2731 fuisse
1864 2674 2064 2729 merito

491 2773 746 2840 dixerim,
774 2787 898 2826 cum
938 2771 1025 2824 illa
1054 2770 1312 2841 mysteria
1344 2771 1609 2824 scelerum
1641 2784 1705 2823 ac
1743 2768 1938 2823 mortis
1977 2783 2064 2823 se-

493 2868 640 2921 mina
675 2867 728 2920 in
773 2864 1054 2919 hominum
1105 2864 1269 2916 vitam
1302 2862 1626 2916 intulerunt.
1672 2860 1742 2915 At
1774 2861 1922 2915 enim
1949 2860 2062 2931 jam

487 2974 701 3029 tempus
733 2966 839 3023 est,
868 2966 925 3009 ut
954 2955 1104 3026 orgia
1128 2964 1307 3009 vestra
1338 2952 1550 3009 fraudis
1575 2968 1639 3008 ac
1666 2952 2061 3024 praestigiarum

493 3052 651 3121 plena
696 3065 818 3105 esse
869 3050 1344 3103 demonstremus:
1382 3062 1499 3111 vos,
1554 3046 1602 3101 si
1653 3046 1815 3100 modo
1864 3045 2063 3099 initiati

2157 556 2347 618 νυκτὸς
2368 557 2551 627 ήμέρᾳ
2594 557 2929 628 παραδοῦναι
2956 557 3255 628 τολμήσας,
3286 557 3727 628 φιλοτιμούμενος

2155 647 2369 701 θειάσαι
2422 648 2625 719 πόρνην
2684 648 2940 701 πολίτιδα.
2972 648 3313 720 Μελάμποδα
3357 648 3415 701 δὲ
3447 650 3538 703 τὸν
3576 652 3703 723 ’Δμυ

2162 739 2369 803 θάωνος
2421 740 2567 794 ἄλλοι
2622 742 2784 809 φασὶν
2831 740 2888 807 ἐξ
2925 741 3203 808 Αἰγύπτου
3263 742 3625 812 μετακομίσαι
3668 748 3730 816 τῇ

2166 830 2376 885 Ἐλλάδι
2407 832 2504 895 τὰς
2535 832 2705 903 Δηοῦς
2739 832 2951 903 ἑορτὰς,
2988 834 3181 897 πένθος
3219 832 3579 904 ὑμνούμενον.
3614 836 3734 891 Τού-

2157 940 2281 987 τους
2337 922 2497 992 ἔγωγ’
2538 923 2603 977 ἂν
2662 925 3003 996 ἀρχεκάκους
3042 927 3285 997 φήσαιμι
3326 925 3513 996 μύθων
3545 925 3728 993 ἀθέων,

2158 1014 2251 1067 καὶ
2285 1014 2703 1085 δεισιδαιμονίας
2733 1016 2972 1088 ὀλεθρίου
3002 1019 3267 1089 πατέρας,
3304 1018 3527 1089 σπέρμα
3548 1018 3734 1083 κακίας

2160 1107 2253 1159 καὶ
2285 1106 2488 1179 φθορᾶς
2522 1109 3103 1178 ὲγκαταφυτεύσαντας
3131 1110 3210 1179 τῷ
3231 1109 3334 1180 βίῳ
3356 1108 3427 1162 τὰ
3450 1112 3731 1182 μυστήρια.

2163 1200 2300 1271 Ἤδη
2339 1201 2396 1254 δὲ
2440 1202 2553 1270 (καὶ
2581 1202 2689 1273 γάρ
2720 1202 2930 1273 καιρὸς)
2980 1203 3119 1256 αὐτὰ
3168 1202 3329 1273 ὑμῶν
3359 1202 3430 1256 τά
3464 1201 3624 1273 ϐργια
3654 1204 3734 1273 ἐξ·

2160 1290 2362 1361 ελέγξω
2388 1292 2602 1364 ἀπάτης
2623 1294 2717 1347 καὶ
2738 1294 3022 1366 τερατείας
3054 1295 3298 1365 ἔμπλεα,
3320 1295 3418 1349 καὶ
3447 1298 3497 1348 εί
3533 1297 3732 1369 μεμύηο

2162 1386 2277 1452 σθε,
2317 1385 2514 1458 μᾶλλον
2544 1388 2929 1455 ἐπιγελάσεσθε
2958 1390 3069 1452 τοῖς
3103 1387 3298 1459 μύθοις
3341 1387 3500 1457 ὑμῶν
3543 1388 3739 1451 τούτοις

2161 1480 2510 1551 τιμωμένοις.
2538 1480 2845 1553 Ἀγορεύσω
2871 1481 2925 1534 δὲ
2947 1481 3250 1550 ἀναφανδὸν
3273 1481 3343 1535 τά
3368 1483 3736 1553 κεκρυμμένα,

2163 1571 2263 1624 οὐκ
2295 1570 2610 1642 αἰδούμενος
2632 1572 2832 1640 λέγειν,
2863 1572 2898 1626 ἀ
2920 1575 3246 1645 προσκυνεῖν
3271 1574 3376 1626 ούκ
3405 1575 3736 1645 αἰσχύνεσθε.

2176 1659 2241 1713 Ἠ
2277 1660 2374 1731 μὲν
2406 1656 2497 1713 οῦν
2535 1662 2858 1733 ἀφρογενὴς,
2893 1665 2986 1717 καὶ
3009 1664 3379 1736 κυπρογενής,
3422 1664 3518 1718 καὶ
3542 1665 3739 1738 Κινύρα

2166 1751 2314 1824 φίλη,
2349 1752 2449 1825 τὴν
2501 1754 2818 1827 Ἀφροδίτην
2864 1756 3007 1825 λέγω
3041 1759 3139 1829 τὴν
3173 1758 3502 1829 φιλομηδέα,
3530 1759 3612 1812 ὅτι
3646 1779 3742 1831 μη..

2165 1848 2300 1901 δέων
2326 1847 2649 1920 ἐξεφαάνθη,
2681 1849 2895 1920 μηδέων
2936 1849 3158 1903 ἐκείνων
3207 1850 3319 1903 τῶν
3360 1852 3741 1923 ἀποκεκομμέ-

2167 1957 2271 1993 νων
2303 1939 2554 2011 ούρανοῦ,
2587 1940 2698 1993 τῶν
2743 1940 2974 2009 λάγνων,
3028 1941 3136 1995 τῶν
3186 1942 3328 2014 μετά
3362 1944 3464 2015 τὴν
3496 1944 3661 2014 τομὴν
3687 1944 3743 1997 τὸ

2166 2030 2317 2102 κῦμα
2350 2032 2747 2103 βεϐιασμένων,
2794 2036 2887 2089 καὶ
2926 2033 3170 2103 ἀσελγῶν
3206 2036 3337 2106 ὑμῖν
3370 2036 3575 2107 μορίων
3606 2034 3741 2099 ἄξιος

2179 2124 2464 2196 Ἀφροδίτη
2522 2126 2763 2193 γίνεται,
2802 2127 3014 2198 καρπὸς
3038 2128 3096 2180 ὲν
3127 2130 3246 2190 ταῖς
3272 2128 3520 2190 τελεταῖς
3552 2127 3743 2197 ταύτης

2165 2217 2264 2288 τῆς
2323 2218 2587 2288 πελαγίας
2632 2218 2845 2290 ἡδονῆς,
2901 2222 3198 2293 τεκμήριον
3236 2221 3336 2290 τῆς
3380 2220 3563 2291 γονῆς,
3610 2220 3742 2274 ἀλῶν

2167 2311 2405 2383 χόνδρος,
2444 2313 2539 2367 καὶ
2586 2313 2785 2380 φαλλὸς
2817 2316 2929 2377 τοῖς
2962 2314 3296 2386 μυουμένοις
3319 2315 3422 2384 τὴν
3441 2312 3634 2383 τέχνην
3654 2314 3745 2383 τήν

2170 2406 2421 2479 μοιχικὴν
2452 2408 2766 2461 ἐπιδίδοται.
2817 2407 3080 2478 Νόμισμα
3109 2406 3166 2459 δὲ
3212 2407 3562 2478 εἰσφέρουσιν
3616 2407 3741 2476 αὐτῇ

2166 2501 2214 2553 oi
2251 2498 2565 2571 μυούμενοι,
2598 2499 2673 2563 ὡς
2697 2499 2888 2570 ἑταίρᾳ
2912 2499 3137 2569 ἐρασταί
3160 2516 3175 2529 ·
3194 2497 3371 2571 Δηοῦς
3400 2497 3456 2551 δὲ
3487 2499 3746 2569 μυστήρια

2167 2590 2263 2644 καὶ
2305 2591 2426 2655 Διὸς
2450 2592 2587 2663 πρὸς
2610 2591 2823 2663 μητέρα
2855 2592 3151 2664 Δήμητραν
3179 2590 3487 2664 ἀφροδίσιοι
3516 2589 3743 2661 συμπλο-

2166 2680 2281 2742 καὶ,
2318 2681 2411 2733 καὶ
2456 2681 2638 2751 μῆνις,
2690 2680 2791 2733 ούκ
2829 2676 2925 2733 οἷδ’
2975 2681 3003 2733 ὅ
3036 2697 3089 2734 τι
3120 2680 3206 2750 φῶ
3244 2681 3456 2744 λοιπὸν,
3497 2679 3742 2754 μητρὸςῆ

2166 2774 2443 2839 γυναικὸς,
2488 2770 2591 2841 τῆς
2633 2770 2839 2842 Δηοῦς’
2884 2769 2952 2843 ἦς
2998 2770 3061 2844 δὴ
3114 2772 3303 2843 χάριν,
3356 2769 3549 2842 Βριμὼ
3591 2785 3746 2838 προσ-

2166 2864 2533 2937 αγορευθῆναι
2570 2866 2819 2934 λέγεται·
2881 2868 3150 2939 ίκετηρίαι
3189 2868 3331 2931 Διὸς,
3365 2867 3458 2920 καλ⁸
3485 2866 3633 2936 πόμα
3666 2881 3737 2934 χο-

2168 2958 2287 3029 λῆς,
2323 2960 2417 3013 καὶ
2455 2959 2851 3030 καρδιουλκίαι,
2903 2961 2995 3013 καὶ
3036 2960 3461 3031 ἀρρητουργίαι.
3498 2957 3677 3011 Ταῦτα
3701 2958 3745 3007 οἱ

2167 3047 2379 3118 Φρύγες
2400 3048 2739 3103 τελίσκουσιν
2794 3049 2997 3102 ’Λττιδι
3032 3052 3125 3103 καὶ
3154 3049 3399 3121 Κυϐέλη,
3444 3049 3535 3102 καὶ
3578 3044 3746 3117 Κορύ-

492 3144 648 3209 estis,
690 3143 807 3198 risu
855 3157 919 3196 ac
954 3140 1130 3195 sibilis
1170 3148 1378 3194 vestras
1413 3139 1535 3193 illas
1578 3137 1812 3202 fabulas,
1865 3138 2063 3207 quibus

2171 3138 2318 3194 ϐασι.
2387 3140 2801 3212 Τεθρυλλὴκασι
2848 3143 2904 3195 δὲ
2961 3143 3033 3206 ὡς
3069 3143 3176 3214 ἄρα
3218 3141 3545 3205 ἀποσπάσας
3578 3139 3747 3202 ὁΖεὺς

493 3243 704 3289 tantum
749 3232 1118 3289 venerationis
1162 3229 1452 3292 tribuitur,
1508 3243 1620 3298 prze
1666 3227 1878 3283 caeteris
1922 3227 2064 3282 exci-

492 3328 675 3398 pietis.
704 3324 816 3396 Ego
848 3338 979 3378 vero
1010 3322 1191 3377 abdita
1223 3321 1551 3391 penitusque
1576 3319 1855 3374 recondita
1882 3319 2063 3389 paiam

495 3436 547 3474 Ill
576 3418 822 3474 omnium
848 3416 968 3471 luce
997 3414 1299 3480 collocabo,
1326 3426 1425 3467 nec
1454 3426 1541 3466 me
1562 3411 1736 3481 pudor
1756 3410 1824 3465 ab
1850 3410 1916 3465 iis
1939 3426 2065 3479 pro-

492 3508 731 3565 ferendis
762 3505 1057 3570 revocabit,
1079 3519 1201 3574 quae
1220 3501 1539 3561 vos.divinis
1566 3500 1868 3556 honoribus
1889 3500 2067 3555 colere

494 3620 604 3659 non
620 3603 838 3673 pudeat.
871 3598 1061 3654 Vestra
1082 3598 1246 3669 igitur
1262 3596 1375 3660 illa,
1401 3610 1606 3665 spuma:
1622 3594 1845 3649 marina:
1862 3593 2063 3664 proles,

492 3695 767 3768 Cyprique
806 3692 969 3758 fetus,
1014 3707 1078 3746 ac
1110 3690 1327 3762 Cinyrae
1358 3689 1636 3752 delicium,
1673 3686 1938 3742 Venerem
1985 3688 2069 3741 in-

493 3789 695 3859 telligo,
728 3801 890 3857 quam
925 3783 1244 3855 φιλομηδέα,
1283 3782 1387 3837 hoc
1418 3788 1501 3836 est
1533 3779 1730 3835 veretri
1770 3786 2064 3841 amantem,

496 3880 815 3945 nominatis,
849 3880 1050 3949 quippe
1096 3874 1342 3930 membris
1388 3887 1453 3927 ea:
1501 3870 1820 3943 genitalibus
1862 3881 2067 3934 ortam;

493 3976 640 4030 fetus
678 3973 865 4043 utique
909 3969 1170 4026 abscissis
1200 3968 1308 4023 illis
1348 3966 1485 4022 Caeli
1517 3965 1864 4036 genitalibus,
1896 3978 2071 4034 usque

495 4069 634 4122 adeo
656 4065 950 4129 salacibus,
992 4071 1051 4117 ut
1079 4068 1228 4118 secta
1258 4075 1478 4131 quoque
1503 4058 1704 4113 undam
1734 4059 1907 4128 ipsam
1936 4072 2071 4111 con-

495 4157 814 4228 stuprariut,
867 4171 967 4210 nec
1008 4169 1114 4208 non
1157 4152 1344 4208 effusis
1390 4151 1445 4205 iu
1498 4150 1777 4205 libidinem
1827 4147 2072 4217 corporis

496 4252 663 4307 vestri
692 4250 941 4321 partibus
969 4248 1128 4318 longe
1160 4246 1543 4316 dignissimus,
1579 4242 1759 4298 Venus
1803 4244 1906 4297 ista
1940 4258 2069 4310 pro-

497 4352 733 4399 creatur.
768 4340 974 4411 ltaque,
1004 4340 1059 4394 in
1103 4339 1320 4394 arcanis
1358 4338 1655 4407 voluptatis
1702 4335 1869 4404 hujus
1903 4334 2071 4388 mari-

495 4452 582 4492 nae
614 4435 808 4498 sacris,
845 4445 1074 4506 grumus
1126 4432 1277 4499 salis,
1335 4430 1645 4500 efﬁgiesque
1685 4428 1906 4493 veretri,
1959 4436 2074 4482 tan-

2164 3231 2258 3285 τοῦ
2284 3232 2439 3303 κριοῦ
2467 3232 2592 3296 τοὺς
2614 3233 2887 3305 διδύμους,
2924 3235 3104 3305 φέρων
3138 3238 3196 3288 ὲν
3222 3234 3411 3305 μέσοις
3438 3233 3625 3304 ἔρριψε
3643 3233 3747 3292 τοῖς

2167 3324 2386 3388 κόλποις
2411 3326 2511 3397 τῆς
2557 3324 2749 3396 Δηοῦς,
2782 3327 3053 3398 τιμωρίαν
3077 3327 3244 3398 ψευδῆ
3280 3329 3382 3399 τῆς
3412 3327 3592 3397 βιαίας
3624 3342 3750 3393 συμ-

2168 3417 2372 3487 πλοκῆς
2425 3418 2736 3485 ὲκτιννύων,
2792 3420 2869 3483 ὡς
2902 3420 3096 3473 ἑαυτὸν
3148 3420 3307 3490 δῆθεν
3356 3418 3626 3491 ἐκτεμὼν.
3677 3415 3751 3468 Τά

2170 3507 2415 3579 σύμϐολα
2431 3508 2533 3579 τῆς
2563 3511 2818 3581 μυήσεως
2839 3510 3043 3582 ταύτης
3071 3512 3137 3564 ἐκ
3165 3511 3487 3582 περιουσίας
3522 3525 3747 3581 παρατε-

2169 3599 2350 3664 θέντα,
2384 3598 2481 3653 οἷδ’
2512 3602 2593 3653 ὅτι
2628 3602 2839 3672 κινήσει
2876 3601 3111 3672 γέλωτα,
3137 3602 3231 3655 κοιλ⁸
3274 3601 3348 3673 μὴ
3386 3600 3749 3671 γελασείουσιν

2170 3691 2297 3761 ὑμῖν
2330 3691 2441 3763 (7-1)
2472 3692 2563 3745 διὰ
2589 3693 2715 3756 τοὺς
2770 3693 3045 3763 ἐλέγχους.
3084 3693 3179 3745 Ἐκ
3203 3692 3491 3763 τυμπάνου
3520 3690 3712 3759 ἔφαγον
3731 3701 3748 3720 ⁸

2169 3785 2261 3837 καὶ
2316 3783 2599 3855 κυμϐάλου
2626 3785 2797 3838 ἔπιον.
2847 3785 3286 3857 Ἐκερνοφόρησα
3321 3785 3471 3857 (72)·
3514 3783 3618 3836 ὑπὸ
3664 3781 3749 3835 τὸν

2171 3876 2375 3931 παστὺν
2428 3877 2649 3933 ὑπέδυν.
2701 3877 2889 3933 Ταῦτα
2934 3879 3033 3949 ούχ
3090 3876 3246 3950 ὕϐρις
3278 3879 3346 3933 τά
3382 3877 3661 3950 σύμϐολα;
3691 3875 3746 3927 ού

2170 3969 2337 4041 χλεύη
2353 3969 2422 4024 τὰ
2441 3972 2715 4042 μυστήρια
2735 3988 2749 4036 ;
2780 3970 2843 4023 Τί
2857 3971 2921 4043 δὴ
2941 3972 3035 4025 καὶ
3056 3972 3124 4025 τὰ
3150 3970 3406 4025 ἐπίλοιπα
3435 3970 3745 4044 προσθείηνς

2171 4064 2292 4118 κύει
2321 4065 2471 4138 μὲνὴ
2504 4066 2793 4136 Δημήτηρ,
2824 4064 3186 4135 ἀνατρέφεται
3219 4064 3275 4117 δὲ
3314 4066 3344 4135 ή
3388 4066 3550 4138 κόρη,
3578 4062 3750 4134 μίγνυ-

2172 4175 2260 4211 ται
2280 4157 2324 4211 δ’
2346 4153 2501 4220 αὖθις
2551 4159 2579 4210 ὁ
2622 4158 2890 4227 γεννήσας
2923 4157 3122 4210 οὑτωσὶ
3150 4157 3285 4220 Ζεὺς
3321 4159 3385 4227 τῇ
3420 4157 3744 4227 Φερεφάττῃ,

2173 4253 2240 4321 τῇ
2271 4249 2375 4320 ἰδίᾳ
2400 4249 2628 4321 θυγατρὶ
2658 4248 2798 4320 μετά
2827 4251 2927 4320 τὴν
2966 4250 3176 4321 μητέρα
3206 4249 3349 4320 Δηῶ,
3399 4250 3748 4320 ἐκλαθόμενος

2172 4342 2265 4396 τοῦ
2300 4343 2566 4416 προτέρου
2608 4343 2831 4414 μύσους,
2865 4345 2958 4396 καὶ
3004 4343 3258 4413 μίγνυται
3286 4344 3503 4415 δράκων
3532 4343 3746 4414 γενόμε-

2175 4452 2283 4498 νος,
2312 4434 2371 4498 ὃς
2391 4430 2457 4504 ἦν
2485 4434 2779 4505 ἐλεγχθείς.
2812 4435 3092 4500 Σαϐαζίων
3115 4435 3245 4504 γοῦν
3278 4436 3593 4508 μυστηρίων
3614 4434 3745 4505 σύμ-

495 4542 662 4597 quam
710 4496 899 4580 feturae
944 4496 1271 4595 symbolum.
1302 4521 1370 4577 iis
1402 4496 1570 4576 tradi-
1592 4521 1747 4588 solet,
1781 4520 1875 4590 qui
1916 4519 2063 4590 ﬂagi-

2177 4496 2330 4580 ϐολον
2352 4496 2488 4591 *τοῖς
2533 4496 2876 4598 μυουμένοις,
2919 4529 2947 4580 ό
2974 4496 3068 4582 διὰ
3101 4496 3301 4581 κόλπού
3347 4496 3499 4593 036%"
3551 4496 3747 4599 δράκων

498 4620 625 4675 tiosi
671 4618 996 4674 concubitus
1040 4617 1251 4671 artibus
1292 4615 1613 4670 initiantur:
1644 4613 1699 4668 hi
1748 4630 1879 4669 vero
1912 4630 2073 4668 num-

497 4727 648 4768 mum
690 4712 791 4783 ipsi
823 4721 1081 4782 tanquam
1131 4711 1322 4766 amicae
1360 4718 1635 4763 amatores
1673 4708 1925 4763 oﬂ‘erunt.
1954 4707 2075 4762 Jam

499 4806 759 4877 mysteria
792 4804 1008 4859 Cereris
1038 4804 1183 4857 aliud
1228 4802 1363 4856 nihil
1388 4812 1535 4867 sunt,
1568 4817 1733 4871 quam
1775 4802 2073 4857 incestuosi

498 4892 650 4952 Jovis
682 4912 805 4952 cum
858 4894 1054 4950 Cerere
1101 4904 1273 4949 matre
1317 4907 1647 4964 congressus
1690 4892 2069 4963 ejusdemque,

2172 4620 2228 4674 δὲ
2260 4612 2416 4685 οὗτος
2453 4619 2831 4692 διολκούμενος
2874 4621 2984 4691 (75)
3020 4621 3115 4674 τοῦ
3150 4622 3349 4676 κόλπου
3372 4624 3481 4677 τῶν
3502 4623 3747 4693 τελουμέ-

2172 4731 2298 4775 νων,
2334 4713 2549 4783 ἐλεγχος
2589 4713 2860 4784 ἀκρασίας
2898 4715 3021 4778 Διός
3045 4732 3060 4745 °
3095 4715 3213 4769 κύει
3248 4717 3340 4769 καὶ
3382 4719 3413 4787 ἡ
3442 4716 3748 4791 Φερεφάττα

2173 4803 2340 4857 παῖδα
2368 4804 2774 4876 ταυρόμορφον.
2825 4805 3039 4877 Ἀμέλει
3074 4808 3205 4877 φησί
3235 4825 3318 4872 τις
3347 4810 3573 4881 ποιητὴς
3600 4807 3746 4861 εἰδω-

2172 4896 2341 4960 λικός’
2379 4896 2600 4965 Ταῦρος

497 4991 759 5048 matrisne
794 4993 933 5047 ultra
972 4991 1173 5052 dicam,
1219 5005 1287 5044 an
1333 4990 1558 5044 uxoris?
1608 4988 1911 5058 iracundia,
1946 5008 2067 5061 qum
2105 5010 2270 5050 causa
2306 4992 2408 5047 fuit
2446 5006 2544 5048 cur
2583 4992 2767 5047 Brimo
2792 4994 2951 5064 quasi
2980 4994 3217 5049 fremens
3258 5002 3312 5049 et
3352 4993 3746 5067 indignabunda

496 5094 814 5151 vocaretur;
859 5086 1097 5153 itemque
1140 5080 1292 5137 Jovis
1341 5081 1765 5151 supplicationes
1790 5123 1806 5143 .
1844 5082 1983 5139 fellis
2026 5086 2290 5152 haustus,
2341 5085 2523 5141 cordis
2554 5086 2975 5153 convulsiones,
3022 5101 3086 5141 ac
3121 5095 3328 5141 caetera:
3374 5087 3427 5143 id
3470 5104 3635 5158 genus
3672 5086 3748 5140 in-

498 5180 676 5236 fandae
718 5180 1062 5236 ceremoniaa.
1111 5180 1189 5233 Ac
1239 5176 1481 5249 Phryges
1527 5177 1746 5248 quidem
1795 5179 2061 5249 ejusmodi
2104 5198 2259 5237 sacra
2301 5181 2355 5235 in
2396 5180 2619 5245 Attidis,
2653 5178 2903 5252 Cybeles,
2936 5189 2990 5237 et
3042 5180 3435 5251 C‘orybantium
3492 5182 3751 5236 honorem

498 5275 933 5344 memoriamque
974 5273 1180 5329 faciunt
1220 5291 1232 5326 :
1277 5272 1480 5341 passim
1524 5281 1705 5326 autem
1761 5272 1905 5327 fama
1963 5276 2239 5341 vulgatum
2296 5284 2408 5342 est,
2450 5274 2637 5331 Jovem
2682 5275 2906 5331 avulsos
2952 5275 3198 5347 geminos
3242 5274 3428 5330 arietis
3479 5271 3748 5329 testiculos

502 5372 557 5426 in
610 5369 849 5425 medium
896 5369 1111 5425 Cereris
1158 5370 1343 5424 sinum
1392 5367 1714 5437 conjecisse,
1757 5382 1882 5425 cum
1938 5384 1967 5423 a
2009 5385 2069 5426 se
2108 5371 2229 5441 ipso
2280 5380 2532 5427 exactum
2575 5370 2932 5427 abscissionis
2971 5369 3129 5440 quasi
3181 5368 3501 5424 voluntariae
3538 5378 3745 5439 poenam

572 5600 685 5673 (71)
701 5599 831 5673 λΚαὶ
855 5597 941 5673 μὴ
966 5600 1390 5673 γελίισε-ἰουσιν
1404 5599 1521 5673 {un
1546 5596 1717 5651 Clem.
1743 5596 2063 5673 le_g_end._x&\

2189 5616 2330 5673 ρησα
2359 5618 2373 5653 :
2406 5606 2572 5673 recte,
2598 5597 3003 5673 Ακέρνον-εηίη),
3025 5599 3283 5673 μυστικδν
3313 5595 3601 5673 ἀγγείον,ῆ
3623 5607 3747 5664 κρα*

503 5666 590 5745 μὴ’
636 5666 865 5739 γελάσαι
914 5669 1123 5721 ἔπεισιν
1173 5671 1328 5741 ὑμῖν,
1382 5666 1624 5740 pleniore
1677 5678 1730 5722 et
1783 5667 2063 5722 illustriort

2186 5666 2748 5745 rﬁ'pi‘nominabant.
2776 5666 3097 5745 Hesychius,
3130 5667 3345 5745 liplluxj
3366 5666 3675 5745 ’A‘theumus.

501 5733 688 5800 sensu.
1212 5733 1223 5741 ’
1317 5733 1321 5735 ⁷
1382 5733 1431 5811 ’ί
1794 5810 1801 5811 7
2030 5809 2037 5811 Α

2238 5733 2368 5811 775)
2408 5740 2604 5807 Clem.,
2637 5738 2851 5811 δράκων
2875 5733 2929 5791 δέ
2963 5733 3109 5792 ἐστιν
3136 5733 3290 5803 οὗτος
3316 5738 3653 5810 διελκόμενος

572 5812 686 5887 (7‘2)
739 5812 1234 5882 ‘Exepropr‘pnou.
1277 5812 1354 5865 ita
1396 5810 1591 5879 Clem.,
1632 5826 1738 5866 non
1791 5809 2076 5881 ὲκιρνοφή-
