3948 6376
482 351 583 411 {Si

1122 348 1393 407 EUSEBII
1431 338 1910 405 CESABIENSIS
1946 343 2096 402 OPP.
2157 335 2337 400 PARS
2378 336 2443 397 ΙΙ.
2481 371 2551 384 -
2585 342 3086 401 APOLOGETICA.

3619 344 3728 400 εδει

473 471 604 542 quid
629 469 816 525 arcani
846 469 1238 541 evulgandum.
1288 470 1481 526 Nonne
1508 471 1625 526 lucc
1655 470 1838 525 omnia
1868 510 1883 535 ,
1938 469 2034 524 Se-

2147 468 2385 540 καρδίαι.
2422 468 2691 540 νάρθηκές
2719 486 2778 520 τε
2820 469 2913 521 καὶ
2943 464 3136 531 κιττοὶ,
3169 465 3304 538 πρὸς
3333 465 3388 520 δὲ
3418 467 3513 520 καὶ
3547 466 3727 536 φθόῖς,

472 578 659 624 samm,
697 562 1029 632 pyramides,
1088 562 1275 633 glomi,
1325 562 1585 631 placenta:
1624 561 1792 614 variis
1822 560 2045 629 signata:

473 653 770 719 umbilicis,
801 669 967 722 grana
1001 655 1153 721 salis,
1193 664 1246 709 et
1274 654 1440 707 draco
1474 653 1714 724 Dionysii
1742 652 1928 707 Basari
1956 668 2045 707 sa-

471 754 814 799 cramentum
838 745 861 797 ?
887 759 995 798 non
1026 745 1165 799 mala
1198 744 1434 814 punica?
1465 759 1573 798 non
1609 743 1857 798 medullae
1884 744 2045 797 arbo-

472 836 638 891 rum?
673 853 783 890 non
817 835 1002 891 ferula:
1024 852 1147 891 cum
1183 836 1440 891 hederis?
1469 853 1577 891 non
1604 835 1803 906 pastilli
1827 850 1893 889 ex
1923 834 2043 889 sili-

474 930 599 999 gine
644 945 914 1000 caseoque
967 928 1248 985 confecti?
1296 945 1404 985 non
1449 929 1682 998 denique
1736 928 2045 999 papavera?

474 1020 601 1077 Haec
656 1031 818 1088 sunt,
869 1038 991 1091 quae
1040 1031 1229 1076 sancta
1278 1030 1493 1077 vocant.
1531 1020 1716 1086 Quid?
1763 1019 2044 1074 Themidis

472 1128 655 1168 nonne
684 1114 964 1168 recondita
1002 1114 1250 1185 symbola
1283 1114 1385 1168 ista
1413 1112 1585 1168 sunt?
1613 1112 1899 1183 origanum
1919 1153 1934 1176 ,
1964 1111 2045 1180 ly-

471 1208 671 1270 chnus,
708 1207 940 1278 gladius,
976 1218 1166 1276 pecten
1231 1205 1513 1260 muliebris
1562 1206 1706 1274 quod
1752 1206 2043 1259 honestum

471 1315 536 1355 ac
560 1299 845 1369 mysticum
876 1309 960 1353 est
994 1298 1275 1353 muliebris
1305 1296 1542 1369 pudendi
1582 1312 1803 1351 nomen.
1838 1293 1882 1350 Ο
1911 1312 2046 1367 gna-

470 1407 592 1445 vam
619 1390 1040 1461 perfrictamque
1088 1390 1478 1461 impudentiam
1508 1391 1521 1442 !
1580 1389 1861 1443 hominum
1896 1387 2042 1441 enim

469 1482 952 1552 temperantiorum
982 1483 1237 1553 voluptas
1272 1483 1448 1537 noctis
1478 1481 1695 1536 silentio
1726 1480 2039 1551 tegebatur;

469 1588 615 1627 nunc
645 1588 775 1627 vero
810 1588 917 1628 nox
947 1582 1072 1638 est,
1122 1589 1245 1643 quae
1283 1572 1563 1628 initiandis
1590 1588 1743 1627 sacra
1796 1570 2041 1626 libidinis

468 1668 751 1732 enuntiat;
790 1666 1032 1735 adeoque
1068 1666 1209 1735 ignis
1256 1664 1458 1735 ﬂagitia
1504 1664 1783 1720 succensis
1832 1664 2042 1721 facibus

469 1758 741 1812 illustrata
772 1757 978 1826 pandit.
1011 1756 1309 1827 Exstingue
1340 1757 1416 1811 sis
1448 1757 1593 1810 hunc
1634 1757 1836 1825 ignem,
1865 1756 2044 1811 hiero-

2154 560 2250 613 καὶ
2308 562 2591 633 μήκωνεςς
2646 559 2809 613 Ταῦτ’
2863 560 3010 613 ἔστιν
3066 558 3244 612 αὑτῶν
3297 557 3365 611 τὰ
3414 557 3565 627 ἀγια.
3616 559 3733 613 Καὶ

2153 650 2377 721 προσέτι
2408 650 2509 720 τῆς
2547 649 2776 719 Θέμιδος
2804 648 2872 703 τὰ
2900 648 3115 720 ἄρρητα
3140 647 3399 718 σύμϐολα,
3435 648 3730 720 ὼρίγανον,

2150 743 2360 813 λύχνος,
2407 743 2593 813 ξίφος,
2631 742 2782 806 κτεὶς
2818 744 3143 808 γυναικεῖος,
3177 742 3235 805 ὃς
3279 743 3425 796 ἐστιν
3466 744 3733 813 εὐφήμως

2151 839 2245 891 καὶ
2294 837 2549 908 μυστικὸν
2598 838 2784 908 μόριον
2831 838 3159 904 γυναικεῖον.
3193 837 3255 887 Ὢ
3303 837 3402 907 τῆς
3451 834 3733 906 ἐμφανοῦς

2150 926 2562 996 ἀναισχυντίαςῑ
2606 926 2779 979 Πάλαι
2833 925 2931 995 μὲν
2995 924 3301 995 ἀνθρώποις
3361 924 3732 995 σωφρονοῦσιν

2153 1019 2509 1089 ἐπικάλυμμα
2558 1018 2771 1089 ἡδονῆς,
2818 1018 2913 1083 νὺξ
2964 1018 3321 1088 σιωπωμένη’
3363 1018 3481 1071 νυνὶ
3510 1017 3565 1070 δὲ
3611 1020 3732 1079 τοῖς

2155 1112 2533 1181 μυουμένοις-ἡ
2562 1110 2681 1182 ἱερά
2709 1111 2808 1181 τῆς
2835 1111 3103 1180 ἀκρασίας
3128 1108 3222 1174 νύξ
3250 1111 3365 1162 ἐστι
3396 1108 3728 1179 λαλουμένη⁸

2151 1204 2244 1257 καὶ
2275 1204 2334 1255 τὸ
2376 1202 2484 1274 πῦρ
2511 1202 2719 1273 ἐλέγχει
2742 1202 2809 1254 τὰ
2834 1202 2980 1271 πάθη
3007 1200 3423 1273 δᾳδουχούμενα.
3466 1199 3735 1253 Ἀπόσϐε-

2152 1312 2263 1358 σον,
2298 1288 2344 1347 ὧ
2382 1295 2703 1365 ἱεροφάντα,
2748 1294 2810 1347 τὸ
2857 1292 2999 1365 πῦρο
3049 1292 3596 1364 αἱδέσθητι,δᾳδοῦχε,
3624 1292 3732 1354 τάς

2148 1385 2452 1458 λαμπάδας.
2491 1385 2731 1456 Ἐλέγχει
2759 1404 2851 1439 σου
2873 1388 2963 1441 τὸν
2994 1385 3211 1456 Ἴακχον
3239 1385 3300 1438 τὸ
3330 1383 3463 1454 φῶς·
3497 1384 3733 1455 ἐπίτρεοο

2148 1478 2246 1548 ψον
2287 1477 2599 1549 ἀποκρῦψαι
2636 1482 2703 1549 τῇ
2738 1480 2893 1532 νυκτὶ
2922 1477 2990 1532 τὰ
3033 1478 3307 1549 μυστήρια
3344 1476 3541 1529 σκότει·
3579 1493 3737 1527 τετι-

2152 1569 2343 1640 μήσθω
2371 1569 2437 1623 τά
2469 1569 2651 1641 ὄργια.
2690 1569 2763 1621 Τὸ
2791 1569 2902 1641 πῦρ
2930 1570 3029 1639 οὑχ
3058 1569 3445 1640 ὑποκρίνεται·
3481 1567 3735 1636 ἐλέγχειν

2148 1662 2241 1715 καὶ
2267 1662 2514 1727 κολάζειν
2539 1662 2838 1716 κελεύεται.
2868 1661 3055 1715 Ταῦτα
3079 1662 3187 1715 τῶν
3210 1661 3385 1715 ἀθέων
3408 1661 3477 1715 τά
3514 1662 3733 1731 μυστή-

2149 1771 2261 1825 ρια.
2300 1752 2516 1816 Ἀθέους
2543 1753 2598 1805 δὲ
2626 1752 2848 1815 εἰκότως
2879 1751 3138 1805 ἀποκαλῶ
3163 1749 3403 1815 τούτους,
3431 1750 3479 1803 οἳ
3504 1748 3596 1801 τὸν
3624 1749 3733 1819 μὲν

468 1849 707 1920 phanta;
739 1858 926 1917 tuque,
958 1863 990 1903 ο
1014 1848 1108 1919 qui
1136 1848 1319 1902 lumen
1337 1847 1581 1917 praefers,
1610 1856 1731 1901 tuas
1756 1847 1872 1918 ipse
1894 1846 2034 1903 faces

2143 1846 2309 1908 ὅντως
2343 1845 2470 1899 ὄντα
2498 1843 2629 1898 Θεὸν
2662 1846 2984 1916 ἠγνοήκασι,
3015 1843 3225 1899 παιδίον
3258 1842 3314 1896 δὲ
3342 1842 3445 1895 ὑπὸ
3480 1842 3733 1895 Τιτάνων

468 1953 755 1993 reverere:
798 1938 983 1993 lumen
1038 1939 1183 1993 istud
1238 1939 1493 1993 Iacchum
1549 1938 1782 1993 traducit
1840 1946 2036 1992 tuum:

468 2042 653 2101 patere
676 2039 886 2085 noctem
902 2030 1155 2100 mysteria
1175 2030 1414 2085 tenebris
1444 2029 1734 2092 occultare;
1760 2029 2037 2098 orgiorum

469 2123 665 2176 honori
698 2122 1015 2177 consulatur
1043 2140 1056 2174 :
1091 2121 1234 2191 ignis
1267 2121 1526 2176 simulare
1555 2135 1665 2174 non
1693 2129 1870 2191 potest
1898 2139 1910 2173 :
1954 2134 2042 2173 ar-

469 2229 653 2285 guere,
684 2214 989 2284 puuireque
1013 2212 1187 2283 jubet.
1221 2211 1347 2267 Haec
1376 2213 1542 2284 igitur
1570 2212 1660 2266 illa
1703 2222 1831 2266 sunt
1866 2210 2042 2265 homi-

469 2320 598 2357 num
627 2305 913 2359 atheorum
935 2304 1213 2374 mysteria.
1243 2301 1373 2358 Jure
1388 2304 1531 2358 enim
1564 2305 1757 2359 atheos
1784 2304 2040 2369 dixerim,

468 2398 615 2467 quia
646 2398 758 2451 veri
781 2396 1034 2452 Numinis
1052 2396 1359 2467 cognitione
1391 2410 1618 2466 prorsus
1644 2396 1829 2462 alieni,
1860 2394 2045 2465 pusio-

469 2505 591 2543 nem
620 2504 648 2543 a
675 2488 960 2544 Titanibus
986 2489 1321 2558 discerptum
1341 2527 1354 2551 ,
1390 2488 1685 2557 ejulantem
1742 2487 2041 2541 muliercu-

470 2583 600 2648 lam,
623 2591 910 2653 partesque
963 2582 1209 2651 corporis
1231 2624 1245 2649 ,
1268 2598 1405 2649 quas
1432 2582 1608 2651 pudor
1625 2580 1909 2635 nominare
1932 2593 2041 2635 non

470 2677 620 2741 sinit,
658 2675 1123 2745 impudentissime
1166 2680 1498 2726 venerantur
1532 2689 1547 2737 ;
1588 2679 1650 2726 ut
1682 2670 1887 2741 duplici
1942 2684 2041 2723 no-

2144 1936 2540 2005 διασπώμενον,
2579 1939 2673 1990 καὶ
2724 1938 2947 2007 γύναιον
2993 1933 3244 1998 πενθοῦν,
3289 1935 3383 1989 καὶ
3431 1932 3593 2005 μόρια
3625 1933 3736 2005 ἄῤ-

2149 2030 2308 2100 ῥητα,
2351 2028 2425 2093 ὡς
2474 2028 2710 2101 ἀληθῶς,
2750 2030 2855 2083 ὑπὸ
2894 2027 3175 2099 αἰσχύνης,
3218 2025 3587 2096 ἀναισχύντως
3637 2024 3736 2078 σέ-

2147 2120 2319 2184 ϐουσι,
2354 2120 2501 2191 διττῇ
2534 2120 2875 2192 ἐνισχημένοι
2912 2123 2980 2191 τῇ
3010 2120 3293 2191 ἀθεότητι·
3326 2117 3568 2189 προτέρᾳ
3603 2115 3731 2187 μὲν,

2147 2211 2268 2264 καθ’
2295 2211 2361 2282 ἢν
2399 2209 2651 2279 ἀγνοοῦσι
2683 2212 2772 2265 τὸν
2810 2212 2963 2275 Θεὸν,
3008 2211 3099 2264 τὸν
3124 2211 3293 2275 ὅντως
3321 2209 3448 2263 ὅντα
3475 2208 3549 2280 μὴ
3584 2226 3735 2276 γνω-

2150 2302 2388 2373 ρίζοντες
2428 2303 2596 2357 Θεόνσ
2646 2304 2807 2376 ἑτέρᾳ
2836 2304 2892 2357 δὲ
2934 2305 3028 2358 καὶ
3068 2302 3316 2375 δευτέρᾳ,
3360 2301 3532 2374 ταύτῃ
3552 2300 3618 2371 δὴ
3650 2303 3721 2371 τῇ

2147 2393 2322 2466 πλάνῃ
2347 2395 2471 2457 τοὺς
2503 2397 2601 2449 οὐκ
2623 2396 2783 2460 ὄντας
2804 2397 2876 2460 ὡς
2903 2397 3058 2460 ὄντας
3083 2395 3412 2467 νομίζοντες,
3446 2395 3539 2448 καὶ
3566 2394 3729 2457 θεοὺς

2145 2486 2365 2550 τούτους
2391 2486 2770 2558 ὀνομάζοντες,
2807 2488 2932 2553 τοὺς
2966 2488 3066 2542 οὑκ
3106 2488 3275 2552 ὅντως
3309 2488 3489 2552 δντας,
3522 2486 3731 2559 μᾶλλον

2148 2578 2206 2631 δὲ
2235 2579 2354 2633 οὑδὲ
2381 2580 2561 2645 ὄντας,
2593 2581 2754 2651 μόνου
2778 2581 2835 2634 δέ
2872 2580 2964 2633 τοῦ
2989 2581 3255 2652 ὀνόματος
3276 2580 3661 2651 τετυχηκότας.
3702 2599 3724 2632 ι

2149 2670 2398 2725 Τοσαῦτα
2429 2673 2524 2725 καὶ
2548 2668 2723 2738 οὗτος.

469 2771 616 2823 mine
643 2767 935 2839 impietatis
969 2782 1031 2821 ac
1064 2775 1270 2836 negatae
1300 2766 1599 2819 divinitatis
1648 2764 1725 2819 rei
1773 2772 2080 2828 teneantur,
2124 2762 2317 2831 altero,
2355 2765 2501 2835 quod
2532 2764 2705 2820 Deum
2738 2766 3009 2837 ignorent,
3040 2766 3170 2820 dum
3210 2779 3553 2836 nequaquam
3595 2781 3725 2821 eum

467 2865 559 2934 qui
608 2878 733 2918 vere
779 2861 922 2916 Deus
964 2870 1046 2915 est
1087 2869 1420 2931 agnoscunt;
1475 2860 1666 2923 altero,
1722 2857 1869 2929 quod
1909 2872 2006 2913 eos
2050 2873 2361 2928 superesse,
2399 2859 2494 2929 qui
2537 2873 2644 2912 non
2688 2868 2856 2927 sunt,
2896 2860 3248 2925 arbitrentur,
3284 2858 3542 2928 ipsosque
3584 2858 3723 2912 deos

470 2964 802 3028 uuncupent,
828 2956 921 3027 qui
949 2964 1158 3011 tantum
1194 2971 1226 3010 a
1267 2971 1395 3010 vera
1444 2955 1726 3010 divinitate
1756 2955 1979 3020 absunt,
2026 2960 2085 3008 ut
2120 2968 2191 3009 ne
2222 2954 2496 3024 supersint
2533 2954 2777 3025 quidem,
2819 2969 3049 3025 eamque
3072 2961 3201 3009 sunt
3246 2952 3468 3008 nomine
3500 2952 3615 3007 solo
3642 2961 3729 3007 te-

469 3067 574 3107 nus
598 3048 893 3120 aliquando
931 3047 1232 3104 consecuti.
1270 3066 1289 3099 )
1325 3045 1443 3103 Huc
1484 3062 1658 3118 usque
1694 3046 1968 3101 Clemens.

1067 3140 1296 3197 CAPUT
1332 3141 1423 3197 IV.

507 3235 708 3303 Quibus
742 3235 1035 3292 rationibus
1060 3253 1091 3288 α
1120 3235 1467 3303 suscipiendis
1505 3234 1769 3303 ejusmodi
1800 3235 1864 3288 de
1889 3235 1995 3289 diis

847 3306 1181 3377 opinionibus
1218 3306 1432 3360 abducti
1463 3307 1650 3359 simus.

538 3401 669 3456 Jure
704 3416 835 3456 sane
862 3416 927 3456 ac
949 3401 1146 3455 merito
1174 3414 1276 3455 nos
1300 3398 1369 3454 ab
1402 3398 1523 3455 istis
1558 3399 1815 3455 omnibus
1840 3399 2038 3455 libera-

468 3502 554 3547 tos
574 3507 695 3547 esse
720 3492 1069 3562 proﬁtemur,
1100 3490 1301 3561 quippe
1350 3490 1444 3560 qui
1475 3490 1588 3562 68
1635 3499 1743 3545 tam
1793 3491 2036 3545 diuturni

469 3597 691 3655 tamque
726 3583 1007 3639 inveterati
1041 3582 1244 3637 erroris
1272 3582 1351 3638 sic
1402 3590 1662 3653 tanquam
1697 3580 2037 3637 acerbissimi

470 3676 885 3748 gravissimique
907 3675 1083 3731 morbi
1113 3674 1479 3730 calamitatem
1510 3674 1821 3745 depulimus
1854 3692 1869 3729 :
1925 3674 2038 3745 pri-

469 3783 617 3821 mmn
652 3766 869 3836 quidem
923 3765 1185 3835 singulari
1230 3764 1577 3835 praepotentis
1618 3763 1715 3819 Dei
1766 3762 1941 3836 gratia
1985 3772 2040 3820 et

470 3858 752 3923 beneﬁcio,
784 3858 979 3913 deinde
1007 3856 1314 3913 Servatoris
1354 3857 1526 3913 nostri
1558 3856 1883 3928 evangelica:
1934 3854 2036 3910 do-

469 3951 657 4005 ctrina
685 3950 737 4003 vi
767 3950 1000 4020 quadam
1028 3957 1081 4002 et
1112 3958 1398 4018 potestate,
1432 3964 1555 4019 quae
1576 3949 1754 4004 verbis
1776 3947 2037 4018 explicari

470 4052 763 4114 nequeant,
795 4057 932 4098 sano
956 4042 1190 4111 denique
1220 4051 1543 4112 maturoque
1567 4041 1798 4097 consilio
1834 4040 1890 4095 in
1914 4055 2035 4096 eam

470 4136 685 4191 adducti
714 4135 1061 4199 sententiam,
1090 4142 1145 4187 ut
1181 4143 1473 4205 augustum
1520 4134 1778 4203 omnique
1806 4132 2031 4203 dignum

468 4225 815 4281 veneratione
868 4223 963 4279 Dei
1009 4239 1205 4279 nomen
1241 4222 1494 4279 obnoxiis
1523 4223 1686 4277 morti
1718 4221 2035 4276 hominibus

471 4317 756 4389 impertiri,
779 4314 933 4371 nefas
968 4323 1022 4369 et
1078 4315 1301 4384 impium
1352 4315 1734 4380 crederemus,
1783 4312 2034 4383 quicum

468 4410 673 4481 pridem
704 4410 845 4463 inter
870 4419 1116 4462 mortuos
1141 4408 1378 4477 jaceant,
1421 4415 1535 4460 tum
1570 4421 1699 4461 vero
1728 4414 2037 4475 temperan-

2624 3152 2633 3161 '
2668 3135 3070 3192 ΚΕΦΔΛΑῘΟΝ
3115 3138 3189 3192 A'.

2146 3230 2271 3285 Τίσι
2309 3229 2622 3300 λογισμοῖς
2657 3229 2880 3355 τοῦάμὴ
2923 3230 3195 3368 τὰήὸμοια
3243 3230 3377 3300 περὶ
3403 3230 3554 3286 θεῶν
3574 3248 3724 3303 φρο-

2592 3318 2725 3354 νειν
2804 3318 2994 3368 νεχωρ
3039 3318 3255 3368 σαμεν.

2592 3318 2725 3354 νειν
2762 3318 3255 3371 ανεχωρησαμεν.

2209 3391 2448 3456 Εἰκότως
2489 3393 2623 3464 δῆτα
2655 3394 2817 3464 ἡμεῖς
2857 3394 3062 3446 τούτων
3101 3393 3356 3448 ἁπάντων
3403 3392 3726 3467 ἐλευθέρους

2139 3488 2286 3558 ἡμᾶς
2322 3484 2574 3555 γενέσθαι
2613 3485 2999 3557 ὁμολογοῦμεν,
3030 3488 3127 3558 τῆς
3157 3488 3373 3559 μακρᾶς
3400 3484 3495 3541 καὶ
3537 3505 3723 3541 πεπαο

2138 3577 2447 3649 λαιωμένης
2474 3577 2701 3649 πλάνης,
2735 3577 2924 3650 ὥσπερ
2958 3578 3103 3643 τινὸς
3130 3578 3309 3650 δεινῆς
3342 3580 3437 3633 καὶ¹
3472 3580 3722 3652 χαλεπω-

2136 3671 2305 3741 τάτης
2347 3670 2502 3724 νόσου
2540 3670 2963 3742 λελυτρωμένου
3010 3672 3104 3726 καὶ
3143 3672 3335 3744 πρῶτα
3374 3673 3473 3743 μὲν
3511 3676 3578 3745 τῇ
3619 3670 3722 3728 τοῦ

2139 3763 2573 3836 παντοκράτορος
2616 3762 2751 3817 Θεοῦ
2779 3764 2961 3837 χάριτι
3002 3766 3097 3819 καὶ
3130 3764 3440 3839 εὐεργεσίᾳ,
3466 3766 3722 3839 δεύτερον

2137 3854 2215 3918 δὲ,
2239 3856 2536 3927 ἀπορρήτῳ
2561 3854 2785 3927 δυνάμει
2822 3856 2925 3926 τῆς
2955 3855 3049 3910 τοῦ
3082 3858 3334 3929 Σωτῆρος
3365 3857 3521 3930 ἡμῶν
3550 3860 3725 3928 εὑαγ-

2135 3946 2359 4017 γελικῆς
2397 3947 2743 4012 διδασκαλίας
2766 3964 2779 3978 ·
2819 3948 2914 4001 καὶ
2947 3948 3150 4020 τρίτον,
3194 3950 3427 4022 σώφρονι
3471 3950 3724 4023 λογισμῷ

2136 4038 2418 4109 κρίναντες
2441 4038 2650 4093 ἀνόσιον
2676 4039 2817 4093 εἶναι
2846 4040 2940 4093 καὶ
2965 4041 3179 4106 ἀσεϐὲς,
3217 4044 3284 4113 τῇ
3324 4040 3417 4095 τοῦ
3460 4041 3596 4095 Θεοῦ
3630 4060 3727 4097 σε-

2138 4128 2346 4205 ϐασμίᾳ
2402 4131 2745 4203 προσηγορία
2786 4133 2952 4203 τιμᾷν
2998 4133 3127 4195 τοὺς
3178 4132 3346 4187 πάλαι
3394 4136 3453 4188 ἐν
3502 4138 3722 4207 νεκροῖς

2138 4222 2423 4292 κειμένους
2465 4223 2691 4294 θνητοὺς
2732 4223 2954 4295 ἄνδρας,
2989 4224 3083 4277 καλ⁹
3123 4224 3243 4278 οὑδὲ
3294 4227 3585 4298 σωφρόνων
3626 4228 3724 4281 ἀν-

2134 4312 2276 4385 δρῶν
2322 4315 2543 4386 μνήμην
2578 4315 3035 4384 ἀπολελοιπότας,
3072 4318 3309 4389 ἐσχάτης
3348 4318 3402 4372 δέ
3443 4320 3718 4391 ἀκρασίας

2137 4404 2232 4458 καὶ
2298 4405 2614 4470 ἀκολασίας,
2673 4407 2955 4478 ὠμότητός
3017 4426 3075 4461 τε
3138 4410 3234 4462 καὶ
3292 4410 3716 4481 φρενοϐλαϐείας

471 4503 557 4557 tia:
585 4502 967 4556 documentum
992 4500 1310 4569 reliquerint
1338 4498 1569 4563 nullum,
1606 4498 1700 4554 sed
1732 4498 1911 4553 omnis
1935 4514 2025 4569 po-

2143 4493 2401 4567 δείγματα
2422 4500 2533 4561 τοῖς
2561 4500 2677 4568 μετ’
2704 4498 2901 4563 αὐτοὺς
2928 4500 3214 4569 φυλάττειν
3240 4502 3712 4571 παραδεδωκότας.

471 4596 578 4649 tius
604 4593 1062 4662 intemperantiae,
1091 4592 1352 4658 libidinis,
1394 4590 1732 4647 crudelitatis
1791 4591 1858 4646 ad
1911 4592 2029 4646 ani-

470 4700 682 4740 morum
709 4684 1003 4756 perniciem
1030 4684 1365 4739 monimenta
1390 4684 1622 4754 posteris
1650 4684 2027 4739 conservanda

468 4777 815 4833 crediderint.
842 4774 1153 4839 Enimvero,
1187 4775 1313 4846 quis
1360 4789 1470 4829 non
1497 4785 1753 4837 extremae
1784 4775 2030 4831 stultitiae

471 4868 711 4923 futurum
753 4867 806 4921 id
834 4866 1035 4931 videat,
1058 4865 1103 4919 si
1140 4864 1391 4921 homines
1416 4865 1791 4921 sanctimonia:
1820 4879 1883 4919 ac
1910 4880 2029 4919 mo-

469 4976 589 5015 rum
623 4957 945 5031 integritatis
987 4966 1252 5023 amantes,
1305 4956 1512 5027 primas
1539 4956 1845 5011 libidinosis
1881 4956 2032 5027 ﬂagi-

469 5054 734 5123 tiosisque
763 5050 1154 5108 concederent?
1190 5050 1236 5105 si
1283 5049 1481 5103 maturi
1513 5056 1676 5118 atque
1707 5046 1983 5116 sapientes
2010 5086 2027 5111 ,

470 5146 693 5216 perditae
723 5145 1083 5216 projectaeque
1113 5141 1312 5196 mentis
1360 5142 1645 5206 homines;
1681 5140 1725 5195 si
1756 5140 2031 5208 aequitatis

471 5238 933 5307 humanitatisque
987 5234 1242 5299 studiosi,
1288 5248 1383 5288 eos
1409 5233 1502 5303 qui
1552 5240 1760 5287 tantum
1808 5232 2028 5287 diritate

470 5340 695 5388 caeteros
742 5339 795 5385 et
831 5328 1165 5383 immanitate
1215 5332 1571 5397 superarunt,
1624 5334 1685 5379 ut
1740 5325 2029 5380 sceleratas

472 5441 671 5481 manus
700 5422 1053 5479 exsecrandis
1106 5422 1401 5476 liberorum
1447 5428 1842 5489 parentumque
1876 5418 2029 5473 caedi-

468 5520 573 5573 bus
602 5516 943 5573 cruentarint
970 5554 987 5583 ,
1022 5516 1414 5584 augustissimo
1450 5513 1599 5568 cultu
1647 5512 2029 5568 celebrarent?

419 5606 431 5633 ‘
467 5610 635 5682 Cujus
662 5623 791 5665 vero
820 5623 927 5663 non
952 5608 1329 5678 cogitationem
1348 5605 1621 5675 impietate
1648 5604 1913 5666 vicerunt,
1934 5604 2024 5673 qui

466 5702 551 5760 vel
602 5702 670 5758 ad
721 5701 987 5759 obscenas
1011 5740 1027 5767 ,
1058 5713 1304 5770 quasque
1331 5713 1399 5753 ne
1428 5698 1653 5752 honeste
1683 5695 1899 5766 quidem
1934 5710 2027 5749 no-

471 5795 675 5849 minare
702 5791 879 5859 liccat,
914 5791 1156 5846 virorum
1184 5790 1580 5859 mulierumque
1616 5798 1814 5859 partes,
1841 5786 1923 5844 vel
1957 5786 2022 5842 ad

2136 4586 2260 4651 Πῶς
2291 4587 2399 4659 γὰρ
2426 4589 2487 4641 οὑ
2530 4589 2747 4644 πάντων
2776 4591 3151 4662 ἡλιθιὼτατον,
3188 4594 3314 4658 τοὺς
3358 4596 3715 4669 σωφροσύνης

2136 4682 2369 4754 ἐραστὰς
2400 4685 2511 4747 τοῖς
2540 4684 2782 4756 αἰσχροῖς
2809 4686 2905 4738 καὶ
2929 4685 3249 4751 ἀκολάστοις
3282 4686 3389 4741 τῶν
3427 4690 3713 4761 πρωτείων

2137 4777 2506 4844 παραχωρεῖν,
2543 4776 2634 4828 καὶ
2677 4776 2803 4840 τοὺς
2848 4778 3104 4842 συνετοὺς
3153 4778 3247 4832 καὶ
3290 4779 3564 4850 ἔμφρονας
3596 4783 3715 4844 τοῖς

2136 4863 2233 4928 τάς
2260 4865 2462 4938 φρένας
2487 4865 2854 4919 ἀπολωλεκόσι
2880 4868 2979 4937 τὴν
3009 4868 3311 4939 σεϐασμίαν
3339 4868 3598 4941 παρέχειν
3632 4887 3718 4923 τι-

2140 4958 2275 5029 μήν⁸
2312 4957 2435 5020 τούς
2463 4975 2522 5011 τε
2565 4957 2907 5029 δικαιοσύνης
2946 4961 3041 5014 καὶ
3080 4960 3489 5032 φιλανθρωπίας
3535 4963 3711 5032 ἀσκηέ

2135 5049 2233 5113 τὰς
2253 5090 2267 5112 ,
2295 5052 2407 5113 τοῖς
2433 5050 2499 5103 δι’
2530 5049 2834 5124 ὑπερϐολὴν
2858 5052 3140 5123 ὠμότητος
3171 5055 3265 5107 καὶ
3291 5053 3713 5126 ἀπανθρωπίας,

2134 5140 2507 5205 τεκνοκτονίας
2536 5142 2630 5195 καὶ⁵
2659 5142 3051 5215 πατροκτονίας
3087 5144 3385 5214 μιάσμασιν
3418 5144 3710 5215 ἐνισχημέ-

2136 5247 2278 5295 νοις;
2327 5230 2483 5284 ποίαν
2523 5231 2580 5285 δὲ
2625 5232 2723 5301 οὑχ
2768 5230 3193 5303 ὑπερηκόντισεν
3244 5230 3551 5303 ὑπερϐολὴν
3583 5231 3714 5283 ἀσε-

2134 5323 2304 5389 ϐείας,
2334 5322 2398 5376 τὸ
2442 5322 2799 5377 καταϐάλλειν
2831 5323 2911 5385 είς
2955 5323 3171 5395 ἄρρητα
3220 5322 3430 5397 ἀνδρῶν
3472 5323 3567 5377 καὶ
3607 5340 3709 5390 γυ-

2132 5416 2331 5469 ναικῶν
2368 5416 2549 5487 μόρια,
2582 5416 2674 5469 καὶ
2707 5417 2786 5478 εἰς
2819 5417 2918 5486 τὴν
2951 5416 3165 5484 ἄλογον,
3202 5416 3296 5470 καὶ
3330 5414 3563 5487 θηριώδη
3605 5414 3708 5485 φύ-

2136 5524 2238 5571 σιν,
2272 5507 2369 5578 τὴν
2396 5506 2597 5577 σεμνὴν
2621 5508 2715 5560 καὶ
2748 5509 3019 5575 παναγίαν
3059 5507 3155 5562 τοῦ
3185 5508 3320 5562 Θεοῦ
3363 5507 3703 5583 πρόρρησἰν;

2131 5601 2355 5655 τοιαῦτά
2399 5618 2457 5654 τε
2510 5602 2710 5673 αἰσχρά
2769 5602 2863 5654 καὶ
2899 5602 3239 5675 ἀπάνθρωπα
3292 5602 3577 5671 θεολογεῖν,
3616 5595 3706 5654 οἷα

2133 5694 2223 5747 ἐπὶ
2268 5693 2376 5746 τῶν
2418 5695 2475 5746 ἐν
2522 5692 2827 5765 ἀνθρώποις
2876 5695 3212 5766 κακουργῶν,
3262 5697 3308 5747 εί
3342 5692 3703 5763 κατελεγχθῗμ

2131 5787 2249 5849 ταῖς
2295 5784 2402 5838 ἀπὸ
2449 5782 2556 5839 τῶν
2590 5785 2767 5857 νόμων
2816 5786 3208 5858 ἀπαραιτήτοις
3255 5785 3579 5838 ὑποπέσοιεν
3632 5784 3705 5837 ἂν
