3948 6376
235 342 316 398 us
1335 322 1655 380 PRAEPAR.
1698 319 1949 377 EVANG.
1990 321 2118 378 us.
2152 320 2215 377 ιι.

3312 323 3413 380 134

229 454 498 527 τιμωρίαιςς
538 448 639 502 Καὶ
678 446 732 501 τί
781 447 886 519 χρὴ
931 446 1187 518 μηκύνειν
1230 444 1709 516 εὐαγγελιζομένου

1844 454 2094 500 naturam
2126 442 2425 500 bestiarum
2486 444 2697 500 ratione
2730 444 3033 500 carentium
3070 442 3411 498 adorandum

228 552 411 608 πάντας,
442 541 702 613 βάρδαρον
736 539 869 610 ὁμοῦ
908 540 1003 592 καὶ
1042 537 1310 609 Ἕλληνα,
1346 539 1444 607 τὴν
1478 537 1585 589 ἀπὸ
1622 536 1730 588 τῶν

222 637 473 711 εἰρημένων
503 632 683 685 κακῶν
721 632 1049 702 ἐλευθερίαν,
1096 631 1195 701 τῆς
1231 647 1289 683 τε
1327 630 1434 683 ἀπὸ
1464 630 1569 683 τῶν
1598 630 1731 699 ψευ-

217 730 430 797 δωνύμων
463 724 594 777 θεῶν
623 724 952 786 ἀποστιισίας
988 722 1071 787 τὺ,
1095 722 1313 791 εῦλογον
1346 724 1426 784 εἰς
1454 721 1567 790 φῶς
1597 722 1731 789 ἀγα-

214 824 388 893 γόντας,
416 817 569 871 ὁπότε
603 817 697 868 καὶ
733 815 911 868 αὐτῶν
946 814 1048 886 ἤδη
1089 815 1198 867 τῶν
1236 815 1440 885 σφόδρα
1470 814 1728 867 δεισιδαι-

213 914 357 986 μόνων
391 909 436 961 οί
479 907 710 970 πλείους,
756 907 944 977 ὥσπερ
988 908 1052 960 ἐκ
1101 906 1292 978 βαθέος
1333 907 1504 979 κάρον
1544 907 1729 979 διανή-

209 1008 389 1075 ψαντες,
418 1003 506 1055 καί⁵
536 1002 637 1071 τῆς
665 1002 899 1064 παλαιᾶς
920 1000 1116 1070 ἀχλύος
1149 1002 1210 1053 τὸ
1238 1001 1336 1071 τῆς
1370 1000 1547 1071 ψυχῆς
1574 1001 1727 1072 ὄμμα

207 1096 535 1161 διανοίξαντες,
562 1094 655 1145 τὸν
679 1092 844 1162 βαθὺν
870 1092 1033 1162 λῆρον
1054 1092 1285 1145 συνεῖδον
1308 1094 1405 1163 τῆς
1451 1095 1725 1163 πατρικῆς

207 1190 403 1257 ιτλάνηςο
439 1188 527 1238 καὶ
566 1185 792 1246 στάντες
818 1185 908 1236 ἐπὶ
936 1183 1224 1254 λογισμοῦ,
1248 1184 1345 1254 τὴν
1379 1185 1568 1254 ἑτέραν
1607 1186 1725 1238 ὁδὸν

204 1278 490 1346 εῖιλοντο,τῆς
512 1276 749 1338 παλαιᾶς
772 1276 1255 1345 ἀναχωρήσαντες;
1278 1269 1351 1328 ὧν
1376 1276 1423 1328 οἰ
1444 1276 1539 1346 μὲν
1559 1276 1724 1345 ὁμόσε

201 1372 517 1444 χωρήσαντες,
566 1367 670 1437 τῆς
710 1366 836 1438 ὅλης
874 1366 1217 1419 κατέπτυσαν
1251 1365 1573 1436 μυθολογίας
1617 1366 1723 1420 τῶν

201 1462 430 1533 σφετέρων
476 1462 760 1528 προγόνων
811 1459 983 1513 πλατὺ
1030 1459 1531 1527 καταγελάσαντεςυ
1586 1461 1634 1513 οἱ
1676 1461 1721 1514 δ’

194 1556 439 1625 ἀθεότητος
470 1553 634 1617 δόξαν
660 1552 1023 1615 ἐκκλίναντες,
1050 1551 1171 1604 οὔτε
1198 1552 1292 1604 ἐπὶ
1318 1554 1427 1616 τοῖς
1456 1553 1721 1625 πρότερον

192 1650 409 1717 ἔστησαν,
435 1644 558 1698 οὔτε
607 1645 667 1710 ἐξ
703 1645 938 1708 ἅπαντος
973 1645 1148 1697 αὐτῶν
1192 1644 1576 1716 ἀνεχώρησαν,
1626 1663 1721 1698 κοδ

189 1738 405 1796 λακεῦσαι
463 1736 518 1790 δὲ
588 1737 681 1791 καὶ
731 1736 1058 1807 θεραπεῦσαι
1108 1736 1205 1807 τὴν
1266 1738 1470 1791 οἰκείαν
1523 1737 1719 1810 προθέ-

1840 536 1971 590 illud
2005 546 2167 606 atque
2187 545 2603 591 sacrosanctum
2637 536 2731 592 Dei
2761 553 2959 592 nomen
2986 536 3417 605 abjecere?qui-

1836 645 1942 699 que
1965 629 2235 698 ejusmodi
2283 629 2612 701 ﬂagitiorum
2662 630 3130 699 immanitatisque
3164 638 3411 682 monstra

1838 721 1893 776 in
1925 720 2211 787 theologia:
2241 736 2354 775 suae
2390 720 2663 793 mysteriis
2695 721 2987 785 tradidere,
3023 719 3332 789 cuiusmodi
3363 721 3411 774 si

1834 828 1957 883 qua:
1986 812 2068 868 vel
2088 813 2142 865 in
2170 811 2653 867 facinorosissimis
2692 812 3006 866 hominibus
3037 811 3411 880 deprehende-

1833 914 2042 968 rentur,
2089 919 2281 974 pmnas
2329 905 2588 959 continuo
2624 905 2838 975 legibus
2888 904 3221 957 constitutas
3270 903 3406 957 citra

1831 997 2047 1051 veniam
2074 1011 2291 1051 omnem
2316 997 2694 1051 sustinerent?
2733 994 3083 1064 Quanquam,
3116 994 3246 1064 quid
3287 995 3411 1064 plu-

1831 1090 1987 1145 ribus
2012 1106 2150 1159 opus
2177 1099 2281 1156 est,
2320 1099 2380 1143 ut
2419 1089 2673 1143 universo
2707 1088 3015 1151 hominum,
3071 1097 3181 1141 tam
3220 1089 3410 1143 barbae

1832 1196 2018 1235 mrum
2052 1196 2216 1251 quam
2251 1180 2587 1245 Graecorum,
2640 1180 2823 1249 generi
2882 1179 3093 1234 felicem
3129 1189 3208 1235 tot
3233 1190 3410 1235 tanto-

1830 1289 2062 1343 rumque
2084 1272 2352 1327 malorum
2388 1272 2759 1326 liberationem
2780 1272 3161 1340 prmdicemus,
3189 1286 3409 1328 causas-

1829 1378 1937 1433 que
1968 1372 2166 1418 nostra:
2196 1379 2227 1417 a
2258 1363 2461 1418 fictitiis
2503 1363 2822 1417 numinibus
2870 1361 3193 1417 defeetionis
3222 1363 3409 1431 justis-

1829 1457 1999 1511 simas
2028 1456 2080 1509 in
2130 1456 2371 1511 medium
2404 1456 2735 1521 aderamus;
2796 1471 2920 1510 cum
2968 1471 3158 1510 eorum
3192 1456 3357 1511 etiam
3386 1498 3402 1523 ,

1827 1547 1919 1617 qui
1947 1548 2181 1603 arctiore
2230 1558 2388 1603 antea
2428 1548 2817 1617 superstitione
2867 1550 3237 1614 tenebantur,
3286 1550 3405 1620 plu-

1827 1641 1953 1695 rimi
1983 1642 2098 1710 jam
2147 1642 2305 1711 quasi
2338 1657 2403 1696 ex
2456 1642 2568 1697 alto
2616 1642 2890 1696 diuturnae
2918 1643 3155 1712 crapulae
3178 1652 3405 1699 veterno

1827 1727 1894 1782 ad
1925 1730 2093 1783 animi
2125 1731 2415 1785 sanitatem
2440 1733 2750 1795 redeuntes,
2780 1740 2835 1786 et
2868 1733 2920 1785 in
2951 1734 3129 1788 media
3162 1735 3404 1805 antiqua

190 1850 308 1903 μενοι
334 1830 497 1894 δόξαν,
534 1830 641 1893 τὰς
674 1829 800 1900 περὶ
842 1828 950 1880 τῶν
984 1828 1427 1899 τεθρυλλημένων
1460 1831 1589 1901 παρ’
1621 1832 1710 1884 αῦ-

1822 1821 1995 1877 noctis
2019 1822 2251 1892 caligine
2269 1822 2468 1877 mentis
2498 1823 2685 1879 oculos
2716 1824 3041 1892 aperientes,
3071 1823 3399 1895 profundam

183 1928 272 1988 τοῖς
310 1922 434 1977 θεῶν
482 1922 730 1991 ἱστορίας
779 1920 1026 1991 ἀληθεῖς,
1078 1919 1280 1990 μύθους
1318 1917 1453 1975 εἶναι
1510 1922 1718 1977 πεπλα-

184 2015 372 2086 σμένους
390 2013 491 2067 ὑπὸ
512 2012 758 2082 ποιητῶν
784 2013 1149 2082 ἐπεφήμισαν,
1180 2011 1414 2078 φυσικὰς
1441 2014 1500 2064 ἐν
1532 2012 1716 2076 αὐτοῖς

180 2104 586 2176 ἀποκρύπτοντες
618 2103 869 2174 θεωρίας,
891 2096 965 2154 ὧν
994 2103 1041 2154 εἰ
1072 2102 1166 2156 καὶ
1189 2102 1271 2155 ὅτι
1294 2103 1524 2172 μάλιστα
1548 2103 1715 2173 μηδὲν

180 2196 393 2265 φέρουσιν
440 2194 707 2265 ἀληθείας
754 2194 985 2263 δεῖγμα,
1037 2194 1186 2263 ὅμως
1233 2193 1279 2246 δ’
1311 2189 1405 2247 οῦν
1445 2179 1717 2262 ἀναγκαία

176 2288 333 2356 γένοιτ’
365 2287 425 2340 ἂν
450 2290 591 2358 ἡμῖν
621 2288 654 2356 ἡ
683 2286 916 2349 έκθεσις,
949 2287 1027 2349 εἰς
1056 2285 1287 2357 θεωρίαν
1312 2285 1419 2338 τῶν
1454 2287 1547 2340 καὶ
1568 2286 1720 2360 παρά

176 2380 346 2442 τούτοις
396 2379 615 2449 σεμνῶν
638 2396 651 2408 ο
682 2379 757 2442 ὡς
807 2378 873 2431 ἃν
923 2365 1013 2431 καὶ
1049 2379 1145 2449 τῆς
1193 2377 1393 2431 τούτων
1436 2380 1721 2452 ἀναχωρή-

174 2490 301 2537 σεως,
334 2473 427 2526 οὐκ
458 2472 642 2535 ἄλλως
686 2473 819 2541 ἡμῖν
852 2471 1297 2542 προξενηθείσης,
1337 2471 1369 2540 ἢ
1416 2473 1464 2523 εἰ
1497 2472 1582 2525 διά
1617 2473 1717 2543 τῆς

170 2565 247 2619 τοῦ
274 2565 507 2636 Σωτῆρος
538 2563 697 2635 ἡμῶν
720 2563 1076 2633 εὐαγγελικῆς
1102 2563 1445 2627 διδασκαλίας
1469 2564 1529 2616 τὸ
1568 2562 1717 2616 εῦλο-

173 2672 249 2724 γον
276 2656 601 2728 παρασταίη.
630 2656 765 2727 Φέρε
794 2651 887 2708 οῦν
920 2656 1014 2709 καὶ
1038 2655 1241 2709 τούτων
1270 2655 1360 2709 τὸν
1392 2655 1546 2724 λόγον
1578 2655 1716 2709 ἀνω-

169 2748 243 2801 θεν
262 2744 608 2812 ἀναλαϐόντες
638 2747 1082 2819 ἐπισκεψώμεθα.

1820 1914 2026 1969 erroris
2048 1913 2206 1983 patrii
2232 1913 2510 1969 vesaniam
2544 1916 2865 1985 agn0verint
2893 1915 2997 1985 ipsi
3018 1932 3257 1987 quoque,
3283 1918 3401 1972 sui-

1821 2022 1928 2077 que
1960 2008 2176 2062 tandem
2210 2022 2274 2062 ac
2306 2008 2533 2062 rationis
2557 2018 2855 2079 compotes,
2879 2025 3074 2064 novam
3102 2012 3397 2080 aliquando

1820 2099 2001 2168 prisca
2034 2099 2223 2155 relicta
2256 2099 2399 2153 viam
2458 2101 2723 2156 inierint?
2756 2100 2819 2155 Et
2853 2102 2945 2156 alii
2974 2102 3195 2173 quidem
3252 2103 3397 2158 velut

1822 2192 2071 2247 hostibus
2106 2193 2324 2247 obviam
2352 2202 2576 2249 strenue
2609 2195 2943 2264 prodeuntes
2971 2237 2987 2262 ,
3026 2204 3196 2250 totam
3233 2198 3393 2252 istam

1820 2283 2130 2339 fabularum
2160 2285 2445 2339 colluviem
2474 2286 2762 2355 despuere,
2799 2286 3035 2356 majores
3057 2303 3189 2341 suos
3220 2286 3396 2342 effuso

1818 2392 2037 2449 quoque
2064 2378 2180 2432 risu
2212 2378 2609 2448 cachinnisque
2640 2380 2920 2448 prosecuti
2956 2397 2969 2432 :
3004 2379 3093 2432 alii
3120 2394 3249 2433 vero
3288 2380 3394 2433 im-

1816 2469 2035 2539 pietatis
2060 2468 2250 2523 saltem
2291 2484 2356 2523 ac
2382 2479 2575 2538 spreta:
2603 2469 2918 2525 Divinitatis
2964 2472 3273 2540 Opinionem
3301 2472 3396 2527 de-

1820 2562 2106 2627 clinantes,
2139 2575 2241 2617 nec
2277 2562 2464 2617 eodem
2497 2577 2725 2632 prorsus
2748 2563 2801 2617 iu
2821 2564 3048 2633 vestigio
3081 2564 3391 2629 constitere,

1819 2671 1921 2710 nec
1952 2656 2021 2711 ab
2045 2670 2110 2711 eo
2142 2664 2325 2710 tamen
2353 2656 2578 2710 omnino
2606 2656 2927 2711 discessere.
2962 2657 3073 2728 69
3104 2656 3243 2728 Ergo
3265 2674 3392 2713 cum

1819 2755 2022 2802 sectam
2058 2746 2149 2801 isti
2185 2762 2341 2802 suam
2372 2748 2544 2802 lenire
2566 2749 2975 2818 quodammodo
3010 2751 3275 2820 novisque
3298 2766 3392 2804 ar-

170 2842 287 2897 tibus
312 2856 610 2911 procurare
646 2841 999 2906 statuissent,
1056 2853 1213 2895 veras
1272 2837 1560 2893 numinum
1613 2854 1842 2896 suorum
1896 2839 2104 2895 tamdiu
2140 2840 2468 2909 jactatorum
2534 2841 2811 2906 historias,
2855 2844 3105 2911 figmenta
3144 2844 3392 2914 quredam

167 2943 519 2989 etcommenta
552 2942 834 3004 poetarum
874 2932 1076 2988 ominis
1129 2946 1294 2987 causa
1333 2930 1587 2986 meliores
1624 2947 1748 2989 esse
1785 2933 2063 2995 dixerunt,
2094 2931 2296 3002 quibus
2330 2933 2571 2989 rationes
2609 2949 2898 3004 causaque
2932 2950 3115 2989 rerum
3169 2948 3393 2991 natura-

168 3024 273 3077 lium
323 3022 550 3077 inclusaz
612 3022 903 3076 latitarent.
969 3021 1213 3087 Quarum
1272 3020 1399 3075 licet
1449 3020 1659 3075 nullum
1712 3022 1937 3077 omnino
1982 3022 2231 3077 veritatis
2271 3022 2532 3077 indicium
2595 3023 2841 3093 proferre
2892 3026 3126 3094 possint,
3167 3043 3268 3083 nos
3310 3038 3393 3082 ta-

168 3136 269 3175 men
290 3120 519 3191 pretium
554 3134 735 3189 opera:
769 3115 1008 3175 facturos
1058 3118 1409 3187 arbitramur,
1465 3118 1513 3175 si
1573 3134 1913 3190 quzecunque
1968 3119 2111 3189 apud
2156 3134 2252 3175 eos
2291 3120 2660 3175 honestiorem
2701 3122 2994 3190 quamdam
3034 3137 3146 3190 prae
3197 3137 3256 3177 se
3306 3121 3393 3177 fe-

166 3222 266 3268 rant
289 3214 537 3284 speciem,
591 3213 649 3266 in
692 3223 936 3283 apertum
968 3213 1252 3283 lucemque
1282 3213 1649 3283 producamus
1673 3252 1690 3279 ,
1726 3222 1787 3268 ut
1819 3229 2091 3268 summam
2132 3214 2296 3283 hujus
2340 3224 2621 3284 pra-terea,
2655 3231 2819 3285 quam
2878 3215 2947 3269 ab
2987 3216 3053 3269 iis
3100 3216 3249 3287 (non
3282 3217 3390 3273 alia

164 3322 271 3363 sane
316 3320 476 3376 quam
538 3303 853 3374 evangelica
904 3304 1209 3360 Servatoris
1249 3302 1422 3359 nostri
1455 3302 1706 3359 doctrina
1749 3304 2027 3360 informati
2081 3305 2435 3377 adductique)
2474 3305 2776 3361 faciendam
2832 3308 2996 3363 nobis
3050 3310 3389 3379 putavimus,

163 3399 481 3456 discessionis
515 3399 830 3470 aequitatem
854 3399 1028 3456 oculis
1052 3415 1245 3456 omnes
1283 3408 1468 3457 tenere
1498 3401 1731 3471 possint.
1772 3401 1887 3473 Age
1926 3402 2130 3473 itaque,
2177 3418 2294 3458 rem
2346 3412 2515 3458 totam
2562 3404 2727 3459 altius
2766 3414 3093 3475 repetentes,
3156 3406 3387 3476 propius

161 3497 587 3568 contemplemur.

656 3592 1049 3647 ΚΕΦᾹΛΑΙΟΝ
1098 3595 1172 3646 Ε’.

252 3680 793 3751 Ἀνακεφαλαίωσις
819 3681 936 3735 τῶν
961 3685 1229 3750 πρόσθεν
1254 3684 1597 3753 εἰρημένων.

214 3772 313 3842 Τῆς
351 3774 452 3844 μὲν
491 3769 590 3827 οὖν
633 3773 948 3845 Ἑλληνικῆς
986 3773 1294 3844 θεολογίας,
1330 3776 1472 3845 λέγω
1503 3777 1567 3848 δὴ
1609 3779 1707 3849 τῆς

156 3864 403 3935 πανδήμου
446 3867 545 3919 καὶ
580 3865 975 3938 μυθικωτέρας,
1011 3867 1105 3920 καὶ
1140 3866 1274 3920 πολὺ
1305 3868 1575 3940 προτέρας
1610 3871 1707 3940 τῆς

156 3957 281 4028 παρά
322 3957 525 4024 Φοίνιξι
571 3958 663 4010 καὶ
700 3958 1057 4026 Αἰγυπτίοις,
1094 3962 1202 4023 τοῖς
1256 3976 1316 4012 τε
1358 3959 1571 4024 ἄλλοις,
1631 3954 1706 4016 ὧν

153 4049 229 4103 καὶ
249 4048 337 4120 τὴν
368 4052 594 4121 μνήμην
619 4051 788 4122 οίπρὸ
814 4051 999 4105 τούτου
1028 4053 1314 4124 περιέσχον
1339 4054 1506 4124 λόγοι,
1534 4056 1706 4108 τοιόσ-

152 4142 198 4195 δε
224 4161 297 4207 τις
322 4146 349 4196 ὁ
372 4144 579 4214 τρόπος
609 4144 1015 4210 ἀποδέδεικται,
1049 4141 1160 4210 οἷος
1196 4147 1282 4201 διὰ
1308 4146 1417 4201 τῶν
1446 4166 1706 4217 προεκτε-

150 4233 314 4288 θεισῶν
347 4235 569 4305 φωνῶν,
613 4236 790 4289 αὐτῶν
836 4236 900 4307 δὴ
949 4237 1055 4291 τῶν
1092 4238 1416 4310 Ἑλληνικῶν
1466 4258 1704 4313 συγγρα-

151 4329 288 4395 φέων,
328 4328 762 4400 προδεδήλωται*
793 4328 850 4381 ὃν
884 4330 978 4383 καὶ
1010 4329 1234 4394 εἰκότως
1276 4333 1334 4383 ὲν
1368 4334 1564 4402 ἀρχαῖς
1602 4334 1703 4403 τῆς

150 4424 492 4493 προκειμένης
540 4422 897 4497 εὐαγγελικῇς
942 4423 1407 4496 Προπαρασκευῆς
1452 4429 1531 4490 είς
1583 4428 1700 4481 διά-

149 4514 319 4577 γνωσίν
342 4531 401 4566 τε
438 4513 535 4567 καί¹
561 4514 835 4584 ἐπίκρισιν
863 4516 974 4578 τοῖς
999 4516 1397 4587 ἐντευξομένοις
1417 4519 1700 4590 προτεθεί-

148 4621 317 4674 καμεν,
350 4606 429 4669 ὡς
458 4606 524 4657 ἂν
548 4607 701 4658 αὐτοὶ
728 4605 1014 4677 μάθοιμεν,
1046 4609 1207 4677 ἡμεῖς
1235 4608 1293 4661 δὲ
1322 4608 1497 4673 αὐτοὶ,
1534 4610 1627 4663 καὶ
1651 4611 1699 4663 οί

148 4696 283 4750 τῶνδε
311 4698 482 4751 εἰσέτι
508 4697 603 4750 καὶ
623 4696 717 4750 νῦν
762 4699 1000 4769 ἄπειροι,
1033 4699 1175 4763 τίνες
1200 4699 1351 4762 ὄντες
1376 4700 1541 4755 πάλαι
1566 4701 1701 4773 πρό-

144 4804 294 4859 τερον,
347 4791 448 4845 καὶ
478 4790 605 4843 οἴων
649 4792 715 4843 ὲκ
772 4791 1021 4862 πατέρων
1066 4792 1293 4860 φύντες,
1346 4792 1590 4862 πηλίκοις
1637 4810 1697 4846 τε

143 4882 311 4950 τπρίν
334 4885 532 4945 κακοῖς
565 4881 945 4951 πεπεδημένοι,
982 4882 1296 4946 δυσσεϐείας
1320 4901 1378 4936 τε
1406 4884 1577 4956 ὁπόση
1604 4887 1696 4938 καὶ

2432 3592 2664 3648 CAPUT
2697 3593 2761 3651 V.

1863 3687 2048 3741 Brevis
2078 3702 2258 3741 eorum
2282 3701 2402 3756 qua:
2425 3689 2667 3754 superius
2692 3688 2836 3741 dicta
2869 3698 2991 3743 sunt
3014 3689 3333 3759 complexio.

1878 3779 2194 3835 Graecorum
2218 3778 2385 3848 igitur
2408 3780 2679 3849 vulgatam
2712 3780 2856 3834 illam
2881 3782 3235 3854 pluribusque
3256 3799 3384 3838 con-

1807 3881 2010 3929 textam
2063 3870 2262 3927 fabulis
2322 3871 2670 3943 theologiam,
2729 3889 2955 3944 quaeque
2989 3887 3246 3944 praeterea
3292 3876 3381 3930 vel

1806 3960 2151 4025 Phoenicum,
2176 3962 2260 4016 vel
2290 3959 2693 4033 Egyptiorum,
2728 3979 2794 4018 ac
2826 3974 3147 4019 caeterorum
3169 4008 3185 4033 ,
3235 3980 3381 4036 quo-

1804 4070 1929 4109 rum
1965 4064 2091 4110 ante
2122 4056 2455 4110 mentionem
2492 4053 2749 4117 fecimus,
2780 4057 3000 4125 prapria
3032 4056 3154 4121 fuit,
3186 4057 3377 4113 Graeca

1805 4146 1906 4202 ista
1928 4146 2087 4217 longe
2119 4146 2491 4213 vetustiorem,
2529 4147 2594 4201 ad
2637 4158 2762 4203 eum
2803 4164 2924 4204 sese
2994 4150 3218 4203 modum
3278 4150 3377 4204 hac

1804 4239 1989 4294 buisse
2008 4247 2244 4301 constat,
2276 4253 2435 4309 quem
2466 4239 2749 4308 productis
2797 4239 3049 4309 superius
3083 4240 3376 4309 ipsissimis

1805 4324 2114 4380 Grazcorum
2151 4335 2436 4381 auctorum
2471 4327 2652 4382 verbis
2687 4330 3219 4396 repraesentavimus.
3272 4330 3374 4384 At-

1803 4431 1911 4486 que
1938 4415 1991 4471 id
2016 4417 2147 4470 mihi
2180 4416 2399 4486 quidem
2429 4417 2752 4486 evangelicae
2784 4416 3226 4487 Prmparationis,
3252 4437 3375 4491 quae

1804 4508 1908 4564 hoc
1932 4524 2096 4579 opere
2126 4509 2447 4574 instituitur,
2481 4510 2638 4563 initio
2672 4512 2960 4566 commode
2996 4512 3247 4581 posuisse
3293 4513 3375 4567 vi-

1802 4602 1954 4667 deor,
1988 4602 2054 4656 iis
2086 4602 2178 4671 qui
2207 4601 2261 4655 in
2310 4602 2481 4671 ipsius
2512 4602 2744 4657 lectione
2788 4606 3178 4671 versabantur,
3206 4620 3374 4660 excu-

1800 4694 2041 4749 tiendum
2063 4694 2383 4764 judicioque
2407 4709 2507 4750 suo
2524 4695 2959 4764 ponderandum,
2985 4706 3045 4750 ut
3073 4697 3251 4752 caeteri
3279 4713 3373 4752 no-

1802 4788 2011 4843 biscum
2048 4803 2272 4852 omnes,
2323 4802 2462 4857 quos
2494 4788 2673 4844 adhuc
2703 4804 2886 4843 rerqu
2924 4790 3150 4844 istarum
3185 4793 3370 4857 cogni—

1802 4880 1878 4935 tio
1909 4880 2083 4945 latuit,
2126 4879 2447 4951 intelligant,
2471 4880 2662 4950 quales
2684 4882 2901 4936 tandem
2929 4896 2958 4935 a
3004 4882 3189 4935 multis
3222 4892 3368 4937 retro

144 4970 392 5036 ἀγνωσίας
409 4971 547 5027 Θεοῦ
584 4972 719 5043 μέθῃ
754 4972 852 5035 τὰς
872 4973 1050 5043 ψυχὰς
1076 4976 1570 5046 κατορωρυγμένοι,
1597 4978 1695 5048 τῆς

1815 4971 2033 5034 maculis,
2063 4971 2373 5041 quibusque
2397 4972 2510 5024 nati
2540 4973 2879 5040 parentibus,
2912 4974 3133 5040 quantis
3188 4974 3369 5042 impli-

142 5062 318 5117 τούτων
372 5066 632 5118 ἁπάντων
668 5066 1006 5129 ἀνανεύσεως
1036 5064 1130 5119 καὶ
1172 5066 1479 5137 ἐλευθερίας
1527 5066 1691 5137 ἠξιώ-

143 5152 312 5225 θημεν,
345 5158 443 5210 διὰ
466 5159 592 5229 μιᾶς
624 5158 793 5229 μόνης
814 5158 913 5229 τῆς
954 5159 1312 5228 εὐαγγελικῆς
1348 5159 1693 5224 διδασκαλίας

139 5249 413 5313 eam
448 5252 574 5321 ἡμῖν
602 5252 1081 5321 πρυτανευθείσης,
1111 5252 1143 5321 ἢ
1169 5250 1235 5303 δι’
1259 5252 1575 5318 ἐπιφανείας
1596 5252 1691 5305 τοῦ

140 5338 371 5413 Σωτῆρος
403 5344 561 5413 ἡμῶν
611 5342 783 5413 Ἰησοῦ
821 5343 1054 5415 Χριστοῦ
1095 5342 1186 5395 τοῦ
1210 5342 1345 5395 Θεοῦ
1366 5361 1378 5372 ·
1416 5344 1475 5406 ὃς
1502 5345 1563 5395 οὐ
1596 5344 1690 5415 μέ-

141 5447 208 5498 ρει
228 5433 352 5503 γῆς,
383 5434 494 5487 οὐδ’
519 5438 578 5488 ὲν
612 5436 782 5507 γωνίᾳ
816 5435 998 5508 χώρας
1030 5434 1213 5497 ἔθνους
1242 5434 1378 5498 ἐνὸς,
1410 5434 1531 5487 καθ’
1564 5436 1691 5506 ὅλης

137 5523 182 5576 δὲ
208 5526 301 5596 τῆς
346 5527 651 5599 ἀνθρώπων
679 5529 1033 5599 οἰκουμένης,
1063 5526 1182 5580 καθ’
1213 5522 1281 5597 ἦς
1342 5526 1575 5596 μάλιστα
1622 5526 1691 5579 τὰ

136 5613 220 5683 τῆς
234 5617 624 5688 δεισιδαίμονος
653 5619 855 5691 πλάνης
878 5618 1260 5689 ὑπερίσχυσεν,
1282 5611 1371 5670 οἷά
1391 5634 1473 5680 τις
1490 5617 1690 5688 νοερῶν

138 5708 218 5760 καὶ
256 5710 498 5778 λογικῶν
534 5712 721 5783 ψυχῶν
766 5712 941 5783 ἥλιος,
974 5712 1075 5775 τὰς
1118 5712 1213 5765 τοῦ
1262 5710 1463 5765 οἰκείου
1513 5711 1690 5779 φωτὸς

137 5799 455 5866 ἐφαπλὼσας
484 5805 720 5868 ἀκτῖνας,
741 5804 874 5874 ὁμοῦ
905 5806 1011 5857 πᾶν
1045 5804 1201 5873 γένος
1233 5802 1533 5875 ἀνθρώπων
1556 5802 1688 5877 βαρ

1797 5064 1901 5119 cati
1926 5063 2105 5126 malis,
2136 5073 2339 5133 quanta
2373 5063 2592 5117 demum
2624 5064 2919 5134 impietatis
2952 5079 3017 5118 ac
3046 5064 3218 5119 divini
3250 5065 3368 5122 Nu-

1796 5156 1959 5210 minis
1992 5155 2367 5225 ignoratione,
2421 5163 2681 5225 tanquam
2718 5156 2826 5210 alta
2870 5154 3106 5225 quadam
3140 5159 3366 5228 crapula

1796 5247 1998 5310 obruti,
2031 5247 2221 5302 tollere
2248 5248 2437 5303 oculos
2488 5249 2781 5318 aliquando
2808 5290 2823 5314 ,
2878 5258 3097 5317 tamque
3151 5247 3365 5305 funesta

1796 5338 2056 5393 servitute
2085 5338 2303 5393 liberari
2336 5339 2500 5394 unius
2530 5338 2857 5409 evangelica:
2888 5338 3149 5393 doctrina:
3172 5340 3225 5393 vi
3262 5339 3359 5395 be-

1795 5429 2097 5499 neﬁcioque
2125 5431 2485 5501 potuerimus,
2516 5446 2679 5501 quam
2707 5430 2951 5501 profecto
2985 5445 3092 5486 non
3122 5432 3228 5486 alia
3274 5446 3363 5484 ra-

1794 5522 1944 5576 tione
1973 5538 2184 5585 sumus,
2220 5540 2381 5593 quam
2422 5522 2551 5579 Jesu
2577 5522 2785 5578 Christi
2811 5521 3121 5579 Servatoris
3155 5523 3363 5593 Deique

1794 5616 1967 5670 nostri
1998 5616 2232 5671 adventu
2256 5617 2555 5671 consecuti.
2582 5614 2681 5670 Hic
2706 5616 2852 5671 enim
2888 5617 2977 5671 ille
2997 5627 3100 5680 est,
3121 5617 3212 5685 qui
3250 5630 3359 5671 non

1789 5713 1942 5776 parte
1966 5707 2143 5777 aliqua
2177 5719 2443 5763 terrarum
2470 5750 2484 5771 ,
2518 5716 2612 5761 aut
2638 5709 2817 5779 gentis
2846 5710 3011 5764 unius
3043 5708 3241 5778 angulo
3267 5724 3355 5763 re-

1790 5798 1968 5871 gionis
2015 5800 2331 5871 includens,
2378 5802 2470 5859 sed
2521 5811 2637 5857 toto
2684 5804 2888 5875 passim
2936 5806 3093 5869 orbe,
3138 5804 3230 5857 ubi
3262 5804 3354 5858 de-
