3948 6376
518 332 624 386 1ξὸ

1153 326 1424 385 EUSEBII
1460 322 1941 382 CAESANENSIS
1978 320 2127 378 OPP.
2173 314 2354 375 PARS
2386 313 2454 373 ll.
2495 344 2564 358 -ε
2601 324 3102 382 APOLOGETICA.
3654 332 3741 386 ίδϐ

517 457 706 520 gerent
758 446 1003 503 homines
1031 488 1044 511 ,
1091 462 1309 517 quaque
1340 444 1687 516 potissimum
1737 440 2088 513 grassabatur

2198 439 2374 516 Βάρων
2404 454 2461 492 τε
2491 442 2586 496 καὶ
2612 443 2902 513 Ἑλλήνων,
2921 442 3109 513 ὥσπερ
3142 442 3203 511 ἐξ
3230 445 3423 515 ἀχλύος
3453 449 3647 523 δεινῆς,
3667 458 3754 515 καὶ

517 540 722 594 erroris
762 539 1123 605 superstitiosi
1182 538 1529 597 dominatus,
1560 535 1728 589 veluti
1751 533 1833 589 sol
1867 534 2089 603 quidam

516 631 932 698 intelligentium
995 645 1058 683 ac
1089 629 1302 683 ratione
1359 628 1711 697 praeditorum
1742 626 2050 679 animorum
2071 665 2087 692 ,

517 724 742 777 luminis
782 722 867 775 sui
922 722 1104 775 radios
1136 721 1294 787 longe
1341 719 1557 788 lateque
1590 717 1933 780 diffundens,
1971 717 2093 770 uni-

514 832 735 869 versum
765 815 1045 866 hominum
1076 811 1434 865 barbarorum
1465 809 1627 863 simul
1660 808 2090 876 Graecorumque

516 908 624 977 7o
648 923 837 976 genus,
869 907 1113 973 adeoun
1146 921 1246 959 nos
1277 920 1468 959 omnes
1501 904 1825 981 densissima
1860 902 2093 971 caligine

516 1017 580 1053 ac
612 1001 910 1061 teterrima,
943 1014 1273 1067 omnemque
1295 1000 1468 1052 lucem
1513 998 1834 1052 excludente
1869 995 2093 1050 menda-

514 1094 593 1146 cis
624 1107 881 1159 ranaeque
912 1092 1317 1160 superstitionis
1346 1100 1524 1153 nocte,
1576 1090 1630 1143 in
1660 1104 1803 1143 verte
1843 1105 1973 1159 erga
2007 1103 2093 1142 re-

514 1200 636 1237 rum
665 1184 907 1235 omnium
942 1182 1336 1236 moderatorem
1359 1181 1525 1236 Deum
1552 1181 1766 1251 pietatis
1797 1182 1938 1235 diem
1968 1180 2090 1233 vin-

513 1278 732 1329 dicavit.
768 1276 1077 1336 Enimvero,
1105 1284 1371 1345 quotquot
1405 1276 1608 1344 ubique
1637 1275 1765 1327 olim
1795 1274 1860 1327 ad
1896 1282 2089 1342 stupo-

524 1385 638 1422 rem
670 1385 841 1436 usque
862 1367 1103 1435 rrofanis
1120 1370 1184 1421 de
1207 1369 1430 1421 deorum
1452 1366 1798 1421 multitudine
1811 1366 2092 1421 erroribus

514 1469 620 1513 tam
653 1461 704 1510 in
736 1459 985 1517 urbibus,
1021 1474 1183 1526 quam
1214 1459 1265 1510 in
1295 1460 1448 1529 pagis
1470 1458 1838 1522 adlueseruut,
1869 1457 2090 1511 eosdem

513 1563 856 1604 mortuormn
879 1550 1042 1616 idola,
1061 1550 1449 1621 hominumque
1470 1551 1677 1619 pridem
1696 1551 2089 1605 exsﬁnctorum

513 1645 805 1698 simulacra
849 1644 1004 1697 statis
1036 1659 1228 1697 omnes
1281 1626 1583 1697 honoribus
1610 1643 1865 1707 coluisse,
1896 1642 2089 1697 claris-

512 1736 668 1791 simis
705 1735 1045 1789 laudatorum
1102 1746 1229 1790 ante
1279 1736 1609 1805 scriptorum
1654 1736 1983 1790 testimoniis
2028 1751 2093 1790 ac

2196 534 2581 607 ζοφερωτάτης
2606 553 2665 589 τε
2698 537 2794 589 καὶ
2822 535 3032 598 ἀειδοῦς
3047 535 3241 599 νυκτὸς
3269 537 3368 607 τῆς
3389 540 3751 615 δεισιδαίμονος

2195 628 2425 699 πλάνης,
2463 628 2555 680 ἐπὶ
2588 628 2846 699 λαμπρὰν
2885 628 2980 681 καὶ
3017 628 3408 700 διαυγεστάτην
3432 632 3636 703 ἡμέραν
3666 638 3752 709 τῆς

2195 721 2428 790 ἀληθοῦς
2484 720 2763 783 εὐσεϐείας
2796 718 2889 773 τοῦ
2940 720 3329 790 παμϐασιλέως
3357 722 3526 786 Θεοῦ,
3568 726 3752 794 πάντας

2194 816 2342 885 ἡμᾶς
2380 823 2765 886 μετεστήσατο.
2808 814 3110 884 Διάῤῥήδην
3142 813 3272 881 γοῦν
3317 817 3369 867 αἱ
3423 832 3752 890 προπαρατε-

2196 904 2371 958 θεῖσαι
2421 905 2630 974 φωναὶ,
2688 904 2898 975 νεκρῶν
2951 904 3181 968 εἴδωλα,
3208 905 3302 958 καὶ
3345 905 3553 977 ἀνδρῶν
3602 910 3754 968 πάλαι

2195 997 2600 1067 κατοιχομένων
2637 998 2849 1060 εἰκόνας
2870 1036 2884 1059 ,
2924 997 3131 1061 πάντας
3164 997 3434 1067 πανδημεὶ
3479 1002 3601 1061 τοὺς
3627 1004 3755 1074 ἀμφὶ

2192 1088 2293 1158 τὴν
2329 1086 2588 1139 πολύθεον
2639 1087 2845 1157 πλάνην
2872 1128 2885 1149 ,
2930 1088 3071 1140 κατά
3097 1104 3156 1140 τε
3210 1087 3399 1151 πόλεις
3446 1090 3540 1142 καὶ
3583 1092 3756 1163 κώμας

2196 1180 2588 1251 ἐπτοημένους.
2617 1180 2940 1251 θεραπεύειν
2972 1198 3031 1233 τε
3066 1181 3159 1234 καὶ
3194 1182 3477 1252 περιέπειν
3501 1183 3753 1250 ἐδίδαξαν·

2194 1272 2302 1325 τῶν
2333 1272 2497 1326 πάλαι
2529 1272 2737 1344 ἀνδρῶν
2783 1273 2850 1326 δι’
2897 1273 3341 1345 ὑπερϐάλλουσαν
3374 1273 3467 1325 τοῦ
3510 1276 3624 1328 τότε
3654 1277 3755 1345 βίου

2196 1366 2510 1438 θηριωδίαν,
2534 1367 2669 1421 Θεοῦ
2708 1368 2805 1437 μὲν
2840 1366 2929 1420 τοῦ
2958 1368 3174 1419 πάντων
3200 1367 3533 1438 δημιουργοῦ
3574 1371 3758 1440 μηδένα

2194 1458 2352 1528 λόγον
2386 1461 2747 1531 ποιουμένων,
2788 1460 2919 1531 μηδὲ
2940 1461 3040 1530 τῆς
3066 1459 3216 1524 θείας
3238 1460 3333 1513 καὶ
3356 1462 3447 1513 ἐπὶ
3472 1463 3569 1531 τῆς
3599 1464 3760 1535 πλημ-

2199 1552 2531 1625 μελουμένης
2564 1554 2804 1626 τιμωροῦ
2836 1553 2990 1624 δίκης
3022 1554 3444 1625 ἐμπαζομένων,
3484 1557 3561 1617 είς
3599 1557 3758 1622 πάσας

2193 1643 2251 1696 δὲ
2305 1644 2684 1715 ἀνοσιουργίας
2746 1644 3213 1698 καταϐαλλόντων.
3259 1644 3429 1698 Οὖπω
3460 1647 3567 1717 γὰρ
3610 1649 3758 1701 εἰσέτι

2196 1736 2374 1805 νόμων
2402 1737 2540 1801 τότε,
2577 1737 2697 1791 καθ’
2725 1736 2819 1801 οὓς
2844 1738 2947 1809 χρὴ
2974 1737 3141 1807 βιοῦν,
3176 1738 3546 1800 συνεστώτων,
3572 1740 3681 1793 οὐδέ
3704 1759 3757 1809 γε

511 1831 739 1883 vocibus
770 1829 1157 1897 comprobatur
1187 1845 1199 1881 :
1239 1829 1311 1883 ita
1348 1830 1527 1899 plane,
1563 1839 1624 1883 ut
1665 1831 1909 1898 priscum
1960 1830 2092 1883 illud

2198 1827 2293 1897 τῆς
2317 1830 2522 1899 ἡμέρου
2545 1829 2817 1893 πολιτείας
2840 1832 2897 1882 ἐν
2923 1828 3228 1900 ἀνθρώποις
3263 1830 3758 1904 κατατεταγμένηςο

514 1919 795 1975 hominum
827 1935 1019 1989 genus,
1056 1929 1274 1989 propter
1308 1920 1539 1974 ferinam
1569 1935 1733 1989 supra
1767 1922 1989 1975 modum
2026 1936 2092 1975 eo

513 2020 757 2080 tempore
776 2012 986 2063 vivendi
1015 2013 1300 2070 rationem,
1322 2012 1387 2064 de
1406 2026 1622 2065 summo
1645 2027 1824 2065 rerum
1848 2014 2091 2065 omnium

512 2106 702 2176 opillee
731 2105 837 2159 Deo
862 2104 995 2157 nihil
1021 2105 1246 2157 omnino
1271 2105 1552 2173 cogitaret,
1578 2119 1681 2159 nec
1707 2105 1946 2158 divinam
1975 2106 2093 2173 ejus

512 2198 567 2255 in
599 2198 904 2267 repetendis
937 2199 1202 2252 scelerum
1256 2197 1435 2267 pmnis
1488 2197 1761 2265 justitiam
1818 2198 2093 2252 ullatenus

510 2301 823 2356 vereretur,
854 2290 946 2343 sed
982 2290 1035 2342 in
1087 2290 1270 2343 omnia
1323 2288 1648 2357 flagitiorum
1699 2296 1753 2343 et
1800 2288 2094 2357 impietatis

514 2396 709 2453 genera
741 2381 1003 2451 praecipiti
1036 2382 1271 2451 quodam
1295 2390 1427 2433 aestu
1453 2388 1754 2448 raperetur.
1782 2377 1940 2443 Nam,
1967 2395 2091 2435 cum

512 2475 645 2530 nulli
707 2475 885 2528 adhuc
916 2474 1197 2527 hominum
1223 2472 1331 2526 vita
1364 2472 1576 2543 legibus
1610 2472 1676 2525 ad
1726 2472 1979 2525 virtutem
2008 2472 2093 2526 in-

512 2566 767 2629 formata,
798 2566 948 2619 nullo
976 2566 1188 2619 mitiore
1218 2581 1281 2620 ac
1310 2566 1562 2635 politiore
1586 2565 1737 2619 cultu
1768 2572 2091 2635 temperata,

511 2660 687 2715 solute
712 2674 776 2713 ac
809 2673 961 2727 vage,
988 2654 1295 2711 Nomadum
1324 2666 1418 2711 aut
1441 2657 1746 2712 belluarum
1774 2656 1954 2726 potius
1986 2657 2094 2710 ritu

511 2759 765 2821 ageretur
790 2767 802 2803 :
827 2749 950 2803 aliis
981 2746 1200 2817 quidem
1236 2747 1503 2816 pecudum
1540 2746 1717 2802 instar
1745 2745 1957 2800 ratione
2000 2760 2096 2799 ca-

511 2843 747 2899 rentium
770 2884 783 2907 ,
826 2849 1020 2911 przeter
1053 2838 1362 2894 abdominis
1392 2838 1733 2893 saturitatem
1770 2838 1923 2908 pensi
1959 2838 2093 2891 nihil

509 2945 651 2998 erat.
684 2948 920 3004 quorum
967 2933 1021 2987 in
1075 2932 1291 2987 animos
1332 2932 1567 3000 primum
1596 2930 1891 3001 impietatis
1921 2945 2095 3001 genus

514 3030 681 3086 altius
709 3028 895 3083 subire
927 3028 1067 3082 solet
1099 3044 1113 3081 :
1147 3027 1238 3081 alii
1270 3040 1417 3088 vero,
1478 3024 1663 3079 inditis
1700 3039 1730 3077 a
1761 3034 1955 3079 natura
1989 3041 2091 3079 no-

510 3122 755 3176 tionibus
806 3120 1075 3174 tantillum
1112 3118 1367 3184 excitati,
1418 3117 1585 3173 Deum
1634 3117 1855 3189 quidem
1900 3135 1963 3175 ac
1996 3118 2087 3176 Del
2118 3159 2161 3217 c

510 3222 834 3287 potestatem
872 3214 1131 3269 salutaris
1156 3228 1221 3267 ac
1244 3212 1372 3266 boni
1404 3210 1683 3281 quidpiam
1714 3227 1837 3267 esse
1880 3212 2090 3283 cegita-

509 3306 672 3374 bant;
704 3308 798 3362 sed
821 3322 944 3362 cum
974 3306 1041 3359 ad
1073 3307 1191 3375 ejus
1208 3304 1571 3374 cognitionem
1598 3302 1924 3374 aspirarent,
1959 3305 2093 3359 sub-

512 3397 636 3455 latis
688 3407 742 3453 et
773 3398 970 3453 erectis
1019 3397 1073 3451 in
1109 3399 1308 3451 malum
1334 3396 1555 3461 animis,
1590 3396 1699 3449 vim
1723 3397 1775 3450 in
1808 3411 1875 3451 eo
1899 3399 2097 3455 mentis

511 3491 799 3560 aciemque
822 3489 1089 3551 deﬁxere,
1125 3497 1511 3557 astrorumque
1545 3496 1663 3543 toto
1692 3489 1832 3543 coelo
1889 3490 2097 3545 mican-

512 3584 651 3639 tium
670 3597 978 3653 sensusque
999 3580 1307 3636 ferientium
1330 3580 1788 3650 pulchritudinem
1816 3582 2091 3648 admirati,

513 3676 742 3731 deorum
774 3675 840 3731 iis
870 3689 1066 3729 nomen
1096 3674 1469 3743 honoremque
1508 3674 1766 3731 tribuere.
1810 3674 1917 3729 Alii
1940 3676 2092 3731 deui-

511 3783 620 3838 que
647 3768 702 3822 in
728 3778 925 3822 terram
956 3781 1077 3821 sese
1110 3766 1433 3836 animosque
1487 3765 1836 3823 devolventes
1869 3806 1885 3832 ,
1948 3782 2089 3836 quos

512 3869 672 3915 aetate
697 3875 795 3914 sua
833 3858 1110 3914 communi
1144 3873 1417 3913 consensu
1448 3867 1544 3913 aut
1572 3858 1850 3929 sapientiae
1881 3858 2087 3928 primas

515 3953 706 4008 tulisse
736 3952 1000 4013 viderent,
1030 3962 1123 4004 aut
1150 3952 1400 4020 corporis
1430 3952 1661 4017 viribus,
1708 3966 1771 4006 ac
1802 3952 2088 4021 potestatis

514 4046 889 4119 magnitudine
912 4045 1162 4115 pluribus
1185 4059 1306 4099 esse
1328 4044 1656 4108 dominatos,
1675 4043 1923 4115 gigantas
1939 4052 2090 4113 puta,

514 4141 597 4197 vel
635 4151 919 4213 tyrannos,
946 4139 1031 4195 vel
1080 4137 1368 4207 praestigiis
1411 4137 1574 4193 etiam
1612 4134 2094 4190 fascinationibuso

2194 1921 2481 1991 ἀνειμένου
2510 1923 2565 1977 δὲ
2612 1924 2705 1976 καὶ
2738 1922 3030 1993 νομαδικοῦ
3062 1923 3154 1976 τοῦ
3201 1922 3316 1993 βίου
3338 1964 3352 1987 ,
3393 1922 3681 1993 θηριώδους
3708 1942 3759 1978 τε

2195 2012 2536 2077 καθεστῶτος
2558 2032 2571 2045 ο
2607 2018 2718 2077 τοῖς
2748 2015 2845 2086 μὲν
2878 2016 3206 2087 θρεμμάτων
3238 2016 3454 2082 ἀλόγων
3488 2016 3637 2087 δίκην
3663 2016 3760 2071 τῶν

2193 2105 2292 2175 τῆς
2319 2107 2553 2175 γαστρός
2587 2108 2802 2178 άποπλη
2814 2106 3029 2178 ρῶσεων
3064 2106 3223 2162 πλέον
3251 2108 3405 2161 οὐδὲν
3432 2108 3667 2179 ἔμελλεν,
3691 2104 3763 2175 οἷς

2195 2197 2287 2249 καὶ
2319 2197 2533 2268 πρῶτος
2575 2199 2865 2271 ἀθεότητος
2912 2199 3229 2271 ὑποικουρεῖ
3272 2200 3477 2271 τρόπος
3498 2216 3512 2229 ⁸
3549 2203 3596 2253 oi
3625 2201 3665 2252 δ’
3694 2204 3763 2267 εἰς

2196 2290 2366 2361 βραχύ
2394 2307 2445 2342 τι
2478 2293 2734 2360 φυσικαῖς
2778 2291 3006 2355 ἐννοίαις
3050 2292 3491 2362 άνακινούμενοι,
3541 2290 3651 2343 θεὸν
3680 2289 3765 2345 καὶ

2193 2383 2328 2436 Θεοῦ
2363 2383 2611 2455 δύναμιν,
2649 2385 2915 2455 σωτήριόν
2948 2402 3000 2437 τι
3043 2386 3139 2437 καὶ
3177 2384 3386 2452 ἀγαθὸν
3420 2380 3554 2437 εἶναι
3594 2384 3764 2455 χρῆμα

2193 2476 2563 2547 διενοήθησαν,
2594 2476 2773 2547 εὑρεῖν
2810 2476 2865 2529 δὲ
2904 2476 3093 2529 τοῦτον
3132 2476 3510 2547 ἐθελήσαντες,
3540 2476 3646 2529 ἄνω
3677 2475 3763 2546 μὲν

2194 2568 2291 2631 τάς
2319 2567 2494 2637 ψυχάς
2520 2569 2599 2631 είς
2628 2566 2854 2639 οὐρανὸν
2887 2567 3115 2631 ἕτειναν,
3147 2568 3337 2622 αὐτόθι
3369 2568 3427 2621 δὲ
3468 2570 3531 2639 τῇ
3574 2567 3764 2639 διανοίᾳ

2196 2659 2438 2722 στάντες,
2471 2661 2564 2714 καὶ
2589 2660 2698 2713 τῶν
2731 2661 2850 2714 κατ’
2873 2660 3099 2733 οὐρανὸν
3132 2660 3435 2729 φαινόντων
3460 2677 3519 2712 τε
3543 2660 3631 2712 καὶ
3656 2676 3764 2727 φαι-

2194 2752 2435 2824 νομένων
2476 2754 2778 2824 φωστήρων
2814 2752 3255 2822 καταπλαγέντες
3292 2752 3364 2807 τὰ
3397 2752 3563 2824 κάλλη
3586 2792 3599 2815 ,
3629 2750 3764 2805 ταῦτ’

2193 2840 2331 2898 εἶναι
2355 2844 2510 2908 θεοὺς
2539 2846 2903 2915 ἀπεφήναντο.
2920 2844 3105 2917 Τρίτοι
3131 2845 3189 2898 δὲ
3212 2844 3384 2909 ἄλλοι,
3420 2845 3561 2913 σφᾶς
3585 2842 3765 2904 αὐτοὺς

2193 2937 2285 2991 ἐπὶ
2318 2938 2419 3008 γῆς
2452 2936 2724 3008 ῥίψαντες,
2756 2939 2881 3001 τοὺς
2916 2939 3011 2992 ἐπὶ
3046 2940 3258 2993 συνέσει
3290 2939 3403 2992 τῶν
3436 2939 3556 2992 κατ’
3587 2936 3766 2999 αὐτοὺς

2191 3029 2487 3101 προφέρειν
2517 3030 2958 3100 νενομισμένους,
2994 3031 3027 3103 ἢ
3062 3031 3157 3084 καὶ
3195 3030 3360 3105 ῥώμῃ
3399 3030 3648 3101 σώματος
3682 3026 3768 3082 καὶ

2192 3120 2507 3185 δυναστείας
2542 3121 2686 3191 ίσχύῐ
2717 3121 2825 3174 τῶν
2860 3123 3120 3177 πλειόνων
3154 3124 3660 3196 ἐπικρατήσαντας,
3692 3120 3770 3190 γί-

2195 3210 2396 3280 γαντάς
2417 3228 2590 3275 τινας,
2618 3212 2651 3283 ἢ
2692 3212 3009 3285 τυράννους,
3040 3213 3074 3285 ἢ
3114 3214 3209 3267 καί
3242 3214 3477 3285 γόητας,
3513 3212 3606 3267 καὶ
3644 3227 3773 3283 φορ·

2199 3302 2406 3375 μακέας
2426 3303 2645 3375 ἄνδρας,
2670 3303 2733 3357 ἐκ
2758 3322 2899 3367 τινος
2923 3303 3031 3357 τῶν
3065 3304 3356 3378 θειοτέρων
3398 3302 3769 3366 άποπτὼσεως,

2195 3392 2293 3457 τὰς
2332 3396 2693 3466 κακοτέχνους
2722 3397 2978 3467 γοητείας
3011 3398 3584 3469 συνεσκευασμένους·
3625 3396 3656 3469 ἢ
3689 3394 3773 3450 καὶ

2196 3489 2323 3552 τοὺς
2366 3488 2557 3553 ἄλλους
2590 3491 2774 3562 κοινῆς
2806 3491 2867 3544 τέ
2913 3508 3057 3555 τινος
3104 3493 3199 3545 καὶ
3233 3492 3536 3564 βιωφελοῦς
3567 3492 3772 3565 εὐεργεο

2201 3582 2318 3645 σίας
2351 3582 2749 3653 προάρξαντας,
2779 3582 2986 3648 ζῶντάς
3016 3600 3077 3636 τε
3105 3584 3183 3637 ἑτι
3227 3586 3320 3637 καὶ
3350 3584 3493 3655 μετὰ
3530 3583 3772 3656 τελευτὴν

2212 3675 2366 3737 θεοὺς
2401 3675 2768 3745 ἐπεφήμισαν.
2818 3674 3009 3727 Ἔνθεν
3054 3676 3237 3738 αὐτοῖς
3269 3674 3362 3727 καὶ
3398 3676 3450 3729 oi
3492 3675 3600 3729 τῶν
3645 3674 3771 3727 θεῶν

2194 3759 2353 3830 οἶκοι,
2381 3765 2588 3836 νεκρῶν
2622 3761 2756 3818 εἶναι
2787 3764 2947 3835 τάφοι
2988 3764 3440 3836 μνημονεύονται,
3476 3766 3553 3829 ὡς
3573 3768 3601 3819 ὁ
3633 3764 3772 3835 Κλήο

2198 3873 2305 3927 μης
2347 3857 2405 3909 ὲν
2433 3855 2511 3927 τῷ
2556 3853 2693 3927 πρὸς
2730 3854 2995 3927 Ἕλληνας
3038 3856 3493 3923 Προτρεπτικῷ,
3544 3856 3769 3929 ἱστορεῖ,

2193 3948 2288 4002 τοῦ
2341 3947 2501 4016 λόγου
2550 3948 2833 4021 μάρτυρας
2873 3948 3071 4013 αὐτοὺς
3100 3947 3367 4019 ’Έλληνας
3420 3949 3769 4021 ἑπαγόμενος.

2197 4040 2259 4094 El
2303 4040 2359 4093 δέ
2404 4056 2485 4094 σοι
2535 4038 2705 4109 φίλον,
2741 4035 2895 4102 αὖθις
2938 4040 3034 4093 κει.)⁸
3070 4038 3259 4093 τούτου
3301 4040 3452 4096 τόνδε
3480 4042 3775 4114 γράφοντος

2199 4132 2363 4189 ἄκουε
2394 4133 2486 4187 τὸν
2516 4133 2740 4205 τρόπον.

515 4251 623 4307 que
675 4234 907 4298 nobiles,
958 4236 1209 4303 quicum
1270 4248 1300 4287 a
1342 4230 1505 4286 rebus
1532 4228 1910 4299 jdivinioribus
1942 4227 2451 4298 quomodocumque
2484 4227 2698 4282 tandem
2762 4227 3110 4289 excidissent,
3167 4226 3444 4282 maleficas
3483 4226 3772 4282 veneficio-

516 4348 639 4388 rum
680 4342 824 4387 artes
867 4329 1241 4385 conﬂaverant
1278 4346 1292 4383 :
1334 4327 1649 4398 quicunque
1686 4325 1907 4381 demum
1950 4324 2261 4380 communis
2291 4324 2523 4393 alicujus
2551 4322 2795 4379 beneﬁcii
2836 4333 2999 4392 atque
3027 4322 3094 4377 ad
3128 4323 3251 4378 vita:
3279 4324 3539 4377 humana:
3584 4321 3775 4376 utilita~

515 4440 625 4485 tem
663 4427 984 4499 pertinentis
1016 4435 1270 4482 auctores
1306 4424 1558 4490 fuissent,
1599 4423 1803 4494 partim
1848 4422 2004 4476 vivos
2030 4420 2210 4475 adhuc
2248 4429 2303 4475 et
2334 4421 2622 4491 spirantes,
2653 4419 2849 4490 partim
2896 4418 3005 4489 jam
3041 4426 3215 4473 morte
3269 4416 3489 4471 functos
3536 4431 3637 4488 pro
3673 4416 3776 4470 diis

516 4528 902 4597 prmdicaruut.
961 4524 1147 4596 Itaque
1174 4524 1400 4579 deorum
1454 4523 1699 4593 ipsorum
1762 4519 1950 4584 aedes,
2009 4529 2352 4575 mortuorum
2415 4519 2662 4589 sepulcra
2704 4532 2825 4574 esse
2886 4516 3257 4588 perhibentur,
3312 4514 3777 4586 quemadmodum

516 4620 771 4679 Clemens
810 4622 864 4676 in
900 4637 987 4685 ea,
1022 4636 1184 4691 quam
1246 4621 1313 4674 ad
1363 4618 1587 4675 Gratcos
1644 4618 1871 4683 scribit,
1920 4618 2283 4672 cohortatione
2352 4624 2765 4683 commemorat,
2810 4612 3122 4670 Grzecorum
3182 4612 3425 4684 ipsorum
3466 4611 3780 4668 testimonia

517 4715 821 4788 proferens,
861 4731 1023 4788 quem
1055 4724 1134 4773 tu.
1166 4716 1209 4769 si
1240 4714 1435 4783 placet,
1464 4715 1609 4767 hunc
1635 4713 1689 4767 in
1717 4712 1940 4767 modum
1972 4727 2166 4766 rursus
2187 4712 2496 4783 loquentem
2520 4710 2669 4767 audi.

1076 4811 1179 4883 71
1210 4808 1439 4868 CAPUT
1477 4810 1568 4866 vr.

520 4902 776 4977 Sepulcra
802 4914 1126 4959 mortuorum
1146 4920 1277 4968 esse,
1307 4919 1426 4975 qua:
1446 4902 1662 4957 deorum
1693 4899 1888 4970 templa
1923 4899 2095 4952 nomi-

1198 4991 1413 5029 piantur.

602 5086 623 5118 ι
648 5065 871 5135 Mirum,
888 5068 1087 5138 inquit,
1108 5066 1353 5138 profecto
1376 5066 1545 5121 videri
1577 5080 1685 5119 non
1720 5064 1900 5128 debet,
1922 5064 1969 5119 si
2005 5078 2098 5117 uo-

526 5161 702 5218 fandar.
734 5161 1139 5233 superstitionis
1183 5175 1357 5226 error,
1387 5169 1740 5230 posteaquam
1766 5156 1984 5228 aliquod
2007 5169 2094 5210 se-

526 5255 635 5309 mel
662 5254 878 5309 initium
913 5254 1244 5325 accepisset,
1279 5252 1557 5319 ﬂagitiosa!
1595 5250 1832 5306 vesaniae
1857 5248 1982 5304 fons
2003 5262 2098 5304 ex-

526 5346 743 5404 stiterit.
795 5346 1084 5403 Enimvero
1137 5362 1260 5403 cum
1308 5344 1598 5401 intercisus
1652 5344 1740 5399 ille
1769 5351 1956 5413 postea
1986 5356 2094 5397 non

526 5442 741 5506 fuisset.
760 5444 853 5498 sed
875 5443 1056 5513 potius
1086 5444 1241 5498 novis
1274 5443 1327 5496 in
1358 5442 1476 5497 dies
1507 5439 1853 5496 incrementis
1881 5446 2093 5499 auctus.

527 5546 723 5602 magna
767 5533 817 5585 vi
847 5533 1061 5589 tandem
1097 5548 1160 5587 ac
1204 5530 1508 5587 vehementi
1555 5546 1717 5586 cursu
1753 5527 1879 5583 ferri
1910 5528 2094 5597 cmpit.

2730 4804 3123 4861 ΚΕΦΛΛΔΙΟΝ
3154 4804 3243 4873 εῖν.

2202 4901 2340 4972 Περὶ
2400 4900 2505 4956 τοῦ
2550 4897 2777 4967 νεκρῶν
2820 4895 2975 4953 εἶναι
3030 4894 3379 4972 τιζρους-τὰ
3436 4891 3780 4964 καλούμενα

2657 4973 2854 5029 αὐτῶν
2886 4973 3011 5043 ιερὰ
3040 4969 3159 5026 τῶν
3187 4968 3353 5028 θεῶν.

2283 5083 2302 5116 ι
2334 5062 2443 5135 (91)
2464 5062 2700 5127 Εἰκότως
2719 5062 2828 5133 ἄρα
2845 5062 3021 5133 ἀρχήν
3046 5058 3207 5114 ποθεν
3229 5061 3262 5130 ἡ
3283 5055 3671 5127 δεισιδαιμονία
3688 5052 3781 5107 λα-

2205 5158 2394 5220 δοῦσα,
2428 5156 2624 5220 κακίας
2651 5155 2878 5227 ἀνοήτου
2915 5152 3105 5222 γέγονε
3137 5152 3310 5223 πηγή’
3336 5149 3526 5204 ἔπειτα
3553 5150 3630 5220 μὴ
3650 5147 3782 5201 ἀναι-

2204 5254 2455 5317 κοπεῖσα,
2511 5249 2624 5304 ἀλλ’
2670 5250 2748 5313 είς
2788 5246 3027 5301 ἐπίδοσιν
3074 5244 3334 5307 ἐλθοῦσα,
3389 5242 3523 5297 πολὺ
3569 5240 3637 5311 δὴ
3668 5236 3778 5309 (92)

2204 5347 2411 5415 ῥυεῖσα,
2464 5341 2789 5414 δημιουργὸς
2842 5338 3050 5394 πολλῶν
3096 5337 3412 5392 καθίσταται
3469 5332 3745 5403 δαιμόνων
3763 5367 3781 5392 .

2203 5435 2507 5507 ἑκατόμϐας
2558 5432 2814 5497 ποιοῦσα,
2880 5433 2971 5487 καὶ
3035 5428 3366 5501 πανηγύρεις
3420 5422 3780 5485 ὲπιτελοῦσα,

2203 5527 2496 5598 ἀγάλματα
2521 5525 2810 5583 άνιστῶσα,
2842 5524 2936 5577 καὶ
2956 5522 3089 5587 νεὼς
3107 5520 3550 5593 ἀνοικοδομοῦσα,
3572 5516 3670 5580 οὓς
3716 5514 3783 5584 δὴ

598 5728 711 5801 (91)
752 5730 933 5788 Locus
952 5738 1037 5787 est
1056 5729 1321 5786 Clement.
1342 5729 1631 5801 Alexandr.
1652 5745 1715 5783 ex
1739 5727 2086 5799 Protreptico,
2130 5726 2305 5801 p.32,
2340 5725 2760 5793 Graeco-Latini,
2792 5724 3005 5781 Herveti
3031 5733 3208 5779 autem
3239 5721 3328 5778 Π.

752 5802 986 5857 Montac.
1016 5801 1224 5874 legend.
1257 5800 1423 5871 πολλὴ
1443 5800 1530 5870 δή,
1557 5802 1776 5857 rectius.
1804 5866 1809 5871 ἡ
