3948 6376
247 323 330 379 {31
1364 303 1683 358 PBASPAR.
1729 302 1757 355 Ii

1859 302 1979 357 Νη.
2018 302 2148 358 LIB.
2187 301 2253 358 II.

3361 330 3458 386 138

242 441 357 509 (οὐδὲ
380 436 479 508 γὰρ
490 429 644 486 τοῦτο
666 428 1032 500 σιωπήσομαι,
1056 427 1191 499 πρὸς
1204 426 1259 480 δὲ
1284 427 1379 480 καὶ
1405 426 1534 480 αὐτὸ
1554 425 1757 495 ἐλέγξω

1884 424 2005 481 Mox
2042 428 2224 499 itaque
2255 429 2636 500 multiplicium
2683 433 2992 491 dmmonum
3027 441 3360 503 architectus
3383 451 3458 505 ef-

239 532 349 593 νεὼς
377 529 467 598 μὲν
510 524 768 593 εὐφήμως
806 518 1254 591 ὀνομαζομένους,
1287 520 1487 589 τάφους
1518 520 1573 573 δὲ
1617 537 1772 589 γενο-

238 626 419 695 μένους,
451 617 691 670 τουτέστι
723 614 848 677 τοὺς
892 613 1093 681 τάφους
1116 610 1251 675 νεὼς
1289 612 1769 683 ἐπικεκλημένους.

243 715 401 785 Ὑμεῖς
424 709 480 762 δὲ
525 706 660 761 ἀλλὰ
701 705 804 759 κᾶν
856 703 948 756 νῦν
988 703 1405 774 δεισιδαιμονίας
1458 703 1771 767 ὲκλάθεσθε,

232 808 333 869 τοὺς
376 802 574 868 τάφους
605 798 768 868 τιμᾷν
815 795 1210 866 αἰσχυνόμενοι.
1258 795 1346 848 Ἑν
1394 793 1472 865 τῷ
1516 795 1629 866 ναῷ
1674 796 1773 867 τῆς

238 899 435 972 Ἀθηνᾶς
461 899 523 951 ὲν
555 893 817 965 Λαρίσσῃ,
864 893 919 944 ἐν
964 893 1027 961 τῇ
1080 889 1391 962 ἀκροπόλει,
1429 889 1595 958 τάφος
1625 888 1771 942 ἐστὶν

234 990 509 1063 Ἀκρισίου’
547 987 797 1058 Ἀθήνῃσι
829 983 885 1037 δὲ
924 985 981 1036 ὲν
1018 985 1084 1054 τῇ
1118 982 1431 1054 ἀκροπόλει,
1463 982 1767 1053 Κέκροπος,

220 1085 283 1149 ὣς
305 1099 451 1154 φησιν
493 1079 761 1149 Ἀντίοχος
784 1079 840 1129 ὲν
874 1074 951 1145 τῷ
980 1075 1184 1146 ὲννάτῳ
1209 1075 1317 1128 τῶν
1359 1075 1681 1144 Ἰστοριῶν.
1706 1077 1770 1129 Τί

219 1180 264 1233 δὲ
303 1172 657 1246 Ἐριχθόνιοςς
699 1170 817 1240 οὐχὶ
848 1172 904 1222 ἐν
931 1168 1007 1239 τῷ
1029 1168 1142 1239 ναῷ
1172 1168 1271 1238 τῆς
1305 1168 1561 1231 Πολιάδος
1600 1171 1768 1240 κεκή-

216 1271 396 1329 δευταις
424 1266 688 1335 Ἴσμαρος
704 1261 817 1333 (93)
844 1261 900 1315 δὲ
930 1261 1216 1331 Εὐμόλπου
1274 1262 1365 1315 καὶ
1403 1262 1652 1329 Δαείρας,
1680 1263 1770 1315 οὑ-

214 1362 261 1433 χὶ
289 1361 337 1411 ἐν
366 1356 435 1426 τῷ
470 1352 740 1425 περιϐόλῳ
788 1350 1112 1419 κεκήδευται
1145 1349 1243 1402 τοῦ
1283 1349 1630 1411 Ἐλευσινίου,
1673 1349 1767 1401 τοῦ

213 1451 302 1507 ὑπὸ
323 1452 380 1519 τῇ
406 1445 704 1518 ἀκροπόλει
727 1460 741 1509 ;
770 1446 823 1496 αἱ
851 1442 908 1495 δὲ
936 1441 1138 1495 Κελεοῦ
1173 1441 1473 1513 θυγατέρες
1502 1443 1559 1494 ὲν
1597 1441 1770 1494 Ἑλευ-

213 1543 297 1595 σίνι
320 1539 647 1607 τετάφαταις
698 1535 761 1587 Τί
791 1551 871 1587 σοι
902 1532 1186 1602 καταλέγω
1208 1532 1307 1596 τὰς
1346 1532 1406 1597 ἐξ
1436 1532 1766 1605 ὑπερϐορέου

211 1635 470 1702 γυναῖκας
522 1628 792 1698 ’Υπερόχη
837 1626 931 1679 καὶ
979 1626 1213 1696 Λαοδίκη
1243 1624 1558 1696 κεκλῆσθον,
1592 1626 1650 1679 ὲν
1690 1624 1767 1696 τῷ

218 1720 521 1793 Ἀρτεμισίῳ
546 1722 604 1773 ἐν
626 1718 778 1790 Δήλῳ
799 1717 1178 1788 κεκήδευσθον·
1204 1717 1265 1769 τὸ
1293 1716 1349 1769 δὲ
1378 1717 1436 1770 ἐν
1465 1715 1542 1787 τῷ
1579 1716 1767 1770 Ἀπόλ-

1876 521 2089 585 ticitur,
2123 522 2474 578 hecatombas
2504 524 2780 580 sacriﬁcat
2802 568 2817 589 .
2857 529 3133 588 solemnes
3162 550 3459 599 conventus

1876 610 2130 679 instituit,
2152 613 2312 681 erigit
2338 613 2655 683 simulacra,
2678 618 2876 687 templa
2912 621 3143 678 aediﬁcat
3161 643 3174 690 ;
3195 627 3289 683 sed
3316 646 3460 700 qua,

1876 706 1995 769 (nec
2027 706 2172 759 enim
2208 706 2259 761 id
2282 722 2501 777 quoque
2526 708 2910 776 dissimulabo,
2950 715 3043 769 sed
3075 719 3259 786 potius
3288 726 3459 780 mani-

1873 795 2010 850 feste
2053 797 2394 869 coarguam),
2446 799 2679 855 honesto
2727 802 2947 872 quidem
3000 810 3326 878 templorum
3361 833 3458 871 no-

1873 886 2019 941 mine
2046 886 2392 943 celebrantur
2414 932 2429 955 ,
2466 900 2723 946 caeterum
2752 893 2900 949 aliud
2928 896 3063 952 nihil
3097 898 3251 957 fuere
3294 920 3457 974 quam

1872 977 2142 1046 sepulcra,
2178 979 2379 1048 quibus
2431 981 2688 1053 deinceps
2740 984 2882 1041 hanc
2915 990 3239 1060 templorum
3274 1000 3457 1067 appel-

1872 1067 2130 1124 lationem
2163 1071 2426 1126 indidere.
2474 1073 2580 1130 Vos
2607 1092 2769 1147 ergo,
2816 1095 2964 1136 nunc
3012 1083 3201 1139 saltem
3235 1086 3456 1159 impiam

1870 1162 2316 1230 superstitionem
2346 1165 2627 1231 dediscite,
2660 1170 2742 1223 vel
2773 1172 2873 1226 hac
2916 1176 3251 1234 tumulorum
3277 1184 3456 1241 cultus

1873 1253 2195 1324 indignitate
2243 1258 2503 1312 revocati.
2548 1256 2818 1329 Larissae,
2862 1265 2915 1317 in
2941 1264 3199 1324 Minerva:
3230 1277 3453 1344 templo,

1869 1346 2014 1415 quod
2039 1362 2251 1402 summa
2282 1348 2335 1402 in
2365 1364 2493 1405 arce
2524 1350 2745 1420 visitur,
2776 1354 2971 1411 Acrisii
3004 1363 3315 1430 sepulcrum
3339 1378 3450 1431 est;

1868 1437 2097 1494 Athenis
2130 1448 2309 1495 autem
2343 1442 2397 1495 in
2430 1442 2547 1511 ipsa
2578 1446 2786 1512 pariter
2831 1447 3119 1520 Acropoli,
3168 1454 3453 1526 Cecropis,

1870 1541 1930 1583 ut
1960 1530 2265 1587 Antiochus
2301 1532 2665 1589 Historiarum
2714 1552 2861 1592 nono
2903 1542 3166 1612 scriptum
3209 1547 3449 1619 reliquit.

1870 1620 2008 1687 Quid
2040 1637 2205 1691 porro
2229 1621 2869 1685 Erichthonius?Nonne
2901 1631 2955 1685 in
2984 1631 3225 1691 Poliadis
3253 1641 3454 1710 templo

1870 1715 2111 1786 sepultus
2133 1716 2252 1769 est?
2289 1714 2477 1771 Nonne
2503 1717 2744 1776 Ismarus
2774 1720 3025 1795 Eumolpi
3071 1726 3357 1802 Dairaeque
3390 1735 3453 1789 ti-

206 1774 470 1874 iurirog.'ro§
492 1774 697 1879 ⁸Δηλίου
717 1774 863 1861 ἐστὶν
890 1774 1037 1878 ἱέρῷ.
1069 1807 1341 1879 Λέανδρος
1370 1807 1426 1861 δὲ
1450 1774 1757 1878 Κλεόμαχον

1931 1774 1946 1786 _
2728 1774 2739 1776 -
2825 1774 3025 1795 τηατ-
3071 1774 3246 1785 --.ην
3290 1774 3357 1788 ..ν

1872 1804 1998 1868 lius,
2047 1805 2101 1860 in
2150 1806 2414 1861 Eleusinii
2445 1811 2636 1878 septis,
2672 1813 2818 1882 quod
2847 1816 2950 1870 sub
2979 1832 3163 1875 arcem
3196 1774 3450 1879 co‘hstru-

204 1907 251 1958 ὲν
269 1903 484 1972 Μιλήτῳ
505 1899 768 1968 τετάφθαι
798 1902 857 1952 ὲν
882 1899 958 1969 τῷ
981 1898 1255 1969 Διδυμαίῳ
1282 1898 1464 1970 φησίν.
1505 1900 1767 1954 Ἐνταῦοα

203 1993 284 2065 τῆς
302 1989 687 2061 Λευκοφρύνης
714 1989 774 2043 τὸ
793 1990 978 2059 μνῆμα
1003 1990 1102 2042 οὐκ
1131 1988 1278 2053 ἀξιον
1301 1990 1609 2059 παρελθεῖψ
1639 1993 1765 2043 ἑπο-

203 2083 315 2155 μένη
338 2082 444 2153 (94)
495 2084 701 2153 Ζήνωνι
732 2080 810 2150 τῷ
842 2079 1080 2151 Μυνδίῳ,
1127 2082 1185 2133 ὲν
1220 2079 1297 2149 τῷ
1338 2080 1468 2151 ἱερῷ
1499 2080 1597 2151 τῆς
1645 2083 1765 2154 Ἀρ-

199 2173 388 2243 τέμιδος
420 2175 487 2226 ὲν
510 2174 803 2245 Μαγνησίᾳ
826 2174 1166 2245 κεκήδευται·
1199 2174 1319 2226 οὐδὲ
1349 2174 1453 2246 μὴν
1477 2175 1568 2230 τὸν
1601 2178 1658 2229 ἐν
1688 2175 1765 2246 τῷ

200 2265 465 2337 Τελμισσῷ
518 2264 609 2319 τοῦ
650 2265 978 2329 Ἀπόλλωνος
1011 2265 1212 2336 βωμὸν,
1262 2267 1452 2338 μνῆμα
1499 2262 1637 2321 εἶναι
1671 2269 1763 2322 καὶ

196 2360 359 2413 τοῦτον
406 2359 763 2429 Τελμισσὲως
793 2356 887 2411 τοῦ
928 2357 1173 2428 μάντεως
1228 2358 1519 2430 ἱστοροῦσι.
1561 2358 1762 2412 Πτολε-

197 2454 332 2523 μαῖος
356 2451 411 2505 δὲ
459 2452 488 2502 ὀ
525 2450 618 2503 τοῦ
659 2450 1024 2521 Ἀγησάρχου,
1057 2450 1116 2502 ὲν
1152 2448 1229 2520 τῷ
1263 2448 1461 2521 πρώτῳ
1485 2450 1591 2504 τῶν
1622 2453 1760 2519 Περὶ

192 2546 283 2597 τὸν
306 2542 709 2611 Φιλοπάτορα,
745 2545 803 2595 ὲν
836 2542 1008 2612 Πάφῳ
1038 2541 1205 2610 λέγει,
1241 2543 1298 2596 ὲν
1329 2541 1407 2612 τῷ
1435 2543 1532 2613 τῆς
1578 2544 1762 2615 Ἀφρο·

190 2638 320 2707 δίτης
343 2635 500 2706 ἱερῷ,
545 2634 785 2706 Κινύραν
819 2651 876 2687 τε
908 2634 1002 2688 καὶ
1041 2635 1168 2697 τοὺς
1198 2634 1436 2705 Κινύρου
1459 2634 1761 2703 ἀπογόνους

190 2728 553 2799 κεκηδεῦσθαι.
607 2725 767 2778 Ἀλλὰ
810 2725 918 2797 γὰρ
960 2725 1166 2778 ἐπιόντι
1201 2744 1291 2797 μοι
1341 2726 1467 2790 τοὺς
1518 2744 1758 2798 προσκυ-

190 2821 458 2890 νουμένους
494 2820 627 2889 ὑμῖν
656 2818 879 2886 τάφους,
913 2818 1036 2889 ἐμοὶ
1075 2818 1171 2889 μὲν
1213 2819 1334 2872 οὐδὲ
1358 2818 1386 2869 ὀ
1418 2820 1524 2883 πᾶς
1565 2818 1630 2873 ἂν
1661 2819 1759 2889 ἀρ-

188 2914 325 2967 κέσαι
348 2912 566 2984 χρόνοςο
595 2912 737 2982 ὑμᾶς
758 2911 815 2964 δὲ
838 2912 887 2963 εἰ
910 2910 984 2981 μὴ
1012 2910 1396 2981 ὑπεισέρχεταί
1419 2929 1503 2976 τις
1528 2912 1756 2982 αἰσχύνη

187 3010 279 3063 τῶν
312 3010 702 3081 τολμημάτων,
741 3010 924 3081 νεκροὶ
971 3006 1080 3079 ἀρα
1108 3008 1307 3071 τελέως
1355 3010 1566 3077 νεκροῖς
1597 3024 1757 3059 πεπι-

186 3104 453 3166 στευκότες
504 3100 882 3173 περιέρχεσθε*
910 3099 955 3154 ὣ
996 3099 1182 3163 δειλοὶ,
1212 3101 1263 3152 τί
1299 3098 1468 3153 κακὸν
1508 3098 1624 3151 τόδε
1658 3097 1758 3151 πά-

186 3212 360 3267 exesa;
397 3216 415 3248 ι
444 3197 562 3250 Καὶ
612 3195 728 3266 μετ’
760 3194 914 3261 ὀλίγα
946 3193 1097 3265 φησί·
1134 3210 1153 3244 ι
1190 3193 1389 3247 Καινὺν
1422 3192 1477 3247 δὲ
1513 3191 1668 3246 ἄλλον
1698 3192 1756 3244 ἐν

182 3290 445 3359 Αἰγύπτῳ,
501 3288 680 3357 ὀλίγου
719 3287 829 3341 δεῖν
860 3286 953 3340 καὶ
994 3288 1123 3356 παρ’
1159 3285 1407 3355 Ἕλλησι,
1446 3283 1756 3355 σεϐασμίως

181 3380 412 3434 τεθείακε
448 3380 575 3435 θεὸν
615 3382 644 3433 6
697 3379 949 3451 βασιλεὺς
998 3377 1304 3449 Ῥωμαίων,
1348 3377 1439 3430 τὸν
1480 3376 1755 3449 ἐρώμενον

179 3474 500 3544 ὡραιότατον
556 3472 758 3543 σφόδρα
803 3471 1095 3542 γενόμενον
1134 3470 1431 3523 Ἀντίνοον·
1461 3470 1754 3541 ἁνιέρωσεν

178 3560 332 3628 οὗτος,
363 3565 442 3629 ὡς
479 3564 799 3637 Γανυμήδην
829 3566 858 3616 ὀ
906 3563 1060 3627 Ζεύς.
1092 3563 1168 3615 Οὐ
1213 3562 1323 3633 γὰρ
1354 3561 1620 3615 κωλύεται
1656 3565 1755 3634 ρᾳ-

178 3656 288 3720 δίως
310 3657 602 3728 ἐπιθυμία,
629 3657 789 3727 φόϐον
811 3658 909 3711 οὐκ
925 3657 1138 3728 ἔχουσα,
1164 3656 1467 3720 καὶνύκτας
1489 3656 1639 3728 ἱερὰς
1653 3656 1752 3720 τὰς

188 3750 444 3804 Ἀντινόου
488 3748 880 3821 προσκυνοῦσιν
926 3749 1202 3821 ἄνθρωποι
1246 3748 1361 3810 νῦν,
1412 3748 1479 3811 ἃς
1522 3750 1753 3821 αίσχράς

174 3841 432 3911 ⁴ἠπίστατο
450 3844 483 3896 ὀ
509 3843 958 3914 συναγρυπνήσας
978 3843 1231 3913 ἐραστής.
1270 3861 1287 3893 ι
1311 3840 1553 3910 Ἐπάγεν
1579 3860 1595 3891 ι
1613 3841 1749 3911 Ἤδη

176 3933 223 3987 δὲ
247 3936 273 3988 6
295 3935 471 4004 τάφος
501 3934 594 3988 τοῦ
625 3935 923 4006 ἐρωμένου,
966 3933 1100 3998 νεώς
1143 3937 1289 3987 ἐστιν
1335 3934 1626 3997 Ἀντινόου,
1656 3934 1751 3986 κοιλ⁸

176 4024 335 4089 πόλις.
372 4024 645 4096 Καθάπερ
676 4025 806 4097 γὰρ,
836 4020 1009 4094 οἶμαι,
1049 4025 1099 4076 οἱ
1124 4025 1262 4089 ναοὶ,
1291 4023 1432 4077 οὕτω
1464 4026 1558 4077 καὶ
1583 4025 1632 4076 οἱ
1656 4025 1751 4076 τά-

175 4134 253 4183 φοι
279 4116 677 4188 θαυμάζονται,
725 4115 1044 4187 πυραμίδες,
1080 4116 1175 4169 καὶ
1221 4115 1503 4184 μαυσῶλα,
1537 4115 1630 4168 καὶ
1663 4116 1751 4167 λα·

173 4205 430 4278 ϐύρινθοι,
466 4207 611 4261 ἄλλοι
631 4206 747 4259 ναοὶ
768 4205 876 4259 τῶν
902 4205 1127 4276 νεκρῶν,
1149 4206 1224 4269 ὡς
1247 4208 1439 4258 ἐκεῖνοι
1461 4209 1620 4275 τάφοι
1641 4204 1750 4258 τῶν

174 4298 318 4353 θεῶν,
372 4320 393 4352 ι
449 4301 560 4352 Καὶ
600 4298 759 4352 πάλιν
798 4300 913 4367 μετ’
945 4296 1102 4364 ὀλίγα
1150 4296 1285 4367 (95)·
1319 4315 1337 4349 ι
1384 4296 1485 4349 ’Ίθι
1539 4296 1623 4367 δὴ,
1657 4297 1750 4349 καί⁸

171 4393 283 4455 τοὺς
312 4390 537 4459 ἀγῶνας
569 4392 626 4444 ἐν
657 4390 845 4462 βραχεῖ
872 4388 1329 4460 περιοδεύσωμεν,
1362 4389 1456 4441 καὶ
1486 4387 1582 4453 τὰς
1629 4390 1749 4441 ἐπι-

198 4483 426 4553 υμϐίους
451 4482 678 4536 ταυτασὶ
720 4478 1054 4551 πανηγύρεις
1090 4479 1498 4550 καταλύσωμεν,
1530 4480 1749 4550 Ἰσθμιά
1778 4504 1827 4564 D

173 4590 221 4626 τε
270 4575 369 4628 καὶ
400 4574 611 4646 Νέμεα,
641 4576 735 4627 καὶ
763 4573 961 4637 Πύθια,
986 4571 1080 4626 καὶ
1100 4571 1167 4625 τά
1189 4570 1281 4626 ἐπὶ
1312 4571 1521 4634 τούτοις
1563 4569 1749 4642 Ὀλύμ-

176 4683 278 4720 πια.
312 4667 489 4721 Πυθοῖ
520 4667 618 4738 μὲν
646 4664 738 4722 οὖν
764 4670 792 4722 ὀ
828 4668 1040 4740 δράκων
1075 4667 1103 4719 ὀ
1140 4664 1337 4727 Πύθιος
1366 4664 1744 4738 θρησκεύεται,

173 4762 255 4813 καί
281 4760 381 4814 τοῦ
438 4760 676 4831 ὀφεωςή
720 4760 1023 4830 πανήγυρις
1073 4755 1497 4825 καταγγέλλεται
1546 4754 1741 4808 Πύθια.

180 4850 471 4922 Ἰσθμοῐδὲ,
491 4851 755 4905 σκύϐαλον
778 4849 1150 4923 προσέπτυσεν
1171 4846 1401 4899 ἐλεεινὸν
1426 4847 1459 4915 ή
1483 4845 1742 4908 θάλασσα,

168 4945 256 4999 καὶ
301 4944 649 5017 Μελικέρτην
704 4941 954 5015 ὀδύρεται
1005 4940 1075 4993 τὰ
1120 4938 1357 5010 Ἰσθμια·
1396 4938 1642 5008 Νεμέασι
1688 4938 1745 4991 δὲ

167 5039 286 5092 ἄλλο
332 5038 548 5092 παιδίον
590 5036 917 5108 Ἀρχέμορος
960 5033 1299 5104 κεκήδευται,
1336 5030 1429 5084 καὶ
1473 5030 1565 5083 τοῦ
1616 5048 1743 5083 παι-

166 5132 269 5186 δίου
283 5134 313 5185 6
338 5130 624 5200 ἐπιτάφιος
644 5126 1105 5201 προσαγορεύεται
1120 5121 1514 5195 Νέμεα.ΙΙίσσα
1537 5122 1581 5175 δ’
1597 5124 1745 5175 ἐστὶν

164 5225 217 5277 ἐν
241 5226 378 5294 ὑμῖν
426 5223 613 5291 τάφος,
647 5214 693 5274 ὦ
735 5218 1087 5290 Πανέλληνες,
1124 5219 1336 5287 ἡνιόχου
1373 5215 1600 5285 Φρυγὸς,
1650 5215 1743 5268 καὶ

168 5314 252 5369 τοῦ
287 5315 534 5378 Πέλοπος
574 5314 671 5376 τὰς
704 5312 853 5383 χοὰς,
891 5311 959 5365 τὰ
998 5308 1269 5380 Ὀλύμπια
1310 5305 1683 5377 σφετερίζεται
1714 5309 1742 5358 6

231 5514 351 5583 (93)
396 5516 690 5581 Ἴσμαρος.
731 5508 899 5583 Clem.
933 5510 1091 5583 habet
1124 5509 1410 5583 Ἰμμαρος.

233 5577 354 5654 (94)
404 5577 719 5654 Ἐἐεορἐψ
765 5580 996 5654 ‘Clem.,_
1026 5577 1342 5654 ἑπομένους.
1403 5577 1586 5654 Longe
1613 5593 1743 5654 lme-

166 5647 290 5712 lius.
331 5647 515 5725 Itaque
542 5647 883 5725 vertendum
923 5652 1045 5725 erit,
1079 5647 1413 5725 si’Zenonem
1460 5647 1738 5725 Myndium

164 5702 441 5780 uictorem!
463 5739 761 5794 sequamur.
790 5722 913 5794 Fujt
941 5722 994 5794 is»
1015 5702 1406 5794 grammaticus
1428 5733 1490 5771 ex
1518 5702 1734 5794 Myndo,

164 5804 296 5853 urbe
314 5797 486 5852 Cariae
503 5786 832 5866 pervetusta.
852 5786 1110 5860 Stephani
1130 5787 1360 5845 Mutilat.
1378 5789 1431 5843 in
1454 5786 1585 5843 voce
1595 5786 1739 5843 Μύν-

444 5892 715 5953 Ριτιιοι..
759 5888 876 5950 Gn.
921 5883 1096 5948 XXI.

1869 1908 2015 1952 ctum
2064 1899 2179 1954 est?
2232 1915 2411 1955 nonne
2452 1901 2596 1957 Celei
2646 1904 2806 1972 tiliae,
2855 1904 3111 1965 Eleusine
3158 1914 3453 1984 sepultura:

1869 1990 2134 2045 mandata:
2164 1992 2334 2045 sunt?
2369 1991 2505 2047 Nam
2536 1996 2666 2065 quid
2721 1996 3100 2068 Hyperboreas
3126 2004 3223 2060 tibi
3256 2010 3451 2064 mulie-

1866 2095 1957 2136 res
2001 2085 2474 2138 commcmorem?
2506 2085 2638 2142 Duas
2662 2103 2824 2155 sane,
2873 2107 3107 2160 quarum
3142 2096 3309 2153 altera
3339 2100 3449 2173 Hy-

1864 2172 2099 2241 peroche
2124 2213 2140 2240 ,
2174 2172 2411 2231 Laodice
2443 2177 2612 2232 altera
2644 2181 2946 2237 vocabatur
2970 2225 2985 2249 ,
3039 2186 3095 2240 in
3128 2186 3313 2245 Dianae
3358 2209 3448 2247 sa~

1864 2264 2039 2329 cello,
2094 2267 2239 2335 quod
2285 2268 2337 2321 in
2388 2269 2565 2326 insula
2596 2271 2728 2326 Delo
2755 2275 3024 2344 Apollinis
3066 2278 3202 2336 Delii
3244 2287 3448 2355 templo

1862 2354 2193 2425 continetur,
2228 2360 2453 2429 sepulta:
2502 2372 2650 2418 sunt.
2693 2362 2940 2421 Leander
2971 2377 3153 2424 autem
3198 2354 3451 2430 Cleoma-

1861 2448 2022 2501 chum
2054 2448 2257 2517 Mileti,
2299 2451 2351 2505 in
2382 2452 2650 2523 Apollinis
2699 2452 2965 2527 Didymaai
3015 2460 3215 2529 templo
3259 2465 3451 2519 condi-

1862 2548 1974 2593 tum
2002 2556 2124 2596 esse
2155 2551 2405 2599 testatur.
2453 2543 2640 2616 Neque
2688 2562 2818 2602 vero
2865 2565 3083 2620 aequum
3128 2551 3294 2610 fuerit
3342 2558 3448 2613 hoc

1860 2630 1980 2685 loco
2005 2633 2298 2703 praeterire,
2345 2645 2441 2690 aut
2486 2634 2908 2710 Leucophrynes
2940 2641 3087 2699 illius
3135 2648 3448 2704 monimen-

1861 2733 1972 2778 tum
1994 2763 2010 2789 ,
2058 2740 2209 2794 quae,
2258 2727 2303 2781 si
2349 2725 2620 2783 Zenonem
2652 2728 2931 2801 Myndium
2965 2749 3293 2805 sequamur,
3328 2740 3447 2796 Ma-

1858 2815 2059 2885 gnesiae
2082 2815 2135 2870 in
2179 2815 2365 2872 Diame
2406 2819 2607 2889 templo
2647 2823 2857 2891 sepulta
2899 2834 3013 2892 est;
3062 2840 3157 2884 aut
3188 2828 3446 2889 Telmissi

1856 2916 2091 2962 erectam
2133 2907 2404 2979 Apollinis
2434 2926 2608 2978 aram,
2634 2914 2780 2982 quod
2839 2914 3123 2976 Telmissis
3155 2922 3442 2992 cujusdam

1856 3002 1997 3057 vatis
2018 3012 2434 3058 monumentum
2468 3018 2591 3059 esse
2616 3004 2859 3063 historia
2884 3010 3261 3079 prodiderunt.
3297 3014 3441 3080 Quin

1860 3093 2025 3149 etiam
2055 3092 2386 3151 Ptolemteus
2406 3137 2420 3162 ,
2456 3096 2752 3167 Agesarchi
2786 3099 2951 3166 Illius,
2981 3104 3258 3160 volumine
3282 3122 3354 3163 ex-
3371 3108 3442 3164 iis

1857 3188 2071 3256 primo,
2106 3202 2229 3257 qua:
2259 3186 2323 3240 de
2355 3186 2669 3259 Plu'lopatre
2707 3190 2960 3261 scripsit,
2999 3203 3189 3249 auctor
3231 3207 3348 3263 est,
3385 3199 3441 3252 in

1858 3277 2036 3333 insula
2066 3276 2254 3348 Papho
2277 3278 2532 3349 Cinyram
2566 3295 2630 3335 ac
2673 3280 2887 3353 Cinyrae
2934 3294 3183 3353 posteros
3205 3325 3220 3350 ,
3250 3287 3303 3341 in
3333 3285 3441 3343 Vc-

1856 3370 2003 3426 neris
2025 3371 2223 3441 templo
2244 3371 2492 3427 conditos
2513 3373 2702 3430 fuisse.
2725 3375 2830 3445 72
2853 3376 2921 3431 At
2940 3377 3084 3432 enim
3111 3387 3323 3449 tempus
3349 3397 3440 3438 me

1856 3463 2091 3529 deﬁciat,
2124 3463 2170 3519 si
2199 3466 2438 3521 tumulos
2465 3481 2680 3531 omnes,
2715 3469 2915 3535 quibus
2948 3467 3165 3523 divinos
3198 3470 3440 3529 honoris

1856 3555 2117 3621 tribuitis,
2136 3571 2425 3613 recensere
2454 3559 2613 3612 velim
2655 3576 2667 3612 :
2705 3573 2803 3613 vos
2840 3568 3047 3627 autem,
3075 3561 3130 3615 ni
3168 3563 3438 3621 scelerum

1855 3646 2085 3703 istorum
2113 3649 2290 3719 pudor
2316 3665 2413 3705 vos
2444 3650 2644 3721 aliquis
2676 3651 2912 3722 ceperit,
2944 3651 3017 3707 ite
3049 3668 3215 3723 porro
3235 3694 3252 3721 ,
3280 3672 3438 3715 vem-

1853 3754 1960 3810 que
1983 3739 2222 3807 mortui,
2255 3756 2380 3796 cum
2406 3749 2639 3795 vestram
2672 3742 2728 3795 in
2768 3742 3080 3799 hominibus
3105 3748 3338 3803 mortuis
3374 3750 3439 3805 ti-

1852 3832 2067 3888 duciam
2111 3833 2424 3901 collocetis,
2459 3836 2664 3906 passim
2714 3834 2823 3890 huc
2856 3835 3093 3907 illucque
3134 3841 3430 3910 vagamini.

1852 3922 1896 3978 Ο
1928 3925 2144 3978 miseri!
2181 3925 2311 3990 quid
2340 3933 2553 3981 tantum
2592 3926 2720 3982 mali
2750 3929 3225 4000 sustinerejuvat!
3262 3951 3281 3984 ι
3310 3932 3435 3990 Hzcc

1851 4018 1939 4073 ille
1972 4037 1985 4072 :
2014 4019 2311 4089 paucisque
2344 4018 2704 4089 interjectisu
2728 4017 2939 4074 Novum
2969 4022 3096 4077 item
3127 4024 3318 4091 alium,
3351 4026 3435 4080 in-

1850 4112 1988 4180 quit,
2016 4109 2297 4167 Romanus
2326 4109 2626 4181 Imperator
2651 4110 2703 4164 in
2730 4110 2987 4182 Egypto,
3022 4122 3185 4183 atque
3211 4117 3347 4171 adeo
3378 4117 3432 4172 in

1852 4203 1965 4273 ipsa
1996 4219 2132 4274 pene
2153 4203 2383 4269 Graecia,
2413 4203 2479 4258 ad
2508 4202 2802 4259 Numinum
2830 4206 3043 4260 turbam
3076 4223 3200 4263 cum
3231 4210 3433 4265 eximia

1850 4297 2111 4363 religione
2142 4296 2311 4352 Deum
2344 4300 2656 4369 aggregavit
2680 4298 3005 4364 Antinoum,
3040 4301 3132 4370 qui
3177 4301 3432 4370 pulcher-

1850 4384 2020 4441 rimos
2063 4386 2205 4442 inter
2247 4389 2621 4444 numerandus
2662 4397 2801 4456 erat,
2830 4389 3056 4444 delicias
3099 4406 3428 4460 amoresque

1851 4493 2002 4545 suos,
2036 4494 2199 4549 quem
2228 4479 2365 4549 ipse,
2400 4480 2677 4551 quomodo
2730 4480 3099 4553 Ganymedem
3133 4492 3291 4537 antea
3322 4482 3424 4536 Ju-

1849 4567 2028 4638 piter,
2083 4570 2447 4624 consecravit.
2490 4568 2601 4626 Nec
2642 4569 2787 4625 enim
2831 4569 3098 4641 cupiditas
3118 4586 3181 4627 ea
3206 4573 3425 4627 modum

1846 4659 2005 4716 facile
2052 4668 2237 4716 tenere
2284 4670 2493 4731 potest,
2549 4678 2671 4733 quae
2719 4662 2872 4718 nullo
2925 4675 3070 4719 metu
3120 4664 3424 4722 cohibetur.

1846 4752 2033 4822 Itaque
2074 4768 2243 4808 sacrae
2290 4753 2512 4808 Antinoi
2563 4763 2753 4811 noctes
2799 4756 2869 4810 ab
2918 4756 3234 4811 hominibus
3264 4756 3427 4812 hodie

1845 4843 1995 4899 cultu
2016 4842 2201 4898 divino
2232 4844 2577 4899 celebrantur
2597 4885 2613 4909 ,
2665 4861 2898 4916 quarum
2935 4846 3287 4917 turpitudinis
3320 4846 3424 4900 sibi

1846 4947 2061 4994 amator
2090 4940 2208 5009 ipse
2235 4939 2491 4995 conscius
2512 4950 2648 5008 erat,
2682 4941 2775 5010 qui
2815 4957 2909 4997 eas
2935 4956 3057 4996 cum
3090 4956 3259 5010 puero
3288 4939 3425 5008 vigi-

1845 5032 2004 5087 larat.
2040 5051 2058 5084 ι
2087 5031 2223 5087 Tum
2251 5032 2433 5088 subdit
2459 5051 2472 5087 :
2504 5052 2521 5084 ι
2553 5031 2709 5088 Nunc
2734 5048 2864 5088 vero
2889 5034 3129 5088 catamiti
3157 5033 3319 5102 hujus
3345 5049 3427 5087 se-

1844 5126 2091 5196 pulcrum
2119 5167 2134 5190 ,
2169 5124 2390 5180 Antinoi
2437 5126 2696 5195 templum
2744 5134 2797 5181 et
2833 5120 3089 5196 oppidum
3116 5134 3221 5180 est.
3263 5124 3421 5179 Enim

1844 5232 2005 5283 vero,
2042 5215 2244 5281 simili,
2281 5216 2509 5285 opinor,
2563 5217 2759 5286 templa
2793 5216 3152 5286 sepulcraque
3186 5217 3424 5271 admira-

1845 5310 1991 5363 tione
2019 5319 2422 5379 prosequuntur
2463 5327 2476 5362 :
2514 5309 2822 5380 pyramides
2847 5309 3046 5378 quippe
3073 5350 3088 5374 ,
3122 5308 3421 5367 mausolca.

1847 5510 1956 5633 δοῗ,
1992 5509 2087 5577 ait,
2105 5506 2480 5570 Ἀπολλώνιος,
2511 5507 2603 5561 καὶ
2631 5506 2814 5577 Ζήνων
2845 5504 3071 5583 ,Μύνδιοι
3104 5518 3424 5574 γραμματι-

1847 5598 1907 5633 κο
1936 5621 1948 5632 .
2045 5620 2049 5625 .

1843 5598 1948 5634 κοι.
2045 5620 2049 5625 -

1914 5672 2022 5743 (95)
2063 5672 2200 5726 Μετ’
2228 5670 2419 5740 ὀλίγα.
2463 5668 2575 5721 lmo
2600 5684 2731 5743 sane
2763 5669 2868 5743 πρὸ
2893 5668 3121 5743 πολλῶν,
3155 5681 3423 5743 namque

1841 5736 2147 5814 sequuntur
2183 5736 2468 5808 habentur,
2503 5755 2556 5808 p.
2594 5738 2658 5793 16
2681 5738 2744 5806 C,
2773 5736 2944 5796 Clem.
2973 5736 3384 5794 Graeco-Latini.

2990 5878 3024 5936 ὃ
