3948 6376
411 339 514 396 159

1046 338 1317 395 Ευεεθιι
1351 338 1834 398 (ΖΕΞΑΠΙΕΝΞΙΞ
1874 340 2022 398 ΟΡΡ.
2060 332 2246 395 PARS
2285 334 2349 393 ll.
2383 357 2457 374 --
2482 331 2980 397 APOLOGETICA.

3577 341 3676 396 ΗΟ

411 453 702 526 labyrinthi
740 495 754 520 ,
799 455 903 510 alia
930 457 1178 525 quaedam
1215 467 1342 513 sunt
1386 457 1583 526 templa
1625 467 1964 513 mortuorum

2091 456 2296 511 Φειδίου
2342 451 2499 518 Ζεύς.
2539 473 2558 508 ι
2610 457 2794 511 Ταῦτα
2859 458 2958 527 μὲν
3016 447 3187 519 οὗτος.
3236 455 3309 510 Σὺ
3350 455 3408 510 δὲ
3460 455 3553 511 τδν
3586 458 3677 512 λόο

408 549 868 619 quemadmodum
917 549 1026 614 illa,
1063 549 1290 605 deorum
1344 550 1618 618 sepulcra.
1673 569 1691 602 ι
1737 551 1806 604 lilt
1827 567 1990 620 mque

407 641 572 712 paulo
599 650 742 710 post.
769 661 786 691 ι
813 643 922 711 Age
947 657 1096 706 vero,
1123 643 1314 712 inquit,
1335 642 1633 695 certamina
1658 658 1875 713 quoque
1899 660 1990 698 ve-

407 743 521 787 stra
573 733 762 801 paucis
803 733 1086 799 obeamus,
1122 749 1184 787 ac
1215 732 1546 802 sepulcrales
1574 732 1708 787 istos
1751 750 1989 789 conven-

405 832 516 889 tus,
543 826 820 890 lstlnnica,
858 825 1078 891 Nemea,
1098 825 1311 892 Pythia,
1336 826 1581 898 Olympia
1598 829 1851 897 denique,
1883 829 1990 882 dis-

405 913 667 984 sipemus.
711 913 957 986 Pythone
990 916 1208 984 quidem
1233 957 1247 978 ,
1281 916 1533 987 Pythium
1575 916 1864 972 draconem
1898 934 1987 972 ve-

404 1013 696 1068 neranlur,
747 1009 1125 1078 serpentisque
1151 1018 1478 1064 conventum
1511 1011 1728 1066 nomine
1765 1011 1987 1083 Pythie-

405 1113 524 1151 rum
544 1099 809 1154 indicunt.
831 1101 984 1170 Apud
1010 1102 1272 1156 Isthmum
1291 1113 1494 1170 autem,
1511 1120 1661 1160 mare
1686 1107 1983 1176 ejectitium

403 1203 469 1243 ac
493 1190 803 1244 miserabile
852 1191 1084 1246 cadaver
1121 1192 1360 1261 exspuit,
1387 1193 1610 1262 jamque
1657 1193 1980 1249 Melicertem

404 1281 629 1334 lsthmia
661 1282 1050 1338 lamentantur.
1105 1282 1320 1338 Nemea:
1347 1285 1619 1347 similiter,
1655 1301 1777 1339 eum
1815 1287 1980 1340 alium

404 1372 686 1441 pusionem
726 1374 1120 1428 Archemorum
1149 1375 1561 1439 condidissent,
1597 1375 1760 1445 hujus
1803 1377 1955 1445 sepul

399 1468 548 1523 crale
579 1476 854 1522 certamen
904 1467 1104 1523 Nemea
1140 1477 1551 1539 nuncuparunt.
1607 1468 1734 1524 Pisa
1765 1484 1982 1539 quoque

399 1558 539 1626 apud
573 1571 688 1623 vos,
735 1572 768 1611 ο
795 1557 1109 1612 Grzncorum
1147 1573 1321 1627 genus
1376 1560 1724 1623 universum,
1777 1559 1982 1629 aurigae

402 1643 618 1716 Phrygii
666 1646 910 1700 tumulus
937 1656 1014 1700 est
1052 1665 1064 1699 :
1101 1657 1266 1715 atque
1309 1646 1590 1716 Olympia,
1630 1647 1732 1702 hoc
1763 1656 1846 1702 est
1881 1646 1980 1702 Pc-

399 1737 538 1807 lopis
570 1735 818 1802 inferias,
843 1735 1138 1791 Phidiacus
1169 1737 1270 1790 sibi
1305 1736 1518 1808 Jupiter
1543 1735 1982 1792 Vindicat.)lla"-

398 1835 554 1884 tenus
629 1827 904 1884 Clemens.
968 1827 1048 1882 Tu
1083 1846 1212 1884 vero
1257 1831 1592 1900 superiorem
1644 1839 1885 1885 nostram
1917 1833 1984 1888 de

397 1918 780 1986 superstitioso
824 1934 1009 1973 errore
1057 1920 1483 1989 disputationem
1518 1921 1588 1976 ab
1621 1922 1780 1976 initio
1824 1939 1983 1993 repe-

397 2016 538 2072 tens,
559 2016 725 2062 totam
759 2010 900 2064 hanc
923 2010 1252 2064 miserorum
1277 2011 1681 2081 prolapsionem
1703 2030 1813 2067 uno
1835 2029 1984 2084 aspe-

397 2108 486 2154 ctu
517 2101 746 2156 intuere.
783 2101 860 2155 Ac
885 2102 1120 2170 primum
1145 2103 1362 2172 quidem
1387 2105 1648 2160 eximium
1689 2107 1820 2162 illud
1857 2123 1982 2164 esse

396 2206 460 2248 ac
483 2193 722 2247 salutare
757 2194 809 2248 in
841 2195 1031 2264 primis
1054 2235 1070 2260 ,
1121 2197 1265 2266 quod
1293 2195 1388 2252 Dei
1422 2214 1617 2253 nomen
1655 2201 1982 2255 essentiam-

396 2301 505 2356 que
535 2285 829 2356 signiﬁcat,
881 2288 1054 2357 ipsius
1105 2300 1315 2344 naturae
1346 2291 1513 2346 ductu
1537 2333 1550 2356 ,
1587 2293 1981 2365 impressisque

395 2377 582 2432 animo
613 2393 708 2448 per
765 2394 885 2434 sese
915 2380 1253 2446 notionibus,
1289 2383 1371 2436 vel
1404 2382 1663 2437 divinitus
1693 2385 1872 2454 potius
1899 2387 1982 2440 iu-

396 2471 616 2541 spiratis
642 2511 656 2535 ,
693 2486 854 2526 nemo
885 2488 993 2526 non
1023 2474 1275 2544 intelligit
1301 2493 1314 2527 :
1355 2475 1461 2528 hoc
1491 2477 1636 2531 enim
1667 2493 1858 2533 omnes
1883 2495 1981 2550 po-

395 2566 506 2635 puli
555 2565 836 2620 communi
883 2567 1120 2635 quodam
1170 2569 1402 2622 rationis
1451 2584 1614 2625 sensu
1651 2587 1975 2642 prazcepere,

394 2673 518 2712 eum
553 2657 605 2712 id
638 2658 786 2712 omni
812 2659 997 2712 animo
1025 2660 1238 2714 ratione
1260 2669 1313 2714 et
1347 2661 1700 2732 intelligentia
1730 2667 1974 2733 praadito,

394 2751 534 2805 idem
567 2751 1127 2820 hujus-universitatis
1155 2753 1360 2808 Artifex
1385 2757 1725 2812 naturalibus
1747 2759 1977 2827 quibus-

393 2843 518 2896 dam
551 2842 978 2912 cogitationibus
1014 2845 1294 2902 inseverit.
1353 2847 1418 2902 At
1449 2863 1597 2911 vero,
1630 2864 1974 2920 nequaquam

393 2936 460 2990 ad
495 2935 763 3005 ejusmodi
800 2937 1078 3008 religionis
1126 2939 1437 2994 institutum
1483 2943 1792 3008 adlizesere,
1829 2945 1974 3014 quod

391 3030 621 3085 rationis
654 3030 836 3085 lumen
865 3031 1202 3085 ostendebat.
1231 3033 1336 3102 73
1373 3033 1507 3088 Nam
1543 3051 1685 3090 lltlUS
1721 3035 1976 3091 fortassis

2099 569 2194 621 γον
2257 552 2316 618 ἐξ
2379 549 2556 622 ἀρῂς
2622 549 2909 606 ἀναλαϐὼν
2958 550 3057 620 τῆς
3109 548 3496 622 δεισιδαίμονος
3541 551 3681 607 πλά-

2092 663 2220 716 νης,
2301 644 2596 714 ἐπίσκεψαι
2645 643 2744 716 τὴν
2801 643 3118 697 διάπτωσιν.
3187 643 3350 697 Φύσει
3414 645 3512 714 μὲν
3584 640 3679 698 οὖν

2092 740 2186 794 καὶ
2251 738 2649 800 αὑτοδιδάκτοις
2717 737 2968 799 ἐννοίαις,
3033 735 3230 806 μᾶλλον
3284 735 3341 788 δὲ
3407 735 3680 790 θεοδιδάκ-

2091 848 2223 894 τοις,
2256 829 2418 882 καλόν
2447 847 2501 881 τι
2544 829 2638 882 καὶ
2668 827 2942 898 ὠφέλιμον
2971 827 3281 896 τυγχάνειν,
3313 826 3374 879 τὸ
3410 830 3675 898 σημαῖνον

2089 923 2184 990 τὴν
2214 922 2306 975 τοῦ
2323 917 2459 974 Θεοῦ
2490 921 2857 992 προσηγορίαν
2888 936 2945 972 τε
2980 921 3073 973 καὶ
3095 920 3302 972 οὐσίαν.
3339 921 3546 982 Πάντες
3566 921 3676 993 γὰρ

2089 1008 2364 1080 ἄνθρωποι
2407 1011 2604 1071 κοινοῖς
2654 1008 2932 1078 λογισμοῖς
2968 1007 3388 1079 προειλήφεσαν,
3418 1008 3512 1062 τοῦ
3565 1009 3673 1061 τῶν

2087 1099 2223 1154 ὅλων
2284 1099 2625 1173 Δημιουργοῦ
2727 1099 2886 1154 τοῦτο
2933 1102 3080 1172 πάσῃ
3134 1101 3322 1172 λογικῇ
3373 1102 3466 1155 καὶ
3511 1103 3676 1174 νοερᾷ

2086 1196 2232 1267 ψυχῇ
2331 1200 2587 1266 φυσικαῖς
2643 1196 2876 1259 ἐννοίαις
2932 1194 3360 1266 ὐποσπείραντος
3396 1211 3408 1223 ·
3453 1195 3511 1247 οὑ
3565 1195 3672 1264 μὴν

2087 1288 2181 1341 καὶ
2237 1290 2302 1358 τῇ
2349 1289 2666 1360 προαιρέσει
2712 1292 2777 1360 τῆ
2822 1288 2960 1341 κατά
3010 1286 3166 1354 λόγον
3212 1285 3523 1357 ὲκέχρηντο.
3577 1281 3671 1349 Εἷς

2089 1378 2186 1448 μὲν
2237 1380 2344 1451 γάρ
2393 1397 2517 1445 που,
2566 1380 2708 1449 τάχα
2751 1398 2836 1444 τις
2869 1382 2960 1434 καὶ
3006 1381 3284 1452 δεύτερος,
3321 1381 3352 1450 ἢ
3394 1380 3484 1432 καί
3528 1395 3672 1443 τινες

2083 1470 2232 1525 ἄλλοι
2259 1471 2455 1542 κομιδῆ
2506 1471 2746 1542 βραχεῖς,
2779 1466 2852 1525 ὧν
2902 1472 2997 1542 τὴν
3047 1473 3265 1542 μνήμην
3293 1470 3363 1524 τά
3402 1470 3672 1543 Ἐϐραίων

2086 1568 2332 1638 περιέχει
2383 1565 2559 1634 λόγια,
2605 1568 2684 1629 είς
2727 1565 2876 1619 οὐδὲν
2923 1565 3031 1618 τῶν
3083 1563 3375 1635 ὁρωμένων
3421 1563 3670 1636 ἐφαρμό-

2083 1676 2276 1723 σαντες
2317 1658 2416 1730 τὴν
2455 1658 2582 1730 περὶ
2615 1657 2748 1710 Θεοῦ
2780 1657 3014 1710 ἔννοιαν
3051 1657 3428 1727 ἀδιαστρόφοις
3458 1657 3515 1710 δὲ
3555 1660 3670 1722 τοῖς

2081 1751 2361 1822 λογισμοῖς
2391 1750 2482 1804 ἐπὶ
2502 1750 2591 1803 τὸν
2619 1749 2712 1803 τοῦ
2745 1749 3057 1820 σύμπαντος
3089 1749 3294 1820 κόσμου
3313 1747 3668 1820 δημιουργὸν,

2085 1843 2176 1896 καὶ
2215 1843 2304 1896 τὸν
2351 1842 2520 1913 μέγαν
2547 1841 2653 1894 τῶν
2687 1841 2822 1894 ὅλων
2863 1841 3113 1912 ποιητὴν,
3145 1841 3208 1892 ἐκ
3236 1840 3345 1894 τῶν
3378 1841 3667 1912 ὁρωμένων

2083 1935 2471 2004 ἀναγαγόντες,
2509 1934 2744 1998 διανοίας
2790 1934 3000 2005 ὄμμασι
3044 1931 3472 2003 κεκαθαρμένοις
3505 1932 3670 2003 μόνον

2083 2025 2243 2077 αὑτὸν
2283 2021 2419 2078 εἶναι
2457 2025 2626 2088 Θεὸν,
2672 2025 2762 2078 τὸν
2802 2024 3016 2077 πάντων
3058 2025 3319 2096 Σωτῆρα,
3363 2022 3458 2075 καὶ
3503 2021 3668 2092 μόνον

2083 2113 2302 2182 ἀγαθῶν
2351 2115 2552 2188 δοτῆρα
2596 2114 2960 2185 συνενόησαν·
3002 2115 3050 2166 οἱ
3093 2113 3149 2165 δὲ
3196 2113 3391 2176 λοιποὶ,
3437 2110 3667 2182 παντοία

2080 2207 2257 2279 ψυχῆς
2299 2208 2617 2279 ἀμαυρώσει
2664 2207 3113 2278 περιτραπέντες,
3146 2204 3285 2259 κατά
3330 2203 3490 2274 βυθὸν
3535 2204 3682 2256 ἆσέ-⁸

2081 2298 2230 2364 6είας
2255 2301 2579 2371 ἠνέχθησαν,
2615 2299 2754 2353 ὥστε
2779 2297 2958 2370 θηρῶν
2986 2298 3191 2370 ἀγρίων
3217 2297 3436 2370 τρόπον,
3471 2295 3531 2348 τὸ
3563 2311 3666 2348 κα-

2080 2391 2169 2444 λὸν
2202 2391 2297 2445 καὶ
2345 2393 2621 2462 συμφέρον
2666 2392 2758 2444 καὶ
2797 2390 2996 2458 ἀγαθὸν
3036 2390 3228 2460 μέχρις
3272 2388 3533 2460 ὀμμάτων
3566 2386 3667 2442 καὶ

2083 2485 2285 2555 σαρκὸς
2327 2483 2521 2554 ἡδονῆς
2562 2483 2775 2553 στῆσαι.
2814 2483 2996 2554 Ταύτῃ
3044 2481 3100 2535 δὲ
3128 2481 3270 2536 κατά
3296 2481 3364 2534 τά
3397 2498 3662 2554 προειρη-

2083 2578 2241 2649 μένα,
2269 2576 2394 2638 τοὺς
2416 2575 2523 2627 τῶν
2546 2573 2945 2646 νενομισμένων
2971 2572 3062 2627 τοῦ
3087 2572 3336 2645 σώματος
3360 2573 3538 2627 καλῶν
3563 2574 3662 2626 καὶ⁵

2080 2668 2362 2741 χρησίμων
2396 2666 2646 2738 εὑρετὰς,
2682 2667 2714 2736 ἢ
2750 2667 2841 2719 καὶ
2869 2659 3133 2730 δυνάστας
3161 2667 3310 2729 τινὰς
3345 2665 3438 2719 καὶ
3467 2666 3664 2736 τυράν-

2078 2775 2220 2823 νους,
2248 2758 2281 2828 ἢ
2307 2758 2402 2811 καὶ
2425 2758 2627 2828 γόητας
2654 2758 2747 2808 καὶ
2781 2757 3106 2827 φαρμακέας
3129 2756 3345 2828 ἄνδρας,
3372 2757 3471 2828 τὴν
3497 2756 3660 2824 φύσιν

2079 2849 2304 2921 θνητοὺς
2356 2851 2449 2903 καὶ
2495 2849 2862 2920 ἀνθρωπίναις
2907 2851 3277 2921 κεχρημένους
3328 2851 3655 2920 συμφοραῖς,

2075 2941 2150 3006 ὡς
2206 2941 2428 3010 ἀγαθῶν
2474 2943 2776 3012 χορηγοὺς,
2819 2942 3069 3013 σωτῆρας
3116 2943 3210 2994 καὶ
3258 2942 3411 3005 θεοὺς
3454 2944 3660 3009 ἀναγο-

2081 3033 2287 3107 ρεύειν,
2324 3032 2423 3104 τὴν
2466 3032 2759 3103 σεϐάσμιον
2799 3032 3004 3087 ἔννοιαν
3046 3033 3288 3102 φυσικῶς
3337 3036 3518 3098 αὐτοῖς
3567 3037 3659 3088 ὲν·-

392 3120 594 3177 alterve
626 3123 910 3189 duntaxat,
963 3133 1058 3176 aut
1101 3124 1145 3178 si
1191 3126 1282 3194 qui
1315 3126 1428 3190 alii,
1472 3142 1603 3181 sane
1635 3129 1970 3196 paucissimi,

2079 3125 2444 3199 υπάρχουσαν,
2478 3127 2562 3194 ἐφ’
2603 3123 2695 3188 οὓς
2737 3125 2982 3195 ἐνόμιζον
3015 3125 3309 3196 εὐεργέτας
3342 3127 3660 3198 μετατεθει-

393 3232 530 3290 quos
573 3215 921 3270 Hebraeorum
965 3217 1158 3271 littera:
1186 3218 1563 3280 celebrarunt,
1595 3236 1717 3273 cum
1749 3223 1814 3273 ad
1844 3221 1968 3274 nul-

388 3307 498 3362 tam
529 3322 710 3362 rerum
737 3323 949 3369 earum,
984 3323 1107 3376 qtue
1133 3307 1305 3362 oculis
1334 3320 1686 3378 usurpantur,
1716 3311 1967 3366 haustam

388 3398 590 3453 animis
622 3401 690 3452 de
722 3398 908 3453 divino
938 3395 1176 3452 Numine
1199 3401 1474 3454 notionem
1501 3402 1816 3469 allixisscnt,
1873 3406 1965 3459 sed

387 3506 513 3550 eam
541 3491 607 3545 ad
635 3506 891 3561 magnum
928 3491 1078 3546 illum
1106 3508 1169 3546 ac
1198 3502 1581 3562 praepotentem
1625 3495 1772 3549 orbis
1805 3496 1967 3565 hujus

389 3581 631 3638 universi
661 3583 967 3638 molitorem
996 3624 1009 3647 ,
1046 3585 1116 3639 ah
1155 3600 1346 3640 eorum
1393 3601 1514 3656 quae
1557 3587 1660 3640 sub
1688 3598 1963 3656 aspectum

387 3675 594 3730 cadunt
625 3676 872 3730 omnium
905 3677 1097 3745 turba,
1145 3682 1421 3736 constanti
1462 3696 1526 3735 ac
1569 3688 1714 3734 certa
1769 3682 1966 3735 mentis

387 3769 702 3826 inductione
729 3773 1101 3840 sustulissent,
1135 3775 1381 3828 eumdem
1412 3790 1577 3828 unum
1615 3790 1736 3829 esse
1770 3772 1963 3840 Deum,

387 3860 658 3930 simulque
704 3863 948 3918 omnium
996 3875 1358 3928 servatorem,
1395 3883 1458 3922 ac
1489 3868 1665 3921 solum
1695 3870 1960 3922 bonorum

385 3960 662 4007 auctorem
715 3955 1027 4024 purioribus
1077 3956 1447 4026 intelligentiae
1488 3959 1664 4012 oculis
1710 3958 1960 4028 pervide-

385 4052 536 4097 runt.
575 4045 768 4100 theri
806 4057 987 4101 autem
1034 4041 1319 4117 multiplici
1357 4050 1619 4119 variaque
1651 4051 1960 4105 animorum

387 4135 440 4188 in
495 4137 728 4208 caligine
771 4139 1034 4205 volutati,
1083 4141 1138 4193 in
1173 4141 1466 4210 impietatis
1513 4143 1833 4196 barathrum
1885 4143 1960 4197 ita

383 4239 729 4295 corruerunt,
762 4239 819 4283 ut
848 4229 1131 4285 brutorum
1165 4233 1524 4287 animantium
1560 4234 1688 4298 ritu,
1722 4233 1958 4298 honesti,

384 4322 534 4378 utilis
567 4321 805 4391 bonique
841 4323 1106 4377 rationem
1161 4340 1268 4378 una
1298 4326 1581 4380 oculorum
1631 4335 1686 4380 et
1715 4328 1959 4396 corporis

382 4411 658 4482 voluptate
687 4411 1030 4467 metirentur.
1075 4412 1292 4484 Itaque,
1318 4416 1364 4470 si
1404 4416 1496 4485 qui
1529 4417 1607 4468 vel
1640 4431 1828 4470 eorum
1861 4418 1960 4471 ali-

2079 3216 2252 3280 κότες.
2287 3217 2533 3288 Τοσαύτη
2571 3217 2614 3268 δ’
2641 3218 2748 3287 ἄρα
2779 3219 3016 3287 συνεῖχεν
3050 3219 3245 3280 αὐτοὺς
3273 3219 3482 3288 φρενῶν
3516 3221 3658 3273 ἀπο-

2078 3311 2298 3382 πληξία,
2327 3312 2402 3374 ὡς
2439 3309 2600 3381 μηδὲν
2636 3309 2743 3362 τῶν
2777 3308 3281 3381 πλημμελουμένων
3323 3314 3434 3375 τοῖς
3477 3310 3660 3364 θεολοο

2077 3403 2360 3473 γουμένοις
2407 3401 2841 3470 ὑπολογίζεσθαι,
2903 3401 3025 3473 μηδ’
3084 3402 3342 3474 ὲρυθριᾷν
3397 3403 3489 3455 ἐπὶ
3542 3406 3658 3467 τοῖς

2077 3494 2315 3564 αἰσχρῶς
2347 3493 2473 3564 περὶ
2500 3492 2677 3546 αὐτῶν
2711 3490 3121 3562 φημιζομένοις·
3151 3492 3220 3546 τά
3251 3493 3423 3546 πάντα
3451 3492 3505 3545 δὲ
3529 3494 3658 3556 τους

2076 3586 2274 3658 ἄνδρας
2322 3586 2408 3640 διὰ
2440 3586 2539 3649 τὰς
2584 3586 2712 3657 παρ’
2741 3584 2920 3638 αὐτῶν
2954 3586 3333 3655 παρεχομένας
3365 3583 3651 3654 ὠφελείας,

2075 3680 2108 3749 ἢ
2136 3679 2229 3731 καὶ
2257 3678 2343 3731 διά
2369 3677 2467 3741 τάς
2501 3677 2621 3730 τότε
2663 3677 2876 3749 πρῶτον
2909 3677 3306 3748 συνισταμένας
3336 3675 3654 3738 δυναστείας

2073 3788 2132 3823 τε
2155 3771 2249 3824 καὶ
2271 3769 2591 3843 τυραννίδας
2615 3769 2820 3822 ἀποθαυ
2829 3769 2962 3839 μάζε
2973 3786 3040 3821 ιν.
3061 3769 3258 3839 Νόμων
3289 3766 3436 3836 γοῦν,
3460 3767 3653 3836 ῶσπερ

2075 3863 2208 3936 ἔφην
2259 3864 2358 3934 ἤδη
2388 3861 2908 3935 πρότερον,μηδέπω
2929 3861 3049 3912 τότε
3081 3861 3137 3912 ἐν
3165 3859 3467 3931 ἀνθρώποις
3498 3856 3655 3910 πολι-

2073 3957 2398 4028 τευομένων,
2439 3955 2558 4027 μηδ’
2589 3956 2681 4007 ἐπὶ
2721 3957 2832 4018 τοῖς
2861 3954 3328 4026 ἁμαρτανομένοις
3372 3952 3650 4024 ἁμαρτίας

2073 4047 2482 4122 ἀπῃωρημένης
2535 4046 2667 4118 (96),
2703 4047 2945 4118 μοιχείας
2987 4048 3083 4099 καὶ
3124 4047 3367 4118 ἀρρένων
3421 4044 3648 4114 φθορὰς,

2069 4140 2370 4212 ὲκθέσμους
2407 4154 2466 4190 τε
2507 4139 2602 4192 καὶ
2653 4139 3001 4210 παρανόμους
3044 4139 3285 4207 γάμους,
3336 4135 3650 4207 μιαιφονίας

2068 4251 2127 4287 τε
2151 4235 2244 4288 καὶ
2277 4230 2687 4305 πατροκτονίας,
2709 4231 2914 4284 τέκνων
2941 4248 2999 4284 τε
3023 4231 3116 4283 καὶ
3139 4229 3380 4298 ἀδελφῶν
3408 4228 3646 4298 σφαγὰς,

2068 4327 2162 4380 καὶ
2197 4326 2302 4397 μὴν
2333 4327 2426 4379 καὶ
2466 4323 2737 4394 πολέμους
2766 4325 2859 4376 καλ⁸
2889 4324 3106 4386 στάσεις
3138 4321 3528 4392 πεπραγμένοις
3559 4319 3650 4373 δν-

2066 4435 2172 4481 τως
2229 4420 2340 4482 τοῖς
2394 4417 2616 4480 οἰκείοις
2666 4415 3016 4486 προστάταις,
3069 4415 3161 4478 οὒς
3208 4413 3361 4477 θεοὺς
3417 4412 3648 4484 ἡγοῦντό

383 4505 515 4577 quid
551 4504 887 4567 invenirent,
923 4520 1044 4575 quae
1077 4504 1314 4561 fovendo
1343 4508 1694 4577 curandoque
1741 4509 1958 4577 corpori

2075 4527 2119 4562 τε
2169 4510 2260 4562 καὶ
2315 4508 2643 4569 ἀπεκάλουν,
2678 4505 2868 4578 ῶσπερ
2913 4507 2969 4558 ὲν
3017 4505 3170 4576 μέρει
3203 4504 3648 4576 κατορθωμάτων

385 4597 536 4651 utilia
570 4605 913 4668 putarentur,
948 4597 1028 4651 vel
1060 4598 1348 4667 imperium
1379 4609 1476 4653 aut
1498 4600 1837 4670 tyrannidem
1869 4614 1962 4654 oc-

381 4700 645 4761 cuparent
671 4731 685 4757 ,
732 4691 816 4745 vel
857 4691 1141 4760 prmstigiis
1182 4693 1566 4760 veneliciisque
1603 4701 1956 4760 praestarent;

380 4799 497 4849 cos,
517 4794 574 4838 ut
591 4785 842 4852 superius
861 4785 1306 4848 commemoravi,
1328 4786 1449 4839 licet
1469 4786 1673 4854 alioqui
1701 4784 1861 4838 morti
1894 4801 1956 4838 ac

382 4875 605 4946 reliquis
632 4877 883 4930 humana:
905 4885 1111 4930 natura:
1140 4876 1359 4930 casibus
1389 4875 1674 4937 obnoxios,
1696 4883 1955 4944 tanquam

379 4982 497 5032 eos,
533 4984 564 5022 a
593 4968 792 5038 quibus
825 4984 946 5023 cum
994 4969 1200 5038 reliqua
1247 4969 1409 5031 bona,
1462 4976 1574 5020 tum
1612 4966 1785 5036 ipsam
1819 4981 1958 5036 quo-

379 5077 488 5130 que
520 5062 749 5116 salutem
798 5061 1089 5123 baberent,
1127 5063 1371 5130 adeoque
1411 5070 1670 5129 tanquam
1704 5059 1836 5113 deos
1863 5074 1956 5113 ee-

382 5153 664 5207 lcbrarunt
688 5194 704 5218 ,
738 5169 803 5208 ac
832 5153 1195 5208 venerandam
1231 5152 1376 5206 illam
1427 5161 1822 5222 angustumque
1856 5167 1956 5206 no-

382 5245 584 5297 tionem
606 5285 621 5309 ,
663 5259 826 5313 quam
855 5260 885 5298 a
917 5255 1111 5298 natura
1138 5245 1435 5298 hauserant
1484 5252 1645 5311 atque
1671 5256 1955 5310 expresse-

381 5343 525 5399 rant,
561 5333 616 5387 iu
644 5349 769 5402 eos,
823 5351 959 5404 quos
989 5334 1256 5404 ejusmodi
1289 5334 1672 5388 benetlciorum
1705 5343 1956 5387 auctores

379 5441 499 5478 esse
547 5428 870 5495 censebant,
923 5427 1293 5482 contulerunt.
1335 5423 1442 5480 Eos
1474 5434 1732 5494 praeterea
1772 5433 1956 5478 tantus

377 5520 688 5576 animorum
718 5529 907 5592 stupor
938 5522 1159 5584 invasit,
1206 5531 1262 5574 ut
1290 5520 1473 5575 omnia
1505 5529 1953 5575 consecratorum

452 5657 569 5728 (96)
620 5657 926 5727 Ἄμαρτίας
969 5657 1422 5728 ἀπῃωρημένης.
1466 5653 1607 5711 Verti
1635 5653 1859 5726 perinde
1888 5668 1953 5707 ac

375 5728 427 5806 si
459 5730 766 5806 traheretur,
800 5728 1312 5806 rruwplaidnnwp.

388 5801 392 5810 ’
448 5798 560 5872 (97)
604 5794 992 5870 Θεραπεῦσαί.
1039 5797 1149 5859 l-loc
1181 5794 1288 5864 'ést',
1322 5799 1532 5870 opinor,
1566 5795 1713 5870 quod
1745 5794 1954 5852 Plutar-
1979 5884 2010 5888 ω
2043 5885 2046 5888 γ

2061 4603 2156 4654 καὶ
2183 4600 2546 4672 ἀνδραγαθίας
2571 4599 3038 4671 ἀπεμνημόνευον,
3062 4598 3160 4668 τὴν
3189 4597 3389 4649 τούτων
3422 4599 3645 4668 μνήμην

2059 4693 2135 4755 ὡς
2160 4692 2372 4763 σεμνῶν
2406 4694 2499 4748 καὶ
2528 4691 2790 4763 ἀνδρείων
2818 4692 2930 4753 τοῖς
2955 4688 3228 4758 όψιγόνοις
3261 4688 3643 4752 ἀπολιπόντες.

2061 4782 2296 4835 Τοιαῦτα
2337 4777 2405 4854 ἦν
2451 4782 2520 4835 τά
2558 4783 2656 4854 τῆς
2697 4781 2931 4844 παλαιᾶς
2978 4779 3275 4848 θεολογίας,
3304 4779 3370 4850 ἣν
3407 4777 3645 4849 μεταϐα-

2059 4875 2240 4938 λόντες
2272 4875 2381 4927 νέοι
2418 4875 2579 4940 τινὲς,
2615 4875 2742 4945 χθὲς
2769 4875 2864 4927 καλ⁹
2905 4871 3094 4945 πρώην
3133 4872 3451 4941 ἐπιφυέντες
3494 4870 3644 4940 λογι-

2059 4965 2296 5038 κώτερόν
2325 4984 2384 5019 τε
2421 4966 2724 5036 φιλοσοφεῖν
2766 4965 3076 5037 αὐχοῦντες,
3111 4964 3210 5035 τὴν
3236 4964 3299 5034 δὴ
3335 4962 3644 5033 φυσικωτά-

2063 5075 2160 5130 ραν
2183 5058 2284 5127 τῆς
2318 5060 2445 5131 περὶ
2489 5057 2627 5112 θεῶν
2671 5059 2910 5131 ἱστορίας
2937 5056 3094 5122 δόξαν
3128 5058 3510 5127 εἰσηγήσαντο,
3545 5068 3644 5108 σεο

2061 5151 2326 5222 μνοτέρας
2355 5150 2757 5222 εὑρεσιολογίας
2802 5154 2913 5215 τοῖς
2963 5148 3150 5222 μύθοις
3179 5149 3644 5220 προσεπινοήσαν-

2056 5259 2168 5306 τες,
2194 5243 2288 5296 καὶ
2331 5243 2470 5313 μήτε
2498 5243 2675 5315 πάντη
2717 5242 2825 5298 τῶν
2852 5241 3206 5313 προπατόρων
3231 5239 3290 5292 τὸ
3318 5236 3643 5309 πλημμελὲς

2055 5333 2154 5403 τῆς
2191 5332 2507 5396 δυσσεϐείας
2537 5332 2883 5402 ἐκφυγόντες,
2922 5333 3046 5404 μήτ’
3070 5327 3138 5386 αὖ
3167 5331 3328 5385 πάλιν
3354 5328 3451 5400 τὴν
3479 5328 3642 5382 αὑτό-

2057 5425 2149 5479 θεν
2199 5425 2637 5498 προφαινομένην
2687 5423 2794 5476 τῶν
2855 5423 3287 5495 θεολογουμένων
3336 5418 3641 5494 μοχθηρίαν

2057 5519 2468 5590 ὑπομείναντες.
2504 5517 2850 5588 Θεραπεῦσαι
2894 5517 3003 5590 (97)
3031 5518 3076 5571 δ’
3107 5513 3202 5576 οὖν
3245 5518 3391 5593 ὅμως
3435 5513 3542 5568 οἶδε
3575 5511 3640 5566 τὸ

2055 5655 2214 5721 chus,
2253 5654 2542 5726 Alexand.,
2578 5655 2852 5726 eleganter
2895 5655 3046 5721 dixit,
3080 5654 3182 5726 τὸν
3219 5652 3386 5726 μῦθον
3417 5649 3634 5726 ἀνασώ-

2057 5726 2169 5788 ζειν
2194 5725 2330 5797 πρὸς
2363 5725 2639 5795 ἀλήθειαν,
2667 5722 2764 5780 uhi
2819 5726 3060 5797 naphtha
3103 5722 3397 5797 delibutum
3433 5722 3638 5778 Medea

2057 5795 2318 5852 coronam
2379 5797 2572 5865 fuisse,
2623 5797 2916 5853 nonnullos
2959 5796 3168 5866 opinari
3221 5795 3404 5861 tradit,
3453 5806 3637 5864 coquo
