3948 6376
358 294 460 348 HI

1513 292 1833 350 pmmn.
1876 294 2128 353 nunc.
2173 294 2296 351 LlB.
2341 292 2403 352 ιι.
2476 366 2480 369 ,

3513 307 3610 361 142

361 412 623 486 θεατρικὸν
678 411 977 482 ἁμάρτημα
1044 409 1502 482 προθυμηθέντες,
1555 413 1647 466 ἐπὶ
1703 411 1923 482 φυσικὰς

2037 414 2134 469 abs
2161 429 2278 468 sese
2307 413 2594 469 numinum
2627 415 2830 471 scelera
2866 415 3022 472 facile
3051 424 3384 487 paterentur,
3414 433 3514 476 nec
3540 422 3609 476 ad

348 506 635 576 διηγήσεις
669 505 764 558 καὶ
802 503 1034 575 θεωρίας
1058 505 1183 567 τοὺς
1211 504 1417 576 μύθους
1444 505 1930 575 μετεσκευάσαντο,

351 599 425 650 τὰ
446 595 718 668 θρεπτικά
745 596 838 649 καὶ
869 593 1138 664 αύξητικὰ
1172 595 1268 664 τῆς
1292 594 1398 648 τῶν
1433 597 1700 666 σωμάτων
1722 595 1932 664 φύσεως

350 687 507 741 ταῦτ’
533 684 674 741 εἶναι
704 687 773 741 τά
798 687 886 740 διὰ
913 686 1021 738 τῶν
1055 685 1239 756 μύθων
1268 687 1589 758 δηλούμενα,
1623 688 1698 750 ὡς
1738 686 1801 758 δὴ
1835 705 1933 757 μυ-

355 782 685 853 στικώτερον
729 783 1126 852 κομπάσαντες.
1185 782 1375 835 Ἔνθεν
1417 781 1657 844 ἀνιόντες
1696 782 1787 834 καὶ
1826 781 1932 832 οἵδε

349 877 420 928 τὰ
461 879 700 946 στοιχεῖα
725 875 818 929 τοῦ
845 877 1050 947 κόσμου
1077 876 1229 938 θεοὺς
1256 875 1631 944 ἐπεφήμισαν·
1650 874 1748 927 οὐκ
1773 873 1934 926 αὐτὸν

351 969 517 1039 μόνον
545 968 716 1038 ἣλιον,
751 969 842 1022 καὶ
868 968 1120 1038 σελήνην,
1158 969 1252 1020 καὶ
1282 966 1477 1036 ἀστρα,
1508 965 1729 1036 προσέτι
1753 965 1809 1018 δὲ
1833 965 1934 1034 γῆν

351 1060 452 1113 καὶ
494 1059 658 1130 ὓδωρ,
688 1059 823 1130 ἀέρα
872 1076 929 1112 τε
970 1058 1065 1111 καὶ
1116 1057 1246 1129 πῦρ,
1276 1058 1344 1111 τά
1381 1075 1439 1109 τε
1473 1058 1540 1110 ἐκ
1565 1055 1766 1109 τούτων
1807 1072 1935 1123 συγ-

352 1152 605 1223 κρίματά
657 1168 718 1204 τε
759 1151 852 1204 καὶ
893 1151 1341 1222 ἀποτελέσματα’
1383 1149 1471 1202 ναὶ
1525 1147 1630 1220 μὴν
1673 1147 1765 1200 καὶ
1811 1149 1933 1208 τοὺς

349 1243 592 1314 ὡραίους
629 1243 737 1296 ἀπὸ
779 1245 881 1312 γῆς
921 1245 1184 1315 καρποὺς,
1227 1244 1320 1296 καὶ
1359 1241 1426 1295 τὰ
1455 1240 1616 1294 λοιπά
1639 1241 1737 1312 τῆς
1764 1239 1934 1309 ξηρᾶς

346 1337 448 1388 καὶ
467 1335 641 1406 ὑγρᾶς
658 1335 860 1405 τροφῆς
881 1333 1234 1405 βλαστήματα
1251 1352 1264 1364 ο
1291 1334 1324 1387 ἃ
1347 1335 1438 1386 καὶ
1465 1330 1623 1399 αὐτὰ,
1649 1331 1724 1395 ὡς
1747 1330 1813 1384 ἂν
1837 1331 1934 1400 τῆς

344 1425 459 1478 τῶν
490 1425 760 1495 σωμάτων
785 1424 930 1494 ζωῆς
963 1427 1130 1489 αἴτια,
1159 1426 1471 1495 Δήμητραν,
1489 1424 1583 1476 καὶ
1609 1422 1813 1491 Κόρην,
1842 1420 1935 1472 καὶ

346 1517 625 1579 Διόνυσον,
657 1518 750 1570 καὶ
773 1517 873 1570 ὅσα
905 1517 1037 1571 ἄλλα
1071 1516 1500 1587 τούτοιςὲμφερῆ
1525 1513 1930 1587 προσειπόντες,

343 1608 687 1672 τεθειάκασι,
732 1608 1108 1679 βεϐιασμένον,
1139 1609 1230 1662 καὶ
1264 1609 1362 1660 οὐκ
1394 1607 1567 1678 ἀληθῆ
1597 1606 1704 1660 τῶν
1752 1603 1944 1686 μύθων.

343 1700 441 1752 τὸν
461 1699 847 1771 καλλωπισμὸν
869 1700 1307 1771 εἰσηγησάμενοι.
1361 1700 1498 1752 Ἀλλ’
1532 1693 1675 1753 οῦτοι
1711 1698 1808 1768 μὲν
1832 1693 1929 1763 ὀψέ

2039 507 2334 576 quidquam
2363 523 2570 571 eorum,
2599 525 2720 579 qua:
2746 510 2811 564 de
2842 510 2975 578 ipsis
3006 508 3304 566 fmdissime
3324 511 3612 580 jactaban-

2041 609 2150 663 tur,
2179 601 2593 665 erubescerent;
2633 601 2724 656 sed
2769 603 2951 671 potius
2980 603 3243 672 quidquid
3275 603 3340 658 ad
3367 619 3464 659 eos
3492 621 3612 674 per-

2039 691 2275 754 tineret,
2319 691 2432 746 sive
2484 702 2704 762 propter
2751 693 2992 762 ipsorum
3039 694 3093 748 in
3133 695 3412 749 hominum
3443 712 3612 766 genus

2040 785 2234 839 merita
2257 826 2272 850 ,
2303 785 2418 839 sive
2447 794 2668 855 propter
2695 786 2920 855 imperia
2953 786 3032 840 vel
3058 787 3370 856 tyrannides
3399 803 3465 841 eo
3500 789 3613 858 pri-

2040 893 2188 932 mum
2221 885 2461 946 tempore
2504 879 2827 933 constitutas
2847 919 2862 942 ,
2895 878 3156 946 singulari
3185 895 3307 934 eum
3340 880 3608 950 approba-

2041 970 2187 1023 tione
2233 969 2587 1038 suspieerent.
2647 968 2782 1023 Cum
2827 968 2992 1039 igitur
3048 971 3312 1033 necdum,
3362 980 3421 1024 ut
3476 981 3601 1026 ante

2041 1058 2174 1123 dixi,
2225 1060 2433 1129 legibus
2478 1059 2603 1114 ullis
2631 1059 2914 1113 hominum
2961 1059 3068 1114 vita
3096 1070 3389 1130 regeretur,
3422 1076 3608 1131 pcena-

2040 1165 2146 1218 que
2171 1149 2387 1220 ﬂagitiis
2417 1150 2564 1204 nulla
2593 1149 2932 1217 immineret;
2958 1151 3242 1216 adulteria,
3269 1153 3608 1223 mariumque

2039 1245 2393 1309 concubitus,
2445 1242 2708 1297 nefandas
2749 1243 2873 1298 item
2925 1246 3325 1316 ﬂagitiosasque
3368 1250 3603 1316 nuptias.

2045 1337 2240 1400 caades,
2264 1336 2574 1407 parricidia,
2607 1336 2920 1402 liberorum,
2950 1336 3286 1407 fratrumque
3307 1338 3605 1408 jugulatio-

2041 1444 2156 1493 nes,
2191 1429 2326 1484 bella
2357 1430 2587 1498 denique
2629 1438 2683 1482 et
2727 1430 3030 1483 animorum
3067 1429 3319 1484 intestina
3357 1431 3604 1491 dissidia.

2041 1521 2239 1589 quibus
2264 1538 2453 1575 eorum
2491 1523 2782 1591 principes,
2819 1535 2956 1589 quos
2991 1521 3065 1574 illi
3088 1522 3216 1576 deos
3240 1523 3606 1591 opinabantur

2039 1622 2093 1667 et
2119 1613 2418 1680 vocabant,
2454 1629 2511 1667 se
2545 1615 2692 1683 ipsos
2725 1629 2848 1668 vere
2881 1613 3313 1678 obstrinxerant,
3364 1615 3443 1670 sic
3483 1626 3604 1669 tan-

2041 1721 2202 1778 quam
2235 1721 2414 1760 rerum
2444 1705 2511 1758 ab
2537 1705 2604 1760 iis
2634 1705 2890 1774 praeclare
2917 1715 3186 1774 gestarum
3213 1744 3227 1767 ,
3283 1707 3604 1776 eximimque

345 1809 505 1856 ποτε,
527 1791 676 1845 ὡσάν
707 1792 1152 1863 ὲπαιηυνόμενοι
1192 1793 1291 1857 τὰς
1323 1793 1428 1846 τῶν
1458 1791 1733 1864 προγόνων
1763 1788 1923 1843 θεολο-

2038 1798 2250 1853 virtutis
2284 1798 2611 1856 monimenta
2642 1799 3021 1864 celebrabant,
3069 1814 3400 1868 eorumque,
3445 1805 3599 1871 quasi

344 1885 497 1953 γίας,
541 1883 754 1938 οἴκοθεν
803 1884 869 1948 ἀς
913 1884 1140 1948 ἕκαστος
1183 1884 1381 1957 ἐφεῦρε
1428 1884 1777 1956 σεμνολογίας
1820 1886 1933 1947 τοῖς

345 1979 481 2048 περὶ
509 1977 648 2030 θεῶν
680 1979 868 2050 μύθοις
903 1978 1363 2049 προσεπενόησαν,
1393 1980 1562 2030 κινεῖν
1607 1976 1675 2029 τὰ
1726 1976 1930 2046 πάτρια

343 2070 659 2142 τολμῶντος
705 2070 939 2134 οὐδενὸς,
973 2071 1101 2140 περὶ
1144 2069 1335 2123 πολλοῦ
1379 2069 1434 2122 δὲ
1469 2068 1566 2140 τὴν
1601 2069 1932 2140 ἀρχαιότητα

346 2161 516 2226 εἶναι,
546 2165 643 2218 καὶ
664 2165 764 2235 τὴν
794 2165 997 2236 συνήθη
1029 2165 1123 2219 καὶ
1149 2163 1442 2233 σύντροφον
1465 2165 1528 2216 ὲκ
1557 2161 1758 2215 παίδων
1788 2162 1931 2230 ἀγω-

345 2259 457 2330 γὴν
497 2259 816 2330 τιμώμενοι.
850 2260 917 2313 Οἵ
958 2277 1021 2329 γε
1075 2259 1180 2330 μὴν
1219 2256 1421 2310 τούτων
1465 2256 1824 2328 πρεσϐύτεροι
1872 2257 1931 2308 ἐν

349 2349 455 2420 ῐσῳ
474 2353 540 2421 τῇ
567 2350 673 2403 τῶν
690 2349 898 2421 ἀνδρῶν
921 2350 1162 2422 θεοποιία
1185 2351 1279 2403 καὶ
1297 2350 1394 2412 τάς
1416 2349 1523 2402 τῶν
1547 2349 1754 2417 ἀλόγων
1778 2349 1929 2414 ξύων

347 2439 644 2503 ὲκθεὼσεις
669 2440 999 2504 διετάξαντο,
1027 2440 1117 2493 διὰ
1150 2441 1210 2493 τὸ
1242 2441 1335 2494 καὶ
1368 2439 1425 2506 ἐξ
1452 2438 1629 2492 αὐτῶν
1661 2441 1928 2510 χρήσιμον

348 2532 500 2585 κατά
529 2532 629 2596 τὰς
662 2531 894 2604 πρόσθεν
932 2530 1286 2594 ἀποδοθείσας
1313 2533 1488 2595 αἰτίας
1511 2547 1524 2561 ⁶
1553 2532 1645 2584 καὶ
1673 2535 1784 2594 τοῖς
1810 2530 1931 2583 ἀλό-

349 2641 472 2692 γοις
508 2624 716 2695 θηρίοις
758 2625 856 2689 τὰς
896 2626 1013 2690 ἴσας
1058 2625 1368 2696 ἀφιέρωσαν
1417 2622 1732 2695 θρησκείας,
1771 2639 1931 2675 σπον-

349 2716 497 2780 δαῖς,
529 2716 625 2768 καὶ
656 2713 888 2779 θυσίαις,
923 2717 1014 2768 καὶ
1041 2717 1325 2785 μυστικαῖς
1350 2715 1608 2777 τελεταῖς,
1644 2712 1832 2784 ῦμνοις
1868 2730 1928 2765 τε

351 2809 450 2861 καὶ
498 2807 679 2878 ᾠδαῖς,
708 2809 906 2878 ὁμοίως
934 2811 1045 2871 τοῖς
1074 2808 1539 2878 τεθεοποιημένοις
1562 2807 1808 2879 ἀνδράσι,
1835 2806 1928 2859 καὶ

349 2899 452 2961 τὰς
490 2895 695 2950 τούτων
739 2897 905 2966 τιμὰς
951 2897 1278 2969 ἐπάραντες·
1323 2901 1402 2961 εἰς
1438 2897 1688 2950 τοσοῦτον
1731 2897 1787 2950 δὲ
1819 2896 1926 2968 ἀρα

353 2989 542 3042 κακῶν
568 2990 822 3060 ἡλαυνον,
853 2990 925 3054 ὼς
957 2990 1024 3043 δι’
1060 2989 1362 3062 ὑπερϐολὴν
1395 2991 1719 3061 ἡδυπαθείας
1755 2990 1928 3062 ἀκρα-

347 3080 500 3143 τοῦς,
523 3079 740 3133 τάὀλκά
761 3081 895 3150 πρὸς
910 3081 1295 3152 αἰσχρουργίαν
1319 3081 1455 3152 μέρη
1469 3080 1561 3132 τοῦ
1582 3080 1926 3151 σώματος,τά

348 3189 408 3225 τε
425 3171 699 3226 ἀκόλαστα
713 3173 769 3224 ἐν
783 3169 1089 3243 ἀνθρώποις
1101 3171 1392 3242 πάθη,ταῖς
1411 3172 1634 3236 ἰσοθέοις
1645 3172 1924 3226 ἐκθειάσαι

347 3267 560 3336 τιμαῖς,
585 3265 750 3337 μηδὲν
775 3265 835 3316 τὸ
862 3264 1120 3336 παράπαν
1143 3265 1200 3317 ἐν
1236 3263 1442 3327 τούτοις
1465 3265 1656 3336 χρῆναι
1683 3264 1926 3334 σεμνολο-

347 3363 468 3428 γεῖν
485 3358 591 3412 τῶν
613 3359 678 3430 δὴ
706 3357 969 3426 θεολόγων
985 3356 1163 3410 αὐτῶν
1181 3359 1633 3428 ἀποφηναμένων.
1651 3359 1726 3429 Τη
1736 3359 1924 3430 ρητέον

346 3453 502 3522 γοῦν,
521 3453 595 3517 ὡς
618 3453 698 3505 ὃτι
726 3450 957 3520 μάλιστα
982 3452 1030 3504 οἰ
1059 3451 1376 3505 παλαίτατοι
1401 3451 1550 3503 οὐδέν
1573 3467 1624 3502 τι
1646 3450 1804 3502 πλέον
1825 3452 1922 3522 τῆς

351 3545 595 3617 ἱστορίας
623 3544 841 3607 εἰδότες,
865 3543 1046 3614 μόνοις
1075 3542 1134 3596 δὲ
1155 3545 1262 3606 τοῖς
1288 3541 1476 3612 μύθοις
1499 3541 1922 3614 προσανέχοντες

346 3636 829 3710 ἐμαρτυρήθησαν.
849 3635 986 3688 Ἀλλ’
1021 3635 1248 3705 ἐπείπερ
1280 3633 1428 3697 ἅπαξ
1452 3634 1808 3705 ὡρμήθημεν,
1829 3633 1923 3686 καὶ

341 3733 417 3786 τὰ
447 3732 620 3801 σεμνά
647 3732 740 3783 καὶ
765 3731 1053 3800 ἀπόρρητα
1083 3728 1188 3781 τῶν
1217 3728 1478 3796 γενναίων
1509 3727 1810 3795 φιλοσόφων
1830 3743 1924 3780 κα-

341 3824 712 3893 τασκοπῆσαι,
745 3822 876 3893 φέρε
927 3821 1020 3874 καὶ
1052 3818 1221 3872 ταῦτα
1249 3817 1728 3890 ἐπιθεωρήσωμεν,
1758 3817 1832 3881 ὡς
1855 3818 1921 3870 ἂν

347 3916 425 3986 μὴ
460 3915 711 3984 δοκοῖμεν
739 3915 951 3982 ἀγνοεῖν
983 3913 1076 3966 καὶ
1104 3913 1204 3975 τὰς
1236 3911 1552 3982 θαυμαστὰς
1577 3911 1754 3965 αὐτῶν
1781 3911 1923 3979 φιλο-

345 4005 558 4072 σοφίας.
619 4005 754 4076 Πρὶν
801 4005 857 4057 δὲ
911 4005 1008 4075 τὴν
1053 4003 1257 4056 τούτων
1309 4001 1524 4054 ἔκθεσιν
1575 4001 1918 4072 ποιήσασθαι,

340 4098 467 4168 ἐμοὶ
499 4097 645 4150 δοκεῖ
686 4094 1281 4168 προσεπισημαίνεσθαι
1328 4094 1422 4146 καὶ
1468 4093 1568 4164 τὴν
1612 4091 1780 4163 αὐτὴν
1811 4092 1920 4144 τῶν

344 4190 674 4260 θαυμαστῶν
720 4190 1056 4259 φιλοσόφων,
1093 4189 1194 4242 κάν
1241 4186 1453 4250 τούτοις
1504 4185 1641 4256 πρὸς
1693 4185 1919 4246 ἑαυτοὺς

342 4287 757 4354 ὲναντιολογίαν.
793 4287 854 4339 Οί
884 4287 980 4356 μὲν
1017 4285 1123 4358 γὰρ
1152 4285 1425 4355 τηνάλλως
1452 4282 1785 4356 διηγοῦνται,
1827 4280 1920 4336 καὶ

343 4381 488 4433 κατά
512 4381 574 4434 τὸ
607 4380 892 4451 παραστάν
917 4380 1144 4443 ἕκαστος
1176 4379 1318 4442 ἰδίως
1345 4378 1766 4446 ἀποφαίνονται*
1799 4375 1918 4429 οὐδὲ

2034 1889 2374 1959 egregiorum
2399 1891 2755 1956 quorumdam
2781 1891 3079 1946 facinorum
3104 1908 3166 1946 ac
3186 1894 3453 1962 praecipua
3475 1910 3598 1949 cum

2036 1979 2370 2035 fortitudinis
2398 1980 2556 2035 laude
2582 1981 3020 2051 eonjunctorum,
3052 1985 3370 2038 memoriam
3403 1986 3467 2039 ad
3502 2001 3600 2054 po-

2028 2083 2208 2128 steros
2235 2073 2333 2143 ipsi
2363 2091 2494 2130 suos
2527 2075 2914 2146 prepagabant.
2957 2075 3132 2145 Atque
3159 2076 3468 2144 hujnsmodi
3498 2076 3600 2132 fuit

2031 2164 2336 2233 priscorum
2381 2166 2660 2221 hominum
2708 2166 3014 2237 theologia,
3062 2183 3224 2235 quam
3259 2169 3448 2237 nuperi
3476 2170 3599 2236 qui—

2030 2256 2154 2310 dam
2183 2270 2246 2310 ac
2277 2257 2670 2313 nudiustertius
2704 2257 2909 2312 exclusi
2955 2257 3036 2313 sic
3070 2258 3475 2323 immutarunt,
3513 2269 3594 2321 ut,

2029 2347 2363 2403 subtiliorem
2388 2351 2572 2405 nescio
2593 2365 2754 2421 quam
2780 2349 3198 2420 philosophandi
3224 2351 3486 2405 rationem
3513 2351 3598 2421 ja-

2027 2449 2255 2507 ctantes,
2281 2440 2389 2512 74
2403 2457 2584 2496 rerum
2604 2442 2808 2497 scilicet
2823 2451 3029 2497 natura:
3048 2443 3353 2513 propiorem
3379 2443 3445 2498 de
3461 2444 3592 2498 deo-

2030 2547 2152 2585 rum
2187 2533 2413 2587 historia
2439 2534 2751 2605 opinionem
2781 2533 3120 2600 inveherent,
3144 2544 3198 2589 et
3225 2535 3595 2591 honestiorem

2030 2628 2268 2697 aliquam
2323 2645 2588 2683 novorum
2642 2638 3076 2684 commentorum
3121 2628 3354 2698 speciem
3399 2627 3596 2684 fabulis

2029 2732 2329 2778 attcxercnt
2375 2742 2388 2778 :
2442 2725 2545 2779 hoc
2587 2725 2847 2778 nimirum
2881 2724 3073 2790 secuti,
3109 2735 3291 2780 utnec
3317 2728 3539 2780 omnino
3564 2742 3594 2780 a

2030 2815 2288 2868 scelerata
2335 2813 2602 2884 majorum
2656 2831 2874 2869 suorum
2921 2816 3193 2884 impietate
3236 2816 3594 2881 discederent,

2031 2921 2131 2961 nec
2155 2906 2378 2960 omnino
2406 2914 2588 2959 tamen
2622 2921 2686 2959 ex
2712 2905 2924 2959 illorum
2958 2906 3309 2976 religionibus
3330 2909 3596 2962 exsisten-

2029 3009 2136 3053 tem
2189 3006 2627 3069 consecratorum
2677 2999 2962 3052 numinum
3014 2999 3411 3066 improbitatem
3445 3007 3596 3068 pate-

2031 3096 2238 3144 rentur.
2280 3087 2346 3141 lli
2376 3102 2505 3156 ergo
2528 3129 2541 3153 ,
2579 3103 2700 3141 cum
2734 3089 2897 3143 semel
2929 3090 3161 3157 patrium
3187 3103 3422 3142 errorem
3454 3103 3594 3159 quo;

2029 3198 2139 3253 quo
2164 3181 2326 3236 modo
2350 3196 2642 3250 procurare
2673 3180 3006 3245 statuissent,
3033 3181 3098 3234 ad
3120 3181 3447 3234 naturalium
3469 3196 3596 3236 cau-

2027 3292 2210 3332 sarum
2261 3283 2423 3344 atque
2468 3273 2742 3327 rationum
2794 3272 3209 3342 explicationem
3251 3271 3459 3327 fabulas
3483 3265 3608 3327 ἶνα-⁸

2025 3369 2249 3424 duxere.
2290 3367 2367 3422 Ac
2400 3366 2649 3436 primam,
2687 3365 2888 3434 quibus
2919 3353 3096 3419 alendi
3128 3365 3370 3435 corporis
3398 3380 3594 3436 augen-

2025 3463 2190 3531 dique
2236 3459 2318 3515 vis
2369 3460 2604 3522 inesset,
2653 3474 2714 3512 ea
2764 3458 2962 3512 fabulis
3015 3457 3304 3526 signiﬁcari
3351 3473 3491 3512 novo
3537 3467 3594 3511 et

2026 3551 2279 3606 insolenti
2303 3549 2451 3603 fastu
2492 3549 2772 3619 jactahant
2792 3587 2807 3610 ,
2862 3548 3083 3618 perinde
3107 3562 3171 3602 ac
3200 3546 3246 3601 si
3279 3547 3407 3616 quid
3438 3562 3592 3601 arca-

2025 3658 2154 3696 num
2186 3641 2359 3711 magis
2392 3642 2668 3708 magisque
2705 3639 3040 3693 reconditum
3081 3637 3388 3692 attulissent
3422 3656 3436 3692 :
3466 3653 3592 3692 mox

2023 3749 2153 3788 vero
2179 3732 2450 3804 progressi
2483 3733 2732 3796 ulterius,
2767 3729 2955 3783 mundi
2984 3730 3147 3784 etiam
3171 3729 3435 3785 elementa
3462 3729 3595 3783 deo-r

2023 3841 2143 3878 rum
2189 3826 2244 3878 in
2278 3839 2506 3879 numero
2537 3823 2612 3878 ita
2654 3822 2993 3878 collocarunt
3017 3859 3032 3885 ,
3065 3829 3126 3876 ut
3154 3836 3221 3876 ne
3251 3821 3448 3898 insole
3471 3821 3596 3890 qui-

2021 3920 2140 3970 dem
2168 3932 2232 3971 ac
2264 3917 2388 3970 luna
2412 3926 2714 3985 caeteraque
2752 3923 3027 3969 astrorum
3059 3912 3406 3967 multitudine
3437 3913 3595 3967 siste.-

2022 4018 2174 4073 rent,
2210 4009 2301 4063 sed
2333 4008 2504 4076 ipsam
2532 4021 2752 4077 quoque
2783 4015 2984 4061 terram
3009 4044 3039 4069 ,.
3059 4019 3182 4060 cum
3223 4019 3361 4072 aqua
3387 4044 3404 4069 ,
3445 4018 3590 4064 aere.

2020 4102 2163 4171 igne,
2198 4101 2440 4170 adeoque
2465 4115 2587 4154 cum
2623 4099 2712 4162 iis,
2737 4113 2860 4168 quae
2886 4099 3080 4152 horum
3109 4112 3174 4151 ex
3199 4096 3591 4163 temperatione

2020 4207 2082 4245 ac
2109 4192 2459 4262 permistione
2484 4189 2807 4250 conﬂantur,
2845 4189 3218 4260 adjungerent.
3256 4187 3396 4254 Quin
3423 4187 3586 4241 etiam

2022 4284 2368 4354 tempestivos
2417 4293 2572 4338 terrae
2621 4282 2871 4347 fructus,
2904 4283 3120 4351 aliaque
3165 4279 3586 4357 tum‘siccioris,

2019 4383 2134 4428 tum
2169 4373 2494 4430 humidioris
2517 4374 2759 4428 alimenti
2796 4373 3040 4444 germina
3069 4393 3081 4428 :
3110 4389 3259 4442 qua},
3291 4372 3434 4443 quod
3470 4371 3586 4441 ipsa

343 4474 453 4544 γὰρ
504 4472 750 4543 ἀλλήλοις
783 4472 1046 4542 σύμφωνα
1085 4467 1521 4538 φυσιολογοῦσιν·
1553 4469 1602 4520 οἱ
1629 4467 1682 4519 δὲ
1714 4467 1916 4534 εύγνωο

2028 4482 2237 4537 quoque
2290 4477 2606 4523 nostrorum
2657 4481 2947 4536 corporum
2978 4466 3145 4519 vitam
3182 4473 3586 4524 conservarent,

347 4563 663 4634 μονέστεροι
710 4563 772 4616 τὸ
831 4561 1048 4633 σύμπαν
1088 4559 1422 4630 ἀναιροῦσιν,
1455 4559 1547 4611 καὶ
1582 4559 1681 4628 τῆς
1711 4557 1914 4620 οἰκείας

346 4655 618 4716 πολιτείας
647 4655 706 4707 οὐ
744 4655 904 4723 μόνον
933 4654 1028 4717 τὰς
1075 4655 1341 4723 ἀπρεπεῖς
1374 4652 1502 4722 περὶ
1543 4649 1678 4702 θεῶν
1727 4649 1916 4720 διηγή-

348 4763 480 4810 σεις,
517 4747 655 4799 ἀλλά
685 4749 776 4800 καί
805 4746 903 4808 τὰς
934 4745 1135 4798 τούτων
1164 4744 1458 4816 ἑρμηνείας
1485 4742 1877 4797 ἀπελαύνουσιν
1897 4761 1909 4774 ’

346 4839 459 4892 ἐστι
487 4840 530 4893 δ’
557 4840 645 4892 ἅτε
678 4840 827 4909 φόϐῳ
851 4839 947 4909 τῆς
987 4838 1094 4891 ἀπὸ
1134 4837 1242 4890 τῶν
1282 4837 1462 4908 νόμων
1491 4837 1756 4908 τιμωρίας
1791 4837 1915 4900 τοὺς

347 4931 548 5002 μύθους
579 4929 1218 5002 ύποκορίζονται.Ἂκουε
1247 4929 1290 4981 δ’
1318 4925 1409 4983 οῦν
1439 4928 1616 4982 αὐτῶν
1650 4927 1914 4998 Ἑλλήνων

342 5024 409 5078 δι’
459 5024 576 5088 ἑνὸς
616 5023 712 5076 τοῦ
758 5023 972 5076 πάντων
999 5022 1244 5093 ἀρίστου,
1273 5022 1392 5074 τοτὲ
1426 5022 1523 5092 μὲν
1561 5019 1910 5086 ἐξωθοῦντος,

342 5115 464 5182 τοτὲ
513 5116 556 5168 δ’
589 5111 682 5169 οῦν
731 5115 891 5169 πάλιν
943 5115 1350 5184 εἰσποιουμένου
1386 5114 1511 5176 τοὺς
1546 5112 1840 5184 μύθους.’0
1866 5112 1911 5165 δ’

340 5203 434 5262 οὖν
462 5207 775 5277 θαυμάσιος,
808 5205 984 5260 αύτῶν
1016 5207 1260 5269 Πλάτων,
1293 5207 1379 5259 ὅτε
1417 5204 1515 5276 μὲν
1561 5204 1660 5275 τὴν
1706 5202 1912 5257 οἰκείαν

337 5299 645 5370 ἀπογυμνοῐ
675 5299 1008 5370 προαίρεσιν,
1034 5297 1429 5368 τολμηρότερον
1457 5295 1788 5367 ἀπαγορεύει
1824 5312 1913 5348 κα-

338 5390 495 5444 θόλου
530 5392 656 5460 περὶ
697 5390 834 5444 θεῶν
867 5391 1090 5444 τοιαῦτα
1133 5393 1348 5460 φρονεῖν
1378 5406 1436 5442 τε
1470 5390 1563 5444 καὶ
1589 5387 1790 5458 λέγειν,
1823 5385 1910 5441 οἷα

337 5485 452 5546 τοῖς
488 5485 738 5547 παλαιοῖς
776 5485 1008 5554 εἴρηται,
1048 5485 1157 5538 εἴτε
1192 5482 1494 5556 περιέχοιέν
1523 5499 1574 5535 τι
1601 5481 1820 5554 λεληθὸς
1852 5483 1910 5534 ἐν

338 5625 450 5671 tam
505 5619 684 5672 subito
737 5617 1009 5672 flammam
1058 5617 1390 5679 concepisse.
1421 5616 1660 5679 Εἰκότως
1681 5610 1793 5678 οὖν,
1823 5615 1908 5667 in-

340 5691 480 5758 quit,
516 5688 644 5742 ἔνιοι
693 5689 785 5741 τὸν
822 5688 988 5758 μῦθον
1036 5686 1405 5754 ἀνασῴζοντες
1455 5687 1588 5758 πρὸς
1633 5688 1730 5754 τὴν
1781 5686 1909 5756 ἀλή-

339 5757 508 5825 θειαν,
534 5759 689 5812 τοῦτό
717 5756 874 5828 φασιν
907 5756 1044 5813 εἶναι
1085 5761 1146 5811 τὸ
1188 5759 1285 5828 τῆς
1331 5756 1567 5831 Μηδείας
1599 5758 1904 5828 φάρμακον.

2019 4558 2238 4615 Cereris
2263 4599 2277 4623 ,
2313 4558 2682 4630 Proserpinae,
2717 4557 2913 4613 Bacchi
2940 4598 2954 4624 ,
2988 4572 3051 4611 ac
3082 4556 3290 4612 caeteris
3318 4554 3585 4624 ejusmodi

2021 4651 2335 4706 nominibus
2361 4660 2770 4714 consecrarunt,
2807 4657 3057 4704 coactum
3086 4645 3272 4701 nescio
3299 4660 3457 4714 quem
3484 4645 3590 4698 mi-

2018 4745 2275 4814 nimeque
2300 4759 2487 4798 verum
2514 4741 2709 4797 fabulis
2733 4742 2940 4796 vultum
2979 4747 3034 4794 ct
3061 4738 3292 4793 colorem
3328 4736 3586 4807 adiugen-

2019 4847 2120 4892 tcs.
2147 4835 2370 4904 Verum,
2389 4837 2513 4892 licet
2536 4835 2625 4890 isti
2651 4835 2848 4901 serius,
2874 4831 3017 4902 quod
3041 4847 3136 4884 eos
3164 4829 3430 4898 majorum
3459 4843 3588 4880 suo-

2015 4944 2136 4982 rum
2163 4928 2445 4997 theologia:
2489 4928 2836 4996 suppudcret,
2874 4923 3242 4978 honestiorem
3269 4919 3585 4989 quemdam.

2019 5028 2183 5089 prout
2227 5035 2386 5074 suum
2438 5019 2634 5088 cuique
2665 5017 2944 5072 cerebrum
2977 5015 3232 5076 cuderet,
3284 5027 3349 5066 ac
3379 5021 3585 5066 veteres

2019 5112 2138 5164 illas
2165 5111 2388 5166 deorum
2425 5109 2636 5164 fabulas
2668 5110 2990 5177 explicatum
3023 5105 3400 5174 adjungerent,
3425 5115 3587 5158 nemo

2017 5212 2198 5256 tamen
2244 5201 2380 5255 ritus
2423 5201 2626 5270 patrios
2666 5209 2876 5252 mutare
2923 5213 3087 5250 ausus
3117 5205 3230 5261 est,
3271 5193 3364 5248 sed
3395 5206 3584 5249 omnes

2017 5295 2197 5364 potius
2230 5310 2352 5349 cum
2379 5295 2681 5362 priscorum
2717 5293 2985 5355 instituta,
3009 5298 3122 5342 tum
3157 5289 3406 5342 usitatam
3435 5285 3580 5338 illam

2015 5401 2242 5455 quaeque
2285 5400 2470 5440 secum
2518 5401 2548 5438 a
2596 5385 2778 5452 pueris
2814 5383 3119 5436 adoleverat
3151 5393 3430 5435 sacrorum
3457 5376 3585 5431 reli-

2016 5477 2300 5546 gionisque
2327 5474 2890 5544 rationem,przecipuo
2921 5473 3099 5530 studio
3117 5471 3451 5526 retinendam
3477 5466 3587 5538 sibi

2016 5614 2205 5684 Itaque
2229 5613 2470 5669 nonnulli
2507 5609 3045 5684 commodefqbulam
3091 5607 3159 5660 ad
3200 5605 3468 5684 raritatem
3497 5618 3582 5684 ζο-

2014 5673 2279 5746 υοσᾶηιεδ,
2312 5696 2404 5739 aut
2434 5700 2561 5756 vero
2606 5685 2723 5756 ipse
2764 5673 3131 5744 defendentes,
3163 5685 3386 5742 scuram
3418 5674 3467 5725 la
3498 5673 3586 5741 fa-

2015 5757 2094 5813 ble
2124 5772 2221 5828 par
2253 5757 2306 5809 la
2336 5755 2516 5808 rért'fé.
