3940 6380
512 330 618 386 1ιῦ
1144 329 1418 387 ΕΗΞΕὒΗ
1457 330 1933 387 (ΖᾹΞΞΑΒΙΕΝΞΙΞ
1969 329 2119 386 OI’P.
2164 329 2341 383 PARS
2383 327 2445 383 ll.
2490 360 2559 368 —-
2594 329 3094 386 APOLOGETICA.
3621 339 3707 399 lu

512 445 901 516 colcndamque
928 454 1272 515 putaverunt.
1297 448 1365 501 At
1394 446 1486 516 qui
1519 447 1734 509 eosdem
1759 453 1915 500 aelate
1944 459 2063 514 prae-

2181 443 2454 507 ὑπονοίαις
2474 442 2819 514 δηλούμενον,
2849 443 2955 497 εἴτε
2991 444 3145 507 ἐκτὸς
3178 444 3355 515 πάσης
3379 444 3606 513 ὑπονοίας
3632 450 3707 503 λέ·

510 548 826 602 cesserant,
882 537 1165 593 brutorum
1234 538 1547 592 animalium
1612 537 2063 591 consecrationem

2180 553 2353 607 γοιτο’
2401 538 2487 591 ὅτε
2537 537 2595 591 δὲ
2637 539 2763 601 τοὺς
2812 537 3007 608 νόμους
3051 536 3446 609 ὑποκορίζεται,
3494 542 3579 594 καί
3616 542 3711 597 δεῖν

510 630 706 700 aequali
736 630 895 700 plane
924 646 1048 685 cum
1083 630 1362 684 hominum
1403 629 1644 699 ipsorum
1685 629 1967 698 apotheosi
1996 628 2063 682 dit

2184 648 2314 702 φησι
2360 632 2469 693 τοῖς
2519 628 2647 700 περὶ
2697 628 2835 683 θεῶν
2891 628 3077 700 μύθοις
3131 627 3419 692 πιστεύειν,
3448 631 3518 694 ὡς
3571 633 3711 702 μηδὲν

514 719 733 789 guitatis
771 720 892 790 jure
920 734 1042 774 esse
1070 719 1357 773 voluerunt
1380 759 1394 786 ,
1444 719 1637 787 partim
1676 734 1741 773 ea
1767 761 1782 786 ,
1817 734 1979 789 quam
2010 733 2063 771 ex

2184 722 2395 792 ἔχουσιν
2442 723 2498 773 ὲν
2543 721 2817 784 ὑπονοίαις
2855 721 2912 787 ἑξ
2941 720 3117 773 αὑτῶν
3161 719 3630 793 δηλούμενον.Ἦδη
3663 724 3712 778 δέ

513 810 642 881 ipsis
668 810 970 881 capiebant,
1007 810 1255 875 utilitate,
1307 809 1499 880 partim
1532 820 1849 864 eaeterarum
1882 824 2063 865 eausa-

2183 831 2309 866 ποτε
2343 813 2451 865 τῶν
2485 811 2730 865 παλαιῶν
2760 810 2942 882 μύθων
2962 812 3061 881 τὴν
3088 811 3292 865 οἰκείαν
3322 810 3579 879 θεολογίαν
3600 816 3712 883 ἀφο-

510 920 653 967 rum,
687 919 825 972 quas
854 912 979 958 ante
1006 902 1353 972 protulimus,
1402 902 1789 973 conjunctione
1822 901 2063 972 permoti.

2183 906 2357 976 ρίσας,
2381 904 2507 976 περί
2534 921 2595 957 τε
2622 903 2874 975 οὐρανοῦ,
2914 903 3007 957 καί
3040 900 3211 967 ἡλίου,
3242 903 3333 955 καὶ
3369 901 3599 976 σελήνης,
3632 908 3711 959 καὶ

510 995 693 1066 Itaque
713 1035 728 1060 ,
753 1010 912 1065 pares
938 995 1160 1049 omnino
1191 993 1487 1063 pecudibus
1528 996 1737 1050 ratione
1764 993 2063 1048 carentibus

2180 992 2413 1065 ἄστρων,
2448 994 2543 1047 καὶ
2565 995 2643 1047 ἔτι
2667 994 2795 1066 περὶ
2820 991 2913 1045 τοῦ
2936 992 3247 1062 σύμπαντος
3272 990 3493 1061 κόσμου,
3519 994 3711 1047 καὶτῶν

509 1085 899 1153 superstitiosa:
944 1083 1306 1139 venerationis
1363 1083 1599 1138 honores
1644 1084 1815 1138 sacris
1868 1083 2063 1154 legibus

2180 1083 2365 1137 τούτου
2396 1102 2460 1154 με
2471 1085 2577 1156 ρῶν
2599 1082 3013 1154 κεχωρισμένως
3041 1081 3454 1151 φυσιολογήσας,
3479 1082 3609 1146 ἰδίως
3633 1085 3715 1137 πά-

510 1176 582 1230 ita
618 1184 875 1239 statuere,
929 1184 990 1229 ut
1016 1174 1389 1239 libationibus,
1444 1174 1749 1241 sacriﬁciis,
1784 1184 1838 1230 et
1863 1174 2063 1230 arcanis

2180 1174 2263 1227 λιν
2294 1176 2387 1228 καὶ
2415 1176 2809 1247 ἀφωρισμένως
2838 1174 2967 1246 περὶ
2997 1173 3103 1227 τῶν
3142 1174 3307 1227 πάλαι
3332 1172 3711 1244 γενεαλογηθέν-

509 1265 757 1319 initiandi
809 1264 1040 1332 ritibus,
1093 1265 1310 1336 hymnis
1352 1264 1585 1335 denique
1628 1274 1682 1320 et
1721 1265 2063 1320 carminibus.

2181 1282 2288 1319 των
2322 1266 2478 1331 θεῶν,
2507 1260 2609 1320 ὧδέ
2650 1286 2765 1332 πως
2810 1268 2992 1330 αὑτοῖς
3038 1269 3275 1339 ῥήμασιν
3323 1267 3379 1319 ὲν
3429 1264 3502 1336 τῷ
3532 1268 3715 1335 Τιμαίῳ

510 1358 731 1428 perinde
753 1366 914 1428 atque
936 1358 1218 1412 hominum
1242 1358 1504 1428 ipsorum,
1527 1358 1726 1429 quibus
1741 1359 2076 1413 divinitatem
2183 1358 2449 1424 διέξεισιν.

507 1452 789 1518 dederunt,
817 1466 1004 1505 earum
1030 1451 1197 1506 cultui
1223 1450 1559 1521 majestatem
1579 1452 1952 1506 conciliarent.
1968 1450 2207 1506 Tandem
2245 1468 2311 1507 eo
2348 1450 2676 1523 ﬂagitiorum
2700 1454 2984 1519 devenere,
3018 1462 3076 1507 ut
3123 1451 3405 1523 impotenti
3438 1451 3717 1507 fmdissimre

506 1546 746 1600 libidinis
776 1553 911 1601 aestu
939 1546 1217 1612 concitati,
1266 1555 1448 1615 partes
1481 1546 1644 1601 etiam
1684 1546 1928 1615 corporis
1967 1547 2357 1615 turpitudinem
2386 1564 2450 1604 ac
2488 1564 2738 1604 venerem
2777 1550 3002 1613 cientes,
3052 1548 3309 1617 dirasque
3359 1563 3419 1603 ac
3462 1556 3715 1617 protervas

507 1636 786 1690 hominum
824 1636 1147 1708 cupiditates
1189 1636 1387 1692 divinis
1431 1636 1590 1707 plane
1636 1636 1935 1691 honoribus
1965 1619 2444 1709 prosequerentur,
2497 1654 2620 1694 cum
2666 1641 2718 1693 in
2770 1640 3039 1709 ejusmodi
3066 1640 3229 1695 rebus
3269 1641 3476 1694 nullum
3514 1640 3717 1709 quaesito

507 1730 865 1801 ali‘ectatoque
908 1731 1200 1786 verborum
1247 1731 1443 1801 pudori
1488 1748 1607 1787 esse
1659 1732 1840 1787 locum
1883 1740 2135 1803 oportere
2172 1733 2418 1804 praeclari
2458 1736 2693 1807 the010gi
2736 1736 3117 1791 decrevissent.
3160 1735 3375 1790 Maneat
3405 1736 3561 1805 igitur
3590 1744 3718 1789 vete-

506 1843 631 1893 res,
661 1836 722 1881 ut
768 1827 905 1882 nihil
941 1836 1134 1898 praeter
1166 1827 1365 1881 nudam
1411 1844 1591 1883 rerum
1639 1829 1919 1884 historiam
1958 1839 2238 1895 noverant,
2262 1830 2342 1885 sic
2372 1831 2438 1885 ad
2484 1831 2629 1900 ipsas
2669 1840 2879 1886 tantum
2920 1831 3132 1888 fabulas
3175 1848 3391 1903 semper
3432 1831 3714 1905 adhaesisse,

506 1920 692 1976 multis
762 1919 1024 1975 hactenus
1089 1920 1414 1975 testimoniis
1463 1935 1583 1975 esse
1636 1922 2065 1992 comprobatum.
2128 1922 2233 1993 75
2301 1919 2406 1977 Sed
2455 1925 2712 1993 quoniam
2766 1924 3012 1994 speciosa
3072 1939 3289 1995 quoque
3355 1940 3417 1980 ac
3470 1926 3715 1981 recondita

504 2015 843 2085 egregiorum
890 2014 1335 2085 philosophorum
1366 2015 1617 2086 dogmata
1656 2016 1768 2087 jam
1820 2017 1988 2073 semel
2036 2018 2319 2088 explorare
2345 2021 2640 2089 empimus,
2694 2035 2815 2089 age,
2864 2020 3085 2091 propius
3135 2021 3299 2075 etiam
3350 2020 3437 2075 illa
3497 2032 3716 2077 contem-

504 2112 739 2182 plemur,
785 2128 854 2167 ne
900 2112 1090 2167 saltem
1136 2112 1361 2168 eximias
1416 2128 1602 2168 eorum
1655 2112 2075 2184 phi1050phandi
2125 2114 2364 2170 rationes
2414 2116 2666 2185 ignorare
2698 2116 2998 2171 videamur.
3040 2115 3199 2173 Prius
3236 2126 3417 2172 tamen
3457 2134 3609 2189 quam
3638 2134 3717 2175 eas

506 2210 564 2264 in
611 2203 851 2258 medium
894 2203 1208 2273 aﬁ‘eramus,
1255 2205 1475 2275 juverit,
1522 2206 1745 2277 opinor,
1791 2221 1956 2276 quam
2003 2206 2238 2277 graviter
2282 2210 2463 2279 magni
2507 2209 2596 2265 isti
2636 2209 2944 2279 philosophi
2980 2224 3087 2264 non
3128 2210 3290 2265 modo
3332 2226 3452 2265 cum
3483 2212 3596 2267 aliis
3631 2214 3717 2267 hoc

505 2296 561 2349 in
605 2310 826 2365 genere,
873 2296 965 2351 sed
1011 2296 1172 2351 etiam
1222 2312 1405 2352 secum
1454 2298 1559 2365 ipsi
1603 2308 1861 2369 pugnent,
1902 2298 2209 2364 observare.
2258 2297 2393 2353 Nam
2442 2315 2564 2355 cum
2628 2302 2731 2357 hac
2792 2300 2848 2355 in
2910 2301 3245 2373 physiologia
3296 2302 3444 2356 nulla
3496 2304 3562 2357 sit
3598 2303 3718 2357 inter

503 2405 602 2446 eos
651 2391 1043 2447 sententiarum
1093 2392 1518 2464 opinionumque
1571 2394 1913 2464 conjunctio,
1974 2393 2063 2448 alii
2124 2403 2322 2449 temere
2373 2411 2436 2451 ac
2498 2404 2657 2466 prout
2729 2410 2828 2451 sua
2898 2396 3095 2467 cuique
3158 2411 3313 2451 mens
3384 2395 3717 2466 suggesserit,

502 2500 617 2541 rem
673 2495 841 2541 totam
884 2487 1181 2555 deﬁniunt;
1242 2488 1333 2543 alii
1383 2490 1624 2545 melioris
1692 2490 1876 2561 utique
1925 2488 2072 2553 ﬁdei,
2138 2490 2300 2545 simul
2332 2491 2584 2547 universa
2626 2492 2843 2557 tollunt,
2878 2508 2978 2549 nec
3039 2507 3101 2547 ea
3150 2493 3328 2547 solum
3369 2492 3576 2555 omnia,
3616 2506 3719 2561 quae

492 2581 573 2638 de
604 2582 711 2638 diis
743 2592 890 2639 tanta
924 2586 1061 2651 cumf
1097 2584 1415 2655 indignitate
1448 2587 1741 2654 jactantur,
1790 2585 1885 2640 sed
1938 2600 2128 2641 eorum
2181 2602 2395 2657 quoque
2450 2587 2835 2658 explicationes
2882 2587 3192 2658 reipublica:
3240 2602 3357 2641 sua:
3399 2586 3588 2640 ﬁnihus
3637 2583 3720 2652 eji-

493 2676 687 2743 ciunt;
750 2677 965 2734 tametsi
1032 2694 1314 2749 pmnarum
1383 2680 1592 2751 legibus
1650 2681 2069 2736 constitutarum
2122 2691 2267 2737 metu
2334 2680 2530 2738 fabulis
2584 2682 2857 2738 interdum
2916 2684 3048 2753 ipsis
3101 2678 3719 2738 lenocinentur.Grazcos

500 2786 633 2842 ergo
685 2772 1039 2843 philos0plios
1082 2774 1233 2842 audi,
1284 2775 1445 2830 unius
1492 2787 1672 2831 tamen
1724 2792 1818 2832 ore
1864 2776 2109 2831 omnium
2168 2778 2637 2847 praestantissimi,
2689 2778 3016 2847 easdemque
3074 2776 3288 2832 fabulas
3344 2776 3505 2831 modo
3550 2772 3721 2844 procul

502 2863 872 2929 amandantis,
906 2864 1066 2919 modo
1098 2874 1287 2920 contra
1317 2867 1557 2922 studiose
1598 2868 1901 2924 retinentis.
1955 2866 2108 2924 Plato
2170 2869 2259 2923 ille
2286 2878 2391 2937 est,
2432 2885 2593 2940 quem
2636 2878 2916 2938 tantopere
2960 2865 3288 2937 suspiciunt,
3324 2866 3417 2938 qui
3449 2866 3492 2921 si
3525 2865 3718 2934 quando

504 2973 659 3012 suam
711 2958 827 3028 ipse
870 2969 1105 3013 mentem
1152 2974 1216 3014 ac
1253 2975 1474 3015 sensum
1518 2962 1763 3032 aperiat,
1799 2971 1916 3017 tum
1958 2977 2087 3017 vero
2135 2963 2329 3033 majori
2379 2979 2503 3019 cum
2553 2962 2799 3018 libertate
2836 2976 3062 3032 prorsus
3092 2960 3400 3026 interdicit,
3430 2974 3536 3029 quo
3564 2957 3719 3011 minus

502 3066 567 3106 ea
594 3066 715 3121 quae
756 3068 786 3106 a
821 3053 1092 3107 veteribus
1131 3052 1413 3107 decantata
1444 3053 1573 3107 olim
1614 3052 1848 3118 fuerant,
1904 3054 1971 3109 de
2020 3054 2125 3111 diis
2164 3056 2217 3109 in
2262 3063 2535 3124 posterum
2582 3056 2919 3120 sentiantur;
2968 3053 3083 3107 sive
3124 3052 3504 3107 reconditioris
3540 3048 3717 3117 aliquid

503 3146 571 3201 iis
615 3146 884 3201 inclusum
938 3146 1121 3210 lateat,
1161 3147 1304 3216 quod
1351 3147 1637 3201 verborum
1702 3163 1766 3202 ac
1814 3147 2204 3202 sententiarum
2260 3148 2531 3219 allegoriis
2569 3148 2855 3214 indicetur,
2902 3147 3017 3201 sive
3074 3146 3260 3201 eadem
3316 3155 3470 3199 extra
3528 3153 3717 3195 onmem

502 3241 815 3311 allegoriam
874 3240 1211 3310 ﬁguramque
1268 3240 1539 3295 dicantur.
1592 3238 1697 3294 Ubi
1744 3250 1925 3295 autem
1976 3241 2045 3296 ad
2100 3242 2244 3313 leges
2286 3258 2406 3298 sese
2435 3242 2842 3311 orationemque
2882 3256 3037 3296 suam
3072 3240 3233 3293 homo
3263 3236 3609 3293 meticulosus
3640 3246 3717 3285 ac-

501 3333 839 3393 commodat,
864 3329 1027 3385 simul
1049 3331 1269 3399 jactatis
1296 3331 1362 3386 de
1395 3341 1589 3386 natura
1632 3332 1859 3387 deorum
1898 3331 2095 3391 fabulis
2150 3334 2451 3389 habendam
2493 3349 2613 3390 esse
2656 3334 2814 3389 ﬁdem
2846 3332 3190 3403 pronuntiat,
3226 3330 3429 3403 quippe
3454 3346 3569 3401 qua:
3604 3327 3718 3383 nihil

498 3442 596 3496 per
625 3440 745 3481 sese
776 3426 920 3483 aliud
946 3426 1242 3496 ﬁgurarum
1279 3426 1665 3497 integumentis
1699 3426 2059 3496 signiﬁcatum
2104 3434 2507 3497 reprzesentent.
2555 3425 2699 3481 ldem
2753 3435 3010 3496 prmterea
3055 3435 3409 3496 posteaquam
3442 3439 3589 3481 suam
3622 3424 3721 3491 ipse

501 3520 830 3590 theologiam
909 3520 977 3574 ab
1047 3521 1394 3590 antiquarum
1466 3520 1773 3576 fabularum
1843 3523 2105 3577 societate
2160 3521 2595 3591 commercioque
2634 3521 2891 3591 sejunxit,
2949 3520 3124 3590 deque
3177 3520 3339 3584 caalo,
3410 3520 3542 3586 sole,
3588 3519 3716 3584 luna,

501 3612 792 3675 sideribus,
836 3610 949 3666 imo
993 3611 1059 3667 de
1097 3621 1208 3667 tota
1241 3613 1343 3668 hac
1392 3613 1764 3680 universitate,
1800 3630 1864 3669 ac
1901 3616 2129 3687 singulis
2161 3615 2281 3685 ejus
2336 3615 2577 3685 partibus
2620 3614 2847 3668 seorsim
2889 3611 3192 3683 pbysiologi
3233 3627 3388 3665 more
3430 3608 3717 3680 disputavit,

500 3718 659 3758 suam
707 3704 903 3758 iterum
933 3704 1000 3759 de
1030 3704 1157 3769 diis,
1193 3720 1423 3773 quorum
1466 3705 1835 3776 genealogiam
1868 3717 2072 3763 veteres
2112 3708 2190 3761 illi
2233 3716 2536 3773 texuerant,
2575 3706 2885 3775 opinionem
2920 3704 3005 3760 his
3047 3702 3226 3759 verbis
3256 3704 3421 3773 plane
3455 3701 3716 3771 explicate-

507 3811 613 3866 que
652 3804 964 3879 conceptam
994 3797 1047 3849 in
1076 3794 1271 3851 Tima’o
1298 3798 1658 3867 prosequitur.

1100 3886 1326 3943 CAPUT
1370 3887 1477 3942 VII.

672 3978 816 4044 Quid
851 3979 915 4033 de
946 3988 1169 4034 ueterum
1201 3979 1457 4049 theologia
1490 3979 1642 4033 Plato
1673 3980 1909 4033 senserit.

573 4137 684 4208 (98)
724 4155 742 4189 ι
771 4136 888 4192 Jam
926 4153 1053 4193 vero
1093 4138 1160 4194 de
1194 4138 1436 4205 exteris,
1479 4138 1675 4208 inquit,
1723 4139 2062 4195 daemonibus

500 4228 785 4293 disserere,
814 4236 908 4281 aut
940 4242 1130 4283 eorum
1164 4244 1326 4284 nosse
1351 4230 1806 4297 procreationem,
1841 4245 1948 4284 non
1980 4240 2063 4285 est

2696 3889 3090 3942 ΚΕΦΑΛΑΙΟΝ
3132 3890 3206 3943 Ζ’.

2176 3982 2364 4048 Ὅπως
2387 3984 2418 4035 ὀ
2440 3979 2687 4034 Πλάτων
2714 3977 3116 4108 περέδῖὲἱςέῑέἐρν
3140 3979 3413 4034 παλαιῶν
3437 3973 3717 4044 θεολογίας

2904 4076 2945 4108 ,κ
3092 4088 3104 4100 ,

2904 4076 3104 4113 'gugcr.

2241 4159 2257 4191 ι
2292 4141 2425 4210 Περί
2462 4139 2517 4192 δὲ
2545 4140 2651 4192 τῶν
2683 4139 2853 4193 ἄλλων
2897 4139 3165 4208 δαιμόνων
3195 4140 3389 4204 εἰπεῖν,
3423 4138 3514 4192 καὶ
3540 4133 3715 4205 γνῶναι

2167 4230 2264 4302 τὴν
2296 4230 2528 4299 γένεσιν,
2561 4228 2742 4301 μεῖζον
2776 4230 2808 4301 ἢ
2843 4230 2966 4283 καθ’
2988 4231 3135 4301 ἡμᾶς
3156 4250 3167 4262 ·
3200 4230 3516 4283 πιστευτέον
3541 4228 3593 4280 δὲ
3621 4226 3714 4283 τοῖς

501 4320 774 4376 facultatis
814 4321 1123 4391 viriumque
1166 4330 1494 4376 nostrarum.
1544 4320 1730 4391 Itaque
1768 4322 1926 4377 ﬁdem
1970 4323 2056 4389 iis,

2166 4323 2435 4393 εἰρηκόσιν
2485 4322 2809 4393 ἔμπροσθεν,
2850 4322 3102 4391 ἐκγόνοις
3137 4323 3233 4393 μὲν
3279 4321 3420 4375 θεῶν
3449 4317 3614 4384 οὖσιν,
3651 4315 3716 4375 ὡς

499 4413 591 4483 qui
626 4422 875 4467 naturam
910 4411 1125 4466 illorum
1164 4412 1276 4481 jam
1306 4412 1433 4466 olim
1465 4412 1833 4481 explicarunt,
1868 4412 2064 4468 habere

500 4522 603 4561 nos
634 4513 869 4575 oportet,
908 4505 1015 4575 76
1048 4504 1244 4574 quippe
1281 4505 1373 4574 qui
1406 4505 1634 4558 deorum
1679 4512 1901 4574 nepotes
1939 4520 2063 4559 cum

500 4597 725 4661 fuerint,
756 4604 814 4651 ut
850 4597 948 4667 ipsi
996 4596 1340 4660 confirmant,
1387 4610 1517 4650 suos
1558 4610 1777 4666 quoque
1832 4596 2065 4666 majores

500 4689 703 4759 optime
740 4686 1013 4742 noverint.
1055 4685 1121 4740 Et
1163 4702 1294 4741 sane
1328 4686 1446 4741 ﬁeri
1487 4686 1636 4740 nullo
1670 4686 1831 4741 modo
1868 4695 2064 4756 potest,

501 4791 561 4835 ut
587 4780 813 4836 deorum
850 4780 1034 4835 liberis
1077 4779 1210 4833 ﬁdes
1253 4789 1500 4850 negetur,
1534 4780 1586 4831 in
1632 4778 1698 4832 iis
1727 4779 1911 4844 etiam,
1946 4794 2066 4848 quae

500 4873 617 4929 sine
647 4872 754 4926 ulla
787 4869 1163 4926 verisimiliuin
1206 4878 1299 4923 aut
1327 4869 1758 4923 necessariarum
1785 4870 2065 4938 probatio-

501 4979 630 5017 num
653 4964 705 5017 vi
739 4972 902 5033 atque
927 4960 1251 5017 auctoritate
1280 4961 1497 5027 dicunt;
1527 4960 1622 5015 sed
1649 4960 1717 5015 iis
1746 4960 1927 5029 potius
1957 4968 2067 5013 tan-

499 5070 663 5126 quam
705 5056 998 5111 domestica
1050 5052 1428 5116 referentibus,
1470 5052 1926 5124 quemadmodum
1982 5053 2067 5108 lex

502 5149 620 5217 ipsa
652 5148 823 5218 jubet.
854 5148 1077 5204 omnino
1122 5146 1448 5201 credendum
1477 5156 1579 5202 est.
1626 5143 1839 5200 Maneat
1882 5146 2063 5216 igitur,

498 5254 673 5310 eoque
703 5240 862 5310 plane
890 5242 1051 5295 modo
1095 5246 1551 5295 commemoretur
1592 5255 1621 5293 a
1655 5239 1813 5293 nobis
1840 5239 2065 5293 deorum

500 5330 727 5385 istorum
770 5329 1081 5398 generatio,
1128 5344 1237 5401 quo
1293 5328 1437 5382 illam
1485 5329 1554 5383 ab
1613 5329 1803 5384 iisdem
1850 5329 2064 5399 accepi—

501 5437 642 5477 mus.
676 5419 752 5474 Ex
777 5419 943 5475 Terra
977 5423 1193 5492 quidem
1223 5437 1286 5476 ac
1311 5421 1461 5476 leo
1486 5419 1736 5475 Oceanus
1759 5419 2065 5490 Tethysque

499 5513 612 5569 nati
656 5521 812 5580 sunt;
865 5528 931 5566 ex
961 5513 1047 5568 his
1083 5529 1210 5569 vero
1241 5513 1519 5584 Phorcys,
1556 5511 1860 5576 Saturnus,
1890 5510 2061 5577 Rhea,

496 5618 563 5661 ac
584 5605 795 5670 caeteri,
838 5604 929 5675 qui
963 5605 1029 5659 ad
1065 5614 1171 5660 tres
1216 5606 1339 5661 illos
1376 5606 1655 5679 aggregari
1702 5605 1898 5659 solent.
1938 5603 2059 5659 Jam

2164 4413 2391 4481 ἔφασαν,
2424 4416 2609 4482 σαφῶς
2659 4412 2714 4465 δὲ
2757 4415 2883 4476 τοὺς
2935 4414 3139 4465 ἑαυτῶν
3183 4414 3483 4485 προγόνους
3523 4408 3712 4461 εἰδόσιν.

2177 4506 2456 4559 Ἀδύνατον
2485 4503 2578 4559 οὖν
2630 4504 2766 4558 θεῶν
2820 4506 3003 4558 παισὶν
3058 4507 3325 4569 ἀπιστεῖν,
3363 4506 3561 4573 καίπερ
3604 4500 3715 4553 ἄνευ

2165 4599 2387 4650 εἰκότων
2412 4597 2505 4650 καὶ
2533 4597 2843 4665 ἀναγκαίων
2876 4597 3200 4661 ἀποδείξεων
3224 4596 3497 4665 λέγουσιν,
3529 4591 3715 4652 ἀλλ’ὡς

2162 4689 2333 4740 οἰκεῖα
2381 4687 2689 4755 φασκόντων
2733 4687 3111 4755 ἀπαγγέλλειν,
3144 4687 3443 4758 ἑπομένους
3475 4684 3548 4755 τῷ
3586 4680 3716 4750 νόμῳ

2162 4776 2500 4835 πιστευτέον.
2533 4776 2718 4839 Οὑτως
2745 4772 2835 4829 οὖν
2870 4778 2989 4829 κατ’
3018 4776 3263 4839 ἐκείνους
3296 4778 3431 4847 ἡμῖν
3464 4778 3496 4846 ή
3526 4774 3714 4843 γένεσις

2165 4868 2292 4939 περὶ
2317 4866 2517 4921 τούτων
2542 4866 2648 4920 τῶν
2678 4866 2811 4920 θεῶν
2839 4867 3005 4938 ἐχέτω
3029 4869 3121 4921 καὶ
3141 4867 3405 4937 λεγέσθω,
3432 4868 3535 4938 Γῆς
3557 4881 3611 4917 τε
3632 4860 3714 4916 καὶ

2166 4957 2405 5030 Οὑρανοῦ
2436 4958 2621 5022 παῖδες
2645 4960 2889 5023 Ὠκεανὸς
2909 4962 2999 5014 καὶ
3030 4960 3209 5031 Τηθὺς
3250 4960 3567 5030 ἐγενέσθην·
3609 4953 3715 5007 τού·

2164 5069 2270 5103 των
2311 5050 2368 5103 δὲ
2399 5049 2625 5121 Φόρκυς,
2658 5051 2862 5122 Κρόνος
2910 5068 2969 5105 τε
3015 5051 3108 5104 καὶ
3144 5051 3286 5115 Ῥέα,
3312 5052 3411 5104 καί⁸
3449 5051 3561 5103 ὅσοι
3593 5043 3716 5118 μετά

2164 5141 2398 5194 τούτων’
2434 5143 2498 5194 ὲκ
2530 5141 2585 5193 δὲ
2614 5142 2819 5212 Κρόνου
2850 5160 2908 5195 τε
2944 5144 3037 5196 καὶ
3077 5142 3231 5206 Ῥέας
3271 5143 3601 5210 Ζεὺς,Ἥρα,
3634 5134 3715 5189 καὶ

2166 5233 2364 5296 πάντες
2399 5234 2554 5296 ὅσους
2584 5233 2739 5303 ἴσμεν
2772 5234 2977 5299 πάντας
3000 5233 3258 5304 ἀδελφοὺς
3284 5233 3611 5305 λεγομένους
3630 5227 3714 5283 αὑ·

2165 5325 2293 5389 τῶν,
2328 5324 2408 5378 ἔτι
2438 5342 2495 5378 τε
2525 5325 2726 5379 τούτων
2756 5327 3009 5396 ἐκγόνους
3052 5326 3261 5390 ἄλλους.
3293 5346 3312 5377 ι
3350 5325 3536 5379 Ταῦτά
3565 5336 3713 5392 φησιν

2164 5419 2192 5469 ὁ
2222 5416 2442 5472 Πλάτων
2484 5418 2767 5487 ἑπομένοις
2818 5417 2895 5489 τῷ
2928 5418 3075 5489 νόμῳ
3105 5418 3397 5472 πιστευτέα
3425 5414 3581 5481 εἶναι,
3607 5410 3712 5468 καί-

2166 5529 2271 5582 περ
2294 5512 2419 5565 ἄνευ
2459 5510 2681 5563 εἰκότων
2736 5512 2829 5565 κα)⁸
2860 5512 3169 5579 ἀναγκαίων
3210 5510 3539 5577 ἀποδείξειαν
3576 5506 3711 5576 είρῆ-

2167 5602 2287 5655 σθαι
2344 5601 2482 5655 αὑτὰ
2528 5601 2887 5673 ὁμολογήσας.
2941 5604 3270 5675 Προσεκτέον
3318 5602 3398 5666 δὲ,
3446 5602 3521 5665 ὡς
3575 5596 3710 5652 οὐδὲν

567 5718 678 5792 (98)
721 5717 819 5778 llic
850 5720 988 5777 idem
1025 5720 1176 5775 locus
1207 5720 1343 5777 infra
1370 5724 1645 5797 citabitur,
1685 5722 1779 5779 ubi
1810 5719 2055 5777 Platonis
2095 5734 2309 5779 errores
2344 5719 2589 5790 pluribus
2620 5728 3001 5794 exponentur.‘
