3948 6376
358 351 470 406 145

1516 341 1839 398 ΡΒᾹΞΡΑΒ.
1883 339 2137 395 EV'ANG.
2176 340 2311 396 LIB.
2352 338 2414 394 ιι.

3508 347 3610 401 Hii

355 466 502 537 ἔχειν
528 466 835 537 ἀπόρρητον
862 465 960 528 τὰς
982 464 1088 517 τῶν
1118 463 1252 517 θεῶν
1276 462 1338 535 δὴ
1360 461 1729 533 προσηγορίας
1750 478 1809 514 τε
1839 462 1933 514 καὶ

2043 460 2307 516 Saturnus
2352 476 2417 515 ex
2470 457 2616 512 Rhea
2667 458 2852 514 Jovem
2900 458 3280 531 Junonemque
3345 468 3609 534 suscepit,

352 559 698 627 γενεαλογίας
756 560 814 610 ὲν
861 557 1227 626 φυσιολογίαις
1282 555 1606 626 δηλούμενον
1653 556 1927 626 ἐμφαίνει.

351 648 519 714 Αὖθις
548 651 593 702 δ’
625 652 683 703 ὲν
714 650 921 721 ἑτέροις
950 651 978 701 ό
1004 649 1187 712 αὑτὸς,
1223 648 1319 719 τὴν
1352 649 1563 705 οἰκείαν
1603 648 1930 721 ἀπογυμνῶν

352 744 709 814 προαίρεσιν,
759 742 920 795 πάλιν
972 741 1182 804 τούτοις
1225 741 1488 812 κέχρηται
1537 744 1648 804 τοῖς
1699 743 1927 812 ῥήμασι·

358 854 375 884 ι
408 835 520 906 (99)
549 834 770 906 Πρῶτον
804 834 921 904 μὲν,
956 828 1022 903 ἦν
1054 832 1098 886 δ’
1125 831 1255 900 ἐγὼ,
1284 832 1346 885 τὸ
1381 832 1634 903 μέγιστον
1670 834 1761 886 καὶ
1806 833 1933 903 περὶ

348 926 460 978 τῶν
490 925 761 994 μεγίστων
782 923 975 993 ψεῦδος
996 925 1024 976 ὁ
1045 922 1211 975 εἰπὼν
1243 923 1304 975 οὑ
1330 924 1511 986 καλῶς
1536 922 1800 992 ἐψεύσατο
1818 941 1829 953 ·
1858 923 1932 987 ὡς

349 1014 598 1085 υὺρανός
648 1032 709 1067 τε
760 1015 1071 1085 εἰργάσατο,
1108 1013 1144 1068 ἀ
1177 1031 1309 1085 φησι
1340 1014 1534 1082 δρᾶσαι
1560 1015 1720 1069 αὑτὸν
1755 1015 1933 1068 Ἡσίο-

348 1105 463 1168 δος,
505 1106 534 1158 ὃ
577 1122 635 1157 τε
667 1101 733 1159 αὖ
768 1106 993 1176 Κρόνος,
1028 1105 1103 1169 ὼς
1135 1106 1512 1177 ἐτιμωρήσατο
1544 1107 1722 1161 αὑτόν.
1757 1108 1820 1159 Τί
1849 1109 1935 1163 δαὶ

348 1197 415 1266 δὴ
452 1198 525 1265 (l)
554 1196 623 1250 τά
651 1195 744 1250 τοῦ
778 1197 987 1268 Κρόνου
1014 1196 1151 1268 ἔργα
1181 1199 1272 1249 καὶ
1303 1198 1444 1267 πάθη
1474 1198 1578 1251 ὑπὸ
1615 1197 1709 1251 τοῦ
1738 1200 1887 1265 υίέος
1915 1217 1929 1266 ;

347 1288 545 1341 οὐδ’ἆν
569 1290 615 1341 εἰ
646 1283 713 1358 ἦν
741 1288 934 1359 ἀληθῆ,
970 1287 1125 1360 ᾤμην
1153 1288 1260 1341 δεῖν
1293 1289 1488 1359 ῥᾳδίως
1518 1289 1770 1359 λέγεσθαι
1796 1291 1936 1346 οὑτω

352 1377 493 1447 πρὸς
528 1378 770 1449 ἄφρονάς
796 1395 853 1431 τε
887 1376 981 1431 καὶ
1014 1379 1167 1442 νέους
1187 1396 1200 1408 °
1231 1379 1366 1433 ἀλλὰ
1396 1381 1628 1452 μάλιστα
1660 1382 1755 1452 μὲν
1786 1384 1938 1452 σιγᾶ-

351 1468 514 1520 σθαι·
571 1472 618 1523 εί
669 1470 712 1523 δ’
742 1470 954 1540 ἀνάγκη
1006 1487 1091 1533 τις
1141 1464 1209 1541 ἦν
1257 1470 1453 1540 λέγειν,
1511 1472 1579 1524 δι’
1612 1473 1937 1545 ἀπορρήτων

348 1562 575 1616 ἀκούειν
603 1562 681 1626 ὡς
708 1562 1029 1631 ὀλιγίστους,
1055 1562 1395 1633 θυσαμένους
1418 1565 1478 1616 οὑ
1506 1567 1703 1636 χοῖρον,
1733 1566 1865 1621 ἀλλά
1885 1585 1938 1619 τι

351 1656 498 1725 μέγα
522 1656 614 1709 καὶ
635 1655 941 1727 ἀπόρρητον
964 1654 1065 1725 (1⁸)
1097 1644 1263 1726 θῦμα,
1282 1657 1426 1721 ὅπως
1450 1658 1514 1711 ἂν
1546 1658 1845 1729 ἐλαχίστοις
1862 1662 1936 1731 (2)

350 1746 554 1815 συνέϐη
600 1744 849 1798 ἀκοῦσαι.
884 1744 992 1798 Καὶ
1020 1744 1151 1815 γὰρ,
1184 1740 1265 1816 ἧδ’
1298 1746 1355 1810 ὃς
1386 1747 1485 1816 (5),
1535 1743 1680 1803 οὗτοι
1711 1751 1760 1803 οἱ
1790 1750 1935 1819 λόγοι

346 1841 415 1910 δὴ
446 1839 691 1910 χαλεποί.
730 1839 840 1891 Καὶ
867 1840 928 1892 οὑ
964 1839 1171 1893 λεκτέοι
1206 1840 1281 1911 (4)
1311 1858 1395 1909 γε,
1431 1836 1475 1895 ὦ
1511 1843 1841 1915 ’Λδείμαντε,
1874 1848 1934 1899 ὲν
1968 1824 2008 1877 Β

347 1935 419 2003 τῇ
463 1932 708 2003 ἡμετέρᾳ
753 1930 936 1984 πόλει·
968 1932 1089 1985 οὑδὲ
1118 1932 1293 1986 δοτέον
1323 1932 1398 2004 (5)
1431 1934 1534 2005 νέῳ
1562 1936 1830 2001 ἀκούοντι,
1859 1937 1934 2001 ὡς

346 2023 554 2075 ἀδικῶν
572 2024 642 2076 τὰ
660 2023 859 2091 ἔσχατά
874 2040 957 2091 γε,
976 2023 1082 2076 οὐδ’
1104 2023 1202 2093 (5⁹)
1235 2023 1299 2077 ἂν
1330 2022 1637 2095 θαυμαστὸν
1668 2031 1811 2080 ποιοῖ
1835 2027 1931 2099 (6),

349 2114 463 2166 οὔδ’
499 2110 567 2167 αὖ
620 2113 903 2169 ἀδικοῦντα
950 2114 1162 2186 πατέρα
1210 2116 1449 2181 κολάζων
1505 2118 1668 2172 παντὶ
1714 2120 1929 2191 τρόπῳ·

347 2202 489 2255 ἀλλά
531 2202 675 2273 δρῴη
726 2202 811 2266 ἂν,
841 2204 976 2273 ὅπερ
1021 2201 1158 2254 θεῶν
1205 2205 1275 2255 οίη
1303 2203 1510 2273 πρῶτοί
1538 2221 1597 2257 τε
1634 2205 1728 2258 καὶ
1773 2204 1933 2275 μέγι-

351 2309 473 2344 στοι
507 2292 742 2362 (7).Οὑδὲ
766 2291 913 2361 αύτῷ
942 2308 1031 2362 μοι
1056 2291 1206 2345 δοκεῖ
1248 2292 1523 2365 ἐπιτήδεια
1557 2291 1696 2347 εἶναι
1734 2294 1931 2363 λέγειν.

350 2380 490 2434 osse
515 2396 598 2448 γε,
628 2376 694 2451 ἦν
728 2380 771 2434 δ’
806 2378 935 2448 ἐγὼ,
969 2379 1031 2432 τὸ
1068 2383 1347 2454 παράπαν,
1376 2383 1450 2447 ῶς
1475 2383 1585 2436 θεοὶ
1611 2384 1750 2448 θεοῖς
1778 2385 1938 2437 πολε-

356 2470 543 2541 μοῦσι,
570 2474 664 2523 καὶ
692 2470 1132 2535 ἐπιϐουλεύουσι,
1185 2474 1279 2527 καὶ
1311 2473 1573 2545 μάχονται
1596 2491 1607 2501 ”
1658 2474 1779 2527 οὔτε
1827 2475 1935 2548 γὰρ

352 2564 556 2635 ἀληθῆ,
578 2566 714 2634 εἴγε
741 2566 821 2618 δεῖ
846 2567 975 2635 ἡμῖν
1004 2567 1132 2631 τοὺς
1156 2566 1445 2637 μέλλοντας
1471 2567 1569 2639 τὴν
1591 2567 1742 2621 πόλιν
1770 2568 1937 2637 φυλά-

355 2656 492 2721 ξειν,
524 2656 800 2727 αἴσχιστον
822 2658 1062 2727 νομίζειν
1091 2658 1151 2711 τὸ
1184 2658 1378 2730 ῥᾳδίως
1417 2658 1668 2731 ἀλλήλοις
1697 2659 1937 2731 ἀπεχθά-

352 2747 571 2800 νεσθαιο
606 2747 799 2801 πολλσῦ
829 2748 909 2802 δεῖ
947 2749 1374 2821 γιγαντομαχίας
1426 2750 1815 2823 μυθολογητέον
1840 2754 1938 2805 αὐ·-

352 2844 493 2903 τοῖς,
536 2842 631 2893 καὶ
671 2841 919 2905 ποικίλας
958 2842 1158 2915 ἔχθρας
1192 2844 1284 2896 καὶ
1313 2843 1661 2908 παντοδαπὰς
1690 2844 1827 2899 θεῶν
1875 2862 1935 2896 τε

357 2935 454 2985 καὶ
488 2932 681 3003 ἡρώων
735 2934 869 3004 πρὸς
925 2938 1203 3003 συγγενεῖς
1233 2953 1292 2987 τε
1338 2936 1432 2988 καὶ
1473 2936 1703 2999 οἰκείους
1736 2935 1933 2988 αὑτῶν,

374 3025 517 3077 Ἀλλ’
552 3024 604 3077 εἴ
634 3043 748 3088 πως
776 3026 1062 3096 μέλλοιμεν
1093 3027 1330 3089 πείσειν,
1370 3026 1446 3089 ὼς
1492 3028 1668 3091 οὐδεὶς
1717 3025 1935 3081 πώποτε

362 3117 590 3189 πολίτης
618 3117 804 3188 ἕτερος
834 3118 1004 3189 ἑτέρῳ
1021 3118 1317 3189 ἀπήχθετο,
1340 3119 1449 3171 οὐδ’
1481 3118 1560 3171 ἐτι
1590 3118 1744 3173 τοῦτο
1767 3120 1933 3186 ὅσιον,

2035 566 2157 605 cum
2184 550 2409 620 reliquis
2436 551 2711 616 omnibus,
2741 566 2881 621 quos
2909 552 3193 607 amborum
3223 552 3423 611 fratres
3451 558 3613 627 vulgo

2034 644 2308 698 recenseri
2352 643 2639 708 novimus;
2686 644 2868 712 itaque
2897 642 3152 714 deinceps
3190 645 3385 716 reliqui
3416 662 3610 703 eorum

2033 734 2237 805 posteri
2274 745 2650 790 numerantur.
2682 753 2700 786 ι
2755 734 2881 790 Hzec
2924 745 3074 800 sunt,
3118 737 3316 807 quibus
3342 738 3499 793 Plato
3546 757 3611 793 ev

2036 827 2250 897 placitis
2317 828 2661 899 decretisque
2727 828 2907 899 legum
2961 828 3120 883 ﬁdem
3182 831 3383 887 habere
3430 833 3605 901 jubet,

2038 919 2253 974 tametsi
2293 935 2356 974 ea
2398 920 2563 975 nullis
2602 929 2696 977 aut
2738 922 3169 975 necessariorum
3217 932 3310 977 aut
3348 925 3607 994 prohahi-

2036 1011 2167 1065 lium
2200 1022 2641 1079 argumentorum
2670 1014 2959 1069 momentis
2988 1014 3087 1067 niti
3126 1013 3376 1069 fateatur.
3416 1015 3471 1069 In
3500 1032 3608 1085 quo

2039 1103 2336 1158 notandum
2386 1103 2516 1157 illud
2554 1104 2609 1159 in
2646 1106 2862 1174 primis,
2905 1107 3049 1177 quod
3092 1106 3223 1160 nihil
3269 1107 3494 1160 omnino
3527 1124 3610 1161 re-

2036 1193 2238 1249 conditi
2289 1194 2341 1248 in
2387 1194 2487 1249 ista
2532 1195 2873 1265 egregiorum
2913 1196 3202 1250 numinum
3243 1197 3327 1252 vel
3370 1197 3609 1265 appella-

2034 1285 2202 1351 tione,
2238 1284 2321 1339 vel
2363 1286 2577 1355 generis
2616 1287 2755 1340 serie
2795 1288 3083 1354 contineri,
3137 1287 3281 1358 quod
3328 1288 3607 1359 physiolo—

2036 1377 2137 1449 giae
2170 1378 2468 1432 rationibus
2500 1377 2821 1446 explicetur,
2852 1380 3054 1435 diserte
3084 1381 3424 1449 pronuntiat.
3461 1379 3606 1435 Idem

2038 1484 2167 1524 vero
2205 1470 2333 1523 alibi
2373 1485 2525 1524 suam
2562 1470 2677 1539 ipse
2716 1479 2953 1525 mentem
2995 1472 3229 1541 ingenue
3272 1470 3611 1542 candideque

2040 1560 2307 1630 aperiens,
2343 1560 2417 1614 ita
2462 1561 2704 1632 loquitur
2747 1580 2809 1616 ιι
2841 1561 2978 1616 Tum
3007 1577 3128 1633 ego,
3174 1563 3227 1616 in
3270 1563 3482 1633 primis,
3528 1563 3610 1617 in-

2039 1668 2224 1721 quam,
2271 1654 2566 1708 maximum
2618 1653 2749 1708 illud
2793 1669 2858 1708 ac
2896 1655 2962 1709 de
2992 1655 3245 1709 maximis
3274 1654 3437 1710 rebus
3464 1670 3611 1709 meno

2040 1746 2253 1801 dacium
2292 1747 2384 1817 qui
2415 1747 2645 1817 protulit
2682 1746 2971 1814 Hesiodus,
3005 1763 3112 1802 non
3154 1748 3287 1803 satis
3318 1748 3611 1817 prudenter

2038 1838 2298 1892 mentitus
2326 1848 2429 1903 est,
2465 1838 2577 1894 sive
2599 1839 2727 1895 dum
2760 1855 2846 1902 ea,
2879 1855 3000 1907 quae
3030 1840 3487 1906 comminiscitur,
3524 1840 3608 1895 fa-
3653 1890 3666 1908 ,

2040 1928 2225 1983 cinora
2246 1928 2397 1989 leo
2419 1929 2625 1994 tribuit,
2657 1929 2770 1986 sive
2792 1930 2919 1985 dum
2955 1946 3092 2002 quas
3117 1930 3387 1987 Saturnus
3415 1933 3483 1987 de
3511 1932 3603 1985 illo

2040 2031 2231 2087 pmnas
2266 2022 2604 2091 expetiverit,
2650 2033 3061 2081 commemorat.
3099 2023 3231 2079 Nam
3278 2040 3399 2094 qua:
3428 2023 3610 2079 Satur-

2042 2127 2143 2165 nus
2183 2112 2321 2166 idem
2369 2114 2452 2168 vel
2491 2124 2834 2185 perpetrasse
2879 2116 3100 2182 dicitur,
3139 2118 3223 2171 vel
3268 2133 3297 2171 a
3338 2117 3448 2170 ﬁlio
3494 2132 3612 2185 pcr-

2042 2204 2253 2270 tulisse,
2298 2220 2361 2260 ea
2402 2221 2472 2260 ne
2505 2206 2549 2261 si
2576 2222 2702 2261 vera
2747 2207 2965 2276 quidem
3017 2216 3221 2275 essent,
3255 2217 3433 2263 tamen
3468 2207 3610 2277 apud

2042 2296 2291 2351 homines
2340 2297 2543 2351 nullius
2593 2298 2806 2353 consilii
2852 2313 3055 2369 eosque
3109 2299 3497 2359 adolescentes,
3554 2307 3611 2352 ut

2041 2387 2200 2443 facile
2239 2389 2375 2443 adeo
2407 2397 2717 2458 temereque
2756 2389 3112 2459 jactarentur,
3150 2404 3259 2444 non
3302 2390 3609 2459 probarem,

2043 2479 2136 2534 sed
2159 2480 2357 2550 potius,
2379 2489 2473 2535 aut
2494 2487 2555 2534 ut
2571 2479 2795 2535 omnino
2822 2480 3107 2534 silerentur
3133 2484 3368 2536 maxime
3388 2483 3610 2548 vellem;

2043 2578 2136 2623 aut
2180 2569 2225 2624 si
2270 2569 2490 2638 quando
2542 2567 2634 2622 illa
2676 2567 2910 2638 proferri
2960 2582 3181 2623 necesse
3227 2576 3394 2633 esset,
3423 2567 3611 2621 saltem

2042 2670 2101 2714 ut
2138 2669 2349 2716 secreto
2380 2669 2544 2731 atque
2583 2675 2612 2715 a
2644 2660 2834 2730 paucis
2873 2659 3212 2723 audirentur,
3241 2659 3332 2729 qui
3371 2674 3477 2713 non
3498 2659 3613 2728 jam

2041 2766 2288 2821 porcum,
2323 2751 2415 2805 sed
2446 2749 2702 2804 eximiam
2734 2749 2969 2819 aliquam
3015 2763 3306 2818 raramque
3336 2748 3612 2803 victimam

2043 2842 2436 2909 sacrificarent,
2479 2850 2540 2897 ut
2589 2842 2693 2895 hoc
2733 2849 2893 2911 pacto
2936 2855 3045 2894 non
3101 2840 3205 2894 nisi
3251 2839 3614 2909 paucissimos

2043 2934 2312 3005 ejusmodi
2352 2933 2697 2991 sermonibus
2739 2933 3003 2989 interesse
3046 2933 3402 3004 contingeret.
3448 2933 3611 2996 Sane,

2042 3022 2219 3093 inquit
2264 3024 2370 3089 ille,
2410 3038 2602 3095 graves
2640 3023 2784 3078 enim
2832 3039 2895 3078 ac
2924 3023 3242 3093 perniciosae
3270 3023 3465 3079 fabulae
3498 3024 3615 3078 ista:

2043 3126 2191 3172 sunt.
2244 3114 2378 3180 lmo,
2436 3131 2537 3170 nec
2596 3114 2866 3169 ullatenus
2917 3116 3185 3185 (inquam,
3229 3129 3264 3169 ο
3308 3116 3614 3187 Adimante)
3706 3182 3709 3195 ι

359 3206 587 3260 τοιαῦτα
639 3207 835 3279 μᾶλλον
872 3208 1065 3262 λεκτέα
1116 3209 1251 3283 πρὸς
1277 3208 1345 3262 τὰ
1386 3210 1571 3264 παιδία
1615 3211 1795 3275 εὐθὺς,
1843 3214 1935 3267 καὶ

2043 3216 2227 3262 nostra
2257 3207 2313 3260 in
2342 3205 2618 3277 republica
2654 3183 2952 3261 audiendas.
2994 3204 3103 3261 Nec
3129 3208 3274 3261 enim
3308 3183 3613 3273 ferendum,

362 3301 585 3372 γέρουσι
606 3302 700 3353 καὶ
727 3302 929 3373 γραυσί
958 3303 1052 3355 καὶ
1084 3302 1474 3374 πρεσϐυτέροις
1500 3303 1939 3374 γενομένοις,καὶ

357 3393 488 3453 τοὺς
514 3392 743 3463 ποιητὰς
769 3393 935 3462 ἐγγὺς
963 3393 1166 3447 τούτων
1205 3394 1576 3462 ἀναγκαστέον
1615 3395 1935 3464 λογοποιεῖν.

364 3482 437 3534 'H
447 3499 544 3550 ρας
568 3483 622 3535 δὲ
649 3483 879 3554 δεσμοὺς
908 3484 1011 3538 ὑπὸ
1032 3486 1153 3549 Διὸς
1173 3486 1268 3557 (8),
1304 3488 1398 3540 καὶ
1434 3486 1726 3555 Ἡφαίστου
1765 3487 1950 3561 ῥίψεις

364 3573 471 3625 ὑπὸ
496 3575 701 3646 πατρὸς
736 3575 1021 3645 μέλλοντος
1052 3581 1120 3649 τῇ
1164 3580 1329 3650 μητρὶ
1352 3578 1660 3650 τυπτομένῃ
1689 3578 1936 3650 ἀμύνειν,

362 3668 459 3721 καὶ
481 3667 795 3740 θεομαχίας,
820 3671 949 3735 ὅσας
990 3672 1229 3744 Ὅμηρος
1263 3673 1578 3744 πεποίηκεν,
1621 3674 1681 3726 οὑ
1708 3674 1942 3747 παραδε-

361 3760 520 3813 κτέον
543 3762 622 3823 είς
648 3760 746 3830 τὴν
774 3761 945 3827 πόλιν,
976 3762 1085 3815 οὔτ’
1137 3766 1193 3816 ἐν
1227 3765 1502 3828 ὑπονοίαις
1544 3767 1936 3837 πεποιημένας,

361 3852 475 3905 οὔτ’
522 3852 652 3906 ἄνευ
686 3852 950 3907 ὑπονοιῶν
980 3854 1077 3924 (9).
1120 3874 1137 3907 ι
1205 3855 1397 3924 Σαφῶς
1439 3855 1501 3927 δὴ
1547 3857 1634 3910 διὰ
1663 3857 1864 3910 τούτων
1911 3859 1939 3910 ὁ

361 3945 653 4014 φιλόσοφος
694 3946 788 3999 καὶ
827 3946 954 4008 τοὺς
992 3946 1099 3999 τῶν
1142 3947 1384 4001 παλαιῶν
1419 3947 1614 4018 μύθους
1644 3949 1767 4012 τοὺς
1813 3948 1939 4021 περὶ

363 4034 527 4099 θεῶν,
558 4037 649 4089 καὶ
683 4036 780 4103 τάς
806 4039 912 4091 τῶν
943 4037 1127 4109 μύθων
1159 4040 1215 4091 ἐν
1255 4039 1529 4102 ὑπονοίαις
1560 4039 1813 4110 εἰρῆσθαι
1853 4058 1939 4093 νο·-

363 4126 665 4196 μιζομένας
686 4127 1029 4197 φυσιολογίας
1068 4128 1438 4199 παραιτητέας
1479 4125 1617 4181 εἶναι
1660 4129 1933 4184 διδάσκει·

360 4218 441 4279 ὡς
464 4218 656 4288 μηκέτ’
688 4219 897 4288 ἀλόγως
925 4221 1054 4291 ἡμῖν
1087 4221 1181 4273 καὶ
1203 4219 1302 4291 τὴν
1336 4222 1398 4271 ὲκ
1430 4217 1633 4272 τούτων
1656 4219 1939 4291 ἀναχώρη-

364 4326 451 4362 σιν
472 4312 574 4382 τὴν
606 4311 701 4364 τοῦ
732 4314 981 4384 Σωτῆρος
1011 4312 1167 4385 ἡμῶν
1198 4312 1643 4382 εὐαγγελίζεσθαι
1686 4312 1940 4367 διδασκα-

362 4402 505 4465 λίαν,
530 4404 690 4456 ὁπότε
718 4407 812 4458 καὶ
837 4406 972 4476 πρὸς
989 4405 1097 4460 τῶν
1120 4406 1333 4460 οἰκείων
1368 4405 1752 4479 ἀποϐέϐληται.
1776 4407 1936 4462 Ὅθεν

2044 3307 2103 3352 ιιι
2139 3298 2337 3367 juvene
2370 3298 2555 3367 aliquo
2588 3307 2852 3367 przesente
2885 3298 3116 3360 dicatur,
3143 3298 3226 3352 vel
3259 3299 3354 3368 qui
3399 3298 3614 3353 teterri-

2040 3389 2145 3443 mis
2178 3388 2488 3458 quibusque
2522 3387 2819 3443 sceleribus
2856 3388 3096 3458 seipsum
3136 3387 3480 3458 obstringat,
3529 3388 3620 3443 vel.

2040 3484 2134 3554 qui
2191 3494 2440 3554 acceptas
2503 3499 2532 3537 a
2589 3494 2742 3553 patre
2813 3484 3043 3551 injurias
3110 3482 3288 3537 modis
3355 3482 3614 3538 omnibus

2041 3578 2358 3645 ulciscatur,
2389 3592 2513 3632 eum
2554 3577 2691 3632 nihil
2725 3577 3015 3632 admodum
3052 3576 3338 3631 insolentis
3384 3591 3447 3630 ac
3484 3577 3627 3630 novi.

2040 3679 2351 3739 perpetrare
2394 3713 2408 3739 ,
2453 3686 2576 3726 cum
2619 3688 2681 3726 ea
2712 3680 2923 3733 tantum
2980 3669 3177 3735 faciat,
3230 3685 3350 3739 quae
3397 3685 3427 3722 a
3468 3669 3614 3737 prin-

2041 3759 2253 3830 cipibus
2305 3763 2670 3833 maximisque
2734 3764 2965 3819 deorum
3027 3759 3169 3815 facta
3216 3776 3335 3816 esse
3379 3768 3609 3815 constet.

2041 3851 2177 3906 Tum
2226 3852 2356 3909 ille:
2394 3853 2659 3924 Equidem
2714 3855 2815 3909 ista
2858 3868 3076 3923 quoque
3121 3866 3344 3923 prorsus
3396 3851 3611 3921 indigna

2040 3960 2255 4009 censeo,
2285 3961 2407 4015 quae
2434 3946 2716 4001 hominum
2744 3946 2968 4001 auribus
2993 3946 3332 4001 occinantur.
3371 3943 3475 4013 77
3501 3940 3621 4012 Ego

2038 4056 2189 4107 vero,
2218 4043 2324 4097 Nec
2357 4041 2520 4105 illud,
2556 4042 2802 4113 inquam,
2832 4042 2942 4096 ullo
2986 4040 3148 4095 modo
3190 4038 3331 4093 ferre
3369 4052 3612 4107 possum,

2039 4143 2100 4187 ut
2145 4143 2333 4187 mutua
2374 4134 2602 4188 deorum
2642 4133 2817 4197 bella,
2865 4133 3107 4195 insidiae,
3144 4130 3436 4201 praeliaque
3487 4145 3613 4183 nar-

2039 4234 2245 4291 rentur,
2274 4240 2396 4281 cum
2427 4227 2479 4282 id
2505 4243 2691 4283 verum
2718 4243 2838 4283 esse
2870 4234 3122 4295 nequeat,
3141 4225 3186 4279 si
3215 4225 3376 4278 modo
3393 4223 3612 4293 quise:-

2037 4317 2270 4372 vandam
2322 4319 2844 4389 custodiendamque
2880 4316 3269 4387 rempublicam
3304 4315 3611 4384 suscepturi

2040 4421 2187 4475 sunt,
2232 4424 2326 4464 eos
2368 4419 2588 4465 mutuas
2640 4410 2936 4480 facilesque
2971 4408 3200 4462 nimium
3244 4406 3612 4462 dissensiones

364 4493 540 4546 ἔπεισί
578 4511 668 4566 μοι
698 4496 790 4549 καὶ
821 4498 948 4561 τοὺς
982 4498 1239 4562 παλαιοὺς
1272 4498 1379 4551 τῶν
1414 4498 1696 4569 Ῥωμαίων
1730 4498 1935 4569 θαυμά-

2043 4513 2298 4575 tanquam
2370 4503 2696 4559 ftedissimas
2749 4502 2953 4557 habere
3021 4499 3310 4568 oportebit.
3378 4496 3611 4552 Tantum

442 4632 553 4701 (99)
596 4631 773 4703 Locus
800 4642 884 4687 est
909 4647 972 4685 ex
1001 4648 1037 4685 ιι
1067 4632 1142 4686 De
1165 4632 1389 4700 republ.,
1424 4648 1479 4703 p.
1507 4632 1631 4687 429.

439 4703 515 4772 (1)
562 4703 621 4755 Τί
651 4701 745 4755 δαὶ
780 4702 875 4766 δή.
918 4702 1091 4766 Plato,
1129 4703 1208 4755 Τὰ
1235 4703 1292 4755 δὲ
1328 4701 1660 4773 δήίηιειίιιδ.

439 4773 539 4841 (ι’)
591 4772 972 4841 Ἀπόρῤητον.
1012 4772 1093 4826 Pl.
1127 4785 1181 4828 et
1213 4788 1340 4834 ms.,
1392 4773 1614 4843 ἄπορον,
1669 4782 1831 4835 recte,
1880 4775 1935 4828 ni

308 4913 314 4916 .
372 4842 546 4906 fallor,
596 4844 647 4896 id
694 4855 798 4907 est,
828 4860 1011 4896 raram
1053 4845 1317 4898 victimam
1353 4842 1648 4916 paratuque
1689 4845 1937 4913 di/ﬁcilli-

372 4930 509 4965 mam
530 4930 546 4977 ;
566 4930 631 4966 ex
661 4929 771 4983 quo
802 4916 963 4967 etiam
995 4917 1200 4984 optime
1232 4914 1496 4984 sequitur,
1519 4929 1722 4983 paucos
1746 4915 1937 4969 admo-

370 4987 497 5037 dum
530 4984 631 5037 hoc
666 4985 936 5054 sermonis
966 4983 1136 5054 genus
1173 4983 1474 5038 audituros.

443 5053 519 5120 (2)
562 5054 751 5124 Ὅπως
774 5052 851 5106 ἂν
878 5052 1047 5122 ὲλᾱχ.
1090 5054 1301 5117 Melius,
1346 5069 1508 5124 quam
1553 5062 1614 5109 ut
1655 5053 1762 5119 PL,
1816 5055 1843 5108 ὅ
1883 5074 1936 5108 τι

369 5126 516 5245 ὄπιοὲ
546 5123 624 5243 ei.
668 5122 832 5178 Forte
875 5128 1189 5195 scripserat,
1223 5122 1380 5189 ὅπως
1407 5124 1474 5178 ἂν
1507 5125 1590 5178 ὅτι
1636 5124 1937 5195 ἐλαχίστοις

374 5212 484 5245 συιι
518 5212 552 5245 α
578 5212 633 5245 'n.

374 5212 436 5247 συ
445 5212 633 5247 unum.

440 5212 684 5338 ἓῗαεέίδῖ
729 5264 818 5330 ὅς.
882 5265 959 5338 Ita
1009 5264 1356 5338 reposuimus
1404 5282 1471 5320 ex
1518 5264 1654 5320 Plat.
1708 5282 1805 5333 pro
1849 5261 1933 5338 ἧδ’

370 5335 513 5395 ᾶσον,
544 5335 687 5401 quod
714 5337 1002 5404 perspicue
1034 5335 1353 5390 mendosum
1389 5346 1524 5391 erat.

428 5404 501 5475 (αἱ)
535 5405 645 5457 Καὶ
658 5408 730 5459 οὐ
740 5409 869 5462 lex.
886 5406 961 5460 Ita
975 5418 1119 5461 recte
1137 5406 1778 5475 distinguitPl.Loquitur
1791 5408 1933 5460 enim

374 5474 640 5561 Socra'tes.
671 5476 782 5529 lmo
823 5478 986 5543 c‘tiam
1031 5478 1174 5547 apud
1223 5474 1360 5532 Plat.
1405 5474 1766 5545 interponitur
1798 5477 1934 5549 ἔφην

374 5557 496 5598 ante
519 5564 566 5598 ω
603 5546 808 5599 ’Δδείυη

374 5557 496 5598 ante
519 5546 566 5598 ὦ
603 5546 808 5600 ’Δδείυη

448 5564 496 5598 te
519 5564 566 5598 ω
618 5564 742 5599 Αοει
795 5586 808 5600 .

443 5616 516 5739 (3)
558 5564 790 5673 Aoréo:
831 5616 936 5684 PL,
957 5619 1194 5680 λεκτέον,
1218 5617 1359 5685 quod
1391 5615 1600 5671 facilius
1621 5626 1723 5681 est,
1751 5627 1937 5672 tamet-

498 5687 618 5739 τέον
642 5690 846 5739 outimo
876 5705 1036 5739 sensu
1072 5689 1176 5739 diei
1204 5688 1457 5739 uoluerit.

368 5687 415 5741 si
443 5687 618 5739 δοτέον
642 5690 846 5757 optimo
876 5705 1036 5747 sensu
1072 5689 1176 5742 dici
1204 5688 1457 5757 potuerit.

443 5707 618 5739 οοτεον
642 5707 675 5741 (ι
715 5707 846 5748 timo
876 5707 1036 5747 sensu
1072 5707 1176 5742 utet
1204 5707 1272 5757 po

442 5757 499 5833 (Er
522 5759 541 5824 )
562 5707 742 5833 μίγδ’.
782 5756 1090 5833 Fortego'bx.
1116 5758 1275 5833 Eutr.

445 5829 516 5897 ιδ,
560 5826 681 5882 iizec
727 5830 864 5899 apud
906 5831 1040 5886 Plat.
1086 5830 1166 5885 sic
1213 5830 1482 5901 leguntur,
1512 5831 1584 5895 ὡς
1618 5828 1814 5882 ἀδικῶν
1864 5828 1933 5882 τὰ

2038 4640 2259 4713 ἔσχατα,
2287 4641 2440 4696 οὑδὲν
2465 4639 2532 4694 ἂν
2556 4639 2867 4711 θαυμαστὸν
2894 4638 3057 4701 ποιοῖ,
3086 4651 3207 4708 qua:
3238 4635 3397 4693 lectio
3424 4635 3615 4706 purior

2039 4714 2270 4767 videtur.

2112 4784 2213 4854 (7)_
2230 4784 2356 4837 Post
2392 4783 2635 4854 μέγιστοι
2657 4779 2820 4854 Plato
2875 4780 2947 4833 ita
3004 4777 3235 4834 scribit:
3271 4779 3345 4830 Οὑ
3394 4776 3469 4845 μὰ
3524 4776 3615 4827 τὸν

2039 4849 2267 4924 Δία,’ἦδ’
2299 4849 2516 4924 ὃς,ὀὺδ“
2543 4850 2692 4924 αὑτῷ
2723 4868 2832 4924 μοι,
2868 4861 2975 4924 et_c._.

2109 4922 2182 4993 (8)
2211 4916 2365 4977 "rx-:5
2391 4922 2543 4987 Διός.
2585 4916 2690 4985 Ριζ,
2886 4920 3053 4993 uit-ioc.-
3114 4916 3327 4988 Jupiter
3363 4916 3615 4987 quidem,

2040 4991 2205 5051 Iliad.
2235 4994 2300 5058 0,
2326 4993 2412 5049 sui
2442 5001 2649 5045 tantum
2683 4991 2961 5045 meminit:

2076 5102 2091 5117 .
2114 5102 2127 5115 .
2151 5104 2163 5116 .
2206 5056 2345 5132 Περὶ
2364 5061 2535 5132 χερσὶ
2552 5062 2781 5130 δεσμὸν
2799 5060 2940 5132 ἴηλα
2957 5060 3236 5132 χρύσερςιζ-
3252 5056 3570 5124 ἆρῥηκτον.

2037 5132 2201 5257 Forte
2226 5127 2298 5189 aii
2329 5127 2550 5186 vulcani
2605 5127 2824 5203 quoque
2849 5127 3104 5185 Jun—onis
3146 5127 3241 5181 filii
3284 5141 3446 5196 opera
3478 5143 3609 5182 usus

2063 5213 2223 5257 uertt.

2063 5205 2223 5259 uerit.

2110 5275 2184 5345 (9)
2227 5277 2408 5329 ’Ἄνευ
2432 5272 2751 5345 ὑπονοιῶν,
2793 5269 3078 5345 Rationem
3114 5266 3609 5345 subjungitPlato,

2038 5335 2239 5400 sumini
2278 5344 2609 5414 philosophi_
2629 5343 2957 5414 cogitatione
2983 5335 3356 5414 dignissimam
3385 5337 3474 5391 :'O
3502 5335 3611 5414 γὰρ

2037 5415 2176 5478 νέος,
2206 5406 2403 5482 induit.
2431 5406 2529 5483 οίά
2555 5408 2665 5483 οἷός
2708 5406 2770 5483 ξε
2802 5412 3005 5483 κρίγειγ
3028 5406 3134 5483 ὅςτί
3162 5425 3220 5483 τε
3252 5407 3495 5483 ὑπόνοξτξιε
3517 5406 3612 5458 καὶ

2036 5487 2063 5539 ὃ
2240 5476 2354 5556 air
2382 5484 2418 5538 ὃ.
2440 5476 2853 5556 ἀν’τηλικοῦτος
2881 5479 2955 5534 ὣν
2989 5479 3128 5556 λάϐῃ
3153 5482 3216 5556 έν
3245 5481 3371 5556 ταῖς
3394 5476 3607 5556 Αδόξξς.

2389 5536 2469 5606 ’τε
2517 5536 2607 5607 καί
2653 5536 3002 5622 ἀμετάστατα
3036 5536 3175 5618 φιλεῖ
3200 5536 3609 5622 γίγνεσθαιξῖίξν

2036 5626 2098 5697 δὴ
2132 5627 2225 5678 καὶ
2261 5626 2390 5689 ἴσως
2434 5625 2615 5697 ἕνεκα,
2653 5615 2780 5693 περὶ
2813 5622 3010 5697 παντὸς
3049 5615 3319 5697 ποιητέον,
3354 5615 3609 5697 ἀπρῶτα

2035 5688 2340 5758 ἁκούουσιν,
2367 5688 2447 5749 ὅτι
2486 5688 2743 5747 κάλλιστα
2776 5688 3259 5764 μεμυθολογημένα
3317 5688 3451 5761 πρὸς
3478 5688 3613 5759 ἀρευ

2034 5768 2132 5838 τὴν
2163 5767 2395 5820 ἀκούειν.
