3948 6376
278 362 380 418 147

912 365 1181 422 EUSEBll
1222 368 1699 425 CIESARIEASIS
1738 368 1888 425 OPP.
1931 367 2114 424 PARS
2154 366 2215 423 ll.
2258 395 2327 408 -—
2363 362 2869 426 APULOGETICA.
3436 376 3532 432 HS

271 479 448 539 abest.
479 487 538 532 ut
570 477 637 534 iis
673 487 765 534 aut
815 479 1094 551 gigantum
1134 498 1342 554 pugnas
1373 485 1658 554 multiplici
1700 485 1823 540 fabu

1953 487 2084 550 ζειν,
2107 483 2226 538 τίνα
2258 483 2456 558 τρόπον
2481 487 2701 550 ἁπάσας
2728 486 2826 549 τὰς
2888 485 3197 556 Ἑλληνικὰς
3241 489 3366 562 περὶ
3395 488 3534 546 θεῶν

271 573 448 629 larum
482 574 744 629 varietate
772 590 1109 645 perspersas,
1139 586 1234 632 aut
1267 579 1400 632 alias
1427 580 1606 634 omnis
1636 580 1850 650 generis

274 664 609 730 inimicitias,
646 667 714 721 ab
741 668 874 738 ipsis
901 669 1006 723 diis
1043 679 1206 738 atque
1234 671 1493 726 heroibus
1518 687 1639 726 cum
1676 672 1848 726 atiini-

273 759 374 812 bus
424 760 856 830 necessariisque
902 771 1083 831 gestas
1127 763 1402 817 inculcare
1448 763 1654 818 deceat.
1704 763 1844 830 Quin

272 850 404 912 imo,
447 850 490 902 si
525 860 762 906 mentem
825 851 966 906 hanc
1017 854 1224 908 nostris
1259 855 1572 909 hominibus
1623 857 1847 924 injicere

269 941 576 1009 cupiamus,
611 959 774 999 nemo
812 954 870 997 ut
905 961 1144 1014 unquam
1173 946 1306 1000 civis
1337 948 1653 1015 popularem
1684 964 1843 1002 suum

267 1035 396 1088 odio
436 1046 818 1105 prosequatur,
872 1038 1085 1107 hocque
1112 1037 1263 1094 nefas
1305 1039 1406 1092 sibi
1460 1049 1517 1093 ut
1557 1055 1679 1094 esse
1722 1056 1845 1110 per-

267 1127 534 1181 suadeant
561 1148 573 1182 :
600 1130 772 1183 danda
811 1145 974 1199 opera
1012 1129 1193 1195 fuerit,
1221 1139 1281 1184 ut
1310 1146 1431 1200 qua:
1465 1131 1604 1186 hanc
1637 1132 1691 1186 in
1727 1146 1840 1186 rem

265 1231 569 1290 opportuna
606 1223 951 1287 videbuntur,
987 1240 1048 1278 ea
1101 1240 1207 1278 non
1257 1224 1421 1279 modo
1468 1241 1629 1282 senes
1681 1235 1843 1296 atque

265 1329 438 1376 anus,
490 1314 692 1384 quique
748 1317 884 1370 adeo
924 1316 1036 1385 jam
1078 1325 1233 1371 aetate
1281 1316 1606 1372 maturiores
1656 1325 1837 1379 erunt,

1957 581 2300 650 φυσιολογίας
2320 579 2552 644 ἀτόπους
2568 579 2734 644 οὔσας
2766 581 2858 633 καὶ
2887 579 3203 648 ἀνωφελεῖς,
3249 580 3448 652 μᾶλλον
3474 581 3531 636 δὲ

1959 675 2318 745 βεϐιασμένας
2349 673 2443 726 καὶ
2475 673 2810 736 ἀσυστάτους
2847 676 3278 744 κατανοήσαντες
3302 714 3316 738 ,
3347 675 3530 739 αὐτοῖς

1959 765 2147 838 μύθοις
2171 767 2273 836 τῆς·
2298 765 2500 829 οἰκείας
2530 765 2902 838 περιέγραψαν
2937 766 3227 834 θεολογίας.
3249 767 3354 819 Καὶ
3375 767 3527 820 τοῦτο

1953 863 2009 914 δέ
2051 879 2132 914 σοι
2161 861 2360 928 γνῶναι
2393 861 2656 931 πάρεστιν
2694 858 2800 910 ἀπὸ
2824 860 2918 928 τῆς
2943 859 3216 912 Διονυσίου
3252 858 3344 911 τοῦ
3385 858 3527 911 Ἀλι-

1953 950 2266 1023 καρνασέως
2314 949 2629 1020 Ῥωμαῖκῆς
2662 948 3057 1019 ἀρχαιολογίας.
3107 943 3274 1013 Οὗτος
3311 949 3420 1020 γάρ
3469 950 3528 1004 ὲν

1951 1043 2028 1114 τῷ
2053 1043 2306 1113 δευτέρῳ,
2335 1042 2400 1094 τὰ
2431 1041 2570 1094 κατὰ
2613 1042 2886 1113 Ῥωμύλον
2921 1042 3009 1094 τδν
3040 1041 3253 1112 πρῶτον
3304 1042 3526 1113 κτίστην

1950 1129 2277 1200 τῆςῬώμης
2300 1128 2547 1200 ἱστορῶν,
2571 1130 2639 1183 τά
2670 1147 2728 1183 τε
2758 1131 2891 1183 ἄλλα
2919 1129 3166 1194 διέξεισιν
3203 1129 3365 1183 αὑτοῦ
3391 1147 3522 1183 κατ-

1947 1221 2259 1294 ορθώματα,
2301 1222 2336 1276 ἃ
2367 1239 2426 1276 τε
2469 1223 2565 1276 καὶ·
2591 1222 2658 1274 τὰ
2695 1223 2822 1294 περ).
2854 1223 3016 1276 τῶνδε
3059 1223 3246 1277 υῦτον
3295 1224 3521 1294 γράφων

1949 1313 2038 1366 τὸν
2069 1312 2290 1384 τρόπον.

265 1406 448 1474 pueris
512 1408 706 1462 crebro
761 1420 1228 1479 commemorent;
1301 1427 1488 1466 verum
1567 1412 1730 1465 etiam
1800 1418 1860 1464 ut
1923 1416 2096 1478 poeta:
2149 1407 2362 1463 similes
2407 1423 2622 1477 quoque
2681 1406 2895 1463 fabulas
2954 1408 3192 1464 scribere
3235 1418 3518 1481 cogantur.

261 1495 398 1550 Nam
455 1497 648 1567 injecta
695 1499 917 1569 quidem
960 1499 1161 1555 ιῘυιιοιιί
1211 1517 1241 1555 a
1293 1502 1404 1555 lilio
1452 1501 1702 1567 vincula,
1749 1509 1844 1555 aut
1891 1498 2198 1554 Vulcanum
2239 1499 2570 1568 praecipitem
2619 1513 2649 1552 a
2687 1508 2843 1570 patre
2896 1508 3108 1566 actum,
3170 1503 3315 1571 quod
3373 1503 3519 1557 inlli-

261 1598 377 1645 ctas
417 1591 576 1644 matri
631 1592 818 1661 plagas
853 1592 1177 1662 pr0pulsare
1233 1601 1546 1658 conaretur,
1587 1600 1683 1645 aut
1727 1590 1997 1661 ejusmodi
2041 1591 2328 1644 numinum
2392 1603 2632 1659 pugnas,
2674 1591 2862 1659 quales
2920 1593 3080 1648 nobis
3125 1591 3390 1648 Homerus
3435 1593 3518 1648 fa-

262 1681 500 1748 bulatur,
559 1698 653 1736 seu
702 1683 932 1736 latentes
993 1683 1258 1751 quosdam
1313 1682 1584 1752 allegoriae
1647 1696 1843 1736 sensus
1905 1680 2254 1745 contineant,
2294 1695 2386 1734 seu
2421 1681 2856 1740 nullos,aditum
2910 1695 3155 1739 nostram
3205 1686 3270 1740 ad
3300 1703 3523 1756 rempu-

259 1778 456 1832 blicam
487 1777 685 1831 habere
730 1791 1000 1845 nusquam
1043 1775 1239 1829 debere
1292 1775 1606 1848 pronuntio.
1637 1794 1655 1826 ι
1726 1773 1886 1829 Vides
1946 1774 2132 1843 utique
2173 1774 2373 1828 diserte
2418 1773 2772 1842 phil050phus
2805 1791 3080 1846 quamque
3118 1778 3380 1847 explicate
3413 1778 3515 1834 do-

260 1883 401 1938 ceat,
434 1888 557 1925 cum
590 1873 838 1940 vulgatos
866 1870 988 1925 illas
1021 1885 1050 1923 a
1095 1870 1368 1924 veteribus
1408 1870 1477 1924 de
1521 1869 1626 1924 diis
1671 1869 1909 1934 fabulas,
1945 1877 2056 1922 tum
2102 1867 2266 1922 etiam
2317 1881 2507 1920 omnes
2552 1865 2799 1936 cujusvis
2834 1869 3106 1940 allegoria:
3131 1886 3345 1933 sensus,
3376 1887 3515 1942 quos

258 1970 325 2024 ad
383 1965 782 2041 physiologiam
849 1963 1294 2020 accommodatos
1342 1977 1464 2020 esse
1523 1971 1754 2032 putant,
1803 1961 2018 2016 excludi
2087 1961 2298 2030 penitus
2355 1969 2517 2029 atque
2569 1960 2745 2014 arceri
2808 1971 3079 2032 oportere.
3147 1965 3511 2030 Quamobrem

261 2063 402 2117 nihil
431 2064 674 2133 profecto
705 2072 884 2114 causa:
903 2065 1188 2130 est.quam
1213 2073 1311 2110 cur
1329 2072 1609 2128 perperam
1641 2067 1732 2112 aut
1757 2059 2030 2114 immerito
2067 2059 2224 2115 nobis
2259 2059 2488 2113 istorum
2523 2054 2766 2108 omnium
2790 2053 2986 2124 'fugam
3025 2057 3331 2126 evangelica
3387 2055 3512 2111 Ser-

255 2157 460 2212 vatoris
505 2155 680 2210 nostri
726 2155 977 2210 doctrina
1028 2156 1354 2226 praecepisse
1393 2156 1668 2221 videatur;
1711 2167 1836 2208 cum
1870 2153 2057 2208 eadem
2105 2166 2136 2204 a
2174 2151 2290 2206 suis
2333 2164 2556 2220 quoque
2597 2150 2795 2219 rejecta
2841 2150 3065 2206 fuerint.
3109 2151 3185 2206 Ae
3223 2152 3358 2206 mihi
3388 2151 3505 2223 qui-

255 2251 375 2306 dem
409 2251 712 2320 pri'seorum
740 2247 1117 2303 Romanorum
1164 2250 1268 2304 hoc
1319 2251 1374 2303 in
1417 2264 1614 2320 genere
1650 2246 1964 2310 consilium,
2016 2245 2132 2299 li-eri
2183 2259 2292 2298 non
2352 2251 2553 2312 potest,
2584 2243 2717 2313 quin
2779 2257 2846 2296 eo
2896 2243 3119 2296 nomine
3165 2243 3513 2298 vehementer

255 2351 547 2421 probetur;
605 2349 700 2419 qui
752 2364 876 2404 cum
930 2347 1062 2403 satis
1110 2347 1472 2419 intelligerent
1523 2347 1832 2401 universam
1883 2345 2031 2398 illam
2083 2343 2136 2396 in
2179 2341 2375 2396 fabulis
2413 2340 2638 2396 deorum
2666 2340 2999 2410 explicandis
3037 2339 3349 2395 Graecorum
3383 2341 3513 2413 phy-

254 2445 539 2514 siol0giam
575 2460 698 2498 cum
737 2443 1032 2498 absurdam
1075 2454 1238 2513 atque
1278 2443 1546 2509 inutilem,
1585 2452 1701 2496 tum
1747 2456 1874 2496 vero
1921 2448 2167 2494 coactam
2207 2439 2540 2506 minimeque
2593 2436 2823 2491 solidam
2863 2444 2916 2490 et
2952 2437 3316 2490 cobmreutem
3365 2453 3507 2503 esse,

252 2555 372 2596 cam
420 2539 585 2595 simul
631 2553 756 2594 cum
802 2537 936 2608 ipsis
973 2538 1136 2592 etiam
1183 2537 1382 2591 fabulis
1433 2536 1718 2606 tlieologize
1759 2549 1870 2590 suae
1918 2532 2117 2586 tinibus
2160 2531 2450 2585 arcendam
2491 2545 2611 2586 esse
2659 2537 2983 2586 statuerunt.
3039 2529 3090 2584 ld
3121 2531 3267 2600 quod
3315 2531 3396 2584 vel
3442 2548 3509 2586 ex

255 2633 418 2688 unius
457 2630 701 2706 Dionysii
732 2629 1234 2686 Halicarnassensis
1283 2625 1359 2682 De
1402 2633 1620 2701 antiqua
1669 2641 1844 2681 rerum
1891 2629 2247 2686 Romanarum
2294 2627 2517 2686 historia
2586 2625 2741 2680 libris
2773 2623 2990 2679 auferre
3033 2635 3206 2694 potes.
3245 2625 3334 2679 Ille
3361 2626 3507 2680 enim

254 2727 530 2783 volumine
563 2727 746 2797 operis
778 2726 1038 2790 secundo,
1075 2725 1166 2781 ubi
1207 2743 1330 2798 quae
1375 2744 1406 2783 a
1436 2729 1670 2786 Romqu
1710 2726 1954 2800 principe
1996 2721 2160 2778 Urbis
2199 2721 2482 2777 conditore
2547 2727 2698 2790 gesta
2744 2717 2874 2780 sint,
2931 2726 3340 2782 conuucmorat,
3381 2733 3509 2773 cum

247 2822 356 2880 alia
404 2822 662 2892 pleraque
706 2821 894 2878 laudat
926 2820 995 2875 ab
1023 2835 1088 2876 eo
1141 2821 1416 2892 sapienter
1454 2824 1722 2890 instituta,
1753 2834 1864 2878 tum
1904 2835 2043 2892 .quze
2089 2818 2155 2874 ad
2201 2825 2508 2887 susceptam
2559 2815 2666 2870 hoc
2708 2814 2826 2868 loco
2886 2812 3307 2883 disputationem
3349 2812 3517 2884 perti-

249 2921 400 2978 nent,
435 2913 506 2967 ita
543 2913 914 2984 prosequitur.

764 3007 874 3078 7s
909 3009 1138 3067 CAPUT
1179 3010 1314 3067 Vlll.

633 3097 711 3154 De
743 3099 1106 3158 Romanorum
1148 3105 1432 3176 theologia.

327 3189 640 3245 oRomulus
684 3191 870 3263 igitur,
907 3209 1031 3250 cum
1065 3197 1233 3266 probe
1277 3159 1619 3266 intelligeret,
1651 3159 1823 3253 hone-
1849 3208 1894 3266 α

245 3283 346 3338 stis
383 3283 624 3354 legibus,
669 3292 1054 3356 rectorumque
1111 3289 1416 3344 studiorum
1455 3290 1820 3356 aemulatione,

245 3373 413 3443 piam,
467 3384 845 3444 temperatam,
895 3386 1168 3432 amantem
1217 3379 1524 3448 :equitatis,
1574 3379 1822 3449 belloque

245 3475 528 3521 strenuam
567 3468 842 3522 civitatem
882 3470 1050 3535 ellici;
1091 3472 1421 3540 praacipuam
1453 3471 1538 3526 bis
1572 3470 1624 3524 in
1657 3472 1821 3526 rebus

246 3572 466 3626 operam
496 3572 795 3628 curamque
824 3561 1031 3629 posuit,
1063 3577 1093 3615 a
1124 3563 1386 3632 religione
1413 3563 1671 3630 cultuque
1691 3561 1821 3616 deo-

246 3663 370 3706 rum
412 3665 478 3703 ac
514 3649 826 3706 damonum
879 3653 1216 3722 auspicatus.
1265 3654 1343 3709 Ae
1367 3655 1570 3723 templa
1600 3653 1818 3722 quidem

243 3749 299 3794 et
323 3740 570 3805 delubra,
601 3758 725 3797 aras
756 3743 906 3810 item,
938 3756 990 3798 et
1017 3746 1432 3800 simulacrorum
1475 3746 1591 3801 suis
1635 3747 1689 3799 in
1732 3760 1818 3799 se-

245 3833 406 3888 dibus
429 3833 820 3891 collocationes
837 3878 856 3903 ,
883 3838 1309 3905 earumdemque
1332 3838 1814 3907 eontigurationes.

243 3936 300 3978 et
334 3925 592 3995 insignia,
634 3927 907 3998 simulque
951 3931 1058 3983 vim
1097 3944 1409 3998 numenque
1449 3929 1813 3997 singulorum,

243 4027 408 4088 atque
447 4017 585 4074 adeo
607 4019 906 4088 beneﬁcia,
937 4023 1137 4091 quibus
1169 4021 1450 4075 hominum
1487 4036 1657 4090 genus
1687 4019 1816 4074 alle-

239 4124 388 4176 cere,
425 4110 542 4166 dies
564 4125 784 4182 quoque
815 4111 1003 4178 festos,
1033 4114 1222 4183 quales
1255 4113 1480 4167 deorum
1521 4127 1584 4166 ac
1613 4112 1816 4165 diBIllO-

242 4217 375 4260 num
405 4202 627 4258 cuilibet
659 4204 1013 4269 conveniunt,
1044 4215 1160 4258 tum
1197 4203 1488 4268 sacriﬁcia,
1515 4203 1716 4272 quibus
1746 4201 1815 4255 ab

241 4291 558 4349 hominibus
577 4294 680 4350 coli
701 4309 822 4350 sese
844 4296 1053 4362 volunt,
1076 4295 1237 4350 ferias
1261 4294 1494 4364 denique
1517 4293 1815 4348 solemnes-

240 4401 348 4455 que
377 4396 700 4450 conventus,
735 4397 788 4442 et
817 4397 989 4442 statas
1017 4403 1048 4442 a
1077 4388 1356 4442 laboribus
1383 4386 1720 4452 vacationes,
1749 4401 1815 4441 ac

241 4486 434 4531 caetera
481 4477 533 4533 id
573 4493 746 4550 genus
785 4494 853 4534 ex
891 4480 1115 4550 optimis
1156 4479 1465 4550 quibusque
1499 4477 1810 4533 Graecorum

2461 3003 2855 3058 ΚΕΦΑΛΑΙΟΝ
2889 3001 2972 3056 H'.

2128 3099 2267 3170 Περὶ
2290 3098 2400 3168 τῆς
2431 3099 2582 3152 κατὰ
2622 3097 2939 3166 Ῥωμαίους
2969 3096 3295 3165 θεολογίας.

2002 3195 2112 3267 (10)
2136 3213 2154 3246 ι
2210 3192 2347 3246 Ἀλλ’
2375 3191 2536 3260 ἔγνω,
2568 3190 2648 3243 ὅτι
2668 3191 2820 3260 νόμοι
2851 3189 3150 3253 σπουδαῖοι,
3196 3190 3288 3242 καὶ
3317 3187 3504 3241 καλῶν

1926 3289 2084 3360 ζῆλος
2107 3285 2572 3356 ἐπιτηδευμάτων,
2605 3282 2802 3353 εὐσεϐῆ
2844 3282 2939 3334 καὶ
2969 3279 3220 3351 σώφρονα
3247 3320 3262 3344 ,
3290 3280 3384 3332 καὶ
3435 3280 3502 3333 τὰ

1925 3380 2108 3434 δίκαια
2135 3377 2430 3441 ἀσκοῦσαν,
2460 3376 2554 3429 καὶ
2573 3375 2642 3428 τὰ
2667 3374 2901 3444 πολέμια
2945 3372 3154 3443 ἀγαθὴν
3187 3371 3500 3443 ἐξεργάζον-

1921 3489 2009 3525 ται
2038 3471 2191 3525 πόλιν
2216 3487 2226 3500 '
2255 3464 2330 3524 ὧν
2357 3468 2554 3537 πολλὴν
2578 3468 2704 3538 ἔσχε
2735 3467 3011 3538 πρόνοιαν,
3039 3465 3134 3535 τὴν
3154 3465 3327 3535 ἀρχὴν
3351 3480 3504 3532 ποιη-

1927 3566 2158 3635 σάμενος
2192 3563 2298 3617 ἀπὸ
2335 3561 2441 3614 τῶν
2475 3562 2603 3632 περὶ
2643 3561 2710 3612 τὰ
2742 3560 2861 3612 θεῖα
2913 3559 3006 3611 καὶ
3058 3558 3310 3628 δαιμόνια
3339 3558 3500 3611 σεϐα-

1922 3659 2092 3728 σμῶν.
2141 3656 2282 3726 Ἱερὰ
2315 3655 2412 3726 μὲν
2446 3651 2561 3716 οὖν,
2591 3637 2682 3706 καὶ
2711 3653 2943 3722 τεμένη,
2982 3652 3072 3704 καὶ
3104 3651 3318 3720 βωμοὺς
3342 3691 3356 3713 ,
3406 3652 3500 3701 καὶ

1922 3751 2122 3817 ξοάνων
2148 3749 2402 3822 ἱδρύσεις,
2435 3748 2650 3820 μορφάς
2673 3764 2730 3800 τε
2759 3744 2958 3807 αὐτῶν,
2989 3745 3081 3798 καὶ
3110 3745 3372 3816 σύμϐολα,
3405 3745 3499 3796 καὶ

1917 3844 2192 3914 δυνάμεις,
2230 3843 2323 3896 κα.)⁵
2350 3839 2579 3911 δωρεὰς,
2613 3833 2702 3902 αἷς
2731 3839 2792 3891 τὸ
2829 3839 2986 3906 γένος
3019 3837 3174 3909 ἡμῶν
3201 3837 3500 3908 εὐηργέτη-

1920 3953 2038 3998 σαν,
2069 3936 2265 4010 ἑορτάς
2291 3951 2368 3999 τε,
2399 3931 2589 3994 ὁποίας
2629 3929 2781 3993 τινὰς
2831 3930 3045 3999 ἑκάστῳ
3079 3925 3214 3981 θεῶν
3246 3927 3280 3999 ἢ
3311 3925 3504 3999 δαιμό-

1917 4047 2021 4082 νων
2046 4027 2272 4096 ἆγεσθαι
2306 4028 2591 4097 προσήκει,
2627 4023 2721 4077 καὶ
2753 4023 2972 4087 Θυσίας,
2991 4018 3077 4085 αἷς
3115 4022 3359 4093 χαίρουσι
3404 4037 3505 4089 γε-

1919 4121 2230 4192 ραιρόμενοι
2251 4118 2386 4189 πρὸς
2411 4116 2730 4188 ἀνθρώπων
2755 4115 3060 4186 ἐκεχειρίας
3081 4132 3140 4168 τε
3167 4111 3232 4168 αὗ
3272 4113 3367 4166 καὶ
3393 4131 3507 4165 παι

1916 4211 2191 4283 νηγύρεις,
2206 4210 2300 4263 καὶ
2325 4211 2502 4272 πόνων
2523 4207 2858 4270 ἀναπαύλας,
2879 4206 2974 4260 καὶ
2995 4208 3171 4260 πάντα
3189 4206 3256 4259 τὰ
3272 4204 3493 4260 τοιαῦτα

1913 4301 2114 4371 ὁμοίως
2153 4300 2556 4368 κατεστήσαντο
2585 4297 2694 4367 (11)
2719 4297 2828 4349 τῶν
2859 4297 3163 4368 κρατίστων
3194 4297 3342 4369 παρὰ
3383 4298 3504 4359 τοῖς.

1918 4390 2142 4461 Ἕλλησι
2176 4387 2455 4458 νομίμων·
2489 4385 2614 4449 τοὺς
2639 4385 2694 4438 δὲ
2724 4385 3189 4456 παραδεδομένους
3223 4384 3350 4454 περὶ
3392 4384 3488 4436 αὒ-

1915 4482 2024 4535 τῶν
2054 4483 2164 4552 (12)
2194 4481 2416 4552 μύθους,
2443 4483 2500 4534 ὲν
2546 4476 2626 4545 οἷς
2665 4479 3005 4550 βλασφημίαι
3030 4478 3174 4541 τινές
3216 4479 3320 4530 είσι
3367 4477 3494 4546 περὶ

243 4563 523 4621 hominum
547 4567 741 4622 ritibus
771 4569 1021 4626 instituit.
1049 4575 1116 4627 At
1144 4587 1273 4627 vero
1296 4587 1515 4640 sparsas
1537 4571 1603 4625 de
1624 4571 1812 4625 iisdem

1932 4571 2097 4624 ιύτῶν
2134 4571 2167 4642 ἢ
2200 4570 2557 4643 κατηγορίαι,
2602 4569 2872 4640 πονηρους
2924 4568 3018 4620 καὶ
3057 4565 3369 4635 ἀνωφελεῖς,
3397 4565 3490 4618 καὶ

238 4653 596 4726 vulgatasque
619 4656 1064 4730 fabulas,qttibus
1094 4663 1274 4731 aliqua
1307 4663 1548 4731 ipsorum
1583 4665 1662 4717 vel
1687 4679 1814 4732 pro-

244 4753 366 4810 bra,
386 4747 468 4800 vel
507 4748 733 4803 crimina
757 4755 1125 4816 continentur.
1152 4755 1446 4824 improbas,
1499 4755 1718 4809 inutiles
1753 4770 1818 4809 ac

246 4837 417 4893 {tedas
435 4853 557 4895 esse
579 4851 750 4908 ratus,
777 4859 875 4898 nec
893 4845 998 4900 diis
1017 4846 1196 4912 modo,
1220 4845 1313 4899 sed
1327 4846 1488 4899 etiam
1507 4846 1636 4898 viris
1661 4845 1817 4899 bouis

240 4947 468 5001 prorsus
512 4933 800 5004 indignas,
847 4937 1062 5006 rejectis
1116 4939 1395 5006 omnibus,
1452 4939 1700 4994 homines
1747 4939 1814 4993 ad

236 5025 442 5106 Optime
472 5026 536 5080 de
557 5026 662 5082 diis
699 5028 1032 5098 loquendum
1073 5046 1137 5086 ac
1176 5032 1517 5087 semicudum
1552 5032 1813 5086 informa-

238 5120 338 5181 vit,
364 5119 572 5174 nullum
604 5121 672 5176 iis
704 5123 942 5176 studium
979 5126 1129 5178 beata
1162 5135 1353 5180 natura
1384 5127 1565 5180 minus
1588 5127 1811 5196 dignum

237 5209 520 5281 afﬁngens.
549 5210 660 5268 Nec
687 5215 831 5268 enim
867 5231 897 5270 a
929 5214 1191 5272 Romanis
1221 5228 1312 5272 aut
1337 5229 1588 5273 exsectus
1615 5219 1811 5274 libero-

236 5318 358 5358 rum
399 5319 626 5360 suorum
673 5321 838 5360 manu
890 5307 1073 5364 Coelus
1125 5307 1323 5372 fuisse,
1376 5320 1469 5363 aut
1518 5307 1807 5373 Saturnus,

234 5395 381 5465 quod
422 5395 525 5449 sibi
570 5394 638 5448 ab
679 5409 870 5450 eorum
921 5398 1123 5466 impetu
1169 5397 1310 5452 male
1352 5407 1636 5462 metueret,
1681 5413 1810 5451 suos

234 5530 438 5657 Latio;
458 5529 638 5586 Locus
661 5532 749 5585 hic
777 5541 958 5587 exstat
984 5532 1077 5587 lib.
1116 5547 1176 5596 ιι,
1212 5549 1337 5605 pag.
1365 5532 1397 5588 9
1427 5533 1560 5588 edit.
1589 5532 1806 5588 Greeco-

339 5617 387 5653 Ill
443 5634 459 5649 .

339 5617 459 5653 HNP.

303 5671 416 5743 (ll)
459 5671 640 5736 Dion.,
668 5673 1061 5742 κατεστήσατο,
1094 5689 1257 5740 quam
1286 5673 1572 5728 lectionem
1605 5684 1808 5743 prauu-

231 5741 290 5794 ti.
334 5739 386 5793 Id
430 5743 598 5806 begin,
625 5747 738 5807 τοῖς
768 5739 1079 5816 κρατίστοις
1110 5739 1216 5796 τῶν
1249 5745 1377 5816 παρ’
1405 5739 1625 5815 Ἕλλησι
1655 5745 1808 5815 νομί-

232 5829 376 5882 μων·
426 5823 644 5883 itiaque
673 5813 830 5868 lectio
855 5815 1070 5883 probari
1106 5825 1300 5883 potest.
1332 5813 1366 5818 ”

1916 4665 2232 4733 ἀσχήμονας
2270 4661 2553 4715 ὑπολαϐὼν
2603 4655 2738 4714 εἶναι
2764 4701 2777 4724 ,
2806 4661 2899 4712 καὶ
2927 4660 3023 4729 οὐχ
3064 4659 3143 4711 ὅτι
3169 4657 3277 4710 τῶν
3311 4654 3444 4708 Θεῶν
3469 4694 3493 4718 ,

1916 4755 2028 4809 ἀλλ’
2050 4756 2157 4808 οὐδ’
2182 4755 2277 4808 ἀνο
2288 4754 2482 4826 ρώπων
2503 4755 2721 4824 ἀγαθῶν
2750 4754 2954 4819 ἀξίους,
2975 4753 3218 4814 ἅπαντας
3249 4748 3485 4816 ἐξέϐαλε,

1916 4848 2010 4900 καὶ
2043 4847 2421 4918 παρεσκεύασε
2453 4850 2579 4911 τοὺς
2608 4847 2929 4918 ἀνθρώπους
2957 4845 3024 4899 τὰ
3072 4844 3332 4899 κάλλιστα
3379 4843 3492 4915 (15)

1916 4936 2042 5008 περ)⁵
2075 4937 2209 4990 Θεῶν
2234 4937 2408 5006 λέγειν
2441 4956 2498 4991 τε
2531 4940 2623 4991 καὶ
2657 4941 2893 5011 φρονεῖν,
2929 4936 3090 5008 μηδὲν
3123 4935 3304 4998 αὐτοῖς
3324 4952 3490 5006 προσ-

1914 5028 2125 5096 ανάψας
2182 5028 2291 5099 (14)
2319 5029 2535 5095 ἀνάξιον
2575 5029 2911 5100 ἐπιτήδευμα
2948 5029 3047 5098 τῆς
3075 5032 3348 5098 μακαρίας
3387 5026 3490 5095 φύ-

1916 5136 2052 5182 σεως
2075 5137 2088 5148 ·
2119 5119 2242 5174 οὔτε
2275 5121 2384 5192 γὰρ
2413 5121 2653 5192 Οὐρανὸς
2680 5120 3072 5190 ἐκτεμνόμενος
3095 5118 3201 5172 ὑπὸ
3226 5117 3333 5171 τῶν
3360 5119 3487 5170 ἑαυ-

1913 5213 2007 5268 τοῦ
2039 5214 2244 5268 παίδων
2274 5216 2423 5288 παρά
2463 5215 2754 5288 Ῥωμαίοις
2779 5214 3016 5283 λέγεται.
3049 5212 3173 5266 οὔτε
3219 5212 3248 5264 ὁ
3281 5212 3491 5283 Κρόνος

1912 5306 2189 5370 ἀφανίζων
2221 5306 2318 5370 τὰς
2343 5307 2534 5360 ἑαυτοῦ
2563 5305 2725 5375 γονὰς
2761 5304 2908 5376 φόϐῳ
2934 5304 3034 5374 τῆς
3059 5303 3120 5369 ἐξ
3154 5301 3333 5356 αὐτῶν
3372 5303 3490 5354 ἐπι-

1913 5395 2132 5466 θέσεως,
2158 5398 2280 5452 οὔτε
2309 5399 2444 5462 Ζεὺς
2470 5398 2753 5453 καταλύων
2785 5397 2883 5470 τὴν
2914 5398 3122 5469 Κρόνου
3147 5395 3486 5460 δυναστείαν,

1982 5532 2094 5599 (12)
2135 5534 2272 5605 Περὶ
2323 5534 2539 5588 αὐτῶν.
2584 5532 2893 5605 Dionysius,
2944 5533 3066 5587 κατ’
3089 5528 3292 5597 αὐτῶν,
3337 5525 3486 5599 quod

1911 5605 2090 5671 aptius
2123 5604 2352 5657 videtur.

1984 5673 2096 5742 (l5)
2143 5674 2218 5726 Τὰ
2243 5673 2561 5727 κάλλιστα.
2608 5672 2919 5743 Dionysius,
2945 5672 3233 5743 κράτιστα.

1980 5744 2090 5815 (1-1)
2130 5743 2559 5814 Προσανάψας.
2606 5742 2784 5810 Diom,
2816 5742 3248 5815 προσάπτοντας,
3281 5749 3486 5794 utrum-

1909 5829 2016 5884 que
2045 5823 2270 5870 rectum.
