3948 6376
316 311 428 368 “9

1484 316 1807 375 PBASPAR.
1852 315 2102 375 EVANG.
2147 315 2272 376 LIB.
2316 317 2403 377 Il."

3456 327 3560 384 130

311 428 413 480 καὶ
447 425 778 483 κατακλείων
807 427 972 503 ἓντῷ
995 428 1350 506 δεσμωτηρίῳ
1377 432 1470 487 τοῦ
1495 437 1766 508 ταρτάρου
1799 438 1882 490 τὸν

1991 437 2327 504 confecisse;
2371 447 2466 492 aut
2504 435 2715 506 Jupiter
2749 437 3039 506 spoliatum
3087 439 3314 508 imperio
3352 452 3558 511 patrem

315 521 520 574 ἑαυτοῦ
558 520 765 591 πατέρα
782 537 797 551 ’
821 521 940 574 οὐδέ
956 539 1018 590 γε
1051 523 1308 594 πόλεμοι..
1336 525 1427 578 καὶ
1446 526 1757 596 τραύματα,
1794 529 1888 580 καὶ

308 611 512 682 δεσμὰ,
534 613 627 663 καὶ
645 611 854 682 θητεῖαι
874 613 986 682 (15)
1003 613 1141 667 θεῶν
1165 614 1317 686 παρὰ
1339 616 1432 669 ἀνθ
1442 617 1661 688 ρώποις.
1701 619 1887 690 Ἐορτὴ

305 701 371 758 δὲ
392 704 619 772 οὐδεμία
647 706 776 775 παρ’
813 706 995 768 αὐτοῖς
1021 705 1408 778 μελανείμωνῆ
1436 706 1692 779 πένθιμος
1721 708 1888 761 τελεῖ-

303 811 427 859 ται,
455 798 719 860 κοπετοὺς
741 796 934 866 ἔχουσα
967 799 1058 850 καὶ
1081 798 1310 870 θρήνους
1330 800 1600 867 γυναικῶν
1621 802 1712 854 ἐπὶ
1748 801 1888 865 Θεοῖς

307 889 763 960 ἀφανιζομένοις·
792 891 934 962 ἅπερ
961 891 1216 961 Ἕλλησιν
1250 893 1621 946 ἐπιτελοῦνται
1661 894 1786 964 περί
1827 910 1886 947 τε

305 985 662 1055 Περσεφόνης
691 986 969 1058 ἁρπαγὴν,
1001 991 1095 1042 καὶ
1125 990 1250 1060 περὶ
1277 989 1531 1044 Διονύσου
1569 991 1737 1062 πάθη,
1795 993 1888 1045 καὶ

301 1076 409 1130 ὅσα
450 1076 586 1131 ἄλλα
613 1077 857 1133 τοιαῦτα.
895 1079 1018 1132 Οὐδ’
1049 1080 1115 1133 ἂν
1138 1081 1232 1134 ἴδοι
1257 1101 1339 1148 τις
1369 1084 1497 1155 παρ’
1533 1085 1733 1147 αὐτοῖς,
1769 1084 1888 1137 καί-

304 1185 390 1222 τοι
415 1169 827 1240 διεφθαρμένων
858 1171 966 1223 τῶν
991 1172 1130 1225 ἐθῶν
1151 1172 1258 1244 (16)
1283 1175 1405 1245 ἤδη,
1434 1176 1494 1227 οὐ
1518 1175 1883 1246 θεοφορήσεις,

301 1260 369 1315 οὔ
399 1262 904 1332 κορυϐαντιασμούς
922 1263 1051 1333 (17),
1076 1266 1137 1317 οὐ
1162 1266 1398 1335 Βακχίας
1421 1266 1528 1334 (18)
1547 1267 1639 1319 καὶ
1667 1266 1887 1330 τελετὰς

305 1357 675 1425 ἀπορρήτους,
698 1357 756 1408 ού
781 1356 1315 1428 διαπαννυχιασμοὺς
1349 1360 1406 1412 ὲν
1431 1360 1594 1430 ἱεροῖς
1618 1358 1775 1424 θεῶν,
1795 1360 1887 1412 ἀν-

303 1446 448 1518 δρῶν
469 1448 567 1500 σὺν
584 1447 846 1515 γυναιξὶν,
870 1449 968 1501 οὐκ
986 1448 1113 1502 ἄλλο
1135 1451 1242 1502 τῶν
1264 1449 1659 1520 παραπλησίων
1679 1450 1887 1514 τούτοις

304 1542 726 1613 τερατευμάτων
760 1540 928 1592 οὐδέν·
959 1540 1071 1594 ἀλλ’
1107 1540 1349 1604 εὐλαϐῶς
1389 1541 1602 1594 ἅπαντα
1653 1543 1888 1612 πραττό-

311 1648 453 1703 μενα
469 1633 566 1687 καὶ
585 1632 853 1702 λεγόμενα
880 1630 948 1684 τὰ
969 1631 1096 1704 περὶ
1119 1631 1378 1696 θεοὺς,ιῦς
1401 1631 1524 1685 οὔτε
1546 1633 1674 1706 παρ’
1702 1633 1888 1704 Ἔλλη-

305 1740 390 1776 σιν
441 1722 564 1777 οὔτε
611 1724 759 1795 παρὰ
805 1722 1119 1795 βαρᾶάροις.
1161 1725 1270 1777 Καὶ
1317 1724 1345 1777 ὃ
1396 1724 1611 1779 πάντων
1647 1727 1883 1795 μάλιστα

1992 529 2046 582 in
2079 528 2395 583 Tartareum
2438 542 2713 581 carcerem
2769 527 3057 584 inclusisse
3095 530 3374 586 dictitatur
3405 551 3418 587 :
3458 550 3561 590 nec

1990 621 2098 674 ulla
2133 622 2417 674 numinum
2457 620 2615 682 bella,
2648 620 2891 688 vulnera,
2919 623 3155 686 vincula.
3195 639 3294 678 nec
3327 625 3558 680 locatam

1990 712 2304 766 hominibus
2357 726 2577 781 operam
2628 726 2694 764 ex
2749 711 2858 766 illis
2913 714 3124 769 audias.
3175 712 3307 779 lmo,
3349 717 3556 771 nullum

1990 819 2208 873 quoque
2241 802 2384 872 apud
2420 817 2513 858 eos
2544 813 2776 858 atratum
2824 820 2889 859 ac
2931 806 3155 874 lugubre
3208 805 3403 861 festum
3445 809 3562 878 agi-

1990 908 2096 959 tur,
2132 897 2184 950 in
2216 912 2324 966 qno
2357 897 2598 950 sublatos
2628 913 2658 950 e
2690 898 2867 951 medio
2897 897 3028 952 deos
3057 899 3361 967 planctibus
3396 910 3451 956 et
3482 902 3562 955 la-

1989 988 2187 1042 mentis
2218 987 2551 1041 mulierculze
2579 997 2998 1056 prosequantur,
3030 990 3334 1058 cujusmodi
3367 1007 3396 1044 a
3421 985 3562 1047 Graio

1988 1081 2068 1135 eis
2115 1080 2198 1133 vel
2245 1080 2315 1132 ob
2348 1079 2688 1148 Proserpina:
2736 1089 2974 1149 raptum,
3027 1083 3111 1134 vel
3168 1083 3237 1136 ob
3285 1084 3556 1140 exitialem

1989 1174 2187 1228 Bacchi
2229 1182 2455 1235 sortem,
2501 1172 2816 1239 similesque
2853 1188 3035 1235 casus,
3065 1173 3295 1226 solemni
3328 1175 3436 1228 ritu
3471 1193 3560 1231 ce-

1989 1268 2186 1322 lebrari
2219 1267 2414 1322 solent.
2445 1263 2564 1318 Non
2599 1265 2849 1334 denique,
2885 1266 2968 1319 vel
3003 1267 3255 1335 collapsis
3290 1270 3391 1322 hoc
3424 1279 3560 1324 tem-

1989 1372 2118 1426 pore
2165 1357 2410 1410 moribus
2458 1357 2668 1426 patriis,
2714 1357 2963 1411 homines
3009 1359 3192 1412 videas
3251 1374 3280 1412 a
3337 1361 3559 1414 numine

1988 1449 2240 1517 agitatos,
2270 1462 2380 1502 non
2413 1448 2634 1503 insanas
2663 1449 3028 1519 Corybantum
3067 1450 3414 1520 jactationes,
3447 1468 3554 1506 non

1995 1541 2346 1597 Bacchanalia
2366 1585 2381 1609 ,
2411 1553 2461 1596 et
2491 1559 2686 1597 arcana
2727 1545 3108 1614 mysteriorum
3143 1545 3313 1609 initia,
3343 1561 3450 1599 non
3484 1548 3559 1601 vi-

1988 1649 2172 1688 rorum
2205 1649 2329 1688 cum
2367 1633 2687 1688 mulieribus
2731 1633 2783 1688 in
2813 1635 3036 1688 deorum
3077 1637 3291 1705 templis
3336 1646 3558 1692 noctur—

1989 1743 2089 1781 nas
2137 1728 2593 1797 pervigilationes,
2635 1743 2735 1780 nec
2782 1726 3094 1794 hnjusmodi
3148 1730 3353 1798 reliqua
3399 1744 3556 1784 mon-

300 1816 478 1882 ἔγωγε
519 1792 853 1886 τεθαύμακα,
880 1792 1094 1885 *καίπερ
1133 1815 1340 1888 μυρίων
1373 1816 1514 1868 ὅσων
1546 1818 1627 1879 εἰς
1648 1792 1754 1887 *τὴν
1786 1817 1882 1868 πό-

1991 1827 2225 1870 strorum
2261 1817 2499 1870 similia:
2539 1816 2632 1870 sed
2662 1815 2926 1886 quidquid
2958 1819 3022 1871 ad
3059 1819 3344 1889 religiones
3376 1831 3430 1875 et
3466 1837 3560 1875 sa-

301 1905 392 1957 λιν
461 1905 868 1977 ἐπεληλυθότων
907 1905 1093 1970 ἐθνῶν,
1136 1899 1217 1969 οἷς
1251 1905 1416 1978 πολλὴ
1447 1906 1658 1978 ἀνάγκη
1705 1907 1882 1961 σέϐειν

299 1999 433 2060 τοὺς
466 1997 728 2066 πατρίους
768 1996 923 2059 θεοὺς
965 2000 1076 2061 τοῖς
1120 1995 1330 2050 οἴκοθεν
1372 1997 1642 2068 νομίμοις,
1672 1996 1880 2061 ούδενὸς

299 2091 386 2152 εἰς
415 2086 575 2158 ζῆλον
607 2086 830 2158 ἐλήλυθε
859 2087 968 2140 τῶν
994 2086 1219 2154 ξενικῶν
1241 2086 1689 2157 ἐπιτηδευμάτων
1721 2089 1752 2158 ἠ
1787 2087 1882 2140 πύ-

298 2184 388 2242 λις
411 2178 668 2249 δημοσία,
697 2179 725 2230 ὃ
763 2178 978 2241 πολλοῖς
1011 2177 1111 2250 ήδη
1145 2178 1340 2250 συνέϐη
1373 2179 1564 2232 παθεῖν
1583 2196 1596 2209 °
1629 2178 1763 2232 ἀλλὰ
1792 2181 1881 2232 καὶ

297 2270 356 2324 εἰ
396 2286 521 2324 τινα
566 2269 708 2322 κατὰ
745 2271 1024 2340 χρησμοὺς
1068 2270 1390 2340 ὲπεισῆκται
1437 2269 1548 2341 (19)
1596 2269 1736 2341 ἱερὰ,
1770 2273 1882 2335 τοῖς

299 2361 496 2414 αὐτόθι
543 2360 682 2414 αὐτὰ
733 2361 977 2432 νομίμως
1032 2360 1397 2433 μεθήρμοσεν,
1451 2361 1667 2416 ἅπασαν
1720 2361 1882 2415 ἐκϐα-

299 2454 474 2507 λοῦσα
525 2452 811 2525 τερθρείαν
867 2451 1127 2524 μυθικήν·
1195 2452 1383 2523 ὥσπερ
1434 2452 1502 2506 τὰ
1554 2453 1652 2524 τῆς
1711 2455 1880 2524 Ἱερᾶς

298 2547 434 2608 θεᾶς
481 2544 593 2615 (‘20)
638 2545 776 2617 ἱερά.
813 2544 1014 2608 Θυσίας
1066 2545 1164 2616 μὲν
1215 2544 1325 2616 γὰρ
1364 2546 1503 2616 αὐτῇ
1547 2547 1640 2599 καὶ
1665 2545 1881 2614 ἀγῶνας

300 2639 529 2703 ἄγουσιν
559 2634 665 2688 ἀνὰ
697 2635 804 2687 πᾶν
836 2633 954 2698 ἔτος
998 2635 1047 2687 οἱ
1092 2635 1384 2705 στρατηγοὶ
1415 2634 1554 2688 κατὰ
1591 2637 1716 2700 τοὺς
1758 2639 1882 2690 Ῥωο

307 2729 486 2798 μαίων
513 2727 710 2797 νόμους
729 2744 742 2758 ⁸
773 2729 982 2799 ἱερᾶται
1021 2727 1064 2779 δ’
1088 2727 1259 2796 αὐτῆς
1286 2727 1423 2800 ἀνὴρ
1450 2727 1595 2799 Φρὺξ
1622 2730 1715 2782 καὶ
1744 2729 1878 2800 γυνὴ

303 2821 539 2892 Φρυγία,
564 2821 658 2875 καὶ
687 2819 1035 2891 περιάγουσιν
1070 2819 1176 2872 ἀνὰ
1215 2821 1313 2891 τὴν
1348 2820 1500 2874 πόλιν
1541 2816 1686 2875 οὗτοι
1741 2839 1876 2892 μην-

308 2911 672 2983 αγυρτοῦντες
697 2912 854 2982 (εοο),
874 2911 1060 2982 ῶσπερ
1085 2912 1263 2974 αὐτοῖς
1289 2911 1428 2975 ἔθος,
1445 2912 1644 2976 τύπους
1657 2931 1715 2966 τε
1729 2931 1881 2985 περι-

307 3002 553 3071 γείμενοι
580 3005 690 3065 τοῖς
723 3001 940 3067 στήθεσι
975 3001 1108 3072 (21),
1149 3001 1242 3054 καὶ
1278 3002 1700 3072 καταυλούμενοι
1743 3003 1879 3074 πρὸς

308 3091 417 3145 τῶν
463 3094 741 3164 ἑπομένων
773 3094 841 3148 τὰ
861 3089 1112 3161 Μητρῷα
1128 3093 1306 3162 μέλη,
1331 3095 1424 3146 καὶ
1465 3093 1722 3162 τύμπανα
1752 3110 1878 3164 κρο-

314 3183 549 3248 τοῦντες.
595 3184 876 3256 Ῥωμαίων
907 3185 964 3238 δὲ
988 3185 1096 3238 τῶν
1119 3185 1437 3254 αὐθιγενῶν,
1459 3186 1580 3238 οὔτε
1612 3203 1882 3258 μηναγυρ-

309 3274 418 3326 τῶν
438 3292 544 3338 τις,
588 3273 710 3328 οὔτε
739 3274 1168 3346 καταυλούμενος
1200 3277 1488 3348 πορεύεται
1516 3277 1605 3330 διὰ
1647 3278 1746 3348 τῆς
1780 3279 1879 3331 πό-

308 3380 466 3428 λεως,
513 3365 758 3435 ποικίλην
803 3365 1145 3437 ἐνδεδυμένος
1180 3367 1392 3439 στολὴν,
1439 3367 1562 3420 οὔτε
1612 3365 1880 3440 ὀργιάζων

310 3459 410 3529 τὴν
441 3458 581 3524 θεὸν,
607 3460 724 3516 οὐδὲ
751 3463 860 3524 τοῖς
887 3462 1141 3532 Φρυγίοις
1181 3461 1524 3532 ὀργιασμοῖς,
1552 3463 1690 3516 κατὰ
1721 3461 1880 3533 νόμον

312 3552 342 3620 ἦ
369 3549 626 3621 ψήφισμα
659 3550 870 3622 βουλῆς.
897 3551 1079 3614 Οὓτως
1110 3550 1403 3622 εύλαϐῶςή
1434 3551 1586 3615 πόλις
1609 3551 1718 3621 ἔχει
1748 3552 1883 3624 πρὸς

308 3645 382 3694 τὰ
414 3643 516 3696 οὐκ
547 3641 815 3714 ἐπιχώρια
846 3641 944 3712 ἔθη
973 3642 1099 3713 περῖ¹
1133 3641 1290 3707 θεῶν,
1332 3644 1423 3696 καὶ
1465 3642 1642 3697 πάντα
1669 3643 1881 3696 ὀττεύε-

307 3751 405 3786 ται
432 3733 618 3805 μῦθον,
646 3728 690 3802 ᾧ
720 3734 881 3806 μηδέν
906 3736 1051 3787 ἐστιν
1078 3734 1369 3805 εὐπρεπές.
1396 3735 1504 3788 Καὶ
1531 3734 1714 3805 μηδεὶς
1749 3735 1882 3788 ὑπο-

309 3824 469 3878 λάϐοι
506 3842 571 3896 με
599 3826 829 3893 ἀγνοεῖν,
855 3827 935 3878 ὅτι
962 3825 1070 3878 τῶν
1108 3823 1433 3896 Ἑλληνικῶν
1465 3824 1647 3896 μύθων
1676 3827 1779 3878 είσί
1804 3843 1885 3878 τι-

309 3935 406 3982 νες
439 3919 698 3990 χρήσιμοι
741 3917 1046 3988 ἀνθρώποις
1067 3936 1079 3948 ο
1116 3921 1162 3971 οἱ
1195 3919 1314 3989 μὲν,
1360 3917 1788 3990 ὲπιδεικνύμεαίοι
1815 3919 1884 3972 τὰ

313 4009 414 4078 τῆς
441 4009 654 4079 φύσεως
675 4009 808 4080 ἔργα
837 4010 924 4063 διὰ
961 4010 1136 4080 λύπην
1166 4010 1278 4080 (22)
1298 4027 1310 4040 °
1343 4011 1392 4062 οἱ
1425 4011 1501 4073 δὲ,
1536 4011 1882 4083 παραμυθίας

312 4103 480 4155 ἕνεκα
504 4103 846 4173 συγκείμενοι
871 4101 978 4154 τῶν
999 4102 1350 4174 ἀνθρωπίνων
1374 4103 1666 4174 συμφορῶν
1691 4119 1706 4134 ·
1735 4105 1781 4156 ei
1803 4104 1879 4167 δὲ,

315 4194 562 4264 ταραχὰς
595 4192 964 4265 ἐξαιρούμενοι
1003 4195 1178 4265 ψυχῆς
1211 4194 1305 4248 καὶ
1335 4195 1602 4264 δείγματα
1629 4195 1762 4266 (25),
1792 4196 1884 4248 καὶ

316 4287 477 4351 δόξας
526 4287 908 4359 καθαιροῦντες
940 4289 1036 4358 οὐχ
1083 4289 1286 4355 ὑγιεῖςο
1333 4288 1382 4338 οί
1421 4287 1498 4351 δὲ,
1540 4286 1702 4356 ἄλλης
1744 4288 1886 4352 τινὸς

318 4378 482 4432 ἓνεκα
528 4378 965 4450 συμπλασθέντες
995 4378 1277 4447 ὠφελείας.
1342 4377 1502 4431 Ἀλλὰ
1528 4379 1728 4449 καίπερ
1765 4379 1884 4432 ὲπι-

1988 1921 2078 1960 cra
2119 1905 2342 1959 deorum
2388 1905 2640 1974 pertinet,
2675 1905 2962 1960 sanctitate
2990 1921 3052 1960 ac
3091 1908 3352 1962 modestia
3398 1909 3569 1978 longe-

1988 1997 2242 2054 omnibus
2297 2006 2404 2049 tam
2466 1995 2774 2049 Grmcorum
2830 1995 2940 2066 79
2988 2013 3150 2067 quam
3197 1998 3554 2054 barbarorum

1989 2088 2328 2146 caeremoniis
2375 2087 2663 2141 antecellit.
2708 2085 2971 2157 Quodque
3027 2091 3271 2143 omnium
3323 2091 3557 2146 maxime

1989 2181 2140 2236 soleo
2169 2180 2380 2243 mirari,
2413 2180 2538 2232 licet
2571 2179 2795 2233 inﬁnita:
2841 2182 3092 2235 nationes
3121 2182 3173 2234 in
3205 2181 3394 2238 urbem
3425 2199 3558 2238 con-

1988 2271 2262 2334 ﬂuxerint,
2318 2285 2438 2340 qua:
2493 2269 2555 2324 ad
2589 2268 2816 2324 colenda
2870 2269 2978 2323 ritu
3031 2270 3332 2326 domestico
3381 2273 3558 2340 patria

1988 2361 2212 2416 numina
2265 2361 2315 2414 vi
2363 2359 2596 2430 quadam
2659 2368 2713 2414 et
2763 2360 3088 2414 necessitate
3135 2362 3554 2429 compellantur.

1989 2467 2264 2520 nunquam
2293 2451 2382 2504 illa
2409 2459 2590 2505 tamen
2621 2451 2688 2504 ad
2713 2450 3120 2520 suscipiendum
3145 2452 3357 2521 publice.
3385 2454 3552 2507 ullum

1987 2544 2283 2612 peregrinae
2329 2541 2607 2611 religionis
2644 2557 2815 2612 genus
2860 2543 3054 2597 adduci
3097 2544 3288 2613 potuit,
3331 2544 3384 2597 id
3410 2545 3552 2613 quod

1982 2633 2092 2704 jam
2123 2634 2243 2688 aliis
2272 2634 2543 2703 plerisque
2567 2633 2859 2702 contigisse
2882 2634 3154 2689 novimus.
3183 2635 3338 2701 Quod
3375 2638 3421 2691 si
3455 2638 3556 2692 ali-

1987 2739 2092 2794 qua
2121 2723 2258 2778 forte
2286 2725 2592 2779 istiusmodi
2623 2740 2777 2780 sacra
2807 2741 2873 2778 ex
2899 2726 3245 2780 oraculorum
3277 2728 3556 2797 responsis

1985 2817 2126 2885 apud
2162 2832 2221 2870 se
2254 2816 2432 2870 invehi
2470 2831 2630 2886 passa
2662 2827 2766 2878 est,
2807 2831 2866 2871 ea
2899 2826 3077 2871 tamen
3123 2819 3188 2872 ad
3218 2819 3394 2888 legum
3427 2835 3556 2875 sua-

1988 2923 2108 2962 rum
2149 2908 2396 2962 instituta
2439 2907 2894 2974 accommodavit,
2927 2908 3145 2976 rejectis
3179 2911 3436 2965 omnibus
3467 2909 3552 2965 fa-

1985 2997 2238 3052 bularum
2273 2996 2579 3066 prmstigiis,
2612 2997 3070 3066 quemadmodum
3106 2997 3160 3051 in
3188 2997 3376 3055 Matris
3403 2999 3554 3058 Idaea:

1989 3089 2160 3145 sacris
2186 3089 2455 3143 videmus.
2500 3087 2791 3142 Enimvero
2820 3088 3088 3142 sacriﬁcia
3112 3090 3329 3158 quidem
3367 3092 3554 3147 ludos—

1983 3196 2089 3250 que
2140 3179 2358 3251 publieo
2398 3178 2645 3232 Romano
2696 3177 2806 3231 ritu
2856 3187 3114 3246 praetores
3162 3182 3455 3250 quotannis
3496 3184 3552 3238 in

1980 3275 2097 3345 ejus
2144 3273 2408 3327 honorem
2463 3269 2796 3335 instituunt;
2842 3269 2962 3339 ejus
3010 3281 3194 3325 tamen
3248 3269 3556 3328 sacerdotio

1981 3366 2064 3420 vir
2103 3381 2166 3420 ac
2194 3366 2388 3418 mulier
2412 3363 2652 3433 Phryges
2691 3363 2852 3416 ambo
2895 3361 3216 3434 funguntur,
3251 3367 3344 3435 qui
3385 3376 3551 3422 totam

1983 3457 2256 3511 civitatem
2319 3455 2681 3518 circumeunt,
2731 3453 2962 3524 singulis
3023 3457 3306 3512 mensibus
3360 3459 3554 3528 stipem

1983 3564 2134 3604 more
2180 3563 2280 3604 suo
2312 3549 2440 3602 hinc
2490 3546 2615 3601 inde
2649 3557 3020 3616 corrogantes,
3057 3548 3432 3619 imagunculas
3459 3565 3554 3620 pe-

1986 3642 2126 3697 ctori
2182 3641 2431 3711 alligatas
2484 3646 2797 3707 gestantes,
2846 3648 3208 3708 tympanaque
3251 3641 3551 3709 pulsantes,

1981 3749 2120 3806 quos
2151 3748 2385 3802 sequens
2411 3732 2701 3786 multitudo
2727 3731 2964 3785 Materna
3001 3734 3241 3785 carmina
3272 3733 3338 3787 ad
3365 3734 3553 3787 tibiam

1983 3828 2256 3883 modulata
2330 3827 2719 3881 circumsonat.
2773 3823 2844 3876 At
2895 3839 2925 3878 e
2965 3822 3226 3879 Romanis
3284 3825 3552 3895 indigenis

1986 3935 2148 3976 nemo
2179 3920 2261 3973 vel
2285 3918 2442 3974 Matri
2503 3917 2698 3987 stipem
2733 3915 3106 3979 emendicans,
3130 3916 3215 3970 vel
3247 3916 3554 3971 incentione

1988 4013 2244 4068 tibiarum
2268 3999 2478 4065 amatus
2500 4025 2563 4064 ac
2583 4007 2908 4064 versicolore
2932 4007 3069 4060 stola
3096 4007 3317 4062 indutus
3340 4008 3556 4062 oberrat

1987 4104 2201 4169 urbem,
2236 4103 2491 4170 nullaque
2521 4101 2702 4170 populi
2729 4100 2866 4170 lege,
2898 4101 3048 4154 nullo
3081 4099 3558 4155 senatusconsulto

1987 4193 2309 4249 celebranda
2335 4190 2569 4262 Phrygio
2600 4193 2707 4245 ritu
2728 4189 2921 4244 Matris
2946 4190 3098 4260 orgia
3127 4189 3375 4259 suscipit.
3407 4187 3554 4242 Tan-

1985 4295 2095 4339 tam
2147 4285 2277 4339 urbs
2328 4285 2382 4338 in
2428 4285 2712 4354 peregrino
2765 4286 2991 4339 deorum
3043 4283 3192 4337 cultu
3249 4281 3553 4336 cautionem

1986 4376 2225 4442 adhibet,
2258 4375 2500 4444 adeoque
2535 4376 2770 4429 fabulam
2815 4391 3030 4430 omnem
3071 4373 3338 4444 dignitate
3370 4383 3423 4427 et
3459 4375 3556 4426 ho-

322 4470 585 4542 οτάμενος
604 4471 774 4524 ταῦτα
800 4471 1008 4546 οὐδενὸς
1028 4473 1226 4542 χεῖρον,
1249 4472 1395 4542 ὅμως
1417 4470 1655 4534 εὐλαϐῶς
1679 4471 1880 4526 διάκει-

1990 4477 2194 4523 nestate
2219 4483 2444 4522 vacuam
2486 4467 2612 4521 mali
2643 4467 2843 4522 ominis
2884 4468 3056 4521 instar
3095 4475 3396 4520 aversatur.
3451 4461 3558 4519 Nc-

387 4627 504 4701 (1ξ)
547 4627 796 4701 Θηιέἷαιἱ
837 4627 964 4701 Alii,
999 4628 1229 4682 τελεῖται
1252 4645 1270 4701 ’ν
1306 4629 1611 4701 Dionysius,
1670 4631 1877 4698 ἄγεται.

361 4698 502 4821 ’(13)
521 4699 668 4779 ~Trin»
691 4697 861 4752 ἐθῶν.
904 4697 980 4752 Ita
1007 4700 1376 4769 reponendum
1404 4697 1470 4754 ei
1497 4697 1754 4770 Dionysio
1783 4718 1880 4773 pro

361 4786 429 4819 ων
483 4785 606 4821 εων.

319 4785 429 4819 των
451 4785 606 4822 θεων.

393 4838 502 4913 (17)
541 4837 670 4913 Post
698 4839 1214 4913 κορυϐαντιασμούς·
1252 4838 1405 4892 Dion.
1439 4839 1690 4913 addLO'bx
1721 4841 1882 4913 ᾁγερ-

325 4907 492 4977 μούς,
511 4910 692 4976 stipem
719 4907 822 4962 diis
856 4910 973 4963 hinc
1002 4907 1122 4963 inde
1150 4918 1497 4977 corrogatam.
1550 4909 1707 4964 Forte
1742 4907 1882 4966 hanc

323 4995 509 5050 vocem
557 4979 741 5032 omisit
775 4979 979 5050 linseb.
1023 4981 1166 5049 quod
1214 4981 1375 5049 paulo
1428 4989 1550 5048 post
1601 4991 1878 5050 sequatur,

326 5048 531 5112 Romae,
560 5064 666 5101 non
705 5064 733 5101 a
772 5047 1303 5119 Romanisquidem,
1339 5047 1443 5104 sedi
1479 5047 1878 5106 tamen—Deum

324 5119 610 5190 Matt-illoc
639 5120 888 5190 obsequii
916 5135 1084 5190 genus
1112 5121 1429 5190 exhibitnm.

399 5187 507 5259 (18)
547 5189 823 5258 Βακχέως.
866 5187 1174 5261 Dionysius,
1212 5188 1487 5260 βακχείας,
1531 5190 1676 5259 quod
1711 5191 1900 5246 usita--

324 5259 435 5314 lius
461 5268 562 5313 est.

398 5327 506 5399 (19)
560 5327 979 5397 Ἐπεισῆκται,
1029 5339 1130 5384 etc.
1184 5329 1474 5399 Dionysius
1518 5331 1621 5385 hoc
1675 5331 1880 5385 modo:

335 5397 761 5472 ΪΕπεισηγάγετο
785 5399 1284 5472 ἱερὰ,τοίςᾉέαυτῆς
1325 5397 1463 5472 αὐτὰ
1508 5403 1643 5472 τιμᾷ
1681 5401 1883 5472 νόμοις,

327 5469 554 5541 ᾷπασαν
590 5469 921 5523 ὲκὸἀλλούσα
963 5469 1249 5540 τερθρείαν
1274 5470 1524 5541 μυθικήν.
1561 5469 1702 5526 sane
1743 5469 1884 5541 apud

331 5539 620 5613 Eusebium
663 5556 758 5607 pro
799 5541 1062 5613 νομίμως,
1099 5539 1380 5610 legendum
1411 5539 1574 5596 fuerit
1613 5539 1882 5613 νομίμοις,

325 5622 379 5663 ει
402 5609 696 5682 τερθρείαν*
717 5625 815 5679 pro
842 5609 1150 5682 τερθρείας.

395 5678 506 5762 (20)
539 5678 735 5748 Ἴερᾶςλ
763 5678 918 5762 dede.

327 5766 541 5818 propria
575 5767 677 5807 vox
707 5761 808 5805 est.

2048 4622 2187 4703 (20⁸)
2227 4621 2776 4703 Μηναγυρτοῦντες.
2840 4621 3169 4703 Dionysius,
3239 4638 3557 4692 μητραγυρ-

1982 4693 2220 4763 τοῦντες,
2248 4703 2302 4747 et
2349 4695 2509 4760 paulo
2549 4702 2671 4760 post
2713 4693 3108 4763 μητραγυρτῶν
3138 4705 3235 4761 pro
3277 4707 3556 4761 μηναγυρ-

1981 4764 2108 4816 τῶν.
2139 4761 2379 4832 Utraque
2417 4763 2576 4815 lectio
2614 4761 2783 4831 proba
2831 4774 2934 4816 est.
2974 4761 3079 4816 Sed
3125 4762 3185 4813 τὸ
3234 4777 3554 4832 μητραγυρ-

1981 4837 2113 4898 τεῖν,
2149 4830 2307 4887 deam
2336 4830 2722 4902 cxprimit,cui
2753 4834 2943 4901 stipem
2987 4841 3290 4902 cogerent,
3320 4830 3381 4883 τὸ
3415 4830 3554 4900 μην-

1983 4901 2421 4975 αγυρτεῖνᾲνογο,
2445 4912 2685 4975 tempus:
2713 4906 2893 4975 credo,
2925 4904 3066 4975 quod
3097 4901 3326 4975 singulis
3352 4903 3553 4975 mensif

1982 4971 2107 5029 bus'
2138 4975 2189 5028 id
2238 4973 2562 5027 factitarent.
2602 4972 2938 5041 Hesychius:
2972 4971 3358 5042 Μηναγύρτης,
3393 4972 3421 5022 ὁ
3446 4971 3555 5024 ἀπὸ

1988 5044 2156 5114 μηνὸς
2206 5044 2450 5111 συνάγων
2494 5042 2968 5120 πανηγύρειςρυυ
2999 5041 3360 5120 loc-(inminent
3394 5042 3553 5120 abes-

1984 5109 2065 5169 set
2113 5109 2561 5184 postremavox;
2609 5109 2972 5184 qua'nretiam
3026 5111 3161 5184 tollit
3194 5109 3552 5184 Subit-mad-

1983 5181 2158 5238 (lens:
2190 5182 2575 5253 Μηναγύρτης,
2603 5183 2756 5253 ὁᾼτῆς
2782 5182 2935 5245 Ῥέας
2962 5183 3159 5253 ἱερεὺς,
3183 5183 3210 5234 ὁ
3237 5181 3377 5235 κατὰ
3409 5182 3554 5252 μῆνα

1984 5255 2217 5325 ἀγείρων
2258 5230 2754 5325 καὶ⁶σ·)Γναθᾘοίζωνῖ

2056 5321 2162 5395 (21)
2188 5326 2415 5395 Τύπους
2426 5339 2500 5395 τεΔ
2513 5321 2899 5395 περικείμενοι
2913 5321 3035 5385 τοῖς
3051 5322 3359 5395 στήθεσιν.
3381 5322 3552 5374 Inter-

1984 5388 2108 5465 pres
2123 5388 2361 5465 Dionysii
2375 5393 2526 5446 vortit
2537 5388 2765 5465 ,pectoro
2777 5388 2828 5458 pl
2834 5393 3372 5465 augentes.l\'u_squam
3385 5401 3552 5465 certe,

1985 5462 2151 5544 τύπον
2167 5462 2330 5544 στήθε
2331 5481 2381 5516 σι
2399 5464 2854 5544 περικεῖσθαι,τὴν
2871 5480 2957 5544 ατε
2969 5463 3249 5534 ρνοτυπίαν
3266 5462 3552 5532 signiﬁcat.

2078 5535 2168 5604 ἐξ)
2209 5533 2269 5587 Β.
2304 5536 2370 5587 δι’
2402 5533 2745 5604 ἀλληγορίας.
2784 5533 2841 5586 ut
2871 5533 3087 5604 Dionys.

2078 5537 2168 5604 ἐξ)
2209 5537 2269 5587 L.
2304 5537 2370 5587 δι’
2402 5537 2745 5604 ἀλληγορίας.
2784 5541 2841 5586 ut
2871 5537 3087 5604 Dionys.

2058 5537 2169 5676 (23)
2210 5605 2522 5676 Δείγματα.
2560 5603 2683 5673 Legi
2708 5604 2955 5672 δείματα,
2974 5615 3028 5656 ut
3050 5605 3190 5674 apud
3209 5601 3548 5676 Dionysium.

1009 5672 1247 5752 ionysius
1270 5688 1477 5737 tantum
1521 5681 1731 5748 Ἰδαίας,
1769 5697 1882 5753 quae

1990 5672 2126 5744 Quid
2153 5672 2202 5732 si
2236 5672 2487 5753 δήγματα
2513 5672 2773 5743 legamus,
2801 5672 3160 5753 quaeritemus
3188 5674 3308 5729 ilios
3337 5672 3533 5727 calami

1993 5743 2158 5803 latum
2191 5743 2763 5816 perturbationumquc
2795 5743 3131 5814 significent?
