3948 6376
362 352 457 406 151

999 344 1274 403 EUSEBII
1313 342 1799 399 CAESARIENSIS
1837 342 1984 397 OPl’.
2031 334 2212 393 PARS
2251 334 2313 393 ΙΙ.
2356 365 2425 377 ——
2463 340 2964 399 APOLOGETICA.

3511 342 3611 398 152

350 485 458 538 que
487 482 616 522 vero
646 480 731 520 me
758 463 967 520 nescire
990 462 1280 531 quisquam
1310 459 1605 518 existimet,
1639 456 1915 510 nonnullas

2036 471 2132 526 μαι
2169 454 2303 526 πρὸς
2337 452 2553 521 αὐτοὺς,
2590 457 2683 511 καὶ
2718 458 2817 529 τὴν
2862 454 3147 527 Ῥωμαίων
3185 454 3384 524 μᾶλλον
3420 457 3611 511 ἀωδέ-

350 561 663 616 Graacorum
704 556 917 612 fabulas
956 554 1159 623 aliquid
1205 552 1521 607 hominibus
1560 549 1811 605 utilitatis
1846 548 1925 603 af-

350 653 513 717 ferre,
559 649 675 707 sive
722 658 929 703 natura:
972 660 1133 717 Opera
1183 644 1381 698 latente
1425 641 1711 696 verborum
1761 656 1925 697 sensu

350 750 759 813 repraesentem,
796 741 909 795 sive
954 738 1021 793 ad
1063 734 1391 805 mitigandas
1426 734 1792 789 humanorum
1836 748 1927 788 ca-

349 849 513 889 suum
551 833 834 889 molestias
874 829 1120 886 conﬁctaa
1163 826 1384 889 fuerint,
1425 825 1539 880 sive
1568 826 1633 880 ad
1661 826 1926 881 tollendas

347 926 653 981 animorum
692 923 1157 996 perturbationes,
1192 930 1478 990 metusque
1522 918 1925 974 levandos.sive

346 1018 413 1073 ad
454 1018 637 1073 minus
663 1033 826 1072 sanas
855 1014 1141 1085 opiniones
1171 1012 1530 1078 revellendas,
1558 1012 1671 1066 sive
1697 1010 1923 1065 alterius

350 1109 733 1178 (ujuscunque
768 1103 1175 1161 commoditatis
1211 1103 1382 1172 gratia
1420 1101 1758 1171 eompositar.
1819 1098 1925 1154 Ve-

346 1216 500 1263 rum,
541 1200 666 1253 licet
706 1198 807 1252 ista
844 1212 998 1265 aeque
1076 1194 1291 1259 norim,
1332 1209 1395 1248 ac
1437 1193 1616 1263 quivis
1651 1192 1823 1254 alius,
1865 1191 1923 1245 in

349 1290 615 1359 ejusmodi
668 1299 848 1344 tamen
902 1288 1099 1341 fabulis
1154 1301 1349 1357 magna
1399 1302 1615 1355 semper
1670 1284 1923 1340 cautione

341 1398 483 1451 opus
529 1396 652 1436 esse
703 1378 960 1444 arbitror,
1017 1393 1191 1447 eoque
1246 1378 1503 1432 libentius
1545 1374 1919 1430 Romanorum

345 1470 669 1539 theologiam
701 1469 962 1540 approbo,
1008 1484 1223 1523 mecum
1264 1468 1380 1538 ipse
1411 1476 1689 1537 reputans,
1722 1468 1919 1537 exigua

344 1564 637 1619 admodum
681 1564 770 1617 illa
805 1578 925 1618 esse
954 1561 1093 1616 bona
1120 1577 1240 1630 qua:
1265 1559 1469 1615 Graecis
1502 1559 1701 1615 fabulis
1738 1560 1918 1615 conti-

342 1662 561 1720 nentur,
596 1669 825 1724 quaaque
866 1668 974 1707 non
1016 1653 1084 1706 ad
1115 1652 1319 1723 plures,
1347 1652 1439 1706 sed
1482 1660 1689 1706 tantum
1733 1652 1798 1705 ad
1823 1666 1918 1705 eos

342 1746 618 1814 pertinere
650 1745 886 1816 possint,
918 1744 1012 1815 qui
1045 1761 1208 1814 quem
1253 1743 1305 1798 in
1337 1760 1562 1813 scopum
1603 1744 1736 1813 ipsa:
1765 1744 1918 1799 colli-

2030 566 2194 619 χομαι
2226 548 2502 617 θεολογίαν
2526 566 2540 581 ⁸
2574 550 2993 621 ἐνθυμούμενος,
3033 550 3115 603 ὅτι
3165 549 3232 602 τὰ
3262 549 3361 620 μὲν
3394 550 3458 603 ἐκ
3500 550 3609 605 τῶν

2041 642 2363 712 Ἑλληνικῶν
2399 642 2581 713 μύθων
2606 643 2807 712 ἀγαθὰ,
2850 642 3020 716 μικρά
3048 643 3106 696 τέ
3135 643 3246 696 ἐστι
3273 645 3367 697 καὶ
3399 644 3458 696 ού
3490 646 3610 699 πολι

2026 733 2151 797 λοὺς
2183 734 2455 805 δυνάμενα
2493 733 2746 804 ὠφελεῖν,
2784 734 2919 788 ἀλλά
2964 734 3123 805 μόνον
3170 736 3293 799 τοὺς
3344 736 3606 807 ἐξητακό-

2024 842 2142 889 τας,
2177 819 2250 878 ὦν
2283 826 2443 878 ἕνεκα
2492 827 2735 895 γίνεται·
2780 826 2995 880 σπάνιοι
3021 826 3067 878 δ’
3096 826 3231 879 εἰσὶν
3259 829 3307 879 οἱ
3359 829 3608 901 μετειλη-

2026 918 2185 985 φότες
2214 917 2417 987 ταύτης
2446 917 2544 988 τῆς
2570 917 2887 988 φιλοσοφίας
2905 934 2920 948 ·
2960 920 2988 971 ὁ
3018 917 3073 970 δὲ
3103 917 3270 981 πολὺς
3301 920 3394 972 καὶ
3420 920 3608 990 ἀφιλο-

2026 1010 2257 1079 σόφητος
2307 1010 2461 1080 ὄχλος
2496 1010 2590 1063 ἐπὶ
2638 1009 2708 1063 τὰ
2756 1010 2923 1082 χείρω
2966 1010 3261 1081 λαμϐάνειν
3291 1012 3434 1079 φιλεί
3476 1015 3605 1077 τοὺς

2024 1102 2152 1172 περὶ
2180 1102 2359 1155 αὐτῶν
2388 1102 2579 1171 λόγους
2603 1120 2616 1133 ·
2647 1104 2739 1156 καὶ
2787 1103 2982 1174 πάσχει
3014 1104 3237 1177 θάτερον
3269 1104 3400 1175 (24),
3434 1104 3466 1176 ἦ
3501 1123 3603 1160 και

2022 1196 2309 1264 ταφρονεῖν
2334 1194 2442 1247 τῶν
2476 1194 2633 1261 θεῶν,
2673 1194 2747 1257 ὡς
2792 1196 2848 1247 ὲν
2878 1194 3041 1266 πολλῇ
3078 1195 3463 1266 κακοδαιμονίᾳ
3504 1213 3604 1248 κν-

2022 1284 2399 1355 λινδουμένων,
2433 1286 2467 1356 ἢ
2497 1285 2605 1338 τῶν
2635 1286 2928 1356 αἰσχίστων
2971 1304 3030 1339 τε
3071 1287 3164 1341 καὶ
3207 1287 3604 1359 παρανομωτά-

2021 1392 2126 1427 των
2157 1375 2367 1439 ούδενὸς
2397 1376 2679 1447 ἀπέχεται,
2712 1376 2853 1440 θεοῖς
2873 1376 3014 1448 ὀρῶν
3041 1377 3180 1431 αύτά
3210 1379 3596 1448 προσκείμενα.

2033 1466 2191 1519 Ἀλλὰ
2230 1468 2356 1539 περὶ
2399 1468 2496 1538 μὲν
2523 1467 2748 1533 τούτων,
2772 1471 2881 1533 τοῖς
2905 1469 3036 1523 αὐτὸ
3070 1470 3229 1540 μόνον
3255 1469 3316 1522 τὸ
3345 1469 3602 1541 θεωρητι-

2021 1558 2113 1610 κὸν
2140 1561 2239 1629 τῆς
2285 1558 2601 1629 φιλοσοφίας
2650 1559 2813 1630 μέρος
2863 1558 3122 1613 ἀσκοῦσιν
3174 1560 3306 1629 (‘25),
3357 1559 3599 1629 ἀφείσθω

2020 1654 2275 1705 σκοπεῖν
2312 1652 2410 1723 τῆς
2452 1651 2508 1704 δὲ
2550 1652 2655 1705 ὑπὸ
2697 1651 2971 1723 Ῥωμύλου
3017 1652 3448 1723 κατασταθείσης
3498 1668 3600 1705 πο-

2018 1742 2221 1807 λιτείας
2251 1744 2345 1797 καὶ
2371 1743 2497 1797 τάδε
2525 1744 2815 1815 ἡγησάμην
2840 1745 3078 1816 ἱστορίας
3107 1745 3248 1811 ἀξια.
3291 1763 3309 1797 ι

340 1849 523 1908 neent,
557 1842 840 1912 diligenter
878 1848 1237 1910 accurateque
1273 1840 1666 1910 perspexerint.
1716 1839 2036 1907 Enimvero,
2104 1857 2229 1896 cum
2300 1838 2459 1910 pauci
2524 1840 2817 1894 admodum
2868 1840 2943 1893 illi
2994 1848 3142 1905 sunt,
3194 1838 3394 1908 quibus
3455 1838 3598 1893 hanc

340 1934 408 1987 ad
461 1933 859 2004 philosophiam
904 1933 1084 1987 aditus
1121 1941 1329 2003 pateat,
1376 1941 1489 1986 tum
1532 1947 1664 1988 sane
1710 1932 1864 1987 rudis
1905 1943 1959 1988 et
1997 1931 2250 2003 imperita
2308 1932 2602 1987 multitudo
2636 1932 2889 2001 vulgares
2927 1932 3060 1987 istos
3086 1932 3152 1986 de
3180 1932 3285 1985 diis
3314 1945 3591 1985 sermones

338 2025 665 2082 deteriorem
714 2027 768 2082 in
809 2038 1017 2097 partem
1067 2026 1413 2095 interpretari
1473 2028 1641 2092 solet,
1682 2038 1845 2098 atque
1887 2029 1939 2082 in
1981 2030 2213 2083 alterum
2268 2043 2298 2083 e
2362 2028 2575 2083 duobus
2616 2026 2835 2092 incidit,
2882 2036 2943 2081 ut
2988 2027 3071 2081 vel
3105 2027 3234 2081 deos
3275 2035 3599 2095 aspernetur

340 2126 418 2172 tot
468 2132 534 2172 ac
583 2118 749 2173 tantis
798 2117 1145 2174 miseriarum
1197 2117 1452 2173 ﬂuctibus
1505 2116 1771 2187 iactatos,
1818 2119 1903 2172 vel
1970 2119 2181 2173 nullum
2237 2116 2426 2188 ﬂagitii
2463 2117 2789 2187 scelerisque
2826 2133 2997 2189 genus
3040 2118 3337 2172 cavendum
3396 2115 3495 2169 sibi
3528 2131 3594 2171 ac

337 2210 719 2265 declinandum
765 2221 946 2280 putet,
985 2212 1097 2281 80
1139 2228 1261 2266 cum
1303 2226 1369 2266 ex
1414 2210 1519 2265 diis
1556 2212 1688 2281 ipsis
1732 2226 1907 2281 usque
1944 2211 2080 2267 adeo
2115 2209 2401 2265 familiaria
2428 2208 2593 2265 fuisse
2638 2209 2833 2264 videat.
2880 2208 3077 2265 Verum
3124 2209 3226 2263 ista
3281 2208 3595 2263 hominibus

339 2306 435 2370 iis,
493 2306 587 2376 qui
627 2306 695 2361 ad
744 2306 916 2361 solam
957 2307 1315 2377 philosophia
1365 2316 1593 2378 partem,
1636 2320 1757 2375 quae
1799 2314 1882 2360 est
1920 2305 1973 2359 in
2038 2303 2494 2375 contemplatione
2547 2303 2760 2373 posita,
2802 2303 3106 2368 adhaesere,
3149 2302 3460 2372 diligentias
3497 2316 3595 2355 ex-

338 2399 615 2469 pendenda
660 2399 1060 2467 relinquimus:
1090 2416 1189 2471 ego
1216 2415 1366 2466 vero,
1400 2402 1516 2456 hac
1558 2399 1748 2463 etiam,
1796 2414 1917 2468 quae
1958 2398 2268 2467 reipublicae
2298 2412 2328 2451 a
2355 2396 2589 2453 Romulo
2621 2396 2887 2451 institutze
2931 2395 3149 2466 propria
3209 2405 3354 2459 sunt,
3405 2394 3590 2463 digna,

336 2506 459 2559 qute
484 2492 762 2545 memoria:
789 2490 1167 2561 proderentur,
1195 2490 1401 2560 putavi.
1428 2510 1447 2543 ι
1490 2489 1762 2544 Hactenus
1787 2488 2101 2559 Dionysius.

407 2584 689 2651 Ejusmodi
720 2599 830 2639 non
870 2585 1032 2640 modo
1067 2601 1408 2641 summorum
1441 2586 1912 2655 philosophorum,

2086 2585 2166 2639 Τά
2197 2586 2297 2657 μὲν
2319 2586 2382 2658 δὴ
2412 2585 2763 2658 παραστάντα
2810 2588 2923 2651 τοῖς
2954 2585 3263 2657 κρατίστοις
3300 2583 3407 2637 τῶν
3441 2583 3592 2654 φιλο-

337 2675 428 2727 scd
476 2676 716 2744 ipsorum
766 2691 987 2746 quoque
1019 2675 1250 2731 Romani
1300 2677 1513 2746 imperii
1562 2676 1913 2731 fundatorum

2025 2679 2216 2747 σόφων,
2250 2680 2343 2733 καί
2366 2682 2477 2744 τοῖς
2507 2678 2752 2742 παλαιοῖς
2783 2680 2875 2731 καλ⁸
2902 2679 3135 2749 πρώτοις
3162 2678 3260 2748 τῆς
3304 2677 3591 2747 Ῥωμαίων

336 2780 400 2818 ac
442 2765 783 2835 principum,
828 2766 897 2820 de
959 2765 1275 2821 Grzecorum
1315 2766 1597 2821 hominum
1645 2766 1913 2835 theologia

2025 2771 2312 2840 ἡγεμονίας
2361 2771 2617 2841 περὶτῆς
2668 2770 2982 2840 Ἑλληνικῆς
3032 2769 3328 2838 θεολογίας,
3367 2768 3590 2822 τοιαῦτα

336 2858 598 2928 indicium
639 2858 787 2912 fuit:
829 2874 897 2913 ex
936 2874 1047 2927 quo
1098 2859 1465 2930 intelligimus,
1510 2875 1780 2930 nusquam
1819 2875 1914 2915 eos

2025 2857 2101 2934 ἧν,
2131 2863 2380 2933 οὐδαμῶς
2424 2862 2770 2934 φυσιολογίας
2800 2864 2855 2915 ἐν
2900 2865 3012 2925 τοῖς
3049 2863 3177 2931 περὶ
3219 2861 3356 2915 θεῶν
3402 2860 3589 2931 μύθοις

336 2944 741 2999 novam'istam
798 2946 851 2999 in
921 2944 1117 3002 fabulis
1158 2947 1387 3003 deorum
1429 2949 1741 3005 evolvendis
1778 2951 1915 3020 phy—

335 3034 618 3103 siologiam
662 3035 895 3105 probare
931 3038 1171 3093 voluisse
1222 3056 1235 3092 :
1273 3048 1482 3093 tantum
1515 3040 1698 3103 abest,
1728 3051 1786 3094 ut
1824 3055 1911 3094 so-

336 3123 583 3194 phisticis
629 3128 959 3198 quibusdam
1016 3132 1341 3201 prmstigiis,
1400 3142 1452 3186 et
1501 3132 1783 3202 dignitatis
1840 3134 1907 3186 ad

337 3218 570 3285 speciem
600 3219 916 3289 compositis
943 3219 1166 3289 januam
1201 3221 1492 3291 aperirent.
1519 3221 1624 3277 Sed
1650 3224 1906 3292 quoniam

335 3309 500 3363 semel
537 3310 767 3365 istorum
799 3326 1017 3381 quoque
1040 3313 1334 3366 vanitatem
1365 3322 1557 3382 sponte
1588 3314 1911 3383 redarguen-

333 3399 458 3453 dam
492 3402 856 3471 suscepimus,
894 3418 991 3472 age
1024 3402 1157 3472 quid
1196 3402 1441 3472 praeclari
1482 3404 1697 3458 tandem
1730 3406 1908 3457 numi-

335 3491 605 3562 nibusque
634 3493 782 3564 digni
819 3509 1007 3548 eorum
1039 3495 1512 3564 interpretationes
1548 3506 1601 3551 et
1629 3512 1909 3552 commen-

338 3584 572 3640 tationes
610 3585 860 3651 aﬂ‘erant,
886 3589 1170 3642 videamus
1200 3606 1211 3641 :
1244 3588 1324 3642 sic
1349 3597 1528 3643 tamen
1564 3590 1696 3643 nihil
1729 3602 1788 3645 ut
1814 3606 1910 3646 ore

2016 2954 2451 3025 παραδεχόμενα,
2478 2954 2597 3007 οὐδέ
2626 2970 2689 3022 γε
2714 2954 2812 3018 τὰς
2851 2956 3203 3026 σεμνοφανεῖς
3227 2955 3320 3006 καὶ
3350 2970 3589 3021 σοφιστι-

2017 3046 2119 3109 κάς
2150 3046 2454 3119 τερθρείας.
2498 3048 2686 3118 Ἡμεῖς
2717 3065 2780 3116 γε
2822 3047 2928 3118 μὴν
2973 3048 3201 3118 ἐπείπερ
3228 3044 3373 3109 ἆπαξ
3398 3045 3592 3116 ὡρμήοι

2018 3135 2190 3206 θημεν
2216 3137 2308 3189 ἐπὶ
2346 3137 2440 3191 καὶ
2467 3137 2557 3191 τὸν
2596 3137 2802 3191 τούτων
2843 3137 3081 3206 ἔλεγχον,
3119 3135 3248 3209 φέρε
3279 3135 3377 3199 τὰς
3418 3136 3588 3207 ἑρμη-

2015 3228 2161 3292 νείας
2190 3228 2366 3282 αὐτῶν
2412 3228 2506 3282 καὶ
2553 3229 2802 3301 θεωρίας,
2836 3228 2888 3281 τί
2939 3246 3067 3281 ποτε
3108 3228 3214 3300 ἄρα
3252 3227 3442 3298 σεμνὸν
3493 3228 3585 3278 διαὶ

2016 3320 2312 3393 θεοπρεπὲς
2345 3322 2773 3394 ὲπικομίζονται,
2818 3322 3122 3393 κατίδωμεν
3144 3338 3160 3353 ·
3197 3322 3361 3394 μηδὲν
3398 3321 3493 3391 μὲν
3527 3320 3585 3384 ἐξ

2015 3413 2191 3483 ἡμῶν,
2222 3415 2399 3469 πάντα
2444 3415 2500 3468 δὲ
2543 3418 2661 3479 ταῖς
2706 3416 2883 3469 αὐτῶν
2933 3417 3137 3483 φωναῖς
3185 3412 3583 3485 σνγχρὼμενοι,

2015 3503 2090 3567 ὡς
2136 3504 2202 3558 ἂν
2238 3508 2366 3578 παρ’
2396 3507 2572 3559 αὐτῶν
2610 3504 2763 3571 αὖθις
2804 3507 2873 3559 τὰ
2904 3505 3081 3559 αὐτῶν
3125 3507 3298 3558 οἰκεῖα
3340 3504 3587 3573 κατοςιά-

2017 3592 2217 3665 θωμεν.

333 3677 625 3748 loquamur
676 3687 887 3745 nostro,
931 3681 1025 3735 sed
1063 3680 1246 3734 omnia
1314 3679 1605 3749 ipsissimis
1679 3697 1866 3737 eorum
1921 3684 2102 3740 verbis
2153 3701 2411 3761 concepta
2459 3692 2852 3760 producamus,
2911 3705 3119 3760 suaque
3171 3702 3362 3743 rursus
3410 3685 3583 3741 abiis

337 3772 594 3842 mysteria
636 3772 951 3827 doceamur.

338 3992 579 4009 *υ

733 4155 2067 4271 ΠΡΟΠΑΡΑΣΚΕΥΗΣ
2174 4148 3237 4267 ΕΥΑΓΓΕΛΙΚΗΣ

1488 4377 1927 4465 ΒΙΒΛΙΟΝ
2000 4380 2426 4464 ΤΡΙΤΟΝ.

486 4725 1505 4821 ΡΒῙΕΡΑΒΑΤῙΟΝῙΞ
1576 4698 2367 4824 ΕνΑΝαΕιιοίΕ
2439 4731 2803 4820 LIBER
2878 4730 3438 4821 TERTIUS.

2116 5075 2301 5132 ΤΑΔΕ
2329 5078 2679 5133 ΠΕΡΙΕΧΕΙ
2726 5079 2803 5130 ΊὉ
2848 5076 3111 5131 ΊῬΙΤΟΝ
3138 5072 3469 5128 ΒῙΒΛΙΟΝ.

2008 5174 2077 5238 α’.
2112 5168 2252 5238 Περὶ
2286 5167 2397 5237 τῆς
2436 5166 2752 5235 Ἐλλήνων
2774 5164 3039 5237 φυσικῆς
3065 5165 3397 5233 θεολογίας.

2009 5237 2076 5310 βξ.
2105 5237 2410 5310 rapti.th
2437 5238 2580 5307 ᾠδή.

2005 5305 2074 5378 γ’.
2111 5305 2251 5394 ῃερι
2292 5309 2403 5378 τῆς
2440 5305 2776 5378 Αἰγυπτίων
2808 5305 3336 5377 ἀλληγορουμένης
3367 5307 3576 5361 θεολο-

2116 5398 2130 5431 ι
2216 5419 2228 5431 .

2003 5397 2233 5503 θεῖ’ἓὲ
2263 5449 2395 5517 περὶ
2420 5448 2539 5502 τῶν
2557 5449 2772 5514 αὐτῶν,
2805 5448 2901 5503 καὶ
2930 5448 3018 5500 ὅτι
3052 5445 3167 5513 τὴν
3195 5443 3403 5517 πᾶσαν
3430 5444 3575 5517 dra-

2075 5521 2266 5589 φορὰν
2298 5515 2407 5588 τῆς
2454 5517 2742 5603 τροπικῆς
2789 5518 2987 5573 αὐτῶν
3026 5516 3267 5584 θεωρίας
3290 5516 3386 5569 ἐπὶ
3414 5515 3575 5584 μόνα

641 5074 748 5144 ει
783 5072 1038 5129 TERTII
1060 5074 1270 5130 LIBRI
1291 5075 1584 5133 CAPITA.
1929 5084 1974 5143 c

328 5165 381 5242 1.
417 5159 497 5242 ρ(
517 5167 755 5220 naturali
788 5165 1093 5242 (iratorum
1123 5170 1405 5242 theologia.

323 5236 379 5305 ξ’..
413 5234 639 5305 armet:
664 5238 919 5305 nuptiale.

324 5303 377 5357 ξι.
408 5303 485 5357 De
512 5303 798 5377 allegorica
822 5307 1203 5379 ngyptiorum
1228 5312 1511 5383 theologia.

326 5432 375 5486 ι.
403 5434 481 5488 De
504 5437 685 5491 eadem
709 5437 1085 5515 Egyptiorum
1117 5444 1447 5515 physiologia
1468 5461 1487 5499 :
1520 5444 1756 5515 quodque
1779 5446 1899 5499 uni-

391 5522 593 5560 versam
627 5514 846 5564 moralis
889 5514 1331 5583 interpretationis
1362 5514 1897 5570 accontmodationem

2072 5698 2180 5766 (25)
2248 5697 2579 5752 Ασκοῦσιν.
2606 5696 2787 5764 Dion.,
2820 5697 3339 5769 ἀποτετηρημὲνοις,
3360 5706 3573 5752 utrum-

1998 5784 2102 5831 que
2132 5778 2358 5823 rectum.

322 5686 771 5831 οάςέἒζνίιάσχει
802 5692 1069 5765 θάτερον.
1114 5696 1427 5768 Dionysius,
1477 5696 1703 5767 πάσχειν
1746 5698 1888 5752 δνοῖν
