3948 6376
236 317 315 372 ίδδ
1333 303 1652 360 ΡῐιιιΕΡΑιι.
1695 305 1722 360 ε

1835 305 1942 362 NG.
1984 303 2111 358 LIB.
2155 300 2238 358 lli.

3300 297 3396 352 154

286 420 648 494 τὰφαινόμενα
674 415 802 494 κατῖ
833 417 1091 494 οὐρανιξν
1120 416 1328 494 ἄστρα,
1361 416 1461 494 ἐστί
1483 433 1546 469 τε
1570 416 1722 485 ὕδωρ

1895 418 1964 469 ad
1989 433 2049 469 ea
2077 424 2299 476 tantum,
2327 430 2442 483 qua:
2460 415 2513 467 in
2536 413 2662 494 caelo
2683 425 2834 466 astra
2854 423 3156 494 cernuntur,
3180 431 3394 487 aquam,

283 486 515 578 ξαῖπῦρ,
540 489 633 540 καὶ
673 489 745 540 τὰ
767 489 950 540 λοιπὰ
976 487 1127 555 μέρη
1170 487 1276 539 τοῦ
1330 486 1559 555 κόσμου
1587 504 1724 555 μετ-

228 580 518 719 (ﬂagrant
547 626 731 681 ταῦτα
797 625 1000 692 πάσης
1047 624 1282 693 ὑπῆρχε
1308 626 1502 696 μεστὰ
1554 644 1730 681 κατα-

227 717 559 842 ςυῧξεῖξὲι
582 765 692 842 τῆς
717 763 1124 842 φυσικωτέρας
1159 766 1356 821 αὐτῶν
1396 767 1528 842 περὶ
1579 765 1729 842 θεῶν

275 841 479 908 θεωρίας
505 835 765 908 εὐλόγως
814 835 1334 908 ᾁναχωρήσαντες,
1375 837 1490 904 τὴν
1527 839 1728 906 μόνην

271 905 548 976 καῖ’ἁληθῆ
593 906 903 974 θεολογίαν
924 905 1416 976 προετιμήσαμεν.

219 1048 268 1111 ζ’.
292 1044 497 1107 Ὀποίας
529 1044 588 1094 οἱ
620 1039 886 1112 νεώτεροι
919 1038 1037 1112 τῶν
1067 1042 1416 1110 φιλοσόφων
1446 1042 1568 1108 τοῖς
1593 1044 1723 1112 περὶ

270 1115 392 1169 θεῶν
409 1114 611 1181 μύθοις
636 1109 1023 1181 συνέξελεξςιν
1050 1113 1274 1181 (ιὶτιολο
1284 1109 1430 1181 plac.

215 1194 271 1256 η’,
296 1177 541 1256 Περίξτῆς
585 1177 846 1256 παλαιᾶς
890 1178 1024 1256 ’τῶν
1071 1177 1303 1256 ξοᾴνων
1347 1177 1726 1252 κατασκευῆς

269 1249 679 1318 καίίόρύσεως,
717 1251 783 1302 ἐκ
815 1249 918 1302 τοῦ
940 1250 1345 1319 Πλουτάρχου.

213 1327 262 1380 θ’.
293 1327 398 1377 Ἔτι
417 1323 542 1389 περὶ
567 1319 668 1388 τῆς
698 1320 1216 1389 ἁλληγορουμὲνης
1273 1323 1582 1388 Ἑλλήνων
1626 1325 1721 1377 καί

264 1395 476 1460 Αιγυπτί
479 1409 563 1444 ων
594 1390 921 1459 θεολογίας.

213 1471 252 1520 ι’.
274 1457 529 1530 Ἔλεγχος
566 1459 659 1513 καὶ
697 1457 1005 1527 ἀνατροπὴ
1056 1457 1167 1527 τῆς
1204 1461 1302 1513 καὶ
1351 1463 1577 1515 τούτων
1615 1464 1722 1526 βε-

260 1529 550 1597 ϐιιισμένης
576 1529 943 1595 ἀποδόσεως.

211 1598 852 1670 ια’.Ἔζ1εγχοςισχι.ιρύς
883 1598 990 1668 τῆς
1038 1598 1154 1652 τῶν
1199 1601 1576 1668 Ἑλληνικῶν
1632 1603 1724 1657 δο-

261 1673 459 1743 γμάτων
485 1671 765 1743 ἐνταῦθα.

1903 489 2094 556 ignem,
2126 503 2186 538 ac
2220 496 2434 538 caeteras
2468 484 2649 536 mundi
2676 493 2849 553 partes
2880 484 3236 541 traduxerim.

1827 628 1880 680 5.
1927 624 2145 678 Nullam
2181 625 2285 677 ista
2321 623 2611 677 damnandi
2660 624 2741 675 sui
2777 640 2991 676 causam
3035 641 3126 692 per
3156 643 3265 680 sese
3291 643 3394 682 non

1897 695 2200 764 prwbuisse.

1828 763 2044 820 6.7Jure
2091 780 2185 817 nos
2217 765 2280 817 ab
2325 781 2386 817 ea
2419 779 2620 833 quoque
2653 763 2717 816 de
2762 765 2864 817 diis
2899 765 3120 818 istorum
3166 767 3396 833 philoso-

1897 835 2096 906 phandi
2124 836 2327 887 ratione
2348 875 2360 892 ,
2391 849 2506 904 quae
2547 835 2760 906 propius
2787 837 2856 906 ad
2886 847 3130 888 naturam
3156 839 3396 892 accedere

1894 905 2148 967 uideatur,
2174 906 2459 966 recessisse,
2477 905 2741 974 eidemque
2763 905 2930 957 solam
2953 922 3223 976 veramque
3249 907 3384 962 theo-

1893 977 2084 1044 logiam
2109 978 2480 1043 attleposuissc.

1830 1045 1880 1100 7.
1913 1049 2184 1110 Quasnam
2213 1047 2521 1106 recentiores
2552 1045 2845 1112 philosophi
2881 1062 3071 1098 causas
3110 1057 3263 1114 atque
3306 1061 3396 1100 m-

1934 1119 2098 1170 tiones
2128 1117 2196 1167 ad
2238 1126 2427 1168 veteres
2457 1116 2520 1168 de
2555 1116 2657 1166 (liis
2707 1115 2916 1183 fabulas
2952 1121 3290 1170 atlea‘uerint.

1826 1187 1876 1242 8.
1909 1187 1982 1240 De
2014 1187 2187 1254 prisca
2219 1185 2506 1238 simulacra
2552 1187 2860 1253 conﬁciendi
2899 1186 3264 1256 statuendique
3305 1205 3393 1242 ras

1899 1263 2054 1318 tione,
2085 1271 2148 1308 ex
2182 1256 2486 1308 Plutarcho.

1825 1329 1876 1382 9.
1921 1327 2257 1381 Continuatio
2293 1327 2563 1396 theologia:
2589 1323 2891 1380 Gt'tccorum
2933 1337 2980 1380 et
3019 1325 3391 1395 zEgyptiorum
3485 1387 3488 1390 ,

1896 1397 2162 1466 allegoriis
2196 1396 2493 1464 explicataz.

1825 1468 2160 1548 10.‘Coa.ctw
2180 1483 2242 1520 ac
2270 1467 2505 1520 violento:
2541 1468 2763 1520 istorum
2792 1466 3290 1521 accomntodntionis
3315 1485 3395 1521 re-

1935 1547 2120 1591 utatto.

1825 1538 2302 1743 li.fn{’:¢lli)dissima
2331 1607 2633 1662 Grazcorum
2675 1608 2770 1661 hoc
2797 1608 2851 1660 in
2878 1623 3061 1677 genere
3087 1607 3395 1676 dogmatum

1894 1695 1987 1732 6οη
2019 1690 2208 1731 ιιιιιῑιο.

1894 1690 2208 1732 εοηΙιιιιιῑιο.

208 1740 415 1810 ιθ⁹ξ’11ερί
464 1743 574 1796 τοῦ
630 1741 778 1794 κατὰ
818 1740 931 1808 τὴν
988 1741 1420 1810 Ἐλεφαντίνην
1460 1741 1722 1812 ἁγάλμα-

1832 1749 1912 1804 l2.
1947 1740 2019 1802 De
2046 1750 2351 1812 simulacro,
2377 1749 2515 1819 quod
2547 1747 3004 1816 Elepltantinopoli
3033 1749 3240 1802 visitur.

263 1831 361 1866 τος.

205 1833 410 1950 ιγ’ῗῖίέρί
438 1882 544 1935 τοῦ
577 1882 646 1934 ὲν
691 1882 885 1935 Ἡλίου
911 1882 1082 1934 πόλει
1116 1879 1407 1950 θυομένου
1451 1881 1531 1947 τῷ
1574 1884 1725 1951 ’ἡλίῳ

289 1956 394 2006 σός.

205 1957 410 2079 sigea}
456 2023 567 2088 τὰς
599 2022 854 2092 μυθικὰς
888 2020 1023 2092 περὶ
1075 2021 1225 2075 θεῶν
1265 2021 1574 2091 διηγήσεις
1611 2025 1725 2077 ἀπ-

255 2095 476 2163 έλεγχον
508 2094 750 2163 ἐναντία
783 2091 1158 2163 πράττοντες.

203 2162 380 2219 exon
403 2163 500 2216 καὶ
529 2164 636 2229 τὰς
656 2162 770 2216 τῶν
799 2162 1143 2231 φιλοσόφων
1159 2163 1398 2228 θεωρίας
1419 2163 1724 2216 ἐϐεϐαίωνν

254 2235 333 2288 διὰ
360 2233 467 2287 τῶν
499 2234 810 2302 χρησμῶν,
871 2231 1154 2297 ἐναντίως
1185 2231 1306 2297 τοῖς
1365 2234 1495 2301 περὶ
1529 2233 1726 2286 αὐτῶν

247 2307 429 2373 μύθοις
455 2303 958 2372 ἀλληγοροῦντες.

201 2367 274 2442 ιςῖ.
306 2367 420 2428 ’Ὁτὶ
448 2374 568 2426 τῶν
608 2367 922 2445 ἀδυνάτων
954 2369 1199 2445 πέφυκε
1227 2367 1394 2445 ,εἶναι
1458 2373 1530 2427 τὰ
1571 2373 1723 2445 μέρη

257 2446 344 2499 τοῦ
371 2445 600 2511 κόσμου
651 2445 690 2511 ἢ
742 2444 845 2508 τὰς
875 2441 1035 2506 θείας
1087 2440 1370 2513 δυνάμεις
1426 2440 1725 2513 γοητικὰῖς

249 2510 507 2584 ἀνάγκαις
533 2513 952 2582 μεθέλκεσθαι,
1002 2513 1099 2565 καί
1130 2510 1227 2564 διὰ
1261 2510 1550 2584 χρησμῶν
1599 2513 1724 2580 τοῖς

248 2583 476 2653 ἐρωτῶσι
510 2585 831 2645 θεσπίζειν.

195 2652 401 2720 ιξνέὌτι
432 2654 788 2724 θαιμονικῆς
841 2653 1139 2721 ἐνεργείας
1197 2652 1392 2707 πάντα
1423 2652 1488 2706 τὰ
1531 2653 1726 2708 τοιάδε

245 2743 489 2794 τυγχιινει
505 2774 516 2781 .

762 2837 1158 2891 ΠΡΟΟΙΜΙΟΝ.

245 2925 312 2978 Τά
333 2927 422 2996 μὲν
455 2926 816 3004 παραστάντα
855 2929 965 2991 τοῖς
1014 2927 1321 2998 κρατίστοις
1375 2926 1480 2979 τῶν
1510 2926 1724 2995 φιλοσό-

191 3034 300 3083 φων,
331 3018 417 3071 καὶ
436 3023 565 3082 τοῖς
581 3018 830 3081 παλαιοῖς
885 3020 979 3072 καὶ
1007 3017 1244 3090 πρώτοις
1284 3016 1380 3088 τῆς
1439 3019 1726 3089 Ῥωμαίων

1824 1882 1932 1952 82
1958 1882 2043 1937 l3.
2069 1880 2140 1934 De
2163 1881 2305 1936 bove.
2329 1881 2417 1950 qui
2435 1880 2573 1944 apud
2590 1878 2908 1948 Heliopolim
2926 1877 3040 1932 Soli
3065 1881 3392 1934 immolatur.

1826 2018 1912 2073 M.
1945 2017 2238 2072 Fabulosas
2260 2019 2322 2070 de
2347 2019 2448 2070 diis
2475 2019 2806 2072 narrationes
2829 2015 2893 2070 ab
2917 2017 3024 2070 illis
3045 2018 3395 2088 ipsieoargui,

1892 2089 1982 2158 qui
2009 2093 2279 2141 contraria
2309 2088 2532 2156 faciant.

1825 2159 1912 2213 15.
1957 2159 2088 2212 Deos
2128 2160 2265 2226 ipsos
2301 2158 2727 2228 philosophorum
2772 2159 3231 2211 commentationes
3273 2173 3389 2228 ora-

1896 2229 2027 2282 culis
2055 2230 2164 2282 suis
2195 2231 2550 2298 con/irmasse,
2573 2238 2860 2297 pugnantes
2891 2244 3009 2280 cum
3032 2229 3232 2295 sparsis
3256 2227 3318 2280 de
3341 2241 3396 2281 se

1898 2299 2091 2369 [anulis
2119 2298 2399 2369 allegorias
2429 2300 2726 2353 statuendo.

1825 2367 1912 2425 16.
1947 2368 2092 2423 Fieri
2145 2367 2245 2422 non
2293 2386 2476 2439 posse.
2512 2379 2568 2422 ut
2611 2369 2793 2422 mundi
2824 2378 3020 2436 partes.
3065 2378 3157 2421 aut
3205 2367 3398 2422 divinat

1895 2441 2109 2494 virtutes
2179 2441 2546 2494 illecebrarum
2598 2440 2907 2492 necessitate
2947 2439 3296 2503 deducantur,
3345 2450 3395 2493 et

1894 2511 2279 2564 consulentibus
2310 2527 2400 2580 per
2425 2509 2640 2563 oracula
2665 2512 3030 2580 respondeant.

1826 2649 1912 2704 l7.
1950 2648 2076 2703 ιιωσ
2120 2648 2296 2701 omnia
2339 2652 2635 2702 dwmonum
2681 2649 2786 2700 arti
2843 2664 2904 2701 ac
2941 2649 3226 2719 pra'stigiis
3260 2649 3396 2702 assi-

2426 2719 2636 2770 ananda
2660 2735 2787 2770 esse.

2425 2735 2636 2789 guanaa
2660 2735 2787 2772 esse.

2396 2830 2812 2887 PROOEMIUM.

1897 2925 2172 2996 Ejusmodi
2198 2926 2412 2995 quidem
2446 2941 2556 2980 non
2590 2927 2752 2979 modo
2781 2941 3120 2979 summorum
3149 2925 3393 2994 philoso-

1828 3020 2084 3090 phorum,
2117 3019 2208 3074 sed
2245 3018 2489 3088 ipsorum
2518 3032 2736 3087 quoque
2770 3015 3003 3070 Romani
3036 3017 3246 3087 imperii
3276 3016 3394 3071 fun-

185 3108 441 3178 ἡγεμονίας
473 3109 608 3181 περὶ
638 3110 737 3180 τῆς
775 3109 1090 3181 Ἑλληνικῆς
1152 3109 1446 3180 θεολογίας,
1496 3110 1719 3164 τοιαῦτα

1832 3113 2070 3168 latorum
2090 3127 2153 3166 ac
2174 3110 2502 3180 principum,
2521 3109 2588 3164 de
2610 3108 2923 3165 Graecorum
2940 3108 3221 3162 hominum
3241 3109 3394 3163 theo-

185 3192 254 3266 ἦν,
285 3199 521 3270 οὐδαμῶς
552 3201 893 3270 φυσιολογίας
947 3203 1004 3256 ὲν
1045 3205 1155 3266 τοῖς
1201 3205 1331 3274 περ).
1364 3203 1502 3256 θεῶν
1531 3202 1721 3274 μύθοις

184 3289 590 3360 παραδεχόμενα,
621 3291 740 3343 οὐδέ
762 3309 825 3359 γε
856 3291 956 3356 τὰς
983 3296 1335 3362 σεμνοφανεῖς
1361 3295 1454 3347 καὶ
1482 3311 1720 3363 σοφιστιε-

184 3379 266 3440 κάς
311 3380 614 3451 τερθρείας.
649 3381 836 3452 Ἡμεῖς
863 3399 924 3452 γε
953 3383 1059 3454 μὴν
1100 3385 1325 3459 ἐπείπερ
1384 3385 1722 3457 ὡρμήθημεν

181 3469 255 3522 ἐπὶ
275 3472 356 3524 τὸν
377 3472 583 3526 τούτων
605 3472 841 3543 ἔλεγχον,
907 3475 1037 3546 φέρε
1076 3475 1175 3540 τὰς
1217 3478 1508 3549 ἑρμηνείας
1545 3479 1723 3533 αὐτῶν

181 3562 257 3614 καὶ
286 3561 536 3633 θεωρίας,
562 3565 614 3618 τί
647 3583 774 3620 ποτε
807 3567 912 3639 ἄρα
938 3567 1131 3636 σεμνὸν
1159 3570 1251 3623 καὶ
1283 3568 1581 3640 θεοπρεπὲς
1604 3571 1723 3623 ὲπι-

179 3651 484 3720 κομίζονται,
553 3656 871 3727 συνίδωμεν,
926 3658 1094 3728 μηδὲν
1132 3659 1230 3729 μὲν
1255 3659 1314 3724 ἐξ
1338 3659 1513 3730 ἡμῶν,
1547 3660 1724 3714 πάντα

177 3741 222 3795 δὲ
245 3748 350 3806 ταῖς
376 3745 558 3799 αὐτῶν
584 3750 786 3815 φωναῖς
845 3750 1236 3820 συγχρώμενοι,
1266 3751 1341 3814 ὡς
1368 3751 1433 3804 ἂν
1467 3753 1595 3824 παρ’
1624 3753 1723 3806 αὐ-

175 3832 265 3887 τῶν
293 3831 443 3900 αὖθις
468 3837 539 3890 τὰ
565 3839 744 3891 αὐτῶν
771 3839 943 3910 σεμνὰ
966 3842 1059 3895 καὶ
1089 3843 1374 3915 ἀπόρρητα
1397 3844 1725 3915 καταμάθω-

180 3945 277 3997 μεν.
307 3931 539 4002 Μυρίοις
569 3933 665 4002 μὲν
697 3929 790 3986 οὖν
818 3932 996 3998 ἄλλοις
1051 3934 1156 3988 τῶν
1193 3935 1498 4005 φιλοσοφεῖν
1553 3939 1723 4006 ἐπαγ-

175 4018 490 4093 γελλομένων
516 4023 678 4087 πολὺς
707 4025 836 4096 περὶ
871 4025 1077 4080 τούτων
1128 4027 1374 4098 εἰσῆκται
1405 4029 1583 4092 πόνος,
1609 4029 1725 4083 δια-

176 4112 348 4183 φόρους
382 4115 486 4178 τὰς
510 4117 686 4171 αὐτῶν
738 4117 1136 4188 εὐρεσιολογίας
1183 4119 1590 4191 πεποιημένοις,
1630 4122 1724 4175 καὶ

174 4204 221 4256 τὺ
241 4207 520 4277 παραστάν
545 4211 634 4261 καὶ
657 4207 811 4272 δόξαν
842 4209 1070 4280 ἑκάστῳ,
1105 4210 1250 4264 τοῦτ’
1272 4207 1408 4266 εἶναι
1436 4213 1497 4265 τὸ
1528 4212 1725 4282 ἀληθὲς

173 4294 683 4368 ἁπισχυριζομένοις·
719 4300 840 4370 ἐμοὶ
902 4301 958 4354 δὲ
1010 4301 1230 4374 ἐξαρκεῖ
1275 4302 1373 4366 τὰς
1422 4304 1724 4371 ἀποδείξεις

173 4388 263 4440 ἀπὺ
285 4390 390 4443 τῶν
420 4391 654 4462 μάλιστα
675 4391 969 4461 διαφανῶν,
1003 4395 1098 4448 καὶ
1120 4397 1252 4448 πᾶσι
1279 4397 1392 4459 τοῖς
1415 4396 1722 4466 φιλοσόφοις

171 4481 468 4552 γνωρίμων,
492 4483 645 4547 κλέος
667 4501 724 4536 τε
774 4485 835 4538 οὐ
872 4487 1063 4558 μικρὸν
1089 4487 1405 4558 φιλοσοφίας
1437 4491 1569 4561 παρ’
1598 4489 1723 4543 ’Ἐλ-

171 4570 307 4640 λησιν
348 4575 806 4646 ἀπενηνεγμένων
858 4583 1176 4651 παρασχεῖν.
1222 4575 1319 4635 Ὦν
1358 4581 1572 4652 πρῶτον
1630 4581 1726 4635 λα-

171 4661 282 4727 ϐὼν,
309 4667 585 4735 ἀνάγνωθι
617 4668 710 4722 τοῦ
743 4671 1064 4743 Χαιρωνέως
1110 4672 1453 4744 Πλουτάρχου
1476 4673 1574 4737 τὰς
1599 4675 1728 4746 περὶ

169 4752 262 4805 τῶν
287 4755 663 4827 προκειμένων
693 4757 893 4827 φωνάς,
944 4761 1001 4814 ἐν
1040 4755 1127 4824 αἷς
1185 4762 1523 4833 σεμνολογῶν
1550 4780 1726 4832 παρα-

166 4845 339 4916 τρέπει
372 4847 501 4912 τοὺς
531 4847 752 4920 μύθους,
789 4851 871 4920 ἐφ’
894 4850 987 4916 οὓς
1023 4861 1205 4923 ’φησιν
1253 4851 1392 4908 εἶναι
1422 4855 1725 4927 μυστηριώ-

165 4934 260 5000 δεις
281 4936 579 5006 θεολογίας.
619 4941 716 5004 "Ag
740 4939 801 5012 δὴ
824 4941 1200 5007 ἐκκαλύπτων,
1230 4946 1312 4998 τὸν
1343 4948 1441 5017 μὲν
1469 4947 1718 5000 Διόνυσον

163 5028 248 5099 τὴν
281 5029 456 5102 μέθην
489 5026 626 5085 εἶναι
678 5050 858 5104 φησιν,
882 5035 1062 5090 οὐκέτι
1095 5037 1182 5089 τὸν
1216 5039 1319 5091 ὑπὸ
1360 5040 1458 5110 τῆς
1485 5038 1719 5109 ἱστορίας

163 5119 212 5169 ἐν
263 5120 342 5192 τῷ
373 5121 484 5193 πρὸ
525 5122 713 5176 τούτου
761 5125 1149 5198 συγγράμματι
1191 5128 1556 5200 δεδηλωμένον
1588 5129 1719 5201 θνη-

160 5212 240 5263 τὸν
281 5214 472 5286 ἅνδρα⁶
503 5214 598 5288 τὴν
642 5216 698 5270 δὲ
727 5217 924 5289 Ἥραν,
953 5219 1051 5291 τὴν
1093 5221 1358 5293 γαμήλιον
1400 5221 1587 5294 ἀνδρὸς
1627 5222 1719 5276 καὶ

161 5308 407 5372 γυναικὸς
437 5309 730 5381 συμϐίωσιν
755 5311 886 5382 (26).
919 5307 1054 5378 Εἶθ’,
1083 5312 1269 5386 ὥσπερ
1298 5315 1716 5387 ἐπιλελησμένος

159 5395 244 5465 τῆς
282 5399 621 5466 ἀποδόσεως,
676 5402 865 5476 ἑτέραν
914 5404 1040 5476 ἑξῆς
1079 5408 1414 5478 ὲπισυνάψας
1455 5409 1714 5479 ἱστορίαν,

160 5486 248 5555 τὴν
277 5490 461 5562 ’Ἦραν
498 5494 680 5548 οὐκέτι
725 5495 800 5559 ὡς
845 5495 906 5549 τὸ
949 5499 1232 5570 πρότερον,
1277 5499 1411 5553 ἀλλὰ
1449 5499 1546 5570 τὴν
1615 5501 1716 5572 γῆν

159 5578 428 5650 ὀνομάζειο
453 5583 634 5654 Λήθην
657 5584 712 5637 δὲ
740 5587 832 5639 καὶ
858 5586 1066 5654 Νύκτα,
1096 5590 1193 5661 τὴν
1229 5588 1409 5662 Λητώ·
1437 5590 1529 5643 καὶ
1557 5588 1717 5643 πάλιν

1824 3206 1964 3276 logia
1990 3205 2254 3275 judicium
2291 3203 2412 3270 fuit,
2463 3218 2530 3258 ex
2567 3219 2674 3271 quo
2704 3201 3074 3272 intelligimus,
3121 3215 3394 3272 nusquam

1823 3311 1918 3350 eos
1950 3311 2144 3350 novam
2181 3296 2339 3350 istam
2368 3295 2423 3349 in
2455 3294 2653 3354 fabulis
2684 3295 2907 3349 deorum
2936 3293 3247 3349 evolvendis
3266 3293 3397 3363 phy-

1825 3386 2104 3456 siologiam
2139 3386 2371 3456 probare
2401 3385 2658 3452 voluisse,
2687 3395 2894 3439 tantum
2918 3385 3092 3448 abest,
3129 3392 3189 3437 ut
3205 3384 3392 3452 sophi-

1824 3476 1977 3532 sticis
2001 3477 2330 3546 quibusdam
2357 3477 2664 3547 praestigiis,
2699 3486 2752 3531 et
2771 3477 3051 3546 dignitatis
3073 3477 3138 3530 ad
3158 3476 3393 3546 speciem

1825 3569 2141 3638 compositis
2173 3569 2395 3638 januam
2445 3569 2737 3638 aperirent.
2782 3566 2886 3622 Sed
2922 3567 3184 3635 quoniam
3227 3566 3394 3620 semel

1825 3661 2051 3715 istorum
2096 3676 2315 3731 quoque
2363 3661 2658 3714 vanitatem
2715 3669 2908 3730 sponte
2962 3659 3394 3729 redarguendam

1825 3753 2186 3822 suscepimus.
2216 3769 2314 3823 age
2339 3754 2466 3822 quid
2507 3752 2750 3823 praeclari
2785 3752 3001 3806 tandem
3044 3750 3394 3805 numinibus-

1825 3843 2113 3913 quendigni,
2132 3859 2320 3898 eorum
2343 3843 2814 3912 interpretationes
2838 3852 2892 3896 et
2907 3841 3394 3896 commentationes

1823 3934 2069 3998 afferant,
2090 3934 2402 3998 videamus;
2433 3935 2511 3989 sic
2541 3944 2720 3988 tamen
2750 3933 2884 3987 nihil
2909 3941 2966 3987 ut
2991 3947 3086 3986 ore
3103 3931 3395 4001 loquamur

1825 4040 2033 4095 nostro,
2065 4029 2159 4083 sed
2185 4029 2368 4083 omnia
2396 4027 2684 4097 ipsissimis
2707 4042 2896 4080 eorum
2929 4026 3106 4080 verbis
3131 4034 3393 4094 concepta

1825 4121 2211 4190 producamus,
2246 4136 2454 4190 suaque
2484 4120 2552 4174 ab
2579 4120 2644 4175 iis
2675 4119 2839 4174 etiam
2873 4117 3152 4173 recondita
3180 4116 3394 4188 specio-

1825 4229 1899 4268 sa:
1925 4211 2204 4283 gravitatis
2236 4213 2488 4284 mysteria
2520 4213 2834 4266 doceamur.
2873 4211 2950 4265 Ac
2997 4210 3237 4265 sexcenti
3265 4210 3392 4280 qui-

1824 4305 1946 4360 dem
1977 4305 2092 4370 alii,
2126 4305 2219 4374 qui
2247 4320 2367 4360 sese
2398 4304 2766 4374 pltiloSOphari
2788 4303 3132 4373 proﬁtentur,
3157 4304 3390 4357 multum

1826 4397 1932 4452 hoc
1988 4397 2044 4450 in
2101 4411 2297 4467 genere
2353 4396 2552 4451 laboris
2602 4406 2656 4450 et
2696 4411 2876 4466 operae
2911 4407 3389 4467 consumpserunt,

1827 4488 1956 4542 dum
1993 4502 2092 4542 sua
2123 4487 2354 4558 quisque
2395 4504 2425 4542 a
2458 4488 2668 4543 ueteris
2707 4488 3027 4543 dissidentia
3079 4499 3393 4543 commenta

1823 4580 2046 4651 profert,
2094 4581 2349 4650 quodque
2396 4581 2614 4651 ingenio
2656 4595 2757 4636 suo
2783 4581 3067 4650 placuerit,
3111 4581 3163 4635 id
3192 4597 3389 4651 purum

1821 4679 2120 4742 putumque
2157 4687 2347 4726 verum
2391 4687 2512 4727 esse
2543 4672 2829 4728 conﬁrmat
2861 4692 2874 4728 :
2921 4674 3054 4728 mihi
3087 4682 3264 4729 tamen
3299 4692 3391 4731 sa-

1823 4763 1894 4817 tis
1923 4761 2106 4828 l‘uerit,
2138 4774 2313 4818 certas
2355 4765 2780 4834 perspicuasque
2809 4763 3158 4834 probationes
3187 4781 3251 4820 ex
3279 4768 3392 4820 cla-

1821 4852 2055 4908 rissimis
2086 4853 2393 4923 quibusque
2435 4869 2499 4909 ac
2536 4855 2983 4924 philosophorum
3030 4856 3191 4926 vulgo
3222 4857 3392 4910 notis-

1825 4945 2000 5008 simis,
2025 4954 2079 4999 et
2101 4946 2299 5000 eximia
2330 4946 2560 5014 quadam
2592 4947 2733 5015 apud
2777 4946 2994 5002 Grzecos
3034 4947 3392 5017 philosophiae

1825 5037 1980 5090 laude
2017 5035 2336 5091 ﬂorentibus
2388 5053 2681 5092 arcessere.
2741 5037 2821 5092 Tu
2869 5054 2998 5108 ergo
3036 5037 3389 5093 Plutarchum

1825 5129 1976 5184 illum
2004 5129 2420 5185 Chteronenscm
2464 5131 2698 5200 primum
2735 5131 2788 5184 in
2817 5145 3013 5185 manus
3039 5146 3213 5196 sume,
3259 5131 3382 5200 ipsi-

1828 5235 2002 5289 usque
2034 5220 2212 5274 locum
2242 5235 2365 5274 eum
2401 5221 2470 5274 ad
2503 5236 2614 5275 rem
2647 5231 2884 5274 nostram
2918 5221 3388 5276 accommodatum

1824 5312 2055 5382 perlege,
2115 5312 2208 5366 ubi
2265 5315 2492 5382 quaesito
2543 5313 2797 5368 dictionis
2855 5323 3115 5383 apparatu
3174 5313 3390 5368 fabu'as

1822 5406 1986 5460 alium
2017 5406 2069 5459 in
2099 5422 2321 5463 sensum
2352 5406 2518 5462 ﬂectit
2548 5423 2607 5462 ac
2638 5415 2872 5475 torquet,
2906 5422 3042 5476 quas
3071 5407 3258 5476 utique
3299 5420 3389 5460 ar-

1823 5514 1973 5552 canae
2009 5498 2291 5569 theologia:
2319 5499 2504 5568 plenas
2526 5515 2648 5554 esse
2675 5499 2903 5554 dictitat.
2928 5498 3078 5554 Hanc
3099 5515 3226 5553 vero
3255 5514 3391 5554 enu-

1824 5589 2030 5654 cleans,
2056 5589 2325 5645 Bacchum
2349 5591 2566 5660 quidem
2595 5590 2907 5645 ebrietatem
2934 5606 3054 5646 esse
3073 5589 3252 5655 tradit,
3277 5604 3386 5644 non

222 5693 332 5765 (26)
640 5699 840 5782 Ἦραν,
876 5700 1319 5782 τὴν-,γαμήλιον
1360 5701 1579 5769 ἀνδρὸς
1636 5700 1722 5757 καὶ

1832 5708 2074 5772 υναικὸς
2121 5707 2471 5776 συμϐίωσιν.
2535 5702 2770 5776 Uterque
2820 5721 2923 5761 ms.
2973 5705 3044 5759 ita
3091 5704 3392 5773 distinguit.

161 5760 325 5828 quam
352 5760 756 5824 distinctionem
789 5760 843 5826 in
870 5760 1118 5827 versione
1150 5760 1371 5828 secutus
1411 5760 1556 5831 su'm.
