3948 6376
428 372 537 431 155
1087 371 1355 428 ΕυδΕΒΠ
1395 370 1878 430 ϐᾹ-ΞΞΛΒῙΕΝΞΙΞ
1914 375 2001 431 ΟΡ

2113 367 2288 427 pass
2326 361 2390 427 It.
2435 406 2504 419 -
2538 361 3050 438 ΑΡοιοοΕτιοΑξ
3570 376 3675 437 nso

424 492 540 561 jam
571 487 846 543 hominem
880 486 1032 541 illum
1063 486 1173 557 83
1208 486 1369 540 morti
1395 485 1713 554 obnoxium,
1744 497 1797 541 et
1830 488 1881 541 in
1911 488 1999 542 hi—

2113 491 2199 561 ιὴν
2227 486 2395 561 αὐτὴν
2423 494 2487 563 τῇ
2531 494 2697 564 Λητοῖ
2725 512 2887 566 φησιν
2920 490 3057 549 εἶναι
3089 491 3187 566 τὴν
3222 492 3415 567 Ἥραν.
3444 490 3556 550 Εἶτ’
3581 496 3674 552 ἐπὶ

424 580 599 636 storia
651 580 1017 644 decantatum,
1050 578 1208 648 cujus
1240 577 1519 647 superiore
1558 577 1697 632 libro
1745 579 1999 632 memini-

2113 580 2311 644 τούτοις
2345 583 2621 652 εἰσάγεται
2659 584 2807 656 αὑτῷ
2844 588 2872 639 ὁ
2900 587 3034 650 Ζεὺς
3062 585 3159 657 τὴν
3187 585 3421 657 αἰθέριον
3448 584 3674 659 δύναμιν

429 688 555 728 mus
579 690 594 725 :
636 667 909 725 lunonem
932 679 1136 733 autem,
1160 678 1403 722 mutuam
1426 667 1527 720 \iri
1553 668 1848 737 uxorisque
1869 683 2001 723 con-

2113 672 2567 745 αλληγορούμενος
2605 674 2735 745 (9.7).
2772 677 2882 731 Καὶ
2910 675 2962 729 τί
2990 694 3056 747 με
3095 676 3176 729 δεῖ
3212 676 3385 730 ταῦτα
3426 677 3675 750 προλαμ-

431 764 776 821 suetudinem
824 761 1157 815 matrimonii
1204 760 1418 813 vinculo
1451 760 1732 815 sociatam.
1776 759 1997 826 Deinde,

2113 764 2306 829 ΰάνειν,
2353 765 2515 818 αὐτοῦ
2564 768 2736 839 παρὸν
2792 768 3019 821 ἀκοῦσαι
3062 768 3154 821 τοῦ
3199 769 3388 841 ἀνδρδς
3424 762 3525 823 ὦδέ
3560 786 3676 830 πως

424 856 586 925 quasi
629 869 743 909 sua:
802 853 965 923 hujus
998 849 1519 906 accommodationis
1574 851 1796 915 oblitus,
1837 850 1998 905 aliam

2113 850 2163 905 ὲν
2195 847 2276 916 οἷς
2306 854 2586 926 ἐπέγραψε
2633 857 2761 930 περὶ
2805 857 2913 910 τῶν
2959 862 3016 913 ἐν
3047 859 3343 921 Πλαταιαῖς
3381 860 3671 925 Δαιδάλων,

430 946 694 1000 continuo
729 946 1021 999 subtexens
1050 943 1357 1008 historiam,
1391 940 1659 996 lunonem
1701 943 1859 996 istam
1889 958 1999 996 non

2113 944 2174 998 τὰ
2225 946 2554 1002 λανθάνοντα
2599 952 2727 1014 τοὺς
2786 950 3010 1014 πολλοὺς
3050 951 3150 1022 τῆς
3195 953 3505 1024 ἀπορρήτου
3546 951 3675 1022 περὶ

427 1034 539 1104 jam
576 1037 652 1090 uti
686 1036 856 1104 prius,
890 1034 982 1088 sed
1014 1032 1237 1086 Terram
1267 1034 1545 1097 nominat;
1580 1032 1839 1087 Latonam
1870 1048 1999 1087 vero

2113 1034 2242 1088 θεῶν
2269 1039 2613 1108 φυσιολογίας
2641 1041 3021 1110 ἐκφαίνοντος;

426 1126 769 1183 Oblivionem
803 1135 857 1180 et
881 1123 1135 1190 Noctem;
1183 1140 1417 1195 moxque
1448 1124 1715 1179 lunonem
1763 1125 2007 1179 eamdem
2046 1140 2170 1180 cum
2207 1128 2320 1198 ipsa
2354 1130 2555 1186 Latona
2584 1131 2731 1189 facit,
2770 1135 2848 1187 Ad
2874 1136 2983 1189 haec
3015 1133 3200 1190 Jovem
3254 1136 3412 1191 nobis
3449 1137 3671 1191 inducit.

430 1236 592 1289 quem
631 1220 845 1275 artheris
894 1219 1001 1273 vim
1055 1219 1340 1289 allegorice
1383 1220 1787 1290 interpretatur.
1855 1220 2057 1273 Verum
2097 1223 2226 1291 quid
2271 1241 2408 1294 opus
2464 1228 2576 1283 haec
2628 1231 2940 1283 summatim
2986 1231 3324 1301 strictimque
3368 1232 3671 1301 prmlibare,

427 1329 555 1368 cum
591 1314 880 1382 ipsummet
914 1314 1102 1367 audire
1129 1314 1286 1368 liceat
1322 1315 1375 1367 in
1407 1315 1472 1368 iis
1525 1330 1644 1384 qua:
1695 1314 1758 1368 de
1819 1311 2207 1373 Platzeensibus
2249 1317 2477 1376 Daedalis
2525 1324 2800 1377 memoria:
2822 1324 3078 1393 prodidit,
3115 1325 3180 1380 de
3222 1324 3399 1381 abdita
3432 1326 3521 1381 illa
3559 1327 3675 1381 vul-

430 1425 609 1480 goque
631 1409 912 1463 hominum
940 1408 1123 1480 ignota
1152 1410 1375 1462 deorum
1412 1408 1747 1481 physiologia
1781 1408 2002 1465 disertis
2041 1412 2219 1467 verbis
2249 1414 2321 1467 ita
2352 1414 2725 1471 disserentem.

1064 1499 1296 1553 CAPUT
1333 1502 1372 1554 ῐ.

724 1595 802 1647 De
828 1593 1065 1647 naturali
1094 1592 1395 1646 Graecorum
1430 1592 1711 1663 theoloyia.

507 1706 527 1739 ι
568 1686 883 1755 Antiquam,
934 1684 1129 1753 inquit,
1185 1701 1290 1737 nun
1333 1684 1645 1739 Graecorum
1681 1683 1878 1748 modo,
1914 1682 2009 1738 sed

2636 1512 3031 1565 ΚΕΦΑΛΑΙΟΝ
3068 1514 3144 1566 A'.

2249 1600 2386 1667 Περὶ
2429 1598 2539 1668 τῆς
2578 1598 2883 1667 Ἐλλήνων
2908 1604 3173 1674 φυσικῆς
3205 1607 3530 1677 θεολογίας.

2183 1689 2294 1759 (28)
2334 1711 2351 1743 ι
2387 1693 2503 1745 Ὀτι
2534 1692 2631 1764 μὲν
2659 1680 2752 1747 οὖν
2778 1696 2810 1766 ὴ
2845 1695 3048 1749 παλαιὰ
3084 1697 3399 1767 φυσιολογία
3426 1701 3519 1755 καὶ
3547 1706 3680 1776 παρ’

437 1783 604 1837 etiam
633 1782 992 1836 barbarorum
1038 1779 1431 1850 physiologiam
1471 1778 1616 1832 aliud
1654 1778 1786 1831 nihil
1816 1777 2004 1843 fuisse,

2113 1780 2339 1853 Ἕλλησι
2372 1784 2467 1837 καὶ
2502 1782 2794 1855 βαρϐάροις
2819 1787 2973 1855 λόγος
3004 1784 3071 1859 ἦν
3096 1789 3318 1857 φυσικὸς
3344 1791 3684 1865 ἐγκεκαλυμ-

433 1890 598 1943 quam
637 1874 903 1928 rationem
950 1876 1240 1941 quamdam
1290 1872 1590 1925 naturalem
1621 1870 1819 1926 fabulis
1850 1872 2001 1925 invo-

434 1966 626 2028 lutam,
660 1965 903 2033 adeoque
946 1964 1197 2017 latentem
1237 1973 1287 2017 et
1331 1952 1618 2016 obscuram
1650 1963 2004 2033 theologiam,

434 2056 593 2126 cujus
636 2056 937 2125 azuigmatis
965 2064 1017 2110 et
1051 2055 1322 2126 allegoriis
1355 2070 1549 2108 arcana
1598 2053 1708 2109 fere
1751 2054 2005 2126 mysteria

434 2151 510 2204 ita
540 2149 873 2218 tegebantur,
924 2155 983 2201 ut
1009 2162 1131 2202 cum
1171 2161 1232 2200 ca
1284 2163 1404 2216 quae
1440 2146 1759 2201 dicebantur
1792 2145 2008 2200 facilius

433 2257 597 2313 quam
627 2257 748 2310 qua:
785 2226 1105 2301 silebantur,
1153 2240 1401 2309 imperita
1445 2238 1731 2293 multitudo
1770 2248 2004 2307 caperet,

433 2344 547 2388 tum
578 2348 706 2387 vero
735 2332 801 2385 de
825 2332 894 2385 iis
926 2346 1047 2401 quae
1077 2331 1376 2385 silebantur
1409 2330 1587 2400 majus
1610 2330 1813 2399 aliquid
1843 2345 2005 2398 quam

433 2443 555 2497 qua:
585 2426 923 2491 dicebantur,
977 2424 1289 2492 suspicione
1340 2422 1654 2491 conjiceret,
1684 2420 1863 2491 quivis
1895 2429 2006 2480 tam

434 2539 502 2576 ex
557 2519 759 2590 Orphei
820 2517 1176 2583 carminibus,
1231 2532 1393 2587 quam
1432 2531 1495 2571 ex
1539 2514 1915 2585 Egyptiornm
1955 2523 2009 2568 et

433 2613 707 2684 Phrygum
750 2610 1099 2665 monimentis
1146 2607 1363 2663 auferre
1388 2617 1585 2677 potest.
1611 2607 1841 2661 Maxime
1882 2621 2008 2661 vero

432 2721 559 2762 cum
586 2705 857 2759 solemnes
904 2702 1150 2756 initiandi
1182 2700 1339 2763 ritus.
1370 2710 1482 2754 tum
1519 2716 1639 2770 qua:
1678 2700 1805 2753 dum
1837 2700 2008 2755 sacris

434 2797 801 2867 operabantur
838 2792 1083 2847 adhiberi
1135 2793 1380 2863 symbola
1420 2799 1832 2854 consueverant,
1888 2805 2009 2859 quae

437 2906 592 2945 mens
626 2898 865 2942 veterum
891 2887 1095 2956 quique
1120 2900 1315 2938 sensus
1347 2883 1528 2948 fuerit,
1557 2883 1867 2938 ostendunt.
1904 2880 2009 2937 Cu-

426 2980 695 3052 jusmodi,
727 2994 794 3032 ne
821 2978 1035 3047 longius
1064 2977 1131 3029 ab
1171 2977 1417 3030 instituta
1459 2977 1826 3046 disputatione
1846 2978 2010 3031 abea-

438 3088 582 3136 mus,
618 3071 747 3125 illud
794 3078 897 3133 est,
953 3072 1097 3139 quod
1133 3069 1335 3123 nullam
1372 3084 1597 3139 prorsus
1646 3067 1844 3123 Junoni
1881 3084 2004 3123 cum

2112 1874 2267 1945 μένος
2282 1873 2414 1946 (28‘)
2423 1875 2629 1946 μύθοις,
2640 1878 2706 1932 τά
2725 1878 2891 1933 πολλὰ
2900 1880 3112 1951 διἀίνιγ
3118 1883 3299 1952 μάτων
3312 1884 3405 1938 καὶ
3418 1886 3681 1942 ὑπονοιῶν

2108 1967 2411 2038 ὲπίκρυφος
2448 1970 2541 2022 καὶ
2587 1972 2966 2044 μυστηριώδης
3002 1972 3265 2043 θεολογία,
3300 1980 3367 2031 τά
3392 1996 3451 2031 τε
3488 1979 3680 2035 λαλού-

2112 2077 2248 2131 μενα
2279 2061 2385 2113 τῶν
2412 2063 2730 2133 σιγωμένων
2756 2066 3063 2137 σαφέστερα
3087 2070 3197 2130 τοῖς
3232 2068 3443 2133 πολλοῖς
3464 2071 3678 2142 ἔχοντα,

2108 2153 2201 2205 καὶ
2224 2152 2293 2205 τὰ
2324 2153 2597 2224 σιγώμενα
2628 2154 2735 2208 τῶν
2764 2155 3102 2228 λαλουμένων
3132 2160 3494 2234 ὑποπτότερα,
3521 2163 3681 2234 δῆλόν

2107 2244 2221 2295 ἐστι
2254 2246 2310 2297 ὲν
2343 2248 2453 2309 τοῖς
2491 2246 2765 2319 Ὀρφικοῖς
2806 2248 2981 2314 ἔπεσι,
3024 2250 3117 2303 καὶ
3146 2254 3256 2315 τοῖς
3291 2253 3682 2322 Αἰγυπτιακοῖς

2108 2334 2200 2386 καὶ
2227 2336 2478 2406 Φρυγίοις
2509 2337 2707 2406 λόγοιςο
2743 2340 2974 2409 μάλιστα
3012 2342 3067 2394 δὲ
3094 2344 3141 2395 oi
3180 2344 3309 2415 περὶ
3337 2344 3433 2407 τὰς
3456 2345 3678 2409 τελετὰς

2107 2426 2396 2498 ὀργιασμοὶ
2429 2431 2521 2482 καὶ
2557 2430 2626 2483 τὰ
2673 2430 2925 2502 δρώμενα
2968 2434 3308 2504 συμϐολικῶς
3341 2438 3397 2489 ὲν
3434 2440 3552 2501 ταῖς
3603 2440 3680 2492 ἱε-

2110 2520 2389 2590 ρουργίαις
2432 2521 2529 2593 τὴν
2559 2524 2668 2576 τῶν
2699 2524 2942 2578 παλαιῶν
2979 2527 3225 2597 ἐμφαίνει
3254 2526 3504 2582 διάνοιαν.
3530 2524 3675 2593 Οἷον,

2113 2610 2186 2681 μὴ
2216 2610 2326 2681 (29)
2362 2612 2579 2685 μακρὰν
2610 2614 2719 2668 τῶν
2748 2616 3112 2686 ἐνεστηκότων
3152 2615 3323 2686 λόγων
3350 2618 3676 2689 βαδίζωμεν.

2108 2702 2168 2754 ού
2214 2703 2541 2773 νομίζουσιν,
2595 2705 2715 2757 οὐδὲ
2766 2704 2975 2770 ἀξιοῦσι
3021 2707 3300 2760 κοινωνίαν
3351 2703 3488 2763 εἶναι
3540 2709 3679 2781 πρὸς

2108 2793 2356 2847 Διόνυσον
2382 2796 2547 2867 Ἥρᾳ·
2579 2797 2937 2866 φυλάσσονται
2974 2796 3029 2851 δὲ
3047 2798 3411 2870 συμμιγνύναι
3436 2801 3503 2855 τὰ
3534 2801 3679 2874 ἱερὰ.

2110 2884 2203 2936 καὶ
2229 2883 2326 2946 τὰς
2364 2885 2650 2958 Ἀθήνῃσιν
2697 2886 2898 2957 ἱερείας
2923 2888 3267 2953 ἀπαντώσας,
3297 2890 3479 2959 φασὶν,
3510 2890 3679 2962 ἀλλή-

2108 2974 2226 3039 λαις
2268 2975 2379 3045 (50)
2426 2977 2851 3048 προαγορεύειν,
2894 2978 3029 3050 μηδὲ
3090 2980 3224 3044 ὅλως
3264 2981 3443 3034 κιττὸν
3492 2983 3573 3044 είς
3616 2983 3681 3036 τὸ

2108 3067 2206 3137 τῆς
2236 3069 2411 3139 ’Ἥρας
2456 3069 2773 3138 κομίζεσθαι
2812 3070 3055 3141 τέμενος,
3089 3073 3150 3124 ού
3184 3071 3271 3124 διὰ
3315 3072 3413 3136 τὰς
3446 3073 3682 3143 μυθικὰς

436 3162 653 3218 Baccho
695 3160 1011 3216 societatem
1061 3168 1114 3212 et
1151 3160 1590 3213 communionem
1618 3175 1738 3213 esse
1767 3175 2004 3229 pronun-

2113 3158 2202 3210 καὶ
2232 3156 2566 3230 φλυαρώδεις
2606 3160 2953 3229 ζηλοτυπίας,
2993 3160 3108 3215 ἀλλ’
3136 3162 3219 3215 ὅτι
3258 3161 3524 3233 γαμήλιος
3576 3164 3682 3235 μὲν

436 3261 604 3323 cient,
628 3271 801 3326 eoque
833 3263 1064 3310 caveant
1100 3253 1406 3322 diligenter,
1444 3271 1511 3307 ne
1537 3260 1820 3308 amborum
1852 3271 2006 3310 sacra

439 3354 773 3408 misceantur
825 3367 838 3403 :
877 3351 1113 3420 ipsaeque
1164 3350 1300 3402 adeo
1348 3348 1676 3412 sacerdotes,
1737 3359 1794 3403 ut
1831 3351 2003 3415 aiunt,

437 3444 663 3499 Athenis
714 3442 833 3497 alia:
885 3441 1006 3495 aliis
1058 3449 1405 3493 occurrentes
1433 3440 1768 3503 denuntient,
1799 3440 1873 3494 uti
1913 3456 2007 3496 nc-

436 3534 735 3604 quidquam
769 3530 980 3585 hedera:
1015 3527 1247 3583 lunonis
1292 3529 1344 3582 in
1385 3527 1667 3582 delubrum
1697 3529 2002 3585 inferatur:

439 3639 545 3679 non
567 3626 678 3693 jam
708 3623 776 3677 ob
801 3622 1103 3676 fabulosam
1149 3621 1299 3674 illam
1348 3635 1413 3674 ac
1444 3623 1806 3690 nugatoriam,
1840 3637 2005 3691 quam

438 3717 540 3787 ipsi
569 3716 817 3785 affignnt,
850 3714 1203 3784 zelotypiam;
1232 3713 1326 3767 sed
1360 3712 1504 3781 quod
1540 3727 1663 3767 cum
1694 3714 2004 3782 nuptiarum

439 3823 637 3878 praeses
662 3823 726 3862 ac
758 3807 999 3876 pronuba
1031 3807 1128 3859 dea
1163 3805 1251 3858 illa
1290 3804 1379 3869 sit,
1406 3814 1519 3858 tum
1562 3819 1692 3858 vero
1730 3805 2007 3860 ebrietatis

436 3898 629 3952 vitium
662 3905 718 3952 et
745 3897 959 3965 sponsis
1006 3894 1285 3965 indignum
1342 3904 1396 3949 et
1445 3909 1475 3948 a
1531 3895 1733 3967 nuptiis
1790 3896 2006 3965 penitus

437 3988 673 4044 alienum
717 3988 995 4049 videatur,
1049 3996 1109 4041 ut
1161 3986 1324 4041 tradit
1384 3985 1558 4041 Plato.
1616 3987 2006 4044 lmmoderatus

437 4079 606 4145 extim,
641 4080 835 4149 inquit,
871 4079 1004 4132 meri
1052 4088 1213 4147 potus
1245 4079 1676 4147 perturbationes
1715 4079 1767 4131 in
1810 4079 2005 4135 animis

340 4230 351 4242 λ
437 4172 639 4242 pariter
683 4180 736 4225 et
766 4170 1091 4241 corporibus
1132 4172 1351 4235 excitat,
1384 4170 1585 4239 quibus
1635 4169 1888 4237 efﬁcitur,
1944 4182 2005 4226 ut

435 4261 548 4335 84
574 4263 921 4333 proseminati
957 4263 1313 4333 conceptique
1335 4262 1476 4317 fetus
1505 4278 1629 4317 cum
1664 4263 1734 4317 ob
1762 4276 2006 4320 errantes

436 4355 850 4424 disjunctasque
896 4365 1097 4422 partes,
1137 4356 1320 4409 minus
1370 4353 1497 4424 fingi
1565 4355 2005 4426 conformarique

435 4445 667 4516 possint,
704 4446 793 4499 vix
838 4445 1001 4499 ullam
1039 4460 1255 4515 quoque
1284 4445 1481 4499 virium
1518 4446 1823 4501 firmitatem
1860 4463 2006 4503 asse-

2112 3252 2143 3321 ή
2187 3248 2326 3313 θεὸς,
2377 3251 2471 3304 καὶ
2520 3252 2905 3321 νυμφαγωγός-
2954 3254 3197 3325 ἀπρεπὲς
3240 3254 3295 3308 δὲ
3340 3257 3590 3325 νυμφίοις
3615 3256 3681 3310 τὸ

2116 3340 2351 3411 μεθύειν,
2407 3343 2501 3395 καὶ
2548 3344 2743 3413 γάμοις
2793 3344 3287 3416 ἀναρμοστότατον,
3331 3346 3406 3410 ὥς
3453 3363 3619 3418 φησιν
3647 3349 3681 3401 δ

2113 3434 2355 3488 Πλάτων.
2402 3436 2795 3506 Ἀκρατοποσία
2824 3436 2961 3509 γὰρ,
3007 3439 3158 3508 φησὶ,
3193 3438 3433 3511 ταραχὴν
3462 3441 3684 3509 ἐμποιεῖ

2113 3526 2206 3580 καὶ
2235 3527 2432 3598 ψυχαῖς
2477 3529 2572 3582 καὶ
2619 3522 2884 3600 σώμασιν,
2924 3529 3012 3599 ὑφ’
3055 3526 3123 3602 ἧς
3174 3529 3421 3584 ἄπλαστα
3454 3530 3547 3584 καὶ
3581 3547 3681 3583 πε-

2113 3618 2425 3689 πλανημένα
2461 3620 2700 3691 ῥιζούται
2731 3622 2913 3684 κακῶς
2959 3622 3029 3675 τὰ
3064 3623 3395 3693 σπειρόμενα
3436 3622 3529 3676 καὶ
3561 3627 3681 3677 κυῖ-

2114 3707 2372 3779 σκόμενα.
2422 3692 2609 3763 Πάλιν⁸
2626 3712 2673 3763 οἱ
2704 3711 2919 3776 θύοντες
2950 3714 3097 3785 Ἤρᾳ
3130 3692 3238 3785 (5i)
3261 3692 3374 3786 τὴν
3412 3713 3570 3786 χολὴν
3614 3714 3679 3768 οὐ

2112 3799 2553 3868 καθαγιάζουσιν,
2587 3800 2720 3855 ἀλλὰ
2754 3802 3139 3875 κατορύττουσι
3169 3805 3318 3877 παρὰ
3353 3806 3443 3860 τὸν
3473 3806 3675 3877 βωμὸν,

2113 3891 2188 3955 ὡς
2214 3893 2330 3945 δέον
2376 3893 2581 3964 ἄθυμον
2616 3895 2710 3947 καὶ
2739 3894 2929 3966 ἄχολον
2950 3899 3043 3951 καὶ
3079 3897 3486 3969 καθαρεύουσαν
3510 3897 3680 3970 ὀργῆς

2112 3986 2205 4038 καὶ
2256 3990 2479 4058 πικρίας
2524 3990 2742 4061 ἀπάσης
2784 3992 2883 4062 τὴν
2911 3991 3168 4060 γυναικὸς
3193 3991 3286 4043 καὶ
3323 3991 3512 4063 ἀνδρὸς
3540 3988 3678 4064 εῖνμι

2114 4078 2429 4147 συμϐίωσιν.
2460 4080 2629 4134 Τοῦτο
2656 4082 2718 4155 δὴ
2755 4082 2814 4137 τὸ
2843 4082 3164 4154 συμϐολικὸν
3193 4077 3329 4146 εἶδος
3357 4085 3414 4137 ἐν
3447 4084 3560 4145 τοῖς
3591 4082 3681 4135 λύ-

2111 4182 2228 4233 γοις
2255 4168 2347 4220 καὶ
2370 4171 2479 4232 τοῖς
2503 4168 2690 4239 μύθοις
2714 4172 2909 4242 μᾶλλόν
2931 4175 3096 4227 ἐστιν.
3115 4167 3260 4236 υἷον,
3283 4171 3547 4242 ἱστοροῦσι
3565 4170 3676 4239 (32)

2110 4257 2209 4328 τὴν
2242 4258 2418 4328 Ἥραν
2449 4262 2505 4312 ἐν
2551 4263 2615 4332 τῇ
2666 4262 2867 4334 Εὐϐοία
2905 4263 3242 4335 τρεφομένην
3290 4262 3368 4315 ἔτι
3410 4262 3677 4334 παρθένον

2112 4348 2216 4401 ὑπὸ
2244 4348 2338 4401 τοῦ
2370 4350 2492 4415 Διὸς
2524 4351 2814 4423 κλαπῆναι,
2849 4354 2943 4407 καὶ
2975 4353 3411 4424 διακομισθεῖσαν
3443 4352 3675 4407 ἐνταῦθα

2112 4442 2465 4515 κρύπτεσθαι,
2500 4444 2837 4517 Κιθαιρῶνος
2866 4446 3047 4511 αὐτοῖς
3076 4446 3319 4500 ἐπίσκιόν
3342 4462 3464 4499 τινα
3507 4446 3677 4517 μυχὸν

434 4545 693 4606 quantur.
730 4535 993 4590 Prmterea
1025 4536 1117 4604 qui
1145 4534 1347 4590 Junoni
1375 4537 1703 4601 sacrificant,
1733 4538 1783 4592 ei
1814 4538 1884 4593 fel
1910 4556 2004 4594 ne-

2113 4531 2203 4582 καὶ⁵
2246 4529 2484 4602 θάλαμον
2542 4534 2782 4605 αὐτοφυῆ
2841 4536 3232 4607 παρασχόντος.
3283 4534 3569 4607 Ἐλθούσης
3616 4535 3677 4589 δὲ

433 4642 707 4699 quaquam
736 4627 995 4691 oﬂ‘erunt,
1029 4627 1119 4683 sed
1159 4628 1286 4682 illud
1313 4628 1469 4694 juxta
1509 4629 1680 4685 altare
1702 4631 2000 4701 defodiunt,

432 4721 578 4792 quod
608 4722 677 4775 ab
710 4720 860 4776 omni
891 4721 996 4776 bile
1025 4730 1079 4776 et
1119 4722 1413 4778 iracundia:
1448 4724 1744 4778 acerbitate
1774 4740 2000 4780 vacuam

432 4823 556 4868 esse
594 4820 837 4865 mutuam
867 4810 1160 4881 conjugum
1206 4813 1329 4868 vita:
1365 4815 1813 4869 consuetudinem
1841 4830 2002 4885 opor-

437 4911 563 4956 teat.
603 4901 778 4972 Atque
811 4901 916 4957 hoc
961 4904 1191 4973 symboli
1220 4921 1391 4974 genus
1418 4906 1592 4975 magis
1632 4908 1793 4961 etiam
1829 4908 1882 4962 in
1909 4908 1999 4973 iis,

434 5008 557 5061 quae
580 4991 793 5047 narrari
833 5008 899 5049 ac
921 4993 1259 5050 circumferri
1284 4996 1442 5067 vulgo
1469 4996 1663 5063 solent,
1694 4997 1890 5055 fabulis
1921 4999 2003 5054 lo-

510 5171 992 5252 (27_)_.Crediderim
1038 5174 1347 5245 legendum,
1391 5180 1421 5232 ὁ
1457 5178 1593 5241 Ζεὺς
1622 5180 1703 5243 εἰς
1744 5180 1843 5252 τὴν
1888 5178 1998 5235 αίθ.

433 5238 549 5315 δύν.
569 5242 1064 5315 ᾗάλληγορούμενος.

527 5311 617 5388 28)
660 5311 943 5388 Ὄτίμέὶι.
990 5315 1100 5367 llor
1127 5314 1405 5388 Plutarchi
1433 5333 1570 5388 Opus
1601 5334 1708 5371 non
1739 5329 1938 5374 exstat.

529 5383 687 5462 ‘28“)_
709 5385 1278 5456 Ἐγιιεκαλυμμένος.
1332 5388 1439 5443 Alit
1470 5383 1999 5462 'éxxsxakuppévo;,

432 5468 614 5523 prav».

658 5521 824 5602 ρῖον,
846 5526 951 5597 μή.
998 5528 1188 5602 Mont,
1215 5522 1344 5602 οἷον,
1383 5530 1468 5582 ἵνα
1498 5530 1592 5602 μή.

504 5594 616 5671 (50)
658 5594 823 5651 Μοιιι.
847 5594 995 5671 post
1043 5598 1298 5671 ἀλλήλαις
1333 5594 1521 5654 inserit
1552 5594 1647 5671 μή,
1680 5601 1822 5655 unde
1860 5617 2002 5656 com-

435 5670 630 5739 motus
662 5682 855 5722 sensus
880 5669 999 5722 elici
1030 5669 1220 5738 possit,
1248 5672 1389 5739 quod
1416 5672 1516 5725 sibi
1556 5669 1871 5726 sacerdotes
1898 5674 2000 5727 illae

431 5736 713 5815 νιείξρειιίιι
744 5747 941 5793 mutua-
966 5736 1419 5815 consalutationis
1440 5742 1674 5815 cilicium
1717 5752 1994 5815 negarent.

504 5806 615 5879 (5i)
656 5805 816 5864 Juvat
868 5809 1175 5867 exscribere
1229 5814 1459 5869 similem
1509 5813 1684 5887 ejusd.
1722 5805 1997 5870 Plutarchi

648 5454 806 5509 Ent'r.

2108 4622 2204 4694 τῆς
2234 4624 2507 4696 Μακρίδος
2544 4626 2685 4680 κατὰ
2724 4626 2946 4699 ζήτησιν
2972 4625 3071 4699 (ἧν
3112 4628 3170 4682 δὲ
3200 4629 3374 4700 Ἤρας
3434 4628 3673 4701 τιθήνη),

2109 4715 2203 4767 καὶ
2237 4714 2560 4787 βουλομένης
2594 4719 2838 4790 ἐρευνᾷν,
2865 4720 2966 4773 οὐκ
2998 4721 3091 4791 ὲᾷν
3119 4720 3210 4773 τὸν
3245 4720 3552 4792 Κιθαιρῶνα
3579 4736 3681 4773 πο-

2107 4805 2527 4878 λυπραγμονεῖν,
2544 4810 2663 4863 οὐδὲ
2684 4811 2762 4882 τῷ
2784 4812 2966 4882 χωρίῳ
2991 4813 3305 4882 προσάγειν,
3336 4814 3409 4877 ὡς
3436 4811 3526 4865 τοῦ
3555 4811 3679 4875 Διὸς

2109 4905 2225 4955 ἐκεῖ
2248 4906 2315 4974 τῇ
2344 4904 2511 4973 Λητοῖ
2537 4905 3042 4975 συναναπαυομένου
3071 4906 3163 4958 καὶ
3196 4904 3673 4977 συνδιατρίϐοντος.

2121 4992 2483 5064 Ἀπελθούσης
2511 4994 2567 5047 δὲ
2597 4996 2694 5065 τῆς
2723 4995 3018 5069 Μακρίδος,
3053 4996 3196 5051 οὕτω
3224 4997 3345 5050 τότε
3380 4996 3480 5067 μὲν
3503 4994 3683 5049 διαλα-

2108 5176 2308 5238 locum,
2339 5191 2402 5229 ex
2439 5176 2610 5245 ipsius
2639 5176 2886 5245 opuscul.
2921 5175 2996 5228 De
3039 5176 3673 5245 ranjugal.prazcept.,p.

2110 5247 2220 5333 14]⁸
2246 5248 2305 5299 C.
2339 5247 2436 5333 βία
2464 5244 2626 5333 habet
2663 5244 2774 5333 ρὶ
2794 5249 2858 5316 τῇ
2888 5244 3374 5333 γαμηλίαθύοντες
3392 5244 3680 5333 Ἦρὲιρτην

2108 5318 2267 5389 χολὴν
2300 5314 2857 5389 οὐάσυγκαθαρίςουσμῐ
2883 5314 2992 5389 τοῖς
3021 5314 3199 5381 ἄλλοις
3236 5318 3438 5389 ἱεροῖς,Δ
3465 5314 3576 5369 ἀλλ’
3596 5314 3680 5389 ea:

2106 5385 2319 5451 ἑλόντες
2365 5386 2591 5459 ἔρριψαν
2621 5387 2747 5459 περὶ
2792 5386 2882 5459 ea»
2931 5386 3133 5459 βωμὸν,
3167 5385 3536 5459 αἰνιττομένου
3566 5385 3675 5459 τοῦ

2106 5456 2439 5541 νομοθέτου,
2454 5457 2517 5541 τὸ
2547 5456 2809 5541 μηδέποτε
2835 5456 2945 5537 δεῖν
2969 5458 3129 5541 Xo):le
3161 5457 3293 5541 μηδὲ
3324 5458 3491 5541 ὀργὴν
3512 5456 3677 5541 γάμερ

2106 5521 2376 5601 παρεῖναις
2396 5527 2475 5579 δεῖ
2506 5521 2619 5601 γὰρ’
2646 5521 2783 5601 εἶναι
2808 5527 2906 5595 τῆς
2938 5521 3366 5601 οἰκοδεσποίνης,
3392 5521 3679 5601 ὥσπερςοῖ-

2106 5596 2198 5653 νου
2231 5598 2289 5670 το
2318 5596 2603 5670 αὐστηρδν,
2631 5596 2925 5670 ὠφέλιμον,
2949 5599 3043 5651 καὶ
3076 5599 3195 5669 ἡδὺ,
3223 5600 3296 5670 μὴ
3331 5596 3677 5669 stupendae-
3710 5644 3713 5653 .

2105 5687 2210 5742 περ
2239 5667 2426 5742 eum,
2463 5665 2595 5742 μηδξ
2631 5665 3013 5742 φαρμακῶδες.

2178 5737 2289 5810 (52)
2343 5738 2689 5810 Ἰστοροῦσι.
2733 5737 2897 5810 Ᾰῐετιι
2927 5739 3092 5795 alium
3125 5739 3365 5809 reperias
3390 5737 3483 5809 qui
3517 5737 3675 5791 fabu-

2105 5811 2169 5867 la:
2190 5809 2362 5882 hujus
2392 5809 2717 5864 meminerit.
