3948 6376
483 357 586 411 159

1137 354 1403 410 EIISEBll
1444 351 1920 411 CrESARlENSlS
1956 351 2060 409 0P]

2172 342 2329 402 mus
2364 344 2430 408 ll.
2473 385 2541 396 -
2576 327 3072 410 Αροιοοετιοζι.

3602 351 3711 406 160

481 486 586 537 est,
621 477 674 530 in
707 475 917 530 acerbis
964 491 1027 531 ac
1071 477 1378 545 "praeliorum
1431 475 1594 529 sociis
1624 475 1842 530 casibus
1888 492 2053 546 opem
2086 474 2285 542 ferens,
2341 478 2654 532 nominatus
2675 486 2792 544 est;
2853 476 3043 547 Apollo
3087 486 3265 532 autem
3286 469 3720 546 ᾳυοεὶάπαλῗνάτ-

486 590 593 627 των
647 576 700 621 et
727 567 998 629 ἀπολύων,
1059 567 1238 632 idest,
1295 567 1500 620 morbis
1541 565 1650 620 illis
1703 567 1976 621 hominem
2028 570 2286 635 liberans,
2329 571 2529 640 quibus
2585 585 2782 640 corpus
2823 569 3070 625 laborare
3103 571 3258 626 solet.
3307 570 3490 642 Itaque
3538 585 3601 626 ex
3627 585 3719 624 ar-

484 653 820 716 dentissimis
861 661 1024 716 astris
1072 671 1126 716 et
1166 669 1488 716 coruscaute
1534 660 1751 715 ﬂamma
1793 663 2066 718 succensis
2115 664 2282 719 solem
2327 664 2654 735 Apollinem,
2703 665 2931 718 alterum
2970 680 3120 729 vero,
3166 663 3323 734 cujus
3354 665 3509 733 ignea
3561 663 3721 732 plane

485 755 693 822 species
742 763 843 814 est.
902 755 1124 808 Martem
1178 762 1580 824 nuncuparunt.
1610 753 1796 825 Neque
1827 771 1959 809 sane
2017 757 2252 812 alienum
2279 760 2534 829 cuiquam
2561 758 2727 812 videri
2771 758 2947 821 debet,
2983 773 3145 813 uuam
3185 758 3538 828 eamdemque
3559 761 3718 812 dcam

484 855 540 901 ct
568 846 876 916 nuptiarum
909 845 1192 914 praesidem
1228 847 1432 911 vocari,
1462 853 1516 900 et
1572 845 1791 900 Lucina:
1830 845 2080 914 Solisque
2137 857 2364 903 matrem
2400 848 2606 903 baberi.
2656 846 2976 918 Nuptiarum
3029 848 3226 917 quippe
3277 845 3399 900 linis
3445 849 3725 916 generatio

484 951 590 1002 est.
637 939 914 1011 germano
954 948 1134 992 autem
1175 952 1241 992 ex
1291 937 1531 993 tenebris
1566 937 1633 992 ad
1687 939 1856 993 solem
1917 946 2080 1007 atque
2139 939 2312 995 lucem
2371 941 2618 1011 quaedam
2667 941 2824 1011 quasi
2873 941 3201 1011 progressio.
3250 939 3514 997 Prazclare
3558 943 3727 1014 igitur

485 1043 642 1105 poeta
669 1031 882 1094 cecinit,

559 1125 845 1194 Postquam
868 1124 1036 1194 ipsum
1063 1121 1295 1194 inluceat
1327 1130 1511 1189 partus
1536 1121 1734 1174 Lucina
1759 1120 1964 1174 levandi

558 1191 802 1248 Sollicita
826 1193 1110 1256 extulerat,
1136 1191 1362 1261 solisque
1387 1201 1657 1261 aspexerat
1683 1208 1890 1244 auram.

491 1309 651 1364 Recte
664 1309 851 1377 utique
868 1316 1020 1376 poeta
1041 1307 1152 1376 ipsa
1172 1306 1386 1376 quidem
1409 1305 1785 1375 praepositione
1801 1304 2058 1374 conjunc-

490 1402 687 1454 tionem
723 1400 886 1463 elisit,
918 1409 973 1452 ut
1010 1408 1195 1468 partus
1225 1397 1595 1451 difﬁcultatem
1619 1396 1792 1450 oculis
1821 1395 2056 1464 subjice-

489 1503 604 1559 ret;
640 1493 796 1545 linem
829 1507 959 1546 vero
990 1491 1356 1561 generationis
1390 1490 1598 1555 statuit,
1631 1489 1798 1544 solem
1834 1488 2054 1542 intueri.

2224 1117 2549 1188 Αὑτὰρ(5¹7)
2565 1114 2770 1182 ἐπειδὴ
2817 1118 2920 1171 τόν
2953 1135 3016 1188 γε
3037 1120 3409 1188 μογοστόκος
3437 1118 3733 1184 Εἰλήθυια

2233 1189 2513 1259 Ἐξάγαγε
2545 1191 2692 1257 πρὸς
2721 1189 2923 1258 φῶσὸε
2951 1189 3049 1242 καί
3084 1191 3256 1257 ἡλίου
3291 1189 3420 1243 16er-
3445 1192 3651 1261 αὐγάς.

2163 1301 2237 1359 Εὖ
2266 1305 2294 1356 ὁ
2323 1305 2551 1375 ποιητὴς
2583 1306 2648 1374 τῇ
2682 1304 2778 1374 μὲν
2803 1303 3054 1374 προθέσει
3085 1304 3183 1376 τὴν
3210 1303 3458 1358 σύνθεσιν
3490 1306 3732 1377 ἐθλιψεν.

2165 1396 2441 1468 ἐμφαίνων
2473 1396 2534 1448 τὸ
2575 1393 2926 1465 βεϐιασμένον
2971 1395 3070 1466 τῆς
3105 1395 3312 1459 ὠδῖνος,
3355 1396 3509 1460 τέλος
3536 1397 3592 1450 δὲ
3629 1397 3737 1467 τῆς

2161 1491 2424 1558 γενέσεως
2453 1488 2704 1560 ἐποίησεν
2747 1487 2898 1558 ἣλιον
2935 1487 3084 1542 ἰδεῖν.
3119 1487 3329 1541 Οὐκοῦν
3368 1489 3400 1559 ἠ
3447 1489 3582 1559 αὑτὴ
3611 1489 3738 1552 θεὸς

489 1585 677 1652 Itaque
695 1598 798 1636 una
814 1582 1110 1650 eademque
1130 1582 1226 1635 dea
1247 1581 1466 1635 ineundi
1491 1595 1708 1650 quoque
1726 1581 2053 1634 matrimonii

2172 1582 2384 1652 ἐποίησε
2441 1581 2532 1633 καὶ
2598 1580 2771 1651 γάμον
2821 1579 3112 1644 συνελθεῖν,
3162 1580 3248 1633 ἵνα
3295 1580 3505 1648 γένεσιν
3553 1598 3739 1653 παρα-

488 1683 678 1729 auctor
704 1672 824 1739 fuit,
861 1682 920 1726 ut
945 1673 1277 1742 generationi
1314 1673 1454 1726 viam
1497 1669 1746 1741 aperiret.
1775 1670 1877 1725 Sed
1911 1672 2056 1725 enim

487 1779 665 1834 Operae
698 1765 950 1834 pretium,
979 1767 1192 1833 opinor,
1227 1765 1408 1830 fuerit,
1445 1764 1832 1834 simpliciorem
1865 1778 2061 1834 quam-

488 1855 613 1910 dam
650 1855 884 1910 l‘abulam
916 1856 1019 1910 hoc
1045 1857 1206 1910 etiam
1237 1856 1358 1911 loco
1382 1872 1627 1911 narrare.
1650 1855 1834 1910 Jovem
1859 1855 2060 1925 quippe

491 1948 690 2013 ferunt,
725 1940 884 2018 ﬁuod
921 1949 1104 2001 minus
1153 1947 1354 2003 .lunoni
1389 1963 1514 2002 cum
1552 1950 1670 2018 ipso
1721 1951 2057 2012 conveniret,

489 2056 660 2110 eaque
697 2056 1024 2108 congressus
1057 2041 1361 2095 declinandi
1402 2056 1565 2095 causa
1615 2041 1848 2096 latebras
1878 2050 2064 2110 capta-

491 2148 591 2200 ret,
637 2133 803 2187 animi
859 2133 1108 2195 dubium,
1159 2134 1366 2202 hacque
1403 2133 1636 2202 illacque
1678 2143 1958 2203 vagantem
2005 2132 2061 2185 in

490 2222 895 2278 Alalcomenem
941 2225 1253 2294 indigenam
1310 2225 1604 2296 aliquando
1654 2225 1940 2290 incidisse,
1993 2239 2060 2278 ex

490 2331 598 2383 quo
628 2315 699 2368 ita
723 2316 940 2370 demum
966 2314 1305 2371 seJunonem
1339 2317 1390 2370 in
1429 2316 1672 2370 fraudem
1700 2317 2058 2386 impulsurum

488 2421 610 2461 esse
643 2407 929 2474 didicerit,
982 2408 1029 2462 si
1085 2423 1252 2463 novas
1308 2409 1527 2478 nuptias
1568 2409 1869 2465 simularet.
1920 2407 2062 2477 Ergo

489 2497 834 2552 Alalcomene
872 2513 1028 2554 suam
1056 2497 1175 2552 Jovi
1223 2515 1443 2569 operam
1484 2501 1884 2567 commodante,
1917 2501 2055 2554 clam

489 2588 558 2650 ab
577 2589 646 2653 iis
670 2589 910 2652 excisam
939 2591 1210 2668 ingentem
1235 2604 1287 2652 et
1306 2593 1560 2653 eximiam
1582 2608 1841 2670 quercum
1870 2592 2057 2664 fuisse,

487 2707 652 2762 quam
683 2702 800 2746 arte
833 2692 1228 2762 conﬁguratam
1269 2707 1333 2747 ac.
1367 2707 1581 2762 sponsae
1626 2693 1776 2746 cultu
1807 2698 2058 2746 ornatam

489 2805 668 2848 nasum
699 2790 918 2861 quidem
950 2790 1096 2845 hunc
1134 2791 1189 2844 in
1225 2789 1447 2844 modum
1475 2788 1758 2844 cecinisse.
1789 2805 1805 2836 ι

1038 2882 1152 2952 se
1181 2877 1409 2934 CAPUT
1448 2877 1513 2932 ιι.

1016 2972 1243 3028 Carmen
1273 2970 1528 3040 nuptiale.

477 3075 480 3078 ‘
566 3085 582 3115 ι
626 3063 938 3119 Tritonidas
969 3079 1098 3117 vero
1121 3063 1386 3134 nymphas
1409 3063 1590 3132 pelves
1614 3062 1878 3124 attulisse,
1905 3053 2064 3114 Βαξό-

487 3156 598 3210 tios
647 3153 882 3223 denique
927 3152 1090 3207 tibias
1143 3151 1400 3221 lautaque
1461 3166 1527 3206 ac
1566 3150 1768 3204 lasciva
1817 3146 2064 3202 convivia

489 3246 808 3316 praebuisse.
849 3244 951 3298 Ista
983 3244 1112 3296 dum
1148 3251 1560 3312 peragerentur,
1592 3240 1884 3302 lunonem,
1919 3238 2064 3309 quod

488 3355 602 3392 rem
633 3338 839 3392 diutius
875 3335 1018 3389 ferre
1049 3349 1156 3388 non
1198 3343 1399 3403 posset,
1435 3349 1502 3388 ex
1527 3333 1836 3386 Citbazroue
1882 3339 2066 3385 monte

487 3430 854 3494 descendisse,
880 3442 1184 3497 magnaque
1206 3424 1588 3480 Platarensium
1622 3422 2062 3477 muliercularum

488 3523 648 3577 turba
694 3522 974 3590 stipatam,
1019 3519 1086 3574 ad
1120 3517 1310 3573 Jovem
1353 3517 1650 3572 iracundia:
1681 3531 1744 3571 ac
1790 3514 2066 3585 zelotypize

487 3612 730 3670 Stimulis
759 3612 1017 3682 agitatam
1049 3610 1386 3674 accurrisse,
1428 3607 1796 3676 continuoque
1836 3605 2063 3661 simula-

488 3707 638 3760 tione
662 3704 927 3774 patelacta
955 3715 1009 3756 et
1032 3701 1378 3757 reconciliata
1408 3714 1532 3754 cum
1560 3696 1694 3752 Jove
1719 3699 1912 3767 gratia,
1939 3712 2062 3750 cum

490 3797 675 3852 laetitia
720 3805 775 3851 et
815 3796 1088 3850 hilaritate
1133 3809 1290 3848 novae
1335 3801 1522 3862 nupta:
1573 3790 1864 3861 quamdam
1903 3788 2062 3858 quasi

489 3889 915 3946 conciliatricem
960 3887 1164 3954 fuisse,
1207 3887 1449 3956 illudque
1491 3883 1715 3939 honoris
1766 3883 2062 3939 simulacro

490 3979 770 4044 tribuisse,
819 3987 880 4032 ut
925 3977 1197 4047 ejusmodi
1243 3975 1442 4031 l‘cstum
1489 3973 1697 4028 Daedala
1721 3961 2059 4040 'nominaret,

489 4069 704 4124 tametsi
740 4075 965 4138 urgente
1003 4065 1266 4136 zelotypia
1303 4065 1480 4134 ipsum
1521 4074 1706 4132 postea
1737 4064 1860 4118 licet
1888 4063 2062 4116 inani-

491 4176 578 4214 me
625 4159 1006 4215 concremarit.
1053 4158 1131 4211 Ac
1172 4158 1351 4211 fabula
1388 4157 1604 4226 quidem
1646 4156 1720 4209 ita
1759 4171 1817 4210 se
1865 4155 2056 4219 habet;

488 4253 730 4323 ejusdem
755 4266 883 4306 vero
911 4265 1100 4306 sensus
1115 4251 1168 4303 el
1188 4251 1325 4303 ratio
1351 4251 1471 4302 talis
1499 4257 1599 4301 est.
1628 4245 1858 4301 lunonis
1885 4245 2060 4300 Jovis-

487 4361 598 4416 que
647 4344 934 4398 dissidium
964 4343 1109 4397 aliud
1145 4341 1280 4395 nibil
1323 4356 1483 4410 quam
1535 4341 1925 4394 elementorum
1971 4338 2057 4392 in-

488 4437 800 4508 temperiem
839 4434 1418 4506 perturbationemque
1440 4431 1723 4502 signiﬁcat,
1765 4431 1894 4486 dum
1925 4445 2058 4486 cou-

492 4528 726 4583 venienti
763 4543 826 4581 ac
854 4535 1040 4581 mutua
1073 4525 1395 4596 qualitatum
1427 4523 1776 4593 proportione
1823 4523 2056 4586 sublata,

489 4630 653 4690 atque
697 4619 861 4691 hujus
899 4619 954 4674 in
1005 4619 1182 4673 locum
1226 4617 1650 4686 inaequabilitate
1680 4633 1745 4674 ac
1785 4616 2060 4672 discordia

493 4711 836 4774 succedente,
865 4710 1148 4780 pristinam
1176 4710 1617 4780 conjunctionem
1646 4710 1926 4766 acerbiore
1968 4725 2066 4780 pu-

492 4818 596 4870 ana
623 4802 946 4868 dissolvunt,
972 4816 1035 4855 ac
1061 4809 1378 4871 praesentem
1419 4801 1543 4855 huic
1575 4803 1832 4855 universo
1856 4810 2059 4870 pestem

491 4894 743 4950 all‘erunt.
771 4891 1061 4948 Enimvero
1093 4893 1139 4947 si
1168 4891 1398 4964 Jupiter,
1429 4893 1478 4947 id
1507 4903 1592 4947 est
1627 4893 1798 4954 calor.
1827 4901 1882 4947 et
1906 4893 2062 4965 ignea

561 5077 674 5148 (57)
713 5077 908 5148 Αὐτὰρ
931 5073 1157 5148 ἐπειδὴ.
1199 5073 1532 5148 Ηοιιιοιθκιῤ.
1581 5075 1648 5136 Π,
1700 5091 1750 5148 _v.
1787 5073 1906 5127 l87.
1954 5073 2058 5148 Sed

491 5147 546 5201 in
573 5144 740 5202 versu
783 5147 819 5200 2
857 5144 1065 5217 legend.
1097 5145 1434 5217 προφοωσδε.
1465 5144 1753 5217 Quomodo
1786 5154 1965 5217 autem
1995 5146 2061 5217 τῇ

487 5217 745 5289 προθέσει
781 5218 880 5287 τὴν
910 5215 1158 5289 σύνθεσιν
1187 5215 1402 5289 mbula;
1451 5215 1648 5289 credo.
1699 5215 1842 5289 quod
1890 5215 2061 5289 parti-

491 5285 611 5340 cula
644 5287 720 5350 δέ,
757 5285 877 5356 quae
903 5287 986 5340 vel
1016 5288 1154 5347 sola,
1189 5288 1270 5338 vel
1306 5285 1429 5339 cum
1461 5285 1629 5339 altera
1661 5286 1787 5354 πρό,
1820 5285 2062 5356 vulgaris

490 5355 884 5427 propositionis
915 5359 1030 5412 vice
1076 5357 1337 5426 fungitur,
1366 5372 1432 5411 eo
1460 5356 1582 5409 loco
1616 5357 1813 5423 posita,
1845 5355 2063 5410 suavio-

492 5443 606 5482 rem
657 5428 923 5482 orationis
969 5428 1382 5486 collocationem
1431 5437 1484 5480 et
1533 5441 1731 5479 nexum
1782 5427 2060 5494 impediat.

491 5495 760 5552 Caeterum
795 5498 861 5551 de
886 5499 1035 5552 vocis
1063 5499 1226 5564 hujus
1255 5496 1666 5566 compositione,
1707 5496 1778 5550 ita
1812 5497 2060 5550 Eustatb.

505 5569 601 5621 ‘IJ.
636 5569 703 5620 ll'
725 5568 811 5619 ‘Ev
843 5567 920 5637 τῷ
945 5568 1312 5636 προρόωσδε,
1339 5567 1535 5637 inquit,
1571 5566 1635 5637 mi
1665 5566 1807 5637 κατὰ
1835 5567 1894 5620 τὸ
1921 5583 2063 5637 πσρ-

492 5637 644 5720 έλκον
741 5635 1225 5720 πρόθεσις-κεῖται,
1261 5636 1392 5720 ἀλλά
1425 5637 1521 5707 τὴν
1545 5636 1639 5689 τοῦ
1669 5635 1896 5720 βρέφουὲ
1926 5635 2062 5720 πρίζ-

490 5707 616 5778 οδονγ
635 5709 712 5778 είς
740 5707 854 5776 φῶς
879 5707 1026 5778 δηλοῖ
1043 5727 1054 5738 ·
1081 5708 1209 5762 ἔνθα
1239 5709 1328 5760 καὶ
1358 5709 1921 5778 ὲφερευνευτικὺνγτῆς
1948 5707 2061 5774 πρὸ

489 5777 820 5848 προθέσεως,
842 5779 900 5833 τὸ
926 5777 1257 5850 προφόωσδε.
1292 5779 1356 5832 At
1392 5777 1485 5833 'l.l.
1515 5779 1577 5843 T,
1599 5780 1690 5833 ubi
1717 5781 1782 5834 de
1805 5777 2018 5835 lunone
2047 5819 2060 5843 ,

2165 1675 2426 1744 σκευάσῃ·
2460 1673 2540 1725 δεῖ
2569 1673 2624 1725 δὲ
2654 1674 2782 1735 ἴσως
2808 1674 2902 1726 καὶ
2920 1672 3010 1726 τὸν
3041 1673 3395 1745 εὐηθέστερον
3439 1673 3606 1744 μῦθον
3652 1675 3737 1728 εί-

2163 1768 2305 1820 πεῖν.
2348 1765 2577 1833 Λέγεται
2605 1765 2711 1837 γὰρ
2739 1768 2767 1818 ὀ
2789 1765 2943 1829 Ζεὺς,
2975 1765 3071 1837 τῆς
3104 1768 3281 1838 ’Ἤρας
3306 1766 3452 1837 αὐτῷ
3487 1766 3742 1839 διαφερο-

2168 1855 2332 1926 μένης
2369 1855 2564 1924 μῃκέτι
2599 1857 2787 1926 φοιτᾷν
2817 1857 2895 1919 εἰς
2935 1857 2996 1910 τὸ
3038 1857 3168 1910 αὐτὸ
3212 1857 3558 1928 βουλομένης,
3599 1857 3742 1912 ἀλλὰ

2165 1948 2511 2020 κρυπτούσης
2584 1950 2801 2019 ἑαυτὴν,
2879 1950 3172 2022 ἀμηχανῶν
3239 1952 3333 2005 καὶ
3385 1951 3740 2022 πλανώμενος

2179 2041 2556 2112 Ἀλαλκομένει
2583 2043 2661 2114 τῷ
2693 2045 2975 2116 αὐτόχθονι
3022 2049 3320 2117 συντυχεῖν,
3353 2049 3449 2101 καὶ
3481 2048 3742 2118 διδαχθῆ-

2161 2153 2250 2188 ναι
2279 2135 2382 2190 ὑπὸ
2407 2137 2620 2198 τούτου,
2653 2136 2726 2201 ὼς
2768 2137 3135 2208 ἐξαπατητέον
3167 2139 3266 2212 τὴν
3302 2141 3499 2212 Ἦραν,
3534 2141 3744 2211 σκεψάο

2166 2244 2324 2296 μενον
2361 2229 2556 2298 γαμεῖν
2598 2228 2810 2302 ἑτέραν.
2857 2229 3253 2302 Συνεργοῦντος
3294 2232 3350 2285 δὲ
3399 2232 3492 2285 τοῦ
3549 2234 3744 2286 Ἀλαλ-

2163 2319 2445 2388 κομένους,
2495 2320 2679 2394 κρύφα
2724 2320 2984 2392 τεμόντας
3036 2323 3231 2386 αὐτοὺς
3297 2323 3583 2378 εὑκτέανον
3645 2327 3745 2379 καὶ

2165 2411 2449 2484 παγκάλην
2477 2413 2628 2485 δρῦν,
2663 2413 2950 2485 μορφῶσαί
2982 2431 3041 2468 τε
3070 2415 3238 2488 αὐτὴν
3269 2417 3362 2471 καὶ
3385 2418 3743 2473 καταστεῖλαι

2163 2503 2465 2577 νυμφνκῶς,
2505 2505 2766 2578 Auﬁdiam
2794 2507 3366 2580 προσαγορεῦσαντας.
3396 2506 3528 2564 Εἶτα.
3563 2508 3744 2573 οὕτως

2165 2600 2566 2670 ἀναμέλπεσθαι
2599 2602 2694 2671 μὲν
2723 2601 2812 2654 τὸν
2851 2601 3154 2672 Ὑμέναιον.
3181 2617 3200 2651 ι

2099 2690 2534 2762 instructamque
2571 2691 2838 2747 Dzedalam
2900 2693 3250 2750 nominariut.
3284 2693 3482 2750 Deinde
3543 2694 3749 2768 llytne-

2725 2871 3122 2924 ΚΕΦΛΛΑΙΟΝ
3138 2871 3210 2924 B'.

2694 2960 3001 3030 Γαμήλιος
3065 2958 3206 3024 ᾠδή.

2247 3053 2560 3126 ιΛουτρὰδὲ
2587 3050 2832 3122 κομίζειν
2869 3050 2966 3114 τὰς
2999 3049 3328 3122 Τριτωνίδας
3360 3051 3596 3121 νύμςςας,
3643 3051 3747 3102 αι)-

2091 3129 2134 3188 C
2166 3145 2289 3208 λοὺς
2316 3143 2371 3198 δὲ
2404 3143 2498 3197 καὶ
2526 3141 2744 3214 κώμους
2773 3142 2870 3214 τὴν
2901 3142 3161 3196 Βοιωτίαν
3187 3145 3506 3214 παρασχεῖν.
3538 3143 3744 3211 Περαι-

2165 3236 2402 3308 νομένων
2445 3235 2502 3289 δὲ
2539 3235 2764 3297 τούτων,
2824 3235 3006 3288 οὐκέτι
3043 3235 3142 3304 τὴν
3206 3236 3380 3314 Ἥραν
3423 3237 3738 3306 καρτερεῖν,

2165 3331 2299 3386 ἀλλὰ
2327 3329 2638 3384 καταϐᾶσαν
2664 3332 2727 3382 ἐκ
2751 3329 2843 3382 τοῦ
2877 3329 3237 3400 Κιθαιρῶνος,
3266 3329 3372 3382 τῶν
3402 3327 3742 3381 Πλαταιίδων

2166 3422 2302 3492 αὐτῇ
2325 3419 2597 3489 γυναικῶν
2627 3417 2928 3488 ἑπομένων,
2961 3419 3052 3470 ὑπ’
3079 3418 3250 3489 ὀργῆς
3276 3419 3370 3472 καὶ
3409 3417 3743 3488 ζηλοτυπίας

2167 3511 2394 3564 θέουσαν
2441 3510 2613 3563 ἐλθεῖν
2663 3509 2798 3581 πρὸς
2836 3510 2928 3562 τὸν
2975 3509 3093 3573 Δία,
3142 3510 3235 3564 καὶ
3281 3509 3372 3563 τοῦ
3421 3510 3744 3581 πλάσματος

2167 3599 2397 3672 φανεροῦ
2444 3600 2758 3671 γενομένου,
2811 3599 3187 3668 διαλλαγεῖσαν
3245 3598 3381 3669 μετὰ
3421 3602 3596 3671 χαρᾶς
3645 3600 3744 3653 καὶ

2165 3693 2396 3763 γέλωτος
2441 3693 2609 3763 αὐτὴν
2659 3695 3064 3763 νυμφαγωγεῖνο
3120 3693 3284 3764 τιμὴν
3340 3692 3396 3744 δὲ
3446 3692 3524 3763 τῷ
3567 3691 3743 3762 ξοάνῳ

2165 3786 2496 3858 προσθεῖναι,
2528 3787 2619 3840 καὶ
2655 3786 2886 3839 Δαίδαλα
2928 3786 3027 3857 τὴν
3062 3786 3254 3856 ἑορτὴν
3281 3785 3736 3857 προσαγορεῦσαι·

2163 3876 2506 3931 κατακαῦσαι
2551 3878 2606 3931 δὲ
2650 3879 2799 3948 ὅμως
2846 3878 2998 3944 αὐτὸ,
3031 3876 3234 3949 καίπερ
3275 3878 3479 3948 ἄψυχον
3508 3877 3589 3944 ὃν,
3631 3876 3738 3931 ὑπὸ

2163 3969 2507 4040 ζηλοτυπίας.
2552 3971 2611 4022 '0
2647 3971 2744 4040 μὲν
2775 3967 2866 4024 οὖν
2925 3970 3092 4041 μῦθος
3129 3970 3397 4034 τοιοῦτος·
3433 3974 3461 4024 ὁ
3489 3971 3544 4024 δὲ
3579 3972 3739 4040 λόγος

2163 4061 2327 4114 αὑτοῦ
2367 4061 2590 4116 τοιόσδε.
2634 4063 2812 4134 Ἤρας
2853 4064 2945 4116 καὶ
2985 4062 3105 4125 Διὸς
3140 4063 3372 4134 διαφορὰ
3415 4064 3509 4116 καὶ
3548 4064 3737 4129 στάσις

2161 4155 2311 4208 οὐδὲν
2344 4155 2470 4209 ἄλλο
2522 4154 2656 4226 πλὴν
2699 4154 2975 4226 στοιχείων
3017 4155 3318 4228 δυσκρασία
3361 4157 3455 4210 καὶ
3497 4159 3733 4228 τάραχος

2163 4249 2328 4312 ἐστιν,
2361 4249 2489 4300 ὅταν
2515 4247 2762 4317 ἀλλήλοις
2791 4249 2988 4318 μηκέτι
3013 4249 3149 4320 (37‘)
3181 4251 3559 4322 συμμετρῆται
3592 4249 3737 4304 κατὰ

2162 4341 2384 4411 κόσμον,
2413 4339 2546 4393 ἀλλὰ
2572 4340 2667 4392 κα)⁵
2698 4341 3010 4411 ἀνωμαλίας
3038 4342 3129 4395 καὶ
3151 4343 3485 4413 τραχύτητος
3511 4345 3701 4411 ἐγγενο
3718 4374 3731 4383 -

2168 4432 2353 4502 μένης,
2377 4433 2800 4504 δυσμαχήσαντα
2833 4432 2969 4506 λύσῃ
2994 4433 3090 4504 τὴν
3123 4435 3403 4486 κοινωνίαν
3420 4436 3511 4487 καὶ
3528 4433 3733 4505 φθορὰν

2164 4523 2272 4576 τῶν
2293 4525 2427 4577 ὅλων
2447 4524 2844 4595 ἀπεργάσηται.
2872 4526 2968 4578 Ἂν
3001 4525 3097 4595 μὲν
3122 4521 3216 4577 οὖν
3235 4528 3262 4578 ὁ
3285 4527 3436 4588 Ζευς,
3459 4526 3736 4578 τουτέστιν

2163 4617 2397 4689 ήθερμὴ
2439 4619 2531 4671 καὶ
2568 4617 2823 4690 πυρώδης
2853 4617 3100 4688 δύναμις,
3136 4619 3314 4670 αἰτίαν
3351 4618 3607 4690 παράσχῃ
3633 4619 3738 4688 τῆς

2162 4707 2479 4780 διαφθορᾶς,
2527 4709 2738 4780 αὐχμὸς
2784 4710 2880 4780 τὴν
2924 4711 3026 4781 γῆν
3065 4709 3502 4781 καταλαμϐάνει·
3547 4709 3643 4762 ἐὰν
3678 4708 3738 4763 δε

2164 4802 2292 4872 περὶ
2333 4800 2430 4872 τὴν
2472 4802 2671 4874 Ἥραν,
2707 4803 2954 4855 τουτέστι
2981 4802 3076 4874 τὴν
3115 4801 3286 4873 ὑγρὰν
3316 4804 3409 4855 καὶ
3439 4818 3739 4872 πνευματι-

2163 4895 2266 4966 κὴν
2303 4894 2483 4966 φύσιν,
2520 4894 2677 4966 ὕϐρις
2712 4913 2796 4959 τις
2829 4895 2861 4967 ἢ
2900 4895 3238 4966 πλεονασμὸς
3269 4895 3512 4967 γένηται,
3555 4893 3738 4966 ῥεῦμα

2163 5091 2284 5145 qua:
2319 5074 2550 5146 septimo
2577 5089 2762 5146 mense
2795 5073 3156 5146 Eurystheum
3182 5078 3238 5129 in
3266 5091 3441 5131 nucem
3474 5091 3741 5133 excusse—

2165 5143 2270 5206 rat.
2303 5143 2426 5199 cum
2458 5145 2688 5199 dixisset
2717 5143 2985 5200 Homerus
3011 5163 3026 5199 :

2213 5218 2311 5286 Ἐκ
2327 5215 2378 5268 δ’
2397 5215 2579 5285 ἄγαγε
2600 5216 2969 5284 προφόωσδε,
2988 5216 3083 5270 καὶ
3109 5219 3474 5286 ἠλιτόμηνον
3499 5217 3699 5270 ἐόντα·

2165 5285 2412 5341 Eustbat.
2441 5287 2559 5340 :‘Ev
2583 5287 2661 5358 τῷ
2699 5287 3068 5358 ξτροφόωσδε,
3097 5285 3292 5358 inquit,
3323 5289 3354 5353 ἡ
3387 5287 3500 5354 πρὸ
3545 5287 3742 5358 προθε-

2168 5375 2269 5428 σις,
2296 5358 2356 5409 τὸ
2404 5358 2509 5424 πρὸ
2539 5356 2730 5428 καιροῦ
2779 5357 2870 5409 τὸν
2901 5357 3181 5428 Εὐρυσθέα
3210 5358 3534 5428 γεννηθῆναι
3562 5356 3736 5426 δηλοῖ.

2168 5427 2684 5549 ὃτιιιεὲιίεηιιρτουιο
2731 5443 2831 5482 suo
2880 5427 3122 5498 tempore
3169 5427 3468 5494 nascituro,
3525 5429 3740 5483 dixerat

2168 5511 2292 5549 ante
2356 5507 2571 5549 ttL‘Iler:

2167 5511 2292 5551 ante
2320 5507 2571 5565 Jupiter:

2202 5567 2470 5640 Σήμερον
2500 5565 2966 5640 ἄιζδραίςξόωσδε,
2985 5571 3358 5640 ,μογοστόκος
3379 5569 3699 5623 Εἰλείθυια.

2239 5638 2372 5711 (ὖῖξ)
2414 5637 2652 5711 Μηκέτι.
2698 5639 2888 5702 Monl.,
2910 5642 3005 5692 καὶ
3033 5637 3250 5711 μηκέτι,
3287 5641 3736 5711 recte.C:eterurn

2169 5716 2279 5781 tota
2329 5708 2450 5781 lucc
2500 5707 2680 5781 fabula
2734 5707 3044 5781 pertcxitur'
3075 5707 3237 5766 etiam
3286 5728 3315 5765 a
3369 5709 3641 5765 Pausania
3681 5710 3739 5766 in

2127 5862 2130 5865 ι
2168 5778 2410 5847 Βαόιὶση
2445 5793 2499 5850 p.
2533 5778 2658 5836 285.
