3948 6376
525 322 627 374 1ίῦ

1179 317 1449 373 EUSEBil
1487 316 1965 374 CAESARIENSIS
2006 310 2159 373 OPP.
2204 301 2384 367 PARS
2423 316 2486 373 ll.
2524 348 2590 357 —-
2629 309 3126 375 APOLOGETICA.

3666 322 3765 377 ιοι

523 459 662 508 esse,
688 442 881 497 lsidem
925 457 1056 497 vero
1101 442 1328 507 lunam;
1368 440 1556 496 Jovem
1603 442 1853 512 spiritum
1886 451 2077 497 cuneta

2187 434 2379 503 πτίοις,
2414 441 2506 494 καὶ
2529 441 2617 494 τὸν
2643 443 2770 512 παρ’
2800 440 2979 504 αὐτοῖς
2997 439 3233 509 ποταμὸν
3263 439 3468 503 Νεῖλον,
3493 431 3536 506 ᾧ
3562 446 3654 494 καί
3672 444 3765 505 13:;

524 537 929 606 pervatlentem,
963 535 1260 590 Vulcanum
1319 537 1520 603 ignem,
1553 545 1750 590 terram
1781 536 2030 590 Cererem
2066 555 2078 590 :

524 628 802 684 Oceanum
857 628 1162 692 humorem,
1199 644 1261 682 ac
1300 627 1480 681 Nilum
1504 643 1690 681 eorum
1724 627 1969 690 ﬂuvium,
1997 628 2083 682 cui

523 721 671 789 ipsas
720 735 936 790 quoque
1002 720 1224 772 deorum
1276 719 1675 788 procreationes
1723 720 2027 773 attribuunt
2068 737 2082 773 :

523 827 701 866 aerem
767 812 999 880 denique
1043 810 1335 864 Minervam
1375 811 1444 864 ab
1479 810 1669 864 iisdem
1705 811 1970 864 nominari
2003 811 2086 864 fe-

524 915 673 957 ru-nt.
722 902 896 971 Atque
945 903 1044 956 hos
1095 901 1336 970 quinque
1392 902 1542 966 deos,
1573 901 1760 955 Aerem
1814 902 2083 966 videlicet,

529 995 764 1064 Aquam,
807 994 1009 1063 Ignem,
1041 991 1288 1058 Terram,
1323 1008 1386 1047 ac
1421 992 1704 1061 Spiritum,
1726 993 1933 1058 .orbem
1962 993 2081 1044 uni-

523 1103 742 1144 Versum
803 1102 1139 1155 percurrere,
1183 1087 1364 1139 varias
1411 1085 1639 1139 subinde
1696 1084 1976 1138 hominum
2031 1092 2086 1136 et

524 1179 703 1234 omnis
757 1178 970 1247 generis
1017 1177 1372 1230 animantium
1434 1175 1636 1242 ﬁguras
1682 1189 1746 1228 ac
1783 1173 1965 1227 vultus
1996 1172 2078 1225 in-

523 1270 772 1329 duentes,
815 1283 1047 1336 quorum
1097 1267 1314 1320 nomina
1365 1281 1486 1319 cum
1525 1266 1728 1332 aliquot
1769 1263 2080 1315 hominibus

523 1360 683 1414 morti
729 1359 1001 1422 obnoxiis,
1028 1368 1080 1412 et
1129 1360 1181 1411 in
1229 1357 1631 1428 Aigyptonatis
1682 1354 2080 1410 communicata

523 1452 739 1513 fuerint,
769 1452 881 1521 88
907 1466 1044 1520 quos
1073 1450 1256 1518 utique
1289 1450 1490 1512 Solem,
1509 1449 1827 1511 Saturnum,
1851 1444 2080 1506 Rheam,

518 1543 730 1606 Jovem,
754 1543 1045 1606 Junonem,
1083 1544 1405 1606 Vulcanum,
1443 1541 1774 1610 Vestamque
1803 1537 2083 1608 cognomi-

2189 532 2294 587 τῶν
2310 531 2447 587 θεῶν
2472 534 2745 588 ἀναθεῖναι
2769 534 3030 602 γενέσεις·
3062 533 3150 586 τὸν
3166 534 3220 586 δὲ
3244 535 3378 603 ἀέρα
3395 536 3555 603 φασιν
3572 535 3765 598 αὐτοὺς

2190 629 2613 700 προσαγορεύειν
2637 627 2885 696 Ἀθηνᾶν.
2913 628 3146 691 Τούτους
3163 628 3218 680 δὲ
3241 629 3364 692 τοὺς
3397 629 3555 682 πέντε
3583 629 3763 691 θεοὺς,

2188 719 2279 772 τὸν
2327 720 2485 789 Ἀέρα
2526 719 2686 786 λέγω,
2724 720 2817 771 καὶ
2861 719 2919 770 τὸ
2955 719 3155 788 "Toup,
3205 719 3264 771 τό
3295 736 3351 771 τε
3375 719 3492 790 Πῦρ
3532 719 3625 772 καὶ
3667 720 3767 790 τὴν

2189 808 2319 877 Γῆν,
2357 810 2451 860 καὶ
2483 807 2540 860 τὸ
2574 806 2818 877 Πνεῦμα,
2861 810 3038 861 πᾶσαν
3080 807 3176 878 τὴν
3220 808 3538 879 οἰκουμένην
3571 811 3766 860 ἐπιπο-

2191 899 2464 971 ρεύεσθαι,
2493 900 2676 953 ἄλλοτε
2707 900 2884 962 ἄλλως
2913 902 2992 964 είς
3016 901 3229 970 μορφὰς
3247 901 3340 953 καὶ
3373 901 3514 963 ἰδέας
3550 901 3764 970 ἀνθρὼ-

2187 1009 2302 1044 πων
2318 1010 2375 1044 τε
2401 993 2492 1044 καὶ⁸
2515 992 2781 1045 παντοίων
2805 990 2955 1054 ζώων
2983 993 3497 1062 σχηματιζομένους·
3523 993 3614 1044 καὶ
3641 993 3766 1044 τούς

2185 1099 2292 1134 των
2309 1081 2630 1152 ὁμωνύμους
2661 1083 2788 1152 παρ’
2807 1082 2986 1144 αὐτοῖς
3002 1083 3318 1150 Αἰγυπτίοις
3341 1083 3615 1150 γεγονέναι
3634 1082 3767 1148 θνη-

2183 1173 2308 1236 τοὺς
2336 1172 2670 1243 ἀνθρώπους,
2692 1174 2896 1238 ”Ηλιον,
2927 1176 3019 1227 καὶ
3039 1175 3263 1243 Κρόνον,
3281 1176 3372 1226 καὶ
3399 1175 3573 1236 Ῥέαν,
3597 1174 3678 1226 ἔτι
3711 1173 3767 1226 δὲ

2186 1266 2279 1318 καὶ
2310 1263 2423 1328 Δία,
2451 1265 2542 1317 καὶ
2565 1266 2760 1337 Ἥραν,
2779 1267 2873 1319 καὶ
2888 1267 3203 1334 Ἥφαιστον,
3237 1266 3553 1318 καὶἙστίαν
3573 1269 3764 1318 ἐπονο-

2191 1355 2509 1425 μασθέντας.
2539 1357 2742 1426 Γράφει
2767 1356 2823 1408 δὲ
2857 1358 2947 1410 καὶ
2963 1356 3030 1408 τὰ
3056 1358 3181 1428 περὶ
3203 1359 3405 1409 τούτων
3432 1357 3766 1427 πλατύτερον

2192 1446 2287 1517 μὲν
2300 1447 2327 1498 ὁ
2342 1447 2618 1508 Μάνεθως’
2636 1450 2819 1500 ἐπιτετ
2825 1465 2896 1518 μη
2907 1447 3078 1517 μένως
3089 1447 3144 1499 δὲ
3159 1449 3187 1499 ὁ
3208 1448 3465 1519 Διόδωρος
3477 1451 3533 1500 ὲν
3543 1451 3605 1517 τῇ
3623 1465 3762 1517 προ-

2188 1535 2434 1609 λεχθείσῃ
2457 1537 2620 1589 αὑτοῦ
2662 1553 2864 1608 γραφή,
2893 1531 2993 1589 ὧδέ
3027 1553 3142 1600 πως
3167 1536 3390 1608 ἱστορῶν
3415 1537 3552 1589 κατά
3596 1537 3761 1599 λέξιν.

521 1647 745 1694 narunt.
777 1639 907 1702 Quae
951 1637 1237 1693 Manethus
1295 1640 1514 1707 quidem
1569 1637 1751 1691 omnia
1817 1635 1990 1689 fusius
2049 1633 2378 1700 uberiusque
2424 1633 2786 1701 persequitur,
2847 1633 3158 1686 summatim
3211 1647 3341 1686 vero
3389 1630 3654 1688 Diodorus
3712 1634 3766 1686 in

522 1743 611 1795 eo,
647 1729 794 1800 quod
822 1745 984 1798 supra
1037 1730 1399 1795 laudavimus,
1436 1729 1794 1782 Historiarum
1827 1742 1988 1796 opere
2020 1726 2087 1778 ad
2128 1725 2352 1778 verbum
2380 1723 2452 1777 ita
2480 1724 2908 1793 comprehendit.

1117 1823 1345 1878 CAPUT
1403 1823 1486 1878 l‘ll.

733 1914 810 1968 De
835 1915 1116 1984 allegorica
1154 1915 1527 1986 Egyptiorum
1559 1914 1836 1984 theologia.

603 2022 622 2052 ε
646 2005 943 2076 Utrumque
969 2009 1149 2071 deum,
1177 2008 1378 2074 Solem,
1398 2007 1596 2076 inquit,
1615 2023 1678 2062 ac
1701 2007 1924 2072 Lunam,
1941 2023 2076 2078 quos

519 2095 757 2167 Egyplii
787 2100 1016 2154 Osiridis
1048 2099 1313 2168 lsitlisque
1347 2101 1566 2154 nomine
1617 2099 1943 2170 signiﬁcant,
1981 2115 2075 2153 or-

521 2189 640 2243 bem
677 2191 989 2244 universum
1023 2207 1208 2260 regere
1234 2208 1297 2245 ac
1325 2191 1614 2256 moderari,
1644 2207 1840 2260 resque
1887 2207 2076 2246 omnes

524 2281 699 2334 tribus
729 2282 1002 2338 distinctis
1025 2285 1150 2336 anni
1181 2283 1589 2352 tempestatibus
1611 2284 1754 2336 alere
1785 2291 1946 2351 atque
1979 2299 2077 2336 au-

518 2389 643 2441 gere
701 2381 969 2439 statuunt,
1025 2389 1178 2438 vere,
1224 2384 1430 2439 aestate,
1478 2388 1530 2429 et
1577 2375 1774 2441 hieme,
1803 2390 1922 2444 quae
1950 2390 2078 2429 suas

517 2465 744 2534 singulae
769 2466 1152 2520 conversiones
1185 2477 1462 2536 aspectum
1503 2465 1739 2536 fugiente
1774 2475 1920 2520 motu
1948 2481 2079 2520 con-

516 2554 717 2620 ﬁciattt,
744 2572 806 2609 ac
832 2556 1126 2626 plurimum
1155 2559 1293 2611 inter
1313 2573 1432 2613 sese
1464 2568 1656 2612 natura
1709 2558 2033 2612 dissidentes
2059 2599 2076 2624 ,

517 2663 729 2700 summa
764 2657 944 2701 tamen
981 2657 1033 2702 et
1078 2651 1544 2717 opportunissima
1597 2651 1957 2704 consensione
1996 2651 2078 2703 in-

514 2747 724 2808 tegrum
772 2754 975 2792 annum
1010 2741 1312 2795 absolvant.
1376 2743 1551 2809 Atque
1616 2741 1809 2794 horum
1853 2743 2074 2796 deorum

514 2826 786 2893 ejusmodi
821 2842 940 2882 esse
972 2838 1245 2893 naturam,
1279 2845 1400 2898 quae
1453 2831 1684 2884 mttltum
1738 2831 1802 2885 ad
1835 2831 2078 2885 tribuen-

515 2919 639 2971 dam
677 2919 836 2973 rebus
858 2920 1110 2974 omuihus
1136 2921 1243 2973 vim
1275 2923 1562 2989 generandi
1589 2922 1952 2979 fecundiorem
1985 2941 2079 2994 per

517 3023 639 3065 sese
668 3011 952 3078 conferat;
984 3012 1127 3066 Solis
1157 3014 1398 3082 quidem,
1429 3015 1588 3085 igneo
1616 3017 1809 3083 calori,
1839 3033 1903 3072 ac
1925 3018 2080 3087 spiri-

517 3101 593 3153 tui
620 3117 634 3165 ;
661 3099 829 3154 Luna:
860 3116 1008 3166 vero,
1034 3102 1250 3156 humori
1271 3112 1324 3156 et
1349 3104 1612 3169 siccitati;
1653 3105 1938 3174 utriusque
1981 3106 2076 3158 de-

2709 1819 3105 1873 ΚΕΦΑΛΑΙΟΝ
3138 1820 3211 1872 Γ’.

2181 1911 2321 1979 Περί
2365 1909 2472 1978 τῆς
2502 1913 2837 1980 Αἰγυπτίων
2873 1910 3401 1980 ἀλληγορουμένης
3430 1912 3762 1982 θεολογίας.

2257 2025 2276 2056 ι
2304 2005 2532 2067 Τούτους
2561 2003 2667 2073 (41)
2699 2003 2755 2056 δὲ
2782 2004 2904 2066 τοὺς
2933 2003 3104 2066 θεοὺς,
3130 2003 3219 2055 τὸν
3251 2002 3454 2067 ”Ηλιον,
3487 2004 3636 2072 φησί,
3671 2005 3769 2057 καὶ

2183 2097 2278 2168 τὴν
2295 2095 2548 2166 Σελήνην,
2578 2096 2789 2164 Ὄσιριν
2817 2095 2972 2158 ὄντας
2997 2095 3113 2147 κατ’
3136 2094 3457 2163 Αἰγυπτίους
3486 2095 3579 2148 καὶ
3597 2091 3764 2154 Ἶσιν,

2182 2187 2273 2240 τὸν
2324 2188 2612 2257 σύμπαντα
2659 2184 2858 2256 κόσμον
2910 2185 3161 2250 διοικεῖν,
3209 2185 3504 2256 τρέιξοντάς
3555 2203 3612 2238 τε
3671 2186 3768 2238 καὶ

2184 2281 2440 2346 αὔξοντας
2482 2281 2654 2333 πάντα
2697 2280 3011 2350 τριμερέσιν
3053 2279 3242 2349 ὥραις,
3290 2275 3502 2349 ἀοράτῳ
3546 2280 3766 2348 κινήσει

2181 2372 2278 2443 τὴν
2307 2371 2549 2442 περίοδον
2581 2369 3022 2440 ἀπαρτιζούσαις,
3060 2373 3124 2440 τῇ
3161 2386 3219 2421 τε
3258 2371 3464 2439 ἐαρινῇ,
3494 2370 3587 2421 καὶ
3615 2369 3768 2441 θερι-

2183 2469 2269 2536 νῇ,
2313 2465 2407 2518 καὶ
2435 2467 2730 2534 χειμερινῇ-
2764 2463 2963 2527 ταύτας
2999 2463 3054 2516 δὲ
3087 2463 3480 2533 ἐναντιωτάτην
3503 2461 3765 2532 ἀλλήλαις

2182 2557 2279 2628 τὴν
2321 2555 2478 2627 φύσιν
2522 2556 2749 2626 ἐχούσας
2786 2557 3106 2628 ἀπαρτίζειν
3150 2557 3242 2609 τὸν
3277 2557 3518 2609 ἐνιαυτὸν
3557 2557 3763 2627 ἀρίστῃ

2186 2650 2485 2720 συμφωνίᾳ·
2523 2650 2681 2719 φύσιν
2703 2650 2758 2702 δὲ
2793 2649 3194 2718 συμϐάλλεσθαι
3234 2649 3490 2720 πλείστην
3525 2649 3633 2720 (42)
3677 2651 3761 2712 εἰς

2183 2739 2278 2810 τὴν
2307 2739 2412 2792 τῶν
2441 2739 2694 2792 ἁπάντων
2735 2737 3027 2806 ζωογονίαν
3072 2738 3177 2791 τῶν
3225 2738 3362 2791 θεῶν
3409 2737 3627 2791 τούτων·
3662 2740 3760 2791 τὸν

2188 2829 2305 2900 μὲν,
2345 2829 2640 2900 πυρώδους,
2702 2830 2796 2882 καὶ
2840 2827 3173 2900 πνεύματος·
3220 2829 3320 2900 τὴν
3345 2829 3420 2891 δὲ,
3463 2829 3629 2900 ὑγροῦ
3661 2831 3762 2883 καὶ

2185 2920 2369 2992 ξηροῦ’
2402 2924 2551 2991 κοινῇ
2598 2921 2642 2972 δ’
2682 2921 3044 2990 ἀμφοτέρους,
3093 2921 3292 2992 Ἀέροςο
3327 2921 3418 2973 καὶ
3441 2920 3527 2973 διὰ
3554 2919 3762 2974 τούτων

2185 3015 2361 3067 πάντα
2407 3012 2699 3081 γεννᾶσθαι
2753 3013 2847 3065 καὶ
2897 3012 3210 3084 τρέφεσθαι.
3260 3012 3350 3064 Διὸ
3403 3015 3497 3066 καὶ
3554 3012 3614 3064 τὸ
3658 3013 3761 3083 μὲν

2185 3106 2331 3160 ἅπαν
2384 3106 2543 3177 σῶμα
2600 3107 2698 3177 τῆς
2759 3106 2866 3159 τῶν
2904 3108 3041 3160 ὅλων
3087 3107 3301 3174 φύσεως
3332 3105 3393 3170 ἐξ
3431 3107 3610 3160 Ἠλίου
3663 3108 3763 3160 καὶ

515 3205 664 3242 mum
699 3191 974 3244 communi
1001 3191 1220 3254 virtute,
1260 3191 1408 3247 Aeri.
1440 3190 1645 3245 Horum
1689 3202 1947 3261 praeterea
1993 3192 2077 3246 be-

2187 3200 2413 3270 Ξελήνης
2449 3198 2864 3268 ἀπαρτίζεσθαι,
2898 3199 2963 3252 τὰ
2985 3199 3039 3252 δὲ
3063 3200 3266 3254 τούτων
3303 3200 3462 3271 μέρη,
3495 3200 3657 3252 πέντε
3691 3199 3764 3252 τὰ

514 3281 708 3336 neficio
732 3285 1003 3352 procreari
1032 3299 1094 3337 ac
1116 3285 1349 3353 vegetari
1379 3298 1571 3338 cuneta
1604 3303 1618 3339 :
1650 3285 1878 3354 ideoque
1906 3295 2075 3339 totum

517 3372 684 3441 hujus
713 3373 952 3427 universi
989 3386 1196 3428 natura:
1226 3389 1423 3443 corpus
1455 3373 1599 3428 Solis
1629 3390 1693 3429 ac
1739 3375 1901 3428 Luna:
1948 3391 2076 3429 con-

513 3467 797 3533 junctione
818 3467 1136 3534 consistere,
1153 3467 1310 3537 cujus
1336 3477 1518 3537 partes
1549 3469 1788 3537 quinque
1819 3469 1922 3522 illa}
1947 3468 2074 3534 sint,

519 3572 656 3625 quas
701 3567 824 3611 ante
873 3558 1291 3626 nominavimus,
1337 3559 1593 3626 spiritus,
1646 3560 1805 3629 ignis,
1848 3562 2074 3624 siccum,

517 3648 823 3712 humidum,
857 3657 1236 3719 postremoque
1265 3651 1468 3704 aerium
1495 3671 1507 3705 :
1532 3659 1590 3705 ut
1619 3653 2073 3721 quemadmodum

517 3739 572 3792 in
607 3739 844 3804 homine,
871 3749 1051 3809 caput,
1081 3757 1294 3807 manus,
1319 3744 1480 3812 pedes
1510 3759 1573 3798 ac
1611 3753 1802 3798 caetera
1834 3745 2075 3798 membra

515 3846 892 3895 numeramus,
931 3833 1004 3886 ita
1033 3833 1192 3901 plane
1227 3834 1491 3904 integrum
1524 3835 1684 3903 hujus
1718 3835 1903 3888 mundi
1950 3851 2073 3889 cor-

512 3936 616 3990 pus
668 3939 733 3976 ex
769 3922 872 3976 illis
900 3924 1144 3992 partibus
1187 3932 1611 3994 coagmentetur.
1643 3922 1760 3977 Jam
1805 3941 1952 3985 vero,
1981 3925 2074 3994 qui

516 4014 765 4068 homines
821 4014 872 4068 in
924 4014 1156 4085 Aﬁgypto
1200 4015 1362 4084 plano
1411 4026 1466 4068 et
1512 4015 1802 4069 articulato
1825 4032 2075 4070 sermone

516 4101 787 4171 principes
818 4103 901 4158 usi
933 4103 1154 4170 fuerint,
1191 4119 1286 4158 eos
1315 4106 1546 4174 partium
1584 4106 1798 4158 illarum
1847 4107 2075 4174 quamli-

514 4193 607 4246 bet
636 4193 795 4247 deum
827 4196 1117 4250 arbitratos
1142 4212 1281 4262 esse,
1306 4197 1630 4266 propriaque
1648 4213 1711 4251 ac
1732 4199 2068 4268 singularum

515 4291 722 4341 naturae
749 4290 1089 4343 convenienti
1112 4290 1473 4358 appellatione
1502 4291 1767 4354 donasse;
1798 4306 1861 4343 ac
1907 4291 2071 4358 spiri-

514 4379 626 4424 tum
657 4375 895 4442 quidem,
923 4375 1034 4445 ipsa
1058 4378 1208 4431 vocis
1240 4377 1874 4446 interpretationeJovem
1899 4380 2072 4433 nomi-

516 4479 698 4529 nasse,
735 4467 990 4536 quiquod
1017 4469 1271 4523 animalis
1301 4470 1593 4534 facultatis,
1633 4486 1752 4540 quae
1777 4471 2073 4528 animantis

2183 3291 2570 3362 προειρημένα,
2624 3290 2684 3342 τὸ
2725 3291 2958 3360 πνεῦμα,
3009 3291 3102 3344 καί⁸
3151 3291 3212 3344 τὸ
3275 3291 3407 3362 πῦρ,
3465 3291 3527 3344 τὸ
3569 3291 3759 3362 ξηρὸν,

2182 3382 2260 3434 ἔτι
2321 3382 2378 3434 δὲ
2429 3381 2490 3434 τὸ
2556 3382 2739 3452 ὑγρὸν,
2789 3383 2882 3434 καὶ
2928 3382 2990 3434 τὸ
3035 3383 3338 3436 τελευταῖον
3389 3383 3446 3436 τὸ
3495 3383 3756 3454 ἀερῶδεςο

2181 3472 2368 3542 ὥσπερ
2406 3473 2490 3524 ἐπ’
2537 3472 2822 3543 ἀνθρώπου
2861 3472 3100 3543 κεφαλὴν
3149 3473 3242 3525 καὶ
3291 3475 3478 3543 χεῖρας
3513 3473 3605 3525 καὶ
3655 3472 3760 3525 πό-

2182 3563 2298 3626 δας,
2355 3564 2448 3616 καὶ
2491 3564 2559 3616 τὰ
2591 3563 2724 3616 ἄλλα
2759 3563 2896 3634 μέρη
2931 3564 3431 3636 καταριθμούμενα,
3462 3564 3552 3616 τὸν
3594 3564 3762 3617 αὐτὸν

2188 3656 2390 3726 τρόπον
2420 3655 2481 3706 τὸ
2513 3655 2669 3725 σῶμα
2694 3655 2786 3708 τοῦ
2830 3657 3031 3726 κόσμου
3065 3654 3377 3722 συγκεῖσθαι
3411 3657 3517 3708 πᾶν
3551 3656 3614 3707 ὲκ
3647 3654 3759 3707 τῶν

2184 3746 2612 3817 προειρημένων.
2653 3747 2866 3798 Τούτων
2899 3747 2942 3800 δ’
2975 3747 3204 3799 ἕκαστον
3238 3746 3360 3799 θεὸν
3399 3747 3637 3814 νομίσαι,
3659 3745 3758 3799 καὶ

2184 3836 2548 3908 προσηγορίαν
2589 3836 2722 3888 ἰδίαν
2776 3837 2988 3907 ἑκάστῳ
3032 3836 3200 3889 θεῖναι
3255 3836 3394 3890 κατὰ
3439 3837 3499 3888 τὸ
3536 3838 3756 3896 οἰκεῖον,

2177 3928 2303 3990 τοὺς
2346 3927 2590 3996 πρώτους
2639 3927 2902 3998 διαλέκτῳ
2955 3929 3331 3999 χρησαμένους
3375 3926 3760 4000 διηρθρωμένῃ

2177 4017 2283 4071 τῶν
2315 4022 2431 4071 κατ’
2471 4019 2742 4087 Αἴγυπτον
2791 4018 3110 4090 ἀνθρώπων.
3143 4019 3214 4071 Τὸ
3275 4018 3370 4089 μὲν
3416 4013 3507 4070 οὖν
3539 4015 3759 4086 πνεῦμα

2178 4108 2276 4161 Δία
2332 4110 2786 4180 προσαγορεῦσαι,
2816 4109 3358 4181 μεθερμηνευομένης
3395 4107 3493 4178 τῆς
3533 4106 3756 4170 λέξεως·

2180 4200 2260 4264 ὃν,
2312 4200 2479 4253 αἴτιον
2520 4201 2649 4254 ὄντα
2693 4202 2785 4254 τοῦ
2836 4201 3067 4272 ψυχικοῦ
3111 4203 3220 4264 τοῖς
3265 4199 3440 4264 ζώοις,
3498 4199 3758 4268 ἐνόμισαν

2181 4292 2440 4364 ὑπάρχειν
2473 4295 2686 4348 πάντων
2724 4295 2883 4347 οἱονεί
2913 4312 3035 4348 τινα
3071 4293 3299 4366 πατέρα.
3348 4293 3660 4362 Συμφωνεῖν
3695 4289 3758 4342 δὲ

2177 4382 2384 4446 τούτοις
2430 4385 2558 4452 φασὶ
2600 4383 2694 4437 καὶ
2735 4385 2826 4437 τὸν
2878 4384 3301 4453 ἐπιφανέστατον
3351 4382 3478 4452 παρ’
3529 4380 3757 4450 Ἕλλησι

2182 4474 2420 4546 ποιητῶν
2443 4477 2535 4528 ἐπὶ
2561 4476 2652 4529 τοῦ
2682 4475 2802 4529 θεοῦ
2835 4476 2991 4529 τοῦτο
3013 4476 3257 4544 λέγονταο

514 4557 675 4619 inest,
718 4568 909 4613 auctor
941 4569 1102 4622 esset,
1135 4561 1385 4615 eumdem
1429 4561 1629 4615 idcirco
1656 4578 1835 4615 rerum
1854 4563 2398 4633 omniumquemdam
2418 4566 2572 4634 quasi
2598 4574 2872 4635 parentem
2891 4581 3009 4620 esse
3024 4573 3383 4634 putaverunt;
3420 4562 3506 4616 cui
3537 4570 3728 4616 senten

513 4649 956 4720 tiaeﬁrtecorum
1002 4654 1161 4708 etiam
1210 4662 1489 4722 poetarum
1531 4654 1688 4722 longe
1723 4654 2088 4709 clarissimum
2137 4657 2421 4728 suffragari
2457 4658 2629 4721 aiunt,
2676 4673 2800 4712 eum
2855 4658 2920 4712 de
2969 4657 3072 4712 hoc
3113 4658 3337 4711 numine
3366 4656 3438 4710 ita
3468 4655 3755 4724 loquitur;

855 4742 1053 4800 Parens
1079 4746 1438 4813 hominumque
1461 4745 1730 4814 deumque.

519 4829 700 4901 Ignem
728 4840 906 4886 autem
933 4835 1096 4886 simili
1125 4834 1361 4888 nominis
1389 4834 1742 4901 explicatione
1775 4835 2077 4890 Vulcanum

515 4923 837 4992 appellasse,
871 4926 1014 4993 quod
1043 4925 1154 4995 89
1183 4927 1356 4994 ipsum
1387 4941 1641 4995 magnum
1693 4927 1925 4994 aliquem
1962 4943 2081 4983 esse.

521 5015 705 5081 deum,
737 5032 1031 5087 rerumque
1062 5018 1304 5071 omnium
1338 5018 1736 5087 generationem
1771 5009 1847 5072 ac
1870 5020 2079 5086 justum

519 5107 922 5176 perfectumque
957 5111 1347 5164 incrementum
1395 5113 1685 5180 plurimum
1715 5113 1910 5182 juvare
1933 5113 2079 5168 exis-

521 5196 794 5253 timarent.
824 5199 1088 5254 Praeterea
1157 5212 1377 5269 terram,
1403 5204 1549 5273 quod
1581 5219 1697 5256 eam
1742 5219 1923 5258 rerum
1953 5219 2080 5259 nas-

521 5290 757 5343 centium
790 5293 1066 5361 quoddam
1104 5295 1259 5362 quasi
1291 5311 1385 5351 vas
1412 5307 1462 5351 et
1488 5297 1934 5365 conceptaculum
1959 5312 2081 5353 esse

518 5389 830 5444 censerent,
852 5382 1080 5437 Matrem
1110 5399 1351 5446 vocasse,
1379 5402 1538 5456 quam
1575 5387 1675 5456 ipsi
1700 5402 1918 5457 quoque
1945 5387 2085 5443 Grae-

521 5464 573 5520 ci
601 5465 866 5540 Δήμητρα
901 5470 1026 5539 (hoc
1059 5482 1143 5526 est
1181 5472 1457 5545 Cererem)
1503 5492 1812 5547 nuncupare
1852 5478 2081 5542 soleant,

525 5557 688 5627 idque
722 5558 825 5614 levi
857 5570 1065 5619 tantum
1091 5567 1274 5636 aliqua
1311 5569 1510 5636 prioris
1539 5569 1916 5639 appellationis
1967 5585 2084 5623 mu-

591 5668 703 5741 (M)
747 5673 1018 5754 ζούτ-ους.
1063 5674 1347 5754 Diodorus_
1378 5677 1593 5736 Siculus
1637 5681 1729 5736 lib.
1766 5695 1802 5747 Ι,
1835 5694 1956 5751 pag.
1994 5680 2079 5747 Ην

523 5753 672 5796 πονε
707 5744 860 5812 odit.,
895 5747 1130 5817 antiqua
1165 5764 1289 5804 vero
1318 5748 1366 5802 7.

2391 4749 2592 4817 Πατὴρ
2620 4747 2854 4816 ἀνδρῶν
2885 4766 2948 4802 τε
2975 4748 3124 4802 θεῶν·
3155 4765 3239 4804 τε.

2187 4841 2259 4894 Τὸ
2325 4842 2382 4894 δὲ
2437 4841 2547 4913 πῦρ
2624 4831 3190 4912 μεθερμηνευόμενον,
3265 4842 3564 4910 Ἥφαιστον
3632 4839 3762 4893 ὀνο·

2191 4935 2378 5005 μᾶσαι,
2404 4934 2729 5004 νομίσαντας
2763 4935 2935 5003 μέγαν
2966 4928 3104 4986 εἶναι
3137 4932 3255 4985 θεὸν
3291 4934 3384 4985 καὶ
3417 4927 3585 4984 πολλά
3616 4945 3761 4998 συμ-

2188 5024 2470 5079 ϐάλλεσθαι
2516 5026 2680 5078 πᾶσιν
2727 5027 2806 5088 εἰς
2851 5025 3064 5093 γένεσιν
3113 5025 3205 5078 καὶ
3248 5023 3456 5076 τελείαν
3506 5021 3756 5093 αὔξησιν.

2187 5117 2296 5187 Τὴν
2329 5117 2385 5170 δὲ
2425 5117 2548 5186 γῆν,
2587 5116 2774 5188 ὥσπερ
2804 5117 3021 5186 ἀγγεῖόν
3059 5134 3111 5169 τι
3151 5116 3256 5169 τῶν
3301 5114 3582 5185 φυομένων
3623 5115 3760 5166 ὑπο-

2189 5207 2821 5280 λαμϐάνοντας,Μητέρα
2856 5208 3314 5280 προσαγορεῦσαι·
3343 5208 3437 5260 καὶ
3468 5208 3592 5268 τοὺς
3623 5205 3758 5259 Ἐλ-

2188 5300 2353 5371 ληνας
2397 5301 2451 5354 δὲ
2505 5299 2705 5370 ταύτην
2757 5301 3149 5372 παραπλησίως
3204 5303 3496 5372 Δήμητραν
3545 5298 3756 5363 καλεῖν,

2188 5393 2359 5464 βραχὺ
2408 5392 2793 5463 μετατεθείσης
2823 5393 2910 5446 διά
2948 5394 3039 5447 τὸν
3072 5394 3261 5466 χρόνον
3308 5394 3405 5464 τῆς
3445 5393 3658 5459 λέξεως·
3692 5391 3756 5445 νδ

2183 5486 2292 5557 γὰρ
2326 5485 2550 5538 παλαιὸν
2581 5484 2938 5556 ὀνομάζεσθαι
2971 5487 3071 5556 τὴν
3104 5488 3206 5557 γῆν
3240 5488 3471 5557 μητέρα,
3505 5483 3755 5555 καθάπερ

2185 5576 2276 5627 καὶ
2301 5575 2390 5627 τὸν
2432 5575 2632 5648 Ὀρφέα
2655 5579 3092 5648 προσμαςπυρεῖν
3120 5576 3361 5645 λέγοντα·

2263 5684 2371 5753 (49.)
2413 5685 2734 5754 Πλειστην.
2776 5687 2925 5744 Alter
2974 5703 3037 5745 ex
3081 5702 3213 5743 mss.
3268 5685 3516 5749 πλεῖστα,
3567 5692 3714 5739 recte
3737 5723 3755 5750 ,

2189 5768 2313 5812 meo
2331 5754 2555 5825 judicio.
