3948 6376
255 281 366 335 165

1458 277 1776 334 ΡΒᾹΞΡΑΒ.
1821 278 2073 336 EVANG.
2118 281 2244 336 LIB.
2288 281 2380 336 lll.

3422 285 3522 344 l66

255 397 491 460 tatione,
544 411 666 452 cum
715 396 962 451 eamdem
1009 395 1142 451 olim
1193 395 1300 466 Γῆν
1353 394 1580 466 Μητέρα
1607 395 1829 450 Terram
1872 395 2100 452 Matrem
2129 399 2500 464 nominarent,
2532 408 2588 452 ut
2621 400 2848 469 ipsemet
2910 400 3163 470 Orpheus
3194 401 3301 456 hoc
3359 418 3523 460 versu

256 497 520 542 leuatum
554 488 807 556 reliquit:

328 581 419 650 Γῆ
441 582 640 651 μήτηρ
662 582 924 649 πάντων,
953 583 1228 654 Δημήτηρ
1263 585 1743 653 πλουτοδότειρα.

251 714 332 770 Τὸ
359 716 403 770 δ’
440 717 608 788 ὑγρὸν
651 717 912 787 ὀνομάσαι
948 716 1166 784 λέγουσι
1196 717 1318 779 τοὺς
1351 717 1613 782 παλαιοὺς
1658 719 1844 772 Ὠκεα-

249 810 366 862 νόν·
407 810 438 862 ὃ
483 811 1017 882 μεθερμηνευόμενον
1063 809 1160 880 μὲν
1197 805 1336 862 εἶναι
1373 811 1580 882 τροφῆς
1604 811 1712 878 (45)
1743 829 1845 882 μη-

247 901 407 973 τέραο
444 904 573 973 παρ’
597 901 756 964 ἐνίοις
779 902 832 954 δὲ
857 901 965 954 τῶν
1005 901 1270 973 Ἑλλήνων
1308 903 1557 956 Ὠκεανὸν
1581 905 1844 976 ὑπάρχειν

248 992 604 1063 ὑπειλῆφθαι·
633 993 759 1063 περὶ
786 985 846 1044 οὗ
881 993 975 1044 καὶ
1007 990 1097 1044 τὸν
1130 994 1358 1064 ποιητὴν
1390 994 1592 1063 λέγειν·

339 1234 626 1289 Ὠκεανόν
656 1252 717 1288 τε
757 1235 908 1290 θεῶν
937 1233 1177 1305 γένεσιν
1223 1235 1319 1288 καί
1365 1234 1594 1305 μητέρα
1627 1239 1837 1306 Τηθύν·

253 1350 306 1402 οἱ
357 1349 470 1421 γὰρ
518 1351 804 1416 Αἰγύπτιοι
874 1349 1182 1420 νομίζουσιν
1244 1350 1495 1404 Ὠκεανὸν
1551 1347 1688 1406 εἶναι
1753 1353 1842 1406 τὸν

257 1445 390 1514 παρ’
419 1445 603 1505 αὑτοῖς
626 1444 868 1513 ποταμὸν
891 1442 1103 1504 Νεῖλον,
1132 1443 1270 1513 πρὸς
1289 1435 1332 1509 ᾧ
1358 1442 1467 1512 (44)
1497 1443 1590 1496 καὶ
1614 1443 1712 1507 τὰς
1737 1444 1842 1496 τῶν

257 1533 400 1586 θεῶν
433 1535 676 1603 γενέσεις
714 1535 969 1607 ὑπάρξαι.
1008 1535 1119 1606 Τῆς
1161 1535 1271 1607 γὰρ
1308 1537 1486 1606 πάσης
1520 1537 1843 1607 οἰκουμένης

256 1626 404 1679 κατὰ
437 1627 606 1696 μόνην
639 1628 738 1698 τὴν
777 1627 1048 1696 Αἴγυπτον
1085 1623 1224 1681 εἶναι
1265 1628 1448 1692 πόλεις
1490 1629 1688 1694 πολλάς
1739 1631 1843 1684 ὑπὸ

260 1718 371 1770 τῶν
409 1719 666 1789 ,ἀρχαίων
713 1718 849 1772 θεῶν
891 1721 1235 1790 ἐκτισμένας*
1280 1716 1389 1774 οἷον
1437 1723 1576 1786 Διὸς,
1639 1722 1840 1787 Ἠλίου,

269 1811 495 1884 Ἑρμοῦ,
535 1812 881 1875 Ἀπόλλωνος,
913 1811 1106 1874 Πανὸς,
1133 1812 1443 1883 Εἰληθυίας,
1467 1814 1640 1867 ἄλλων
1661 1815 1842 1868 πλειό-

256 1921 388 1957 νων.
434 1903 540 1956 Τὸν
582 1904 638 1957 δὲ
721 1903 853 1974 ἀέρα
898 1903 1339 1976 προσαγορεῦσαί
1383 1922 1543 1974 φασιν
1591 1907 1841 1977 Ἀθηνᾶν,
1878 1939 1918 1994 Β

267 1995 821 2066 μεθερμηνευομένης
841 1995 940 2066 τῆς
965 1994 1183 2061 λέξεως,
1212 1997 1307 2050 καὶ
1338 1998 1460 2062 Διὸς
1485 1997 1754 2070 θυγατέρα
1781 2018 1843 2069 γε

256 2086 483 2156 νομίσαι
519 2086 746 2157 ταύτην,
775 2089 867 2140 καὶ
900 2087 1168 2159 παρθένον
1204 2089 1635 2160 ὑποστήσασθαι,
1671 2091 1759 2145 διά
1787 2109 1844 2146 τε

255 2179 320 2232 τὸ
353 2179 590 2250 ᾶςθορον
622 2176 759 2232 εἶναι
799 2180 957 2249 φύσει
988 2181 1079 2233 τὸν
1117 2182 1276 2253 ἀέρα,
1305 2183 1512 2236 καὶτὸν
1546 2185 1844 2256 ἀκρότατον

257 2272 482 2342 ἐπέχειν
506 2271 600 2324 τοῦ
636 2271 948 2342 σύμπαντος
981 2273 1187 2344 κόσμου
1221 2275 1403 2328 τόπον’
1437 2275 1626 2349 διόπερ
1658 2279 1722 2330 ἐκ
1748 2278 1846 2349 τῆς

261 2363 510 2434 κορυσῆς
553 2363 648 2416 τοῦ
697 2365 818 2427 Διὸς
864 2365 1298 2437 μυθολογηθῆναι
1339 2368 1590 2436 γενέσθαι
1619 2370 1841 2442 ταύτην.

272 2455 602 2527 Ὡνομάσθαι
629 2457 686 2510 δὲ
725 2458 896 2528 αὐτὴν
924 2460 1018 2513 καὶ
1047 2461 1424 2532 Τριτογένειαν
1461 2463 1592 2533 (43),
1619 2466 1725 2518 ἀπὸ
1749 2465 1842 2518 τοῦ

255 2550 381 2619 τρὶς
411 2550 768 2618 μεταϐάλλειν
790 2552 888 2624 τὴν
912 2554 1072 2621 φύσιν
1101 2555 1273 2625 αὑτῆς
1308 2558 1427 2609 κατ’
1458 2558 1719 2623 ἐνιαυτὸν,
1749 2559 1843 2612 ἔα·

261 2657 374 2710 ρος,
421 2640 632 2712 θέρους,
678 2644 769 2695 καὶ
803 2644 1092 2715 χειμῶνος.
1136 2647 1401 2715 Λέγεσθαι
1442 2650 1498 2702 δὲ
1540 2651 1710 2722 αὑτὴν
1750 2653 1844 2705 καὶ

258 2733 609 2795 Γλαυκῶπιν,
637 2737 737 2805 οὑχ
762 2736 948 2808 ὥσπερ
981 2737 1109 2790 ἔνιοι
1135 2738 1244 2792 τῶν
1283 2739 1545 2811 Ἑλλήνων
1577 2742 1843 2798 ὑπέλαϐον

255 2829 372 2881 ἀπὸ
398 2829 496 2882 τοῦ
534 2831 660 2893 τοὺς
694 2829 1005 2900 ὀφθαλμοὺς
1033 2831 1142 2884 ’καὶ
1174 2830 1442 2900 γλαυκοὺς
1471 2833 1615 2904 ἔχειν
1639 2853 1652 2865 ο
1687 2836 1844 2889 τοῦτο

259 2920 359 2988 μὲν
396 2923 507 2991 γὰρ
545 2921 736 2993 εὔηθες
773 2921 1070 2993 ὑπάρχειν·
1115 2923 1250 2976 ἀλλὰ
1290 2924 1398 2978 ἀπὸ
1442 2926 1536 2978 τοῦ
1575 2927 1665 2980 τὸν
1708 2929 1844 2999 ἀέρα

254 3011 355 3081 τὴν
410 3014 675 3084 πρόσοψιν
719 3013 860 3084 ἔχειν
909 3015 1227 3084 ἔγγλαυκον.
1273 3017 1410 3070 Φασὶ
1433 3017 1488 3070 δὲ
1517 3021 1643 3083 τοὺς
1684 3021 1842 3074 πέντε

256 3101 417 3166 θεοὺς
476 3106 600 3168 τοὺς
662 3107 1092 3176 προειρημένους
1144 3106 1239 3178 τὴν
1291 3110 1467 3163 πᾶσαν
1518 3111 1842 3182 οἰκουμένην

257 3195 704 3265 ἐπιπορεύεσθαι,
735 3197 1171 3268 φανταζομένους
1202 3203 1315 3262 τοῖς
1337 3201 1641 3273 ἀνθρώποις
1676 3205 1732 3257 ὲν
1766 3206 1841 3256 ἱε-

1867 591 1915 647 Α
1947 583 2139 638 Rerum
2179 582 2342 637 Terra
2384 600 2596 653 parens,
2646 583 2822 637 Mater
2861 583 3016 638 Ceres
3053 584 3194 637 alma
3242 585 3520 646 bonorum,

1947 697 2236 752 llumidnm
2273 706 2450 752 autem
2511 698 2785 752 Oceanum
2836 714 2864 751 a
2912 699 3190 754 veteribus
3238 715 3524 772 nuncupa-

1946 798 2057 843 tum
2090 803 2211 842 esse
2260 789 2501 851 tradunt,
2549 805 2781 858 eamque
2811 805 3022 853 vocem,
3071 791 3118 844 si
3167 791 3517 860 interpretari

1944 881 2098 945 velis,
2131 880 2376 934 alimenti
2407 891 2636 934 matrem
2666 881 3001 950 signiﬁcare,
3026 881 3356 952 Graecosque
3389 899 3523 937 non-

1946 974 2123 1027 nullos
2154 972 2286 1025 illud
2317 974 2494 1042 ipsum
2527 970 2728 1027 Oceani
2759 989 2959 1028 nomen
2992 976 3243 1028 eumdem
3298 965 3350 1028 in
3399 990 3523 1029 sen-

1947 1083 2068 1122 sum
2102 1081 2395 1134 usnrpasse
2421 1066 2791 1134 arbitrantur;
2825 1066 2892 1121 de
2914 1082 3023 1136 quo
3061 1068 3224 1122 etiam
3258 1067 3329 1122 ita
3369 1077 3521 1122 vates

1948 1160 2227 1224 cecinerit,

1948 1251 2320 1318 Oceanumque
2367 1250 2584 1304 deorum
2629 1260 2825 1317 ortum,
2878 1249 3182 1320 Tethynque
3224 1259 3516 1320 parentem.

1949 1353 2154 1424 Quippe
2183 1356 2323 1408 enim
2353 1354 2588 1426 Egyptii
2619 1355 2890 1410 Oceanum
2912 1356 3085 1410 Nilum
3112 1357 3330 1410 ﬂuvium
3359 1373 3519 1411 suum

1947 1463 2067 1503 esse
2092 1457 2302 1517 putant,
2337 1448 2421 1502 cui
2459 1449 2681 1500 deorum
2717 1463 2935 1517 quoque
2973 1450 3348 1518 generationes
3381 1449 3520 1504 assi-

1950 1548 2136 1611 gnant.
2190 1537 2319 1592 Nam
2374 1555 2438 1592 ex
2493 1541 2746 1594 omnibus
2807 1551 3071 1594 terrarum
3125 1542 3372 1609 partibus
3420 1557 3522 1610 ορ·-

1946 1635 2067 1704 pida
2110 1635 2164 1688 in
2209 1649 2315 1688 una
2353 1632 2589 1704 {Egypto
2614 1633 2682 1686 ab
2714 1632 2956 1701 antiquis
3002 1631 3106 1686 diis
3129 1630 3343 1686 condita
3399 1645 3520 1685 esse

1945 1728 2202 1797 plurima,
2255 1726 2565 1795 cuiusmodi
2616 1735 2763 1789 sunt,
2814 1723 2985 1789 lovis,
3020 1723 3197 1787 Solis,
3239 1722 3517 1784 Mercurii,

1944 1819 2247 1888 Apollinis,
2305 1818 2509 1882 Panis,
2553 1817 2813 1880 Lucinae,
2887 1818 3229 1885 aliorumque
3278 1815 3520 1884 complu-

1945 1909 2112 1963 rium.
2165 1907 2320 1974 Quod
2394 1922 2574 1963 aerem
2633 1916 2861 1976 spectat,
2915 1907 3065 1960 illum
3104 1907 3172 1960 ab
3209 1906 3429 1969 iisdem,
3464 1904 3518 1958 vi

1949 2002 2186 2056 nominis
2222 2001 2982 2070 interpretationedeclarata,
3011 1997 3304 2051 Minervam
3342 1997 3519 2067 appel-

1946 2093 2141 2156 latum,
2179 2092 2322 2145 hanc
2369 2106 2499 2144 vero
2528 2089 2682 2144 Joris
2729 2091 2917 2149 liliam,
2947 2089 3220 2158 simulque
3248 2088 3515 2158 virginem

1949 2185 2186 2239 habitam
2224 2183 2393 2237 fuisse
2423 2184 2607 2237 dicunt
2639 2200 2652 2247 ;
2684 2181 2831 2250 quod
2888 2195 2980 2234 aer
3011 2196 3110 2234 nec
3137 2179 3302 2234 ullam
3327 2186 3519 2247 suapte

1946 2290 2143 2333 natura
2178 2278 2586 2348 corruptionem
2625 2276 2848 2337 subeat,
2893 2281 2947 2328 et
2991 2288 3299 2341 supremam
3354 2272 3519 2326 totius

1946 2369 2136 2424 mundi
2177 2369 2361 2424 sedem
2409 2383 2473 2422 ac
2519 2368 2799 2435 regionem
2851 2366 3092 2419 obtineat
3130 2374 3331 2434 :atque
3379 2364 3520 2417 hanc

1947 2462 2118 2516 fuisse
2167 2476 2413 2525 causam,
2443 2475 2541 2514 cur
2577 2458 2816 2512 Minerva
2863 2456 3013 2511 lovis
3059 2472 3122 2511 ex
3161 2457 3361 2510 vertice
3393 2463 3518 2509 nata

1945 2556 2257 2625 (iungeretur.
2289 2553 2550 2609 Eamdem
2602 2567 2766 2622 porro
2817 2550 3192 2622 Τριτογένειαν
3226 2549 3385 2618 quasi
3438 2556 3522 2601 ter

1894 2673 1899 2680 ν
1945 2647 2180 2718 genitam
2216 2647 2380 2716 vulgo
2409 2645 2706 2707 nominari,
2748 2643 2892 2714 quod
2937 2651 3018 2696 ter
3051 2641 3282 2712 singulis
3331 2640 3513 2702 annis,

1944 2756 2108 2807 vere,
2171 2748 2392 2801 aestate,
2441 2747 2496 2793 et
2559 2739 2751 2808 hyeme
2813 2734 2953 2791 reris
3002 2746 3196 2789 natura
3243 2743 3517 2798 mmetur;

1943 2833 2262 2904 γλαυκῶπιν
2311 2847 2460 2895 vero,
2517 2846 2624 2884 non
2679 2830 2824 2898 quod
2879 2829 3059 2882 etesiis
3092 2827 3265 2881 oculis
3293 2825 3519 2896 praedita

1943 2938 2108 2992 esset,
2141 2939 2200 2983 ut
2231 2927 2547 2982 Graecorum
2584 2923 2752 2991 aliqui
2784 2931 3073 2992 putavere;
3105 2921 3157 2974 id
3189 2920 3334 2974 enim
3365 2934 3518 2972 cras-

1945 3038 2018 3078 sae
2039 3021 2266 3075 nimium
2293 3017 2658 3088 simplicitatis
2674 3030 2833 3079 csse;
2868 3013 2959 3068 sed
2995 3012 3138 3080 quod
3178 3027 3270 3066 aer
3295 3009 3517 3064 caesinm

1942 3113 2101 3182 plane
2141 3127 2204 3165 ac
2257 3110 2548 3163 caeruleum
2599 3106 2840 3161 colorem
2897 3102 3268 3172 spectantibus
3318 3115 3426 3169 prie
3460 3114 3519 3152 se

1945 3199 2086 3254 ferre
2130 3199 2398 3252 videatur.
2447 3195 2558 3250 Hos
2609 3195 2768 3264 igitur
2816 3195 3058 3263 quinque
3113 3192 3244 3246 deos
3291 3189 3517 3244 Terram

259 3287 370 3355 ρῶν
419 3286 573 3351 ζώων
620 3292 874 3360 μορφαῖς,
922 3289 1112 3342 ἔστιδ’
1146 3291 1232 3343 ὅτε
1277 3292 1368 3344 καὶ
1417 3294 1496 3356 εἰς
1539 3293 1839 3365 ἀνθρώπων

1945 3293 2098 3346 aiunt
2130 3291 2364 3345 lustrare
2405 3288 2740 3351 universam,
2771 3286 3196 3354 hominibusque
3230 3283 3392 3337 modo
3426 3297 3518 3336 sa~

260 3376 423 3441 ἰδέας,
463 3381 500 3450 ἡ
530 3397 688 3432 τινων
721 3381 895 3434 ἄλλων
933 3382 1382 3452 μεταϐάλλοντας·
1427 3386 1520 3439 καὶ
1563 3386 1722 3439 τοῦτο
1763 3389 1836 3460 μὴ

262 3469 505 3538 μυθῶδες
544 3472 830 3542 ὑπάρχειν,
873 3473 1006 3527 ἀλλὰ
1051 3474 1294 3538 δυνατὸν,
1337 3475 1492 3547 εἴπερ
1525 3470 1670 3530 οὗτοι
1701 3479 1838 3549 πρὸς

258 3561 517 3633 ἀλήθειάν
549 3566 687 3618 εἰσιν
720 3567 766 3618 οἱ
801 3565 976 3618 πάντα
1001 3565 1315 3633 γεννῶντες.
1345 3568 1452 3620 Καὶ
1481 3568 1572 3620 τὸν
1607 3570 1836 3640 ποιητὴν

258 3651 303 3703 δ’
337 3654 416 3714 εἰς
444 3653 720 3721 Αἴγυπτον
750 3656 1150 3725 παραϐαλόντα,
1186 3659 1278 3710 καὶ
1316 3657 1650 3727 μετασχόντα
1685 3659 1836 3730 παρά

260 3743 367 3797 τῶν
405 3745 600 3814 ἱερέων
643 3746 752 3799 τῶν
796 3748 1049 3802 τοιούτων
1090 3750 1281 3817 λόγων,
1331 3749 1502 3803 θεῖναί
1548 3768 1647 3805 που
1692 3751 1834 3805 κατὰ

259 3839 478 3910 ποίησιν
509 3841 571 3894 τὸ
601 3844 1014 3914 προειρημένον,
1044 3846 1119 3909 ὡς
1145 3846 1446 3916 γινόμενον·

1944 3399 2158 3438 crarnm
2196 3381 2557 3434 animantium
2587 3379 2782 3445 figura,
2815 3378 2978 3432 modo
3009 3378 3291 3431 hominum
3325 3375 3476 3428 vultu
3501 3417 3514 3438 ,

1935 3474 2098 3529 modo
2125 3475 2230 3527 alia
2259 3473 2494 3541 quadam
2520 3472 2700 3541 specie
2729 3481 2896 3525 tectos
2913 3485 3034 3524 sese
3057 3465 3318 3521 videndos
3350 3467 3521 3520 inter-

1932 3567 2060 3621 dum
2092 3567 2351 3635 praabere.
2386 3564 2561 3632 Atque
2586 3564 2636 3616 id
2667 3577 3010 3630 nequaquam
3041 3557 3346 3613 fabulosum
3376 3571 3518 3618 esse,

1933 3658 2026 3713 sed
2047 3658 2270 3711 camino
2292 3655 2402 3708 ﬁeri
2427 3669 2585 3724 posse
2609 3652 2954 3714 conﬁrmant,
2973 3667 3095 3707 cum
3119 3650 3193 3703 illi
3209 3649 3336 3714 sint,
3357 3664 3385 3701 a
3407 3646 3522 3716 qui-

1932 3753 2033 3805 bus
2061 3750 2242 3803 onmia
2265 3763 2454 3818 reapse
2484 3755 2861 3817 procreentur;
2889 3745 3131 3813 adeoque
3156 3751 3365 3811 poetam
3391 3755 3516 3795 cum

1943 3851 1995 3904 in
2022 3848 2314 3919 Egyptum
2356 3847 2676 3916 appulisset,
2698 3845 2807 3914 90
2837 3861 2900 3898 ac
2930 3857 3209 3896 sermones
3247 3837 3516 3910 ejusmodi

259 3949 383 3988 cum
409 3951 478 3990 eo
502 3936 811 3992 sacerdotes
842 3940 1364 4006 communicassent,
1399 3943 1555 4012 quasi
1584 3959 1697 3998 rem
1731 3945 1848 3999 tieri
1881 3946 2096 4001 solitam
2132 3943 2366 4013 quodam
2400 3957 2512 3996 suae
2559 3955 2785 4011 p0es€05
2825 3941 2945 3993 loco
2985 3939 3057 3992 ita
3090 3937 3420 4002 celebrasse,

330 4029 440 4110 limi
467 4047 530 4082 τε
537 4030 660 4110 μϐ)
681 4033 808 4110 θεοί
834 4032 1123 4110 ξείνοισιν
1141 4035 1400 4110 ἐοικότες
1418 4039 1839 4108 ἀλλοδαποῖσι,

332 4102 612 4190 [ἔιυςτοξοι
643 4102 981 4190 τελέᾷοοι⁴τες
1007 4105 1421 4190 ἐπιστρωφῶσι
1452 4111 1685 4177 πόληας

350 4174 706 4238 Ἀνθρώπων,
748 4174 917 4241 ὓϐριν
949 4191 1011 4228 τε
1046 4177 1141 4229 καὶ
1174 4174 1459 4246 εὐνομίην
1491 4174 1836 4249 ἐφορῶντες.

260 4285 396 4353 Περὶ
427 4285 527 4355 μὲν
555 4281 647 4339 οὖν
672 4287 779 4340 τῶν
808 4291 863 4341 ὲν
888 4290 1100 4360 οὑρανῶ
1122 4290 1276 4356 θεῶν,
1312 4294 1406 4346 καὶ
1437 4296 1648 4363 γένεσιν
1674 4299 1840 4352 ἀΐδιον

260 4379 572 4448 ἐσχηκότων
616 4381 850 4433 τοσαῦτα
887 4381 1136 4449 λέγουσιν
1168 4385 1471 4453 Αἰγύπτιοι.
1522 4388 1743 4452 Ἀλλους
1781 4389 1838 4443 δὲ

258 4471 326 4522 ὲκ
348 4469 552 4522 τούτων
579 4471 851 4539 ἐπιγείους
876 4473 1130 4540 γενέσθαι
1157 4478 1338 4545 φασὶν,
1363 4479 1710 4550 ὑπάρξαντας
1737 4483 1838 4551 μὲν

262 4561 512 4631 θνητοὺς,
547 4563 634 4615 διὰ
677 4563 734 4615 δὲ
777 4564 990 4617 σύνεσιν
1018 4567 1112 4618 καὶ
1139 4568 1322 4639 κοινὴν
1353 4570 1652 4640 ἀνθρώπων
1686 4573 1838 4644 εὐερ-

259 4653 450 4720 γεσίαν
482 4654 798 4722 τετευχότας
830 4655 927 4726 τῆς
959 4657 1272 4722 ἀθανασίας,
1302 4653 1375 4713 ὧν
1406 4661 1576 4726 ἐνίους
1615 4664 1708 4716 καὶ
1741 4664 1835 4732 βα-

2048 4042 2186 4104 Qnin
2214 4041 2372 4092 etiam
2410 4038 2675 4090 interdum
2703 4039 2972 4105 peregrino
3003 4035 3222 4088 numina
3245 4034 3411 4096 cultu,

2053 4111 2199 4164 Mille
2239 4110 2384 4163 noris
2426 4110 2652 4161 lustrare
2687 4104 2852 4159 solent
2882 4117 3063 4160 nostra
3092 4107 3282 4172 oppida
3309 4104 3515 4172 formis,

2045 4181 2254 4250 Fasque
2281 4181 2532 4251 nefasque
2558 4180 2718 4232 simul
2749 4178 2985 4246 propiori
3006 4177 3202 4229 lumine
3229 4187 3470 4230 cernunt.

1941 4295 2065 4351 Haec
2113 4305 2276 4360 sunt,
2313 4309 2434 4364 quae
2483 4292 2550 4347 de
2595 4291 2699 4346 diis
2727 4289 3041 4344 caelestibus
3103 4297 3334 4357 ortuque
3369 4301 3515 4340 sem-

1940 4391 2154 4458 piterno
2182 4387 2419 4457 prmditis
2464 4384 2703 4455 Egyptii
2750 4390 3221 4446 commemorant;
3255 4399 3284 4434 a
3316 4379 3518 4448 quibus

1949 4481 2086 4535 alios
2127 4479 2394 4548 quosdam
2424 4485 2742 4545 procreatos
2779 4475 2948 4529 fuisse
2979 4473 3284 4544 perhibent,
3320 4479 3519 4524 terres-

1946 4579 2057 4624 tres
2107 4569 2226 4623 illos
2276 4568 2495 4637 quidem
2551 4582 2615 4621 ac
2671 4566 2831 4619 morti
2865 4566 3154 4626 obnoxios,
3191 4562 3282 4616 sed
3335 4569 3515 4614 tamen

1949 4662 2415 4717 immortalitatem
2453 4659 2650 4729 partim
2683 4659 2754 4711 ob
2787 4658 3116 4727 singularem
3147 4652 3515 4725 prudentiam,

264 4742 433 4807 σιλεῖς
461 4745 737 4813 γεγονέναι
769 4748 909 4801 κατὰ
941 4749 1040 4821 τὴν
1079 4754 1370 4820 Αἴγυπτον.
1420 4755 1834 4826 Μεθερμηνευο-

1942 4758 2138 4827 partim
2180 4755 2248 4809 ob
2277 4769 2621 4818 communem
2659 4755 2710 4808 in
2755 4769 2927 4823 genus
2982 4751 3265 4804 hominum
3317 4746 3518 4800 beneli-

264 4835 443 4905 μένων
489 4836 534 4889 δ’
567 4838 746 4891 αὑτῶν
785 4841 938 4905 τινὰς
974 4844 1069 4913 μὲν
1098 4846 1402 4916 ὁμωνύμως
1433 4848 1697 4921 ὑπάρχειν
1722 4856 1834 4916 τοῖς

257 4928 555 5000 οὐρανίοις,
609 4932 761 4996 τινὰς
807 4933 865 4986 δὲ
916 4936 1052 4990 ἰδίαν
1100 4940 1387 5009 ἐσχηκέναι
1443 4947 1831 5017 προσηγορίαν,

265 5020 454 5073 ’Πλιόν
485 5039 544 5074 τε
579 5023 674 5075 καὶ
703 5025 928 5096 Κρόνον,
964 5028 1056 5080 καὶ
1093 5028 1265 5092 Ῥέαν,
1294 5029 1451 5084 ἔτιδὲ
1485 5033 1580 5086 Δία
1609 5035 1698 5087 τὸν
1733 5035 1835 5087 ὑπό

262 5124 422 5160 τινων
465 5109 735 5181 Ἄμμωνα
775 5118 1306 5186 προσαγορευόμενον
1327 5137 1339 5150 ο
1375 5121 1509 5192 πρὸς
1541 5123 1597 5175 δὲ
1629 5124 1837 5187 τούτοις

266 5199 446 5272 Ἦραν
467 5204 559 5256 καὶ
584 5204 898 5275 Ἥφαιστον,
925 5207 1002 5260 ἔτι
1032 5209 1087 5262 δὲ
1133 5211 1366 5276 Ἑστίαν,
1405 5214 1497 5266 καὶ
1528 5216 1834 5271 τελευταῖον

307 5378 448 5468 ξρὸ)
497 5382 738 5468 Τροιξῆς.
783 5384 1066 5466 Diodorus,
1097 5391 1322 5461 τροφήν,
1342 5396 1612 5462 quomodo
1633 5395 1835 5455 Gallice

271 5449 526 5511 dicimus.
563 5449 700 5508 mere
723 5457 982 5510 nourrice.

487 5519 780 5610 ξιρρςρῷ..
805 5525 963 5610 Forte
1001 5528 1618 5610 legenduprrrpbguob.
1671 5539 1834 5597 Certe

269 5587 473 5677 προςνιῖ)
496 5587 737 5677 ὑπάρξαι
769 5597 908 5650 idem
936 5598 1039 5677 erit
1067 5587 1211 5677 quod
1239 5597 1283 5670 ᾧ
1313 5587 1654 5677 άνάτεθῆναι.

302 5659 448 5739 ,μω
495 5659 912 5739 Τριτογένειαν.
955 5659 1282 5739 Plutarchus
1327 5659 1400 5729 De
1434 5659 1683 5733 ⁷ιέίὶιῖὲε
1715 5680 1838 5736 Osi-

265 5730 398 5798 ride,
580 5730 705 5803 581,
737 5738 896 5808 longe
931 5738 1086 5794 aliter
1119 5741 1218 5797 hoc
1248 5730 1552 5816 cognomen
1567 5730 1838 5823 ἰτυμόἱό-

1942 4849 2178 4903 centiam
2264 4859 2626 4912 consecutos,
2699 4861 2930 4914 quorum
3001 4843 3162 4897 etiam
3233 4838 3402 4908 aliqui
3461 4835 3515 4890 in

1943 4942 2172 5012 Egypto
2209 4943 2570 5012 regnaverint.
2603 4941 2809 4993 Horum
2842 4939 2992 5003 item,
3019 4937 3062 4990 si
3093 4934 3315 4987 nomina
3351 4933 3517 4987 inter-

1942 5033 2193 5102 preteris,
2223 5033 2359 5088 alios
2387 5033 2631 5103 ejusdem
2694 5047 2757 5086 ac
2809 5030 3056 5084 caelestes
3091 5031 3238 5094 ipsos
3281 5024 3516 5078 nominis

1944 5123 2135 5190 fuisse,
2159 5126 2298 5180 alios
2322 5127 2595 5194 propriam
2627 5124 2920 5194 quamdam
2946 5118 3366 5189 appellationem
3391 5131 3516 5170 esse

1945 5216 2187 5280 sortitos,
2219 5215 2425 5283 Solem,
2453 5215 2748 5271 Saturnum
2769 5257 2785 5282 ,
2817 5214 3017 5284 Opem,
3053 5211 3298 5279 adeoque
3325 5205 3515 5263 Jovem

1943 5402 2142 5467 γεῖται,
2194 5417 2259 5454 ex
2324 5399 2797 5470 Pythagorzeorum
2853 5398 3154 5470 symbolis,
3201 5395 3506 5470 dumAaitj

1936 5465 2009 5522 Τὸ
2055 5471 2150 5540 μὲν
2188 5472 2296 5552 γὰρ
2325 5465 2646 5552 ἰσόπλευρον
2691 5465 2986 5552 τρίγωνον,
3021 5465 3512 5552 ὲκάλουχᾋθηγᾶγ

1935 5535 2281 5614 κορύφαγενῆ
2311 5535 2931 5614 καὶητριτογένειανηότι
2962 5541 3110 5609 τρισὶ
3137 5537 3383 5599 καθέτοις
3405 5535 3512 5590 ἀπὸ

1937 5610 2058 5683 τῶν,
2075 5612 2236 5683 τριῶν
2264 5610 2479 5681 γιεινιῶρί
2500 5611 2794 5682 ἀγομέναις
2819 5611 3124 5683 διαιρεῖται.

2011 5679 2119 5751 (46)
2160 5679 2371 5740 Kal-tr.
2417 5679 2704 5740 Homerus.
2753 5679 2946 5737 Ὀδύσζ
2980 5685 3041 5750 Ρ,
3079 5700 3128 5738 v.
3163 5683 3287 5738 486.
