3948 6376
462 322 560 376 ίϐῚ

1119 317 1391 374 EUSEBII
1429 313 1910 372 CIESARIENSIS
1947 311 2100 370 OPP.
2144 295 2323 362 PARS
2355 296 2420 364 li.
2460 341 2526 352 —
2565 311 3060 368 APOLOGETICA.

3617 311 3722 367 ιεε

455 441 633 505 illum,
655 438 745 494 cui
774 436 1022 492 nonnulli
1055 436 1336 491 Ammonis
1361 443 1781 505 cognomentum
1819 433 2023 497 fecere;

2141 426 2369 502 Ἑρμῆν.
2399 433 2506 487 Καὶ
2537 433 2752 506 πρῶτον
2781 433 2880 504 μὲν
2907 431 3096 484 ’Ἥλιον
3126 431 3442 501 βασιλεῦσαι
3469 433 3574 485 τῶν
3599 435 3724 486 κατ’

451 528 726 586 Junonem
781 536 1063 597 praaterca,
1093 525 1418 587 Vulcanum,
1454 522 1692 590 Vestam,
1721 533 2028 593 postremo-

454 639 564 695 que
614 621 967 684 Mercurium,
1004 635 1069 673 ex
1104 619 1280 688 iisque
1311 615 1491 671 Solem
1541 614 1758 688 Egypti
1804 631 2028 687 regnum

456 717 760 790 principem
806 715 1072 778 tenuisse,
1108 722 1260 766 astro
1303 711 1516 766 cmlesti
1568 712 1969 780 cognominem.
2005 730 2024 762 ι

460 811 737 866 Hactenus
770 822 801 861 a
830 806 992 862 nobis
1045 805 1300 860 laudatus
1367 813 1575 858 auctor.
1603 801 1721 858 Jam
1749 819 1877 858 vero
1904 803 2031 857 Plu-

457 901 682 958 tarchus
732 899 790 954 in
848 915 938 958 eo.
974 897 1120 968 quod
1171 897 1235 950 de
1282 895 1428 950 Iside
1470 897 1707 965 scripsit,
1743 896 2030 966 opusculo,

457 1011 580 1065 qua:
612 1002 914 1064 sequuntur
960 993 1027 1046 ad
1078 992 1306 1046 verbum
1338 991 1500 1045 habet
1531 1009 1543 1044 :
1576 1009 1594 1042 ι
1628 990 1760 1044 Rem
1781 1030 1796 1054 ,
1833 990 2028 1060 inquit,

458 1103 603 1143 novo
629 1103 661 1142 a
697 1087 873 1157 capite
917 1093 1088 1140 totam
1129 1096 1492 1149 arcessentes,
1524 1100 1590 1138 ex
1619 1084 1896 1150 omnibus,
1939 1084 2029 1153 qui

460 1181 718 1235 subtilius
771 1178 976 1247 aliquid
1023 1187 1076 1231 et
1104 1176 1414 1232 accuratius
1441 1176 1811 1246 disputarunt,
1839 1192 2029 1230 eorum

465 1274 521 1328 in
547 1272 762 1343 primis,
799 1271 1000 1341 quibus
1029 1270 1352 1339 simplicitas
1378 1270 1551 1338 magis
1581 1279 1760 1324 tamen
1807 1269 2030 1338 placuit,

459 1364 789 1420 sententiam
849 1363 1153 1417 videamus.
1209 1361 1368 1415 Tales
1414 1377 1543 1415 vero
1595 1361 1669 1414 illi
1736 1368 1897 1426 sunt,
1937 1362 2030 1428 qui

457 1455 732 1528 quomodo
759 1453 954 1518 Graeci,
980 1453 1277 1507 Saturnum
1339 1462 1572 1521 tempus,
1621 1451 1890 1506 Junonem
1940 1467 2028 1505 ae-

458 1544 839 1612 rem,Vulcaui
873 1545 1280 1615 generationem
1318 1543 1461 1597 aeris
1493 1543 1546 1595 in
1585 1541 1757 1611 ignem
1786 1543 2035 1596 mutatio-

462 1654 585 1694 nem
641 1639 932 1707 allegorice
976 1637 1424 1706 interpretantur,
1464 1635 1543 1690 sic
1571 1636 1714 1705 apud
1745 1633 2033 1706 Egyptios

458 1730 640 1786 Nilum
689 1729 874 1785 Osirin
926 1744 1047 1783 esse
1099 1730 1315 1792 dicunt,
1345 1729 1438 1797 qui
1467 1744 1590 1783 cum
1619 1728 1782 1792 Iside,
1818 1728 1922 1783 hoc
1951 1738 2033 1783 est

2138 522 2433 593 Αἴγυπτον,
2466 525 2754 596 ὁμώνυμον
2786 524 2914 578 ὄντα
2951 522 3029 594 τῷ
3065 525 3184 576 κατ’
3210 523 3438 597 οὐρανὸν
3461 524 3663 595 άστρῳ.
3701 541 3722 576 ο

2139 615 2327 671 Ταῦτα
2359 619 2458 690 μὲν
2491 615 2583 672 οὖν
2607 621 2636 672 ὁ
2666 618 2925 690 δηλωθεὶς
2960 616 3328 689 συγγραφεύς.
3363 619 3472 670 Καὶ
3499 619 3528 669 ὁ
3553 615 3729 670 Πλού-

2137 729 2339 784 ταρχος
2380 713 2436 766 δὲ
2472 714 2529 765 ὲν
2559 712 2636 784 τῷ
2673 712 2802 782 περὶ
2842 710 2950 764 τῶν
2995 710 3157 764 Κατὰ
3203 709 3317 779 τὴν
3363 705 3518 763 Ἶσιν
3557 709 3727 764 αὑτοῦ

2141 810 2534 882 συγγράμματι
2577 809 2706 863 τάδε
2748 807 2948 879 γράφει
2981 807 3120 861 κατὰ
3151 805 3315 870 λέξιψ
3359 826 3376 856 ι
3415 806 3534 858 Ἀπ’
3557 805 3730 877 ἄλλης

2141 902 2261 973 (47)
2285 903 2341 956 δὲ
2394 903 2570 975 ἀρχῆς
2606 902 2714 955 τῶν
2765 899 3194 972 φιλοσοφώτερόν
3219 917 3271 952 τι
3303 896 3482 968 λέγειν
3509 897 3730 952 δοκούν»

2137 1014 2246 1050 των
2289 997 2402 1068 (48)
2453 997 2582 1059 τοὺς
2636 995 3041 1058 ἁπλουστάτους
3095 992 3424 1063 σκεψώμεθα
3483 992 3726 1060 πρῶτον.

2140 1083 2299 1142 Οὗτοι
2339 1088 2383 1140 δ’
2415 1089 2552 1140 εἰσιν
2588 1088 2638 1140 οἱ
2684 1087 2956 1156 λέγοντες,
2995 1085 3185 1157 ὥσπερ
3226 1085 3484 1154 Ἕλληνες
3516 1083 3728 1155 Κρόνον

2139 1179 2500 1251 ἀλληγοροῦσι
2530 1179 2621 1232 τὸν
2653 1179 2866 1250 χρόνον,
2906 1179 2978 1230 Ἥ
2988 1194 3086 1248 ραν
3114 1177 3170 1230 δὲ
3201 1177 3292 1230 τὸν
3322 1177 3479 1246 ἀέρα,
3509 1177 3729 1244 γένεσιν

2138 1273 2194 1326 δὲ
2233 1270 2531 1340 Ἡφαίστου
2558 1271 2659 1342 τὴν
2685 1272 2767 1334 είς
2799 1271 2860 1323 τὸ
2890 1269 3001 1342 πῦρ
3035 1270 3194 1341 ἀέρος
3226 1270 3546 1341 μεταϐολὴν,
3581 1269 3730 1324 οὕτω

2141 1367 2266 1436 παρ’
2316 1362 2630 1433 Αἰγυπτίοις
2684 1361 2876 1415 Νεῖλον
2939 1357 3076 1415 εἶναι
3133 1362 3226 1415 τὸν
3277 1364 3511 1433 Ὄσιριν,
3565 1363 3728 1416 Ἴσιδι

2142 1460 2366 1509 συνόντα
2399 1458 2465 1526 τῇ
2502 1458 2594 1526 γῇ,
2629 1454 2860 1524 Τυφῶνα
2901 1453 2959 1507 δὲ
3001 1453 3098 1524 τὴν
3139 1453 3434 1517 θάλασσαν,
3475 1456 3554 1518 εἰς
3592 1455 3657 1524 ἢν
3695 1456 3728 1507 ὁ

2140 1547 2330 1611 Νεῖλος
2351 1547 2641 1619 ἐμπίπτων
2664 1545 3005 1615 ἀφανίζεται.
3042 1565 3061 1596 ι
3090 1545 3272 1598 Ταῦτα
3293 1547 3385 1598 καὶ
3404 1544 3474 1598 τὰ
3495 1545 3727 1600 τοιαῦτα

2139 1640 2328 1704 εἰπὼν,
2375 1640 2538 1694 πάλιν
2586 1641 2665 1703 είς
2707 1638 2965 1709 δαίμονας
3007 1636 3265 1708 ἀναφέρει
3299 1638 3425 1700 τοὺς
3458 1635 3727 1707 περὶτῶν

2139 1730 2480 1801 δηλουμένων
2529 1729 2666 1784 Θεῶν
2716 1730 2937 1800 μύθους.
2982 1730 3091 1783 Καὶ
3135 1729 3293 1782 πάλιν
3332 1727 3506 1791 ἄλλως
3538 1726 3730 1780 ἀποδί-

455 1833 597 1877 terra
657 1820 1074 1890 congrediatur;
1103 1819 1419 1891 Typhonem
1449 1834 1578 1873 vero
1601 1833 1771 1883 mare,
1809 1819 1861 1872 in
1886 1819 2030 1886 quod

2138 1822 2290 1886 δωσι,
2327 1822 2420 1875 καὶ⁵
2452 1817 2607 1885 αὖθις
2645 1821 2850 1892 ἑτέρως
2883 1819 3218 1892 άλληγορῶν.
3263 1815 3370 1872 ’Ἦν
3409 1820 3453 1872 δ’
3489 1819 3553 1873 ἂν
3579 1819 3728 1874 κατὰ

460 1914 616 1970 Nilus
657 1913 907 1968 incidens
940 1922 1252 1967 evanescat.
1292 1931 1308 1964 ι
1346 1911 1558 1978 Quibus
1603 1913 1690 1966 ille
1736 1913 2033 1968 similibus-

460 2020 568 2076 que
595 2004 1061 2065 commemoratis,
1100 2018 1321 2056 rursum
1367 2002 1434 2055 ad
1485 2003 1762 2057 dmmones
1815 2003 2033 2058 ﬁctitias

458 2097 684 2152 deorum
713 2096 940 2149 istorum
967 2095 1191 2149 fabellas
1219 2102 1459 2157 revocat,
1486 2109 1762 2163 novasque
1779 2093 2032 2164 deinceps

460 2201 727 2241 novarum
753 2185 1138 2256 allegoriarum
1171 2184 1708 2239 accommodationes
1737 2185 2030 2254 excogitat.

462 2276 575 2347 Ego
622 2293 749 2332 vero
787 2277 1101 2347 quaesierim
1134 2293 1197 2330 cx
1249 2276 1336 2339 iis,
1374 2284 1426 2329 et
1461 2275 1680 2346 quidem
1715 2276 1859 2344 jure,
1892 2293 2031 2347 quo-

461 2382 584 2421 rum
631 2367 847 2421 tandem
902 2380 1021 2420 sese
1095 2366 1382 2418 numinum
1437 2380 1724 2434 expressas
1769 2365 2034 2437 imagines

463 2472 789 2512 conservare
821 2455 1036 2522 dicant;
1078 2452 1388 2510 daemonum
1419 2457 1523 2511 ne?
1549 2474 1618 2511 an
1650 2458 1814 2528 ignis,
1865 2459 2031 2526 aeris,

451 2559 628 2612 terrm.
720 2564 894 2618 aquae,
949 2565 1016 2602 an
1056 2549 1322 2615 virorum,
1361 2549 1763 2620 mulierumque
1806 2551 2035 2606 simula-

459 2641 679 2696 cra?an
705 2638 942 2710 denique
973 2640 1254 2695 brutorum
1291 2643 1675 2707 animantium,
1703 2657 1768 2696 ac
1793 2641 2032 2698 ferarum

459 2732 699 2802 ipsarum
721 2732 960 2800 ﬁguras?
985 2731 1116 2786 Nam
1149 2749 1274 2787 cum
1317 2733 1558 2803 ipsimet,
1591 2735 1841 2791 homines
1869 2751 2035 2806 quos-

458 2824 584 2878 dam
615 2827 872 2878 mortales
907 2824 1119 2890 eodem,
1154 2841 1263 2895 quo
1294 2826 1462 2880 solem
1499 2841 1563 2881 ac
1605 2835 1799 2882 caetera
1843 2828 2032 2882 mundi

459 2918 750 2986 elementa,
775 2919 998 2973 nomine
1030 2928 1369 2986 procreatos,
1395 2919 1724 2989 eosdemque
1754 2919 1884 2975 deos
1911 2937 2035 2990 pos-

461 3019 546 3064 tea
571 3020 922 3066 consecratos
955 3010 1126 3066 fuisse
1154 3011 1458 3066 concedant
1485 3029 1500 3076 ;
1523 3010 1628 3081 91
1667 3013 2034 3081 quorum,ob-

457 3116 636 3169 secro,
665 3118 881 3174 aequum
916 3101 1080 3158 fuerit
1119 3103 1384 3174 imagines
1422 3103 1541 3156 illas
1581 3104 1894 3173 ﬁgurasque
1932 3118 2034 3157 no-

457 3194 686 3262 minare,
713 3211 852 3266 quas
881 3196 935 3250 in
964 3196 1278 3250 simulacris
1314 3195 1594 3248 inanimes
1633 3193 1852 3250 caelatas
1883 3195 2033 3248 vide-
2060 3171 2101 3226 C

456 3286 620 3340 mus?
645 3302 714 3340 an
745 3286 1141 3340 elementorum
1173 3285 1337 3354 hujus
1358 3284 1640 3339 universi?
1662 3299 1755 3347 an,
1775 3286 1916 3354 quod
1943 3301 2033 3338 ar-

454 3377 694 3433 tiﬁciosa
743 3377 859 3448 ipsa
910 3378 1094 3432 vultus
1144 3375 1511 3432 conformatio
1560 3377 1742 3446 palam
1771 3378 2028 3444 ostendit,

456 3469 772 3526 mortalium
823 3469 964 3523 inter
1019 3477 1266 3524 mortuos
1305 3467 1647 3536 jacentium?
1677 3468 1836 3523 Enim
1877 3485 2028 3533 vero,

456 3569 670 3615 taceant
697 3561 793 3616 isti
823 3560 984 3626 licet;
1017 3561 1218 3615 veritas
1254 3575 1351 3631 per
1381 3575 1440 3615 se
1489 3560 1609 3630 ipsa
1656 3561 1918 3630 loquitur,
1969 3577 2032 3616 ac

454 3665 622 3720 prope
650 3665 846 3720 magna
883 3665 1014 3704 voce
1042 3649 1306 3713 clamans,
1337 3665 1454 3714 eos,
1477 3649 1542 3702 de
1569 3649 1769 3718 quibus
1793 3648 2029 3719 agimus,

455 3744 602 3800 viros
631 3743 900 3814 quosdam
939 3744 1196 3798 mortales
1228 3742 1397 3797 fuisse
1431 3751 1684 3797 testatur.
1719 3741 2029 3808 Quinetiam

454 3832 782 3890 Plutarchus
814 3835 869 3889 in
899 3851 1063 3904 opere
1113 3834 1203 3887 illo
1227 3833 1374 3904 quod
1411 3832 1489 3886 De
1543 3831 1687 3885 Iside
1732 3830 2032 3902 Afgyptiis-

454 3943 552 3996 que
584 3928 887 3982 numinibus
920 3927 1184 3997 scriptum
1215 3925 1458 3995 reliquit,
1485 3924 1630 3979 ultro
1647 3923 1884 3994 dataque
1909 3939 2032 3993 ope-

454 4033 516 4072 ra
544 4019 881 4090 singulorum
933 4019 1206 4090 propriam
1230 4017 1478 4086 corporis
1507 4018 1733 4086 ﬁguram
1764 4016 2032 4071 colorem-

455 4127 562 4179 que
588 4113 846 4174 declarat,
888 4113 972 4166 his
1006 4111 1187 4166 verbis
1220 4127 1232 4162 :
1270 4128 1287 4158 ι
1319 4106 1575 4173 Narrant,
1626 4108 1822 4177 inquit,
1861 4108 2030 4179 {Egy-

455 4204 553 4274 ptii
599 4203 928 4259 Mercurium
964 4204 1190 4258 brachio
1221 4200 1547 4268 breviorem,
1579 4200 1894 4272 Typhonem
1935 4218 2028 4256 ru-

456 4296 592 4361 fum,
621 4293 846 4349 Martem
872 4293 1266 4357 candidiorem,
1312 4289 1494 4346 Osirin
1530 4291 1767 4360 denique
1821 4291 2028 4362 nigrio-

455 4402 570 4443 rem
624 4376 794 4442 iuisse
829 4405 842 4441 :
875 4387 1074 4457 quippe
1122 4385 1218 4455 qui
1265 4393 1460 4438 natura
1506 4383 1753 4436 homines
1785 4384 2028 4439 exstitis—

453 4490 595 4536 sent.
629 4499 648 4532 ι
696 4478 824 4536 Haec
849 4479 1198 4534 Plutarchus.
1229 4476 1571 4531 Mortuorum
1602 4492 1732 4546 ergo
1764 4475 1868 4530 fuit
1914 4485 2025 4530 tota

455 4573 545 4629 illa
573 4575 858 4628 numinum
883 4572 1028 4641 apud
1071 4573 1208 4626 istos
1236 4567 1610 4634 consecratio;
1645 4569 1908 4639 quidquid
1934 4585 2030 4623 au-

454 4674 560 4720 tem
611 4665 966 4737 physiologia:
1003 4673 1106 4732 est,
1132 4664 1237 4719 hoc
1274 4663 1438 4720 iidem
1469 4672 1657 4735 postea
1695 4663 2027 4717 conﬁnxere.

455 4757 588 4813 Nam
625 4758 754 4828 quid
786 4757 1050 4812 attinebat
1087 4758 1141 4812 in
1170 4758 1420 4812 virorum
1449 4771 1539 4837 _ac
1583 4757 1876 4812 mulierum
1917 4753 2031 4810 eili-

527 5002 639 5074 (ῥῖ)
691 5002 806 5074 Ἀπῗ
840 5001 1056 5070 ἄλλης.
1098 4999 1427 5057 Plutarchus
1465 4999 1538 5055 De
1557 4999 1698 5054 Iside
1725 5011 1773 5054 et
1801 4999 2027 5067 Osiride,

495 5113 510 5126 .
554 5073 652 5125 563
689 5073 752 5131 υ.
782 5073 836 5125 ‘2.

456 5089 651 5212 pol‘
678 5089 1040 5197 ἕόκῖύντων.
1074 5140 1431 5213 Plutarchus,
1464 5141 1797 5213 δυναμένων.

446 5277 455 5288 ⁸
529 5213 642 5281 (49)
683 5216 863 5268 Αὺτοί
879 5230 1000 5288 μοι.
1045 5211 1266 5288 vertere
1285 5229 1397 5288 non
1424 5211 1690 5278 dubitavi,
1711 5215 1862 5288 quasi
1893 5211 2031 5267 scri-

458 5293 607 5411 ptum
637 5293 803 5349 esset,
839 5283 992 5338 αὐτοὶ
1025 5285 1119 5354 μή.
1156 5283 1301 5354 quod
1335 5299 1530 5339 sensus
1579 5287 1802 5338 omnino
1844 5294 2028 5353 postu-

478 5363 550 5410 at.

478 5363 550 5410 at.

529 5423 640 5494 (ιο)
681 5424 786 5496 Aut
817 5427 918 5480 hoc
949 5425 1238 5496 σωμάτων,
1274 5431 1368 5479 aut
1395 5423 1540 5494 quod
1575 5424 1822 5492 sequitur
1851 5423 2030 5494 σώμα-

453 5510 566 5559 τος,
598 5495 884 5549 delendum
913 5495 1145 5551 videtur.

525 5566 638 5637 (5|)
687 5567 1068 5635 Ἰστοροῦσιν.
1112 5566 1209 5622 Hic
1237 5566 1367 5621 mihi
1410 5564 1886 5637 Plutarcliiglocus
1920 5581 2028 5621 non

455 5635 717 5702 occurrit,
752 5642 846 5693 sed
879 5639 967 5691 alii
995 5639 1105 5692 duo
1139 5653 1248 5692 non
1283 5637 1584 5696 absimiles.
1616 5635 1806 5691 eodem
1839 5637 1891 5690 in
1930 5639 2023 5691 lib.

455 5707 532 5760 be
561 5705 707 5761 Iside
750 5719 798 5762 et
837 5708 1066 5763 Osiride.
1100 5708 1369 5764 Caaterum
1400 5706 1754 5776 γαλιάγκωνα
1785 5710 2024 5778 reposui,

455 5793 552 5837 oro
599 5780 996 5852 γαληάγκωνας
1041 5780 1118 5836 sic
1145 5779 1287 5835 cnim
1320 5780 1518 5852 ubique
1551 5779 1828 5844 scribitur,
1864 5788 1914 5833 et
1945 5781 2027 5834 vel

2138 1914 2294 1983 λόγον
2334 1913 2594 1968 πυθέσθαι
2623 1914 2896 1984 ὁποτέρων
2919 1911 3056 1966 θεῶν
3083 1913 3150 1966 τά
3181 1911 3341 1977 ξόανα
3378 1911 3476 1976 τὰς
3503 1912 3725 1966 ἐντετυ-

2140 2007 2395 2079 πωμένας
2420 2007 2630 2078 μορφὰς
2659 2005 2850 2070 σώζειν
2868 2007 3146 2077 φήσουσιν·
3182 2004 3387 2076 πότερα
3414 2004 3687 2074 δαιμόνων
3709 2022 3725 2070 ;

2140 2100 2478 2171 άλλάπυρὸς,
2505 2100 2597 2152 καὶ
2624 2099 2803 2171 ἀέρος,
2829 2100 2921 2152 καὶ
2948 2099 3066 2169 γῆς,
3094 2098 3187 2152 καὶ
3214 2097 3422 2162 ὕδατος,
3453 2097 3485 2168 ἢ
3512 2097 3726 2171 ἀνδρῶν

2141 2193 2234 2247 καλ⁷
2265 2191 2536 2260 γυναικῶν
2564 2191 2798 2255 εἰκόνας,
2826 2192 2919 2244 καὶ
2952 2189 3105 2254 ζώων
3132 2189 3367 2259 ἀλόγων,
3391 2190 3486 2243 καὶ
3515 2189 3724 2262 θηρίων

2142 2287 2422 2356 σχήματα;
2464 2284 2614 2338 Ἐπεὶ
2647 2283 2754 2355 γὰρ
2782 2283 2876 2337 καὶ
2916 2283 3052 2353 πρὸς
3083 2283 3262 2336 αὐτῶν
3306 2282 3727 2355 συγκεχώρηται

2141 2375 2444 2448 ὁμωνύμως
2454 2376 2588 2448 ἡλίῳ
2604 2377 2699 2430 καὶ
2715 2379 2828 2439 τοῖς
2849 2375 3077 2430 καθόλου
3102 2375 3383 2448 στοιχείοις
3397 2375 3622 2447 θνητούς
3639 2395 3728 2430 τι-

2141 2485 2236 2532 νας
2255 2467 2453 2540 ἄνδρας
2469 2468 2768 2538 γεγονέναι,
2788 2470 2882 2523 καὶ
2895 2469 3116 2533 τούτους
3130 2469 3285 2534 θεοὺς
3299 2469 3566 2542 ἀνηγορεῦ
3575 2469 3724 2537 σθαι,

2139 2562 2300 2616 τίνων
2332 2562 2478 2626 εἰκὸς
2511 2561 2576 2616 ἂν
2619 2563 2702 2634 εἴη
2736 2561 2948 2634 μορφάς
2995 2558 3132 2616 εἶναι
3173 2562 3270 2616 καὶ
3301 2563 3516 2625 εἰκόνας
3537 2563 3727 2631 λέγειν

2140 2655 2239 2718 τὰς
2275 2657 2332 2707 ἐν
2381 2657 2492 2718 τοῖς
2538 2655 2766 2726 ἀψύχοις
2801 2655 3008 2720 ξοάνοις
3055 2655 3299 2725 γλυφάς;
3340 2655 3567 2728 πότερον
3610 2655 3726 2708 τῶν

2141 2749 2372 2803 καθόλου
2403 2749 2699 2821 στοιχείων,
2726 2751 2781 2821 ἢ,
2812 2751 2948 2820 ὅπερ
2972 2750 3065 2803 καὶ
3090 2750 3150 2803 τὸ
3171 2749 3397 2821 ἐναργὲς
3419 2749 3519 2820 τῆς
3545 2749 3726 2819 ὂψεως

2143 2843 2500 2906 ἐπιδείκνυσι,
2534 2842 2641 2896 τῶν
2673 2845 2729 2896 ὲν
2762 2845 2972 2914 νεκροῖς
2993 2843 3261 2914 κειμένων
3283 2841 3526 2913 θνητῶν;
3579 2841 3724 2896 Ἀλλ’

2142 2938 2190 2988 εὶ
2229 2936 2321 2990 καὶ
2356 2935 2508 2988 αὐτοί
2537 2953 2626 3006 μοι
2661 2934 2770 3007 (49)
2812 2935 3038 3005 λέγοιεν,
3074 2936 3102 2989 ὃ
3141 2935 3205 3005 γέ
3237 2953 3292 2990 τι
3325 2936 3532 3008 ἀληθὴς
3562 2935 3724 3004 λόγος

2143 3028 2241 3098 βοᾷ
2289 3029 2381 3081 καὶ
2419 3027 2656 3098 κέκραγε
2699 3030 2976 3098 μονονουχὶ
3015 3027 3198 3100 φωνὴν
3241 3029 3439 3098 ἀφιεὶς,
3493 3027 3724 3100 θνητοὺς

2141 3119 2338 3192 ἄνδρας
2370 3121 2660 3193 μαρτυρῶν
2681 3121 2958 3190 γεγονέναι
2990 3122 3117 3185 τοὺς
3150 3121 3530 3193 δηλουμένους.
3578 3123 3634 3175 '0
3660 3121 3721 3175 δὲ

2140 3211 2481 3283 Πλούταρχος
2525 3213 2618 3266 καὶ
2650 3213 2756 3266 τῶν
2793 3213 3058 3284 σωμάτων
3089 3212 3200 3282 (50)
3233 3212 3413 3266 αὐτῶν
3457 3216 3524 3267 ὲκ
3564 3230 3725 3286 περι-

2138 3303 2324 3366 ουσίας
2353 3303 2443 3356 τὸν
2469 3305 2620 3358 ποιὸν
2649 3306 2954 3378 ὑπογράφει
2978 3305 3071 3358 τοῦ
3103 3304 3356 3376 σώματος
3388 3305 3725 3377 χαρακτῆρα.

2139 3399 2196 3450 ὲν
2223 3400 2334 3461 τοῖς
2362 3398 2501 3466 Περὶ
2534 3398 2645 3466 τῆς
2673 3399 2887 3466 Ἴσιδος
2912 3399 3008 3453 καὶ
3036 3397 3154 3452 τῶν
3182 3401 3520 3470 Αἰγυπτίων
3542 3397 3720 3463 θεῶν,

2139 3483 2240 3543 ὧδέ
2268 3508 2384 3554 πως
2420 3491 2612 3560 λέγων·
2652 3511 2670 3542 ι
2723 3491 3014 3564 Ἱστοροῦσι
3043 3491 3152 3562 (51)
3182 3491 3290 3564 γὰρ
3319 3492 3605 3561 Αἰγύπτιοι
3625 3491 3723 3545 τὸν

2141 3582 2238 3646 μὲν
2279 3582 2482 3655 Ἑρμῆν
2510 3582 2588 3654 τῷ
2622 3583 2833 3655 σώματι
2862 3584 3116 3652 γενέσθαι
3149 3585 3522 3654 γαλιάγκωνα,
3546 3584 3638 3638 τὸν
3660 3584 3722 3638 δὲ

2138 3675 2371 3744 Τυφῶνα
2405 3679 2470 3748 τῇ
2513 3678 2671 3748 χροιᾷ
2715 3677 2941 3747 πυρρὸν,
2974 3677 3164 3731 λευκόν
3199 3693 3256 3730 τε
3283 3677 3372 3730 τὸν
3397 3678 3592 3748 Ἀρην,
3623 3676 3721 3729 καὶ

2143 3769 2480 3842 μελάγχρουν
2502 3772 2593 3824 τὸν
2627 3773 2860 3842 Ὄσιριν,
2893 3771 2968 3834 ὡς
3009 3773 3075 3842 τῇ
3107 3771 3266 3840 φύσει
3298 3771 3592 3840 γεγονότας
3619 3771 3721 3824 ἀν-

2140 3861 2405 3932 θρώπους.
2435 3881 2453 3914 ›
2475 3863 3080 3935 ΤαῦταόΠλούταρχος.
3113 3864 3341 3937 Νεκρῶν
3370 3866 3535 3936 ἄραὴ
3566 3865 3715 3918 πᾶσα

2137 3955 2314 4008 αὐτῶν
2351 3954 2590 4008 θεοποιία
2634 3957 2936 4028 καθέστηκε
2963 3973 2977 3986 ·
3022 3957 3326 4011 πέπλασται
3355 3957 3400 4011 δ’
3428 3959 3611 4022 αὐτοῖς
3647 3959 3717 4012 τὰ

2136 4047 2236 4117 τῆς
2263 4049 2624 4117 φυσιολογίας.
2657 4049 2720 4101 Τί
2745 4049 2853 4122 γὰρ
2879 4051 3046 4121 ὲχρῆν
3084 4050 3291 4122 ἀνδρῶν
3325 4052 3418 4104 καὶ
3444 4053 3716 4121 γυναικῶν

2139 4145 2388 4214 σχήματα
2419 4141 2804 4207 ζωοπλαστεῖν,
2839 4144 3010 4216 παρὸν
3041 4144 3134 4198 καὶ
3158 4144 3279 4215 δίχα
3298 4143 3501 4198 τούτων
3525 4145 3716 4198 Ἥλιον

2139 4233 2313 4286 σέϐειν
2344 4234 2436 4286 καὶ
2465 4233 2720 4306 Σελήνην,
2756 4234 2848 4288 καὶ
2891 4235 2957 4288 τὰ
3004 4235 3164 4289 λοιπά
3199 4235 3292 4288 τοῦ
3329 4236 3531 4306 κόσμου
3564 4252 3713 4288 στοι-

2135 4328 2287 4396 χεῖα;
2312 4327 2566 4398 Ποτέροις
2587 4327 2643 4381 δὲ
2665 4327 2889 4392 τούτων,
2913 4329 3006 4381 καὶ
3030 4330 3092 4381 ὲκ
3119 4329 3279 4382 τίνων
3300 4327 3592 4399 ἀρξάμενοι
3612 4328 3713 4393 τὰς

2134 4419 2346 4472 τοιάσδε
2392 4419 2759 4493 προσηγορίας
2805 4421 3183 4492 ὲπειρήμισαν;
3237 4415 3381 4488 οἷον,
3433 4421 3574 4490 λέγω
3617 4423 3710 4476 τὸν

2060 4530 2104 4585 ῃ
2138 4513 2436 4581 Ἥφαιστον
2460 4513 2554 4566 καὶ
2577 4513 2673 4584 τὴν
2702 4512 2949 4584 Ἀθηνᾶν,
2967 4514 3064 4567 Δία
3091 4531 3152 4567 τε
3176 4515 3270 4567 καὶ
3289 4513 3591 4567 Ποσειδῶνα
3614 4515 3712 4568 καὶ

2135 4605 2332 4677 Ἦραν.
2361 4600 2507 4677 Ἀρα
2538 4605 2645 4678 γὰρ
2674 4605 2848 4659 ταῦτα
2872 4604 2980 4660 τῶν
3012 4603 3240 4660 καθόλου
3269 4607 3544 4678 στοιχείων
3574 4608 3713 4680 πρό-

2131 4715 2286 4769 τερον
2313 4699 2438 4751 ὄντα
2459 4700 2714 4770 ὀνόματα,
2739 4699 2988 4770 δεύτερον
3021 4699 3160 4752 αὐτὰ
3179 4704 3291 4765 τοῖς
3323 4700 3533 4772 θνητοῖς
3564 4703 3714 4772 ὁμω-

2131 4790 2314 4860 νύμως
2332 4792 2445 4853 τοῖς
2475 4790 2742 4863 οὐρανίοις
2774 4791 3173 4845 ὲπιτεθείκασιν
3193 4809 3205 4822 °
3237 4791 3270 4863 ἢ
3306 4792 3605 4864 τοῦμπαλιν
3643 4794 3712 4849 ἐκ

2133 5007 2356 5060 brachio
2383 5015 2616 5068 tantum,
2651 5007 2732 5060 vel
2778 5007 2940 5059 etiam
2973 5014 3086 5060 toto
3120 5021 3351 5071 corpore
3398 5008 3703 5062 breviorem

2132 5078 2420 5145 signiﬁcat.
2451 5079 2553 5144 Qui
2589 5090 2763 5130 tamen
2792 5077 2930 5130 hanc
2955 5094 3137 5131 vocem
3167 5078 3276 5132 ἀπὸ
3301 5081 3397 5148 τῆς
3418 5079 3589 5148 γάλης
3615 5095 3706 5130 ar-

2131 5157 2373 5209 cessunt,
2408 5149 2483 5218 iis
2509 5149 2679 5217 magis
2707 5149 2767 5200 τὸ
2798 5165 2836 5216 η
2869 5149 3098 5216 placeat,
3130 5165 3292 5218 quam
3335 5168 3373 5204 ι.
3406 5151 3527 5203 Non
3555 5149 3705 5202 absi-

2133 5220 2308 5283 miles,
2343 5220 2434 5289 qui
2465 5217 2672 5274 Latinis
2701 5219 2829 5271 olim
2862 5218 2996 5272 Anci
3032 5217 3384 5286 ~dicebantur.
3422 5221 3514 5274 Sic
3553 5220 3702 5274 enim

2133 5289 2364 5353 Festus;
2403 5309 2422 5339 ι
2453 5289 2649 5348 Ancus.
2681 5290 2772 5358 qui
2799 5289 3070 5358 aduncum
3104 5289 3386 5344 brachium
3423 5290 3602 5356 habet,
3649 5300 3708 5344 ut

2129 5377 2191 5414 cx
2203 5360 2402 5431 porrigi
2431 5375 2539 5413 non
2581 5357 2822 5431 possit.)
2861 5361 2930 5431 ιηςι
2958 5357 3241 5431 Glpssario
3271 5362 3466 5422 veteri,
3497 5363 3702 5422 Ancus,

2129 5428 2489 5492 mancusest,
2515 5428 2762 5501 κυλλὸς,
2783 5428 2984 5501 λορδός.
3019 5429 3182 5486 Recte
3213 5431 3421 5494 κυλλός.
3445 5433 3496 5485 ls
3533 5431 3705 5497 enim,

2130 5501 2300 5570 χωλός
2330 5510 2384 5553 et
2414 5500 2999 5574 xapnﬁlogﬂesychio
3023 5501 3224 5574 dicitur
3240 5520 3258 5568 ;
3292 5514 3346 5555 at
3370 5502 3554 5574 λορδός
3585 5517 3708 5556 cer-

2130 5587 2300 5625 ιιιιιιιη
2330 5572 2510 5640 potius
2546 5572 2834 5642 signiﬁcat,
2862 5571 3131 5640 ejusmodi
3168 5574 3279 5626 fere
3309 5571 3468 5642 quem
3500 5572 3705 5628 Gallice

2132 5658 2387 5697 vocamus
2431 5642 2712 5697 lourdaud.
2744 5642 2916 5698 Varro
2961 5649 3142 5698 tamen
3186 5647 3385 5696 Ancum
3436 5644 3698 5698 Sabinam

2130 5728 2250 5768 esse
2278 5729 2463 5768 vocem
2493 5714 2717 5784 putavit.
