3948 6376
450 349 546 404 171

1100 344 1370 400 EUSEBII
1408 338 1886 398 CESARIENSIS
1919 334 2071 394 OPP.
2115 320 2294 386 PARS
2329 317 2396 386 ll.
2436 365 2502 375 -—
2537 332 3039 390 APOLOGETICA.

3576 338 3683 393 ΗΞ).

447 442 764 513 sphaerium,
791 439 876 496 vel
902 440 955 494 in
980 436 1162 494 Nilum
1192 440 1374 510 ipsum
1399 421 1647 501 fluvium,
1673 442 1869 491 cuncta
1908 433 2003 491 de-

2122 421 2446 500 εἱμαρμένην
2477 427 2718 497 λέγουσι,
2744 426 2921 481 πάντα
2946 426 3371 498 καταδήσαντες.
3394 428 3487 482 καὶ
3513 433 3696 483 πάντα

450 537 612 605 nique
635 536 690 589 in
719 549 806 589 res
839 534 1151 598 naturales,
1188 531 1326 587 nihil
1366 530 1421 585 in
1451 543 1714 600 corporea
1746 527 1887 584 mole
1917 542 2011 583 ca-

449 637 632 683 rentes
657 625 1012 695 viventesque
1040 630 1287 690 naturas,
1300 623 1545 691 ipsarum
1563 619 2011 690 interpretatione

426 714 705 773 'conferri.
733 719 909 787 Atque
959 718 1191 772 istorum
1234 715 1396 769 etiam
1437 713 1714 784 plerique,
1768 712 1913 781 quod
1954 711 2010 766 in

450 816 640 864 nostra
662 809 943 865 voluntate
975 817 1060 863 est
1089 823 1154 862 ac
1179 814 1448 876 potestate
1474 806 1745 870 situm,ex
1769 804 2011 859 siderum

452 915 601 958 motu
627 916 950 972 suspensum
978 914 1100 955 esse
1114 898 1426 961 voluerunt,
1446 904 1641 951 cuncta
1665 896 2010 962 necessitate,

455 994 599 1063 quod
635 993 741 1063 ipsi
773 991 942 1046 fatum
981 989 1274 1059 appellant,
1305 988 1387 1042 sic
1428 998 1682 1055 tanquam
1715 986 2014 1055 inexplica-

457 1084 657 1138 bilibus
684 1081 1008 1152 quibusdam
1040 1080 1294 1145 vinculis,
1319 1081 1504 1135 nescio
1537 1095 1647 1149 quo
1684 1088 1862 1149 pacto,
1890 1093 2016 1134 con-

446 1171 1113 1245 stringentes,eademque
1158 1185 1352 1225 rursus
1401 1170 1467 1224 ad
1522 1170 1748 1224 deorum
1783 1170 2013 1225 istorum

456 1262 564 1315 vim
591 1276 654 1315 ac
681 1276 881 1315 numen
912 1261 1215 1331 alligantes.
1256 1260 1442 1330 Itaque
1474 1276 1583 1315 non
1605 1261 1745 1315 alios
1787 1261 1901 1315 sive
1957 1260 2013 1315 in

451 1351 689 1420 templis,
722 1350 835 1406 sive
857 1352 909 1405 in
936 1351 1264 1417 simulacris,
1309 1350 1420 1405 sive
1454 1350 1508 1404 in
1556 1351 1677 1406 aliis
1707 1351 1999 1420 ejusmodi,

456 1455 619 1509 quam
671 1439 765 1509 qui
807 1437 901 1492 fati
935 1439 1079 1506 leges
1113 1439 1350 1503 solvunt,
1386 1449 1733 1495 venerantur.
1773 1459 1792 1493 ι
1837 1441 2013 1510 Atque

454 1533 570 1587 haec
604 1547 635 1586 a
671 1532 829 1587 nobis
862 1547 929 1586 ex
960 1532 1174 1587 laudata
1208 1532 1496 1603 Porphyrii
1539 1532 1768 1602 epistola
1809 1533 2013 1603 produ-

450 1632 538 1679 cta
558 1633 742 1691 sunto,
764 1638 883 1693 qum
917 1623 1157 1693 profecto
1185 1624 1468 1678 manifeste
1504 1623 1800 1689 declarant,
1842 1640 1910 1679 ne
1929 1639 2019 1679 ar-

453 1729 646 1771 canam
671 1715 890 1782 quidem
920 1714 1091 1783 ipsam
1118 1713 1493 1786 }Egyptiorum
1519 1714 1844 1786 theologiam
1880 1730 2017 1785 prae-

2109 517 2321 582 τούτοις
2353 518 2659 587 ἀνάψαντες
2698 519 2811 579 τοῖς
2845 515 3005 579 θεοῖς.
3047 515 3201 570 Οὕτω
3230 516 3465 588 λυτῆρας
3500 519 3598 589 τῆς
3619 520 3701 571 εί-

2113 608 2402 682 μαρμένης
2427 611 2622 680 μόνους
2669 607 2727 660 ἐν
2770 623 2831 660 τε
2875 608 3039 677 ἱεροῖς
3068 607 3164 660 καὶ
3205 606 3431 674 ξοάνοις,
3462 609 3555 662 καὶ
3586 612 3703 672 τοῖς

2109 701 2289 764 ἀλλοις
2315 699 2697 773 θεραπεύουσι.
2737 716 2757 750 ι
2798 697 2981 751 Ταῦτα
3008 698 3106 768 μὲν
3154 693 3247 753 οὖν
3298 699 3407 752 ἀπὸ
3452 700 3554 769 τῆς
3598 700 3701 772 δη-

2110 790 2374 861 λωθείσης
2422 789 2709 860 ἐπιστολῆς
2759 786 2996 850 κείσθω,
3054 788 3241 858 σαφῶς
3283 788 3698 859 διαγορεύοντα,

2110 882 2193 936 ὃτι
2238 881 2335 936 καὶ
2381 883 2415 953 ἡ
2463 881 2570 934 τῶν
2617 880 2931 948 Αἰγυπτίων
2978 878 3291 951 ἀπόρρητος
3343 879 3455 952 (55)
3515 880 3701 935 θεολο-

2111 974 2207 1041 γία
2233 1013 2249 1037 ,
2296 973 2416 1028 οὐδὲ
2463 972 2658 1036 ἄλλους
2711 971 2853 1043 πλὴν
2907 971 3015 1025 τῶν
3072 974 3195 1025 κατ’
3244 971 3472 1044 οὐρανὸν
3531 974 3701 1028 ἀστέ-

2118 1082 2246 1136 ρων,
2290 1065 2399 1119 τῶν
2442 1082 2501 1117 τε
2538 1063 2792 1118 ἀπλανῶν
2837 1063 3206 1134 καλουμένων,
3242 1063 3336 1118 καὶ
3366 1062 3475 1117 τῶν
3503 1065 3704 1134 ὄνομα·

2114 1156 2356 1227 ζομένων
2405 1155 2691 1225 πλανητῶν
2738 1153 3005 1223 ὲθεολόγει
3029 1196 3044 1221 ,
3090 1153 3421 1226 δημιουργόν
3476 1172 3537 1208 τε
3586 1156 3701 1209 τῶν

2114 1247 2250 1301 ὅλων
2280 1246 2522 1317 εἰσῆγεν,
2556 1245 2840 1300 ούτιναοῦν
2874 1244 3160 1317 ἀσώματον
3180 1287 3194 1309 ,
3237 1247 3361 1300 οὐδὲ
3398 1245 3554 1315 λόγον
3595 1248 3698 1317 δη-

2119 1339 2464 1413 μιουργικὸν,
2499 1339 2619 1392 οὐδὲ
2668 1338 2773 1409 μὴν
2819 1338 2959 1405 θεὸν,
2995 1338 3117 1392 οὐδὲ
3162 1338 3347 1403 θεοὺς,
3391 1340 3513 1393 οὐδέ
3543 1357 3701 1403 τινας

2116 1430 2311 1503 νοεράς
2332 1430 2426 1484 καὶ
2459 1431 2684 1499 ἀφανεῖς
2704 1429 2989 1500 δυνάμειςσ
3024 1429 3183 1500 μόνον
3212 1429 3392 1483 δὲ“τὸν
3418 1429 3701 1501 ὁρώμενον

2116 1523 2292 1594 ἣλιονο
2320 1521 2402 1575 διὸ
2432 1521 2527 1575 καὶ
2561 1521 2741 1592 μόνοις
2760 1523 2876 1585 τοῖς
2906 1521 3123 1593 ἄστροις
3150 1520 3251 1591 τὴν
3278 1519 3387 1574 τῶν
3415 1521 3549 1575 ὅλων
3568 1524 3701 1576 ἀνε-

2116 1613 2334 1668 τίθεσαν
2382 1612 2561 1666 αἰτίαν
2582 1651 2598 1677 ,
2630 1610 2699 1664 τά
2732 1611 2910 1665 πάντα
2955 1610 3294 1682 εἱμαρμένης
3334 1609 3698 1678 ἐξάπτοντες,

2119 1706 2213 1759 καὶ
2244 1705 2345 1775 τῆς
2374 1703 2483 1757 τῶν
2515 1703 2730 1773 ἄστρων
2761 1702 3027 1775 κινήσεώς
3051 1720 3109 1756 τε
3142 1702 3236 1757 καὶ
3262 1704 3433 1774 φορᾶς
3454 1719 3468 1733 °
3506 1701 3700 1773 ὥσπερ

451 1813 535 1859 ter
564 1804 686 1858 caeli
729 1803 933 1869 stellas,
963 1813 1078 1857 tum
1109 1820 1236 1874 quae
1277 1813 1589 1861 constantes
1621 1821 1686 1861 ac
1724 1806 1863 1872 lixae,
1899 1815 2014 1860 tum

2122 1794 2307 1866 ἀμέλει
2333 1793 2500 1847 εἰσέτι
2526 1791 2624 1846 καὶ
2651 1791 2747 1845 νῦν
2773 1792 2867 1863 ἥδε
2902 1795 3034 1864 παρ’
3068 1793 3250 1856 αὐτοῖς
3280 1792 3625 1865 κεκράτηκεν
3656 1796 3694 1865 ἡ

453 1911 575 1965 quae
598 1904 846 1952 errantes
860 1896 1022 1968 vulgo
1054 1897 1425 1964 nominantur,
1462 1898 1597 1954 alios
1625 1899 1767 1954 ullos
1789 1899 2017 1954 deorum

451 1985 559 2056 93
594 1986 646 2040 in
676 2001 902 2042 numero
939 1987 1255 2053 collocasse,
1281 1988 1390 2043 imo
1424 2003 1523 2044 nec
1549 1989 1795 2058 corporis
1825 2004 2019 2059 exper-

453 2085 559 2131 tem
612 2077 846 2146 aliquem
897 2076 1061 2147 hujus
1111 2078 1478 2134 universitatis
1523 2078 1874 2134 architectum
1910 2086 2020 2134 sta-

453 2166 640 2229 tuisse,
671 2181 771 2221 nec
804 2167 1001 2222 rationi
1053 2167 1341 2233 ell‘cctrici,
1380 2183 1481 2224 nec
1507 2169 1608 2223 deo
1644 2168 1816 2224 diisve
1862 2170 2017 2237 ullis,

452 2257 984 2328 autintelligentibus
1009 2259 1333 2329 quibusdam
1369 2276 1434 2316 ac
1458 2261 1560 2316 sub
1583 2261 1769 2317 oculos
1797 2262 2021 2318 minime

452 2347 771 2403 cadentibus
791 2349 1022 2417 naturis,
1054 2350 1146 2405 sed
1170 2350 1263 2405 uni
1293 2351 1553 2407 duntaxat
1575 2354 1890 2422 aspectabili
1917 2353 2019 2410 soli

450 2437 575 2507 ejus
606 2437 941 2493 molitionem
964 2440 1239 2498 tribuisse.
1268 2440 1452 2512 Itaque
1482 2443 1615 2498 solis
1646 2444 1809 2499 astris
1841 2461 2020 2500 rerum

452 2534 828 2588 universarum
864 2548 1085 2589 causam
1118 2536 1468 2607 assignarunt
1491 2578 1507 2604 ,
1553 2554 1618 2593 ex
1647 2537 1741 2592 fati
1790 2539 2026 2595 necessi-

450 2634 582 2690 tate,
611 2625 959 2695 siderumque
990 2633 1137 2680 motu
1168 2633 1221 2680 ct
1251 2627 1543 2696 agitatione
1573 2636 1768 2683 cuncta
1802 2641 2023 2702 suspen-

449 2715 673 2782 dentes;
698 2730 820 2785 quae
849 2715 1068 2785 quidem
1090 2716 1273 2785 Opinio
1304 2717 1445 2786 apud
1474 2717 1596 2772 illos
1623 2717 1889 2787 hodieque
1913 2717 2022 2771 vim

451 2805 644 2861 retinet
669 2819 843 2859 suam.
871 2803 1026 2860 Nunc
1058 2819 1208 2874 ergo,
1239 2821 1361 2861 cum
1395 2816 1449 2861 et
1480 2816 1593 2862 tota
1645 2806 2022 2879 Egyptiorum

450 2896 823 2966 interpretatio
856 2910 967 2950 non
997 2895 1109 2966 jam
1148 2896 1200 2950 in
1239 2912 1465 2966 corpore
1508 2897 1710 2953 liberas
1754 2898 2024 2954 viventes-

454 3003 559 3059 que
582 2994 827 3053 naturas,
861 2987 956 3043 sed
1007 2988 1062 3041 in
1108 3002 1171 3042 ea
1216 2996 1458 3057 tantum,
1492 3004 1616 3059 qua:
1642 2989 1887 3060 quotidie
1915 3006 2026 3047 cer-

2113 1886 2261 1953 δόξα.
2305 1887 2370 1939 Εἰ
2416 1886 2596 1939 τοίνυν
2636 1885 2716 1948 εἰς
2752 1885 2912 1957 μόνον
2943 1884 3013 1938 τὰ
3061 1883 3314 1957 ὁρώμενα
3346 1884 3439 1938 τοῦ
3492 1884 3699 1957 κόσμου

2119 1979 2378 2047 στοιχεῖα,
2410 1978 2505 2031 καὶ
2533 1974 2684 2029 οὐδὲν
2712 1976 2793 2042 εἰς
2826 1975 3150 2048 ἀσωμάτους
3185 1976 3278 2029 καὶ
3304 1974 3483 2040 ζώσας
3510 1976 3703 2039 οὐσίας

2117 2075 2451 2145 ἡρμήνευται
2497 2076 2611 2137 τοῖς
2670 2072 3019 2142 Αἰγυπτίοιςο
3072 2071 3142 2125 τά
3197 2070 3255 2124 δὲ
3309 2073 3544 2140 στοιχεῖα
3598 2069 3701 2124 καὶ

2117 2165 2294 2221 πάντα
2334 2164 2406 2219 τὰ
2437 2165 2610 2237 ὁρατά
2654 2164 2900 2236 σώματα,
2942 2163 3022 2235 τῷ
3054 2163 3170 2236 ἰδίῳ
3201 2163 3345 2234 λόγῳ
3382 2163 3562 2233 ἄψυχα
3599 2161 3699 2215 καὶ

2118 2257 2307 2326 ἄλογα,
2333 2257 2535 2329 ρευστά
2568 2274 2629 2310 τε
2664 2256 2763 2328 τὴν
2791 2256 2952 2326 φύσιν
2979 2256 3072 2309 καὶ
3108 2255 3321 2328 φθαρτά
3353 2254 3659 2325 καθέστηκε
3678 2268 3695 2284 ·

2119 2349 2217 2404 θέα
2246 2350 2326 2412 είς
2356 2344 2444 2403 οἷα
2475 2348 2637 2402 πάλιν
2678 2348 2856 2402 αὐτῶν
2897 2347 3327 2402 καταπέπτωκεν
3368 2346 3401 2417 ἡ
3426 2345 3696 2415 θεολογία,

2117 2439 2215 2512 τὴν
2239 2440 2445 2510 ἄψυχον
2476 2439 2684 2505 οὐσίαν,
2712 2439 2805 2495 καὶ
2836 2438 2905 2493 τά
2940 2439 3110 2511 νεκρά
3133 2441 3226 2493 καὶ
3257 2438 3439 2509 ἀψυχα
3471 2436 3701 2509 σώματα

2121 2531 2436 2598 θειάζουσα,
2475 2533 2710 2603 μάλιστα
2740 2532 2829 2585 ὅτε
2873 2532 2954 2594 εἰς
2998 2531 3321 2601 ἀσωμάτους
3369 2529 3463 2582 καὶ
3504 2529 3699 2601 vespa;

2120 2626 2304 2691 οὐσίας
2337 2627 2489 2681 οὐδὲν
2532 2626 2715 2689 αὐτοῖς
2760 2625 3090 2697 ἀνεφέρετο,
3137 2623 3259 2677 οὐδὲ
3305 2623 3398 2677 ἐπὶ
3436 2621 3558 2676 νοῦν
3600 2621 3702 2675 καὶ

2121 2715 2278 2786 λόγον
2309 2715 2698 2788 δημιουργικὸν
2742 2714 2851 2768 τῶν
2888 2714 3042 2767 ὅλων.
3095 2713 3245 2766 Ἐπεὶ
3284 2712 3340 2765 δὲ
3379 2710 3699 2783 προωμολο-

2122 2808 2264 2881 γήθη
2298 2808 2386 2862 διὰ
2419 2807 2530 2862 τῶν
2562 2806 2797 2879 πρόσθεν
2822 2807 2904 2870 εἰς
2937 2806 3201 2875 Ἕλληνας
3227 2805 3356 2876 παρ’
3384 2802 3699 2872 Αἰγυπτίων

2121 2900 2190 2954 τὰ
2219 2893 2319 2970 τῆς
2352 2898 2628 2969 θεολογίας
2663 2897 3140 2971 μετακεκομίσθαι,
3176 2896 3293 2966 ὥρα
3319 2894 3527 2958 τούτοις
3555 2911 3701 2947 στοι-

2123 2994 2237 3062 χείν
2267 2992 2361 3044 καὶ
2389 2991 2674 3061 Ἕλληνας,
2704 2983 2804 3043 ’καὶ
2829 2988 2898 3043 τά
2933 2988 3070 3043 αὺτά
3100 2987 3413 3057 Αἰγυπτίοις
3452 2985 3702 3055 φυσιολο-

453 3089 677 3147 nuntur,
705 3078 893 3134 mundi
939 3078 1102 3149 hujus
1144 3079 1407 3135 elementa
1447 3070 1793 3148 conferatur,
1838 3092 1891 3138 et
1918 3082 2019 3138 ele-

2125 3083 2262 3150 γεῖν,
2284 3080 2680 3152 ἀπελέγχεσθαί
2703 3097 2762 3133 τε
2785 3080 2980 3143 αὐτοὺς
3004 3079 3154 3133 οὐδὲν
3181 3078 3339 3133 πλέον
3366 3079 3463 3150 τῆς
3489 3077 3701 3148 ἀψύχου

454 3177 637 3226 menta
667 3171 769 3228 ista
794 3171 913 3226 sine
937 3171 1148 3239 animo,
1191 3171 1307 3227 sine
1339 3173 1548 3227 ratione
1570 3214 1585 3239 ,
1613 3188 1679 3229 ac
1711 3173 1871 3229 ﬂuxa;
1902 3190 2019 3245 per-

2127 3143 2260 3244 ύλης
2307 3143 2700 3238 θεοποίόύντας.
2732 3174 2915 3227 Ταῦτα
2947 3173 3054 3244 γὰρ
3084 3168 3151 3244 ἦν
3199 3170 3269 3224 τὰ
3322 3143 3494 3241 σεμνά
3532 3143 3703 3237 Αἰγυ-

451 3266 741 3336 contisque
773 3272 1002 3332 naturae,
1028 3264 1289 3336 peculiari
1320 3265 1553 3335 quadam
1604 3275 1861 3338 certaque
1904 3266 2020 3323 fue-

449 3356 563 3411 rint.
590 3357 801 3412 ratione
824 3366 1109 3427 procreata
1134 3374 1151 3410 :
1186 3355 1306 3411 vide
1336 3371 1518 3426 porro,
1542 3373 1776 3428 quonam
1806 3358 2023 3428 delapsa

452 3446 527 3502 sit
552 3447 833 3503 hominum
870 3448 1100 3503 istorum
1129 3448 1420 3519 theologia,
1445 3463 1567 3518 qua:
1596 3457 1844 3504 naturam
1872 3465 2024 3505 men—

450 3538 525 3594 tis
549 3548 844 3608 expertem,
875 3548 1200 3609 mortuaque
1252 3548 1307 3594 et
1358 3539 1426 3594 ab
1460 3539 1611 3595 omni
1638 3554 1805 3596 sensu
1852 3556 2023 3597 vacua

452 3643 679 3699 corpora
732 3629 1015 3684 numinum
1070 3629 1243 3684 instar
1290 3630 1668 3695 consecrarit,
1721 3632 2020 3702 praesertim

451 3735 577 3790 cum
612 3720 746 3775 nihil
779 3735 1006 3790 prorsus
1050 3721 1121 3775 ab
1156 3720 1347 3776 iisdem
1383 3721 1467 3777 vel
1499 3721 1567 3777 ad
1603 3721 1913 3792 spirituales
1940 3723 2024 3777 in-

451 3811 863 3883 telligentesque
902 3820 1147 3878 naturas,
1178 3811 1264 3867 vel
1301 3811 1371 3867 ad
1400 3821 1633 3867 mentem
1663 3813 1835 3882 ipsam
1862 3825 2023 3884 atque

451 3903 716 3959 rationem
750 3917 931 3958 rerum
961 3902 1383 3972 procreatricem
1430 3904 1675 3958 omnium
1706 3903 2017 3960 referretur.

451 3991 588 4048 Cum
637 4000 815 4047 autem
870 4007 938 4047 ex
986 3992 1052 4048 iis
1096 4008 1219 4064 quae
1251 4001 1376 4048 ante
1408 4008 1443 4046 a
1475 3993 1634 4048 nobis
1662 3993 1824 4048 allata
1858 4002 2019 4057 sunt,

454 4093 711 4153 tanquam
740 4091 947 4138 eertum
973 4092 1026 4138 et
1050 4082 1360 4139 confessum
1407 4084 1729 4146 habeamus,
1758 4085 1829 4138 ab
1855 4081 2024 4153 Egy-

452 4174 583 4245 ptiis
607 4175 673 4229 ad
703 4174 921 4231 Graecos
952 4175 1201 4230 traducta
1230 4174 1403 4230 fuisse
1424 4175 1713 4245 theologiae
1742 4175 2022 4245 mysteria,

454 4277 667 4338 tempus
691 4267 878 4337 utique
906 4276 1011 4333 est,
1059 4276 1118 4322 ut
1162 4282 1353 4323 eorum
1402 4267 1469 4322 ad
1527 4269 1756 4323 classem
1809 4265 2023 4323 Grauis

453 4357 616 4412 etiam
646 4358 796 4428 ipsos
819 4374 1170 4431 aggregemus
1192 4400 1207 4421 ,
1243 4359 1472 4429 illosque
1508 4375 1609 4416 nec
1639 4358 1911 4414 diversam
1954 4358 2023 4413 ab

454 4447 724 4519 Egyptiis
776 4448 1193 4520 philosophandi
1242 4450 1506 4514 rationem
1568 4449 1859 4513 habuisse,
1922 4463 2023 4505 nec

454 4552 647 4615 prater
670 4538 963 4594 inanimam
978 4539 1268 4609 quamdam
1298 4540 1577 4595 materiam
1596 4540 1689 4594 ulli
1705 4541 1928 4594 omnino
1949 4539 2027 4595 rei

454 4629 791 4687 divinitatem
818 4629 1031 4686 dedisse
1051 4631 1461 4685 convincamus.
1496 4632 1607 4685 lsta
1626 4630 1825 4700 quippe
1856 4646 2027 4701 augu-

454 4727 540 4774 sta
573 4715 952 4794 IEg‘yptiforum
980 4729 1135 4799 erant
1168 4719 1414 4786 numina,
1460 4720 1913 4789 quemadmodum
1941 4720 2028 4776 ille

455 4813 592 4882 ipse,
628 4826 790 4881 quem
826 4812 987 4881 paulo
1044 4820 1169 4865 ante
1218 4812 1402 4875 citavi,
1459 4811 1791 4882 Porphyrius
1841 4820 2028 4866 auctor

458 4910 544 4960 est
564 4900 696 4974 (56),
714 4902 841 4957 dum
859 4903 914 4956 in
938 4902 1025 4966 iis,
1042 4917 1179 4971 quos
1198 4902 1272 4955 De
1288 4902 1533 4972 fugiendo
1557 4919 1731 4956 rerum
1755 4902 2026 4956 animata-

461 5008 580 5046 rum
597 5009 687 5048 esu
701 4994 1043 5063 conscripsit,
1066 4994 1131 5047 de
1149 4992 1340 5047 iisdem
1365 4994 1508 5047 hunc
1533 4993 1586 5046 in
1608 4994 1827 5048 modum
1847 4992 2025 5062 loqui-

460 5092 553 5138 tur
592 5100 606 5137 :
650 5100 669 5134 ι
704 5083 786 5137 llli
819 5092 1000 5138 autem
1032 5082 1102 5137 ab
1128 5082 1231 5137 hoc
1253 5083 1655 5138 exercitationis
1700 5097 1931 5154 genere,
1973 5090 2029 5137 et

458 5173 592 5231 inita
631 5191 755 5232 cum
798 5176 982 5231 divino
1020 5175 1244 5237 numine
1293 5172 1659 5230 familiaritate
1710 5173 2022 5246 pregressi,

530 5334 644 5407 (55)
696 5335 1062 5407 Ἇπόῤῥητος.
1103 5333 1182 5387 ita
1229 5347 1361 5389 mss.
1408 5332 1591 5398 ambo,
1636 5346 1745 5387 non
1797 5332 2025 5405 ὲπίρῤη-

457 5406 570 5471 τος,
602 5415 664 5460 ιιι
689 5410 818 5475 ante
847 5406 1146 5475 legebatur.

529 5475 642 5548 (56)
683 5472 859 5548 [focus
902 5471 1000 5548 est
1026 5472 1308 5548 Porphyrii
1351 5471 1447 5527 lib.
1496 5486 1548 5524 IV
1581 5472 1759 5538 ιπερὶ
1809 5471 2017 5548 daal.”

458 5541 674 5602 duobus
698 5544 791 5599 fol.
820 5552 942 5613 post
986 5541 1235 5611 initium';
1278 5549 1478 5613 recent.
1532 5550 1712 5595 autem
1750 5541 2019 5613 editionis

460 5632 582 5687 pag.
614 5616 736 5669 572.
764 5611 953 5683 Magna
978 5615 1194 5687 quidem
1225 5613 1298 5687 ibi
1325 5612 1613 5687 lectionum
1647 5611 1882 5687 varietas
1914 5620 2018 5687 est,

459 5679 631 5754 eaque
674 5698 817 5755 saepe
838 5679 955 5755 non
984 5679 1359 5753 improbanda,
1386 5685 1582 5755 saepius
1617 5681 1893 5738 mendosa.
1930 5679 2013 5736 ιιι.

461 5753 772 5827 ιεῲτθιεω,
802 5754 847 5811 si
874 5753 1041 5819 lubet,
1074 5756 1322 5809 consule.

2124 3263 2295 3317 πτίων
2326 3262 2468 3317 κατὰ
2496 3263 2592 3335 τὴν
2626 3263 2717 3317 τοῦ
2757 3264 3125 3336 δεδηλωμένου
3166 3260 3522 3333 συγγραφέως
3563 3277 3707 3331 γρα-

2126 3357 2261 3427 φήν·
2287 3356 2433 3420 ὅστις
2484 3355 2644 3409 πάλιν
2690 3356 2750 3409 ὲν
2795 3351 2875 3419 οἷς
2921 3353 3199 3427 ἐπέγραψε
3232 3352 3373 3422 Περὶ
3428 3352 3538 3422 τῆς
3580 3351 3704 3406 τῶν

2122 3446 2410 3516 ἐμψύχων
2436 3445 2695 3516 ἀποχῆς,
2732 3445 2953 3499 τοιαῦτα
2993 3444 3120 3516 περὶ
3151 3443 3257 3497 τῶν
3294 3442 3469 3497 αὐτῶν
3505 3441 3701 3509 διέξει-

2127 3553 2231 3588 σιν·
2266 3556 2283 3588 ι
2322 3537 2454 3590 Ἀπὸ
2481 3537 2539 3589 δὲ
2563 3536 2766 3607 ταύτης
2801 3536 3107 3608 ὁρμώμενοι
3133 3536 3235 3605 τῆς
3266 3536 3572 3614 ἀσκήσεως,
3604 3533 3703 3586 καὶ

2123 3628 2221 3698 τῆς
2254 3627 2388 3701 πρὸς
2407 3628 2467 3681 τὺ
2486 3627 2639 3682 Θεῖον
2673 3627 3016 3691 οἰκειώσεως,
3046 3626 3286 3695 ἔγνωσαν
3315 3626 3390 3690 ώς
3420 3626 3479 3678 ού
3509 3625 3577 3678 δι’
3606 3625 3675 3677 ἀν

2124 3720 2344 3792 θρώπου
2380 3720 2538 3792 μόνου
2570 3721 2631 3775 τὸ
2671 3721 2821 3774 Θεϊον
2852 3718 3061 3791 διῆλθεν
3080 3735 3092 3748 ·
3118 3715 3241 3770 οὔτε
3270 3715 3414 3788 ψυχὴ
3459 3718 3519 3769 ὲν
3549 3715 3700 3786 μόνῳ

2128 3811 2400 3884 ἀνθρώπῳ
2452 3814 2547 3867 ἐπὶ
2604 3812 2708 3883 γῆς
2757 3812 3204 3881 κατεσκήνωσεν,
3256 3807 3391 3862 ἀλλά
3433 3806 3615 3877 σχεδὸν
3659 3808 3695 3877 ἡ

2123 3900 2261 3973 αὐτὴ
2291 3902 2377 3956 διὰ
2417 3902 2634 3956 πάντων
2665 3897 2795 3972 ἦλθε
2842 3899 2952 3953 τῶν
2996 3896 3171 3964 ζώων.
3202 3897 3291 3951 Διὸ
3339 3898 3417 3960 εἰς
3448 3895 3545 3967 τὴν
3579 3894 3698 3948 θεο-

2125 3992 2305 4045 ποιῖαν
2338 3990 2640 4063 παρέλαϐον
2675 3992 2780 4043 πᾶν
2819 3987 2974 4054 ζώον,
3004 3988 3095 4041 καὶ
3138 3988 3339 4057 ὁμοίως
3372 4003 3474 4039 που
3505 3984 3698 4055 ἀνέμι-

2124 4080 2221 4148 ξαν
2254 4080 2416 4154 θηρία
2442 4081 2537 4135 καὶ
2565 4079 2900 4151 ἀνθρώπους,
2932 4081 3023 4133 καὶ
3054 4078 3214 4131 πάλιν
3232 4076 3432 4149 ὀρνέων
3467 4076 3697 4147 σώματα

2126 4173 2218 4227 καὶ
2246 4170 2565 4243 ἀνθρώπων.
2598 4172 2859 4225 Εῐκασται
2896 4171 3004 4241 γάρ
3036 4187 3119 4234 τις
3150 4170 3278 4241 παρ’
3315 4169 3495 4232 αὐτοῖς
3533 4166 3696 4238 μέχρι

2123 4264 2392 4335 τραχήλου
2430 4262 2865 4335 ἀνθρωποειδὴς,
2893 4261 2953 4314 τὸ
2992 4261 3049 4314 δὲ
3090 4261 3378 4332 πρόσωπον
3407 4260 3592 4331 ὀρνέου
3611 4297 3628 4323 ,
3657 4258 3693 4330 ἢ

2123 4354 2351 4420 λέοντος,
2382 4354 2415 4426 ἢ
2448 4353 2606 4408 ἄλλου
2637 4353 2781 4417 τινος
2813 4351 2951 4417 ζώου
2996 4350 3360 4421 κεκτημένος·
3404 4348 3501 4402 καὶ
3534 4348 3694 4402 πάλιν

2054 4498 2101 4552 D
2125 4442 2191 4501 αὖ
2222 4444 2432 4516 κεφαλὴ
2455 4444 2809 4516 ἀνθρώπειος,
2847 4444 2941 4497 καὶ
2969 4442 3141 4496 ἄλλων
3165 4441 3325 4494 τινῶν
3352 4439 3503 4548 ζώέυν
3525 4440 3692 4510 μέρη,

2132 4537 2207 4609 πῆ
2240 4535 2339 4609 μὲν
2371 4536 2723 4607 ὑποκείμενα,
2761 4536 2835 4607 πῆ
2856 4535 2911 4587 δὲ
2941 4533 3278 4604 ἐπικείμενα.
3304 4532 3382 4585 Δι’
3410 4524 3483 4586 ὧν
3507 4531 3698 4601 δίλλοῦ-

2131 4648 2235 4695 σιν,
2263 4631 2343 4684 ὅτι
2375 4632 2516 4683 κατά
2546 4627 2769 4700 γνώμην
2795 4627 2930 4682 θεῶν
2961 4628 3055 4680 καὶ
3086 4625 3260 4679 ταῦτα
3305 4624 3551 4696 ἀλλήλοις
3582 4638 3698 4676 κοι-

2128 4724 2304 4787 νωνεῖ,
2340 4722 2433 4774 καὶ
2457 4720 2730 4792 σύντροφα
2755 4721 2885 4791 ἡμῖν
2919 4719 3009 4772 καὶ
3039 4716 3272 4772 τιθασσά
3312 4717 3426 4769 ἐστι
3455 4716 3562 4768 τῶν
3590 4715 3693 4785 θη-

2130 4810 2262 4883 ρίων
2310 4810 2377 4862 τὰ
2419 4808 2623 4881 ἄγρια,
2659 4810 2757 4862 οὐκ
2801 4810 2927 4864 ἄνευ
2970 4809 3113 4872 τινὸς
3164 4807 3312 4870 θείας
3361 4805 3691 4877 βουλήσεως.

2133 4901 2291 4956 Ὅθεν
2314 4902 2405 4954 καὶ¹
2437 4902 2465 4955 ὁ
2493 4901 2629 4955 λέων
2659 4900 2732 4965 ὡς
2767 4900 2884 4964 θεὸς
2909 4900 3288 4973 θρησκεύεται,
3316 4899 3409 4952 καὶ
3446 4897 3608 4969 μέρος
3638 4912 3696 4947 τι

2127 4993 2225 5065 τῆς
2253 4991 2546 5061 Αἰγύπτου,
2576 4991 2604 5045 ὃ
2628 4991 2849 5045 καλοῦσι
2877 4990 3057 5061 νομὸν,
3084 4989 3365 5061 ἐπώνυμον
3396 4988 3506 5058 ἔχει
3529 4989 3696 5040 Λεον-

2125 5083 2431 5155 τοπολίτην,
2460 5082 2588 5136 ἀλλο
2614 5082 2674 5136 δὲ
2716 5081 3069 5153 Βουσιρίτην,
3108 5083 3203 5135 καί⁸
3241 5081 3368 5134 ἄλλο
3400 5077 3696 5132 Κυνοπολί-

2125 5194 2225 5249 την
2254 5176 2386 5248 (57).
2424 5176 2535 5247 Τὴν
2563 5174 2671 5245 γάρ
2697 5175 2788 5226 ἐπὶ
2820 5174 2995 5227 πάντα
3036 5172 3264 5243 δύναμιν
3303 5172 3389 5225 διὰ
3423 5170 3532 5224 τῶν
3568 5186 3693 5223 συνε-

2197 5329 2310 5400 (57)
2350 5327 2790 5400 Kgroxoljynr.
2834 5324 3083 5400 Excusus
3128 5323 3291 5400 alter_
3319 5320 3483 5375 habet
3514 5321 3693 5400 Αυκο-

2125 5391 2369 5470 πολίτήν,
2404 5397 2585 5470 Elige,
2622 5391 2864 5470 Utroque
2900 5395 3123 5449 nomine
3154 5391 3692 5470 praafecturas-{bgy-

2124 5478 2250 5539 ptus
2280 5458 2524 5539 h'abuit;v_
2550 5466 2618 5521 de
2662 5458 2861 5539 quibus
2912 5479 2977 5519 ac
3018 5458 3229 5539 caeteris
3258 5461 3484 5539 consule
3510 5458 3694 5539 Ptole-

2125 5530 2340 5602 inaaum,
2384 5530 2705 5591 Strabonem
2748 5534 2843 5590 lib.
2873 5550 2981 5588 xvn
3006 5533 3289 5602 ;.Plinium
3330 5532 3423 5586 lib.
3458 5544 3597 5602 v,_c.
3631 5530 3689 5584 9.

2123 5608 2244 5662 Non
2278 5600 2448 5669 deest,
2480 5607 2533 5660 in
2560 5620 2670 5675 quo
2694 5605 2771 5659 illi
2794 5600 3127 5675 discrepent:
3151 5601 3415 5656 anirites
3442 5600 3687 5669 quidem,

2124 5677 2411 5736 Ptolemaeo
2436 5673 2773 5747 Bouciph-qg,
2807 5684 2868 5729 ut
2919 5673 3040 5739 hic;
3069 5673 3370 5747 “Straboni,
3399 5680 3453 5725 et
3484 5684 3691 5747 εξςιυςο

2124 5747 2445 5825 Porphyrio,
2494 5738 2843 5818 Βουσειρίτης
2898 5759 2995 5817 per
3051 5742 3465 5814 diphthongum.
3525 5738 3692 5793 Notat
