3948 6376
401 322 506 376 1τὸ
1052 321 1320 376 EUSEBll
1355 321 1833 379 CASSARIENSIS
1872 321 2022 379 OPP.
2066 308 2244 372 PARS
2278 303 2344 368 li.
2388 355 2455 362 _
2492 324 2990 382 APOLOGETICA,
3530 329 3632 383 176

401 437 638 504 homine,
701 441 780 494 sic
831 453 862 493 a
907 441 1131 509 reliquis
1180 443 1402 510 insuper
1467 442 1834 496 animantibus
1882 438 2263 497 abstinendum
2318 453 2420 497 est.
2484 441 2777 508 Praeterea,
2824 462 2946 500 cum
2986 447 3243 517 singulari
3305 447 3534 516 quadam
3581 457 3632 500 et

397 533 598 590 eximia
657 536 936 606 sapientia:
989 537 1076 603 vi,
1128 547 1241 591 tum
1289 538 1545 592 diuturna
1610 555 1733 593 cum
1785 539 1968 594 divino
2020 538 2242 594 numine
2271 540 2692 602 consuetudine,
2743 541 2846 595 hoc
2890 541 3049 595 etiam
3102 541 3440 607 intellexere,
3475 555 3635 612 quos-

399 626 523 680 dam
557 641 678 682 esse
704 629 856 691 deos,
883 629 976 698 qui
1005 630 1170 684 certis
1225 629 1594 684 animantibus
1645 631 1837 700 inagis,
1865 647 2028 701 quam
2064 630 2377 685 hominibus
2432 631 2585 700 ipsis,
2636 633 2985 699 delectentur,
3017 642 3076 687 ut
3123 635 3290 689 solem
3344 635 3633 706 accipitre,

398 720 514 790 qui,
550 735 673 774 cum
705 729 954 774 naturam
1014 721 1210 776 habeat
1265 731 1429 776 totam
1467 739 1533 778 ex
1579 725 1845 793 sanguine
1905 727 2204 796 spirituque
2253 735 2614 792 constantem,
2643 735 2757 780 tum
2787 742 2848 781 ea
2879 736 2960 782 est
3001 742 3126 798 erga
3176 728 3447 783 hominem
3482 744 3636 783 com-

401 812 770 879 miseratione,
800 820 859 865 ut
886 812 1088 881 jacenti
1139 813 1258 882 ejus
1307 813 1555 868 cadaveri
1607 814 1965 884 ingemiscat,
2020 816 2300 884 oculisque
2345 824 2546 869 terram
2596 815 2821 884 ingerat.
2865 833 2883 865 ›
2915 814 2981 868 Et
3018 816 3264 884 pauculis
3319 816 3641 886 interjectis:

407 905 567 960 «λειω
586 919 715 959 vero
739 905 1094 966 scarabaaum,
1119 904 1314 973 inquit,
1339 906 1535 960 stultus
1575 905 1711 960 forte
1757 907 2025 976 quispiam
2061 907 2376 969 detestetur,
2414 914 2597 976 utpote
2620 905 2817 961 divinis
2861 907 2916 960 in
2946 907 3106 962 rebus
3135 908 3331 977 hospes
3368 923 3430 962 ac
3482 923 3637 979 pere-

400 995 632 1065 grinus:
685 1003 740 1048 at
776 994 920 1048 hunc
957 993 1196 1065 Egyptii
1246 996 1403 1065 quasi
1454 998 1630 1050 vivam
1679 1012 1744 1052 ac
1797 998 2091 1068 spirantem
2140 998 2272 1052 solis
2318 998 2608 1068 imaginem
2667 997 2912 1052 venerari
2965 998 3154 1053 solent.
3200 997 3334 1052 Nam
3370 1007 3423 1054 et
3456 1013 3642 1053 scarao

399 1093 551 1148 herus
583 1091 763 1146 omnis
798 1106 915 1145 mas
949 1101 1049 1157 est,
1092 1101 1146 1146 et
1181 1106 1363 1146 semen
1425 1091 1477 1146 in
1524 1093 1775 1163 paludem
1826 1095 2168 1156 immissum,
2219 1108 2282 1146 ac
2331 1091 2648 1162 sphzericam
2717 1094 2773 1149 in
2823 1092 3051 1163 ﬁguram
3112 1093 3503 1149 conformatum
3537 1108 3638 1162 po-

403 1185 618 1240 stremis
647 1185 874 1255 pedibus
910 1184 962 1237 in
993 1199 1236 1240 aversam
1271 1195 1474 1253 partem
1507 1186 1795 1250 convolvit,
1841 1188 1972 1243 solis
2033 1188 2087 1240 in
2151 1187 2288 1241 coelo
2335 1195 2538 1240 motum
2588 1187 2893 1252 mmulatus,
2932 1188 3302 1258 integramque
3335 1187 3473 1239 iunge
3527 1185 3641 1237 die-

399 1293 523 1332 rum
551 1274 961 1330 conversionem
989 1283 1284 1343 exspectat.
1341 1274 1538 1345 Sicq‘ue
1593 1275 1868 1346 singulare
1919 1277 2121 1347 aliquid
2177 1277 2244 1331 de
2286 1277 2472 1342 ariete,
2535 1277 2680 1331 aliud
2739 1277 2866 1332 item
2898 1277 2964 1332 de
2995 1279 3286 1342 crocodilo,
3306 1293 3368 1331 ac
3392 1276 3638 1331 similiter

400 1368 466 1423 de
493 1368 728 1433 vulture,
759 1364 852 1429 ibi,
883 1381 993 1419 uno
1021 1366 1204 1430 verbo,
1262 1365 1329 1420 de
1389 1365 1627 1435 quolibet
1662 1367 2017 1421 animantium
2069 1383 2264 1439 genere
2314 1368 2797 1438 philosophantur,
2845 1377 2905 1424 ut
2933 1385 3158 1424 summa:
3182 1369 3461 1439 cujusdam
3511 1386 3642 1440 pru-

401 1463 614 1527 dentiae,
673 1469 768 1515 aut
811 1461 990 1530 potius
1026 1461 1222 1517 divina:
1277 1462 1557 1532 sapientia:
1610 1463 1842 1519 consilio
1899 1466 1966 1519 ad
1992 1465 2197 1520 cultum
2248 1465 2379 1535 ipsis
2435 1466 2594 1520 etiam
2652 1467 2976 1523 animalibus
3031 1467 3372 1523 tribuendum
3421 1467 3640 1524 adducti

402 1571 523 1612 esse
545 1555 852 1611 videantur.
894 1574 911 1608 ι

939 1669 1046 1740 95
1085 1667 1310 1724 CAPUT
1351 1668 1415 1723 v.

2612 1695 3005 1748 ΚΕΦΑΛΑῘΟΝ
3039 1694 3113 1749 Ε’.

404 1783 520 1840 Ista
558 1783 735 1838 omnia
783 1782 983 1836 nullam
1018 1782 1309 1856 damnandi
1350 1783 1434 1835 sui
1477 1799 1692 1838 causam
1741 1801 1832 1854 per
1859 1801 1968 1840 sese

2075 1788 2200 1842 Ὅτι
2233 1787 2329 1840 καὶ
2357 1786 2543 1840 ταῦτα
2586 1785 2790 1854 πάσης
2827 1784 3060 1856 ὑπῆρχε
3091 1785 3287 1856 μεστὰ
3333 1784 3639 1856 καταγνώ-

964 1869 1064 1906 nun
1105 1853 1408 1921 prrebuisse.

473 1945 597 2002 Haec
627 1945 792 2016 igitur
819 1944 1072 1999 laudatus
1095 1961 1124 1998 a
1147 1945 1303 1999 nobis
1323 1945 1554 2013 scriptor
1577 1940 1643 1996 de
1656 1943 1864 2014 egregia
1884 1957 1972 2013 po-

401 2040 622 2095 litorum
646 2048 699 2094 et
721 2037 1043 2108 elegantium
1073 2035 1445 2107 [Egyptiorum
1469 2037 1798 2108 physiologia
1824 2053 1970 2091 com-

403 2143 690 2196 memorat,
745 2131 946 2201 quibus
1001 2145 1188 2184 eorum
1237 2130 1396 2184 nobis
1437 2143 1636 2183 arcana
1676 2127 1967 2196 patefecit;

403 2227 684 2290 nimirum,
720 2241 916 2296 aquam
963 2225 1112 2294 ipsos
1146 2223 1434 2294 ignemque
1486 2223 1752 2287 venerari,
1785 2237 1972 2276 unam-

401 2335 509 2390 que
559 2318 783 2373 omnino
817 2332 942 2372 esse
977 2326 1084 2371 tam
1138 2316 1347 2370 ratione
1378 2315 1728 2384 praeditorum
1759 2355 1773 2380 ,
1805 2328 1970 2383 quam

399 2411 588 2466 eadem
638 2409 964 2471 carentium,
995 2421 1096 2464 nec
1131 2421 1422 2476 corporum
1457 2405 1640 2472 modo,
1676 2405 1769 2460 sed
1802 2405 1966 2459 etiam

403 2502 572 2558 animi
599 2499 962 2556 substantiam
999 2507 1364 2568 naturamque
1415 2506 1687 2564 statuere;
1739 2506 1800 2551 ut
1847 2511 1968 2552 eam

401 2597 472 2652 ob
511 2610 733 2651 causam
765 2592 909 2648 feras
938 2593 1101 2648 etiam
1129 2591 1251 2661 jure
1281 2590 1348 2645 ab
1381 2589 1486 2645 illis
1515 2605 1579 2645 ac
1613 2591 1807 2644 merito
1845 2590 1971 2645 deo-

400 2701 522 2741 rum
557 2686 609 2739 in
642 2697 871 2738 numero
902 2682 1083 2752 palam
1122 2681 1338 2736 habitas
1365 2694 1430 2734 ac
1461 2681 1760 2735 recensitas
1799 2678 1969 2735 fuisse

401 2778 716 2834 arbitretur.
770 2774 827 2830 Id
875 2782 1057 2830 autem
1114 2775 1237 2842 quis
1278 2789 1388 2829 non
1440 2773 1508 2827 ab
1559 2772 1709 2827 omni
1759 2774 1970 2828 ratione

402 2871 798 2926 alienissimum
848 2883 971 2924 esse
1022 2869 1220 2933 videat,
1271 2867 1500 2922 rationis
1554 2875 1825 2936 expertem
1856 2867 1968 2921 bel-

399 2966 714 3036 luinamque
743 2971 1019 3029 naturam,
1057 2970 1116 3015 ut
1147 2975 1347 3015 numen
1397 2960 1452 3014 in
1481 2975 1545 3015 ea
1583 2968 1964 3025 consecretur,

401 3056 666 3121 adhiberi,
702 3055 846 3126 quod
872 3053 1138 3124 ejusdem,
1187 3061 1244 3106 ut
1276 3051 1452 3118 aiunt,
1485 3066 1609 3107 cum
1654 3050 1968 3107 hominibus

2771 1872 2947 1924 σεως.

2139 1952 2376 2006 Τοιαῦτα
2411 1951 2504 2005 καὶ
2535 1951 2604 2005 τὰ
2629 1951 2756 2024 περὶ
2794 1951 2894 2022 τῆς
2943 1949 3196 2019 γενναίας
3220 1947 3328 2002 τῶν
3355 1947 3532 2019 σοφῶν
3552 1949 3638 2001 Al-

2071 2039 2316 2108 γυπτίων
2365 2039 2711 2108 φυσιολογίας
2742 2039 2977 2092 τέθειται
3000 2040 3027 2092 ὁ
3064 2038 3450 2108 δεδηλωμένος,
3479 2039 3642 2105 Atyn-

2073 2130 2240 2184 πτίων
2295 2131 2634 2201 διασαφήσας
2660 2133 2790 2202 ἡμῖν
2828 2131 2896 2185 τὰ
2949 2130 3253 2202 ἀπόρρηταο
3295 2131 3377 2183 ὅτι
3401 2146 3457 2183 τε
3496 2129 3638 2200 ῦδωρ

2071 2223 2164 2277 καὶ
2203 2222 2312 2294 πῦρ
2364 2223 2597 2289 σέϐουσι,
2644 2224 2738 2277 καὶ
2777 2223 2876 2295 μία
2915 2223 3145 2293 λογικῶν
3187 2224 3282 2280 καὶ
3315 2223 3541 2292 ἀλόγων,
3577 2223 3636 2275 ού

2072 2316 2230 2386 μόνον
2282 2317 2580 2387 σωμάτων,
2632 2315 2768 2369 ἀλλὰ
2812 2315 2906 2370 καὶ
2959 2313 3135 2386 ψυχῆς
3185 2314 3342 2368 οὐσία
3387 2314 3639 2388 κέκριται

2070 2406 2206 2462 εἶναι
2243 2411 2372 2481 παρ’
2425 2410 2630 2473 αὐτοῖς,
2685 2408 2759 2474 ὡς
2803 2408 3037 2478 εὐλόγως
3082 2407 3232 2478 αύτῷ
3271 2408 3447 2462 δοκεῖν
3484 2406 3641 2469 θεοὺς

2070 2499 2462 2571 ἁνηγορεῦσθαι
2479 2499 2543 2552 τὰ
2569 2499 2754 2570 θηρία.
2767 2499 2956 2553 Καίτοι
2979 2498 3092 2562 πῶς
3113 2499 3174 2552 οὐ
3192 2496 3639 2569 παραλογώτατον

2071 2590 2150 2652 εἰς
2181 2588 2452 2644 θεοποιΐαν
2469 2589 2913 2662 παραλαμϐάνειν
2938 2590 3034 2660 τὴν
3066 2588 3255 2657 ἄλογον
3288 2588 3378 2642 καὶ
3399 2586 3636 2659 θηριώδη

2072 2681 2251 2750 φύσιν,
2291 2681 2379 2734 διὰ
2427 2682 2490 2734 τὸ
2534 2681 2635 2751 τῆς
2665 2683 2806 2751 ἴσης,
2863 2680 2936 2745 ὥς
2967 2697 3146 2750 φασιν,
3175 2679 3481 2752 ἀνθρώποις
3520 2696 3636 2750 μετ-

2069 2771 2440 2844 ἐχεινψυχῆς;
2471 2774 2572 2846 χρὴ
2618 2774 2746 2845 γὰρ,
2791 2772 2948 2844 εἴπερ
2990 2773 3128 2843 ἄρα,
3186 2771 3500 2845 ἀνθρώπους
3543 2773 3636 2825 καὶ

2069 2864 2209 2918 αὐτὰ
2243 2864 2512 2936 ἡγεῖσθαι,
2540 2865 2633 2919 καὶ
2658 2864 2760 2935 τῆς
2798 2863 3138 2934 ἀνθρωπείας
3159 2864 3337 2927 αὐτοῖς
3381 2863 3537 2935 δόξης
3579 2880 3637 2916 τε

2073 2958 2168 3010 καὶ
2199 2957 2364 3028 τιμῆς
2397 2957 2752 3028 μεταδιδόναι.
2795 2958 2855 3010 Οί
2879 2956 2934 3009 δὲ
2962 2956 3118 3008 τοῦτο
3145 2955 3219 3026 μὴ
3251 2955 3550 3027 πράξαντες
3568 2954 3636 3008 τὰ

2073 3050 2209 3123 πρὸς
2241 3050 2412 3120 αὐτῆς
2445 3050 2545 3120 τῆς
2571 3049 2786 3120 φύσεως
2830 3049 2997 3117 ἄλογα
3017 3047 3181 3122 θηρία
3221 3048 3502 3117 γενόμενα,
3542 3047 3636 3099 καὶ

401 3150 570 3204 animi
619 3147 1008 3204 communione
1057 3144 1353 3216 jungatur?
1405 3143 1642 3214 quippe,
1698 3150 1968 3214 oporteret

2075 3143 2276 3214 ταύτην
2325 3142 2576 3214 εἰληχότα
2627 3143 2724 3216 τὴν
2776 3143 3112 3214 ἐπωνυμίαν,
3140 3142 3233 3194 καὶ
3262 3140 3381 3193 οὐδὲ
3416 3140 3516 3210 τῆς
3539 3141 3634 3194 ἀν-

401 3239 569 3304 enim,
599 3239 644 3294 si
689 3237 765 3292 ita
791 3245 895 3301 est,
925 3236 1140 3292 easdem
1185 3234 1328 3290 feras
1362 3233 1612 3290 homines
1657 3234 1929 3304 appellare
1953 3275 1970 3302 ,

404 3332 809 3400 humanamque
839 3343 964 3383 cum
993 3326 1061 3382 iis
1083 3326 1400 3397 dignitatem
1425 3325 1798 3396 honoremque
1819 3341 1973 3380 com»

402 3425 708 3477 municare.
734 3419 889 3486 Quod
920 3419 997 3473 illi
1033 3434 1158 3474 cum
1201 3418 1425 3474 minime
1465 3417 1712 3484 fecerint,
1743 3434 1865 3489 quae
1892 3429 1973 3474 ta-

404 3529 526 3568 men
549 3513 618 3568 ab
657 3512 773 3583 ipsa
796 3519 993 3565 natura
1020 3509 1194 3566 brutae
1220 3525 1285 3566 ac
1309 3509 1537 3566 rationis
1569 3517 1819 3580 expertes
1844 3510 1971 3566 ferae

404 3613 776 3675 procreantur,
809 3617 931 3672 qua:
962 3601 1064 3657 hoc
1111 3602 1455 3672 cognomenti
1506 3617 1678 3674 genus
1711 3603 1813 3658 sibi
1847 3617 1972 3673 pro-

404 3699 580 3769 prium
612 3695 820 3753 sortita:
865 3703 1013 3759 sunt,
1046 3708 1168 3763 qua:
1194 3709 1262 3749 ne
1289 3693 1406 3765 ipsa
1436 3693 1657 3764 quidem
1687 3693 1968 3748 hominum

401 3789 762 3862 appellatione
785 3788 962 3860 dignae
995 3787 1344 3859 judicantur;
1381 3802 1476 3842 eas
1504 3801 1611 3841 non
1639 3786 1751 3857 jam
1781 3787 1969 3843 eodem

401 3883 545 3954 apud
584 3897 663 3949 se,
703 3896 813 3953 quo
847 3880 1118 3948 homines,
1163 3880 1287 3950 jure
1342 3895 1464 3935 esse
1510 3880 1834 3946 voluerunt,
1877 3878 1970 3934 sed

400 3974 726 4031 altissimum
755 3973 885 4029 illud
915 3973 1066 4029 orbis
1091 3973 1327 4029 universi
1354 3973 1517 4043 regis.
1542 3987 1606 4027 ac
1634 3987 1815 4027 rerum
1846 3987 1968 4026 om-

401 4070 553 4124 nium
587 4065 858 4122 molitoris
889 4064 982 4120 Dei
1042 4081 1237 4120 nomen
1276 4065 1330 4119 in
1373 4064 1676 4119 belluarum
1718 4075 1969 4119 naturam

401 4161 546 4216 ultro
577 4158 909 4227 deiecerunt,
944 4172 1147 4226 easque
1189 4157 1321 4212 deos
1363 4157 1802 4227 pronuntiarunt,
1833 4173 1969 4228 quas

400 4251 545 4309 Deus
587 4267 655 4308 ne
700 4250 982 4306 hominum
1038 4249 1256 4320 quidem
1305 4249 1660 4319 appellatione
1717 4250 1968 4320 dignatus

401 4353 504 4402 est.
531 4343 764 4399 Audiisti
813 4351 1072 4413 praterea
1107 4341 1303 4396 divinae
1342 4341 1621 4410 sapientia:
1670 4343 1924 4412 mysteria
1951 4383 1966 4408 ,

401 4452 525 4509 quae
575 4434 879 4492 mirabilem
913 4433 1293 4506 Egyptiorum
1343 4434 1617 4489 nationem
1672 4435 1740 4488 ad
1787 4434 1963 4504 lupos,

399 4545 565 4588 canes
616 4530 908 4598 leonesque
950 4528 1283 4583 venerandos
1327 4528 1596 4582 excitarit.
1649 4527 1962 4597 Cognovisti

398 4621 563 4676 etiam
595 4617 856 4675 scarabaei
881 4617 1226 4681 miraculum,
1251 4618 1504 4672 virtutem
1534 4618 1827 4688 accipitris.
1861 4618 1964 4673 De~

399 4711 518 4766 sine
549 4721 762 4777 tamen,
808 4709 955 4779 quod
989 4716 1272 4777 superest,
1317 4709 1449 4766 deos
1479 4709 1742 4766 irridere:
1775 4713 1963 4768 subeat

399 4812 453 4858 te
473 4803 652 4874 potius
679 4811 842 4857 tantae
873 4801 1230 4858 infelicissimi
1253 4801 1531 4856 hominum
1562 4801 1775 4871 generis
1808 4801 1966 4856 caici-

2072 3236 2303 3310 θρώπων
2355 3238 2708 3308 προρρήσεως
2742 3234 2852 3304 (69)
2902 3233 3214 3304 ἠξιωμένα,
3265 3232 3370 3285 οὐδ’
3437 3231 3636 3302 ὁμοίως

2069 3328 2373 3401 ἀνθρώποις
2408 3327 2644 3397 ἠξίωσαν
2687 3325 3077 3390 ἀποδέξασθαι·
3114 3325 3211 3396 τὴν
3261 3323 3516 3378 ἀνωτάτω
3577 3323 3635 3376 δὲ

2068 3425 2161 3478 τοῦ
2190 3422 2576 3494 παμϐασιλέως
2602 3420 2989 3492 προσηγορίαν,
3010 3419 3102 3472 καὶ
3124 3418 3218 3472 τοῦ
3247 3417 3353 3470 τῶν
3383 3419 3635 3471 ἁπάντων

2069 3513 2398 3586 δημιουργοῦ
2434 3511 2569 3565 Θεοῦ
2604 3511 2859 3582 φέροντες
2899 3513 2979 3574 εἰς
3014 3511 3111 3581 τὴν
3154 3509 3261 3563 τῶν
3301 3508 3505 3581 θηρίων
3537 3509 3637 3578 φύ-

2071 3620 2176 3666 σιν,
2210 3601 2665 3671 καταϐεϐλήκασι,
2713 3602 2806 3655 καὶ
2847 3600 3002 3661 θεοὺς
3033 3600 3397 3670 ἐπεφήμισαν,
3429 3599 3466 3653 δι
3499 3599 3636 3670 μηδὲ

2068 3695 2164 3765 τῆς
2189 3693 2485 3766 ἀνθρώπων
2513 3693 2646 3764 πρὸς
2667 3692 2832 3746 αὑτοῦ
2851 3692 2943 3746 τοῦ
2971 3691 3104 3745 Θεοῦ
3127 3691 3452 3761 κατηξίωται
3468 3709 3636 3762 προσ-

2066 3791 2317 3864 ηγορίας.
2378 3789 2501 3842 Ἐπὶ
2540 3789 2746 3851 τούτοις
2785 3789 3023 3860 ἀκήκοας
3057 3789 3149 3842 καὶ
3209 3789 3308 3860 τῆς
3351 3789 3634 3856 θεοσοφίας

2068 3885 2167 3954 τῆς
2207 3883 2493 3953 μυστικῆς,
2535 3880 2602 3933 δι’
2631 3879 2698 3950 ἢν
2743 3880 2793 3932 οἱ
2846 3879 3134 3951 θαυμάσιοι
3175 3881 3285 3934 τῶν
3326 3881 3634 3949 Αἰγυπτίων

2068 3975 2262 4038 λύκους
2290 3975 2383 4028 καὶ
2417 3974 2581 4037 κύνας
2613 3972 2705 4026 καί
2751 3972 2968 4037 λέοντας
3009 3972 3394 4044 ἐσεϐάσθησαν.
3421 3973 3634 4040 Ἐγνως

2069 4069 2161 4121 καὶ
2188 4067 2280 4121 τοῦ
2304 4066 2574 4136 κανθάρου
2603 4065 2665 4118 τὸ
2689 4065 2892 4136 Θαῦμα,
2924 4065 3017 4119 καὶ
3051 4064 3266 4135 ἱέρακος
3295 4064 3394 4136 τὴν
3409 4064 3630 4134 ἀρετήν.

2068 4157 2158 4229 Μὴ
2174 4158 2230 4210 δὲ
2257 4157 2388 4226 γέλα
2413 4156 2506 4210 τοῦ
2530 4154 2716 4209 λοιποῦ
2750 4158 2874 4220 τοὺς
2907 4156 3060 4220 θεούς
3080 4173 3093 4186 ·
3131 4156 3268 4210 ἐλέει
3295 4156 3351 4210 δὲ
3380 4155 3474 4210 καὶ
3503 4155 3632 4208 πολ-

2068 4249 2167 4321 λῆς
2188 4249 2438 4319 εὐηθείας
2481 4250 2575 4304 καὶ
2604 4249 2866 4319 ἀϐλεψίας
2897 4249 2958 4302 τὸ
2993 4247 3300 4320 τρισάθλιον
3332 4248 3633 4320 ἀνθρώπων

2069 4342 2240 4410 γένος.
2270 4342 2377 4394 Καὶ
2408 4342 2471 4412 δὴ
2505 4341 2694 4394 σκόπει
2720 4341 2788 4394 τὰ
2815 4341 2990 4394 πάντα
3014 4339 3343 4412 περιαθρῶν,
3363 4341 3488 4393 οἴων
3503 4342 3632 4410 ἡμῖν

2070 4433 2287 4504 ἀγαθῶν
2320 4434 2547 4504 πάρεστι
2591 4433 2754 4504 δοτὴρ
2786 4434 2813 4486 ὁ
2846 4433 3077 4504 Χριστὸς
3104 4435 3132 4486 ὁ
3162 4432 3312 4495 Θεὸς,
3364 4431 3633 4503 τοσαύτης

2068 4527 2242 4590 νόσου,
2299 4528 2513 4598 μακρᾶς
2556 4543 2613 4580 τε
2660 4528 2754 4580 καὶ
2798 4525 3145 4597 πολυχρονίου
3180 4524 3498 4598 πηρώσεως,
3539 4525 3631 4579 καὶ

2066 4618 2164 4682 τὰς
2195 4619 2506 4687 Αἰγυπτίων
2529 4618 2724 4690 ψυχὰς,
2747 4618 2835 4672 διὰ
2855 4618 2955 4688 τῆς
2975 4618 3335 4688 εὐαγγελικῆς
3361 4617 3525 4670 αὑτοῦ
3555 4617 3634 4669 δι-

2066 4707 2357 4770 δασκαλίας
2395 4706 2814 4778 λελυτρωμένος,
2847 4706 2922 4771 ὡς
2965 4707 3092 4771 τοὺς
3146 4706 3362 4771 πλείους
3399 4706 3498 4776 ἤδη
3524 4704 3632 4758 τῶν

2068 4802 2184 4853 κατ’
2217 4800 2482 4868 Αἴγυπτον
2506 4801 2600 4852 καὶ
2629 4798 2828 4870 ταύτης
2856 4799 3198 4872 ἀπηλλάχθαι
3223 4801 3324 4871 τῆς
3350 4801 3527 4854 νόσου.

400 4896 531 4950 tatis
561 4905 615 4949 et
673 4895 925 4950 amentiae
965 4892 1367 4950 commiseratio
1395 4908 1409 4944 :
1443 4891 1713 4962 simulque
1741 4895 1994 4950 omnibus
2035 4894 2317 4959 diligenter
2345 4890 2637 4959 exploratis
2669 4899 2844 4944 tecum
2888 4891 3003 4961 ipse
3031 4903 3240 4962 reputa,
3276 4893 3473 4962 quibus
3536 4908 3630 4949 nos

397 4988 724 5059 quantisque
784 4987 943 5041 bonis
991 4986 1242 5041 Christus
1273 4985 1361 5040 ille
1402 4985 1545 5040 Deus
1572 4986 1881 5054 cumularit,
1941 4986 2032 5058 qui
2071 4995 2288 5040 nostros
2343 4994 2397 5038 et
2441 4983 2815 5054 Aigyptiorum
2862 4985 3100 5053 ipsorum
3138 4987 3368 5051 animos,
3401 5001 3631 5056 evange-

399 5075 517 5132 licae
571 5077 830 5132 doctrinae
858 5091 970 5131 sua:
1017 5076 1068 5129 vi
1113 5085 1221 5130 tam
1255 5076 1550 5130 inveterata
1602 5085 1821 5146 tamque
1871 5077 2126 5132 diuturna
2170 5074 2409 5129 caecitate
2437 5074 2719 5129 vindicarit
2761 5093 2774 5130 :
2818 5091 2944 5130 nam
2992 5086 3046 5131 ct
3097 5077 3380 5150 {Egyptios
3413 5096 3629 5153 quoque

399 5171 690 5225 maximam
731 5184 862 5225 sane
895 5178 1101 5238 partem
1150 5168 1398 5222 videmus
1450 5169 1520 5223 ab
1578 5168 1736 5225 istius
1785 5169 1958 5225 morbi
1997 5168 2316 5238 contagione
2343 5167 2618 5223 liberatos.

924 5261 1035 5333 96
1071 5259 1296 5316 CAPUT
1334 5259 1420 5314 vr.

401 5352 531 5408 Jure
560 5369 650 5406 nos
682 5353 746 5406 ab
777 5369 837 5406 ea
861 5370 1062 5424 quoque
1097 5351 1159 5407 de
1187 5353 1287 5424 diis
1315 5353 1537 5405 istorum
1567 5353 1969 5424 philosophandi

473 5427 692 5486 talione.
731 5440 846 5493 quae
874 5423 1092 5493 propius
1127 5423 1195 5476 ad
1238 5435 1481 5493 naturam
1511 5425 1752 5478 accedere
1790 5426 1970 5478 videa-

472 5506 576 5558 tur,
604 5491 905 5557 recessisse,
948 5491 1214 5564 eidemque
1259 5491 1427 5546 solam
1459 5509 1732 5564 veramque
1779 5495 1969 5561 theolo-

467 5565 608 5634 giam
643 5565 1016 5632 auteposuisse.

469 5653 746 5723 Ejusmodi
780 5654 997 5709 fuerunt
1026 5653 1402 5724 Egyptiorum
1451 5660 1758 5707 commenta
1781 5693 1797 5717 ,
1845 5667 1967 5723 qua:

2594 5262 2986 5315 ΚΕΦΑΛΑΙΟΝ
3022 5255 3112 5321 εἷ’.

2067 5355 2186 5408 Ὅτι
2217 5356 2312 5409 καὶ
2344 5354 2450 5421 τῆς
2487 5355 2892 5423 φυσικωτέραμς
2929 5355 3125 5409 αὐτῶν
3155 5357 3286 5423 περὶ
3317 5355 3466 5410 θεῶν
3494 5358 3628 5408 03w-

2125 5427 2264 5493 ρίας
2291 5421 2552 5495 εὐλόγως
2591 5421 3106 5493 ἀναχωρήσαντες,
3149 5421 3262 5494 τὴν
3297 5428 3492 5495 μόνην
3527 5427 3623 5478 καὶ

2131 5496 2325 5564 ἀληθῆ
2349 5495 2662 5564 θεολογίαν
2706 5495 3202 5566 προετιμήσαμεν.

2147 5653 2304 5706 Ἀλλὰ
2335 5654 2441 5724 γὰρ
2470 5654 2693 5711 τοιαῦτα
2718 5654 2810 5712 καὶ
2848 5656 2916 5712 τὰ
2943 5659 3072 5730 παρ’
3105 5657 3440 5727 Αἰγυπτίοις,
3466 5654 3503 5712 ἃ
3533 5651 3630 5711 καὶ

467 5766 578 5842 (69)
620 5767 1024 5838 ιζοορῤήσεως.
1065 5769 1212 5824 Alter
1256 5786 1288 5826 e
1327 5786 1486 5837 mss.,
1521 5786 1642 5827 eum
1693 5768 1951 5832 Montac.,

2075 5770 2203 5840 οσρή
2213 5785 2368 5835 σεως,
2396 5772 2612 5828 melius.
