4024 6408
500 382 603 439 179
1158 382 1429 439 EUSEBII
1464 380 1939 439 CIESARIENSIS
1982 381 2130 436 OPP.
2175 373 2355 434 PARS
2391 369 2459 431 11.
2496 408 2565 419 --
2599 375 3098 434 APOLOGETICA.
3640 375 3743 429 180

494 501 728 558 centiam
770 500 1086 569 Tostendat,
1142 518 1263 572 quae
1320 506 1533 559 cunctis
1596 502 1732 558 citra
1797 510 2045 571 aspectun

2175 499 2453 570 λογισμοῖς
2474 498 2653 571 ὀρθοῖς
2678 494 3087 565 ἐπινενοημένα,
3116 509 3177 545 συ
3186 489 3490 562 μπλέζαιτῇ
3517 488 3621 541 τῶν
3644 506 3745 543 πι-

494 595 760 663 nobisque
783 593 917 649 adeo
942 594 1075 649 citra
1105 612 1325 651 sensum
1376 611 1593 651 omnem
1624 595 1933 650 moderetur
1952 637 1966 661 ,
2001 610 2045 649 at

2170 590 2335 645 λαιῶν
2363 588 2606 660 θεολογίᾳ
2644 586 3033 657 πεπειραμένοι
3064 583 3266 655 μείζονι
3296 582 3448 651 τύφῳ
3489 581 3586 651 τὴν
3620 580 3744 649 περὶ

495 686 793 756 sapientiae,
825 702 961 756 quas
986 687 1166 743 verbis
1200 690 1418 758 assequi
1468 704 1628 744 nemo
1679 696 1860 757 queat,
1896 689 2045 742 ratio-

2170 683 2279 737 τῶν
2315 681 2497 754 μύθων
2520 679 2849 749 ἐπαγγελίαν
2876 678 3093 747 ἐξῆραν.
3122 675 3315 727 Ἀκουε
3344 673 3386 725 δ’
3409 668 3498 725 οὖν
3529 671 3621 724 καὶ
3646 669 3745 737 τῆς

492 776 654 829 nibus
682 776 866 831 orbem
897 777 1159 848 gubernet
1186 780 1523 835 universum.
1566 780 1669 833 Sed
1694 780 1951 849 quoniam
1987 787 2039 832 to

2171 778 2373 831 τούτων
2402 772 2766 844 φυσιολογίας,
2793 769 2910 841 μεθ’
2936 770 3051 832 οἵας
3080 767 3422 837 ἐξενήνεκται
3442 763 3516 833 τῷ
3540 765 3747 833 Πορφυ-

490 868 754 923 hactenus
781 872 1118 941 argumentis
1153 872 1309 927 istius
1344 874 1424 927 vel
1465 872 1762 941 sapientiae,
1797 873 1879 925 vel
1907 871 2045 925 theo-

2177 869 2276 940 ρίῳ
2308 866 2646 931 ἀλαζονείας.

500 961 674 1033 ¹⁰8ί33,
710 967 826 1022 sive
859 984 979 1038 qua:
1015 966 1321 1023 fabularum
1364 984 1546 1023 eomes
1587 977 1639 1022 et
1681 968 1827 1023 socia
1886 967 2218 1031 nominatur,
2253 964 2365 1020 sive
2397 977 2559 1033 quam
2590 969 2798 1014 veteres
2831 972 2954 1013 eum
2988 954 3158 1011 Graeci
3217 962 3330 1009 tum
3388 945 3620 1021 Egyptii
3675 944 3742 999 ad

488 1056 725 1127 aliquam
749 1059 1027 1130 dignitatis
1066 1061 1297 1131 speciem
1344 1077 1467 1116 cum
1508 1076 1687 1115 rerum
1738 1062 1948 1115 naturis
1996 1060 2221 1129 prOpius
2280 1056 2637 1126 coniunxere,
2701 1054 2991 1108 vanitatem
3041 1058 3096 1104 et
3150 1045 3565 1103 inconstantiam
3620 1040 3743 1093 illu-

486 1152 822 1220 stravimus;
858 1154 1122 1223 sequitur,
1157 1155 1235 1209 uti
1262 1155 1469 1209 invecta
1494 1168 1524 1207 a
1562 1152 1955 1208 recentioribus
1987 1151 2074 1215 iis,
2116 1150 2211 1219 qui
2265 1148 2467 1203 nostris
2524 1145 2860 1215 temporibus
2906 1157 3025 1197 sese
3069 1138 3439 1210 philosophari
3482 1135 3741 1205 proﬁten-

488 1253 597 1307 tur,
644 1243 753 1299 fuci
812 1245 969 1315 plena
1011 1254 1328 1299 ornamenta
1366 1244 1666 1299 videamus.
1712 1242 1808 1297 Isti
1854 1242 2085 1311 quippe,
2126 1255 2248 1309 quae
2278 1238 2439 1309 iongo
2474 1246 2597 1307 post
2618 1244 2835 1290 aetatum
2867 1232 3170 1295 intervallo,
3215 1230 3282 1285 de
3340 1237 3517 1282 mente
3562 1240 3739 1279 rerum

485 1336 729 1390 omnium
788 1338 1190 1406 procreatrice,
1241 1337 1415 1407 deque
1466 1350 1698 1405 corpore
1744 1333 2056 1389 carentibus
2096 1330 2252 1394 ideis,
2312 1346 2377 1385 ac
2436 1329 2503 1383 de
2539 1329 2749 1383 naturis
2790 1324 3141 1394 intelligentia
3174 1324 3489 1391 rationeque
3542 1318 3739 1389 praedi-

486 1427 579 1490 tis,
609 1428 830 1483 inventa
862 1430 1098 1497 primum
1129 1445 1160 1483 a
1189 1428 1411 1483 Platone
1436 1468 1451 1493 ,
1483 1442 1807 1497 summoque
1856 1425 2063 1496 judicio
2102 1424 2405 1493 excogitata
2436 1421 2672 1487 fuerant,
2718 1436 2783 1476 ea
2828 1436 2952 1475 cum
2979 1419 3282 1489 priscorum
3318 1412 3586 1483 theologia
3628 1412 3738 1466 col—

484 1523 653 1593 ligare
683 1522 876 1586 moliti,
930 1524 1138 1592 majore
1167 1538 1329 1592 quam
1382 1532 1538 1577 antea
1576 1521 1717 1577 fastu
1775 1521 1917 1575 hanc
1960 1517 2315 1572 texendarum
2359 1514 2674 1570 fabellarum
2718 1512 3109 1584 professionem
3154 1509 3413 1565 extulere.
3462 1506 3601 1560 Audi
3656 1522 3743 1563 er-

483 1636 574 1690 go,
620 1627 825 1689 quanta
853 1634 976 1674 cum
1020 1620 1384 1675 ostentatione
1407 1628 1570 1690 atque
1591 1617 1851 1689 jactantia
1877 1614 2159 1670 hominum
2193 1613 2356 1668 etiam
2393 1612 2622 1666 istorum
2651 1608 3043 1680 physiologiam
3086 1604 3415 1676 Porphyrius
3456 1600 3739 1672 cvulgarit,

1077 1733 1303 1789 CAPUT
1341 1734 1452 1790 VII.

2702 1724 3097 1780 ΚΕΦΑΛΑΙΟΝ
3138 1725 3211 1777 Z'.

485 1824 757 1892 Quasnam
789 1825 1098 1898 recentiores
1128 1824 1423 1898 philosophi
1446 1842 1662 1898 causa:
1706 1836 1860 1895 atque
1883 1824 2045 1879 ratio-

2171 1822 2413 1888 Ὀποίας
2467 1824 2523 1875 οἱ
2550 1819 2820 1887 νεώτεροι
2870 1816 2989 1898 τῶν
3038 1816 3385 1898 fetor/regnor
3437 1812 3559 1898 τοῖς
3606 1809 3743 1879 περὶ

642 1914 731 1950 nes
757 1896 825 1949 ad
856 1905 1045 1949 veteres
1069 1898 1131 1949 de
1161 1896 1263 1948 diis
1306 1896 1515 1964 fabulas
1546 1898 1884 1949 attexuert‘nt.

487 2004 506 2037 ι
532 1984 641 2040 Fas
666 1986 853 2056 quibus
873 1994 968 2051 est,
990 1985 1213 2038 narrabo
1235 2001 1254 2039 :
1284 1986 1422 2054 fores
1441 1984 1723 2039 claudunto
1743 1985 1991 2054 profani;

477 2142 783 2213 divinaeque
829 2141 1105 2210 sapientiae
1136 2155 1327 2193 sensus
1381 2124 1441 2194 et
1469 2140 1696 2194 consilia
1752 2139 2049 2210 proferam,

477 2236 677 2303 quibus
702 2235 738 2287 ii
756 2233 926 2288 Deum
952 2243 1004 2286 et
1022 2232 1371 2299 multiplicem
1398 2230 1488 2285 Dei
1511 2231 1616 2285 vim
1637 2240 1795 2300 atque
1817 2240 2053 2301 potesta-

477 2337 608 2391 tem,
640 2326 967 2396 imaginibus
1002 2323 1329 2394 quibusdam
1364 2323 1599 2377 naturali
1631 2338 1753 2377 cum
1780 2338 1943 2377 sensu
1968 2338 2054 2377 co-

476 2419 734 2489 gnatione
750 2419 1056 2488 conjunctis
1089 2418 1417 2482 indicarunt,
1445 2416 1642 2486 quibus
1664 2431 1751 2470 res
1772 2424 2050 2486 aspectum

475 2523 693 2561 omnem
732 2507 997 2578 fugientes
1047 2509 1348 2579 perspicuis
1395 2508 1507 2578 98
1532 2506 1839 2563 simulacris
1867 2507 1921 2561 in
1953 2522 2049 2562 eo-

473 2616 595 2655 rum
626 2602 849 2670 gratiam
878 2616 1211 2669 expressere,
1237 2601 1328 2670 qui
1353 2602 1523 2670 prima
1546 2599 1612 2654 de
1633 2599 1737 2655 diis
1758 2600 2048 2663 elementa,

473 2708 773 2763 eorumque
803 2694 1108 2748 doctrinam
1132 2708 1198 2750 ex
1227 2693 1421 2748 statuis
1445 2693 1525 2748 sic
1548 2701 1805 2762 tanquam
1837 2707 1867 2746 e
1896 2691 2050 2746 libel-

473 2785 541 2840 lis
569 2787 796 2840 recitare
823 2785 1143 2840 didicerant.
1196 2785 1484 2840 Enimvero
1511 2784 1709 2839 mirum
1746 2783 1915 2837 videri
1940 2798 2048 2838 non

472 2876 652 2940 debet,
688 2876 733 2930 si
782 2876 946 2945 ligna,
976 2876 1024 2930 si
1071 2876 1278 2945 lapides
1332 2874 1623 2931 simulacra
1666 2875 1892 2929 deorum
1927 2888 2048 2929 esse

472 2966 726 3022 homines
756 2968 1154 3039 imperitissimi
1203 2969 1557 3033 arbitrentur,
1581 2967 1804 3038 perinde
1831 2983 1963 3022 sane
1988 2974 2049 3021 ut

473 3055 533 3122 ii,
564 3058 657 3128 qui
690 3057 855 3113 rudes
909 3059 1193 3130 ignarique
1224 3060 1547 3123 litterarum,
1581 3059 1769 3129 cippos
1825 3058 2047 3128 quidem

474 3165 582 3204 non
618 3150 774 3205 aliter
802 3166 868 3206 ac
893 3151 1119 3220 lapides,
1164 3152 1375 3207 tabulas
1400 3167 1527 3206 vero
1564 3166 1671 3205 non
1696 3165 1853 3205 secus
1886 3161 2049 3220 atque

470 3242 640 3312 ligna,
662 3242 832 3297 libros
859 3242 1092 3311 denique
1125 3242 1280 3312 quasi
1319 3250 1625 3296 contextam
1655 3256 1917 3312 papyrum
1960 3241 2047 3295 in-

472 3344 716 3389 tuentur.
748 3353 768 3387 ι
805 3333 901 3389 His
950 3334 1041 3389 ubi
1099 3335 1276 3389 verbis
1327 3334 1414 3389 ille
1459 3334 1689 3404 prolusrt
1726 3334 1794 3388 ad
1846 3333 2049 3389 fastum

474 3426 1004 3494 ostentationemque
1027 3425 1362 3495 compositis,
1382 3427 1566 3495 accipe
1589 3442 1771 3496 porro,
1789 3428 2051 3497 quemad-

475 3517 697 3572 modum
732 3518 1034 3573 institutam
1065 3519 1364 3573 orationcm
1421 3529 1803 3589 prosequatur.
1854 3539 1872 3573 ι
1927 3519 2047 3575 Jam

473 3624 623 3670 vero,
652 3611 798 3680 quod
846 3627 1071 3675 numen,
1103 3611 1305 3681 inquit,
1339 3611 1476 3667 lucis
1529 3611 1759 3667 formam
1810 3613 2048 3683 aliquam

470 3701 818 3773 speciemque
863 3717 973 3771 pra:
995 3717 1052 3758 se
1085 3700 1257 3768 ferat,
1296 3709 1349 3756 et
1391 3703 1445 3756 in
1497 3704 1676 3760 medio
1730 3704 2048 3761 circumfusi

469 3793 751 3864 purissimi
777 3794 1062 3863 cujusdam
1095 3795 1233 3864 ignis
1260 3796 1392 3851 orbe
1422 3806 1687 3864 versetur,
1717 3813 1813 3853 nec
1837 3799 1907 3855 ab
1936 3798 2047 3854 ullo

470 3901 656 3951 sensu,
689 3886 782 3957 qui
826 3887 971 3941 circa
1010 3888 1292 3942 mortalem
1346 3890 1484 3943 hanc
1512 3889 1677 3943 vitam
1722 3900 2043 3960 occupetur,

470 3979 663 4049 attingi
695 3979 868 4049 possit
898 3998 911 4033 :
947 3980 1145 4036 illustri
1173 3981 1391 4050 quidem
1439 3981 1829 4052 splendidaque
1871 3991 2043 4037 mate—

471 4073 575 4137 ria,
607 4073 912 4142 cujusmodi
950 4074 1264 4145 crystallum
1305 4084 1408 4137 est,
1452 4073 1740 4128 l’ariumve
1783 4088 2042 4139 marmor,

471 4164 743 4229 autebur,
780 4164 831 4218 in
857 4165 1097 4235 aliquam
1134 4166 1217 4219 sui
1264 4164 1486 4218 luminis
1515 4165 1897 4233 cogitationem
1943 4165 2043 4219 ad-

471 4256 627 4311 duxit
659 4278 670 4310 :
703 4255 823 4309 auri
852 4272 979 4311 vero
1015 4263 1258 4325 aspectu,
1292 4255 1485 4324 partim
1533 4255 1691 4325 ignis,
1727 4255 1919 4324 partim
1952 4256 2044 4309 de-

470 4350 616 4405 coris
643 4348 728 4403 sui
766 4348 969 4402 nullam
1018 4347 1241 4400 omnino
1272 4346 1539 4400 maculam
1598 4345 1819 4400 ferentis
1867 4345 2044 4399 notio-

469 4459 593 4498 nem
628 4442 942 4512 impressit;
975 4456 1166 4494 aurum
1199 4439 1343 4493 enim
1395 4437 1646 4494 sordibus
1699 4437 1887 4493 foedari
1933 4453 2040 4492 non

2346 1886 2498 1946 θεῶν
2523 1886 2735 1961 μύθοις
2760 1887 3144 1950 συνέπλεξαν
3171 1886 3549 1953 αἰτιολογίας.

2161 2002 2179 2034 ι
2206 1984 2315 2055 (70)
2341 1983 2665 2054 Φθέγξομαι
2695 1978 2783 2047 οἷς
2806 1982 2966 2049 θέμις
2992 1978 3135 2033 ἐστί·
3164 1977 3344 2044 θύρας
3366 1975 3737 2117 ιῗέϐὲὲπὲξὶθὲᾖρε,

2158 2144 2349 2214 σοφίας
2369 2145 2617 2214 θεολόγον
2649 2147 2893 2218 νοήματα
2906 2143 3137 2205 δεικνὺς,
3154 2134 3234 2204 οἷς
3262 2139 3457 2193 καὶτὸν
3473 2137 3623 2199 Θεὸν,
3642 2134 3742 2188 καὶ

2153 2237 2246 2291 τοῦ
2275 2237 2408 2291 Θεοῦ
2429 2238 2526 2302 τὰς
2550 2239 2803 2302 δυνάμεις
2817 2237 2905 2291 διὰ
2929 2236 3151 2290 εἰκόνων
3176 2231 3467 2303 συμφύλων
3488 2229 3739 2299 αἰσθήσει

2154 2334 2430 2404 ἐμήνυσαν
2478 2332 2666 2404 ἄνδρες
2722 2332 2787 2385 τὰ
2836 2331 3014 2400 ἀφανῆ
3048 2329 3299 2399 φανεροῖς
3340 2321 3738 2378 ἁποτυπώσαν-

2152 2445 2243 2491 τες
2267 2426 2380 2497 (Ἠ)
2410 2427 2709 2496 πλάσμασι,
2728 2427 2843 2487 τοῖς
2864 2423 3113 2493 καθάπερ
3138 2424 3201 2474 ὲκ
3227 2419 3422 2491 βίϐλων
3445 2416 3552 2470 τῶν
3569 2414 3737 2483 ἀγαλ-

2157 2518 2341 2589 μάτων
2394 2516 2674 2585 ἀναλέγειν
2704 2515 2771 2568 τὰ
2800 2514 2928 2585 περὶ
2981 2512 3116 2566 θεῶν
3161 2509 3501 2582 μεμαθηκόσι
3548 2508 3735 2577 γράμ-

2158 2628 2323 2683 ματα.
2361 2610 2685 2681 Θαυμαστὸν
2712 2608 2769 2662 δὲ
2798 2608 2950 2660 οὐδὲν
2977 2605 3108 2673 ξύλα
3133 2606 3225 2658 καὶ
3252 2603 3433 2665 λίθους
3481 2599 3737 2671 ἡγεῖσθαι

2151 2701 2220 2755 τὰ
2244 2699 2406 2767 ξόανα
2434 2701 2560 2763 τοὺς
2590 2698 3018 2770 ἀμαθεστάτους,
3050 2692 3191 2747 καθὰ
3212 2692 3276 2762 δὴ
3308 2691 3399 2744 καὶ
3429 2689 3535 2743 τῶν
3560 2704 3736 2758 γραμ-

2155 2794 2340 2865 μάτων
2366 2796 2413 2847 οἱ
2433 2794 2647 2863 ἀνόητοι
2670 2791 2848 2854 λίθους
2876 2792 2971 2860 μὲν
2995 2787 3163 2859 ὁρῶσι
3195 2786 3293 2847 τὰς
3345 2783 3565 2853 στήλας,
3599 2780 3734 2845 ξύλα

2150 2884 2207 2937 δὲ
2223 2883 2320 2947 τὰς
2335 2884 2569 2947 δέλτους,
2586 2880 2963 2952 ὲξυφασμὲνην
2978 2878 3033 2932 δὲ
3059 2878 3209 2931 πάπυ
3219 2894 3307 2947 ρον
3336 2874 3433 2936 τὰς
3450 2872 3680 2943 βίϐλους.
3704 2887 3727 2922 ι

2151 2975 2388 3028 Τοιαῦτα
2413 2974 2487 3039 ὡς
2521 2976 2578 3027 ἐν
2614 2972 2882 3043 προοιμίῳ
2912 2970 3375 3039 κατακομπήσας,
3431 2963 3593 3017 ἄκουε
3639 2956 3733 3013 οἷα

2151 3068 2354 3141 προῖὼν
2388 3068 2511 3140 ἑξῆς
2536 3069 2735 3140 γράφει
2762 3066 2897 3136 πρὸς
2928 3063 3090 3129 λέξιν.
3126 3081 3144 3112 ι
3164 3057 3484 3120 Φωτοειδοῦς
3500 3055 3554 3109 δὲ
3577 3054 3733 3116 ὄντος

2149 3160 2241 3215 τοῦ
2283 3160 2448 3224 θείου,
2482 3161 2575 3214 καὶ
2606 3160 2661 3212 ὲν
2697 3158 2865 3229 πυρὸς
2909 3155 3147 3226 αἰθερίου
3180 3151 3463 3223 περιχύσει
3514 3147 3733 3213 διάγον-

2150 3270 2259 3317 τος,
2293 3251 2533 3323 ἀφανοῦς
2576 3267 2635 3304 τε
2685 3250 3038 3320 τυγχάνοντος
3088 3245 3335 3316 αἰσθήσει
3380 3241 3505 3312 περὶ
3535 3237 3733 3309 θνητὸν

2148 3346 2239 3400 τὸν
2273 3345 2383 3417 βίον
2407 3345 2638 3416 ὰσχόλῳ·
2668 3344 2753 3397 διὰ
2780 3343 2879 3414 μὲν
2897 3341 2995 3412 τῆς
3015 3337 3267 3407 διαυγοῦς
3288 3336 3439 3406 ὐλης,
3466 3330 3576 3387 οἷον
3603 3347 3736 3402 κρυ-

2152 3438 2396 3503 στάλλου,
2420 3440 2453 3511 ἢ
2478 3437 2683 3510 Παρίου
2712 3432 2879 3503 λίθου,
2906 3436 2938 3505 ἣ
2964 3434 3056 3487 καὶ
3080 3432 3387 3501 ἐλέφαντος,
3412 3430 3489 3490 είς
3514 3425 3613 3495 τὴν
3634 3420 3731 3476 τοῦ

2150 3531 2326 3600 φωτὸς
2358 3530 2535 3585 αὐτῶν
2569 3529 2680 3601 (72)
2711 3528 2915 3582 ἔννοιαν
2942 3525 3121 3595 ἐνῆγε·
3153 3522 3240 3576 διὰ
3269 3521 3325 3575 δὲ
3348 3520 3446 3591 τῆς
3472 3515 3563 3572 τοῦ
3596 3532 3733 3586 χρυ·

2150 3625 2244 3679 σοῦ
2276 3627 2355 3687 είς
2399 3623 2495 3695 τὴν
2543 3623 2637 3676 τοῦ
2686 3621 2857 3693 πυρὸς
2886 3619 3178 3689 διανόησιν,
3228 3616 3322 3669 καὶ
3354 3614 3413 3667 τὺ
3464 3611 3733 3682 ἀμίαντον

2148 3715 2333 3780 αὐτοῦ,
2362 3716 2442 3768 ὅτι
2466 3712 2664 3785 χρυσὸς
2689 3712 2749 3764 οὐ
2784 3710 3073 3782 μιαίνεται.
3102 3704 3292 3759 Πολλοὶ
3320 3704 3377 3756 δὲ
3405 3697 3470 3754 αὖ
3488 3696 3593 3752 καὶ
3628 3695 3731 3767 μέ-

2149 3807 2265 3861 λανι
2291 3806 2422 3876 λίθῳ
2454 3805 2514 3858 τὸ
2535 3803 2738 3874 ἀφανὲς
2769 3800 2932 3856 αὐτοῦ
2963 3799 3061 3870 τῆς
3091 3796 3276 3858 οὐσίας
3304 3793 3597 3862 ἐδήλωσαν·
3634 3786 3729 3840 καὶ

2147 3895 2557 3969 ἀνθρωποειδεῖς
2588 3894 2685 3966 μὲν
2730 3891 3040 3947 ἁπετύπουν
3082 3889 3207 3951 τοὺς
3246 3885 3417 3946 θεοὺς,
3449 3883 3529 3934 ὃτι
3581 3879 3730 3946 λογι-

2148 3990 2242 4045 κὸν
2276 3990 2337 4043 τὸ
2361 3989 2530 4042 Θεῖον·
2561 3987 2760 4049 καλοὺς
2791 3986 2868 4047 δὲ,
2890 3986 2974 4037 ὅτι
3007 3983 3200 4044 κάλλος
3237 3982 3295 4033 ἐν
3326 3977 3551 4038 ἐκείνοις
3585 3974 3726 4042 ἀκή-

2152 4098 2328 4153 ρατοψ
2363 4081 2637 4151 διαφόροις
2667 4079 2724 4133 δὲ
2756 4078 2996 4149 σχήμασι
3036 4076 3129 4128 καὶ
3154 4071 3410 4144 ἡλικίαις,
3436 4067 3727 4137 καθέδραις

2145 4192 2205 4228 τε
2259 4176 2350 4227 καὶ
2380 4174 2621 4235 στάσεσι,
2664 4173 2758 4226 κα)⁸
2795 4170 3114 4241 ἀμφιάσεσι·
3142 4168 3236 4219 καὶ
3280 4165 3406 4227 τούς
3435 4162 3533 4233 μὲν
3564 4161 3728 4233 ἄρρε-

2145 4284 2259 4331 νας,
2299 4265 2397 4329 τὰς
2433 4266 2489 4319 δὲ
2518 4264 2754 4336 θηλείας,
2792 4263 2886 4316 καὶ
2926 4259 3245 4331 παρθένους,
3274 4256 3365 4309 καὶ
3394 4252 3647 4323 ἐφήϐους,
3686 4250 3722 4321 ἦ

2145 4358 2324 4429 γάμου
2368 4359 2560 4428 πεῖραν
2586 4354 2892 4427 εἰληφότας,
2938 4354 3017 4414 εἰς
3046 4349 3382 4421 παράστασιν
3415 4343 3592 4399 αᾱῶν
3621 4342 3724 4412 τῆς

2146 4448 2596 4522 διαφορᾶς.Ὄθεν
2615 4449 2717 4500 πᾶν
2730 4447 2787 4498 τὸ
2807 4445 2995 4497 λευκὸν
3012 4444 3122 4505 τοῖς
3142 4438 3406 4513 οὐρανίοις
3427 4437 3566 4499 θεοῖς
3582 4436 3721 4488 ἀπέ-

470 4542 670 4602 potest.
720 4532 1028 4600 Quinetiam
1064 4533 1311 4602 plerique
1346 4531 1501 4599 nigro
1558 4531 1736 4601 lapide
1786 4539 2039 4585 naturam

2149 4560 2356 4613 νειμαν,
2389 4541 2621 4613 σφαῖρὰν
2651 4556 2709 4613 τε
2744 4539 2837 4592 καὶ
2868 4538 2936 4591 τὰ
2974 4535 3236 4606 σφαιρικὰ
3265 4534 3458 4592 πάντα,
3496 4529 3637 4592 ἰδίως
3661 4545 3722 4581 τε

469 4627 617 4681 illius
648 4642 917 4697 nusquam
953 4626 1053 4680 sub
1084 4624 1271 4679 oculos
1312 4624 1592 4679 cadentem
1628 4625 2040 4679 adumbrarunt.

466 4718 605 4773 Nam
640 4720 783 4791 quod
820 4720 1027 4774 ratione
1060 4718 1341 4787 praeditum
1384 4715 1587 4772 Numen
1630 4717 1720 4781 sit,
1751 4718 2043 4773 humanam

470 4814 527 4867 in
563 4813 788 4883 figuram
815 4814 944 4867 deos
980 4813 1433 4873 conformaruut;
1468 4810 1612 4878 quod
1638 4826 1764 4865 vero
1806 4809 2045 4880 pulchri-

469 4905 713 4959 tudinem
747 4905 943 4958 habeat
971 4904 1117 4956 omni
1148 4902 1257 4957 fato
1283 4902 1639 4972 superiorem,
1662 4900 1848 4953 forma":
1868 4899 2046 4969 digni-

468 5005 580 5050 tate
634 5004 956 5065 praestantes
1008 4994 1371 5054 cﬂinscrunt;
1434 4994 1583 5047 varia
1635 4992 1867 5062 denique
1918 5009 2043 5047 cum

468 5086 669 5155 specie,
699 5096 811 5140 tum
846 5097 1001 5140 aetate
1028 5087 1346 5155 spectabiles
1372 5127 1386 5149 ,
1437 5086 1673 5154 itemque
1702 5086 1915 5139 diverso
1959 5085 2043 5138 vel

466 5178 689 5233 sedendi
736 5178 819 5233 vel
860 5178 1037 5233 standi
1074 5194 1242 5240 more,
1281 5178 1537 5247 cultuque
1570 5176 1838 5241 dissimili,
1884 5178 2043 5231 adeo-

468 5285 575 5339 que
599 5285 777 5324 mares
802 5271 958 5334 alios,
992 5270 1127 5324 alios
1153 5270 1403 5332 feminas,
1436 5269 1691 5340 virgines,
1726 5269 2041 5323 adolescen-

468 5372 573 5427 tes,
602 5361 1065 5430 matritnonioque
1094 5361 1441 5431 conjunctos,
1463 5370 1522 5415 ut
1543 5376 1730 5415 eorum
1758 5360 1901 5414 inter
1922 5375 2041 5415 sese

464 5453 763 5510 discrimen
805 5467 872 5507 ac
908 5453 1267 5508 ditlerentiam
1309 5453 1646 5508 exhiberem.
1703 5450 1888 5521 Itaque
1918 5452 2039 5506 alba

468 5544 651 5599 omnia
675 5544 986 5600 ccelestibus
1029 5546 1134 5600 diis
1176 5546 1559 5616 assignarunt,
1602 5544 1838 5613 itemque
1868 5544 2044 5613 sphae-

540 5680 653 5750 (70)
697 5681 1049 5751 Φθέγξομαι.
1096 5681 1191 5737 Hic
1250 5680 1531 5753 Porrl‘yrii
1584 5681 1737 5736 locus
1785 5696 1891 5734 non
1948 5697 2043 5734 ex-

503 5760 595 5805 tat.

470 5766 498 5807 .
539 5823 649 5886 (Ἴὶ
707 5823 1265 5889 Ἀποτινπὼσαιτες.
1309 5823 1476 5878 Μοιιι.
1515 5833 1565 5878 et
1593 5823 1724 5878 alter
1758 5838 1883 5889 ms.,
1912 5823 2041 5876 ὐπο-

2149 4634 2336 4705 κόσμῳ
2371 4632 2464 4686 καὶ
2491 4612 2628 4702 ήλίῳ
2666 4612 2762 4683 καὶ
2810 4628 3023 4699 σελήνῃ,
3058 4625 3167 4678 ἔσθ’
3194 4625 3323 4677 ὅπου
3366 4622 3423 4674 δὲ
3462 4620 3554 4672 καὶ
3584 4619 3721 4689 τύχῃ

2149 4726 2241 4779 καὶ
2280 4724 2472 4778 ἐλπίδι·
2508 4723 2703 4776 κύκλον
2753 4721 2809 4774 δὲ
2843 4721 2936 4774 καὶ
2964 4718 3028 4772 τὰ
3060 4715 3290 4770 κυκλικά
3333 4713 3488 4766 αἰῶνι
3532 4710 3625 4764 καὶ
3651 4712 3720 4779 τῇ

2148 4820 2267 4873 κατ’
2297 4816 2524 4889 οὐρανὸν
2572 4818 2802 4883 κινήσει,
2848 4814 2964 4875 ταῖς
3012 4828 3074 4862 τε
3108 4811 3166 4861 ἐν
3200 4806 3348 4876 αὐτῷ
3402 4804 3597 4869 ζώναις
3624 4802 3722 4855 καὶ

2145 4915 2257 4976 τοῖς
2282 4911 2518 4973 κύκλοις·
2547 4907 2758 4961 κύκλων
2795 4906 2851 4958 δὲ
2880 4906 3138 4976 τμήματα
3167 4904 3279 4964 τοῖς
3318 4897 3721 4969 σχηματισμοῖς

2146 5005 2243 5074 τῆς
2271 5003 2502 5073 σελήνης
2528 5016 2541 5027 '
2576 4998 2884 5071 πυραμίδας
2914 4997 2969 5048 δὲ
2997 4996 3092 5048 καὶ
3118 4993 3429 5052 ὀϐελίσκους
3451 4992 3514 5059 τῇ
3548 4985 3720 5057 πυρὸς

2146 5095 2323 5165 οὐσίᾳ,
2346 5094 2437 5146 καὶ
2461 5092 2548 5146 διὰ
2568 5091 2723 5145 τοῦτο
2748 5090 2838 5142 καὶ
2861 5090 2972 5148 τοῖς
3010 5084 3322 5155 Ὀλυμπίοις
3346 5080 3503 5143 θεοῖς·
3529 5078 3719 5146 ὥσπερ

2146 5183 2212 5241 αὖ
2242 5187 2410 5240 κῶνον
2454 5185 2553 5255 μὲν
2586 5182 2739 5254 ἡλίῳ,
2784 5184 2853 5251 γῇ
2892 5180 2948 5232 δὲ
2989 5176 3286 5247 κύλινδρον,
3314 5172 3490 5242 σπορᾷ
3534 5169 3589 5221 δὲ
3622 5168 3719 5220 καὶ

2145 5279 2355 5349 γενέσει
2387 5277 2600 5347 φάλητα
2628 5275 2721 5327 καὶ
2736 5272 2795 5325 τὸ
2808 5272 3069 5343 τρίγωνον
3100 5269 3305 5339 σχῆμα,
3332 5265 3418 5318 διὰ
3442 5264 3500 5315 τὸ
3531 5260 3718 5349 μόριον

2143 5346 2243 5438 τῆς
2274 5346 2526 5438 θηλείας,
2549 5384 2567 5416 ι
2607 5363 2788 5416 Ταῦτα
2828 5363 2856 5413 ὁ
2885 5359 3196 5431 θαυμαστὸς
3234 5356 3536 5427 φιλόσοφος·
3566 5346 3641 5405 ὧν
3662 5349 3717 5403 τί

2144 5460 2210 5512 ἂν
2238 5459 2444 5527 γένοιτο
2483 5453 2951 5526 ἀσχημονέστερον
2988 5452 3057 5506 τὰ
3089 5450 3289 5521 αἰσχρὰ
3336 5443 3719 5519 σεμνολογούνα

2144 5568 2286 5615 των;
2327 5551 2379 5603 τί
2406 5551 2460 5603 δὲ
2485 5550 2783 5620 βιαιότερον
2815 5546 2910 5610 τὰς
2944 5544 3183 5616 ἀψύχους
3208 5544 3358 5608 ὔλας,
3403 5540 3599 5617 χρυσὸν
3623 5538 3718 5593 καὶ

2146 5708 2206 5742 τυ
2214 5688 2509 5751 πὼσαντες.

2217 5762 2330 5831 (72)
2374 5749 2596 5813 Αὐτῶν.
2642 5757 2790 5811 Alter
2822 5771 2847 5811 e
2877 5768 3031 5817 mss.,
3072 5749 3255 5814 αὐτοῦ,
3284 5756 3448 5806 recte.
