4024 6408
283 318 362 374 l8!
1399 318 1721 374 PREPAR.
1759 319 2010 375 EVANG.
2055 320 2181 375 LIB.
2224 320 2310 376 lll.

278 434 449 494 λίθους,
468 433 555 484 καὶ
585 447 648 484 τα
670 431 916 496 τοιαῦτα,
941 433 1154 497 εἰκόνας
1180 435 1364 506 φέρειν
1388 435 1480 488 τοῦ
1508 434 1686 504 φωτὸς
1708 434 1817 489 τῶν

1924 453 2036 491 ram
2090 446 2144 493 et
2188 447 2380 494 cuncta
2421 437 2682 508 sphaerica
2740 437 2926 492 mundi
2958 438 3210 508 quidem,
3257 437 3386 493 solis
3415 455 3480 493 ac

277 525 407 588 θεῶν,
437 523 523 575 καὶ
570 523 667 592 τῆς
694 523 945 595 οὐρανίου
977 525 1070 577 καὶ
1113 525 1353 596 αἰθερίου
1383 525 1598 595 φύσεως
1643 526 1811 598 δηλώ-

1924 527 2060 582 luna:
2096 529 2335 598 propria,
2365 529 2457 584 sed
2481 537 2658 583 tamen
2692 529 2756 585 iis
2788 529 3082 598 aliquando
3116 544 3240 584 eum
3263 527 3481 583 fortuna

277 633 395 687 ματα
427 615 677 682 eamut;
712 617 832 670 Ὅτι
879 618 934 670 δὲ
957 618 1063 670 τῶν
1115 618 1247 672 νέων
1277 619 1394 672 ἐστὶ
1435 618 1608 672 ταῦτα
1656 620 1810 690 σοφί-

1924 624 1972 670 et
2003 630 2096 684 spe
2137 617 2446 671 communia
2491 632 2612 672 esse
2649 618 2937 673 voluerunt
2986 636 2999 673 :
3052 619 3314 674 circulum
3351 633 3482 673 vero

275 726 443 780 σματα,
474 708 592 778 μηδ’
616 708 748 780 ὄναρ
773 711 880 764 τῶν
907 712 1150 765 παλαιῶν
1192 713 1268 775 εἰς
1297 711 1596 782 ἐνθύμησιν
1625 712 1810 766 ἐλθόν-

1924 722 2143 777 ιιυαιᾳυο
2169 708 2448 765 circul-aris
2477 721 2632 765 erant
2664 713 2864 782 figuras,
2923 712 3130 782 partim.
3154 711 3439 766 aeternitati
3465 751 3484 778 ,

271 819 341 862 τα,
369 800 537 868 γνοίης
561 800 630 853 ἂν
659 801 863 870 μαθὼν,
895 804 976 856 ὃτι
1004 805 1095 856 καὶ
1117 803 1396 874 ἀπόϐλητα
1426 799 1493 873 ἦν
1528 803 1677 875 παρὰ
1698 806 1810 868 τοῖς

1924 799 2110 868 partim
2137 799 2261 854 caeli
2292 801 2482 867 motui,
2515 801 2868 872 ejusdemque
2919 804 3071 858 zonis
3110 819 3174 859 ac
3219 802 3482 868 circulis;

274 887 520 958 προτέροις
541 889 609 941 τὰ
635 889 722 943 διὰ
765 891 961 962 χρυσοῦ
991 893 1081 945 καὶ
1129 892 1222 962 τῆς
1253 890 1613 962 νομιζομένης
1651 892 1812 945 πολυ-

1924 892 2244 946 circulorum
2277 902 2455 948 autem
2485 893 2750 949 sectiones
2782 895 2948 949 variis
2978 896 3120 949 lunae
3149 895 3368 965 ﬁguris:
3395 907 3489 965 py-

269 979 550 1049 τελεστέρας
601 980 735 1052 ὕλης
792 983 978 1048 ξόανα.
1024 984 1184 1052 Λέγει
1225 985 1268 1038 δτ
1323 981 1415 1038 οὖν
1469 982 1813 1055 Πλούταρχος

1924 983 2155 1038 ramides
2193 994 2248 1038 et
2294 983 2563 1039 obeliscos
2604 984 2746 1054 ignis
2788 995 3025 1051 natura,
3079 986 3378 1055 eademque
3419 986 3487 1040 de

268 1065 348 1124 ὧδέ
379 1089 444 1142 πη
478 1072 620 1126 κατὰ
658 1073 822 1140 λέξινι

1924 1090 2085 1130 causa
2121 1073 2382 1147 Olympiis
2431 1093 2648 1148 quoque
2686 1078 2790 1134 diis
2815 1119 2830 1145 ,
2883 1087 2942 1132 ut
2993 1093 3189 1132 conum
3231 1085 3491 1147 praeterea

269 1167 370 1231 soli,
399 1176 546 1222 terra
595 1169 932 1239 cylindrum,
976 1173 1167 1228 semini
1218 1188 1282 1228 ac
1345 1172 1680 1245 generationi
1726 1171 1960 1242 efﬁgiem
2019 1173 2252 1236 veretri,
2294 1172 2630 1242 figuramque
2669 1175 3053 1244 triangularem
3119 1183 3335 1244 prepter
3401 1185 3494 1226 ve-

269 1261 528 1315 recundum
582 1262 801 1320 femina:
856 1268 1154 1322 membrum
1213 1269 1537 1324 tribuerunt.
1593 1287 1612 1320 »
1666 1266 1792 1322 Haec
1829 1267 2497 1338 egregiussingularisque
2538 1268 2913 1339 philosophus,
2955 1270 3154 1340 quibus
3202 1269 3329 1338 quid
3387 1267 3495 1322 fce-

269 1351 450 1406 diusae
475 1354 691 1422 turpius
719 1355 825 1411 dici
856 1357 1062 1426 possit,
1111 1371 1236 1412 cum
1283 1375 1376 1428 per
1407 1374 1470 1414 ea
1520 1373 1608 1414 res
1640 1358 1805 1412 etiam
1845 1359 2174 1427 turpissima:
2218 1359 2396 1414 verbis
2449 1360 2684 1428 graviter
2731 1375 2796 1416 ac
2839 1361 3128 1430 magnifice
3195 1359 3494 1430 prmdicen-

269 1443 374 1501 tur?
415 1444 540 1514 quid
575 1461 746 1515 porro
789 1458 1043 1503 coactum.
1099 1450 1291 1518 magis,
1333 1465 1498 1520 quam
1554 1449 1822 1503 inanimas
1860 1449 2123 1517 quasdam
2171 1450 2446 1514 materias,
2489 1466 2704 1518 aurum,
2773 1451 3020 1520 lapides,
3088 1461 3391 1519 casteraque
3439 1449 3496 1506 id

271 1552 439 1604 genus,
491 1537 636 1593 lucis
682 1554 746 1594 ac
793 1540 1016 1594 deorum
1069 1540 1364 1613 imagines,
1419 1550 1515 1596 aut
1565 1539 1802 1596 cmlestis
1837 1538 2177 1608 aetheriasque
2207 1549 2413 1595 naturae
2453 1541 2745 1596 simulacra
2794 1557 2904 1610 prae
2961 1555 3020 1596 se
3088 1539 3275 1595 ferre?
3324 1538 3493 1592 Caete-

270 1646 368 1684 rum
399 1630 505 1684 ha-c
541 1630 877 1699 sophismata
909 1648 941 1686 a
967 1636 1187 1702 nuperis
1213 1633 1541 1703 quibusdam
1589 1633 1800 1689 invecta
1839 1649 1981 1696 esse,
2013 1634 2079 1689 de
2103 1633 2303 1702 quibus
2351 1633 2463 1704 99
2496 1649 2561 1688 ne
2597 1651 2691 1704 per
2741 1633 3016 1692 somnium
3079 1633 3296 1702 quidem
3346 1638 3493 1684 vete-

270 1738 341 1777 res
364 1723 672 1791 cogitarint,
705 1723 788 1777 vel
811 1738 876 1778 ex
919 1739 984 1779 eo
1014 1725 1300 1796 intelligas,
1330 1725 1475 1795 quod
1516 1725 1679 1795 prisci
1729 1725 1806 1779 illi
1845 1725 2094 1780 homines
2141 1725 2382 1781 confecta
2430 1743 2494 1782 ex
2529 1743 2664 1781 auro
2712 1737 2806 1782 aut
2835 1727 2940 1781 alia
2976 1725 3210 1796 quadam
3242 1723 3492 1779 materia.

3373 322 3476 378 18?.
3571 273 3624 316 ”

269 1833 367 1887 quae
407 1818 578 1886 pluris
629 1820 885 1874 aestimari
934 1821 1100 1886 solet,
1152 1821 1444 1876 simulacra
1499 1821 1804 1890 rejicerent.
1845 1820 2020 1891 Atque
2050 1820 2103 1876 id
2128 1819 2452 1876 Plutarchus
2499 1822 2578 1878 sic
2602 1823 2668 1876 ad
2702 1821 2924 1877 verbum
2975 1820 3172 1875 alicubi
3238 1829 3492 1875 testatum

268 1910 476 1980 reliquit.

770 2003 1160 2057 ΚΕΦΑΛΑΙΟΝ
1197 2004 1276 2056 H’.

266 2118 381 2185 Περὶ
415 2115 517 2184 τῆς
549 2117 814 2183 παλαιᾶς
863 2118 981 2242 tgn-
1023 2118 1255 2183 ξοάνων·
1294 2119 1674 2188 κατασκευῆς
1724 2117 1826 2173 καὶ

874 2193 893 2242 t’
935 2191 1183 2242 θύσεως.

874 2205 1183 2257 ιορυσεως.

327 2297 344 2329 ι
361 2275 420 2330 Ἡ
436 2276 490 2358 δὲ
508 2278 630 2350 (73)
640 2280 745 2332 τῶν
772 2280 973 2346 ξοάνων
1001 2281 1216 2352 ποίησις
1239 2285 1462 2356 ἀρχαῖον
1491 2281 1662 2337 ἔοικεν
1685 2276 1825 2334 εἶναι

265 2385 309 2422 τι
333 2369 414 2422 καὶ
448 2369 684 2423 παλαιὸν
703 2411 718 2436 ,
760 2370 814 2423 εἴ
851 2389 916 2441 γε
951 2372 1158 2438 ξύλινον
1191 2373 1290 2444 μὲν
1319 2369 1385 2444 ἧν
1411 2373 1474 2426 τὸ
1504 2373 1718 2444 πρῶτον
1745 2373 1826 2435 εἰς

269 2463 409 2532 Δῆλον
439 2461 541 2514 ὑπὸ
577 2463 941 2534 Ἐρισίχθονος
979 2465 1272 2519 Ἀπόλλωνι
1307 2467 1398 2519 ἐπὶ
1429 2465 1536 2518 τῶν
1583 2464 1826 2536 θεωριῶν

270 2552 459 2622 ἄγαλμα
479 2570 491 2582 ·
521 2551 738 2618 ξύλινον
770 2554 826 2608 δὲ
869 2555 931 2608 τὸ
964 2556 1063 2626 τῆς
1096 2557 1352 2621 Πολιάδος
1394 2558 1499 2610 ὑπὸ
1531 2556 1638 2609 τῶν
1669 2556 1827 2609 αὐτο-

270 2644 442 2716 χθόνων
469 2645 718 2715 ἱδρυθὲν,
759 2646 787 2698 δ
815 2647 981 2719 μέχρι
1005 2649 1099 2702 νῦν
1135 2649 1407 2721 Ἀθηναῖοι
1441 2649 1826 2719 διαφυλάττου-

270 2753 354 2790 σιν.
371 2737 539 2808 Ἥρας
560 2739 623 2792 δὲ
649 2741 742 2794 καὶ
770 2741 962 2812 Σάμιοι
994 2741 1203 2808 ξύλινον
1233 2738 1376 2812 εἶχον
1403 2738 1563 2807 εἶδος,
1591 2742 1666 2806 ὣς
1692 2759 1824 2813 φησι

269 2827 592 2899 Καλλίμαχος
616 2847 630 2860 '
672 2830 835 2886 Οὔπω
871 2833 978 2903 (74)
1016 2833 1274 2904 σκὲλμιον
1314 2833 1473 2904 ἔργον
1505 2835 1584 2896 εἰς
1615 2832 1822 2896 ξόανον,

270 2918 364 2971 ἀλλ’
390 2920 476 2973 ἐπὶ
506 2921 717 2992 τεθμὸν
749 2924 812 2993 δὴ
846 2924 1164 2994 νεόγλυφον,
1188 2919 1364 2989 ὦναξ,
1393 2925 1520 2988 θεᾶς
1547 2920 1690 2996 ἦσθα
1726 2940 1824 2977 σα-

269 3011 362 3075 νίς·
389 3005 485 3065 ὧδε
515 3014 634 3085 γὰρ
667 3015 1015 3086 καθιδρύοντο
1037 3016 1193 3080 θεοὺς
1215 3017 1356 3071 τότε.
1390 3016 1501 3069 Καὶ
1529 3017 1638 3088 γὰρ
1665 3014 1824 3088 Ἀθή-

269 3118 350 3170 νης
385 3104 438 3154 ὲν
474 3103 660 3175 Λίνδῳ
699 3107 901 3160 Δαναὸν
933 3106 1072 3161 λεῖον
1115 3108 1310 3180 ἔθηκεν
1341 3108 1478 3173 ἕδος.
1505 3108 1737 3177 Λέγεται
1765 3108 1822 3161 δὲ

270 3194 446 3267 Πείρας
475 3196 595 3266 (75)
629 3201 657 3251 ὁ
699 3199 911 3269 πρῶτος
945 3199 1250 3270 Ἀργολίδος
1276 3201 1453 3272 Ἤρας
1499 3200 1642 3272 ἱερὸν
1672 3198 1822 3254 εἱσά-

271 3303 406 3355 μενος
424 3326 438 3351 ,
466 3287 576 3359 τὴν
607 3289 797 3343 ἑαυτοῦ
826 3290 1098 3364 θυγατέρα
1122 3292 1452 3346 Καλλξθυιαν
1489 3292 1691 3365 ἱέρειαν
1726 3309 1823 3346 κα-

1841 2006 1888 2065 Β

2497 2001 2730 2059 CAPUT
2771 2001 2908 2056 Vlll.

1995 2113 2072 2166 De
2117 2114 2294 2183 prisca
2352 2114 2645 2168 simulacra
2697 2114 3008 2196 conﬁciendi
3059 2115 3424 2184 statuendique

2603 2194 2825 2238 ratione.

2003 2293 2022 2326 ι
2050 2273 2234 2330 Prisca
2270 2289 2398 2330 vero
2419 2289 2482 2329 ac
2502 2284 2809 2344 pervctusta
2836 2273 3100 2329 habeatur
3118 2274 3492 2344 fingendorum

1927 2365 2347 2422 simulacrorum
2378 2366 2741 2422 consuetudo.
2768 2367 2905 2420 lllnd
2928 2378 3075 2422 certe
3091 2366 3332 2436 quidem,
3349 2366 3490 2436 quod

1928 2460 1984 2512 in
2007 2457 2136 2513 Delo
2165 2459 2400 2529 primum
2435 2460 2502 2514 ab
2532 2459 2927 2515 Eresichthone
2961 2460 3495 2515 solemnioribusAt-

1926 2550 2046 2606 ticae
2075 2566 2287 2621 pompae
2339 2551 2533 2607 diebus
2573 2561 2957 2608 consecratum
2989 2552 3224 2622 Apollini
3277 2553 3493 2622 signum

1925 2649 2030 2708 est,
2051 2642 2288 2711 ligneum
2319 2653 2436 2698 erat
2473 2662 2486 2698 :
2523 2644 2759 2714 itemque
2797 2646 3034 2715 ligneum
3083 2644 3231 2700 aliud
3287 2646 3356 2700 ab
3405 2645 3492 2699 in-

1927 2732 2138 2802 digenis
2162 2733 2296 2801 ipsis
2320 2732 2574 2788 Minervae
2611 2732 2823 2789 Urbica:
2853 2735 3112 2804 positum,
3148 2735 3295 2805 quod
3323 2734 3494 2788 Athe-

1929 2825 2147 2880 nienses
2193 2824 2463 2893 hodieque
2523 2834 2762 2880 servant.
2819 2825 2963 2892 Quin
2993 2835 3047 2882 et
3075 2827 3246 2881 Samii
3277 2841 3496 2896 quoque

1927 2916 2158 2988 ligneam
2183 2916 2415 2973 lunonis
2451 2918 2679 2990 efﬁgiem
2712 2919 2972 2986 habuere,
3012 2929 3074 2974 ut
3105 2919 3298 2975 scribit
3329 2919 3496 2974 Calli-

1929 3011 2173 3068 machus.
2325 3052 2338 3066 .
2487 3051 2503 3067 .
2652 3051 2670 3066 .
2818 3049 2835 3066 .
2982 3048 2998 3064 .
3145 3052 3159 3066 .

1927 3102 2082 3159 Piras
2113 3117 2244 3158 vero
2276 3103 2528 3175 princeps
2551 3102 2783 3159 lunonis
2815 3102 3080 3174 Argolicae
3099 3102 3363 3172 templum
3391 3117 3493 3172 po-

1928 3195 2106 3251 suisse
2136 3194 2329 3263 fertur,
2385 3204 2443 3251 et
2493 3194 2838 3266 Callithyiam
2883 3193 3052 3248 tiliam
3083 3193 3204 3263 ejus
3239 3193 3496 3248 sacerdo-

1925 3296 2033 3344 tem
2066 3288 2278 3353 fecisse,
2317 3297 2480 3358 atque
2525 3303 2592 3342 ex
2646 3286 2946 3360 Tirynthiis
2971 3287 3259 3342 arboribus
3288 3296 3494 3341 sectam

269 3356 563 3448 saxiﬁcae,
601 3383 665 3434 ὲκ
698 3381 805 3436 τῶν
842 3356 969 3455 περὶ
996 3356 1231 3456 Ϋίρυνθα
1267 3385 1500 3457 δένδρων
1539 3356 1706 3458 θγχην
1737 3404 1823 3440 τε-

1928 3395 2124 3452 pyrum
2161 3356 2464 3435 silvestrem
2502 3378 2556 3432 in
2587 3356 2887 3448 elegantem
2916 3394 2980 3433 ac
3009 3379 3231 3450 politam
3259 3377 3493 3432 lunonis

273 3469 368 3540 μὼν
404 3472 696 3526 εὐκτέανον
719 3514 734 3538 ,
774 3475 952 3546 ’Ἥρας
998 3475 1219 3548 ἄγαλμα
1250 3477 1555 3549 μορφῶσαι.
1606 3479 1823 3550 Πέτραν

272 3562 353 3628 μὲν
378 3563 479 3632 γὰρ
516 3565 600 3626 εἰς
635 3561 758 3617 θεοῦ
784 3565 1002 3618 κόπτειν
1040 3567 1255 3630 εἰκόνα,
1290 3567 1531 3638 σκληρὰν
1559 3566 1654 3621 καὶ
1696 3565 1822 3619 δύσ-

270 3671 406 3724 εργον
469 3657 571 3710 καὶ
617 3656 854 3727 ἄψυχον,
918 3659 1016 3710 οὐκ
1049 3658 1359 3712 ἐϐούλοντο·
1392 3659 1591 3730 χρυσὸν
1622 3658 1679 3712 δὲ
1729 3659 1824 3712 καὶ

270 3744 481 3816 ἄργυρον
529 3748 758 3818 ἡγοῦντο
814 3749 915 3820 γῆς
960 3750 1210 3822 ἀκάρπου
1264 3750 1358 3803 καὶ
1421 3749 1824 3823 διεφθαρμένης

270 3837 514 3909 χρώματα
563 3841 764 3912 νοσώδη
799 3841 928 3912 (76),
958 3844 1051 3896 κα)⁴
1081 3843 1299 3913 κηλίδας
1326 3842 1564 3908 ἐξανθεῖν
1584 3883 1598 3908 ,
1637 3842 1825 3915 ὥσπερ

273 3930 530 4000 μώλωπας
559 3933 665 3988 ὑπὸ
693 3934 860 4008 πυρὸς
912 3935 1286 4006 ῥαπισθείσης·
1329 3935 1574 4004 ἐλέφαντι
1611 3936 1668 3989 δὲ
1697 3937 1824 3989 παί-

271 4023 433 4088 ζοντες
468 4026 570 4094 μὲν
613 4025 723 4078 ἔσθ’
765 4027 898 4080 ὅπου
946 4027 1328 4098 προσεχρῶντο
1357 4028 1672 4098 ποικίλματι
1700 4029 1825 4100 τρό-

271 4115 360 4185 ςῆς
385 4116 518 4186 (77).
556 4136 574 4168 ι
597 4116 783 4170 Ταῦτα
815 4119 842 4170 ὁ
872 4116 1217 4188 Πλούταρχος
1237 4134 1250 4147 ⁸
1280 4118 1374 4171 καὶ
1397 4116 1583 4170 τούτου
1613 4116 1669 4170 δὲ
1691 4117 1822 4170 πολὺ

272 4209 517 4281 πρότερον
555 4211 583 4263 ὁ
624 4209 847 4264 Πλάτων
893 4210 1043 4263 οὐδὲν
1077 4206 1214 4263 εἶναι
1253 4212 1481 4282 σεμνὸν,
1513 4212 1634 4266 οὐδὲ
1658 4229 1827 4283 προσ-

273 4302 428 4365 εοικὸς
471 4301 593 4372 θείᾳ.
639 4302 798 4371 φύσει
838 4303 896 4354 ὲν
940 4301 1156 4373 χρυσῷ,
1208 4305 1301 4357 καὶ
1335 4303 1527 4368 λίθοις,
1571 4306 1663 4358 καὶ
1709 4305 1828 4358 ὲλέ-

273 4411 448 4460 quam,
489 4397 601 4457 τοῖς
623 4411 683 4446 τε
711 4393 771 4459 ἐξ
812 4394 944 4465 ὕλης
975 4395 1182 4467 ἀψύχου
1225 4399 1740 4468 κατασκευάσμασιν
1765 4394 1824 4452 εὖ

276 4484 403 4552 μάλα
437 4485 612 4551 εἰδὼς,
642 4487 944 4540 ἐπάκουσον
977 4490 1034 4542 ἐν
1058 4491 1171 4553 τοῖς
1198 4491 1415 4559 Νόμοις
1441 4493 1599 4544 ὁποῖα
1620 4492 1826 4546 διατάτ·

272 4584 427 4622 τεταιο
468 4589 488 4621 ι
515 4571 588 4642 Γῆ
647 4574 744 4646 μὲν
781 4568 873 4626 οὖν
918 4573 1065 4626 ἑστία
1108 4591 1167 4627 τε
1208 4577 1472 4646 οἰκήσεως
1495 4616 1509 4640 ,
1543 4577 1662 4646 ἱερὰ
1692 4579 1826 4631 πᾶσι

273 4661 478 4716 πάντων
501 4662 634 4718 θεῶν
657 4681 670 4694 ’
703 4665 892 4737 μηδεὶς
920 4661 1012 4720 οὖν
1041 4666 1305 4738 δευτέρως
1336 4667 1455 4738 ἱερὰ
1493 4669 1827 4740 καθιερούτω

275 4751 416 4818 θεοῖς.
448 4755 660 4826 Χρυσὺς
687 4756 744 4810 δὲ
778 4757 870 4811 καὶ
900 4759 1137 4830 ἄργυρος
1171 4761 1227 4811 ὲν
1250 4758 1434 4824 ἄλλαις
1478 4761 1694 4814 πόλεσιν
1722 4762 1827 4833 ἰδίᾳ

332 4980 441 5052 (75)
490 4982 662 5037 Ἠδέ.
705 4982 884 5057 I_.o_cus
917 4983 1017 5057 hic
1035 4983 1313 5039 Plutarchi
1369 5001 1489 5040 non.
1531 4987 1820 5057 reperitur,

273 5066 362 5106 nec
392 5063 679 5122 sequentes
704 5054 1022 5108 Callimachi
1051 5071 1262 5110 versus.

335 5122 444 5192 (74)
487 5125 679 5178 Οὔπω.
723 5123 880 5179 Prius
911 5126 1012 5180 hoc
1040 5123 1358 5180 Callimachi
1397 5125 1690 5183 distichum
1718 5128 1821 5182 mi-

272 5191 321 5244 hi
351 5191 568 5268 quidem
601 5195 835 5268 ἀνίατον.
867 5193 946 5248 Ex
968 5210 1034 5250 eo
1077 5203 1290 5250 tantum
1325 5205 1616 5268 utcunque
1656 5199 1822 5254 disci-

273 5275 404 5331 mus.
436 5263 620 5318 rudem
644 5265 880 5319 tabulam
911 5273 1005 5320 aut
1029 5280 1290 5331 asserem,
1324 5266 1431 5322 hoc
1463 5263 1820 5323 simulacrum

273 5328 451 5405 fuisse.
481 5332 757 5405 Posterius
809 5335 1103 5390 distichum
1167 5328 1382 5391 facilius
1435 5346 1555 5405 est;
1609 5347 1818 5394 tantum

275 5399 396 5479 loco
424 5404 643 5468 Δαναόν,
694 5407 1070 5479 reponendum
1099 5422 1177 5479 ex_
1200 5408 1394 5479 altero
1427 5399 1555 5474 ms.,
1598 5409 1820 5479 Δαναός.

274 5467 469 5548 l.i_ndus
515 5467 693 5528 autem
745 5467 872 5548 urbs
906 5475 1023 5548 fuit;
1058 5476 1114 5531 in
1147 5476 1339 5531 Rhodo
1383 5467 1583 5533 insula.
1617 5467 1820 5548 sensus

275 5542 429 5608 igitur
450 5552 554 5610 est,
590 5553 728 5608 tum,
754 5545 805 5599 id
838 5553 920 5600 est
956 5546 1107 5612 olim,
1134 5563 1199 5601 eo
1226 5547 1387 5601 modo
1418 5557 1629 5601 erectos
1658 5547 1824 5602 fuisse

295 5612 575 5690 insitosqne
627 5615 959 5690 deos,__hoc
1010 5625 1094 5690 est
1143 5618 1351 5690 ligneos
1399 5636 1412 5672 :
1467 5616 1823 5690 Danaumque

319 5683 442 5748 indi,
465 5685 591 5756 here
637 5683 870 5740 Palladis
903 5683 1283 5750 simulacrum,
1331 5687 1433 5742 hoc
1471 5697 1574 5748 est,
1609 5696 1666 5742 ut
1698 5683 1822 5756 qui-

279 5753 387 5806 dem
418 5755 685 5822 existimo,
717 5756 1016 5827 lazvigatum
1043 5773 1138 5827 pro
1163 5758 1457 5814 simulacro
1491 5757 1692 5829 lignum
1717 5753 1818 5829 p0-

1926 3473 2217 3542 imaginem
2247 3471 2640 3541 conﬁgurasse.
2670 3468 2803 3524 Nam
2840 3470 3074 3541 lapidem
3115 3471 3332 3541 quidem
3367 3471 3493 3540 ipsi,

1929 3565 2132 3635 quippe
2158 3579 2276 3619 rem
2302 3563 2579 3618 duriorem
2613 3561 2903 3631 minusque
2939 3563 3043 3617 arti
3104 3563 3495 3633 obsequentem

1925 3659 2214 3727 animaque
2245 3664 2542 3722 carentem,
2586 3655 2641 3708 in
2667 3654 2908 3709 numinis
2933 3655 3164 3727 efﬁgiem
3203 3655 3496 3725 scalpenda

1925 3750 2272 3806 conformare
2302 3749 2559 3803 nolebant
2593 3766 2605 3802 :
2637 3763 2832 3804 aurum
2877 3755 3063 3802 autem
3095 3757 3260 3819 atque
3300 3762 3497 3820 argen-

1929 3853 2041 3897 tum
2069 3841 2270 3897 sterilis
2299 3857 2363 3896 ac
2389 3841 2564 3896 vitiati
2598 3840 2697 3896 soli
2721 3839 3009 3896 morbosos
3035 3841 3245 3897 colores
3265 3857 3407 3906 esse,
3431 3858 3502 3897 ac

1927 3936 2116 3990 sordes
2161 3935 2424 4005 quasdam
2469 3943 2526 3989 et
2555 3933 2803 3989 maculas
2841 3949 2910 3988 ex
2938 3942 3081 3988 terra
3122 3935 3261 4006 ignis
3299 3937 3506 3990 ardore

1925 4043 2184 4098 percussa
2213 4069 2228 4094 ,
2273 4028 2514 4082 vibicum
2567 4028 2740 4083 instar
2796 4026 3504 4084 exsisterearbitrabantur;

1925 4118 2090 4173 ebore
2139 4133 2268 4172 vero
2316 4117 2587 4172 interdum
2623 4132 2757 4173 sane
2789 4117 3103 4180 utebantur,
3140 4115 3235 4172 sed
3262 4117 3386 4187 joco
3414 4132 3498 4172 εον

1925 4212 2064 4276 lum,
2095 4220 2149 4266 et
2178 4211 2334 4282 quasi
2357 4209 2422 4264 ad
2449 4210 2684 4278 aliquam
2719 4211 3037 4266 deliciarum
3063 4224 3127 4264 ac
3158 4210 3493 4265 lautitiarum

1926 4303 2265 4356 varietatem.
2312 4321 2331 4354 ι
2369 4299 2495 4356 Haec
2524 4300 2873 4366 P!utarchus,
2936 4315 3113 4370 eoque
3161 4300 3321 4372 longe
3357 4301 3498 4355 anti-

1928 4394 2087 4464 quior
2109 4393 2262 4448 Plato
2289 4394 2422 4448 nihil
2453 4410 2552 4449 nec
2573 4394 2627 4448 in
2662 4408 2818 4458 auro,
2849 4408 2948 4448 nec
2984 4394 3040 4448 in
3074 4393 3368 4464 lapidibus,
3395 4409 3497 4448 nee

1928 4483 1983 4538 in
2029 4483 2213 4549 ebore,
2261 4498 2360 4538 nec
2387 4484 2441 4538 in
2475 4484 2585 4538 ullo
2620 4498 2848 4552 prorsus
2875 4476 3075 4553 ‘opere,
3124 4484 3271 4554 quod
3314 4484 3498 4541 exin:

1929 4575 2097 4629 animi
2130 4575 2354 4630 materia
2398 4574 2682 4639 conﬂatur,
2727 4590 2848 4630 esse
2877 4576 3210 4644 pronuntiat,
3239 4575 3383 4646 quod
3413 4575 3497 4630 vel

1862 4700 1904 4756 Β
1929 4667 2092 4736 paulo
2123 4668 2430 4737 augustius,
2458 4667 2541 4722 vel
2570 4677 2778 4722 natura:
2814 4667 3014 4722 divinae
3057 4676 3265 4736 aptum,
3308 4683 3372 4722 ac
3417 4666 3495 4721 si?

1930 4758 2058 4813 mile
2092 4758 2278 4812 haberi
2303 4758 2492 4827 possit.
2525 4758 2608 4812 Tu
2648 4774 2797 4831 ergo,
2849 4758 2942 4829 qui
2979 4758 3278 4824 hominem,
3325 4757 3496 4814 homi-

1926 4981 2122 5037 suisse.
2152 4979 2267 5035 Nisi
2293 4979 2560 5044 dicamus,
2590 4995 2713 5034 cum
2745 4981 2908 5035 rudes
2939 4980 3093 5050 prius
3123 4979 3496 5049 informesque

1927 5052 2139 5121 stipites
2163 5051 2522 5121 erigerentur,
2552 5052 2788 5119 primum
2835 5066 2869 5121 a
2913 5050 3099 5105 Danao
3131 5050 3384 5104 Minervae
3418 5053 3494 5104 si-

1925 5120 2348 5187 mulacrum,ex
2392 5120 2540 5192 ligno
2575 5121 2706 5175 illud
2733 5120 2977 5191 quidem,
3016 5122 3111 5175 sed
3139 5122 3256 5175 laevi
3301 5136 3365 5176 ac
3397 5136 3496 5192 ροσ-
3540 5181 3542 5183 ,

1925 5193 2043 5256 lito,
2076 5192 2433 5247 constitutum
2466 5191 2653 5247 fuisse.

1998 5263 2208 5332 (75-76)
2248 5261 2528 5330 Χρώματα
2570 5260 2828 5330 νοσώδη.
2868 5259 2982 5317 lloe
3029 5262 3192 5316 etiam
3246 5261 3495 5332 asperius

1927 5344 2028 5394 est,
2054 5331 2214 5401 quam
2239 5335 2405 5402 quod.
2432 5332 2668 5386 Bernard
2693 5333 2854 5387 habet
2877 5348 3042 5386 serm.
3074 5332 3107 5385 4
3130 5334 3192 5382 de
3216 5331 3456 5385 Adventu
3473 5345 3493 5384 :

1927 5405 2132 5456 Aurum
2164 5412 2214 5456 et
2249 5413 2543 5472 argentum,
2570 5404 2767 5470 inquit,
2799 5419 2966 5457 nonne
2994 5412 3132 5454 terra
3167 5412 3240 5455 est
3263 5405 3423 5454 rubra
3443 5409 3492 5458 et

1928 5475 2069 5536 alba,
2104 5489 2263 5544 quam
2303 5471 2446 5526 solus
2493 5473 2759 5526 hominum
2811 5488 2959 5526 error
3005 5473 3155 5542 facit,
3187 5483 3276 5525 aut
3325 5473 3492 5542 magis

1931 5555 2160 5611 reputat,
2194 5544 2523 5612 pretiosam?

2001 5613 2114 5682 (77)
2161 5611 2406 5682 Τρυφῆς.
2449 5611 2615 5667 Error
2643 5611 2987 5677 manifestus,
3019 5628 3118 5682 pro
3146 5611 3395 5681 τρυφῆς,
3437 5621 3495 5664 ut

1929 5683 2130 5738 habent
2178 5699 2478 5748 mannscr.,
2507 5683 2632 5739 licet
2661 5682 2825 5739 Mont.
2870 5685 3097 5739 adnotet.
3130 5685 3199 5737 al.
3234 5684 3492 5751 scriptum

1929 5771 2048 5810 CSSt'
2079 5752 2336 5824 μοι-φῆς.
