4024 6408
277 325 354 382 135
1355 327 1676 384 ΡΠᾸΕΡΑΠ.
1717 329 1759 382 Ε

1859 329 1965 388 NG.
2007 331 2134 389 LIB.
2174 333 2258 389 Ill.

3319 322 3420 378 186

273 439 376 499 Ζεὺς
401 429 478 487 οῦν
505 435 529 487 ό
556 433 653 495 πᾶς
681 431 902 504 κόσμος,
939 435 1074 500 ξῶον
1107 438 1172 490 ὲκ
1205 438 1377 508 ξώων,
1421 443 1515 496 καὶ
1548 441 1667 506 θεὸς
1697 445 1761 495 ὲκ

1861 445 2069 516 Jupiter
2111 463 2239 518 ergo
2279 448 2516 504 mundus
2547 446 2837 502 universus
2875 450 2980 507 est,
3019 437 3270 493 animans
3297 436 3422 507 qui-

271 530 406 585 θεῶν·
434 528 550 588 Ζεὺς
587 524 659 586 δὲ,
703 525 838 579 καθὸ
870 525 1012 594 νοῦς,
1046 529 1139 600 ἀφ’
1183 524 1243 583 οὗ
1287 534 1549 604 προφέρει
1581 534 1756 588 πάντα

268 619 341 673 καὶ
365 617 641 687 δημιουργεῖ
683 618 796 678 τοῖς
836 619 1085 687 νοήμασι.
1130 619 1248 672 Τῶν
1283 620 1345 692 δὴ
1388 621 1650 690 θεολόγων
1687 621 1756 674 τὰ

265 711 313 781 δὴ
337 703 542 778 περὶτοῦ
571 704 702 758 θεοῦ
745 705 931 760 τοῦτον
967 708 1389 780 ἐξηγησαμένων
1420 712 1510 765 τὸν
1534 712 1753 784 τρόπον,

264 801 406 855 εἰκόνα
438 798 523 867 μὲν
545 798 796 868 τοιαύτην
818 800 1184 872 δημιουργεῖν,
1227 804 1344 857 οἵαν
1375 806 1403 858 ὁ
1443 803 1599 873 λόγος
1623 805 1758 876 ἐμή-

263 909 396 952 ψδπν,
421 888 522 942 οὗθ’
545 885 650 942 οἶόν
672 908 730 942 τε
760 887 846 962 ἦν,
882 891 993 946 οὔτ’
1026 893 1182 957 εἴτις
1209 895 1488 965 ἐπενόησε,
1511 895 1571 948 τὸ
1596 895 1754 960 ζωτι-

261 985 330 1036 κὸν
372 981 450 1035 καὶ
492 981 668 1052 νοερὸν
701 982 795 1035 καὶ
839 985 1188 1056 προνοητικὸν
1234 985 1324 1041 διὰ
1366 987 1466 1056 τῆς
1522 987 1756 1056 σφαίρας

259 1074 493 1129 ἐδείκνυεν
541 1072 998 1147 ἀνθρωπόμορφον
1033 1077 1088 1130 δὲ
1115 1079 1207 1132 τοῦ
1251 1080 1371 1142 Διὸς
1409 1081 1488 1150 ea:
1514 1081 1756 1153 δείκηλον

257 1166 572 1232 πεποιήκασιν,
605 1165 692 1217 ὅτι
731 1165 853 1230 νοῦς
893 1163 961 1239 ἦν
1004 1168 1124 1222 καθ’
1165 1169 1224 1224 ὃν
1262 1171 1626 1244 ἐδημιούργει,
1662 1173 1756 1226 καὶ

257 1256 391 1322 λόγοις
413 1259 788 1325 σπερματικοῖς
819 1258 1065 1311 ἀπετέλει
1096 1259 1164 1314 ’Ιᾶ
1192 1262 1386 1316 πάντα.
1409 1263 1656 1335 Κάθηται
1676 1264 1752 1329 δὲ,

228 1347 298 1440 is
321 1347 496 1416 ἑδραῖον
522 1347 616 1417 τῆς
642 1346 919 1419 δυνάμεως
937 1352 1301 1423 αἰνιττόμενος
1316 1371 1328 1384 ·
1365 1356 1544 1426 γυμνὰ
1567 1357 1625 1410 δὲ
1645 1356 1755 1428 ἔχει

253 1436 304 1490 τὰ
338 1436 447 1497 ἅνω,
472 1436 546 1489 ὅτι
573 1438 810 1508 φανερὸς
838 1439 897 1492 ἐν
928 1442 1039 1503 τοῖς
1082 1445 1286 1513 νοεροῖς
1320 1445 1411 1499 καὶ
1447 1448 1558 1510 τοῖς
1596 1447 1758 1519 οὐρα-

252 1527 349 1589 νὲοις
370 1525 449 1578 τοῦ
473 1526 674 1596 κόσμου
702 1528 918 1600 μέρεσίν
942 1531 1056 1584 ἐστι
1080 1549 1095 1562 ·
1137 1535 1398 1588 σκέπεται
1424 1535 1480 1589 δὲ
1508 1537 1654 1608 αὐτῷ
1687 1539 1756 1592 τὰ

255 1617 452 1687 πρόσθια,
484 1617 560 1670 ὅτι
589 1619 806 1691 ἀφανὴς
831 1624 942 1686 τοῖς
979 1623 1128 1677 κάτω
1153 1627 1575 1698 κεκρυμμένοις.
1603 1630 1753 1699 Ἔχει

311 1710 362 1776 τῇ
393 1708 479 1776 μὲν
502 1706 628 1779 λαιᾷ
653 1709 714 1762 τὺ
744 1711 1039 1784 σκῆπτρον,
1071 1715 1189 1768 καθ’
1220 1715 1248 1768 ὃ
1276 1717 1506 1787 μάλιστα
1529 1719 1639 1772 τῶν
1661 1720 1754 1774 τοῦ

251 1798 447 1866 σώματος
477 1800 659 1870 μερῶν
691 1803 750 1854 τὸ
780 1805 1250 1874 ἡγεμονικώτατόν
1278 1826 1340 1862 τε
1369 1810 1462 1864 καὶ
1493 1812 1758 1883 νοερώτα-
1787 1799 1832 1856 Β

246 1907 313 1943 τον
350 1893 644 1964 ὑποικουρεῖ
689 1895 990 1967 σπλάγχνον
1028 1900 1061 1970 ἡ
1096 1900 1289 1972 καρδία
1314 1918 1328 1932 ⁸
1378 1902 1627 1974 βασιλεὺς
1653 1905 1758 1979 γὰρ

245 1981 314 2033 τοῦ
341 1983 516 2053 κόσμου
547 1986 576 2037 ό
605 1985 938 2059 δημιουργὸς
957 1990 1114 2055 νοῦς·
1141 1993 1410 2064 προτείνει
1440 1995 1498 2048 δὲ
1526 2000 1591 2068 τῇ
1614 1998 1761 2070 δεξιᾷ

245 2075 267 2145 ἦ
302 2073 448 2141 ἀετὸν,
489 2076 569 2129 ὅτι
606 2082 803 2149 κρατεῖ
829 2079 937 2134 τῶν
981 2082 1296 2156 ἀεροπόρων
1336 2086 1493 2153 θεῶν,
1535 2091 1611 2153 ὡς
1651 2091 1762 2146 τῶν

246 2167 495 2236 μεταρσίων
535 2169 742 2240 ὀρνέων
780 2170 808 2222 ὁ
839 2172 994 2238 ἀετός
1017 2191 1030 2204 ·
1063 2175 1098 2246 ἢ
1140 2175 1318 2248 νίκην,
1347 2179 1432 2232 ὅτι
1477 2181 1760 2252 νενίκηκεν

241 2257 364 2320 «ire;
387 2257 565 2312 πάντα.
611 2279 634 2311 ι
669 2261 852 2316 Ταῦτά
877 2281 958 2317 σοι
988 2267 1017 2318 ό
1048 2267 1372 2340 Πορφύριος,
1399 2263 1472 2325 ὧν
1501 2273 1589 2326 τὸν
1611 2275 1762 2344 εἰρη-

244 2349 367 2417 μένον
415 2350 610 2420 τρόπον
638 2353 1064 2426 ἀποδεδομένων,
1092 2360 1274 2431 ἡρέμα
1316 2364 1409 2416 καὶ
1441 2365 1533 2418 ἐπὶ
1567 2365 1759 2437 σχολῆς

241 2439 551 2512 ὶπιθεωρῆσαι
607 2444 797 2512 καλὸν,
843 2447 964 2501 τίνα
1011 2451 1140 2504 ποτὲ
1176 2452 1283 2527 ἄρα
1328 2455 1421 2512 τὸν
1465 2457 1564 2511 Δία
1596 2460 1760 2527 φασὶν

241 2528 425 2586 εἶναιτὰ
453 2533 580 2623 ἔπη.
632 2535 772 2605 Ἐγὼ
803 2538 902 2609 μὲν
936 2541 1045 2612 γὰρ
1074 2543 1192 2596 οὐδὲ
1224 2525 1352 2601 Eme
1377 2547 1484 2621 (ει)
1519 2525 1760 2623 ἠγοῦμαι

240 2623 353 2692 ἦτον
375 2622 644 2696 ὁρώμενον
675 2627 900 2698 κόσμον,
930 2632 993 2684 ὲκ
1023 2635 1288 2689 παντοίων
1321 2638 1624 2694 owe-aulica
1651 2622 1758 2695 τῶν

241 2712 380 2781 μερῶν
410 2715 508 2767 τῶν
549 2732 616 2769 τε
661 2717 782 2769 κατ’
820 2718 1040 2791 οὐρανὸν
1065 2723 1156 2777 καὶ
1191 2725 1403 2797 αἰθέρα,
1433 2729 1528 2782 καὶ
1560 2729 1666 2784 τῶν
1701 2734 1760 2786 ἐν

239 2802 399 2867 τούτοις
435 2807 776 2880 φαινομένων
800 2811 1034 2884 ἄστρων,
1073 2813 1260 2888 ὥσπερ
1296 2819 1353 2870 ἐν
1388 2820 1620 2890 μεγάλου
1653 2821 1760 2875 σώ-

240 2912 366 2963 ματος
393 2900 592 2974 κεφαλῇ
632 2909 1084 2978 προτεταγμένων
1104 2925 1118 2938 ο
1151 2909 1259 2962 τῶν
1298 2927 1357 2963 τε
1402 2912 1460 2963 ὲν
1494 2913 1634 2985 ἀέρι,
1665 2915 1759 2968 καὶ

237 2989 306 3088 γῇ,
331 2991 410 3042 καὶ
432 2990 702 3088 θαλάσσῃ,
730 3000 825 3052 καὶ
853 3001 965 3064 τοῖς
999 2999 1420 3072 παραπλησίοις.
1445 3003 1600 3075 Μέρη
1627 3004 1760 3074 γοῦν

236 3084 416 3148 κόσμου,
444 3084 535 3136 καὶ
566 3087 668 3158 γῆ,
702 3090 796 3144 καὶ
826 3089 948 3161 ὅρη,
976 3091 1070 3144 καὶ
1099 3091 1308 3161 βουνοί·
1341 3094 1561 3148 εἱλεῖται
1582 3112 1640 3148 τε
1668 3096 1760 3149 αὐ-

234 3170 315 3222 τῶν
336 3173 384 3224 ἐν
417 3176 562 3248 μέσῳ
602 3177 778 3252 ζώνης
801 3183 1058 3255 τρόπονὴ
1103 3183 1345 3238 θάλασσα
1370 3203 1383 3213 ⁸
1427 3186 1521 3240 καὶ
1557 3187 1667 3260 πῦρ
1699 3189 1757 3242 δὲ

232 3265 302 3318 καὶ
322 3265 465 3339 ὕδωρ,
503 3271 610 3338 νύξ
641 3290 701 3327 τε
731 3275 826 3328 καὶ
855 3275 1058 3348 ἡμέρα,
1094 3277 1194 3348 τῆς
1223 3278 1392 3348 αὐτῆς
1420 3276 1529 3333 εἶεν
1562 3281 1628 3334 ἂν
1662 3280 1756 3335 τοῦ

234 3355 394 3427 κόσμου
440 3361 660 3430 φύσεως
699 3367 860 3439 μέρη.
893 3366 1076 3422 Ταῦτα
1104 3368 1148 3421 δ’
1184 3368 1444 3442 ἄντικρυς
1493 3372 1583 3426 τὸν
1615 3371 1757 3445 ὁρώ-

233 3466 354 3515 μενον
375 3453 694 3524 ὑποφαίνειν
715 3457 950 3531 ἠγοῦμαι
978 3461 1201 3532 κόσμον,
1226 3463 1275 3514 εί
1302 3464 1374 3534 μή
1395 3480 1447 3517 τι
1477 3465 1569 3518 καὶ
1595 3466 1762 3534 σφάλ-

231 3541 373 3612 λομαι,
402 3548 492 3601 καὶ
519 3550 586 3603 τὸ
612 3551 735 3606 ἂον
768 3554 831 3606 ὲκ
867 3553 1047 3625 μερῶν
1076 3554 1328 3620 συνεστὸς
1371 3555 1628 3612 διδάσκει.
1658 3559 1761 3612 Λέ-

229 3651 291 3700 γει
313 3637 352 3689 δ’
374 3633 480 3694 οὖν’

1862 540 1983 595 dem
2031 555 2100 596 ex
2152 542 2542 606 animantibus,
2601 555 2666 594 ac
2717 539 2852 593 deus
2906 550 2974 590 ex
3013 532 3117 587 diis
3165 529 3423 598 :Jupiter

1862 647 2012 698 vero,
2040 642 2311 702 quatenus
2339 648 2495 688 mens
2525 641 2629 694 est,
2665 630 2822 699 cujus
2861 627 2927 681 ad
2958 618 3210 679 notiones
3244 621 3298 675 in
3336 620 3423 673 Iu-

1862 736 1978 775 cem
2003 731 2199 790 cuncta
2224 719 2456 791 profert,
2486 728 2789 792 cunctaque
2837 715 3079 771 molitur.
3118 711 3236 767 Jam
3292 722 3421 762 vero

1862 827 1987 868 cum
2012 812 2155 866 hunc
2182 812 2235 865 in
2267 813 2488 870 modum
2515 809 2750 880 theologi
2781 808 2848 863 de
2879 803 3121 860 numinis
3142 800 3305 870 hujus
3323 811 3422 851 na-

1862 910 1985 956 tura
2037 901 2386 971 partiqbusque
2434 902 2797 970 disputarent,
2822 912 2922 952 nec
2952 895 3131 964 imago
3153 886 3422 962 ejusmodi

1863 993 2044 1064 aliqua
2072 992 2199 1064 ﬁngi
2228 1008 2293 1063 ac
2319 992 2652 1062 conﬁgurari
2681 997 2888 1061 posset,
2910 986 3129 1058 qualem
3177 984 3281 1037 ista
3322 993 3423 1034 no-

1861 1085 1945 1142 bis
1978 1086 2220 1140 carmina
2262 1092 2676 1154 repraesentant,
2724 1095 2846 1146 nec,
2888 1079 2932 1135 si
2969 1076 3110 1132 forte
3149 1070 3420 1143 quispiam

1862 1178 1980 1249 ejus
2010 1175 2355 1232 elaborandae
2382 1176 2649 1234 rationem
2679 1173 2998 1235 invenisset,
3034 1168 3205 1236 ﬁgura
3238 1172 3422 1218 tamen

1861 1270 2127 1340 sphaerica
2177 1268 2312 1323 satis
2353 1267 2464 1321 vim
2507 1267 2653 1321 illam
2690 1280 2813 1321 cum
2853 1261 3097 1324 vitalem.
3145 1267 3260 1311 tum
3292 1266 3422 1307 vero

1861 1361 2249 1431 intelligentem
2282 1375 2347 1414 ac
2373 1358 2744 1430 providentem
2770 1354 3076 1425 exprimere
3103 1347 3370 1420 potuisset.
3403 1361 3420 1399 :

1860 1454 2008 1510 Jovis
2042 1453 2396 1509 simulacrum
2427 1451 2720 1506 humanam
2753 1447 2808 1500 in
2842 1442 3078 1516 speciem
3112 1437 3424 1496 conforma-

1860 1553 2007 1610 runt,
2041 1543 2185 1614 quod
2214 1557 2370 1597 mens
2390 1549 2555 1607 esset,
2581 1538 2740 1607 cujus
2761 1536 2815 1590 in
2838 1530 3216 1605 procreatione
3237 1540 3422 1582 rerum

1860 1636 2135 1705 exemplar
2166 1635 2490 1697 intueretur,
2543 1629 2702 1700 cujus
2757 1624 3114 1682 seminalibus
3141 1619 3298 1691 quasi
3329 1631 3424 1673 ra-

1861 1727 2098 1782 tionibus
2125 1733 2322 1781 cuncta
2352 1724 2653 1794 perﬁceret.
2702 1718 2848 1774 Idem
2872 1729 3004 1772 vero
3031 1713 3202 1777 sedet,
3231 1718 3295 1766 ut
3319 1709 3424 1764 im-

1860 1830 2059 1873 motam
2089 1816 2376 1888 potestatis
2404 1829 2517 1870 suae
2547 1810 2911 1868 constantiam
2945 1815 3222 1874 utcunque
3254 1800 3424 1872 signi-

1859 1909 2010 1974 ﬁcet;
2045 1916 2223 1976 partes
2245 1905 2492 1975 corporis
2517 1903 2828 1973 superiores
2861 1899 3038 1954 nudas
3065 1897 3249 1960 habet,
3274 1892 3424 1964 quod

1859 2001 1914 2054 in
1945 1999 2282 2069 spiritalibus
2310 2013 2375 2052 ac
2406 1996 2723 2052 caelestibus
2769 1990 2958 2047 mundi
3007 1989 3254 2060 partibus
3301 1999 3426 2040 sese

1858 2090 2125 2145 illustrius
2173 2087 2530 2158 spectandum
2578 2085 2864 2149 exhibeat;
2900 2081 3188 2136 inferiores
3231 2083 3424 2132 contra

1859 2189 2050 2245 tectas,
2076 2180 2221 2252 quod
2252 2180 2306 2233 in
2339 2178 2542 2233 inﬁmis
2575 2178 2740 2231 rebus
2773 2174 3099 2244 penitusque
3129 2166 3425 2224 reconditis

1859 2272 2214 2330 absconditus
2242 2271 2358 2341 ipse
2386 2270 2689 2325 delitescat.
2739 2266 2818 2320 Ac
2866 2265 3000 2320 laeva
3034 2262 3252 2333 quidem
3305 2272 3428 2314 sce-

1858 2378 2037 2437 ptrum
2070 2372 2232 2432 tenet,
2287 2362 2435 2434 quod
2483 2377 2551 2418 ex
2590 2360 2846 2416 omnibus
2896 2355 3143 2427 corporis
3197 2349 3423 2408 humani

1858 2457 2104 2527 partibus
2135 2470 2200 2512 eo
2229 2455 2527 2526 praesertim
2557 2454 2795 2508 inlatere
2820 2467 2915 2507 cor
2944 2447 3077 2504 illud
3100 2453 3425 2503 cancrorum

1859 2548 2017 2604 facile
2077 2548 2370 2618 princeps,
2442 2549 2661 2618 vimque
2723 2541 3061 2614 intelligendi
3125 2537 3426 2594 maximam

1829 2639 2200 2714 ‘complexum
2227 2639 2565 2704 intestinum,
2597 2648 2859 2707 tanquam
2893 2635 2950 2689 in
2992 2631 3216 2704 proprio
3246 2627 3426 2685 domi-

1858 2731 1986 2786 cilio
2022 2730 2377 2801 conquiescat
2407 2748 2421 2784 :
2453 2730 2652 2800 quippe
2684 2743 2838 2783 mens
2867 2726 3014 2781 enim
3051 2724 3142 2778 illa
3177 2733 3430 2792 procrea-

1859 2821 1966 2877 trix
2001 2821 2106 2878 huc
2137 2822 2191 2876 in
2223 2821 2355 2877 orbe
2383 2829 2575 2891 regnat
2603 2837 2619 2887 ;
2654 2820 2844 2874 dextra
2889 2831 3019 2871 vero
3059 2821 3155 2868 aut
3185 2811 3426 2881 aquilam

1858 2914 2149 2983 protendit,
2196 2913 2344 2983 quod
2376 2913 2520 2967 aeris
2565 2912 2682 2982 ipse
2731 2910 2856 2975 diis,
2907 2907 3130 2978 perinde
3157 2913 3217 2959 ut
3245 2901 3427 2973 aquila

1859 3003 2092 3060 sublime
2117 3004 2430 3059 volantibus
2458 3003 2673 3066 avibus,
2702 3001 3051 3064 dominetur;
3109 3005 3204 3051 aut
3254 2995 3430 3049 victo—

1859 3096 2020 3163 riam,
2051 3097 2197 3167 quod
2244 3097 2385 3151 idem
2427 3095 2611 3149 omnia
2653 3091 2944 3162 superarit.
3001 3107 3021 3141 ι
3088 3087 3247 3159 102
3303 3084 3428 3139 Haec

1865 3186 1960 3240 tibi
1984 3185 2356 3258 Porphyrius;
2389 3186 2590 3256 quibus
2622 3185 2768 3239 hunc
2794 3183 2850 3237 in
2884 3181 3106 3236 modum
3139 3176 3426 3247 expositis,

1861 3294 2041 3349 operte
2076 3281 2311 3351 pretium
2345 3279 2511 3335 fuerit
2533 3286 2737 3334 attente
2763 3277 3050 3346 otioseque
3095 3269 3428 3340 contempla-

1858 3373 1926 3440 ri,
1963 3389 2126 3442 quem
2149 3373 2254 3428 ista
2283 3373 2442 3428 nobis
2474 3372 2716 3427 carmina
2760 3369 3089 3440 qualemque
3122 3365 3310 3420 Jovem
3339 3363 3427 3419 lo-

1859 3474 2118 3534 quantur.
2149 3463 2414 3535 Equidem
2441 3478 2550 3518 non
2581 3463 2746 3517 alium
2771 3461 3028 3524 arbitror,
3065 3473 3232 3528 quam
3271 3469 3430 3525 aspe-

1860 3558 2110 3614 ctabilem
2145 3558 2354 3614 huncce
2400 3556 2687 3621 mundum,
2738 3568 2806 3608 ex
2852 3550 3140 3621 multiplici
3189 3548 3428 3620 partium

1858 3651 2120 3705 varietate
2161 3650 2480 3715 conﬂatum,
2531 3662 2765 3717 quarum
2813 3646 2933 3700 alia:
2981 3644 3233 3700 caelestes
3266 3650 3430 3709 atque

229 3727 420 3784 atherizc
461 3747 587 3788 cum
647 3735 919 3792 sideribus
962 3737 1015 3792 in
1061 3744 1291 3807 utraque
1343 3739 1564 3809 regione
1601 3741 2026 3807 collucentibus,
2099 3757 2164 3798 ac
2215 3741 2458 3811 principe
2511 3740 2656 3807 loco,
2713 3739 2794 3795 sic
2839 3750 3097 3808 tanquam
3143 3736 3196 3790 in
3245 3729 3431 3805 magni

227 3827 429 3892 corporis
455 3831 641 3900 capite
676 3833 991 3900 collocatis;
1022 3834 1142 3888 alia;
1192 3850 1324 3890 vero
1382 3837 1563 3902 aeriae,
1603 3845 1909 3906 terrestres,
1950 3838 2195 3902 marinze,
2240 3853 2305 3891 ac
2357 3843 2563 3892 caetera:
2605 3836 2659 3890 id
2703 3850 2892 3907 genus.
2934 3831 3224 3888 Enimvero
3263 3838 3431 3898 terra,

228 3925 419 4018 tnoutes,
447 3920 644 3983 colles,
677 3933 858 3991 partes
893 3925 1080 3995 utique
1108 3926 1293 3981 mundi
1335 3935 1482 3991 sunt,
1520 3943 1750 3998 quarum
1793 3928 1848 3982 in
1889 3929 2091 3996 medio,
2138 3930 2342 4000 cinguli
2381 3931 2664 4000 cujusdam
2697 3929 2889 3991 instar,
2938 3942 3090 3983 mare
3140 3924 3376 3980 volvitur
3409 3941 3428 3981 :

226 4020 333 4075 Ignis
361 4021 568 4078 autem,
625 4031 788 4086 aqua,
819 4034 927 4074 nox
962 4023 1164 4091 pariter
1205 4032 1368 4094 atque
1401 4021 1518 4077 dies
1570 4023 1622 4076 in
1667 4023 1910 4092 ejusdem
1942 4039 2161 4094 quoque
2203 4025 2391 4079 mundi
2426 4035 2633 4080 natura:
2665 4022 2911 4092 partibus
2967 4020 3180 4076 censeri
3218 4035 3284 4075 ac
3321 4034 3432 4074 nu-

225 4107 386 4206 merari
413 4108 636 4164 debent.
669 4109 762 4206 liis
797 4127 925 4183 ergo
965 4116 1143 4184 palam
1170 4114 1552 4186 aspectabilem
1595 4116 1741 4171 hunc
1779 4116 1967 4171 orbem
2019 4117 2421 4187 repraesentari,
2469 4119 2692 4187 suisque
2740 4125 2927 4186 aptum
2965 4131 3032 4170 ex
3076 4114 3326 4185 partibus
3376 4119 3433 4171 et

223 4201 545 4254 constitutum
599 4201 915 4258 universum
968 4206 1236 4275 exhiberi,
1282 4207 1386 4262 nisi
1439 4214 1620 4262 tamen
1652 4221 1796 4273 erro,
1837 4207 1998 4264 facile
2029 4209 2162 4263 mihi
2198 4209 2587 4273 persuaserim.
2641 4206 2784 4277 Sane
2842 4208 2988 4263 enim
3051 4209 3300 4279 Orpheus
3352 4209 3428 4264 ita

224 4291 417 4345 canebat
443 4312 458 4346 :

219 4380 388 4437 Πάντα
427 4386 542 4454 γὰρ
577 4387 650 4440 ἐν
682 4386 922 4456 μεγάλῳ
965 4390 1160 4458 Ζηνὸς
1195 4391 1336 4445 τάδε
1383 4388 1609 4460 σῶματι
1643 4392 1760 4447 κεῖ-

1869 4389 2161 4458 Omniaque
2190 4388 2301 4442 hac
2334 4403 2471 4441 unus
2503 4388 2669 4458 regali
2692 4387 2748 4442 in
2779 4404 2995 4458 corpore
3022 4388 3225 4442 claudit
3252 4402 3270 4448 ;

1571 4481 1662 4517 ται

220 4541 291 4593 καὶ
322 4543 433 4596 τίνα
468 4544 539 4598 τὰ
577 4547 774 4611 πάντα,
814 4548 1086 4618 διασαφεῖ·
1546 4462 1567 4535 [

218 4633 335 4702 Πῦρ,
369 4637 465 4690 καὶ
501 4636 683 4706 ὓδωρ,
714 4642 810 4694 καὶ
850 4641 1004 4712 γαῖα,
1031 4642 1127 4697 καί
1170 4642 1364 4712 αἰθὴρ,
1398 4644 1515 4708 νύξ
1545 4660 1628 4706 τε,
1656 4643 1754 4697 καὶ

220 4773 309 4829 Τοῦ
345 4775 417 4844 δή
463 4797 559 4834 τοι
594 4780 867 4850 κεφαλὴν
891 4781 1008 4850 μὲν
1048 4781 1213 4849 ἰδεῖν,
1251 4784 1348 4838 καὶ
1382 4716 1758 4926 καὲέιῗδέἕόσ-

1517 4872 1681 4919 ωπα,

1517 4872 1681 4919 una,

217 4940 452 5025 ﬁt'pardc
479 4941 770 5025 αἰγλιήεις,
804 4943 874 4997 ὃν
903 4948 1153 5025 χρύσεαι
1175 4947 1358 5025 ᾀμφζς
1381 4950 1598 5025 ἐρειραι

233 5012 457 5077 Amm
483 5015 840 5082 μαρμαρέων
868 5012 1646 5086 περικαλλέέξὴὲρέθοίται,

217 5126 288 5177 καὶ
316 5126 380 5180 τὰ
410 5127 627 5192 τούτοις
664 5127 960 5182 ἀκόλουθα·
995 5130 1054 5182 ὲν
1093 5124 1174 5194 οἷς
1218 5130 1466 5202 ἐπιφέρει
1497 5129 1589 5182 τὸν
1633 5127 1756 5181 νοῦν

215 5217 286 5268 τοῦ
307 5220 423 5284 Διὸς
451 5220 631 5289 λέγων
657 5216 796 5274 εἶναι
818 5221 906 5275 τὸν
930 5221 1142 5294 αἰθέρα,
1169 5223 1263 5296 καὶ
1288 5222 1441 5276 οὐδὲν
1469 5221 1594 5276 ἄλλο
1618 5219 1758 5276 κατὰ

215 5308 314 5371 τοὺς
353 5309 652 5378 Στωϊκοὺς,
692 5310 793 5383 τὴν
834 5311 1051 5383 πυρώδη
1099 5312 1192 5365 καὶ
1227 5297 1437 5383 θερμὴν
1473 5309 1657 5364 οὐσίαν
1697 5307 1758 5361 τὸ

217 5397 519 5468 ἡγεμονικὸν
562 5401 865 5471 φάσκοντας
911 5399 1047 5456 εἶναι
1091 5401 1184 5456 τοῦ
1231 5402 1435 5474 κόσμου
1461 5418 1474 5432 ·
1524 5399 1619 5456 καὶ
1665 5398 1754 5452 τὸν

218 5486 320 5541 Θεὸν
346 5487 484 5546 εἶναι
509 5491 686 5564 σῶμα,
717 5494 810 5547 καὶ
836 5495 926 5547 τὸν
945 5493 1268 5566 δημιουργὸν
1292 5492 1451 5547 αὑτὸν
1478 5491 1754 5561 οὐδέτερον

219 5668 575 5725 convenientia
638 5671 979 5731 exsisterent.

261 5672 575 5744 gnvenientia
638 5672 979 5744 exsisterent.
1048 5673 1220 5742 Quam
1273 5673 1558 5731 lectionem
1621 5672 1754 5728 alter

219 5743 350 5794 etiam
381 5755 412 5795 e
444 5756 582 5796 mss.
608 5743 844 5818 exhibet.

1863 4547 2170 4618 cujusmodi
2200 4561 2330 4600 vero
2366 4545 2470 4600 ista
2502 4544 2612 4600 sint
2639 4545 2846 4611 omnia,
2878 4545 2958 4600 sic
2977 4545 3250 4615 explicat:

1865 4640 2067 4711 Ignem,
2093 4637 2313 4704 undam,
2345 4647 2532 4704 terras,
2557 4637 2802 4702 (ct/iram,
2836 4647 3138 4707 noctemque
3169 4637 3430 4707 diemque.

1867 4777 2034 4845 Atque
2059 4772 2216 4841 hujus
2247 4780 2402 4845 caput
2429 4771 2705 4845 eximium,
2733 4769 3252 4845 vultasquedecoros

1866 4841 2146 4899 Irradians
2177 4843 2361 4896 malum
2390 4843 2590 4904 videas,
2619 4841 2706 4894 cui
2734 4841 2964 4910 pendula
2987 4842 3187 4892 circum

1862 4938 2139 5006 Aureaque
2179 4947 2447 4989 astrorum
2473 4933 2638 4988 multo
2667 4949 2722 4988 se
2753 4931 2954 4986 lumine
2979 4932 3157 5002 fundit

1863 5007 2144 5080 (Salsaries,

1857 5129 1912 5176 et
1978 5134 2099 5189 qua:
2168 5124 2474 5187 sequuntur
2530 5133 2542 5169 :
2610 5115 2858 5182 interque
2924 5123 3116 5167 caetera
3175 5111 3426 5181 subjicit,

1861 5211 2062 5266 aethera
2090 5208 2240 5264 Jovis
2256 5218 2490 5264 mentem
2513 5222 2654 5274 esse,
2673 5205 2917 5274 nihilque
2939 5204 3108 5271 aliud,
3132 5220 3242 5273 quo
3267 5203 3428 5258 modo

1861 5302 2026 5358 Stoici
2045 5301 2514 5372 philosophantur,
2534 5299 2660 5354 dum
2678 5297 2910 5352 calidam
2929 5295 3148 5365 quidem
3176 5295 3424 5364 igneam-

1858 5409 1966 5463 que
2030 5402 2282 5447 naturam
2345 5399 2551 5462 partem
2607 5389 2771 5458 hujus
2835 5387 3020 5442 mundi
3077 5387 3427 5457 principem.

1861 5485 2030 5540 Deum
2066 5499 2193 5540 vero
2239 5499 2460 5554 corpus,
2506 5484 2794 5552 ipsumque
2839 5479 2975 5534 adeo
3028 5493 3302 5534 summum
3345 5491 3430 5530 ar-

1935 5663 2047 5733 (81)
2091 5661 2448 5733 owed/L10.
2492 5658 3072 5733 Unuseirmanuscr”
3102 5654 3222 5709 οὐδὲ
3247 5652 3424 5710 ἄλλον.

1863 5727 2037 5794 Forte
2051 5733 2200 5794 οὐδὲν
2232 5732 2379 5799 ἄλλο,
2410 5739 2466 5783 ιιι
2500 5744 2622 5800 pag.
2659 5727 2779 5783 105.
