3890 6384
523 310 625 368 £87

1168 310 1437 367 EUSEBll
1476 311 1952 367 CAESARIENSIS
1990 312 2139 368 OPP.
2184 312 2363 367 PARS
2401 313 2467 368 Il.
2508 341 2579 351 —
2614 308 3109 365 APOLOGETICA.
3603 312 3679 368 {88

519 441 810 488 cmtectum
853 422 986 482 nihil
1034 427 1138 483 nisi
1171 430 1280 482 vim
1336 446 1401 484 ac
1441 439 1759 499 potestatem
1794 431 1935 501 ignis
1966 446 2087 486 esse

2204 431 2284 502 τῆς
2309 428 2403 483 τοῦ
2446 429 2615 500 πυρὸς
2660 429 2961 498 δυνάμεως.
3002 424 3157 481 Κατὰ
3186 422 3250 477 τὰ
3282 425 3408 478 αὐτὰ
3435 426 3532 497 γὰρ
3564 423 3684 499 οἶμαι

521 524 793 579 dictitant.
842 520 975 576 Nam
1031 523 1301 591 ejusmodi
1349 531 1494 577 certe
1550 538 1805 577 versuum
1852 524 2091 578 istorum

523 614 847 672 sententiam
876 629 996 669 esse
1021 614 1257 668 arbitror
1299 629 1312 665 :

525 769 540 782 .
619 768 634 782 .
713 767 727 782 .
781 726 928 781 Mens
952 741 1131 789 verax,
1168 724 1401 792 nullique
1433 725 1689 778 obnoxius
1723 725 1885 778 wther

522 798 715 868 Regius
749 799 987 862 interitu,
1016 798 1101 866 qui
1134 807 1322 848 cuncta
1350 807 1611 864 movetque
1638 797 1867 864 regitque

521 867 778 923 Consilio.

520 958 731 1047 Quibus
759 980 973 1048 quidem
1002 975 1271 1048 Orpheus,
1302 978 1391 1032 ubi
1426 976 1689 1032 mundum
1714 978 1905 1049 ingens
1922 980 2089 1049 quod-

517 1072 645 1127 dam
676 1070 881 1125 animal
910 1071 1026 1125 sine
1058 1071 1181 1125 ullis
1207 1071 1497 1124 verborum
1527 1071 1822 1125 involucris
1850 1086 1969 1126 esse
1992 1088 2088 1141 po—

520 1164 652 1228 suit,
686 1163 931 1232 illudque
959 1161 1150 1217 Jovem
1197 1163 1505 1232 appellavit,
1563 1172 1676 1216 tum
1730 1174 1967 1217 mentem
2012 1164 2089 1233 ip-

518 1257 635 1312 sius
668 1272 869 1320 aerem,
902 1274 1100 1327 corpus
1122 1258 1360 1328 reliquas
1392 1258 1580 1312 mundi
1615 1266 1799 1327 partes
1820 1274 1941 1313 esse
1967 1275 2089 1327 pro-

517 1349 751 1403 nuntiat.
788 1350 866 1405 Ac
907 1350 1031 1405 talis
1059 1350 1278 1420 quidem
1321 1350 1481 1404 nobis
1510 1350 1847 1404 carminibus
1879 1350 2089 1419 Jupiter

518 1439 853 1495 describitur
890 1459 904 1495 :
939 1441 1243 1497 carminum
1279 1452 1459 1497 autem
1494 1443 1760 1513 interpres
1818 1444 1938 1512 ipso
1987 1452 2091 1497 sta-

517 1528 615 1583 tim
666 1529 820 1585 initio
872 1532 1199 1586 sententiam
1250 1547 1439 1586 eorum
1497 1542 1718 1589 secutus
1762 1533 1835 1587 ita
1870 1535 2087 1588 subdit:

516 1618 726 1689 Jupiter
754 1636 884 1693 ergo
927 1621 1167 1677 mundus
1214 1623 1506 1678 universus
1560 1632 1661 1687 est,
1720 1625 1972 1679 animans
2021 1641 2088 1679 ex

519 1711 911 1780 animantibus,
943 1728 1009 1769 ac
1033 1712 1170 1768 deus
1191 1729 1258 1767 ex
1290 1715 1414 1769 diis.
1469 1715 1624 1785 103
1675 1716 1871 1785 Sicque
1912 1719 2089 1771 mani~

2187 525 2281 576 καὶ
2313 526 2370 576 ὲν
2399 526 2511 586 τοῖς
2541 523 2726 576 ἔπεσιν
2757 520 3039 591 εἰρῆσθαι·

2186 712 2343 780 Νοῦς
2371 712 2421 764 δ’
2452 708 3379 780 ἀψευδὴς,βασιλήῖοςηᾶςρθιτος
3403 709 3575 780 αἰθὴρ,

2186 776 2264 852 τῼ
2286 782 2359 850 δὴ
2390 776 2589 835 adsita
2614 776 2831 835 κυκλοῖ
2856 780 2955 833 καί
2981 776 3268 848 φράζεται.

2187 984 2263 1036 Δι’
2298 977 2370 1037 ὧν
2402 981 2851 1045 ἀνεπικαλύπτως
2886 980 3022 1046 ζῶον
3055 980 3195 1051 μέγα
3217 979 3306 1032 τὸν
3332 979 3516 1050 κόσμον
3538 981 3696 1040 ὑποθέ.

2192 1092 2369 1145 μενος,
2404 1076 2498 1127 καὶ
2547 1074 2735 1127 τοῦτον
2768 1073 2866 1126 Δία
2911 1071 3241 1143 προσειπὼν,
3276 1071 3408 1123 νοῦν
3440 1072 3525 1141 μὲν
3563 1074 3693 1127 αὑτοῦ

2186 1170 2276 1222 τὸν
2307 1168 2515 1240 αἰθέρα,
2548 1168 2706 1239 σῶμα
2731 1168 2787 1221 δὲ
2812 1168 2877 1221 τά
2908 1166 3067 1220 λοιπὰ
3090 1164 3184 1219 τοῦ
3207 1166 3404 1236 κόσμου
3439 1167 3560 1238 μέρη
3589 1168 3696 1220 ἀπε-

2190 1260 2396 1330 φήνατο
2430 1254 2587 1312 εἶναι.
2624 1257 2876 1322 Τοιοῦτος
2903 1258 3001 1329 μέν
3033 1275 3115 1321 τις
3148 1258 3175 1309 6
3203 1256 3287 1309 διὰ
3324 1256 3426 1309 τῶν
3447 1257 3575 1310 ἐπῶν
3592 1258 3699 1310 ὐπο-

2189 1352 2531 1423 γραφόμενος
2552 1352 2805 1422 τυγχάνει
2829 1349 2963 1413 Ζεύς
2984 1366 2997 1380 ο
3031 1350 3058 1402 6
3078 1348 3135 1401 δὲ
3162 1347 3267 1401 τῶν
3289 1348 3427 1401 ἐπῶν
3456 1348 3696 1419 ἐξηγητὴς,

2189 1445 2488 1515 ἀρξάμενος
2532 1443 2649 1514 μὲν,
2671 1446 2785 1506 τοῖς
2835 1442 3018 1495 ἔπεσιν
3068 1441 3368 1503 ἀκολούθως
3399 1441 3549 1509 λέγει·
3594 1441 3698 1503 Ζεὺς

2190 1533 2280 1589 οὖν
2329 1540 2355 1589 6
2402 1538 2508 1599 πᾶς
2553 1536 2775 1605 κόσμος,
2812 1533 2947 1597 ζῶον
2996 1535 3059 1586 ἐκ
3102 1530 3276 1596 ζώων,
3317 1532 3429 1595 θεδς
3470 1533 3527 1583 ἐκ
3566 1532 3701 1584 θεῶν·

2192 1627 2376 1696 σαφῶς
2401 1627 2489 1680 τὸν
2519 1626 2768 1693 θεολογού
2778 1644 2935 1697 μενον
2964 1627 3059 1679 Δία
3094 1626 3238 1690 θεὸν,
3280 1627 3419 1679 οὐδὲν
3452 1626 3611 1696 ἄλλοῆ
3637 1627 3705 1678 τὸν

2191 1720 2466 1794 ὁρώμενον
2510 1721 2601 1773 καὶ
2650 1720 2905 1791 αἰσθητὸν
2954 1721 3153 1791 κόσμον
3186 1719 3481 1790 δηλοῦσθαι,
3532 1720 3604 1771 διὰ
3637 1720 3705 1771 καὶ

517 1800 656 1857 feste
688 1801 875 1860 Jovem
916 1806 1091 1869 illum,
1150 1822 1313 1875 quem
1364 1807 1600 1877 theologi
1631 1808 1949 1877 loquuntur,
1983 1811 2096 1878 ipse

2204 1812 2343 1865 ἐπῶν
2367 1811 2726 1884 ἑρμηνεύσας.

517 1912 737 1966 quoque
780 1913 889 1952 non
947 1900 1114 1953 alium
1167 1910 1361 1970 praeter
1401 1903 1664 1956 mundum
1717 1903 1882 1957 istum
1916 1904 2090 1959 oculis
2130 1922 2193 1962 ac
2228 1907 2479 1961 sensibus
2523 1906 2739 1961 obvium
2788 1905 3124 1961 carminibus
3164 1903 3275 1958 illis
3332 1918 3617 1972 expressum
3660 1915 3706 1954 ac

518 1989 893 2061 signiﬁcatum
931 2007 1052 2047 esse
1089 1993 1349 2047 declarat.

590 2083 668 2138 Ea
701 2098 863 2153 porro
892 2084 1276 2155 Aigyptiorum
1322 2086 1571 2141 doctrina
1619 2086 1741 2154 fuit,
1782 2103 1847 2142 ex
1886 2089 2091 2157 quibus

518 2184 581 2230 ut
603 2192 760 2232 suam
784 2175 1033 2247 Orpheus
1061 2179 1389 2249 theologiam
1425 2180 1703 2247 hauserat,
1730 2182 1802 2235 ita
1829 2183 2091 2235 mundum

518 2264 709 2333 utique
743 2263 913 2319 Deum
964 2280 1086 2321 esse
1112 2267 1303 2334 voluit,
1321 2283 1387 2322 ex
1416 2268 1666 2336 pluribus
1698 2269 1804 2324 diis
1833 2281 2089 2340 tanquam

520 2359 606 2414 sui
636 2360 884 2429 partibus
916 2362 1063 2433 (nam
1102 2362 1249 2432 ipsas
1271 2379 1490 2434 quoque
1524 2366 1711 2419 mundi
1741 2377 1923 2435 partes
1969 2367 2095 2421 deo-

518 2466 643 2509 rum
670 2453 725 2507 in
755 2470 985 2510 numero
1008 2456 1077 2510 ab
1100 2458 1168 2511 iis
1196 2458 1467 2527 repositas
1496 2458 1669 2514 fuisse
1700 2468 1856 2513 antea
1876 2461 2095 2515 demon-

521 2542 841 2613 stravimus)
872 2546 1260 2613 constitutum;
1316 2547 1460 2615 quod
1493 2564 1665 2601 unum
1695 2547 1960 2617 profecto,
2013 2550 2097 2602 ni-

522 2633 710 2705 hilque
770 2646 1030 2706 prmterea
1097 2639 1304 2693 laudati
1359 2654 1389 2694 a
1439 2640 1601 2695 nobis
1654 2640 1855 2711 Orphei
1902 2657 2093 2697 versus

521 2740 863 2796 expressere.
914 2729 985 2783 At
1018 2730 1159 2784 idem
1206 2730 1381 2800 ipsius
1415 2741 1721 2797 enarrator,
1761 2733 1929 2803 priori
1968 2733 2095 2789 huic

522 2817 958 2888 interpretationi
992 2821 1217 2875 alteram
1250 2837 1318 2877 ex
1362 2838 1464 2876 suo
1500 2840 1664 2879 sensu
1717 2825 2093 2894 depromptam

525 2911 847 2980 subjiciens,
876 2921 1282 2981 procreatorem
1315 2913 1478 2983 hujus
1505 2915 1878 2969 universitatis
1898 2916 2091 2983 Deum,

525 3002 853 3059 effectricem
900 3013 1137 3058 mentem
1192 3003 1340 3058 illam
1393 3021 1515 3060 esse
1562 3006 1860 3069 contendit,
1889 3022 1995 3075 qua
2029 3007 2096 3061 de

523 3093 815 3163 theologus
864 3096 965 3148 iste
1022 3095 1333 3160 disputarit.
1371 3093 1595 3159 Verum,
1647 3098 1922 3165 quomodo
1976 3107 2097 3151 tan-

523 3185 647 3240 dem
678 3185 947 3254 ejusmodi
982 3194 1239 3253 mentem,
1294 3188 1411 3242 suis
1462 3189 1715 3242 versibus
1768 3196 1950 3256 poeta,
1999 3203 2095 3243 seu

523 3274 793 3332 Thracius
842 3277 933 3331 ille
987 3277 1259 3345 Orpheus,
1320 3294 1415 3333 seu
1467 3279 1644 3349 quivis
1696 3280 1835 3334 alius
1891 3279 2094 3345 fuerit,

2263 2091 2671 2161 Αἰγυπτίων⁴δὲ
2707 2092 2735 2143 6
2786 2090 2962 2158 λόγος,
2998 2090 3130 2159 παρ’
3150 2082 3228 2141 ὧν
3268 2086 3359 2140 καὶ
3412 2086 3615 2156 Ὀρφεὺς
3636 2085 3713 2155 τὴν

2194 2184 2467 2252 θεολογίαν
2490 2182 2753 2245 ἐκλαϐὼν,
2784 2182 2875 2235 τὸν
2920 2182 3122 2251 κόσμον
3156 2176 3298 2233 εἶναι
3323 2178 3411 2232 τὸν
3452 2177 3571 2230 Θεὸν
3592 2176 3713 2246 ᾤετο,

2194 2275 2257 2327 ἐκ
2284 2274 2540 2326 πλειόνων
2568 2273 2704 2325 θεῶν
2734 2272 2841 2325 τῶν
2872 2271 3035 2324 αὑτοῦ
3072 2272 3257 2342 μερῶν
3292 2270 3403 2341 (ὅτι
3435 2268 3521 2322 καὶ
3555 2267 3610 2319 τὰ
3640 2266 3715 2337 μὲ-

2197 2382 2263 2436 ρη
2296 2364 2389 2417 τοῦ
2423 2365 2627 2434 κόσμου
2658 2363 3031 2431 θεολογοῦντες
3062 2364 3119 2417 έν
3146 2364 3262 2425 τοῖς
3294 2359 3517 2433 πρόσθεν
3546 2357 3719 2412 ἀπεδεί-

2194 2456 2435 2526 χθησαν)
2466 2455 2791 2508 συνεστῶταο
2828 2455 2921 2508 καὶ
2967 2454 3156 2507 τούτου
3195 2453 3360 2506 πλέον
3400 2451 3539 2505 οὐδὲν
3557 2449 3615 2502 τὰ
3639 2467 3718 2502 πα-

2199 2543 2487 2616 ρατεθέντα
2516 2544 2623 2597 τῶν
2654 2543 2798 2596 ἐπῶν
2829 2545 3049 2614 ῥήματα
3080 2544 3428 2613 διεσάφησεν.
3457 2542 3511 2594 Ὀ
3539 2539 3587 2592 δὲ
3614 2538 3719 2609 μετὰ

2194 2637 2291 2707 τὴν
2324 2636 2542 2707 πρώτην
2576 2635 2868 2705 ἑρμηνείαν
2921 2634 3178 2705 δευτέραν
3230 2635 3290 2701 ἐξ
3330 2631 3488 2688 αὐτοῦ
3542 2630 3721 2701 προστί-

2197 2728 2343 2797 θησι,
2383 2728 2472 2780 τὸν
2498 2727 2606 2781 τῶν
2654 2727 2791 2781 ὅλων
2857 2728 3087 2797 ποιητὴν
3114 2726 3272 2792 Θεὸν,
3326 2727 3415 2781 τὸν
3445 2722 3722 2798 δημιουργὶν

2196 2822 2318 2874 νοῦν
2347 2819 2531 2873 τοῦτον
2556 2821 2779 2889 φάσκων
2804 2815 2941 2872 εἶναι
2981 2819 3074 2872 τὸν
3115 2817 3576 2887 τεθεολογημένον.
3629 2815 3723 2875 Πῶς

2195 2912 2240 2965 δ’
2271 2912 2334 2965 ἂν
2365 2911 2524 2963 αὑτὸν
2584 2910 2769 2963 τοῦτον
2805 2910 3095 2979 ὲθεολόγει,
3142 2909 3200 2962 ὃν
3283 2910 3415 2981 μηδὲ
3451 2908 3540 2980 τὴν
3589 2905 3725 2977 ἀρχὴν

2197 3005 2337 3073 ἔγνω
2361 3007 2388 3058 6
2415 3003 2523 3058 τῶν
2549 3003 2696 3057 ἐπῶν
2730 3003 2996 3074 ποιητὴς;
3027 3002 3197 3056 εἴτε-ό
3224 3002 3373 3074 Θρᾲξ
3406 3001 3488 3071 εἴη
3521 2997 3725 3071 Ὀρφεὺς,

2197 3098 2352 3160 εἴτις
2374 3095 2549 3158 ἄλλος’
2581 3098 2628 3148 εἰ
2658 3094 2721 3166 δὴ
2752 3095 2881 3165 παρ’
2913 3095 3251 3162 Αιγυπτίων,
3307 3095 3341 3166 ἢ
3383 3090 3590 3148 καὶτῶν
3614 3087 3730 3158 πρώ-

2195 3206 2304 3243 των
2349 3188 2611 3259 Ἐλλήνων
2633 3189 2834 3258 ἥκοντα
2871 3182 2937 3256 ’ἦν
2966 3187 3044 3249 είς
3062 3186 3227 3239 αὑτὸν
3254 3186 3325 3240 τὰ
3349 3186 3446 3255 τῆς
3478 3181 3728 3250 θεολογίας

2198 3282 2246 3333 0i
2266 3280 2323 3333 δέ
2358 3297 2420 3348 γε
2444 3280 2839 3349 ἀπεδείχθησαν
2867 3279 3019 3332 οὐδὲν
3048 3280 3238 3349 νοητὸν
3263 3278 3617 3348 ἐπιστάμενοι,
3648 3270 3733 3325 οὐδ’

525 3367 699 3422 Deum
729 3366 1041 3433 cecinisset,
1074 3368 1141 3423 de
1164 3386 1271 3438 qua
1301 3370 1437 3424 nihil
1480 3386 1722 3441 unquam
1775 3370 1891 3440 ipse
1920 3386 1989 3426 ne
2016 3372 2097 3426 le—

2204 3374 2260 3425 ὲν
2287 3374 2484 3442 ἀφανεῖ
2525 3373 2618 3425 καὶ
2666 3372 2938 3443 ἀσωμάτῳ
2967 3371 3125 3443 οὐσίᾳ
3172 3373 3568 3443 περιεχόμενον,
3596 3367 3642 3420 εί
3675 3382 3735 3431 τῳ

524 3458 751 3513 vissime
796 3458 1015 3527 quidem
1062 3460 1492 3530 tenuissimaque
1540 3461 1911 3531 cognoverat?
1957 3478 2097 3531 pra:-

527 3551 717 3606 sertim
752 3552 800 3607 si
836 3551 1106 3622 quidquid
1148 3554 1340 3608 habuit
1372 3555 1677 3626 theologiae,
1733 3564 1904 3610 totum
1954 3555 2006 3609 id
2045 3554 2100 3608 in

528 3643 708 3711 ipsum
741 3652 859 3699 erat
886 3646 967 3699 vel
1003 3648 1071 3701 ab
1114 3645 1406 3717 Egyptiis,
1454 3648 1538 3702 vel
1581 3647 1649 3702 ab
1696 3646 2103 3716 antiquioribus

530 3734 735 3791 Graecis
783 3736 1111 3804 derivatum,
1140 3755 1277 3808 quos
1300 3739 1519 3808 quidem
1546 3739 1887 3794 ostendimus
1921 3746 2101 3803 antea,

529 3825 671 3879 nihil
716 3828 941 3883 omnino
971 3826 1252 3899 spiritalis,
1308 3830 1444 3885 nihil
1498 3829 1643 3901 quod
1692 3838 1971 3899 aspectum
2019 3827 2107 3883 fu-

532 3916 713 3985 giente
740 3926 795 3973 et
819 3922 1067 3989 corporis
1119 3931 1342 3992 experte
1389 3932 1586 3977 natura
1628 3929 1907 3976 constaret
1937 3935 2107 3991 agno-

535 4007 724 4074 visse;
760 4009 806 4064 si
836 4011 925 4064 cui
951 4019 1131 4067 tamen
1165 4012 1269 4067 hoc
1294 4013 1350 4067 iu
1380 4028 1575 4083 genere
1595 4012 1699 4066 (ide
1731 4012 1927 4081 dignus
1951 4009 2109 4065 Plato

532 4096 805 4167 videatur,
835 4102 928 4171 qui
966 4103 1215 4159 homines
1243 4104 1386 4171 illos,
1418 4105 1511 4175 qui
1540 4104 1806 4160 Graeciam
1829 4104 1991 4174 primi
2024 4109 2107 4157 te-

534 4205 726 4256 nuere,
749 4206 845 4247 eos
873 4202 1106 4261 tantum,
1131 4211 1269 4265 quos
1294 4197 1649 4252 barbarorum
1674 4197 1968 4251 etiamnum
1994 4196 2104 4264 ple-

535 4279 694 4349 rique
751 4281 1048 4351 celebrant,
1109 4285 1301 4352 solem,
1340 4286 1547 4349 lunam,
1617 4296 1838 4352 terram,
1896 4285 2097 4350 sidera,

476 4372 491 4383 ‘
536 4372 759 4437 coelum,
802 4374 932 4430 deos
960 4379 1259 4445 censuisse,
1297 4379 1350 4433 in
1376 4377 1592 4448 Cratylo
1620 4379 1929 4433 confitetur.
1962 4376 2104 4442 Quin

2206 3464 2387 3527 ἱκανὸς
2420 3462 2792 3516 πιστώσασθαι
2824 3464 2852 3515 6
2902 3462 3148 3526 Πλάτων,
3208 3462 3488 3533 ὁμολογῶν
3520 3463 3571 3514 ὲν
3615 3462 3733 3526 Κρα-

2206 3555 2365 3620 τύλῳ
2390 3553 2515 3629 τοὺς
2548 3552 2797 3623 πρώτους
2829 3552 2936 3605 τῶν
2992 3550 3298 3620 ἀνθρώπων
3332 3553 3461 3624 περὶ
3497 3551 3587 3621 τὴν
3644 3546 3737 3600 Ἐλ-

2208 3645 2339 3700 λάδα
2364 3645 2584 3708 τούτους
2620 3645 2812 3715 μόνους
2836 3643 2991 3707 θεοὺς
3017 3643 3291 3715 ἡγεῖσθαι,
3314 3643 3517 3713 οὕσπερ
3543 3639 3626 3693 νῦν
3646 3634 3742 3689 πολ-

2209 3737 2291 3790 λοὶ
2320 3736 2427 3791 τῶν
2451 3736 2759 3808 βαρϐάρων,
2793 3736 2944 3805 ἥλιον
2978 3736 3072 3789 καὶ
3102 3734 3356 3806 σελήνην,
3413 3733 3503 3787 καὶ
3533 3730 3643 3800 γῆν,
3670 3725 3743 3780 καὶ

2205 3831 2399 3900 ἄστρα,
2429 3829 2523 3882 καὶ¹
2552 3829 2798 3899 ούρανόν.
2836 3829 2947 3881 Καὶ
2974 3831 3002 3882 6
3056 3829 3363 3899 Χαιρήμων
3395 3826 3451 3879 δὲ
3482 3822 3643 3895 μικρῴ
3665 3820 3742 3890 ἔμ-

2204 3919 2437 3992 προσθεν
2465 3919 2786 3990 ἐμαρτύρει,
2843 3901 2950 3972 οὐδζ
2975 3918 3101 3973 ἄλλο
3149 3935 3201 3971 τι
3259 3918 3368 3991 πρὸ
3396 3916 3487 3970 τοῦ
3511 3910 3743 3985 ὁρωμένου

2205 4010 2406 4080 κόσμου
2442 4009 2568 4071 τοὺς
2593 4008 2922 4076 Αἰγυπτίους
2953 4005 3224 4077 ἡγεῖσθαι,
3259 4005 3369 4058 οὐδ’
3391 4003 3575 4063 ἄλλους
3604 3996 3743 4056 θεοὺς,

2206 4102 2344 4172 πλὴν
2407 4101 2517 4154 τῶν
2576 4099 2869 4170 πλανητῶν
2924 4099 3018 4152 καὶ
3091 4097 3198 4151 τῶν
3256 4096 3461 4151 λοιπῶν
3520 4090 3745 4160 ἀστέρωνο

2208 4193 2385 4246 πάντα
2434 4208 2495 4244 τε
2544 4192 2624 4254 είς
2674 4190 2744 4243 τὰ
2794 4188 3048 4261 ὁρώμενα
3088 4188 3181 4243 τοῦ
3234 4188 3445 4258 κόσμου
3475 4184 3635 4255 μέρη,
3674 4176 3749 4230 καὶ

2206 4284 2356 4337 οὐδὲν
2407 4284 2486 4346 εἰς
2518 4281 2841 4353 ἀσωμάτους
2907 4281 3002 4334 καὶ
3050 4281 3228 4347 ζώσας
3287 4278 3477 4341 οὐσίας
3526 4267 3751 4345 ἑρμηνεύ-

2210 4392 2385 4436 οντας.

537 4465 700 4520 etiam
750 4468 913 4536 paulo
965 4478 1087 4524 ante
1133 4470 1412 4526 Chaeremo
1459 4471 1778 4535 testabatur,
1829 4486 1897 4523 ne
1948 4469 2097 4538 ipsos
2138 4465 2355 4536 quidem
2392 4462 2673 4534 Egyptios
2732 4470 2827 4516 aut
2866 4460 3010 4516 aliud
3037 4459 3339 4529 quidquam
3395 4459 3496 4513 hoc
3541 4460 3750 4524 aspecta‘

537 4556 635 4611 bili
664 4558 868 4612 mundo
901 4560 1051 4627 prius
1083 4568 1137 4614 et
1165 4560 1442 4630 antiquius
1486 4561 1764 4624 habuisse,
1822 4570 1915 4615 aut
1964 4561 2099 4614 alios
2163 4572 2284 4613 esse
2324 4564 2517 4625 praeter
2556 4554 2800 4624 planetas
2842 4568 2905 4607 ac
2973 4553 3184 4621 reliqua
3230 4552 3415 4607 sidera
3457 4550 3580 4605 deos
3627 4553 3755 4615 puta—

538 4648 721 4716 visse;
773 4648 1015 4718 adeoque
1072 4650 1219 4720 ipsos
1280 4654 1462 4708 omnia
1518 4670 1741 4723 prorsus
1792 4654 1857 4708 ad
1918 4653 2081 4715 hunc,
2122 4666 2281 4721 quem
2336 4649 2633 4714 cernimus,
2693 4646 2978 4711 mundum,
3013 4645 3148 4700 nihil
3208 4644 3275 4699 ad
3315 4645 3651 4715 incorporeas
3694 4636 3759 4691 vi-

544 4754 839 4815 ventesque
891 4753 1114 4799 naturas
1174 4745 1712 4814 interpretationibus
1783 4748 1898 4801 suis
1958 4758 2267 4800 revocasse.

1156 4836 1383 4894 CAPUT
1422 4837 1490 4891 X.

550 4929 765 4985 Coacta:
794 4947 857 4985 ac
882 4930 1122 4987 violentia
1153 4931 1377 5071 istorufm
1402 4932 1634 5012 omnium
1666 4930 2109 4985 accommodatio-

1142 5019 1224 5055 ηας
1250 5018 1302 5055 re
1331 5011 1522 5059 utatto.

1142 5011 1224 5055 ut:
1250 5011 1522 5059 refutatio.

621 5090 716 5148 Ille
749 5094 914 5163 igitur
947 5103 1128 5165 poeta,
1161 5094 1254 5163 qui
1280 5102 1427 5149 totus
1455 5109 1522 5148 ex
1556 5093 1800 5150 fontibus
1828 5094 1978 5150 hisce
1998 5109 2117 5164 pro-

2775 4829 3169 4885 ΚΕΦΑΑΑΙΟΝ
3195 4830 3251 4881 I'.

2214 4927 2505 4997 Ἔλεγχος
2536 4925 2635 4980 καὶ
2664 4923 2970 4997 ἀνατροπὴ
3016 4920 3129 4997 τῆς
3162 4921 3260 4975 καὶ
3290 4920 3518 4974 τούτων
3581 4913 3755 4976 ,ϐεϐια-

2643 4994 2873 5064 σμένης
2896 4992 3263 5058 ἀποδόσεως.

2292 5091 2349 5143 '0
2366 5089 2428 5161 δὴ
2458 5083 2551 5143 οῦν
2577 5089 2641 5142 ὲκ
2673 5088 2877 5140 τούτων
2903 5085 3225 5157 ὁρμώμενος
3260 5082 3517 5154 ποιητὴς,
3546 5078 3709 5137 πόθεν,
3736 5073 3762 5141 ἦ

549 5185 725 5251 ﬂuxit,
756 5188 900 5243 unde
935 5163 1172 5251 tandem,
1223 5196 1319 5242 aut
1343 5188 1638 5258 quomodo,
1662 5203 1841 5257 quove
1888 5163 2098 5243 doctori

2214 5178 2349 5244 πῶς,
2377 5180 2413 5250 ἢ
2466 5179 2617 5247 παρὰ
2656 5177 2797 5241 τίνος
2830 5175 3011 5229 λαϐὼν
3045 5176 3103 5227 ὲν
3163 5176 3278 5236 τοῖς
3342 5174 3501 5224 ἔπεσι
3546 5170 3630 5222 τὸν
3660 5163 3766 5218 ἑπέ-

551 5290 715 5347 atque
741 5281 981 5349 auspice,
1019 5280 1187 5335 Deum
1221 5280 1372 5335 illum
1407 5279 1595 5333 mundi
1625 5279 1759 5335 ﬁnes
1810 5295 1876 5333 ac
1929 5280 2117 5334 termi-

553 5386 655 5426 nos
689 5387 878 5428 omnes
909 5384 1278 5444 superantem.
1338 5375 1699 5445 eumdemque
1745 5375 1897 5441 solis,
1949 5376 2113 5441 lunaa,

555 5461 818 5527 siderum,
852 5464 1133 5535 ipsiusque
1161 5468 1283 5519 coeli
1318 5474 1373 5519 et
1395 5464 1544 5519 orbis
1591 5464 1830 5519 universi
1862 5465 2105 5520 condito-

557 5568 669 5608 rem
699 5554 815 5609 suis
847 5555 898 5607 in
928 5557 1174 5611 versibus
1207 5556 1515 5625 posuisset?
1553 5555 1712 5627 ιοά.
1745 5556 1897 5611 Unde
1935 5566 2116 5612 autem

557 5648 889 5718 incorporeas
918 5657 1126 5705 natura:
1176 5652 1537 5721 cognitionem
1588 5650 1901 5706 hausisset?
1932 5649 2119 5703 Enim-

554 5753 685 5793 vero
719 5738 853 5795 nihil
884 5753 1111 5810 prorsus
1144 5740 1372 5797 istorum
1421 5742 1666 5798 omnium
1726 5741 1827 5812 ipsi
1879 5755 2119 5811 unquam

2219 5291 2373 5327 κεινα
2399 5271 2492 5325 τοῦ
2522 5271 2724 5341 κόσμου
2757 5269 2908 5332 Θεὸν,
2939 5268 3031 5320 καὶ
3081 5266 3172 5319 τὸν
3213 5265 3397 5336 ἡλίου,
3425 5266 3517 5318 καὶ
3550 5262 3765 5330 σελήνης.

2222 5367 2316 5421 καὶ
2341 5367 2572 5437 ἄστρων,
2602 5361 2763 5417 αὐτοῦ
2813 5378 2873 5414 τε
2919 5356 3149 5432 οὐρανοῦ
3180 5359 3272 5411 καὶ
3334 5356 3431 5410 τοῦ
3489 5354 3769 5425 σύμπαντος

2224 5462 2429 5533 κόσμου
2455 5455 2783 5529 δημιουργὸν
2830 5453 2963 5526 [γρ.
3032 5448 3456 5521 κατεϐάλλετο.]
3512 5441 3771 5533 κατελᾴεες

2224 5570 2284 5605 το
2307 5529 2339 5615 ;’
2360 5547 2674 5619 Ἀσωμάτου
2729 5546 2787 5597 δὲ
2813 5547 2846 5615 ἡ
2882 5543 3083 5613 γνῶσις
3118 5538 3265 5609 αὺτῷ
3320 5538 3515 5603 πόθεν;
3567 5532 3694 5588 Ἀλλ’
3720 5529 3769 5582 οὗ

2227 5643 2429 5696 τούτων
2459 5659 2522 5711 γε
2545 5639 2695 5693 οὐδὲν
2719 5636 2872 5702 εἰδὼς
2902 5635 3176 5706 τυγχάνει’
3211 5633 3240 5683 6
3268 5630 3380 5701 γάρ
3430 5647 3513 5684 τοι
3534 5627 3636 5681 τῶν
3659 5624 3770 5678 ὃὶων

2228 5733 2613 5805 ὃημιουργικός
2635 5729 2757 5794 νοῦς
2780 5728 2887 5784 οὔτ’
2920 5729 2982 5781 ὲκ
3035 5726 3291 5780 πλειόνων
3328 5721 3513 5795 μερῶν
3548 5718 3773 5782 συνέστη-
