4024 6408
260 398 355 453 189

1417 401 1730 456 ΡΒίΕΡᾹΙῖ.
1773 401 2022 460 EVANG.
2066 404 2195 461 LIB.
2234 405 2319 462 Πῐ.

3376 409 3479 466 {90

255 532 366 573 κεν,
396 514 513 565 οὔτ’
548 514 611 566 ἂν
643 513 851 582 γένοιτο
878 512 1043 568 αὐτοῦ
1067 513 1273 586 κεφαλὴ
1303 515 1543 587 οὐρανὸς,
1573 517 1633 569 οὗ
1666 517 1822 588 σῶμα

1925 522 1978 575 in
2003 532 2235 577 mentem
2272 523 2436 577 venit.
2466 519 2651 592 Neque
2703 537 2845 577 emm
2902 521 3140 577 effectrix
3187 521 3275 577 illa
3324 538 3480 579 mens

255 606 499 675 πῦρ,καὶ
547 605 709 676 ὕδωρ,
758 607 852 658 καὶ
901 609 1049 673 γαῖα’
1075 607 1191 660 ἀλλ’
1223 609 1342 660 οὐδὲ
1386 608 1816 679 δμματαάὑτοῦ

249 700 395 768 ἣλιος
427 700 524 750 καὶ
564 699 780 769 σελήνη.
818 699 943 762 Πῶς
997 701 1041 754 δ’
1064 699 1129 752 ἂν
1159 696 1266 753 εἷεν
1298 695 1435 771 ὦμοι
1461 704 1554 756 καὶ
1598 703 1817 775 στέρνα,

250 793 337 844 καὶ
370 790 541 853 νῶτα,
575 793 669 845 καὶ
697 792 857 861 νηδὺς
905 794 996 847 τοῦ
1035 794 1293 848 τῶνηόλων
1328 795 1657 867 δημιουργοῦ
1683 798 1816 851 Θεοῦ

248 886 350 954 ἀὴρ
378 883 662 953 εὐρυϐίης,
695 886 786 936 καί
805 885 896 953 γῆ,
925 885 1019 938 καὶ
1050 886 1219 956 ὀρέων
1251 888 1468 941 αἰπεινά
1489 888 1737 959 κάρηνα;
1782 889 1817 960 ἢ

247 975 405 1037 πῶςό
432 975 602 1046 αἰθὴρ
655 975 775 1039 νοῦς
816 979 931 1029 ποτ’
965 978 1030 1030 ἂν
1067 979 1372 1049 ἐπινοηθείη
1411 980 1502 1032 τοῦ
1537 980 1646 1034 τῶν
1683 981 1819 1036 ὅλων

245 1068 495 1137 ποιητοῦ,
525 1070 559 1139 ἢ
590 1068 679 1120 τοῦ
705 1067 795 1121 νοῦ
826 1069 918 1122 τοῦ
967 1070 1028 1140 δη
1038 1072 1390 1142 μιουργικοῦ;
1421 1074 1539 1126 Ὅτι
1576 1074 1673 1144 μὲν
1725 1069 1817 1129 οῦν

243 1159 410 1212 ταῦτα
450 1160 763 1228 σεσόφισται
815 1160 891 1231 τῷ
937 1161 1044 1213 τῶν
1077 1163 1224 1215 ἐπῶν
1255 1165 1501 1235 ἑρμηνεῖ,
1536 1165 1685 1218 οὐδὲν
1710 1168 1821 1219 tm.

243 1250 418 1317 λέγειν
450 1254 578 1323 χρη.
613 1253 827 1319 Ἔγωγε
865 1254 971 1322 μὴν
1002 1253 1069 1305 τὰ
1098 1254 1296 1324 ἔσχατα
1322 1255 1535 1309 ἀσεϐεῖν
1566 1274 1706 1327 φημι
1730 1258 1820 1310 τὸν

243 1342 524 1410 φάσκοντα
558 1344 696 1414 μέρη
727 1340 865 1396 εἶναι
905 1344 1039 1397 Θεοῦ
1065 1346 1134 1399 τὰ
1169 1347 1309 1418 μέρη
1338 1347 1429 1400 τοῦ
1463 1350 1690 1419 κόσμου’
1725 1351 1819 1403 καὶ

242 1435 319 1485 ἑτι
343 1435 551 1503 μᾶλλον
609 1436 699 1488 τὸν
756 1437 1169 1507 ἀποφηνάμενον
1210 1439 1299 1491 τὸν
1343 1440 1502 1492 αὑτὸν
1555 1436 1692 1493 εἶναι
1742 1441 1819 1512 τῷ

242 1528 434 1597 κόσμῳ
463 1530 559 1581 τὸν
582 1528 732 1581 Θεόν⁹
771 1531 863 1583 καὶ
921 1531 1013 1583 ἐπὶ
1045 1531 1251 1595 τούτοις
1280 1533 1371 1586 τὸν
1399 1533 1697 1605 ἡγούμενον
1726 1534 1818 1587 τοῦ

242 1618 447 1688 κόσμου
473 1619 601 1671 νοῦν
632 1616 768 1672 εἶναι
792 1619 898 1673 τῶν
923 1621 1056 1675 ὅλων
1080 1623 1139 1693 δη
1151 1626 1421 1695 μιουργόν.
1458 1626 1691 1697 Ποιητὴν
1721 1626 1822 1695 μὲν

239 1708 345 1779 γᾶρ
373 1710 541 1763 αὐτὸν
577 1712 671 1763 καὶ
699 1711 917 1782 σωτῆρα
958 1713 1052 1765 τοῦ
1105 1714 1329 1785 κόσμου,
1365 1716 1546 1787 ἕτερον
1567 1717 1693 1770 ὄντα
1724 1718 1818 1771 τοῦ

239 1802 639 1869 πεποιημένου,
688 1803 907 1869 sesese;
945 1805 1283 1875 ἀποφαίνειν·
1346 1807 1469 1860 νοῦν
1493 1808 1550 1861 δὲ
1577 1808 1671 1861 τοῦ
1697 1810 1823 1862 κόσ-

240 1911 364 1963 μου,
404 1894 597 1965 ὥσπερ
630 1896 772 1959 τινὸς
799 1897 938 1961 ζώου
973 1898 1171 1969 ψυχὴν,
1202 1900 1478 1971 ἡνωμένον
1502 1901 1696 1966 διόλου,
1728 1903 1822 1955 καὶ
1850 1877 1894 1931 Β

235 1982 296 2034 τὸ
326 1986 438 2037 πᾶν
473 1985 869 2056 ἠμφιεσμένον,
925 1989 1024 2040 οὐκ
1084 1987 1159 2040 ἔθ’
1188 1989 1332 2042 ὅσιον
1374 1990 1439 2043 ἂν
1495 1991 1578 2061 εἴη
1618 1991 1820 2060 λέγειν.

238 2074 432 2127 Καίτοι
487 2080 744 2149 παρεῖναι
777 2078 937 2131 αὐτὸν
970 2078 1046 2148 τῷ
1106 2082 1289 2144 παντὶ,
1317 2081 1410 2134 καὶ
1444 2085 1690 2152 προνοεῖν
1728 2083 1820 2136 τοῦ

235 2164 470 2233 κόσμου,
507 2166 750 2219 παιδεύει
803 2167 871 2221 τὰ
919 2167 1207 2238 καθ’ήμᾶς
1262 2169 1379 2241 ἰερά
1423 2170 1598 2237 λόγια,
1644 2170 1824 2224 θεολο-

235 2255 441 2323 γοῦντα
469 2257 710 2323 ἐπαξίως
729 2259 819 2311 καί
856 2258 1190 2330 θεοπρεπῶς.
1226 2262 1305 2313 Δι’
1331 2256 1407 2315 ὧν
1443 2279 1625 2333 φησιν’
1656 2263 1824 2333 «Οὐχὶ

232 2349 323 2399 τὸν
350 2349 585 2419 οὐρανὸν
610 2350 703 2403 καὶ
729 2350 826 2420 τὴν
858 2351 959 2420 γῆν
984 2350 1093 2419 ἐγὼ
1122 2351 1309 2423 πληρῶ
1334 2370 1347 2417 ;
1376 2353 1525 2421 λέγει
1557 2354 1781 2425 Κύριος·
1798 2372 1815 2404 ι

237 2438 348 2493 Καὶ
389 2440 575 2492 πάλιν
621 2458 639 2491 ι
669 2442 789 2493 Ὀτι
819 2442 846 2492 6
874 2440 1003 2505 Θεὸς
1027 2445 1083 2495 ὲν
1106 2443 1184 2514 τῷ
1205 2443 1417 2515 οὐρανῷ
1439 2445 1570 2510 ἄνω,
1611 2447 1706 2499 καὶ
1733 2447 1825 2500 ἐπὶ

232 2530 327 2599 τῆς
348 2530 461 2599 γῆς
498 2531 702 2584 κάτω-ι
743 2532 838 2585 καὶ
893 2533 1071 2587 πάλινο
1115 2552 1132 2586 ι
1181 2535 1268 2587 Ἐν
1302 2536 1451 2607 αὐτῷ
1492 2537 1601 2608 γὰρ
1629 2540 1723 2592 καὶ
1749 2557 1826 2593 κι-

235 2622 501 2692 νούμεθα,
534 2628 631 2677 καὶ
659 2623 861 2695 ζῶμεν,
885 2629 975 2680 καὶ
998 2628 1218 2697 super)
1262 2628 1377 2682 ἀλλ’
1404 2631 1502 2700 οὐχ
1539 2630 1616 2695 ὡς
1644 2632 1701 2685 ὲν
1735 2632 1827 2703 μέ-

238 2730 319 2784 ρει
350 2731 451 2765 του
476 2714 709 2785 κόσμου,
737 2716 845 2768 οὐδ’
874 2716 949 2779 ὡς
973 2718 1031 2768 ὲν
1056 2717 1199 2788 ψυχῇ
1227 2720 1390 2773 αὑτοῦ
1424 2708 1517 2775 καὶ
1546 2722 1647 2776 νοῒ.
1685 2724 1825 2777 Ἀλλ’

230 2808 280 2859 ci
305 2806 415 2877 χρὴ
444 2807 855 2879 παραδείγματι
894 2810 1198 2881 χρήσασθαι
1237 2811 1700 2887 θεοπρεπέστερον
1730 2818 1825 2871 καὶ

232 2898 625 2973 ἀληθέστερον,
656 2902 872 2965 οἰκείως
892 2903 919 2954 6
950 2903 1092 2975 ἱερός
1131 2922 1233 2957 που
1269 2904 1425 2974 λόγος
1454 2906 1821 2980 ἐξεφώνησεν

238 3010 258 3042 ι
295 2990 354 3045 '0
393 2993 633 3063 οὐρανός
663 3011 752 3063 μοι
786 2993 1025 3065 θρόνος,ι
1062 2996 1254 3061 εἰπὼν,
1309 3016 1327 3049 ι
1360 3000 1393 3069 ὴ
1421 2999 1477 3052 δὲ
1510 2999 1582 3069 γῆ
1617 3000 1826 3054 ὑποπό-

234 3082 344 3136 δ;ον
372 3084 485 3136 τῶν
518 3085 695 3138 ποδῶν
729 3104 882 3156 pou»
920 3088 982 3139 Εἰ
1028 3087 1136 3160 γὰρ
1193 3090 1330 3159 χρῆν
1373 3090 1510 3155 ὅλως
1541 3109 1827 3163 προσωπο-

235 3181 410 3231 ποιείν
443 3178 922 3252 ἁνθρωπινωτέρῳ
955 3180 1119 3251 λόγῳ,
1172 3181 1270 3235 θέα
1322 3182 1382 3236 τὸ
1428 3183 1681 3256 διάφορον
1724 3185 1822 3259 τῆς
1846 3219 1893 3279 c

236 3267 538 3335 θεολογίας.
573 3269 632 3322 '0
683 3270 783 3337 μὲν
834 3270 943 3340 γὰρ
986 3275 1078 3323 τὸν
1116 3272 1346 3342 οὐρανὸν
1396 3272 1566 3326 εἰπὼν
1606 3274 1820 3345 θρόνον,

238 3362 496 3416 ἐπέκεινα
527 3361 624 3415 τοῦ
652 3361 838 3433 θρόνου
874 3363 966 3415 καὶ
983 3364 1241 3417 ἀνωτάτω
1260 3365 1367 3418 τῶν
1391 3365 1528 3419 ὅλων
1560 3366 1649 3419 τὸν
1671 3383 1822 3438 παμ-

240 3454 463 3509 ϐασιλέα
497 3454 636 3507 Θεὸν
669 3454 1000 3526 ἀφωρίσατο,
1027 3457 1151 3510 οὐδὲ
1196 3456 1293 3528 τὴν
1318 3458 1419 3527 γῆν
1445 3457 1544 3528 τῆς
1566 3460 1822 3531 προνοίας

243 3549 403 3603 αὑτοῦ
426 3550 693 3621 χωρίσαςο
717 3550 1063 3618 συγχατιέναι
1094 3550 1202 3621 γὰρ
1235 3552 1328 3605 καὶ
1359 3553 1451 3606 ἐπὶ
1473 3553 1540 3607 τὰ
1569 3553 1694 3624 τῇδε
1721 3555 1822 3624 τῆς

245 3644 488 3714 θεότητος
516 3642 617 3706 τὰς
642 3643 1004 3714 προνοητικάς
1049 3643 1215 3697 αὐτοῦ
1248 3644 1507 3716 δυνάμεις
1560 3646 1817 3701 διδάσκει’

242 3736 316 3788 διό
368 3751 533 3805 φησιν
557 3752 571 3765 ·
646 3734 711 3787 Ἠ
762 3734 820 3788 δὲ
863 3736 934 3808 γῆ
988 3737 1275 3791 ὑποπόδιον
1318 3736 1428 3790 τῶν
1475 3736 1651 3792 ποδῶν
1696 3738 1819 3809 μοῦ.

254 3824 385 3879 ⁹Δ).λ’
415 3824 545 3879 οὕτε
574 3826 635 3879 τὸ
660 3825 968 3893 ὑποπόδιον,
992 3827 1116 3881 οὕτε
1141 3829 1247 3899 μὴν
1277 3831 1305 3882 6
1332 3829 1518 3900 θρόνος
1552 3828 1709 3900 σῶμα
1728 3827 1823 3881 τοῦ

243 3918 653 3991 καθιδρυμένου,
685 3918 807 3972 οὐδέ
840 3936 902 3987 γε
937 3920 1080 3991 μέρη
1100 3922 1219 3974 ποτ’
1258 3921 1324 3975 ἂν
1368 3920 1532 3975 αὑτοῦ
1583 3920 1821 3992 λεχθείη.

253 4012 306 4064 Ὁ
334 4011 410 4075 δὲ,
432 4009 681 4081 κεφαλὴν
702 4007 797 4062 τοῦ
824 4010 957 4063 Θεοῦ
977 4012 1068 4064 τὸν
1094 4012 1320 4083 οὐρανὸν
1350 4013 1441 4066 καὶ
1465 4012 1535 4066 τὰ
1562 4014 1620 4065 ἐν
1648 4013 1824 4084 τούτῳ

241 4104 455 4173 φήσας,
509 4101 604 4155 καὶ
636 4100 763 4154 νοῦν
798 4101 966 4155 αὐτοῦ
992 4102 1085 4155 τὸν
1114 4104 1328 4174 αἰθέρα,
1376 4105 1509 4176 μέλη
1555 4122 1613 4158 τε
1655 4103 1820 4157 αὐτοῦ

239 4194 330 4246 καὶ
356 4191 520 4263 σῶμα
556 4192 627 4245 τὰ
654 4193 817 4246 λοιπὰ
850 4193 943 4246 τοῦ
979 4194 1185 4264 κόσμου
1217 4196 1379 4267 μέρη,
1411 4195 1533 4249 οὔτε
1561 4197 1822 4267 δημιουρ-

240 4284 352 4351 γὸν,
385 4283 511 4337 οὔτε
538 4284 671 4337 Θεὸν
697 4283 976 4337 ἁλίσκεται
1030 4285 1205 4349 εἰδώς.
1256 4287 1329 4339 Οὐ
1389 4286 1497 4359 γὰρ
1551 4288 1615 4341 ἂν
1660 4287 1822 4351 αὐτὸς

240 4376 430 4430 ἑαυτὸν
457 4377 520 4448 δη
530 4377 841 4448 μιουργοίη,
869 4377 977 4431 οὐδ’
1002 4378 1067 4432 ἂν
1087 4378 1165 4431 ἔτι
1182 4378 1305 4443 νοῦς
1320 4378 1570 4449 λέγεσθαι
1586 4379 1820 4448 δύναιτο,

240 4456 299 4516 οῦ
324 4462 447 4525 νοῦς
467 4458 539 4534 ἦν
557 4462 586 4514 6
609 4464 793 4534 αἰθήρ.
822 4466 980 4528 Ποῖος
1002 4465 1058 4518 δὲ
1092 4467 1185 4519 καὶ
1216 4467 1303 4537 εἴη
1329 4470 1357 4521 6
1385 4468 1536 4531 Θεὸς,
1561 4462 1622 4522 οῦ
1656 4470 1817 4541 μέρη,

1924 615 2174 686 pluribus
2197 630 2263 669 ex
2287 616 2533 684 partibus
2565 623 2938 685 coagmentata
2968 622 3069 682 est,
3102 630 3202 669 nec
3235 616 3356 685 ejus
3390 624 3485 671 aut

1921 714 2084 774 caput
2111 704 2311 759 malum
2336 721 2457 760 esse
2487 715 2680 775 potest,
2704 716 2795 759 aut
2815 721 3011 775 corpus
3048 722 3113 760 ex
3148 707 3289 776 igne,
3316 722 3481 775 aqua,

1921 804 2175 866 terraque
2224 807 2497 865 constare,
2556 807 2651 853 aut
2687 798 2831 853 oculi
2864 798 2944 853 sol
2979 815 3042 854 ac
3074 799 3200 853 luna
3251 799 3481 854 censeri.

1923 887 2058 943 Nam
2099 890 2220 959 ejus
2258 890 2475 959 quidem
2526 891 2791 958 numinis,
2856 906 2887 944 a
2939 907 3048 960 quo
3078 890 3329 946 universa
3361 907 3486 961 pro-

1922 990 2197 1047 creantur,
2230 982 2510 1047 humeros,
2560 992 2770 1053 pectus,
2801 983 3022 1039 dorsum
3059 995 3219 1054 atque
3245 996 3482 1051 uterum,

1921 1075 2197 1143 quomodo
2229 1075 2445 1129 tandem
2470 1090 2561 1130 aer
2587 1076 2745 1146 longe
2768 1075 2983 1145 lateque
3014 1075 3265 1141 diffusus,
3292 1085 3346 1130 et
3376 1087 3487 1131 ter-

1921 1181 2003 1233 ra,
2055 1174 2109 1221 et
2162 1167 2429 1221 montium
2475 1183 2689 1222 summa
2743 1169 3025 1223 cacumina
3078 1167 3346 1222 efﬁciant?
3393 1176 3487 1222 aut

1923 1258 2048 1327 quis
2072 1258 2335 1330 intelligat
2366 1258 2565 1314 aethera
2604 1256 2693 1314 vel
2719 1275 2900 1315 rerum
2952 1262 3194 1315 omnium
3242 1260 3488 1315 condito-

1923 1350 2021 1415 ris,
2059 1352 2143 1406 vel
2178 1352 2379 1407 mentis
2406 1350 2694 1408 et‘fectricis
2729 1362 2963 1408 mentem
2986 1354 3147 1408 esse?
3174 1354 3353 1422 Atque
3373 1352 3489 1406 haec

1924 1441 2159 1511 argutuli
2210 1457 2468 1497 versuum
2533 1442 2761 1496 istorum
2822 1442 3133 1512 interpretis
3180 1449 3488 1497 commenta

1923 1546 2063 1599 esse,
2095 1533 2345 1601 pluribus
2366 1534 2654 1590 ostendere
2689 1534 2822 1588 nihil
2854 1536 3063 1588 attinet.
3094 1533 3213 1588 Jam
3236 1550 3364 1589 vero
3394 1533 3489 1603 qui

1923 1623 2110 1678 mundi
2135 1634 2315 1693 partes
2347 1624 2441 1680 Dei
2472 1626 2712 1681 membra
2748 1641 2870 1681 esse
2898 1625 3061 1691 dicat,
3087 1641 3210 1679 eum
3234 1625 3489 1695 projectae

1925 1730 1988 1770 ac
2023 1715 2321 1787 proﬂigatae
2350 1716 2644 1786 impietatis
2665 1733 2820 1772 reum
2852 1733 2974 1773 esse
3004 1719 3321 1787 pronuntio,
3346 1717 3488 1771 mul-

1924 1814 2090 1875 toque
2117 1808 2312 1876 magis,
2341 1808 2431 1876 qui
2460 1806 2628 1861 Deum
2656 1815 2819 1876 atque
2840 1808 3102 1861 mundum
3124 1823 3235 1862 rem
3254 1822 3417 1861 unam
3435 1814 3490 1861 et

1922 1897 2165 1950 eamdem
2182 1905 2477 1959 asseveret,
2493 1897 2696 1966 quique
2713 1896 2777 1950 ad
2801 1905 3100 1951 extremum
3117 1897 3286 1965 ipsius
3300 1895 3488 1949 mundi

1922 1998 2159 2044 mentem
2195 1990 2348 2043 illum
2378 2004 2519 2053 esse,
2548 1990 2641 2059 qui
2678 1997 2872 2044 cuncta
2894 1989 3219 2058 procreavit,
3253 1988 3488 2042 arbitre-

1922 2090 2029 2137 tur.
2057 2081 2192 2136 Nam
2218 2091 2278 2137 ut
2307 2082 2614 2137 molitorem
2648 2092 3088 2153 servatoremque
3112 2081 3296 2135 mundi
3320 2080 3488 2135 alium

1923 2173 1990 2228 ab
2029 2188 2093 2227 eo
2132 2173 2277 2243 quod
2308 2173 2630 2243 productum
2686 2183 2772 2228 est
2809 2173 3194 2242 diversumque
3228 2181 3486 2237 statuere,

1924 2266 2147 2336 pietatis
2176 2274 2301 2321 est:
2333 2265 2417 2321 sic
2455 2280 2576 2321 eam
2618 2265 2806 2320 mundi
2852 2274 3109 2329 mentem,
3146 2264 3367 2333 perinde
3406 2272 3490 2317 at-

1924 2371 2030 2425 que
2061 2355 2354 2411 animantis
2381 2355 2614 2426 alicujus
2646 2357 2909 2421 animam,
2968 2355 3067 2409 toti
3117 2353 3321 2425 passim
3367 2353 3490 2407 orbi

1924 2447 2270 2516 conjunctam
2334 2448 2525 2502 intime
2577 2463 2639 2503 ac
2692 2449 2950 2504 sociatam
3017 2462 3169 2511 esse,
3246 2445 3491 2515 adeoque

1923 2539 2239 2594 universum
2275 2540 2453 2609 ipsum
2484 2541 2748 2604 induisse,
2780 2556 2940 2595 nemo
2969 2540 3055 2609 pie
3091 2539 3305 2593 dixerit.
3335 2538 3490 2592 Illum

1923 2631 2139 2701 quidem
2195 2632 2290 2686 toti
2341 2632 2597 2688 universo
2648 2641 2965 2702 praesentem
3015 2631 3235 2697 adesse,
3278 2644 3341 2684 ac
3389 2644 3491 2685 sua

1924 2721 2189 2776 mundum
2250 2721 2590 2792 providentia
2645 2723 2947 2793 gubernare
2994 2729 3338 2775 sacrosancta
3389 2733 3492 2773 no-

1925 2822 2161 2869 strorum
2233 2814 2430 2869 docent
2482 2814 2724 2877 oracula,
2791 2814 2990 2883 quibus
3047 2813 3302 2880 praeclara
3359 2824 3492 2865 sane

1923 2904 2296 2973 Deoque'cum
2342 2904 2533 2974 primis
2577 2903 2737 2973 digna
2768 2902 3051 2970 theologia:
3081 2900 3219 2955 ratio
3248 2899 3493 2953 contine-

1923 3006 2033 3052 tur.
2065 2995 2157 3051 Sic
2194 2996 2337 3050 enim
2378 3011 2475 3066 per
2502 3009 2561 3049 ea
2592 2993 2735 3047 Deus
2777 2993 2890 3061 ipse
2922 2992 3164 3061 loquitur
3191 3008 3203 3043 :
3234 2986 3490 3058 Nunquid

1932 3106 2038 3143 non
2063 3089 2249 3143 cretum
2272 3098 2321 3142 et
2357 3097 2552 3142 terram
2587 3103 2678 3157 ego
2702 3084 2936 3153 impleo?
2967 3083 3095 3136 dicit
3138 3080 3397 3134 Dominus
3424 3079 3488 3130 “.

1925 3182 2003 3237 Ac
2029 3198 2261 3237 rursus:
2294 3181 2447 3246 Quod
2478 3179 2614 3233 Deus
2644 3179 2695 3231 in
2723 3177 2848 3230 coelo
2895 3190 3126 3237 sursum,
3167 3182 3215 3227 et
3247 3173 3300 3225 in
3349 3180 3492 3225 terra

1924 3274 2169 3327 deorsum
2199 3272 2271 3337 ¹⁵;
2293 3280 2347 3327 et
2371 3271 2496 3325 alibi
2525 3286 2538 3321 :
2576 3268 2641 3323 In
2674 3269 2789 3337 ipso
2816 3268 2950 3321 enim
2975 3265 3217 3327 vivimus,
3247 3270 3296 3316 et
3319 3275 3491 3319 movee

1925 3381 2045 3419 mur
2082 3373 2132 3417 et
2170 3380 2350 3417 sumus
2386 3363 2465 3430 “;
2501 3378 2610 3417 non
2661 3371 2839 3416 tamen
2885 3368 2943 3413 ut
2991 3357 3043 3410 in
3082 3353 3253 3424 parte
3310 3353 3490 3421 aliqua

1924 3454 2137 3520 mundi,
2162 3469 2263 3509 nec
2286 3462 2346 3508 ut
2386 3453 2440 3507 in
2472 3452 2645 3522 ipsius
2676 3452 2858 3505 anima
2895 3448 2979 3503 vel
3008 3453 3209 3500 mente.
3236 3444 3305 3498 At
3334 3443 3379 3497 si
3412 3442 3491 3497 lo-

1925 3562 2023 3602 cus
2046 3542 2388 3601 similitudini
2414 3556 2534 3596 esse
2578 3540 2755 3605 debet,
2784 3538 2942 3607 longe
2967 3549 3100 3591 sane
3138 3542 3197 3587 ut
3224 3531 3333 3587 Deo
3360 3544 3491 3585 cou-

1921 3636 2231 3694 venientius
2281 3635 2414 3690 illud
2453 3642 2556 3697 est,
2594 3634 2665 3687 ita
2698 3646 2821 3687 cum
2862 3630 3092 3684 veritate
3121 3624 3488 3696 conjunctius,

1924 3731 2069 3802 quod
2109 3730 2351 3800 apposite
2401 3743 2571 3783 sacra?
2601 3726 2791 3780 litterae
2842 3721 3042 3777 alicubi
3088 3719 3487 3790 prodiderunt:

1929 3822 2130 3877 Caelum
2160 3821 2289 3875 mihi
2334 3820 2479 3873 sedes
2512 3829 2608 3883 est,
2649 3827 2789 3871 terra
2842 3822 3014 3869 autent
3066 3812 3353 3867 scabellum
3402 3826 3492 3879 pe-

1923 3916 2051 3968 dum
2074 3929 2307 3967 meorum
2336 3913 2398 3966 ³⁷.
2420 3910 2557 3966 Nam
2585 3910 2628 3966 si
2656 3909 2880 3964 omnino
2904 3920 2991 3962 res
3016 3904 3272 3976 postulat,
3298 3903 3373 3957 uti
3397 3904 3494 3957 hu-

1924 4020 2150 4060 manum
2205 4002 2465 4072 loquendi
2500 4017 2707 4056 morem
2739 3998 2989 4069 personis
3025 3995 3295 4067 ﬁngendis
3329 3994 3491 4065 paulo

1922 4096 2149 4166 propius
2201 4095 2508 4157 imitemur,
2548 4091 2836 4161 utriusque
2870 4088 3155 4156 theologia:
3196 4086 3492 4141 discrimen

1925 4188 2232 4245 considera.
2270 4186 2372 4252 Qui
2402 4186 2598 4240 cmlum
2654 4184 2747 4239 Dei
2801 4183 2981 4239 sedem
3014 4180 3248 4245 vocavit,
3278 4179 3324 4234 is
3348 4188 3492 4234 certe

1923 4298 2034 4337 non
2083 4289 2290 4336 tantum
2351 4280 2493 4332 ultra
2529 4277 2734 4340 sedem,
2780 4290 2969 4330 verum
3003 4275 3165 4329 etiam
3207 4286 3371 4341 supra
3403 4286 3491 4326 res

1924 4388 2115 4429 omnes
2142 4386 2418 4427 summum
2454 4369 2603 4424 illum
2653 4367 3026 4423 universitatis
3055 4381 3239 4439 regem
3287 4366 3491 4437 longis-

1924 4465 2062 4520 sime
2087 4470 2357 4518 semotum
2399 4459 2704 4525 collocavit,
2753 4458 2833 4513 sic
2884 4466 3065 4513 tamen
3099 4467 3158 4513 ut
3191 4473 3258 4513 ne
3287 4466 3489 4512 terram

240 4556 311 4625 γῆ
336 4556 429 4608 καὶ
450 4556 519 4609 τὰ
557 4556 650 4608 ἐπὶ
682 4557 787 4627 γῆς
820 4556 943 4628 ὅρη,
963 4557 1115 4625 ὄγκοι
1144 4559 1413 4629 σωμάτων
1451 4560 1665 4628 ἄλογοι,
1701 4561 1817 4623 πῶς

1922 4557 2142 4627 quidem
2176 4555 2350 4625 ipsam
2390 4554 2458 4608 ab
2501 4552 2745 4623 ejusdem
2777 4552 3114 4623 providentia
3150 4551 3488 4619 secluderet;

239 4649 292 4702 δὲ
323 4648 419 4701 καὶ
468 4648 691 4715 εὔλογον
743 4648 876 4702 Θεὸν
926 4648 1277 4720 ἀναγορεύειν
1322 4650 1413 4704 τὸν
1459 4651 1685 4720 ἀδελφὸν
1726 4651 1821 4705 καὶ

243 4742 474 4811 συγγενῆ
524 4742 716 4813 πυρὸς,
742 4742 836 4796 καὶ
870 4742 1030 4813 ἀέρος
1076 4742 1210 4813 (82),
1242 4743 1335 4796 καὶ
1369 4743 1579 4808 ὓδατος,
1616 4744 1817 4812 ¹ἀλόγου

240 4836 330 4887 καὶ
374 4834 621 4905 φθαρτῆς
667 4833 801 4905 ὕλης
850 4834 1123 4902 ὲκγόνων;
1161 4834 1225 4887 Et
1257 4835 1315 4888 δὲ
1362 4837 1456 4889 καὶ
1497 4839 1525 4889 6
1569 4834 1692 4899 νοῦς
1724 4834 1817 4889 τοῦ

236 4927 374 4992 Διὸς,
418 4928 572 4980 οὐδὲν
624 4928 754 4983 ἄλλο
779 4926 917 4998 πλὴν
957 4927 1051 4981 τοῦ
1099 4928 1428 5000 δηλωθέντος
1474 4929 1690 5000 αἰθέρος
1725 4925 1815 5000 ἦν,

236 5020 395 5091 αἰθὴρ
418 5021 479 5073 δὲ
512 5022 621 5093 ἀήρ
652 5022 772 5074 ἐστι
803 5022 831 5074 6
872 5020 1203 5091 ὑψηλότατος
1252 5022 1345 5074 καὶ
1392 5020 1643 5094 πυρώδης
1668 5062 1682 5086 ,
1708 5020 1816 5075 ἀπὸ

233 5114 322 5167 τοῦ
359 5114 633 5179 αἴθεσθαι,
660 5116 802 5185 ὅπερ
831 5114 948 5181 ἐστί
975 5113 1247 5178 καίεσθαι,
1276 5113 1500 5183 ταύτην,
1523 5113 1597 5176 ὥς
1628 5131 1812 5183 φασιν,

231 5207 460 5279 εἰληχὼς
490 5207 591 5280 τὴν
624 5207 972 5277 ἐπωνυμίαν·
1006 5206 1238 5276 σώματα
1268 5205 1323 5258 δὲ
1343 5207 1530 5277 ἄμφω,
1566 5208 1593 5260 ὅ
1622 5224 1681 5259 τε
1710 5207 1819 5278 ἀὴρ

230 5303 257 5355 ὅ
284 5320 346 5356 τε
375 5301 541 5373 αἰθήρ
562 5319 577 5332 υ
608 5302 711 5374 ὅρα
742 5299 847 5354 ποῦ
871 5317 952 5352 σοι
978 5300 1070 5353 τοῦ
1093 5299 1214 5362 Διὸς
1233 5300 1261 5351 6
1280 5298 1404 5362 νοῦς
1425 5298 1814 5353 ἁποπέπτωκε.

236 5394 343 5447 Καὶ
408 5391 492 5453 τίς
546 5393 611 5447 ἂν
651 5392 733 5445 ἔτι
760 5392 1046 5464 προσείποι
1100 5390 1234 5445 Θεὸν
1264 5390 1372 5445 τῶν
1408 5389 1812 5462 εὐφρονούντων

224 5484 413 5539 τοῦτον
436 5526 454 5551 ,
494 5477 541 5553 ᾧ
573 5484 701 5549 νοῦς
740 5486 985 5557 ὑπῆρχεν
1019 5484 1181 5548 ἄνους
1229 5484 1323 5538 καὶ
1372 5483 1603 5553 ἄλογοςς
1650 5486 1697 5537 εἰ
1748 5484 1812 5556 δὴ

296 5645 340 5675 ⁸³
377 5641 493 5698 Jer.
552 5658 717 5706 χχιιι,
763 5640 854 5696 24.
959 5642 1003 5673 ¹⁸
1045 5639 1203 5695 Deut.
1238 5655 1311 5704 tv,
1341 5641 1394 5696 9.

295 5782 407 5847 (δε)
446 5783 557 5838 Καὶ
587 5785 763 5849 ἀέρος
825 5782 1078 5837 Additum
1132 5791 1217 5837 est
1250 5797 1315 5836 ex
1362 5782 1455 5834 alt.
1494 5798 1597 5836 ms.
1632 5780 1809 5835 Minus

224 5865 393 5923 recte,
424 5864 485 5910 ut
531 5856 770 5920 videtur,
803 5854 1067 5931 elementa
1121 5853 1210 5908 illa
1263 5852 1533 5909 Eusebius
1571 5852 1809 5907 materiae

1493 5642 1537 5675 ¹⁸
1575 5643 1695 5697 Act.
1728 5657 1862 5706 xvu,

1916 4652 2116 4721 quippe
2151 4648 2217 4702 ad
2250 4663 2337 4703 res
2366 4647 2512 4701 enim
2538 4660 2758 4715 quoque
2793 4654 3010 4701 nostras
3055 4646 3195 4699 hanc
3223 4645 3343 4713 ejus
3370 4658 3492 4714 pro-

1923 4740 2141 4797 videndi
2173 4740 2282 4794 vim
2308 4737 2603 4808 adjungere
2620 4752 2744 4793 sese
2769 4744 2824 4792 et
2857 4736 3273 4792 accommodare
3308 4735 3487 4803 docet,

1914 4848 2088 4905 eoque
2111 4832 2296 4887 subdit
2328 4847 2342 4882 :
2376 4829 2543 4885 Terra
2578 4838 2758 4884 autem
2796 4829 3093 4885 scabellum
3126 4828 3324 4897 pedum
3343 4842 3490 4882 meo-

1913 4942 2058 4981 rum.
2100 4923 2255 4995 105
2280 4923 2465 4978 Atnec
2498 4922 2815 4985 scabellum,
2847 4936 2946 4975 nec
2970 4935 3098 4974 vero
3133 4919 3288 4973 sedes
3304 4919 3386 4972 vel
3403 4935 3489 4973 se-

1914 5016 2092 5074 dentis
2109 5030 2327 5085 corpus,
2345 5015 2431 5069 vel
2449 5014 2620 5083 ipsius
2632 5022 2811 5083 partes
2827 5012 2895 5067 ab
2911 5012 3021 5066 ullo
3045 5025 3282 5080 unquam
3307 5011 3486 5064 nomi-

1916 5117 2137 5164 nentur.
2181 5108 2287 5161 lste
2319 5121 2469 5171 vero,
2506 5106 2600 5177 qui
2624 5106 2848 5168 coelum,
2879 5119 3108 5174 quaaque
3137 5102 3278 5158 coelo
3305 5102 3486 5158 conti—

1913 5210 2133 5267 nentur,
2185 5199 2281 5254 Dei
2327 5208 2508 5269 caput,
2574 5200 2772 5254 aethera
2841 5213 2970 5252 vero
3038 5205 3274 5250 mentem
3340 5195 3484 5264 ejus,

1916 5295 2157 5350 membra
2172 5293 2410 5362 denique
2425 5293 2802 5362 reliquumque
2830 5304 3028 5359 corpus
3053 5296 3280 5344 czeteras
3298 5289 3485 5343 mundi

1916 5396 2098 5459 partes
2150 5401 2272 5441 esse
2330 5385 2485 5451 dixit,
2542 5399 2716 5453 neque
2764 5382 2953 5436 mundi
2994 5381 3262 5451 opiﬁcem,
3308 5397 3485 5451 neque

1924 5482 2091 5538 Deum
2123 5494 2285 5535 nosse
2326 5477 2685 5535 convincitur.
2729 5473 2915 5546 Neque
2957 5474 3101 5530 enim
3147 5482 3241 5529 aut
3275 5488 3334 5530 se
3378 5490 3482 5529 un-

1915 5639 2008 5695 28.
2117 5638 2159 5669 ¹⁷
2200 5634 2306 5690 lsa.
2337 5647 2482 5694 LXVI,
2518 5630 2571 5683 1.

1916 5780 2083 5834 fctum
2138 5776 2380 5840 vocavit,
2411 5786 2532 5845 qua:
2574 5770 2722 5826 nulla
2756 5787 2822 5828 ex
2856 5767 3081 5829 materia
3130 5774 3311 5826 creata
3360 5766 3480 5828 {ue-

1920 5851 2049 5905 rint.
