3890 6384
534 352 631 408 191
1182 347 1453 408 ΕΡΞΕΒΙΙ
1493 343 1969 402 (ΖᾸΞΒΑΒΙΕΝΞΙΞ
2009 345 2070 400 Ol

2202 343 2381 400 PARS
2418 341 2481 399 ll.
2523 374 2593 386 --
2630 340 3124 402 APULOGETICA.
3626 345 3707 400 192

530 483 696 543 quam
749 469 864 541 ipse
911 471 1227 542 procrearit,
1272 479 1366 525 aut
1408 467 1568 540 cujus
1611 483 1767 525 mens
1797 468 1966 524 aether
2002 467 2066 523 sit

2172 521 2174 527 ,
2198 466 2421 537 τοιαύτη
2453 464 2650 530 παντὸς
2685 465 2932 536 σώματος
2971 463 3149 534 φύσις.
3177 462 3371 536 Διόπερ
3401 463 3522 532 ἡμῖν
3547 463 3596 516 ἐν
3616 468 3708 529 ταῖς

532 561 679 618 idem
702 561 829 632 jure
873 562 1074 618 mentis
1121 577 1318 618 nomen
1376 562 1622 617 obtinere
1665 561 1863 632 possit.
1903 560 2068 630 Cujus

2202 559 2521 628 θεολογίαις,
2558 558 2734 611 πάντα
2753 559 2866 618 τοῖς
2893 555 3202 627 εἰρημένοις
3238 553 3304 608 τὰ
3337 552 3538 607 ἐναντία
3570 571 3711 626 παρα-

531 654 680 709 modi
738 668 903 723 porro
935 652 1079 710 Deus
1103 653 1203 709 iste
1246 653 1432 720 fuerit,
1463 653 1623 723 cujus
1661 661 1844 723 partes
1870 661 1923 706 et
1955 661 2065 706 terr

2199 651 2429 722 ληπτέον
2449 666 2461 680 ·
2483 651 2564 704 ὅτι
2580 667 2640 702 τε
2669 649 2743 720 μὴ
2766 647 2993 720 οὐρανὸς
3014 647 3090 700 ὢν
3112 646 3382 717 τυγχάνει,
3407 647 3533 717 μήτε
3560 646 3709 718 αἰθὴρ,

531 753 589 804 et
617 757 774 801 terra:
805 755 1039 814 montes,
1068 746 1324 800 inanimae
1352 746 1627 810 videlicet,
1657 761 1723 801 ac
1748 746 1976 800 rationis
2001 760 2067 799 ex

2204 744 2330 816 μήθ’
2362 742 2532 814 ἥλιος,
2572 743 2706 814 μήτε
2738 741 2956 813 σελήνη,
2987 740 3112 812 μήθ’
3133 740 3162 792 ὁ
3180 739 3396 809 σύμπας
3412 737 3515 791 τῶν
3536 738 3712 811 ἄστρων

450 845 455 854 ’
529 843 713 908 pertes
743 851 1032 908 corporum
1060 837 1231 892 moles
1260 835 1492 894 elﬁciant
1512 838 1535 891 ?
1559 838 1694 904 Quis
1717 847 1895 893 autem
1914 853 1986 891 vel

2199 837 2379 909 χορὸς,
2435 837 2559 907 μήτ’
2601 835 2762 898 αὐτὸς
2801 833 3014 905 ἀθρόως
3039 834 3070 885 6
3121 833 3228 894 πᾶς
3256 831 3480 902 κόσμος·
3517 831 3636 903 ἔργα
3670 833 3714 888 δὲ

531 941 773 994 censeat,
826 931 990 1002 ignis,
1021 930 1166 986 aeris
1195 940 1248 985 et
1278 947 1453 1002 aquae,
1491 932 1597 988 hoc
1629 940 1714 988 est
1741 931 1953 986 ratione
2005 944 2067 986 ca

2198 927 2398 1000 χειρῶν
2425 926 2597 980 ταῦτα
2639 923 2811 997 μικρὰ
2839 925 2917 978 ἔτι
2946 923 3043 977 καὶ
3069 921 3292 994 βραχέα,
3313 921 3428 992 ταῖς
3454 923 3715 993 ἀσωμάτοις

531 1023 704 1078 rentis
720 1021 983 1092 ﬂuxmque
1000 1025 1243 1078 materia}
1271 1023 1413 1078 fetus
1429 1039 1748 1094 germanum
1775 1039 1838 1079 ac
1855 1023 2067 1079 fratrem

2199 1023 2294 1077 καὶ
2341 1021 2554 1093 νοεραῖς
2595 1017 2855 1090 δυνάμεσι
2899 1015 3380 1089 παραϐαλλόμενα·
3409 1015 3486 1068 ὃτι
3529 1014 3585 1086 δὴ
3631 1020 3715 1070 πᾶν

531 1111 701 1167 Deum
741 1113 1072 1182 praedicari?
1115 1111 1260 1178 Jam,
1305 1114 1352 1169 si
1381 1113 1533 1169 Juvis
1565 1130 1719 1170 mens
1766 1114 1910 1169 aliud
1965 1113 2067 1168 nibi

2204 1111 2358 1182 σῶμα
2394 1112 2629 1184 φθαρτὸν
2661 1111 2756 1164 καὶ
2779 1109 2990 1178 ἄλογον,
3011 1106 3231 1178 τοιαύτη
3263 1107 3324 1182 δέ
3338 1106 3442 1160 τῶν
3471 1107 3740 1179 ὁρωμένων·

529 1212 670 1270 erat,
703 1219 867 1273 quam
899 1203 1067 1258 aether
1099 1203 1186 1258 ille
1211 1219 1355 1275 saepe
1384 1205 1717 1271 nominatus,
1735 1204 2065 1260 :etherauter

2200 1207 2233 1277 ἡ
2265 1206 2444 1276 φύσις.
2471 1205 2552 1259 Τὰ
2577 1205 2620 1258 δ’
2655 1204 2909 1257 ἐπέκεινα
2941 1203 2998 1255 ἐν
3017 1201 3268 1272 ἀοράτοις
3299 1198 3486 1268 λογικὰ
3503 1201 3586 1253 καὶ
3609 1201 3715 1254 ἀθά.

529 1309 784 1364 suprema
814 1303 898 1350 est
924 1295 1070 1351 aeris
1097 1296 1246 1367 regio
1277 1297 1496 1367 ignique
1520 1297 1832 1366 persimilis,
1859 1297 1952 1367 qui
1991 1299 2065 1352 ἀπ

2199 1314 2356 1358 νατα,
2393 1295 2856 1360 συνδιαιωνίξοντα
2887 1295 2954 1364 τῇ
2983 1290 3076 1345 τοῦ
3101 1289 3483 1362 παμϐασιλέως
3502 1292 3618 1346 Θεοῦ
3643 1312 3717 1363 μα-

526 1385 619 1439 τοῦ
643 1386 911 1454 αἴθεσθαι,
941 1388 1086 1458 quod
1113 1389 1425 1454 estardere,
1448 1389 1758 1460 liujusmodi
1790 1398 1981 1445 nactus
2002 1406 2062 1461 ap

2199 1387 2367 1459 καρία
2411 1387 2560 1458 ζωῇ,
2593 1385 2788 1458 μακρῷ
2807 1386 3001 1455 γένοιτ’
3024 1385 3090 1438 ἂν
3115 1385 3222 1438 τῶν
3251 1382 3534 1455 ὁρωμένων
3575 1385 3715 1439 ἀπάν-

528 1477 877 1548 pellationem
914 1477 1078 1554 fuerit
1107 1495 1122 1544 ;
1147 1478 1393 1550 adeoque
1414 1480 1458 1535 si
1476 1480 1661 1544 ambo,
1693 1495 1810 1546 aer,
1842 1480 2064 1551 inquam

2197 1498 2305 1534 των
2331 1478 2544 1550 βελτίω.
2592 1478 2833 1541 Εἰκότως
2868 1474 2961 1532 οὖν
3008 1477 3078 1532 τὰ
3118 1477 3236 1531 θεῖα
3273 1478 3426 1549 λόγια
3473 1481 3589 1551 περὶ
3631 1481 3716 1534 τῶν

525 1575 688 1636 atque
718 1569 886 1623 aether
921 1583 1150 1638 corpora
1180 1577 1306 1624 sunt
1337 1588 1352 1637 ;
1390 1570 1532 1634 vide,
1564 1570 1812 1638 obsecro,
1845 1587 1955 1642 quo
2001 1572 2061 1628 til

2198 1572 2489 1645 ὁρωμένων
2543 1570 2638 1624 τοῦ
2684 1571 2887 1642 κόσμου
2933 1570 3114 1642 μερῶν
3172 1564 3277 1624 ὧδέ
3315 1588 3430 1634 πως
3473 1572 3714 1625 παιδεύει·

526 1671 683 1713 mens
710 1659 799 1712 illa
830 1656 978 1714 Jovis
1010 1661 1318 1730 evanuerit.
1370 1659 1638 1717 Praeterea
1681 1663 1806 1732 quis
1855 1663 2062 1718 tandem

2203 1683 2223 1717 ι
2255 1663 2493 1734 Ὀψομαι
2538 1663 2662 1726 τοὺς
2692 1662 2974 1733 οὐρανοὺς,
3013 1662 3150 1734 ἔργα.
3183 1661 3292 1715 τῶν
3336 1662 3593 1716 δακτύλων
3627 1682 3714 1729 σου,

523 1749 576 1805 si
632 1749 797 1805 modo
850 1751 1012 1820 sapit,
1068 1737 1236 1806 Deum
1283 1753 1490 1808 vocarit
1529 1769 1652 1808 eum
1706 1755 1800 1824 qui
1861 1765 2059 1810 menter

2201 1755 2428 1828 σελήνην
2459 1754 2551 1807 καὶ
2571 1754 2822 1826 ἀστέρας,
2847 1753 2882 1808 ἃ
2909 1753 2972 1806 σὺ
3002 1752 3388 1822 ἐθεμελίωσαςο
3418 1771 3438 1804 ι
3461 1755 3548 1806 καὶ
3572 1754 3715 1807 πάλιν·

522 1849 794 1896 amentem
837 1851 1001 1914 atque
1041 1843 1111 1900 ab
1149 1845 1358 1900 ratione
1399 1862 1627 1902 vacuam
1686 1848 1930 1904 habeat?
1978 1864 2058 1903 om

2203 1867 2222 1901 ι
2254 1821 2348 1915 Eb,
2384 1821 2572 1918 Κύριε,
2594 1821 2716 1899 κατ’.
2739 1845 2912 1917 ἀρχὰς
2932 1845 3027 1919 τὴν
3059 1821 3164 1916 γῆν
3192 1845 3574 1916 ἐθεμελίωσας·
3616 1849 3714 1899 καί·

521 1933 610 1986 nis
668 1933 812 1988 enim
869 1936 1116 2005 corporis
1165 1945 1360 1992 natura
1412 1938 1679 2007 ejusmodi
1744 1949 1850 1996 est.
1917 1939 2057 2007 Quar

2201 1944 2386 2012 Ἔργα
2401 1939 2521 1994 τῶν
2536 1938 2751 2010 χειρῶν
2767 1955 2882 1993 σου
2899 1923 3060 1991 εἰσὶν
3076 1940 3130 1992 οἱ
3145 1937 3409 2006 θύραν-σι’
3448 1935 3533 1989 καὶ
3565 1933 3713 2001 αὖθις.

525 2027 689 2082 nobis
727 2043 878 2095 sane,
913 2045 1037 2084 cum
1068 2030 1275 2116 de‘Deo
1300 2033 1597 2102 disputatio
1640 2033 1968 2100 instituitur,
2005 2051 2061 2092 as

2203 2053 2222 2087 ι
2266 2033 2624 2105 Ἀναϐλὲψατε
2650 2035 2729 2097 εἰς
2766 2031 2899 2101 ὕψος
2926 2032 3052 2094 τοὺς
3087 2029 3400 2102 ὀφθαλμοὺς
3446 2029 3613 2102 ὑμῶν,
3647 2033 3719 2086 καὶ

520 2118 788 2173 sumenda
820 2121 1198 2190 superioribus
1229 2125 1503 2181 contraria
1533 2127 1718 2182 omnia
1754 2137 1881 2183 sunt
1910 2147 1924 2182 :
1969 2143 2056 2184 eui

2199 2127 2358 2192 ἴδετε,
2387 2127 2468 2189 τίς
2501 2125 2777 2191 κατέδειξε
2815 2123 2925 2194 (85)
2958 2123 3131 2178 ταῦτα
3163 2124 3361 2178 πάντα.
3408 2141 3425 2175 ι
3455 2123 3620 2184 Ταῦτα
3644 2124 3716 2194 μὲν

522 2228 702 2284 neque
730 2215 931 2272 ccelum
979 2233 1119 2286 esse,
1169 2234 1345 2291 neque
1383 2223 1608 2287 zethera,
1655 2239 1835 2294 neque
1897 2225 2058 2280 solem

2196 2216 2288 2274 οὖν
2316 2221 2396 2283 εἰς
2429 2219 2524 2290 τὴν
2562 2217 2784 2289 πρώτην
2820 2215 2927 2269 τῶν
2970 2216 3117 2271 ἐπῶν
3162 2215 3457 2288 ἑρμηνείαν
3494 2215 3715 2286 εἰρήσθω·

521 2319 702 2374 neque
745 2306 951 2375 lunam,
1006 2324 1184 2379 neque
1229 2320 1488 2367 cunctum
1529 2322 1804 2370 astrorum
1840 2318 2057 2371 chorum

2196 2312 2327 2382 φέρε
2348 2310 2404 2363 δὲ
2437 2311 2531 2363 καὶ
2560 2311 2627 2362 τὰ
2658 2309 2782 2378 ἐξῆς
2799 2309 3276 2379 διασκοπὴσωμεν.
3308 2309 3456 2362 Ἐπεὶ
3478 2307 3545 2379 μὴ
3569 2303 3662 2362 οἷόν
3683 2325 3707 2359 τ

525 2409 706 2462 neque
737 2396 927 2451 orbem
955 2397 1119 2453 simul
1151 2401 1485 2456 universum.
1515 2401 1638 2458 Ilaec
1665 2405 1808 2458 enim
1833 2421 2061 2460 manuur

2193 2399 2282 2475 ἦν,
2309 2403 2492 2474 φησὶν,
2523 2403 2702 2456 εἰκόνα
2728 2401 2982 2474 τοιαύτην
3002 2402 3375 2473 δημιουργεῖν,
3403 2402 3515 2456 οἵαν
3537 2403 3563 2455 ὁ
3598 2391 3717 2469 λόγος

521 2484 673 2544 illius
708 2500 873 2556 opera
897 2503 1235 2561 sunt,eaque
1260 2493 1456 2562 pusilla
1474 2494 1764 2550 admodum
1792 2505 1847 2550 et
1875 2497 2057 2566 exigua

2196 2499 2458 2569 ἐμήνυσε,
2485 2497 2574 2550 διὰ
2609 2495 2769 2549 τοῦτο
2796 2496 3257 2568 ἀνθρωπόμορφον
3279 2494 3375 2548 τοῦ
3408 2496 3522 2558 Διὸς
3557 2497 3608 2550 τὸ
3642 2494 3718 2548 Gai-

522 2577 570 2632 εἰ
592 2593 716 2632 cum
749 2579 1086 2651 incorporeis
1109 2582 1218 2638 illis
1242 2584 1780 2656 intelligentibusque
1800 2588 2058 2643 virtutibu

2195 2590 2356 2661 κηλον
2388 2590 2768 2661 πεποιήκασιν,
2801 2589 2882 2640 ὅτι
2905 2586 3028 2650 νοῦς
3057 2583 3124 2657 ἦν
3149 2587 3270 2644 καθ’
3301 2587 3361 2641 ὃν
3398 2585 3718 2658 ἐδημιούργει,

519 2666 910 2737 coniferantur;
939 2674 1378 2742 quandoquidem
1411 2690 1573 2732 omne
1603 2691 1802 2746 corpus
1831 2686 1884 2733 et
1915 2678 2055 2733 inter

2205 2682 2298 2736 καὶ
2323 2681 2500 2750 λόγοις
2536 2683 2925 2753 σπερματικοῖς
2967 2679 3214 2733 ἀπετέλει
3253 2679 3326 2731 τὰ
3375 2677 3554 2731 πάντα.
3593 2677 3717 2726 »Καὶ

520 2757 660 2813 itum
695 2759 918 2828 patitur,
961 2771 1016 2817 et
1043 2765 1280 2819 ratione
1309 2777 1477 2830 caret,
1532 2767 1839 2836 cujusmodi
1871 2781 1956 2824 est
1995 2785 2056 2826 eo

2204 2773 2322 2836 πῶς
2346 2775 2394 2826 εἰ
2427 2775 2500 2844 μὴ
2534 2769 2644 2827 οἶόν
2668 2791 2728 2826 τε
2769 2769 2836 2842 ἦν
2867 2772 3047 2826 εἰκόνα
3077 2772 3333 2840 τοιαύτην
3363 2771 3545 2828 ποιεῖν,
3578 2767 3717 2819 οἱάνό

519 2867 669 2916 rum,
705 2870 828 2923 qua:
855 2855 1131 2920 videntur,
1158 2869 1372 2913 natura.
1406 2860 1472 2915 At
1495 2877 1617 2930 quae
1644 2877 1808 2932 supra
1828 2866 2055 2919 mundur

2203 2865 2358 2932 λόγος
2387 2867 2671 2936 ἐμήνυσεν.
2723 2867 2957 2938 ἐμήνυσε
2980 2865 3036 2917 δέ
3065 2864 3170 2935 ἄρα
3194 2861 3286 2916 τοῦ
3325 2859 3618 2931 φαινομένου
3645 2859 3715 2911 καί

520 2943 670 2998 hunc
693 2947 1078 3015 aspectabilem
1107 2961 1305 3005 evecta:
1345 2962 1553 3008 natura:
1584 2964 1735 3019 sunt,
1763 2971 1840 3010 ea:
1870 2972 1978 3011 non
2008 2973 2056 3010 ra

2194 2953 2469 3027 ὁρωμένου
2493 2953 2695 3023 κόσμου
2711 2951 2780 3004 τὰ
2807 2951 2871 3021 μὲ
2881 2967 2968 3021 ρη,
2992 2951 3050 3002 ού
3061 2950 3236 3021 ρανὺν,
3256 2952 3353 3004 καὶ
3368 2950 3432 3002 τὰ
3458 2953 3510 3002 ἰν
3529 2948 3720 3020 οὐρανῷ.

522 3035 673 3092 tione
712 3046 943 3104 tantum,
979 3043 1070 3096 sed
1108 3044 1274 3097 etiam
1317 3044 1724 3100 immortalitate
1769 3049 2051 3118 potiuntur

2195 3045 2335 3118 ἀέρα
2379 3062 2438 3098 τε
2463 3085 2477 3107 ,
2505 3046 2600 3098 καὶ
2627 3044 2752 3114 γῆν,
2778 3043 2872 3096 καὶ
2895 3043 2965 3095 τὰ
2997 3044 3054 3096 ἐν
3081 3043 3260 3105 αὐτοῖς
3280 3060 3294 3073 ·
3339 3045 3385 3096 εἰ
3428 3043 3488 3111 δὴ
3535 3038 3615 3094 οὖν
3641 3039 3721 3090 τῶν

520 3140 684 3200 atque
718 3139 777 3185 ut
798 3130 897 3185 aevi
927 3134 1322 3202 perennitatem
1354 3135 1601 3190 obtinent
1627 3151 1749 3191 cum
1799 3137 1956 3194 beata
1999 3155 2056 3194 su

2194 3134 2484 3208 ὁρωμένων
2509 3133 2602 3187 τοῦ
2628 3133 2832 3203 κόσμου
2882 3131 3064 3202 μερῶν
3104 3132 3202 3201 οὐχ
3247 3125 3362 3188 οἷόν
3404 3149 3462 3184 τε
3489 3125 3550 3202 ἦν
3581 3128 3724 3182 εἰκόνα

520 3223 696 3292 premi
726 3237 910 3278 rerum
944 3225 1192 3279 omnium
1227 3227 1370 3294 regis
1395 3229 1694 3283 azternitate
1723 3223 2056 3299 conjunctarl

2200 3226 2587 3298 συστήσασθαι,
2615 3225 2748 3280 καθὸ
2780 3224 2903 3287 νοῦς
2932 3219 2998 3295 ἦν
3021 3226 3050 3277 6
3077 3224 3230 3291 Θεὸς,
3259 3225 3379 3288 πῶς
3404 3223 3465 3279 ἄν
3490 3240 3564 3285 τις
3592 3217 3723 3273 αὑτοῦ

521 3318 604 3372 sic
635 3317 798 3387 longe
835 3319 1094 3373 omnibus
1120 3319 1211 3384 iis,
1254 3334 1377 3390 qua:
1409 3331 1728 3390 cernuntur,
1772 3325 2057 3380 antecellar

2196 3319 2296 3391 τὴν
2325 3318 2510 3372 εἰκόνα
2554 3318 3016 3389 δημιουργήσειε;
3054 3319 3149 3381 Τίς
3170 3319 3214 3370 δ’
3247 3317 3314 3370 ἂν
3354 3315 3451 3388 ἔχῃ
3496 3315 3634 3385 σῶμα
3654 3314 3725 3367 ἀν-

520 3419 886 3480 ρτιεεῑειιιιιιιο
923 3426 1146 3467 necesse
1182 3421 1283 3467 est.
1314 3410 1678 3479 Quamobrem
1716 3416 1845 3484 quid
1877 3415 1944 3471 de
1977 3433 2056 3472 con

2198 3411 2461 3483 θρώπειον
2492 3409 2729 3479 ἐμφερὲς
2755 3409 2892 3480 πρὸς
2913 3408 3004 3462 τὸν
3028 3408 3121 3461 τοῦ
3152 3407 3288 3461 Θεοῦ
3315 3407 3471 3472 νοῦν;
3506 3404 3629 3474 Ἐγὼ
3647 3403 3725 3471 μὲν

520 3503 702 3574 porcis
737 3504 923 3558 mundi
956 3506 1201 3574 partibus
1235 3506 1436 3561 sentire
1463 3523 1564 3562 nos
1611 3518 1879 3577 oporteat,
1911 3510 2056 3563 divin

2197 3503 2305 3581 γὰρ
2333 3503 2452 3556 ούδέ
2485 3503 2619 3574 πρὸς
2646 3502 2736 3555 τὸν
2765 3500 3103 3574 ἀνθρώπινον
3134 3500 3376 3573 ἡγοῦμαι
3397 3517 3409 3529 ·
3447 3498 3560 3554 ἐπεὶ
3588 3499 3612 3550 ὁ
3651 3497 3725 3566 μὲν

519 3594 742 3648 oracula
769 3592 891 3662 jure
911 3595 985 3649 ita
1017 3595 1255 3650 docent:
1299 3595 1494 3651 Videbo
1520 3600 1674 3653 cazlos
1702 3617 1857 3669 ορειά
1900 3602 2055 3672 digitc

2196 3593 2484 3665 ἀσώματος
2511 3593 2605 3646 καὶ
2625 3591 2916 3655 ἀσύνθετος
2943 3592 3038 3644 καὶ
3063 3591 3296 3663 ἀμερὴς,
3320 3590 3380 3644 τὸ
3405 3590 3459 3642 δε
3489 3585 3727 3659 βαναύσων

520 3701 642 3738 rum
674 3694 904 3753 tuorum,
940 3687 1119 3741 lunam
1161 3698 1209 3742 et
1243 3690 1443 3750 stellas.
1477 3709 1593 3762 qua:
1643 3704 1696 3747 tu
1732 3695 1971 3764 fundasti
2029 3697 2056 3727 "

2196 3689 2403 3759 ἀνδρῶν
2429 3688 2608 3758 ἔργον,
2642 3687 2732 3741 καὶ
2769 3686 2962 3758 θνητοῦ
3005 3685 3254 3756 σώματος
3293 3684 3455 3755 φύσιν
3494 3680 3727 3751 ἀπομερί-

519 3774 589 3829 Ει
638 3790 906 3831 rnrsum:
952 3778 1052 3840 Tu,
1099 3778 1337 3844 Domine,
1388 3782 1542 3835 initio
1574 3792 1771 3837 terram
1809 3785 2051 3855 fundasti

2199 3795 2386 3850 μηται,
2417 3780 2510 3832 καὶ
2533 3775 2712 3849 ζώσης
2741 3778 2941 3848 σαρκὸς
2981 3778 3039 3829 ἐν
3083 3776 3275 3847 ἀψύχῳ
3327 3776 3420 3830 καὶ
3466 3775 3617 3845 νεκρᾷ
3649 3769 3727 3840 ὕλῃ

517 3875 576 3921 et
613 3885 625 3921 :
660 3866 832 3934 Opera
855 3884 1106 3922 manuum
1127 3881 1340 3922 tuarum
1364 3881 1486 3924 sunt
1513 3871 1627 3925 casti
1647 3875 1721 3939 ‘9;
1753 3889 1818 3929 ac
1840 3888 2053 3928 rursum

2197 3872 2387 3942 κωφὴν
2418 3872 2509 3925 καὶ
2528 3870 2752 3924 ἄναυδον
2776 3869 2957 3923 εἰκόνα
2986 3868 3458 3939 καταγέγραπται.
3484 3863 3630 3936 Ψυχὴ
3653 3862 3729 3932 μὲν

519 3957 720 4012 Tollite
747 3959 803 4011 in
839 3959 1008 4011 altum
1035 3959 1214 4012 oculos
1241 3969 1459 4026 vestros,
1484 3973 1529 4014 et
1547 3963 1734 4027 videte,
1770 3964 1888 4033 quis
1919 3972 2055 4018 esten

2195 3960 2288 4017 οὖν
2322 3963 2513 4034 λογικὴ
2536 3962 2629 4018 καὶ
2653 3961 2937 4025 ἀθάνατος,
2975 3961 3068 4014 καὶ
3092 3959 3215 4024 νοῦς
3245 3958 3462 4030 ἀπαθὴς
3487 3961 3539 4014 ἐν
3561 3952 3731 4026 ἀνθρὼ-

520 4051 603 4104 dit
658 4053 768 4106 lucc
818 4054 996 4106 omnia
1039 4054 1106 4107 ³ο.
1153 4053 1332 4122 Atque
1372 4056 1484 4110 haec
1534 4056 1820 4111 adversum
1860 4058 2056 4126 priore:

2197 4075 2299 4110 που
2329 4056 2508 4127 φύσει,
2535 4051 2594 4108 εὖ
2625 4072 2715 4125 μοι
2739 4055 2885 4108 δοκεῖ
2914 4052 3167 4121 λέγεσθαι
3193 4051 3376 4107 εἰκόνα
3396 4053 3486 4106 καὶ
3515 4051 3731 4121 ὁμοίωσιν

521 4143 826 4198 carminum
858 4144 1086 4199 istorum
1116 4146 1495 4214 explicationis
1513 4156 1719 4217 partem
1744 4148 1887 4203 dicta
1911 4160 2057 4204 suntt

2196 4145 2497 4210 ἀποσώζειν
2519 4144 2673 4209 Θεοῦ,
2687 4143 2914 4198 καθόσον
2925 4144 3084 4206 amo;
3099 4144 3190 4195 καὶ
3210 4142 3515 4213 ἀσώματος,
3531 4140 3671 4211 νοερᾷ
3686 4155 3731 4189 τε

524 4235 637 4304 Age
664 4249 810 4302 vero,
841 4252 1069 4306 qumque
1102 4238 1359 4309 deinceps
1405 4250 1840 4309 consequuntur,
1892 4257 2060 4312 expen

2195 4240 2290 4294 καὶ
2323 4239 2510 4310 λογικὴ
2535 4236 2632 4309 τὴν
2653 4237 2838 4292 οὐσίαν
2854 4235 3196 4306 συνέστηκεν,
3214 4231 3548 4306 ἀρετῆςοῦσα
3563 4234 3644 4286 καὶ
3660 4247 3731 4290 σου

525 4327 743 4382 damus.
777 4327 1357 4401 106¢Cum,inquit,
1413 4334 1595 4404 imago
1643 4335 1912 4403 ejusmodi
1963 4335 2061 4406 (ing

2198 4332 2326 4403 φίας
2353 4332 2594 4402 δεκτική.
2614 4331 2678 4383 Εἰ
2706 4329 2770 4400 δή
2795 4347 2880 4391 τις
2895 4329 2980 4400 εἴη
3005 4328 3228 4390 δυνατὸς
3247 4327 3426 4398 ψυχῆς
3448 4325 3647 4395 ἄγαλμα
3661 4321 3734 4375 καὶ

525 4431 592 4472 ac
619 4418 947 4489 conﬁgurari
971 4421 1119 4476 nulla
1167 4434 1371 4492 posset,
1425 4426 1641 4495 qualem
1671 4441 1733 4480 ea
1768 4427 1926 4482 nobis
1969 4444 2061 4483 car

2201 4425 2410 4498 μορφὴν
2441 4427 2498 4477 ἐν
2527 4423 2691 4476 εἰκόνι
2708 4419 3085 4492 τεκτήνασθαι,
3115 4420 3316 4474 δύναιτ’
3343 4420 3410 4473 ἂν
3428 4414 3569 4480 οὗτος
3590 4414 3671 4469 καί
3694 4429 3733 4464 τι

522 4511 672 4565 mina
705 4521 1116 4581 reprazsentant,
1141 4513 1291 4570 Jovis
1325 4516 1681 4572 simulacrum
1716 4520 2050 4578 humanami

2200 4515 2310 4569 τῶν
2341 4514 2683 4587 κρειττόνων.
2712 4514 2774 4567 Εἰ
2807 4513 2863 4566 δὲ
2890 4512 3136 4584 ἄμορφος
3169 4512 3262 4566 καὶ
3283 4511 3466 4582 ἀειδὴς
3493 4508 3576 4563 καὶ
3597 4511 3735 4576 ἀσχη-

523 4603 762 4673 speciem
789 4613 1071 4674 pr0pterea
1105 4606 1535 4675 conformarunt,
1567 4612 1713 4680 quod
1747 4628 1900 4668 mens
1931 4626 2059 4669 esset

2206 4607 2480 4679 μὰτιστος,
2503 4605 2624 4660 οὕτε
2657 4605 2800 4677 λόγῳ
2825 4606 2918 4658 καὶ
2941 4606 3075 4676 ἀκοῇ
3105 4604 3203 4676 τὴν
3225 4604 3408 4657 ούσίαν
3437 4595 3735 4670 καταληπτὸς

523 4693 685 4763 cujus
716 4694 770 4749 in
798 4699 1176 4765 procreatione
1226 4715 1407 4755 rerum
1455 4706 1733 4774 exemplar
1767 4706 2059 4762 intueretur

2201 4704 2229 4755 ὁ
2253 4701 2588 4773 ἀνθρώπινος
2611 4699 2755 4763 νοῦς,
2779 4697 2862 4762 τίς
2885 4697 2949 4752 ἂν
2979 4698 3174 4769 μανείη
3204 4697 3475 4763 τοσοῦτον,
3510 4695 3580 4756 ὡς
3598 4693 3650 4744 τὸ
3663 4691 3737 4743 ἁν-

527 4785 686 4856 cujns
717 4789 1073 4846 seminalibus
1101 4793 1258 4862 quasi
1283 4795 1590 4851 rationibus
1620 4808 1814 4852 cuneta
1868 4799 2063 4868 perﬁce

2201 4795 2474 4867 δρείκελον
2500 4792 2682 4859 ξόανον
2713 4791 2846 4845 Θεοῦ
2872 4790 2967 4843 τοῦ
3002 4791 3279 4844 ἀνωτάτου
3313 4789 3523 4862 μορφὴν
3567 4785 3650 4840 καὶ
3675 4783 3737 4834 εἰ-

527 4879 888 4950 ret.iSiergo
916 4882 1038 4936 talis
1073 4881 1255 4952 imago
1309 4883 1438 4954 tingi
1488 4886 1638 4940 nulla
1669 4897 1867 4956 potest,
1917 4891 2063 4960 quali

2205 4885 2334 4941 κόνα
2368 4885 2555 4956 φέρειν
2581 4881 2995 4952 ἁποιρήνασθαι;
3027 4879 3162 4934 Θεοῦ
3201 4881 3298 4952 μέν
3327 4877 3418 4934 οὖν
3462 4878 3610 4948 φύσις
3654 4871 3736 4936 ἔξω

528 4963 729 5036 Orphei
781 4972 1118 5028 carminibus
1169 4974 1475 5039 exhibetur,
1526 4977 1852 5032 exhibentur
1915 4990 2064 5035 auter

2211 4977 2390 5046 πάσης
2429 4975 2632 5047 θνητῆς
2655 4973 2786 5044 ὕλης
2813 4972 3166 5043 φαντάζεται,
3202 4973 3278 5044 νῷ
3299 4973 3506 5040 διαυγεῖ
3530 4969 3614 5022 καί
3633 4966 3734 5033 σιγῇ

529 5061 870 5128 aspectabilis
905 5064 1068 5134 hujus
1121 5065 1309 5120 mundi
1354 5074 1556 5135 partes,
1609 5071 1845 5135 coelum,
1874 5087 2065 5143 quzequ

2209 5071 2407 5140 ψυχαῖς
2465 5064 2908 5139 κεκαθαρμέναις
2945 5065 3321 5137 ἐπινοουμένη.
3375 5066 3446 5118 Τὸ
3487 5063 3539 5116 δέ
3573 5077 3628 5129 γε
3662 5053 3736 5108 τοῦ

530 5151 728 5206 malum
760 5154 939 5224 ipsum
967 5159 1158 5223 ambit,
1189 5176 1299 5224 aer,
1334 5170 1499 5227 terra,
1530 5179 1764 5233 quasque
1813 5167 2066 5221 aniborur

2209 5162 2490 5234 ὁρωμένου
2531 5161 2650 5225 Διὸς
2687 5163 2744 5213 ἐν
2777 5160 2852 5231 τῷ
2897 5159 3118 5230 δεικέλῳ
3145 5160 3327 5230 σχῆμα
3361 5157 3443 5226 εἴη
3482 5154 3543 5208 ἂν
3574 5144 3736 5219 θνητοῦ

532 5243 652 5298 sinu
674 5248 1067 5320 complexuque
1091 5253 1441 5306 continentur
1470 5273 1481 5306 :
1511 5256 1577 5318 si,
1598 5257 1842 5324 inquam,
1863 5259 2068 5328 partiun

2207 5257 2306 5328 τὴν
2339 5255 2498 5325 φύσιν
2545 5255 2736 5327 ἀνδρὸς
2773 5254 2967 5322 εἰκὼν,
3025 5254 3144 5309 ούδέ
3190 5253 3281 5308 τὸν
3311 5253 3429 5308 ὅλον
3470 5248 3736 5320 ἄνθρωπον.

603 5449 650 5482 ³⁸
685 5449 832 5504 Psal.
868 5465 988 5515 vni,
1022 5453 1077 5507 4.
1157 5455 1198 5486 ι’
1239 5453 1384 5510 Psal.
1414 5470 1486 5521 (τι,
1523 5453 1612 5508 ‘26.
1691 5458 1737 5488 '°
1779 5455 1881 5512 lsa.
1914 5473 2004 5524 XL,
2035 5456 2126 5520 26,.

605 5590 862 5669 (85)][9
889 5593 1209 5669 κατέδειξε.
1250 5596 1326 5650 ita
1373 5596 1726 5668 Septuaginta
1758 5616 1894 5669 quos
1945 5603 2110 5658 hahe-

2219 5610 2401 5665 natur,
2438 5600 2663 5655 innuero
2698 5599 2955 5655 voluisse.
2991 5597 3141 5653 Adde
3185 5596 3329 5666 quod
3372 5585 3737 5669 καταδεικνύειν

539 5660 682 5754 ξηιίΙε.
717 5661 985 5754 ‘Vult‘g‘ata‘.
1035 5664 1166 5754 Quis
1205 5660 1551 5754 creavit_hwc
1571 5660 1608 5725 ἱῖ
1645 5679 1705 5750 ιιι
1752 5660 1805 5724 in
1856 5670 2075 5753 l’leblrzng

2212 5660 2559 5728 etiani'edere
2588 5680 2672 5726 est
2697 5673 2751 5724 in
2781 5674 3049 5754 tucenzque
3069 5660 3341 5754 ‘prol‘erre.’
3369 5660 3736 5754 imo-ct;

542 5732 808 5815 Videntur
843 5724 1228 5815 Septuaginta,
1278 5738 1442 5815 quod”
1477 5724 1752 5809 proprium
1809 5724 2071 5795 creationi

2211 5724 2309 5803 siis,
2326 5724 2545 5811 efﬁcere,
2562 5724 3019 5815 quemadmodum
3038 5724 3426 5815 __dir:o6:czvﬁa:v
3457 5746 3504 5792 ct
3535 5724 3736 5798 ἀποφαίο

542 5811 648 5870 est.
681 5813 737 5860 ut
763 5806 880 5877 ejus
911 5806 983 5873 vi,
1013 5808 1156 5877 quod
1185 5815 1307 5864 ante
1335 5806 1540 5864 nullum
1574 5806 1708 5879 erat,
1743 5822 1955 5883 repente
1988 5831 2104 5869 ρει-ο
2212 5806 2479 5880 νειν,”διξ·]
2510 5806 2632 5868 cuin
2672 5813 2905 5881 propriis
2940 5812 3176 5868 casibus.
