4024 6408
246 350 318 404 ωδ
1309 331 1624 387 ΡΒᾹΞΡΑΠ.
1662 330 1702 384 Ε

1803 328 1908 386 NG.
1951 328 2077 383 LIB.
2121 327 2207 383 lli.

3258 335 3362 394 194

243 464 361 535 μέρος
381 456 425 508 δέ
444 471 484 506 τι
510 451 559 504 τὸ
578 451 744 520 χεῖρον
775 447 934 500 αἰτοῦ
960 448 1365 520 μεμιμημένον,
1397 451 1479 504 ὅτι
1528 448 1695 520 μηδὲν

1803 448 2027 503 istarum
2065 449 2272 512 mundi,
2304 464 2424 519 quae
2453 449 2555 504 sub
2581 459 2858 520 aspectum
2909 452 3132 518 cadunt,
3181 455 3362 526 imago

238 557 339 624 [μς
357 548 472 617 ζωῆς
497 542 575 596 καὶ
603 540 774 610 ψυχῆς
801 541 1082 608 ἐπάγεται.
1114 541 1236 604 Πῶς
1275 536 1368 594 οὖν
1389 542 1417 594 6
1444 540 1537 593 ἐπὶ
1563 539 1697 592 πάν-

236 663 310 699 των
327 639 443 703 Θεὸς,
464 634 541 689 καὶ
567 631 682 695 νοῦς
704 633 732 684 6
751 631 858 685 τῶν
883 631 1018 685 ὅλων
1039 631 1102 700 δη
1110 629 1443 702 μιουργικὸς,
1469 629 1553 701 εἴη
1576 630 1642 684 ἂν
1667 632 1696 684 ὁ

233 731 403 795 αὑτὸςό
443 723 587 795 ἐντῷ
626 723 808 794 χαλκῷ
842 721 876 794 ἢ
914 722 991 794 τῷ
1029 722 1206 794 νεκρῷ
1236 723 1483 792 ἐλέφαντι
1525 721 1692 787 Ζεύςς

239 824 340 879 Ὀδὲ
368 819 419 889 δὴ
451 815 547 869 τῶν
588 814 721 867 ὅλων
762 813 1144 886 δημιουργικὸς
1192 813 1316 877 νοῦς
1346 855 1360 878 ,
1405 813 1520 877 πῶς
1565 831 1695 866 ποτε

231 919 302 987 ἄρα
326 909 454 972 αὐτὸς
478 904 539 978 ἦν
565 907 762 968 ἐκεῖνος
811 905 839 957 6
874 907 1007 970 Ζεὺς
1029 945 1042 969 ,
1082 907 1110 959 6
1141 905 1231 958 τοῦ
1281 904 1339 969 ἐξ
1392 904 1696 976 Ἀλκμήνης

235 1003 456 1078 Ἡρακλέος
477 999 645 1069 πατὴρ
667 1039 683 1062 ,
713 997 806 1052 καὶ
832 999 939 1050 τῶν
973 996 1172 1051 λοιπῶν
1229 999 1292 1051 ἐκ
1339 997 1459 1060 Διὸς
1495 996 1695 1067 μυθευ-

226 1098 375 1170 autver:
396 1090 607 1162 ἀνδρῶν,
641 1087 722 1153 οἳ,
766 1087 858 1140 τὸν
890 1085 1078 1157 θνητὸν
1113 1086 1224 1156 βίον
1271 1085 1463 1148 κοινῶς
1495 1085 1695 1138 ἅπασιν

227 1186 454 1258 ἀνθρώποις
488 1179 946 1252 καταστρέψαντες
966 1218 980 1242 ,
1012 1179 1218 1241 οἰκείας
1259 1177 1473 1246 φύσεως
1507 1175 1697 1240 ἀνεξά-

222 1280 358 1331 λειπτα
377 1274 470 1335 τοῖς
492 1271 598 1342 pat’
620 1270 816 1332 αὐτοὺς
847 1271 1082 1340 μνημεῖα
1105 1266 1518 1330 καταλελοίπασι
1543 1268 1695 1331 ;Φοι-

221 1372 337 1422 νίκων
359 1364 438 1435 μὲν
466 1358 550 1414 οὖν
579 1361 627 1413 οἱ
658 1360 862 1432 πρῶτοι
898 1359 1154 1428 Θεολόγοι,
1190 1359 1265 1422 ὡς
1293 1360 1350 1412 ἐν
1378 1357 1453 1427 τῷ
1496 1355 1696 1428 πρώτῳ

220 1456 521 1526 συγγράμματι
557 1453 1015 1523 παρεστήσαμεν,
1041 1448 1130 1505 τὸν
1159 1451 1256 1503 Δία
1288 1449 1449 1502 παῖδα
1485 1450 1693 1520 Κρόνου

217 1550 352 1619 θνητὸν
386 1545 478 1598 ἀπὸ
524 1541 716 1615 θνητοῦ
761 1544 1080 1614 γενόμενον,
1138 1542 1306 1615 ἄνδρα
1362 1543 1581 1595 Φοίνικα
1633 1541 1695 1594 τὸ

215 1642 338 1708 γένος,
367 1635 793 1708 ἀπεμνημόνευον
811 1652 824 1666 ·
855 1635 1137 1704 Αἰγύπτιοι
1165 1636 1240 1698 δὲ,
1275 1634 1694 1706 ἐξοικειούμενοι

215 1734 276 1785 τὸν
297 1730 459 1800 ἄνδρα,
517 1727 707 1798 θνητὸν
740 1728 900 1783 πάλιν
951 1722 1112 1781 αὑτὸν
1157 1726 1504 1797 ὡμολόγουν,
1555 1727 1695 1780 κατὰ

1802 541 2025 594 conﬂari
2056 541 2199 595 nulla
2236 543 2453 610 potuit;
2499 544 2774 612 quomodo
2812 545 3029 600 tandem
3081 546 3366 615 ipsiusmet

1807 631 1922 695 Dei,
1962 649 2067 703 qua
2099 649 2252 689 mens
2276 644 2378 698 est,
2409 635 2633 706 effigiem
2667 638 3017 693 architectari
3067 640 3360 710 quisquam

1802 721 2013 796 possit?
2043 725 2181 792 Quid
2214 742 2374 796 porro
2402 742 2524 780 cum
2561 727 2744 782 divina
2787 739 2967 784 mente
2991 730 3367 788 similitudinis

1803 834 2000 888 corpus
2021 820 2184 873 etiam
2222 820 2516 874 humanum
2564 819 2764 875 habet?
2825 821 2958 892 Ego,
3003 839 3072 878 ne
3100 839 3221 878 cum
3257 825 3365 878 hu-

1803 923 1964 962 mana
1994 908 2211 978 quidem
2237 908 2435 962 habere
2460 909 2755 978 quidquam
2782 910 3038 965 existimo
3064 927 3078 972 :
3105 926 3228 966 cum
3251 911 3368 966 haec

1803 1001 2120 1070 incorporea
2154 1001 2225 1055 sit
2253 1015 2318 1054 ac
2337 1000 2584 1070 simplex,
2614 1001 2898 1072 nullasque
2927 1012 3108 1071 partes
3138 1003 3360 1066 habeat,

1802 1093 1932 1148 illud
1961 1101 2171 1158 contra,
2201 1092 2388 1147 vilium
2429 1106 2492 1146 ac
2529 1092 2872 1147 sordidorum
2902 1091 3169 1147 artiﬁcum
3203 1109 3364 1163 opus,

1803 1186 2046 1242 mortalis
2058 1186 2303 1256 corporis
2332 1194 2579 1240 naturam
2608 1185 2867 1252 imitetur,
2886 1185 3226 1258 viventisque
3248 1202 3368 1241 car-

1804 1279 1890 1333 nis
1933 1277 2152 1333 surdam
2184 1292 2247 1331 ac
2274 1285 2482 1330 mutam
2522 1277 2576 1329 in
2619 1285 2830 1330 mortua
2860 1276 3117 1346 inanique
3141 1277 3370 1332 materia

1801 1371 2034 1441 speciem
2072 1372 2407 1440 ﬁguramque
2440 1376 2809 1438 repraesentet.
2853 1368 2933 1422 Ac
2979 1368 3112 1422 mihi
3145 1368 3366 1436 quidem

1803 1459 2117 1514 meritodici
2139 1459 2408 1522 videatur,
2441 1461 2684 1514 animum
2705 1460 2854 1514 illum
2888 1461 3116 1515 rationis
3144 1461 3369 1515 immor-

1803 1551 2137 1621 talitatisque
2163 1551 2508 1622 participem,
2558 1567 2623 1608 ac
2657 1556 2893 1607 m'eutem
2927 1568 3068 1619 eam,
3101 1569 3222 1623 qua:
3269 1553 3367 1608 ho-

1802 1641 1964 1696 minis
1997 1642 2052 1696 in
2085 1654 2279 1697 natura
2323 1643 2432 1712 pati
2487 1643 2622 1698 nihil
2670 1643 2861 1713 possit,
2890 1642 3130 1698 divinam
3174 1645 3366 1716 imagi-

1803 1747 1924 1788 nem
1977 1733 2495 1804 similitudinemque
2519 1735 2784 1801 retinere;
2812 1745 3080 1805 quatenus
3132 1745 3365 1808 uterque

222 1824 322 1876 τοῦτό
349 1840 399 1891 γε
427 1822 644 1888 Φοίνιξιν
678 1820 1097 1892 ὁμοφωνοῦντες.
1141 1818 1297 1872 Ἀλλὰ
1337 1820 1430 1872 καὶ
1459 1819 1691 1889 Κρῆτες,

1803 1828 1871 1882 ab
1900 1828 2048 1882 omni
2077 1829 2324 1899 corporis
2344 1839 2398 1884 et
2419 1830 2658 1885 materia:
2687 1831 3033 1886 concretione
3065 1831 3364 1899 seiunctus,

212 1920 329 1986 τάφον
354 1916 434 1970 τοῦ
464 1912 578 1978 Διὸς
620 1915 754 1986 παρ’
801 1915 1006 1976 ἑαυτοῖς
1037 1910 1340 1974 δεικνύντες
1363 1951 1377 1977 ,
1416 1910 1586 1982 τρίτοι
1632 1909 1696 1963 ἂν

213 2008 286 2064 εἷεν
314 2007 389 2062 τοῦ
432 2006 584 2061 αὑτοῦ
640 2008 932 2079 μαρτυρες.
982 2005 1092 2059 Καὶ
1133 2003 1427 2057 Ἀτλάντιοι
1480 2002 1568 2064 δὲ,
1603 2001 1697 2054 καὶ

212 2105 354 2165 πάντες
399 2104 440 2155 οἱ
486 2099 584 2171 προ
639 2099 830 2153 τούτου
881 2095 1272 2168 δεδηλωμένοι,
1332 2093 1450 2147 κατ’
1495 2092 1698 2145 οἰκείαν

211 2198 388 2261 ἱστορίαν
411 2196 820 2266 ἑξοικειούμενοι
849 2195 936 2248 τὸν
967 2195 1083 2258 Δία,
1120 2193 1319 2255 πάντες
1343 2189 1476 2258 όμοῦ
1507 2190 1699 2260 θνητὸν

208 2290 493 2359 ἀπεφήναντο,
517 2287 744 2359 πράξεις
775 2285 938 2340 αὑτοῦ
960 2283 1156 2356 θνητὰς
1183 2285 1278 2338 καὶ
1309 2281 1696 2354 ἀνθρωπείως,

310 2380 358 2431 οὐ
385 2378 570 2447 σεμνάς
597 2394 771 2441 τινας,
800 2377 920 2440 οὐδὲ
944 2375 1278 2446 φιλοσόφους,
1315 2372 1701 2445 αἰσχρουργίας

204 2473 243 2524 δὲ
281 2470 464 2540 ἀπάσης
506 2469 599 2522 καλ⁸
639 2467 928 2530 ἀκολασίας
973 2466 1221 2537 ἔμπλεως
1266 2463 1695 2536 ἀναγράψαντες.

206 2565 292 2625 τοῖς
306 2563 350 2616 δὲ
373 2564 452 2615 ἐπὶ
475 2562 532 2614 τὸ
563 2561 885 2631 σεμνότερον
904 2559 1028 2621 τοὺς
1060 2557 1260 2628 μύθους
1283 2557 1504 2628 τρέπειν
1528 2557 1702 2626 ἐπηγ-

204 2658 416 2726 γελμένοις
440 2655 554 2708 τοτὲ
591 2655 692 2725 μὲν
714 2657 742 2708 6
770 2654 901 2717 Ζεὺς
926 2652 1098 2723 θερμή
1117 2668 1201 2713 τις
1227 2645 1295 2721 ἦν
1328 2650 1421 2703 καὶ
1449 2647 1700 2720 πυρώδης

203 2751 386 2817 δύναμις,
412 2749 525 2801 τοτὲ
561 2749 622 2801 δὲ
668 2745 731 2799 τὸ
776 2745 1016 2815 πνεῦμα·
1062 2743 1156 2798 νῦν
1187 2744 1232 2797 δ’
1275 2743 1376 2796 οὐκ
1424 2737 1520 2795 οἵδ’
1553 2743 1700 2803 ὅπως

202 2844 334 2903 αὐτοῖς
357 2841 500 2893 ὁτῶν
536 2840 678 2892 ὅλων
708 2833 1094 2909 δημιουργικὺς
1127 2835 1254 2899 νοῦς
1303 2834 1696 2904 ἀναπέφανται.

201 2933 402 2986 Πενττέον
445 2930 733 3004 τοιγαροῦν
756 2971 770 2997 ,
827 2929 945 2982 τίνα
990 2927 1056 2982 ἂν
1106 2927 1309 2981 εἴποιεν
1361 2925 1450 2980 τὸν
1508 2924 1700 2979 τούτου

198 3025 374 3097 πατέρα,
405 3023 610 3078 καὶτοῦ
642 3021 846 3092 πατρὸς
873 3019 962 3074 τὸν
1005 3019 1354 3090 προπάτορα;
1387 3019 1538 3072 Ἐπεὶ
1561 3021 1701 3071 κατὰ

197 3116 352 3178 πάντας
368 3116 483 3178 τοὺς
505 3113 790 3182 θεολόγους
808 3113 939 3177 Ζεὺς
961 3111 1166 3182 Κρόνου
1189 3113 1317 3172 παῖς
1339 3108 1697 3180 ὁμολογεῖται,

1799 1927 2046 1974 naturam
2078 1921 2480 1990 essentiamque
2500 1923 2732 1978 sortitus
2753 1932 2832 1979 est
2852 1924 3011 1994 plane
3043 1925 3362 1993 spiritalem,

1799 2025 1862 2065 ac
1893 2011 2104 2066 ratione
2130 2020 2488 2078 constantem,
2517 2029 2744 2084 quaque
2796 2015 3048 2071 virtutem
3075 2016 3248 2085 possit
3272 2032 3364 2071 sa-

1799 2101 2166 2171 pientiamque
2202 2103 2495 2172 suscipere.
2519 2104 2718 2171 Quare,
2754 2107 2800 2162 si
2835 2108 2959 2176 quis
2987 2108 3152 2161 animi
3186 2109 3362 2163 simu-

1799 2193 2006 2248 lacrum
2060 2209 2123 2249 ac
2169 2195 2404 2264 speciem
2459 2196 2709 2266 ﬁngendo
2763 2200 3108 2255 architectari
3160 2210 3363 2270 posset,

1799 2283 1940 2339 idem
2015 2301 2230 2355 quoque
2290 2296 2475 2357 posset
2532 2289 2875 2358 superiorum
2954 2292 3368 2359 cmlestiumque

1800 2377 2060 2431 mentium
2089 2378 2376 2449 imaginem
2411 2381 2645 2450 aliquam
2677 2380 2954 2438 fabricari.
2987 2389 3058 2438 At
3089 2399 3219 2439 vero
3240 2399 3366 2440 cuin

1801 2464 2038 2519 humana
2073 2479 2228 2521 mens
2256 2465 2524 2536 ejusmodi
2567 2468 2656 2535 sit,
2697 2485 2818 2539 quae
2856 2471 3060 2526 nullam
3105 2470 3364 2540 formam,

1803 2558 2061 2627 Speciem,
2093 2558 2434 2630 ﬁguramque
2482 2561 2689 2617 nullam
2737 2562 2956 2627 habeat,
2991 2565 3233 2635 adeoque
3265 2583 3365 2623 nec

1799 2648 1920 2702 visu
1954 2649 2155 2719 percipi
2189 2649 2308 2719 ejus
2339 2653 2595 2718 essentia,
2650 2669 2750 2708 nec
2797 2657 3044 2710 oratione
3088 2657 3171 2711 vel
3214 2658 3369 2712 audi-

1801 2741 1946 2794 tione
1966 2741 2346 2810 comprehendi
2374 2751 2556 2810 queat,
2587 2746 2712 2813 quis
2746 2759 2920 2815 usque
2946 2761 3011 2800 eo
3038 2748 3246 2803 insania
3271 2763 3366 2802 ve—

1799 2831 2094 2902 cordiaque
2123 2831 2414 2898 laborabit,
2443 2832 2738 2886 humanum
2763 2846 2819 2890 ut
2843 2835 3196 2892 simulacrum
3229 2853 3368 2907 pra:-

1797 2923 2036 2995 potentis
2070 2920 2417 2991 supremique
2440 2917 2689 2975 Numinis
2727 2924 2954 2992 ﬁguram
2981 2932 3034 2977 et
3069 2924 3363 2992 imaginem

1801 3025 2192 3086 repraesentare
2222 3015 2515 3070 contendat
2561 3014 2585 3068 ?
2637 3014 2843 3070 Natura
2892 3016 3036 3069 enim
3082 3016 3264 3072 divina
3299 3017 3369 3071 ab

1801 3108 1951 3162 omni
1987 3107 2213 3161 materia
2262 3115 2469 3162 semota
2517 3107 2746 3178 cogitari
2775 3107 2952 3174 debet,
3005 3117 3169 3178 atque
3217 3108 3367 3178 ejus-

199 3207 262 3257 καὶ
295 3205 400 3259 τάδε
441 3203 778 3277 προκείμενα
823 3201 916 3256 τοῦ
963 3200 1206 3272 Ὀρφέως
1253 3199 1356 3270 ἔπη
1377 3197 1705 3268 ὑπερμενέος

1805 3199 1971 3262 modi,
2005 3213 2170 3269 quam
2198 3213 2320 3252 cum
2358 3199 2574 3254 silentio
2613 3199 2882 3254 defamata:
2925 3200 3142 3263 mentis,
3175 3208 3228 3254 ct
3251 3200 3369 3276 ani-

194 3295 434 3366 Κρονίωνος
460 3297 483 3346 ὲ
492 3312 601 3365 μνη
611 3293 853 3364 μόνευσεο
874 3290 1076 3361 Κρόνος
1099 3289 1156 3342 δὲ
1188 3286 1451 3360 Οὐρανοῦ.
1469 3284 1710 3339 Δεδόσθω

195 3388 326 3441 τοίνυν
365 3387 540 3449 αὐτοῖς
570 3382 714 3438 εἶναι
739 3385 873 3448 Ζεὺς
903 3385 932 3436 6
964 3383 1056 3435 ἐπὶ
1097 3383 1316 3436 πάντων
1359 3381 1509 3446 Θεὸς,
1562 3380 1656 3435 καὶ
1679 3381 1709 3432 6

194 3479 280 3543 νοῦς
310 3483 334 3533 ό
363 3480 426 3534 τὰ
475 3481 659 3535 πάντα
708 3479 1132 3550 δημιουργήσας.
1165 3476 1259 3540 Τίς
1305 3473 1398 3530 οῦν
1444 3476 1473 3528 ὁ
1519 3477 1707 3528 τούτου

194 3576 362 3644 ποτήρς
402 3574 630 3645 Κρόνος.
660 3572 757 3635 Τίς
793 3572 838 3626 δ’
882 3573 912 3624 6
966 3571 1300 3642 προπάτωρ;
1341 3567 1600 3641 Οὐρανός.
1642 3568 1725 3634 Εί⁵

190 3665 233 3734 δὴ
255 3666 343 3733 (8i)
375 3667 592 3736 πρῶτος
612 3668 640 3719 6
678 3666 810 3728 Ζεὺς
840 3664 916 3727 ὼς
954 3663 1019 3716 ἂν
1061 3661 1404 3734 δημιουργὸς.
1430 3661 1704 3728 ἁπάντων,

188 3757 288 3827 χρῆν
315 3759 368 3828 δή
388 3775 502 3820 που,
516 3757 807 3829 δευτέρους
836 3755 1250 3824 καταλέγεσθαι,
1274 3756 1370 3809 καὶ
1399 3756 1512 3826 μετ’
1544 3752 1705 3806 αὐτὸν

188 3849 276 3909 τοὺς
300 3849 378 3900 ὑπ’
413 3848 587 3922 αὑτοῦ
631 3847 1046 3919 πεποιημένους.
1087 3847 1211 3899 Εἴτε
1256 3844 1364 3915 γὰρ
1396 3844 1582 3916 χρόνος
1621 3861 1704 3907 τις

189 3937 246 4008 εἴη
267 3941 290 3989 ό
311 3938 501 4010 Κρόνος
530 3937 778 4011 Οὐρανοῦ
812 3936 1067 4007 πεφυκὼς
1091 3939 1353 4007 γέννημα,
1387 3937 1469 3989 ὅτι
1497 3935 1560 4006 δὴ
1591 3934 1706 4005 ἅμα

186 4030 349 4100 θερινῷ
398 4031 712 4101 συνυπέπη
753 4029 973 4101 χρόνοςο
1009 4027 1097 4098 εἴη
1124 4045 1184 4080 τε
1219 4025 1380 4090 αὐτὸς
1422 4025 1450 4077 6
1497 4023 1704 4096 Κρόνου

188 4124 321 4195 πατὴρ
343 4124 604 4197 Οὐρανὸς,
649 4123 742 4176 καὶ
773 4121 962 4193 χρόνος
997 4120 1136 4192 μετὰ
1182 4119 1399 4173 τοῦτονο
1433 4118 1567 4172 ἀλλὰ
1600 4116 1707 4189 πρό

184 4233 228 4284 γε
249 4219 426 4271 τούτων
445 4220 475 4272 6
501 4218 613 4271 τῶν
633 4217 768 4271 ὅλων
802 4215 993 4280 αἴτιος,
1017 4215 1112 4269 καὶ
1140 4211 1365 4286 οὐρανοῦ
1396 4213 1487 4266 καὶ
1513 4209 1704 4284 χρόνου

184 4309 460 4381 δημιουργὸς
491 4309 649 4372 Θεός.
673 4310 737 4362 Εἰ
763 4308 819 4362 δὲ
841 4307 1016 4373 τοῦτο,
1053 4305 1152 4359 οὐκ
1192 4305 1257 4359 ἂν
1285 4304 1492 4373 γένοιτο
1513 4306 1542 4357 6
1571 4302 1706 4366 Ζεὺς

182 4403 322 4472 τρίτος
344 4403 401 4469 ἐξ
429 4401 699 4476 Οὐρανοῦ.
729 4400 854 4465 Πῶς
876 4398 972 4454 οὖν
999 4398 1149 4471 παρὰ
1194 4402 1359 4451 πᾶσιν
1388 4395 1706 4465 Αἰγυπτίοις

182 4494 250 4542 καὶ
273 4495 526 4560 Φοίνιξιν,
574 4491 795 4562 Ἕλλησί
836 4508 895 4544 τε
945 4491 1038 4543 καὶ
1071 4489 1378 4558 φιλοσόφοις
1415 4486 1596 4556 τρίτος
1646 4484 1704 4550 ἐξ

180 4582 377 4653 θόρανοῦ
433 4583 838 4653 γενεαλογεῖται
891 4580 920 4632 6
974 4577 1080 4632 τῶν
1135 4577 1271 4631 ὅλων
1321 4575 1704 4648 δημιουργικὸς

182 4675 724 4749 νοῦς;Πεφὼραταιδὴ
749 4674 842 4729 τοῦ
872 4672 1160 4742 φιλοσόφου
1171 4669 1242 4724 τὰ
1266 4669 1577 4739 πλάσματα,
1614 4666 1707 4721 καὶ

178 4770 236 4824 ἔτι
261 4775 447 4843 μᾶλλον
512 4775 898 4847 φωραθήσεται
927 4772 987 4837 ἐξ
1017 4763 1090 4825 ὧν
1119 4765 1550 4838 ὲπιφέρειλέγων
1579 4757 1702 4814 ὦδε.

1805 3305 2021 3345 morum
2057 3291 2126 3345 ab
2156 3293 2302 3346 omni
2332 3292 2451 3346 labe
2477 3301 2823 3362 purgatorum
2852 3291 3203 3361 intelligentia
3233 3307 3369 3347 con-

1805 3381 2115 3453 templetur.
2141 3383 2210 3435 At
2233 3381 2381 3438 Jovis
2411 3382 2577 3444 illius,
2605 3397 2768 3453 quem
2819 3382 3114 3446 cernimus,
3168 3381 3371 3452 ﬁgura-

1806 3484 1917 3530 tum
1951 3484 2066 3530 arte
2099 3477 2474 3544 simulacrum,
2503 3475 2650 3530 aliud
2694 3485 2838 3530 certe
2883 3474 3018 3530 nihil
3066 3491 3232 3545 quam
3265 3476 3366 3531 ho-

1803 3568 1968 3623 minis
2013 3577 2207 3624 natura
2240 3570 2355 3638 ipsa
2382 3569 2626 3624 mortalis
2674 3567 2903 3640 efﬁgiem
2959 3569 3218 3632 continet,
3258 3569 3372 3622 imo

1802 3677 1872 3716 ne
1916 3669 2088 3716 totum
2137 3661 2354 3732 quidem
2404 3670 2566 3732 atque
2618 3662 2893 3732 integrum
2941 3661 3240 3727 hominem,
3273 3661 3371 3716 sed

1803 3759 2015 3806 tantum
2052 3763 2257 3822 partem
2310 3752 2429 3823 ejus
2484 3753 2709 3808 alteram
2768 3767 2998 3822 eamque
3039 3752 3362 3807 deteriorem

1808 3842 2072 3911 imitatur,
2100 3859 2221 3898 cum
2253 3845 2459 3898 nullum
2494 3845 2718 3899 omnino
2763 3844 2886 3899 vita;
2925 3843 3229 3913 animmque
3281 3857 3372 3896 ve-

1809 3935 2029 4004 stigium
2058 3936 2329 3991 exhibeat.
2376 3936 2661 4002 Quomodo
2690 3935 2853 4007 igitur
2895 3935 3031 3990 deus
3069 3935 3158 3989 ille
3187 3949 3372 3992 rerum

1807 4028 2049 4082 omnium
2073 4028 2398 4096 moderator,
2433 4043 2496 4083 ac
2530 4043 2683 4083 mens
2713 4029 2804 4082 illa
2837 4028 3001 4098 hujus
3039 4027 3371 4083 universita-

1806 4119 1877 4175 tis
1900 4119 2163 4185 elfectrix,
2209 4119 2417 4191 Jupiter
2467 4121 2590 4186 iste,
2646 4121 2739 4190 qui
2791 4120 2877 4176 vel
2908 4136 2973 4175 ex
3007 4135 3137 4184 aere,
3170 4120 3255 4175 vel
3303 4136 3372 4175 ex

1809 4212 1974 4268 ebore
2006 4222 2222 4268 mortuo
2248 4213 2489 4283 ﬁngitur,
2527 4228 2648 4268 esse
2677 4213 2872 4282 poterit
2903 4213 2925 4265 ?
2970 4213 3126 4283 107
3171 4212 3374 4268 Deinde

1807 4320 1961 4362 mens
1993 4306 2180 4361 eadem
2213 4321 2396 4361 rerum
2425 4305 2660 4361 molitrix
2695 4305 3073 4360 universarum
3119 4306 3212 4374 qui
3251 4313 3374 4359 tan-

1807 4399 1929 4454 dem
1957 4397 2166 4466 Jupiter
2190 4399 2279 4455 ille
2307 4397 2490 4464 fuerit,
2524 4397 2771 4453 llcrculis
2799 4413 2864 4452 ex
2899 4397 3163 4452 Alcmena
3187 4406 3363 4468 pater,

1808 4508 1874 4547 ac
1893 4501 2210 4546 cancrorum
2243 4491 2508 4555 omnium,
2540 4506 2679 4560 quos
2699 4505 2728 4544 a
2753 4488 2884 4545 Jove
2910 4497 3226 4560 procreatos
3250 4505 3377 4545 esse

1810 4582 2140 4648 fabulantur,
2174 4581 2376 4651 quique
2422 4581 2703 4635 mortalem
2735 4581 2876 4637 hanc
2906 4581 3072 4636 vitam
3102 4596 3227 4636 cum
3275 4595 3371 4636 eoo

1810 4671 1955 4735 dem,
1981 4684 2092 4739 quo
2111 4668 2304 4739 vulgus
2329 4667 2609 4722 hominum
2639 4668 2784 4723 exitu
2812 4667 3220 4734 terminassent,
3246 4680 3372 4735 pro-

1812 4761 1944 4831 priae
1978 4770 2185 4815 natura:
2225 4760 2456 4830 posteris
2506 4761 2654 4814 nullo
2691 4776 2930 4831 unquam
2981 4758 3207 4814 delenda
3240 4766 3375 4812 tem-

180 4875 278 4928 pore
314 4865 644 4919 monimenta
703 4859 1076 4932 reliquerunt?
1131 4857 1421 4910 Enimvero
1463 4853 1734 4922 principes
1784 4849 2101 4907 Phoenicum
2147 4851 2404 4921 theologi,
2435 4849 2642 4918 Jovem,
2678 4862 2738 4907 ut
2778 4852 2956 4922 primo
2980 4850 3118 4905 libro
3144 4849 3374 4904 demon-

180 4957 456 5022 stravimus,
496 4955 720 5010 Saturni
746 4954 939 5016 ﬁlium,
991 4948 1326 5019 prointleque
1367 4944 1652 4999 mortalem
1713 4957 1780 4997 ex
1820 4944 2036 4998 mortali
2064 4952 2264 5005 satum,
2297 4957 2359 4997 ac
2391 4958 2585 5011 genere
2615 4942 2926 4998 Phoenicem
2968 4957 3089 4997 esse
3118 4940 3376 5010 perhibe-

182 5047 294 5103 bant.
333 5049 596 5104 Eumdem
651 5045 888 5116 Egyptii
936 5059 1059 5098 cum
1111 5041 1438 5098 suum'csse
1489 5036 1706 5100 vellent,
1748 5035 2027 5089 mortalem
2084 5035 2332 5090 similiter
2372 5033 2700 5101 fatebantur,
2766 5045 2981 5089 etcum
3025 5031 3376 5086 Phoenicibus

182 5139 255 5197 hac
286 5143 336 5198 in
369 5153 527 5214 parte
577 5141 898 5197 sentiebant.
947 5138 1230 5192 Cretenses
1258 5143 1536 5203 praeterea,
1586 5130 1678 5199 qui
1716 5127 1868 5184 Jovis
1899 5128 2040 5199 apud
2081 5144 2140 5184 se
2185 5127 2454 5182 tumulum
2485 5128 2863 5190 ostendebant,
2903 5124 3091 5179 tertios
3130 5122 3375 5214 ejusdem

184 5235 236 5285 rei
283 5213 443 5290 testes
491 5236 658 5290 citare
705 5233 996 5302 possimus.
1050 5227 1193 5294 Quin
1243 5227 1406 5281 etiam
1457 5222 1702 5286 Atlantii,
1745 5235 2044 5290 omnesque
2112 5221 2371 5284 demum,
2419 5234 2557 5288 quos
2603 5217 2788 5272 Jovem
2838 5224 2992 5270 aetate
3033 5213 3378 5283 praecessisse

184 5335 377 5395 constat,
420 5329 628 5400 quique
659 5327 774 5381 suis
801 5340 920 5379 eum
962 5322 1204 5378 historiis
1245 5319 1348 5375 albi
1377 5317 1742 5379 vindicarunt,
1787 5314 2070 5369 mortalem
2119 5313 2298 5383 ipsum
2333 5311 2505 5366 fuisse
2533 5326 2642 5364 uno
2673 5308 2838 5400 simul
2861 5322 2954 5361 ore
2994 5303 3374 5400 prodiderunt,

185 5434 342 5490 resque
373 5396 458 5478 ab-
484 5396 554 5477 eo
588 5431 766 5493 gestas
795 5418 1108 5473 mortalium
1159 5430 1290 5470 sane
1337 5411 1728 5478 hominumque
1768 5409 2038 5478 proprias,
2075 5422 2278 5477 easque
2326 5406 2461 5460 nihil
2504 5405 2586 5459 vel
2633 5399 2867 5470 augusti,
2923 5398 3007 5494 vel
3053 5396 3377 5494 philosopho

183 5487 295 5582 digni
348 5487 712 5579 continentes,
769 5517 859 5568 sed
909 5512 1088 5566 omnis
1143 5508 1323 5580 potius
1385 5503 1740 5576 turpitudinis
1778 5500 2129 5570 libidinisque
2177 5499 2363 5569 plenas
2414 5495 2876 5564 conscripserunt.
2914 5487 3033 5544 Jam
3104 5501 3232 5542 vero
3274 5487 3379 5582 qui

184 5581 451 5674 graviorem
480 5619 533 5664 et
560 5608 924 5664 honestiorem
957 5606 1010 5661 iu
1043 5603 1277 5675 speciem
1319 5617 1440 5657 sese
1489 5599 1702 5655 fabulas
1741 5605 1950 5652 mutare
1977 5593 2318 5668 proﬁtentur,
2353 5595 2420 5650 iis
2459 5591 2666 5663 Jupiter
2713 5585 2874 5642 modo
2914 5582 3090 5641 calida
3130 5581 3380 5655 quadam

238 5774 334 5845 (85)
375 5778 445 5830 Et
481 5774 569 5842 δή.
612 5773 852 5844 Uterque
881 5789 1010 5842 ms.,
1045 5773 1090 5826 εἰ
1122 5770 1198 5839 δέ,
1237 5769 1462 5825 rectius.-
