4024 6408
292 328 370 385 197

1366 319 1682 375 ΡΒᾹΞΡΑΠ.
1726 318 1973 374 EVAN’G.
2019 319 2145 373 LIB.
2188 318 2277 373 111.

3343 313 3447 369 498

285 454 405 502 εῐπον
437 442 521 513 τὴν
559 439 648 509 τῆς
693 437 998 510 πετρώδους
1038 437 1133 492 καὶ
1176 438 1350 509 ὀρείου
1381 439 1484 508 γῆς
1528 439 1767 508 δύναμιν·

1883 439 1953 492 ita
1979 439 2235 506 deinceps
2265 436 2365 490 iste
2395 435 2744 505 prosequitur
2765 452 2788 490 ι
2817 454 2835 486 ‹
2864 434 2921 488 1d
2943 431 3088 503 quod
3114 439 3218 494 est,
3249 431 3446 502 inquit,

281 536 416 608 τήνδὲ
441 535 701 602 Δήμητραν
724 532 822 596 τὴν
864 529 966 600 τῆς
1007 529 1226 598 πεδινῆς
1269 529 1362 581 καὶ
1393 528 1639 598 γονίμου.
1674 532 1782 598 Δη.

281 631 421 699 μήτηρ
451 625 501 678 δὲ
535 623 596 676 τὰ
628 623 723 693 μὲν
763 623 896 676 ἄλλα
925 622 1065 676 κατὰ
1104 621 1173 675 τὰ
1207 622 1347 675 αὐτὰ
1379 622 1490 692 ἔχει
1520 624 1586 692 τῇ
1633 621 1777 693 Ῥέᾳο

276 721 487 788 Sis-nive}:
507 715 575 778 δὲ,
601 715 680 767 ὅτι
704 715 737 784 ἠ
763 713 897 786 αὑτὴ
929 716 1052 768 κυεῖ
1079 713 1175 784 τὴν
1199 713 1384 784 Κόρην
1406 715 1470 767 ἐκ
1489 714 1632 778 Διὸς,
1661 730 1782 766 του-

274 812 386 863 τέστι
425 806 500 858 τὸν
536 805 688 876 κόρον
739 807 804 858 ἐκ
844 804 952 858 τῶν
1002 803 1364 876 φρυγανωδῶν
1427 803 1774 876 σπερμάτων.

272 901 339 954 Διὸ
363 898 437 950 καὶ
464 894 810 948 κατέστεπται
841 895 902 948 τὸ
938 895 1134 966 βρέτας
1177 895 1346 965 αὐτῆς
1378 897 1488 957 τοῖς
1527 894 1776 964 στάχυσι,

275 990 467 1063 μήκωνές
495 1005 545 1041 τε
580 987 702 1056 περὶ
735 988 903 1057 αὐτὴν
943 986 1042 1054 τῆς
1071 985 1393 1053 πολυγονίας
1427 983 1710 1055 σύμϐολον.
1753 1003 1773 1034 ι

272 1079 501 1136 Κάνταῦθα
531 1077 683 1131 πάλιν
712 1078 924 1140 σκόπει,
957 1077 1076 1129 τίνα
1108 1077 1310 1147 τρόπον
1342 1075 1440 1147 τὴν
1485 1077 1640 1128 Ῥέαν
1675 1093 1778 1146 μη-

269 1174 365 1242 τέρα
392 1169 508 1222 θεῶν
543 1168 856 1238 λεγομένην,
888 1169 982 1221 καὶ
1010 1167 1171 1221 αὑτοῦ
1200 1167 1294 1220 τοῦ
1320 1168 1462 1231 Διὸς,
1493 1168 1640 1221 κάτω
1675 1185 1775 1221 που

269 1265 361 1335 περὶ
388 1266 565 1332 sitP-3;
591 1263 682 1314 καὶ
708 1259 812 1329 γῆν
841 1259 1233 1330 καταϐέϐληκε,
1259 1259 1353 1312 καὶ
1383 1258 1561 1312 πάντα
1592 1259 1776 1332 φύρων

267 1356 336 1424 τὴν
369 1353 510 1421 αὐτὴν
539 1347 673 1404 εἷναί
719 1368 850 1420 φησι
895 1353 960 1420 τῇ
998 1349 1265 1420 Δήμητρι,
1287 1346 1418 1418 πλὴν
1439 1367 1458 1396 α
1485 1350 1564 1402 ὅτι
1599 1350 1775 1420 διενή-

266 1462 368 1514 νοχε,
397 1443 534 1505 καθὸ,
563 1442 750 1511 φησὶν,
781 1445 814 1510 ὴ
848 1444 1112 1513 Δημήτηρ
1139 1444 1201 1494 ἐκ
1240 1441 1358 1503 Διὸς
1390 1445 1510 1494 κυεῖ
1541 1441 1637 1514 τὴν
1665 1444 1774 1496 K6-

267 1554 350 1610 ρην’
379 1535 538 1603 ὥςπερ
575 1531 668 1586 οὖν
697 1536 731 1604 ἡ
760 1534 947 1598 πεδιὰς
982 1535 1050 1604 γῆ
1080 1534 1170 1586 τὸν
1215 1534 1373 1605 κόρον
1402 1536 1467 1586 ἐκ
1497 1534 1604 1587 τῶν
1638 1553 1775 1606 φρυ-

263 1623 457 1694 γανωδῶν
487 1623 1004 1693 σπερμάτωνδΊδού
1043 1640 1125 1676 σοι
1164 1623 1324 1676 πάλιν
1363 1625 1390 1676 ὁ
1422 1625 1556 1688 Ζεὺς
1594 1628 1675 1690 είς
1706 1626 1775 1680 τὰ

262 1716 518 1787 φρυγανιὶἱη
566 1718 858 1788 σπέρματα
913 1717 1326 1789 μεταϐέϐληται.
1379 1718 1601 1783 Τούτοις
1649 1719 1776 1791 ὲξῆς

260 1812 547 1865 ἑπισννάπτει
568 1811 763 1879 λέγων’
807 1830 828 1863 ι
875 1810 1028 1863 Ἐπεὶ
1050 1811 1107 1864 δὲ
1134 1812 1225 1864 καὶ⁵
1248 1810 1355 1863 τῶν
1390 1812 1469 1874 εἰς
1506 1813 1608 1883 γῆν
1646 1812 1774 1881 βαλ-

257 1899 440 1968 λομένων
479 1901 802 1969 σπερμάτων
846 1896 913 1970 ἦν
953 1917 1036 1962 τις
1085 1899 1330 1970 δύναμις,
1361 1900 1427 1971 ἣν
1455 1900 1603 1971 ἥλιος
1648 1906 1774 1974 περὶ

258 1993 300 2042 τὶ
322 1989 441 2043 κάτω
465 1990 813 2060 ἡμισφαίριον
837 1989 928 2044 ἰὼν
957 1991 1103 2044 ἕλκει
1134 1992 1276 2047 κατὰ
1317 1993 1417 2056 τὰς
1453 1996 1773 2065 χειμερινὰς

255 2082 427 2152 τροπὰς,
451 2083 593 2154 Κόρη
629 2083 732 2153 μὲν
758 2085 790 2153 ἡ
819 2082 1046 2155 δύναμις
1070 2087 1101 2156 ἡ
1136 2085 1568 2157 σπειρματοῦχος,
1604 2086 1775 2139 Πλού-

254 2192 330 2227 των
354 2174 400 2227 δὲ
427 2177 452 2227 ὁ
472 2175 570 2227 ὑπὸ
599 2175 708 2246 γῆν
739 2175 832 2230 ίὼν
868 2175 1038 2245 ἥλιος,
1070 2177 1165 2230 καὶ
1199 2177 1290 2231 τὸν
1336 2179 1518 2248 ἀφανῆ
1560 2195 1774 2252 περινο-

254 2266 357 2319 στῶν
388 2266 591 2336 κύαμον,
641 2267 854 2329 καὶτὰς
881 2269 1194 2340 χειμερίους
1225 2270 1461 2340 τροπάς·
1482 2271 1553 2334 ’ὃς
1595 2270 1775 2342 ἁρπά-

251 2355 335 2421 ζειν
373 2357 568 2424 λέγεται
605 2357 710 2428 τὴν
750 2359 952 2430 Κόρην,
995 2361 1060 2430 ἣν
1099 2359 1308 2431 ποθεῖὴ
1349 2363 1610 2434 Δημήτηρ
1640 2381 1773 2435 κρυ-

251 2444 469 2514 πτομένην
497 2445 597 2497 ὑπὸ
621 2445 748 2514 γῆν.
778 2447 897 2499 Τῶν
927 2447 983 2499 δὲ
1013 2448 1349 2519 ἀκροδρύων,
1379 2450 1474 2503 καὶ
1502 2451 1638 2515 ὅλως
1662 2451 1772 2506 τῶν

252 2535 523 2601 φντεντικῶν
567 2537 600 2606 ἡ
651 2535 898 2607 δύναμις,
955 2538 1205 2598 Διόνυσος
1243 2539 1580 2610 ὀνομάζεται.
1633 2544 1772 2614 Ὅρα

246 2621 289 2676 ἂ
329 2624 402 2676 καὶ
438 2623 636 2677 τούτων
685 2625 782 2687 τὰς
822 2624 1053 2688 εἰκόνας.
1104 2625 1353 2698 Σύμϐολα
1396 2629 1503 2702 γὰρ
1544 2633 1577 2701 ἡ
1618 2632 1768 2704 Κόρη

250 2714 361 2782 φέρει
382 2715 468 2784 τῆς
493 2714 768 2786 προϐολῆς
789 2715 895 2767 τῶν
920 2717 1059 2769 κατά
1081 2718 1205 2781 τοὺς
1230 2721 1474 2790 καρποὺς
1505 2721 1643 2794 ὑπὲρ
1672 2724 1771 2795 τὴν

246 2804 321 2874 γῆν
356 2804 636 2873 ὲκφύσεωνο
683 2809 712 2860 ὁ
760 2807 818 2860 δὲ
863 2808 1112 2872 Διόνυσος
1167 2810 1322 2863 κοινά
1359 2813 1458 2882 μὲν
1496 2814 1630 2886 πρὸς
1671 2815 1770 2886 τὴν

247 2897 384 2966 Κόρην
408 2897 510 2966 ἔχει
537 2898 606 2951 τὰ
653 2899 878 2970 κέρατα,
911 2899 1026 2953 ἔστι
1062 2901 1118 2955 δὲ
1154 2901 1517 2975 θηλύμορφος,
1554 2905 1771 2976 μηνύων

244 2985 316 3055 τὴν
352 2989 458 3056 περὶ
506 2989 606 3059 τὴν
654 2989 865 3057 γένεσιν
907 2990 1012 3043 τῶν
1047 2993 1361 3065 ἀκροδρύων
1407 2995 1771 3070 ἀρῤενόθηλυν

241 3075 435 3146 δύναμιν.
477 3079 732 3133 Πλούτων
759 3081 817 3134 δὲ
860 3085 888 3134 ὁ
924 3082 1107 3152 Κόρης
1134 3084 1316 3155 ἅρπαξ
1349 3085 1496 3141 κύων
1526 3087 1638 3158 (87)
1671 3089 1771 3160 μὲν

243 3163 325 3233 ἔχει
346 3164 423 3218 τοῦ
450 3167 691 3236 ἀφανοῦς
724 3170 885 3224 πόλου
914 3171 1198 3243 σύμϐολον·
1233 3174 1294 3227 τὸ
1321 3175 1380 3228 δὲ
1405 3177 1677 3249 σκῆπτρον
1711 3179 1774 3234 τὸ

240 3256 410 3308 misr)»:
441 3261 664 3328 σημεῖον
694 3260 934 3343 τῆςέτῶν
960 3263 1108 3317 κάτω
1141 3261 1435 3335 βῶσιλείας·
1469 3269 1497 3320 ὁ
1523 3267 1582 3324 δὲ
1625 3268 1772 3324 κύων

241 3347 362 3398 αὑτοῦ
386 3349 524 3419 δηλοῖ
547 3351 652 3421 τὴν
682 3352 876 3423 κύησιν
904 3355 1013 3408 τῶν
1044 3358 1290 3428 καρπῶν,
1321 3361 1401 3423 εἰς
1435 3361 1560 3432 τρία
1586 3361 1774 3434 διῃρη-

241 3438 384 3509 μένην,
412 3442 484 3505 εἰς
517 3442 620 3513 τὴν
644 3445 966 3516 καταϐολὴν,
993 3447 1087 3500 καὶ⁴
1113 3449 1210 3519 τὴν
1245 3450 1529 3521 ὑποδοχὴν,
1553 3452 1646 3507 καὶ
1673 3453 1771 3525 τὴν

236 3531 451 3586 ἀνάδοσιν.
503 3534 579 3587 Οὐ
629 3535 738 3607 γὰρ
786 3538 936 3608 παρὰ
991 3538 1053 3590 τὸ
1092 3538 1190 3602 τὰς
1224 3540 1400 3610 κῆρας
1443 3541 1586 3610 ἔχειν
1636 3543 1772 3615 πρὸς

239 3620 414 3692 βορῤἇν,
433 3626 461 3678 ὃ
484 3626 638 3698 δηλοῖ
663 3628 761 3692 τὰς
785 3629 981 3699 ψυχὰς,
1010 3629 1270 3701 κέκληται
1288 3631 1454 3696 κύων,
1472 3632 1605 3686 ἀλλά
1623 3635 1771 3704 παρὰ

234 3716 279 3766 τὸ
294 3721 439 3780 κυεῖν,
465 3721 496 3789 ἡ
519 3723 754 3792 χορηγὸς
779 3722 889 3794 (88)
919 3725 946 3776 ὁ
968 3722 1241 3790 Πλούτων,
1270 3725 1394 3778 ὅταν
1424 3726 1644 3798 ἁρπάσῃ
1671 3727 1770 3797 τὴν

235 3806 394 3879 Κόρην.
420 3812 608 3874 Ἀττις
643 3811 821 3866 δὲκαὶ
862 3814 1087 3879 ’Ἄδωνις
1131 3819 1196 3887 τῇ
1235 3816 1344 3870 τῶν
1395 3819 1621 3888 καρπῶν
1662 3814 1770 3871 εἷεν

234 3899 447 3974 ἀναλογία
474 3905 865 3976 προσήκοντες.
902 3905 1038 3959 Ἀλλ’
1080 3907 1108 3959 ὁ
1144 3909 1240 3978 μὲν
1272 3909 1454 3972 Ἀττις
1494 3908 1600 3961 τῶν
1631 3909 1770 3963 κατά

232 3993 275 4046 τὸ
296 3995 380 4066 έαρ
411 3998 851 4068 προφαινομένων
877 3998 1072 4062 ἀνθῶν,
1109 4001 1201 4052 καὶ
1230 4000 1359 4071 πρὶν
1394 4001 1767 4071 τελεσιογονῆ-

235 4103 299 4138 σαι
337 4089 435 4158 (89)
475 4089 856 4160 διαρῤεόντων.
903 4090 1064 4142 Ὅθεν
1115 4091 1209 4143 καὶ
1266 4089 1362 4161 τὴν
1395 4089 1502 4143 τῶν
1556 4091 1768 4143 αἰδοίων

230 4177 468 4251 ἀποκοπὴν
500 4181 651 4249 αὐτῷ
684 4180 1102 4250 προσανέθεσαν,
1143 4179 1216 4251 μὴ
1247 4181 1565 4250 φθασάντων
1596 4181 1767 4235 ἐλθεῖν

229 4267 309 4319 τῶν
342 4269 566 4339 καρπῶν
613 4270 691 4331 εἰς
734 4268 828 4340 τὴν
875 4268 1250 4340 σπερματικὴν
1302 4269 1594 4324 τελείωσιν·
1635 4273 1664 4324 ὁ
1712 4271 1768 4324 δὲ

235 4357 422 4420 Ἄδωνις
449 4359 548 4427 τῆς
581 4358 687 4410 τῶν
716 4357 933 4410 τελείων
957 4357 1183 4429 καρπῶν
1212 4359 1449 4429 ἐκτομῆς
1480 4359 1761 4430 σύμϐολον.

1884 529 1938 584 in
1979 538 2194 583 terrena
2213 527 2265 580 vi
2301 526 2554 596 princeps
2581 536 2744 596 atque
2773 525 3120 596 primarium,
3159 522 3314 578 Vesta
3347 538 3450 576 uo-

1882 619 2142 682 minatur,
2179 617 2338 686 cujus
2374 617 2730 671 simulacrum
2762 617 3000 687 virginea
3053 615 3233 684 specie
3291 615 3447 683 juxta

1881 709 2062 763 focum
2091 707 2316 761 excitari
2346 706 2712 776 collocarique
2737 707 2873 761 solet
2902 724 2916 760 :
2949 715 3220 774 quatenus
3260 711 3446 757 autem

1882 798 2113 854 fecunda
2147 798 2231 850 vis
2261 796 2350 850 illa
2380 806 2484 859 est,
2513 798 2757 851 eamdem
2816 796 3209 850 uberumtenus
3250 795 3447 848 mulie-

1882 891 1961 944 bri
2005 889 2179 943 forma
2205 903 2517 956 expressam
2549 888 2858 942 voluerunt.
2899 884 2963 939 Et
3008 883 3177 954 Opem
3228 885 3447 953 quidem

1881 981 2111 1050 lapidosi
2147 994 2210 1034 ac
2238 981 2500 1042 montani,
2536 979 2790 1033 Cererem
2825 993 2954 1032 vero
2999 977 3144 1045 plani
3174 977 3450 1045 ejusdem-

1879 1088 1984 1142 que
2011 1071 2206 1126 feracis
2239 1073 2338 1126 soli
2390 1073 2499 1125 vim
2539 1071 2898 1139 appellarunt.
2945 1067 3080 1122 Nam
3115 1069 3281 1124 Ceres
3322 1085 3447 1124 cum

1878 1175 2068 1219 Caetera
2113 1165 2271 1234 plane
2311 1167 2495 1220 omnia
2540 1179 2662 1216 cum
2707 1162 2818 1231 Ope
2865 1163 3178 1216 communia
3231 1162 3446 1224 habeat,

1879 1265 1992 1308 tum
2026 1258 2127 1310 hoc
2153 1257 2223 1310 ab
2248 1256 2339 1308 illa
2369 1254 2576 1316 differt,
2597 1253 2741 1321 quod
2774 1253 2891 1322 ipsa
2925 1253 3130 1324 Κόρην,
3162 1252 3444 1322 Proserpi-

1880 1363 2004 1400 nam
2035 1363 2101 1402 ex
2131 1345 2286 1410 Jove,
2323 1348 2426 1401 hoc
2467 1356 2550 1399 est
2596 1344 2778 1415 κόρον,
2805 1355 3077 1399 recentem
3103 1353 3156 1400 et
3185 1345 3448 1400 tenellam

1877 1453 1942 1492 ex
1973 1440 2302 1492 eremiorum
2338 1454 2401 1492 ac
2449 1446 2773 1490 cancrorum
2831 1436 3149 1506 hujusmodi
3188 1437 3450 1507 virgulto-

1877 1545 1996 1582 rum
2033 1529 2336 1584 seminibus
2384 1544 2595 1582 ramum
2640 1529 2835 1580 educat
2877 1546 2891 1580 :
2943 1543 3064 1597 qua:
3089 1544 3256 1584 causa
3282 1531 3447 1585 etiam

1876 1632 1979 1684 est,
2018 1621 2374 1692 quamobrem
2404 1620 2575 1689 ipsius
2603 1619 2808 1690 effigies
2841 1621 3004 1689 spicis
3037 1631 3352 1686 coronetur,
3384 1636 3450 1678 ac

1875 1712 2272 1781 papaveribus,
2342 1726 2465 1780 qum
2530 1726 2741 1780 magna:
2801 1709 3151 1768 fecunditatis
3199 1713 3450 1783 symboid

1875 1812 2023 1868 sunt,
2075 1803 2366 1858 ambiatur.
2412 1822 2431 1853 ι
2501 1801 2600 1856 llic
2655 1818 2872 1858 rursum
2922 1805 3160 1868 videsis,
3219 1807 3448 1875 amabo,

1873 1892 2329 1962 quemadmodum
2362 1892 2462 1946 iste
2488 1889 2657 1960 Opem
2679 1893 2847 1957 illam,
2879 1910 3020 1965 quae,
3055 1911 3181 1950 cum
3212 1906 3440 1951 caetero-

1875 2000 1994 2038 rum
2028 1988 2316 2039 numinum
2346 2024 2361 2048 ,
2390 1994 2503 2039 tum
2538 1985 2711 2053 ipsius
2737 1984 2887 2041 Jovis
2919 1996 3096 2042 mater
3125 1989 3446 2057 appellatur,

1874 2076 2132 2129 deorsum
2185 2077 2240 2130 in
2297 2092 2430 2131 saxa
2480 2085 2793 2146 terramque
2828 2077 3108 2147 abjecerit,
3158 2081 3451 2150 omniaque

1874 2167 2111 2223 miscens
2163 2179 2326 2239 atque
2365 2167 2728 2235 confundens,
2785 2172 3032 2226 eamdem
3083 2171 3229 2226 illam
3260 2172 3450 2230 fecerit

1874 2274 2038 2328 quam
2066 2259 2349 2328 Cererem,
2385 2261 2488 2316 hoc
2519 2271 2728 2316 tantum
2764 2263 3104 2327 discrimine,
3167 2265 3314 2336 quod
3339 2263 3448 2322 Ce-

1873 2368 1982 2418 res,
2013 2354 2213 2424 inquit,
2244 2353 2626 2424 Proserpinam
2654 2371 2720 2409 ex
2747 2354 2878 2414 Jove
2928 2359 3127 2428 pariat,
3170 2363 3446 2432 quomodo

1874 2445 2084 2501 scilicet
2112 2447 2334 2515 planum
2371 2455 2531 2501 terra:
2558 2449 2735 2503 solum
2765 2465 2833 2504 ex
2864 2451 3197 2507 cremiorum
3231 2454 3445 2524 virgul-

1872 2545 2164 2607 torumque
2196 2539 2498 2596 seminibus
2529 2559 2720 2598 recens
2771 2557 2834 2596 ac
2887 2543 3162 2598 novellum
3217 2561 3441 2614 germen

1872 2628 2073 2683 educit.
2121 2627 2261 2684 Ecce
2304 2630 2402 2684 tibi
2438 2630 2651 2702 Jupiter
2684 2635 2737 2688 in
2771 2634 3101 2688 cremiorum
3161 2635 3324 2689 etiam
3381 2651 3447 2694 ac

1871 2718 2230 2789 virgultorum
2259 2723 2466 2776 semina
2497 2734 2884 2779 commutatus.
2918 2725 3146 2792 Verum,
3173 2742 3296 2797 quae
3315 2728 3446 2782 sub-

1871 2808 2092 2880 iungat,
2154 2811 2490 2867 audiamus:
2544 2832 2564 2864 ι
2607 2813 2672 2868 Ει
2702 2817 2986 2884 quoniam,
3014 2817 3212 2886 inquit,
3253 2834 3444 2874 eorum

1872 2901 2165 2964 seminum,
2197 2917 2318 2970 qua:
2349 2913 2507 2959 terrae
2541 2909 2978 2973 committuntur,
3009 2907 3089 2962 vis
3122 2910 3368 2978 quaadam
3392 2919 3447 2966 et

1871 2988 2164 3046 eﬂicacitas
2190 3001 2294 3057 est,
2327 3009 2490 3063 quam
2524 2995 2606 3049 sol
2641 2997 2706 3049 ad
2733 2995 2962 3050 inferius
2996 2997 3442 3067 hemispbzerium

1873 3082 2256 3151 progrediens,
2301 3084 2447 3138 circa
2496 3084 2730 3142 hiemale
2775 3085 3071 3141 solstitium
3117 3103 3304 3143 secum
3335 3105 3444 3146 una

1873 3172 2098 3239 deferat,
2130 3173 2456 3244 Proserpina
2496 3176 2717 3246 quidem
2756 3177 2839 3233 vis
2895 3178 2987 3233 illa
3034 3188 3117 3234 est
3168 3180 3441 3236 seminum

1873 3260 2265 3334 conservatrix,
2302 3269 2461 3322 Pluto
2495 3285 2626 3324 vero
2653 3270 2755 3336 sol,
2787 3270 2881 3340 qui
2907 3272 3055 3328 circa
3089 3271 3302 3328 brumae
3333 3274 3444 3328 sol-

1873 3359 2104 3423 stitium,
2133 3359 2236 3414 sub
2266 3369 2468 3414 terram
2521 3376 2860 3427 commeans,
2911 3361 3168 3419 latentem
3201 3373 3257 3418 et
3285 3365 3442 3435 igno-

1874 3458 1985 3503 tum
2014 3451 2206 3505 orbem
2253 3451 2644 3506 circumeundo
2673 3462 2943 3523 peragrat.
2975 3455 3151 3526 Atque
3191 3455 3278 3509 his
3305 3454 3440 3510 Pro-

1873 3543 2145 3611 serpinam
2183 3545 2429 3613 rapuisse
2463 3553 2746 3613 propterea
2795 3545 3017 3610 dicitur,
3075 3563 3240 3617 quam
3275 3546 3440 3603 Ceres

1872 3635 1973 3688 sub
2007 3645 2147 3689 terra
2177 3635 2552 3689 absconditam
2584 3651 2802 3691 summo
2837 3638 3109 3693 desiderio
3136 3653 3440 3708 prosequa-

1872 3733 1980 3778 tur.
2016 3724 2086 3778 At
2111 3740 2237 3779 vero
2273 3724 2543 3780 fructuum
2575 3727 2707 3792 vim,
2739 3744 2847 3781 non
2888 3745 3076 3784 eorum
3119 3730 3283 3785 modo
3316 3730 3438 3800 qui-

1871 3811 1972 3866 bus
2003 3812 2132 3882 ligni
2163 3813 2340 3867 simile
2375 3824 2631 3883 putamen
2685 3825 2788 3876 est,
2848 3818 2940 3871 sed
2975 3820 3137 3873 etiam
3190 3821 3436 3874 omnium

1874 3903 2098 3958 omnino
2124 3903 2218 3974 qui
2265 3920 2329 3958 ex
2362 3905 2561 3974 plantis
2614 3907 2891 3972 oriuntur,
2937 3907 3208 3964 Bacchum
3257 3911 3438 3980 appel-

1870 3993 2002 4047 lant.
2049 3992 2126 4048 Ac
2165 3994 2298 4047 mihi
2354 4003 2408 4047 tu
2462 4010 2650 4049 eorum
2706 3997 2973 4065 imagines
3043 4002 3434 4069 contemplare.

1867 4082 2001 4137 Nam
2033 4083 2352 4153 Proserpina
2383 4087 2598 4154 quidem
2626 4087 2867 4157 symbola
2918 4088 3020 4142 fert
3054 4091 3437 4146 exsistentium

1869 4191 2029 4244 supra
2064 4185 2260 4230 terram
2293 4193 2321 4232 a
2353 4187 2594 4233 semente
2633 4180 2938 4248 germinum
2984 4198 2997 4234 :
3046 4177 3294 4237 Bacchus
3335 4198 3432 4237 au-

1868 4273 2000 4331 tem,
2035 4266 2122 4320 cui
2179 4269 2488 4321 communia
2542 4278 2670 4322 sunt
2719 4285 2841 4322 cum
2870 4270 3058 4324 eadem
3108 4269 3435 4342 Proserpina

1867 4373 2093 4424 cornua,
2121 4362 2372 4415 muliebri
2401 4363 2578 4432 specie
2603 4362 2852 4432 vtingitm,
2880 4373 2939 4416 ut
2969 4362 3078 4416 vim
3113 4363 3280 4427 illam,
3315 4381 3438 4434 quae

237 4455 280 4506 Ὀ
298 4455 344 4506 δὲ
374 4457 624 4525 Σειληνὸς
653 4454 916 4525 σύμϐολον
941 4454 1039 4524 τῆς
1067 4456 1440 4526 πνευματικῆς
1473 4457 1761 4526 κινήσεως,

1872 4453 2173 4521 plantarum
2209 4453 2474 4509 fructibus
2505 4455 2666 4518 inest,
2696 4469 2760 4507 ex
2804 4454 3045 4508 mascula
3093 4453 3436 4525 femineaque

228 4545 303 4597 οὒκ
315 4547 456 4614 ὀλίγα
481 4547 925 4618 συμϐαλλομένης
957 4545 1036 4616 τῷ
1065 4546 1242 4599 παντί.
1279 4545 1529 4616 Σύμϐολα
1564 4547 1620 4600 δέ
1647 4548 1760 4600 ἐστι

227 4639 274 4689 τὸ
411 4639 664 4709 φίλανοον
704 4639 796 4692 καὶ
827 4638 1072 4692 στιλπνὸν
1102 4637 1242 4691 κατά
1273 4637 1369 4708 τὴν
1398 4638 1637 4708 κεφαλὴν
1663 4639 1761 4709 τῆς

227 4731 437 4800 οὐρανίου
492 4733 830 4803 περιφορᾶς,
880 4733 913 4800 ἡ
957 4730 1013 4783 δὲ
1058 4731 1411 4802 περικειμένη
1463 4729 1605 4799 κόμη
1648 4732 1762 4792 τοῖς

227 4823 346 4874 κάτω
377 4823 595 4893 μέρεσιν
629 4821 790 4874 αὑτοῦ
825 4822 1127 4891 ὑπόδειγμα
1171 4821 1270 4890 τῆς
1317 4822 1604 4892 προσγείου
1634 4821 1761 4891 περὶ

225 4914 294 4963 τὸν
319 4913 444 4983 ἀέρα
477 4912 806 4983 παχύτητος.
847 4911 999 4963 Ἐπεὶ
1034 4911 1089 4963 δὲ
1117 4910 1216 4980 τῆς
1247 4911 1339 4963 καὶ
1374 4910 1635 4980 μαντικῆς
1672 4910 1761 4962 δυ·-

226 5001 404 5070 νάμεώς
431 5019 514 5066 τις
544 5002 765 5073 μέτοχος
794 4997 858 5071 ἦν
890 5000 1137 5070 δύναμις,
1173 5000 1340 5070 Θέμις
1375 5001 1471 5070 μὲν
1504 4999 1760 5068 κέκληται

227 5092 492 5164 ἠδύναμις,
517 5094 594 5164 τῷ
624 5094 689 5146 τὰ
715 5093 1000 5163 τεθειμένα
1030 5093 1124 5146 καὶ
1156 5092 1370 5160 ἑκάστῳ
1418 5091 1643 5160 κείμενα
1674 5090 1761 5143 λέ-

280 5273 378 5343 (87)
414 5275 601 5327 Κύων.
643 5271 832 5343 Mont.,
862 5271 1018 5324 κύνα.
1051 5267 1092 5321 Ε
1112 5283 1388 5343 ηιαηιιεςιῂ.
1411 5267 1566 5343 alter,
1587 5265 1754 5343 κυῷν,

228 5337 495 5413 empty.
522 5344 672 5397 Alter
704 5342 892 5411 κυνῆν,
924 5355 1196 5413 quievera
1249 5339 1378 5413 mihi
1436 5339 1594 5413 lectio
1641 5337 1755 5390 visa

230 5408 451 5468 εει.οιοι
501 5415 642 5466 enim
690 5408 895 5479 galeam
941 5408 1207 5479 intelligit.
1249 5408 1392 5462 Sane
1431 5409 1592 5479 paulo
1638 5417 1758 5474 post

231 5485 367 5603 ἰάθη,
410 5499 594 5537 canem
643 5478 788 5536 aliud
834 5481 1103 5552 quoddam
1155 5478 1398 5532 Plutonis
1445 5478 1752 5548 symbolum

250 5569 390 5603 uisse.

250 5569 390 5607 UISSC.

285 5624 380 5691 (88)
429 5625 490 5678 Ἡ
525 5625 794 5692 χορηγός.
839 5622 896 5676 Si
937 5620 1076 5675 nihil
1121 5619 1345 5675 omnino
1373 5617 1543 5692 deest,
1571 5617 1753 5685 legen-

233 5689 334 5769 dum
365 5689 931 5769 ’νίόθιιιήιδῇἿχορηχοφ
961 5693 1012 5769 id
1051 5700 1153 5769 est,
1184 5705 1313 5769 qua,
1340 5689 1437 5769 _ve|
1483 5696 1751 5769 quatenus

239 5763 324 5817 vim
342 5781 453 5819 eam
487 5757 1057 5836 suppeditatfl’lcuius
1091 5757 1225 5816 forte
1254 5760 1352 5830 legi
1385 5758 1574 5828 possit,
1600 5758 1748 5827 παρὰ

1865 4545 2152 4601 conﬂatam
2179 4547 2466 4617 signiﬁcet.
2495 4545 2654 4601 Pluto
2680 4546 2769 4600 ille
2796 4555 3076 4616 praeterea,
3102 4548 3196 4617 qui
3217 4544 3435 4602 Proser-

1862 4638 2044 4708 pinam
2099 4641 2298 4710 rapuit,
2333 4641 2540 4710 galeam
2574 4648 2768 4711 gestat,
2819 4655 2941 4710 quaa
2970 4639 3227 4693 latentem
3275 4641 3434 4709 igno-

1863 4742 2089 4802 tumque
2114 4734 2299 4803 polum
2339 4743 2688 4803 repraesentet
2731 4752 2743 4786 :
2793 4743 3048 4788 truncum
3104 4733 3229 4788 item
3269 4734 3432 4786 muti-

1871 4823 2092 4892 lumquc
2143 4834 2438 4894 sceptrum,
2470 4839 2579 4893 quo
2631 4823 2874 4891 ejusdem
2925 4823 2978 4875 in
3030 4837 3219 4876 manes
3272 4822 3431 4890 llo

1862 4912 2197 4982 umbrasque
2235 4914 2522 4983 imperium
2556 4914 2849 4967 denotetur
2888 4929 2901 4964 :
2958 4926 3147 4964 canem
3196 4912 3432 4980 denique

1861 5003 2043 5068 habet,
2091 5005 2183 5074 qui
2231 5005 2447 5074 frugum
2501 5004 2747 5074 designet
2787 5003 3256 5072 procreationem,
3310 5020 3431 5074 quae

1861 5095 2034 5150 tribus
2091 5096 2254 5150 veluti
2309 5095 2574 5165 partibus,
2623 5104 2862 5150 semente
2908 5093 3172 5157 facienda,
3213 5097 3432 5152 eadem--

1857 5269 1917 5323 τὸ
1944 5272 2094 5322 κυεῖν
2119 5268 2216 5349 τῂν
2244 5268 2370 5349 γῆν,
2473 5267 2727 5340 χορηγός,
2754 5265 2838 5321 vel
2869 5266 3050 5335 potius
3078 5257 3152 5349 οὗΔ
3171 5268 3431 5339 χορηγός,

1858 5356 2050 5406 nempe
2081 5343 2174 5392 τοῦ
2203 5343 2371 5392 κυεῖν.
2680 5405 2684 5406 ν
3148 5347 3152 5354 ’

1901 5405 2038 5478 ·(89)
2085 5406 2598 5478 Τελεσιογονῆσαι.
2641 5405 2795 5478 Haud
2844 5415 3046 5461 temere
3087 5407 3312 5478 vepbum
3345 5425 3432 5459 τε-

1855 5475 2177 5551 λεσιογονεῖν
2197 5475 2510 5551 γονέι-ἱειεχ
2530 5492 2696 5551 saepe
2716 5476 3126 5551 τελεσσλιγονεῖν.
3157 5475 3317 5551 Forte
3348 5487 3432 5530 ta-

1853 5567 1976 5604 men
2006 5547 2035 5601 ο
2068 5549 2214 5603 istud
2245 5547 2410 5603 inseri
2447 5548 2738 5618 aliquando
2768 5548 3053 5618 ppssit,_ut
3098 5548 3151 5600 in
3182 5547 3430 5618 cupedia-

1853 5621 2005 5689 λογία
2040 5635 2136 5689 pro
2165 5615 2740 5690 supectloyta,'supra.
2770 5615 2930 5671 ’Sane
2950 5615 3132 5690 intra,
3163 5615 3288 5690 pag.
3327 5616 3428 5671 119

1853 5686 2052 5746 eodem
2076 5686 2272 5746 iterum
2303 5692 2465 5744 modo
2493 5688 2756 5758 scriptum
2787 5686 3078 5758 reperitur.

3439 5728 3475 5738 --ο
3478 5726 3509 5737 -.ι
