3890 6384
535 350 638 407 199

1183 339 1455 400 EUSEBIl
1489 297 1966 394 CESARIENSIS
2005 327 2154 383 OPP.
2199 320 2377 380 PARS
2415 319 2479 406 ll.
2522 349 2590 359 —-
2630 311 3125 372 APOLOGETICA.

3615 319 3703 376 200

531 481 640 538 que
666 480 788 520 cum
817 461 1153 533 excipienda,
1187 468 1305 516 tum
1336 459 1400 514 ad
1429 465 1730 512 extremum
1777 453 1830 505 in
1865 449 2085 504 herbam

2199 461 2329 512 γειν.
2361 441 2459 494 Διά
2475 441 2538 510 δὴ
2567 438 2781 492 πάντων
2805 434 3007 488 τούτων
3031 435 3064 503 ἡ
3087 432 3214 502 περὶ
3237 431 3336 501 γῆν
3353 428 3584 503 δύναμις,
3607 435 3704 502 ἐξη.

529 570 584 615 et
612 559 850 614 culmum
883 555 1160 610 educenda
1195 552 1520 608 continetur.
1547 545 1730 614 Neque
1751 544 1894 598 enim
1933 557 1995 595 ex
2027 556 2091 594 eo

529 651 677 722 quod
710 651 826 720 ipse
861 649 1060 720 κῆρας,
1101 648 1203 700 hoc
1249 652 1332 698 est
1379 640 1610 702 animas,
1657 651 1794 706 quas
1849 634 2090 693 devoret,

529 721 729 798 habeat
764 740 934 804 κύων,
962 740 1014 794 id
1049 747 1132 792 est
1169 735 1344 798 canis,
1385 731 1704 802 appellatur,
1736 727 1827 782 sed
1855 723 2004 795 παρὰ
2032 721 2092 775 τὸ

528 836 702 899 κυεῖν,
739 836 841 890 hoc
880 841 964 886 est
995 846 1023 883 a
1057 829 1165 883 fcto
1211 826 1540 896 gravidoque
1574 832 1729 876 terra:
1783 828 1958 881 utero,
2002 815 2091 870 cui

526 926 887 999 progignendi
942 924 1051 977 vim
1079 921 1240 974 Pluto
1285 916 1616 987 suppeditat,
1652 928 1776 968 cum
1812 909 2092 978 Proserpi-

525 1035 656 1072 nam
685 1017 849 1087 rapit.
883 1015 1025 1080 Quin
1053 1012 1216 1067 etiam
1249 1011 1389 1064 Attis
1416 1016 1470 1063 et
1496 1007 1704 1062 Adonis
1733 1005 1969 1074 aliquam
1995 1001 2091 1054 ha-

527 1106 662 1161 bent
711 1121 836 1160 cum
887 1102 1080 1158 iisdem
1123 1087 1373 1168 frugibus
1401 1096 1827 1167 proportionem.
1861 1092 1925 1146 Et
1952 1091 2092 1144 Attis

526 1197 750 1268 quidem
799 1210 924 1249 cum
973 1193 1038 1248 iis
1085 1190 1314 1245 ﬂoribus
1351 1194 1718 1256 comparatur,
1770 1182 1863 1252 qui
1912 1181 2090 1250 primo

527 1301 654 1341 vere
682 1299 806 1339 cum
835 1282 1216 1346 excludantur,
1251 1278 1482 1333 necdum
1512 1276 1723 1344 integro
1767 1280 2090 1340 maturoque

526 1376 707 1430 fructu
755 1374 1032 1429 decidunt.
1086 1372 1147 1426 ld
1196 1369 1341 1441 quod
1387 1368 1440 1421 in
1471 1382 1633 1421 causa
1662 1364 1782 1428 fuit,
1808 1379 1907 1418 cur
1935 1375 2091 1418 exse-

527 1478 675 1523 ctum
719 1466 868 1520 illum
911 1465 1176 1527 dicerent,
1211 1476 1321 1531 quo
1354 1458 1561 1515 fructus
1606 1472 1702 1511 eos
1745 1455 2092 1526 designarent

529 1557 622 1626 qui
659 1555 900 1610 nondum
929 1553 1012 1607 vis
1037 1550 1316 1607 seminalis
1338 1558 1526 1605 essent
1545 1545 1911 1600 maturitatem
1940 1557 2090 1596 asse-

527 1647 660 1704 cuti.
717 1645 922 1700 Adonis
968 1651 1148 1698 autem
1191 1650 1530 1695 maturarum
1583 1637 1800 1706 frugum
1856 1647 2087 1689 messem

532 1744 906 1809 repraesentat.
941 1733 1062 1789 Jam
1093 1733 1312 1788 Silenus
1345 1729 1606 1801 spiritalis
1653 1733 1834 1780 motus
1869 1722 2090 1793 symbo-

533 1786 904 1809 ’τι-’πττ------
947 1786 1062 1789 ""“
1111 1786 1121 1788 '
1187 1786 1196 1787 "
1297 1786 1303 1787 ί
1375 1786 1389 1801 ι
1899 1786 1914 1793 -

529 1827 641 1883 lum
666 1836 770 1892 est,
801 1825 896 1896 qui
929 1833 984 1879 et
1016 1825 1132 1893 ipse
1163 1836 1273 1876 non
1307 1835 1500 1890 parum
1530 1817 1786 1870 universo
1814 1811 2088 1872 conducit;
2121 1786 2165 1843 Β

529 1926 585 1972 et
639 1915 858 1986 quidem
905 1925 1133 1969 ornatus
1179 1913 1372 1981 capitis
1421 1909 1647 1963 tioribus
1695 1921 1760 1959 ac
1810 1902 2098 1972 splendore

531 2007 880 2076 conspicuus,
908 2003 1183 2059 caelestem
1220 2000 1666 2060 conversionem;
1692 1993 1941 2050 caesaries
1971 2005 2099 2045 vero

528 2101 598 2158 ad
631 2109 813 2170 partes
844 2097 1090 2168 ejusdem
1123 2096 1410 2150 inferiores
1456 2105 1631 2161 usque
1658 2087 1950 2159 promissa,
1991 2094 2098 2139 ter-

529 2191 695 2248 restri
747 2189 979 2245 similem
1021 2187 1163 2244 aeris
1215 2184 1634 2241 crassitudinem
1685 2188 1963 2247 utcunque
2003 2176 2100 2229 ad—

529 2284 766 2338 umbrat.
790 2280 856 2336 Et
876 2281 1136 2350 quoniam
1167 2279 1251 2333 vis
1271 2286 1525 2347 praeterea
1549 2271 1826 2328 divinandi
1853 2269 2095 2339 quaedam

529 2378 726 2440 inerat,
758 2373 989 2428 Themin
1024 2373 1141 2442 ipsa
1175 2369 1552 2428 nominarunt,
1585 2363 1745 2434 quasi
1775 2361 2005 2431 singulis
2029 2358 2097 2412 τά

527 2467 837 2538 τεθειμένα,
860 2465 966 2519 hoc
986 2471 1070 2519 est
1098 2477 1184 2516 res
1207 2461 1318 2515 fato
1347 2459 1674 2513 constitutas
1701 2463 2099 2522 eventurasque

527 2558 878 2630 praenuntiet.
905 2555 1081 2625 Atque
1109 2553 1254 2606 hunc
1283 2550 1338 2603 in
1369 2549 1589 2603 modum
1618 2547 1724 2599 vim
1744 2545 1894 2598 illam
1942 2554 2101 2598 terra:

527 2658 610 2703 tot
641 2647 1019 2718 symbolarum
1055 2643 1310 2698 varietate
1360 2638 1682 2708 explicatam
1727 2644 2096 2700 venerantur;

529 2757 592 2796 ac
623 2740 849 2809 virginis
880 2737 1100 2808 quidem
1123 2733 1409 2801 Vestaque
1443 2729 1688 2791 nomine,
1735 2735 2007 2797 quatenus
2033 2739 2099 2781 ea

529 2842 780 2888 centrum
813 2830 1055 2885 universi
1083 2827 1462 2898 complectitur
1488 2839 1504 2889 ;
1543 2822 1802 2894 parentis,
1831 2829 2100 2890 quatenus

528 2924 902 2980 animantibus
933 2922 1188 2976 alimenta
1219 2918 1527 2989 suppeditat
1569 2933 1585 2982 ;
1631 2913 1782 2985 Opis,
1828 2923 2102 2983 quatenus

530 3016 737 3087 lapides
790 3022 1036 3086 generat,
1075 3012 1459 3078 montibusque
1485 3007 1820 3079 prominet;
1863 3004 2098 3070 Cereris,

2193 538 2404 607 γήσεως
2433 531 2690 603 τυχοῦσα,
2721 525 3100 598 θρησκεύεταιο
3126 525 3201 588 ὡς
3246 526 3340 594 μὲν
3367 525 3609 596 παρθένος
3635 528 3711 579 καὶ

2205 629 2404 692 Ἑστία,
2446 629 2479 695 ἠ
2527 622 2899 694 κεντροφόροςο
2951 620 3026 682 ὡς
3056 619 3112 672 δὲ
3149 618 3329 680 τοκὰς,
3361 619 3394 687 ἠ
3434 618 3630 690 τροφός·
3651 619 3714 685 ὡς

2191 722 2248 775 δὲ
2289 719 2434 780 Ῥέα,
2467 720 2500 786 ὴ
2541 713 2880 786 πετροποιὸς,
2926 712 3018 765 καὶ
3043 711 3237 781 ὄρειοςο
3275 708 3348 771 ὡς
3377 709 3432 761 δὲ
3462 712 3711 782 Δημήτηρ,

2193 812 2225 881 ἡ
2259 808 2572 880 χλοηφόροςο
2608 806 2684 870 ὡς
2712 806 2769 858 δὲ
2796 803 2982 873 Θέμις,
3013 803 3046 872 ἡ
3075 799 3410 871 χρησμῳδὸς,
3441 799 3526 853 τοῦ
3553 803 3622 864 είς
3642 804 3716 855 αύ-

2190 902 2286 972 τὴν
2313 899 2592 959 κατιόντος
2640 892 3012 966 σπερματικοῦ
3055 891 3215 960 λόγου
3262 893 3341 954 είς
3376 891 3463 944 τὸν
3510 892 3716 962 Πρίαπον

2192 991 2658 1061 ὲκτετυπωμένου·
2685 982 2746 1041 οῦ
2767 987 2829 1040 τὺ
2858 985 2956 1056 μὲν
2985 984 3112 1055 περὶ
3138 984 3264 1046 τοὺς
3291 982 3480 1052 ξηροὺς
3503 984 3716 1053 καρποὺς

2189 1085 2367 1154 Κόρη,
2397 1083 2459 1136 τὸ
2483 1081 2539 1134 δὲ
2573 1079 2717 1134 κατά
2748 1080 2873 1141 τοὺς
2897 1078 3096 1147 ὑγροὺς
3123 1075 3218 1129 καὶ
3253 1074 3320 1127 τὰ
3345 1073 3599 1144 ἀκρόδρυα
3619 1075 3717 1127 Διό-

2189 1192 2346 1238 νυσος
2374 1174 2633 1227 καλεῖται·
2675 1171 2773 1240 τῆς
2815 1170 2914 1240 μὲν
2956 1168 3138 1238 Κόρης
3176 1166 3281 1219 ὑπὸ
3316 1164 3608 1228 Πλούτωνος
3638 1164 3716 1217 τοῦ

2193 1269 2297 1322 ὑπὸ
2325 1268 2433 1338 Γῆν
2461 1265 2628 1328 ἰόντος
2685 1263 2864 1316 Ἡλίου
2897 1259 3282 1334 ἁρπαζομένης
3319 1257 3456 1312 κατὰ
3497 1258 3582 1312 τὸν
3617 1260 3722 1312 σπό-

2193 1375 2302 1430 ρον·
2332 1357 2425 1411 τοῦ
2447 1356 2503 1410 δὲ
2530 1354 2782 1408 Διονύσου
2805 1353 2944 1406 κατά
2969 1350 3037 1404 τά
3058 1350 3205 1421 πάθη
3226 1351 3327 1420 τῆς
3349 1349 3607 1419 δυνάμεως
3635 1351 3721 1403 ὑπο

2189 1447 2296 1519 γῆν
2329 1447 2428 1517 μὲν
2459 1443 2730 1516 νεωτέρας
2765 1444 2859 1498 καὶ
2897 1441 3223 1511 καλλιγόνης
3253 1439 3558 1494 ϐλαστάνειν
3583 1441 3721 1512 ἀρχο-

2193 1539 2376 1610 μένου,
2404 1538 2673 1609 ὲπιμάχου
2691 1537 2747 1590 δὲ
2763 1535 2861 1604 τῆς
2876 1533 3018 1588 κατά
3038 1532 3132 1604 τὴν
3152 1532 3321 1603 ἄνθην
3339 1531 3599 1602 δυνάμεως
3618 1533 3724 1603 σύμ-

2189 1631 2343 1685 ϐολον
2361 1630 2449 1683 τὸν
2476 1630 2659 1681 Ἀττιν
2689 1626 2936 1697 ἐχούσης·
2959 1625 3062 1694 τῆς
3083 1625 3145 1677 δὲ
3171 1624 3314 1678 κατὰ
3334 1621 3430 1694 τὴν
3455 1623 3722 1696 τελεσιουρ-

2190 1725 2315 1793 γίαν
2330 1723 2566 1795 ἐκτομὴν
2580 1722 2671 1775 τὸν
2689 1723 2936 1774 Ἀδωνινο
2955 1719 3050 1772 καὶ
3065 1718 3161 1789 τῆς
3183 1718 3280 1788 μὲν
3297 1717 3644 1787 πνευματικῆς
3655 1716 3724 1770 διὰ

2193 1816 2410 1870 πάντων
2442 1815 2726 1885 δυνάμεως
2757 1812 2832 1877 ὡς
2873 1812 2954 1874 είς
2981 1809 3234 1882 Σειληνὸν
3266 1808 3722 1879 ἀναπλαττομένης,

2192 1909 2290 1978 τῆς
2305 1907 2360 1960 δὲ
2377 1909 2456 1970 είς
2478 1905 2697 1959 ἔκτασιν
2712 1905 2809 1958 ἀπ’
2840 1903 3017 1957 αὐτῶν
3039 1900 3398 1973 παραγωγῆς,
3421 1902 3496 1964 εἰς
3521 1901 3681 1971 Βάκχη
3691 1919 3723 1952 ν

2194 1997 2379 2070 ὥσπερ
2413 1998 2478 2051 ἂν
2518 1998 2617 2068 τῆς
2647 1997 2728 2059 εἰς
2755 1994 2822 2048 τά
2855 1993 3145 2065 ἀφροδίσια
3179 1991 3523 2063 ἐρεθιζούσης
3558 1988 3726 2062 ὁρμῆς,

2193 2091 2281 2145 διὰ
2319 2089 2428 2143 τῶν
2455 2089 2731 2162 Σατύρων.
2767 2087 2864 2140 Διά
2899 2086 2964 2158 δὴ
3007 2085 3211 2139 τούτων
3253 2085 3361 2138 τῶν
3403 2084 3660 2154 συμϐόλων
3698 2087 3726 2154 ἡ

2194 2185 2470 2252 περίγειος
2517 2179 2911 2233 ἐκκαλύπτεται
2964 2175 3213 2248 δύναμις.
3282 2195 3300 2228 ι
3361 2175 3598 2230 Τοσαῦτα
3651 2174 3730 2245 μὲν

2194 2270 2288 2326 οὖν
2321 2273 2414 2326 καὶ
2445 2271 2591 2336 τάδε,
2625 2271 2660 2324 ἃ
2692 2271 2784 2324 καὶ
2822 2269 3133 2339 ἀναγκαίως
3166 2268 3555 2339 ἐπιτεμόμενος
3582 2283 3730 2337 παρα-

2194 2366 2461 2437 τέθειμαι,
2485 2367 2563 2428 είς
2595 2363 2654 2417 τὸ
2690 2363 2763 2434 μὴ
2796 2362 3010 2430 ἀγνοεῖν
3043 2362 3192 2430 ἡμᾶς
3221 2359 3288 2413 τά
3336 2359 3506 2429 σεμνά
3534 2357 3630 2410 τῶν
3659 2374 3731 2425 φι-

2195 2456 2456 2528 λοσόφων.
2503 2455 2657 2510 Οὕτω
2719 2450 3008 2523 τοιγαροῦν
3056 2450 3198 2504 κατά
3251 2450 3324 2504 τὰ
3381 2448 3728 2518 ἀποδεδομένα,

2195 2546 2348 2618 Κόρη
2387 2545 2482 2616 μὲν
2512 2545 2546 2616 ἡ
2577 2543 2684 2595 τῶν
2707 2541 3010 2612 σπορίμων,
3043 2541 3293 2603 Διόνυσος
3321 2537 3379 2591 δὲ
3407 2539 3440 2609 ἡ
3466 2537 3567 2590 τῶν
3591 2539 3730 2608 ἀκρο-

2195 2638 2370 2710 δρύων
2402 2636 2649 2706 δύναμις·
2675 2634 2768 2688 καὶ
2793 2632 2901 2686 τῶν
2928 2632 3028 2703 μὲν
3049 2629 3280 2702 ἐαρινῶν
3297 2628 3475 2682 ἀνθῶν
3501 2631 3528 2681 ὁ
3555 2630 3730 2690 Ἀττις,

2195 2728 2306 2783 τῶν
2338 2726 2396 2781 δὲ
2427 2725 2646 2780 τελείων
2684 2722 2909 2794 καρπῶν
2950 2722 2980 2773 ὁ
3014 2720 3241 2783 Ἀδωνις
3279 2719 3562 2790 σύμϐολον.
3597 2717 3654 2771 Τί
3679 2715 3731 2789 δὴ

2195 2817 2300 2876 οὖν
2334 2821 2440 2892 χρὴ
2473 2817 2646 2872 ταῦτα
2680 2817 2964 2873 θεοποιεῖν,
3008 2815 3089 2878 είς
3123 2812 3334 2885 τροφὰς
3362 2812 3618 2883 σωμάτων
3643 2810 3733 2863 τῶν

2199 2915 2293 2969 ἐπὶ
2324 2913 2428 2983 γῆς
2457 2911 2611 2976 ζώων
2642 2909 2777 2980 πρὸς
2806 2909 2898 2962 τοῦ
2923 2906 3029 2960 τῶν
3053 2906 3189 2959 ὅλων
3221 2903 3362 2958 Θεοῦ
3391 2903 3732 2976 πεποιημένας

2197 3006 2351 3059 Τίδέ
2392 3002 2714 3076 θρησκεύειν
2754 3001 2852 3070 τὴν
2898 2998 3172 3070 περίγειον
3213 2997 3446 3068 δύναμιν
3492 2995 3736 3068 προσῆκόν

533 3118 804 3179 quatenus
838 3106 1069 3162 virentia
1110 3104 1354 3174 germina
1378 3109 1661 3170 procreat;
1700 3098 1767 3152 ad
1794 3105 2096 3152 extremum

2199 3097 2346 3152 iactv
2387 3098 2539 3166 ἡμῖν,
2591 3091 2673 3157 οἷς
2708 3092 2867 3162 φύσις
2919 3092 3033 3144 ἐστι⁵
3079 3091 3254 3160 ψυχῆς
3289 3087 3536 3161 οὐρανία,
3574 3088 3735 3156 λογική

531 3199 835 3266 Themidis,
887 3206 1156 3268 quatenus
1200 3193 1492 3249 fundendis
1531 3189 1772 3245 oraculis
1820 3188 1944 3242 usui
1993 3197 2096 3242 est.

528 3290 653 3348 Vim
686 3301 865 3346 autem
899 3288 1144 3353 seminis,
1177 3285 1324 3356 quod
1353 3283 1526 3354 ipsius
1552 3282 1606 3334 in
1633 3281 1902 3352 gremium
1932 3278 2100 3334 eﬁ'un-

534 3385 703 3448 ditur,
747 3383 802 3436 in
849 3380 1032 3450 Priapi
1087 3378 1320 3447 speciem
1347 3374 1632 3439 .elIinxere,
1685 3373 1763 3426 sic
1809 3379 1994 3425 tamen
2042 3377 2102 3424 ut

532 3477 679 3546 quod
706 3474 867 3530 siccis
892 3471 1140 3542 frugibus
1166 3465 1528 3539 producendis
1559 3473 1740 3535 aptum
1765 3475 1940 3529 esset,
1970 3461 2102 3516 Pro-

533 3567 830 3636 serpinam,
879 3563 1026 3634 quod
1074 3576 1204 3616 vero
1249 3558 1318 3614 ad
1350 3556 1690 3612 humidiores
1735 3555 2102 3623 arborumque

533 3658 678 3713 fetus
719 3656 1040 3728 pertineret,
1092 3653 1362 3708 Bacchum
1415 3649 1771 3721 appellarent.
1809 3648 1901 3703 Sic
1937 3649 2103 3718 igitur

532 3752 860 3822 Proserpina
902 3749 1121 3819 quidem
1172 3744 1431 3802 sementis
1477 3753 1723 3813 tempore
1766 3757 1798 3796 a
1848 3741 2100 3805 Plutone,

533 3848 640 3902 hoc
696 3853 782 3899 est
821 3859 855 3897 a
893 3842 1008 3897 sole
1070 3841 1172 3895 sub
1219 3852 1392 3894 terras
1449 3842 1795 3890 commeante
1850 3833 2100 3902 rapitur;

536 3937 786 3994 Bacchus
811 3943 991 3989 autem
1033 3948 1157 3988 cum
1218 3929 1524 4001 germinare
1557 3925 1772 3994 incipit,
1804 3923 1968 3994 idque
2006 3939 2102 3993 pro

536 4027 894 4101 qualitatibus
924 4026 1012 4092 iis,
1047 4024 1247 4095 quibus
1277 4021 1371 4074 illa
1408 4019 1490 4073 vis
1516 4016 1769 4084 aliicitur,
1791 4031 1913 4085 qua:
1951 4025 2102 4069 teneo

535 4120 648 4174 rior
685 4116 884 4184 adhuc,
916 4112 1132 4169 tametsi
1162 4111 1229 4165 ad
1281 4108 1495 4164 fructus
1541 4105 1858 4161 excellentis
1901 4105 2102 4174 produ-

537 4210 773 4267 ctionem
813 4207 1028 4272 idonea,
1089 4203 1191 4259 sub
1243 4212 1386 4257 terra
1441 4198 1710 4255 delitescit
1751 4216 1765 4250 :
1811 4205 1921 4250 tum
1976 4210 2105 4250 vero

538 4317 695 4362 suam
727 4299 777 4356 ei
807 4298 1000 4353 virtuti
1023 4297 1337 4352 commodat
1365 4306 1609 4362 operam,
1642 4303 1762 4360 quae
1787 4299 1847 4342 ut
1879 4287 2104 4343 ﬂoribus

537 4391 889 4453 excludendis
921 4397 1138 4460 praeest,
1190 4380 1331 4441 A'ttis
1365 4383 1616 4454 symbolo
1644 4401 1659 4448 ;
1691 4391 1748 4436 ut
1775 4389 1956 4435 autem
1996 4396 2106 4434 ma-

534 4499 782 4543 turarum
825 4480 1044 4552 frugum
1088 4477 1278 4542 messi,
1312 4474 1519 4530 Adonis
1560 4471 1782 4526 nomine
1807 4469 2100 4525 adumbra-
2137 4488 2180 4542 ι)

537 4587 649 4633 tur.
683 4574 948 4629 Prazterea
979 4571 1062 4625 vis
1089 4570 1180 4623 illa
1214 4566 1501 4638 spiritalis,
1542 4579 1666 4634 quae
1702 4562 1954 4618 universa
1981 4577 2105 4632 per-

537 4678 706 4736 meat,
722 4665 920 4732 Sileni;
936 4678 1058 4734 qua).
1074 4658 1208 4715 vero
1227 4659 1440 4714 cunctis
1455 4656 1718 4727 paulatim
1734 4654 2030 4710 educendis
2043 4668 2106 4708 ac

539 4765 714 4836 magis
729 4765 1011 4833 magisque
1039 4756 1381 4830 proferendis
1414 4756 1750 4819 continetur,
1779 4751 2106 4808 Barchantis

546 4857 701 4927 ιιι
756 4856 812 4910 in
867 4853 1102 4922 speciem
1151 4847 1528 4905 conformatur
1575 4865 1590 4899 :
1646 4843 2104 4911 quemadmodum

543 4951 705 5004 etiam
734 4948 986 5017 impetus,
1009 4944 1101 5013 qui
1135 4943 1201 4997 ad
1224 4937 1487 4995 Venerem
1515 4938 1847 5003 exstimulat,
1878 4937 2105 5006 Satyro-

543 5055 666 5094 rum
716 5037 888 5108 eﬂigie
937 5035 1077 5091 solet
1129 5031 1394 5087 exhiberi.
1465 5033 1643 5099 Atque
1698 5029 1814 5083 haec
1863 5024 2107 5097 symbola

544 5139 693 5195 sunt,
737 5128 940 5197 quibus
981 5133 1141 5179 terra:
1174 5121 1256 5177 vis
1286 5121 1449 5176 insita
1492 5120 1817 5174 declaratur.
1861 5135 1880 5168 ι
1918 5113 2110 5168 Hacte-

547 5237 650 5278 nus
677 5235 805 5290 ergo
832 5217 1190 5289 Porphyrius,
1221 5229 1344 5284 quae
1372 5211 1511 5266 mihi
1546 5211 1762 5264 brevius
1789 5208 2028 5280 quidem,
2056 5213 2110 5260 at

545 5313 859 5370 necessario
905 5321 1084 5365 tamen
1132 5304 1611 5364 commemoranda
1670 5303 1822 5369 duxi,
1870 5316 1936 5356 ne
1979 5299 2110 5370 quid

548 5403 811 5474 speciosa:
840 5401 1290 5470 philosophorum
1333 5397 1560 5451 istorum
1599 5394 1861 5449 doctrinae
1901 5407 2000 5446 nos
2032 5390 2110 5445 la:

549 5503 678 5549 teat.
702 5490 977 5546 Habemus
1000 5491 1144 5544 enim
1174 5504 1324 5553 vero,
1359 5503 1423 5542 ex
1452 5487 1625 5541 nostri
1658 5484 1821 5552 hujus
1849 5485 2113 5550 interpre-

552 5586 624 5640 tis
672 5582 1054 5652 explieatione,
1120 5579 1503 5649 Proserpinam
1564 5575 1784 5646 quidem
1834 5573 2109 5628 fructuum

553 5691 741 5733 eorum
781 5674 890 5728 vim
936 5673 1172 5727 nativam
1212 5688 1357 5736 esse,
1393 5671 1486 5741 qui
1515 5655 1674 5740 'jaeto
1707 5667 1938 5728 semine,
1971 5664 2109 5720 Bac-

555 5769 716 5822 chum
745 5774 924 5820 autem
957 5777 1166 5825 eorum,
1210 5763 1302 5831 qui
1333 5777 1396 5815 ex
1435 5760 1636 5828 plantis
1659 5759 1950 5812 oriuntur:
1989 5770 2110 5809 ver-

2198 3207 2256 3242 τε
2298 3188 2393 3241 καὶ
2425 3186 2688 3248 ἀθάνατος
2726 3182 2878 3254 παρὰ
2922 3181 3016 3236 τοῦ
3063 3181 3458 3252 παμϐασιλέως
3486 3180 3588 3234 τῶν
3623 3180 3739 3232 ὅλων

2199 3279 2357 3341 Θεοῦ,
2404 3278 2641 3341 διανοίας
2694 3264 2905 3346 ὄμμασι
2955 3273 3392 3345 κεκαθαρμένοις
3439 3271 3738 3344 θεωρητικῆς

2199 3373 2304 3425 Τὸν
2341 3371 2399 3424 δὲ
2430 3369 2681 3438 Σειληνὸν
2719 3367 2933 3421 ἀκούων
2973 3365 3070 3438 τὴν
3105 3365 3483 3436 πνευματικὴν
3516 3359 3644 3417 εἶναι
3673 3362 3741 3414 κί-

2199 3482 2378 3536 νησιν,
2425 3464 2519 3517 καὶ
2550 3462 2647 3533 τὴν
2689 3461 2980 3531 διήκουσαν
3008 3457 3098 3511 διὰ
3127 3457 3342 3510 πάντων
3373 3456 3611 3526 δύναμιν,
3641 3451 3740 3506 τοτὲ

2205 3557 2303 3628 μὲν
2345 3555 2443 3627 τὴν
2477 3555 2728 3625 οὐράνιον
2767 3551 3070 3622 περιφορὰν
3116 3549 3204 3603 διὰ
3247 3549 3351 3620 τῆς
3392 3547 3623 3618 κεφαλῆς
3649 3546 3745 3597 ἐπι-

2199 3649 2564 3720 δεικνύμενον,
2597 3648 2717 3699 τοτέ
2741 3647 2797 3699 δὲ
2824 3644 2918 3715 τὴν
2941 3643 3070 3714 περὶ
3096 3642 3187 3694 τὸν
3217 3640 3355 3712 ἀέρα
3383 3639 3652 3711 παχύτητα
3671 3635 3743 3689 διὰ

2200 3741 2302 3810 τῆς
2329 3739 2520 3802 λασίας
2546 3738 2722 3809 κόμης
2749 3735 2839 3789 τοῦ
2868 3734 3075 3804 γενείου
3093 3751 3108 3763 ·
3151 3733 3267 3796 πῶς
3287 3733 3356 3787 ἄν
3377 3749 3462 3796 τις
3491 3732 3745 3802 ἀνάσχοιτο

2201 3830 2389 3884 τοῦτον
2425 3829 2522 3900 μὲν
2560 3827 2702 3900 ὁρῶν
2735 3825 2989 3896 οὐδεμιᾶς
3022 3822 3326 3894 ἠξιωμένον
3367 3822 3650 3893 σεϐασμίου
3678 3837 3744 3871 τι-

2208 3921 2336 3992 μῆς,
2373 3920 2432 3973 ὂν
2474 3919 2637 3990 ἐχρῆν
2678 3917 2784 3987 πρὸ
2822 3915 2928 3969 τῶν
2963 3914 3180 3968 πάντων
3221 3911 3508 3977 θεοποιεῖν,
3545 3910 3746 3964 Ἄδωνιν

2205 4016 2263 4068 δὲ
2300 4016 2394 4069 καὶ
2423 4016 2692 4075 Διόνυσον,
2725 4014 2850 4075 τοὺς
2876 4012 3122 4082 καρποὺς
3151 4008 3352 4082 δηλαδὴ
3395 4011 3486 4065 καὶ
3511 4009 3578 4063 τὰ
3605 4005 3747 4078 ἀκρό-

2203 4108 2360 4178 δρυα,
2387 4103 2864 4174 θεοποιουμένους;
2909 4102 3005 4165 Τίς
3039 4101 3084 4154 δ’
3117 4100 3182 4154 ἂν
3223 4100 3536 4170 ὑπομείνειε
3577 4113 3746 4169 σεμνο-

2201 4199 2559 4270 λογουμένους
2606 4196 2817 4250 ἀκούων
2845 4193 3118 4265 Σατύρους
3172 4193 3266 4246 καὶ
3318 4193 3560 4263 Βάκχας,
3603 4191 3665 4244 τὰ
3699 4191 3748 4242 ἐν

2202 4290 2510 4362 ἀνθρώποις
2543 4287 2742 4359 αἰσχρά
2779 4287 2872 4340 καὶ
2905 4286 3178 4340 ἀκόλαστα
3207 4285 3394 4354 πάθη;
3430 4287 3479 4337 εί
3509 4284 3572 4355 δὴ
3593 4284 3638 4336 ol
3665 4281 3750 4352 μὲν

2205 4382 2423 4453 ἐδήλουν
2453 4379 2550 4442 τὰς
2592 4381 2670 4442 είς
2701 4376 2771 4430 τὰ
2812 4377 3098 4448 ἀφροδίσια
3127 4375 3476 4448 ἐρεθιξούσας
3519 4373 3682 4445 ὁρμὰς
3709 4370 3750 4422 oi

2202 4473 2455 4544 Σάτυροι,
2477 4472 2531 4524 αἱ
2552 4470 2608 4522 δὲ
2631 4469 2841 4540 Βάκχαι
2863 4468 2962 4531 τὰς
2981 4469 3058 4532 εἰς
3081 4467 3296 4520 ἔκτασιν
3322 4467 3432 4520 τῶν
3458 4466 3583 4537 περὶ
3601 4462 3752 4516 ταῦτα

2207 4563 2606 4638 συμϐαινούσας
2651 4562 3007 4632 παραγωγάς.
3054 4563 3164 4614 Καὶ
3203 4562 3257 4612 τί
3303 4561 3386 4614 δεῖ
3427 4558 3568 4614 κατὰ
3608 4557 3752 4628 μέρος

2204 4661 2430 4713 ἕκαστον
2469 4657 2810 4727 ἀπελέγχειν,
2845 4655 3166 4727 ἐπιδραμεῖν
3215 4653 3332 4706 δέον
3372 4652 3451 4717 ὡς
3510 4653 3573 4706 ἂν
3608 4649 3754 4721 μηδὲν

2205 4753 2350 4822 ἡμᾶς
2395 4750 2503 4803 τῶν
2544 4751 2868 4822 ἀπορρήτων
2913 4746 3175 4819 λανθάνῃ,
3219 4745 3313 4798 καὶ
3356 4745 3459 4816 τὴν
3501 4744 3606 4796 τῶν
3644 4739 3755 4808 ἑξῆς

2207 4839 2559 4911 ἐπιτεμέσθαι
2595 4838 2970 4908 φυσιολογίανς
3010 4837 3076 4908 ἢν
3119 4836 3424 4889 ἐκτέοειται
3455 4836 3483 4887 ὁ
3518 4829 3757 4904 δηλωθεὶς

2210 4931 2573 5003 συγγραφεὺς,
2617 4930 2766 4984 τόνδε
2809 4929 3038 4994 ἐπεξιὼν
3076 4928 3166 4982 τὸν
3218 4927 3418 4998 τρόπον
3443 4942 3457 4957 ο
3497 4945 3516 4977 ‹
3566 4923 3672 4994 Τὴν
3710 4920 3758 4972 δὲ

2209 5024 2488 5097 ὑδροποιὸν
2548 5023 2675 5094 ὃλην
2744 5023 2971 5094 δύναμιν
3049 5021 3297 5073 Ὠκεανὸν
3344 5020 3657 5090 προσεῖπον,
3709 5011 3762 5063 τὸ

2213 5115 2474 5186 σύμϐολον
2509 5115 2674 5185 αὐτῆς
2704 5114 2874 5185 Τηθὺν
2903 5114 3286 5183 ὀνομάσαντεςο
3329 5112 3429 5181 τῆς
3470 5110 3528 5163 δὲ
3567 5106 3760 5176 ὃλης,ἡ

2215 5211 2310 5281 μὲν
2354 5209 2459 5262 τῶν
2504 5210 2744 5280 ποτίμων
2777 5209 3114 5280 πεποιημένη
3165 5205 3426 5277 Ἀχελῷος
3463 5204 3640 5263 αὐτοῖς
3669 5197 3754 5251 κέ-

2211 5303 2424 5372 κληται,
2460 5303 2492 5373 ἡ
2517 5299 2575 5355 δὲ
2598 5302 2705 5355 τῶν
2737 5301 3039 5355 θαλασσίων
3072 5299 3340 5354 Ποσειδῶν
3367 5297 3531 5350 πάλιν
3558 5294 3652 5364 τῆς
3675 5290 3760 5343 θα-

2211 5393 2553 5459 λασσοποιοῦ,
2599 5395 2734 5448 καθὸ
2800 5393 3114 5464 γεννητικὴ,
3177 5389 3538 5462 Ἀμφιτρίτης
3588 5385 3758 5454 οὔσης·

2212 5488 2324 5539 Καὶ
2355 5489 2410 5541 αἱ
2447 5486 2544 5557 μὲν
2571 5486 2679 5539 τῶν
2727 5485 2969 5554 γλυκέων
3013 5486 3220 5538 ὑδάτων
3261 5481 3484 5553 μερικαὶ
3525 5477 3762 5546 δυνάμεις

2213 5578 2457 5650 Νύμφαι,
2494 5579 2551 5632 αἱ
2595 5579 2652 5630 δὲ
2683 5578 2789 5630 τῶν
2832 5577 3131 5630 θαλασσίων
3167 5575 3428 5646 Νηρεΐδες
3463 5571 3759 5639 κέκληνται.

2214 5667 2320 5720 Τοῦ
2340 5668 2382 5719 δ’
2404 5663 2469 5720 αὖ
2497 5668 2665 5738 πυρὸς
2681 5667 2778 5738 τὴν
2799 5667 3024 5738 δύναμιν
3044 5664 3426 5738 προσειπόντες
3453 5663 3760 5730 “Ηιραιστονν

2223 5758 2628 5828 ἀνθρωποειδὲς
2689 5761 2787 5828 μὲν
2841 5759 3004 5811 αὑτοῦ
3056 5759 3116 5810 τὸ
3176 5755 3391 5825 ἄγαλμα
3445 5751 3761 5820 πεποιήκασι
