3890 6384
437 279 545 335 205

1096 274 1368 332 EUSEBII
1403 274 1878 333 CAESARIENSIS
1914 276 2061 332 Ol’P.
2109 278 2288 334 PARS
2324 279 2387 335 ll.
2424 313 2493 323 —
2530 280 3031 341 APOLOGETICA.

3582 288 3686 344 ωδ

442 395 568 448 nius
601 397 655 447 et
681 389 750 444 ab
782 389 931 444 omni
962 388 1090 444 faece
1124 390 1456 461 purissimus
1489 388 1633 460 ignis
1666 388 1999 444 domicilium

2107 392 2208 460 γῆν
2238 392 2412 461 φωτὸς
2446 394 2535 448 τὸν
2570 395 2881 467 πορφυροῦν
2904 396 3104 466 χιτῶνα
3134 395 3443 467 ποιούμενοι
3480 397 3686 470 σύμϐο-

441 502 602 543 suum
630 486 936 541 collocavit.
961 483 1095 539 Nam
1136 485 1227 555 qui
1258 500 1288 539 e
1320 484 1459 539 coelo
1485 482 1698 539 delatus
1741 483 1795 538 in
1828 492 2004 540 terras

440 579 584 651 ignis
610 588 712 641 est,
737 578 881 648 quod
906 585 1125 648 pr0pter
1151 578 1413 647 majorem
1438 577 1864 631 imbecillitatem
1889 592 2006 631 ma-

440 672 592 727 teria:
615 671 774 742 quasi
804 669 1144 724 firmamento
1174 669 1432 735 indigeat,
1456 669 1785 725 claudicanti
1809 669 2006 725 similis

436 763 746 834 efﬁngitur:
799 776 921 818 cum
958 770 1138 816 autem
1189 760 1462 830 ejusmodi
1503 776 1721 832 quoque
1766 761 2005 832 aliquam

437 859 571 914 solis
596 871 719 912 esse
754 856 863 909 vim
890 864 1165 925 putarent,
1204 853 1511 926 Apollinem
1540 855 1717 925 ipsum
1744 853 2001 909 nomina-

439 958 593 1015 runt,
645 965 673 1003 a
715 949 946 1002 tremula
992 947 1269 1002 radiorum
1310 946 1429 1017 ejus
1468 946 1792 1013 vibratione,
1840 961 2003 1016 quam

438 1042 637 1098 πάλσιν
675 1040 845 1096 Graeci
885 1039 1094 1095 dicunt.
1127 1041 1205 1095 Ac
1232 1054 1426 1094 novem
1459 1038 1678 1110 quidem
1708 1037 1894 1104 Musa},
1928 1037 2006 1092 illi

438 1134 770 1195 accinentes,
800 1131 1067 1201 sphazram
1102 1130 1228 1184 luna
1262 1128 1597 1194 inferiorem,
1640 1145 1763 1184 cum
1799 1138 2003 1199 septem

434 1220 778 1290 planetarum
808 1218 1056 1282 orbibus,
1097 1232 1317 1288 unoque
1345 1227 1603 1288 praeterea
1635 1219 1817 1275 omnis
1849 1234 2003 1275 erro-

435 1310 515 1365 ris
547 1318 765 1379 experte
794 1316 1213 1379 reprmsentant.
1251 1307 1493 1364 Laurum
1521 1325 1651 1366 vero
1673 1310 1848 1366 eidem
1880 1327 2005 1366 con-

434 1411 743 1466 secrarunt,
794 1402 993 1471 partim
1044 1403 1187 1471 quod
1223 1401 1346 1472 igne
1387 1401 1625 1459 abundet
1670 1405 1775 1460 hoc
1808 1406 2004 1475 planta:

434 1510 624 1565 genus,
660 1509 836 1566 eoque
862 1495 1201 1550 dmmonibus
1231 1510 1457 1551 exosum
1494 1496 1863 1569 infestumque
1896 1499 2000 1565 sit;

429 1586 630 1657 partim
664 1588 832 1658 quod,
869 1587 999 1642 dum
1031 1588 1232 1653 uritur,
1268 1589 1455 1644 vocale
1485 1591 1577 1657 sit,
1610 1604 1783 1662 eoque
1815 1591 2000 1646 futura

431 1680 762 1753 praedicendi
803 1681 910 1736 vim
958 1681 1087 1737 huic
1133 1680 1234 1738 deo
1272 1682 1450 1738 inesse
1496 1684 1785 1756 significet.
1832 1683 1999 1739 Eum-

431 1777 579 1841 dem,
616 1786 888 1846 quatenus
921 1776 991 1831 ab
1017 1776 1104 1839 iis,
1152 1778 1244 1846 qui
1280 1777 1332 1831 in
1362 1776 1524 1833 terris
1566 1788 1753 1850 agunt,
1792 1778 2001 1834 incom-

432 1870 597 1924 moda
650 1868 1093 1939 calamitatesque
1139 1869 1377 1939 depellit,
1415 1868 1571 1941 quasi
1609 1871 1739 1924 dum
1775 1870 1843 1925 ab
1878 1880 2001 1925 ortu

433 1960 491 2015 in
543 1976 800 2016 occasum
847 1962 1213 2031 progreditur,
1249 1961 1479 2016 κλᾶσθαι
1515 1963 1651 2033 πρὸς
1690 1962 1848 2033 ἀέρα,
1898 1962 2003 2019 hoc

429 2062 515 2107 est
542 2053 610 2107 ad
647 2066 827 2106 aerem
866 2050 1043 2122 frangi
1091 2052 1365 2116 videatur,
1410 2052 1681 2125 Ἠρακλέα
1717 2052 2001 2108 Herculem

426 2144 813 2214 appellarunt;
863 2158 1027 2213 quem
1080 2144 1243 2197 etiam
1304 2144 1591 2200 duodecim
1640 2144 2000 2199 certaminum

428 2235 617 2290 labore
661 2233 976 2289 defunctum
1013 2248 1135 2289 esse
1190 2233 1524 2302 fabulantur,
1579 2235 1815 2291 caelestis
1851 2235 2003 2292 orbis

428 2325 483 2379 in
518 2323 804 2379 duodecim
839 2323 992 2395 signa
1036 2323 1359 2381 divisionem
1410 2325 1513 2381 hoc
1546 2325 1790 2396 symbolo
1822 2324 2003 2381 deela-

427 2430 551 2471 rare
598 2415 899 2484 cupientes.
940 2413 1159 2469 Flavam
1213 2416 1313 2485 ipsi
1362 2415 1644 2485 lconisque
1681 2416 1877 2486 pellem
1919 2424 2001 2471 at-

425 2507 699 2570 tribuunt,
734 2513 793 2559 ut
818 2506 986 2560 altera
1014 2515 1199 2560 motus
1229 2506 1673 2575 imeqnalitatem,
1699 2507 1866 2562 altera
1890 2507 1998 2562 vim

427 2593 561 2647 solis
608 2592 664 2647 in
707 2592 882 2648 leonis
929 2592 1086 2664 signo
1145 2594 1381 2649 maxime
1418 2595 1787 2652 dominantem
1840 2598 1997 2653 exhi-

424 2684 612 2739 beant.
648 2682 769 2738 Jam
804 2684 1062 2740 virtutem
1100 2685 1247 2742 illius
1277 2686 1569 2741 salutarem
1604 2703 1698 2757 per
1746 2686 2000 2743 IEscula-

425 2777 578 2847 pium
631 2791 951 2846 expressam
990 2777 1231 2845 voluere,
1283 2777 1443 2848 eique
1488 2779 1742 2835 baculum
1778 2779 1832 2834 in
1882 2772 2001 2835 ma-

425 2883 558 2921 num
587 2866 873 2930 dederunt,
911 2866 1119 2923 scilicet
1149 2882 1259 2936 quo
1292 2866 1603 2922 laborantes
1626 2866 1711 2922 sui
1739 2881 1863 2921 cum
1899 2881 1995 2921 su-

424 2957 717 3022 stentaudi,
742 2966 856 3011 tum
876 2958 1037 3012 etiam
1068 2957 1310 3029 erigendi
1339 2958 1511 3028 gratia
1539 2964 1841 3013 uterentur.
1869 2955 1998 3012 Ser-

2109 483 2220 550 λον,
2253 486 2315 538 τὸ
2340 486 2396 539 δὲ
2428 487 2943 559 ήκριιγτηριασμένον
2978 489 3251 560 σκῆπτρον
3272 489 3372 559 τῆς
3413 490 3566 544 κάτω
3591 491 3686 544 δυ-

2108 578 2321 648 νάμεως
2344 579 2430 643 ,τό
2462 596 2521 632 τε
2553 580 2737 650 σχῆμα
2763 581 2859 651 τῆς
2895 580 3075 651 χειρὸς
3105 580 3198 633 τοῦ
3236 584 3570 654 μεταχωρεῖν
3607 584 3688 647 εἰς

2107 668 2168 721 τὸ
2194 670 2412 739 ἀφανές.
2451 670 2507 724 'O
2538 671 2596 723 δὲ
2622 672 2895 744 Κέρϐερος
2922 672 3245 745 τρικέφαλος
3274 673 3391 744 μὲν,
3426 673 3509 726 ὅτι
3538 677 3688 746 τρεῖς

2109 763 2163 815 αἱ
2192 762 2301 816 ἄνω
2326 762 2497 835 χῶραι
2524 763 2699 834 ἡλίου,
2726 764 2977 836 ἀνατολὴ,
3009 759 3342 836 μεσημϐρία,
3374 763 3547 828 δύσις.
3575 764 3687 836 Τὴν

2109 852 2167 907 δὲ
2196 853 2452 925 σελήνην,
2500 855 2649 926 παρά
2681 854 2741 908 τὸ
2789 855 2952 918 σέϐας
2984 854 3367 919 ὑπολαϐόντες,
3419 856 3689 928 Ἀρτεμιν

2109 944 2573 1015 προσηγόρευσαν,
2620 940 2730 998 οἷον
2765 946 3071 1018 ἀερότομιν.
3109 948 3277 1017 Λοχία
3307 964 3367 1001 τε
3414 950 3449 1018 ἡ
3485 949 3687 1021 Ἀρτε-

2112 1054 2224 1107 μις,
2244 1037 2446 1107 καίπερ
2469 1033 2601 1090 οὖσα
2625 1037 2911 1108 παρθένος,
2935 1038 3014 1091 ὅτι
3041 1040 3073 1108 ἡ
3104 1038 3201 1109 τῆς
3224 1038 3515 1110 νουμηνίας
3532 1037 3690 1092 δύνα-

2110 1144 2200 1195 μις
2240 1127 2566 1198 προσθετικὴ
2586 1129 2666 1191 εἰς
2690 1127 2751 1181 τὸ
2780 1128 3001 1182 τίκτειν.
3036 1128 3210 1201 Ὅπερ
3232 1128 3288 1181 δὲ
3319 1128 3590 1182 Ἀπόλλων
3628 1128 3690 1181 ὲν

2107 1220 2260 1290 ήλίῳ,
2287 1219 2442 1272 τοῦτο
2479 1219 2677 1291 Ἀθηνᾶ
2713 1222 2769 1275 ὲν
2813 1220 3025 1294 σελήνῃ·
3059 1221 3178 1274 ἐστι
3214 1221 3322 1293 γάρ
3348 1222 3448 1293 τῆς
3478 1223 3685 1294 φρονή-

2070 1330 2073 1331 '
2108 1330 2245 1375 σεως
2268 1311 2549 1383 σύμϐολον,
2592 1313 2789 1384 Ἀθηνᾶ
2814 1331 2897 1378 τις
2917 1311 3072 1368 οὖσα.
3110 1314 3383 1385 Ἑκάτηδὲ
3415 1317 3449 1387 ή
3485 1315 3689 1388 σελήνη

2107 1405 2286 1469 πάλιν,
2320 1405 2418 1476 τῆς
2457 1406 2583 1477 περὶ
2614 1406 2779 1477 αὐτὴν
2825 1407 3361 1478 μετασχηματίσεως,
3407 1409 3503 1461 καὶ
3543 1410 3691 1462 κατά

2103 1497 2230 1560 τοὺς
2260 1498 2669 1568 σχηματισμοὺς
2695 1498 2994 1569 δυνάμεως.
3020 1498 3109 1551 Διὸ
3134 1499 3433 1570 τρίμορφος
3458 1501 3494 1570 ή
3520 1498 3685 1552 δύνα-

2109 1605 2217 1659 μις,
2241 1590 2338 1659 τῆς
2368 1588 2465 1659 μὲν
2504 1589 2795 1660 νουμηνίας
2827 1589 3064 1660 φέρουσα
3090 1589 3190 1659 τὴν
3236 1590 3555 1660 λευχείμονα
3588 1591 3689 1644 καὶ

2104 1682 2551 1754 χρυσοσάνδαλον,
2582 1682 2674 1735 καὶ
2717 1682 2814 1744 τὰς
2849 1680 3135 1751 λαμπάδας
3159 1680 3424 1751 ἡμμένας
3452 1682 3480 1733 ὁ
3501 1680 3558 1733 δὲ
3585 1682 3688 1735 κά-

2105 1776 2284 1841 λαθος,
2314 1776 2372 1827 ὃν
2402 1774 2494 1828 ἐπὶ
2522 1778 2632 1838 τοῖς
2667 1771 2959 1845 μετεώροις
2982 1772 3156 1844 φέρει,
3187 1772 3287 1842 τῆς
3305 1772 3412 1825 τῶν
3445 1772 3685 1844 καρπῶν

2106 1868 2490 1940 κατεργασίας,
2546 1867 2639 1931 οὓς
2687 1866 2975 1939 ἀνατρέφει
3034 1867 3176 1920 κατά
3232 1865 3328 1937 τὴν
3366 1864 3461 1918 τοῦ
3503 1865 3685 1935 φωτὸς

2106 1959 2444 2033 παραύξησιν
2464 1977 2476 1990 ·
2504 1960 2602 2031 τῆς
2627 1960 2670 2012 δ’
2718 1956 2782 2014 αὖ
2822 1961 3156 2031 πανσελήνου
3184 1960 3217 2030 ἡ
3248 1958 3685 2030 χαλκοσάνδαλος

2106 2054 2391 2126 σύμϐολον.
2426 2054 2496 2105 Ἢ
2526 2053 2619 2106 καὶ
2657 2053 2721 2106 ὲκ
2749 2053 2845 2123 μὲν
2877 2051 2971 2105 τοῦ
2998 2052 3192 2106 κλάδον
3222 2052 3319 2123 τῆς
3344 2052 3548 2121 δάφνης
3581 2053 3685 2106 λά-

2105 2148 2186 2201 ϐοι
2215 2146 2278 2201 ἄν
2310 2164 2393 2209 τις
2425 2147 2606 2209 αὐτοῖς
2639 2158 2666 2186 α
2707 2145 2768 2199 τὸ
2794 2144 3059 2217 ἔμπυρον,
3094 2146 3159 2198 ἐκ
3191 2144 3248 2199 δὲ
3287 2144 3381 2198 τοῦ
3427 2148 3685 2217 μήκωνος

2102 2241 2163 2294 τὸ
2212 2240 2455 2309 γόνιμον,
2516 2238 2694 2292 καὶτὸ
2724 2238 2926 2309 πλῆθος
2960 2238 3066 2292 τῶν
3109 2237 3549 2308 εἰσοικιζομένων
3602 2241 3684 2302 είς

2102 2333 2270 2404 αὐτὴν
2289 2330 2494 2403 ψυχῶν,
2534 2330 2719 2402 ὥσπερ
2740 2332 2819 2395 εἰς
2848 2329 3022 2394 πόλιν,
3054 2331 3137 2384 ὅτι
3194 2329 3399 2393 πόλεως
3432 2331 3460 2382 ὁ
3489 2332 3687 2402 μήκων

2104 2422 2389 2495 σύμϐολον.
2431 2421 2595 2488 Τόξον
2647 2421 2704 2474 δὲ
2738 2420 2892 2492 φέρει
2936 2420 3187 2491 καθάπερ
3223 2422 3255 2491 ή
3291 2421 3556 2491 Ἄρτεμις
3592 2420 3685 2474 διά

2101 2514 2198 2586 τὴν
2217 2514 2324 2568 τῶν
2362 2514 2562 2567 ὠδίνων
2609 2512 2861 2583 ὀξύτητα.
2912 2511 3079 2564 Πάλιν
3107 2511 3149 2563 δ’
3184 2506 3249 2564 αὖ
3279 2512 3333 2564 αἱ
3360 2500 3555 2581 Μοῖραι
3587 2512 3684 2563 ἐπὶ

2100 2607 2200 2671 τὰς
2228 2607 2483 2678 δυνάμεις
2513 2606 2685 2676 αὐτῆς
2715 2604 3076 2675 ἀναφέρονται
3097 2620 3110 2633 ⁸
3139 2606 3173 2673 ὴ
3205 2604 3302 2675 μὲν
3336 2604 3541 2657 Κλωθὼ
3587 2604 3684 2657 ἐπὶ

2100 2700 2198 2772 τὴν
2243 2699 2584 2772 γεννητικὴν,
2644 2698 2877 2769 Λάχεσις
2923 2698 2978 2750 δὲ
3023 2696 3165 2751 κατά
3207 2697 3305 2768 τὴν
3354 2698 3687 2770 θρεπτικὴν,

2103 2795 2371 2868 Ἀτροπος
2396 2794 2452 2848 δὲ
2476 2797 2508 2865 ή
2538 2792 2676 2847 κατά
2708 2792 2769 2846 τὸ
2791 2791 3161 2864 ἀπαραίτητον
3191 2790 3282 2844 τοῦ
3325 2790 3469 2845 θεοῦ.
3502 2791 3683 2846 Συνοι-

2101 2885 2311 2951 κίζουσι
2333 2885 2390 2939 δὲ
2442 2884 2577 2955 αὐτῇ
2608 2883 2698 2937 καὶ
2736 2881 2834 2954 τὴν
2862 2882 2968 2935 τῶν
2994 2880 3219 2953 καρπῶν
3248 2883 3568 2953 γεννητικὴν
3590 2883 3684 2935 δύ-

2100 2992 2283 3046 ναμιν,
2332 2976 2477 3045 ἤπερ
2543 2974 2661 3027 ἐστὶ
2716 2974 3012 3045 Δημήτηρ,
3068 2972 3295 3044 δύναμιν
3344 2974 3680 3045 ἐμποιοῦσαν

421 3065 556 3121 pens
586 3060 768 3106 autem
799 3051 973 3107 eidem
1017 3048 1446 3104 eireumvolutus
1476 3049 1723 3119 corporis
1758 3049 1994 3104 salutem

2102 3069 2258 3139 αὐτῇ.
2332 3066 2442 3119 Καὶ
2492 3066 2607 3119 ἔστι
2667 3064 2955 3136 συνεκτικὴ
3007 3064 3104 3136 τῆς
3157 3066 3409 3139 Κόρηςή
3455 3068 3679 3141 σελήνη.

422 3144 692 3214 Signiﬁcat
739 3143 920 3213 (enim
955 3156 1085 3195 vero
1110 3139 1320 3211 physici
1355 3139 1455 3205 illi,
1490 3140 1584 3209 qui
1621 3141 1779 3196 nobis
1804 3140 1994 3194 mundi

420 3238 588 3308 hujus
624 3236 958 3290 molitionem
1000 3231 1361 3297 tradiderunt,
1411 3231 1557 3300 quod
1598 3230 1744 3286 circa
1792 3240 1995 3287 terram

420 3331 617 3399 aliqua:
652 3343 773 3383 sese
799 3325 1067 3381 volvendo
1098 3324 1318 3378 trahant
1367 3323 1694 3389 animantes,
1740 3323 1795 3378 in
1843 3339 1997 3379 cras-

421 3420 623 3474 siorem
680 3417 897 3471 illarum
947 3423 1373 3484 terrestremque
1429 3422 1684 3469 naturam
1738 3413 1858 3484 ejus
1916 3415 1996 3470 rei

420 3523 642 3565 causam
676 3506 1065 3577 contulerunt),
1099 3505 1244 3575 quod
1284 3506 1388 3561 hoc
1426 3504 1717 3560 animantis
1745 3520 1916 3576 genus
1942 3514 1997 3561 et

419 3601 609 3671 spiritu
624 3613 735 3669 prae
749 3598 957 3654 cazteris
977 3597 1230 3664 abundet,
1249 3606 1302 3652 et
1313 3597 1556 3667 corporis
1577 3596 1997 3652 imbecillitatem

416 3702 599 3750 exuat.
632 3690 775 3759 Quin
808 3690 972 3745 etiam
997 3690 1268 3761 praecipuo
1297 3689 1531 3759 quodam
1555 3698 1606 3744 et
1632 3689 1894 3760 singulari
1926 3689 1998 3744 ad

417 3784 743 3840 medicinam
790 3780 1059 3837 instinctu
1105 3780 1233 3835 ferri
1261 3778 1492 3845 videtur,
1528 3779 1727 3850 quippe
1757 3780 1851 3850 qui
1885 3793 1995 3835 non

417 3885 631 3933 tantum
651 3876 895 3930 acuendo
914 3876 967 3930 vi
999 3874 1083 3930 sui
1103 3872 1558 3928 medicamentum
1587 3872 1869 3942 repererit,
1900 3871 1996 3928 sed

414 3969 579 4023 etiam
599 3967 821 4021 herbam
849 3967 1109 4037 aliquam,
1125 3974 1185 4020 ut
1205 3963 1402 4019 fabulae
1414 3964 1719 4034 perhibent,
1737 3980 1996 4021 revocan-

415 4061 497 4115 da:
520 4061 640 4115 vitae
660 4061 942 4130 perutilem
969 4059 1200 4114 noverit.
1217 4059 1286 4111 At
1318 4072 1443 4113 vero
1463 4064 1687 4128 propter
1700 4058 1994 4113 m0tionem

413 4154 892 4228 illameircularem
911 4167 973 4206 ac
988 4149 1259 4205 saltationi
1275 4148 1737 4218 persimilem,qua
1751 4148 1993 4220 visignea

411 4242 679 4297 fructibus
693 4241 1051 4295 maturitatem
1067 4238 1292 4307 σπανία
1304 4238 1404 4309 13
1422 4238 1708 4310 Dionysius
1723 4239 1878 4310 longe
1890 4239 1993 4295 alia

411 4336 624 4390 ratione
641 4348 801 4403 quam
818 4332 1088 4386 fructuum
1107 4331 1473 4384 humidiorum
1502 4330 1604 4395 vis,
1629 4339 1993 4400 nuncupatur,

2100 3156 2511 3228 Προσοικίζουσι
2558 3155 2613 3208 δὲ
2664 3157 2757 3208 καὶ
2812 3157 2903 3209 τὺν
2934 3159 3185 3211 Διόνυσον
3226 3156 3317 3209 διά
3348 3175 3405 3209 τε
3434 3159 3532 3229 τὴν
3565 3159 3680 3211 τῶν

2099 3252 2344 3322 κεράτων
2395 3248 2621 3318 ἔκφυσιν
2670 3251 2763 3302 καὶ
2806 3248 2894 3302 διὰ
2925 3250 3015 3303 τὸν
3050 3250 3157 3303 τῶν
3178 3250 3354 3319 νεφῶν
3389 3250 3553 3303 τόπον
3582 3251 3679 3305 τὸν

2100 3342 2451 3412 ὑποκείμενον
2473 3342 2583 3403 τοῖς
2616 3339 2767 3393 κάτω
2824 3341 3034 3412 μέρεσι.
3097 3341 3206 3412 Τὴν
3227 3341 3282 3394 δὲ
3315 3341 3408 3395 τοῦ
3461 3343 3680 3414 Κρόνου

2097 3436 2327 3507 δύναμιν
2354 3418 2559 3506 νωχελῆ
2613 3433 2708 3487 καὶ
2740 3432 2993 3504 βραδεῖαν
3039 3433 3133 3486 καὶ
3164 3432 3376 3504 ψυχράν
3406 3435 3679 3497 κατεῖδον,

2098 3528 2178 3582 διὸ
2229 3527 2325 3598 τὴν
2374 3525 2465 3580 τοῦ
2513 3526 2701 3597 χρόνου
2752 3524 2981 3595 δύναμιν
3036 3523 3184 3594 αύτῷ
3234 3523 3676 3595 προσανέθεσαν·

2098 3618 2435 3676 ἀποτυπούσί
2487 3636 2540 3671 τε
2593 3618 2754 3670 αὐτὸν
2795 3617 3024 3680 ἑστῶτα,
3064 3615 3244 3669 πολιὸν
3272 3616 3407 3686 πρὸς
3436 3616 3677 3686 ἔμφασιν

2097 3711 2191 3765 τοῦ
2233 3710 2528 3783 γηράσκειν
2574 3708 2663 3760 τὸν
2712 3707 2900 3780 χρόνον
2922 3725 2934 3738 ·
2970 3706 3077 3760 τῶν
3106 3707 3161 3760 δὲ
3195 3706 3401 3777 καιρῶν
3428 3706 3677 3777 σύμϐολα

2098 3803 2147 3856 οἱ
2192 3801 2488 3873 Κούρητες,
2521 3800 2613 3853 τὸν
2656 3799 2861 3870 Κρόνον
2885 3797 3281 3869 βουκολοῦντες,
3309 3800 3391 3851 ὅτι
3442 3797 3531 3851 διὰ
3566 3798 3676 3850 τῶν

2098 3892 2306 3965 καιρῶν
2355 3894 2382 3945 ὁ
2417 3890 2604 3962 χρόνος
2648 3888 2950 3961 παροδεύει.
2989 3889 3107 3942 Τῶν
3155 3888 3210 3941 δὲ
3258 3888 3447 3960 Ὡρῶν,
3480 3890 3536 3941 αί
3574 3891 3674 3959 μὲν

2096 3983 2424 4055 ὀλυμπιάδες
2483 3983 2590 4035 εἰσὶ
2642 3981 2733 4034 τοῦ
2770 3981 2942 4051 ἡλίου,
2989 3981 3044 4034 αἳ
3108 3980 3202 4033 καὶ
3246 3981 3521 4049 ἀνοίγουσι
3570 3981 3672 4045 τὰς

2096 4077 2237 4131 κατά
2265 4077 2356 4129 τὸν
2379 4076 2516 4147 ἀέρα
2545 4074 2738 4138 πύλας,
2758 4074 2889 4126 αἰδὲ
2916 4073 3316 4144 ἐπιχθόνιοιτῆς
3343 4076 3634 4146 Δήμητρος
3653 4092 3668 4105 ο

2096 4170 2191 4223 καὶ⁹
2217 4166 2447 4221 κά-λαθον
2506 4166 2710 4237 ἔχουσι,
2758 4166 2848 4219 τὸν
2898 4166 2996 4236 μὲν
3037 4165 3145 4218 τῶν
3184 4166 3360 4221 ἀνθῶν
3401 4166 3675 4239 σύμϐολον

2096 4263 2188 4317 τοῦ
2223 4261 2403 4333 ἔαρος,
2455 4260 2545 4313 τὸν
2588 4260 2644 4312 δὲ
2676 4259 2782 4312 τῶν
2828 4257 3073 4328 σταχύων
3111 4259 3204 4313 τοῦ
3237 4259 3443 4331 θέρους.
3478 4260 3585 4313 Τοῦ
3612 4262 3673 4314 δὲ

2101 4355 2293 4427 Ἄρεος
2324 4353 2421 4423 τὴν
2443 4351 2669 4422 δύναμιν
2698 4350 3090 4415 καταλαϐόντες
3111 4351 3388 4423 διάπυρον,
3414 4352 3674 4423 πολέμων

411 4428 539 4500 quia
568 4426 651 4481 sol
680 4434 774 4479 aut
804 4420 1089 4492 περιδινεῖ,
1110 4423 1215 4478 hoc
1237 4430 1319 4478 est
1346 4422 1398 4475 in
1432 4421 1616 4475 orbem
1652 4422 1990 4493 circumagit,

2102 4446 2381 4518 ποιητικὴν
2410 4445 2503 4498 καὶ
2533 4445 2919 4516 αἱματουργὸν,
2947 4444 3200 4515 βλάπτειν
3232 4462 3290 4497 τε
3322 4447 3415 4498 καὶ
3437 4445 3673 4515 ὠφελεῖν

412 4528 507 4574 aut
562 4519 838 4573 cmlestem
882 4515 1290 4570 conversionem
1324 4511 1789 4575 διανύει,οοηίὶεὶι.
1821 4513 1987 4583 Idem,

2094 4539 2398 4610 δυναμένην
2452 4536 2734 4606 ἐποίησαν.
2769 4536 2870 4590 Τὸν
2889 4537 2945 4589 δὲ
2982 4536 3082 4606 τῆς
3128 4537 3442 4609 Ἀφροδίτης
3463 4539 3675 4611 ἀστέρα

410 4622 678 4684 quatenus
722 4626 816 4682 per
867 4609 1109 4678 singulas
1136 4605 1412 4661 inferioris
1443 4605 1632 4659 mundi
1678 4605 1847 4680 ὥρας,
1883 4608 1990 4665 hoe

2102 4605 2468 4703 θεωρήσαντες
2519 4605 2915 4700 γενεσιουργὸν,
2963 4605 3253 4700 ἐπιθυμίας
3284 4648 3342 4682 τε
3380 4605 3472 4684 καὶ
3502 4605 3675 4705 γονης

410 4714 515 4773 cst,
548 4712 899 4774 tempestates
930 4717 1030 4756 suo
1061 4711 1207 4754 motu
1252 4696 1637 4753 circumfertur
1660 4738 1675 4762 ,
1708 4709 1985 4772 statasque

2102 4722 2284 4785 αἴτιον,
2343 4722 2574 4789 γυναῖκα
2625 4721 2720 4790 μὲν
2770 4719 3079 4773 ἀνέπλασαν
3122 4720 3210 4775 διὰ
3263 4720 3360 4775 sitv
3409 4722 3669 4789 γένεσιν,

410 4799 537 4851 anni
572 4794 1001 4861 vicissitudines,
1041 4790 1222 4855 efficit,
1253 4788 1432 4844 Horus
1473 4800 1759 4862 propterea
1801 4795 1981 4849 nomi-

2102 4815 2296 4888 bpaiav
2321 4813 2398 4877 δὲ,
2431 4814 2513 4865 ὅτι
2544 4814 2638 4866 καὶ
2667 4812 2958 4882 Ἕσπερος,

411 4922 591 4968 natur.
646 4910 738 4967 Vis
765 4918 945 4965 autem
979 4907 1117 4977 ejus,
1167 4921 1330 4978 quam
1371 4904 1424 4959 in
1471 4920 1723 4976 agrorum
1777 4908 1990 4965 cultura
2032 4910 2253 4982 promit,
2319 4922 2533 4977 quaque
2596 4904 2822 4958 πλοῦτον
2854 4905 3070 4961 divitias
3103 4921 3341 4977 opesque
3383 4910 3670 4971 conciliat,

408 5008 567 5062 Pluto
598 5005 902 5079 symbolum
945 5011 1051 5058 cst.
1097 5000 1200 5055 Sed
1243 4999 1501 5069 quoniam
1556 4998 1673 5069 ipse
1726 4999 1835 5055 vim
1893 5004 2057 5059 etiam
2110 4998 2490 5071 corrumpendi
2542 4998 2723 5059 habet.
2774 4996 2990 5053 Plutoni
3039 4995 3350 5068 Serapidem
3399 5000 3669 5070 adjunxe—

409 5109 576 5154 runt:
605 5114 669 5153 ac
710 5096 932 5153 luminis
959 5094 1175 5164 quidem
1226 5094 1328 5147 sub
1388 5101 1590 5147 terram
1651 5093 1947 5151 subeuntes
2000 5104 2202 5151 vestem
2265 5107 2627 5163 purpuream;
2660 5090 2934 5145 inferioris
2958 5102 3137 5145 autem
3167 5090 3221 5144 in
3244 5088 3428 5146 Manes
3458 5092 3666 5162 princi-

409 5202 589 5263 patus,
657 5202 930 5262 sceptrum
967 5203 1179 5246 summa
1218 5196 1370 5259 parte
1430 5188 1726 5256 mutilum;
1783 5190 1902 5259 ejus
1966 5191 2196 5262 denique
2236 5190 2290 5243 in
2321 5188 2586 5243 occultam
2611 5188 2972 5255 latentemque
3037 5186 3248 5256 plagam
3281 5200 3531 5243 secessus
3563 5204 3667 5258 pe-

408 5286 668 5341 culiarem
709 5301 903 5339 manus
966 5283 1410 5355 compositionem
1472 5280 1777 5350 symbolum
1818 5297 1937 5337 esse
1975 5283 2285 5339 voluerunt.
2318 5280 2387 5334 At
2424 5279 2660 5334 Cerbero
2711 5278 2815 5332 tria
2870 5277 3049 5347 capita
3084 5278 3417 5339 tribuuntur,
3459 5280 3667 5348 quibus

409 5391 519 5434 tres
579 5379 709 5433 solis
745 5379 796 5431 in
827 5377 964 5432 coelo
1004 5378 1269 5447 regiones,
1336 5383 1509 5438 ortus,
1574 5374 1849 5439 meridies,
1889 5380 1943 5427 et
1981 5388 2208 5427 occasus
2278 5371 2623 5425 denotentur.
2669 5366 2790 5423 Jam
2832 5382 2959 5422 vero
3003 5366 3189 5421 lunam
3233 5370 3517 5439 Ἄρτεμιν,
3557 5371 3666 5425 hoc

408 5482 491 5527 est
548 5470 796 5535 Dianam,
856 5469 1013 5537 quasi
1070 5466 1381 5538 ἀερότομιν,
1444 5462 1624 5518 aerem
1697 5474 1997 5529 secantem,
2034 5462 2401 5521 venerationis
2433 5462 2602 5532 gratia
2648 5467 3050 5530 nuncuparunt.
3085 5458 3163 5514 Ac
3208 5461 3382 5529 partui
3413 5462 3659 5531 quidem,

409 5568 621 5624 tametsi
688 5567 862 5634 virgo,
936 5565 1103 5618 Diana
1156 5571 1369 5632 praeest,
1416 5564 1561 5631 quod
1605 5561 1886 5616 novilunio
1937 5562 2019 5618 vis
2080 5562 2327 5633 quaedam
2384 5559 2536 5625 insit,
2592 5573 2713 5628 qua:
2766 5557 3009 5627 pariendi
3064 5555 3372 5613 facultatem
3444 5559 3656 5619 afferat,

477 5749 503 5777 ι
545 5736 609 5789 Ia
658 5735 842 5804 αὐτῆς.
