4024 6408
280 410 359 466 305
1316 388 1323 397 ’
1366 388 1687 445 ΡΒιΕΡΑΒ.
1731 382 1869 441 EVA

1846 384 1986 443 ING.
2030 383 2157 441 LIB.
2201 383 2293 442 III.
3329 388 3435 443 206

277 519 391 589 Quod
414 523 564 572 autem
595 512 647 566 in
679 509 792 566 sole
822 507 1037 579 Apollo,
1078 508 1185 565 hoc
1231 508 1413 578 Ipsum
1440 507 1677 563 Minerva
1707 508 1763 562 in
1815 506 1946 563 luna
2007 514 2112 573 est,
2145 506 2291 577 quod
2334 505 2421 560 illa
2466 506 2767 576 prudentiae
2795 506 3101 578 symbolum
3139 506 3311 561 instar
3344 522 3440 561 cu-

271 612 432 688 jusdam
457 606 681 661 Minervae
711 603 797 658 sit.
840 600 1100 656 Eamdem
1134 616 1353 657 rursum
1408 599 1645 656 Hecaten
1714 599 2017 665 nominant,
2087 599 2158 653 ob
2193 598 2402 663 formae,
2466 614 2627 670 quam
2663 600 2718 653 in
2772 615 2835 654 ea
2870 600 3171 667 cernimus,
3208 600 3447 655 varietas

273 720 367 769 rem,
386 700 455 755 cui
480 699 552 752 vis
573 695 728 752 etiam
760 693 975 749 diversa
1003 692 1347 762 respondeat.
1370 691 1555 763 Itaque
1588 692 1666 749 sic
1689 707 1752 746 ea
1811 692 1894 747 vis
1945 691 2143 761 triplici
2204 689 2381 746 forma
2420 691 2699 763 ﬁguraque
2723 692 3096 762 distinguitur,
3124 700 3185 747 ut
3233 692 3441 747 novilu-

271 796 380 851 nium
415 789 603 860 quidem
664 786 787 841 alba
847 793 1016 851 veste,
1080 784 1263 840 aureis
1302 784 1584 847 sandaliis,
1652 782 1973 854 facibusque
2025 782 2305 839 succensis
2359 793 2743 853 repraesentet;
2810 785 3059 840 calathus
3117 793 3296 839 autem
3356 785 3439 851 is,

268 900 385 956 quem
410 883 508 952 ipsa
536 887 723 950 gestat,
757 877 848 932 ubi
886 877 1137 932 altiorem
1173 875 1231 931 in
1275 875 1457 931 locum
1494 876 1751 931 subvecta
1797 875 1913 945 jam
1968 883 2071 939 est,
2117 874 2334 946 frugum
2382 876 2731 940 maturitatis,
2795 891 2960 945 quam
2996 876 3064 932 iis
3096 876 3239 931 circa
3274 877 3442 931 lumi-

268 982 328 1035 nis
368 978 719 1031 incrementum
778 971 987 1028 alendis
1041 970 1237 1037 eﬂicit;
1285 984 1460 1025 aereus
1519 968 1755 1038 denique
1821 968 2192 1024 sandaliorum
2243 966 2392 1023 color
2442 968 2725 1037 plenilunii
2786 969 3092 1040 symbolum
3151 969 3437 1028 habeatur.

265 1074 361 1131 Nam
387 1068 502 1126 lauri
538 1068 750 1140 quidem
815 1083 1054 1135 ramum,
1122 1066 1358 1138 speciem
1419 1065 1539 1136 ejus
1583 1065 1818 1135 igneam,
1860 1079 2095 1136 papaver
2141 1072 2344 1127 autem,
2410 1080 2532 1119 cum
2580 1064 2827 1134 ejusdem
2874 1064 3282 1135 fecunditatem,
3324 1074 3440 1120 tum

263 1166 669 1229 veroanimorum,
705 1162 800 1234 qui
849 1178 973 1218 eam
1024 1163 1174 1218 velut
1215 1162 1407 1217 urbem
1443 1160 1679 1231 aliquam
1718 1159 1984 1224 incolunt,
2035 1158 2435 1215 multitudinem
2489 1160 2837 1231 interpretari
2888 1162 3174 1216 commode
3222 1161 3440 1231 possis:

263 1262 370 1318 urbis
395 1258 518 1314 enim
560 1254 866 1327 symbolum
913 1270 1149 1326 papaver
1199 1263 1302 1310 est.
1341 1252 1542 1309 Eadem
1581 1268 1767 1308 arcum
1807 1260 1868 1307 ut
1893 1249 2063 1308 Diana
2114 1251 2258 1307 ferre
2303 1252 2460 1316 solet,
2500 1267 2608 1322 quo
2638 1254 2937 1309 acutissimi
2991 1264 3181 1324 partus
3223 1255 3441 1309 dolores

258 1356 593 1413 adumbrantur.
631 1350 943 1417 Quinetiam
986 1347 1171 1406 Parca:
1197 1349 1264 1404 ad
1306 1348 1414 1403 vim
1472 1347 1618 1403 illius
1679 1346 2033 1417 multiplicem
2084 1346 2417 1406 referuntur.
2449 1345 2584 1403 Nam
2643 1347 2837 1405 Clotho
2888 1350 2953 1404 ad
2989 1349 3304 1421 generandi,
3339 1348 3441 1404 La-

256 1449 387 1509 chesis
428 1446 485 1501 ad
522 1444 697 1517 alendi
753 1443 863 1499 vim
914 1443 1167 1515 pertinet,
1224 1442 1460 1512 Atmpos
1511 1440 1745 1511 denique
1803 1440 2141 1497 inexorabile
2191 1440 2355 1510 hujus
2392 1440 2507 1496 dere
2561 1455 2763 1495 numen
2821 1441 3110 1511 significat.
3170 1440 3442 1496 Praeterea

254 1540 413 1610 frugum
438 1534 827 1591 educendarum
868 1535 977 1589 vim
1021 1534 1088 1589 ad
1135 1535 1319 1589 lunam
1369 1533 1691 1603 adjungunt,
1722 1547 1917 1603 nempe
1962 1533 2237 1597 Cererem,
2285 1548 2406 1602 qua:
2445 1534 2604 1589 novis
2644 1534 2817 1604 ipsam
2860 1534 3069 1589 viribus
3098 1542 3326 1605 augeat;
3363 1534 3441 1589 si-

253 1633 416 1702 mulque
463 1629 835 1700 Proserpinam
910 1644 940 1684 a
991 1629 1119 1685 luna
1196 1629 1463 1685 contineri
1523 1627 1732 1682 volunt.
1800 1627 1959 1700 114
2023 1627 2298 1683 Bacchum
2349 1630 2511 1684 etiam
2578 1645 2701 1685 cum
2757 1645 2820 1685 ea
2874 1630 3001 1685 sede
3054 1632 3440 1701 domicilioque

251 1725 533 1794 conjungunt,
590 1721 790 1791 partim
842 1721 912 1775 ob
950 1735 1215 1775 cornuum
1258 1719 1620 1789 eruptionem,
1667 1718 1865 1787 partim
1894 1718 1965 1772 ob
2013 1719 2241 1774 nubium
2306 1719 2583 1791 regionem
2618 1719 2970 1776 inferioribus
3031 1722 3277 1791 partibus
3319 1723 3440 1777 sub-

249 1813 475 1882 iacentem,
508 1808 572 1863 ad
620 1809 679 1865 id
729 1808 1035 1864 faciendum
1102 1808 1339 1863 adducti.
1402 1809 1471 1862 At
1496 1823 1622 1863 vero
1669 1808 1967 1863 Saturnum
2036 1809 2267 1865 lentiore
2312 1826 2375 1866 ac
2420 1811 2669 1883 segniore
2711 1812 2763 1867 vi
2809 1814 3109 1883 eademque
3158 1813 3440 1886 frigidiore

248 1906 470 1978 preditum
537 1916 664 1957 esse
730 1916 855 1956 cum
900 1901 1164 1966 viderent,
1232 1900 1493 1968 temporis
1559 1898 1669 1953 vim
1739 1899 2125 1968 assignandam
2178 1901 2283 1971 ipsi
2334 1912 2387 1958 et
2440 1906 2863 1961 consecrandam
2932 1915 3212 1975 putarunt,
3264 1921 3439 1977 eoque

248 1998 474 2069 inaginem
515 1994 665 2050 illius
712 2002 947 2049 stantem
998 2006 1302 2063 canamque
1350 1991 1645 2060 ﬁnxerunt,
1692 2002 1752 2048 ut
1800 1997 2085 2065 proprium
2152 1996 2416 2066 temporis
2461 1998 2674 2052 senium
2722 1998 3045 2053 indicarent.
3112 1997 3181 2052 Et
3227 1998 3439 2069 καιρῶν

244 2092 426 2163 quidem,
471 2087 569 2144 hoc
610 2096 698 2143 est
748 2086 1099 2142 occasionum
1149 2082 1464 2138 varietatem
1515 2082 1742 2140 Curetes
1806 2083 2027 2140 Saturni
2083 2086 2297 2140 nutritii
2330 2096 2739 2157 repraesentant,
2792 2088 2937 2158 quod
2968 2104 3064 2159 per
3103 2088 3253 2143 illam
3280 2092 3441 2160 quasi

244 2181 525 2239 occasionum
594 2172 1037 2232 vicissitudinem
1104 2170 1632 2242 tempusiincedere
1678 2173 2043 2244 progredique
2114 2174 2383 2230 videatur.
2445 2176 2713 2232 Horarum
2780 2188 2958 2233 autem
3002 2179 3121 2234 aliae
3161 2180 3437 2237 cmlestes.

240 2283 279 2332 et
320 2271 534 2344 quadam
586 2270 727 2325 solis
777 2268 1114 2324 administras
1165 2276 1316 2334 sunt,
1372 2267 1571 2338 quippe
1627 2282 1747 2339 quae
1778 2266 1903 2323 coeli
1941 2277 2131 2339 portas
2196 2279 2480 2339 reserent;
2527 2280 2812 2328 terrestres
2887 2274 3025 2339 aliae,
3070 2290 3192 2345 quae
3252 2275 3438 2334 Cereri

239 2373 505 2434 tribuuntur,
555 2367 905 2439 duplicisque
953 2365 1165 2436 generis
1222 2364 1467 2420 calathos
1525 2362 1729 2431 ferunt,
1788 2364 1957 2420 alium
2013 2366 2242 2423 ﬂoribus
2300 2368 2544 2437 plenum,
2576 2368 2670 2438 qui
2708 2368 2873 2435 veris,
2911 2368 3078 2425 alium
3115 2370 3305 2440 spicis,
3335 2374 3431 2442 qui

237 2462 388 2519 astatis
429 2460 735 2534 symbolum
778 2459 867 2514 sit.
919 2457 1076 2525 Quod
1127 2471 1258 2512 vero
1308 2455 1493 2511 Martis
1536 2456 1752 2528 igneam
1783 2471 1906 2514 esse
1929 2458 2038 2513 vim
2071 2459 2455 2531 intelligerent,
2487 2461 2733 2516 eamdem
2779 2460 2882 2531 ipsi
2938 2463 3276 2519 concitandis
3328 2464 3443 2519 bel-

237 2558 284 2611 lis
305 2564 348 2611 et
377 2554 538 2610 cruori
586 2551 916 2608 etl‘undendo
969 2563 1222 2620 praeesse,
1277 2546 1559 2619 adeoque,
1604 2549 1904 2619 plurimum
1974 2551 2060 2605 vel
2118 2551 2430 2607 detrimenti
2485 2551 2570 2606 vel
2608 2551 2856 2608 utilitatis
2906 2552 3119 2618 atl‘erre,
3154 2554 3431 2610 dixerunt.

236 2646 403 2703 Stellam
440 2654 618 2701 autem
656 2641 882 2698 Veneris
914 2656 1036 2696 cum
1069 2637 1370 2695 etIiciendae
1409 2639 1746 2708 generationi
1780 2648 1985 2710 aptam,
2026 2648 2081 2695 et
2132 2639 2446 2710 cupiditatis
2478 2641 2811 2712 seminisque
2871 2656 3093 2697 causam
3139 2658 3261 2700 esse
3314 2648 3436 2704 ani-

234 2738 588 2798 madverterent,
624 2750 745 2790 eam
787 2731 1032 2788 mulieris
1082 2729 1301 2802 quidem
1365 2728 1549 2801 specie
1615 2729 1983 2802 generationis
2040 2731 2409 2803 exprimendae
2452 2732 2627 2805 gratia
2658 2733 2884 2798 ﬁnxere,
2934 2732 3111 2789 forma
3145 2750 3274 2791 vero
3304 2752 3433 2808 per-

232 2831 428 2903 eleganti,
453 2826 598 2900 quod
633 2827 820 2883 eadem
851 2818 1056 2895 Vesper
1081 2837 1300 2895 quoque
1332 2821 1426 2889 sit,

234 2950 311 3013 Ὃς
328 2946 638 3010 κάλλιστος
659 2942 729 2996 ἐν
747 2939 981 3011 οὐρανῷ
999 2941 1233 2994 ἵσταται
1255 2936 1473 3006 ἀστήρ.
1780 2935 1823 2994 Α

1780 2935 1830 2994 Δ
2045 2928 2151 2999 Qui
2186 2941 2292 2987 stat
2328 2932 2383 2986 in
2426 2930 2644 2987 aatherio
2670 2933 3057 3002 pulcherrimus
3091 2940 3214 2995 orbe
3247 2980 3261 2997 .

228 3062 306 3117 Kal
346 3061 544 3131 Ἔρωτα
612 3058 709 3128 μὲν
752 3054 1101 3126 παρέστησαν
1154 3050 1244 3105 διὰ
1281 3049 1379 3122 τὴν
1412 3047 1747 3119 ἐπιθυμίαν·

1854 3045 1993 3103 Huic
2020 3047 2277 3103 Amorem
2322 3054 2547 3117 propter
2572 3046 2921 3116 cupiditatem
2960 3055 3279 3120 adjunxere.
3323 3055 3428 3113 Ea-

229 3152 399 3205 σχέπειν
422 3151 473 3204 δὲ
505 3149 767 3220 μαστοὺς
805 3146 901 3199 καὶ
928 3145 988 3198 τὸ
1020 3143 1228 3215 μόριον,
1274 3142 1358 3194 ὅτι
1399 3140 1562 3212 γονῆς
1606 3138 1753 3192 αίτια

1857 3140 1982 3196 dem
2048 3140 2216 3195 ubera
2268 3146 2561 3209 partesque
2608 3140 3027 3197 verecundiores
3074 3146 3228 3216 tegit,
3284 3163 3426 3220 quo-

225 3247 292 3299 καὶ
341 3244 639 3316 ἐκθρέψεως
677 3242 711 3313 ἡ
759 3239 1005 3310 δύναμις.
1043 3238 1164 3290 Ἔτι
1219 3234 1275 3288 δὲ
1318 3234 1428 3289 ἀπὸ
1458 3232 1748 3305 θαλάττης,

1854 3232 2002 3287 niam
2032 3231 2101 3287 iis
2138 3231 2442 3302 praesertim
2474 3230 2600 3287 fons
2646 3231 2872 3288 seminis
2916 3248 2979 3289 ac
3024 3239 3297 3295 nutriendi
3343 3245 3424 3300 vis

226 3337 434 3405 στοιχείου
477 3335 706 3406 διύγρου
732 3332 825 3386 καί¹
851 3329 1077 3403 Θερμοῢ,
1097 3326 1382 3383 καὶπολλὰ
1411 3325 1750 3396 κινουμένου,

1854 3334 1909 3379 et
1948 3323 2182 3380 facultas
2221 3323 2555 3379 continetur.
2609 3321 2743 3377 Eam
2789 3324 3025 3395 denique
3064 3342 3096 3382 e
3138 3333 3277 3385 mari
3328 3350 3427 3389 ex-

223 3430 289 3483 ui
312 3429 386 3482 διὰ
422 3427 516 3499 τὴν
576 3425 893 3495 συγκίνησιν
921 3420 1246 3492 ἁφριῶντος,
1276 3418 1339 3472 τὸ
1380 3417 1750 3489 σπερματικὸν

1855 3417 2064 3473 stitisse
2113 3425 2359 3483 narrant,
2417 3417 2564 3487 quod
2608 3415 2928 3485 bujusmodi
2980 3418 3310 3480 elementum
3360 3443 3426 3483 ex

225 3521 542 3590 αἰνιττόμενοι.
572 3516 683 3570 Τοῦ
710 3517 767 3570 δὲ
798 3515 978 3583 λόγου,
999 3510 1094 3566 τοῦ
1132 3510 1347 3565 πάντων
1372 3508 1656 3580 ποιητικοῦ
1690 3525 1751 3561 τε

1855 3508 2085 3563 bumido
2164 3509 2453 3578 calidoque
2528 3516 2887 3577 temperatum
2949 3521 3210 3581 perpetuo
3276 3529 3425 3575 motu

225 3607 720 3683 καὶέρμηνευτικοῦ,
753 3609 782 3660 6
825 3605 1033 3678 Ἐρμῆς
1083 3603 1510 3675 παραπατικὸς.
1591 3602 1649 3657 '0
1694 3602 1751 3655 δὲ

1854 3601 2110 3671 agitetur,
2146 3616 2321 3672 eoque
2370 3616 2619 3670 spumam
2657 3614 2863 3673 egerat,
2898 3622 3005 3675 qua
3036 3609 3146 3663 vim
3188 3612 3427 3669 semina-

224 3702 517 3772 ἐντεταμένος
553 3698 768 3770 Ἐρμῆς
809 3697 958 3768 δηλοῖ
994 3695 1091 3767 τὴν
1115 3694 1357 3747 εὐτονίαν
1378 3711 1391 3725 ο
1429 3693 1667 3747 δείκνυσι
1695 3693 1751 3746 δὲ

1854 3693 1959 3749 lem
2006 3692 2387 3749 adumbratam
2443 3708 2564 3749 esse
2630 3695 2940 3751 voluerunt.
2994 3698 3066 3754 At
3125 3698 3427 3761 Mercurius

224 3793 289 3844 καὶ
307 3792 381 3844 τὸν
410 3788 781 3861 σπερματικὸν
804 3786 956 3855 λόγον
981 3783 1074 3838 τὸν
1106 3783 1361 3855 διήκοντα
1391 3783 1479 3840 διὰ
1512 3783 1749 3838 πάντων.

1854 3786 2160 3841 orationem
2194 3785 2442 3852 exhibet,
2477 3800 2601 3855 quae
2633 3786 2769 3841 nihil
2796 3802 2907 3842 non
2937 3788 3119 3856 eﬁicit,
3153 3794 3291 3849 nihil
3317 3811 3427 3852 non

223 3884 376 3935 Δαπὸν
425 3882 483 3935 δὲ
539 3878 795 3942 σύνθετος
842 3876 1072 3945 λόγος,ὁ
1103 3875 1198 3946 μὲν
1245 3876 1303 3928 ὲν
1336 3873 1472 3946 ἡλίῳ
1514 3872 1746 3945 Ἑρμῆς·

1854 3874 2095 3930 illustrat
2130 3874 2473 3943 explicando.
2512 3876 2688 3945 Atque
2715 3876 2763 3931 is
2792 3887 2975 3934 erecto
3006 3881 3227 3949 quidem
3260 3892 3314 3939 et
3352 3885 3428 3940 in-

230 3973 387 4046 Ἐκάτη
412 3973 468 4026 δὲ
495 3974 525 4025 6
556 3974 617 4026 ὲν
650 3970 844 4041 σελήνῃ
869 3985 883 3998 ⁸
931 3966 1208 4038 Ἐρμόπαν
1236 3965 1294 4018 δὲ
1319 3965 1348 4017 6
1368 3966 1424 4018 ὲν
1448 3963 1526 4035 τῷ
1555 3964 1745 4017 παντί·

1854 3974 2005 4023 tento
2035 3966 2283 4037 corporis
2312 3976 2457 4022 statu
2506 3981 2629 4022 cum
2668 3968 2781 4023 vim
2824 3970 3089 4028 orationis
3125 3977 3428 4032 contentio-

220 4069 327 4121 κατὰ
376 4067 592 4121 πάντων
654 4064 749 4135 τὰρ
800 4062 829 4114 6
880 4057 1252 4130 σπερματικὸς
1306 4057 1402 4110 καὶ
1449 4056 1748 4127 ποιητικός.

1854 4073 2090 4129 nemque
2148 4067 2523 4128 repraesentat,
2588 4067 2703 4115 tum
2755 4076 2887 4117 vero
2921 4062 3241 4120 seminalem
3284 4082 3427 4137 quo-

221 4158 435 4222 Σύνθετος
464 4158 524 4210 δὲ
570 4156 667 4210 καὶ
695 4149 806 4207 οἷον
838 4151 1114 4223 μιξέλλην,
1149 4148 1245 4203 καὶ
1276 4149 1406 4220 παρ’
1435 4149 1751 4217 Αἰγυπτίοις

1854 4165 1962 4220 que
1991 4150 2258 4205 rationem
2303 4150 2543 4206 ostendit
2584 4161 2780 4208 cuncta
2823 4164 3211 4223 permeantem.
3249 4157 3427 4223 Caete-

218 4248 239 4299 6
264 4218 621 4320 Ἐρμάνουόις.
685 4218 902 4314 Ἐπειδὴ
961 4254 987 4282 ει
1016 4218 1107 4295 καὶ
1139 4240 1237 4311 τῆς
1260 4218 1471 4311 ἐρώσης
1496 4235 1564 4312 ἦν
1594 4239 1753 4294 δυνά·
1783 4298 1807 4320 τ

1855 4257 1979 4297 rum
2030 4242 2178 4313 quod
2222 4256 2287 4298 ea
2334 4242 2450 4298 sive
2499 4244 2677 4301 oratio
2718 4245 2833 4301 sive
2875 4247 3019 4303 ratio
3063 4218 3426 4320 composittim

650 4298 904 4406 1at3rqg6
936 4335 1115 4405 Ἔρως
1146 4298 1628 4404 ὁιτεαραστατιίιός.
1660 4333 1752 4385 Διὸ
1783 4298 1809 4352 I

1857 4330 2116 4401 quiddam
2148 4331 2240 4399 sit,
2287 4346 2450 4403 quam
2484 4331 2539 4386 in
2587 4333 2704 4389 sole
2738 4334 3032 4402 collocant,
3071 4298 3423 4406 Mercurium,

217 4438 313 4498 mi;
330 4438 417 4506 μὲν
445 4434 540 4489 τοῦ
582 4432 784 4505 Ἕρμοῦ
826 4432 856 4483 6
903 4432 1102 4502 Ἔρως,
1130 4430 1319 4500 νήπιος
1349 4428 1405 4482 δὲ
1423 4427 1513 4482 διὰ
1540 4428 1637 4490 τὰς
1665 4428 1749 4479 αί-

1858 4436 2024 4491 quam
2074 4421 2131 4476 in
2183 4422 2334 4489 luna,
2390 4420 2649 4489 Hecaten,
2705 4439 2870 4495 quam
2922 4426 2976 4480 in
3026 4426 3148 4497 ipso
3192 4429 3427 4500 denique

217 4528 409 4595 φνιδίους
442 4528 571 4600 περὶ
604 4526 700 4589 τὰς
754 4522 1049 4594 ἐπιθυμίας
1084 4520 1394 4592 ἐμπτώσεις
1410 4518 1610 4585 ,αὐτοῦ.
1640 4516 1749 4571 Τοῦ

1858 4513 2116 4569 universo
2162 4511 2471 4585 Hermopan
2525 4515 2910 4582 nominarunt;
2960 4518 3105 4587 quod
3150 4520 3427 4576 seminatis

213 4618 253 4671 δὲ
302 4620 488 4683 παντὸς
549 4618 639 4671 τὸν
667 4618 821 4671 Πᾶνα
872 4613 1138 4685 σύμϐολον
1177 4612 1357 4666 ἔθεντο
1378 4627 1391 4642 ο
1426 4610 1497 4663 τὰ
1530 4611 1627 4682 μὲν
1659 4609 1751 4662 κέ-

1858 4604 1950 4659 illa
1974 4605 2328 4675 etl‘ectrixque
2352 4606 2494 4661 ratio
2524 4606 2780 4662 universa
2810 4609 3090 4678 pervadat.
3115 4608 3425 4676 Quinetiam

217 4726 321 4780 ρατι
342 4713 518 4775 δόντες
559 4708 802 4780 σύμϐολα
844 4706 997 4777 ἡλίου
1047 4705 1143 4759 καὶ
1174 4703 1424 4773 σελήνης,
1455 4702 1553 4771 τὴν
1580 4701 1637 4754 δὲ
1667 4717 1755 4753 νε-

1860 4709 1926 4751 ex
1961 4694 2168 4765 duplici
2198 4710 2330 4751 voce
2360 4696 2695 4765 compositus
2723 4704 2825 4761 est,
2862 4706 2917 4753 et
2947 4697 3111 4753 Graio
3140 4700 3305 4754 veluti
3334 4718 3426 4771 ge-

211 4800 335 4871 ερίδα
358 4802 463 4855 τῶν
511 4798 632 4854 κατ’
673 4798 898 4868 οὐρανὸν
945 4794 1209 4865 ἀστέρων,
1242 4792 1275 4863 ἢ
1308 4794 1405 4864 τῆς
1427 4791 1520 4845 τοῦ
1552 4789 1751 4854 παντὸς

1859 4801 1989 4842 nere
2020 4786 2245 4854 mixtus,
2296 4787 2344 4842 is
2373 4802 2535 4857 quem
2580 4785 2951 4844 Hermanubin
2978 4788 3218 4861 Egyptii
3244 4791 3426 4846 nami-

214 4893 469 4956 ποικιλίας.
512 4912 532 4944 ι
555 4891 669 4946 Καὶ
696 4889 769 4943 τὰ
791 4888 887 4960 μὲν
928 4882 1218 4953 Ἑλληνικὰ
1242 4882 1487 4937 τοιαῦτα.

1854 4886 2008 4934 nant.
2054 4875 2122 4933 Et
2164 4879 2424 4949 quoniam
2457 4879 2693 4934 orationi
2738 4880 3000 4935 amatoria
3043 4881 3128 4937 vis
3177 4882 3424 4953 quaedam

212 4989 342 5057 inest,
384 4991 431 5045 ei
478 4983 931 5059 repraesentanda:
975 4981 1300 5053 Cupidinem
1348 4978 1733 5034 adhibuerunt.
1773 4973 1963 5045 Itaque
2003 4973 2259 5030 Mercurii
2316 4975 2536 5046 quidem
2582 4975 2729 5030 ﬁlius
2780 4975 2990 5046 Cupido
3044 4985 3147 5037 est,
3178 4976 3422 5047 idemque

214 5081 361 5149 pusio,
394 5091 617 5153 propter
648 5079 961 5149 repentinos
998 5076 1122 5132 illos
1174 5073 1433 5144 impetus,
1482 5072 1576 5141 qui
1608 5070 1788 5126 varias
1826 5070 1883 5125 in
1936 5070 2260 5141 cupiditates
2310 5070 2642 5140 praecipitem
2688 5086 2813 5126 eum
2858 5070 3094 5141 rapiunt.
3130 5069 3201 5125 At
3247 5084 3427 5127 extre-

212 5188 331 5227 mum
404 5173 575 5229 tctius
648 5168 953 5239 symbolum
1022 5166 1262 5221 universi
1308 5162 1468 5234 115
1527 5161 1677 5217 Pana
1726 5170 1985 5227 statuere,
2039 5162 2129 5218 cui
2195 5164 2458 5217 attributa
2505 5178 2715 5218 cornua
2766 5163 2935 5217 solem
2980 5168 3142 5230 atque
3213 5162 3423 5227 lunam,

219 5267 399 5323 hinnuli
450 5284 583 5324 vero
623 5266 783 5338 pellis
826 5272 924 5320 aut
987 5260 1291 5317 ctelestium
1340 5260 1605 5322 siderum,
1650 5266 1745 5313 aut
1808 5257 2179 5315 universitatis
2226 5255 2390 5328 hujus
2457 5256 2772 5313 varietatem
2846 5262 3249 5325 repraesentem.
3292 5275 3314 5309 ι
3349 5256 3431 5313 Ac

213 5356 262 5411 de
283 5359 583 5415 Gmcarum
607 5357 911 5413 fabularum
936 5351 1298 5423 explicatione
1322 5352 1583 5406 hactenus
1610 5348 1969 5422 Porphyrius.

264 5453 335 5506 Τὰ
363 5453 419 5505 δὲ
468 5453 576 5505 τῶν
615 5448 922 5520 Αίγυπτίων
956 5448 1117 5502 πάλιν
1151 5442 1375 5499 τοιαῦτά
1403 5460 1568 5515 φησιν
1612 5443 1754 5515 ἔχειν

1932 5441 2051 5497 Jam
2099 5456 2229 5498 vero
2272 5442 2642 5515 Aigyptiorum
2693 5438 3017 5506 theologiam
3071 5440 3426 5510 sequentibus

210 5542 446 5615 σύμϐολα.
480 5545 582 5597 Τὸν
619 5539 1042 5615 δημιουργὸν,ὃν
1064 5539 1224 5608 Κνὴφ
1255 5536 1364 5610 (94)
1398 5538 1447 5590 oi.
1468 5534 1754 5605 Αἰγύπτιοι

1860 5535 2004 5591 notis
2051 5536 2427 5591 adumbratam
2472 5550 2594 5591 esse
2650 5532 2831 5588 tradit.
2885 5532 3219 5588 Ell‘ectricem
3274 5533 3425 5590 illam

272 5692 294 5719 ι
330 5681 414 5735 ἷσ.
443 5681 565 5736 ἐπεὶ
584 5678 670 5738 δέ.

272 5796 373 5859 (9L)
416 5794 606 5877 Kj‘rjga,
645 5794 761 5851 Non
1034 5803 1329 5877 .utoutest
1386 5792 1527 5863 apud
1563 5791 1826 5877 Pierinm.
1868 5794 2060 5850 Atllnis
2111 5792 2335 5851 Hebraea
2382 5806 2487 5848 vox
2518 5800 2637 5876 τρὶ,
2672 5791 2725 5847 id
2790 5801 2873 5847 est
2901 5790 3023 5855 ala;
3071 5804 3184 5859 qua
3226 5795 3423 5860 praxi-

218 5879 357 5934 puum
383 5884 412 5922 a
446 5867 742 5941 Porphyrto
770 5867 1007 5923 numinis
1034 5867 1199 5936 hujus
1225 5867 1438 5936 insigne
1468 5867 1706 5936 ponitur.
