4024 6408
300 313 383 368 209

760 411 1149 468 ΚΕΦΑΛΑΙΟΝ
1183 410 1277 462 ΙΒ’.

338 513 444 581 Περὶ
475 510 569 564 τοῦ
596 507 741 561 κατὰ
771 508 884 571 τὴν
925 504 1351 573 Ἐλεφαντίνην
1382 500 1741 572 ἀγάλματος.
1780 503 1804 560 ἐἴ

348 604 474 659 Κατὰ
511 602 563 653 δὲ
606 598 702 669 τὴν
748 595 1125 666 ’Ἐλεφαντίνην
1177 594 1330 649 πόλιν
1369 594 1479 665 (98)
1518 593 1802 665 τετίμηται

290 697 486 767 ἀγαλμα,
527 690 899 760 πεπλασμένον
945 689 1061 759 μὲν,
1117 687 1229 741 ἀλλ’
1258 699 1285 727 ι
1326 687 1663 759 ἀνδρείκελον
1707 686 1801 741 καὶ

291 790 560 859 καθήμενον,
596 781 827 837 κυανοῦν
846 800 906 836 τε
929 783 1026 854 τὴν
1056 782 1265 854 χροιὰν,
1295 781 1535 852 κεφαλὴν
1563 780 1619 833 δὲ
1646 778 1817 851 κριοῦ⁴

288 880 586 951 κεκτημένον,
642 876 737 930 καὶ
788 876 1087 946 βασίλειον,
1134 875 1341 945 κέρατα
1386 874 1615 945 τράγεια
1656 873 1798 943 ἕχον,

284 970 516 1035 οίςὲπστι
554 967 750 1031 κύκλος
788 967 1105 1038 δισκοειδης.
1142 965 1390 1037 Κάθηται
1428 965 1503 1029 δὲ,
1537 982 1801 1036 παρακει-

286 1065 408 1136 μένου
431 1061 685 1132 κεραμέου
725 1059 965 1129 ἀγγείου,
996 1060 1081 1129 ἐφ’
1108 1053 1168 1114 οῦ
1210 1059 1492 1130 ἄνθρωπον
1529 1058 1803 1113 ἀναπλάσ-

286 1174 384 1211 σειν.
411 1155 557 1225 Δηλοῖ
574 1153 631 1206 δὲ
664 1151 775 1205 ἀπὸ
801 1153 898 1223 μὲν
920 1151 1012 1205 τοῦ
1041 1150 1192 1224 κριοῦ
1229 1151 1517 1223 πρόσωπον
1541 1150 1684 1221 ἔχειν
1707 1150 1801 1205 καὶ

282 1249 397 1315 αἰγὸς
414 1246 619 1316 κέρατα,
639 1244 738 1315 τὴν
768 1246 826 1298 ὲν
842 1244 995 1317 Κριῷ
1018 1244 1228 1298 σύνοδον
1260 1243 1408 1315 ἡλίου
1426 1242 1521 1297 καὶ
1546 1243 1798 1314 σελήνηςο

279 1340 322 1391 τὸ
344 1338 388 1389 δὲ
409 1338 464 1388 ὲκ
517 1332 718 1388 κυανοῦ
768 1334 985 1406 χρῶμα,
1037 1335 1119 1388 ὅτι
1154 1334 1469 1405 ύδραγωγὸς
1506 1334 1565 1386 ὲν
1598 1333 1799 1405 συνόδῳ

278 1432 301 1499 η
326 1427 502 1497 σελήνη.
528 1425 598 1477 T6
629 1426 687 1478 δὲ
718 1426 967 1496 δεύτερον
988 1424 1101 1495 φῶς
1129 1424 1228 1495 τῆς
1243 1425 1469 1497 σελήνης
1504 1426 1563 1478 ὲν
1608 1425 1798 1478 Ἀπόλ-

276 1522 400 1581 iuva:
442 1517 585 1570 πόλει
643 1516 1006 1588 καθιέρωταιο
1057 1516 1171 1570 ἐστι
1219 1516 1275 1569 δὲ
1306 1516 1494 1570 τούτου
1532 1517 1797 1588 σύμΰολον

276 1609 704 1683 ἱερακοπρόσωπος
751 1608 1056 1679 ἄνθρωπος,
1092 1606 1281 1679 ζιϐύνῃ
1314 1608 1661 1679 χειρούμενος
1690 1610 1797 1663 Τυ-

273 1706 405 1774 φῶνα,
452 1700 815 1772 ἱπποποτάμῳ
869 1701 978 1771 (99)
1032 1701 1369 1771 εἰκασμένον.
1412 1702 1614 1755 Λευκὸν
1642 1702 1698 1756 δὲ
1724 1705 1790 1773 τῇ

272 1796 370 1866 χρόᾳ
398 1793 447 1846 τὸ
471 1793 714 1863 ἄγαλμα,
749 1793 847 1863 τῆς
895 1792 993 1862 μὲν
1022 1790 1342 1863 λευκότητος
1368 1793 1430 1846 τὸ
1467 1794 1792 1863 φωτίζεσθαι

270 1890 339 1959 τήν
370 1887 574 1957 σελήνην
604 1887 1056 1957 παραστησάσης,
1091 1886 1186 1940 τοῦ
1229 1886 1285 1939 δὲ
1320 1886 1587 1959 ἰερακείου
1622 1906 1791 1960 προσ-

267 1982 398 2045 ώπου,
435 1983 491 2033 τὸ
522 1980 612 2048 ἀφ’
663 1979 818 2050 ἡλίου
866 1977 1213 2049 φωτίζεσθαι,
1251 1980 1345 2033 καὶ
1385 1979 1601 2052 πνεῦμα
1651 1982 1792 2052 λαμ-

267 2076 433 2128 εὲδεινο
465 2072 549 2127 τὸν
581 2074 697 2145 γάρ
746 2074 940 2144 ἱέρακα
993 2071 1127 2143 ἡλίῳ
1171 2072 1490 2145 ἀφιεροῦσι·
1527 2075 1702 2142 φωτὸς
1735 2074 1793 2129 δὲ

268 2169 333 2221 καὶ
375 2166 666 2236 πνεύματος
718 2165 869 2237 ἱέραξ
917 2166 1097 2228 αὐτοῖς
1161 2165 1428 2237 σύμϐολον
1470 2166 1559 2220 διά
1592 2184 1653 2221 τε
1693 2167 1791 2239 τὴν

262 2256 570 2326 ὀξυκινησίαν,
612 2258 712 2311 καὶ
757 2257 818 2309 τὸ
859 2257 993 2328 πρὸς
1034 2256 1165 2326 ὕψος
1203 2256 1537 2328 ἀνατρέχειν,
1572 2257 1698 2312 ἔνθα
1730 2259 1791 2313 τὸ

263 2352 362 2418 ςῶς.
402 2352 451 2403 Ὀ
497 2350 552 2403 δὲ
602 2350 982 2420 ἰπποπόταμος
1022 2349 1113 2404 τὸν
1153 2350 1365 2403 δυτικὸν
1409 2350 1559 2421 δηλοῖ
1605 2352 1787 2417 πόλον,

388 2442 437 2494 τὸ
457 2442 775 2495 καταπίνειν
787 2444 864 2506 εἰς
891 2441 1082 2496 ἑαυτὸν
1100 2443 1225 2507 τοὺς
1242 2446 1669 2515 περιπολοῦντας
1686 2447 1783 2517 (Ι).

259 2534 357 2596 Θεὸς
405 2534 455 2586 δὲ
508 2535 737 2603 τιμᾶται
768 2536 825 2587 ὲν
854 2537 921 2605 τῇ
946 2534 1095 2589 πόλει
1138 2535 1308 2609 ταύτῃ
1336 2538 1365 2589 6
1398 2531 1581 2609 Ὦρος.
1625 2539 1692 2592 Ἦ
1731 2538 1788 2592 δὲ

258 2623 331 2693 τῆς
370 2623 652 2695 Εἰληθυίας
710 2625 865 2688 πόλις
912 2624 973 2679 τὸ
1004 2625 1184 2697 τρίτον
1223 2626 1339 2695 φῶς
1371 2626 1679 2699 θεραπεύει.
1716 2628 1788 2683 T6

255 2715 295 2767 δὲ
320 2717 478 2781 ξόανον
507 2716 819 2770 τετύπωται
852 2718 931 2781 εἰς
962 2716 1111 2786 γῦπα
1140 2719 1452 2790 πετόμενον,
1481 2716 1550 2794 ἦς
1573 2721 1634 2775 τὸ
1666 2722 1789 2776 πτέ-

257 2823 377 2877 ρωμτ
395 2809 449 2859 ὲκ
472 2808 780 2861 σπουδαίων
809 2809 1105 2881 συνέστηκε
1133 2809 1313 2863 λίθων.
1346 2810 1609 2883 Σημαίνει
1637 2811 1693 2865 δὲ
1726 2811 1786 2866 τδ

258 2900 329 2967 μὲν
354 2901 621 2967 γυποειδὲς
657 2901 828 2972 αὐτῆς
858 2900 955 2973 τὴν
982 2902 1300 2975 γεννητικὴν
1328 2905 1656 2975 πνευμάτων
1700 2923 1788 2960 σε-

253 2990 407 3060 λήνην·
440 2994 500 3044 ὲκ
531 2994 649 3064 γὰρ
680 2993 771 3046 τοῦ
804 2994 1110 3064 πνεύματος
1148 2994 1347 3050 οἴονται
1390 2996 1784 3068 συλλαμϐάνειν

253 3082 317 3133 τὸν
344 3082 494 3149 γῦπα,
532 3083 758 3154 θηλείας
790 3084 967 3147 πάσας
990 3086 1431 3157 ἀποφαινόμενοι.
1467 3088 1555 3141 Ἐν
1586 3088 1642 3142 δὲ
1672 3091 1784 3154 τοῖς
1810 3096 1852 3155 C

250 3176 338 3225 κατ’
370 3175 640 3228 Ἐλευσῖνα
668 3174 983 3246 μυστηρίοις
1024 3178 1052 3229 6
1095 3178 1192 3249 μὲν
1238 3180 1558 3252 ἱεροφάντης
1599 3183 1678 3246 είς
1705 3184 1780 3236 εἰ-

250 3268 347 3319 κόνα
374 3266 457 3319 τοῦ
487 3269 831 3339 Δημιουργοῦ
873 3272 1272 3335 ὲνσκευάζεται,
1306 3271 1560 3344 δᾳδοῦχος
1596 3275 1652 3328 δὲ
1700 3278 1781 3341 εἰς

248 3358 467 3426 τὴνήλίου
492 3377 504 3388 υ
544 3360 645 3412 καὶ
684 3363 712 3413 6
749 3361 847 3431 μὲν
893 3363 983 3415 ἐπὶ
1022 3363 1189 3433 βωμῷ
1220 3365 1300 3425 εἰς
1329 3364 1429 3435 τὴν
1466 3366 1713 3439 σελήνην,
1750 3370 1780 3422 6

311 3452 575 3521 ἱεροκήρυξ
626 3453 849 3523 Ἑρμοῦ.
886 3456 995 3508 Καὶ
1043 3456 1323 3526 ἄνθρωπος
1360 3456 1416 3509 δὲ
1454 3460 1584 3530 παρ’
1619 3462 1782 3529 Αἰγυ-

247 3543 382 3607 πτίοις
418 3548 471 3597 ἐν
513 3550 633 3610 τοῖς
684 3548 847 3617 ἰεροῖς
881 3547 1262 3620 παρείληπται.
1301 3551 1531 3621 Ἀναμις
1565 3553 1639 3621 (2)
1668 3552 1776 3626 γάρ

246 3639 330 3689 ἐπι
356 3636 503 3709 κώμη
547 3640 852 3707 Αἰγύπτου,
890 3642 946 3693 ἐν
1073 3639 1429 3711 θεραπεύεται
1468 3643 1772 3716 ἄνθρωπος,

246 3730 315 3779 καὶ
350 3728 526 3783 θύεται
591 3730 784 3802 τούτῳ,
828 3732 922 3784 καὶ
966 3732 1057 3785 ἐπὶ
1106 3730 1212 3785 τῶν
1258 3732 1455 3803 βωμῶν
1494 3734 1563 3788 τὰ
1608 3738 1776 3809 ἱερεῖα

244 3822 443 3874 καίεταιο
488 3826 517 3875 6
566 3824 625 3876 δὲ
671 3825 785 3893 μετ’
814 3824 989 3893 ὀλίγον
1032 3826 1194 3895 φάγοι
1241 3824 1306 3879 ἂν
1348 3828 1415 3881 τά
1457 3828 1532 3891 ὠς
1574 3829 1638 3882 ἂν
1684 3831 1780 3884 ἁν-

243 3911 405 3983 ϐρώπῳ
434 3913 590 3984 αὐτῷ
628 3918 1139 3987 παρεσκευασμένα.
1168 3919 1288 3971 Ὅτι
1322 3918 1378 3971 δὲ
1422 3919 1540 3972 οὐδὲ
1566 3920 1632 3973 τά
1666 3918 1781 3984 ζῶα

243 4000 361 4066 Θεώς
390 4005 673 4076 ἡγοῦνται,
709 4008 918 4072 εἰκόνας
966 4008 1022 4061 δὲ
1065 4008 1347 4062 ἐποιοῦντο
1397 4010 1491 4063 καὶ
1540 4010 1781 4083 σύμϐολα

241 4094 375 4150 ταῦτα
400 4098 561 4164 θεῶν,
589 4100 741 4172 δηλοῖ
761 4100 821 4153 τὸ
844 4100 1108 4173 πολλαχοῦ
1134 4101 1259 4173 βοῦς
1281 4101 1613 4175 ἀναχθέντας
1638 4104 1777 4169 θεοῖς
1809 4101 1854 4156 D

1825 1760 1867 1814 Β

290 4273 312 4301 ι
344 4261 443 4317 del.
481 4263 637 4319 ἀλλά.

290 4424 385 4493 (98)
409 4427 1106 4506 ,ἦξεῖεφᾳντίιτηνκπόλιη
1150 4430 1350 4506 Urbem
1390 4432 1762 4506 Egyptiaeam

238 4496 447 4578 agnoscit
476 4495 736 4578 Herodot.
781 4495 833 4552 in
876 4498 1113 4569 Euterpe,
1158 4504 1245 4578 ubi
1283 4495 1588 4561 crocodilos
1615 4507 1766 4563 urbis

241 4566 372 4645 liuius
406 4568 603 4622 incolis
654 4583 841 4621 sacros
870 4586 976 4645 non
1006 4566 1128 4627 esse
1158 4576 1336 4639 docet,
1364 4592 1593 4645 eamque
1620 4578 1759 4631 The

238 4636 318 4719 bis,
348 4653 626 4719 “usupra
672 4653 803 4719 nece
833 4640 1129 4719 stadiorum
1162 4636 1448 4719 intervallo
1480 4636 1763 4719 disjuugit.

236 4706 460 4788 ignoscit
507 4717 561 4761 et
610 4709 661 4788 in
718 4709 928 4770 Thalia,
968 4706 1767 4788 indeque_l_chthyophagosvad

233 4773 500 4860 Cambysen
525 4773 1177 4860 venissc‘eommemorat.
1212 4785 1361 4860 lilulti
1385 4773 1645 4842 “videlicet
1678 4804 1769 4860 po-

233 4847 317 4926 puli
347 4848 444 4911 hoc
480 4849 727 4926 nomine,
756 4850 881 4905 licet
912 4854 1208 4926 prrecipuos
1232 4856 1447 4920 Strabo,
1470 4859 1559 4913 lib.
1590 4847 1765 4925 xv,'in

232 4916 825 4998 Ariana_colloc_el,_qu_:e
872 4916 1328 4998 adUCarmaniam
1384 4916 1556 4998 usque
1600 4916 1766 4997 perti-

233 4998 345 5067 ii'eat.
375 4988 637 5067 _Agnosc_i_t
665 4988 1043 5067 {\‘rrianuslib.
1075 5012 1133 5048 ιιι
1171 4996 1243 5051 De
1268 5001 1451 5067 expeti.
1471 4988 1766 5065 Ἀιεαὲαηάά

232 5052 521 5134 Heliodorus
557 5060 847 5130 ίΕεΙιὶορὶε.
895 5064 1083 5119 histor.
1137 5067 1232 5120 lib.
1272 5052 1397 5134 Vili;

234 5130 431 5211 ipsinam
457 5130 587 5211 Nili“
612 5148 735 5211 esse
780 5135 960 5201 tradit,
992 5152 1111 5206 qua:
1135 5137 1312 5193 Plinio
1342 5130 1433 5195 lib.
1469 5158 1521 5208 v,
1553 5157 1674 5211 cap.
1710 5142 1765 5211 9,

236 5192 509 5260 Elephantis
537 5201 756 5256 dicitur.

284 5268 382 5353 (.99)
418 5271 855 5353 _'I::§o:zczdyq;.
878 5274 1111 5353 _I_Squu_r_n
1150 5280 1293 5353 hunc
1329 5280 1642 5353 fluviatilem
1668 5280 1746 5337 Ile

233 5336 380 5415 rodet.
418 5341 471 5394 in
507 5336 830 5421 Euterpe:
870 5336 975 5399 151'
998 5351 1127 5403 edit.
1175 5349 1537 5414 Graeco-Lat,
1568 5336 1768 5421 Papre-

234 5421 419 5486 nutante
448 5422 651 5486 tantum
683 5415 1017 5481 praefecturae
1057 5435 1271 5474 sacrum
1323 5437 1444 5476 esse
1493 5423 1588 5486 ait,
1614 5415 1739 5476 eum

233 5490 315 5562 que
357 5482 613 5562 describit
640 5486 1068 5562 quadrupedem,
1106 5491 1282 5562 bilidis
1333 5482 1582 5559 pedibus,
1614 5493 1738 5546 bovi

232 5552 543 5633 pisaungulis,
572 5552 798 5633 simum,
818 5552 1011 5626 equina
1037 5552 1191 5633 iuba,
1219 5552 1409 5633 cauda.
1446 5552 1610 5628 νοοέῖ
1636 5581 1763 5633 χαυέ

234 5617 460 5699 ξιόδοντα,
489 5622 549 5699 id
572 5636 669 5699 est
696 5617 832 5679 laxis
868 5617 920 5680 et
954 5617 1188 5683 exsertis
1232 5617 1507 5697 dentibus,
1540 5617 1763 5687 mafimi

234 5693 348 5764 tauri
379 5695 765 5764 magnitudine,
798 5699 952 5764 cujus
985 5715 1047 5753 ex
1078 5700 1320 5755 arefacta
1352 5693 1503 5757 corio
1537 5703 1765 5757 missilia

237 5758 363 5814 iam.
396 5758 658 5822 Diddorus
706 5758 922 5825 Siculus
952 5770 1043 5825 lib.
1079 5788 1093 5825 l
1130 5772 1517 5842 propemodum
1549 5773 1757 5831 eadem.

1415 288 1729 345 PREPAR.
1777 285 2026 342 EVANG.
2068 286 2196 343 LIB.
2238 285 2323 342 III.

1834 410 1887 467 Δ

3362 283 3473 339 210

2508 402 2736 460 CAPUT
2769 402 2882 458 XII.

2014 497 2092 551 De
2146 498 2452 561 simulacro,
2486 500 2623 567 quod
2654 494 3118 565 Elephantinopoli
3157 494 3361 548 visitur.

1977 588 2134 658 Apud
2183 587 2713 658 Elephantinopolim
2758 586 3033 655 quoddam
3076 585 3345 654 ejusmodi
3398 584 3471 638 si-

1907 679 2214 734 mulacrum
2257 689 2607 746 venerantur,
2655 677 2802 747 quod
2851 678 3067 743 sedens,
3116 692 3182 732 ac
3230 674 3468 731 caeruleo

1903 773 2087 828 colore
2116 772 2408 837 imbutum,
2456 772 2576 843 ipso
2614 771 2833 840 quidem
2876 772 3123 840 corporis
3156 780 3349 827 trunco
3396 772 3470 825 vi-

1900 864 2057 919 rilem
2086 879 2198 934 prae
2240 880 2297 919 se
2326 863 2431 917 fert
2466 864 2723 932 speciem,
2761 864 2950 919 arietis
2998 880 3129 919 vero
3163 874 3325 934 caput
3371 865 3469 920 ha-

1901 955 2012 1022 bet,
2038 956 2091 1011 in
2118 972 2291 1026 eoque
2320 955 2596 1026 proprium
2622 971 2685 1011 ac
2708 957 3027 1025 primarium
3056 958 3285 1028 insigne,
3329 957 3467 1013 hirci

1902 1065 2131 1117 cornua,
2188 1050 2388 1121 quibus
2437 1049 2677 1105 circulus
2737 1050 2869 1104 disci
2923 1049 3093 1120 ﬁgura
3142 1050 3463 1105 sustinetur.

1904 1141 2035 1210 Ejus
2064 1152 2244 1196 autem
2278 1142 2517 1197 sedentis
2546 1142 2613 1197 ad
2653 1143 2817 1211 pedes
2847 1142 3012 1196 fictile
3058 1157 3155 1196 vas
3196 1142 3364 1210 jacet,
3410 1142 3463 1195 in

1902 1248 2011 1302 quo
2041 1233 2249 1288 scilicet
2286 1232 2451 1286 homo
2484 1233 2738 1305 ﬁngatur.
2771 1233 2837 1288 Et
2880 1235 3105 1290 arietina
3138 1235 3359 1304 quidem
3392 1233 3468 1289 fa-

1899 1323 2033 1390 cies,
2070 1323 2402 1394 caprinaque
2446 1341 2671 1389 cornua,
2705 1326 3002 1383 solemnem
3040 1328 3094 1381 in
3144 1328 3344 1382 Arietis
3390 1327 3466 1382 si-

1898 1428 2005 1483 gno
2053 1413 2184 1468 solis
2222 1429 2287 1468 ac
2320 1415 2464 1470 lunae
2506 1416 2983 1487 congressionem;
3025 1417 3289 1472 caeruleus
3330 1431 3462 1472 vero

1898 1504 2069 1568 color,
2102 1504 2244 1559 luna:
2277 1507 2385 1559 vim
2430 1506 2803 1577 adcogendas
2848 1517 2901 1562 et
2946 1509 3241 1563 eliciendas
3288 1523 3462 1578 aquas

1899 1594 1952 1648 in
1984 1609 2046 1648 ea
2072 1596 2459 1665 congressione
2480 1598 2805 1668 praecipuam
2840 1607 3211 1667 repraesentat.
3241 1596 3357 1652 Jam
3382 1614 3463 1653 so-

1898 1686 2133 1740 eundum
2171 1686 2316 1740 luna:
2361 1687 2543 1743 lumen
2593 1688 2648 1743 in
2686 1688 2952 1758 Apollinis
2989 1689 3123 1743 urbe
3172 1704 3459 1744 consecra-

1896 1785 2043 1842 runt,
2092 1777 2249 1847 cujus
2276 1779 2588 1849 symbolum
2625 1780 2787 1836 homo
2825 1790 2908 1836 est
2947 1781 3223 1851 accipitris
3251 1783 3457 1836 vultum

1896 1869 2208 1938 praeferens,
2242 1888 2305 1926 ac
2339 1871 2654 1946 Typhonem
2703 1873 3085 1944 hippopotami
3116 1875 3295 1943 specie
3328 1891 3457 1931 cou-

1894 1960 2191 2015 formatum
2233 1961 2419 2031 jaculo
2466 1963 2721 2032 subigens
2789 1964 3058 2020 Caeterum
3106 1966 3215 2019 albi
3258 1965 3458 2039 coloris

1894 2052 2248 2107 simulacrum
2276 2061 2378 2118 est,
2408 2068 2535 2124 .quo
2565 2054 2751 2108 lunam
2796 2070 2957 2109 suum
3008 2056 3227 2111 aliunde
3273 2058 3457 2113 lumen

1893 2145 2237 2199 emendicare
2288 2144 2616 2215 signiﬁcant,
2666 2147 3123 2216 quemadmodum
3180 2149 3456 2218 accipitris

1892 2237 2067 2301 vultu,
2119 2237 2304 2291 lumen
2341 2237 2517 2307 ipsum
2558 2253 2665 2293 una
2721 2254 2845 2294 cum
2888 2240 3083 2310 spiritu
3129 2243 3183 2296 in
3226 2259 3343 2297 eam
3391 2244 3458 2298 ab

1892 2332 2009 2389 sole
2050 2331 2306 2387 derivari.
2357 2331 2471 2386 Soli
2528 2333 2674 2387 cnim
2737 2334 3048 2403 accipitrem
3096 2350 3455 2405 consecrant,

1890 2446 2000 2501 quo
2032 2440 2289 2500 tanquam
2325 2430 2549 2487 luminis
2595 2431 2799 2501 pariter
2835 2447 2900 2487 ac
2942 2431 3169 2501 spiritus
3206 2431 3457 2503 symbolo

1889 2528 1968 2584 uti
2003 2529 2198 2595 solent,
2238 2528 2432 2598 partim
2466 2528 2611 2598 quod
2648 2528 3031 2584 incitatissimo
3075 2529 3259 2583 volatu
3310 2527 3456 2582 fera-

1890 2632 2000 2690 tur,
2035 2623 2233 2693 partim
2266 2623 2410 2693 quod
2442 2624 2691 2678 altiorem
2724 2624 2777 2677 in
2820 2624 3125 2694 regionem,
3178 2623 3269 2678 ubi
3315 2622 3456 2678 lueis

1886 2718 2209 2788 plurimum,
2260 2718 2489 2772 volando
2532 2718 2743 2773 subeat.
2796 2715 3228 2787 Hippopotamus
3272 2727 3453 2770 autem

1885 2810 2073 2879 polum
2109 2809 2359 2872 alterum,
2389 2808 2457 2863 ad
2493 2824 2656 2878 quem
2687 2808 2767 2863 sol
2799 2809 3055 2864 occidens
3086 2808 3452 2877 progreditur,

1886 2916 1951 2956 eo
2010 2900 2249 2967 denotat,
2318 2899 2463 2968 quod
2520 2899 2588 2953 ad
2656 2913 2776 2953 sese
2858 2899 3084 2968 propius
3134 2899 3455 2955 accedentes

1886 2994 2058 3049 hianti
2111 3009 2207 3049 ore
2253 2993 2564 3049 absorbent.
2606 2992 2778 3048 Porro
2814 2993 2870 3046 in
2924 2993 3015 3047 illa
3064 2992 3181 3062 ipsa
3234 2993 3455 3047 civitate

1885 3086 2091 3143 Horum
2139 3101 2238 3157 pro
2285 3086 2387 3141 deo
2440 3086 2644 3140 colunt.
2698 3083 2943 3139 Tertium
2977 3084 3214 3153 denique
3265 3083 3451 3138 lumen

1884 3180 2142 3250 religioso
2198 3178 2345 3233 cultu
2400 3176 2623 3232 Lucina:
2672 3176 2726 3230 in
2778 3177 2978 3247 Oppido
3012 3188 3450 3247 prosequuntur,

1891 3273 2049 3343 117
2082 3272 2240 3341 cujus
2289 3270 2488 3342 eﬁigies
2542 3269 2744 3324 vulturi
2787 3268 3001 3323 femina:
3041 3284 3105 3324 ac
3130 3268 3333 3322 volanti
3376 3267 3454 3324 si-

1889 3367 2036 3421 milis
2077 3374 2181 3432 est,
2227 3364 2310 3417 cui
2356 3364 2455 3418 alae
2503 3377 2575 3416 ex
2614 3360 2772 3416 lectis
2824 3360 3151 3428 eximiisque
3183 3358 3455 3429 lapidibus

1888 3467 2154 3515 contexta:
2192 3464 2467 3526 aptantur.
2512 3456 2688 3523 Atque
2727 3454 2828 3508 hac
2858 3453 3090 3507 vulturis
3131 3452 3328 3521 specie,
3374 3452 3455 3505 lu-

1888 3568 2014 3607 nam
2044 3550 2152 3604 vim
2184 3547 2436 3619 gignendi
2466 3544 2751 3614 ciendique
2792 3554 2982 3599 ventos
3010 3544 3207 3598 habere
3245 3542 3454 3614 signiﬁ-

1881 3654 2027 3709 cant,
2057 3642 2303 3697 vultures
2338 3650 2540 3703 autem,
2572 3653 2711 3707 quas
2738 3652 2928 3691 omnes
2953 3636 3184 3691 feminas
3208 3652 3330 3692 esse
3361 3652 3453 3692 vo-

1882 3735 2020 3799 lunt,
2062 3749 2129 3788 ex
2170 3741 2332 3788 vento
2369 3730 2657 3800 concipere
2701 3729 3055 3783 arbitrantur.
3105 3729 3175 3783 At
3224 3745 3351 3783 vero
3394 3730 3451 3784 in

1879 3824 2171 3879 Eleusiniis
2226 3821 2502 3893 mysteriis
2578 3820 2805 3889 ipsemet
2866 3834 3149 3875 sacrorum
3221 3821 3451 3885 antistes

1879 3920 2220 3982 Creatorem;
2255 3916 2347 3986 qui
2371 3914 2543 3970 facem
2580 3910 2817 3983 przefert,
2852 3914 3056 3980 solem;
3087 3914 3180 3984 qui
3207 3915 3273 3968 ad
3299 3928 3451 3968 aram

1880 4012 2149 4074 consistit,
2184 4010 2408 4073 lunam;
2449 4021 2731 4062 sacrorum
2780 4006 3018 4076 denique
3064 4022 3262 4076 praeco,
3311 4005 3452 4061 Mer-

1885 4105 2094 4160 curium
2125 4102 2311 4157 habitu
2334 4116 2399 4156 ac
2432 4098 2613 4169 specie
2644 4106 3018 4169 repraesentat.
3048 4097 3318 4154 Praeterea
3353 4095 3451 4152 1E-

1871 4437 2192 4497 Cubitorum
2237 4440 2284 4495 ei
2335 4438 2575 4509 quinque
2619 4437 3047 4507 magnitudinem
3101 4437 3308 4501 tribuit,
3341 4444 3452 4509 tres

1872 4519 2104 4579 utraque
2133 4525 2199 4563 ex
2231 4506 2383 4580 parte
2412 4506 2810 4579 χαυλιόδοντας,
2838 4509 2953 4578 apri
2990 4509 3243 4563 dentibus
3278 4506 3451 4580 majof

1871 4594 1982 4643 res,
2040 4579 2268 4649 equinas
2314 4596 2514 4645 aures;
2561 4581 2815 4647 additque
2864 4580 3121 4650 ἀμφίϐιον
3165 4593 3307 4640 esse,
3354 4579 3448 4650 qui

1876 4652 1979 4705 sub
2021 4652 2179 4720 aquis
2209 4651 2438 4705 interdiu
2472 4651 2772 4713 delitescat,
2808 4649 2971 4705 noctu
3008 4659 3243 4716 segetem
3278 4664 3342 4720 ac
3372 4649 3450 4704 fe-

1875 4737 2005 4775 num
2060 4717 2404 4790 depascatur.
2437 4721 2538 4775 Adi
2570 4727 2633 4776 “et
2662 4721 2987 4775 Pausaniam
3031 4722 3249 4773 Ἡλιακ.
3286 4717 3353 4777 α’.
3392 4735 3445 4787 p.

1877 4792 2003 4855 159,
2037 4801 2089 4846 et
2118 4792 2169 4845 in
2199 4792 2472 4855 Arcadia,
2497 4806 2548 4859 p.
2581 4791 2708 4856 ‘275,
2744 4792 2833 4845 ubi
2869 4792 2962 4855 ait,
2994 4790 3448 4861 Cyzicenos,Mq-

1872 4862 2001 4933 τρδς
2028 4862 2361 4934 Δινδυμήνης
2394 4862 2634 4934 ἄγαλμα,
2675 4878 2738 4916 ex
2773 4860 3120 4934 Proconneso
3168 4860 3444 4934 habuisse,

1875 4929 2033 5000 cujus
2070 4929 2273 5001 vultus,
2305 4929 2424 4986 ἀντὶ
2456 4929 2743 5001 ἐλέφαντος
2789 4933 2972 4986 ἵππων
3015 4932 3121 4983 τῶν
3169 4929 3449 4999 ποταμίων

1873 5003 2081 5068 ὀδόντες
2104 5000 2243 5074 ἦσαν
2266 5000 2635 5074 εἰργασμένοι.
2665 5004 2883 5059 Nummi
2906 5012 3133 5074 veteres,
3164 5012 3216 5056 et
3241 5001 3446 5056 oculati

1875 5082 2041 5129 testes
2098 5073 2417 5128 dissimilem
2467 5073 2586 5141 ejus
2634 5074 2867 5144 speciem
2905 5073 3181 5144 exhibent,
3213 5086 3445 5144 eamque

1875 5144 1996 5215 bovi
2037 5159 2311 5213 porroque
2350 5140 2853 5215 similiorem'quam
2884 5140 3269 5215 equo..Porr_o_,
3295 5140 3444 5215 quod

1875 5212 2189 5286 Typhonem
2226 5212 2608 5284 ’hippopotami
2657 5212 2835 5285 specie
2866 5216 3182 5286 ﬁgurarent,
3213 5213 3287 5275 id,
3320 5212 3442 5280 opi-

1873 5284 1995 5348 nbr,
2029 5285 2096 5339 ad
2132 5286 2391 5340 incestam
2428 5284 2723 5340 animantis
2750 5284 2919 5353 hujus
2940 5284 3270 5352 impietatem
3296 5296 3448 5353 retu-

1872 5354 2074 5415 Ierunt.
2103 5356 2197 5425 qui
2225 5365 2437 5422 patrem
2462 5357 2734 5425 potiundze
2756 5352 2945 5409 matris
2966 5353 3202 5424 cupidus
3232 5352 3442 5425 interli-

1873 5425 2002 5490 ciat,
2039 5434 2097 5479 ut
2124 5424 2203 5479 ait
2231 5425 2507 5481 Plutarch.
2544 5426 2617 5478 De
2647 5426 2841 5479 Solert.
2868 5426 3093 5488 animal;
3126 5425 3234 5480 imo
3268 5432 3325 5478 et
3348 5424 3443 5475 de-

1874 5497 2105 5548 mortuis
2124 5498 2379 5550 carnibus
2400 5506 2668 5557 vescatur,
2710 5504 2766 5549 ut
2794 5496 2993 5549 Elian.
3027 5497 3121 5551 lib.
3146 5508 3248 5557 'vu,
3272 5509 3323 5549 e.
3349 5491 3439 5549 l9.

1944 5565 2021 5699 μ)
2062 5566 2563 5636 Περιπολοῦντας.
2590 5566 2727 5630 Quid
2760 5568 2805 5621 si
2835 5563 3261 5640 περιπλέονταςὲ

1963 5634 2020 5699 2)
2067 5638 2332 5699 Ἀναμις,
2378 5634 2571 5699 Supra.
2612 5652 2661 5699 p.
2692 5636 2783 5699 94,
2815 5638 3008 5699 legitur
3033 5636 3258 5699 Ἀναϐις

1963 5634 2020 5705 2)
2067 5633 2332 5706 "Amm.
2378 5634 2571 5704 Supra,
2612 5652 2661 5706 p.
2692 5636 2783 5699 94,
2815 5633 3008 5706 legitur
3033 5633 3280 5700 Ἀναϐις.
3339 5633 3442 5688 Fa—

1872 5705 2254 5778 eilisrmutati’o
2282 5706 2375 5757 τοῦ
2396 5707 2444 5769 ,ϐ
2474 5707 2524 5758 in
2557 5705 2622 5774 μ,
2644 5715 2735 5761 aut
2768 5725 2807 5777 μ
2846 5705 2898 5763 in
2926 5709 2994 5778 ,8.
3023 5708 3296 5764 ouomodo
3322 5721 3352 5760 a
3378 5705 3443 5759 lio

1872 5775 2068 5831 hrariis
2127 5777 2501 5848 pingebantur.
