3890 6384
474 314 573 368 SH
1149 310 1421 369 EUSEBII
1451 309 1933 369 CAESARIENSIS
1970 310 2119 367 OPP.
2160 310 2343 367 PARS
2373 309 2436 366 II.
2468 342 2536 351 -—-
2557 309 3054 367 APOLOGETICA.
3607 316 3701 369 εις).

478 430 644 501 gyptii
674 428 971 495 hominem,
1014 428 1104 483 cui
1147 443 1302 485 sacra
1353 429 1588 497 faciant,
1641 430 1876 501 deligere
1918 444 2053 485 con-

2159 430 2216 485 ὲν
2245 430 2367 495 ταῖς
2399 430 2755 502 ἱερομηνίαις,
2802 429 2896 484 καὶ
2930 432 3049 492 ταῖς
3079 429 3212 502 πρὸς
3244 430 3363 495 τοὺς
3405 430 3553 494 θεοὺς
3594 430 3710 503 θρη-

478 530 792 591 sueverunt.
855 521 1082 577 Anamis
1128 522 1271 577 enim
1322 521 1540 593 ngypti
1583 538 1754 593 pagus
1798 531 1903 588 est,
1955 524 2049 578 ubi

2161 523 2368 586 σκείαις
2403 522 2700 593 βουθυτεῖν.

478 614 644 668 homo
685 612 1037 684 religionibus
1071 624 1125 669 ct
1166 614 1448 672 sacriﬁciis
1487 616 1704 681 colitur,
1753 616 1913 686 eique
1955 616 2190 672 victimae
2229 616 2590 671 in~altarihus
2633 623 2973 686 cremantur;
3004 614 3119 684 ipse
3164 624 3343 669 tamen
3389 615 3546 684 paulo
3588 625 3710 684 post,

477 722 600 776 quae
637 705 739 761 sibi
789 714 1049 776 tanquam
1086 706 1295 761 homini
1330 715 1754 777 apponerentur,
1791 708 2020 763 libenter
2064 722 2290 763 omnino
2322 707 2651 763 comederet.
2698 704 2835 761 Nam
2897 705 3044 777 quod
3087 705 3163 760 illi
3204 705 3393 762 hrutas
3430 705 3712 763 animantes

480 801 611 855 deos
657 814 781 855 esse
816 814 1161 870 nequaquam
1195 801 1549 867 arbitrentur,
1599 803 1684 857 vel
1743 818 1808 857 ex
1851 819 1917 859 eo
1946 803 2137 873 liquet,
2185 802 2331 874 quod
2394 802 2450 857 in
2489 801 2761 873 plerisque
2808 801 2944 859 locis
2988 801 3155 857 boves
3198 800 3304 857 diis
3360 812 3703 869 consecratos,

480 890 816 947 solemnibus
860 888 1009 948 feriis
1055 894 1392 964 deorumque
1431 895 2089 965 religionibus-immolare
2132 895 2533 952 consueverint.

1074 987 1303 1043 CAPUT
1366 988 1504 1043 XIII.

2690 986 3083 1042 ΚΕΦΑΛΔΙΟΝ
3123 988 3223 1041 II".

551 1078 630 1133 De
669 1079 812 1145 bove,
855 1081 944 1150 qui
981 1080 1122 1147 apud
1152 1078 1476 1150 Heliopolim
1504 1078 1619 1135 Soli
1659 1081 1985 1135 immolatur.

2162 1080 2303 1149 Περὶ
2340 1077 2532 1134 τοῦὲν
2563 1078 2759 1135 Ἠλίου
2779 1078 3268 1149 πόλειθυομένου
3301 1076 3381 1143 τῷ
3407 1075 3712 1145 ἡλίῳβοός.

558 1189 577 1221 ι
630 1169 744 1225 Soli
790 1171 1009 1241 quidem
1045 1181 1211 1243 atque
1239 1169 1407 1227 Luna:
1435 1172 1601 1229 boves
1638 1182 2050 1229 consecrarunt.

2238 1188 2259 1222 ιι
2291 1170 2456 1241 Ἡλίῳ
2475 1168 2573 1241 μὲν
2598 1168 2706 1241 γὰρ
2730 1169 2823 1223 καὶ
2848 1168 3045 1241 σελήνῃ
3068 1168 3192 1239 βοῦς
3215 1167 3518 1239 ἀνιέρωσαν
3533 1184 3545 1197 ·
3564 1168 3668 1221 ἀλλ’
3691 1170 3716 1222 ὅ

482 1260 585 1326 Qui
622 1278 785 1331 porro
828 1262 930 1318 soli
964 1263 1105 1333 apud
1149 1261 1473 1333 Heliopolim
1511 1278 1665 1319 sacer
1711 1274 1815 1331 est,
1848 1263 2054 1321 Mnevis

2160 1282 2223 1335 γε
2246 1264 2381 1336 ἡλίῳ
2418 1263 2773 1335 ἀνακείμενος
2834 1266 2890 1317 ὲν
2921 1264 3101 1317 Ἡλίου
3127 1262 3279 1315 πόλει
3312 1261 3386 1333 (5)
3413 1261 3715 1332 καλούμενος

482 1351 735 1417 nomine,
791 1360 1021 1407 caeteros
1076 1353 1449 1422 magnitudine
1500 1362 1743 1423 superat.
1798 1353 2051 1424 idemque

2159 1354 2362 1419 Μνεῦις
2397 1355 2534 1426 βοῶν
2569 1357 2682 1409 ἐστι
2720 1355 2994 1426 μέγιστος,
3031 1354 3236 1427 σφόδρα
3283 1353 3469 1425 μέλας,
3506 1352 3716 1425 μάλιστα

482 1441 665 1496 colore
702 1445 1018 1513 nigerrimo,
1067 1445 1213 1515 quod
1260 1444 1683 1501 vehementioris
1732 1445 2051 1516 assiduique

2160 1449 2242 1502 ὃτι
2273 1448 2367 1502 καλ⁸
2405 1450 2434 1501 6
2472 1448 2623 1520 ἥλιος
2654 1450 2682 1501 6
2716 1447 2883 1512 πολὺς
2916 1447 3157 1520 μελαίνει
3203 1446 3274 1499 τὰ
3302 1444 3605 1517 ἀνθρώπεια
3630 1445 3716 1498 σώ-

484 1539 617 1594 solis
663 1539 827 1594 ardor
868 1540 1139 1608 nigrorem
1184 1540 1441 1596 humanis
1478 1540 1801 1609 corporibus
1862 1541 2054 1598 aﬁ‘erre

2167 1558 2331 1612 ματα.
2367 1542 2521 1612 Ἔχει
2567 1541 2625 1594 δὲ
2670 1541 2770 1612 τὴν
2815 1540 2982 1612 ούράν
3017 1540 3169 1611 παρὰ
3207 1540 3333 1602 τοὺς
3368 1537 3552 1599 ἀλλους
3588 1536 3715 1607 βοῦς,

482 1631 672 1686 soleat.
729 1631 996 1689 Praeterea
1049 1634 1236 1689 caudae
1295 1633 1570 1703 totiusque
1615 1634 1861 1705 corporis
1910 1634 2053 1705 pilos

2159 1633 2251 1686 καὶ
2298 1632 2361 1687 τὸ
2396 1634 2504 1687 πᾶν
2549 1631 2706 1703 σῶμα
2749 1632 3061 1703 ἀνάτριχον,
3102 1630 3352 1700 καθάπερ
3396 1632 3424 1683 6
3467 1628 3607 1699 ἡλιος
3641 1628 3719 1682 τὸν

486 1740 899 1783 sursumversus
962 1725 1212 1794 rejectos,
1252 1735 1448 1797 praeter
1489 1728 1721 1783 aliorum
1761 1728 1926 1783 boum
1958 1744 2053 1782 na-

2159 1725 2395 1781 ὲναντίον
2442 1724 2518 1796 τῷ
2568 1724 2714 1795 πόλῳ
2762 1726 2994 1777 ποιεῖται
3031 1724 3259 1796 δρόμον·
3308 1721 3437 1785 τούς
3468 1737 3526 1773 τε
3556 1720 3717 1791 ὄρχεις

483 1827 662 1872 turam
698 1818 880 1881 habet,
926 1819 1389 1889 quemadmodum
1437 1821 1516 1876 sol
1548 1820 1884 1877 contrarium
1926 1821 2053 1892 polo

2159 1818 2477 1892 μεγίστους,
2546 1816 2839 1891 ἐπειδήπερ
2875 1817 2904 1868 6
2941 1816 3069 1887 περὶ
3112 1816 3181 1869 τὰ
3227 1813 3516 1886 ἀφροδίσια
3554 1812 3718 1883 ἵμερος

482 1925 707 1966 cursum
747 1910 1005 1966 instituit.
1049 1911 1304 1968 Testibus
1356 1921 1441 1968 est
1479 1914 1755 1977 maximis,
1794 1913 1941 1983 quod
1978 1912 2053 1967 rei

2159 1910 2367 1980 γίνεται
2395 1907 2500 1963 ὑπὸ
2532 1906 2884 1979 θερμότητος,
2933 1908 3020 1960 ὅτε
3070 1908 3098 1961 6
3138 1906 3288 1975 ἥλιος
3337 1916 3363 1945 α
3391 1902 3719 1974 σπερμαίνειν

481 2015 729 2057 venerea:
759 2000 1027 2070 cupiditas
1048 2001 1101 2055 vi
1131 2002 1330 2057 caloris
1352 2004 1641 2068 excitetur,
1669 2004 1892 2073 ipseque
1921 2003 2054 2058 adeo

2159 2002 2372 2071 λέγεται
2404 2000 2502 2071 τὴν
2544 1998 2725 2069 φύσιν.
2764 1999 2970 2072 Σελήνῃ
3010 1997 3067 2051 δὲ
3116 1996 3315 2067 ταῦρον
3364 1994 3632 2058 ἀνέθεσαν,
3667 1993 3717 2046 ὃν

481 2091 567 2147 sol
599 2102 850 2155 naturam
884 2091 1177 2148 fecundare
1202 2092 1438 2149 dicatur.
1479 2093 1644 2148 Luna:
1680 2109 1809 2149 vero
1834 2102 2050 2149 taurum

2162 2095 2325 2148 ’Δπιν
2345 2090 2759 2164 ἐπονομάζουσι,
2787 2091 2992 2162 μέλανα
3017 2090 3114 2161 μὲν
3140 2088 3233 2142 καὶ
3260 2086 3424 2142 αὐτὸν
3452 2086 3586 2157 ὑπὲρ
3609 2086 3718 2148 τοὺς

485 2182 760 2247 dicarunt,
820 2198 982 2252 quem
1032 2182 1192 2254 Apim
1248 2184 1564 2248 nominant,
1613 2184 1827 2254 nigrum
1877 2184 2054 2253 ipsum

2161 2186 2372 2250 ἀλλους,
2402 2185 2632 2257 φέροντα
2661 2182 2717 2236 δὲ
2743 2186 2942 2255 σημεῖα
2970 2181 3119 2253 ἡλίου
3151 2180 3245 2234 καὶ
3269 2180 3518 2251 σελήνης,
3543 2180 3618 2231 ὅτι
3640 2176 3719 2231 καὶ

488 2290 705 2344 quoque
737 2290 848 2345 pra:
874 2275 1106 2337 caeteris,
1140 2276 1394 2345 quodque
1422 2274 1550 2329 luna
1585 2290 1744 2330 suum
1778 2289 1807 2328 a
1834 2275 1948 2329 sole
1976 2275 2054 2330 lu-

2161 2280 2261 2349 τῆς
2297 2278 2524 2351 σελήνης
2554 2278 2615 2332 τδ
2648 2277 2763 2349 φῶς
2794 2276 2854 2344 es
2896 2275 3045 2347 ἡλίου
3065 2292 3078 2306 ο
3112 2274 3263 2345 ἡλίου
3298 2273 3356 2327 δὲ
3413 2274 3645 2343 σημεῖον,
3667 2271 3719 2324 τὸ

489 2376 613 2416 men
643 2361 893 2431 accipiat,
923 2363 1055 2417 solis
1083 2372 1343 2432 pneterca
1381 2364 1633 2434 lunaeque
1658 2364 1895 2435 insignia
1920 2380 2057 2435 pra:-

488 2452 773 2510 lerentem.
800 2455 879 2510 Ac
906 2455 1039 2511 solis
1083 2454 1304 2525 quidem
1343 2455 1557 2528 insigne
1584 2466 1690 2522 est,
1727 2471 1852 2512 cum
1887 2457 2057 2527 ipsius

482 2545 733 2613 corporis
758 2545 966 2616 nigror,
1008 2554 1123 2600 tum
1174 2544 1339 2601 etiam
1370 2546 1438 2614 is,
1470 2547 1565 2616 qui
1595 2545 1699 2603 sub
1731 2547 1917 2613 lingua
1948 2547 2058 2603 hae-

2168 2368 2333 2439 μέλαν
2354 2368 2447 2421 τοῦ
2477 2367 2745 2439 σώματος,
2778 2366 2874 2421 καὶ
2916 2368 2944 2420 6
2979 2365 3082 2419 ὑπὸ
3107 2367 3172 2435 τῇ
3202 2362 3418 2436 γλώττῃ
3454 2360 3717 2432 κάνθαρος*

2168 2459 2395 2531 σελήνης
2439 2460 2495 2514 δὲ
2538 2458 2803 2531 σύμϐολον
2826 2458 2886 2513 τό
2913 2475 2973 2511 τε
3011 2456 3293 2529 διχότομον
3331 2457 3428 2509 καὶ
3470 2455 3718 2525 ἀμφίκυρ-

2165 2569 2275 2607 τον.
2320 2572 2338 2605 ι

481 2645 585 2700 ret,
619 2638 960 2695 seat-abacus:
990 2638 1200 2694 Lunam
1228 2655 1355 2696 vero
1386 2638 1584 2709 partim
1625 2638 1855 2695 orbiculi
1880 2639 2171 2711 dimidiati,
2208 2644 2404 2714 partim
2432 2644 2713 2701 dimidiato
2741 2644 2966 2715 majoris
2995 2643 3162 2715 ﬁgura
3196 2649 3592 2712 repraesentat.»

553 2730 733 2800 Atque
764 2730 878 2785 haec
912 2747 941 2786 a
966 2732 1126 2788 nobis
1158 2747 1224 2787 ex
1265 2731 1555 2803 Porphyrii
1600 2731 1821 2802 scriptis
1853 2730 1909 2787 in
1936 2734 2054 2803 epi-

2225 2735 2410 2790 Ταῦτά
2444 2753 2533 2808 μοι
2569 2738 2634 2791 ὲκ
2664 2737 2764 2809 τῆς
2794 2734 2888 2790 τοῦ
2934 2734 3333 2808 προειρημένου
3383 2733 3571 2805 ἀνδρὸς
3599 2746 3717 2803 γρα-

483 2828 667 2877 tomen
702 2821 922 2877 redacta
949 2822 1242 2890 suﬁiciant,
1278 2824 1415 2879 nihil
1452 2831 1513 2878 ut
1539 2838 1731 2879 eorum
1766 2824 1929 2896 118
1953 2840 2053 2881 nos

483 2912 669 2979 lateat,
706 2928 828 2983 qua:
856 2916 1135 2970 recondita
1174 2915 1260 2971 vel
1296 2914 1611 2971 Graecorum
1647 2918 1732 2973 vel
1770 2915 2057 2989 Egyptio-

484 3020 607 3059 rum
646 3004 917 3077 theologia
958 3007 1327 3062 continentur.
1368 3008 1540 3079 Cujus
1576 3007 1823 3077 profecto
1870 3008 2056 3062 deser-

486 3105 633 3152 tores
671 3111 770 3153 nos
816 3112 879 3153 ac
908 3097 1222 3169 transfugas
1252 3108 1447 3169 sponte
1478 3100 1821 3166 conﬁtemur,
1856 3098 2056 3168 quippe

482 3188 578 3258 qui
621 3190 887 3259 castigato
934 3190 1093 3260 plane
1144 3199 1468 3260 maturoque
1511 3190 1741 3246 consilio
1789 3206 1897 3245 una
1928 3204 2055 3246 cum

482 3280 694 3334 ceteris
741 3281 845 3334 ista
896 3296 1116 3349 quoque
1150 3279 1523 3348 rejecerimus.
1573 3279 1760 3349 Neque
1801 3295 1931 3335 vero
1968 3295 2055 3335 me

485 3384 749 3440 arrogans
777 3371 879 3424 ista
907 3370 1129 3425 terrebit
1152 3371 1350 3436 oratio,

522 3481 633 3536 Fas
663 3484 851 3552 quibus
881 3492 958 3536 est
996 3484 1243 3549 narrabo,
1289 3483 1426 3552 fores
1456 3484 1748 3540 claudunto
1778 3487 2013 3556 profani.

485 3636 705 3694 Profani
750 3640 938 3711 utique
990 3656 1101 3696 non
1145 3656 1267 3709 nos,
1314 3643 1407 3698 sed
1454 3642 1548 3713 qui
1596 3652 1783 3715 turpes
1820 3644 1957 3701 adeo
1991 3660 2056 3701 ac

485 3732 702 3803 putidas
745 3732 815 3789 de
852 3734 1168 3799 scarabaeis,
1207 3751 1271 3791 ac
1306 3736 1518 3792 caeteris
1550 3737 1604 3791 id
1633 3752 1807 3808 genus
1844 3739 2055 3794 anima-

485 3825 627 3881 libus
660 3825 729 3893 ab
760 3827 908 3881 omni
941 3827 1149 3883 ratione
1185 3829 1373 3885 vacuis
1402 3828 1613 3885 fabulas
1648 3845 1746 3899 pro
1776 3831 2057 3901 sapientiae

484 3918 684 3973 divina:
726 3917 903 3973 sensis
948 3918 1332 3986 venditarum;
1378 3920 1495 3990 qui,
1539 3929 1599 3974 ut
1644 3919 1863 3976 divinus
1907 3920 2055 3991 Apoc

485 4008 659 4065 stolus
709 4008 982 4077 loquitur,
1019 4007 1260 4063 Dicentes
1309 4026 1362 4064 se
1398 4026 1515 4065 esse
1561 4010 1854 4079 sapientes,
1904 4012 2057 4065 stulti

2160 2828 2265 2899 φῆς
2311 2827 2727 2899 ἐπιτετμήσοω,
2779 2828 2854 2892 ὡς
2898 2828 2965 2882 ἂν
3020 2827 3185 2898 μηδὲν
3233 2827 3382 2898 ἡμᾶς
3428 2825 3572 2878 λάθοι
3624 2824 3718 2876 τῶν

2156 2920 2482 2991 ἀπορρήτων
2528 2921 2630 2991 τῆς
2669 2919 2983 2992 Ἑλληνικῆς
3053 2919 3187 2991 ὁμοῦ
3230 2920 3325 2972 καὶ
3364 2916 3717 2987 Αἰγυπτιακῆς

2158 3010 2436 3080 θεολογίας
2456 3028 2469 3041 ·
2498 3008 2568 3084 ἦς
2600 3012 2909 3075 ἀποστάτας
2952 3012 3176 3075 ἑαυτοὺς
3219 3011 3313 3063 καὶ
3341 3008 3580 3079 φυγάδας
3607 3010 3718 3077 όμο·

2154 3104 2626 3177 λογοῦμεν,κρίσει
2652 3105 2747 3159 καὶ
2780 3102 3022 3175 λογισμῷ
3052 3102 3285 3173 σώφρονι
3319 3101 3415 3154 καὶ
3447 3100 3567 3155 τάδε
3598 3115 3717 3169 παρ-

2154 3199 2525 3269 αιτησάμενοι.
2588 3195 2664 3253 Οὐ
2701 3197 2810 3269 γάρ
2845 3214 2913 3267 με
2946 3199 2978 3267 ἡ
3025 3192 3241 3260 ἀλαζὼν
3274 3194 3535 3267 ἐκπλήξει
3565 3190 3715 3262 φωνὴ,

3367 3477 3424 3531 δ’
3442 3473 3718 3533 ἐπίθεσθε,

3365 3547 3655 3620 [βέϐηλοι,

2157 3647 2398 3720 φήσασα.
2451 3646 2674 3718 Βέϐηλοι
2719 3645 2848 3715 γοῦν
2896 3644 2994 3716 οὐχ
3053 3645 3231 3715 ἡμεῖς,
3286 3642 3402 3697 ἀλλ’
3445 3642 3499 3696 οῖ
3537 3659 3595 3711 γε
3633 3640 3718 3704 τὰς

2155 3738 2370 3794 τοιάσδε
2402 3738 2633 3810 αἰσχρὰς
2663 3738 2756 3793 καὶ
2791 3737 3058 3808 ἀπρεπεῖς
3090 3735 3419 3807 μυθολογίας
3455 3735 3719 3805 κανθάρων

2156 3829 2285 3901 πέρι
2322 3830 2417 3883 καὶ
2460 3828 2663 3900 θηρίων
2708 3826 2917 3895 ἀλόγων
2958 3827 3151 3895 σοφίας
3196 3825 3449 3893 θεολόγου
3500 3824 3719 3894 νοήματα

2155 3916 2295 3975 εἶναι
2323 3920 2750 3991 ἀποφηνάμενοι·
2774 3918 2845 3982 οἳ,
2872 3917 3011 3971 κατά
3030 3918 3122 3971 τὸν
3153 3917 3453 3989 θαυμάσιον
3491 3915 3721 3970 ’Δπόστο-

2159 4013 2271 4079 λον,
2301 4012 2641 4082 φάσκοντες
2662 4008 2815 4066 εἶναι
2845 4010 3046 4079 σοφοὶ,
3073 4008 3535 4079 ἐμωράνθησαν·
3568 4008 3644 4061 δτι
3665 4004 3719 4076 δὴ

2228 3482 2555 3554 Φθέγξομαι
2598 3478 2690 3548 οἷς
2739 3481 2903 3551 θέμις
2944 3481 3103 3546 ἐστὶ,
3143 3480 3329 3547 θύρας

486 4101 617 4172 facti
652 4110 808 4164 sunt;
854 4108 1041 4172 utpote
1068 4102 1162 4171 qui
1194 4111 1530 4157 mutaverunt
1562 4102 1789 4173 gloriam
1817 4105 2054 4158 incorru-

2159 4103 2439 4173 ῆλλαξαν
2452 4102 2565 4171 τὴν
2584 4102 2771 4168 δόξαν
2796 4102 2903 4157 τοῦ
2928 4100 3231 4170 ἀφθάρτου
3273 4102 3424 4155 Θεοῦ
3458 4094 3722 4169 ἐνόμοιὼ-

488 4194 689 4266 ptibilis
729 4193 826 4249 Dei
866 4195 923 4248 in
962 4194 1368 4248 similitudinem
1406 4194 1655 4264 imaginis
1691 4195 2054 4265 corruptibilis

485 4289 732 4354 hominis,
770 4297 819 4343 et
849 4288 1139 4352 volucrum,
1189 4298 1239 4343 et
1286 4288 1711 4360 quadrupedum,
1757 4298 1807 4342 et
1845 4304 2057 4357 serpen-

487 4386 620 4438 tium
648 4384 711 4435 ²¹.
740 4381 808 4435 At
840 4380 1009 4448 enim,
1039 4381 1299 4451 quoniam
1328 4379 1651 4435 fabellarum
1683 4378 1910 4434 istarum
1936 4394 2057 4434 sen-

489 4491 585 4531 sus
614 4488 843 4529 arcanos
870 4472 1078 4529 scilicet
1116 4487 1181 4527 ac
1218 4471 1491 4543 mysteriis
1532 4470 1829 4541 pleniores,
1872 4470 1928 4524 in
1959 4485 2058 4525 na-

487 4576 638 4622 turas
672 4564 914 4635 corporis
953 4571 1205 4634 expertes
1245 4563 1534 4619 tralatione
1580 4562 1816 4633 quadam
1865 4572 2058 4617 contu-

488 4656 687 4723 lerunt,
742 4655 929 4721 utique
972 4667 1043 4707 ne
1084 4652 1153 4707 ad
1197 4666 1291 4709 eas
1332 4653 1387 4707 in
1422 4661 1723 4723 posterum,
1769 4667 1891 4722 quae
1936 4665 2058 4707 cer~

489 4756 715 4813 nuntur,
749 4745 937 4802 mundi
977 4753 1179 4817 partes,
1217 4744 1313 4799 sed
1356 4745 1543 4815 potius
1574 4744 1642 4798 ad
1693 4753 1915 4798 naturas
1961 4743 2058 4797 ali-

491 4854 631 4907 quas
661 4853 761 4892 nec
790 4834 1064 4905 subiectas
1095 4833 1292 4900 oculis,
1323 4849 1425 4889 nec
1456 4833 1509 4887 in
1541 4848 1742 4903 corpus
1769 4832 2057 4887 immersas

490 4930 717 4986 deorum
774 4944 1002 4985 suorum
1053 4928 1389 4983 molitionem
1452 4924 1656 4980 referre
1708 4925 2055 4990 viderentur;

492 5030 800 5091 spectemus
851 5021 984 5075 illud
1030 5020 1216 5083 etiam,
1253 5033 1384 5072 num
1420 5017 1578 5087 longe
1627 5025 1846 5087 praestet
1891 5030 2055 5071 unam

490 5112 673 5181 p0tius
715 5112 954 5167 divinam
984 5110 1163 5167 colere
1198 5125 1262 5165 ac
1306 5108 1553 5163 venerari
1586 5116 1857 5173 naturam,
1893 5122 2056 5177 quam

491 5202 677 5271 plures
726 5218 848 5259 esse
882 5202 1156 5259 arbitrari.
1208 5199 1344 5255 Nam
1391 5200 1437 5255 si
1487 5200 1670 5254 multae
1705 5200 1759 5253 in
1806 5214 1918 5254 uno
1964 5212 2060 5254 eo-

491 5295 725 5364 demque
765 5311 995 5366 corpore
1046 5297 1254 5365 ﬁgurat,
1287 5302 1472 5364 partes
1509 5290 1696 5357 variae,
1736 5291 2059 5362 diversaque

561 5411 603 5443 ²¹
645 5407 804 5464 Rom.
848 5427 887 5473 ι.
925 5412 1016 5465 22.

555 5515 585 5546 ι
605 5503 711 5557 Ἵσ.
733 5503 822 5557 ὅτε
845 5502 932 5574 ἡλ.

561 5610 638 5674 (5)
691 5610 793 5664 Ἔν
827 5612 1026 5666 Ἡλίου
1050 5613 1239 5668 πόλει.
1283 5611 1417 5668 Vide
1449 5624 1613 5680 supra
1643 5625 1761 5680 pag.
1794 5610 1862 5663 47
1889 5619 1942 5663 et
1966 5610 2055 5664 5t.

492 5675 750 5737 Herodnt.
768 5681 860 5735 lib.
880 5698 941 5747 ιι,
964 5698 994 5736 a
1016 5686 1152 5738 mari
1180 5699 1398 5739 sursum
1421 5682 1487 5737 ad
1505 5675 1827 5749 Heliopolim
1859 5694 2053 5748 usque,

493 5753 829 5808 intervallum
882 5768 1002 5808 csse
1048 5754 1121 5809 ait
1167 5754 1397 5810 σταδίων
1446 5751 1812 5808 πεντακοσίων
1847 5750 1939 5805 καὶ
1973 5768 2055 5821 χι-

2154 4214 2296 4267 ματι
2312 4198 2545 4262 εἰκόνος
2566 4196 2829 4266 φθαρτοῦ
2846 4194 3182 4263 ἀνθρώπου,
3198 4193 3298 4248 καὶ
3312 4192 3617 4259 πετεινῶν,
3635 4192 3722 4244 καί

2162 4288 2563 4356 τεκραπόδων,
2591 4288 2687 4342 καί
2738 4286 3019 4356 ἑρπετῶν.
3075 4286 3212 4339 Ἀλλ’
3260 4287 3384 4339 ἐπεὶ
3429 4286 3600 4340 πάντα
3642 4282 3723 4335 τὸν

2161 4383 2290 4453 περὶ
2310 4399 2513 4435 τουτων
2533 4382 2841 4453 ἀπόρρητον
2856 4379 3029 4451 δήκαὶ
3057 4378 3462 4450 μυστικώτερον
3484 4378 3633 4446 λόγον
3653 4377 3725 4433 είς

2158 4475 2483 4547 ἀσωμάτους
2510 4475 2765 4546 δυνάμεις
2808 4472 3188 4545 μεταφορικῶς
3229 4472 3452 4541 ἀνῆγον,
3488 4469 3623 4523 ὥστε
3650 4467 3722 4520 δο-

2160 4572 2275 4623 κεῖν
2307 4568 2495 4639 μηκέτ’
2524 4568 2616 4621 ἐπὶ
2657 4566 2727 4620 τὰ
2753 4565 3004 4639 ὁρώμενα
3056 4565 3197 4635 μέρη
3240 4564 3334 4617 τοῦ
3382 4564 3586 4634 κόσμου
3634 4560 3721 4631 τὴν
3781 4570 3787 4579 ·

2161 4660 2432 4714 θεοποιῖαν
2458 4658 2635 4712 αὐτῶν
2664 4658 2974 4721 συντείνειν,
3003 4656 3116 4710 ἀλλ’
3156 4655 3247 4708 ὲπί
3290 4672 3445 4719 τινας
3476 4654 3722 4726 ἀοράτους

2160 4753 2254 4805 καὶ
2287 4751 2611 4821 ἀσωμάτους
2636 4751 2923 4821 δυνάμεις-ο
2974 4747 3300 4820 σκεψώμεθα
3333 4750 3382 4801 εί
3416 4747 3490 4819 μὴ
3523 4746 3613 4800 καὶ
3641 4742 3723 4796 οὖν

2158 4861 2266 4907 τως
2298 4841 2424 4914 μίαν
2458 4842 2562 4915 χρὴ
2589 4842 2688 4914 τὴν
2717 4842 2865 4896 θείαν
2900 4841 3129 4911 δύναμιν
3161 4839 3590 4909 ἀποθαυμάζειν,
3619 4834 3720 4889 ἀλλ’

2160 4935 2218 4986 οὐ
2248 4933 2446 4997 πολλάς
2489 4933 2758 5004 ἡγεῖσθαι.
2792 4932 2927 4985 Οὐδὲ
2969 4930 3078 5002 γάρ
3122 4931 3240 4985 ἐπεὶ
3276 4928 3447 4983 πολλά
3484 4928 3723 4997 σχήματα

2160 5027 2253 5079 καὶ⁸
2289 5026 2427 5098 μέρη
2463 5026 2556 5079 κοιλ⁷
2591 5026 2723 5097 μέλη
2758 5026 2846 5095 ὑφ’
2885 5024 2965 5078 ἐνὶ
3000 5024 3210 5093 σώματι
3254 5019 3719 5094 δεδημιούργηται,

2159 5117 2426 5181 τοσαύτας
2456 5117 2593 5190 χρῆν
2635 5117 2710 5189 (4)
2747 5118 2897 5189 ἡμᾶς
2935 5115 3033 5178 τὰς
3063 5113 3239 5185 ψυχὰς
3286 5113 3429 5183 ἔχειν
3464 5108 3719 5183 ἡγεῖσθαι,

2160 5209 2280 5262 οὐδὲ
2304 5209 2588 5274 τοσούτους
2616 5209 2844 5281 ποιητὰς
2862 5210 2956 5263 καὶ
2982 5207 3348 5280 δημιουργοὺς
3368 5205 3462 5259 τοῦ
3488 5204 3723 5274 σώματος

2161 5300 2399 5372 νομίζειν
2418 5320 2430 5331 ·
2457 5301 2592 5357 ἀλλά
2624 5300 2719 5354 καὶ
2753 5302 2928 5374 ψυχὴν
2956 5300 3085 5371 μίαν
3125 5299 3186 5353 τὸ
3219 5300 3328 5353 πᾶν
3358 5297 3517 5369 σῶμα
3543 5294 3720 5357 κινεῖν,

2162 5618 2311 5759 ΜαξΧῇ
2353 5685 2536 5757 Χρῆν.
2580 5684 2727 5745 Altcr
2753 5700 2783 5741 e
2812 5698 3112 5751 manuscr.,
3142 5702 3269 5757 χρη,
3301 5698 3359 5739 ut
3391 5680 3552 5755 paulo
3582 5686 3716 5735 ante.
