3890 6384
223 327 309 383 215
1356 305 1679 365 ΡΙΗΕΡΑΒ.
1718 305 1722 358 l

1827 304 1967 361 tNG.
2012 302 2139 358 LIB.
2176 301 2264 358 Ill.

3295 302 3401 356 ΞΗ

222 445 298 500 καὶ
321 440 427 513 μίαν
452 436 765 509 δημιουργὸν
789 434 1018 506 δύναμιν
1063 434 1122 487 τὸ
1169 433 1278 487 πᾶν
1307 429 1445 496 ζῶον
1476 432 1722 503 τεκτήνα-

1838 428 2083 482 membra
2112 427 2385 482 elaborata
2417 432 2565 487 sunt,
2590 439 2697 480 non
2724 428 2915 480 tamen
2938 424 3195 479 continuo
3215 439 3401 477 verum

223 534 335 589 σθαι.
364 530 500 584 Οὕτω
536 528 597 597 δὴ
632 526 700 579 τὰ
746 527 839 578 καὶ
876 525 970 577 ἐπὶ
1014 524 1107 578 τοῦ
1152 522 1463 595 σύμπαντος
1501 522 1726 593 κόσμου,

218 629 309 691 ἑνὸς
335 627 417 696 μὲν
441 624 599 685 ὄντος,
650 623 745 676 καὶ
792 623 857 675 ὲκ
912 621 1042 690 μιᾶς
1083 618 1181 690 τῆς
1229 619 1547 689 σωματικῆς
1601 618 1730 688 ὕλης

220 716 509 778 συνεστῶτος,
558 716 637 778 εἰς
686 714 826 785 μέρη
876 712 933 765 δὲ
980 712 1204 765 πλεῖστα
1242 710 1595 783 διῃρημένου,
1635 710 1730 763 καί⁵

219 809 318 880 μίαν
354 806 448 859 τῶν
485 805 617 858 ὅλων
662 804 891 876 φυσικὴν
950 801 1287 874 συμπάθειαν
1345 800 1727 870 ὑποφαίνοντος

218 900 365 973 κρᾶσίν
380 916 431 952 τε
449 899 536 951 καὶ
560 897 702 968 μίξιν
722 896 832 951 τῶν
856 899 913 951 ἐν
934 894 1082 965 αὐτῷ
1102 894 1398 966 στοιχείων,
1418 892 1729 973 ἀλλοιώσεις

213 966 352 1047 τεκαὶ
382 966 667 1062 μεταϐολὰς
694 988 872 1043 αὐτῶν
914 989 993 1050 εἰς
1023 987 1218 1041 ἑαυτά·
1267 985 1387 1041 ὅλον
1428 966 1484 1039 δέ
1530 987 1625 1040 καὶ
1668 986 1729 1039 τὸ

212 1090 309 1149 πᾶν,
336 1086 414 1136 ἕνα
441 1083 641 1153 κόσμον
673 1083 767 1136 καὶ
801 1081 928 1151 μίαν
955 1079 1220 1151 ἁρμονίαν
1252 1079 1723 1149 ἐπιδεικνυμένου⁸

209 1182 254 1233 οὐ
278 1177 444 1241 πολλὰς
481 1176 617 1247 χρῆν
656 1173 1003 1228 ὑποτίθεσθαι
1047 1172 1413 1244 δημιουργοὺς
1453 1170 1726 1241 δυνάμεις,

210 1273 339 1342 μόνην
354 1270 403 1321 δὲ
427 1268 547 1339 μίαν
570 1265 859 1333 θεολογείν,
878 1265 975 1335 τὴν
1009 1263 1085 1329 ὡς
1103 1263 1318 1335 ἀληθῶς
1342 1262 1476 1316 Θεοῦ
1502 1263 1728 1332 δύναμιν

207 1363 279 1414 καὶ
303 1359 416 1412 Θεοῦ
444 1358 657 1428 σοφίαν.
691 1357 749 1411 '0
782 1357 839 1410 δὲ
866 1356 1078 1420 καὶτὰς
1103 1354 1480 1423 Αἰγυπτιακὰς
1502 1355 1727 1426 μυθολο-

204 1452 300 1519 γίας
313 1451 453 1503 πάλιν
472 1450 563 1503 ἐπὶ
587 1448 914 1519 ἀσωμάτους
942 1446 1232 1519 μεταφέρει
1254 1447 1531 1519 δυνάμεις,
1552 1446 1729 1502 λαθὼν

201 1548 225 1598 ό
266 1543 538 1612 σοφώτατος
586 1543 751 1607 αὐτὸς
804 1542 1012 1596 ἑαυτόν.
1046 1543 1327 1614 ΔἈκήκοας
1365 1542 1475 1614 γὰρ
1520 1543 1577 1597 ὲν
1616 1546 1729 1606 τοῖς

202 1637 407 1708 πρόσθεν,
439 1637 587 1700 ὅπως
636 1636 728 1689 τὸν
766 1637 1085 1707 Χαιρήμονα
1131 1634 1225 1689 καὶ
1269 1634 1487 1699 πλείους
1538 1634 1727 1698 ἄλλους

200 1728 418 1799 ὡμολόγει
455 1724 579 1799 μηδ’
620 1726 749 1781 ἄλλο
793 1744 846 1779 τι
880 1726 986 1797 πρὸ
1034 1724 1140 1780 τῶν
1171 1725 1463 1798 ὁρωμένων
1507 1725 1727 1796 κόσμων

197 1820 421 1892 ἡγεῖσθαι,
449 1823 504 1874 ὲν
534 1820 715 1892 ἀρχῆς
730 1836 789 1873 τε
805 1819 946 1890 λόγῳ
970 1819 1208 1873 τίθεσθαι
1221 1821 1347 1883 τοὺς
1379 1819 1720 1889 Αἰγυπτίους

198 1913 374 1977 τούτους
400 1914 503 1985 γάρ
542 1915 725 1968 πάντα
750 1917 829 1978 εἰς
851 1913 918 1967 τὰ
941 1913 1163 1985 φυσικὰ,
1188 1914 1282 1969 καὶ
1312 1914 1466 1969 οὐδὲν
1489 1916 1567 1978 εἰς
1583 1914 1724 1968 ἀσω-

199 2006 359 2075 μάτους
390 2007 477 2060 καὶ
534 2007 721 2072 ζώσας
778 2008 965 2072 οὐσίας
1012 2008 1353 2081 ἑρμηνεύειν.
1412 2010 1473 2063 Εἰ
1510 2009 1573 2081 δὴ
1607 2004 1720 2075 οὖν,

194 2098 304 2151 ιιτά
326 2099 611 2170 τὴναύτῶν
662 2100 967 2171 ὁμολογίαν,
1001 2101 1309 2169 Αἰγυπτίων
1336 2096 1403 2173 ἦν
1465 2100 1525 2154 τὸ
1558 2101 1722 2173 μηδὲν

191 2192 372 2260 ἀνάγειν
390 2195 463 2255 εἰς
491 2194 820 2265 ἀσωμάτους
868 2195 962 2247 καὶ
988 2194 1169 2260 ζώσας
1217 2195 1422 2259 οὐσίας,
1458 2195 1636 2251 πάντα
1665 2196 1722 2250 δὲ

190 2286 244 2338 τὰ
260 2288 365 2356 περὶ
391 2286 523 2340 θεῶν
550 2288 739 2351 αὐτοῖς
799 2287 1239 2360 μυθολογούμενα
1287 2289 1379 2342 ἐπὶ
1410 2287 1479 2342 τὰ
1519 2288 1722 2357 φυσικὰ

189 2375 261 2429 τοῦ
283 2377 648 2449 κόσμου,μέρη
682 2378 1026 2450 μεταφέρειν,
1058 2380 1109 2432 τί
1132 2379 1196 2450 δὴ
1238 2379 1298 2443 ἐξ
1351 2379 1602 2450 ὑπαρχῆς
1628 2380 1719 2433 εὑ-

191 2468 568 2537 ρεσάογοῦντες,
602 2469 921 2537 Αἰγυπτίοις
950 2470 1019 2524 τὰ
1048 2468 1313 2543 μηδαμῶς
1335 2470 1514 2525 αὐτῶν
1546 2473 1722 2527 οἰκεῖα

188 2562 544 2632 προσγράφετε,
617 2561 711 2613 ἐπὶ
752 2560 1008 2633 δυνάμεις
1051 2562 1371 2633 ἀσωμάτους
1420 2564 1720 2632 φάσκοντες

186 2651 345 2712 αὐτοὺς
358 2652 450 2722 τὴν
480 2652 769 2724 ἀναφορὰν
794 2653 894 2724 τῆς
925 2653 1199 2723 θεολογίας
1221 2655 1400 2709 αὐτῶν
1427 2656 1717 2723 ποιεῖσθαι;

186 2740 385 2797 Καθόλου
424 2744 520 2815 μὲν
556 2740 654 2799 οὖν
683 2743 852 2799 ταῦτα
878 2747 1164 2801 αἰτιατέον.
1188 2748 1299 2803 Καὶ
1328 2748 1421 2802 ἐπὶ
1451 2749 1558 2802 τῶν
1578 2749 1719 2804 κατά

188 2829 321 2902 μέρος
346 2833 399 2886 δὲ
428 2833 567 2904 ήγοῦ
578 2852 677 2905 μαι
705 2835 795 2888 τὸν
816 2835 1035 2908 ἔλεγχον
1060 2837 1158 2908 τῆς
1194 2840 1719 2912 κατηναγκασμένης

182 2923 448 2990 ἀποδόσεως
468 2926 656 2980 αὐτῶν
687 2927 749 2979 ού
787 2930 1000 3000 μακρᾶς
1020 2928 1325 3000 ἁνασκευῆς
1350 2929 1576 2985 δεῖσθαι.
1604 2932 1720 2987 Ἵνα

182 3015 268 3086 γὰρ
284 3018 363 3070 τὸν
393 3020 767 3086 Αίγυπτιακὸν
794 3019 1078 3092 παρελθών
1120 3039 1204 3085 τις
1259 3022 1442 3094 λῆρον,
1498 3025 1593 3078 καὶ
1623 3024 1722 3097 τὴν

182 3107 345 3207 πολλὴν
577 3114 674 3167 καὶ
702 3114 987 3185 ἀδόλεσχον
1042 3116 1327 3188 φλυαρίαν,
1366 3117 1459 3170 ἐπὶ
1488 3116 1587 3181 τάς
1612 3118 1719 3172 τῶν
1747 3148 1789 3207 C

182 3201 328 3269 ωφῶν
377 3201 647 3275 Ἐλλήνων
704 3206 947 3278 μετέλθοι
1007 3207 1369 3276 φυσιολογίας
1398 3209 1483 3273 τίς
1508 3210 1608 3263 οὐκ
1652 3209 1718 3263 ἂν

178 3291 265 3343 τῶν
290 3291 342 3346 εὖ
368 3295 709 3366 φρονούντων
764 3297 988 3351 αὐτόθεν
1041 3299 1463 3370 καταμέμψαιτο
1510 3302 1621 3365 τοῖς
1648 3299 1718 3353 τά

176 3386 364 3438 τοιαῦτα
389 3388 824 3459 παρεξηγείσθαι
875 3391 1269 3462 πειρωμένοις;
1328 3391 1507 3447 Ἔστω
1545 3392 1654 3464 γὰρ
1690 3394 1720 3446 ὁ

176 3474 285 3537 Ζεὺς
311 3479 493 3547 μηκέθ’
532 3482 573 3549 ἡ
602 3478 860 3552 πυρώδης
887 3481 981 3533 καὶ
1027 3480 1263 3551 αἰθέριος
1309 3481 1488 3547 οὐσία,
1530 3482 1719 3556 ὥσπερ

174 3561 248 3619 οὖν
272 3572 370 3632 τοῖς
408 3570 659 3633 παλαιοῖς
713 3570 991 3642 ἐνομίζετο
1048 3571 1189 3625 κατά
1229 3572 1321 3626 τὸν
1352 3572 1715 3644 Πλούταρχον,

174 3656 265 3709 ἀλλ’
291 3660 442 3725 αὐτὸς
464 3662 494 3713 ὁ
529 3661 793 3715 ἀνωτάτω
824 3662 968 3727 νοῦς,
1018 3665 1047 3717 ὁ
1074 3662 1181 3717 τῶν
1211 3663 1346 3718 ὅλων
1368 3664 1717 3736 δημιουργὸς,

170 3749 195 3799 ὁ
214 3748 272 3802 τὰ
295 3752 465 3807 πάντα
496 3752 804 3821 ζωογονῶν·
845 3754 960 3817 πῶς
1010 3749 1103 3808 οὖν
1145 3754 1297 3808 ἔσται
1326 3755 1512 3809 τούτου
1538 3758 1720 3829 πατὴρ

174 3841 253 3909 μὲν
273 3844 299 3895 ό
322 3844 552 3914 Κρόνος,
594 3845 653 3898 ὃν
686 3862 850 3916 φασιν
878 3840 1015 3899 εἶναι
1043 3847 1134 3899 τὸν
1154 3846 1365 3919 χρόνον,
1394 3847 1518 3902 Ῥέα
1538 3849 1594 3903 δὲ
1623 3852 1721 3922 μή·

169 3948 271 4004 τηρ,
303 3936 365 4006 ἢν
396 3938 424 3990 ὁ
451 3938 732 4009 ἑρμηνεὺς
785 3936 985 4009 ἔφησεν
1041 3934 1179 3992 εἶναι
1213 3939 1312 4011 τὴν
1344 3940 1590 4013 πετρώδη
1628 3944 1719 3997 καὶ

169 4022 313 4092 ὄρειον
333 4025 603 4098 δύναμιν;
658 4027 771 4098 Τὴν
798 4026 907 4099 γάρ
933 4028 1109 4100 Ἥραν
1142 4028 1241 4081 οὐκ
1289 4023 1383 4082 οἶδ’
1426 4031 1573 4094 ὅπως
1628 4031 1719 4085 τὸν

168 4115 299 4187 ἀέρα,
329 4119 420 4173 τὸν
450 4122 552 4174 καὶ
572 4118 765 4191 αἰθέρα
786 4120 1118 4192 προσειπὼν,
1159 4121 1393 4194 ἀδελφήν
1444 4122 1581 4195 ὁμοῦ
1625 4124 1721 4177 καὶ.

167 4211 369 4274 γυναῖκά
400 4228 573 4284 φησιν
622 4205 760 4265 εἶναι
802 4209 897 4264 τοῦ
948 4212 1280 4284 κοσμοποιοῦ
1333 4215 1427 4267 καὶ
1456 4213 1718 4278 ζωοποιοῦ

165 4299 353 4356 πάντων
375 4303 491 4356 νοῦ.
534 4301 697 4356 Ἀλλά
725 4301 821 4356 καὶ
841 4303 875 4373 ἡ
911 4301 1071 4374 Λητὼ
1116 4302 1279 4356 πάλιν
1330 4302 1478 4375 ληθώ
1506 4321 1591 4368 τις
1615 4321 1719 4358 κα-

163 4389 331 4447 λείσθω
351 4394 439 4448 διά
466 4395 572 4467 τὴν
601 4392 743 4447 κατά
759 4393 853 4446 τὸν
882 4392 1068 4461 ὕπνον,
1115 4393 1190 4458 ὣς
1222 4411 1408 4463 φασιν,
1463 4393 1718 4465 ἀναισθη-

1834 520 1925 586 sit,
1974 531 2068 576 aut
2109 534 2210 576 nos
2256 519 2477 575 totidem
2518 518 2809 573 animabus
2856 517 3131 587 praeditos,
3180 525 3273 578 aut
3326 526 3407 569 tot

1832 614 1997 669 unius
2041 612 2284 683 corporis
2315 621 2565 667 auctores
2586 619 2747 681 atque
2783 610 3112 664 architectos
3142 624 3262 663 esse
3288 607 3406 677 opi-

1832 707 1984 761 nari:
2025 706 2117 761 sed
2165 722 2291 762 cum
2336 704 2556 760 unicam
2591 718 2715 759 esse
2755 703 3019 763 animam,
3064 715 3187 771 quae
3226 709 3399 754 totum

1832 812 2033 867 corpus
2060 804 2296 863 moveat,
2322 806 2439 852 tum
2472 810 2634 850 unam
2668 809 2889 866 quoque
2919 793 3024 848 vim
3052 792 3400 856 effectricem,

1832 907 1955 963 qua:
1998 899 2170 946 totum
2226 890 2559 945 animantem
2616 888 2805 943 molita
2856 887 2945 943 sit.
2994 885 3197 941 Eodem
3244 885 3403 954 plane

1831 983 1995 1039 modo
2039 981 2107 1037 de
2141 983 2242 1037 hac
2272 996 2456 1038 rerum
2485 980 2839 1035 universitate
2868 977 3232 1034 sentiendum.
3264 976 3400 1031 Cum

1829 1090 1977 1131 unus
2003 1074 2074 1130 sit
2113 1074 2372 1138 mundus,
2399 1088 2462 1127 ex
2494 1088 2603 1127 una
2645 1071 2893 1127 similiter
2929 1070 3227 1139 eademque
3289 1085 3403 1124 cor-

1830 1182 1995 1237 porea
2026 1166 2260 1221 materia
2300 1162 2591 1231 conflatus,
2634 1162 2838 1232 quique
2865 1176 2989 1216 cum
3037 1161 3302 1230 plurimas
3347 1163 3398 1212 in

1829 1271 2013 1330 partes
2042 1258 2336 1323 dividatur,
2372 1266 2485 1312 tum
2533 1272 2661 1311 vero
2696 1270 2859 1309 unam
2898 1253 3189 1324 quamdam
3238 1262 3401 1321 atque

1830 1348 2139 1404 naturalem
2182 1347 2563 1401 universarum
2616 1342 3032 1400 consensionem
3083 1357 3194 1411 prae
3234 1356 3292 1395 se
3325 1340 3401 1394 fe-

1830 1447 1935 1506 rat,
1975 1453 2040 1494 ac
2080 1446 2274 1504 prteter
2317 1450 2507 1489 eorum
2556 1433 2982 1495 elementorum,
3027 1443 3150 1498 quae
3193 1425 3398 1480 ambitu

1829 1544 1932 1587 suo
1962 1529 2333 1593 continentur,
2358 1526 2555 1596 partim
2585 1523 3031 1594 temperationem
3069 1528 3234 1589 atque
3266 1518 3401 1571 mix-

1830 1626 2057 1689 tionem,
2107 1622 2300 1693 partim
2336 1620 2515 1677 varias
2548 1618 2779 1673 aliorum
2817 1616 2871 1669 in
2901 1615 3006 1671 alia
3045 1612 3397 1675 mutationes,

1831 1718 2147 1771 universum
2182 1714 2361 1785 ipsum
2406 1720 2690 1782 praeterea,
2727 1708 2987 1764 mundum
3019 1722 3186 1760 unum
3237 1712 3399 1773 atque

1760 1789 1800 1842 Β
1833 1825 1935 1865 una
1982 1823 2162 1862 rerum
2220 1805 2462 1861 omnium
2507 1800 2875 1859 concinnitate
2915 1798 3261 1869 aptissimum
3305 1810 3399 1848 ex-

1835 1902 2051 1967 hibeat;
2110 1914 2218 1953 non
2261 1898 2372 1968 jam
2422 1896 2607 1967 plures
2638 1892 2925 1948 facultates
2974 1891 3121 1946 illius
3160 1888 3398 1945 effectri-

1830 2012 1921 2053 ces
1968 2009 2201 2066 ponere,
2251 1992 2345 2049 sed
2392 2004 2559 2046 unam
2602 1997 2813 2044 tantum
2859 1999 3091 2054 eamque
3131 2000 3257 2039 vere
3303 1982 3397 2039 Dei

1828 2091 1964 2157 vim,
1995 2088 2202 2158 Deique
2230 2084 2556 2156 sapientiam
2584 2081 2769 2136 divino
2796 2094 3014 2149 quoque
3054 2077 3275 2132 nomine
3310 2091 3400 2131 ce-

1828 2183 2039 2237 lebrare
2091 2177 2352 2249 oportuit.
2396 2175 2467 2229 At
2504 2184 2689 2229 noster
2714 2172 2803 2227 ille
2840 2170 3197 2241 philosophus
3228 2167 3395 2239 ,Εεν-

1828 2274 2036 2345 ptiacas
2083 2272 2248 2328 etiam
2293 2268 2507 2325 fabulas
2554 2266 2621 2321 ad
2645 2264 2865 2321 easdem
2912 2273 3137 2318 naturas
3168 2275 3398 2331 corpore

1828 2383 2035 2424 vacuas
2066 2366 2357 2421 traducere
2383 2367 2636 2418 conatur.
2665 2358 2723 2413 In
2757 2372 2867 2428 quo
2902 2356 3277 2425 suimetipsius
3300 2354 3397 2408 ho-

1828 2476 1918 2517 mo
1944 2456 2387 2516 consultissimus
2416 2454 2620 2510 oblitus
2641 2458 2743 2507 est.
2764 2448 2973 2520 Quippe
3003 2447 3225 2503 audiisti
3248 2447 3395 2501 enim

1829 2552 2105 2621 superius,
2140 2564 2266 2605 cum
2295 2556 2350 2603 et
2380 2547 2792 2602 Chzeremonem
2819 2551 2873 2599 et
2918 2541 3056 2597 alios
3104 2540 3397 2610 plerosque

1831 2643 1993 2714 119
2025 2641 2305 2709 fateretur,
2339 2639 2473 2695 nihil
2498 2639 2722 2695 omnino
2748 2643 2943 2708 praeter
2991 2632 3226 2688 mundos
3251 2630 3397 2696 illos,

1826 2750 1965 2806 quos
1981 2749 2179 2790 sensus
2198 2732 2518 2803 perciperet,
2544 2731 2849 2802 agnovisse,
2872 2727 3118 2795 adeoque
3134 2733 3395 2792 tanquam

1826 2829 2071 2884 omnium
2098 2826 2372 2898 principes
2403 2822 2690 2893 Egyptios
2719 2821 2989 2893 posuisse,
3035 2818 3181 2888 quod
3206 2817 3271 2871 ad
3306 2830 3397 2871 re-

1825 2937 1949 2978 rum
1975 2920 2305 2977 naturalium
2357 2918 2595 2973 rationes
2632 2917 2836 2979 omnia,
2886 2914 3018 2969 nihil
3048 2913 3117 2968 ad
3143 2921 3394 2980 expertes

1826 3014 2071 3087 corporis
2091 3014 2445 3082 viventesque
2470 3018 2695 3065 naturas
2714 3006 3036 3079 explicando
3052 3012 3394 3068 revocarent;

1825 3108 1875 3163 si
1901 3121 2052 3179 ergo,
2067 3106 2152 3162 vel
2190 3106 2421 3161 istorum
2449 3102 2816 3167 confessione,
2844 3099 3126 3170 proprium
3149 3095 3203 3151 id
3225 3093 3397 3166 Egy-

1823 3198 2061 3269 ptiorum
2095 3195 2216 3260 fuit,
2252 3196 2387 3250 nihil
2428 3206 2489 3251 ut
2519 3195 2585 3250 ad
2618 3201 2867 3263 expertes
2909 3192 3156 3261 corporis
3201 3191 3395 3246 viven-

1826 3298 2015 3361 tesque
2047 3299 2273 3345 naturas
2294 3290 2663 3353 traducerent,
2705 3286 2800 3343 sed
2826 3299 3167 3358 quaecunque
3192 3285 3260 3339 de
3287 3283 3395 3339 diis
3426 3304 3427 3307 η

1826 3380 2229 3448 fabulabantur,
2261 3396 2324 3437 ea
2355 3379 2423 3435 ad
2462 3388 2645 3450 partes
2682 3377 2868 3433 mundi
2899 3376 3179 3433 naturales
3211 3375 3397 3432 omnia

1824 3486 2181 3540 revocarent;
2207 3488 2473 3545 quorsum
2505 3474 2725 3528 tandem
2750 3487 2890 3529 nova
2916 3488 2984 3528 ex
3010 3472 3220 3543 integro
3248 3485 3397 3526 com-

1826 3575 2009 3623 menta
2039 3567 2396 3634 somniantes,
2448 3564 2717 3637 Egyptiis
2764 3565 2941 3619 aliena
2993 3578 3226 3635 quaeque
3255 3562 3396 3618 assi-

1825 3658 2028 3731 gnatis,
2053 3673 2260 3728 eosque
2289 3657 2618 3728 theologiam
2636 3671 2793 3712 suam
2830 3656 2883 3710 in
2900 3664 3125 3711 naturas
3150 3654 3221 3709 ab
3245 3655 3397 3708 omni

1826 3752 2101 3822 sejunctas
2135 3750 2363 3807 materia
2392 3748 2691 3806 contulisse
2715 3747 3019 3804 dictitatis?
3060 3747 3237 3816 Atque
3294 3746 3399 3800 hoc

1826 3846 1989 3901 modo
2036 3845 2302 3916 quidquid
2330 3844 2401 3900 ab
2440 3843 2563 3898 istis
2584 3841 2955 3913 excogitatum
2982 3850 3089 3904 est,
3119 3837 3395 3895 confutari

1825 3939 2141 3995 universum
2164 3947 2361 4009 potest.
2395 3935 2517 3993 Jam
2533 3951 2664 3993 vero
2692 3944 2752 3991 ut
2785 3936 3124 4006 singularum
3155 3934 3393 4004 partium

1824 4040 2070 4087 coactam
2118 4031 2254 4086 adeo
2305 4037 2470 4101 atque
2506 4028 2800 4083 violentam
2834 4026 3395 4082 accommodationem

1826 4124 2159 4191 refellamus,
2194 4138 2304 4178 non
2334 4123 2498 4191 longa
2528 4121 2686 4177 nobis
2719 4120 2969 4175 oratione
2992 4134 3131 4188 opus
3163 4134 3284 4175 esse
3310 4135 3399 4173 ar-

1824 4217 2016 4273 bitror.
2057 4216 2216 4272 Enim
2245 4230 2395 4284 vero,
2429 4224 2488 4273 ut
2510 4213 2891 4287 Egyptiorum
2916 4212 3310 4281 deliramentis,
3333 4227 3399 4268 ac

1825 4312 2022 4367 stolida
2047 4326 2315 4383 nugarum
2339 4310 2569 4365 anilium
2598 4308 2853 4380 congerie
2885 4308 3249 4379 praetermissa
3267 4348 3281 4373 ,
3328 4308 3399 4363 ad

1824 4403 2124 4472 politorum
2174 4401 2488 4457 Graecorum
2547 4399 2946 4472 physiologiam
3000 4407 3395 4455 transeamus:

164 4483 283 4549 σίαν,
314 4489 407 4539 καὶ
427 4488 513 4540 ὅτι
545 4485 684 4556 λήθη
715 4468 1041 4557 ξυνομαρτεῖ
1066 4487 1186 4549 ταῖς
1235 4487 1340 4540 ὑπὸ
1366 4486 1594 4559 σελήνην
1629 4503 1722 4556 γε-

1827 4494 1974 4564 quis,
2007 4495 2262 4558 obsecro,
2322 4507 2473 4548 sana:
2503 4492 2705 4547 mentis
2731 4506 2849 4557 eos,
2883 4492 2976 4562 qui
3012 4500 3123 4546 tam
3157 4491 3397 4544 alienum

163 4579 390 4650 νομέναις
424 4579 650 4651 ψυχαῖς·
708 4576 829 4641 πῶς
862 4573 954 4631 οὖν
985 4580 1019 4651 ἡ
1052 4578 1196 4650 λήθη
1232 4578 1429 4647 γένοιτ’
1472 4579 1538 4633 ἂν
1562 4579 1715 4649 ήλίου

162 4673 241 4725 καὶ
266 4674 491 4746 σελήνης
539 4674 747 4745 μήτηρ,
786 4672 1119 4735 ’Λπόλλωνος
1143 4672 1239 4726 καὶ
1278 4672 1590 4744 Ἀρτέμιδος
1608 4671 1716 4725 τῶν

163 4764 346 4835 Λητοῦς
376 4766 590 4821 παίδων
645 4768 725 4831 εἰς
752 4767 903 4839 ἥλιον
930 4766 1024 4819 καὶ
1054 4765 1281 4837 σελήνην
1316 4766 1716 4836 μετενηνεγμέ-

162 4871 279 4924 νωνς
312 4858 375 4911 Τί
396 4859 456 4913 δὲ
482 4859 591 4931 χρή
626 4859 905 4923 σέϐεινώς
936 4858 1057 4912 θεὸν
1085 4858 1185 4929 τὴν
1229 4856 1385 4917 Ῥέαν
1417 4857 1575 4930 ἢτὴν
1609 4859 1716 4931 Δή-

166 4965 372 5021 μητραν,
401 4954 453 5005 εἰ
480 4955 518 5023 ή
551 4953 648 5023 μὲν
675 4952 774 5024 τῆς
822 4950 1128 5024 πετρώδους
1160 4951 1254 5009 καὶ
1300 4950 1479 5023 ὀρείου
1522 4951 1645 5020 γῆς,
1681 4952 1717 5022 ἡ

162 5037 209 5093 δὲ
232 5041 320 5113 τῆς
350 5041 604 5105 πεδιάδος
623 5042 695 5096 τά
728 5040 974 5112 σύμϐολα
1000 5040 1184 5112 φέρειν
1208 5038 1461 5108 ὲλέγετο;
1514 5041 1627 5112 Τήν
1656 5058 1717 5095 τε

163 5128 322 5202 Κόρην
350 5132 445 5185 τὸν
473 5132 635 5203 κόρον
662 5130 1105 5202 ἀλληγοροῦντες,
1147 5131 1252 5184 τίνι
1293 5131 1436 5203 λόγῳ
1472 5131 1569 5185 καὶ
1588 5131 1719 5185 ταύ-

165 5238 247 5294 την
272 5225 474 5281 οἴονται
504 5225 614 5278 δεῖν
635 5226 702 5296 τῇ
734 5223 1016 5296 σεϐασμίῳ
1047 5225 1388 5297 προσηγορίᾳ
1415 5226 1619 5297 τιμᾷν;
1651 5224 1717 5279 Τί

166 5315 213 5368 δὲ
240 5319 433 5388 μᾶλλον
453 5319 557 5391 τὴν
586 5315 1000 5390 σπερμτοῦχον
1031 5316 1280 5387 δύναμιν,
1324 5317 1419 5370 καὶ
1467 5316 1568 5388 τήν
1609 5318 1718 5373 τῶν

168 5407 459 5481 ἀκροδρύων
489 5412 701 5481 γένεσιν
731 5410 896 5483 ῆτῶν
938 5408 1077 5465 κατὰ
1103 5408 1165 5463 τὸ
1219 5408 1320 5480 ἔαρ
1353 5411 1719 5482 προφαινομέ-

170 5515 254 5552 νων
279 5501 453 5555 ἀνθῶν
476 5503 572 5556 καί
600 5504 728 5577 πρὶν
780 5502 1217 5573 τελεσιογονῆσαι
1257 5501 1639 5575 διαρῤεόντων.
1682 5503 1717 5575 ἢ

170 5588 252 5658 τῆς
275 5592 378 5647 τῶν
400 5594 621 5648 τελείων
658 5594 885 5665 καρπῶν
909 5593 1146 5665 ὲκτομῆς
1178 5594 1249 5648 τὰ
1306 5594 1571 5665 σύμϐολα,
1604 5596 1719 5655 Διό-

178 5697 306 5734 νυσον
341 5687 435 5738 καὶ
473 5688 659 5739 Ἀττιν
710 5687 804 5740 καὶ
852 5687 1079 5739 ’Ἄδωνιν
1125 5686 1590 5757 ἐπονομάζοντες,
1641 5688 1717 5753 ώς

175 5771 302 5840 θεοὺς
331 5778 529 5847 χρῆναι
568 5780 743 5833 σέϐειν
764 5799 776 5811 ·
808 5780 924 5849 οὐχὶ
946 5780 998 5832 δὲ
1032 5780 1236 5833 τούτων
1265 5780 1515 5835 ἁπάντων
1545 5781 1605 5834 τὸ
1632 5781 1719 5837 ἁν-

1824 4588 1881 4642 in
1909 4600 2131 4642 sensum
2166 4584 2438 4655 ejusmodi
2495 4583 2708 4639 fabulas
2748 4584 3072 4655 detorquere
3098 4590 3398 4645 conantur,

1824 4693 1932 4731 non
1960 4675 2384 4748 suopteingenio
2412 4674 2718 4739 confutare,
2743 4684 2905 4747 atque
2924 4690 2990 4729 ex
3018 4674 3398 4746 figmentorum

1826 4769 2070 4837 ipsorum
2115 4768 2327 4823 ratione
2366 4768 2578 4838 possit?
2610 4766 2745 4822 Nam
2794 4777 2916 4823 esto
2949 4782 3082 4821 sane
3143 4763 3396 4834 Jupiter,

1825 4873 1933 4913 non
1956 4860 2069 4929 jam
2101 4859 2257 4930 ignea
2295 4860 2630 4929 aztheriaque
2672 4868 2867 4913 natura
2892 4898 2907 4923 ,
2944 4868 2998 4912 ut
3047 4865 3257 4912 veteres
3294 4870 3397 4910 au-

1824 4958 1973 5005 ctore
1997 4948 2290 5005 Plutarcho
2321 4949 2654 5016 statuebant,
2684 4950 2779 5005 sed
2796 4949 2977 5018 potius
2999 4962 3153 5002 meus
3182 4946 3272 5000 illa
3306 4961 3401 5002 su-

1824 5058 2009 5114 prema
2042 5058 2225 5097 rerum
2254 5041 2493 5096 molitrix
2520 5041 2925 5105 universarum,
2963 5053 3100 5107 quas
3145 5039 3198 5091 vi
3231 5037 3397 5091 etiam

1823 5135 1976 5190 vitali
1999 5134 2180 5190 foveat
2201 5151 2215 5188 :
2236 5134 2515 5204 quomodo
2539 5134 2708 5204 igitur
2739 5132 3031 5195 Saturnus,
3064 5144 3225 5201 quem
3256 5139 3398 5183 tem-

1824 5245 1929 5300 pus
1951 5243 2074 5285 esse
2098 5228 2271 5295 aiunt,
2296 5236 2450 5298 pater
2465 5227 2583 5298 ejus
2599 5226 2722 5290 erit,
2740 5224 2849 5295 Ops
2863 5238 2992 5278 vero
3014 5231 3209 5288 mater,
3235 5237 3398 5292 quam

1823 5322 2097 5391 interpres
2128 5328 2313 5375 noster
2357 5318 2660 5389 lapidosam
2692 5332 2755 5371 ac
2783 5323 3104 5371 montanam
3135 5314 3245 5367 vim
3279 5327 3401 5368 esse

1826 5413 2157 5470 confirmat?
2190 5411 2327 5468 Nam
2359 5410 2629 5467 Junonem
2657 5426 2808 5476 sane,
2839 5424 3004 5479 quam
3034 5408 3150 5464 sive
3176 5422 3356 5471 aerem
3376 5444 3395 5473 ,

1826 5505 1941 5563 sive
1967 5505 2170 5561 aethera
2198 5520 2417 5575 quoque
2443 5501 2766 5568 nominavit,
2799 5500 3075 5571 quomodo
3098 5499 3298 5554 mentis
3332 5498 3397 5552 il-

1826 5597 1934 5653 lius
1965 5596 2154 5652 mundi
2174 5594 2487 5659 effectricis,
2513 5593 2785 5663 rebusque
2811 5592 3067 5648 omnibus
3094 5592 3258 5647 vitam
3288 5589 3398 5642 lar-

1827 5690 2025 5760 gientis
2056 5703 2299 5744 sororem
2336 5684 2499 5741 simul
2531 5693 2586 5739 et
2638 5699 2861 5739 uxorem
2907 5698 3029 5738 esse
3058 5682 3207 5745 velit,
3236 5679 3363 5747 equi

1829 5782 1950 5837 dem
1972 5796 2080 5835 non
2114 5779 2373 5849 intelligo.
2430 5778 2697 5834 Praeterea
2746 5776 2950 5832 Latona
3007 5790 3100 5844 per
3127 5789 3213 5827 me
3246 5766 3394 5839 ληθώ
