3890 6384
455 315 564 373 215

1120 320 1387 377 EUSEBII
1425 324 1903 381 Ci‘ESARlENSlS
1940 324 2085 380 OPP.
2123 325 2301 380 PARS
2338 322 2487 378 ll.——
2516 320 3007 380 APOLOGETICA.

3571 324 3670 381 216

458 434 726 505 quaedam,
753 435 802 488 id
836 445 920 491 est
966 438 1202 507 oblivio,
1252 453 1613 512 nuncupetur,
1646 441 1843 515 partim
1872 444 2005 513 quod

2117 441 2381 514 θρὼπειον
2408 442 2563 511 γένος
2589 444 2878 513 προτιμᾷν,
2909 434 2955 509 ᾦ
2976 438 3148 495 ταῦτα
3182 441 3314 512 πρὸς
3348 442 3543 513 χρῆσιν
3583 446 3671 501 καὶ

463 526 733 581 sentiendi
767 528 871 593 vis,
908 537 966 582 ut
992 530 1167 597 aiunt,
1204 534 1383 587 somni
1429 542 1670 604 tempore
1722 535 1869 589 nulla
1903 536 2014 603 sit,

459 618 655 687 partim
680 620 825 688 quod
859 621 1057 677 animis
1090 624 1197 679 illis
1221 664 1236 688 ,
1286 641 1425 695 quos
1466 626 1603 683 infra
1649 629 1832 683 lunam
1887 644 2015 698 pro-

458 709 630 764 creari
654 711 941 782 contingit,
974 715 1177 770 oblivio
1208 719 1499 772 comitetur
1531 738 1544 774 :
1587 721 1679 789 qui
1732 735 1862 790 ergo
1900 720 2016 776 ﬁeri

457 808 654 868 potest,
680 808 739 855 ut
789 803 919 859 solis
952 816 1015 859 ac
1037 804 1179 862 luna:
1211 818 1384 863 mater
1410 809 1613 863 oblivio
1646 809 1736 874 sit,
1767 810 2017 880 Apolline

456 908 523 946 ac
556 891 728 948 Diana
773 894 994 951 Latona
1018 897 1206 954 liberis
1255 902 1308 954 in
1345 901 1511 955 solem
1563 903 1857 973 lunamque
1902 911 2016 957 tra—

455 985 680 1040 ductis?
707 985 825 1041 lam
864 1002 964 1042 cur
991 998 1247 1060 tanquam
1287 990 1451 1046 Deum
1481 1001 1574 1047 aut
1603 995 1766 1062 Opem
1799 1002 1891 1047 aut
1916 994 2003 1049 σοι

454 1089 630 1130 rerem
661 1076 909 1131 venerari
938 1088 1206 1147 oporteat,
1237 1081 1282 1135 si
1317 1081 1486 1137 altera
1517 1083 1737 1152 quidem
1781 1083 2013 1150 lapidosi

453 1179 520 1218 ac
546 1166 812 1229 montani,
838 1167 1008 1221 altera
1033 1182 1163 1223 vero
1203 1169 1348 1239 plani
1381 1172 1722 1242 patentisque
1749 1173 1849 1226 soli
1874 1188 2014 1244 sym-

458 1256 645 1310 bolum
678 1258 949 1326 quoddam
991 1274 1113 1316 esse
1133 1261 1385 1316 dicatur?
1416 1262 1534 1328 Qua
1566 1264 1776 1318 ratione
1804 1264 2010 1336 Κόρην,

452 1347 557 1400 hoc
577 1358 658 1403 cst
681 1347 1063 1420 Proserpinam
1093 1392 1110 1419 ,
1138 1368 1334 1423 quam-
1355 1353 1458 1424 ipsi
1501 1355 1680 1426 κόρον,
1710 1356 2011 1411 satietatem

452 1436 893 1507 interpretantur,
928 1443 1234 1499 venerando
1263 1442 1356 1498 illo
1389 1444 1609 1500 nomine
1634 1445 2011 1515 appellandam

451 1540 571 1581 esse
599 1528 936 1598 opinentur?
963 1531 1075 1586 Cur
1103 1533 1229 1588 item
1287 1533 1585 1599 Bacchum,
1622 1535 1782 1604 120
1829 1533 2014 1589 'Attin

458 1627 510 1673 et
544 1619 757 1675 Adonin
791 1622 978 1677 divino
1007 1624 1158 1680 cultu
1195 1628 1602 1696 prosequendos
1634 1641 1756 1682 esse
1792 1635 2014 1682 conten-

450 1709 609 1776 dunt,
649 1727 787 1781 quos
816 1714 979 1769 modo
1004 1715 1111 1770 vim
1144 1716 1483 1784 seminalein,
1510 1732 1575 1772 ac
1601 1717 1880 1773 fructuum
1911 1732 2008 1773 eo-

2116 533 2319 606 τροφὴν
2350 536 2378 587 6
2404 534 2509 587 τῶν
2536 534 2672 587 ὅλων
2726 534 3055 606 δημιουργὸς
3104 534 3236 597 Θεὸς
3291 536 3671 606 ὑπεστήσατος

2116 628 2367 691 Μεταδὰς
2392 628 2447 681 δὲ
2474 628 2539 682 ὲκ
2558 628 2778 693 τούτων,
2802 628 2897 681 καὶ
2924 629 2993 681 τὰ
3012 627 3175 681 λοιπὰ
3202 626 3342 680 κατὰ
3369 628 3460 680 τὸν
3490 629 3674 698 ὅμοιον

2114 720 2312 789 τρόπον
2342 721 2441 789 τῆς
2468 719 2721 787 γενναίας
2760 719 3077 789 ἀπελέγξεις
3132 718 3496 789 φυσιολογίας,
3523 719 3674 773 εὐλόο

2114 827 2226 879 γως
2251 811 2349 881 τῆς
2382 812 2761 881 ἀναισχυντίας
2789 810 3240 882 ἐπιμεμψάμενος
3262 813 3392 874 τοῖς,
3424 810 3558 881 φέρε
3576 810 3670 879 (5),

2112 902 2204 954 τὸν
2226 902 2374 971 ἥλιον
2399 902 2560 955 αὑτὸν
2609 899 2747 955 εἶναι
2793 903 2886 955 τὸν
2928 900 3185 966 Ἀπόλλω,
3220 902 3315 954 καὶ⁵
3367 900 3529 955 πάλιν
3584 903 3674 954 τὸν

2124 994 2414 1065 Ἡρακλέα,
2445 994 2537 1047 καὶ
2570 989 2725 1057 αὖθις
2751 994 2844 1047 τὸν
2889 994 3160 1055 Διόνυσον,
3192 994 3286 1047 καὶ
3328 993 3419 1046 τὸν
3448 993 3675 1064 Ἀσκληο

2113 1085 2236 1139 πιὸν
2261 1087 2461 1156 ὁμοίως
2490 1085 2948 1157 ἀποφηναμένοις.
2972 1085 3098 1148 Πῶς
3120 1083 3229 1156 γὰρ
3255 1086 3284 1138 6
3309 1084 3467 1148 αὐτὸς
3494 1087 3676 1158 πατὴρ

2112 1174 2180 1229 ἂν
2207 1174 2415 1243 γένοιτο
2441 1176 2535 1229 καὶ
2555 1176 2691 1238 υίὸς,
2731 1174 3052 1245 Ἀσκληπιὸς
3076 1173 3211 1245 ὁμοῦ
3240 1176 3333 1229 καὶ
3372 1175 3673 1241 Ἀπόλλων;

2110 1266 2236 1331 Πῶς
2265 1265 2504 1321 δὲπάλιν
2555 1268 2635 1330 είς
2678 1265 2951 1338 Ἡρακλέα
3003 1264 3365 1337 μετενεχθείη,
3420 1268 3470 1319 εί
3516 1268 3580 1338 δὴ
3614 1270 3676 1321 ὲκ

2105 1357 2310 1429 Θνητῆς
2342 1357 2597 1427 γυναικὸς
2627 1357 2728 1427 τῆς
2783 1357 3092 1428 Ἀλκμήνης
3120 1359 3149 1412 6
3191 1357 3460 1429 Ἡρακλῆς
3490 1359 3676 1421 αὐτοῖς

2109 1450 2484 1521 όμολογεῖται;
2510 1450 2633 1514 Πῶς
2656 1450 2701 1503 δ’
2724 1449 2792 1505 ἂν
2820 1450 3073 1522 ἐμμανὴς
3130 1449 3357 1518 γένοιτο,
3393 1451 3487 1503 καὶ
3537 1451 3677 1518 σφά-

2110 1539 2220 1606 ξειε
2245 1540 2372 1602 τοὺς
2392 1538 2584 1593 ἑαυτοῦ
2614 1539 2807 1603 παῖδας
2827 1528 2860 1593 λό
2886 1538 3107 1603 ’Ήλιος;
3140 1539 3224 1592 ὅτι
3255 1538 3319 1609 δὴ
3364 1540 3460 1591 καὶ
3501 1538 3677 1591 ταῦτα

2109 1628 2752 1701 προσαναγέγραπταιτῷ
2794 1630 3066 1701 Ἡρακλεῖ.
3121 1630 3281 1685 Ἀλλὰ
3328 1632 3453 1694 τοὺς
3479 1631 3676 1695 ἄθλους

2110 1721 2456 1776 ἐπιτελοῦντα
2489 1721 2611 1785 τοὺς
2634 1720 2837 1774 δώδεκα
2863 1720 2955 1774 τὸν
2999 1719 3271 1792 Ἠρακλέα
3293 1720 3394 1792 τῆς
3420 1723 3541 1775 κατ’
3584 1724 3678 1776 οὐ.

447 1815 594 1867 rum,
622 1804 824 1873 quibus
852 1804 981 1876 ligni
1034 1808 1212 1863 simile
1249 1782 1505 1879 putamen
1534 1818 1656 1876 est,
1709 1810 1873 1865 modo
1922 1810 2005 1865 vel

2112 1814 2270 1885 ρανὸν
2300 1782 2613 1884 διαιρέσεως
2630 1813 2723 1866 τοῦ
2758 1810 3019 1877 ζωδιακοῦ
3048 1782 3270 1877 iam»),
3302 1782 3386 1866 δῖ
3421 1828 3557 1881 φασι
3579 1812 3677 1866 τὸν

446 1891 665 1960 ﬂorum,
698 1898 791 1966 qui
823 1899 997 1967 primo
1017 1915 1144 1957 vere
1169 1917 1294 1956 cum
1320 1901 1701 1967 excludantur,
1774 1902 2006 1958 necdum

446 1984 658 2056 integro
684 1997 1005 2061 maturoque
1033 1989 1209 2048 fructu
1242 1993 1497 2048 decidunt
1518 2033 1534 2058 ,
1559 1994 1645 2048 vel
1680 1995 1875 2049 messis
1897 1992 2011 2047 truc

445 2083 635 2131 ctuum
661 2086 1002 2135 maturorum
1036 2082 1278 2153 symbola
1304 2092 1658 2153 nuncupant;
1708 2099 1831 2148 nec,
1860 2084 2007 2154 quod

443 2167 605 2239 longe
628 2170 810 2227 verius
833 2182 970 2239 erat,
1002 2174 1299 2228 humanum
1327 2174 1505 2245 ipsum
1528 2191 1698 2247 genus
1722 2176 1885 2231 rebus
1914 2177 2004 2242 iis,

445 2274 586 2328 quas
614 2261 856 2317 universi
880 2264 1129 2320 conditor
1158 2264 1299 2320 Deus
1320 2282 1387 2321 eo
1412 2276 1623 2322 tantum
1647 2283 1775 2323 esse
1809 2267 2002 2333 voluit,

394 2370 395 2373 η
442 2359 506 2405 ut
534 2352 674 2411 eiad
715 2370 871 2409 usum
930 2365 985 2411 et
1030 2350 1348 2412 alimentum
1384 2359 1439 2414 in
1479 2369 1731 2429 promptu
1785 2369 2005 2427 essent,

443 2444 805 2502 aestimatione
839 2451 1214 2519 anteponunt?
1244 2449 1321 2505 Ex
1364 2451 1469 2517 his,
1500 2453 1562 2507 si.
1582 2452 1649 2507 ad
1683 2452 1890 2521 reliqua
1920 2453 2007 2506 de-

443 2537 704 2592 scendere
732 2539 935 2606 lubeat,
981 2541 1242 2611 quidquid
1271 2558 1339 2599 ex
1381 2544 1640 2613 praeclara
1668 2544 2003 2615 physiOIOgEa

443 2638 711 2697 superest,
735 2630 965 2685 similem
1001 2634 1053 2685 in
1082 2634 1298 2687 modum
1337 2633 1495 2688 facile
1533 2648 1818 2704 coargucs,
1844 2635 2006 2690 adeo-

441 2735 549 2790 que
582 2721 833 2777 homines
873 2722 1007 2777 istos
1038 2722 1387 2792 impudentia:
1409 2722 1527 2793 jure
1560 2725 1885 2793 postulabis,
1911 2726 2005 2795 qui

442 2828 609 2867 unum
634 2813 883 2868 eumdem
920 2812 1122 2881 Solem,
1175 2823 1238 2868 ut
1290 2816 1393 2870 hoc
1437 2817 1710 2886 praecipue
1739 2816 1960 2887 seligam
1985 2856 2001 2881 ,

441 2917 549 2958 non
582 2903 883 2972 Apollinem
916 2906 1101 2969 modo,
1127 2906 1219 2961 sed
1248 2906 1413 2961 etiam
1461 2905 1771 2973 Herculem,
1803 2915 1857 2963 et
1875 2905 2006 2963 Bac-

438 2990 627 3053 ebum,
674 2999 725 3046 et
776 2990 1149 3062 Esculapium
1194 3010 1314 3051 esse
1348 3004 1675 3053 statuerunt.
1706 2994 1841 3051 Nam
1867 3011 2005 3068 quo-

438 3082 600 3137 modo
624 3093 778 3152 pater
800 3085 938 3138 idem
966 3084 1131 3141 fuerit
1158 3086 1435 3156 simulque
1461 3088 1627 3152 tilius,
1671 3087 1887 3158 Apollo,
1919 3092 2002 3144 iu-

437 3187 625 3242 quam,
661 3183 717 3229 et
754 3174 1142 3246 IEsculapius?
1172 3177 1456 3243 Quomodo
1516 3179 1633 3247 ipse
1689 3180 1758 3234 ad
1792 3178 1993 3236 Hercu-

436 3264 544 3320 lem
576 3268 929 3334 traducatur,
982 3284 1107 3324 cum
1138 3269 1397 3325 Alcmena
1424 3279 1601 3326 matre
1640 3271 1859 3326 mortali
1894 3272 1988 3326 uti-

435 3372 543 3427 que
570 3359 797 3414 muliere
824 3369 1012 3415 natum
1048 3361 1265 3431 ipsimet
1309 3360 1599 3417 Herculem
1636 3378 1758 3419 esse
1784 3362 1998 3419 fatean-

436 3450 563 3503 tur?
587 3448 874 3514 Quomodo
899 3451 992 3506 Sol
1033 3453 1092 3507 in
1138 3451 1380 3508 furorem
1435 3462 1590 3509 actus
1623 3454 1824 3511 liberos
1868 3469 1999 3510 suos

430 3542 735 3613 jugularit?
764 3559 891 3600 nam
941 3552 1236 3616 utrumque
1260 3562 1393 3601 sane
1410 3545 1627 3603 Herculi
1653 3547 1991 3605 attribuitur.

433 3634 503 3687 At
528 3632 812 3691 Herculem
840 3636 1119 3702 nimirum,
1147 3638 1240 3708 qui
1267 3638 1553 3695 duodecim
1583 3639 1673 3694 illa
1696 3639 1995 3695 certamina

436 3724 755 3793 confecerit,
788 3727 1007 3786 Zodiaci
1054 3730 1266 3798 circuli,
1301 3746 1465 3802 quem
1498 3732 1669 3788 solem
1718 3733 1873 3787 aiunt
1896 3747 1995 3787 sua

432 3819 797 3877 conversione
854 3821 1110 3893 lustrare,
1154 3823 1208 3878 in
1244 3823 1532 3880 duodecim
1581 3824 1880 3879 animantia
1910 3824 1997 3877 di-

433 3911 700 3966 visionem
728 3923 1116 3983 reprtesentare
1154 3914 1431 3971 dictitant.
1466 3914 1639 3982 Quem
1670 3930 1801 3987 ergo
1839 3916 2000 3973 nobis

435 3999 802 4073 Eurystheum
841 4004 1223 4076 assignabunt,
1256 4006 1353 4075 qui
1378 4004 1592 4071 Solem,
1641 4006 2000 4077 quemadmo-

434 4094 565 4148 dum
597 4104 651 4150 et
690 4093 981 4152 Herculem
1009 4134 1027 4161 ,
1071 4095 1344 4166 ejusmodi
1394 4099 1697 4153 certamina
1732 4098 2001 4154 conﬁcere

2106 1905 2255 1976 ἥλιον
2280 1905 2607 1977 περιπολεῖν,
2648 1904 2711 1957 τὸ
2752 1903 3015 1975 σύμϐολον
3049 1905 3253 1976 φέρειν.
3302 1905 3398 1969 Τίς
3451 1900 3545 1958 οὖν
3592 1905 3677 1958 ἔτι

2106 1996 2297 2065 γένοιτ’
2331 1995 2397 2050 ἂν
2454 1995 2779 2067 Εὐρυσθεὺς,
2841 1996 2872 2049 ὁ
2917 1993 2998 2066 τῷ
3062 1994 3221 2066 Ἡλίῳ
3252 1993 3435 2067 ὥσπερ
3474 1989 3569 2048 οὖν
3592 1993 3676 2065 τῷ

2118 2088 2392 2162 Ἠρακλεῖ,
2423 2088 2548 2151 τοὺς
2575 2087 2767 2150 ἄθλους
2797 2086 3036 2141 ἐκτελεῖν
3081 2088 3414 2152 ὲπιτάττωνς
3443 2087 3567 2150 Πῶς
3614 2086 3676 2142 δὲ

2104 2182 2197 2235 ἐπὶ
2222 2181 2311 2235 τὸν
2346 2180 2533 2233 Ἥλιον
2556 2179 2839 2248 ἀναχοείεν
2865 2180 2925 2233 αί
2958 2180 3293 2250 πεντήκοντα
3322 2179 3542 2232 Θεστίου
3577 2178 3678 2232 θυ-

2104 2272 2352 2344 γατέρες,
2383 2271 2475 2325 καὶ
2506 2272 2568 2325 τὸ
2600 2270 2708 2324 τῶν
2734 2270 2937 2324 λοιπῶν
2984 2270 3391 2341 αἰχμαλωτίδων
3440 2270 3673 2342 πλῆθος,

2100 2358 2193 2427 αἶς
2218 2365 2312 2417 τὸν
2336 2362 2604 2435 Ἠρακλέα
2629 2362 2785 2430 λόγος
2812 2361 2923 2432 ἔχει
2953 2362 3174 2432 μιγῆναι
3196 2378 3210 2426 ;
3235 2361 3294 2425 ἐξ
3317 2355 3392 2415 ὧν
3419 2360 3515 2415 καὶ
3542 2360 3675 2433 6w,-

2101 2455 2185 2509 τοὶ
2210 2455 2396 2518 παῖδες
2422 2453 2571 2524 αὐτῷ
2592 2453 2870 2524 γενόμενοι
2920 2454 3276 2525 ὲπιμήκιστον
3300 2451 3398 2522 τὴν
3420 2451 3531 2505 τῶν
3576 2469 3674 2521 γε-

2103 2546 2210 2603 νῶν
2236 2548 2560 2619 παρέτειναν
2586 2546 2851 2617 διαδοχήν.
2881 2545 2975 2609 Τίς
3013 2546 3056 2598 δ’
3083 2544 3147 2599 ἂν
3178 2546 3261 2615 εἴη
3286 2548 3315 2599 6
3347 2545 3671 2618 κένταυρος.

2102 2632 2163 2697 οὗ
2190 2640 2269 2712 τῷ
2294 2640 2486 2711 αἵματι
2513 2640 2602 2694 τὸν
2631 2638 2831 2709 χιτῶνα
2860 2638 3132 2709 μολύνασα
3165 2640 3197 2709 ἡ
3234 2638 3544 2708 Δηϊάνειρα,
3573 2637 3673 2692 τὸν

2104 2735 2311 2797 Ἥλιον,
2342 2733 2529 2805 ὥσπερ
2587 2728 2679 2787 οῦν
2733 2731 2823 2786 τὸν
2866 2729 3154 2802 Ἡρακλέα,
3203 2734 3268 2802 τῇ
3320 2729 3671 2800 δεδηλωμένῃ

2099 2826 2413 2898 περιόάλλοι
2461 2839 2488 2868 ι
2523 2826 2588 2880 ἂν
2645 2825 2931 2895 συμφορᾷ;
2976 2822 3132 2875 Ἀλλὰ
3161 2822 3268 2893 γὰρ
3302 2822 3489 2893 μηκέτ’
3525 2821 3672 2875 ἔστω

2100 2921 2130 2975 6
2179 2918 2365 2982 Ἥλιος
2444 2917 2629 2980 αὐτοῖς
2698 2913 2989 2986 Ἠρακλῆςσ
3058 2914 3197 2967 ἔστω
3255 2913 3312 2967 δὲ
3384 2914 3667 2977 Διόνυσοςο

2100 3010 2195 3065 καὶ
2245 3008 2415 3063 ταῦτα
2474 3009 2609 3078 πρὸς
2661 3006 2752 3059 τὸν
2805 3005 3053 3058 Διόνυσον
3119 3004 3248 3074 φαίη
3317 3021 3398 3066 τις
3453 3004 3559 3084 ἄν’
3586 3005 3671 3057 εἰσ

2104 3100 2296 3164 κότως’
2320 3100 2405 3163 τίς
2430 3099 2539 3168 γὰρ
2571 3100 2604 3169 ἡ
2636 3097 2822 3151 τοῦτον
2842 3097 3173 3166 γεννήσασα;
3202 3094 3310 3147 εἴτε
3348 3094 3549 3165 Σελήνη
3580 3111 3670 3157 τις

2105 3192 2331 3261 λέγοιτο,
2363 3191 2472 3244 εἴτε
2498 3188 2832 3259 Περσεφόνη.
2898 3185 3020 3250 Πῶς
3067 3186 3110 3238 δ’
3141 3185 3206 3238 ἂν
3246 3186 3326 3254 εἴη
3359 3186 3387 3237 6
3414 3184 3670 3246 Διόνυσος

2104 3283 2239 3355 όμοῦ
2276 3282 2370 3337 καὶ
2402 3280 2607 3343 Ἤλιος,
2634 3279 2785 3348 καὶὴ
2827 3279 2965 3331 κατὰ
3012 3277 3135 3340 τοὺς
3168 3276 3366 3345 ὑγροὺς
3396 3274 3669 3344 καρποὺς,

2099 3373 2194 3428 καὶ
2211 3372 2280 3427 τὰ
2301 3372 2572 3444 ἀκρόδρυα
2592 3368 2875 3440 βλαστῶσα
2895 3366 3120 3437 δύναμις
3146 3382 3161 3431 ;
3214 3366 3277 3419 Τί
3300 3365 3343 3418 δ’
3363 3365 3429 3417 ἂν
3453 3362 3672 3431 γένοιτο

2098 3462 2207 3516 τῶν
2237 3458 2787 3531 συστρατευσαμένων
2830 3454 2979 3526 αὺτῷ
3028 3452 3301 3522 γυναικῶν
3338 3451 3399 3503 τὸ
3426 3450 3669 3520 πλῆθοςς

2103 3550 2197 3615 Τίς
2224 3549 2282 3604 δὲ
2349 3547 2442 3602 καὶ
2500 3550 2533 3618 ἡ
2590 3546 2684 3600 τοῦ
2747 3545 2945 3608 Ἠλίου,
2975 3541 3252 3613 ὠσπεροῦν
3281 3543 3316 3613 ἡ
3348 3539 3442 3594 τοῦ
3476 3539 3665 3593 Διονύ-

2103 3660 2231 3704 σου,
2290 3641 2568 3712 Ἀριάδνης
2609 3639 2671 3691 Τί
2702 3638 2758 3690 δὲ
2809 3636 3006 3707 μᾶλλον
3056 3634 3222 3697 οἴνου,
3272 3632 3393 3702 οὐχὶ
3425 3632 3480 3684 δὲ
3516 3632 3665 3685 σίτου

2101 3734 2194 3788 καὶ
2218 3733 2477 3803 ὀσπρίων,
2500 3732 2595 3783 καὶ
2624 3728 2732 3783 τῶν
2758 3728 2864 3782 ἀπὸ
2902 3728 3006 3796 γῆς
3042 3728 3293 3781 ἁπάντων
3327 3724 3668 3796 καρπὼνγέ-

2103 3824 2229 3877 νοιτ’
2275 3821 2342 3875 ἂν
2364 3821 2595 3893 χορηγὸς
2626 3822 2654 3873 6
2688 3819 2934 3882 Διόνυσος
2965 3818 3055 3870 ἐπὶ
3093 3817 3183 3871 τὸν
3217 3816 3404 3871 ’Ἥλιον
3435 3816 3670 3884 μεταγά-

2105 3929 2301 3984 μενος;
2346 3914 2409 3965 Εἰ
2453 3912 2510 3964 δὲ
2555 3910 2651 3963 καὶ
2696 3908 3014 3979 Ἀσκληπιὸς
3060 3910 3238 3971 αὐτοῖς
3291 3906 3451 3960 πάλιν
3497 3907 3585 3977 εἴη
3639 3906 3669 3960 6

2102 3995 2309 4068 Ἥλιος,
2332 4001 2449 4065 πῶς
2480 3994 2632 4064 οὗτος
2665 4000 2769 4053 ὑπὸ
2817 3999 2911 4053 τοῦ
2942 3998 3062 4062 Διὸς
3097 3996 3450 4069 κεραυνοῦται
3485 4000 3668 4067 pum-

2103 4096 2201 4169 ρᾶς
2226 4095 2410 4148 ἕνεκεν
2443 4091 2905 4165 αἰσχροκερδείας,
2931 4091 3074 4145 κατὰ
3110 4091 3200 4146 τὸν
3231 4088 3483 4145 Βοιώτιον
3514 4088 3671 4161 μελο-

431 4186 661 4254 jubeat?
690 4186 979 4254 Quomodo
1024 4200 1207 4244 autem
1240 4190 1638 4261 quinquaginta
1664 4189 1899 4247 Thestia:
1941 4192 2003 4247 (i-

2106 4188 2253 4242 ποιὸν
2284 4185 2547 4257 Πίνδαρον
2573 4177 2676 4239 ὧδέ
2704 4201 2819 4248 πως
2855 4183 3107 4253 λέγοντα⁹

433 4280 540 4342 lize,
589 4294 654 4335 ac
690 4280 956 4348 reliquum
980 4282 1318 4351 captivarum
1366 4281 1559 4353 vulgus
1586 4321 1601 4346 ,
1632 4281 1959 4353 quibuscum
1995 4297 2111 4337 rem
2135 4278 2393 4336 habuisse
2425 4274 2709 4333 Herculem
2739 4275 2882 4331 fama
2917 4285 3018 4344 est,
3053 4275 3121 4330 ad
3154 4273 3334 4331 Solem
3373 4274 3554 4335 ipsum
3579 4287 3670 4329 re-

432 4372 718 4427 ferentur?
747 4370 957 4438 Quibus
976 4386 1044 4427 ex
1063 4370 1319 4429 omnibus
1350 4373 1589 4445 suscepti
1630 4373 1700 4429 ah
1728 4387 1796 4430 eo
1827 4373 1981 4430 liberi
2016 4372 2193 4446 gentis
2223 4385 2337 4426 sure
2392 4369 2588 4426 seriem
2650 4368 2968 4438 longissimo
3011 4375 3250 4438 tempore
3290 4368 3665 4437 propagarint.

435 4465 609 4532 Quem
666 4479 831 4536 porro
888 4466 1048 4521 nobis
1075 4475 1395 4522 centaurum
1448 4467 1694 4539 ﬁngent,
1742 4467 1901 4537 cujus
1952 4465 2215 4536 sanguine
2256 4462 2512 4520 iniectum
2563 4477 2593 4517 a
2628 4461 2878 4530 Dejanira
2936 4460 3210 4515 indusium
3251 4456 3452 4525 Solem,
3497 4457 3671 4514 veluti

432 4560 719 4620 Herculem
748 4561 803 4616 in
829 4570 1170 4618 oecantatam
1199 4562 1346 4618 illam
1391 4563 1752 4619 calamitatem
1790 4562 2070 4618 induerit?
2096 4562 2164 4617 At
2208 4561 2402 4616 demus
2460 4559 2604 4613 enim
2660 4556 2803 4623 istis,
2837 4554 3016 4611 Solem
3084 4570 3193 4609 non
3258 4554 3494 4619 amplius
3544 4570 3673 4609 esse

435 4652 744 4721 Herculem,
771 4653 1044 4711 Bacchum
1071 4668 1213 4711 esse.
1260 4653 1378 4711 Non
1427 4655 1697 4713 absimilia
1746 4655 1988 4727 proiecto
2058 4654 2199 4709 circa
2265 4652 2533 4708 Bacchum
2568 4652 2805 4721 objicere
2839 4649 3019 4720 quivis
3087 4650 3280 4705 merito
3320 4649 3511 4718 possit.
3557 4648 3671 4703 Priv

435 4760 589 4800 mum
644 4750 811 4809 enim,
855 4761 963 4816 qua
1014 4756 1187 4803 matre
1237 4748 1476 4819 genitum
1541 4749 1813 4806 Bacchum
1850 4766 1973 4806 esse
2033 4747 2256 4804 dicent?
2298 4744 2471 4811 Luna,
2518 4760 2588 4800 an
2627 4743 2986 4813 Proserpina,
3035 4757 3239 4814 susque
3291 4743 3485 4813 deque.
3527 4741 3669 4799 Nam

502 4848 530 4877 ι
574 4853 667 4906 γρ.
702 4835 1000 4905 περιϐάλοι.

500 4955 578 5026 (5)
607 4956 781 5031 φέρε.
824 4955 974 5031 Hanc
1018 4972 1203 5031 vocem
1249 4959 1460 5031 duabus
1515 4960 1710 5031 inclusi
1747 4960 1992 5031 virgulis,
2025 4965 2070 5021 D
2097 4958 2309 5014 etiamsi
2334 4958 2395 5011 τὸ
2421 4956 2552 5029 φέρε
2586 4971 2683 5027 pro
2708 4963 2939 5027 utroque
2971 4954 3263 5031 coniuncto
3292 4954 3437 5031 sumi
3468 4956 3669 5031 possit,

429 5023 760 5100 scireddidi,
789 5038 846 5081 ut
875 5028 971 5081 hoc
995 5028 1255 5100 praecipue
1284 5028 1522 5099 seligant.
1556 5030 1646 5085 Sic
1677 5023 1992 5085 enim'haud
2101 5023 2504 5100 potest‘tamen'
2524 5023 2714 5097 et'pro
2746 5023 2976 5100 utroque
3004 5023 3252 5100 seorsim.
3285 5023 3469 5079 Obiter
3504 5029 3669 5100 etiam

430 5095 595 5169 dubie
622 5098 880 5169 sumitur,
914 5095 1014 5169 pro
1035 5095 1168 5169 φέρε
1192 5095 1400 5169 εἰπεῖν,⁷
1417 5102 1522 5155 hoc
1561 5110 1664 5166 est,
1695 5102 1834 5155 verbi
1866 5118 1991 5169 gra-

2106 5095 2374 5154 notandus
2401 5095 2641 5169 estusus
2672 5100 2759 5152 ille
2783 5098 2876 5150 τοῦ
2902 5096 3043 5166 φέρε
3069 5095 3279 5169 εἰπεῖν,
3309 5111 3468 5169 quem
3507 5096 3673 5149 habet

433 5165 531 5243 tiu,
564 5165 1023 5243 quemadmodum
1047 5165 1058 5169 ⁷
1078 5165 1276 5243 μικροῦ
1328 5179 1378 5223 et
1432 5170 1634 5239 ὀλίγου,
1665 5186 1761 5243 pro
1793 5165 1989 5243 μωὶροῦ

2106 5170 2373 5223 interdum
2427 5168 2581 5243 initio
2626 5169 2851 5243 periodi,
2897 5165 3097 5243 prout
3133 5167 3305 5243 enim,
3335 5166 3576 5243 arforte,
3613 5173 3670 5217 at

427 5234 773 5312 διίνέόλίγου
803 5238 932 5312 δεῖν,
963 5234 1164 5312 passim
1184 5234 1552 5312 'usurpantnr',
1580 5252 1639 5294 ut
1664 5234 1806 5295 alios
1833 5234 1995 5298 ornit-

2106 5256 2238 5304 vcra,
2274 5256 2340 5292 an
2376 5255 2491 5294 vero
2512 5240 2537 5292 3’
2564 5234 2639 5293 π
2652 5238 2763 5293 fere
2787 5234 3096 5312 eamme.
3130 5235 3355 5312 D_ion_ys.
3386 5234 3665 5312 Halicarn.

430 5316 547 5381 tam_
568 5305 936 5373 ἐλλειπτικοὺς
956 5305 1169 5381 λόγους.
1194 5305 1371 5363 Rarus
1396 5318 1573 5364 tamen
1602 5312 1702 5365 iste
1723 5321 1807 5366 est
1832 5313 1995 5381 hujus

2106 5311 2196 5365 lib.
2225 5326 2313 5381 Iv,
2345 5312 2424 5364 sic
2472 5318 2720 5381 usurpat,
2753 5306 3123 5381 ubi__S_ervi_us
3155 5305 3671 5381 Ti_ill_ius,_refutatis

430 5375 768 5447 vocis‘usus,
799 5388 853 5435 et
885 5375 1218 5435 subobscure
1265 5388 1472 5447 tantum
1523 5396 1553 5435 a
1589 5381 1756 5436 Suida
1785 5375 1993 5436 indica-
2101 5379 2425 5436 criminibus
2481 5375 2625 5433 aliis
2654 5394 2776 5447 quae
2825 5378 2928 5447 sibi
2960 5393 2991 5430 a
3027 5376 3324 5447 Tarquinio
3362 5377 3524 5444 objici
3568 5390 3668 5447 po-

428 5445 694 5520 t_u_s,_dum
746 5451 817 5503 ita
867 5450 1055 5505 scribit
1085 5468 1097 5503 :
1131 5448 1276 5520 Φέρε
1298 5467 1311 5481 °
1343 5446 1455 5503 οἷον
1494 5452 1715 5515 ὑπόθου,
1750 5452 1848 5520 ἄγε
1878 5449 1990 5506 οῦν.

2106 5455 2351 5513 luissent,
2396 5451 2483 5520 ita
2516 5445 2689 5520 pergit
2721 5466 2734 5502 :
2767 5446 2903 5518 Φέρε
2950 5445 3286 5520 εζπεῖνεςὰλλξ
3318 5445 3667 5520 ὑπερήφανός

431 5514 902 5591 Distinguendum,
937 5520 1149 5591 opinor,
1183 5517 1292 5574 οἷον
1341 5522 1409 5574 ab
1459 5520 1685 5574 ὑπόθου·
1729 5514 2005 5591 distincte

2106 5524 2242 5591 εἰμι,
2286 5522 2380 5574 καὶ
2414 5514 2811 5589 διᾶ“βαρύτητα
2836 5514 3097 5588 ἐπαχθής.
3130 5517 3201 5591 At
3242 5514 3490 5585 fortass—is
3516 5514 3670 5591 arro-

430 5586 596 5649 enim,
620 5588 756 5661 licet
802 5586 1161 5661 allines,‘duze
1207 5592 1311 5646 illa:
1357 5592 1698 5659 acceptiones
1731 5610 1743 5644 :
1776 5587 1887 5645 οἷον
1916 5602 1997 5647 est
2103 5586 2232 5661 guns
2263 5607 2398 5653 sum,
2428 5600 2476 5643 et
2521 5586 2740 5657 propter
2772 5604 2977 5661 morum
3020 5586 3357 5661 acerbitatem
3396 5587 3569 5661 gravis
3604 5598 3667 5638 ac

428 5658 650 5731 exempli
683 5659 857 5731 gratia
876 5658 1147 5731 eundem,
1169 5677 1317 5728 pone,
1342 5657 1598 5731 ﬁnge—hoc
1623 5678 1733 5716 esse
1762 5663 1836 5731 vel
1864 5663 1991 5715 dici.
2102 5657 2386 5726 molestus;
2436 5662 2518 5716 vel
2542 5700 2555 5725 ,
2602 5675 2726 5715 cum
2772 5657 3189 5727 interrogatione
3218 5676 3231 5713 :
3259 5658 3339 5712 An
3391 5658 3551 5714 vero?
3596 5670 3663 5710 ait

432 5727 539 5781 hcc
571 5728 749 5781 minus
788 5727 1229 5797 distinguendum
1275 5727 1487 5787 videtur
1515 5731 1612 5800 ἄγε
1646 5732 1713 5788 ab
1749 5729 1990 5803 oﬁvglnia

2106 5732 2272 5799 forte?
