3890 6384
457 281 564 338 219

1132 283 1410 344 EUSEBII
1443 284 1928 344 CESARIENSIS
1965 287 2116 346 OPP.
2160 290 2340 348 PARS
2369 291 2431 348 ll.
2471 325 2540 338 —
2573 294 3074 358 APOLOGETICA.

3601 309 3706 370 220

457 398 593 455 illud
622 397 720 455 Dei
758 413 957 457 nomen
1020 400 1088 457 ad
1120 411 1329 474 turpes,
1408 403 1726 475 ﬂagitiosas,
1779 405 2028 478 dictuque

2142 425 2223 463 cm
2265 409 2456 482 ἀτμοῖς
2494 413 2760 484 αἱμάτων,
2791 418 2882 471 καὶ
2925 418 3144 491 λύθρου,
3173 421 3268 476 καὶ
3310 424 3518 496 νεκρῶν
3557 427 3707 492 ζώων

461 493 762 549 horrendas
795 493 1011 552 fabulas
1058 495 1296 565 abjicere
1329 515 1342 551 :
1378 497 1508 564 imo,
1540 511 1642 553 nec
1678 497 1736 552 in
1778 499 2012 570 tuguriis

459 585 771 657 abditisque
794 587 1139 643 tenebrarum
1169 589 1430 655 latibulis,
1458 597 1553 645 aut
1579 590 1831 648 excitatis
1859 592 2037 649 homi-

460 693 592 732 num
625 686 742 734 arte
786 678 1134 736 domunculis
1160 680 1485 752 semetipsos
1513 681 1814 747 includere,
1872 685 2035 755 quasi

460 768 633 824 Deum
665 769 814 826 intus
842 771 1107 842 reperturi
1133 780 1359 838 essent;
1398 788 1498 828 nec
1522 773 1580 828 in
1619 773 1930 830 simulacris
1967 791 2035 833 ex

461 861 704 918 inanima
733 862 978 918 conﬂatis
1004 863 1250 928 materia,
1276 863 1491 920 divinas
1518 863 1747 922 virtutes
1781 866 2036 926 colendas

463 972 607 1024 esse,
662 957 862 1013 nedum
917 957 1152 1012 terrenis
1205 957 1531 1029 quibusdam
1578 958 1708 1016 {cedi
1755 961 2035 1032 sanguinis

459 1050 779 1122 vaporibus,
815 1064 879 1105 ac
928 1064 1193 1106 caesarum
1219 1049 1582 1107 animantium
1626 1067 1844 1122 cruore,
1867 1054 2036 1110 veluti

391 1165 418 1226 τ
457 1142 706 1214 jucundo
743 1141 983 1213 quodam
1016 1141 1192 1198 cilicio
1220 1143 1644 1212 [conciliandum
1704 1144 1808 1201 sibi
1863 1145 2035 1202 Deum

461 1235 736 1290 arbitrari.
772 1231 977 1289 Verum
1025 1242 1144 1289 erat
1166 1234 1356 1304 utique
1389 1235 1664 1306 sapientes
1685 1236 1842 1305 istos,
1874 1238 2036 1292 nihil-

461 1342 570 1398 que
595 1325 702 1382 nisi
732 1325 959 1381 arduum
987 1340 1053 1382 ae
1071 1326 1294 1382 cceleste
1320 1326 1629 1398 loquentes,
1667 1328 1818 1386 hisce
1856 1331 2036 1386 omni-

460 1418 566 1475 bus
593 1418 752 1489 quasi
777 1433 1029 1474 errorum
1081 1418 1316 1476 vinculis
1352 1419 1684 1490 expeditos,-
1725 1423 2031 1478 humanum

459 1526 633 1581 genus
661 1510 868 1580 absque
896 1509 1105 1566 invidia
1150 1509 1317 1581 hujus
1349 1511 1405 1566 in
1449 1512 1718 1569 naturalis
1784 1515 2036 1583 specula-

459 1599 625 1655 tionis
651 1608 856 1669 partem
886 1614 950 1654 ac
982 1598 1296 1655 societatem
1327 1614 1556 1670 vocare;
1585 1601 1841 1674 nudoque
1902 1619 2033 1676 pro-

461 1692 787 1765 pedixerim
844 1691 1022 1764 capite
1081 1692 1340 1749 omnibus
1400 1692 1721 1763 praedicare,
1771 1710 1881 1750 non
1917 1697 2032 1768 jam

2137 499 2354 572 αἵμασι,
2381 505 2750 577 κεχαρισμένα
2771 507 2849 580 τῷ
2877 508 2996 581 Θεῷ
3018 511 3276 583 πράττειν
3301 517 3561 587 νομίζειν.
3585 521 3713 576 Τού-

2136 607 2244 645 των
2273 592 2328 645 δὲ
2356 594 2631 662 ἁπάντων,
2654 597 2731 662 ὡς
2763 599 2830 653 ἂν
2859 599 3067 673 πλάνης
3092 602 3304 676 δεσμῶν
3325 605 3709 680 ἀπολυθέντας,

2135 681 2275 754 χρῆν
2306 684 2476 755 δήπου
2521 687 2650 752 τοὺς
2693 690 2889 760 σοφοὺς
2931 693 3026 746 καὶ
3077 697 3518 770 μετεωρολέσχας
3550 703 3714 758 πᾶσιν

2137 773 2448 846 ἀνθρώποις
2474 780 2575 850 τῆς
2603 782 2839 855 φυσικῆς
2869 782 3103 855 θεωρίας
3135 787 3380 857 ἀφθόνως
3417 796 3711 861 κοινωνεῖν,

2140 871 2419 942 μονονουχὶ
2448 873 2668 944 γυμνῶς
2694 877 3170 950 προκηρύττοντας
3190 881 3361 937 ἅπασι
3393 884 3468 956 μὴ
3499 886 3569 939 τὰ
3591 905 3715 957 φαι-

2137 961 2358 1032 νόμενα,
2401 963 2491 1018 τὸν
2530 965 2574 1018 δ’
2621 967 2804 1041 ἀφανῆ
2850 970 3178 1045 δημιουργὸν
3223 976 3331 1029 τῶν
3374 980 3715 1049 φαινομένων

2138 1050 2299 1122 μόνον
2340 1055 2769 1128 ἀποθαυμάζειν,
2811 1063 2907 1116 καὶ
2949 1063 3048 1128 τὰς
3090 1066 3354 1138 ἀοράτους
3399 1070 3567 1124 αὑτοῦ
3620 1073 3715 1126 καὶ

2136 1143 2460 1237 ἀσωμάτους
2502 1147 2760 1221 δυνάμεις
2801 1153 3047 1227 ἀοράτως
3089 1157 3185 1212 καὶ
3225 1159 3535 1231 ἀσωμάτως
3578 1163 3715 1237 99η*

2138 1236 2371 1304 σκεύειν,
2404 1239 2464 1292 οὐ
2494 1240 2607 1313 πῦρ
2650 1243 2914 1315 ἅψαντας,
2947 1248 3068 1302 οὐδέ
3100 1267 3163 1320 γε
3193 1251 3346 1322 κριὸν
3394 1253 3490 1308 καὶ
3514 1254 3716 1327 ταῦρον

2136 1329 2490 1403 θυσαμένους,
2541 1335 2654 1390 ἀλλ’
2704 1338 2826 1392 οὐδὲ
2877 1341 3159 1411 στεφάνοις
3209 1344 3306 1397 καὶ
3355 1344 3587 1412 ξοάνοις,
3622 1348 3716 1400 καὶ

2135 1421 2276 1478 ναῶν
2304 1425 2610 1498 οἰκοδομαῖς
2637 1427 2698 1482 τὺ
2724 1429 2878 1485 Θεῖον
2903 1435 3070 1505 τιμᾷν
3091 1435 3398 1508 οἰομένους-ο
3431 1438 3718 1510 λογισμοῖς

2134 1510 2659 1605 δὲῗκεκαθαρμένοις
2686 1520 2780 1574 καὶ
2817 1521 3082 1595 δόγμασιν
3130 1527 3312 1599 ὀρθοῖς
3356 1532 3451 1586 καὶ
3489 1532 3718 1605 ἀληθέσι

2133 1604 2294 1698 τοῦτο
2327 1608 2686 1680 πράττοντας,
2723 1616 2782 1669 ὲν
2827 1617 3064 1691 ἀπαθείᾳ
3108 1620 3286 1692 ψυχῆς
3327 1624 3421 1676 καὶ
3462 1627 3528 1698 τῇ
3579 1604 3720 1697 πρὸς
3770 1610 3772 1612 ν

2135 1696 2294 1751 αὑτὸν
2333 1699 2475 1754 κατά
2504 1703 2565 1756 τὸ
2609 1702 2831 1760 δυνατὸν
2871 1708 2973 1778 τῆς
3017 1711 3219 1782 ἀρετῆς
3257 1696 3534 1782 ὁμοιώσει.
3576 1696 3721 1767 Ἀλλ’

458 1785 560 1840 ista
595 1800 673 1850 se,
723 1797 844 1854 quae
891 1791 1190 1840 cernuntur
1245 1783 1442 1853 oculis,
1499 1784 1594 1842 sed
1640 1801 1768 1842 eum
1829 1789 2028 1857 solum,

2135 1787 2309 1853 οὐδείς
2339 1807 2403 1860 γε
2451 1792 2690 1864 πώποτε,
2733 1799 2792 1852 οὐ
2833 1781 3127 1874 βάρϐαρος,
3159 1804 3258 1876 οὐχ
3291 1805 3513 1878 Ἕλλην,
3548 1809 3720 1861 πᾶσιν

455 1889 620 1944 quem
651 1889 812 1928 nemo
843 1873 1042 1939 videat,
1094 1873 1323 1930 istorum
1387 1875 1630 1930 omnium
1674 1877 2030 1935 architectum

457 1963 755 2034 suspicere,
783 1977 847 2018 ac
868 1962 1032 2018 simul
1059 1960 1350 2019 facultates
1378 1963 1499 2033 ejus
1545 1964 1898 2035 incorporeas
1937 1982 2031 2024 as-

457 2064 785 2126 pectumque
813 2053 1104 2126 fugientes,
1137 2054 1289 2110 cultu
1318 2054 1523 2124 pariter
1553 2070 1729 2129 neque
1744 2071 2030 2128 corporeo,

458 2161 638 2217 neque
672 2134 919 2204 sensibus
958 2151 1120 2207 obvio
1155 2147 1400 2202 venerari
1435 2165 1448 2202 :
1524 2162 1704 2218 neque
1750 2147 1865 2218 jam
1906 2148 2031 2218 igne

456 2253 744 2306 succenso,
790 2254 969 2311 neque
1024 2239 1286 2296 arietibus
1320 2239 1557 2295 taurisve
1600 2239 1875 2308 mactatis,
1923 2245 2031 2296 imo

457 2343 639 2400 neque
663 2331 920 2396 coronis,
973 2345 1150 2402 neque
1183 2330 1375 2402 signis,
1444 2345 1621 2402 neque
1703 2332 2030 2402 templorum

453 2420 956 2479 substructionibus
1013 2422 1260 2478 divinum
1287 2421 1501 2478 Numen
1549 2423 1837 2480 colendum
1881 2432 2036 2496 puta-

453 2527 539 2580 re,
572 2518 667 2568 sed
696 2521 923 2584 purgata
945 2521 1128 2568 mente
1153 2528 1288 2569 sana
1310 2529 1546 2584 veraque
1572 2515 2032 2582 doctrina,vacuo

453 2605 960 2679 perturbationibus
988 2606 1192 2674 animo,
1219 2607 1329 2662 vita
1355 2607 1588 2679 denique
1614 2623 1734 2676 sua,
1761 2617 2030 2680 quantum

455 2699 667 2756 homini
700 2699 783 2757 fas
811 2707 915 2765 est,
939 2700 1006 2756 ad
1031 2699 1271 2756 divinam
1307 2701 1453 2758 illius
1476 2701 1769 2774 imaginem
1807 2703 2027 2761 virtutis

452 2805 559 2864 ope
572 2791 1149 2860 conformanda,suum
1166 2794 1216 2848 ei
1241 2793 1446 2849 cultum
1470 2794 1745 2851 exhibere.
1769 2794 1839 2850 At
1867 2811 2028 2852 nemo

451 2897 609 2950 sane,
645 2885 760 2941 sive
794 2885 1080 2952 barbarus,
1106 2886 1222 2942 sive
1255 2887 1498 2952 Graecus,
1519 2889 1760 2943 humano
1781 2904 2024 2958 unquam

452 2977 638 3047 generi
662 2977 877 3049 signum
910 2979 978 3034 ad
1005 2979 1252 3035 veritatis
1283 2981 1445 3050 hujus
1483 2980 1732 3034 notitiam
1757 2981 1980 3036 sustulit
2006 2999 2020 3036 :

2138 1880 2444 1954 ἀνθρώποις
2474 1886 2678 1960 ταύτης
2708 1892 2946 1964 κατῆρξε
2977 1893 3077 1964 τῆς
3100 1890 3382 1967 ἀληθείας,
3419 1898 3452 1970 ἢ
3490 1899 3651 1970 μόνος
3693 1901 3721 1955 ὁ

2137 1972 2406 2044 ἡμέτερος
2437 1977 2656 2050 Σωτήρ·
2687 1980 2747 2044 ὃς
2789 1981 2872 2054 δὴ,
2903 1983 3002 2056 τῆς
3054 1986 3291 2053 παλαιᾶς
3323 1988 3533 2060 πλάνης
3583 1993 3722 2044 πᾶσι

2135 2066 2249 2127 τοῖς
2273 2064 2478 2121 ἔθνεσιν
2501 2069 2787 2145 ἀποφυγὴν
2815 2076 3185 2148 προκηρύξας,
3212 2083 3326 2146 τοῖς
3352 2084 3520 2136 πᾶσιν
3547 2085 3722 2153 ἀφθό-

2135 2172 2240 2218 νως
2262 2155 2459 2228 εὕρατο
2485 2160 2583 2233 τὴν
2611 2163 2750 2233 πρὸς
2774 2164 2865 2219 τὸν
2896 2166 3072 2239 ἀληθῆ
3097 2171 3192 2224 καὶ
3214 2172 3372 2242 μόνον
3403 2173 3513 2226 τῶν
3543 2175 3724 2228 ἀπάνε-

2135 2264 2245 2302 των
2275 2249 2406 2304 Θεὸν
2439 2252 2774 2328 ἐπιστροφήν
2801 2276 2862 2314 τε
2884 2260 2979 2314 καὶ
3001 2262 3299 2319 εὐσέϐειαν.
3335 2269 3398 2320 Οἱ
3424 2267 3482 2321 δέ
3509 2284 3594 2321 τοι
3625 2269 3724 2322 ἆλ-

2135 2336 2218 2392 λοι
2248 2341 2399 2409 σοφοὶ¹
2439 2341 2535 2397 τοῦ
2574 2343 2689 2415 βίου
2721 2347 2821 2419 τὴν
2892 2351 3153 2408 ἀνωτάτω
3174 2355 3494 2427 φιλοσοφίαν
3539 2359 3722 2430 αὐχήν

2137 2426 2405 2508 σαντες,ᾖ
2438 2453 2601 2508 φησιν
2627 2439 2656 2491 ὀ
2683 2439 2824 2506 Θεῖος
2845 2444 3192 2512 Ἀπόστολος,
3243 2426 3494 2520 γνόντες
3537 2426 3716 2514 θεῦτέ.

2097 2561 2100 2564 ι
2133 2524 2247 2594 οὐχ
2275 2526 2356 2593 ὡς
2398 2529 2545 2584 Θεὸν
2582 2531 2910 2603 ἐδόξασαν,
2945 2537 2984 2608 ἢ
3031 2542 3528 2611 ηὐχαρίστησαν·
3575 2548 3722 2607 illi

2132 2612 2582 2687 ἐματαιώθησαν
2607 2623 2676 2677 ἐν
2698 2625 2822 2693 τοῖς
2836 2631 3152 2700 λογισμοῖς
3173 2634 3393 2702 αὐτῶν,
3417 2638 3518 2691 καὶ
3539 2641 3724 2698 coxo.-

2133 2707 2308 2802 τίσθη
2333 2710 2371 2779 ἡ
2403 2711 2699 2784 ἀσύνετος
2732 2719 2931 2775 αὐτῶν
2957 2725 3186 2792 καρδία.
3222 2727 3538 2796 Φήσαντες
3569 2734 3724 2802 γοῦν

2131 2795 2285 2855 εἶναι
2308 2805 2506 2873 σοφοὶ,
2531 2807 2982 2880 ἐμωράνθησαν,
3012 2818 3112 2872 καὶ
3139 2795 3588 2890 ἐσεϐάσθησαν,
3619 2825 3725 2879 καὶ

2130 2892 2505 2963 ἐλάτρευσαν
2547 2900 2625 2970 τῇ
2665 2904 2859 2959 κτίσει
2897 2910 3060 2977 παρὰ
3107 2912 3217 2966 τὸν
3265 2915 3599 2983 κτίσαντα,
3653 2919 3725 2988 ὗς

2130 2983 2302 3038 ἐστιν
2327 2989 2652 3060 εὐλογητὸς
2677 2996 2764 3062 εἰς
2787 2997 2926 3065 τοὺς
2949 3000 3188 3070 αἰῶνας.

453 3068 550 3123 uni
576 3069 691 3127 haec
725 3070 1001 3128 Servatori
1049 3083 1239 3130 nostro
1270 3075 1442 3145 gratia
1472 3075 1716 3142 debetur,
1763 3075 2009 3145 quicum
2045 3079 2248 3134 erroris
2308 3083 2516 3154 antiqui
2549 3085 2734 3159 fugam
2795 3094 3065 3152 universis
3091 3068 3341 3168 gentibus
3375 3103 3728 3174 praedicavit,

451 3171 566 3219 tum
602 3166 765 3221 etiam
791 3167 999 3238 absque
1026 3167 1226 3223 invidia
1247 3177 1449 3223 rectam
1481 3169 1737 3223 omnibus
1780 3168 1847 3224 ad
1898 3183 2089 3226 verum
2127 3173 2394 3242 omnium,
2440 3180 2728 3253 solumque
2747 3186 2914 3242 Deum
2937 3189 3077 3244 viam
3097 3166 3263 3261 atque
3290 3166 3545 3262 pietatem
3575 3166 3723 3250 indi;

451 3256 617 3313 cavit.
650 3257 851 3315 Contra
898 3273 1041 3315 vero'
1081 3259 1352 3328 sapientes
1420 3259 1533 3324 isti,
1579 3259 1673 3330 qui
1708 3268 1861 3315 tanto
1892 3258 2036 3315 fastu
2077 3264 2350 3322 cmlestem
2410 3273 2702 3339 quamdam
2733 3276 2787 3331 in
2848 3256 3189 3337 moderanda
3221 3256 3328 3338 vita
3373 3287 3724 3354 prudentiam

446 3345 795 3416 iactitabant,
846 3365 966 3402 cum
998 3347 1168 3402 Deum
1229 3347 1589 3418 cognovissent
1621 3349 1641 3418 (
1671 3358 1731 3404 ut
1754 3349 1972 3405 divinus
2030 3351 2270 3422 loquitur
2326 3357 2667 3435 Apostolus)
2705 3383 2807 3421 non
2851 3371 2988 3424 sicut
3051 3371 3218 3428 Deum
3264 3345 3723 3446 gloriﬁcaverunt.

451 3448 546 3493 aut
591 3441 795 3508 gratias
845 3450 1080 3510 egerunt,
1103 3439 1194 3493 sed
1238 3449 1560 3493 evanuerunt
1619 3441 1675 3494 in
1699 3442 2107 3511 cogitationibus
2147 3447 2280 3515 suis,
2317 3459 2367 3504 et
2405 3451 2742 3511 obscuratum
2782 3471 2860 3514 est
2913 3463 3167 3534 insipiens
3219 3439 3310 3521 cor
3359 3439 3564 3525 eorum.
3632 3439 3728 3525 Di?

449 3539 622 3585 centes
678 3531 817 3584 enim
865 3548 920 3586 se
956 3548 1066 3587 esse
1121 3533 1400 3602 sapientes,
1461 3531 1614 3587 stulti
1668 3535 1798 3604 facti
1872 3545 2042 3604 sunt;
2109 3550 2157 3595 et
2221 3542 2514 3616 coluerunt,
2553 3558 2604 3605 et
2656 3544 2946 3611 sbrvierunt
3015 3531 3274 3616 creatura:
3319 3564 3498 3633 potius
3558 3580 3725 3635 quam

450 3623 711 3692 Creatori,
740 3627 830 3695 qui
868 3636 948 3682 est
985 3628 1285 3682 benedictus
1311 3629 1367 3682 in
1394 3628 1588 3687 scutula
1613 3631 1680 3686 ”.

941 3719 1098 3791 123
1145 3719 1372 3775 CAPUT
1403 3720 1543 3778 XIV.

450 3806 750 3864 Fabulosas
782 3809 847 3866 de
876 3810 982 3866 diis
1013 3814 1456 3891 narrationes_ab_
1479 3814 1601 3870 aliis
1625 3816 1756 3884 ipsis
1788 3819 2028 3891 coargui,

935 3883 1026 3952 qui
1047 3893 1231 3938 contra
1241 3883 1323 3937 ria
1348 3884 1574 3953 faciant.

520 3969 815 4027 Enimvero
844 3983 967 4044 post
993 3974 1212 4046 longam
1256 3975 1406 4031 illam
1434 3985 1490 4032 et
1522 3978 1756 4048 spissam
1789 3981 2032 4052 philoso-

447 4063 592 4137 phia:
639 4066 1150 4123 commentationem
1175 4109 1192 4136 ,
1242 4078 1367 4138 post
1424 4071 1704 4140 speciosas
1757 4073 1824 4128 de
1868 4075 2032 4131 rebus

448 4157 567 4213 sive
617 4157 932 4212 caelestibus
961 4199 978 4227 ,
1041 4160 1156 4215 sive
1203 4161 1549 4216 naturalibus
1609 4163 2026 4233 disputationes,

448 4262 516 4304 ex
544 4247 636 4302 illo
663 4247 901 4304 culmine
923 4287 940 4315 ,
981 4249 1061 4306 sic
1110 4259 1366 4322 tanquam
1395 4267 1463 4308 ex
1492 4253 1761 4310 altissimo
1791 4255 2028 4326 quodam

448 4339 654 4394 montis
696 4339 897 4395 vertice
935 4341 1209 4412 prolapsi,
1251 4344 1404 4398 humi
1449 4344 1708 4416 deinceps
1741 4361 1867 4402 cum
1910 4347 2028 4416 ipsa

448 4430 726 4503 plebecula
760 4430 1032 4498 volutari,
1077 4434 1387 4503 promiscue
1431 4435 1501 4490 ad
1535 4446 1778 4492 veterum
1811 4437 1878 4492 de
1909 4438 2030 4509 plu-

448 4523 603 4581 ribus
642 4523 749 4578 diis
790 4537 1030 4578 errorem
1058 4539 1177 4579 sese
1215 4539 1544 4596 aggregare,
1574 4525 1809 4596 denique
1839 4531 2026 4583 eadem

448 4627 510 4670 se
549 4627 673 4683 quas
717 4611 912 4683 vulgus
959 4609 1139 4681 ipsum
1177 4611 1427 4680 opinari,
1472 4612 1669 4682 partim
1719 4613 2024 4681 sacriliciis,

447 4705 646 4776 partim
705 4702 1127 4759 simulacrorum
1175 4705 1325 4758 cultu
1377 4704 1677 4770 simulare;
1727 4720 1838 4774 quo
1901 4707 2025 4774 qui—

446 4797 571 4854 dem
631 4795 879 4866 exemplo
942 4795 1222 4866 vulgarem
1292 4795 1575 4850 hominum
1634 4794 1703 4849 de
1763 4794 2026 4850 fabulosis

446 4890 674 4946 deorum
739 4888 1145 4944 narrationibus
1201 4901 1422 4943 sensum
1471 4895 1525 4942 et
1569 4887 2022 4943 existimationem

445 4982 719 5052 augebant
756 4981 962 5046 simul,
1012 4995 1076 5035 ac
1121 4981 1294 5052 magis
1340 4979 1624 5050 magisque
1669 4979 2020 5034 roborabant.

447 5070 651 5143 Ecquis
679 5074 844 5144 igitur
885 5087 994 5128 non
1038 5071 1198 5142 plane
1237 5070 1457 5137 videat,
1492 5068 1725 5139 speciem
1778 5084 1874 5125 eos
1923 5070 2021 5124 ali-
2055 5087 2300 5142 ι).στῶντ

447 5177 612 5235 quam
637 5165 918 5234 gravitatis
953 5178 1051 5220 sua
1082 5162 1186 5218 ista
1212 5159 1552 5232 physiologia
1575 5159 2020 5230 quaesiisse,vcr-

446 5254 642 5324 bisque
667 5263 826 5310 tenus
848 5255 1174 5326 ﬂagitiorum
1206 5251 1618 5322 turpitudinem,
1649 5250 2018 5322 detorquenda

445 5360 631 5401 rerum
661 5347 892 5402 veritate
919 5348 1214 5413 colorasse,
1247 5345 1341 5416 qui
1374 5359 1537 5414 opere
1564 5345 1682 5416 ipso
1709 5344 2016 5400 fabulosum

445 5450 688 5492 errorem
716 5475 731 5500 ,
779 5453 1238 5510 communemque
1287 5435 1532 5493 omnium
1577 5435 2016 5504 superstitionem

447 5527 879 5586 conﬁrmarent?
944 5529 1268 5600 Quanquam
1318 5522 1517 5586 mirum
1565 5526 1618 5583 id
1669 5541 1802 5584 sane
1848 5527 2019 5584 videri

2134 5543 2401 5613 ἐξέδωκεν,
2424 5522 2698 5620 ὁμολογῶν
2723 5557 2781 5611 ἐν
2807 5522 2961 5632 Δήλῳ

518 5717 566 5750 ³³
593 5711 752 5769 Rom.
787 5728 824 5780 I,
859 5711 945 5778 12,
980 5712 1072 5778 22,
1105 5712 1196 5768 25.

2647 3737 3042 3797 ΚΕΦΑΛΑῘΟΝ
3088 3739 3186 3800 ῙΔν.

2136 3823 2253 3879 Ὅτι
2295 3823 2402 3892 τὰς
2423 3829 2681 3897 μυθικὰς
2723 3837 2861 3916 ccepi
2904 3834 3072 3916 bear
3100 3841 3426 3916 ’διηγήσεις
3457 3845 3721 3916 ἀπελέγ-

2453 3916 2671 3966 χουσιν
2710 3903 2953 3960 ἐναντία
2995 3903 3374 3980 πράττοντες.

2202 3985 2357 4041 Μετά
2382 3988 2513 4058 γοῦν
2544 3993 2643 4064 τὴν
2673 3996 2888 4069 μακρὰν
2911 4001 3004 4053 καὶ
3032 4002 3232 4076 πολλὴν
3255 4006 3602 4077 φιλοσοφίαν,
3630 4010 3725 4064 καὶ

2133 4077 2273 4148 μετά
2313 4078 2414 4143 τάς
2469 4084 2672 4153 σεμνὰς
2719 4093 3150 4163 μετεωρολογίας
3195 4099 3290 4152 καὶ
3343 4102 3724 4173 φυσιολογίας,

2130 4173 2336 4228 ἄνωθέν
2369 4175 2552 4244 ποθεν,
2588 4179 2664 4244 ῶς
2687 4181 2781 4251 ἀφ’
2810 4184 3150 4261 ὑψηλοτάτης
3180 4191 3512 4263 ἀκρωρείας,
3549 4212 3728 4248 κατα-

2130 4265 2439 4333 πίπτοντες,
2468 4273 2565 4324 σὺν
2591 4275 2706 4336 τοῖς
2736 4274 2960 4346 πλήθεσι
2984 4280 3368 4352 κατεσύροντο,
3399 4285 3494 4337 καὶ
3514 4289 3583 4356 τῇ
3612 4287 3727 4340 τῶν

2131 4356 2376 4411 παλαιῶν
2409 4360 2654 4433 πολυθέῳ
2696 4363 2871 4441 πλάνῃ
2922 4369 3306 4441 συνεφύροντο,
3349 4373 3416 4427 τὰ
3442 4376 3561 4439 τοῖς
3594 4377 3726 4430 πολ-

2128 4448 2238 4514 λοῖς
2257 4451 2437 4522 ὃμοια,
2456 4454 2545 4508 διὰ
2565 4456 2658 4509 τοῦ
2678 4457 2824 4513 θύειν
2852 4461 2943 4514 καὶ
2960 4466 3070 4526 τοῖς
3085 4464 3296 4531 ξοάνοις
3321 4469 3721 4539 προσπίπτειν,

2128 4539 2370 4606 δοξάζειν
2408 4545 2848 4618 ὑποκρινόμενοι,
2881 4550 3134 4618 αὔξοντες
3166 4572 3226 4609 τε
3259 4558 3352 4610 καὶ
3391 4558 3472 4612 ἑτι
3516 4562 3724 4631 μᾶλλον

2129 4635 2485 4705 κρατύνοντες
2527 4641 2625 4710 τὴν
2668 4641 2888 4714 δημώδη
2925 4645 3034 4699 τῶν
3076 4648 3320 4717 μυθικῶν
3358 4650 3724 4725 διηγημάτων

2127 4725 2256 4796 περὶ
2284 4726 2420 4781 θεῶν
2453 4730 2739 4802 ὑπόληψιν.
2780 4734 2906 4800 Πῶς
2941 4732 3033 4791 οὖν
3071 4740 3171 4794 οὐκ
3200 4740 3266 4796 ἂν
3292 4739 3403 4797 εἷεν
3429 4749 3544 4810 τοῖς
3583 4749 3725 4802 πᾶσι

2127 4815 2400 4905 πρόδηλοι,
2427 4820 2906 4894 σεμνολογούμενοι
2935 4828 3032 4898 μὲν
3057 4833 3176 4894 ταῖς
3202 4835 3599 4905 φυσιολογίαις,
3625 4841 3724 4894 καὶ

2129 4904 2484 5003 μεχρι-λόγων
2508 4909 2575 4963 τὰ
2597 4914 2797 4986 αἰσχρά
2823 4916 3254 4987 καλλωπίζοντες
3280 4928 3347 4999 τῇ
3381 4934 3720 5003 παρατροπῇ

2126 4996 2228 5094 τῆξ
2263 4998 2536 5071 ἀληθείας,
2588 5003 2768 5076 ἔργοις
2811 5009 2855 5062 δ’
2895 5013 3079 5076 αὐτοῖς
3130 5016 3230 5088 τὴν
3279 4996 3518 5094 μυθικῆν
3568 4996 3723 5080 auer

2303 5093 2609 5185 agnitiqu
2662 5100 2756 5158 καὶ
2800 5101 2898 5173 τὴν
2937 5105 3221 5178 πάνδημον
3252 5093 3722 5185 δεισιδαιμονίανς

2127 5178 2238 5234 Καὶ
2270 5180 2478 5236 οὐδέπω
2510 5185 2669 5240 τοῦτο
2701 5189 3044 5262 θαυμαστὸν,
3088 5198 3178 5252 ὅτι
3221 5201 3317 5256 καὶ
3351 5203 3556 5270 αὐτοὺς
3587 5208 3727 5262 ἀνα-

2127 5270 2396 5371 γράφουσι
2419 5276 2544 5371 τοὺς
2563 5277 2774 5371 εαυτῶν
2805 5283 2960 5350 θεοὺς
2988 5290 3110 5353 ταῖς
3139 5293 3270 5364 περὶ
3289 5293 3476 5349 αὐτῶν
3507 5315 3730 5371 συμφε-

2127 5359 2389 5428 ρομένους
2428 5363 2790 5434 μυθολογίαις.
2836 5374 3038 5430 Ἀκουε
3075 5359 3228 5448 γοῦν,
3263 5385 3416 5450 ὅπως
3448 5390 3478 5441 ὁ
3525 5359 3728 5445 Ἀστύλ-

2255 5453 2416 5517 αὐτὸς
2446 5458 2573 5526 περὶ
2605 5459 2797 5517 ἑαυτοῦ
2829 5467 3068 5532 διδάσκει
3103 5473 3295 5544 ὕμνον,
3322 5477 3383 5533 ὃν
3413 5481 3496 5545 εἰς
3523 5483 3724 5538 ἑαυτὴν

3629 5595 3725 5647 γε·
