4024 6408
261 335 337 392 nl
1334 316 1656 376 PREPAR.
1695 313 1951 372 EVANG.
1994 312 2121 369 LIB.
2154 309 2241 367 ιιι.

3337 308 3447 365 222

258 448 505 523 γεννῆσθαι*
533 446 619 499 καὶ
647 442 803 496 πάλιν
830 444 859 496 6
897 441 1221 513 Ἀσκληπιὸς
1242 443 1298 497 ὲν
1327 436 1654 512 Τρίκκῃ(7)’
1685 435 1762 499 ὡς
1794 459 1809 495 Α

1910 450 1982 490 on
2037 433 2240 499 debet,
2288 444 2414 485 cum
2469 444 2537 485 ex
2599 443 2787 485 eorum
2837 426 3054 498 scriptis
3099 426 3448 491 habeamus,

258 552 328 601 ut
355 539 533 610 Ἐρμῆς
560 536 799 607 τετέχθαι
831 534 1109 607 ὁμολογῶν
1132 533 1239 587 ἀπὸ
1261 532 1360 601 τῆς
1391 530 1589 593 Μαίας.
1624 527 1765 600 Γρά-

1866 541 2087 598 sparsas
2130 523 2199 578 de
2246 522 2350 578 diis
2396 520 2610 576 fabulas
2659 521 2885 577 deorum
2940 519 3182 589 ipsorum
3221 518 3449 572 vocibus

257 655 321 707 ςέι
346 634 391 686 δὲ
408 609 438 684 ό
462 629 754 701 Πορφύριος
781 628 873 682 καὶ
900 626 1095 691 ταῦτα,
1124 628 1181 679 ὲν
1210 621 1291 688 οἷς
1321 621 1599 695 ἐπέγραψε
1633 620 1764 691 περὶ

1907 614 2234 687 omprobari.
2288 612 2430 669 Audi
2481 629 2654 685 ergo,
2707 610 3168 683 quemadmodum
3218 609 3450 680 ipsemet

253 730 327 797 τῆς
350 728 401 776 ὲκ
435 722 613 789 λογίων
657 719 993 789 φιλοσοφίας,
1042 717 1173 771 ἔνθα
1219 716 1314 770 καὶ
1349 714 1458 768 τῶν
1500 710 1767 786 χρησμῶν

1907 708 2078 780 ινοὶιο,
2111 721 2275 777 quem
2304 705 2372 761 de
2413 720 2472 761 se
2505 704 2627 775 ipso
2672 703 2936 774 hymnum
2968 702 3179 770 edidit,
3223 710 3451 756 caeteros

253 816 593 888 ἐμνημόνευσεν
620 807 723 867 ὧδέ
759 831 874 876 πως
903 812 1155 883 ἐχόντων·

1870 801 2101 865 doceat,
2149 797 2244 852 ubi
2289 811 2349 851 se
2397 796 2454 850 in
2500 794 2633 851 Delo
2685 794 2865 849 insula
2920 801 3110 848 natum
3149 808 3215 849 ex
3242 790 3452 849 Latona

251 887 500 973 conﬁtetur,
527 908 610 963 cui
638 908 1009 977 Esculapium
1037 922 1101 962 ac
1128 905 1455 962 Mercurium
1484 902 1877 973 adiungemus,
1942 908 2178 965 quorum
2209 888 2625 962 alter;Triccaa,
2673 890 2811 945 alter
2864 904 2933 944 ex
2994 887 3133 942 Maia
3192 901 3452 957 procrea-

252 1021 333 1063 tum
373 1022 422 1060 se
470 1020 584 1059 esse
630 1004 967 1073 pronuntiat.
1029 1002 1201 1059 Habet
1228 1003 1402 1077 etiam
1443 1001 1547 1058 ista
1595 993 1971 1067 Porphyrius,
2029 990 2086 1045 in
2128 987 2237 1053 iis,
2294 1000 2417 1057 qua:
2452 986 2519 1042 de
2561 986 2758 1041 hausta
2817 999 2886 1040 ex
2950 982 3178 1039 deorum
3227 994 3458 1052 respou-

250 1104 306 1159 δίε
358 1098 680 1171 philosophia
732 1098 992 1169 scripsit,
1039 1097 1132 1153 ubi
1186 1096 1531 1166 sequentium
1574 1090 1924 1150 oraculorum
1959 1081 2232 1147 meminit,

353 1192 417 1269 Ὦ
432 1191 589 1269 μέγα·
600 1189 752 1269 acim
771 1190 983 1269 χάρμα
1002 1189 1338 1269 ,βροτοῖσιῃ

367 1263 480 1317 Ἀπὸ
510 1262 638 1333 crin-
670 1262 844 1329 ιερῶν
864 1263 1135 1333 ματέρος
1166 1262 1356 1333 ἁγνᾶς

355 1331 649 1402 Προθοράηρ
676 1330 951 1387 τοκετῶν.

252 1445 321 1513 Οἷς
341 1446 577 1513 ἐπιλέγει·

370 1564 502 1629 Ἀλτϊ
532 1562 633 1617 ὅτε
666 1563 836 1619 Λατὼ
860 1562 1000 1630 ὠδὶς
1033 1561 1158 1632 ἱερὰ

354 1634 576 1693 Λάζοιτο
604 1634 799 1698 πᾶσα,
832 1632 1285 1703 ὀροθυνομένων

357 1704 605 1772 Διδύμων
633 1701 894 1759 τοκετῶν·
927 1701 1135 1758 ἕνδοθε
1162 1703 1238 1774 (8)
1266 1701 1495 1774 σηκῶν,

361 1778 575 1846 ἰστατο
608 1775 730 1846 ab:
757 1775 895 1845 γαῖα
920 1774 1016 1846 (9),
1049 1772 1258 1846 mare
1284 1773 1335 1826 δ’
1357 1772 1496 1841 ἀὴρ»

356 1844 615 1913 Πὰγνυτο
649 1844 860 1911 νᾶσος,
896 1844 1163 1913 πάγνυτο
1195 1844 1373 1913 κῦμα*

367 1916 484 1968 Ἀνὰ
512 1914 565 1967 δ’
596 1915 895 1983 ἐξέθορες,
916 1913 1095 1985 μάντι
1129 1913 1432 1985 Λυκωρεῦ,

364 1987 568 2048 Τοξότα
598 1986 794 2051 Φοῖϐε,
830 1984 981 2039 κατὰ
1010 1984 1453 2055 χρησμολάλων

362 2056 608 2111 Baeda}
645 2056 957 2125 τριπόδων.

251 2256 333 2311 Kal
359 2257 385 2310 6
423 2254 755 2325 Ἀσκληπιὸς
786 2254 945 2309 πάλιν
978 2255 1107 2309 περὶ
1134 2254 1348 2309 ἑαυτοῦ

305 2369 526 2448 {plain};
557 2366 633 2431 ἐξ
659 2366 821 2448 Ιερῆς
840 2370 976 2447 ,ἥκω
1013 2371 1165 2448 θεὸς,
1196 2366 1267 2419 ὅν
1294 2380 1443 2448 ’ποτε
1461 2366 1678 2448 μήτηρ,

303 2440 464 2504 Φοίϐῳ
486 2438 960 2501 ὑπευνασθεῑσα,
992 2437 1129 2491 κυεῖ
1157 2437 1378 2506 σοφίας
1394 2437 1689 2504 βασιλῆα,

307 2509 471 2577 ἰδριν
490 2508 760 2576 ίητορίης
795 2507 1174 2577 Ἀσκληπιόν.
1213 2508 1388 2562 Ἀλλὰ
1408 2507 1466 2561 τί
1488 2508 1719 2576 πεύθῃ;

258 2664 304 2722 Ὁ
329 2664 368 2720 δ’
404 2664 613 2737 Ἐρμῆς
646 2681 826 2735 φησιν’

309 2784 392 2846 Ὀς
407 2781 458 2835 δ’
480 2780 623 2851 ἐγὼ,
649 2780 723 2834 ὃν
740 2781 996 2846 καλέεις,
1024 2779 1218 2851 Ζηνὸς
1238 2777 1340 2833 καὶ
1356 2777 1620 2851 Μαιάδος
1640 2779 1793 2845 υίὸς,

314 2851 505 2921 Ἑρμῆς
521 2848 571 2922 (ι
581 2851 638 2923 0)
662 2850 995 2919 προϐέϐηκα
1014 2848 1209 2903 λιπὼν
1229 2849 1519 2918 ἀστραῒον
1546 2848 1793 2905 ἄνακτα.

253 2950 339 3005 Καὶ
366 2949 419 3001 τὺ
444 2946 586 3011 εἶδος
624 2947 682 3001 δὲ
729 2945 939 3000 ἑαυτῶν
974 2945 1354 3018 ὑπογράφουσι
1379 2944 1474 2999 τοῦ
1499 2946 1798 3017 σχήματος,

254 3041 408 3115 ὥσπερ
435 3044 463 3095 6
489 3041 612 3095 Πὰν
632 3040 727 3094 καὶ
748 3038 909 3103 αὐτὸς
932 3040 988 3093 ὲν
1012 3039 1282 3110 χρησμοῖς
1299 3037 1428 3108 περὶ
1456 3036 1649 3091 ἑαυτοῦ
1673 3036 1798 3091 τάδε

254 3127 372 3194 λέγει
396 3128 665 3181 διδάσκων
685 3144 699 3158 ⁸
729 3128 993 3197 Εὔχομαι
1012 3127 1235 3195 βροτὸς
1259 3125 1442 3197 γεγὼς
1468 3124 1619 3179 Πανὶ
1647 3138 1798 3196 συμ-

256 3222 391 3290 φύτῳ
428 3219 558 3285 θεῷ,
589 3219 991 3287 δισσοκέρατι,
1015 3216 1357 3281 δισσόποδι,
1384 3214 1795 3286 τραγοσκελεῖ,

255 3306 536 3381 τρυφῶντι.
578 3310 764 3365 Ταῦτα
798 3312 854 3363 ἐν
885 3312 1216 3382 ἀπορρήτοις
1247 3309 1344 3379 τῆς
1383 3312 1447 3362 ὲκ
1483 3308 1677 3377 λογίων
1710 3325 1800 3377 φι-

256 3404 476 3473 λοσαρίας
524 3406 557 3456 6
600 3403 857 3473 δηλωθεὶς
899 3403 1037 3474 ἀνὴρ
1075 3402 1333 3455 τέθειται.
1375 3401 1566 3456 Οὑκέτ’
1616 3402 1723 3474 ἄρα
1770 3401 1800 3454 6

258 3495 350 3548 Πὰν
383 3494 651 3566 σύμϐολον
682 3490 750 3565 ἦν
796 3493 889 3547 τοῦ
925 3493 1142 3557 παντὸς,
1172 3493 1379 3564 δαίμων
1420 3492 1465 3545 δ’
1506 3492 1573 3545 ἂν
1606 3492 1690 3563 εἴη
1720 3507 1803 3555 τις

256 3586 461 3651 τοιοῦτος
479 3629 493 3651 ,
522 3581 639 3651 οἷος
670 3588 765 3640 καὶ
802 3586 1236 3658 ὑπογέγραπται,
1261 3586 1290 3638 6
1316 3585 1409 3638 xui.
1433 3584 1523 3639 τὸν
1555 3585 1803 3657 χρησμὸν

255 3679 434 3744 ἐκδούς.
471 3680 551 3733 Οὐ
588 3678 697 3751 γὰρ
733 3678 796 3750 δὴ
838 3678 899 3731 τὸ
940 3680 1083 3743 πᾶν,
1111 3678 1205 3730 καὶ
1251 3678 1279 3730 6
1331 3678 1551 3749 σύμπας
1602 3677 1804 3747 κόσμος

256 3772 427 3843 ἑχρησε
462 3772 537 3826 τὰ
578 3771 930 3842 προκείμενα.
971 3770 1171 3823 Τούτου
1216 3770 1504 3843 τοιγαροῦν
1553 3770 1646 3824 τοῦ
1687 3770 1805 3823 δαί-

259 3882 412 3935 μονος,
439 3864 563 3918 ἀλλ’
592 3864 653 3917 οὐ
683 3863 775 3917 τοῦ
812 3863 1010 3926 παντὸς
1043 3861 1141 3935 τὴν
1172 3862 1353 3916 εἰκόνα
1392 3861 1808 3926 ὲκτυπώσαντες

256 3957 440 4027 ἄνδρες,
463 3957 528 4010 τὸ
556 3957 1041 4028 προγεγραμμένον
1080 3955 1418 4026 ἐμιμήσαντο
1458 3953 1665 4026 σχῆμα.
1696 3954 1810 4007 Καὶ

255 4047 279 4097 6
309 4046 509 4116 Ἐρμῆς
538 4046 595 4099 δὲ
623 4045 739 4109 πῶς
766 4045 833 4099 ἂν
856 4048 1026 4099 νοοῖτο
1053 4045 1081 4097 6
1109 4044 1217 4098 τῶν
1243 4044 1498 4099 ἁπάντων
1529 4045 1810 4115 ποιητικός

257 4154 304 4190 τε
333 4139 421 4190 καὶ
454 4138 847 4209 ὲρμηνευτικδς
881 4138 1068 4206 λόγος,
1098 4136 1307 4209 μητέρα
1336 4138 1518 4192 Μαῖαν
1557 4136 1654 4209 τὴν
1680 4138 1810 4191 Ἀτ-

256 4230 419 4293 λαντος
446 4229 727 4301 ὁμολογῶν
757 4230 1067 4302 ἐσχηκέναι,
1095 4230 1192 4301 τήν
1218 4246 1281 4299 γε
1310 4230 1438 4301 περὶ
1461 4228 1625 4283 αὐτοῦ
1652 4228 1807 4299 λεγο-

260 4324 405 4396 μένην
456 4323 816 4395 μυθολογίαν,
866 4322 980 4377 ἀλλ’
1023 4323 1084 4376 οὐ
1133 4321 1475 4393 φυσιολογίαν
1518 4322 1807 4394 ἐγκρίναςς

258 4413 392 4466 032w
427 4413 526 4466 καὶ
556 4412 880 4483 Ἀσκληπιὸς
909 4411 1027 4476 πῶς
1058 4412 1126 4466 ἂν
1168 4413 1453 4483 μετάγοιτο
1486 4414 1566 4476 είς
1599 4412 1810 4479 Ἥλιον,

1998 1178 2158 1232 Omni
2179 1194 2209 1230 ο
2236 1175 2429 1245 populo
2463 1190 2655 1245 magna
2681 1172 2940 1245 voluptas,

1992 1247 2161 1303 Sacra
2192 1244 2339 1314 pura:
2366 1244 2566 1301 matris,
2586 1244 2649 1299 ab
2684 1244 2799 1299 alvo

1994 1316 2308 1372 Prosiliens.

1881 1454 2090 1521 Quibus
2117 1461 2191 1508 ita
2218 1451 2423 1518 subdit,

1984 1568 2185 1623 Partus
2212 1568 2335 1623 swvi
2368 1574 2482 1622 tota
2505 1565 2706 1619 doloris

1986 1639 2128 1693 Dum
2154 1638 2415 1692 Latonam
2451 1638 2525 1691 vis
2547 1637 2638 1690 dia
2669 1642 2880 1704 premit,

1989 1710 2301 1778 Sanctwque
2324 1708 2485 1761 simul
2517 1703 2699 1761 clausa
2737 1703 2974 1775 parentis

1992 1778 2197 1849 Gemini
2222 1780 2472 1849 quatiunt
2504 1779 2701 1831 viscera
2727 1778 2865 1846 fetus
2889 1792 2907 1828 :

1990 1848 2166 1903 Tellus
2196 1848 2356 1912 sistit,
2390 1850 2533 1902 sistit
2563 1857 2614 1901 et
2644 1864 2757 1911 aer,

1988 1920 2182 1974 Insula
2215 1920 2365 1986 sidit,
2395 1918 2623 1989 siditque
2652 1933 2815 1983 mare,

1946 2028 1947 2031 η
2004 1989 2082 2044 Tu
2111 1992 2361 2045 continuo
2396 1987 2552 2043 Vates
2592 1987 2773 2057 Lycie,

1992 2059 2073 2125 Is,
2105 2062 2399 2114 arcitenens
2432 2058 2643 2123 Pha’be,
2673 2061 2767 2111 sub
2804 2074 2986 2121 auras,

1994 2130 2140 2185 Fata
2168 2131 2470 2201 loquentum
2508 2145 2699 2199 prwses
2731 2129 3016 2198 tripodum.

1892 2266 2152 2324 SimiIter
2178 2264 2527 2336 Esculapms
2552 2264 2626 2319 ita
2655 2264 2722 2319 de
2748 2280 2807 2320 se
2835 2265 2972 2334 ipso,
3021 2260 3180 2333 124

1992 2385 2078 2442 Εη
2103 2386 2291 2442 Tricca
2315 2403 2342 2440 e
2364 2403 2519 2441 sacra
2541 2387 2685 2439 venio
2715 2385 2811 2439 tibi
2840 2384 3048 2438 Numen
3074 2384 3325 2448 amicum,

2008 2456 2115 2527 Ille
2132 2456 2502 2527 xEsculapius,
2526 2473 2677 2527 quem
2696 2455 2894 2527 Pluebo
2914 2466 3063 2523 patre
3088 2463 3342 2527 creatum,

1999 2526 2069 2599 Et
2090 2526 2301 2599 Sep/tite
2324 2525 2516 2599 regem,
2539 2525 2625 2580 cui
2649 2526 2740 2599 vis
2761 2534 2984 2599 estnota
3009 2525 3270 2599 medendi,

2001 2591 2234 2654 Sustulit
2249 2591 2400 2652 alma
2410 2614 2620 2669 parens.
2638 2596 2741 2651 Sed
2757 2597 2882 2666 quid
2901 2612 3013 2650 mea
3029 2596 3247 2648 numina
3266 2591 3475 2663 poscis?

1894 2688 2199 2748 Mercurius
2229 2700 2412 2747 autem
2445 2692 2593 2748 hunc
2620 2692 2675 2747 in
2705 2691 2953 2756 modum,

2006 2782 2300 2854 Mercurius
2326 2800 2479 2854 quem
2508 2799 2627 2854 voce
2650 2799 2824 2849 vocas,
2855 2781 3116 2854 Maiwque
3142 2779 3387 2849 levisque

2010 2852 2189 2908 Filius
2215 2855 2314 2907 huc
2337 2852 2472 2921 veni,
2517 2853 2711 2907 caelesti
2733 2869 2847 2923 rege
2878 2852 3080 2905 relicto.

1902 2946 2213 3023 Quinetiam
2241 2964 2467 3004 suorum
2498 2948 2600 3016 ipsi
2632 2962 2924 3016 corporum
2958 2946 3193 3016 speciem
3229 2943 3478 3015 ﬁguraru-

1901 3055 2008 3111 que
2034 3040 2373 3103 describunt,
2401 3040 2547 3095 velut
2570 3039 2658 3093 ille
2681 3037 2818 3102 Pan,
2842 3038 2936 3108 qui
2964 3038 3273 3108 cujusmodi
3294 3035 3478 3104 fuerit,

1899 3146 1966 3187 ex
1985 3130 2103 3201 ejus
2128 3130 2369 3186 oraculis
2395 3130 2468 3185 ita
2486 3130 2748 3186 docemur
2776 3149 2788 3185 :
2818 3129 3067 3184 Mortalis
3092 3146 3182 3199 ego
3210 3144 3327 3181 cum
3354 3128 3478 3194 sim,

1903 3238 2145 3292 nuncupo
2175 3231 2294 3276 vota
2323 3222 2463 3276 Pani
2490 3263 2505 3289 ,
2537 3223 2714 3276 nativo
2762 3221 2854 3276 deo
2873 3261 2888 3287 ,
2923 3237 3086 3274 cornu
3114 3221 3317 3291 gemino
3344 3259 3359 3284 ,
3390 3235 3479 3291 ge-

1902 3313 2046 3366 mino
2080 3313 2228 3381 pede,
2261 3313 2587 3383 hircinisque
2608 3313 2850 3366 cruribus
2877 3311 3092 3381 insigni,
3122 3310 3478 3379 voluptuario.

1904 3402 2189 3474 Ejusmodi
2216 3412 2363 3468 sunt,
2392 3420 2515 3473 qua:
2541 3405 2797 3459 laudatus
2828 3411 3020 3458 auctor
3050 3402 3103 3456 in
3136 3402 3334 3457 abditis
3361 3402 3483 3471 phi-

1904 3496 2166 3566 losophia:
2218 3496 2446 3551 deorum
2495 3511 2562 3551 ex
2613 3496 2892 3565 responsis
2950 3494 3162 3549 hausta:
3212 3493 3485 3564 mysteriis

1906 3589 2202 3643 recensuit.
2246 3586 2359 3642 Pan
2402 3602 2534 3657 ergo
2582 3603 2689 3642 non
2727 3588 2840 3657 jam
2888 3586 3132 3642 universi
3177 3586 3485 3657 symbolum

1906 3688 2023 3746 est,
2050 3678 2141 3734 sed
2174 3678 2385 3733 daemon
2417 3676 2597 3746 potius
2620 3718 2634 3742 ,
2666 3676 2884 3747 qualem
2915 3692 2974 3731 se
3018 3676 3135 3747 ipse
3162 3676 3483 3746 descripsit,

1907 3773 2002 3843 qui
2027 3773 2311 3828 oraculum
2346 3772 2484 3827 istuc
2509 3770 2717 3827 eﬂ‘udit.
2769 3768 2957 3841 Neque
2980 3770 3126 3826 enim
3151 3771 3484 3835 universum,

1910 3874 2123 3921 totusve
2157 3865 2396 3920 mundus
2430 3864 2533 3919 ista
2579 3862 2878 3932 respondit.
2921 3860 3101 3928 Quare
3132 3860 3235 3931 ipsi
3270 3875 3488 3929 quoque

1910 3957 2146 4014 artiﬁces
2168 3996 2183 4022 ,
2216 3966 2486 4028 quotquot
2513 3971 2619 4011 non
2657 3954 2917 4021 universi,
2953 3953 3047 4009 sed
3076 3952 3241 4023 hujus
3282 3952 3487 4006 daamo-

1909 4051 1997 4106 nis
2025 4049 2317 4119 imaginem
2367 4062 2728 4117 expressere,
2777 4046 3107 4115 descriptam
3155 4044 3319 4115 paulo
3363 4053 3490 4098 ante

1910 4141 2141 4214 ﬁguram
2172 4139 2369 4194 imitati
2401 4149 2548 4196 sunt.
2577 4137 2695 4194 iam
2724 4137 3050 4203 Mercurius,
3083 4136 3359 4207 quomodo
3399 4151 3489 4192 re-

1911 4249 2035 4288 rum
2089 4231 2336 4287 effectrix
2382 4232 2628 4286 omnium
2684 4231 3061 4301 interpresque
3114 4229 3253 4284 ratio
3302 4228 3491 4283 haberi

1912 4324 2106 4396 possit,
2135 4340 2258 4380 cum
2292 4324 2409 4394 ipse
2438 4323 2634 4377 Maiam
2662 4322 2896 4378 Atlantis
2922 4321 3088 4376 tiliam
3113 4336 3233 4377 sese
3262 4330 3489 4375 matrem

1914 4416 2175 4471 habuisse
2204 4413 2458 4482 fateatur,
2487 4414 2688 4485 quippe
2717 4414 2809 4484 qui
2840 4413 3099 4483 jactatam
3141 4413 3207 4467 de
3234 4421 3355 4465 ortu
3393 4426 3494 4466 suo

258 4506 472 4577 πατρίδα
493 4505 593 4577 τὴν
614 4505 857 4577 Τρίκκην
886 4505 1344 4577 ἐπιγραφόμενος,
1368 4506 1463 4559 καὶ
1486 4504 1593 4559 ἀπὸ
1615 4505 1809 4576 θνητῆς

1916 4504 2183 4571 fabulam,
2214 4520 2325 4559 non
2355 4505 2587 4560 istorum
2626 4503 3023 4575 physiologiam
3057 4502 3368 4557 testimonio
3401 4501 3494 4570 ju-

261 4599 526 4669 ὁμολογῶν
556 4598 835 4668 γεγονέναι
875 4598 1111 4671 μητρός;
1136 4598 1261 4662 Πῶς
1295 4598 1351 4651 δὲ
1376 4599 1562 4663 Ἥλιος
1588 4598 1686 4665 ὢν,
1718 4600 1817 4653 αὐ-

260 4690 336 4755 τὸς
396 4692 495 4743 τοῦ
553 4690 730 4743 Ἠλίου
779 4690 893 4754 υίὸς
939 4690 1100 4745 πάλιν
1145 4690 1512 4763 ἀποφανθείη;
1554 4692 1676 4745 ἐπεὶ
1721 4691 1816 4745 καὶ

262 4783 337 4835 τὸν
382 4782 549 4837 αὑτοῦ
600 4784 813 4856 πατέρα
848 4783 939 4839 τὸν
979 4782 1167 4839 Φοῖϐον
1207 4786 1307 4837 οὐκ
1344 4783 1502 4839 ἄλλον
1549 4780 1688 4839 εἶναι
1720 4785 1813 4839 τοῦ

271 4873 434 4929 Ἠλίου
462 4875 908 4948 ἐφυσιολόγησαν.
950 4876 1039 4942 Ἐξ
1074 4875 1252 4931 Ἠλίου
1285 4876 1341 4930 δὲ
1372 4876 1467 4930 καὶ
1492 4875 1692 4949 θνητῆς
1719 4894 1817 4947 γυ-

262 4965 429 5029 ναικὸς
456 4967 621 5035 φάναι
649 4964 809 5019 αὑτὸν
846 4964 963 5029 πῶς
995 4964 1056 5017 οὐ
1098 4964 1313 5018 πάντων
1349 4963 1815 5032 καταγελαστότα-

261 5074 370 5122 τον;
391 5057 548 5112 Ἐπεὶ
575 5058 670 5113 καὶ
689 5058 847 5113 αὐτὸν
868 5057 961 5112 τὸν
991 5055 1201 5128 πατέρα
1226 5054 1436 5120 ”Ηλιον,
1458 5054 1516 5108 ὃν
1536 5054 1600 5125 δὴ
1622 5056 1817 5109 ’Λπόλ-

264 5148 394 5206 λωνά
437 5168 599 5221 φασιν
638 5148 806 5216 εἶναι,
840 5149 959 5214 πῶς
988 5151 1133 5214 εἰκὸς
1174 5150 1233 5203 ἐν
1266 5148 1422 5220 Δήλῳ
1462 5148 1819 5220 γεγεννῆσθαι

262 5246 319 5314 τῇ
347 5246 491 5316 νήσῳ
517 5245 623 5299 ὑπὸ
656 5244 854 5317 θνητῆς
884 5243 1042 5299 πάλιν
1076 5243 1281 5315 μητρὸς
1307 5244 1403 5315 τῆς
1432 5242 1674 5314 Λητοῦς;
1704 5242 1821 5297 Ἐν-

263 5334 426 5388 ταῦθα
465 5352 552 5407 μοι
593 5336 750 5407 τήρει
796 5336 1023 5400 ὁπόσους
1058 5334 1315 5407 Ἕλληνες
1347 5334 1501 5399 θεοὺς
1529 5333 1819 5408 γεννητοὺς

266 5426 525 5493 γυναικῶν
567 5427 943 5499 ὲθεολόγησαν,
976 5430 1057 5492 είς
1084 5428 1419 5500 παράθεσιν,
1456 5426 1510 5479 εί
1532 5443 1663 5481 ποτε
1696 5444 1819 5481 πει-

268 5521 451 5585 ρῶνται
467 5522 747 5577 σκώππειν
769 5522 869 5594 τὴν
891 5520 985 5575 τοῦ
1004 5521 1275 5596 ἡμετέρου
1302 5520 1553 5595 Σωτῆρος
1583 5521 1817 5592 γένεσιν,

331 5663 404 5733 (7)
448 5664 681 5733 Τρίκκῃ.
718 5661 1012 5719 Thessaliae
1063 5660 1321 5732 oppidum
1370 5667 1473 5729 est,
1522 5672 1667 5730 quoa
1729 5656 1818 5713 alii

274 5732 488 5795 Tricam,
518 5734 751 5803 simplici
786 5750 833 5787 c.

336 5815 410 5876 te)
452 5802 705 5860 Ἕνδοθε.
751 5805 845 5876 Γρ.
886 5802 1078 5860 ἔνδοθι.

1912 4599 2168 4668 dicioque
2226 4614 2328 4655 suo
2366 4598 2787 4668 comprobarit?
2834 4596 3185 4665 Esculapius
3218 4596 3452 4663 denique
3475 4637 3493 4663 ,

1914 4693 2191 4762 quomodo
2225 4691 2292 4745 ad
2322 4689 2501 4749 Solem
2534 4688 2873 4753 traducatur,
2911 4689 3003 4759 qui
3033 4697 3087 4742 et
3116 4686 3362 4742 Triccam
3392 4686 3495 4741 sibi

1914 4784 2147 4853 patriam
2179 4785 2436 4847 vindicet,
2467 4790 2521 4836 et
2556 4782 2772 4835 mortali
2824 4795 2883 4836 se
2930 4789 3103 4835 matre
3150 4789 3335 4833 natum
3376 4792 3498 4833 esse

1915 4875 2276 4947 pronuntiet?
2326 4875 2462 4939 lmo,
2500 4874 2545 4928 si
2582 4873 2664 4927 sol
2718 4874 2832 4942 ipse
2878 4879 3004 4939 est,
3053 4871 3326 4941 quomodo
3366 4870 3496 4926 solis

1916 4969 2060 5025 ﬁlius
2094 4983 2217 5025 esse
2261 4968 2528 5024 dicatur?
2557 4965 2693 5021 Nam
2744 4964 3012 5021 Phaabum
3061 4963 3281 5034 quidem
3325 4964 3496 5034 ipsius

1916 5070 2123 5135 patrem
2150 5102 2165 5127 ,
2198 5075 2305 5116 non
2340 5059 2509 5115 alium
2553 5073 2580 5112 a
2631 5057 2749 5114 sole
2792 5072 2915 5112 esse
2960 5054 3265 5126 physiologi
3311 5054 3501 5109 volue-

1916 5161 2065 5206 runt.
2097 5149 2279 5207 Solem
2319 5164 2483 5221 porro
2526 5146 2904 5218 IEsculapium
2935 5162 3004 5201 ex
3036 5145 3251 5200 mortali
3294 5142 3498 5200 femina

1919 5244 2248 5313 suscepisse,
2283 5242 2371 5298 cui
2404 5257 2513 5296 non
2547 5239 2794 5295 omnium
2824 5238 3062 5292 maxime
3096 5237 3383 5292 ridiculum
3415 5236 3498 5289 vi-

1919 5336 2154 5393 deatur?
2185 5332 2323 5389 Nam
2354 5335 2533 5405 ipsum
2563 5347 2781 5402 quoque
2832 5330 3013 5386 Solem
3054 5328 3361 5400 Esculapii
3401 5342 3501 5399 pa-

1920 5435 2082 5493 trem,
2118 5442 2282 5498 quem
2314 5427 2524 5482 scilicet
2552 5424 2858 5493 Apollinem
2885 5437 3007 5478 esse
3033 5422 3366 5486 defendunt,
3406 5420 3499 5477 cui

1922 5522 2136 5578 tandem
2172 5521 2226 5575 in
2258 5521 2435 5575 insula
2468 5518 2620 5585 Delo,
2657 5526 2820 5586 atque
2854 5532 2885 5571 a
2913 5515 3124 5571 Latona
3165 5513 3380 5573 mortali
3424 5510 3499 5570 sl-

1992 5658 2237 5733 (9)7Mér
2268 5659 2420 5733 γαΐα.
2592 5659 2683 5725 γᾶ,
2718 5666 2882 5733 recte.
2915 5655 3023 5733 A_I.,
3050 5654 3145 5733 γῇ,

1994 5724 2105 5802 (10)
2161 5724 2397 5801 Ἑρμῆς.
2445 5724 2648 5784 versos
2682 5729 2918 5799 postulat
2949 5725 3113 5782 inseri
3137 5724 3216 5790 ὃς.
