3890 6384
410 332 514 390 225

412 448 612 504 militer
656 456 832 503 matre
879 454 1222 518 procreatum
1265 459 1385 503 esse
1426 445 1820 516 persuadeant?
1867 444 1988 502 Ca-

415 549 588 596 terum
638 539 1006 595 animadverte
1036 538 1205 604 mihi,
1242 552 1404 608 quam
1450 536 1654 590 multos
1702 535 1877 592 Graeci
1920 553 1988 591 ex

1071 325 1340 386 EUSEBll
1377 323 1857 384 CAESARIENSIS
1899 322 2049 381 OPP.
2091 321 2272 380 PARS
2309 319 2373 379 ll.
2397 314 2984 376 —-APOLOGE'I'ICA.

3563 307 3681 359 ττι

2093 445 2175 498 ὅτι
2216 442 2274 497 δὲ
2315 439 2520 512 (11)οὒ
2560 438 2799 511 ποιητῶν
2841 439 2979 492 εἰσιν
3021 435 3077 489 αἱ
3113 431 3307 504 φωναὶ,
3348 426 3464 483 ἀλλ’
3492 421 3681 480 αὖτῶν

2095 535 2205 590 τῶν
2231 533 2368 588 θεῶν
2393 535 2449 589 αἱ
2475 533 2830 605 προκείμεναι
2856 528 3202 601 σημειώσεις.

425 619 751 673 mulieribus
780 624 991 689 genitos
1019 626 1248 673 deorum
1316 617 1371 672 in
1406 617 1529 672 loco
1576 634 1912 688 numeroque
1973 616 2274 690 posuerint,
2343 632 2402 674 ut
2435 620 2480 674 si
2523 618 2742 688 quando
2790 616 3095 672 Servatoris
3132 619 3305 670 nostri
3351 613 3661 684 generatio—

425 725 549 763 nem
577 709 753 763 ridere
783 721 1125 764 conabuntur
1148 748 1162 774 ,
1196 708 1338 761 hanc
1363 707 1429 762 iis
1479 707 1738 762 continuo
1769 708 1979 760 turbam
2019 724 2388 780 cppunanius;
2451 706 2691 776 illudque
2748 714 3026 775 praterea,
3057 719 3164 758 non
3201 711 3481 774 poetarum
3506 717 3675 759 voces

427 817 458 856 ι
489 802 666 868 nobis,
701 801 796 856 sed
825 801 1067 872 ipsorum
1095 813 1320 854 deorum
1355 803 1663 852 testimonia
1697 797 1934 853 recitari.

924 911 1079 984 125
1116 906 1344 964 CAPUT
1387 904 1499 961 xv.

424 1021 561 1075 Deos
603 1023 743 1089 ipsos
785 1018 1211 1088 philosophorum
1256 1018 1717 1089 commentationes
1767 1017 1999 1089 oraculis

497 1087 831 1160 confirmasse
853 1129 868 1152 ,
897 1099 1188 1158 pugnantes
1223 1104 1341 1141 cum
1385 1088 1586 1156 sparsis
1627 1087 1691 1141 de
1720 1103 1774 1141 se
1807 1088 2000 1156 fabulis

499 1159 780 1230 allegorias
806 1159 1106 1214 statuendo.

502 1277 575 1326 Ac
602 1282 772 1342 poetae
801 1272 1044 1341 quidem,
1074 1287 1198 1326 cum
1234 1271 1467 1336 fabulas,
1500 1279 1561 1326 ut
1590 1272 1762 1338 aiunt,
1797 1271 1864 1325 de
1897 1271 2002 1326 diis

428 1363 760 1434 confingant,
783 1350 1112 1432 philosophi.
1125 1378 1252 1415 vero
1269 1377 1449 1416 rerum
1474 1362 1803 1416 naturalium
1835 1360 2004 1414 ratio-

430 1470 530 1509 nes
559 1470 680 1509 cum
711 1454 777 1508 ad
809 1454 954 1523 ipsos
989 1451 1432 1518 accommodent;
1462 1467 1674 1521 :equum
1703 1465 1835 1508 sane
1860 1459 2004 1505 esset

430 1547 554 1601 illos
581 1545 886 1615 aspernari,
912 1545 1012 1599 hos
1039 1553 1294 1613 tanquam
1324 1543 1678 1613 philosophos
1704 1541 2000 1610 suspicere,

428 1639 768 1707 similemque
794 1651 922 1690 vero
955 1636 1336 1690 excellentium
1367 1635 1663 1705 ghomiuum
1697 1633 2000 1687 orationem

429 1730 610 1800 potius
652 1743 816 1798 quam
857 1728 1100 1798 poeticas
1131 1727 1384 1798 amplecti
1418 1740 1612 1796 nugas.
1637 1722 1793 1777 Nunc
1821 1730 2001 1777 autem

431 1835 555 1875 cum
590 1819 692 1889 ipsi
723 1834 940 1888 quoque
973 1819 1047 1873 dii
1074 1819 1129 1872 in
1163 1816 1568 1873 contentionem
1607 1831 1731 1871 cum
1764 1814 2003 1884 philoso—

428 1917 556 1987 phis
619 1923 1004 1984 certamenque
1077 1912 1447 1976 descendant,
1498 1927 1733 1981 cumque
1782 1925 1872 1964 res
1927 1907 2004 1963 illi

431 2024 582 2073 suas,
619 2009 818 2080 quibus
845 2009 1032 2078 utique
1061 2009 1305 2064 notiores
1346 2023 1424 2064 ere
1459 2015 1607 2072 sunt,
1644 2004 1881 2060 oraculis
1910 2018 2004 2058 ac-

431 2109 618 2154 curate
649 2100 915 2169 plaueque
959 2100 1224 2168 doceant,
1256 2100 1312 2154 hi
1344 2114 1473 2154 vero
1498 2098 1761 2168 quasdam
1793 2102 2001 2150 tantum

2033 893 2081 948 Α

2616 901 3009 955 ΚΕΦΑΛΔΙΟΝ
3035 901 3134 956 IE'.

2101 1017 2220 1094 Ὅζι
2237 1013 2358 1094 grai~
2377 1013 2482 1081 τὰς
2522 1014 2641 1068 τῶν
2664 1015 3028 1094 ξριλοσόφωγ
3069 1013 3314 1094 θεωρίας
3351 1012 3678 1094 ἐᾷεόαέορν

2165 1085 2260 1138 διὰ
2287 1084 2405 1138 τῶν
2448 1083 2755 1154 χρησμῶν,
2801 1084 3084 1150 ἐναντίως
3128 1085 3253 1148 τοῖς
3289 1083 3421 1152 περὶ
3464 1083 3678 1137 αὐτῶν

2166 1155 2372 1220 μύθοις
2396 1154 2896 1225 ἀλληγοροῦντες.

2162 1251 2406 1324 Ποιητῶν
2431 1250 2528 1322 μὲν
2553 1246 2665 1315 οὖν,
2689 1250 2762 1314 ὥς
2784 1267 2936 1321 φασι,
2964 1249 3165 1322 μύθους
3189 1250 3318 1322 περὶ
3340 1250 3479 1304 θεῶν
3501 1250 3686 1306 πλατ-

2090 1344 2352 1414 τομένων,
2383 1343 2684 1412 φιλοσόφων
2704 1343 2781 1406 δὲ,
2806 1342 3286 1411 φυσιολογοῦντων·
3313 1343 3449 1414 χρῆν
3478 1343 3544 1416 δή
3571 1361 3686 1397 που

2091 1435 2314 1498 εἰκότως
2339 1435 2446 1489 τῶν
2489 1435 2586 1506 μὲν
2614 1438 2993 1505 καταφρονεῖν,
3023 1436 3148 1498 τοὺς
3170 1434 3229 1488 δὲ
3265 1433 3574 1506 θαυμάζειν
3600 1437 3688 1501 ὡς

2090 1527 2444 1598 φιλοσόφους,
2479 1528 2574 1580 καὶ
2618 1527 2817 1598 μᾶλλον
2855 1526 2961 1580 τῶν
3004 1525 3301 1598 ποιητικῶν
3342 1525 3526 1599 λήρων
3575 1529 3688 1592 τὰς

2090 1619 2199 1673 τῶν
2225 1618 2546 1690 κρειττόνων
2578 1619 2894 1689 ἐκδέχεσθαι
2919 1619 3319 1688 πιθανολογίας.
3353 1621 3504 1675 Θεῶν
3533 1621 3584 1675 δ’
3609 1619 3690 1677 αὖ

2091 1711 2252 1765 πάλιν
2279 1711 2372 1764 καὶ
2399 1711 2699 1780 φιλοσόφων
2728 1713 2807 1774 είς
2835 1711 3066 1783 ἅμιλλαν
3091 1714 3405 1779 κατιόντων,
3431 1717 3528 1769 καὶ
3559 1717 3686 1770 τῶν

2095 1805 2194 1876 μὲν
2219 1806 2308 1859 ἐπὶ
2335 1809 2602 1877 χρησμοῖς
2640 1806 2710 1858 τὰ
2735 1805 2855 1859 καθ’
2880 1808 3124 1872 ἑαυτοὺς,
3154 1806 3229 1871 ὡς
3255 1807 3322 1862 ἂν
3361 1809 3567 1880 μᾶλλον
3599 1812 3691 1864 εί-

2092 1898 2278 1966 δότων,
2308 1898 2546 1970 ἀκριϐῶς
2573 1898 2947 1962 διδασκόντων,
2980 1900 3088 1954 τῶν
3115 1901 3172 1954 δὲ
3199 1902 3280 1966 εἰς
3304 1902 3691 1974 ἀσυμφώνους

2095 1992 2191 2046 καὶ
2238 1990 2657 2054 ἀναποδείκτους
2703 1991 3074 2063 εὑρεσιλογίας
3124 1992 3224 2056 τὰς
3274 1996 3405 2066 περὶ
3454 1990 3531 2050 ὧν
3604 1999 3688 2069 μὴ

2095 2084 2273 2137 ῐσασιν
2315 2082 2568 2146 ὑπονοίας
2622 2085 3090 2155 περιτρεπόντων⁸
3144 2087 3285 2140 τίσιν
3345 2089 3460 2158 ὲρεί
3513 2088 3692 2158 λόγος

430 2191 499 2246 iis
528 2191 596 2245 de
644 2191 807 2245 rebus
839 2191 1178 2260 suspiciones
1203 2233 1218 2257 ,
1249 2203 1390 2261 quas
1417 2189 1641 2245 minime
1687 2193 1995 2258 perspectas

2105 2175 2405 2240 πείθεσθαι;
2434 2178 2503 2229 Ἢ
2544 2174 2700 2229 τοῦτο
2744 2177 2863 2230 οὐδὲ
2895 2179 3106 2250 ἐρωτᾷν
3155 2179 3337 2248 diem;
3368 2181 3430 2234 Εἰ
3474 2181 3540 2252 δὴ
3579 2181 3689 2236 οὖν

432 2282 653 2345 habent,
695 2281 748 2335 in
782 2282 1048 2337 absurdas
1089 2297 1153 2337 ac
1185 2281 1367 2338 futiles
1408 2281 1840 2351 disputationum
1886 2277 1995 2332 inc-

2105 2267 2447 2338 ὶληθεύουσιν
2484 2269 2533 2320 οἱ
2586 2266 2699 2320 θεοὶ
2731 2268 3022 2339 κυροῦντες
3057 2270 3152 2333 τὰς
3196 2272 3325 2343 περὶ
3359 2273 3540 2326 αὐτῶν
3582 2275 3692 2329 ἀν-

431 2382 584 2445 ptias
640 2373 961 2430 conferant:
1020 2375 1161 2432 utris
1205 2375 1432 2430 obsecro
1484 2373 1646 2427 [idem
1699 2367 2001 2424 habendam

434 2478 559 2517 esse
590 2463 730 2516 ratio
762 2463 1032 2518 suadeat?
1057 2466 1196 2532 lmo,
1227 2465 1508 2534 indignum
1535 2469 1682 2516 certe
1711 2458 1874 2514 fuerit
1920 2457 2006 2511 vel

434 2552 540 2607 hoc
576 2567 836 2622 quaerere.
875 2553 979 2609 Sed
1013 2564 1212 2617 tamen,
1249 2554 1293 2609 si
1324 2553 1397 2608 dii
1438 2566 1629 2608 verum
1671 2549 1880 2612 dicunt,
1907 2544 2002 2615 qui

432 2644 538 2700 sibi
586 2643 719 2713 ipsis
763 2644 1050 2700 attributos
1098 2637 1352 2700 humanae
1403 2640 1737 2698 conditionis
1771 2635 2002 2692 alfectus

431 2733 976 2804 perturbationesque
1018 2733 1582 2799 confirmant;vanos
1630 2729 1889 2785 continuo
1937 2737 2000 2777 ac

2095 2358 2531 2430 θρωποπαθείας,
2566 2357 2780 2429 ψευδεῖς
2809 2359 2874 2414 ἂν
2909 2356 3016 2415 εἶεν
3044 2363 3093 2414 οἱ
3127 2362 3443 2429 ἀθετοῦντες
3470 2365 3683 2429 αὑτάς·

2093 2453 2140 2503 εἰ
2169 2449 2223 2502 δὲ
2252 2449 2360 2504 τῶν
2386 2448 2687 2518 φιλοσόφων
2718 2451 2937 2523 ἀληθεῖς
2971 2453 3031 2506 αἱ
3060 2453 3420 2523 φυσιολογίαι,
3445 2454 3688 2525 ψευδεῖς

2093 2541 2159 2596 ἂν
2185 2540 2424 2612 γένοιντο
2449 2557 2506 2597 αι
2529 2543 2634 2596 τῶν
2662 2543 2798 2600 θεῶν
2825 2546 3141 2620 μαρτυρίαι.
3180 2547 3340 2602 Ἀλλὰ
3359 2550 3452 2604 καὶ
3485 2551 3689 2618 αὐτὸς,

2093 2635 2238 2688 εἴποι
2268 2651 2374 2698 τις,
2406 2636 2435 2688 ό
2466 2635 2737 2691 Ἀπόλλων
2783 2639 2887 2712 ἔφη
2917 2659 3018 2695 που
3049 2643 3108 2696 ἐν
3141 2647 3412 2714 χρησμοῖς
3457 2645 3694 2716 ἐρωτη-

2096 2721 2210 2785 θεὶς
2244 2725 2372 2796 περὶ
2400 2726 2562 2780 αὑτοῦ
2592 2728 2738 2789 ὅστις
2771 2726 2878 2792 εἴη.

426 2799 715 2866 mendaces
763 2799 904 2872 esse;
939 2811 1032 2877 qui
1077 2826 1172 2868 eas
1212 2824 1501 2882 respuunt,
1547 2831 1771 2872 necesse
1823 2821 1907 2868 est
1957 2826 1974 2865 :
2013 2814 2096 2864 sln
2137 2816 2319 2863 autem
2369 2823 2494 2863 vera
2543 2807 2989 2878 philosophorum
3028 2802 3362 2874 physiologia
3400 2810 3520 2867 est,
3555 2799 3706 2857 falsa

428 2895 652 2951 deorum
687 2907 808 2946 esse
855 2897 1163 2960 leslimouia
1199 2905 1467 2970 sequitur.
1503 2905 1686 2975 Atqui,
1719 2901 1863 2955 dicat
1900 2900 2062 2955 etiam
2094 2899 2311 2970 aliquis,
2348 2899 2539 2970 Apollo
2573 2901 2687 2967 ipse
2729 2897 3013 2955 consultus
3042 2895 3336 2967 aliquando
3366 2893 3492 2964 qui:
3521 2903 3712 2964 esset,

442 2980 546 3031 hoc
579 2982 824 3052 responsi
849 2981 1014 3051 dedit,

468 3089 582 3165 Sol,
610 3096 846 3168 idemque
879 3097 1075 3166 Herus,
1109 3098 1244 3167 Rex,
1272 3097 1532 3163 Bacchus,
1571 3097 1764 3165 Osiris,
1793 3095 1995 3166 Apollo,

2113 3089 2340 3154 Ἥλιος,
2371 3083 2573 3158 τΩρος,
2606 3090 2854 3157 Ὄσιρις,
2890 3090 3088 3154 ’Λναξ,
3113 3093 3423 3168 Διόνυσος,
3473 3091 3696 3168 Ἀπόνι-

470 3224 623 3299 Idem
651 3227 830 3291 horas,
873 3230 1096 3299 annique
1120 3232 1273 3293 vices,
1308 3239 1482 3284 ventos
1507 3229 1834 3299 pluviasque,

469 3296 792 3366 Aurorwque
817 3315 958 3366 rego,
995 3296 1040 3352 et
1072 3301 1295 3352 stellam:
1328 3296 1777 3364 noctis-habenas,

468 3364 583 3418 Rex
611 3364 767 3419 simul
797 3364 1083 3435 astrorum,
1115 3370 1273 3424 simul
1304 3369 1618 3423 immortalis
1644 3380 1694 3422 et
1725 3370 1894 3440 Ignis.

433 3475 577 3547 Ergo
597 3479 671 3533 dii
696 3495 816 3535 cum
849 3481 1010 3534 iidem
1043 3491 1096 3535 et
1120 3491 1399 3551 poetarum
1432 3483 1650 3550 fabulis,
1677 3497 1730 3540 et
1759 3485 2001 3556 philoso-

430 3569 662 3639 phorum
686 3572 1090 3641 suspicionibus
1111 3575 1481 3630 testimonium
1502 3578 1799 3648 adjungant
1816 3593 1998 3643 suum,

437 3659 602 3714 simul
632 3659 873 3728 profecto
898 3661 1344 3719 dissentientibus
1372 3667 1850 3737 pugnantibusque
1876 3682 2004 3721 con-

433 3749 694 3803 sentiunt.
759 3749 1050 3806 Enimvero
1083 3755 1129 3808 si
1167 3755 1426 3810 mortales
1461 3756 1560 3812 sibi
1593 3767 1794 3811 matres
1831 3755 2004 3810 vindi-

429 3847 578 3903 cant,
614 3856 842 3912 seseque
889 3851 1101 3898 terrena
1136 3860 1203 3900 ex
1249 3848 1424 3916 patria
1473 3857 1630 3904 natos
1720 3848 2000 3916 fatentur,

429 3935 702 4001 quomodo
747 3934 1016 4004 ejusmodi
1050 3953 1169 3992 esse
1212 3948 1499 4008 poterunt,
1557 3939 1746 4010 quales
1778 3943 2001 4013 physio-

431 4023 679 4093 logorum
707 4041 803 4081 ore
830 4028 1171 4082 celebrantur
1194 4031 1216 4083 ?
1245 4030 1442 4086 Demus
1481 4031 1786 4102 Apollinem
1817 4033 1998 4089 Solem

431 4128 575 4175 esse,
605 4111 820 4175 (rursus
845 4118 992 4172 enim
1019 4120 1246 4174 istorum
1275 4124 1450 4176 oratio
1474 4138 1693 4178 sursum
1724 4125 2002 4179 deorsum-

429 4218 535 4272 que
567 4202 765 4272 jactata
799 4209 1048 4263 eumdem
1082 4209 1136 4264 in
1167 4211 1429 4266 circulum
1465 4214 1641 4270 redire
1692 4223 1948 4284 cogetur,
1978 4213 1998 4285 )

428 4296 708 4364 quomodo
741 4297 906 4367 igitur
929 4300 1085 4358 Delos
1107 4301 1316 4370 insula,
1346 4319 1509 4373 quam
1545 4305 1599 4359 in
1633 4306 1812 4360 medio
1861 4308 1997 4360 mari

427 4397 726 4441 exstantem
745 4390 1007 4460 hodieque
1021 4395 1483 4470 ceruimus,126
1498 4400 1638 4454 Solis
1650 4399 1843 4470 patria,
1862 4415 1998 4470 quo-

428 4479 589 4533 modo
619 4479 820 4534 Latona
849 4492 1020 4537 mater
1046 4484 1286 4554 ejusdem
1310 4491 1446 4544 erit?
1468 4491 1586 4561 Ipse
1611 4493 1752 4546 enim
1783 4499 1991 4547 utrum-

425 4584 532 4637 que
562 4586 747 4624 verum
779 4587 919 4638 esse,
954 4576 1068 4630 suis
1103 4577 1265 4645 paulo
1286 4589 1413 4637 ante
1439 4583 1674 4639 oraculis
1700 4587 1994 4640 conlirma-

425 4659 536 4714 bat.
589 4659 873 4726 Quomodo
914 4665 1145 4736 denique
1179 4667 1554 4741 {Esculapium
1595 4674 1737 4729 idem
1773 4678 1991 4732 mortali

425 4761 618 4805 natura
650 4754 934 4822 praeditum
973 4771 1038 4811 ex
1068 4761 1286 4813 mortali
1315 4778 1534 4834 quoque
1581 4764 1781 4821 femina
1806 4783 1992 4824 susce-

423 4843 502 4912 pit
528 4844 551 4896 ?
581 4842 780 4899 Verum
816 4847 914 4902 ista
941 4851 1436 4918 praetermittamus.
1618 4851 1628 4862 ’

987 4941 1213 4995 CAPUT
1261 4944 1398 4999 XVI.

424 5025 572 5080 Ftert
609 5046 710 5104 non
739 5048 907 5100 posse,
941 5044 998 5086 ut
1029 5037 1213 5088 mundi
1253 5049 1448 5104 partes,
1477 5048 1569 5091 aut
1598 5039 1790 5097 divina
1824 5043 1989 5094 virtu-

499 5108 594 5179 tes.
633 5101 1003 5179 illecebrarum
1051 5101 1354 5179 necessitate
1387 5109 1749 5179 deducantur,
1783 5122 1834 5167 et
1865 5130 1990 5166 con-

494 5167 783 5225 sulentibus
812 5190 903 5241 per
926 5175 1143 5228 oracula
1174 5179 1533 5245 respondeant.

495 5344 785 5403 Enimvero
812 5350 974 5421 hujus
1018 5355 1224 5410 oraculi
1258 5357 1470 5415 vanitas
1503 5359 1605 5414 alia
1639 5375 1854 5431 quoque
1899 5378 1988 5418 ra-

492 5476 602 5548 (H)
645 5479 762 5560 "Qu.
795 5481 879 5560 se.
921 5483 1071 5560 Alter
1119 5504 1148 5541 e
1201 5505 1500 5555 manuscr.,
1555 5493 1650 5545 καὶ
1692 5493 1795 5548 ὅτι.
1830 5493 1987 5560 Quod

421 5561 552 5635 sane
595 5550 794 5635 melius
835 5553 1172 5635 duosltosce
1197 5576 1404 5635 versus,
1437 5550 1986 5635 ιιέίιυοοιι-σηᾷειώ-

421 5633 555 5702 σεις,
583 5633 706 5672 cum
741 5630 1035 5702 superioris
1059 5630 1249 5697 capitis
1279 5630 1383 5702 line
1415 5630 1674 5687 contexit.
1709 5630 1829 5702 Nec
1850 5637 1983 5690 mihi

421 5687 643 5743 dubium
690 5701 772 5745 est
812 5687 946 5761 quin
997 5687 1227 5766 sequens
1278 5701 1345 5756 ab
1377 5702 1482 5759 illis
1511 5713 1719 5758 tantum
1754 5687 1976 5762 vocibus

3351 3163 3500 3223 λων,

2121 3229 2305 3295 Ὡρῶν
2329 3232 2427 3285 καὶ
2451 3231 2668 3299 καιρῶν
2691 3233 2920 3300 ταμίης,
2949 3231 3185 3299 ἀνέμων
3208 3246 3272 3283 τε
3297 3158 3694 3297 κάἷαὲἱὶὁὶροη,

2119 3301 2297 3366 Ἠοῦς
2323 3302 2419 3355 καὶ
2456 3301 2675 3367 νυκτὸς
2701 3302 3111 3368 πολυαστέρος
3142 3300 3282 3366 ἠνία
3319 3301 3551 3368 νωμῶν,

2105 3370 2460 3441 Ζαέρλεγιέων
2483 3373 2719 3440 ἄστρων
2742 3371 3059 3437 βασιλεὺς,
3090 3370 3182 3438 ἡδ’
3211 3369 3512 3425 ἀθάνατον
3535 3369 3694 3438 περ.

2105 3484 2317 3538 Οὐκοῦν
2359 3486 2407 3538 οἱ
2452 3487 2603 3539 αὐτοὶ
2636 3487 2728 3540 καὶ
2776 3489 2886 3550 τοῖς
2914 3484 3022 3538 τῶν
3055 3484 3293 3556 ποιητῶν
3341 3483 3531 3555 μύθοις
3587 3485 3701 3538 καὶ

2103 3579 2222 3637 ταῖς
2271 3575 2380 3629 τῶν
2413 3576 2713 3645 φιλοσόφων
2765 3577 3039 3641 ὑπονοίαις
3081 3577 3466 3646 συμφέρονται,
3510 3592 3696 3645 μαχο·

2106 3667 2287 3737 μένοις
2327 3670 2719 3739 συνιστάμενοι.
2755 3670 2818 3722 Εί
2852 3669 2960 3740 γὰρ
3011 3668 3251 3739 μητέρας
3280 3666 3696 3737 ἐπιγράφοντα

2105 3759 2325 3827 θνητὰς,
2363 3761 2458 3815 καὶ
2495 3760 2760 3832 πατρίδας
2797 3759 2895 3824 τὰς
2931 3761 3025 3812 ἐπὶ
3053 3758 3157 3828 γῆς
3185 3757 3525 3828 ὁμολογοῦσι,
3561 3757 3695 3821 πῶς

2101 3852 2167 3906 ἂν
2195 3849 2302 3906 εἷεν
2334 3853 2480 3917 οἴους
2513 3851 2950 3924 φυσιολογοιῖσινς
2985 3852 3163 3904 Ἔστω
3189 3848 3293 3922 γὰρ
3334 3849 3362 3900 ὁ
3400 3847 3690 3904 Ἀπόὶλων

2103 3941 2510 4016 Ἥλιοςο(πὰλιν
2535 3944 2642 4017 γὰρ
2673 3945 2784 4000 ἄνω
2818 3945 2910 3998 καὶ
2942 3944 3091 3997 κάτω
3128 3945 3207 4005 εἰς
3239 3940 3306 3994 τὰ
3335 3938 3475 3994 αὐτὰ
3517 3956 3694 4010 περι-

2100 4053 2310 4110 τρεχων
2343 4039 2524 4103 αὐτοῖς
2543 4042 2587 4093 ηὸ
2615 4039 2768 4106 λόγος
2799 4035 3134 4107 ἁλώσεταιο)
3166 4033 3282 4097 πῶς
3321 4028 3412 4086 οὖν
3441 4033 3475 4102 ἡ
3507 4031 3692 4101 Δῆλος

2099 4129 2134 4198 ή
2183 4127 2323 4180 κατὰ
2375 4127 2646 4182 θάλασσαν
2698 4126 2866 4180 εἰσέτι
2911 4124 3004 4179 νῦν
3057 4122 3458 4197 προφαινομένη
3510 4121 3692 4192 νῆσος

2100 4219 2294 4288 γένοιτ’
2331 4219 2396 4272 ἂν
2429 4218 2520 4272 τοῦ
2580 4219 2758 4273 Ἡλίου
2802 4219 3020 4290 πατρὶς,
3076 4217 3256 4288 μήτηρ
3304 4214 3359 4266 δὲ
3403 4215 3436 4284 ἡ
3473 4211 3688 4283 Aqui);

2100 4310 2267 4363 Ταυτὶ
2299 4310 2406 4381 γὰρ
2456 4312 2656 4383 ἀρτίως
2680 4311 2906 4382 ὲκύρουν
2933 4309 3008 4372 ὼς
3034 4308 3208 4378 ἁληθῆ
3245 4324 3306 4375 γε
3332 4305 3455 4358 ὄντα
3485 4307 3535 4358 οἱ
3579 4307 3691 4360 αὖ-

2103 4402 2196 4456 τοῦ
2243 4403 2499 4473 χρησμοί.
2552 4402 2677 4465 Πῶς
2716 4401 2772 4454 δὲ
2813 4402 2907 4455 καὶ
2951 4401 3045 4453 τοῦ
3105 4394 3428 4468 Ἀσκληπιοῦ
3477 4395 3692 4467 ἀνδρὸς

2101 4491 2296 4564 θνητοῦ
2327 4492 2424 4564 τὴν
2454 4492 2611 4563 φύσιν
2644 4491 2836 4560 γένοιτ’
2862 4491 2928 4544 ἂν
2947 4493 2975 4544 ὁ
3001 4489 3183 4553 Ἥλιος
3213 4487 3410 4559 πατὴρ,
3437 4487 3510 4538 ὲκ
3541 4483 3690 4555 θνη-

2095 4586 2196 4656 τῆς
2244 4586 2408 4640 αὐτὸν
2449 4585 2706 4655 γυναικὸς
2741 4581 3134 4654 πεποιημένος;
3181 4577 3338 4634 Ἀλλὰ
3386 4576 3687 4648 παρείσθω

2093 4694 2285 4732 ταυτα.

2596 4932 2985 4990 ΚΕΦΛΛΑΙΟΝ
3011 4931 3127 5000 πεῖ.

2095 5032 2227 5084 "Ott
2247 5027 2364 5083 τῶν
2382 5027 2694 5084 ἀδυνάτων
2722 5027 2981 5095 πέφυκε,
3007 5024 3079 5078 τὰ
3100 5021 3252 5093 μέρή
3273 5024 3377 5079 τοῦ
3404 5025 3677 5095 κόσμου,

2162 5101 2201 5170 ἢ
2233 5101 2340 5165 τὰς
2375 5100 2534 5165 θείας
2563 5097 2845 5170 δυνᾴμεις
2865 5095 3165 5170 γοητίκαῖς
3195 5095 3487 5170 gnificat;
3514 5100 3676 5152 καθ..

2161 5165 2472 5301 άὶθῖἓὲγθαι,
2525 5169 2626 5224 καὶ
2665 5165 2764 5221 διὰ
2797 5166 3085 5236 χρησμῶν
3127 5165 3249 5234 τοῖς
3280 5165 3538 5234 ἐρωτῶσι
3572 5171 3679 5224 es.

2162 5257 2253 5296 σπ
2339 5257 2416 5293 ιν.

2171 5355 2271 5414 Ϊοῦ
2295 5354 2352 5409 δὲ
2380 5352 2628 5426 χρησμοῦ
2652 5351 2714 5407 τὸ
2732 5353 2923 5424 ψεῦδος
2953 5367 3045 5404 και
3069 5348 3242 5412 ἄλλως
3268 5349 3670 5419 ἀπελεγκτὲον.

2088 5493 2338 5565 Ποιητῶν
2363 5492 2461 5564 μὲν
2489 5488 2582 5565 οὖν
2601 5491 3071 5565 inchoaridcbeat,
3098 5489 3294 5565 nam'et
3314 5490 3465 5565 nullo
3491 5506 3671 5565 sensu

2090 5561 2460 5635 praecedentes
2495 5564 2665 5617 lineas
2686 5563 2993 5632 excipiunt;
3022 5569 3074 5635 et
3108 5561 3282 5635 φωναὶ
3312 5561 3661 5635 ἱΙΙωμπροκεί-

2093 5632 2275 5762 uenat,
2306 5634 2530 5688 deorum
2579 5649 2839 5703 responsa
2873 5633 3142 5704 superiori
3171 5633 3346 5707 capite
3387 5632 3552 5687 allata
3593 5633 3681 5688 si-

2093 5723 2156 5762 un
2209 5711 2371 5759 Icant.

2089 5723 2371 5776 gntncant.
