4024 6408
236 353 324 409 229

745 497 1136 553 ΚΕΦΑἉΛΙΟΝ
1163 501 1221 553 Α⁹
1234 542 1246 553 .

232 609 346 687 Περὶ
367 605 678 687 {En-fani
694 614 899 687 πᾷεὶεις
929 616 1331 683 χρηστηρίων,
1369 616 1465 670 καὶ
1493 610 1581 671 ὧν
1606 618 1783 687 μάλι-

287 680 455 755 .ltcrfq
478 678 979 755 διατεθρύ,ί.1ητὰῖ
1024 678 1093 738 τὰ
1125 678 1373 754 ,ἇαντεῖα
1412 688 1481 739 ἐν
1522 678 1781 755 παραδό-

287 750 403 829 fore
426 750 729 818 δαιμόνων
773 750 1177 829 ἐπιφανείαιςῖ·
1218 758 1334 811 τίνι
1372 775 1435 811 τε
1478 750 1636 829 λόγῴ
1683 760 1779 814 καί

286 822 499 872 τούτων
531 824 1085 893 κατεφρονήσαμεν.

786 940 1213 994 ΠΡΟΟΙΜΙΟΝ.

280 1040 345 1093 Τὸ
373 1041 554 1113 τρίτον
585 1040 726 1111 εἶδος
758 1048 856 1119 τῆς
878 1049 1136 1104 πολυθέου
1160 1049 1385 1123 πλάνης,
1412 1054 1503 1123 ἀφ’
1535 1048 1603 1126 ἧς
1622 1052 1781 1107 δυνά-

224 1151 298 1203 μει
317 1132 405 1187 καὶ
430 1135 729 1210 εὐεργεσίᾳ
754 1138 846 1193 τοῦ
871 1138 1160 1212 Λυτρωτοῦ
1204 1144 1299 1196 καὶ
1336 1145 1587 1217 Σωτῆρος
1620 1147 1779 1219 ἡμῶν

230 1224 380 1297 Ἰησοῦ
406 1228 647 1297 Χριστοῦ
679 1232 1148 1306 ἠλευθερώθημεν,
1166 1237 1223 1288 ὲν
1238 1236 1315 1306 τῷ
1341 1240 1585 1309 τετάρτῳ
1606 1240 1779 1312 τούτῳ

221 1320 588 1389 συγγράμματι
597 1321 698 1393 τῆς
728 1326 1142 1396 Εὐαγιγελικῆς
1155 1332 1660 1401 προκαρασκευῆς
1672 1352 1781 1388 και-

219 1412 294 1483 ρὸς
322 1413 616 1481 ἀπελέγξαι
648 1416 825 1470 καλεῖ.
872 1418 1088 1490 Ἐπειδὴ
1114 1419 1222 1491 γὰρ
1246 1420 1307 1473 τὸ
1330 1423 1439 1475 πᾶν
1468 1423 1571 1495 τῆς
1599 1423 1776 1478 θεολο-

217 1504 320 1571 γίας
352 1505 526 1559 αὐτῶν
576 1502 721 1571 εἶδος
755 1510 835 1573 είς
876 1511 1004 1582 τρία
1048 1512 1407 1585 γενικώτερον
1442 1514 1769 1586 διαιροῦσιν·

214 1593 280 1655 εἰς
312 1611 365 1645 τε
394 1594 452 1647 τὸ
483 1596 742 1665 μυθικὸν,
791 1599 896 1653 ὑπὸ
926 1601 1035 1653 τῶν
1078 1602 1317 1673 ποιητῶν
1351 1606 1772 1678 τετραγῳδημέ-

215 1702 306 1751 νον,
340 1685 429 1739 καὶ
468 1689 551 1750 είς
588 1687 651 1740 τδ
686 1690 941 1758 φυσικὸν,
972 1691 1032 1744 τὸ
1060 1692 1123 1764 δὴ
1154 1693 1291 1762 πρὸς
1322 1693 1433 1747 τῶν
1469 1696 1773 1766 φιλοσόφων

214 1776 561 1847 ἐφευρημένον
585 1818 600 1842 ,
645 1778 727 1843 εἷς
776 1798 834 1834 τε
861 1782 921 1834 τὸ
968 1783 1100 1854 πρὸς
1127 1784 1233 1836 τῶν
1263 1784 1441 1855 νόμων
1478 1786 1773 1841 διεκδικού-

216 1885 369 1936 μενον,
417 1869 473 1921 ὲν
524 1870 740 1945 ἑκάστῃ
788 1874 939 1927 πόλει
976 1877 1070 1928 καὶ
1114 1874 1267 1947 χώρᾳ.
1321 1878 1769 1951 πεφυλαγμένονο

211 1959 389 2011 τούτων
408 1959 463 2011 δὲ
496 1960 647 2032 μέρη
670 1962 761 2015 δύο
788 1963 886 2035 ἤδη
922 1965 1181 2036 πρότερον
1208 1964 1297 2019 διὰ
1320 1966 1428 2020 τῶν
1450 1968 1555 2038 πρὸ
1580 1970 1767 2025 τούτου

215 2054 644 2123 σδγγραμμάτων
694 2058 825 2127 ἡμῖν
869 2056 1199 2128 ὲξήπλωται,
1233 2058 1292 2111 τό
1325 2075 1384 2111 τε
1412 2060 1701 2133 ἱστορικὸν,
1741 2065 1769 2117 ὃ

210 2144 263 2212 δὴ
292 2144 506 2213 μυθικὸν
553 2146 670 2219 (19)
720 2149 1083 2215 ἀποκαλοῦσι,
1120 2155 1214 2208 καὶ
1258 2156 1319 2209 τὸ
1362 2156 1769 2228 ἐπαναϐεϐηκὸς

209 2236 313 2298 τοὺς
355 2236 552 2305 μύθους
575 2276 593 2303 ,
630 2238 657 2291 ὃ
688 2240 751 2311 δὴ
784 2242 1043 2310 φυσικὲν,
1086 2245 1117 2315 ἢ
1170 2246 1501 2319 θεωρητικὸν
1523 2290 1537 2314 ,
1594 2249 1625 2319 ἢ
1660 2250 1767 2320 ὅπη

210 2326 322 2398 ἄλλῃ
367 2329 648 2399 χαίρουσιν
685 2336 1214 2406 προσαγορεύοντεςο
1270 2340 1460 2411 καιρὸς
1500 2340 1565 2396 ἂν
1590 2341 1675 2412 εἴη
1706 2342 1766 2394 τὸ

207 2421 363 2491 τρίτον
392 2424 483 2476 ἐπὶ
514 2425 615 2477 τοῦ
648 2426 913 2498 παρόντος
954 2430 1213 2496 διελθεῖν,
1254 2432 1409 2487 τοῦτο
1454 2434 1511 2487 δέ
1551 2437 1666 2489 ἐστι
1704 2434 1765 2488 τὸ

210 2514 329 2567 κατά
366 2515 544 2579 πόλεις
597 2519 690 2571 καὶ
738 2518 920 2589 χώρας
966 2516 1257 2587 cavam:le
1280 2525 1554 2580 πολιτικὸν
1584 2526 1764 2589 αὐτοῖς

212 2609 729 2680 προσαγορευόμενον
752 2627 766 2641 ο
816 2610 844 2663 ὃ
873 2611 966 2665 καὶ
1002 2613 1232 2684 μάλιστα
1273 2616 1409 2687 πρὸς
1447 2616 1553 2670 τῶν
1584 2616 1764 2688 νόμων

210 2694 547 2761 διεκδικεῖται,
593 2698 667 2761 ὡς
708 2698 775 2752 ἂν
816 2700 1042 2754 παλαιὸν
1088 2703 1224 2773 ὁμοῦ
1259 2706 1353 2757 καὶ
1390 2703 1635 2781 πάτριον,
1668 2708 1763 2761 καὶ

211 2787 293 2858 τῆς
320 2789 418 2841 τῶν
446 2790 888 2863 θεολογουμένων
914 2794 1193 2865 δυνάμεως
1231 2796 1457 2849 αὐτόθεν
1498 2797 1597 2870 τὴν
1637 2800 1765 2871 ἀρε-

212 2879 291 2949 τὴν
319 2881 629 2950 ῦποφαῖνον.
658 2884 1113 2957 Διατεθρύλληται
1142 2886 1271 2956 γοῦν
1302 2888 1486 2952 αὐτοῖς
1532 2893 1764 2959 μαντεῖα

210 2972 554 3043 καὶχρησμοὶ,
593 2972 953 3047 θεραπεῖαίτε
986 2980 1078 3029 καὶ
1104 2976 1319 3043 ἀκέσεις
1361 2979 1625 3033 παντοίων
1660 2999 1764 3037 πα-

213 3064 318 3127 θῶν,
351 3066 675 3139 ἐπισκήψεις
698 3086 755 3121 τε
783 3071 921 3123 κατά
948 3070 1157 3125 ἀσεϐῶν
1180 3088 1191 3102 ·
1222 3065 1295 3126 ὧν
1317 3072 1379 3145 δὴ
1410 3074 1503 3127 καὶ
1525 3073 1611 3127 διὰ
1638 3074 1759 3128 πεί-

1383 365 1707 427 ΡΒᾸΞΡΑΒ.
1750 367 2005 427 EVANG.
2048 372 2174 428 LIB.
2206 372 2293 429 IV.

1808 488 1856 546 Δ

3349 385 3454 440 950

2507 490 2736 549 CAPUT
2774 493 2813 548 ι.

1886 599 1962 654 De
1989 602 2320 657 diversarum
2341 606 2553 684 urbium
2580 608 2831 671 oraculis,
2853 610 3028 684 iisque
3053 612 3303 684 maxime,
3321 632 3453 684 quo-

1954 688 2202 746 rumpra:
2231 678 2432 729 ca'teris
2484 694 2728 746 responsa
2786 678 3150 746 celebrantur,
3196 678 3453 739 dwm'oni-

1954 742 2427 826 businexspectatu
2452 742 2573 801 sese
2597 749 2769 816 [arma
2791 742 3180 826 ostendentibus
3206 768 3224 806 :
3248 770 3453 826 quaque

1955 818 2157 867 ratione
2188 818 2432 884 permoti,
2457 834 2518 871 ea
2544 834 2745 888 quoque
2770 822 3135 888 spreverimus.

2441 930 2897 989 PROCEMIUM.

1954 1038 2231 1112 Susceptae
2250 1044 2632 1114 disputationis
2654 1049 2790 1104 ordo
2811 1052 3070 1119 postulat,
3117 1061 3177 1109 ut
3230 1055 3449 1112 tertiam

1881 1129 2027 1187 illius
2059 1134 2262 1189 erroris
2284 1145 2491 1205 partem
2522 1138 2616 1207 qui
2656 1139 2880 1194 deorum
2914 1143 3316 1200 multitudinem
3359 1148 3447 1201 in-

1880 1223 2045 1287 vexit,
2072 1224 2229 1295 130
2244 1240 2460 1296 quoque
2480 1226 2689 1282 liberati
2719 1228 3091 1301 Redemptoris
3118 1232 3450 1293 Servatoris-

1879 1329 1985 1384 que
2016 1316 2187 1371 nostri
2218 1315 2347 1371 Jesu
2386 1316 2589 1373 Christi
2615 1320 2811 1375 virtute
2833 1323 3205 1395 beneﬁcioque
3237 1343 3447 1395 sumus,

1878 1418 2075 1479 quarto
2100 1409 2206 1466 hoc
2232 1409 2651 1482 Prwparatiouis
2678 1413 3004 1486 Evangelij
3030 1420 3167 1474 libro
3197 1422 3451 1478 confute-

1877 1515 2019 1556 mus.
2052 1500 2188 1556 Cum
2218 1504 2362 1557 enim
2392 1505 2704 1561 universam
2731 1507 3009 1580 theologia:
3039 1528 3151 1566 sua:
3178 1514 3446 1569 rationein

1878 1592 1931 1645 in
1957 1592 2061 1647 tria
2086 1594 2254 1648 veluti
2286 1596 2666 1652 communiora
2692 1612 2889 1668 genera
2920 1603 3245 1671 partiamur,
3297 1605 3448 1659 fabu-

1876 1681 2077 1749 losum,
2108 1686 2252 1755 quod
2298 1696 2581 1756 poetarum
2612 1690 2861 1746 versibus
2894 1708 3065 1763 usque
3100 1696 3236 1751 adeo
3267 1696 3446 1765 jacta-

1877 1786 1990 1831 tum
2016 1786 2098 1834 est
2123 1796 2137 1845 ;
2174 1781 2441 1847 naturale,
2466 1782 2609 1851 quod
2650 1800 2679 1838 a
2709 1785 3049 1855 philosophis
3072 1788 3443 1858 excogitatum

1874 1868 2013 1937 fuit;
2049 1881 2102 1925 et
2138 1872 2291 1937 illud,
2320 1874 2462 1943 quod
2504 1875 2683 1945 legum
2720 1878 3044 1932 auctoritate
3083 1894 3331 1934 sanctum
3362 1891 3445 1937 at-

1872 1976 1977 2030 que
2000 1967 2293 2031 munitum,
2319 1964 2372 2018 in
2390 1965 2619 2035 singulis
2642 1968 2869 2024 urbibus
2901 1984 2965 2024 ac
2992 1971 3303 2040 regionibus
3330 1987 3446 2027 ser-

1870 2054 1983 2107 vari
2012 2057 2328 2112 consuevit:
2362 2073 2427 2112 ex
2460 2058 2527 2113 iis
2554 2068 2734 2114 autem
2766 2061 2875 2115 duo
2909 2061 3023 2131 jam
3067 2065 3442 2132 superioribus

1870 2146 2023 2201 libris
2058 2147 2109 2200 in
2138 2150 2382 2202 omnium
2429 2151 2603 2205 oculis
2636 2151 3008 2221 posuerimus.
3044 2169 3167 2207 cum
3222 2154 3444 2209 histori-

1869 2254 2013 2305 cum,
2032 2240 2175 2308 quod
2206 2240 2509 2297 fabulosum
2534 2244 2839 2309 nominant,
2868 2253 2981 2298 tum
3004 2246 3165 2299 etiam
3189 2247 3439 2311 alterum,

1868 2331 2011 2400 quod
2046 2331 2256 2387 fabulas
2295 2348 2486 2388 omnes
2514 2344 2827 2404 exsuperat,
2885 2337 3001 2391 sive
3061 2337 3114 2391 id
3172 2340 3438 2404 naturale,

1866 2423 1980 2476 sive
2006 2425 2445 2493 contemplationi
2490 2426 2787 2493 addictum,
2823 2430 2937 2483 sive
2970 2444 3295 2499 quocunque
3330 2431 3439 2485 alio

1866 2515 2087 2569 nomine
2110 2516 2380 2585 appellare
2405 2518 2596 2572 malint
2631 2538 2643 2573 :
2683 2520 2930 2589 sequitur
2964 2522 3213 2587 omnino,
3245 2532 3304 2576 ut
3328 2533 3440 2577 ter-

1866 2605 2001 2659 tium
2060 2606 2163 2661 hoc
2196 2608 2453 2678 deinceps
2525 2610 2802 2664 volumine
2835 2626 3249 2680 persequamur.
3303 2613 3441 2667 Illud

1867 2707 2048 2751 autem
2088 2707 2192 2765 est,
2230 2700 2375 2769 quod
2430 2699 2555 2769 quia
2584 2716 2680 2771 per
2705 2702 2949 2773 singulas
2981 2703 3231 2759 civitates
3263 2720 3327 2759 ac
3361 2722 3445 2760 re-

1867 2787 2053 2857 giones
2084 2789 2444 2844 constitutum
2474 2788 2598 2858 fuit,
2631 2791 2788 2845 civile
2813 2792 2883 2847 ab
2927 2793 2993 2849 iis
3043 2804 3390 2864 nuncupatur
3421 2812 3437 2862 ;

1866 2895 2041 2949 eoque
2072 2882 2372 2950 praesertim
2397 2882 2581 2957 legum
2606 2890 2658 2937 vi
2703 2884 3067 2956 praesidioque
3091 2887 3398 2942 defenditur
3420 2929 3438 2955 ,

1864 2973 2009 3041 quod
2048 2989 2155 3027 non
2204 2973 2489 3044 antiquum
2540 2975 2702 3029 modo
2730 2977 3076 3047 patriumque
3126 2979 3218 3045 sit,
3249 2995 3439 3035 verum

1864 3065 2026 3119 etiam
2052 3079 2268 3132 eorum,
2295 3079 2432 3136 quos
2456 3066 2561 3136 ipsi
2607 3068 2836 3122 deorum
2863 3068 2919 3123 in
2953 3069 3073 3124 loco
3102 3086 3439 3142 numeroque

213 3170 296 3224 ρας
321 3156 483 3211 ἐλθεῖν
509 3160 835 3227 φάσκοντες,
868 3157 925 3215 εὖ
959 3162 1104 3232 μάλα
1137 3163 1464 3219 πεπείκασιν
1510 3166 1756 3231 ἑαυτοὺς,

1864 3166 2096 3227 ponunt,
2118 3157 2295 3213 virtus
2326 3166 2487 3228 atque
2509 3159 2770 3229 potentia,
2808 3159 2911 3215 hoc
2942 3170 3200 3232 tanquam
3236 3163 3313 3217 rei
3344 3178 3441 3233 per

211 3248 266 3300 τὶι
287 3248 391 3302 θεῖα
413 3251 712 3322 τιμῶντας,
745 3253 814 3306 τά
848 3254 1031 3308 δίκαια
1073 3256 1368 3331 πράττειν·
1410 3259 1558 3329 ἡμᾶς
1594 3259 1650 3313 δὲ
1692 3260 1759 3315 τά

212 3338 413 3409 μέγιστα
438 3342 681 3407 ἀσεϐεῖν,
700 3344 799 3408 τὰς
822 3344 993 3408 οὕτως
1012 3347 1273 3417 ἐμφανεῖς
1292 3347 1386 3400 καὶ
1406 3347 1760 3420 εὐεργετικάς

210 3429 439 3502 δυνάμεις
470 3435 533 3488 ἐν
554 3435 726 3489 οὐδενὶ
757 3436 899 3508 λόγῳ
925 3437 1261 3509 τιθεμένους,
1284 3438 1541 3510 ἄντικρυς
1564 3440 1619 3493 δὲ
1650 3456 1757 3495 πα-

216 3525 552 3593 ρανομοῦντας
572 3544 586 3558 ·
613 3527 730 3581 δέον
767 3529 942 3583 σέϐειν
970 3530 1199 3584 ’ἑκαστον
1230 3529 1299 3584 τὰ
1331 3531 1536 3603 πάτρια
1555 3572 1570 3597 ,
1623 3532 1757 3603 μηδὲ

213 3617 356 3667 κινεῖν
382 3616 446 3669 τὰ.
467 3617 724 3689 ἀκίνητα,
764 3625 993 3690 στοιχεῖν
1022 3618 1077 3673 δὲ
1099 3620 1193 3674 καὶ
1220 3620 1517 3690 ἐφέπεσθαι
1553 3623 1619 3693 τῇ
1648 3621 1759 3676 τῶν

213 3711 547 3783 προπατόρων
605 3711 887 3784 εὐσεϐείᾳ,
945 3711 1081 3765 ἀλλὰ
1146 3712 1220 3784 μὴ
1281 3712 1755 3785 πολυπραγμονεῖν

214 3802 351 3873 ἔρωτι
382 3806 747 3877 καινοτομίας.
784 3803 969 3877 Ταύτῃ
1005 3802 1134 3872 γοῦν
1179 3821 1339 3873 φασιν
1378 3805 1614 3872 ἐπαξίως
1662 3805 1757 3859 καὶ

215 3897 412 3951 θάνατον
443 3900 548 3953 ύπὺ
594 3898 699 3952 τῶν
728 3899 907 3969 νόμων
936 3898 1167 3969 ὡρίσθαι
1213 3902 1326 3962 τοῖς
1375 3897 1757 3971 πλημμελοῦσι

212 3988 297 4056 τὴν
320 3989 535 4059 ζημίαν.
572 3990 645 4042 Τὸ
677 3990 772 4061 μὲν
796 3984 889 4043 οὖν
914 3987 1128 4060 πρῶτον
1164 3990 1433 4062 ἱστορικόν
1465 4007 1526 4042 τε
1570 3989 1629 4043 ὃν
1662 3990 1755 4042 καὶ

213 4074 408 4141 μυθικὸν
440 4078 542 4147 τῆς
575 4077 849 4146 θεολογίας
874 4075 1010 4142 εἶδος
1029 4121 1043 4145 ,
1071 4080 1179 4149 ὅπη
1208 4097 1290 4143 τις
1321 4079 1563 4149 βούλεται
1588 4097 1753 4163 ποιηοι

211 4160 299 4214 τῶν
322 4164 574 4219 τιθέσθωσ
602 4166 789 4239 ῶσπερ
817 4163 910 4221 οῦν
939 4170 1033 4222 καὶ
1061 4170 1359 4240 φιλοσόφων
1382 4172 1441 4224 τὸ
1473 4170 1743 4242 δεύτερον,

214 4252 284 4304 διὰ
307 4255 396 4325 τῆς
422 4258 530 4311 τῶν
575 4259 757 4329 μύθων
800 4263 1177 4333 φυσικωτέρας
1208 4263 1527 4335 ἀλληγορίας
1567 4263 1747 4333 ἀπηγ-

215 4347 461 4418 γελμένον·
490 4352 552 4405 τὸ
576 4352 632 4425 ξε
662 4352 842 4423 τρίτον
859 4395 874 4419 ,
903 4354 931 4407 ὃ
957 4355 1049 4407 καὶ
1081 4356 1213 4426 πρὸς
1239 4355 1345 4408 τῶν
1379 4355 1650 4426 ἀρχόντων
1672 4354 1748 4418 ὡς

221 4439 273 4491 ἂν
298 4446 509 4500 παλαιὸν
532 4448 663 4517 ὁμοῦ
684 4450 778 4501 καὶ
798 4447 1088 4508 πολιτικὸν,
1112 4448 1367 4517 τιμητέον
1387 4465 1444 4500 τε
1467 4448 1561 4501 καὶ
1588 4448 1752 4515 φυλα-

1861 3264 1921 3305 sc
1947 3250 2118 3319 ipsam
2136 3250 2409 3320 loquentis
2436 3250 2753 3305 testimonio
2769 3251 3096 3308 declaretur.
3125 3253 3436 3319 Enimvero,

1860 3343 2070 3413 pridem
2102 3343 2245 3413 apud
2265 3343 2398 3398 istos
2430 3342 2648 3397 oracula
2676 3342 2924 3412 quaedam
2955 3352 3119 3415 atque
3150 3360 3434 3415 responsa,

1861 3435 2174 3489 morborum
2210 3435 2390 3489 omnis
2422 3438 2636 3506 generis
2668 3437 3004 3505 curationes,
3031 3438 3301 3508 illamque
3324 3453 3438 3493 caa-

1860 3527 1989 3582 litus
2018 3528 2072 3582 in
2096 3526 2293 3598 impios
2328 3527 2664 3597 gravissima:
2684 3528 3023 3585 calamitates
3060 3530 3435 3597 celebrantur;

1861 3637 1983 3693 qua:
2003 3621 2133 3676 dum
2158 3636 2215 3676 se
2243 3621 2393 3690 ipsos
2418 3622 2582 3676 etiam
2622 3621 2958 3691 experientia
2982 3637 3145 3677 nosse
3178 3623 3439 3692 proﬁten-

1861 3721 1970 3779 tur,
1997 3722 2110 3766 tum
2141 3726 2269 3765 vero
2291 3710 2415 3780 jure
2444 3711 2547 3766 sibi
2579 3711 2835 3765 nimirum
2855 3711 3203 3780 persuadent,
3229 3727 3287 3767 se
3308 3712 3433 3782 qui-

1860 3804 2005 3867 dem,
2036 3802 2183 3873 quod
2213 3806 2344 3858 deos
2371 3802 2576 3869 colant,
2623 3803 2773 3873 juste
2811 3802 3037 3856 omnino
3062 3801 3281 3859 facere:
3331 3820 3433 3860 nos

1860 3902 2040 3948 autem
2064 3892 2355 3948 admodum
2388 3893 2573 3962 impie,
2605 3894 2696 3962 qui
2730 3902 2839 3945 tam
2872 3902 3186 3961 perspectas
3231 3892 3435 3948 benen-

1859 3997 2061 4053 easque
2088 3982 2316 4038 virtutes
2344 3982 2498 4036 nihili
2538 3981 2845 4047 faciamus;
2878 3981 3120 4051 adeoque
3152 3982 3296 4053 leges
3332 3999 3431 4053 pa-

1857 4076 1965 4130 lam
1991 4090 2022 4129 a
2053 4075 2212 4129 nobis
2238 4083 2530 4144 aperteque
2558 4073 2788 4138 violari,
2822 4088 2945 4128 cum
2980 4073 3188 4143 patrios
3234 4090 3430 4144 quem-

1857 4183 1964 4239 que
1990 4167 2129 4222 ritus
2153 4166 2405 4237 religiose
2433 4166 2614 4221 colere
2650 4173 2875 4235 oportea
2909 4195 2924 4219 ν
2984 4172 3159 4226 neque
3226 4162 3429 4221 intacta

1857 4260 2061 4315 dudum
2098 4258 2341 4314 instituta
2369 4257 2692 4323 convellere,
2719 4256 2812 4311 sed
2842 4256 3049 4327 pressis
3078 4257 3237 4327 quasi
3262 4259 3432 4314 vesti-

1858 4353 1960 4424 giis
1994 4352 2262 4423 majorum
2296 4350 2549 4420 pietatem
2591 4350 2663 4405 ita
2691 4350 3017 4412 consectari,
3047 4349 3184 4403 nihil
3213 4357 3272 4404 ut
3298 4365 3433 4419 pra:-

1857 4454 2004 4500 terea
2056 4458 2240 4499 rerum
2275 4458 2538 4498 novarum
2596 4442 2779 4497 studio
2829 4441 3101 4496 curiosius
3147 4442 3428 4497 moliatur.

215 4535 343 4588 κτέον
379 4535 515 4593 εἶναι
561 4539 992 4610 νενομοθέτηται,
1023 4540 1159 4611 μήτε
1184 4555 1268 4601 τις
1292 4538 1551 4610 ποιητῶν,
1597 4538 1748 4608 φασὶν

1864 4538 2036 4606 Quare
2064 4551 2281 4607 pmnam
2312 4536 2475 4590 etiam
2508 4535 2700 4605 capitis
2728 4536 2784 4589 in
2818 4535 2984 4606 hujus
3019 4535 3271 4590 maleﬁcii
3302 4550 3429 4590 reos

218 4629 329 4697 μήτε
357 4631 652 4701 φιλοσόφων
682 4632 901 4685 κινείτω
924 4648 938 4663 ο
971 4634 1083 4695 τοῖς
1110 4631 1156 4684 δ’
1188 4632 1251 4684 ὲκ
1281 4630 1511 4686 παλαιοῦ
1543 4634 1751 4703 κρατή-

216 4736 316 4773 σασι
358 4723 571 4796 θεσμοῖς
611 4726 668 4778 ἔν
705 4742 765 4778 τε
807 4726 994 4797 ἀγροῖς
1033 4725 1126 4779 καὶ
1159 4724 1343 4778 πόλεσι
1390 4726 1595 4796 μενέτω
1642 4728 1752 4791 πᾶς

216 4814 425 4884 στοιχῶν,
462 4818 647 4889 νόμοις
692 4818 941 4888 πατρίοις
969 4817 1306 4889 πειθόμενος.
1360 4818 1502 4889 Πρὸς
1551 4818 1615 4889 δὴ
1656 4816 1751 4872 οῦν

214 4904 353 4960 ταῦτα
381 4912 565 4981 καιρὸς
597 4910 884 4964 ἀποδοῦναι
908 4911 999 4963 τὸν
1025 4912 1153 4982 παρ’
1181 4912 1314 4981 ἡμῖν
1341 4910 1518 4979 λόγον,
1550 4912 1748 4965 ἀπολο-

217 5000 375 5067 γισμόν
400 5020 457 5055 τε
479 5004 734 5073 ὑποσχεῖν
766 5003 863 5074 τῆς
888 5002 981 5055 τοῦ
1032 5003 1281 5074 Σωτῆρος
1322 5003 1481 5074 ἡμῶν
1513 5004 1745 5074 εὐαγγε-

215 5090 341 5160 λικῆς
362 5096 735 5167 πραγματείας
759 5095 1253 5168 ἀντικηρυττούσης
1277 5099 1388 5159 τοῖς
1411 5099 1530 5168 είρη
1539 5096 1741 5167 μένοις,

217 5183 288 5235 καὶ
323 5191 419 5251 τοῖς
454 5189 558 5243 τῶν
595 5189 763 5243 ἐθνῶν
791 5190 1044 5244 ἁπάντων
1082 5188 1268 5260 νόμοις
1302 5188 1742 5259 ἁντινομοθετού-

217 5288 266 5344 CT‘
272 5292 308 5337 ς,

1853 4632 2001 4703 juste
2045 4630 2256 4700 legibus
2313 4628 2668 4684 constitutam
2712 4642 2833 4682 esse
2882 4627 3255 4698 pronuntiant.
3290 4625 3426 4680 Nam

1856 4723 2094 4793 primum
2123 4737 2254 4778 sane
2288 4721 2573 4788 theologia:
2600 4720 2919 4776 historicum
2942 4718 3320 4774 fabulosumve
3346 4733 3431 4787 ge-

1856 4828 1982 4878 nus,
2015 4829 2116 4869 suo
2167 4822 2325 4884 poeta
2378 4814 2607 4885 quilibet
2666 4813 2833 4882 ﬁngat
2878 4812 3147 4865 arbitrio:
3196 4811 3427 4866 alterum

1857 4908 1984 4963 item
2011 4909 2163 4973 illud,
2197 4908 2423 4978 propius
2464 4907 2531 4961 ad
2582 4914 2835 4961 naturam
2898 4904 3185 4975 allegorica
3214 4903 3428 4957 fabula-

1852 5014 1975 5053 rum
2009 4999 2367 5069 explicationc
2398 4996 2731 5063 traductum,
2768 4995 3217 5066 philosophorum
3245 4993 3428 5048 disce-

1852 5092 2188 5164 ptationibus
2216 5091 2580 5161 permittatur.
2613 5088 2682 5141 At
2713 5104 2841 5143 vero
2880 5088 3098 5143 tertium
3130 5085 3253 5149 hoc,
3280 5082 3426 5153 quod

1852 5194 2039 5255 utpote
2074 5183 2519 5253 antiquissimum
2545 5195 2609 5237 ac
2630 5180 2787 5236 civile
2815 5180 3059 5250 ipsorum
3086 5176 3249 5230 etiam
3278 5174 3426 5244 prin-

1852 5282 2031 5349 cipum
2057 5276 2268 5346 legibus
2302 5274 2537 5330 retinere
2574 5281 2629 5329 et
2660 5274 2949 5328 observare
2993 5269 3249 5339 iubemur
3273 5310 3290 5336 ,
3324 5284 3426 5323 nec

219 5382 472 5444 poetarum,
508 5377 781 5448 inquiunt,
818 5392 918 5433 nec
967 5376 1416 5448 philosophorum
1480 5373 1624 5429 ullus
1679 5376 1951 5446 attingat:
1988 5372 2081 5426 sed
2127 5370 2221 5441 qui
2251 5368 2363 5439 jam
2396 5368 2525 5462 olim
2558 5377 2667 5422 tam
2703 5366 2758 5419 in
2790 5365 2956 5462 agris,
2994 5376 3157 5462 quam
3277 5359 3429 5461 urbi-

217 5462 295 5519 bus
313 5469 430 5523 ritus
458 5471 715 5532 obtinuit,
740 5471 806 5525 ad
827 5486 951 5528 eum
982 5476 1293 5523 constanter
1316 5480 1529 5531 omnes,
1585 5465 1779 5534 patriis
1818 5463 2020 5519 addicti
2058 5463 2289 5535 legibus,
2359 5460 2753 5516 adhaarescant.
2789 5455 2915 5511 [late
2949 5459 3110 5520 sunt,
3142 5452 3342 5522 quibus
3370 5452 3425 5503 in

217 5564 455 5621 prasentia
498 5564 578 5618 sic
630 5563 781 5633 131
815 5563 973 5618 nobis
1019 5558 1457 5632 respondendum
1519 5566 1625 5627 est,
1684 5567 1745 5612 ut
1783 5557 2080 5630 evangelici
2147 5555 2404 5624 instituti,
2443 5554 2591 5625 quod
2632 5568 2661 5607 a
2694 5550 2985 5608 Servatore
3035 5556 3224 5603 nostro
3284 5544 3423 5599 alla-

271 5716 359 5783 (l9)
401 5720 458 5768 Ὅ
511 5720 589 5786 δὴ
637 5722 912 5788 μυθικὸν,
960 5731 1064 5777 etc.
1105 5716 1343 5775 Paucula
1398 5716 1593 5782 verba,
1645 5714 1741 5772 sed
1776 5717 1934 5773 valde
1982 5717 2310 5781 necessaria,
2360 5712 2729 5784 supplevimus
2780 5725 2845 5767 ex
2898 5713 3066 5765 altero
3118 5718 3421 5769 manuscr.’

222 5798 309 5846 Olus
336 5792 481 5844 etiam
516 5792 757 5861 agnoscit
795 5791 961 5846 Mont.
