3890 6384
532 366 635 424 £3!

1207 361 1475 418 EUSEBll
1510 352 1986 415 CIESARIENSIS
2026 349 2176 404 OPP.
2217 343 2392 401 PARS
2439 341 2500 398 ll.
2526 376 2595 386 —
2620 343 3119 402 APOLOGETICA.

3617 348 3702 405 23!

527 492 637 535 tum
667 485 770 547 est,
802 477 1064 533 rationem
1085 491 1207 530 cum
1235 476 1415 545 aliqua
1432 473 1746 528 defensione
1791 467 2099 526 reddamus,
2141 460 2196 514 in
2235 475 2344 530 quo
2372 459 2516 531 leges
2545 459 2666 515 istis
2691 459 2946 514 omnibus
2997 473 3064 513 ac
3121 455 3352 526 gentium
3379 455 3702 518 universarum

519 569 738 642 legibus
758 566 1044 624 contrariae
1082 565 1332 620 feruntur
1364 572 1526 633 atque
1551 560 1982 632 promulgantur.

593 661 836 716 Primum
903 659 1086 728 itaque
1114 697 1128 719 ,
1171 658 1466 711 simulacra
1538 655 1777 709 inanima
1813 652 1943 705 deos
1975 662 2084 702 non
2116 647 2162 707 Α

527 773 668 819 esse,
704 756 804 825 ipsi
826 769 1045 824 quoque
1078 751 1235 807 facile
1277 751 1630 822 agnoverint:
1683 750 1894 812 deinde,
1956 745 2090 800 nihil

528 864 773 921 prorsus,
803 847 945 916 quod
971 848 1202 916 speciem
1239 845 1473 914 aliquam
1503 845 1610 898 Deo
1632 843 1848 910 dignam
1877 839 2089 900 habeat,

528 939 772 996 fabulosa
806 955 992 993 eorum
1053 937 1323 1006 theologia
1381 935 1667 998 contineri,
1727 935 1903 1004 primo
1954 931 2092 983 libro

530 1031 662 1086 satis
699 1029 1072 1093 ostendimus;
1142 1037 1458 1096 postremo,
1516 1041 1584 1079 ne
1647 1008 1818 1093 ipsam
1874 1021 2091 1090 quidem

531 1130 738 1176 natura:
767 1120 1072 1190 propiorem
1113 1135 1176 1173 ac
1207 1118 1637 1188 philosophicam
1674 1117 1976 1170 fabularum
2005 1114 2092 1167 in-

532 1211 995 1280 terpretationem,
1049 1225 1159 1263 non
1188 1219 1404 1263 coactas
1432 1209 1631 1262 habere
1657 1206 1956 1276 explicandi
2008 1219 2094 1257 ra-

531 1305 727 1364 tiones,
758 1303 810 1356 in
848 1301 1084 1357 secundo
1121 1303 1388 1371 tertioque
1422 1300 1789 1371 probavimus.
1825 1295 2096 1366 Nuncigi-

533 1405 644 1459 tur,
677 1395 752 1459 id,
785 1394 929 1463 quod
956 1394 1175 1448 tertium
1205 1402 1308 1457 est,
1335 1391 1635 1457 videamus,
1660 1390 1790 1460 quid
1822 1389 1889 1444 de
1920 1389 2092 1442 virtu-

532 1488 679 1544 tibus
702 1487 754 1540 in
781 1486 1089 1541 simulacris
1113 1484 1555 1540 delitescentibus
1575 1483 1887 1538 existimare
1935 1495 2096 1548 Opor-

533 1589 676 1645 teat;
722 1595 884 1634 easne
940 1578 1184 1632 moribus
1241 1575 1491 1631 liberales
1523 1615 1538 1641 ,
1608 1575 1827 1644 probas,
1861 1586 2096 1641 vereque

535 1677 745 1732 divinas
778 1689 918 1737 esse,
949 1689 1016 1726 an
1049 1672 1273 1726 omnino
1319 1681 1525 1725 contra.
1577 1668 1898 1737 Quanquam
1955 1667 2096 1720 alius

536 1767 694 1830 forte,
710 1767 802 1835 qui
824 1766 962 1819 hanc
980 1763 1398 1834 disputationem
1425 1763 1715 1821 insisteret,
1729 1757 1989 1830 Quidquid
2007 1755 2096 1811 isti

537 1867 780 1920 narrant,
813 1856 1057 1910 fraudem
1096 1862 1148 1908 et
1183 1869 1419 1908 errorem
1463 1867 1604 1918 esse,
1631 1867 1697 1906 ac
1729 1850 2095 1904 veneficorum

538 1961 702 2010 artes,
735 1948 1145 2018 praestigiasqtze
1178 1944 1552 2009 contenderet,
1605 1944 1788 2012 itaque
1818 1942 2094 2010 vulgarem

2266 641 2384 695 Ὀτι
2417 639 2514 710 μὲν
2542 633 2633 692 οὖν
2677 637 2736 690 οὐ
2773 636 2886 690 θεοὶ
2923 634 2993 688 τὰ
3030 633 3212 704 ἄψυχα
3252 634 3437 700 ξόανα,
3477 613 3706 708 ument:

2192 733 2287 787 καὶ
2325 732 2506 794 αὐτοῖς
2529 746 2542 760 ·
2578 731 2660 782 ὅτι
2701 728 2745 782 δ’
2782 728 2903 781 οὐδέ
2935 727 3004 780 τὰ
3048 727 3146 796 τῆς
3182 725 3408 798 μυθικῆς
3433 728 3593 782 αὐτῶν
3615 731 3706 786 θεο-

2191 826 2379 893 λογίας
2409 823 2564 894 φέροι
2596 820 2716 874 τινὰ
2747 819 2942 890 σεμνὸν
2976 818 3070 872 καὶ
3095 817 3363 888 θεοπρεπῆ
3393 818 3552 888 λόγον,
3577 823 3626 874 ἐν
3647 824 3708 893 τῷ

2192 918 2392 988 πρώτῳ
2423 914 2685 968 δέδεικται
2709 912 3102 982 συγγράμματι
3119 926 3132 940 ·
3157 908 3342 980 ὥσπερ
3363 906 3448 963 οὖν
3469 913 3553 965 καὶ
3579 914 3628 966 ἐν
3647 915 3708 986 τῷ

2189 1007 2462 1078 δευτέρῳ,
2497 1006 2592 1058 καὶ
2633 1004 2837 1076 τρίτῳ,
2863 1004 2945 1056 ὅτι
2979 1001 3113 1074 μηδὲ
3143 1001 3211 1056 τά
3249 1003 3344 1072 τῆς
3383 1004 3708 1075 φυσικωτέρας

2192 1100 2286 1152 καὶ
2318 1095 2604 1167 φιλοσόφου
2632 1095 2738 1147 τῶν
2770 1092 2954 1165 μύθων
2983 1092 3274 1164 ἑρμηνείας
3302 1092 3540 1146 ἀϐίαστον
3562 1094 3710 1160 αὐτοῖς

2193 1190 2436 1261 περιέχει
2462 1189 2557 1260 τὴν
2577 1187 2855 1258 ἐξήγησιν.
2874 1185 2945 1238 Τὸ
2967 1184 3030 1254 δὴ
3054 1184 3234 1257 τρίτον
3255 1184 3384 1256 φέρε
3409 1183 3708 1255 σκεψώμεθα,

2191 1283 2242 1336 τί
2274 1300 2403 1336 ποτε
2435 1281 2542 1354 χρὴ
2585 1278 2823 1351 νομίζειν
2852 1277 2950 1342 τάς
2980 1279 3036 1330 ἐν
3063 1280 3174 1339 τοῖς
3206 1275 3405 1340 ξοάνοις
3429 1277 3714 1348 ἐμφωλευούο

2194 1389 2292 1437 σας
2323 1373 2580 1444 δυνάμεις
2600 1389 2612 1401 ·
2647 1371 2853 1442 πότερα
2891 1368 2982 1420 τὸν
3011 1367 3210 1438 τρόπον
3241 1366 3451 1430 ἀστείας
3489 1369 3574 1421 καὶ
3600 1370 3712 1437 ἀγα-

2193 1465 2320 1529 θὰς,
2374 1464 2468 1518 καὶ
2499 1463 2573 1526 ὡς
2616 1461 2834 1532 ἀληθῶς
2880 1458 3028 1523 θείας
3050 1498 3066 1523 ,
3113 1460 3145 1528 ἢ
3181 1458 3380 1512 τούτων
3412 1459 3636 1512 ἁπάντων
3662 1459 3716 1512 τά

2194 1558 2430 1612 ἐναντία.
2491 1557 2681 1619 Ἀλλος
2733 1555 2829 1626 μὲν
2863 1551 2954 1609 οὖν
2999 1555 3138 1625 τάχα
3184 1554 3251 1608 ἂν
3302 1554 3462 1617 ἴσως,
3505 1553 3586 1606 τὸν
3615 1554 3716 1624 περὶ

2191 1652 2397 1706 τούτων
2438 1648 2706 1718 ἐφοδεύων
2749 1646 2939 1714 λόγον,
2972 1645 3178 1716 πλάνην
3211 1639 3350 1697 εἶναι
3389 1643 3447 1695 τὸ
3479 1644 3602 1705 πᾶν,
3645 1643 3718 1694 καὶ

2193 1746 2400 1816 γοήτων
2431 1741 2636 1811 ἀνδρῶν
2666 1737 3014 1809 τεχνάσματά
3046 1753 3104 1788 τε
3148 1737 3239 1788 καὶ⁹
3287 1734 3609 1806 ῥᾳδιουργίας
3641 1733 3719 1785 ὑπ-

2193 1841 2490 1906 εστήσατο,
2539 1833 2768 1888 καθόλου
2797 1829 3154 1903 περιγράφων
3199 1828 3301 1898 τὴν
3353 1827 3528 1892 δόξαν,
3569 1826 3634 1888 ὼς
3663 1826 3720 1895 μὴ

2194 1931 2275 1983 ὃτι
2296 1929 2429 1982 Θεοῦ
2450 1970 2464 1993 ,
2493 1927 2626 1980 ἀλλὰ
2659 1926 2792 1998 μηδέ
2820 1923 3058 1995 πον-ηροῦ
3085 1922 3341 1992 δαίμονος
3371 1916 3500 1972 εἶναι
3523 1918 3722 1988 νομίζειν

539 2040 781 2094 funditus
805 2036 1110 2106 opinionem
1133 2035 1406 2100 evelleret,
1439 2043 1498 2087 ut
1523 2008 1631 2088 non
1658 2008 1831 2088 solum
1857 2008 1984 2095 Deo,
2001 2029 2094 2084 sed

2205 2021 2265 2074 τὰ
2298 2021 2423 2092 περὶ
2455 2017 2619 2072 αὑτοῦ
2652 2016 3042 2088 θρυλλούμενα.
3077 2013 3158 2066 Τά
3207 2011 3310 2083 μὲν
3351 2012 3454 2081 γὰρ
3487 2011 3724 2078 ποιήματα

539 2150 606 2188 ne
633 2132 776 2186 malo
807 2129 1024 2199 quidem
1085 2126 1318 2182 dzemoui
1350 2167 1365 2192 ,
1403 2141 1524 2195 qua:
1563 2124 1762 2194 passim
1793 2123 1858 2177 de
1898 2123 1988 2176 illo
2013 2122 2098 2190 ja-

539 2233 773 2287 cianlur,
797 2219 1122 2290 assignanda
1147 2233 1266 2272 esse
1293 2225 1572 2272 statueret.
1600 2215 1804 2284 Quippe
1839 2227 2097 2282 respousa

539 2315 682 2368 enim
715 2313 939 2367 deorum
963 2309 1272 2364 artiliciosis
1300 2309 1547 2362 versibus
1571 2307 1791 2375 illigata,
1817 2306 2095 2360 hominum

540 2405 726 2474 utique
753 2419 859 2458 non
881 2402 1175 2456 bardorum
1207 2410 1369 2470 atque
1393 2400 1706 2463 stultorum,
1741 2398 1834 2452 sed
1884 2398 1950 2452 ad
2001 2397 2101 2452 fal—

539 2497 706 2550 lacias
733 2495 994 2564 dolosque
1025 2493 1325 2549 moliendos
1374 2491 1621 2561 apprime
1647 2489 1913 2544 factorum
1945 2504 2099 2543 com-

541 2597 721 2643 menta
747 2602 868 2642 esse
893 2605 908 2653 ;
942 2601 1062 2656 qua:
1089 2586 1308 2655 ancipiti
1341 2594 1396 2639 et
1420 2583 1675 2653 ambiguo
1702 2597 1949 2637 sermone
1978 2596 2102 2635 con-

539 2687 707 2744 texta,
740 2678 796 2732 in
849 2686 1133 2745 utramque
1169 2675 1465 2744 exspectati
1498 2688 1676 2727 rerum
1724 2679 1948 2726 eventus
1981 2685 2104 2739 par-

539 2777 649 2824 tem
676 2783 780 2822 non
805 2769 982 2835 inepte
1009 2767 1201 2819 cadere
1229 2772 1282 2817 et
1307 2762 1574 2832 quadrare
1599 2760 1830 2831 possint.
1851 2757 1924 2810 Ea
1951 2770 2098 2821 vero,

541 2860 740 2930 quibus
762 2858 882 2913 rudi
911 2856 1199 2927 plebecula:
1233 2853 1546 2924 imponitur,
1579 2851 2102 2917 circulatorumpro-

542 2953 707 3022 digia,
737 2965 861 3006 cum
895 2949 1238 3003 naturalibus
1268 2945 1451 3000 causis
1479 2959 1599 2999 esse
1634 2943 1947 3012 conjuncta.
1975 2939 2104 2994 Plu-

543 3043 680 3094 rima
704 3041 848 3094 enim
881 3038 1134 3091 universa
1160 3036 1211 3090 in
1244 3044 1435 3089 natura
1467 3035 1728 3088 exsistere
1756 3071 1772 3099 ,
1815 3031 2056 3084 radicum
2084 3065 2103 3092 .

545 3129 856 3194 herbarum,
889 3128 1219 3196 plantarum,
1246 3124 1541 3188 fructuum,
1573 3122 1833 3190 lapidum,
1864 3121 2103 3189 itemque

545 3219 773 3272 aliarum
816 3232 880 3270 ex
909 3216 1056 3269 omni
1112 3213 1359 3273 materia,
1387 3215 1498 3265 sive
1525 3212 1816 3276 siccat-um,
1847 3211 1962 3266 sive
1997 3211 2101 3265 liu-

547 3309 814 3363 midarum
841 3307 1100 3359 virtutum
1131 3319 1349 3373 genera,
1377 3317 1608 3371 quarum
1631 3301 2101 3372 alitepropellendi

545 3407 600 3453 et
627 3395 874 3466 ejiciendi
910 3395 1016 3447 vim
1045 3395 1300 3456 habeant,
1325 3391 1446 3446 alia:
1473 3393 1787 3447 secernendi
1831 3409 1895 3448 ac
1943 3393 2106 3449 dissi-

546 3489 730 3560 pandi,
781 3487 901 3541 alize
955 3494 1144 3540 contra
1188 3484 1272 3538 vel
1330 3484 1673 3554 constipandi
1730 3486 1811 3539 vel
1842 3485 2102 3552 sistendi,

548 3579 784 3647 itemque
813 3575 1050 3641 laxandi,
1093 3574 1438 3628 bumectandi
1467 3613 1484 3639 ,
1541 3573 1895 3628 rarefaciendi
1928 3593 1940 3628 :
1979 3591 2105 3629 rur-

549 3685 776 3738 sumque
799 3667 1049 3723 scrvandi
1086 3666 1226 3729 aliae,
1285 3665 1405 3718 alia:
1439 3665 1756 3734 perimendi,
1789 3682 1853 3721 ac
1878 3681 2110 3736 praesen-

549 3774 655 3820 tem
696 3761 940 3831 corporis
971 3768 1172 3815 statum
1209 3758 1371 3812 modo
1402 3757 1456 3811 in
1489 3757 1657 3820 hunc,
1694 3759 1855 3812 modo
1887 3769 2106 3812 centra-

549 3859 691 3911 rium
724 3855 936 3924 penitus
965 3852 1288 3907 immutandi
1315 3870 1327 3904 :
1374 3861 1536 3920 atque
1561 3852 1788 3906 aliarum
1817 3852 2107 3907 ellieacita-

550 3959 656 4002 tem
678 3946 928 4017 longiori,
949 3944 1179 3998 aliarum
1201 3943 1431 3998 breviori
1447 3953 1684 4013 tempore
1701 3944 2105 4012 circumscribi;

551 4036 905 4104 similiterque
936 4035 1166 4087 aliarum
1200 4033 1265 4088 ad
1299 4034 1504 4102 plures,
1554 4033 1620 4088 ad
1663 4035 1950 4103 pauciores
1975 4036 2110 4090 alia-

551 4143 672 4185 rum
703 4141 821 4181 sese
850 4125 1182 4191 diﬂ‘undere;
1216 4135 1475 4195 praeterea
1508 4125 1641 4180 alias
1692 4127 1915 4194 praeire,
1955 4128 2109 4196 sequi

549 4221 706 4286 alias,
738 4219 873 4273 alias
892 4217 1126 4286 denique
1147 4232 1470 4272 concurrere
1499 4234 1621 4271 eum
1646 4219 1788 4284 aliis,
1822 4228 2018 4274 etcum
2046 4221 2111 4275 iis

551 4315 733 4386 augeri
755 4314 976 4383 pariter,
995 4312 1302 4382 pariterque
1326 4313 1621 4380 corrumpi.
1648 4311 1941 4383 thuidem
1964 4315 2111 4384 quod

551 4405 779 4462 sanandi
811 4405 894 4459 vis
927 4403 1204 4458 nonnullis
1230 4405 1380 4471 insit,
1413 4404 1533 4458 aliis
1565 4413 1743 4459 autem
1779 4406 1934 4475 132
1967 4422 2112 4461 mor-

553 4494 654 4549 bos
683 4502 842 4562 atque
865 4491 1090 4546 exitium
1115 4493 1355 4559 creandi,
1391 4494 1528 4547 nihil
1561 4495 1760 4549 habere
1791 4511 1822 4548 a
1865 4497 2110 4551 medendi

553 4595 668 4639 arte
691 4584 952 4638 alienum.
985 4580 1106 4635 Jam
1154 4597 1282 4637 vero
1315 4583 1576 4654 pleraque
1606 4586 1840 4640 naturali
1875 4588 2108 4656 quadam

2200 2115 2293 2168 καὶ
2326 2114 2423 2176 τὰς
2452 2111 2560 2164 τῶν
2581 2109 2844 2182 χρησμῶν
2879 2107 3175 2169 συνθέσεις,
3201 2105 3306 2158 οὐκ
3327 2103 3504 2171 ἀφυῶν
3533 2102 3723 2173 ἀνδρῶν,

2199 2205 2257 2262 εὖ
2296 2207 2439 2280 μάλα
2479 2193 2538 2259 δέ
2573 2204 2708 2276 πρὸς
2741 2203 2955 2274 ἀπάτην
2985 2198 3449 2270 ἐσκευωρημένων
3481 2197 3728 2266 πλάσματα

2198 2297 2484 2368 τυγχάνειν
2505 2335 2518 2357 ,
2566 2294 2713 2364 μέσῳ
2747 2293 2841 2346 καὶ
2870 2291 3152 2362 ἀμφιϐόλῳ
3186 2289 3518 2360 συγκείμενα
3543 2287 3725 2358 τρόπῳ,

2201 2378 2335 2460 πρὸς
2381 2387 2614 2457 ἑκάτερά
2641 2403 2700 2439 τε
2731 2385 2837 2438 τῶν
2866 2385 2975 2438 ἀπὸ
3015 2384 3115 2453 τῆς
3155 2382 3434 2446 ἐκϐάσεως
3466 2380 3730 2451 προσδοκω-

2204 2484 2379 2554 μένων
2408 2480 2508 2532 οὐκ
2535 2477 2721 2548 ἀφυῶς
2752 2473 3114 2550 ἐφαρμόζειν⁹
3144 2474 3214 2527 τὰ
3240 2474 3299 2526 δὲ
3329 2475 3417 2526 τὸν
3449 2473 3599 2525 πολὺν
3618 2474 3730 2524 άπα-

2199 2575 2375 2628 τῶντα
2398 2573 2484 2627 διά
2508 2589 2666 2625 τινων
2687 2568 2977 2642 τερατειῶν
3003 2567 3258 2638 θαύματα
3293 2570 3540 2634 φυσικαῖς
3568 2563 3732 2635 αἰτίαις

2200 2665 2456 2737 ἀνῆφθαι.
2486 2663 2662 2716 Πολλά
2687 2662 2794 2734 γὰρ
2825 2656 2959 2714 εἶναι
2992 2660 3108 2728 εἴδη
3141 2658 3313 2729 ῥιζῶν
3333 2699 3348 2724 ,
3389 2660 3480 2712 καὶ
3513 2656 3731 2728 βοτανῶν,

2202 2755 2298 2808 καὶ
2325 2755 2538 2824 φυτῶν,
2568 2753 2660 2806 καὶ
2683 2751 2931 2821 καρπῶν,
2963 2751 3055 2804 καὶ
3086 2750 3275 2817 λίθων,
3305 2749 3480 2822 ξηρῶν
3515 2766 3571 2801 τε
3594 2747 3735 2801 ἄλλων

2204 2846 2298 2900 καὶ
2339 2844 2522 2916 ὑγρῶν
2557 2843 2818 2905 παντοίας
2852 2841 2984 2911 ὕλης
3013 2841 3298 2910 δυνάμεων
3327 2841 3386 2893 ἐν
3413 2842 3475 2910 τῇ
3505 2837 3601 2891 τῶν
3629 2836 3737 2889 ὅλων

2205 2937 2363 3006 φύσει
2383 2953 2396 2967 ο
2426 2937 2493 2989 τὰ
2527 2934 2624 3006 μὲν
2656 2932 3084 3003 ἀποκρουστικὰ,
3107 2931 3200 2984 καί
3228 2949 3393 2986 τινων
3423 2926 3737 2989 ἀπελαστικά,

2203 3031 2271 3085 τὰ
2302 3030 2358 3083 δὲ
2383 3029 2632 3097 συνάγειν
2660 3028 2938 3097 πεφυκότα
2962 3025 3056 3079 καὶ
3087 3024 3436 3095 ἐφέλκεσθαι,
3480 3023 3546 3076 τὰ
3575 3023 3623 3075 δὲ
3647 3022 3740 3073 δια-

2205 3122 2410 3194 κρίνειν
2457 3121 2550 3174 καὶ
2603 3118 2983 3183 σκεδαννύναι,
3015 3117 3255 3170 πυκνοῦν
3303 3134 3362 3170 τε
3415 3115 3504 3168 καὶ⁸
3542 3112 3742 3166 στέλλειν

2205 3213 2474 3283 δυνάμενα
2494 3229 2507 3242 ι
2537 3212 2700 3282 ἕτερα
2726 3211 2780 3264 δὲ
2800 3211 2969 3282 χαλᾷν
2993 3211 3087 3264 καὶ
3115 3210 3399 3282 ὑγραίνειν
3425 3208 3514 3261 καὶ
3534 3204 3742 3277 ἀραιοῦν,

2128 3336 2174 3395 c
2210 3303 2400 3369 σώζειν
2434 3321 2491 3357 τε
2523 3298 2588 3357 αὖ
2625 3302 2785 3356 πάλιν
2829 3302 2962 3356 ἄλλα
2985 3343 2998 3366 ,
3045 3301 3138 3356 καὶ
3173 3301 3338 3373 ἕτερα
3364 3300 3618 3360 κτείνειν,
3647 3295 3744 3368 τρέ-

2206 3413 2329 3449 πειν
2358 3409 2417 3448 τε
2457 3395 2628 3448 διόλου
2650 3435 2664 3459 ,
2708 3393 2803 3447 καὶ
2830 3394 2891 3446 τὸ
2919 3393 3092 3465 παρὸν
3132 3392 3477 3447 ἐναλλάττειν
3496 3433 3508 3454 ,
3541 3389 3627 3442 καὶ
3650 3385 3746 3439 τοτὲ

2210 3489 2305 3560 μὲν
2332 3487 2457 3559 τῇδε
2486 3489 2798 3558 μεταποιεῖν
2818 3526 2833 3550 ,
2876 3485 3000 3539 τοτέ
3029 3485 3086 3538 δὲ
3117 3485 3274 3556 τῇδεο
3301 3484 3396 3538 καὶ¹
3424 3483 3492 3537 τὰ
3520 3483 3608 3553 μὲν
3639 3479 3748 3550 πρὸς

2207 3582 2376 3634 πλείω
2403 3581 2589 3651 χρόνον
2610 3621 2624 3644 ,
2662 3579 2732 3633 τά
2755 3579 2812 3632 δὲ
2846 3577 2982 3650 πρὸς
3014 3577 3218 3648 βραχὺν
3247 3576 3409 3630 τοῦτο
3448 3578 3638 3628 ποιεῖν·
3673 3570 3749 3623 καὶ

2208 3673 2366 3727 πάλιν
2393 3671 2460 3725 τά
2483 3672 2577 3742 μὲν
2608 3673 2686 3734 είς
2722 3669 2942 3740 πλῆθος,
2972 3668 3038 3721 τὰ
3070 3669 3125 3721 δέ
3158 3667 3354 3739 μέχρις
3377 3667 3551 3736 ὀλίγον
3569 3677 3593 3706 ι
3617 3663 3748 3735 μόνον

2213 3763 2445 3834 ἰσχύειν·
2490 3762 2583 3816 καὶ
2616 3761 2724 3814 τῶν
2762 3760 2860 3831 μὲν
2893 3760 3019 3813 τάδε
3065 3759 3348 3830 ἡγεῖσθαι,
3393 3760 3503 3812 τισὶ
3542 3757 3594 3810 δὲ
3619 3757 3753 3824 ἕτερα

2209 3853 2608 3916 ἐπακολουθεῖν,
2637 3851 2948 3922 συντρέχειν
2981 3867 3039 3904 τε
3067 3850 3200 3904 ἄλλα
3227 3849 3440 3913 ἄλλοις,
3468 3850 3556 3902 καὶ
3591 3843 3753 3899 συναύ-

2211 3946 2320 4013 ξειν
2352 3947 2442 4000 καὶ
2476 3943 2921 4015 συμφθείρεσθαι.
2970 3943 3079 3996 Ναὶ
3135 3941 3238 4012 μὴν
3276 3942 3374 3995 καὶ
3417 3941 3615 4010 ὑγιείας
3645 3933 3758 3990 εἷναί

2210 4056 2331 4092 τινα
2356 4035 2644 4108 ποιητικὰ,
2675 4034 2921 4104 ἰατρικῆς
2952 4034 3050 4086 οὐκ
3096 4033 3317 4086 ἄπωθεν
3347 4035 3670 4103 ἐπιστήμης
3701 4025 3756 4078 τά

2210 4130 2267 4183 δέ
2313 4129 2564 4183 νοσοποιά
2595 4128 2879 4198 τυγχάνειν
2925 4126 3018 4178 καὶ
3065 4125 3390 4197 δηλητήρια.
3427 4125 3564 4193 Ἤδη
3595 4123 3644 4175 δὲ
3682 4118 3758 4172 καὶ

2214 4223 2468 4291 φυσικαῖς
2513 4220 2777 4287 ἀνάγκαις
2807 4217 3119 4288 συμϐαίνειν
3147 4217 3271 4270 τινὰ
3295 4256 3309 4279 ,
3356 4217 3454 4270 καὶ
3492 4219 3556 4286 τῇ
3593 4212 3758 4280 σελήνῃ

2215 4311 2494 4379 συναύξειν
2520 4312 2611 4364 καὶ
2636 4309 2953 4380 συμφθίνειν
2971 4326 2984 4338 ·
3019 4307 3172 4372 ζώων
3197 4325 3256 4360 τε
3282 4304 3448 4370 εἶναι,
3468 4309 3560 4360 καὶ
3587 4302 3758 4373 φυτῶν,

2214 4407 2306 4459 καὶ
2336 4405 2497 4477 ῥιζῶν
2527 4402 2876 4464 ἀντιπαθείας
2910 4400 3108 4471 μυρίας
3129 4442 3142 4465 ,
3175 4400 3273 4453 καὶ
3313 4399 3486 4453 πολλὰ
3517 4391 3762 4466 θυμιαμά-

2213 4516 2319 4550 των
2345 4493 2662 4566 καρωτικῶν
2690 4509 2748 4544 τε
2783 4493 2876 4544 καὶ
2903 4489 3246 4552 ὑπνωτικῶν,
3270 4489 3479 4561 ἐτέρων
3505 4488 3557 4541 δὲ
3590 4499 3765 4555 φαντα-

2219 4591 2337 4652 σίας
2379 4585 2694 4658 ποιητικῶν.
2733 4583 3084 4654 Συναίρεσθαι
3133 4583 3188 4636 δέ
3233 4583 3336 4654 οὐχ
3366 4583 3564 4651 ἣκιστα
3597 4577 3681 4629 καὶ
3707 4573 3764 4625 τὰ

553 4677 871 4733 necessitate
900 4677 1233 4744 contingere,
1263 4692 1499 4746 cumque
1536 4678 1652 4748 ipsa
1699 4680 1827 4734 luna
1870 4696 2102 4736 crescere

2219 4683 2389 4755 χωρία
2411 4723 2424 4744 ,
2457 4680 2550 4734 καὶ
2577 4679 2702 4741 τοὺς
2748 4677 2944 4738 τόπους
2987 4677 3042 4727 ὲν
3071 4669 3150 4738 οἷς
3185 4675 3498 4728 τελίσκεται
3541 4671 3606 4725 τά
3639 4668 3765 4737 γινὸο

553 4768 718 4826 simul
740 4767 1009 4836 simulque
1037 4766 1351 4822 decrescere
1382 4787 1394 4824 ;
1433 4771 1707 4839 oppositas
1731 4773 2108 4836 animantium,

554 4861 880 4930 plantarum,
905 4867 1068 4930 atque
1100 4859 1343 4915 radicum
1365 4862 1677 4918 affectiones
1697 4865 1936 4921 inﬁnitas
1959 4881 2110 4922 esse:

553 4966 812 5020 vaporum
842 4950 1010 5004 multa
1061 4964 1177 5003 esse
1206 4964 1401 5019 genera
1421 4989 1435 5014 ,
1467 4966 1590 5006 cum
1631 4968 1818 5006 eorum
1848 4995 1863 5019 ,
1915 4957 2111 5024 quibus

555 5041 810 5112 gravedo,
851 5055 914 5094 ac
968 5053 1132 5108 sopor
1180 5038 1476 5107 inducitur,
1515 5052 1628 5095 tum
1679 5045 1841 5098 etiam
1876 5061 2064 5100 eorum
2096 5087 2110 5111 ,

554 5131 753 5200 quibus
774 5131 1025 5202 cogitatio
1065 5131 1448 5199 perturbatur:
1502 5133 1621 5188 loca
1658 5135 1782 5190 item
1813 5149 1976 5208 atque
2024 5154 2114 5193 re-

556 5226 764 5293 giones,
785 5227 840 5298 in
869 5227 1071 5296 quibus
1097 5225 1307 5296 singula
1329 5225 1699 5296 perﬁciantur,
1725 5231 1973 5287 conferre
1997 5233 2116 5302 plu-

557 5317 757 5370 rimum
789 5335 806 5371 :
843 5317 1092 5373 homines
1135 5318 1268 5373 istos
1323 5326 1580 5388 praeterea
1631 5320 2117 5380 instrumentorum

557 5421 713 5462 suam
749 5406 815 5461 ad
833 5417 1003 5462 artem
1035 5408 1236 5464 all‘abre
1253 5409 1658 5464 elaboratorum
1681 5413 1892 5482 e0piam
1920 5416 2120 5473 habere

559 5497 719 5567 longe
753 5507 876 5552 ante
901 5500 1210 5569 provisam;
1243 5501 1446 5556 multos
1477 5503 1639 5558 etiam
1661 5505 1887 5562 diversis
1907 5523 1973 5563 ex
1995 5525 2120 5578 par-

560 5590 706 5644 tibus
735 5590 836 5644 sibi
873 5605 1190 5662 comparare
1217 5596 1618 5668 praestigiarum
1656 5613 1879 5655 suarum
1906 5601 2122 5673 adjuto-

633 5755 660 5784 ι
698 5760 788 5816 1p.
816 5742 1027 5814 ὀλίγων.

2215 4793 2381 4848 μενα·
2418 4773 2624 4846 ὄργανά
2669 4789 2728 4824 τε
2769 4766 2905 4823 εἶναι
2937 4771 3032 4823 καὶ
3064 4769 3260 4840 σκεύη,
3295 4768 3579 4840 πόρρωθεν
3609 4761 3766 4819 αὐτοῖς

2216 4867 2533 4938 ἐπιτηδείως
2561 4868 2626 4935 τῇ
2660 4863 2820 4932 τέχνῃ
2868 4861 3412 4933 προηυτρεπισμένα.
3460 4856 3685 4918 Πολλοὺς
3723 4851 3768 4903 δὲ

2219 4962 2311 5014 καὶ
2330 4958 2618 5030 συνεργοὺς
2635 4959 2729 5027 τῆς
2758 4955 3090 5026 μαγγανείας
3115 4950 3637 5025 παραλαμϐάνεσθαι
3658 4945 3768 5008 ἐξω-

2222 5053 2332 5115 θεν,
2356 5047 2935 5122 πολυπραγμονοῦντας
2960 5047 3083 5109 τοὺς
3109 5044 3563 5116 ἀφικνουμένους,
3580 5041 3669 5094 καὶ⁸
3688 5034 3771 5097 τάς

2222 5145 2448 5197 ἑκάστου
2477 5141 2683 5212 χρείας,
2708 5132 2780 5192 ὦν
2811 5133 2911 5209 ἧκέ
2938 5154 3020 5199 τις
3047 5135 3374 5205 δεησόμενος
3395 5151 3407 5163 ο
3431 5131 3598 5185 πολλὰ
3625 5129 3676 5180 δὲ
3694 5121 3773 5176 καὶ

2221 5233 2288 5287 τά
2321 5233 2506 5296 ἄδυτα,
2542 5231 2780 5291 καὶτοὺς
2811 5232 2923 5291 τοῖς
2949 5227 3161 5290 πολλοῖς
3188 5225 3429 5288 ἀϐάτους
3455 5222 3650 5296 μυχοὺς
3679 5214 3772 5269 τῶν

2217 5325 2376 5398 ἱερῶν
2401 5323 2551 5386 ἐντὸς
2583 5321 2976 5392 ἀποκρύπτειν.
3000 5319 3109 5372 Καὶ
3135 5318 3195 5370 τὸ
3223 5317 3420 5380 σκότος
3452 5316 3509 5370 δὲ
3537 5314 3595 5367 οὐ
3626 5303 3776 5380 μικρὰ

2219 5417 2496 5488 συνεργεῖν
2527 5417 2594 5485 τῇ
2636 5414 2757 5468 καθ’
2803 5412 3027 5473 ἑαυτοὺς
3072 5409 3348 5463 ὑποθέσει.
3389 5408 3503 5462 Καὶ
3535 5402 3693 5475 αὐτὴν
3725 5395 3777 5450 δὲ

2216 5511 2314 5582 οὐχ
2343 5509 2538 5578 ἣκιστα
2571 5506 2669 5577 τὴν
2697 5503 3069 5576 προλαϐοῦσαν
3104 5500 3373 5572 ὑπόληψιν
3393 5541 3408 5563 ,
3442 5501 3537 5553 καὶ
3561 5495 3654 5567 τὴν
3684 5488 3778 5542 τῶν

2217 5603 2293 5667 ὡς
2325 5601 2465 5664 θεοῖς
2489 5597 3027 5672 προσιόντωναὺτοῖς
3052 5594 3502 5666 δεισιδαιμονίαν,
3523 5590 3622 5662 τήν
3646 5601 3700 5640 τε
3724 5581 3780 5635 ἐκ
