4024 6408
241 334 329 391 2ἴῦ
1342 328 1659 385 ΡΒᾹΞΡᾹΒ.
1706 334 1745 385 Ε

1855 320 1955 388 NG.
1989 331 2114 387 LIB.
2160 332 2248 390 IV.

3333 346 3442 398 2⁸54

242 456 475 531 προγόνων
505 452 976 523 πῳκατασχοῦσαν
1000 455 1055 505 ἐν
1085 453 1263 517 αὐτοῖς
1294 454 1468 518 adiuv.
1495 456 1748 524 Προσκεί-

1862 471 1951 510 res
1978 471 2042 510 ac
2077 458 2281 521 socios,
2321 459 2415 527 qui
2452 472 2570 513 sese
2602 459 3018 516 advenientibus
3058 462 3440 527 obtrudentes.

240 554 326 606 σθω
352 552 430 603 καὶ
454 548 507 600 τὸ
528 548 631 600 τῶν
662 548 869 599 πολλῶν
894 546 1099 615 ἠλίθιον
1140 548 1236 617 τῆς
1276 548 1515 611 διανοίας
1536 589 1550 609 ,
1594 550 1656 601 τό
1700 567 1757 601 τε

234 644 421 713 ἀδρανὲς
450 639 534 691 τοῦ
567 637 823 708 λογισμοῦ
853 641 946 691 καὶ
977 638 1340 691 ἀϐασάνιστον
1372 639 1463 691 τοῦ
1499 639 1755 710 πλήθους

234 740 306 789 καὶ
331 732 539 806 ἔμπαλιν
570 732 629 783 τὸ
653 732 824 783 δεινὸν
857 732 950 784 καὶ
984 734 1349 804 κακεντρεχὲς
1373 732 1479 786 τῶν
1512 733 1638 807 περὶ
1662 732 1759 803 τὴν

233 826 505 893 κακότεχιον
527 821 727 892 ταύτην
758 821 1040 893 διατριϐὴν
1061 823 1426 887 τευ-ταξάντων
1447 842 1458 852 ·
1488 823 1549 875 τό
1574 841 1631 875 τε
1653 823 1759 875 τῶν

230 922 401 987 γοήτων
432 914 701 984 ἀπατηλὸν
745 914 835 966 καὶ
885 913 1190 985 πανοῦργον
1233 915 1325 967 τοῦ
1363 914 1591 988 τρόπου·
1637 916 1758 968 τοτὲ

231 1011 306 1080 μὲν
332 1009 389 1061 τὰ
420 1008 547 1078 πρὸς
589 1006 781 1077 ἡδονὴν
813 1006 1027 1076 ἑκάστῳ
1060 1007 1633 1078 προῦπισχνουμένων,
1664 1008 1758 1060 καὶ

226 1103 269 1155 τὸ
289 1102 435 1173 παρὸν
461 1103 550 1153 ἐπὶ
588 1103 852 1170 χρησταῖς
875 1099 1051 1151 ἐλπίσι
1090 1099 1498 1173 θεραπευόντων
1515 1141 1529 1163 ,
1553 1100 1673 1153 τοτὲ
1698 1100 1757 1153 δὲ

223 1194 294 1246 τοῦ
338 1192 600 1262 μέλλοντος
652 1191 1243 1262 καταστοχαζομένων,
1292 1192 1387 1245 καὶ
1434 1194 1513 1255 εἰς
1565 1191 1758 1262 ἄδηλον

223 1285 771 1355 καταμαντευομένων,
812 1285 910 1355 τήν
952 1301 1007 1337 τε
1053 1283 1290 1337 διάνοιαν
1336 1284 1442 1336 τῶν
1492 1284 1756 1355 χρησμῶν

220 1377 525 1447 ἀμσιεολίαις
554 1378 818 1448 ῥημάτων
847 1379 939 1431 καὶ
981 1378 1270 1447 ἀσαφείαις
1306 1375 1754 1438 ὲπισκοτούντων,

215 1473 273 1534 ὡς
296 1473 486 1542 μήτινα
514 1472 754 1524 συνιέναι
776 1472 837 1523 τὸ
869 1472 1104 1543 χρησθὲν
1126 1512 1141 1533 ,
1169 1473 1233 1542 τῇ
1269 1469 1326 1522 δὲ
1357 1470 1450 1522 τοῦ
1476 1468 1756 1540 λεχθέντος

216 1564 371 1632 ἁδηλίᾳ
408 1562 492 1614 τὸν
528 1561 747 1631 ἔλεγχον
788 1562 1093 1630 ἐκφεύγειν.
1149 1560 1324 1613 Πολλὰ
1352 1560 1408 1613 δὲ
1438 1560 1755 1631 συμϐαίνειν

214 1657 287 1709 καὶ
308 1654 473 1717 ἄλλαις
503 1655 645 1706 τισὶν
676 1656 913 1717 ἀπάταις
949 1656 1041 1707 καὶ
1079 1653 1386 1724 τερατείαις
1408 1694 1422 1715 ,
1460 1670 1751 1724 συμπαρα-

213 1747 588 1817 λαμϐανομένων
640 1752 750 1811 τοῖς
802 1749 1107 1819 γινομένοις
1157 1746 1383 1817 ἐπῳδῶν
1433 1746 1495 1815 δή
1552 1763 1747 1808 τινων,

216 1840 326 1909 μετά
344 1856 474 1901 τινος
500 1839 716 1909 ἀσήμου
754 1840 844 1892 καὶ
875 1839 1215 1911 βαρϐαρικῆς
1250 1839 1591 1910 ἐπιρρήσεως
1611 1877 1626 1898 ,
1662 1838 1748 1889 ἵνα

214 1934 262 2003 δὴ
294 1934 379 1986 ὑπὸ
416 1933 618 1986 τούτων
670 1933 1063 1996 σπουδάζεσθαι
1090 1934 1268 1986 δοκεῖν
1310 1932 1376 1984 τά
1423 1931 1542 2001 μηδ’
1571 1930 1747 1984 ὁτιοῦν

214 2026 320 2097 πῷς
340 2028 503 2079 αὑτῶν
526 2028 788 2096 γινόμενα
811 2045 823 2056 ·
863 2027 1097 2097 μάλιστα
1129 2026 1185 2079 δὲ
1219 2026 1343 2089 τοὺς
1373 2022 1619 2088 πολλοὺς,
1653 2025 1745 2078 καὶ

210 2119 294 2171 τῶν
336 2120 434 2172 ἀπὸ
478 2120 727 2183 παιδείας
764 2120 1035 2191 ὁρμᾶσθαι
1092 2119 1463 2190 νομιζομένων
1509 2118 1745 2190 ἐκπλήτ-

208 2230 296 2264 τειν
324 2213 419 2281 (20)
450 2214 634 2266 αὐτῶν
683 2210 749 2281 δὴ
780 2215 887 2267 τῶν
933 2212 1198 2286 χρησμῶν
1239 2211 1306 2265 τὰ
1339 2213 1618 2282 ποιήματα
1641 2253 1654 2273 ,
1686 2208 1744 2264 εὖ

209 2304 286 2371 μὲν
309 2307 364 2375 τῇ
398 2304 642 2356 συνθέσει
673 2304 782 2357 τῶν
814 2304 1072 2374 ῥημάτων
1124 2301 1642 2371 κεκαλλωπισμένα,
1685 2295 1744 2353 εὖ

205 2396 247 2447 6’:
277 2396 342 2467 τῷ
365 2397 457 2467 τῆς
502 2397 921 2467 μεγαλοφωνίας
967 2396 1114 2466 ὄγκῳ
1144 2394 1499 2464 τετυφωμένα
1521 2434 1535 2456 ,
1569 2392 1747 2464 πολλῷ

203 2487 247 2538 δὲ
267 2488 344 2540 καὶ
373 2487 443 2558 τῷ
466 2489 565 2559 τῆς
606 2489 916 2551 ἀνατάσεως
947 2486 1164 2556 κόμπῳ,
1186 2484 1264 2556 τῷ
1294 2502 1351 2538 τε
1382 2484 1747 2555 πεπλασμένῳ

204 2578 329 2648 τύπῳ
360 2580 451 2649 τῆς
499 2581 793 2652 θεοφορίας
841 2578 1331 2651 ἐσχηματισμένα,
1380 2575 1472 2630 καὶ
1519 2576 1608 2630 διὰ
1647 2577 1748 2649 τῆς

203 2671 462 2742 ἀμφιϐόλου
490 2675 684 2745 φωνῆς
708 2674 799 2727 τὸν
830 2673 1008 2726 πάντα
1046 2671 1232 2743 σχεδὸν
1265 2668 1562 2724 ἀπατῶντα
1587 2668 1742 2723 λεών.

1863 565 1971 618 quo
1996 552 2229 621 quisque
2262 553 2517 623 indigeat,
2549 552 2767 607 curiose
2815 568 2879 608 ac
2919 554 3210 624 diligenter
3259 555 3443 625 inqui-

1862 652 2005 695 rant.
2054 642 2362 709 Quinetiam
2422 645 2680 714 pleraque
2724 648 2949 702 secretis
3002 648 3058 701 in
3113 648 3439 718 templorum

1861 734 2057 806 adytis,
2089 744 2143 789 et
2173 737 2264 802 iis,
2304 752 2537 806 quorum
2563 740 2631 792 ab
2653 754 2877 793 accessu
2909 740 3228 808 prohibetur
3253 742 3442 795 multi-

1860 828 2012 891 tudo,
2072 829 2444 898 penetralibus
2492 831 2790 894 occultari;
2844 848 3147 902 eorumque
3206 834 3437 888 consilia

1860 921 2055 987 partim
2090 921 2195 974 loci
2222 920 2483 986 tenebris,
2523 923 2719 990 partim
2747 923 3057 990 hominum,
3080 925 3172 993 qui
3213 941 3273 979 se
3304 926 3438 979 deos

1858 1010 2009 1079 ipsos
2033 1009 2185 1063 adire
2212 1009 2457 1073 credant,
2503 1014 2913 1080 superstitione,
2950 1017 3145 1083 partim
3197 1014 3438 1084 denique

1858 1104 2099 1158 derivata
2120 1105 2325 1174 pridem
2355 1122 2385 1159 a
2413 1105 2714 1173 majoribus
2742 1107 3020 1175 Opinione,
3045 1124 3167 1177 qua:
3185 1108 3437 1163 omnium

1859 1196 2073 1250 animos
2111 1196 2410 1265 occuparit,
2442 1213 2549 1249 non
2584 1197 2927 1251 mediocriter
2966 1200 3295 1267 permoveri.
3337 1200 3442 1256 Ac-

1858 1287 2015 1342 cedat
2042 1302 2206 1357 porro
2239 1304 2365 1342 cum
2388 1288 2723 1358 plebeiorum
2774 1289 3118 1360 ingeniorum
3164 1292 3392 1346 stultitia
3418 1333 3435 1357 ,

1859 1382 2119 1451 rudisque
2166 1381 2534 1437 multitudinis
2568 1382 2920 1450 imbecillum,
2947 1400 3012 1440 ac
3040 1385 3188 1439 nulla
3241 1386 3439 1453 proba-
3501 1416 3507 1423 -

1859 1484 1971 1528 tum
1994 1476 2326 1543 experientia
2365 1476 2669 1545 judicium;
2710 1487 2825 1531 tum
2853 1493 2984 1532 vero
3012 1479 3207 1533 callida
3242 1496 3436 1535 versu-

1857 1577 2019 1636 taque
2041 1583 2255 1631 eorum,
2287 1568 2380 1637 qui
2414 1568 2718 1622 maleﬁcam
2747 1580 2917 1623 artem
2946 1571 3168 1626 assidue
3197 1581 3435 1626 tractant

1857 1668 2186 1728 versantque
2240 1659 2510 1723 solertia,
2577 1660 3050 1730 impostorumque
3108 1678 3290 1717 mores
3363 1662 3433 1717 ad

1857 1765 2077 1806 omnem
2098 1750 2369 1805 fallaciam
2399 1752 2769 1821 astutiamque
2793 1754 3079 1822 compositi
3108 1772 3121 1820 ;
3151 1755 3244 1824 qui
3269 1756 3435 1811 modo

1787 1815 1827 1868 Β
1856 1843 1977 1897 laeta
2012 1843 2211 1912 cuique
2238 1852 2364 1898 ante
2408 1859 2473 1898 ac
2516 1815 2758 1913 jucunda
2816 1815 3434 1916 pollicentur,“praesen-

1863 1944 2082 2004 temque
2115 1932 2392 1989 fortunam
2442 1936 2655 1989 meliori
2714 1952 2809 2006 spe
2863 1938 3238 2005 consolantur,
3269 1940 3434 1994 modo

1852 2028 2014 2083 etiam
2037 2028 2104 2083 de
2127 2027 2310 2082 futuro
2337 2028 2715 2098 conjicientes,
2740 2029 2950 2085 incerto
2965 2031 3241 2101 dubioque
3265 2047 3433 2087 sensu

1853 2120 2113 2175 vaticinia
2155 2118 2410 2186 fundunt,
2472 2123 2832 2192 responsique
2862 2133 3099 2179 mentem
3136 2125 3431 2179 verborum

1854 2211 2204 2279 amphiboliis
2237 2226 2301 2267 ac
2330 2212 2572 2267 tenebris
2604 2213 2906 2279 involvunt,
2940 2215 3018 2269 uti
3044 2232 3111 2270 ne
3149 2216 3273 2284 quis
3308 2230 3434 2270 ora-

1851 2303 2034 2357 culum
2062 2302 2345 2372 intelligat,
2372 2302 2475 2372 ipsi
2506 2318 2630 2356 vero
2662 2303 3016 2375 ambiguitate
3038 2304 3308 2359 dictorum
3332 2321 3431 2359 an-

1850 2410 1968 2449 sam
1998 2395 2444 2465 reprehensionis
2471 2394 2753 2466 effugiant.
2794 2396 3076 2451 Addiderit
3100 2397 3265 2451 etiam
3312 2397 3429 2466 ple-

1849 2502 2019 2557 raque
2053 2487 2176 2542 aliis
2204 2487 2488 2543 fraudibus
2521 2488 2924 2558 praestigiisque
2946 2489 3266 2557 contingere
3291 2529 3306 2550 ,
3374 2498 3435 2543 ut

1850 2580 1996 2648 quod
2031 2580 2277 2653 iis,qua:
2321 2590 2433 2634 tum
2489 2580 2647 2643 fiunt,
2682 2582 2983 2646 cautiones,
3030 2582 3215 2636 nescio
3243 2596 3383 2650 quas
3412 2622 3430 2647 ,

1851 2671 2166 2735 adhibeant,
2190 2688 2316 2726 cum
2343 2672 2525 2741 ignota
2560 2672 2794 2743 quadam
2844 2683 2898 2727 et
2939 2673 3174 2728 barbara
3212 2674 3435 2729 invoca-

204 2770 321 2825 tione
342 2771 687 2839 conjunetas,
718 2777 778 2823 ut
802 2772 1071 2839 praecipuo
1102 2767 1286 2822 studio
1316 2766 1370 2820 in
1412 2781 1496 2831 ea,
1528 2781 1650 2836 quae
1706 2764 1844 2819 nihil
1875 2780 2105 2836 prorsus
2169 2768 2237 2822 ad
2289 2767 2410 2821 illos
2448 2767 2771 2836 pertineant,
2833 2768 3148 2824 incumbere
3211 2771 3435 2827 videan-

200 2863 459 2920 tar:nibil
487 2873 676 2918 tamen
700 2879 854 2932 aeque
883 2860 1251 2917 multitudinis
1302 2861 1518 2917 animos
1553 2860 1872 2930 percellcre,
1907 2868 2071 2930 atque
2134 2860 2460 2916 concinnata
2511 2861 2891 2925 oraculorum,
2944 2877 3067 2930 qua:
3124 2878 3248 2917 cum
3303 2863 3435 2918 libe-

203 2958 343 3012 berali
364 2958 675 3013 eruditione
706 2956 858 3010 fundi
911 2965 1172 3026 putantur
1220 2956 1512 3019 carmina;
1570 2960 1759 3022 utpote
1795 2969 1919 3024 qua
1967 2970 2092 3009 cum
2159 2963 2435 3011 structura
2479 2955 2767 3010 verborum
2791 2963 3004 3020 ornata,
3042 2964 3155 3009 tum
3192 2970 3318 3010 vero
3346 2965 3434 3010 tu-

200 3068 324 3107 more
350 3062 400 3105 et
422 3050 731 3122 granditate
760 3047 1025 3102 orationis
1057 3046 1238 3102 inﬂata
1274 3046 1421 3109 sint,
1452 3046 1733 3115 multoque
1773 3044 1925 3101 vocis
1953 3062 2020 3102 ac
2054 3046 2279 3118 reliqua:
2315 3046 2699 3102 ostentationis
2757 3046 2905 3110 fuco,
2966 3047 3196 3118 ipsaque
3249 3051 3433 3119 specie

200 3146 445 3215 prasentis
503 3144 749 3199 amatum
814 3143 1055 3197 numinis
1117 3143 1466 3208 mentiantur,
1523 3152 1686 3213 atque
1726 3141 2041 3199 universum
2093 3142 2205 3199 fere
2236 3145 2498 3214 populum
2567 3142 2732 3198 dubia
2792 3159 2986 3198 Vocum
3035 3144 3434 3215 signiﬁcatione

198 3242 452 3311 decipiant.

698 3334 1094 3388 ΚΕΦΑΛΑΙΟΝ
1130 3332 1209 3387 B'.

199 3451 295 3501 Ὀτι
340 3449 458 3515 τοῖς
505 3448 801 3503 θέλουσιν
851 3448 1097 3517 εὐχερὲς
1147 3446 1453 3516 ἀποφῆναι
1500 3447 1744 3516 πλάνην

247 3517 383 3572 εἶναι
431 3518 552 3584 τὴν
603 3520 732 3586 περὶ
796 3519 915 3571 τῶν
960 3520 1338 3588 χρηστηρίων
1378 3519 1743 3588 ἐπαγγελίαν

247 3593 329 3642 καὶ
365 3589 599 3659 γοήτων
625 3589 859 3656 ἀνδρῶν
880 3590 1283 3658 ρςιὸιοιφγίίιν.

252 3706 375 3757 Ὅσα
400 3703 536 3773 γοῦν
567 3704 747 3767 αὐτοῖς
794 3704 889 3774 τὴν
933 3703 1262 3774 ἀμφιϐολίαν
1297 3702 1605 3772 ἐκπέφευγε
1635 3702 1739 3756 τῶν

190 3800 445 3869 χρησμῶν,
477 3799 543 3852 οὐ
591 3798 727 3851 κατὰ
774 3798 1079 3869 πρόγνωσιν
1124 3796 1218 3849 τοῦ
1265 3796 1566 3868 μέλλοντος,
1600 3796 1739 3850 κατὰ

188 3891 234 3945 δὲ
262 3910 369 3944 τινα
406 3892 714 3962 στοχασμὸν
744 3890 1106 3962 ὲξηνεγμένα·
1138 3890 1342 3943 τούτων
1376 3891 1564 3963 μυρία,
1603 3890 1739 3960 μᾶλ-

190 3986 262 4040 λον
290 3989 339 4041 δὲ
370 3989 437 4041 τά
484 3990 661 4043 πάντα
704 3988 884 4058 σχεδὸν
914 3988 1028 4057 ἥλω
1073 3986 1327 4050 πολλάκις
1367 3987 1466 4057 τῆς
1498 3986 1741 4057 προρρή-

192 4097 305 4144 σεως
346 4082 803 4139 ἀποπεπτωκότα,
851 4080 1104 4150 ἐναντίως
1146 4080 1179 4150 ἢ
1224 4078 1362 4133 κατά
1416 4092 1477 4131 το
1508 4077 1743 4151 χρησθὲν

189 4170 265 4222 τοῦ
285 4172 384 4223 τῶν
414 4171 756 4243 πραγμάτων
784 4171 969 4234 τέλους
999 4173 1094 4240 τὴν
1119 4171 1339 4224 ἔκϐασιν
1364 4169 1742 4241 ἀπειληφότος,

191 4265 228 4314 εἰ
271 4267 339 4336 μή
362 4266 618 4335 ποτ’άρα
668 4264 910 4328 σπανίως
938 4264 995 4315 ἓν
1036 4281 1164 4316 ποτε
1208 4266 1270 4315 ὲκ
1296 4264 1502 4335 μυρίων
1534 4262 1745 4333 συμϐὰν

190 4359 310 4411 κατά
333 4377 449 4411 τινα
478 4358 651 4427 φορὰν
688 4357 1029 4427 συντυχικὴν,
1068 4357 1101 4427 ἢ
1136 4356 1276 4409 κατὰ
1300 4356 1397 4427 τὴν
1432 4355 1745 4425 στοχασθεῖ-

191 4466 272 4501 ταν
300 4451 389 4504 τοῦ
441 4451 723 4522 μέλλοντος
768 4449 1111 4519 προσδοκίαν,
1139 4448 1228 4500 τὸν
1267 4448 1512 4518 χρησμὸν
1546 4447 1747 4517 ἐπαλη-

189 4540 343 4594 θεύειν
389 4540 648 4613 ἐνομίσθη
700 4544 891 4593 ποιεῖν.
934 4541 997 4591 Ὃ
1041 4538 1104 4607 δὴ
1160 4538 1255 4591 καὶ
1303 4539 1536 4609 μάλιστα
1587 4538 1747 4609 θρυλ-

188 4634 388 4697 λοῦντας
437 4636 503 4688 ἂν
552 4634 707 4697 ἴδοις,
749 4634 840 4685 καὶ
881 4633 1102 4701 στήλαις
1149 4630 1616 4701 ὲγχαράττοντας,
1653 4631 1749 4683 καὶ

2380 3327 2537 3398 133
2569 3325 2801 3381 CAPUT
2829 3327 2896 3381 ll.

1852 3446 2165 3513 Promptum
2217 3459 2328 3496 esse
2368 3444 2530 3495 cuivis
2563 3443 2871 3508 ostendere,
2906 3442 3160 3512 quidquid
3212 3451 3433 3497 oracula

1920 3516 2239 3586 pollicentur
2265 3554 2280 3578 ,
2333 3523 2381 3567 et
2414 3514 2761 3582 veneﬁcarum
2804 3515 3076 3566 hominum
3131 3516 3430 3585 prastigias

1924 3604 2125 3641 meram
2155 3588 2504 3654 imposturam
2525 3600 2657 3637 esse.

1925 3699 2218 3754 Enimvero
2250 3711 2593 3768 quaecunque
2640 3696 2709 3750 ab
2740 3696 2861 3749 istis
2893 3695 3011 3749 sine
3036 3695 3144 3750 ulla
3179 3699 3428 3766 responsi

1854 3794 2211 3865 ambiguitate
2248 3790 2507 3861 praedicta
2564 3789 2716 3850 sint,
2763 3803 2872 3842 non
2936 3804 3005 3842 ex
3061 3790 3433 3858 praesensione

1854 3887 2091 3957 quadam
2119 3901 2184 3940 ac
2206 3884 2432 3939 scientia
2469 3881 2779 3935 futurorum
2800 3921 2814 3943 ,
2845 3880 2938 3934 sed
2973 3894 3040 3934 ex
3084 3881 3266 3949 aliqua
3310 3891 3432 3936 tan-

1856 3988 1969 4031 tum
2020 3974 2345 4045 conjiciendi
2404 3973 2455 4026 vi
2513 3971 2914 4043 pronuntiata;
2963 3986 3032 4025 ex
3103 3972 3172 4027 iis
3217 3973 3430 4027 infinita

1854 4069 2013 4139 plane
2047 4068 2449 4135 deprehensum
2472 4080 2615 4129 esse,
2644 4064 2755 4116 imo
2772 4078 2941 4133 prope
2968 4064 3201 4121 dixerim
3222 4067 3430 4133 omnia,

1852 4159 2219 4229 praedictionis
2253 4158 2453 4226 saepius
2482 4161 2712 4212 veritate
2737 4158 3004 4222 caruisse,
3035 4174 3161 4212 cum
3187 4174 3274 4215 res
3298 4175 3433 4215 con-

1851 4255 2077 4308 trariutn
2109 4256 2336 4309 oraculo
2368 4252 2533 4305 tinem
2569 4259 2626 4304 et
2672 4252 2878 4304 exitum
2932 4251 3292 4306 habuissent:
3323 4254 3431 4308 nisi

1852 4365 2000 4413 vero,
2036 4349 2182 4419 quod
2203 4363 2329 4401 raro
2363 4347 2682 4410 admodum,
2714 4355 2878 4415 atque
2911 4362 3078 4400 unum
3103 4361 3169 4402 ex
3202 4346 3431 4401 intinitis

1850 4441 2076 4511 aliquid,
2109 4450 2204 4493 aut
2238 4456 2369 4495 casu
2394 4440 2638 4504 fortuito,
2686 4449 2781 4492 aut
2814 4453 2910 4506 spe
2966 4438 3151 4507 aliqua
3186 4438 3428 4492 futurum

1852 4544 2116 4604 augurata
2138 4532 2449 4602 contigerit,
2491 4532 2543 4586 id
2590 4532 2836 4586 veritatis
2863 4530 3183 4601 opinionem
3207 4531 3433 4585 Oracqu

1853 4628 2126 4683 conciliet.
2162 4625 2298 4680 Nam
2332 4627 2463 4680 illud
2509 4627 2729 4681 demum
2760 4641 2902 4689 esse,
2946 4626 3092 4696 quod
3118 4625 3187 4679 ab
3216 4625 3337 4679 istis
3354 4624 3435 4695 ja-

192 4727 472 4795 πανταχόσε
504 4726 608 4795 γῆς
655 4724 909 4793 βοῶντας·
946 4723 1026 4774 δτι
1078 4722 1195 4792 μὲν,
1246 4722 1293 4773 εἰ
1342 4720 1514 4790 τύχοι,
1542 4720 1746 4779 τοσοίδε

1855 4722 1988 4775 clari
2026 4720 2283 4781 maxime,
2314 4730 2584 4773 terrarum
2618 4720 2822 4788 ubique
2848 4734 3046 4790 magna
3070 4734 3205 4772 voce
3232 4717 3431 4785 praedi-

189 4819 263 4869 τὸν
292 4819 520 4890 ἀριθμὸν
550 4817 963 4889 ἀπεσφάλησαν,
1015 4816 1234 4887 μηδαμῆ
1282 4814 1510 4887 μηδενὸς
1540 4812 1746 4866 ἐθέλον-

191 4925 265 4970 τες
296 4909 401 4976 (2|)
435 4908 812 4979 μνημονεύεινο
843 4908 926 4960 ὅτι
967 4898 1022 4957 δέ
1055 4905 1189 4976 τῷδε
1220 4906 1328 4959 ἀπὸ
1358 4905 1569 4975 μυρίων
1608 4920 1743 4956 συν-

192 4998 328 5069 έτυχέ
356 5018 407 5053 τι
456 5000 562 5053 τῶν
603 4999 978 5071 χρησθέντων,
1028 4999 1138 5052 ἄνω
1182 4999 1275 5050 καὶ
1324 4998 1474 5051 κάτω
1519 4996 1744 5066 περιφέ-

193 5107 381 5158 ροντας·
412 5093 485 5156 ὡς
526 5095 578 5146 εἴ
617 5109 699 5155 τις
737 5092 832 5143 καὶ
873 5092 963 5144 ἐπὶ
993 5088 1084 5144 δύο
1128 5090 1484 5161 λαγχάνουσιν
1511 5090 1617 5143 ἀπὸ
1647 5108 1743 5159 μυ-

194 5186 325 5253 ρίων,
354 5189 401 5239 εἰ
443 5186 549 5257 ἄρα
597 5186 727 5237 ποτὲ
758 5185 989 5248 εἰσάπαξ
1032 5185 1226 5247 αὐτοὺς
1265 5182 1407 5237 κατά
1431 5183 1539 5235 τῶν
1567 5182 1745 5235 αὐτῶν

196 5282 469 5347 σδμπσεῖν
512 5280 689 5348 ἔτυχε,
739 5277 1037 5348 θαυμάζοι.
1070 5276 1145 5340 ὡς
1188 5276 1327 5328 κατὰ
1364 5275 1619 5346 μαντείαν
1651 5275 1748 5328 καὶ

192 5372 477 5441 πρόγνωσιν
528 5372 624 5425 ’ἐνα
675 5372 767 5424 καὶ
814 5371 903 5423 τὸν
960 5370 1121 5424 αὐτὸν
1176 5369 1505 5440 ἀμφοτέροις
1549 5368 1743 5438 συνέῦη

252 5528 355 5599 (20)
406 5528 807 5594 Ἐκπλήττειν.
851 5524 1392 5599 ΙΙὶυειι-ἰοτίοηδεείε
1409 5524 1586 5579 oratio
1605 5524 1748 5599 vidv-

197 5596 347 5664 retur,
370 5602 413 5653 si
440 5600 498 5654 τὸ
518 5599 902 5665 ἐκπλήττειν,
930 5598 1264 5668 ρηιιοεᾱριιῑο
1285 5610 1449 5668 νει-δη
1475 5602 1598 5668 post
1617 5596 1745 5668 τοὺς

198 5669 403 5734 πολλοὺς
430 5664 776 5725 scriberetur.
817 5664 973 5723 Levis
1006 5680 1186 5722 tamen
1220 5668 1323 5722 ista
1353 5666 1599 5736 trajectio
1630 5664 1746 5719 fuc-

200 5741 275 5798 tit.
302 5744 342 5795 si
378 5758 497 5795 cum
532 5743 727 5795 Atticis
755 5740 1088 5795 conferatur.

261 5811 361 5881 (2|)
403 5810 651 5881 Μηδσμῆ
697 5811 958 5880 μηδενὸς
1015 5810 1348 5876 ἐθέλοντες.
1391 5809 1464 5864 Ita
1531 5822 1741 5863 omnes.

422 5910 688 5971 ίἈτιιοι..
735 5912 852 5970 (in.
902 5910 1076 5973 ΧΧΙ.

1856 4814 1993 4877 cari,
2022 4813 2076 4866 in
2108 4814 2297 4882 cippos
2326 4822 2383 4866 et
2409 4812 2695 4866 columnas
2725 4813 2890 4867 incidi
2911 4812 3098 4866 videas
3122 4831 3138 4877 ;
3165 4810 3259 4881 qui
3281 4826 3429 4872 cum,

1858 4907 1903 4960 si
1929 4906 2147 4976 quando
2168 4920 2256 4959 res
2289 4904 2359 4958 ita
2397 4904 2601 4965 tulerit,
2639 4907 2786 4974 quod
2822 4915 2931 4959 tam
2967 4904 3121 4958 multi
3145 4912 3435 4973 exspecta-

1856 5002 2004 5056 tione
2022 5015 2121 5055 sua
2151 4999 2364 5068 decepti
2392 4998 2611 5063 fuerint,
2640 5000 2863 5054 verbum
2891 4999 3050 5068 plane
3073 4998 3281 5052 nullum
3316 4998 3434 5054 ﬁeri

1854 5093 2060 5157 velint;
2097 5100 2215 5146 tum
2239 5104 2391 5155 vero,
2424 5090 2569 5160 quod
2596 5092 2692 5144 uni
2716 5106 2783 5145 ex
2821 5090 3046 5144 infinitis
3076 5090 3239 5144 alicui
3272 5106 3437 5160 prout

1854 5189 1923 5242 a‘o
1960 5187 2183 5241 oraculo
2236 5200 2558 5255 responsum
2613 5186 2823 5247 fuerat,
2879 5184 3161 5245 acciderit,
3197 5184 3250 5239 id
3282 5184 3435 5238 nullo

1856 5298 1963 5335 non
1998 5281 2119 5336 loco
2144 5279 2554 5336 circumferant.
2590 5278 2709 5345 Qua
2726 5280 2778 5332 in
2811 5292 2871 5331 re
2894 5276 3120 5346 perinde
3138 5292 3197 5331 se
3221 5288 3435 5345 gerant.

1856 5389 1919 5428 ac
1951 5374 1994 5427 si
2035 5374 2180 5442 quis,
2216 5388 2339 5427 cum
2369 5387 2438 5428 ex
2486 5371 2699 5426 infinita
2728 5369 3014 5425 hominum
3067 5369 3390 5427 micantium
3418 5408 3435 5434 ,

1857 5529 1962 5586 Sed
1996 5530 2262 5600 profecto,
2297 5534 2489 5585 saltem
2539 5529 2824 5591 ἐθέλοντας
2872 5526 3247 5597 reponendum
3283 5525 3436 5580 vide-

1854 5612 1961 5664 tur,
1987 5613 2185 5657 utcum
2216 5602 2645 5672 praecedentibus
2674 5607 2918 5672 accusat.
2948 5609 3002 5653 et
3028 5608 3309 5672 sequente.
3341 5613 3439 5672 πε-

1856 5666 2551 5745 ριιμτξροναεας,ὀοηνειιιὶρι.Δ
2580 5669 2779 5745 νῆις-,ἰῇ
2831 5685 3006 5745 marg:
3038 5669 3124 5721 ἷσ.
3158 5666 3438 5737 Μηδαμῶς

1856 5738 2158 5807 ἐθέλοντας.
2191 5744 2320 5807 Alii,
2357 5741 2594 5811 Μηδενὺς
2626 5741 2923 5801 ἐθέλοντος.
2958 5738 3117 5792 Eutr.

2989 5902 3029 5959 8
