3890 6384
528 338 634 393 235

1205 337 1474 395 EUSEBII
1515 337 1997 395 CAESARIENSIS
2036 336 2185 390 OPP.
2226 335 2405 390 PARS
2441 334 2503 390 ΙΙ.
2532 367 2600 375 —-
2630 333 3140 393 APOLOGETICA.
3617 349 3696 402 9,7,5

528 465 704 518 aliove
735 463 899 518 sortis
923 479 1120 534 genere
1165 467 1434 519 utentium
1476 465 1842 531 multitudine,
1868 465 1976 519 duo
2003 463 2088 517 ali-

2212 463 2513 533 περιελθεῖν
2543 461 2791 534 ἀριθμόν.
2829 463 2984 515 Οὕτω
3015 461 3123 546 γὰρ
3157 461 3296 532 ἔχειν
3335 463 3387 514 τὸ
3423 465 3514 518 ἀπο
3537 469 3697 538 μυρίων

529 555 621 624 ιιιιί
648 555 730 610 vel
777 555 945 612 semel
985 564 1195 610 tantum
1251 557 1303 610 in
1333 558 1520 613 eadem
1553 573 1682 614 casu
1717 559 2056 612 incurrerent
2087 595 2103 619 ,

530 643 732 699 factum
762 643 1075 723 miraretur,
1105 646 1266 716 quasi
1284 662 1347 699 ex
1374 645 1708 702 divinatione
1732 648 1966 717 quadam
1994 662 2107 702 sor-

530 737 708 806 tisque
761 735 956 792 futura:
989 738 1242 796 scientia.
1297 753 1442 793 unus
1480 747 1645 808 atque
1689 739 1830 794 idem
1889 739 2107 810 utrique

527 827 790 884 numerus
822 829 1128 900 obtigisset.
1154 829 1412 885 Eamdem
1445 832 1590 886 enim
1633 831 1755 900 ejus
1783 846 1906 886 esse
1938 832 2108 885 ratio-

526 935 672 985 nem,
709 923 854 988 quod
889 935 1060 974 unum
1093 936 1158 975 ex
1195 921 1425 977 infinitis
1455 932 1639 977 vatum
1668 923 1987 993 responsis,
2041 938 2106 976 ac

524 1013 669 1066 circa
698 1027 786 1067 res
825 1028 1055 1068 numero
1098 1013 1340 1070 infinitas
1373 1015 1558 1082 editis,
1595 1015 1736 1072 forte
1769 1017 1985 1072 fortuna
2019 1032 2105 1071 se-

523 1105 630 1159 mel
651 1105 890 1160 evenerit
921 1123 936 1160 :
969 1105 1022 1160 id
1055 1106 1201 1175 quod
1238 1105 1329 1161 ubi
1363 1108 1490 1176 quis
1521 1108 1890 1174 intellexerit,
1947 1110 2105 1178 cujus

521 1197 741 1252 animus
767 1198 900 1251 nihil
921 1197 1068 1252 iuius
1099 1198 1281 1263 solidi,
1343 1200 1480 1254 nihil
1510 1203 1814 1260 constantis
1865 1204 2060 1259 habeat
2086 1246 2102 1270 ,

521 1299 636 1344 tum
669 1306 798 1344 vero
830 1291 1108 1346 hominem
1139 1293 1348 1346 oraculi
1399 1293 1784 1350 certitutliuem
1839 1297 2100 1369 obstupe-

521 1397 712 1448 scere;
741 1398 902 1451 quem
931 1398 1064 1438 sane
1099 1385 1258 1456 longe
1289 1396 1592 1455 praestaret,
1619 1389 1871 1444 vecordia
1898 1391 2100 1460 posita.

520 1486 705 1526 secum
734 1473 1050 1542 diligentius
1084 1483 1372 1544 reputare,
1425 1491 1590 1546 quam
1627 1479 1817 1534 multis
1845 1481 1970 1536 aliis
2015 1484 2099 1538 vel

519 1565 822 1628 iuterilum,
847 1566 931 1620 vel
960 1565 1333 1622 dissensiones
1361 1577 1414 1623 ct
1453 1569 1591 1624 bella
1635 1586 1807 1640 genus
1838 1571 1891 1626 id
1924 1573 2104 1627 homi-

519 1672 649 1710 num
672 1656 1019 1723 consciverit,
1043 1673 1107 1713 ac
1139 1667 1382 1714 veterum
1402 1659 1756 1716 historiarum
1777 1665 2098 1719 memoriam

518 1748 850 1818 cogitatione
873 1751 1188 1820 repetendo,
1222 1753 1687 1819 animadvertere,
1736 1770 1804 1810 ne
1834 1765 1947 1810 tum
1975 1759 2098 1827 qui-

518 1842 638 1895 dem
671 1843 842 1897 ullum
870 1844 940 1898 ab
959 1842 1026 1898 iis
1052 1842 1252 1899 divinae
1272 1845 1492 1901 virtutis
1508 1863 1646 1918 opus
1669 1847 1875 1903 editum
1898 1848 2094 1918 fuisse,

517 1949 642 1989 cum
677 1945 731 1990 et
780 1950 868 1990 res
900 1934 1123 1992 Graeciae
1172 1937 1410 1994 maxime
1461 1939 1740 2004 ﬂorerent,
1790 1949 1844 1998 et
1892 1943 2095 2014 iactata

515 2026 793 2096 quondam
823 2029 1066 2090 oracula,
1123 2045 1246 2099 qua:
1301 2031 1406 2088 hoc
1444 2041 1691 2103 tempore
1721 2034 1870 2090 nulla
1919 2046 2094 2104 sunt,

518 2122 743 2192 integra:
798 2122 1144 2177 auctoritatis
1173 2134 1356 2178 essent
1381 2165 1399 2190 ,
1444 2136 1497 2180 et
1537 2125 1607 2180 ab
1639 2125 1912 2198 indigenis
1943 2132 2092 2185 omni

515 2212 698 2266 studio
723 2227 966 2284 curaque
992 2213 1201 2280 habita,
1225 2216 1419 2286 patriis
1471 2217 1668 2274 ritibus
1693 2229 1857 2288 atque
1888 2232 2093 2294 myste-

520 2305 617 2358 riis
652 2305 904 2376 religiosc
937 2307 1230 2363 admodum
1255 2309 1586 2368 colerentur.
1611 2310 1677 2366 Et
1703 2327 1837 2369 sane
1859 2315 1966 2369 vim
1997 2332 2093 2372 eo-

512 2411 636 2451 rum
668 2398 872 2452 nullam
915 2414 1037 2455 esse
1069 2408 1184 2455 tum
1221 2402 1493 2472 praecipue
1546 2405 1792 2460 constitit
1831 2421 1898 2462 ex
1925 2408 2094 2464 bello-

513 2505 636 2543 rum
689 2490 1132 2547 calamitatibus:
1180 2492 1340 2565 134
1396 2494 1450 2548 in
1503 2494 1726 2565 quibus,
1772 2499 1919 2568 quod
1956 2500 2094 2554 nihil

517 2579 640 2648 opis
667 2589 722 2634 et
741 2579 929 2633 auxilii
957 2579 1209 2635 conferre
1237 2590 1459 2650 possent
1495 2584 1697 2655 egregii
1744 2583 1983 2640 fatorum
2008 2586 2094 2639 in-

511 2681 796 2741 terpretes,
844 2687 1236 2742 responsorum
1279 2673 1634 2746 ambiguitate
1689 2675 1915 2733 clientes
1961 2693 2092 2732 suos

510 2762 768 2819 fefellisse
787 2763 1020 2821 convicti
1045 2775 1195 2831 sunt,
1225 2768 1689 2837 quemadmodum
1721 2785 1822 2825 suo
1852 2770 1974 2826 loco
2005 2771 2094 2828 de-

511 2856 940 2911 monstrabimus
963 2896 981 2920 ,
1022 2873 1147 2912 eum
1210 2859 1455 2913 omnium
1488 2860 1843 2930 subjiciemus
1871 2862 2046 2919 oculis
2073 2904 2088 2929 ,

510 2964 620 3020 quo
647 2958 810 3018 pacto
838 2965 957 3017 eos,
993 2951 1087 3020 qui
1121 2951 1405 3006 oraculum
1431 2953 1811 3019 consulebant,
1837 2964 2088 3010 mutuum

510 3039 564 3094 in
596 3041 797 3096 bellum
824 3043 1108 3109 acuerint;
1138 3058 1237 3098 nec
1266 3043 1333 3098 de
1359 3043 1518 3098 seriis
1541 3059 1762 3114 quoque
1791 3046 1958 3102 rebus
2002 3063 2090 3103 ne-

507 3134 781 3206 gotiisque
801 3137 1036 3192 consulti
1075 3137 1478 3204 responderint,
1508 3139 1602 3192 sed
1635 3139 1817 3205 potius
1849 3141 2090 3197 oraculis
2115 3168 2160 3230 ε

509 3222 626 3277 suis
659 3223 1074 3279 consulentibus
1107 3224 1409 3290 illuserint,
1444 3227 1524 3281 sic
1562 3235 1779 3296 tamen,
1816 3237 1877 3283 ut
1907 3230 2088 3288 dubiae

507 3313 924 3384 signiﬁcationis
961 3316 1294 3372 obscuritate
1335 3332 1491 3372 suam
1540 3318 1784 3389 ipsorum
1829 3321 2088 3393 ignoran-

506 3406 635 3460 tiam
661 3407 1017 3461 oceultarent.
1068 3407 1258 3478 Cogita
1302 3425 1432 3466 vero
1464 3411 1581 3482 ipse
1616 3422 1795 3468 tecum
1837 3418 2084 3486 exempla

505 3505 688 3552 vetera
717 3501 1028 3568 repetendo,
1063 3517 1226 3571 quam
1267 3503 1355 3558 isti
1383 3519 1546 3574 saepe,
1575 3522 1700 3561 cum
1745 3506 1951 3564 affecta:
1990 3501 2087 3565 va-

505 3590 760 3643 letudinis
784 3589 1098 3646 hominibus
1127 3593 1313 3656 robur,
1356 3595 1556 3663 vitam,
1589 3598 1935 3672 salutemque
1961 3619 2086 3674 pro—

506 3681 806 3748 misissent,
833 3681 1010 3752 iisque
1039 3693 1226 3753 postca
1263 3702 1370 3740 non
1400 3703 1560 3744 secus
1583 3705 1647 3746 ac
1674 3691 1781 3748 dlis
1822 3693 1956 3751 ﬁdes
1985 3698 2085 3751 ha-

506 3775 742 3839 beretur,
799 3775 961 3844 paulo
1027 3784 1150 3845 post
1205 3778 1410 3848 ingenti
1468 3783 1715 3852 pecuniae
1765 3785 1815 3839 vi
1857 3801 1924 3841 ex
1979 3788 2085 3844 hoc

503 3864 697 3919 alllataz
716 3865 982 3922 divinitus
1013 3879 1334 3925 mercaturae
1359 3887 1556 3941 genere
1597 3886 1916 3948 corrogata,
1948 3894 2084 3949 qua-

504 3959 582 4010 les
619 3959 835 4016 tandem
883 3970 1087 4023 essent,
1127 3962 1416 4019 manifeste
1452 3968 1843 4035 reprehensum
1896 3969 2081 4034 fuerit,

503 4051 829 4120 impostores
855 4053 1064 4109 scilicet
1093 4071 1159 4111 ac
1183 4056 1561 4124 circulatores,
1607 4075 1713 4115 non
1756 4073 1938 4118 autem
1981 4066 2080 4131 dii,

501 4145 870 4216 eumdecepti
909 4148 978 4202 ab
1008 4147 1074 4202 iis
1110 4148 1362 4204 homines
1405 4149 1706 4207 infaustum
1746 4156 1950 4211 exitum
1982 4157 2081 4212 ha-

501 4242 766 4296 buissent.
802 4240 942 4307 Quid
973 4258 1136 4312 porro
1166 4243 1358 4299 attinet
1387 4243 1588 4310 dicere,
1626 4263 1695 4301 ne
1723 4249 2080 4318 popularibus

501 4335 720 4402 quidem
755 4335 892 4399 suis,
922 4343 975 4389 et
1007 4335 1252 4404 ejusdem
1297 4351 1484 4392 secum
1524 4339 1762 4395 civitatis
1809 4342 2078 4414 indigenis

501 4437 653 4482 vates
683 4428 930 4497 egregios
969 4428 1266 4499 quidquam
1307 4430 1546 4498 puesidii
1578 4434 1662 4488 vel
1696 4434 1815 4505 opis
1858 4437 2070 4504 afferre,

2210 556 2301 607 ἐπὶ
2351 553 2564 626 μυρίοις
2605 554 2969 625 χρησθέντων,
3019 554 3164 618 ἅπαξ
3208 555 3334 607 ποτὲ
3382 558 3564 626 συμϐὰν
3596 563 3698 616 κατὰ

2208 644 2394 717 τύχηνο
2435 646 2465 698 ὃ
2497 645 2592 699 καὶ
2627 645 2901 698 συνιδόντα
2938 647 3025 699 τὸν
3062 647 3226 717 μηδὲν
3275 648 3476 717 στερρὸν
3516 651 3564 701 ἐν
3587 650 3702 720 βάθει

2207 734 2384 805 ψυχῆς
2407 734 2741 806 κεκτημένον
2775 736 3308 807 ὑπερεκπλήττεσθαι
3340 738 3396 790 τὸ
3423 744 3702 814 χρηστήριον»

2208 820 2252 894 ᾧ
2285 826 2418 881 πολὺ
2445 831 2695 899 κρεῖττον
2721 824 2790 899 ’ἦν
2811 829 2872 882 τὸ
2908 829 2982 900 μὴ
3004 831 3311 900 ἀφραίνειν,
3344 831 3708 907 συλλογισαμένῳ

2207 921 2349 986 ὅσοις
2384 921 2563 985 ἄλλοις
2606 921 2839 974 Θανάτου
2883 922 3168 991 γεγόνασιν
3212 923 3386 987 αἴτιοι,
3434 923 3636 989 στάσεώς
3663 946 3706 981 τε

2206 1014 2300 1068 καὶ
2334 1013 2583 1086 πολέμων
2626 1017 2674 1068 oi
2707 1015 3078 1086 δεδηλωμένοι·
3113 1015 3406 1084 σκέψασθαι
3433 1034 3484 1069 τε
3517 1019 3606 1072 τῶν
3631 1038 3710 1074 πα-

2205 1106 2374 1160 λαιῶν
2405 1106 2504 1171 τὰς
2539 1107 2797 1178 ἱστορίας,
2848 1110 2942 1162 καὶ
2993 1109 3223 1163 συνιδεῖν
3264 1108 3337 1172 ὡς
3379 1109 3488 1162 οὐδὲ
3523 1110 3576 1164 τὸ
3599 1128 3712 1184 τηνι-

2205 1198 2336 1251 κάδε
2387 1198 2589 1270 ἀρετ-ἧς
2632 1216 2685 1251 τι
2733 1198 2884 1263 Θείας
2928 1199 3087 1272 ἔργον
3131 1200 3486 1266 ἀπεδείξαντο,
3525 1205 3714 1273 ὁπηνίκα

2203 1289 2354 1359 ἤνθει
2410 1289 2507 1359 μὲν
2558 1290 2626 1342 τὰ
2680 1290 3000 1362 Ἑλληνικὰ,
3056 1295 3388 1363 συνειστήκει
3435 1293 3581 1346 δὲτὰ
3617 1298 3715 1366 πρὶν

2205 1379 2483 1452 βοώμενα,
2537 1380 2632 1434 νῦν
2693 1383 2748 1435 δὲ
2803 1383 2994 1454 μηκέτ’
3039 1384 3166 1436 ὄντα
3221 1387 3529 1456 χρηστήρια,
3575 1389 3718 1458 πάσης

2203 1475 2462 1544 προνοίας
2495 1476 2587 1528 καὶ
2641 1476 2877 1547 σπουδῆς
2922 1475 3200 1547 ἠξιωμένα
3249 1477 3382 1549 πρὸς
3421 1479 3516 1532 τῶν
3559 1481 3719 1549 ἐπιχω-

2204 1566 2367 1639 ρίων,
2403 1567 2510 1620 τῶν
2559 1568 2622 1640 δὴ
2657 1573 2930 1640 πατρῴοις
2978 1570 3162 1641 νόμοις
3215 1588 3274 1624 τε
3323 1571 3412 1624 καὶ
3457 1574 3722 1644 μυστηρίοις

2203 1659 2466 1714 σεϐόντων
2510 1679 2568 1714 τε
2612 1662 2749 1715 αὑτά
2786 1662 2880 1716 καὶ
2911 1662 3344 1733 θεραπευόντων,
3376 1664 3464 1717 καὶ
3493 1665 3597 1718 τότε
3623 1667 3726 1734 γοῦν

2205 1752 2437 1828 μάλιστα
2481 1755 2541 1806 τὸ
2592 1754 2756 1826 μηδὲν
2793 1754 3051 1809 δύνασθαι
3099 1755 3513 1828 ἀπηλέγχθησαν
3543 1758 3593 1811 ἐν
3631 1761 3725 1822 ταῖς

2198 1842 2307 1897 τῶν
2335 1843 2459 1898 πολέ
2468 1862 2581 1915 μων
2605 1863 2668 1898 συ
2678 1849 2929 1916 μφοραῖςο
2952 1847 3009 1898 ἐν
3035 1843 3122 1912 αἷς
3151 1847 3366 1918 βοηθεῖν
3395 1848 3730 1912 ἀδυνατοῦντες

2199 1936 2248 1988 οί
2278 1939 2513 2006 γενναῖοι
2548 1936 2862 2008 θεσπιῳδοὶ,
2897 1937 2964 1991 δι’
2991 1939 3324 2008 ἀμφιϐολίας
3371 1939 3472 1994 τῶν
3510 1940 3730 2012 χρησμῶν

2197 2030 2414 2100 ἥλωσαν
2481 2032 2832 2102 σοφισάμενοι
2880 2032 3007 2095 τοὺς
3062 2032 3411 2102 πρόσφυγαςο
3453 2032 3623 2102 ὥσπερ
3661 2027 3734 2084 οὖν

2198 2122 2340 2176 κατὰ
2386 2123 2477 2175 τὸν
2515 2123 2704 2176 δέοντα
2758 2123 2948 2193 καιρὸν
2998 2122 3371 2190 ἐπιδείξομεν,
3411 2123 3734 2195 παριστῶντες

2196 2213 2344 2278 ὅπως
2384 2213 2480 2267 καὶ
2521 2215 2602 2276 είς
2644 2212 2736 2267 τὸν
2783 2212 2901 2266 κατ’
2937 2213 3178 2284 ἀλλήλων
3211 2213 3450 2285 πόλεμον
3475 2215 3594 2277 τοὺς
3621 2231 3737 2284 χρω-

2200 2305 2396 2375 μένους
2442 2303 2793 2374 παρώξυνον,
2848 2305 2942 2358 καὶ
2989 2305 3064 2368 ὡς
3116 2305 3236 2359 οὐδέ
3289 2307 3422 2378 περὶ
3475 2305 3737 2359 σπουδαίων

2197 2395 2538 2468 πραγμάτων
2564 2397 2662 2460 τὰς
2692 2396 3012 2467 ἀποκρίσεις
3053 2397 3359 2458 ἐποιοῦντο,
3391 2397 3484 2450 καὶ
3511 2396 3582 2459 ὡς
3608 2394 3744 2448 ἐπλά-

2197 2504 2303 2539 νων
2353 2486 2440 2539 διὰ
2481 2486 2593 2540 τῶν
2629 2487 2892 2559 χρησμῶν
2933 2485 3220 2550 παίζοντες
3266 2489 3399 2551 τοὺς
3439 2488 3739 2560 ἐρωτῶντας,

2196 2580 2289 2634 καὶ
2329 2579 2405 2644 ὡς
2447 2579 2525 2650 τῷ
2557 2581 2656 2652 τῆς
2701 2580 2968 2649 ἀσαφείας
3017 2579 3192 2651 σκότῳ
3233 2580 3336 2650 τὴν
3378 2579 3526 2650 σφῶν
3556 2581 3746 2648 ἄγνοιαν

2195 2672 2631 2744 ἀπεκρύπτοντο.
2679 2672 2882 2742 Σκέψαι
2930 2672 2986 2726 δὲ
3025 2673 3117 2726 καὶ
3145 2672 3312 2736 αὐτὸς
3344 2671 3652 2743 πυθόμενος,
3685 2670 3745 2732 ὡς

2193 2765 2288 2818 καί⁸
2327 2763 2629 2838 άρῤὠστοις
2658 2765 2915 2829 πολλάκις
2963 2764 3128 2836 ρὦιν
3161 2766 3256 2818 καὶ
3286 2765 3438 2837 ζωὴν
3481 2766 3573 2819 καὶ
3603 2780 3751 2832 σωτη-

2195 2855 2318 2927 ρίαν
2349 2855 2730 2927 ὑποσχόμενοι,
2758 2857 2993 2910 κᾶπειτα
3026 2856 3416 2920 πιστευθέντες
3442 2859 3518 2921 ὡς
3549 2857 3610 2928 δὴ
3635 2855 3749 2917 θεοὶ,

2193 2949 2284 3002 καὶ
2316 2950 2413 3020 τῆς
2438 2947 2623 3002 ἐνθέου
2656 2948 2861 3020 ταύτης
2901 2947 3170 3020 ἐμπορίας
3215 2950 3494 3020 μεγάλους
3526 2951 3644 3013 τοὺς
3684 2965 3756 3019 μι-

2194 3041 2354 3105 σθοὺς
2387 3039 2834 3113 εἰσπραξάμενοι,
2856 3041 2916 3094 οὑ
2950 3041 3089 3113 μετά
3123 3039 3382 3094 πλεῖστον
3422 3042 3616 3104 οἵτινες
3638 3036 3760 3111 ἦσαν

2191 3133 2574 3206 ἐφωράθησαν,
2605 3134 2799 3206 γόητες
2837 3133 3046 3206 ἄνδρες,
3072 3134 3184 3187 ἀλλ’
3210 3136 3272 3188 οὐ
3311 3136 3434 3189 θεολ⁸
3453 3133 3762 3204 διελεγχθέν-

2188 3244 2302 3291 τες,
2327 3227 2426 3280 οὐκ
2453 3225 2634 3290 αίσίας
2660 3225 3040 3298 καταστροφῆς
3079 3227 3206 3289 τοὺς
3235 3227 3639 3298 ἠπατημένους
3665 3225 3763 3277 δια·

2189 3313 2476 3384 λαϐούσης.
2506 3314 2570 3366 Τί
2615 3314 2678 3386 δὴ
2705 3315 2882 3384 λέγειν
2901 3355 2915 3377 ,
2948 3315 3023 3379 ὼς
3063 3315 3187 3368 οὐδέ
3221 3319 3341 3380 τοῖς
3373 3317 3588 3370 ἑαυτῶν
3618 3313 3768 3369 συνοί-

2189 3422 2324 3470 κοις,
2349 3407 2462 3469 τοῖς
2483 3404 2546 3477 δὴ
2593 3407 2730 3460 κατὰ
2763 3407 2860 3478 τὴν
2905 3407 3074 3479 αὐτὴν
3103 3407 3257 3460 πόλιν
3298 3407 3697 3479 διατρίϐουσιν,
3727 3406 3769 3457 ui

2189 3496 2480 3569 θαυμάσιοι
2528 3497 2751 3569 μάντεις
2782 3499 2881 3563 τὰς
2920 3499 2979 3564 ἐξ
3019 3499 3199 3553 αὐτῶν
3245 3500 3542 3573 παρέσχον
3571 3501 3770 3553 ἐπικου-

2189 3594 2331 3666 ρίας,
2378 3591 2515 3648 ἀλλὰ
2553 3593 2647 3646 καὶ
2690 3593 2978 3657 νοσοῦντας
3012 3592 3077 3646 ἂν
3119 3593 3251 3656 ίδοις
3291 3594 3505 3647 αὐτόσε
3541 3595 3634 3646 καὶ
3665 3595 3776 3645 ἀνα-

2188 3684 2417 3753 πήρους,
2462 3683 2555 3736 καὶ
2597 3684 2705 3735 πᾶν
2743 3682 2802 3735 τὸ
2846 3683 3002 3753 σῶμα
3046 3682 3484 3755 λελωϐημένους
3539 3683 3779 3756 μυρίουςς

2187 3772 2251 3826 Τί
2284 3773 2346 3843 δὴ
2384 3789 2512 3826 ποτε
2541 3767 2632 3826 οὖν
2659 3774 2775 3836 τοῖς
2806 3772 2903 3843 μὲν
2936 3772 3041 3839 ἔξω
3083 3773 3176 3826 καὶ
3219 3775 3532 3846 πόρρωθεν
3557 3775 3617 3841 ἐξ
3648 3773 3786 3826 ἀλλο-

2185 3862 2363 3934 δαπῆς
2400 3864 2817 3934 ἀφικνουμένοις
2857 3862 2956 3927 τὰς
2987 3863 3231 3936 χρηστὰς
3278 3866 3620 3939 ὑπέγραφον
3653 3863 3785 3917 ἐλπί-

2184 3955 2299 4019 δας,
2325 3955 2424 4008 οὑκ
2449 3956 2529 4009 ἔτι
2552 3957 2609 4010 δὲ
2639 3957 2732 4010 καὶ
2759 3958 2870 4020 τοῖς
2901 3957 3039 4010 κατά
3081 3958 3142 4011 τὸ
3186 3960 3331 4013 αὐτὸ
3383 3962 3685 4026 συνοίκοις.
3720 3953 3791 4021 οἷς

2185 4047 2249 4119 δὴ
2278 4048 2370 4100 καὶ
2403 4049 2510 4119 πρὸ
2548 4049 2765 4102 πάντων
2804 4049 2989 4121 ἐχρῆν,
3015 4051 3090 4114 ὼς
3120 4050 3186 4104 ἂν
3215 4053 3466 4118 οἰκείοις
3501 4054 3680 4124 φίλοις
3707 4051 3792 4105 καὶ

2188 4140 2566 4211 συμπολίταις,
2592 4141 2654 4194 τὸ
2699 4143 2763 4194 ἐκ
2791 4143 2890 4214 τῆς
2921 4142 3028 4195 τῶν
3063 4143 3198 4197 θεῶν
3234 4149 3579 4219 παρουσίας
3607 4146 3797 4215 ἀγαθὸν

2186 4232 2464 4305 παρέχειν·
2495 4231 2607 4286 ἀλλ’
2635 4233 2716 4284 ὅτι
2763 4234 2889 4296 τοὺς
2934 4233 3032 4304 μὲν
3085 4233 3308 4300 ξένους,
3345 4239 3618 4308 ἀγνῶτας
3655 4237 3797 4298 ὄντας

2184 4325 2282 4396 τῆς
2326 4325 2708 4397 ῥᾳδιουργίας,
2753 4327 2880 4397 ῥᾷον
2914 4325 2979 4380 ἂν
3026 4327 3120 4380 καὶ
3168 4329 3574 4402 ἀπατήσαιεν,
3631 4332 3803 4384 οὐκέτι

2188 4417 2245 4470 δὲ
2289 4417 2414 4481 τοὺς
2445 4415 2713 4488 συνήθεις,
2749 4417 2824 4480 ὡς
2861 4418 2928 4471 ἂν
2974 4418 3075 4489 τῆς
3117 4419 3328 4491 τέχνης
3376 4424 3490 4476 οὐκ
3526 4424 3803 4494 ἀπείρους,

499 4535 625 4572 cum
685 4519 930 4574 inﬁnitos
975 4519 1174 4574 ibidem
1221 4521 1406 4578 videas
1469 4526 1678 4581 morbis
1726 4528 2076 4594 laborantes.

2196 4509 2504 4581 συνίστορας
2524 4509 2579 4562 δὲ
2601 4509 2761 4572 ὄντας
2782 4509 2879 4580 τῆς
2900 4511 3342 4585 ἐπιτελουμένης
3372 4516 3637 4579 maiae;
3666 4515 3814 4568 Οὕτω

499 4610 747 4673 claudos.
802 4626 977 4666 caecos
1025 4626 1089 4666 ac
1135 4621 1248 4666 toto
1300 4629 1441 4683 sape
1488 4631 1720 4686 corpore
1760 4621 2081 4677 mutilatos?

500 4701 640 4767 Quid
674 4718 802 4757 vero
843 4702 896 4756 in
925 4718 1091 4757 causa
1137 4703 1334 4769 fuerit,
1371 4721 1470 4760 cur
1517 4710 1818 4779 peregrinis
1856 4713 2077 4782 quidem

500 4794 848 4858 hominibus,
893 4803 948 4850 et
992 4811 1056 4850 ex
1106 4794 1403 4865 longinqua
1469 4800 1692 4870 regione
1734 4804 2079 4862 venientibus

500 4901 682 4940 rerum
731 4887 1018 4942 meliorum
1054 4901 1178 4956 spes
1223 4889 1492 4957 quasdam
1535 4892 1854 4950 umbratiles
1888 4911 1952 4950 ac
1992 4895 2079 4952 fu-

499 4990 652 5035 catas
697 4981 1080 5045 ostenderent,
1118 4981 1331 5037 civibus
1378 4993 1558 5038 autem
1615 4987 2080 5060 popularibusque

499 5073 614 5126 suis
641 5089 748 5127 non
798 5074 945 5135 item,
980 5074 1309 5143 quibuscum
1337 5084 1517 5130 tamen
1546 5093 1640 5133 eos
1665 5089 1851 5149 utpote
1890 5082 2079 5137 dome-

500 5163 654 5216 sticis
693 5163 918 5226 amicis,
954 5179 1018 5218 ac
1057 5165 1270 5218 civibus
1325 5165 1629 5222 derivatum
1673 5183 1740 5223 ex
1787 5173 2074 5228 numinum

499 5260 782 5325 praesentia
813 5259 1014 5314 bonum
1037 5259 1446 5315 communicare
1469 5272 1774 5331 Oporteret;
1801 5265 1906 5321 nisi
1929 5267 2077 5336 quod

498 5360 783 5406 extraneos
831 5355 1078 5408 homines
1111 5355 1453 5408 veteratorize
1483 5355 1813 5423 calliditatis
1859 5359 2077 5430 ignaros

569 5527 678 5594 (ﬂii
719 5527 1076 5596 Δωδωναῖος.
1119 5529 1193 5584 Ita
1229 5546 1542 5597 omnes,nec
1577 5541 1790 5586 mutare
1818 5549 1939 5588 sum
1973 5550 2074 5588 au-

497 5599 722 5673 susr‘An
757 5597 1085 5673 Dodonaeum
1108 5599 1295 5673 Jovem
1318 5601 1564 5673 pluribus
1591 5603 1855 5673 Apollinis
1877 5620 2076 5670 cogno-

495 5669 734 5725 minibus
782 5669 1022 5743 inserere
1068 5669 1382 5743 voluit?_An
1413 5673 1606 5742 Apollo
1637 5669 1904 5743 quispiam
1946 5669 2073 5740 fuit,

496 5750 857 5812 cognomento
897 5738 1244 5812 Dodonaeus?
1272 5738 1479 5812 Legere
1526 5761 1611 5798 me
1653 5738 1775 5799 'nou'
1824 5738 2071 5801 memini.

499 5810 641 5866 Sane
677 5809 944 5881 Διδ·;μεύς
972 5813 1153 5880 potius
1181 5809 1468 5885 legeretur,
1499 5815 1638 5871 idem
1683 5817 1777 5887 qui
1822 5825 1876 5872 et
1921 5816 2073 5872 Mile-

2185 4601 2241 4655 δὲ
2272 4601 2332 4654 τὸ
2367 4602 2472 4654 πᾶν
2499 4601 2558 4654 οὐ
2593 4600 2756 4667 θεῖον,
2785 4601 2906 4654 οὐδὲ
2934 4601 3293 4674 ἀνθρωπίνης
3334 4607 3612 4670 ἐπινοίας
3648 4608 3812 4677 κρεῖτ-

2183 4710 2274 4746 τον
2305 4687 2406 4763 ἦν·
2453 4691 2592 4746 ὥστε
2631 4693 2737 4747 κάν
2785 4695 2906 4757 ταῖς
2957 4695 3244 4764 μεγίσταις
3299 4703 3672 4774 συμφοραῖς,
3707 4701 3820 4759 ταῖς

2181 4785 2247 4856 δὴ
2301 4783 2506 4838 ἄνωθεν
2564 4785 2629 4838 ἐκ
2672 4783 2766 4838 τοῦ
2833 4785 3218 4856 παμϐασιλέως
3283 4787 3450 4843 Θεοῦ
3514 4791 3667 4844 κατὰ
3717 4789 3818 4842 τῶν

2181 4875 2393 4930 ἀσεϐῶν
2443 4876 2950 4948 ἐπαιωρουμέναις,
3004 4877 3182 4942 αὐτοῖς
3246 4880 3660 4956 ἀφιερώμασι
3739 4883 3826 4933 καὶ

2183 4967 2388 5033 ξοάνοις
2442 4967 2647 5040 φθορὰν
2681 4971 2916 5041 ἐσχάτην
2965 4973 3058 5024 καὶ
3109 4970 3379 5037 πτώσεις
3420 4976 3653 5048 ἀθρόας
3705 4975 3825 5035 τοὺς

2180 5061 2317 5126 νεὼς
2361 5062 2538 5114 αὐτῶν
2573 5063 2881 5134 ὑπομεῖναι.
2915 5063 3025 5116 Ποῦ
3069 5065 3178 5136 γάρ
3220 5082 3323 5118 σοι
3363 5068 3438 5121 τὸ
3492 5072 3560 5122 ἐν
3611 5069 3834 5138 Δελφοῖς

2183 5154 2326 5226 ἱερὸν
2374 5155 2522 5226 παρὰ
2573 5155 2739 5208 πᾶσιν
2768 5155 3022 5227 ’Ἓλλησιν
3055 5155 3114 5220 ἐξ
3155 5141 3384 5222 αἰῶνος
3438 5161 3830 5232 βεϐοημένον;

2180 5246 2281 5300 ποῦ
2321 5247 2350 5300 ὁ
2397 5247 2630 5311 Πύθιος;
2683 5248 2712 5299 ὁ
2754 5247 3030 5319 Κλάριος;
3083 5247 3184 5302 ποῦ
3236 5253 3357 5305 καὶ
3417 5256 3452 5307 ὁ
3511 5255 3840 5315 Δωδωναῖος

2181 5337 2328 5410 (22);
2369 5337 2428 5390 τὸ
2476 5337 2574 5409 μέν
2613 5355 2676 5406 γε
2722 5338 2981 5408 Δελφικὸν
3028 5341 3440 5413 χρηστήριον,
3490 5348 3697 5419 τρίτον
3738 5346 3840 5398 ὑπὸ

2178 5533 2315 5599 sius,
2355 5544 2408 5618 et
2456 5535 2809 5618 Branchides.
2835 5547 2902 5618 _ut
2940 5539 3478 5618 "QIiSSimUIE_eSl.
3518 5545 3593 5601 Et
3629 5562 3846 5618 cogno-

2180 5614 2360 5679 menta
2395 5607 2495 5661 ista
2525 5609 2692 5679 vulgo
2723 5611 3216 5679 conjungebantur.
3262 5613 3482 5670 Clem.
3528 5607 3850 5674 Alexa‘ndr.

2180 5678 2233 5729 in
2267 5675 2557 5763 ξνοιτςρξη
2668 5678 2698 5729 7
2722 5696 2735 5733 :
2761 5675 3030 5763 Διηγησαι
3049 5683 3184 5763 ,ημῖν
3207 5685 3328 5735 καὶ
3353 5688 3478 5757 τῆς
3510 5690 3703 5763 ἄλλης
3728 5707 3857 5763 μανι

2177 5748 2353 5832 τικῇς,
2375 5748 2572 5832 μᾶλλον
2593 5748 2933 5832 δὲομανικῆς,
2950 5750 3015 5832 τά
3035 5748 3308 5832 ἀχρηστα
3343 5748 3740 5832 χρηστήριξῦ
3765 5760 3859 5812 τὸν

2181 5817 2435 5890 Κλάριον,
2467 5819 2556 5872 τὸν
2591 5817 2809 5888 Πύθιον,
2853 5817 2940 5874 τὸν
2965 5817 3221 5891 Διδιάμέά.
3259 5817 3483 5892 Ωὑὲιιὶ
3523 5817 3735 5886 locum
3774 5849 3867 5886 su—
