4024 6408
283 357 380 392 απτ-ι

289 359 380 415 Ξῗὶτ
1425 359 1742 416 ΡιὶᾸΖΡΑῐὶ.
1790 361 1829 414 Ε

1937 359 2038 416 NG.
2073 361 2203 417 LIB.
2241 360 2333 417 Ν.

3409 367 3519 424 238

283 475 498 546 θρακῶν
557 475 947 546 ἐμπρησθῆναι
1004 475 1221 545 κατέχει
1284 475 1437 542 λόγος
1471 516 1485 535 ,
1545 475 1696 527 οὐδὲν
1747 475 1831 526 τοῦ

1947 473 2161 528 facilius
2208 475 2260 528 in
2304 487 2570 539 errorem,
2603 491 2766 544 quam
2803 475 2939 530 alios
2975 476 3076 530 sibi
3127 473 3426 536 familiares
3455 500 3518 535 ac

285 568 519 636 μαντείου
548 569 629 630 είς
662 569 760 637 τὴν
788 566 880 620 τοῦ
910 566 1192 637 μέλλοντος
1215 565 1435 634 γνῶσιν,
1466 567 1578 656 ἀλλ’
1603 567 1721 620 οὐδὲ
1751 565 1840 618 τοῦ

283 657 464 709 Πυθίου
500 657 568 709 τΣι
602 660 782 712 οἱκεῖα
814 657 1253 730 προφυλαξασθαι
1288 659 1664 729 δεδυνημένου.
1697 658 1842 711 Ταυ-

276 751 357 800 τὸν
384 749 574 802 παθεῖν
619 751 717 803 καὶ
751 751 809 803 τὺ
850 753 906 802 ὲν
951 749 1138 823 Ῥώμῃ
1166 750 1508 803 Καπιτώλιον
1552 753 1842 822 ἱστορεῖται

274 841 399 894 κατα
426 842 551 903 τοὺς
578 843 692 895 τῶν
717 843 1067 913 Πτολεμαίων
1093 845 1337 915 χρόνους,
1362 843 1480 897 καθ’
1504 843 1596 907 οῦς
1623 843 1841 912 λέγεται

275 935 356 985 καὶ
394 932 455 984 τὸ
495 933 594 1003 τῆς
642 935 863 998 Ἑστίας
907 935 1051 1006 ἱερὸν
1098 935 1191 987 ὲπί
1243 935 1457 1007 Ῥώμης
1512 937 1840 1008 ἐμπρησμὸν

271 1029 570 1094 ὑπομεναι.
614 1025 786 1098 ’ἀμφὶ
829 1027 884 1080 δὲ
927 1028 1137 1081 Ἰούλιον
1174 1029 1265 1082 τὸν
1304 1030 1556 1100 Καίσαρα
1596 1029 1655 1082 τὸ
1701 1029 1842 1099 μέγα

274 1120 367 1172 τιῖιν
400 1117 674 1187 Ἑλλήνων
707 1119 798 1172 καὶ
832 1119 1198 1189 Ὀλυμπιακὸν
1231 1119 1472 1191 ἄγαλμα,
1491 1121 1628 1174 τὸέν
1652 1122 1842 1185 αὐταῖς

279 1208 621 1276 Ὀλυμπιάσι,
658 1209 909 1280 κεραυνῷ
937 1210 1073 1282 πρὸς
1104 1210 1196 1264 τοῦ
1217 1209 1350 1263 Θεοῦ
1382 1210 1574 1280 βληθὲν
1604 1213 1843 1283 ἀναγρά-

266 1315 431 1365 φουσι.
470 1299 582 1352 Καὶ
638 1301 768 1353 ἄλλο
795 1316 819 1341 ει
850 1302 909 1355 τέ
938 1302 967 1342 δ
999 1320 1130 1371 φασι
1160 1303 1249 1356 τὸν
1293 1301 1426 1354 νεὼν
1459 1303 1551 1356 τοῦ
1582 1307 1840 1358 Καπιτω-

265 1389 367 1441 λίου
407 1390 527 1453 Διὸς
560 1391 986 1463 ἐμπρησθῆναι·
1021 1393 1117 1446 καὶ
1144 1393 1203 1446 τό
1231 1410 1292 1461 γε
1329 1394 1566 1446 Πάνοεον
1596 1395 1706 1465 (23)
1735 1396 1841 1448 ὑπὸ

263 1481 517 1554 κεραυνοῦ
554 1481 952 1556 διαφθαρῆναιο
983 1484 1043 1536 τό
1076 1501 1134 1537 τε
1163 1486 1222 1537 ὲν
1261 1483 1632 1555 Ἀλεξανδρείᾳ
1661 1485 1839 1556 Σαρα-

264 1575 400 1622 πείον
427 1572 638 1640 ὁμοίως
673 1573 1134 1643 καταφλεχθῆναι.
1151 1574 1259 1628 Καὶ
1277 1575 1479 1627 τούτων
1510 1577 1637 1646 παρ’
1658 1577 1839 1639 αὐτοῖς

265 1663 506 1734 Ἕλλησιν
560 1665 905 1736 ἀνάγραπτοι
946 1666 1198 1737 φέρονται
1250 1669 1564 1738 μαρτυρίαι.
1615 1669 1838 1741 Μακρὺς

261 1755 299 1806 δ’
332 1755 394 1807 iv
419 1755 505 1824 είη
540 1755 728 1823 λόγος,
758 1758 807 1810 εἰ
843 1757 1022 1827 μέλλοι
1054 1775 1135 1821 τις
1159 1758 1225 1812 τά
1267 1758 1386 1812 καθ’
1417 1759 1622 1812 ἕκαστα
1659 1759 1838 1831 ἐξαρι-

1950 575 2106 620 notos
2136 565 2495 635 impellerent,
2531 568 2733 637 quippe
2772 568 2866 637 qui
2915 570 3050 622 artis
3084 568 3247 639 hujus
3281 571 3522 642 imperiti

1949 671 2054 710 non
2083 667 2288 724 essent,
2335 660 2429 714 sed
2470 661 2683 716 usitata
2737 661 3126 716 ludificationis
3156 663 3361 732 optime
3391 679 3492 719 con

1946 746 2294 813 scii?Quare
2322 757 2496 802 totum
2533 749 2676 803 istud
2716 748 2958 819 profecto
2987 766 3084 804 nec
3129 751 3299 808 divini
3356 754 3520 822 quid-

1944 855 2133 907 quam,
2162 855 2262 893 nec
2291 840 2526 894 humana
2562 840 2828 895 industria
2861 843 3037 912 majus
3087 844 3278 900 habuit
3305 864 3317 900 :
3350 848 3518 902 adeo-

1944 946 2051 999 quc
2085 931 2268 985 videas
2306 933 2642 1002 gravissimis
2669 933 2829 987 ctiam
2880 935 3304 1001 calamitatibus,
3329 940 3520 1008 quales

1944 1023 2132 1092 utique
2173 1024 2390 1079 coalitus
2427 1039 2454 1074 a
2503 1039 2720 1078 summo
2771 1040 2953 1079 rerum
2987 1028 3233 1083 omnium
3271 1031 3518 1101 principe

1946 1113 2054 1168 Deo
2085 1113 2374 1184 impiorum
2397 1115 2703 1171 cervicibus
2731 1117 3038 1182 imminent,
3060 1135 3376 1190 supremum
3404 1124 3518 1178 exi-

1939 1207 2406 1278 tium,ruinasque
2428 1205 2739 1278 frequentes
2764 1224 2828 1264 ac
2854 1211 3362 1280 rcpentinas,simul
3388 1232 3514 1270 cum

1943 1298 2075 1367 ipsis
2104 1298 2347 1353 donariis
2374 1308 2536 1369 atque
2569 1299 2897 1364 simulacris,
2932 1317 3121 1357 eorum
3158 1306 3356 1375 templa
3386 1308 3518 1362 sub-

1952 1389 2105 1444 iisse.
2169 1389 2271 1444 Ubi
2310 1393 2454 1446 enim
2519 1392 2832 1461 Delphicum
2870 1393 3000 1448 illud
3050 1397 3311 1466 templum
3382 1410 3465 1455 est
3495 1441 3514 1466 ,

1942 1479 2084 1546 apud
2131 1477 2350 1534 Gnaeos
2414 1495 2605 1534 omnes
2658 1479 2920 1550 omnique
2972 1489 3231 1540 memoria
3273 1487 3514 1541 celebra-

1941 1580 2056 1622 tum
2083 1569 2107 1622 ?
2141 1569 2230 1623 ubi
2263 1569 2534 1642 Pythius?
2582 1571 2674 1626 ubi
2707 1570 2968 1626 Clarius?
3028 1576 3119 1630 uli
3173 1567 3513 1628 Dodonaeus?

1941 1659 2075 1713 Nam
2134 1659 2448 1731 Delphicum
2503 1677 2633 1716 sane
2691 1663 2975 1717 oraculum
3032 1663 3142 1731 iam
3205 1665 3428 1719 tertium

1946 1753 2256 1808 Thracibus
2314 1754 2596 1809 incensum
2654 1753 2823 1810 fuisse
2905 1764 3162 1810 constans
3213 1755 3357 1810 fama
3388 1766 3494 1821 cst,

263 1847 540 1917 θμεῖσθαι,
603 1851 940 1922 παριστάναι
985 1851 1356 1922 πειρώμενος,
1400 1853 1482 1905 ὅτι
1539 1854 1675 1922 μηδὲ
1728 1857 1831 1917 τοῖς

1948 1846 2106 1918 135
2130 1863 2253 1901 cum
2291 1862 2467 1918 neque
2499 1847 2850 1904 divinationis
2891 1849 3224 1904 domicilium
3252 1849 3318 1904 ad
3350 1815 3519 1907 futuri

261 1940 463 2002 οἰκείοις
501 1941 678 2010 ἱεροῖς
731 1941 1083 2011 ἐπαμῦναιοὶ
1127 1943 1427 2013 θαυμαστοὶ
1474 1945 1839 2014 χρησμοδὸται

258 2032 457 2084 δυνατοί
493 2032 884 2104 πεφώρανταιο
922 2034 971 2085 οί
1016 2034 1071 2086 δὲ
1119 2034 1254 2106 μηδὲ
1292 2035 1402 2104 (9.4)
1434 2035 1615 2104 σφίσιν
1658 2036 1840 2100 αὐτοῖς

261 2131 312 2180 ἐν
335 2129 650 2198 συμφοραῖς
693 2126 974 2196 γενόμενοι
1007 2129 1268 2199 χρήσιμοι
1308 2127 1470 2198 σχολῇ
1512 2129 1562 2196 γ’
1593 2127 1659 2181 ἄν
1707 2144 1837 2181 ποτε

259 2219 350 2271 κᾶν
403 2217 592 2281 ἀλλοις
643 2218 1022 2288 ἐπαρκέσειαν.
1073 2220 1169 2272 ’Ἐν
1217 2219 1272 2272 δέ
1327 2238 1379 2272 τι
1428 2219 1683 2292 προσθεὶς
1727 2222 1837 2284 τοῖς

259 2311 581 2380 εἰρημένοις,
630 2310 878 2381 μέγιστον
910 2309 974 2363 ἂν
1004 2311 1090 2380 εἴη
1133 2309 1498 2381 καθεωρακὼς
1524 2310 1835 2379 κεφάλαιον,

257 2401 324 2462 ῶς
345 2400 442 2471 ἤδη
480 2402 580 2454 καὶ
628 2402 732 2454 τῶν
773 2400 909 2469 ἄγαν
951 2401 1244 2472 θεοφόρων,
1278 2401 1455 2454 αὐτῶν
1494 2400 1558 2472 δὴ
1593 2398 1700 2453 τῶν
1737 2399 1839 2471 μά-

259 2494 401 2546 λιστα
436 2495 798 2566 ἱεροφαντῶν,
831 2493 1094 2563 θεολόγων
1126 2511 1184 2547 τε
1218 2495 1398 2559 αὐτοῖς
1429 2494 1524 2548 καὶ
1545 2493 1836 2566 προφητῶν

259 2583 464 2648 πλείους
493 2585 558 2636 οῦ
602 2585 759 2655 μόνον
787 2583 973 2646 πάλαι,
999 2583 1135 2637 ἀλλὰ
1165 2583 1259 2638 καὶ
1293 2583 1519 2652 ἔναγχος
1541 2580 1663 2635 καθ’
1689 2582 1836 2653 ἡμᾶς

263 2677 480 2740 αὐτοὺς,
511 2677 616 2729 ἐπὶ
659 2679 724 2747 τῇ
760 2675 1017 2747 θεοσοφίᾳ
1048 2675 1220 2744 ταύτῃ
1257 2673 1568 2744 βοηθῶτες,
1615 2672 1704 2726 δια
1737 2671 1836 2743 βα-

262 2770 425 2822 σάνων
474 2769 667 2832 αἰκίας
700 2769 791 2822 ἐπὶ
837 2768 941 2822 τῶν
971 2767 1297 2838 Ῥωμαϊκῶν
1338 2765 1700 2835 δικαστηρίων
1736 2765 1834 2836 τὴν

262 2865 428 2916 πᾶσαν
474 2861 831 2932 ἐξεφώνησαν
857 2872 878 2900 ο
919 2859 1126 2931 πλάνην
1172 2859 1376 2930 ἀνδρῶν
1420 2857 1654 2921 ἀπάταις
1695 2857 1838 2926 γίνε-

260 2953 404 3014 σθαι,
451 2954 548 3006 καὶ
579 2951 604 2990 ἀ
661 2951 912 3022 γοητείαν
964 2951 1392 3020 τετεχνασμένην
1438 2948 1497 3001 τὸ
1541 2951 1648 3002 πᾶν
1697 2943 1836 3002 εἶναι

257 3044 688 3114 ὁμολογήσαντες
707 3060 720 3071 '
752 3043 804 3095 οἵ
820 3065 878 3112 γε
900 3042 993 3095 καί
1019 3042 1110 3095 τὸν
1145 3041 1323 3094 πάντα
1363 3039 1562 3111 τρόπον
1590 3041 1688 3111 τῆς
1737 3057 1836 3094 ³⁸³⁸

1942 1940 2361 2008 prasensionem
2384 1977 2400 2000 ,
2451 1955 2624 2010 neque
2655 1938 2882 2011 Pythius
2913 1941 3028 2010 ipse
3072 1941 3138 1996 ad
3182 1958 3362 1998 rerum
3389 1959 3516 1999 sua-

1941 2046 2062 2084 rum
2094 2032 2564 2086 conservationem
2611 2033 2908 2102 quidquam
2943 2034 3167 2088 omnino
3196 2046 3400 2104 posset.
3463 2035 3521 2090 Id

1942 2121 2117 2191 ipsum
2163 2119 2411 2176 Romano
2445 2124 2570 2176 item
2619 2123 2888 2193 Capitolio
2923 2126 3067 2180 circa
3103 2125 3515 2182 Ptolemaorum

1942 2223 2186 2282 tempora
2221 2214 2520 2285 contigisse
2556 2216 2738 2285 prodit
2788 2216 3011 2270 historia
3036 2259 3051 2281 ,
3103 2219 3305 2289 quibus
3350 2221 3518 2275 etiam

1941 2303 2277 2372 temporibus
2319 2301 2496 2359 Vesta
2568 2304 2855 2360 delubrum
2904 2307 3102 2362 ibidem
3153 2309 3521 2380 conflagrasse

1939 2392 2141 2449 ferunt.
2183 2394 2448 2452 Praterea
2495 2395 2625 2452 Julii
2667 2398 2900 2452 Casaris
2947 2411 3106 2456 atate
3146 2401 3352 2472 grande
3386 2403 3518 2456 illud

1938 2497 1991 2541 et
2015 2485 2392 2560 Olympiacum
2417 2488 2640 2545 Gracia
2669 2491 3048 2557 simulacrum,
3083 2495 3230 2565 quod
3260 2494 3520 2567 Olympia

1939 2581 2220 2636 visebatur
2243 2621 2260 2646 ,
2309 2581 2540 2639 fulmine
2583 2585 2846 2642 divinitus
2886 2588 3050 2642 ictum
3081 2603 3202 2644 esse
3225 2629 3240 2652 ,
3266 2588 3519 2658 aliudque

1939 2674 2103 2728 simul
2129 2674 2284 2731 Jovis
2309 2677 2600 2747 Capitolini
2622 2679 2882 2749 templum
2911 2680 3185 2743 incendio,
3218 2680 3519 2736 Pantheum

1939 2765 2062 2835 igne
2095 2765 2362 2831 fulminis,
2400 2768 2684 2840 Serapium
2735 2771 3077 2827 Alexandria
3127 2788 3234 2827 non
3281 2773 3518 2829 absimiii

1937 2858 2361 2930 conﬂagratione
2407 2863 2661 2918 haustum
2715 2864 2944 2935 periisse
2993 2864 3232 2920 tradunt.
3273 2865 3518 2932 Quorum

1938 2951 2157 3021 quidem
2205 2954 2450 3007 omnium
2499 2957 2799 3026 perscripta
2847 2965 3063 3012 exstant
3112 2957 3255 3028 apud
3301 2958 3517 3014 Graec!

1941 3046 2090 3115 ipsos
2136 3045 2469 3101 testimonia.
2530 3048 2607 3102 Ac
2657 3048 2878 3119 longum
2934 3048 3176 3118 profecto
3208 3051 3516 3104 sermonem

258 3136 543 3204 τασκευῆς,
587 3137 678 3188 καὶ
718 3135 815 3197 τὰς
849 3133 1103 3204 μεθόδους
1140 3134 1239 3202 τῆς
1289 3132 1674 3202 κακοτεχνίας,
1717 3135 1831 3198 ταῖς

1940 3138 2214 3194 ordiretur
2236 3179 2253 3204 ,
2287 3139 2380 3209 qui
2415 3139 2628 3209 singula
2656 3153 2939 3212 recensere
2961 3141 3303 3196 numerando
3335 3142 3516 3207 vellet,

260 3229 384 3298 πρὸς
415 3229 602 3283 αὐτῶν
639 3230 696 3280 ὲν
730 3227 1112 3298 ὑπομνήμασιν
1147 3225 1459 3296 ἀφεθείσαις
1487 3229 1687 3295 φωναῖς
1718 3227 1830 3279 ἐνε-

259 3320 550 3390 γράψαντο.
585 3321 676 3373 Διὸ
696 3320 762 3390 δὴ
793 3319 886 3372 καὶ
915 3319 1012 3388 τὴν
1036 3317 1192 3384 ἀξίαν
1219 3317 1317 3388 τῆς
1348 3316 1589 3388 ὀλεθρίου
1625 3316 1830 3388 πλάνης

257 3412 398 3483 δίκην
432 3413 748 3476 ἐκτίσαντες
769 3451 784 3473 ,
825 3411 1001 3464 πάντα
1040 3410 1196 3477 λόγον
1234 3407 1611 3478 ἁνεκάλυψαν,
1646 3410 1829 3473 αὐτοῖς

260 3506 428 3575 ἔργοις
450 3506 556 3576 τὴν
581 3505 688 3558 τῶν
725 3503 1064 3575 δηλουμένων
1097 3499 1369 3565 ἀπόδειξιν
1407 3501 1828 3570 πιστωσάμενοι.

268 3597 460 3650 Ὀποίοι
495 3597 557 3650 δὲ
595 3591 735 3667 ἦσαν
763 3588 944 3657 οῦτοις
992 3594 1068 3665 μὴ
1113 3593 1177 3664 δὴ
1211 3592 1395 3665 νόμιζε
1423 3596 1531 3646 τῶν
1562 3595 1832 3666 ἀπερριμ-

262 3689 426 3757 μένων
464 3690 564 3741 καὶ
597 3687 817 3757 ἀφανῶν
845 3704 1016 3749 τινας.
1049 3687 1111 3739 Οἱ
1147 3685 1244 3756 μέν
1275 3702 1338 3751 γε
1372 3686 1554 3748 αὐτοῖς
1585 3686 1694 3739 ἀπὸ
1732 3686 1832 3756 τῆς

258 3779 573 3852 θαυμαστῆς
593 3779 796 3851 ταύτης
827 3779 919 3832 καὶ
942 3777 1193 3848 γενναίας
1218 3777 1530 3846 φιλοσοφίας
1548 3776 1834 3851 ὡρμῶντο,

259 3872 358 3926 τῶν
381 3873 530 3944 ἀμφὶ
558 3872 647 3924 τὸν
670 3871 928 3944 τρίϐωνα,
959 3870 1052 3923 καὶ
1071 3870 1170 3940 τὴν
1203 3867 1367 3939 ἄλλην
1402 3867 1573 3939 ὀφρῦν
1591 3869 1830 3923 ἀνεσπα-

259 3964 421 4018 κότων
441 3983 453 3994 ·
494 3967 543 4018 οἱ
573 3964 630 4018 δὲ
675 3965 783 4017 ἀπὺ
815 3963 924 4016 τῶν
957 3965 1016 4016 ἐν
1044 3961 1188 4016 τέλει
1227 3961 1326 4030 τῆς
1365 3959 1679 4030 Ἀντιοχέων
1713 3959 1829 4032 ἡλί-

261 4073 440 4110 σκοντο
473 4057 709 4121 πόλεως,
753 4058 802 4108 οἱ
835 4055 899 4127 δὴ
946 4054 1180 4125 μάλιστα
1231 4053 1323 4105 καί,
1355 4054 1474 4115 ταῖς
1517 4051 1638 4104 καθ’
1674 4051 1831 4122 ἡμῶν

259 4148 470 4221 ὕϐρεσιν
525 4152 582 4202 ὲν
629 4147 706 4219 τῷ
738 4148 859 4202 καθ’
901 4149 1050 4218 ἡμᾶς
1091 4144 1318 4216 διωγμῷ
1364 4145 1828 4217 λαμπρυνόμενοι.

263 4243 438 4312 Ἱσμεν
472 4241 528 4295 δὲ
559 4241 652 4296 καὶ
687 4241 777 4294 τὸν
810 4240 1100 4310 φιλόσοφον
1139 4237 1274 4308 ὁμοῦ
1310 4239 1402 4291 καὶ
1442 4239 1727 4309 προφήτην
1763 4238 1831 4294 τὰ

257 4336 408 4404 ὃμοια
427 4339 541 4398 τοῖς
570 4334 877 4405 εἰρημένοις
905 4333 1046 4386 κατὰ
1066 4332 1162 4402 τὴν
1184 4331 1420 4401 Μίλητον
1443 4331 1826 4402 ὑπομείναντα.

259 4425 432 4480 Ταῦτα
467 4428 534 4498 δή
563 4444 646 4490 τις
675 4428 770 4479 καὶ
800 4425 970 4478 πλείω
1007 4427 1210 4477 τούτων
1240 4422 1319 4476 ἔτι
1373 4422 1618 4489 συνάγων
1638 4464 1652 4487 ,
1686 4423 1827 4475 είποι

1935 3241 1994 3286 ut
2019 3231 2267 3286 omnium
2303 3231 2601 3302 subiiceret
2628 3234 2826 3296 oculis,
2860 3234 2980 3289 luce
3002 3235 3177 3304 palam
3209 3233 3513 3303 deprehen-

1932 3340 2052 3378 sum
2097 3340 2257 3387 esse,
2304 3340 2372 3380 ne
2414 3339 2444 3378 a
2495 3325 2728 3395 propriis
2781 3325 3003 3396 quidem
3061 3325 3276 3395 templis
3309 3335 3514 3394 pestem

1932 3425 2178 3470 avertere
2224 3415 2521 3484 fatiloquos
2550 3416 2796 3486 egregios
2827 3430 3066 3484 unquam
3101 3415 3345 3483 potuisse
3373 3432 3390 3469 :
3423 3417 3515 3485 qui

1932 3508 1977 3562 si
2031 3523 2099 3561 ne
2151 3509 2251 3564 sibi
2288 3509 2508 3578 quidem
2555 3510 2722 3563 tantis
2757 3510 2810 3562 in
2867 3508 3114 3564 cladibus
3173 3507 3294 3562 usui
3344 3507 3514 3569 fuere.

1932 3599 2070 3653 alios
2095 3601 2292 3669 opinor
2317 3615 2460 3671 agre
2486 3600 2780 3654 admodum
2809 3600 3002 3669 juvare
3034 3599 3328 3670 potuerint.
3371 3597 3512 3653 Idem

1933 3702 2111 3746 tamen
2141 3692 2307 3748 totius
2337 3693 2413 3747 rei
2447 3708 2717 3747 summam
2742 3701 3013 3762 caputque
3044 3691 3202 3746 facile
3227 3707 3500 3762 perspexe-

1932 3787 2023 3847 rit,
2061 3785 2106 3838 si
2136 3785 2201 3840 ad
2231 3785 2514 3855 superiora
2552 3785 2656 3838 hoc
2682 3800 2850 3838 unum
2886 3783 3173 3844 addiderit.
3198 3783 3313 3851 jam
3342 3783 3522 3837 homi-

1935 3892 2032 3932 nes
2065 3875 2117 3930 id
2147 3891 2319 3947 genus
2348 3876 2806 3947 quamplurimos,
2842 3876 2934 3946 qui
2965 3874 3295 3945 singularem
3332 3874 3508 3930 numi-

1933 3967 2020 4022 nis
2052 3966 2291 4022 afﬂatum
2335 3982 2447 4036 pra
2475 3982 2534 4022 se
2567 3965 2790 4026 ferrent.
2839 3981 2978 4036 quos
3005 3965 3092 4020 isti
3129 3966 3432 4036 pracipuos
3459 3973 3509 4018 et

1933 4073 2216 4112 sacrorum
2248 4058 2592 4128 interpretes.
2617 4067 2672 4112 et
2699 4058 2982 4129 theologos
3014 4066 3066 4110 ct
3099 4057 3390 4126 prophetas
3417 4057 3510 4112 ιιι.-

1932 4151 2142 4213 herent,
2173 4165 2278 4204 non
2310 4151 2487 4204 solum
2521 4149 2770 4211 antehac,
2790 4149 2885 4203 sed
2917 4163 3089 4218 nuper
3114 4148 3276 4203 etiam
3300 4157 3500 4204 nostra-

1933 4257 2042 4310 que
2089 4239 2354 4294 memoria
2401 4241 2597 4294 divina
2641 4240 2806 4307 hujus
2838 4239 3116 4308 sapientia
3150 4238 3370 4293 nomine
3397 4239 3510 4293 cla-

1931 4333 2182 4388 rissimos
2206 4374 2221 4397 ,
2269 4347 2395 4387 cum
2433 4333 2498 4386 ad
2531 4331 2776 4386 Romana
2810 4331 3100 4385 tribunalia
3133 4331 3270 4401 rapti
3306 4341 3508 4393 essent,

1931 4425 2294 4495 quaestionum
2325 4428 2376 4478 vi
2406 4426 2628 4480 adactos
2653 4465 2668 4485 .
2700 4424 3016 4478 universum
3045 4423 3148 4478 hoc
3172 4422 3380 4478 fraudis
3415 4439 3508 4492 ge-

259 4521 319 4573 ἆν
347 4521 420 4593 μὴ
463 4520 618 4584 Θεοὺς
669 4515 829 4582 εἶναι,
869 4518 1003 4589 μηδὲ
1059 4517 1164 4588 μὴν
1209 4517 1503 4586 δαίμονας,
1553 4517 1678 4578 τοὺς
1719 4515 1827 4567 τῶν

1937 4532 2038 4570 nus
2087 4517 2153 4570 ad
2206 4515 2453 4571 homines
2497 4517 2846 4586 decipiendos
2895 4525 3269 4585 comparatum
3324 4515 3508 4569 decla-

260 4612 392 4668 κατὲ
434 4612 618 4675 πόλεις
671 4609 1022 4683 χρηστηρίων
1075 4607 1313 4670 αἰτίους·
1368 4606 1576 4676 πλάνην
1623 4606 1679 4658 δὲ
1733 4605 1826 4658 καὶ

259 4705 464 4777 ἀπάτην
497 4705 708 4776 ἀνδρῶν
749 4703 982 4774 γοήτων.
1027 4702 1136 4755 Kal.
1178 4696 1318 4773 ἦσάν
1361 4715 1422 4767 γε
1469 4700 1597 4771 παρ’
1644 4698 1824 4762 αὐτοῖς

261 4797 504 4870 Ἕλλησιν
547 4798 666 4851 ὅλαι
711 4797 800 4851 διὰ
835 4793 1151 4864 φιλοσοφίας
1198 4792 1518 4861 διαπρεπεῖς
1559 4789 1820 4860 αἱρέσεις,

259 4891 446 4962 ταύτης
499 4891 897 4963 προῖστάμεναι
950 4888 1048 4957 τῆς
1104 4885 1292 4957 δόξης⁸
1345 4884 1420 4947 ὡς
1475 4884 1524 4935 οἱ
1568 4882 1675 4935 ἀπὸ
1731 4880 1822 4934 τοῦ

269 4986 658 5056 Ἀριστοτέλους
688 4984 780 5037 καὶ
809 4982 1008 5044 πάντες
1034 4982 1082 5032 οἱ
1111 4978 1343 5047 καθεξῆς
1374 4976 1466 5030 τοῦ
1493 4975 1821 5047 Περιπάτου,

260 5077 471 5132 Κυνικοί
495 5097 554 5133 τε
586 5080 680 5132 καὶ
719 5075 1104 5148 Ἐπικούρειοι,
1135 5073 1227 5138 οῦς
1258 5074 1350 5127 καὶ
1379 5072 1610 5143 μάλιστα
1651 5071 1822 5138 ἔγωγε

321 5256 345 5284 ι
383 5247 465 5300 τσ.
498 5245 676 5300 ἄλλον.
748 5244 777 5283 ιδ
819 5244 905 5296 Io’.
945 5241 1021 5294 δέ.

259 5403 342 5454 pra
388 5389 630 5443 laudavit
677 5386 902 5446 Euseb..
931 5401 984 5454 p.
1021 5382 1082 5435 6l
1106 5399 1121 5444 ;
1148 5379 1367 5454 Arnob.
1400 5375 1497 5454 lib.
1534 5393 1548 5430 ι
1574 5395 1605 5454 ἐ
1639 5375 1818 5454 Delius

258 5447 450 5520 Apollo.
477 5459 555 5514 vel
589 5459 824 5529 Clarius.
858 5447 1164 5529 Didymeum
1218 5449 1522 5529 Philesius“.
1550 5447 1818 5529 .Pyt’tittf.

258 5539 350 5582 etc.
378 5517 489 5584 lmo
536 5537 590 5582 et
640 5517 1202 5592 Didymaus'Jupiter
1234 5520 1436 5592 potius
1458 5517 1583 5592 dici_
1619 5517 1818 5592 pot_ui_t,

261 5616 406 5670 «piam
437 5601 630 5670 Apollo
658 5588 984 5670 Dodonaeus.
1019 5587 1092 5648 Ita
1113 5587 1270 5670 enim
1297 5587 1625 5670 gallimach.
1656 5588 1818 5670 5‘90?-

261 5657 310 5720 ίῗέ
343 5688 418 5728 τε.
453 5657 546 5724 καὶ
579 5670 679 5723 Ζεῦ
728 5667 975 5738 Διδύμων
1000 5663 1270 5738 γενάρχιπ..Δ
1292 5659 1360 5738 Et
1389 5669 1620 5738 uterque
1655 5657 1819 5738 Didyf

263 5743 366 5793 mai
406 5756 604 5809 praeses
647 5728 875 5793 oraculi:
907 5728 1688 5809 Stepliali.'i_A}8'Jpa.”:51:0;
1727 5728 1819 5778 καὶ

268 5798 497 5880 μαντεῖον
528 5811 789 5885 Μιλήτου,
818 5798 1191 5879 ἀφιερωμὲνον
1217 5799 1299 5853 Διῒ
1328 5798 1421 5854 καὶ
1469 5798 1780 5852 Ἀπόλλωνι.

1936 4625 2123 4672 rasse,
2189 4619 2470 4678 totumque
2540 4611 2814 4678 negotium
2872 4607 3177 4680 prastigias
3228 4621 3350 4661 esse
3382 4602 3509 4660 'arte

1931 4701 2264 4770 compositas
2297 4699 2474 4756 fassos
2503 4697 2690 4756 fuisse.
2734 4701 2908 4770 Atque
2939 4698 2994 4753 hi
3019 4713 3236 4754 omnem
3273 4699 3500 4755 molitio~

1930 4793 2016 4845 nis
2039 4792 2265 4848 occulta:
2316 4792 2604 4855 rationem,
2649 4800 2930 4860 totamque
2959 4792 3218 4848 malefica
3261 4791 3396 4845 artis
3425 4793 3508 4846 lu-

1930 4886 2292 4940 dificationem
2325 4886 2506 4939 verbis
2536 4884 2829 4954 ipsissimis
2849 4924 2864 4948 ,
2897 4882 3098 4951 quibus
3123 4897 3236 4936 rem
3261 4893 3388 4936 ante
3412 4900 3509 4954 pa-

1927 4976 2243 5040 tefeceram,
2279 4977 2332 5030 in
2355 4983 2473 5029 acta
2502 4975 2714 5045 publica
2739 4974 3044 5029 retulerunt
3075 4992 3088 5026 :
3116 4974 3307 5043 sicque
3329 4972 3508 5041 justas

1925 5068 2163 5122 exitialis
2193 5066 2400 5121 fraudis
2433 5080 2624 5135 poenas
2653 5065 2898 5129 luentes,
2959 5061 3222 5133 quidquid
3279 5063 3506 5128 latebat,

1099 5251 1120 5280 ε
1164 5256 1252 5308 γρ.
1296 5235 1579 5306 ἐξέφηναν.
1655 5235 1680 5273 ἀ
1723 5236 1827 5292 del.
1861 5235 1972 5288 καί.

1999 5373 2111 5496 (Ξῇ
2152 5373 2444 5427 Πάνθεον.
2485 5367 2845 5425 Communior
2891 5379 2956 5418 ac
3010 5360 3206 5416 melior
3233 5362 3503 5432 scriptura

1999 5483 2026 5496 ..
2105 5443 2338 5496 ἀνθειον.
2375 5445 2579 5496 uelum.
2610 5438 2936 5496 diuhthong.

1923 5438 2026 5504 est,
2055 5438 2338 5501 Πάνθειαν,
2375 5445 2579 5511 penult.
2610 5438 2936 5511 diphthong.

1998 5514 2108 5583 (24)
2152 5517 2215 5566 Ol
2262 5512 2333 5566 δέ
2369 5504 2545 5581 pnes,
2593 5504 2707 5583 etcf.
2740 5504 3049 5583 Levesatis
3092 5511 3502 5583 argumentum,

1923 5573 2048 5640 cum
2084 5573 2138 5638 et
2169 5573 2478 5637 Iudaeorum
2509 5591 2563 5637 et
2582 5579 3018 5634 Christianorum
3055 5573 3253 5644 templa
3285 5587 3392 5644 non
3419 5587 3504 5627 sc-

1927 5656 2032 5709 mel
2061 5655 2224 5709 etiam
2241 5653 2628 5724 conflagrarint
2653 5667 2666 5724 :_
2697 5649 2803 5702 nisi
2838 5643 3423 5724 addideris,quod.lih.
3449 5657 3500 5697 vt

1928 5725 2202 5795 pluribus.
2237 5718 2514 5777 damones
2576 5721 2671 5775 fati
2732 5720 3057 5795 necessitate
3090 5718 3282 5780 victos,
3317 5718 3501 5767 incen-

1930 5790 2080 5851 dium
2116 5797 2185 5850 ab
2215 5797 2281 5849 iis
2309 5795 2578 5863 depellere
2610 5806 2717 5846 non
2747 5790 3013 5862 potuisse.
