4024 6408
293 410 382 464 ΞΗ

1426 402 1748 464 ΡΒᾸΞΡΑΒ.
1791 404 2042 462 EVANG.
2085 405 2213 460 LIB.
2253 405 2340 459 IV.

3434 405 3539 460 2η

293 520 780 593 προαγορευθέντα,
803 519 1000 590 μᾶλλον
1023 520 1079 573 δὲ
1101 520 1172 573 τὰ
1202 519 1426 574 πλεῖστα
1453 521 1630 575 αὐτῶν
1659 523 1692 592 ἡ
1718 522 1826 594 ἐνέι

1929 524 2220 581 lnunliata
2268 531 2420 590 sunt,
2473 522 2711 587 evenire,
2758 522 2868 576 imo
2915 537 3073 577 secus
3099 521 3316 577 evenire
3346 537 3540 592 quam-

291 633 398 683 γεια
426 613 539 681 (27)
559 613 850 666 δείκνυσιν.
870 611 1028 665 Οὕτω
1041 613 1142 682 τὴν
1165 610 1438 676 ἀπόδειξιν
1469 614 1600 684 ἡμῖν
1616 612 1863 686 Χρύσιπ-

285 723 374 769 πος
415 703 705 773 κεκόμικε,
752 705 818 756 δι’
850 703 1094 775 ἀλλήλων
1127 705 1550 768 κατασκευάζων
1599 704 1856 777 ἑκάτερα.

282 800 346 850 Τὸ
375 798 473 866 μὲν
501 797 619 866 γὰρ
643 796 819 850 πάντα
851 795 1098 864 γίνεσθαι
1143 795 1269 849 καθ’
1301 795 1640 866 εἱμαρμένην
1669 798 1734 850 ἐκ
1765 797 1859 850 τοῦ

282 888 538 959 μαντικὴν
569 885 718 942 εἶναι
734 889 1006 942 δεικνύναι
1039 888 1322 958 βούλεται·
1354 889 1414 942 τὸ
1444 889 1501 941 δὲ
1545 884 1683 942 εἶναι
1720 907 1856 960 μαν-

279 979 418 1049 τικὴν
447 980 554 1032 ούκ
587 979 656 1033 ἂν
688 980 863 1044 ἄλλως
887 981 1168 1047 ἀποδεῖξαι
1194 980 1430 1046 δύναιτο,
1462 982 1507 1033 εἰ
1550 980 1625 1052 μὴ
1653 981 1855 1051 προλά-

277 1074 348 1124 ϐοι
389 1071 448 1123 τὸ
498 1072 683 1124 πάντα
718 1071 1035 1143 συμϐαίνειν
1069 1072 1190 1125 καθ’
1235 1074 1596 1144 εἱμαρμένην.
1630 1075 1785 1138 Ποῖος
1811 1074 1854 1127 δ’

277 1164 334 1215 ἄν
362 1160 774 1233 μοχθηρότερος
812 1163 1012 1235 τρόπος
1034 1161 1364 1226 ἀποδείξεως
1389 1160 1580 1214 τούτου
1607 1161 1852 1230 γένοιτο;

275 1255 338 1307 τι
365 1254 471 1325 γὰρ
495 1254 822 1307 ἀποϐαίνειν
853 1254 973 1307 τινὰ
1004 1253 1146 1308 κατά
1174 1254 1271 1326 τὴν
1304 1254 1584 1326 ἐνέργειαν
1620 1248 1695 1308 ὧν
1721 1273 1854 1326 προ-

273 1345 503 1412 λέγουσιν
528 1346 582 1397 οἰ
611 1345 855 1416 μάντεις,
877 1345 938 1398 ού
960 1344 1053 1398 τοῦ
1085 1344 1352 1416 μαντικὴν
1378 1346 1689 1416 ἐπιστήμην
1712 1339 1852 1398 εἶναι

273 1441 481 1506 σημεῖον
531 1435 600 1490 ἂν
649 1438 762 1508 εῖη,
797 1436 934 1490 ἀλλά
977 1437 1070 1491 τοῦ
1100 1438 1338 1507 τυχικῶς
1369 1438 1700 1509 συμπίπτειν
1731 1441 1851 1502 ταῖς

271 1528 702 1599 προαγορεύσεσι
737 1527 1062 1598 συμφώνους
1088 1527 1188 1592 τὰς
1219 1528 1472 1592 ἐκϐάσεις
1490 1544 1505 1559 ·
1541 1529 1677 1601 ὅπερ
1707 1529 1849 1582 οὐδε-

271 1622 387 1689 μίαν
417 1622 554 1690 ημῖν
597 1623 917 1692 ἐπιστήμην
948 1621 1342 1676 ὑποδείκνυσιν.
1381 1622 1515 1675 Οὐδὲ
1560 1623 1668 1694 γὰρ
1699 1622 1847 1688 τοξό-

269 1731 354 1783 την
382 1713 446 1766 ἂν
474 1715 736 1785 εἴποιμεν
765 1715 1105 1786 ἐπιστήμονα
1135 1714 1225 1768 τὸν
1264 1714 1412 1779 ἅπαξ
1444 1715 1574 1768 ποτέ
1614 1718 1844 1786 τυχόντα

268 1803 350 1857 τοῦ
384 1804 619 1870 σκοποῦ,
671 1804 932 1869 πολλάκις
981 1806 1038 1860 δέ
1084 1807 1531 1877 ἀποτυγχάνοντα
1553 1821 1569 1837 ⁸
1602 1806 1721 1860 οὐδὲ
1757 1809 1839 1860 ia-

1966 615 2202 685 plurima
2244 616 2418 671 oculis
2443 599 2592 684 ‘ipsis
2635 614 2875 683 quotidie
2920 614 3219 669 videamus.
3280 611 3368 669 Sic
3407 631 3537 686 ergo

1965 707 2124 762 nobis
2150 722 2310 761 suum
2338 706 2469 760 illud
2497 704 2832 776 Chrysippus
2870 715 3248 775 argumentum
3273 706 3548 772 obtrudit,

1965 809 2023 855 ut
2048 799 2280 853 alterum
2324 796 2564 852 vicissim
2595 811 2659 851 ex
2687 795 2860 850 altero
2892 795 3131 866 colligat.
3187 794 3322 850 Nam
3348 804 3401 851 et
3428 799 3538 852 l'ato

1962 903 2155 948 cuncta
2189 891 2302 946 fieri
2330 906 2396 945 ex
2425 904 2511 953 eo,
2554 888 2698 958 quod
2733 888 2994 942 divinatio
3035 888 3126 952 sit,
3179 889 3413 957 probare
3443 906 3535 944 coo-

1961 995 2141 1048 natur,
2175 1000 2275 1038 nec
2303 992 2481 1036 tamen
2510 979 2897 1034 divinationem
2944 995 3066 1034 esse
3106 979 3261 1034 aliter
3291 997 3532 1050 unquam

1959 1078 2192 1147 probare
2220 1075 2414 1146 possit,
2447 1073 2551 1127 nisi
2579 1074 2729 1142 prius
2754 1072 2908 1136 illud,
2945 1072 3123 1125 omnia
3154 1072 3264 1126 fato
3291 1072 3530 1137 evenire,

1957 1179 2158 1226 sumat.
2189 1168 2320 1236 Quae
2348 1177 2528 1221 autem
2574 1165 2989 1234 argumentandi
3018 1165 3158 1219 ratio
3181 1165 3263 1219 vel
3293 1164 3533 1235 iniquior

1956 1261 2039 1315 vel
2063 1259 2292 1330 ineptior
2337 1272 2462 1312 esse
2489 1256 2692 1326 queat?
2725 1254 2859 1308 Nam
2895 1255 3039 1324 quod
3077 1271 3144 1310 ex
3173 1255 3259 1322 iis,
3305 1272 3426 1326 quae
3450 1256 3533 1311 di-

1954 1353 2063 1408 vini
2102 1351 2486 1423 praanuntiant,
2521 1349 2779 1404 nonnulla
2807 1348 3136 1419 quandoque
3165 1363 3225 1402 re
3256 1347 3370 1417 ipsa
3399 1364 3532 1404 con-

1953 1449 2183 1517 tingant,
2204 1446 2256 1500 id
2278 1460 2386 1500 non
2412 1443 2524 1514 jam
2557 1441 2908 1497 divinationis
2943 1449 3113 1495 artem
3145 1441 3383 1512 aliquam
3408 1458 3530 1499 esse

1952 1549 2273 1612 argumento
2302 1547 2422 1604 est,
2472 1538 2563 1595 sed
2593 1537 2774 1608 potius
2811 1524 2940 1590 casu
2972 1535 3085 1588 fieri
3107 1574 3122 1600 ,
3159 1535 3204 1590 si
3239 1535 3360 1605 quis
3391 1552 3529 1592 non-

1950 1649 2230 1704 nunquam
2265 1641 2494 1688 eventus
2528 1647 2650 1686 eum
2675 1644 2864 1684 eorum
2905 1627 3254 1698 praedictione
3291 1641 3525 1681 consen-

1950 1725 2067 1779 tiat.
2109 1723 2164 1778 Id
2195 1723 2338 1794 quod
2368 1723 2570 1777 nullam
2618 1737 2750 1776 sane
2800 1719 3080 1776 scientiam
3110 1733 3232 1773 csse
3262 1718 3522 1773 declarat.

1946 1817 2055 1873 Nec
2075 1817 2219 1872 enim
2246 1857 2260 1880 ,
2313 1819 2505 1886 opinor
2527 1856 2542 1881 ,
2586 1816 2843 1871 scientem
2878 1813 3026 1866 illutn
3061 1812 3400 1882 peritumque
3430 1828 3521 1868 sa-

265 1895 378 1968 ·ιρδν
408 1895 501 1949 τὺν
549 1895 884 1968 ἀναιροῦντα
926 1897 1051 1960 τοὺς
1083 1898 1303 1962 πλείους
1329 1898 1437 1952 τῶν
1472 1897 1826 1970 θεραπευομέ-

1945 1909 2221 1980 gittarium
2257 1909 2578 1972 dixerimus,
2616 1907 2708 1975 qui
2739 1920 2862 1960 eum
2893 1904 3058 1959 semel
3083 1902 3377 1974 aliquando
3404 1903 3520 1958 col-

265 2005 357 2039 νων
379 1987 469 2039 ὑπ’
496 1986 696 2046 αὐτοῦ.
719 1988 815 2041 ἕνα
841 1989 894 2042 δέ
926 2007 1056 2043 ποτε
1079 1989 1341 2044 διασῶσαι
1367 1989 1693 2061 δυνηθένταο
1723 1991 1840 2044 ούδέ

261 2078 380 2142 ὅλως
433 2081 755 2151 ἐπιστήμην
803 2081 1033 2153 λέγομεν
1077 2081 1175 2154 τὴν
1228 2083 1302 2153 μὴ
1349 2082 1608 2153 πάντα,ἢ
1663 2083 1731 2137 τά
1775 2099 1839 2151 γε

261 2171 473 2223 πλεῖστα
524 2171 642 2224 τῶν
683 2173 900 2227 οἰκείων
947 2173 1123 2245 ἔργων
1168 2173 1558 2246 κατορθοῦσαν.
1613 2175 1734 2227 Ὅτι
1783 2174 1838 2227 δὲ

259 2261 694 2333 ἀποτυγχάνεται
727 2264 794 2317 τά
823 2265 990 2319 πολλὰ
1023 2269 1135 2329 τοῖς
1168 2265 1525 2338 καλουμένοις
1559 2266 1835 2338 μάντεσιν,

257 2358 283 2410 ὁ
311 2358 408 2418 πᾶς
436 2356 549 2409 τῶν
580 2356 886 2430 ἀνθρώπων
920 2357 1032 2428 βίος
1070 2359 1280 2430 μάρτυς
1333 2357 1400 2412 ἂν
1427 2357 1534 2430 εἴη,
1572 2360 1666 2412 καὶ
1693 2353 1837 2412 οὗτοί

255 2465 307 2502 τε
352 2451 523 2514 αὐτοὶ,
561 2451 619 2502 οἰ
664 2450 762 2522 τὴν
815 2449 1080 2521 μαντικὴν
1131 2450 1587 2522 ἐπαγγελλόμενοι
1619 2451 1834 2521 τέχνην,

255 2541 362 2609 οὐχὶ
387 2540 476 2593 διά
498 2541 712 2611 ταύτης
739 2543 953 2604 ἑαυτοῖς
988 2541 1307 2611 βοηθοῦντες
1337 2544 1396 2595 ἐν
1424 2546 1544 2606 ταῖς
1575 2542 1717 2596 κατά
1744 2541 1834 2595 τὸν

258 2633 356 2701 βίον
387 2633 632 2702 χρείαις,
657 2633 792 2686 ἀλλὰ
814 2632 1007 2703 γνώμῃ
1039 2648 1099 2685 τε
1131 2632 1238 2704 ἰδία
1263 2634 1394 2686 ποτέ
1427 2631 1717 2704 χρώμενοι,
1742 2635 1835 2686 καὶ

257 2723 517 2795 συμϐουλῇ
546 2724 648 2777 καὶ
686 2724 969 2796 συνεργείᾳ
995 2724 1103 2778 τῶν
1136 2728 1196 2779 ἐν
1225 2725 1475 2788 ἑκάστοις
1528 2724 1637 2779 τῶν
1691 2743 1807 2798 πρα

253 2815 464 2884 γμάτων
505 2817 813 2889 ἐμπειρίαν
860 2817 1158 2887 κεκτῆσθαι
1187 2818 1611 2888 νενομισμένων.
1675 2817 1832 2870 Ἀλλά

255 2906 366 2976 περί
395 2906 494 2975 μὲν
533 2906 634 2960 τοῦ
684 2908 758 2978 μὴ
791 2907 1110 2962 συνεστάναι
1139 2907 1316 2973 τοῦτο,
1349 2907 1378 2960 ὃ
1421 2905 1831 2978 προειλήφαμεν

255 2997 504 3066 μαντικὴν
535 2998 745 3061 καλεῖν,
771 2999 828 3051 ἐν
851 2998 1029 3062 ἄλλοις
1054 2998 1407 3071 ἀποδώσομεν
1438 2997 1828 3072 πληρέστερον,

253 3091 671 3162 παρατιθέμενοι
720 3093 789 3146 τὰ
845 3090 1153 3163 Ἐπικούρῳ
1198 3092 1293 3146 καὶ
1334 3090 1464 3164 περί
1505 3089 1698 3143 τούτου
1743 3089 1831 3143 δο-

253 3184 462 3237 κοῦντα·
501 3187 633 3238 νυνὶ
658 3185 716 3240 δὲ
746 3184 998 3238 τοσοῦτον
1037 3187 1148 3248 τοῖς
1181 3184 1491 3255 εἰρημένοις
1526 3181 1828 3254 προσθήσο-

1944 2000 2162 2055 linearit
2208 1999 2261 2053 in
2306 2013 2568 2068 scopum,
2611 1995 2682 2052 ab
2721 1994 2910 2050 eodem
2965 1993 3164 2063 szepius
3217 1993 3519 2058 aberravit;

1942 2103 2037 2149 aut
2063 2093 2333 2148 medicum
2367 2107 2514 2157 eum,
2542 2091 2635 2159 qui
2662 2105 2801 2159 quos
2832 2089 2946 2158 ipse
2976 2095 3150 2151 curet,
3173 2095 3379 2156 partem
3404 2102 3518 2141 ma-

1942 2187 2142 2242 ximam
2183 2200 2306 2239 cum
2355 2184 2661 2246 interimat,
2713 2197 2881 2236 unum
2940 2179 3173 2234 fortasse
3205 2178 3517 2248 quempiam

1940 2294 2159 2334 servare
2204 2277 2440 2348 potuerit
2489 2296 2502 2331 :
2557 2291 2656 2331 nec
2698 2275 2922 2330 omnino
2955 2272 3237 2328 scientiam
3268 2272 3518 2325 nomina-

1939 2385 2063 2426 mus
2087 2369 2249 2424 ullam
2271 2411 2286 2436 ,
2321 2369 2425 2424 nisi
2454 2385 2576 2439 quae
2596 2409 2611 2433 ,
2638 2367 2683 2422 si
2716 2381 2824 2421 non
2861 2365 3043 2420 omnia
3068 2405 3082 2430 ,
3132 2379 3254 2434 qua:
3275 2363 3358 2418 sui
3388 2371 3517 2418 sunt

1938 2461 2220 2524 muneris,
2279 2468 2334 2516 at
2382 2460 2636 2531 pleraque
2678 2457 2812 2513 scite
2854 2455 3192 2526 feliciterque
3248 2454 3512 2526 perficiat.

1935 2552 2054 2609 Jam
2098 2568 2228 2609 vero
2261 2567 2360 2609 sua
2403 2561 2552 2607 vates
2594 2551 2726 2607 istos
2771 2550 2825 2604 in
2875 2548 3128 2620 plurimis
3177 2547 3514 2603 divinatione

1937 2644 2088 2711 falli,
2126 2659 2236 2698 non
2269 2643 2432 2698 modo
2474 2645 2582 2697 vita
2627 2641 2936 2695 mortalium
2969 2639 3256 2706 universa,
3299 2639 3391 2694 sed
3435 2637 3508 2692 illi

1932 2737 2095 2792 etiam
2127 2735 2268 2804 ipsi,
2303 2733 2396 2804 qui
2429 2732 2707 2788 divinandi
2739 2737 2909 2784 artem
2940 2728 3294 2799 profitentur,
3345 2737 3510 2782 testes

1934 2842 2057 2882 esse
2081 2825 2330 2896 possint,
2364 2823 2566 2894 quippe
2610 2821 2703 2891 qui
2737 2819 2804 2875 ab
2831 2835 2893 2873 ea
2937 2818 3073 2873 nihil
3117 2818 3234 2887 opis
3269 2816 3333 2871 ad
3376 2831 3510 2871 usus

1933 2917 2057 2972 vitae
2083 2915 2434 2987 quotidianos
2474 2914 2776 2982 accipiant,
2809 2911 2899 2967 sed
2935 2919 3157 2965 utantur
3191 2909 3388 2980 partim
3419 2909 3508 2979 ju-

1931 3009 2076 3064 dicio
2119 3023 2256 3072 suo,
2292 3006 2491 3078 partim
2537 3005 2769 3060 aliorum
2817 3003 3048 3058 consilio
3095 3002 3298 3072 pariter
3344 3012 3508 3072 atque

1929 3100 2174 3167 auxilio,
2209 3099 2304 3170 qui
2347 3113 2528 3152 rerum
2583 3097 2920 3166 singularum
2965 3095 3304 3164 experientes
3351 3110 3504 3150 com-

1930 3191 2081 3246 muni
2108 3190 2365 3260 Opinione
2387 3189 2713 3245 habeantur.
2754 3186 2955 3242 Verum
2990 3186 3124 3240 nihil
3153 3185 3310 3256 plane
3335 3185 3505 3239 firmi-

254 3294 360 3345 μεν,
388 3277 469 3330 ᾶτι
527 3277 765 3349 μάλιστα
811 3277 924 3349 (28)
977 3277 1074 3348 μέν
1102 3277 1163 3329 τὸ
1210 3275 1493 3347 ἀληθεύειν
1526 3274 1657 3327 ποτέ
1698 3274 1822 3338 τοὺς

1929 3282 2052 3339 tatis
2095 3282 2334 3348 habere,
2377 3295 2543 3350 quam
2591 3278 2751 3348 vulgo
2801 3277 3186 3331 divinationem
3231 3276 3504 3346 appellare

250 3369 612 3440 καλουμένους
666 3369 886 3439 μάντεις
907 3371 964 3422 ἐν
1007 3371 1128 3432 ταῖς
1178 3365 1663 3438 προαγορεύσεσιν,
1720 3363 1820 3416 οὐκ

252 3462 572 3534 ἐπιστήμης,
620 3461 755 3516 ἀλλὰ
793 3462 1016 3532 τυχικῆς
1060 3461 1239 3524 αἰτίας
1288 3460 1447 3531 ἔργον
1476 3459 1543 3513 ἂν
1591 3457 1699 3528 εἴη.
1743 3456 1818 3510 Οὐ

249 3550 344 3621 γὰρ
379 3552 435 3604 τὸ
496 3552 639 3622 μηδὲ
693 3550 911 3606 πώποτε
958 3551 1052 3604 τοῦ
1095 3551 1457 3621 προκειμένου
1505 3547 1816 3620 τυγχάνειν,

249 3641 369 3694 ἀλλὰ
411 3643 471 3696 τὸ
525 3645 605 3715 μὴ
661 3645 893 3698 πάντοτε
962 3643 1084 3715 μηδ’
1138 3644 1214 3708 ὡς
1265 3643 1358 3696 ἐπὶ
1411 3641 1471 3696 τὸ
1525 3641 1776 3694 πλεῖστον
1800 3677 1814 3701 ,

251 3735 359 3804 μηδ’
413 3735 472 3800 ἐξ
526 3737 868 3808 ἐπιστήμης,
923 3737 1051 3789 ὅταν
1083 3753 1166 3800 τις
1210 3736 1303 3790 καί
1361 3750 1489 3787 ποτε
1545 3731 1810 3802 τυγχάνῃ,

249 3823 399 3893 τύχῃς
434 3826 599 3896 ἔργον
619 3826 800 3880 καλεῖν
835 3826 1262 3898 προειλήφαμεν,
1285 3825 1333 3877 οἰ
1365 3821 1698 3891 διειληφότες
1719 3820 1816 3882 τὰς

251 3916 330 3983 6:9'
354 3917 583 3971 ἕκαστον
611 3918 782 3989 ὄνομα
807 3919 1148 3988 τεταγμένας
1180 3919 1428 3990 ἐναργεῖς
1459 3915 1665 3978 ἐννοίας
1699 3915 1818 3968 ἐαυ-

248 4008 360 4062 τῶν.
407 4013 642 4064 Ἔπειτα
671 4013 718 4064 εἰ
753 4013 846 4066 καὶ
875 4013 995 4065 καθ’
1023 4011 1277 4064 ὑπόθεσιν
1315 4007 1384 4082 ἦν
1417 4009 1634 4080 ἀληθὲς,
1660 4005 1722 4060 τὸ
1751 4006 1814 4078 δὴ

249 4104 334 4172 τὴν
365 4107 632 4176 μαντικὴν
664 4107 770 4159 τῶν
816 4105 1116 4176 μελλόντων
1146 4105 1398 4158 ἁπάντων
1431 4101 1572 4157 εἶναι
1607 4102 1814 4172 θεωρη-

247 4196 385 4264 τικήν
426 4213 486 4248 τε
516 4199 611 4250 καὶ
650 4199 1148 4270 προαγορευτικήνο
1201 4196 1260 4249 τὸ
1322 4195 1420 4266 μέν
1461 4195 1640 4247 πάντα
1691 4190 1812 4244 καθ’

249 4287 571 4374 εἱμρρμὲνην
622 4284 760 4341 εἶναι
823 4291 1084 4361 συνήγετο
1137 4287 1203 4342 ἂν
1249 4286 1454 4351 οὕτως·
1506 4286 1566 4339 τὸ
1628 4283 1814 4355 μέντοι

247 4379 480 4446 χρειῶδες
501 4380 675 4446 αύτῆς
708 4382 801 4435 καὶ
834 4381 1093 4451 βιωφελὲς
1125 4382 1225 4434 οὐκ
1245 4381 1312 4435 άν
1347 4397 1478 4434 ποτε
1508 4378 1804 4441 ἐδείκνυτο,

247 4467 317 4520 διὸ
355 4471 444 4523 καὶ
476 4471 712 4541 μάλιστα
750 4473 1073 4544 Χρύσιππος
1105 4474 1252 4528 δοκεῖ
1275 4475 1462 4546 ὑμνεῖν
1492 4472 1588 4544 τὴν
1622 4484 1812 4542 μαντι-

247 4561 350 4628 κήν.
373 4562 433 4614 Τί
454 4563 564 4632 γάρ
585 4564 776 4631 ὄφελος
807 4567 940 4635 ἡμῖν
970 4561 1038 4636 ἦν
1062 4567 1464 4638 προμανθάνειν
1493 4565 1561 4618 τὰ
1593 4563 1808 4620 πάντως

247 4651 454 4720 ἐσόμενα
484 4655 738 4726 δυσχερῆ,
767 4657 803 4710 ἆ
839 4658 961 4710 ούδέ
1003 4659 1449 4730 προφυλάξασθαι
1481 4658 1704 4712 δυνατὸν
1738 4658 1804 4711 ἂν

246 4743 348 4812 sit};
375 4746 437 4799 τά
469 4747 577 4817 γὰρ
606 4747 727 4801 καθ’
755 4750 1090 4820 εἱμαρμένην
1127 4762 1152 4789 ιι
1183 4751 1454 4819 γενέσθαι,
1489 4750 1606 4815 πῶς
1632 4751 1697 4805 ἄν
1721 4767 1804 4812 τις

248 4835 564 4903 φυλάξασθαι
606 4839 858 4906 δύναιτο;
909 4841 1057 4895 Ὦστ’
1097 4843 1249 4896 οὐδὲν
1289 4843 1478 4912 ὅψελος
1526 4845 1657 4914 ἡμῖν
1701 4841 1802 4911 τῆς

249 4931 508 5001 μαντικῆς,
558 4931 756 5001 μᾶλλον
798 4932 856 4985 δέ
889 4934 985 4986 καὶ
1017 4935 1153 5005 πρὸς
1202 4935 1371 4989 κακοῦ
1412 4953 1556 4998 τινος
1599 4934 1804 5004 ἐγίνετο

247 5017 301 5068 ἂν
344 5021 493 5094 αὕτη,
539 5022 600 5076 τὸ
660 5024 1054 5096 προλυπεὶᾙϐαι
1103 5027 1282 5099 μάτην
1335 5029 1653 5099 παρέχουσα.
1682 5030 1799 5091 τοῖς

247 5109 523 5182 ἀνθρώποις
570 5117 662 5169 ἐπὶ
701 5121 820 5181 ταῖς
860 5117 1261 5189 προλαϐοῦσαις
1308 5120 1648 5191 δυσχερείαις
1681 5123 1800 5173 κατ’

247 5201 462 5275 ἀνάγκην
491 5208 796 5278 ἐσομέναις.
837 5209 912 5262 Ού
937 5209 1047 5280 γάρ
1077 5211 1176 5282 τὴν
1206 5211 1326 5282 ἴσην
1361 5212 1524 5265 πάλιν
1545 5211 1802 5283 εὐφροσύ-

247 5309 328 5362 νην
371 5298 622 5368 παρέχειν
653 5317 737 5363 τις
783 5304 943 5373 φήσει
983 5304 1080 5376 τὴν
1122 5304 1230 5357 τῶν
1263 5305 1541 5374 ἐσομένων
1580 5304 1800 5373 ἀγαθῶν

244 5389 639 5461 προαγόρευσιν
667 5393 964 5467 ἐπειδήπερ
991 5399 1092 5467 οὐχ
1121 5397 1292 5460 οὕτως
1328 5397 1573 5466 πέφυκεν
1598 5395 1801 5469 ἄνθρω-

303 5527 326 5554 ι
362 5519 479 5572 add.
520 5521 797 5591 μέλλοντα.

308 5649 402 5738 (9:7)
439 5659 1039 5738 flijtérb’épﬁta.
1081 5660 1285 5738 Pendet
1314 5666 1798 5732 sententia.Quare

247 5727 353 5804 Μδι
398 5727 569 5804 αὐτῶν
615 5732 735 5804 addi
773 5727 946 5801 possit
975 5733 1048 5804 μὴ
1095 5734 1386 5804 ἀποϐῆναι,
1437 5739 1520 5791 vel
1566 5727 1795 5792 ἀποϐαί-

249 5802 353 5840 [ιν.
384 5824 444 5833 —
467 5795 603 5869 Lege
633 5795 900 5870 ἐνάργεια.

312 5859 403 5882 lJﬂk
447 5868 501 5882 Ἀ
675 5870 686 5882 ³
712 5875 727 5882 ⁸

312 5859 404 5932 (εδ-3)
447 5859 569 5921 ’0τῖ
603 5859 869 5938 addicta
914 5876 1048 5944 μέν.
1095 5875 1256 5934 Forte
1309 5879 1525 5945 melius,
1565 5879 1796 5948 μάλιστα

1920 3373 2306 3432 consuevimus
2329 3413 2344 3438 ,
2397 3371 2523 3426 alibi
2573 3369 2748 3425 fusius
2793 3370 3142 3424 ostendemus
3166 3408 3179 3433 ,
3214 3368 3302 3421 ubi
3337 3368 3499 3422 etiam

1919 3464 2141 3535 Epicuri
2183 3465 2285 3520 hac
2333 3463 2401 3518 de
2439 3478 2498 3517 re
2549 3459 2876 3516 sententiam
2923 3458 3279 3530 proferemus.
3346 3457 3502 3512 Nunc

1915 3567 2100 3613 autem
2135 3572 2304 3612 unum
2335 3557 2512 3612 solum
2543 3563 2639 3610 aut
2670 3554 2902 3610 alterum
2949 3552 3016 3606 ad
3048 3567 3110 3606 ea
3135 3593 3148 3616 ,
3202 3567 3325 3622 qua:
3356 3552 3498 3606 dicta

1919 3658 2080 3714 sunt,
2131 3649 2528 3719 adjungemus;
2570 3659 2735 3719 atque
2782 3648 2885 3702 hoc
2926 3647 2979 3700 in
3027 3645 3251 3715 primis,
3282 3645 3425 3714 quod
3460 3643 3496 3696 ii

1918 3756 2312 3810 nonnunquam
2336 3756 2463 3796 vera
2489 3740 2884 3812 prrenuntient,
2913 3738 3007 3810 qui
3035 3747 3184 3793 vates
3213 3737 3497 3792 nominan-

1919 3845 2008 3890 tur
2033 3875 2048 3900 ,
2080 3836 2132 3890 id
2165 3851 2273 3890 non
2306 3835 2548 3890 scientia:
2571 3875 2587 3900 ,
2622 3834 2716 3889 sed
2746 3834 2898 3889 casui
2939 3831 3326 3904 assignandum
3353 3846 3494 3885 esse.

1916 3925 2028 3982 Nec:
2047 3927 2192 3982 enim
2222 3926 2345 3997 eius
2367 3926 2468 3992 rei,
2494 3941 2655 3997 quam
2682 3925 3014 3994 propositam
3040 3923 3314 3987 habueris,
3346 3937 3498 3976 eom-

1916 4026 2095 4089 potetn
2130 4018 2245 4072 ﬁeri
2272 4033 2577 4088 nunquam,
2614 4015 2775 4087 138
2796 4014 2890 4070 sed
2927 4030 3100 4085 neque
3136 4029 3371 4085 semper,
3400 4029 3496 4067 ne»

1915 4125 2024 4180 que
2056 4119 2114 4164 ut
2145 4109 2442 4178 plurimum
2466 4151 2482 4176 ,
2510 4125 2687 4180 neque
2710 4149 2727 4176 ,
2763 4109 2809 4164 si
2853 4108 3074 4178 quando
3110 4121 3336 4177 compos
3371 4108 3490 4169 tias,

1914 4201 2141 4256 scientia
2171 4201 2324 4267 fieri;
2358 4201 2464 4258 hoc
2490 4203 2707 4257 demum
2737 4213 2820 4258 est
2839 4243 2854 4266 ,
2891 4203 3036 4272 quod
3060 4199 3292 4257 fortuna:
3319 4203 3488 4256 tribu--

1913 4296 2114 4350 endum
2141 4297 2335 4352 merito
2363 4305 2628 4363 censent,
2674 4297 2768 4367 qui
2814 4308 3029 4367 apertas
3066 4296 3491 4367 significationes

1914 4387 2030 4442 suis
2059 4403 2306 4459 quasque
2331 4389 2557 4446 vocibus
2589 4390 2880 4444 attributas
2911 4390 3245 4459 distinguere
3271 4389 3371 4443 rite
3401 4403 3492 4441 no-

1913 4489 2060 4531 runt.
2119 4476 2324 4532 Deinde
2350 4479 2512 4533 etiam
2547 4478 2678 4534 illud
2706 4521 2720 4544 ,
2759 4478 2972 4534 tametsi
3001 4479 3256 4533 daremus
3298 4469 3486 4532 verum

1911 4584 2055 4635 esse,
2082 4569 2227 4639 quod
2259 4585 2290 4623 a
2311 4570 2615 4640 Chrysippo
2638 4571 2874 4624 sumitur
2893 4611 2908 4636 ,
2959 4569 3278 4625 divinationi
3308 4569 3486 4623 futura

1914 4665 2096 4719 omnia
2133 4665 2514 4734 praesentiendi
2561 4681 2626 4719 ac
2673 4665 2996 4735 praedicendi
3034 4665 3144 4718 vim
3175 4665 3388 4731 inesse;
3422 4679 3485 4717 ex

1906 4771 1972 4811 eo
2001 4756 2220 4826 quidem
2263 4756 2388 4826 jure
2435 4757 2684 4812 concludi
2732 4772 2926 4826 posse,
2973 4757 3086 4811 fato
3112 4764 3304 4813 cuncta
3333 4755 3484 4817 ﬁeri;

1907 4863 2017 4902 non
2049 4856 2230 4902 tamen
2270 4848 2441 4918 hujus.
2469 4849 2602 4904 artis
2644 4850 3084 4903 commoditatem
3108 4849 3173 4902 ad
3201 4849 3321 4902 vita:
3354 4863 3487 4901 usus

1906 4940 2143 5009 aliquam
2165 4940 2280 4995 ullo~
2299 4941 2464 4995 modo
2483 4941 2871 5007 demonstrari,
2889 4940 3048 5010 cujus
3068 4940 3304 4994 maxime
3321 4956 3485 4994 causa

1904 5031 2294 5087 divinationem
2345 5033 2642 5102 praedicare
2689 5033 3029 5105 Chrysippus
3064 5034 3296 5087 videtur.
3347 5021 3483 5087 Nam

1903 5124 2034 5192 quid
2085 5124 2244 5180 nobis
2294 5125 2508 5180 tandem
2561 5142 2629 5181 ex
2671 5142 2737 5182 eo
2786 5124 3135 5195 compendii,
3189 5125 3337 5194 quod
3390 5142 3486 5180 eas

1903 5215 2127 5270 omnino
2159 5217 2500 5272 calamitates
2530 5216 2738 5273 futuras
2768 5218 3226 5289 prasentiremus,
3251 5234 3390 5289 quas
3418 5236 3484 5273 ne

1901 5323 2096 5364 cavere
2135 5311 2358 5380 quidem
2394 5311 2501 5365 ulla
2549 5312 2759 5366 ratione
2811 5312 3141 5382 possemus?
3186 5327 3309 5381 qua:
3337 5311 3480 5366 enim

1901 5401 2016 5456 fato
2037 5402 2308 5468 eveniant,
2343 5403 2468 5474 quis
2499 5405 2809 5458 mortalium
2842 5419 3036 5459 cavere
3057 5404 3276 5476 possit?
3302 5403 3485 5471 Quare

1903 5675 2002 5758 μὲν
2037 5675 2136 5758 ὅτι.
2174 5674 2556 5758 Estqtt-eullud
2585 5675 2839 5758 μάλιστα,
2864 5676 3032 5758 .qupd
3092 5676 3268 5758 Latini
3317 5678 3479 5758 vulgo

1901 5747 2110 5809 dicunt,
2179 5747 2460 5814 principio,
2507 5756 2563 5801 ut
2597 5748 2804 5809 pridem
2864 5747 3094 5801 Budaeus
3147 5747 3473 5802 observavit.

1904 5815 2159 5887 Sequitur
2189 5817 2333 5872 cnitn
2367 5819 2470 5872 sub
2502 5832 2622 5888 pag.
2659 5830 2906 5888 sequent.
2939 5819 3438 5885 initium,"£r:sua.
