3890 6384
481 348 590 403 245
1126 341 1397 398 EUSEBII
1437 327 1930 398 CESARIENSIS.
1961 338 2108 394 OPP.

2150 339 2326 394 PARS
2359 339 2423 394 ll.
2467 370 2537 381 --
2569 336 3074 394 APOLOGETICA.
3582 350 3668 408 ξω

468 473 678 519 tantum
721 462 874 516 abest
925 469 984 514 ut
1030 459 1187 515 nobis
1229 459 1489 514 divinatio
1523 457 1771 513 utilitatis
1823 456 2036 510 aﬂ‘erret

2144 475 2242 520 πος
2273 457 2483 528 χαίρειν
2514 458 2608 510 ἐπὶ
2631 459 2741 520 τοῖς
2767 457 3231 527 προσδοκωμένοις
3260 458 3486 527 ἀγαθοῖς,
3517 464 3582 528 ὡς
3599 470 3675 522 ἐπὶ

467 555 705 626 aliquid,
751 564 811 608 ut
852 555 1031 624 potius
1076 553 1178 607 hoc
1201 553 1320 622 ipso
1346 552 1504 607 nobis
1535 551 1749 606 cederet
1778 551 1830 604 in
1855 549 2037 620 perni-

465 648 628 712 ciem,
659 644 804 715 quod
832 645 1000 699 animi
1025 643 1397 714 aegritudinem
1432 658 1496 696 ac
1529 641 1830 695 molestiam
1855 655 1920 695 ex
1955 640 2039 708 ip-

466 749 642 796 samet
657 739 1026 795 calamitatum
1051 735 1362 792 necessario
1383 734 1690 789 futurarum
1715 735 2042 804 praesensio-

467 851 556 897 ne,
587 835 752 889 etiam
778 841 1072 900 antequam
1099 829 1431 892 acciderent,
1459 827 1773 882 hominibus
1805 836 2031 882 crearet.

465 926 576 984 Nec
601 927 746 982 enim
776 925 1038 995 aequalem
1056 932 1243 979 contra
1260 912 1499 977 laétitiam
1525 919 1829 974 futurorum
1848 919 2042 990 praedi-

467 1020 930 1078 ctionehonorum
952 1017 1246 1072 excitatum
1266 1015 1331 1068 iri
1354 1013 1478 1082 quis
1495 1011 1857 1078 dixerit;cum
1878 1011 2042 1065 homo

467 1129 574 1167 non
598 1121 809 1168 tantum
836 1111 1102 1164 bonorum
1127 1105 1529 1177 exspectatione
1566 1104 1802 1173 gaudere
1820 1146 1834 1170 ,
1863 1120 2042 1173 quan-

467 1213 581 1258 tum
604 1212 749 1258 metu
775 1203 1042 1256 malorum
1071 1199 1252 1255 dolere
1274 1197 1634 1253 consueverit.
1662 1195 1863 1250 Deinde
1883 1211 2042 1251 nemo

466 1295 579 1351 fere
604 1303 708 1361 est,
736 1294 830 1365 qui
861 1295 930 1348 ab
955 1309 1075 1348 sese
1105 1292 1246 1346 mala
1275 1290 1498 1360 propius
1522 1289 1732 1353 abesse,
1752 1296 2040 1357 antequam

465 1386 731 1453 audierit,
762 1386 1052 1440 admodum
1086 1391 1295 1453 speret;
1330 1383 1470 1436 bona
1508 1395 1665 1446 vero,
1703 1380 1847 1450 quod
1884 1379 1936 1431 in
1979 1393 2043 1430 ea

465 1488 658 1548 sponte
689 1492 788 1532 sua
812 1485 1006 1530 natura
1039 1475 1389 1545 propendeat,
1441 1489 1653 1538 omnes,
1683 1480 1742 1525 ut
1770 1472 1936 1525 verho
1960 1470 2045 1524 di-

465 1587 606 1635 cam,
626 1570 812 1641 potius
842 1576 1248 1638 exspectamus.
1301 1565 1438 1620 Nam
1465 1573 1518 1619 et
1543 1565 1784 1634 plerique
1807 1562 2044 1632 majores

465 1677 607 1729 sese,
642 1677 805 1730 quam
832 1661 946 1715 ﬁeri
982 1659 1216 1730 possint,
1243 1659 1460 1713 futuros
1486 1671 1704 1727 sperare
1727 1655 1921 1710 solent.
1963 1653 2041 1708 Ex

465 1771 576 1825 quo
624 1754 757 1810 illud
791 1753 1022 1819 accidit,
1076 1762 1136 1807 ut
1181 1753 1450 1807 bonorum
1503 1749 1720 1820 quidem
1765 1747 2041 1818 praedictio

465 1846 707 1902 laetitiam
734 1847 818 1901 vel
841 1844 1136 1901 admodum
1167 1860 1274 1898 non
1301 1853 1516 1914 augeat,
1541 1842 1688 1912 quod
1716 1843 1878 1896 etiam
1907 1841 2041 1894 citra

463 1937 869 2006 prazdictionem
891 1935 1119 2006 quilibet
1149 1935 1372 1991 meliora
1394 1949 1624 2006 quazque
1653 1947 1748 2002 per
1777 1947 1835 1986 se
1863 1931 2040 2000 ipsum

463 2037 775 2100 exspectet;
812 2030 893 2084 vel
921 2045 1045 2084 raro
1081 2029 1272 2083 saltem
1305 2043 1390 2093 ea,
1425 2042 1531 2098 qua
1561 2027 1686 2097 quis
1710 2025 1850 2080 forte
1870 2033 2042 2094 putet,

463 2138 590 2178 cum
645 2121 899 2176 ﬁrmitate
946 2131 1176 2192 augeat;
1213 2124 1324 2175 imo
1368 2134 1512 2190 saepe
1558 2134 1775 2190 quoque
1810 2117 2039 2180 minuat,

464 2215 595 2270 dum
624 2229 719 2284 spe
745 2214 928 2269 minus
962 2214 1169 2284 aliquid
1203 2212 1559 2282 respondetur
1592 2229 1606 2265 :
1645 2209 1913 2264 malorum
1945 2223 2044 2261 au-

463 2320 570 2363 tem
609 2305 922 2377 praedictio,
967 2307 1162 2376 partim
1214 2306 1357 2376 quod
1399 2304 1469 2360 ab
1500 2303 1566 2358 iis
1611 2311 1818 2356 natura:
1848 2315 2042 2355 sensus

463 2396 796 2462 abhorreat,
822 2399 1024 2468 partim
1057 2397 1203 2469 quod
1233 2413 1295 2452 ea
1324 2405 1518 2468 praeter
1567 2410 1716 2465 spem
1750 2392 2042 2463 aliquando

464 2486 849 2555 praedicantur,
878 2503 1096 2558 gravem
1135 2487 1303 2542 animi
1337 2485 1797 2556 perturbationem
1831 2483 2038 2537 aﬂ‘erat.

465 2575 812 2646 Quanquam,
844 2577 890 2631 si
916 2577 1186 2646 ejusmodi
1217 2577 1352 2631 nihil
1379 2576 1668 2641 accideret,
1703 2575 1920 2629 inanem
1955 2583 2040 2628 ta-

465 2680 588 2720 men
621 2665 1027 2735 praedictionem
1062 2665 1212 2732 fore,
1261 2666 1466 2731 cuivis,
1518 2666 1746 2734 opinor,
1788 2673 2041 2719 constare

464 2768 613 2818 certo
641 2760 832 2828 possit.
873 2755 1008 2813 Nam
1039 2759 1085 2814 si
1119 2759 1243 2828 quis
1274 2758 1560 2813 utilitatem
1587 2756 1910 2812 divinationi
1936 2756 2039 2810 ali-

463 2865 628 2920 quam
663 2851 766 2906 hoc
795 2852 914 2923 ipso
942 2863 1208 2907 assereret
1239 2862 1404 2921 atque
1433 2850 1767 2915 defenderet,
1787 2849 1930 2919 quod
1963 2863 2041 2903 eae

463 2941 801 2996 calamitates
822 2941 1206 3012 praedicantur,
1233 2957 1354 3012 qua:
1378 2941 1603 2996 omnino
1621 2981 1636 3004 ,
1670 2939 1775 2994 nisi
1806 2941 2039 3006 caveris,

461 3043 734 3090 eventura
759 3034 896 3101 sint;
932 3033 978 3090 is
1015 3033 1259 3104 profecto
1311 3049 1420 3086 non
1464 3031 1647 3086 omnia
1679 3030 1792 3085 fato
1822 3029 2040 3086 evenire

462 3127 886 3193 demonstraret,
910 3142 1034 3180 eum
1060 3126 1114 3179 in
1147 3133 1332 3179 nostra
1361 3132 1624 3194 potestate
1652 3131 1795 3178 esset
1829 3132 1924 3176 aut
1947 3136 2041 3175 ca-

461 3235 608 3283 vere,
643 3219 804 3290 139
825 3230 918 3273 aut
954 3233 1060 3272 non
1093 3233 1305 3272 cavere.
1362 3215 1458 3270 Sin
1488 3226 1668 3271 autem
1705 3215 1808 3269 hoc
1855 3215 2032 3284 ipsum

460 3311 651 3364 eadem
682 3308 1006 3364 necessitate
1025 3308 1294 3363 contineri
1325 3307 1542 3374 dixerit,
1560 3316 1621 3361 ut
1641 3306 1708 3361 ad
1737 3322 1824 3362 res
1846 3321 2039 3361 omnes

460 3402 543 3455 vis
579 3400 676 3454 l'ati
708 3400 994 3470 pertineat,
1013 3414 1231 3454 rursum
1253 3397 1604 3454 divinationis
1631 3399 1834 3453 utilitas
1858 3398 2040 3452 omnis

462 3493 690 3557 tollitur;
727 3503 876 3548 certo
911 3493 1080 3557 enim,
1108 3492 1155 3548 si
1198 3490 1369 3547 fatum
1414 3491 1571 3546 nobis
1608 3506 1800 3546 cavere
1830 3491 1920 3554 sit,
1948 3507 2040 3544 ea-

462 3587 747 3653 vebimus;
796 3587 879 3641 sin
913 3594 1092 3639 autem
1124 3583 1297 3638 fatum
1337 3599 1443 3638 non
1488 3582 1687 3648 fuerit,
1723 3582 2038 3636 nullomodo

463 3676 798 3739 cavebimus,
849 3674 1064 3730 tau'tetsi
1099 3685 1248 3728 vates
1275 3688 1464 3728 omnes
1484 3714 1499 3736 ,
1552 3672 1682 3743 quid
1715 3681 2035 3726 eventurqu

464 3769 623 3823 nobis
655 3769 746 3834 sit,
783 3768 1215 3839 pramuntiarint.
1276 3767 1603 3832 Enimvero,
1635 3784 1759 3822 cutn
1817 3765 2034 3836 (Edipi,

463 3873 578 3918 tum
609 3862 899 3917 Alexandri
918 3860 1118 3914 Priami
1146 3860 1238 3914 lilii
1270 3860 1468 3914 caedem
1497 3857 1647 3912 omni
1674 3867 1789 3912 arte
1817 3857 2036 3911 molitos

461 3955 752 4025 utriusque
784 3961 1037 4026 parentes
1066 3950 1236 4006 fuisse
1256 3993 1270 4015 ,
1316 3961 1374 4004 ut
1399 3951 1544 4020 quod
1576 3949 1890 4019 praedictum
1920 3956 2033 4003 erat

463 4048 530 4102 ab
580 4047 647 4100 iis
689 4045 792 4101 sibi
825 4043 1049 4099 exilium
1083 4043 1401 4108 imminere,
1429 4040 1763 4096 declinarent
1784 4081 1798 4104 ,
1827 4055 1925 4094 nec
1951 4049 2035 4092 ta-

460 4153 586 4192 men
614 4153 708 4192 eos
739 4137 847 4191 voti
875 4144 1155 4204 compotes
1197 4149 1320 4188 esse
1345 4147 1587 4203 unquam
1620 4131 1864 4202 pOIuisse
1888 4173 1903 4195 ,
1952 4131 2035 4184 vel

460 4229 796 4302 Chrysippus
836 4229 951 4298 ipse
983 4226 1270 4283 conﬁtetur
1300 4245 1312 4280 :
1350 4226 1592 4294 adeoque
1620 4224 1866 4294 agnoscit
1901 4223 2036 4276 nihil

460 4322 624 4376 etiam
653 4321 786 4393 ipsis
817 4321 1084 4375 malorum
1113 4335 1338 4374 suorum
1382 4319 1785 4388 praedictionem
1817 4322 2035 4386 propter

461 4413 556 4468 fati
588 4415 693 4468 vim
725 4431 789 4468 ac
821 4413 1195 4467 necessitatem
1225 4412 1516 4482 profuisse.
1544 4409 1717 4479 Atque
1748 4409 1860 4464 haec
1882 4425 1912 4461 a
1939 4425 2034 4462 no-

462 4507 545 4559 bis
573 4515 761 4560 contra
789 4504 1136 4559 divinationis
1161 4504 1356 4574 partim
1389 4501 1829 4558 incertitudinem
1850 4543 1864 4565 ,
1901 4516 2029 4568 par-
2061 4523 2104 4578 υ

460 4603 556 4653 tim
589 4599 928 4656 inutilitatem
952 4640 966 4665 ,
1015 4597 1292 4652 liberalius
1335 4597 1551 4666 quidem
1576 4637 1591 4660 ,
1621 4611 1786 4665 quam
1819 4613 1903 4651 res
1935 4614 2030 4665 po-

461 4690 700 4745 stulabat
724 4731 738 4753 ,
771 4690 914 4744 dicta
951 4699 1134 4743 sunto.
1167 4707 1188 4739 ›
1233 4685 1506 4741 Hactenus
1536 4687 1623 4741 ille
1653 4689 2028 4758 philosophus.

461 4781 541 4836 Tu
569 4799 696 4836 vero
732 4791 910 4837 tecutu
941 4783 1056 4852 ipse
1107 4780 1282 4850 cogita
1309 4823 1324 4846 ,
1371 4781 1831 4848 quemadmodum
1863 4781 2032 4834 Graeci

463 4877 728 4940 homines,
780 4877 872 4947 qui
920 4893 1026 4931 non
1067 4877 1228 4930 modo
1263 4876 1574 4932 Graecorum
1608 4875 1949 4945 disciplinam
1980 4883 2030 4929 et

458 4969 702 5025 instituta
733 4971 803 5024 ab
826 4971 1046 5024 ineunte
1077 4979 1233 5024 :etate.
1262 4985 1387 5024 cum
1421 4970 1540 5039 ipso
1569 4985 1735 5039 prope
1765 4969 1902 5024 lacte
1927 4985 2030 5023 nn-

461 5063 608 5117 tricis
646 5064 1004 5128 imbiberant,
1052 5065 1145 5117 sed
1194 5064 1356 5117 etiam
1405 5063 1610 5134 patrias
1641 5063 1868 5116 deorum
1903 5062 2029 5115 reli-

457 5155 646 5224 giones
673 5157 918 5213 omnium
950 5155 1363 5210 accuratissime
1397 5155 1742 5224 perviderant
1762 5197 1775 5219 ,
1815 5153 2026 5207 Aristo-

457 5244 598 5300 telici
632 5261 856 5309 omnes,
909 5259 1100 5299 omnes
1124 5261 1247 5298 cum
1274 5242 1498 5316 Cynici,
1533 5253 1646 5296 tum
1674 5240 1944 5312 Epicurei,
1977 5248 2026 5295 et

453 5345 718 5406 quotquot
746 5339 810 5391 ad
833 5353 1022 5392 eorum
1049 5353 1171 5393 sese
1199 5337 1510 5405 opinionem
1540 5343 1922 5404 aggregarant,
1945 5332 2018 5401 ja-

451 5438 595 5483 ctata
622 5428 764 5497 apud
790 5429 1008 5484 Graccus
1038 5431 1187 5500 ipsos
1216 5438 1399 5484 vatum
1431 5441 1691 5496 responsa
1716 5427 2023 5482 deriserint.

452 5524 604 5587 Quos
636 5533 840 5586 tamen,
880 5523 1070 5592 siqua:
1099 5525 1165 5576 de
1190 5524 1539 5576 oraculorum
1573 5522 1803 5575 istorum
1842 5523 2025 5590 prodi-

2065 3183 2106 3237 Ο

2141 553 2252 612 τοῖς
2297 553 2488 613 κακοῖς
2525 549 2796 603 ἀνιᾶσθαι.
2837 549 3045 612 Ἄλλως
3084 566 3144 602 τε
3188 550 3281 602 καὶ
3313 550 3472 605 ταῦτα
3503 557 3587 624 μὲν
3621 562 3672 612 οὐ

2143 643 2281 695 πάνυ
2327 659 2378 694 τι
2428 642 2558 713 περὶ
2592 643 2817 705 ἑαυτοὺς
2848 641 3066 696 ἔσεσθαι
3099 644 3231 714 πρὶν
3265 642 3485 698 ἀκοῦσαι
3511 653 3676 704 κατελ-

2144 734 2400 804 πίζομεν·
2451 735 2520 788 τὰ
2563 734 2608 786 δ’
2647 733 2830 802 ἀγαθὰ
2871 734 3068 804 μᾶλλον
3113 734 3370 799 ἅπαντες,
3405 737 3472 801 ὡς
3513 742 3674 806 εἰπεῖν,

2143 825 2530 898 προσδοκῶμεν
2561 825 2648 878 διὰ
2679 825 2777 896 τὴν
2803 827 3039 896 φυσικὴν
3071 827 3342 880 οἰκείωσιν
3376 830 3499 900 πρὸς
3530 833 3673 887 αὑτά·

2139 921 2187 971 οἱ
2220 920 2316 988 μὲν
2346 919 2454 989 γάρ
2477 918 2661 971 πολλοὶ
2687 920 2781 972 καὶ
2813 919 3030 990 μείζους
3057 918 3162 972 τῶν
3195 919 3431 972 δυνατῶν
3465 924 3676 990 γενέσθαι

2143 1012 2543 1081 κατηλπίκασιν
2562 1030 2575 1042 ·
2615 1012 2675 1076 ἐξ
2699 1004 2759 1065 οὗ
2788 1012 3074 1084 συμϐαίνει
3108 1014 3169 1066 τὸ
3204 1014 3302 1084 μὲν
3335 1012 3428 1083 τὴν
3448 1015 3546 1068 τῶν
3570 1017 3682 1083 ἁγα-

2144 1102 2251 1156 θῶν
2287 1105 2687 1176 προαγόρευσιν
2713 1105 2786 1176 μὴ
2821 1105 3112 1158 ἐπιτείνειν
3147 1107 3289 1159 πάνυ
3322 1123 3374 1157 τι
3396 1105 3486 1176 τὴν
3512 1109 3685 1178 χαρὰν,

2142 1195 2228 1248 διὰ
2260 1195 2320 1248 τὸ
2358 1198 2451 1248 καὶ
2479 1198 2647 1268 χωρὶς
2678 1197 2777 1266 τῆς
2802 1197 3253 1268 προαγορεύσεως
3276 1197 3495 1252 ἕκαστον
3516 1198 3570 1262 ἐξ
3589 1202 3686 1253 tau.

2143 1287 2235 1339 τοῦ
2261 1287 2329 1340 τὰ
2371 1288 2606 1360 κρείττω
2639 1290 2964 1363 προσδοκᾷν,
2999 1292 3031 1362 ἦ
3085 1293 3171 1344 ἐπ’
3204 1291 3384 1361 ὀλίγον
3427 1295 3685 1347 ἐπιτείνειν

2144 1382 2207 1451 τῇ
2233 1379 2462 1452 δοκούσῃ
2495 1380 2834 1452 βεϐαιότητι’
2878 1382 3136 1447 πολλάκις
3167 1383 3224 1437 δὲ
3266 1385 3362 1438 κού⁸
3395 1386 3567 1456 μειοῦν
3603 1387 3689 1458 τὴν

2143 1475 2337 1546 χαρὰν,
2376 1477 2502 1528 ὅταν
2535 1475 2740 1529 ἐλάττω
2782 1475 2890 1528 τῶν
2921 1475 3283 1529 ἐλπισθέντων
3309 1478 3542 1548 ἀκουσθῇ
3563 1495 3575 1507 ·
3606 1480 3691 1550 τὴν

2143 1568 2197 1621 δὲ
2224 1567 2333 1620 τῶν
2361 1568 2546 1621 κακῶν
2574 1569 2994 1639 προαγόρευσιν,
3030 1568 3122 1621 καὶ
3150 1569 3236 1621 διὰ
3250 1569 3310 1621 τὸ
3342 1569 3688 1640 ἁπόστρεπτον
3741 1602 3749 1610 -

2145 1660 2322 1714 αὐτῶν
2357 1660 2534 1730 φύσει,
2571 1661 2664 1714 καὶ
2697 1661 2784 1714 διὰ
2811 1661 2870 1713 τὸ
2899 1661 3028 1731 παρ’
3056 1659 3281 1724 ἐλπίδας
3314 1661 3484 1713 ἐνίοτε
3519 1662 3692 1731 προλέ-

2145 1752 2337 1822 γεσθαι
2383 1752 2630 1824 μεγάλως
2671 1752 2976 1823 ταράττειν.
3028 1752 3164 1804 Ἀλλ’
3206 1753 3382 1822 ὅμως,
3412 1754 3458 1804 εἰ
3499 1754 3584 1806 καὶ
3630 1754 3694 1824 μὴ

2144 1844 2300 1898 τοῦτο
2332 1844 2632 1907 συνέϐαινε,
2662 1843 2720 1898 τό
2749 1861 2811 1912 γε
2841 1845 3060 1915 ἀχρεῖον
3088 1842 3306 1897 ἔσεσθαι
3356 1844 3454 1916 τὴν
3485 1845 3698 1914 προαγό-

2146 1955 2326 2010 ρευσιν
2363 1937 2522 1990 παντί
2568 1954 2670 1990 που
2717 1936 2875 2006 δῆλον
2915 1936 2979 1989 ἂν
3021 1935 3127 2006 εἴη.
3167 1936 3227 1988 Εἰ
3275 1936 3387 2006 γάρ
3431 1937 3582 2007 φήσει
3624 1953 3696 1999 τις

2147 2028 2484 2100 σωθήσεσθαι
2517 2013 2579 2081 τὸ
2615 2028 2882 2099 χρήσιμον
2915 2028 3012 2098 τῆς
3061 2028 3346 2098 μαντικῆς,
3378 2027 3465 2080 διὰ
3488 2028 3547 2080 τὸ
3586 2044 3704 2098 προ-

2143 2118 2397 2187 λέγεσθαι
2457 2119 2519 2171 τὸ
2575 2117 2794 2180 πάντως
2852 2117 3110 2188 ἐσόμενον
3169 2117 3472 2188 δυσχερὲς,
3527 2120 3573 2170 εἰ
3635 2117 3706 2188 μὴ

2144 2210 2540 2281 φυλαξαίμεθα,
2596 2211 2696 2263 οὐκ
2761 2208 2841 2262 ἐτι
2904 2209 3083 2263 πάντα
3113 2209 3275 2274 δείξει
3335 2210 3706 2280 συμϐησόμενα

2145 2301 2266 2355 καθ’
2319 2302 2682 2373 εἱμαρμένην,
2733 2301 2818 2369 ἐφ’
2868 2302 3000 2372 ἡμῖν
3050 2301 3201 2364 ὄντος
3245 2301 3344 2353 τοῦ
3389 2299 3704 2370 φυλάξασθαί

2142 2411 2202 2446 τε
2226 2395 2318 2447 καὶ
2355 2393 2428 2465 μὴ
2453 2392 2809 2462 φυλάξασθαι.
2837 2395 2900 2447 Et
2927 2393 3035 2465 γὰρ
3069 2394 3163 2446 καί¹
3191 2393 3352 2446 τοῦτο
3378 2395 3709 2464 κατηναγκά-

2146 2485 2265 2539 σθαι
2307 2487 2468 2558 φήσει
2499 2504 2603 2550 τις,
2636 2487 2711 2550 ὼς
2739 2487 2819 2549 εἰς
2845 2486 3020 2539 πάντα
3048 2486 3116 2539 τά
3147 2485 3275 2538 ὄντα
3300 2485 3589 2540 διατείνειν
3622 2487 3707 2555 τὴν

2146 2577 2504 2648 εἱμαρμένην,
2536 2577 2696 2630 πάλιν
2728 2575 2789 2628 τὸ
2829 2576 2927 2646 τῆς
2964 2573 3227 2645 μαντικῆς
3257 2574 3534 2645 χρήσιμον
3570 2573 3708 2624 ἁναιο

2145 2671 2313 2740 ρεῖται
2338 2684 2353 2699 ·
2394 2668 2740 2738 φυλαξόμεθα
2775 2667 2884 2739 γὰρ
2913 2668 2962 2720 εἰ
2997 2665 3385 2736 καθείμαρται,
3417 2666 3513 2718 καὶ
3537 2665 3593 2717 οὐ
3623 2681 3712 2733 φυ-

2141 2758 2412 2830 λαξόμεθα
2444 2760 2602 2830 δῆλον
2632 2760 2728 2823 ὡς,
2765 2761 2814 2811 εί
2847 2758 2920 2830 μὴ
2966 2757 3336 2827 καθείμαρται
3368 2754 3713 2825 φυλάξασθαι,

2141 2851 2244 2904 κᾶν
2279 2852 2480 2914 πάντες
2513 2854 2560 2904 οἱ
2608 2851 2829 2922 μάντεις
2868 2849 2930 2924 τὸ
2975 2850 3229 2920 ἐσόμενον
3274 2847 3713 2922 προαγορεύωσιν

2142 2945 2289 3014 ἡμῖν.
2340 2943 2444 2996 Τὸν
2479 2943 2608 3011 γοῦν
2650 2941 2926 3006 Οἰδίποδα,
2977 2941 3070 2994 καὶ
3107 2941 3198 2994 τὸν
3242 2940 3598 3009 Ἀλέξανδρον
3634 2936 3714 2990 τὸν

2138 3035 2233 3090 τοῦ
2259 3037 2530 3110 Πριάμου,
2557 3036 2651 3090 καὶ
2678 3034 2840 3098 αὐτὸς
2867 3036 2896 3087 ὁ
2915 3034 3236 3106 Χρύσιππός
3259 3051 3402 3105 φησι
3437 3031 3605 3087 πολλὰ
3630 3047 3717 3102 μη-

2141 3131 2532 3201 χανησαμένων
2559 3129 2667 3182 τῶν
2709 3130 2930 3198 γονέων,
2973 3129 3114 3182 ὥστε
3155 3130 3506 3190 ἀποκτεῖναι,
3547 3125 3632 3179 ἵνα
3663 3123 3719 3176 τὸ

2139 3221 2233 3275 ἀπ’
2268 3208 2447 3274 αὐτῶν
2481 3221 2790 3294 προρρηθὲν
2820 3221 3000 3283 αὐτοῖς
3045 3219 3212 3273 κακὸν
3241 3218 3619 3287 φυλάξωνται,
3652 3215 3718 3284 μὴ

2137 3313 2451 3385 δυνηθῆναι.
2479 3312 2678 3375 Ὀὕτως
2712 3312 2864 3365 οὐδὲν
2891 3311 3081 3382 ὄφελος
3117 3310 3237 3364 οὐδὲ
3272 3311 3470 3374 αὐτοῖς
3498 3309 3595 3380 τῆς
3623 3307 3722 3361 τῶν

2140 3403 2323 3458 κακῶν
2352 3401 2800 3474 προαγορεύσεώς
2828 3419 2991 3473 φησιν
3021 3396 3159 3454 εἶναι
3182 3399 3270 3454 διὰ
3297 3401 3404 3472 τὴν
3436 3404 3505 3454 ἐκ
3535 3400 3633 3469 τῆς
3657 3401 3726 3450 ει-

2142 3498 2428 3569 μαρμένης
2472 3496 2670 3550 αἰτίαν.
2708 3496 2878 3549 Τοῦτο
2912 3496 3008 3567 μὲν
3047 3491 3142 3548 οὖν
3187 3497 3252 3547 ἐκ
3287 3494 3619 3566 περιουσίας
3651 3494 3725 3543 εἱ-

2141 3591 2323 3661 ρήσθω
2394 3591 2528 3661 πρὸς
2570 3590 2630 3642 τὸ
2675 3588 2749 3660 μὴ
2798 3589 2955 3659 μόνον
3004 3587 3407 3649 ἀνυπόστατον,
3463 3585 3600 3639 ἀλλὰ
3645 3583 3727 3636 καὶ

2141 3680 2356 3751 ἀχρεῖον
2382 3681 2483 3750 τῆς
2521 3680 2805 3750 μαντικῆς.
2844 3699 2861 3730 ›
2900 3677 3084 3732 Ταῦτα
3115 3679 3212 3748 μὲν
3241 3681 3268 3731 ό
3299 3678 3636 3748 φιλόσοιρος’

2137 3789 2200 3840 γε
2238 3773 2346 3844 μὴν
2385 3771 2537 3843 παρὰ
2578 3771 2759 3840 σαυτῷ
2805 3770 3024 3840 σκέψαι,
3057 3769 3194 3834 πῶς,
3236 3770 3516 3840 Ἕλληνες
3566 3771 3726 3830 ὄντες,

2138 3865 2232 3918 καὶ
2255 3864 2354 3934 τὴν
2398 3863 2662 3933 Ἑλλήνων
2691 3862 2988 3931 σύντροφον
3019 3865 3082 3915 ἐκ
3108 3862 3233 3925 νέας
3263 3861 3499 3932 ἡλικίας
3535 3860 3730 3932 κτησά-

2142 3973 2288 4025 μενοι
2318 3955 2581 4019 παιδείαν,
2611 3955 2680 4008 τά
2703 3973 2763 4007 τε
2795 3956 2995 4025 πάτρια
3019 3954 3148 4025 περὶ
3173 3953 3312 4006 θεῶν
3349 3955 3580 4006 πάντων
3604 3951 3732 4022 μᾶλ-

2137 4049 2226 4102 λον
2254 4049 2625 4117 διεγνωκότες,
2669 4047 3087 4120 Ἀριστοτελικοὶ
3122 4047 3350 4110 πάντες,
3387 4044 3624 4098 Κυνικοί
3678 4057 3730 4093 τε

2138 4139 2230 4192 καὶ
2267 4138 2649 4210 Ἐπικούρειοι,
2679 4139 2772 4191 καὶ
2803 4139 2915 4191 ὅσοι
2938 4137 3143 4200 τούτοις
3177 4137 3508 4207 ἐφρόνησαν
3541 4134 3610 4188 τὰ
3639 4150 3734 4184 πο.-

2141 4230 2435 4302 ραπλήσια,
2476 4231 2581 4283 τῶν
2615 4233 2745 4303 παρ’
2774 4231 2957 4293 αὐτοῖς
2988 4229 3211 4299 Ἕλλησι
3243 4228 3558 4299 βοωμὲνων
3605 4242 3720 4297 μανν

2137 4323 2297 4375 τείων
2343 4323 2736 4390 κατεγέλασαν.
2791 4323 2898 4374 Καὶ
2951 4320 3056 4391 μὴν
3104 4320 3261 4390 εἴπερ
3304 4315 3382 4389 ἦν
3437 4309 3655 4388 ἀληθῆ⁹
3675 4315 3739 4368 τά

2138 4415 2506 4489 θρυλλούμενα
2555 4417 2685 4488 περὶ
2731 4415 2826 4484 τῆς
2859 4413 2968 4465 τῶν
3016 4412 3379 4484 χρηστηρίων
3431 4409 3738 4482 παραδοξο-

2137 4507 2334 4571 ποιίας,
2370 4509 2516 4570 εἰκὸς
2543 4503 2610 4577 ἧν
2643 4507 2734 4558 καὶ
2776 4505 2964 4558 τούσδε
2995 4503 3435 4573 καταπλαγῆναι
3469 4504 3740 4574 Ἕλληνας

2132 4600 2310 4664 ὄντας,
2338 4600 2431 4653 καὶ
2450 4600 2519 4654 τὰ
2545 4599 2748 4672 πάτρια
2777 4599 3018 4671 άκριϐῶς
3043 4597 3549 4668 ὲξεπισταμένους,
3579 4595 3740 4666 μηδὲν

2132 4711 2188 4746 τε
2237 4693 2344 4746 τῶν
2389 4691 2696 4763 γνωσθῆναι
2751 4691 2918 4755 ἀξίων
2966 4692 3024 4744 ἐν
3070 4690 3313 4759 δευτέρῳ
3355 4690 3740 4759 τεθειμένους.

2134 4787 2317 4841 Ταῦτα
2356 4788 2454 4858 μὲν
2501 4783 2592 4839 οὖν
2639 4785 2734 4838 καὶ
2783 4787 2883 4838 ὅσα
2918 4785 3143 4838 τοιαῦτα
3186 4784 3466 4852 συνάγειν
3494 4786 3578 4847 εἰς
3619 4785 3743 4836 ἀνα-

2134 4881 2331 4948 σκευὴν
2355 4881 2451 4950 τῆς
2485 4879 2614 4951 περὶ
2642 4879 2748 4932 τῶν
2775 4877 3120 4950 χρηστηρίων
3145 4877 3483 4944 ὑποθέσεως
3515 4878 3745 4945 πλείστη

2128 4991 2214 5035 τις
2257 4969 2323 5043 ἦν
2355 4974 2670 5044 περιουσίαο
2709 4971 2822 5024 ἀλλ’
2859 4971 2921 5022 οὐ
2960 4970 3131 5042 ταύτῃ
3177 4988 3263 5040 μοι
3309 4971 3479 5024 δοκεῖ
3511 4973 3610 5025 τὸν
3649 4987 3748 5022 πα-

2139 5062 2299 5133 ρόντα
2331 5061 2646 5133 μεθοδεῦσαι
2669 5062 2844 5128 λόγον,
2874 5061 2987 5114 ἀλλ’
3022 5055 3165 5132 ᾗπερ
3187 5060 3564 5134 ὡρμήθημεν
3589 5061 3751 5132 ἀρξά-

2140 5171 2308 5224 μενοι,
2337 5153 2510 5224 ἀληθῆ
2539 5153 2714 5223 λὲγειν
2740 5153 2921 5216 δόντες
2948 5154 3072 5217 τοὺς
3098 5152 3236 5224 ὑπὲρ
3257 5153 3469 5208 αὐτῶν
3499 5158 3755 5226 προϊστας

2140 5248 2352 5317 μένους,
2400 5249 2473 5310 ὼς
2505 5246 2568 5299 ἂν
2613 5249 2676 5298 ἐκ
2722 5246 2831 5298 τῶν
2861 5246 2990 5315 παρ’
3023 5245 3205 5307 αὐτοῖς
3244 5245 3753 5317 ὁμολογουμένων,

2141 5341 2366 5409 μαντεῖα
2397 5357 2456 5392 τε
2488 5335 2627 5393 εἶναι
2658 5336 2833 5409 ἀληθῆ
2877 5338 2971 5390 καὶ
3017 5336 3388 5408 πυθόχρηστα
3437 5338 3754 5408 θεοπρόπια

2136 5432 2204 5486 τὰ
2246 5431 2547 5502 δηλούμενα
2578 5431 2914 5501 φασκόντων,
2945 5429 3040 5499 τὴν
3068 5429 3272 5501 ἀκριϐῆ
3304 5430 3433 5485 τῶν
3476 5429 3748 5501 δηλουμὲ·

2132 5542 2239 5577 νων
2276 5523 2534 5592 ἕκφανσιν
2566 5523 2997 5593 καταμάθοιμεν.

453 5615 555 5684 giis
603 5616 846 5669 omnium
901 5630 994 5672 ore.
1039 5617 1418 5678 celebrantur,
1483 5630 1606 5668 vera
1662 5615 2018 5684 putavissent,
2061 5618 2344 5686 oportebat
2371 5632 2499 5671 sane
2527 5633 2633 5671 non
2666 5618 2848 5671 minus
2870 5633 3032 5686 quam
3093 5625 3328 5669 caeteros
3386 5631 3600 5671 eorum
3650 5615 3756 5668 vim

453 5708 857 5777 obstupescere,
893 5709 1090 5776 quippe
1123 5710 1216 5778 qui
1249 5718 1300 5762 et
1329 5707 1503 5764 ϐιτθοί
1528 5718 1710 5762 essent
1732 5749 1746 5771 ,
1781 5709 2025 5778 ritusque
2065 5710 2269 5777 patrios
2296 5710 2517 5764 omnino
2547 5710 2828 5773 callerem,
2855 5723 2916 5762 ae
2944 5709 3076 5763 nihil
3124 5721 3349 5768 eorum,
3416 5724 3552 5776 qua:
3617 5699 3755 5759 scitu

452 5799 612 5887 dig“:
644 5799 840 5866 forent,
874 5801 983 5854 ullo
1013 5815 1249 5870 unquam
1289 5803 1451 5857 modo
1477 5802 1862 5873 neglexissent.
1925 5802 2026 5856 Ista
2067 5801 2285 5872 quidem
2316 5801 2531 5872 aliaque
2587 5800 2808 5868 similia,
2861 5803 2950 5873 qui
2995 5801 3098 5857 hcc
3155 5801 3208 5854 iu
3266 5812 3622 5872 argumenti
3669 5817 3759 5870 ge-
