4024 6408
321 313 404 370 155
1437 299 1760 356 ΡΒᾸΞΡΑΒ.
1802 296 1843 352 Ε

1948 296 2052 353 NG.
2095 295 2223 351 LIB.
2272 294 2360 350 IV.

3424 292 3532 348 216

320 441 420 480 nere
462 422 521 476 ad
564 417 901 474 refellendam
948 416 1294 472 oraculorum
1345 415 1544 470 famam
1585 413 1844 484 colligere
1878 411 2056 476 vellet,
2102 424 2185 464 na:
2219 422 2470 478 magnam
2515 406 2562 460 is
2627 403 2839 474 copiam
2889 403 3175 459 habiturus
3229 413 3393 460 esset.
3433 404 3537 458 Ve-

318 535 412 572 rum
445 523 732 584 susceptain
768 531 798 568 a
829 513 986 567 nobis
1019 511 1443 582 disputationem
1484 509 1584 564 hac
1614 509 1698 561 via
1753 505 1930 560 moliri
1995 519 2102 558 non
2132 504 2340 571 placet,
2383 501 2478 558 sed
2507 516 2569 556 ea
2593 499 2810 572 potius,
2857 513 2963 568 qua
3029 498 3082 552 in
3113 514 3232 556 eam
3291 500 3360 554 ab
3417 499 3536 569 ipso

315 610 470 664 statim
515 608 664 660 initio
705 606 934 676 ingressi
967 621 1180 660 sumus.
1223 603 1480 658 Dabimus
1511 602 1680 666 enim,
1726 613 1840 662 eos,
1875 596 1968 668 qui
1997 596 2376 651 vaticiniorum
2408 595 2566 650 Iidem
2606 604 2880 658 asserunt,
2911 611 3037 649 vera
3091 595 3306 660 dicere,
3366 604 3425 647 ut
3468 607 3534 648 tt

309 704 497 755 illorum
543 699 782 768 ipsorum
831 697 1212 762 confessione,
1259 695 1353 766 qui
1380 706 1433 749 et
1459 707 1849 762 responsorum
1892 689 2121 745 istorum
2151 688 2434 743 veritatem
2467 688 2798 753 defendunt,
2864 703 3095 760 quaeque
3163 700 3536 743 memorantur

305 794 494 849 oracula
534 794 815 847 numinum
876 808 1099 848 suorum
1149 792 1375 848 vocibus
1443 790 1587 845 edita
1628 803 1750 844 esse
1772 785 2127 854 contendunt,
2179 785 2444 857 integram
2489 794 2544 841 ct
2583 793 2898 854 accuratam
2951 799 3166 850 eorum,
3230 799 3352 856 quae
3409 798 3537 854 pro-

305 890 558 952 feruntur,
619 887 1034 956 evplicationem
1097 895 1262 956 atque
1315 885 1562 942 notitiam
1621 881 1962 937 hauriemus.

819 979 1216 1033 ΚΕΦΑΛΑΙΟΝ
1248 981 1322 1032 Δ’.

302 1082 350 1131 '0
360 1092 404 1127 τι
428 1073 720 1142 μεγίστων
762 1071 915 1141 ἡμᾶς
947 1070 1147 1126 κακῶν
1187 1072 1415 1142 τούτων
1440 1070 1640 1124 αὐτῶν
1661 1071 1845 1142 ἠλεμ-

358 1139 600 1267 gmw?
638 1143 674 1210 ἡ
721 1139 828 1198 τοῦ
869 1143 1144 1212 Σωτῆρος
1174 1141 1343 1212 ἡμῶν
1368 1139 1728 1212 εὐαγγελικὴ
1759 1139 1850 1192 δι-

389 1230 550 1267 ασια.
601 1232 658 1269 α.

357 1304 502 1377 οἶμαι
538 1306 593 1359 δὲ
637 1309 798 1360 παντί
829 1325 909 1378 τῳ
939 1303 1075 1360 εἶναι
1105 1307 1293 1374 σαφὲς,
1327 1305 1403 1369 ὡς
1433 1307 1461 1358 ὁ
1487 1303 1597 1358 τῶν
1629 1319 1850 1376 προκει-

301 1403 449 1472 μένων
478 1399 695 1470 ἔλεγχος
737 1401 800 1453 οὐ
851 1399 1064 1471 μικρὸν,
1110 1397 1244 1452 ἀλλὰ
1294 1399 1385 1452 καὶ
1429 1398 1682 1469 μέγιστον
1713 1396 1848 1468 ὁμοῦ

298 1493 371 1546 καὶ
404 1493 828 1558 ἀναγκαιότατον
861 1491 1100 1563 περιέξει
1134 1491 1299 1562 μέρος
1341 1491 1442 1560 τῆς
1487 1490 1850 1560 εὐαγγελικῆς

297 1585 587 1649 ὑποθέσεως.
623 1587 688 1638 Εἰ
728 1585 837 1657 γὰρ
876 1587 924 1639 οἱ
964 1585 1069 1656 πρὸ
1113 1585 1212 1656 τῆς
1257 1583 1352 1638 τοῦ
1395 1584 1651 1655 Σωτῆρος
1691 1581 1850 1654 ἡμῶν

305 1677 450 1749 Ἰησοῦ
479 1679 718 1749 Χριστοῦ
753 1679 1056 1749 παρουσίας
1080 1678 1330 1748 πανταχῆ
1362 1677 1565 1740 πάντες
1590 1675 1850 1746 Ἕλληνες

293 1773 367 1824 καὶ
405 1771 665 1843 βάρωροι
703 1772 965 1844 δειχθεῖεν
1000 1771 1076 1843 μὴ
1108 1773 1198 1825 τὸν
1229 1770 1403 1843 ἀληθῆ
1440 1771 1572 1824 Θεὸν
1606 1772 1848 1839 ἐπεγνω-

293 1863 440 1927 κότες,
474 1862 585 1916 ἀλλ’
630 1864 751 1934 ἤτοι
796 1864 865 1917 τά
910 1864 984 1934 μὴ
1013 1864 1142 1918 ὅντα
1173 1863 1248 1927 ὡς
1278 1864 1406 1916 ὅντα
1449 1863 1784 1930 δοξάζοντες,
1814 1860 1847 1931 ἦ

399 1971 551 2008 τινων
581 1955 874 2028 μοχθηρῶν
907 1957 999 2011 καὶ
1025 1957 1306 2028 θεομάχων
1349 1956 1696 2026 πνευμάτων,
1735 1954 1850 2006 δαι-

289 2048 438 2118 μόνων
459 2064 515 2100 τε
542 2047 800 2119 πονηρῶν
832 2050 925 2102 καὶ
950 2050 1298 2120 ἀκαθάρτων,
1327 2047 1542 2118 τυφλῷν
1571 2047 1726 2118 δίκην
1745 2038 1846 2099 ὦδε

288 2141 480 2192 κάκεῖσε
513 2140 900 2211 περιηγμένοι,
941 2143 1036 2194 xci.
1083 2139 1230 2212 βυθῷ
1277 2139 1475 2202 κακίας
1509 2139 1645 2212 πρὸς
1672 2137 1850 2191 αὐτῶν

286 2231 712 2301 καθειλκυσμένοι
737 2248 750 2261 ’
796 2231 912 2301 (καὶ
957 2233 1009 2285 τί
1045 2233 1154 2303 γὰρ
1197 2231 1309 2286 ἄλλ’
1349 2231 1383 2302 ἢ
1424 2230 1785 2301 δαιμονῶντες
1807 2228 1846 2300 ;)

2489 971 2648 1044 ιω
2699 970 2930 1028 CAPUT
2985 971 3075 1026 1v.

1954 1065 2068 1122 Nos
2098 1067 2348 1123 maximis
2392 1065 2534 1121 hisce
2573 1066 2729 1121 malis
2773 1065 3085 1136 evangelica:
3121 1062 3412 1119 Set-vatoris
3445 1077 3519 1115 no

2189 1137 2290 1191 uri
2316 1138 2575 1193 doctrina:
2607 1137 2856 1208 beneﬁcio
2881 1136 3130 1191 liberatos
3157 1151 3288 1189 esse.

2026 1315 2291 1387 Equidem
2317 1317 2397 1372 sic
2419 1317 2678 1372 existimo
2703 1317 2975 1372 neminem
3005 1331 3147 1382 esse,
3182 1316 3275 1385 qui
3310 1330 3416 1369 non
3453 1314 3534 1368 in-

1952 1411 2176 1480 telligat,
2201 1420 2412 1482 partem
2436 1411 2735 1483 evangelici
2769 1410 2932 1480 hujus
2957 1409 3262 1480 argumenti
3287 1424 3394 1463 non
3419 1408 3534 1464 exi-

1950 1519 2136 1574 gnam,
2172 1504 2264 1559 sed
2291 1519 2419 1562 vero
2451 1503 2746 1556 maximam
2797 1501 3140 1572 maximeque
3171 1499 3532 1556 necessariam

1950 1611 2141 1650 eorum
2161 1637 2177 1660 ,
2214 1611 2337 1663 qua!
2364 1594 2641 1664 proposita
2669 1593 2803 1648 mihi
2837 1603 3004 1660 sunt,
3052 1593 3374 1663 probatione
3405 1608 3535 1647 con-

1953 1686 2135 1742 tineri.
2198 1684 2333 1739 Nam
2367 1686 2411 1739 si
2444 1684 2734 1740 ostendere
2783 1686 2951 1740 semel
2981 1685 3284 1756 poterimus
3309 1727 3324 1750 ,
3374 1693 3535 1754 quot-

1951 1786 2086 1848 quot
2111 1795 2205 1833 seu
2235 1776 2408 1832 Graeci
2455 1791 2553 1832 seu
2588 1776 2806 1831 barbari
2856 1784 2985 1831 ante
3013 1775 3319 1831 Servatoris
3362 1778 3533 1831 nostri

1949 1869 2079 1926 Jesu
2109 1870 2312 1926 Christi
2344 1871 2636 1925 adventum
2685 1879 2798 1924 toto
2832 1868 3037 1940 passim
3081 1869 3214 1924 orbe
3258 1868 3532 1932 vixerunt,

1951 1980 2138 2019 verum
2169 1978 2363 2032 omnqs
2392 1961 2560 2016 Deum
2598 1963 2902 2032 ignorasse,
2921 1961 3166 2028 adeoque
3193 1960 3275 2014 vel
3306 1960 3536 2029 iis,qu:e

1951 2055 2098 2110 nulla
2129 2063 2314 2118 erant,
2363 2053 2585 2123 perinde
2627 2067 2690 2106 ac
2738 2051 2786 2105 si
2824 2057 3030 2111 essent,
3065 2049 3328 2102 honorem
3363 2048 3535 2102 tribu-

1951 2149 2080 2212 isse,
2114 2147 2198 2201 vel
2231 2164 2264 2204 a
2292 2145 2580 2216 pessimis,
2613 2143 2817 2214 quique
2856 2157 2980 2195 cum
3018 2138 3127 2195 Deo
3151 2141 3270 2210 ipso
3294 2148 3536 2211 pugnant

1951 2241 2277 2311 spiritibus,
2329 2254 2396 2295 ac
2458 2236 2743 2294 sceleratis
2799 2234 3138 2305 impurisque
3197 2232 3536 2288 daemonibus

286 2322 380 2384 πῶς
401 2323 455 2374 οὐ
488 2321 756 2392 μειζόνως
782 2323 848 2377 ἂν
875 2323 1067 2395 ὀφθείη
1091 2324 1152 2377 τὸ
1187 2323 1453 2394 μέγα.τῆς
1485 2322 1847 2392 εὐαγγελικῆς

1951 2349 2223 2389 cmeorum
2250 2333 2425 2386 instar
2451 2330 2557 2386 huc
2587 2329 2824 2398 illucque
2856 2335 3120 2398 raptatus,
3145 2336 3310 2396 atque
3339 2325 3394 2379 in
3424 2324 3496 2378 im
3515 2353 3532 2366 -

281 2415 565 2484 οἰκονομίας
618 2418 938 2487 μυστήριον,
988 2417 1197 2481 πάντας
1246 2414 1584 2486 πανταχόθεν
1635 2417 1701 2468 ἐκ
1745 2415 1847 2484 τῆς

283 2506 742 2577 πατροπαραδότου
783 2507 991 2578 πλάνης
1031 2509 1132 2576 τῆς
1167 2509 1272 2562 τῶν
1300 2509 1571 2579 δαιμόνων
1616 2507 1844 2562 καταδυ-

281 2597 505 2661 ναστείας
545 2598 641 2652 διά
673 2600 773 2670 τῆς
814 2601 906 2654 τοῦ
945 2602 1197 2672 Σωτῆρος
1229 2601 1389 2672 ἡμῶν
1429 2600 1614 2670 φωνῆς
1650 2599 1848 2653 ἀνακε-

280 2688 580 2760 κλημένους,
624 2692 719 2744 καὶ
754 2694 880 2756 τοὺς
911 2693 1102 2766 μέχρις
1138 2693 1405 2764 ἐσχατιιῦν
1431 2694 1534 2764 γῆς
1559 2692 1844 2756 οἰκοῦντας

277 2780 574 2850 ἀνθρώπους
620 2784 720 2855 τῆς
765 2785 824 2851 ἐξ
865 2785 1058 2850 αἰῶνος
1107 2785 1486 2857 κατασχούσης
1530 2786 1622 2840 τὸν
1669 2785 1846 2838 πάντα

277 2872 371 2940 βίον
402 2875 624 2946 ἀπάτης
648 2875 1120 2948 λελυτρωμένους;
1149 2877 1289 2930 ὥστε
1317 2876 1376 2944 ἐξ
1403 2877 1614 2932 ἐκείνου
1642 2877 1734 2930 καὶ
1765 2878 1845 2940 είς

273 2965 410 3036 δεῦρο
437 2965 698 3020 λελύσθαι
729 2969 828 3039 μὲν
851 2970 946 3022 καὶ
979 2969 1328 3043 καθῃρῆσθαι
1359 2971 1544 3033 αὐτοῖς
1569 2971 1718 3034 ναοῖς
1747 2970 1843 3024 καὶ

273 3059 457 3124 anm;
486 3059 560 3114 τὰ
604 3060 1030 3132 πεπαλαιωμένα
1077 3062 1179 3132 τῆς
1219 3059 1327 3114 τῶν
1376 3061 1546 3115 ἐθνῶν
1589 3063 1846 3116 ἁπάντων

273 3152 458 3223 πλάνης
488 3152 786 3224 ἱδρύματα,
816 3152 935 3225 ἱερά
961 3153 1018 3206 δὲ
1038 3153 1208 3217 ὅντως
1237 3153 1413 3224 σεμνά
1435 3153 1530 3207 καὶ
1562 3154 1844 3217 εὐσεϐείας

270 3244 602 3299 διδασκαλεῖα
629 3245 706 3317 τῷ
735 3246 1069 3318 παμΰασιλεῖ
1098 3247 1189 3300 καὶ
1232 3247 1550 3321 δημιουργῷ
1574 3249 1681 3302 τῶν
1707 3249 1844 3302 ὅλων

270 3339 321 3388 ἐν
351 3339 540 3408 μέσαις
582 3339 768 3394 πόλεσί
804 3357 863 3394 τε
895 3342 989 3397 καὶ
1027 3340 1243 3412 κώμαις
1273 3340 1501 3412 δυνάμει
1535 3342 1632 3397 καὶ
1673 3343 1842 3415 ἀρετῇ

270 3432 350 3485 τοῦ
369 3433 624 3508 Σωτῆρος
654 3434 812 3505 ἡμῶν
841 3436 944 3490 ἁνά
969 3437 1060 3490 τὸν
1087 3437 1378 3508 σύμπαντα
1412 3437 1615 3508 κόσμον
1645 3439 1844 3510 ἀνεγη-

272 3525 466 3596 γέρθαι,
499 3525 696 3591 θυσίας
723 3545 781 3579 τε
812 3527 910 3592 τὰς
940 3528 1264 3600 θεοπρεπεῖς
1303 3529 1489 3598 εὐχαῖς
1531 3530 1694 3583 ὁσίων
1734 3531 1846 3584 δια-

270 3616 595 3688 κεκαθάρθαι
626 3619 823 3684 κακίας
850 3619 1089 3691 ἁπάσης,
1116 3619 1173 3673 ἐν
1198 3637 1256 3673 τε
1285 3619 1524 3691 ἀπαθείᾳ
1548 3619 1728 3692 ψυχῆς
1747 3623 1842 3676 καὶ

1949 2425 2240 2496 probitatis
2289 2423 2610 2478 barathrum
2657 2420 2963 2491 praeipites
2995 2427 3148 2474 actos
3189 2419 3343 2488 (quid
3388 2417 3532 2473 enim

1947 2515 2096 2570 aliud
2123 2530 2218 2570 eos
2238 2554 2254 2579 ,
2283 2528 2449 2584 quam
2483 2511 2819 2568 daemoniaco
2851 2511 3036 2567 lurore
3059 2519 3340 2578 correptos
3366 2509 3535 2564 fuisse

1945 2605 2224 2677 dixeris?)
2258 2623 2272 2660 :
2309 2605 2398 2661 cui
2429 2603 2646 2659 tandem
2690 2619 2948 2674 magnum
2981 2603 3085 2656 hoc
3111 2599 3534 2670 dispensationis

1945 2699 2274 2770 evangelica:
2319 2695 2644 2768 mysterium
2677 2711 2786 2750 non
2834 2693 3039 2749 clarius
3065 2703 3119 2748 et
3147 2691 3414 2746 illustrius
3440 2705 3536 2760 ap-

1947 2800 2168 2862 pareat,
2213 2789 2370 2867 quod.
2401 2804 2596 2846 omnes
2623 2787 2869 2857 undique
2906 2787 2976 2842 ab
3005 2786 3152 2842 avito
3179 2800 3396 2852 errore,
3426 2785 3536 2839 dar—

1948 2899 2284 2954 monumque
2327 2881 2616 2954 tyrannide
2652 2879 2958 2935 Servatoris
3009 2877 3181 2933 nostri
3211 2893 3344 2932 voce
3380 2893 3534 2932 revo-

1947 2978 2105 3042 carit,
2130 2977 2337 3048 quique
2361 2975 2417 3029 in
2447 2972 2709 3029 extremis
2745 2980 3015 3027 terrarum
3049 2970 3250 3025 ﬁnibus
3277 2969 3536 3040 degerent

1947 3069 2222 3134 homines,
2257 3068 2327 3124 ab
2347 3081 2411 3122 ea
2432 3110 2449 3134 ,
2473 3081 2596 3137 qua:
2626 3065 2779 3121 omni
2807 3080 2876 3119 ex
2902 3062 3166 3118 memoria
3194 3062 3358 3115 vitam
3389 3076 3536 3115 mor-

1946 3163 2136 3217 talium
2166 3161 2478 3216 universam
2509 3166 2794 3220 tenuerat,
2831 3153 3022 3210 fraude
3047 3153 3326 3208 liberarit?
3369 3162 3535 3223 atque

1947 3254 2020 3309 ita
2046 3252 2310 3318 liberarit,
2345 3261 2406 3308 ut
2437 3257 2590 3306 tanto
2622 3247 2908 3304 intervallo
2933 3255 2988 3302 et
3010 3245 3376 3302 vetustissima
3404 3261 3535 3314 gen,

1945 3345 2080 3401 tium
2113 3344 2360 3399 omnium
2414 3342 2621 3398 erroris
2669 3338 2946 3394 domicilia
2977 3353 3101 3393 cum
3132 3336 3348 3405 templis
3372 3345 3536 3406 atque

1946 3437 2257 3495 simulacris
2285 3436 2550 3505 dissipata
2578 3433 2932 3502 luuditusque
2975 3431 3190 3486 sublata
3222 3429 3450 3490 fuerint,
3481 3436 3536 3482 et

1945 3529 2174 3586 delubra
2223 3544 2352 3584 vere
2400 3535 2671 3598 augusta,
2703 3539 2938 3594 vereque
2981 3522 3196 3593 pietatis
3232 3521 3449 3576 scholas
3478 3519 3534 3573 in

1949 3621 2150 3678 summi
2182 3622 2326 3692 regis
2356 3635 2421 3675 ac
2443 3633 2626 3674 rerum
2658 3617 3039 3672 universarum
3066 3613 3334 3668 molitoris
3360 3612 3536 3667 hono—

270 3709 432 3777 πάσης
463 3709 668 3781 ἀρετῆς
697 3709 980 3782 ἀναλήψει,
1011 3710 1154 3765 κατά
1172 3709 1242 3764 τὰ
1269 3710 1386 3764 θεῖα
1412 3708 1506 3763 καὶ
1529 3710 1844 3783 σωτηριώδη

1950 3729 2063 3769 rem
2086 3754 2101 3774 .
2152 3711 2344 3766 mediis
2376 3711 2430 3763 in
2459 3708 2690 3764 urbibus
2720 3715 2883 3776 atque
2911 3705 3064 3776 pagis
3085 3747 3099 3766 .
3132 3703 3375 3772 eiusdem
3406 3699 3538 3755 Ser-

271 3799 625 3869 παιδεύματα,
682 3802 743 3867 ἐξ
787 3803 1043 3857 ἁπάντων
1096 3803 1369 3875 ὁσημέραι
1421 3801 1685 3876 διηνεκῶς
1736 3803 1844 3856 τῶν

270 3892 424 3946 ἐθνῶν
455 3895 860 3948 ἐπιτελεῖσθαι·
899 3897 996 3960 τὰς
1032 3897 1095 3969 δὴ
1140 3898 1236 3952 καὶ
1265 3899 1432 3969 μόνας
1461 3899 1664 3970 ἀρετὰς
1699 3915 1718 3937 ι
1751 3898 1842 3952 οὐ-

271 3999 380 4049 σας,
429 3987 524 4039 καὶ
579 3990 872 4059 προσηνεῖς
920 3987 1112 4053 θυσίας
1158 3988 1236 4060 τῷ
1291 3991 1385 4044 ἐπὶ
1442 3991 1660 4044 πάντων
1701 3990 1842 4062 Θεῷ.

269 4075 474 4134 Τούτων
520 4079 578 4132 δὲ
624 4079 798 4144 οὕτως
842 4081 1096 4151 ἐχόντων,
1145 4080 1263 4147 πῶς
1310 4084 1411 4136 οὐκ
1442 4082 1511 4137 ἂν
1562 4084 1751 4155 εἴημεν
1786 4087 1844 4137 εν

269 4172 436 4243 ταυτῷ
476 4173 909 4244 δεδειχότες,καὶ
947 4176 1030 4228 ὅτι
1063 4174 1203 4244 μετά
1245 4174 1520 4248 σώφρονος
1557 4176 1839 4248 λογισμοῦ,

266 4267 376 4336 οὐχὶ
405 4267 464 4319 δὲ
517 4267 710 4340 ἀλογίᾳ⁸
764 4268 990 4332 ἑαυτοὺς
1034 4269 1332 4335 ἐπιδόντες,
1383 4270 1690 4324 ἀποστάται
1741 4271 1840 4341 τῆς

270 4361 747 4432 πατροπαραδότου
803 4361 1106 4433 γεγόναμεν
1157 4362 1605 4434 δεισιδαιμονίας·
1665 4363 1844 4435 κρίσει

267 4451 317 4503 δὲ
343 4452 548 4522 δικαία,
585 4456 679 4506 καὶ
718 4453 912 4524 ἀληθεῖ
938 4455 998 4508 τὸ
1030 4458 1276 4526 κρεῖττον
1307 4456 1719 4528 ἀγαπήσαντες,
1749 4459 1844 4510 καὶ

269 4543 360 4613 τῆς
383 4545 570 4598 ἐνθέου
610 4546 703 4600 καὶ
731 4545 963 4617 ἀληθοῦς
989 4549 1270 4613 εὐσεϐείας
1299 4550 1528 4620 ἐρασταὶ
1553 4549 1846 4622 γεγενημέ-

269 4651 340 4688 νοι
366 4651 380 4698 ;
418 4635 581 4689 Ἀλλά
609 4636 813 4690 τούτων
841 4637 942 4707 μὲν
989 4639 1130 4703 ἃλις,
1165 4639 1366 4694 ἁπτέον
1393 4641 1452 4695 δὲ
1497 4640 1683 4696 λοιπὸν
1710 4659 1842 4714 προ-

269 4747 322 4781 κε
331 4747 549 4798 ιμενων.

1947 3807 2154 3862 vatoris
2173 3804 2346 3860 nostri
2371 3803 2567 3858 virtute
2598 3811 2768 3855 toturn
2798 3816 2893 3870 per
2918 3799 3105 3854 orbem
3129 3797 3360 3851 excitata
3390 3799 3529 3858 sint;

1947 3910 2004 3956 et
2043 3899 2312 3955 sacriﬁcia
2366 3896 2474 3952 Deo
2513 3895 2836 3967 dignissima
2886 3891 3173 3946 hominum
3218 3899 3530 3944 sanctorum

1948 3994 2203 4065 precibus
2228 4033 2242 4059 ,
2277 4007 2442 4047 sensu
2480 3990 2549 4045 ab
2581 3989 2729 4044 omni
2760 3986 3110 4058 improbitate
3138 3999 3275 4054 puro
3299 4025 3313 4049 ,
3352 3991 3533 4037 mente

1947 4091 2016 4144 ab
2041 4089 2190 4144 omni
2217 4085 2626 4158 perturbatione
2662 4098 2832 4138 vacua
2857 4122 2872 4149 ,
2905 4090 2961 4137 et
2989 4080 3235 4136 omnium
3268 4078 3530 4131 virtutum

1949 4181 2250 4244 exercitio,
2311 4179 2588 4250 quomodo
2644 4176 2840 4231 divina:
2897 4174 3274 4243 salutaresque
3341 4171 3532 4224 littera:

1950 4272 2292 4343 praecipiunt,
2312 4271 2382 4325 ab
2397 4269 2654 4325 omnibus
2679 4267 2919 4339 quotidie
2939 4266 3192 4339 gentibus
3209 4263 3534 4334 assidueque

1950 4367 2082 4420 liant
2117 4363 2471 4434 :cujusmodi
2519 4361 2706 4430 utique
2751 4359 3017 4416 sacriﬁcia
3065 4367 3212 4422 sunt,
3251 4372 3373 4427 qua:
3416 4355 3531 4410 sola

1953 4454 2270 4526 praepotenti
2307 4453 2418 4508 Deo
2441 4453 2672 4524 placere,
2701 4460 2864 4520 atque
2899 4459 3118 4520 accepta
3143 4462 3263 4502 esse
3299 4444 3528 4516 possint.

1952 4549 2076 4604 llzec
2091 4561 2254 4618 porro
2275 4561 2398 4601 cum
2424 4549 2495 4600 ita
2519 4560 2641 4600 sese
2666 4543 2919 4606 habeant,
2945 4557 3125 4597 nonne
3140 4540 3303 4596 simul
3321 4539 3534 4592 cadem-

1948 4656 2054 4712 quc
2081 4640 2166 4694 via
2197 4636 2624 4704 ostenderimus,
2644 4651 2746 4691 nos
2767 4634 3017 4705 prudenti
3051 4643 3374 4702 matureque
3396 4647 3528 4686 con-

1946 4733 2072 4789 slio
2097 4732 2398 4798 adductos,
2436 4747 2544 4785 non
2591 4731 2901 4785 inconsulta
2942 4728 3161 4784 levitate
3190 4727 3466 4796 abreptos,
3500 4741 3530 4777 a

271 4825 432 4890 patria
451 4828 841 4896 superstitione
858 4828 1176 4891 descivisse,
1199 4843 1263 4883 ac
1286 4837 1434 4884 recto
1467 4844 1707 4899 veroque
1754 4828 1964 4898 judicio
2003 4825 2157 4899 141
2195 4825 2421 4880 meliora
2465 4824 2782 4894 complexos
2811 4837 2955 4887 esse,
2982 4821 3337 4882 divinumque
3365 4817 3531 4874 simul

268 4933 324 4970 ac
349 4934 530 4974 veram
563 4922 813 4990 pietatem
847 4923 1154 4976 adamasse.
1197 4920 1302 4977 Sed
1338 4923 1404 4978 de
1433 4923 1518 4978 his
1547 4924 1852 4988 hactenus;
1885 4923 2030 4994 quod
2061 4929 2332 4992 superest,
2364 4920 2429 4975 ad
2455 4935 2571 4974 rem
2603 4918 2780 4990 ipsam
2811 4917 3119 4973 veniamus.

791 5038 1299 5091 KE‘DAAAIONE'.

301 5127 389 5192 Τίς
427 5127 465 5193 ἡ
497 5123 787 5193 διαίρεσις
829 5126 937 5193 τῆς
965 5127 1092 5181 καθ’
1125 5129 1427 5195 Ἕλληνας
1457 5130 1791 5200 θεολογίας.

327 5240 385 5290 Οἱ
427 5237 525 5309 μὲν
545 5238 609 5310 δὴ
633 5238 728 5310 τὴν
772 5239 1084 5311 Ἑλληνικὴν
1114 5239 1388 5309 θεολογίαν
1411 5241 1843 5314 ἐξηκριόωκότες

263 5327 372 5380 καθ’
403 5329 592 5400 ἕτερον
617 5332 765 5401 παρά
793 5331 916 5394 τοὺς
946 5333 1374 5403 προειρημένους
1419 5335 1550 5404 ἡμῖν
1585 5335 1840 5406 τρόπους,

265 5420 335 5480 εἰς
369 5421 499 5491 γένη
527 5423 762 5494 τέτταρα
785 5425 960 5478 πάντα
1000 5425 1089 5478 τὸν
1115 5426 1272 5494 λόγον
1300 5425 1653 5500 διαιροῦντες,
1692 5427 1839 5498 πρώ-

271 5528 418 5567 τιστα
450 5515 665 5568 πάντων
701 5515 790 5568 τὸν
819 5516 1038 5587 πρῶτον
1059 5517 1418 5588 ἀφορίσαντες
1451 5517 1603 5580 Θεὸν,
1642 5518 1838 5572 εἰδέναι

274 5606 398 5673 φασὶ
427 5607 614 5661 τοῦτον
640 5604 779 5661 εἶναι
814 5609 901 5661 τὸν
934 5611 1025 5662 ἐπὶ
1063 5612 1195 5662 πᾶσι
1232 5611 1444 5678 πρῶτόν
1481 5629 1537 5664 τε
1571 5611 1699 5666 ὄντα
1746 5613 1838 5665 καὶ

275 5700 478 5754 πάντων
503 5700 654 5764 Θεὸν,
687 5702 894 5774 πατέρα
937 5721 992 5756 τε
1025 5704 1116 5756 καί
1149 5703 1390 5773 βασιλέασ
1429 5704 1547 5776 μεθ’
1590 5705 1646 5758 ὃν
1684 5706 1838 5774 γένος

341 5810 360 5830 ³
400 5801 482 5850 ἴσ.
515 5797 767 5868 ἀρίστας.

2577 5031 2806 5088 CAPUT
2839 5030 2904 5086 V.

2199 5128 2389 5196 Qualis
2413 5126 2718 5182 ercorum
2739 5123 3011 5194 theologia:
3031 5125 3271 5192 partitio.

2023 5243 2163 5314 Ergo
2197 5243 2290 5312 qui
2317 5242 2631 5296 Graecorum
2669 5239 2994 5310 theologiam
3041 5239 3373 5295 adamussim
3403 5255 3527 5297 exe-

1948 5345 2165 5406 gerunt,
2191 5335 2354 5388 aliam
2389 5333 2684 5403 quamdam
2716 5333 2784 5386 ab
2815 5332 2902 5397 iis,
2931 5345 3070 5400 quas
3103 5340 3228 5386 ante
3252 5335 3527 5389 recensui-

1949 5443 2093 5488 mus.
2127 5425 2394 5481 rationem
2428 5425 2700 5490 ineuntes,
2742 5439 2857 5479 rem
2895 5432 3064 5478 totam
3093 5423 3146 5478 in
3186 5434 3416 5494 quatuor
3445 5441 3528 5496 ge-

1951 5535 2082 5575 nera
2108 5519 2290 5589 partiti
2325 5526 2473 5574 sunt.
2499 5517 2727 5587 Quippe,
2760 5517 2812 5570 in
2843 5516 3034 5586 primis
3056 5517 3202 5572 enim
3228 5518 3527 5586 principem

1952 5611 2119 5666 Deum
2178 5629 2207 5665 a
2265 5611 2426 5680 vulgo
2489 5619 2855 5678 segregantes,
2905 5608 3162 5662 omnibus
3211 5623 3336 5661 Cllllt
3369 5610 3536 5661 rebus

1951 5703 2262 5776 ιιι-ιῡδίιιςιτι,
2322 5712 2448 5758 ante
2504 5717 2696 5758 omnes
2755 5717 2898 5769 esse,
2952 5700 3307 5770 omniumque
3337 5699 3528 5767 Deum,
