4024 6408
292 337 383 391 249

783 444 1176 498 ΚΕΦΔΛᾹΙΟΝ
1200 442 1291 507 τῖ’.

289 563 389 612 Ὅτι
412 556 492 626 μὴ
515 558 613 625 ἀφ’
632 555 860 627 ἑαυτῶν
875 559 1012 612 ἀλλ’
1031 558 1099 611 ἐκ
1125 556 1230 611 τῶν
1265 558 1631 625 Ἑλληνικῶν
1647 575 1828 627 παρα-

342 629 549 684 θέσεων
594 629 696 692 τὰς
737 625 854 680 τῶν
895 628 1161 697 ἐλέγχων
1205 631 1532 698 μαρτυρίας
1579 625 1826 683 πιστού-

339 702 492 768 μεθα.

374 810 456 880 έρε
487 805 600 874 οὖν,
634 808 1078 879 ἐπισκεψώμεθα,
1109 809 1193 873 τίς
1245 812 1274 863 ὁ
1325 813 1444 864 κατ’
1484 813 1678 875 αὐτοὺς
1717 812 1826 867 τῶν

278 901 595 972 χρηστηρίων
621 901 841 970 τρόπος,
871 901 947 964 ὡς
984 901 1048 955 ἂν
1082 902 1346 972 μάθοιμεν
1389 904 1546 966 ποίας
1597 904 1699 975 χρὴ
1731 907 1824 956 δυ-

275 996 464 1061 νάμεως
501 993 698 1056 αὐτοὺς
734 993 1138 1064 ἀποφήνασθαι,
1178 995 1272 1048 καὶ
1299 996 1411 1048 εἴτε
1445 996 1618 1068 ὀρθῶς
1645 997 1824 1049 αὐτῶν

275 1090 696 1158 ἀνεχωρήσαμεν,
745 1088 856 1140 εἴτε
890 1089 982 1141 καὶ
1035 1091 1133 1160 μή.
1191 1091 1252 1142 Εἰ
1303 1090 1359 1143 δὲ
1400 1091 1647 1160 μέλλοιμι
1693 1090 1823 1160 παρ’

271 1178 480 1250 ἐμαυτοῦ
519 1181 647 1242 τοὺς
684 1180 937 1249 ἐλέγχους
980 1179 1088 1232 τῶν
1129 1180 1475 1252 δηλουμένων
1506 1181 1820 1252 προφέρειν,

269 1270 318 1324 εὖ
343 1268 425 1323 οἷδ’
455 1272 536 1324 ὅτι
568 1273 692 1342 μηδ’
723 1272 1084 1341 ἀνεπίληπτον
1123 1272 1344 1343 παρέξω
1371 1276 1483 1335 τοῖς
1533 1272 1823 1344 φιλεγκλή-

270 1383 375 1436 post
398 1365 482 1416 τὸν
513 1363 694 1431 λόγον.
739 1364 938 1435 Διόπερ
984 1364 1146 1427 αὐτὸς
1185 1365 1334 1417 οὐδὲν
1367 1364 1576 1418 οἴκοθεν
1627 1364 1818 1429 εἰπὼν,

265 1455 398 1520 αὖθις
421 1459 537 1520 ταῖς
564 1456 673 1509 τῶν
699 1456 898 1523 ἔξωθεν
922 1457 1134 1528 ἀποχρή
1145 1474 1304 1526 σομαι
1330 1456 1676 1528 μαρτυρίαις.
1708 1459 1822 1510 Μυ-

266 1549 374 1617 ρίων
396 1547 448 1598 δὲ
473 1547 645 1599 ὄντων
681 1549 806 1618 παρ’
837 1547 1062 1617 Ἕλλησι
1090 1546 1442 1617 λογογράφων
1467 1565 1526 1599 τε
1553 1549 1644 1600 καὶ
1668 1548 1817 1616 φιλο-

264 1639 435 1707 σόφων,
467 1639 574 1710 πρὸ
603 1640 823 1692 πάντων
842 1640 1144 1710 ἐπιτήδειον
1161 1642 1242 1702 εἷς
1268 1639 1338 1692 τὰ
1361 1639 1693 1709 προκείμενα
1728 1642 1819 1709 ἐγ-

261 1731 405 1802 χρίνω
414 1731 498 1782 τὸν
511 1732 782 1802 δαιμόνων
800 1732 948 1800 φίλον
960 1732 1119 1785 αὐτὸν
1139 1734 1366 1793 ἐκεῖνον,
1381 1732 1438 1796 ὃς
1455 1732 1517 1803 δὴ
1536 1731 1654 1785 καθ’
1669 1735 1701 1802 ἡ
1712 1734 1818 1802 μᾶς

1392 333 1712 388 ΡΒᾸΞΡΑΒ.
1756 332 2008 392 EVANG.
2050 333 2179 390 LIB.
2213 333 2301 389 IV.

1856 457 1904 512 Α

3394 330 3502 387 250

2538 441 2765 497 CAPUT
2810 440 2894 496 Vl.

1931 561 2365 627 Argumentorum
2390 557 2910 625 coufutationumque
2933 564 3235 627 nostrarum
3267 555 3503 627 testimo-

2000 624 2089 680 niu
2123 645 2224 707 non
2281 624 2498 694 nostris,
2555 628 2644 680 sed
2698 627 3002 680 (irwcorum
3036 625 3246 692 scriptis
3307 624 3504 691 con/ir»

1997 714 2155 752 mart.

2000 807 2113 876 Age
2146 807 2349 875 itaque,
2401 805 2680 860 videamus
2703 805 3018 875 aliquando,
3054 820 3303 874 qmeuam
3357 804 3499 873 apud

1924 900 2060 955 istos
2089 900 2433 954 oraculorum
2468 900 2604 952 ratio
2631 898 2814 962 fuerit,
2847 907 2905 951 ut
2934 899 3097 953 simul
3130 898 3497 967 intelligamus

1924 991 2231 1062 cujusmodi
2283 993 2390 1044 vim
2425 992 2492 1045 iis
2536 989 2831 1044 attribuere
2865 1004 2966 1043 nos
3002 999 3270 1058 oporteat,
3305 1005 3496 1058 quam-

1923 1101 2030 1154 que
2067 1085 2192 1152 jure
2223 1084 2306 1138 vel
2335 1101 2494 1138 secus
2525 1084 2593 1137 ab
2623 1083 2814 1138 iisdem
2847 1083 3254 1159 recesserimus.
3285 1081 3349 1135 Et
3374 1082 3498 1151 qui-

1922 1176 2044 1230 dem
2076 1178 2122 1231 si
2163 1175 2500 1245 argumentis
2536 1176 2650 1244 ipse
2683 1175 2817 1230 meis
2842 1174 2916 1240 id,
2949 1175 3094 1244 quod
3124 1191 3268 1229 nunc
3295 1175 3493 1244 agitur,

1922 1271 2186 1324 coniicere
2211 1271 2422 1333 vellem,
2454 1285 2558 1322 non
2591 1269 2722 1323 satis
2753 1268 3049 1322 immunem
3082 1276 3382 1336 tutamque,
3410 1279 3494 1319 sat

1921 1359 2064 1420 scio,
2118 1359 2538 1428 disputationem
2591 1374 2766 1412 meam
2807 1358 2874 1411 ab
2926 1358 3077 1412 omni
3132 1358 3492 1424 litigiosorum

1921 1450 2203 1504 hominum
2252 1451 2675 1519 reprehensione
2720 1450 3103 1519 calumniaque
3156 1457 3490 1519 praestarem.

1918 1541 2096 1608 Quare
2134 1543 2266 1596 nihil
2297 1544 2460 1596 domo
2504 1551 2810 1612 promptum
2842 1543 3083 1608 alleram,
3112 1542 3206 1596 sed
3247 1543 3492 1596 testimo-

1918 1635 2046 1698 niis,
2100 1635 2246 1705 quod
2299 1635 2479 1689 adhuc
2530 1635 2664 1699 feci,
2699 1634 2890 1688 alienis
2946 1645 3085 1687 utar.
3122 1633 3196 1686 Ex
3239 1635 3494 1689 omnibus

1919 1735 2096 1779 tamen
2140 1725 2344 1780 ϐαθεῖς
2377 1740 2501 1780 cum
2551 1724 2846 1787 historicis,
2880 1733 2992 1776 tum
3041 1723 3204 1776 etiam
3254 1724 3492 1792 philoso-

259 1822 486 1889 γεγονὼς,
521 1826 646 1886 ταῖς
676 1823 797 1877 καθ’
851 1821 1006 1894 ἡμῶν
1073 1823 1505 1895 ἐλλαμπρύνεται
1549 1823 1808 1894 ψευδηγο-

1914 1815 2055 1884 phis,
2085 1816 2178 1884 qui
2222 1831 2353 1869 sane
2399 1814 2592 1868 inﬁniti
2621 1822 2768 1876 sunt,
2813 1828 2976 1866 unum
3008 1829 3116 1882 prae
3145 1814 3353 1868 caeteris
3385 1815 3495 1867 ido-

261 1913 400 1982 ρίαις.
434 1913 690 1966 Μάλιστα
723 1913 830 1984 γὰρ
867 1914 1169 1983 φιλοσόφων
1197 1908 1352 1978 οὗτος
1385 1913 1490 1966 τῶν
1520 1915 1641 1967 καθ’
1668 1917 1815 1986 ἡμᾶς

257 2005 499 2057 δοκεῖκαὶ
531 2005 776 2075 δαίμοσι,
813 2007 906 2058 καὶ
937 2000 1017 2069 οἷς
1078 2023 1211 2076 φησι
1259 2007 1401 2068 Θεοῖς
1455 2005 1812 2076 ὡμιληκέναι,

258 2093 378 2162 ἐπέρ
409 2112 462 2146 τε
496 2095 706 2148 τούτων
758 2095 1116 2160 πρεσϐεῦσαι,
1155 2097 1248 2148 καὶ
1306 2096 1486 2166 πολλῷ
1523 2096 1720 2167 μᾶλλον
1749 2098 1815 2151 τὰ

254 2186 362 2256 παρ’
394 2185 603 2238 ἑαυτῶν
639 2199 663 2226 α
713 2187 1102 2258 ἀκριϐέστερον
1148 2187 1582 2259 διηρευνηκέναι.
1648 2183 1814 2253 Οὗτος

254 2277 511 2349 τοιγαροῦν
536 2279 597 2330 ὲν
631 2273 713 2340 οἷς
739 2277 1017 2350 ἐπέγραψε
1053 2281 1182 2351 περὶ
1209 2280 1307 2349 τῆς
1340 2281 1403 2333 ὲκ
1442 2278 1634 2347 λογίων
1669 2281 1814 2349 φιλο-

253 2368 454 2434 σοφίας,
511 2370 838 2438 συναγωγὴν
914 2371 1206 2438 ἐποιήσατο
1277 2377 1539 2440 χρησμῶν
1598 2371 1690 2424 τοῦ
1754 2389 1811 2424 τε

259 2459 571 2523 ’Λπόλλωνος
627 2463 720 2513 καὶ
764 2461 871 2512 τῶν
903 2460 1105 2514 λοιπῶν
1149 2461 1289 2513 θεῶν
1329 2477 1389 2514 τε
1444 2465 1540 2516 καὶ
1592 2462 1812 2530 ἀγαθῶν

249 2552 511 2622 δαιμόνων·
541 2553 640 2617 οὒς
676 2555 771 2606 καὶ
829 2552 1060 2624 μάλιστα
1090 2553 1448 2624 ἐκλεξάμενος
1477 2555 1624 2626 αὐτῷ
1677 2556 1814 2626 ἡγή-

249 2660 360 2696 σατο
391 2646 608 2708 ἱκανοὺς
633 2641 771 2698 εἶναι
801 2645 882 2709 εἷς
927 2663 984 2698 τε
1034 2645 1310 2711 ἀπόδειξιν
1359 2647 1457 2717 τῆς
1498 2646 1603 2699 τῶν
1635 2647 1811 2700 θεολο-

255 2735 500 2804 γουμένων
523 2737 750 2807 ἀρετῆς,
787 2736 866 2800 εἴς
925 2754 982 2789 τε
1016 2736 1329 2808 προτροπὴν
1375 2737 1497 2805 τῆς,
1555 2738 1629 2802 ὡς
1664 2739 1811 2810 αὐτῷ

247 2828 376 2896 φίλον
397 2830 706 2894 ὀνομάζειν,
744 2830 1046 2898 θεοσοφίας.
1097 2832 1191 2883 Ἐκ
1236 2831 1300 2903 δὴ
1351 2831 1556 2886 τούτων
1589 2851 1811 2906 τοιγαρ-

247 2918 323 2969 οῦν
348 2917 447 2969 τῶν
481 2919 849 2990 ἐκκριθέντων
898 2920 991 2973 καὶ
1017 2922 1236 2992 μνήμης
1257 2921 1594 2988 ἀξιωθέντων
1614 2923 1809 2993 λογίων

245 3009 684 3080 διακρῖναικαλὺν
717 3011 841 3074 τοὺς
881 3012 1316 3082 χρησμολόγους,
1364 3015 1458 3066 καὶ
1507 3015 1807 3085 σκέψασθαι

245 3103 381 3166 ποίας
409 3103 538 3156 ποτε
573 3103 730 3167 ὄντες
763 3104 1081 3174 τυγχάνουσι
1121 3105 1423 3176 δυνάμεως.
1481 3107 1701 3179 Πρῶτον
1750 3109 1806 3162 δὲ

243 3189 569 3262 θεασώμεθα,
605 3194 753 3257 ὃπως
796 3194 890 3264 τῆς
916 3196 1132 3266 γραφῆς
1170 3200 1198 3250 ὁ
1248 3197 1506 3269 δηλωθεὶς
1530 3199 1669 3272 ἀνὴρ
1703 3201 1802 3271 ἀρ-

244 3282 445 3352 χόμενος
494 3280 534 3354 ἦ
599 3286 705 3356 μὴν
759 3285 1042 3355 ἀληθεύειν
1107 3289 1430 3361 ἐπόμνυται,
1491 3289 1664 3361 λέγων
1714 3291 1803 3346 οὖ-

243 3390 348 3434 τως.

1917 1923 2077 1961 ueum
2113 1909 2254 1962 hanc
2290 1908 2344 1960 in
2396 1922 2508 1960 rem
2547 1905 2789 1960 futurum
2845 1905 2996 1959 illum
3029 1906 3238 1974 putavi,
3299 1905 3392 1975 qui
3439 1914 3494 1958 et

1915 2003 2222 2058 daemonum
2279 2004 2489 2057 amicus
2527 2003 2648 2067 fuit,
2682 2009 2736 2057 et
2792 2011 2974 2055 nostra
3028 2011 3188 2054 astate
3244 2002 3394 2063 vixit,
3439 2011 3492 2054 et

1915 2093 2360 2163 prmeipuumsihi
2380 2095 2546 2149 decus
2581 2095 2827 2148 instituto
2864 2104 3047 2148 nostro
3077 2092 3230 2164 143
3267 2092 3489 2146 menda-

1913 2187 2132 2241 cisslme
2163 2188 2498 2242 traducendo
2521 2187 2789 2258 qumsivit.
2818 2186 3108 2240 Enimvero
3135 2185 3490 2256 philosophos

1914 2282 2078 2345 inter,
2109 2282 2202 2351 qui
2241 2293 2422 2336 nostra
2467 2280 2727 2336 memoria
2761 2279 3088 2343 ﬂoruerunt,
3126 2277 3343 2332 videtur
3390 2277 3491 2332 iste

1916 2375 2208 2428 maximam
2238 2390 2361 2428 cum
2406 2375 2765 2440 daemonibus,
2810 2389 2949 2444 quos
2985 2374 3098 2441 ipse
3127 2372 3257 2426 deos
3309 2372 3488 2424 nomi-

1914 2476 2026 2530 nat,
2073 2466 2522 2520 consuetudinem
2560 2467 2766 2530 iniisse,
2802 2481 3022 2520 causam
3058 2480 3246 2518 eorum
3280 2464 3489 2518 studio-

1913 2559 2128 2612 sissime
2148 2557 2477 2625 defendisse,
2502 2568 2557 2613 et
2579 2559 2842 2628 quidquid
2864 2558 2930 2612 ad
2957 2558 3200 2627 ipsorum
3234 2567 3484 2611 naturam

1912 2667 1976 2704 ac
2006 2651 2293 2721 religiones
2319 2651 2640 2721 pertinebat,
2668 2651 2828 2721 longe
2864 2651 3109 2705 omnium
3137 2650 3488 2705 accuratissi-

1914 2752 1999 2796 me
2028 2742 2255 2798 rimatus
2295 2759 2438 2798 esse.
2483 2742 2581 2798 Hic
2606 2744 2770 2814 igitur
2796 2743 2849 2797 in
2880 2743 2967 2804 iis,
2999 2759 3119 2812 quae
3151 2743 3217 2797 de
3243 2743 3488 2812 philoso-

1909 2833 2034 2902 phia
2085 2851 2149 2889 ex
2189 2836 2428 2890 oraculis
2458 2835 2653 2890 hausta
2683 2836 3030 2905 conscripsit,
3076 2836 3335 2904 pleraque
3371 2846 3482 2888 tum

1908 2926 2193 2994 Apollinis.
2227 2936 2339 2981 tum
2363 2925 2692 2982 ‘cznterorum
2717 2944 2936 2998 quoque
2963 2927 3187 2982 deorum
3223 2943 3286 2982 ac
3321 2927 3486 2981 bono-

1911 3035 2029 3073 rum
2057 3018 2364 3074 daemonum
2404 3036 2664 3089 responsa
2699 3021 2936 3091 collegit,
2966 3035 3200 3090 quorum
3239 3020 3342 3074 ﬁde
3376 3037 3482 3073 non

1908 3127 2097 3165 eorum
2152 3127 2272 3166 sese
2333 3113 2516 3178 modo,
2560 3113 2758 3182 quibus
2793 3113 3128 3167 divinitatem
3162 3113 3481 3174 attribuunt,

1911 3204 2015 3256 vim
2050 3219 2114 3258 ac
2163 3213 2484 3273 potestatem
2529 3205 2836 3266 ostendere,
2889 3205 2981 3260 sed
3026 3207 3187 3258 etiam
3234 3205 3484 3258 homines

1908 3295 1973 3347 ad
2014 3294 2228 3358 divinat,
2262 3297 2335 3351 uti
2369 3312 2565 3351 vocare
2590 3308 2757 3359 amat,
2809 3299 3087 3366 sapientiae
3117 3298 3357 3352 studium
3390 3313 3481 3351 ex-

1907 3386 2074 3440 citare
2120 3402 2281 3457 posse
2333 3389 2646 3444 conﬁderet.
2698 3389 2937 3458 Equum
2983 3389 3164 3460 itaque
3207 3388 3389 3453 fuerit,
3417 3404 3480 3442 ex

243 3467 315 3530 iis,
341 3485 455 3536 qua:
490 3479 752 3540 tanquam
779 3476 1041 3528 memoria
1075 3475 1392 3545 dignissima
1438 3477 1647 3545 selegit,
1706 3478 1942 3534 oraculis
2008 3480 2074 3534 de
2117 3496 2303 3536 eorum
2359 3483 2673 3538 auctoribus
2727 3483 3020 3552 prudenter
3079 3482 3359 3551 judicare,
3408 3492 3481 3547 et,

241 3563 528 3631 cujusmoli
577 3577 843 3636 potestate
872 3572 981 3624 sint
1026 3572 1254 3637 pranliti,
1311 3571 1626 3642 diligentius
1694 3573 1988 3644 inquirere.
2044 3575 2148 3631 Sed
2201 3578 2696 3635 animadvertamus
2745 3581 2797 3634 in
2845 3579 3057 3649 primis,
3116 3579 3490 3649 {quemadmo—

241 3654 350 3706 dum
400 3656 515 3725 ipso
545 3657 727 3712 statim
759 3661 937 3729 operis
965 3661 1120 3715 initio
1153 3677 1279 3716 veta
1324 3679 1382 3717 se
1417 3663 1685 3718 dicturum
1739 3663 1990 3721 laudatus
2034 3669 2269 3738 scriptor
2309 3670 2666 3741 jurejurando
2709 3673 3012 3739 conﬁrmet,
3076 3672 3159 3727 his
3224 3682 3480 3743 concepto

241 3753 416 3808 verbis.

754 3855 1151 3908 ΚΕΦΑΛΑῘΟΝ
1187 3857 1260 3908 Ζ’.

243 3965 359 4031 Περὶ
396 3965 513 4036 τῶν
542 3967 695 4019 κατά
718 3967 1032 4036 χρησμοὺς
1061 3966 1416 4035 ἀπορρήτων
1442 3966 1510 4019 ἐκ
1539 3963 1644 4032 τῆς
1679 3968 1800 4022 Ἐλ-

297 4035 545 4102 ,Ιηνικῆς
604 4037 1018 4104 παραθέσεως,
1079 4039 1173 4089 καὶ
1232 4037 1411 4106 ὅρκος
1484 4037 1618 4104 περὶ
1681 4039 1799 4091 τῶν

300 4106 601 4174 χρησμῶν,
625 4107 692 4159 ἐκ
725 4106 842 4160 τῶν
872 4109 1232 4176 Πορφυρίων.

305 4234 320 4265 ι
345 4216 568 4280 Βέϐαιος
605 4216 715 4288 (9.9)
749 4217 805 4271 δὲ
839 4219 932 4271 καὶ
969 4219 1194 4290 μόνιμος
1245 4220 1273 4271 ὁ
1334 4219 1601 4283 ἐντεῦθεν,
1627 4221 1702 4284 ὡς
1733 4221 1798 4275 ἂν

241 4305 293 4355 ὲκ
318 4307 472 4375 μόνου
510 4307 727 4378 βεϐαίου
765 4309 863 4372 τὰς
903 4309 1118 4374 ἐλπίδας
1176 4309 1267 4364 τοῦ
1333 4310 1568 4381 σωθῆναι
1607 4313 1798 4383 ἀρυτό-

243 4412 403 4462 μενος,
433 4395 514 4462 ο²ς
571 4400 633 4470 δὴ
673 4402 767 4453 καὶ
822 4401 1144 4471 μεταδώσεις
1180 4402 1342 4472 μηδὲν
1380 4403 1794 4474 ὑφαιρούμενος.

2508 3859 2736 3918 CAPUT
2772 3859 2880 3916 VII.

1909 3967 1983 4021 De
2019 3969 2214 4021 abditis
2270 3968 2606 4022 oraculorum
2652 3973 2863 4037 arcanis
2909 3984 2973 4022 ex
3005 3970 3131 4037 ipsis
3178 3967 3479 4023 ercornm

1979 4040 2338 4102 monimentis,
2389 4057 2506 4092 cum
2561 4034 2913 4102 jurejurando
2996 4034 3050 4092 in
3095 4056 3272 4092 eorum
3323 4039 3480 4107 ﬁdem

1979 4119 2285 4179 nuncupata
2314 4127 2331 4162 :
2359 4125 2422 4164 ea:
2452 4110 2736 4179 Porphyrii
2757 4111 2987 4178 scriptis.

1983 4241 2000 4274 ι
2045 4223 2358 4278 Constantis
2372 4223 2556 4290 utique
2581 4230 2664 4276 est
2687 4221 2980 4290 soliquue
3007 4221 3296 4282 ﬁrmitatis,
3322 4220 3476 4289 quis-

1905 4317 2029 4385 quis
2089 4318 2213 4370 inde
2263 4325 2519 4385 tanquam
2564 4332 2628 4368 ex
2669 4330 2755 4382 eo,
2813 4315 2956 4384 quod
3024 4315 3256 4369 solidum
3309 4329 3475 4366 unum

1906 4419 2009 4471 est,
2059 4425 2208 4478 spem
2241 4426 2353 4464 sum
2398 4407 2589 4462 salutis
2622 4407 2805 4461 haurit
2845 4425 2857 4459 :
2887 4407 3191 4476 cujusmodi
3221 4422 3343 4460 cum
3381 4406 3477 4459 ho-

251 4492 384 4542 Ἐπεὶ
411 4492 566 4560 κάγώ
591 4509 642 4545 τι
665 4493 818 4556 θεοὺς
838 4493 1204 4564 μαρτύρομαι,
1223 4495 1296 4558 ὡς
1322 4495 1470 4548 οὐδὲν
1486 4495 1609 4548 οὔτε
1636 4514 1800 4567 προσ-

1911 4501 2145 4555 minibus
2167 4501 2512 4554 oraculorum
2539 4499 2765 4552 istorum
2790 4499 3110 4566 sapientiam
3131 4497 3475 4551 communica

242 4583 458 4647 τέθεικα,
521 4584 645 4637 οὔτε
699 4587 914 4654 ἀφεῖλον
975 4584 1083 4638 τῶν
1126 4586 1467 4658 χρησθέντων
1493 4589 1799 4656 νοημάτων·

243 4676 280 4725 εἰ
314 4678 380 4746 μή
413 4695 513 4729 που
538 4677 679 4740 λέξιν
702 4679 1098 4748 ήμαρτημένην
1139 4676 1442 4747 διώρθωσα,
1480 4679 1512 4749 ἢ
1547 4679 1682 4748 πρὸς
1743 4679 1802 4732 τὸ

243 4767 556 4838 σαφέστερον
582 4767 984 4837 μεταϐέϐληκα,
1014 4767 1046 4838 ἢ
1077 4769 1136 4820 τὸ
1174 4767 1369 4837 μέτρον
1410 4768 1651 4822 ἐλλεῖπον
1681 4771 1802 4821 ἀνε-

243 4856 505 4928 πλήρωσα,
537 4860 568 4928 ἦ
595 4876 646 4911 τι
669 4859 778 4912 τῶν
814 4859 886 4930 μὴ
921 4860 1056 4930 πρὸς
1087 4860 1184 4930 τὴν
1217 4860 1473 4930 πρόθεσιν
1507 4863 1803 4915 συντεινόν-

242 4965 334 5000 των
362 4950 644 5021 διέγραψα.
691 4952 777 5014 Ὠς
808 4953 898 5004 τόν
925 4969 983 5005 τε
1015 4953 1138 5006 νοῦν
1170 4954 1443 5024 ἀκραιφνῆ
1473 4954 1581 5008 τῶν
1609 4954 1799 5026 ρηθέν-

303 5092 325 5118 ι
363 5081 444 5135 ἷσ.
479 5083 680 5138 αὐτῶν.

305 5215 404 5294 (29)
445 5217 707 5294 ΒέςῗταιοςΪ
740 5218 1055 5294 _l\lontaeut.
1087 5221 1474 5294 Argyropylum
1508 5226 1796 5294 quemdam

239 5284 424 5364 laudat,
450 5289 541 5356 qui
572 5289 789 5364 capitis
832 5291 995 5364 hujus
1043 5284 1256 5364 initium
1294 5284 1537 5364 legerat;
1559 5295 1799 5364 βεϐαίοις

237 5355 428 5437 δὲκαὶ
463 5355 730 5437 μονίμοις,
761 5361 837 5437 ῶς
867 5355 932 5414 ἂν
957 5363 1021 5414 ἐκ
1045 5363 1145 5437 τῇς
1171 5363 1280 5437 τῶν
1309 5355 1445 5437 θὶὡν
1466 5355 1798 5437 ἁγαθότητος

241 5441 283 5477 τ.
310 5427 439 5507 ἔλιπε
567 5431 961 5507 ἀρυκτομένοιςζ
987 5427 1156 5507 μηδὲν
1206 5427 1624 5507 ὑφαιρούμενος,
1659 5427 1797 5507 μήτε

242 5497 552 5572 μεταδιδοὺς,
586 5497 758 5572 ταῦτα
783 5497 1175 5572 παραθήσομαι
1201 5547 1213 5558 ,
1254 5497 1382 5569 ’ριιά
1441 5497 1492 5558 in
1541 5497 1794 5572 leveti'one,

240 5566 435 5646 follem,
470 5570 780 5638 μεταδιδούς
829 5566 1164 5646 mutandum
1197 5566 1424 5646 videtur?
1468 5577 1520 5628 in
1575 5566 1797 5646 προστιέ

243 5631 357 5714 θείς,
399 5631 800 5715 ιιιόρροηιηιίν
853 5643 1170 5715 prtecedenti
1199 5631 1793 5715 ὑφαιρούμενρς.Ἀ¹ίη-

242 5711 320 5768 qui
372 5711 853 5790 pugnabunt'ista.
896 5713 1120 5783 μηδενὸς
1173 5711 1510 5784 μεταδιδόναι
1538 5728 1582 5769 et
1619 5718 1788 5770 ταῦτα

249 5777 636 5846 παρατίθεσθαι.
675 5777 967 5852 νυιεειιιιίιί
991 5777 1275 5841 lectionem
1312 5788 1543 5844 retinere
1577 5789 1784 5855 malim,

1906 4595 2051 4647 nulla
2081 4595 2163 4647 sui
2196 4602 2348 4662 parte
2370 4593 2726 4646 decurtatam.
2759 4587 2970 4642 Etenim
2998 4591 3126 4645 deos
3149 4591 3261 4660 ipse
3283 4599 3473 4652 testor,

1904 4687 2038 4740 nihil
2076 4686 2172 4739 abs
2216 4701 2299 4739 me
2345 4685 2426 4739 vel
2463 4697 2846 4752 responsorum
2881 4683 2948 4735 ad
2989 4693 3222 4736 mentem
3255 4700 3319 4737 ac
3351 4699 3474 4738 sen-

1905 4779 2124 4832 tentiam
2162 4777 2427 4840 additum,
2470 4776 2551 4828 vel
2595 4790 2660 4828 ex
2700 4791 2763 4827 ea
2790 4773 3092 4827 detractum
3129 4774 3326 4839 fuisse;
3368 4776 3470 4829 nisi

1903 4871 2044 4925 forte
2064 4871 2234 4925 sicubi
2277 4879 2370 4924 aut
2397 4869 2641 4923 voculam
2674 4881 2862 4920 errore
2893 4867 3132 4919 vitiatam
3164 4866 3470 4926 emendavi.

1903 4973 1992 5017 aut
2021 4964 2243 5032 majoris
2261 4959 2659 5033 perspicuitatis
2679 4959 2878 5027 gratria
2907 4958 3198 5013 illustriore
3229 4973 3473 5012 commu-

1901 5235 2060 5302 cujus
2096 5237 2360 5289 sententia
2391 5236 2469 5290 sic
2498 5251 2526 5289 a
2553 5235 2948 5304 superioribus,
2975 5234 3080 5288 hoc
3104 5234 3222 5286 loco
3253 5242 3475 5302 praeter-

1902 5305 2106 5370 missis,
2162 5306 2376 5374 pendet,
2413 5315 2469 5359 ut
2521 5317 2700 5360 tamen
2749 5307 2980 5359 alterum
3031 5320 3248 5371 quoque
3304 5319 3474 5358 mem-

1898 5377 2055 5447 brum
2090 5392 2154 5430 ex
2195 5377 2295 5430 hoc
2329 5393 2436 5429 uno
2464 5377 2685 5447 intelligi
2719 5375 3206 5447 perfacilepossit;
3255 5375 3470 5447 tametsi

1900 5445 2246 5508 reddiderim,
2297 5447 2521 5516 perinde
2557 5458 2606 5499 ut
2640 5443 2682 5500 si
2723 5445 2936 5516 βέϐαιος
2971 5445 3058 5516 δή,
3110 5460 3215 5498 non
3257 5443 3470 5516 βέβαιος

1897 5517 1974 5582 δέ,
2013 5511 2312 5580 leteretnr:
2333 5518 2487 5581 Quod
2543 5511 2808 5587 sequitur,
2840 5511 2920 5579 οἷς
2959 5511 3045 5587 δή,
3107 5511 3471 5587 ιιὶῑιὶΙόὺειηι

1897 5587 2190 5656 quominus
2221 5587 2432 5656 βέϐαιος
2459 5588 2684 5656 legatur.
2730 5586 3018 5655 Eleganter
3037 5586 3180 5640 enim
3208 5594 3261 5638 et
3292 5587 3467 5655 gravi-

1898 5667 1976 5711 ter
2023 5659 2109 5711 hie
2156 5659 2471 5726 singularis,
2501 5672 2858 5728 quoscunque
2901 5657 2952 5712 id
2998 5672 3166 5727 genus
3219 5656 3466 5710 homines

1896 5744 2010 5782 com
2019 5729 2289 5798 plectitur.
