3890 6384
483 324 582 378 251

1123 321 1208 378 EU
1223 317 1395 376 SEBII
1433 319 1911 376 (LESARIENSIS
1950 319 2098 374 OPP.
2131 318 2312 374 PARS
2351 317 2417 374 ll.
2454 348 2524 358 —-—
2553 313 3059 372 APOLOGETICA.
3606 319 3690 374 232

487 440 618 502 lavi,
665 446 780 499 ant,
817 455 1072 493 versuum
1109 439 1255 508 quod
1285 439 1472 492 deerat
1503 453 1775 492 mensurae
1806 453 2060 492 numero-

2194 455 2274 491 ’ων
2295 437 2611 509 διετήρησα,
2629 436 3024 506 εὐλαϐούμενος
3048 434 3144 506 τὴν
3171 437 3232 487 ὲκ
3265 431 3456 488 τούτων
3484 439 3694 496 ἀσέϐειαν

485 548 614 602 quc,
645 531 910 601 supplevi,
942 541 1056 594 aut,
1084 531 1227 600 quod
1260 531 1392 584 nihil
1421 530 1486 584 ad
1514 547 1625 584 rem
1660 531 1886 583 otnniuo
1917 529 2062 583 face-

488 632 590 686 ret,
631 624 890 692 expunxi.
932 625 989 677 In
1021 639 1132 692 quo
1161 631 1340 676 tamen
1372 639 1593 677 sensum
1643 638 1743 693 ego
1777 623 2065 676 verborum

490 715 759 785 integrum
811 715 1014 784 ubique
1055 715 1441 782 sincerumque
1489 713 1722 779 servavi,
1751 721 1806 767 et
1849 710 2066 780 quidem

491 807 787 878 impietatis
813 809 1015 878 alioqui
1042 807 1236 861 futura:
1276 815 1420 860 metu
1461 805 1663 874 potius,
1691 820 1857 875 quam
1900 818 2074 872 ptena:

492 902 819 971 sacrilegum
853 900 1066 955 facinus
1089 908 1418 968 excepturae.
1446 897 1727 968 Ejusmodi
1757 906 1938 951 autem
1969 895 2075 949 erit

492 993 608 1047 lucc
645 1004 831 1047 nostra
874 992 1146 1056 collectio,
1178 1008 1301 1061 qua:
1341 1008 1464 1045 cmn
1498 991 1733 1059 amplam
1771 988 2072 1044 continebit

490 1085 804 1155 dogmatum
861 1085 1216 1155 philosophiae
1277 1084 1516 1154 copiam,
1563 1093 1726 1153 prout
1776 1083 1889 1152 ipsa
1944 1096 2068 1134 cuiu

491 1181 718 1235 veritate
733 1181 1024 1250 conjuncta
1051 1195 1171 1236 esse
1185 1180 1259 1233 dii
1283 1179 1687 1248 pronuntiarint
1705 1196 1718 1242 ;
1736 1187 1848 1231 tum
1868 1174 2071 1244 aliquid

493 1272 655 1325 etiam
687 1272 964 1326 divinandi
994 1273 1127 1327 artis
1166 1272 1412 1341 attinget,
1453 1282 1723 1340 quatenus
1759 1269 1963 1338 partim
2006 1265 2070 1318 ad

493 1364 1028 1432 contemplationem.
1077 1364 1269 1433 partim
1304 1364 1369 1417 ad
1416 1363 1678 1431 integrant
1721 1360 1842 1413 vitae
1875 1373 2070 1427 procu-

495 1457 760 1511 rationem
797 1457 956 1528 144
993 1459 1298 1512 conducere
1331 1457 1617 1512 videbitur.
1644 1454 1917 1520 Quantum
1945 1464 2074 1503 vero

497 1549 747 1604 utilitatis
777 1550 992 1614 habeat,
1025 1550 1324 1620 intelligent
1357 1550 1393 1603 ii
1428 1549 1685 1612 maxime,
1713 1545 1805 1616 qui
1837 1559 1961 1599 cum
1989 1559 2075 1596 vc-

496 1640 711 1696 ritatem
747 1658 890 1712 aegre
917 1644 1272 1712 parturirent,
1307 1653 1428 1696 vola
1463 1641 1712 1696 fecerunt
1755 1635 2070 1706 aliquando,

2171 527 2449 598 μᾶλλον,ἢ
2483 529 2578 599 τὴν
2631 531 2695 580 ἐκ
2723 528 2822 598 τῆς
2855 526 3157 598 ἱεροσυλίας
3191 526 3422 597 τιμωρὸν
3468 529 3694 602 ἑπομένην

2165 622 2342 692 δίκην.
2379 621 2530 687 Ἐξει
2587 621 2645 674 δὲ
2679 624 2710 692 ἡ
2766 621 3015 693 παροῦσα
3056 619 3350 691 συναγωγὴ
3393 621 3580 675 πολλῶν
3619 625 3697 693 μὲν

2170 712 2278 765 τῶν
2308 712 2447 766 κατὰ
2482 712 2798 782 φιλοσοφίαν
2858 712 3144 783 δογμάτων
3203 711 3530 783 ἀναγραφὴν,
3571 714 3634 779 ὡς
3659 717 3699 770 0!

2173 806 2285 858 θεοὶ
2317 805 2547 876 τάληθὲς
2578 806 2724 876 ἔχειν
2747 806 3060 859 ἐθέσπισαν’
3090 806 3177 858 ἐπ’
3207 805 3382 873 ὀλίγον
3415 806 3468 858 δὲ
3517 807 3596 860 καὶ
3621 809 3700 879 τῆς

2177 896 2481 967 χρηστικῆς
2521 896 2771 968 ἁψόιιεθα
2801 897 3206 968 πραγματείας,
3251 897 3372 967 ἥτις
3389 897 3515 967 πρός
3549 916 3600 950 τε
3625 901 3705 971 τὴν

2177 987 2408 1060 θεωρίαν
2441 989 2644 1060 ὀνήσει,
2669 989 2764 1042 καὶ
2784 988 2882 1060 τὴν
2911 988 3041 1059 ὅλην
3073 987 3340 1058 κάθαρσιν
3367 987 3455 1041 τοῦ
3483 989 3601 1058 βίου.
3622 993 3705 1043 Ἦν

2175 1081 2219 1134 δ’
2249 1081 2360 1152 ἔχει
2381 1080 2700 1152 ὠφέλειανή
2735 1081 3048 1150 συναγωγὴ,
3087 1080 3319 1151 μάλιστα
3351 1080 3567 1133 εἴσονται
3595 1080 3710 1132 ὅσοι-

2180 1187 2284 1240 περ
2316 1168 2414 1240 τὴν
2447 1168 2708 1240 ἀλήθειαν
2747 1169 3053 1234 ὠδίναντες,
3102 1168 3331 1240 ηὐξαντό
3382 1185 3521 1232 ποτε,
3553 1169 3636 1238 τῆς
3660 1170 3710 1220 ὲκ

2179 1261 2317 1315 θεῶν
2383 1263 2700 1332 ἐπιφανείας
2751 1264 3026 1335 τυχόντες,
3061 1263 3364 1316 ἀνάπαυσιν
3419 1261 3588 1315 λαϐεῖν
3632 1262 3711 1330 τῆς

2180 1358 2413 1429 ἀπορίας
2446 1359 2534 1412 διὰ
2560 1359 2658 1430 τὴν
2682 1358 2790 1412 τῶν
2847 1359 3110 1427 λεγόντων
3149 1357 3458 1422 ἀξιόπιστον
3503 1357 3715 1409 διδασκα-

2180 1450 2352 1504 λίαν.»
2388 1452 2662 1515 Τοιούτοις
2691 1453 3035 1523 χρησάμενος
3077 1451 3406 1522 προοιμίοις,
3430 1447 3717 1519 μαρτύρεται

2181 1543 2275 1594 καὶ
2309 1542 2798 1612 προκαταγγέλλει,
2839 1541 2912 1614 μὴ
2947 1545 3027 1605 εἰς
3067 1540 3294 1603 πολλοὺς
3321 1539 3543 1608 ἐκφῆναι
3565 1539 3625 1589 τὰ
3646 1537 3718 1588 λε-

2181 1632 2512 1704 χθησόμενα,
2544 1634 2718 1703 λέγων
2743 1633 2936 1698 οὓτως.

498 1743 559 1790 ut
593 1737 876 1790 numinum
928 1735 1170 1803 ipsorum
1228 1736 1438 1789 visione
1495 1747 1788 1793 concessa,
1823 1728 1892 1782 ab
1925 1724 2073 1780 omni
2123 1723 2479 1780 dubitationis
2540 1725 2892 1780 ﬂuctuatione
2945 1724 3418 1794 conquiescerent,
3468 1719 3721 1775 dicentium

499 1833 823 1887 auctoritate
856 1833 1005 1887 omni
1035 1831 1142 1887 tide
1181 1830 1503 1901 dignissima
1541 1823 1870 1884 conﬁrmati.
1911 1843 1929 1875 ι
1969 1819 2092 1874 llaec
2131 1818 2220 1873 ille
2269 1820 2559 1889 praefatus,
2609 1820 2912 1876 obtestatur
2968 1828 3133 1888 atque
3179 1827 3306 1872 ante
3355 1816 3637 1880 denuntiat,
3662 1819 3726 1870 uti

500 1938 570 1978 ne
601 1924 728 1994 quis
770 1939 857 1992 ea,
894 1940 1020 1995 qua:
1067 1923 1317 1979 dicturus
1349 1930 1463 1986 est,
1498 1921 1553 1974 in
1584 1920 1778 1990 vulgus
1813 1913 2078 1971 enuntiet.

1088 2016 1317 2074 CAPUT
1361 2015 1497 2072 Vlll.

501 2133 633 2198 Qua:
660 2133 756 2188 hac
784 2135 848 2189 de
874 2152 927 2190 re
959 2137 1199 2189 dicturus
1231 2145 1330 2198 est,
1373 2134 1514 2203 apud
1548 2148 1723 2186 onmea
1755 2131 2080 2185 enuntianda

1158 2222 1261 2260 non
1295 2222 1425 2260 αδδε.

578 2337 598 2370 ι
643 2318 725 2375 Tu
755 2336 907 2380 vero.
960 2320 1155 2390 inquit,
1200 2334 1352 2384 cave,
1389 2317 1434 2372 si
1465 2317 1761 2388 quidquam
1801 2316 1969 2380 aliud,
2016 2333 2082 2370 ne

504 2426 591 2465 res
608 2411 742 2468 istas
762 2412 939 2482 palam
961 2413 1241 2477 extuleris,
1259 2422 1312 2466 et
1332 2410 1513 2482 gloriae
1530 2411 1734 2464 lucrive
1764 2408 2080 2479 cupiditate,

505 2504 590 2557 vel
619 2503 1003 2574 cujuscunque
1045 2506 1227 2560 minus
1259 2503 1524 2574 religiosa:
1553 2504 1941 2558 asscntationis
1967 2512 2082 2558 stu-

505 2595 596 2652 dio
624 2609 752 2653 ante
780 2597 1135 2667 profanorum
1179 2598 1459 2652 hominum
1512 2598 1701 2653 oculos
1736 2595 2033 2666 projeceris
2064 2614 2078 2648 ;

504 2703 667 2745 secus
699 2691 868 2758 enim,
901 2708 1010 2747 non
1045 2692 1141 2747 tibi
1187 2693 1385 2757 solum,
1418 2693 1533 2747 lucc
1567 2694 1612 2748 si
1655 2701 1919 2762 praecepta
1953 2707 2082 2755 con-

506 2783 814 2851 tempseris,
851 2800 1039 2839 verum
1069 2785 1231 2840 etiam
1265 2787 1394 2840 mihi
1441 2787 1741 2858 periculum
1777 2785 2080 2847 immineat,

503 2876 600 2945 qui
643 2885 792 2932 tanta
828 2877 1056 2934 deorum
1095 2880 1354 2934 beneficia
1401 2881 1634 2935 retinere
1681 2878 1824 2948 apud
1859 2892 1947 2933 me
1975 2893 2081 2930 non

507 2967 802 3036 potuerim,
845 2969 943 3026 sed
975 2984 1038 3024 ea
1076 2969 1237 3025 nimis
1267 2969 1425 3025 facile
1470 2970 1564 3024 tibi
1595 2968 1941 3024 crediderim.
1974 2965 2085 3020 llo-

507 3073 630 3112 rum
685 3059 850 3131 igitur
899 3059 952 3114 in
1007 3061 1452 3116 communionem
1512 3060 1544 3112 ii
1594 3067 1805 3114 tantum
1854 3057 2082 3110 vocandi

504 3161 686 3212 erunt,
715 3153 808 3222 qui
837 3152 906 3207 ad
937 3153 1168 3208 salutem
1195 3153 1361 3207 animi
1393 3153 1517 3207 vita:
1535 3168 1648 3207 suae
1672 3151 1911 3206 rationes
1936 3149 2086 3205 insti-

509 3245 731 3299 tuerint.
759 3265 778 3298 ι
799 3245 876 3301 Ac
895 3247 1174 3302 nonnullis
1197 3246 1495 3316 iuterjectis
1521 3266 1534 3300 :
1575 3265 1592 3297 ι
1629 3244 1752 3300 Ηιιεε
1779 3255 1856 3309 tu,
1886 3245 2084 3314 inquit,

511 3337 731 3402 videsis,
771 3349 829 3392 ut
883 3357 913 3393 a
950 3339 1135 3394 carnis
1177 3340 1309 3408 ipsis
1338 3355 1537 3394 arcana
1578 3339 1750 3409 magis
1791 3349 1846 3394 et
1872 3338 2085 3393 occulta

513 3429 735 3493 habeas,
757 3439 1037 3501 propterea
1064 3432 1210 3500 quod
1230 3431 1362 3485 nihil
1394 3433 1460 3486 de
1481 3447 1540 3486 se
1569 3431 1640 3485 dii
1667 3430 1887 3501 planum
1926 3440 2090 3500 atque

512 3523 885 3593 perspicuum,
921 3522 1016 3579 scd
1045 3524 1276 3579 obscura
1297 3525 1480 3579 omnia
1532 3524 1648 3580 suis
1678 3524 1917 3579 oraculis
1944 3523 2089 3578 eﬂ'ati

511 3625 656 3671 sunt.
690 3635 709 3668 ι
737 3622 848 3688 Age
884 3633 1033 3685 vero,
1059 3618 1498 3690 quandoquidem
1531 3617 1794 3688 speciosis
1816 3617 1950 3673 adeo
1970 3632 2092 3671 ver-

512 3709 598 3763 bis
633 3709 746 3763 haec
776 3710 934 3765 nobis
965 3720 1156 3766 auctor
1186 3711 1289 3766 iste
1318 3710 1624 3776 denuntiat,
1656 3710 1939 3764 videamus
1974 3725 2093 3778 por-

512 3817 596 3864 ro,
630 3802 761 3872 quid
805 3803 872 3857 de
895 3803 1189 3859 virtutibus
1218 3804 1346 3868 illis,
1380 3819 1501 3874 qua:
1531 3803 1633 3860 sub
1662 3811 1942 3872 aspectum
1985 3817 2092 3856 non

513 3894 738 3958 cadunt,
765 3911 993 3964 quaeque
1022 3896 1090 3950 ab
1128 3896 1194 3950 iis
1222 3896 1449 3950 deorum
1480 3912 1532 3948 In
1568 3910 1797 3949 numero
1820 3908 2095 3964 reponun-

513 3997 625 4049 tur,
655 4002 721 4040 ex
751 3989 1030 4056 responsis
1079 3988 1199 4044 istis
1228 3988 1494 4044 divinitus
1535 3988 1696 4043 editis
1725 4002 1949 4042 censere
1992 4002 2094 4041 nos

515 4095 578 4134 ac
624 4078 873 4149 judicare
921 4091 1186 4151 oporteat.
1235 4080 1324 4136 Sic
1374 4081 1519 4135 enim
1557 4081 1942 4151 intelligemus,
1981 4080 2094 4134 suis

517 4172 691 4243 ipsius
727 4188 849 4230 cum
891 4174 1101 4239 verbis,
1149 4184 1262 4228 tum
1306 4175 1500 4230 studiis
1532 4190 1596 4228 ac
1637 4174 1759 4228 vitae
1791 4173 2096 4228 rationibus

522 4264 796 4323 hominem
823 4266 1093 4334 redargui.
1121 4264 1256 4320 Nam
1281 4267 1375 4336 qui
1409 4266 1564 4321 libris
1591 4266 1679 4330 iis,
1717 4280 1856 4333 quos
1874 4261 1947 4316 De
1968 4264 2093 4333 phi-

519 4358 766 4429 losephia
791 4374 882 4424 ,εκ
919 4361 1159 4415 oraculis
1201 4359 1499 4414 haurienda
1545 4359 1798 4429 scripsit,
1833 4358 2095 4428 Apollinis

518 4467 780 4521 responsa
828 4462 1243 4514 conuuemorat,
1275 4452 1475 4521 quibus
1505 4451 1770 4508 sacriﬁcia
1799 4454 1956 4507 caesis
1977 4451 2094 4504 ani-

518 4546 796 4600 mantibus
838 4546 951 4602 lieri
983 4546 1158 4615 jubet,
1181 4547 1367 4616 _idque
1399 4562 1508 4600 non
1546 4545 1885 4600 daemonibus
1918 4545 2095 4599 solum

520 4648 612 4694 aut
643 4639 997 4695 vicinioribus
1034 4650 1190 4695 terra:
1224 4639 1516 4694 virtutibus
1537 4679 1552 4702 ,
1608 4639 1702 4694 sed
1736 4637 1898 4691 etiam
1933 4638 2098 4692 aethe—

2717 2002 3114 2057 ΚΕΦΑΛΑΙΟΝ
3149 2002 3229 2054 H’.

2190 2121 2318 2172 Ὀτι
2379 2119 2451 2171 οὐ
2513 2117 2629 2188 χρὴ
2685 2116 2758 2170 τὰ
2809 2117 3228 2239 λεχιῗησόμενιι
3276 2117 3368 2180 εἰς
3424 2111 3605 2166 πάντα
3650 2111 3726 2164 ἐκ·

2852 2205 2934 2239 φα
2961 2204 3108 2239 retr.

2850 2204 3108 2256 φαίνειν.

2269 2335 2370 2386 ιΣΞ)
2387 2331 2455 2397 δ’,
2487 2332 2644 2401 εἴπερ
2670 2348 2746 2394 τι,
2772 2323 3058 2379 καὶταῦτα
3093 2324 3268 2395 πειρῶ
3303 2324 3382 2395 μὴ
3406 2320 3728 2393 δημοσιεύειν,

2192 2424 2312 2494 μηδ’
2339 2423 2463 2494 ἄχρι
2497 2423 2591 2474 καὶ
2624 2420 2730 2473 τῶν
2759 2419 2999 2490 βεϐήλων
3027 2418 3238 2490 ῥίπτειν
3268 2416 3411 2470 αὐτὰ
3441 2414 3587 2484 δόξης
3601 2415 3731 2466 ’ἑνεκα

2189 2517 2222 2587 ἢ
2259 2515 2500 2584 κέρδους,
2537 2514 2570 2584 ἧ
2623 2530 2762 2576 τινος
2793 2511 2959 2580 ἄλλης
3021 2511 3119 2563 οὐκ
3166 2508 3400 2578 εὐαγοῦς
3465 2505 3729 2566 κολακείας·

2191 2607 2432 2670 κίνδυνος
2457 2606 2567 2677 γὰρ
2591 2603 2652 2658 οὐ
2679 2621 2772 2670 σοι,
2793 2605 2953 2674 μόνον
2981 2601 3078 2664 τὰς
3119 2601 3344 2665 ἐντολὰς
3383 2597 3735 2670 παραὸαίνοντ;

2190 2698 2412 2763 ταύτας,
2448 2696 2584 2750 ἀλλὰ
2609 2697 2776 2766 κάμοὶ
2801 2694 2998 2766 ῥᾳδίως
3033 2691 3408 2755 πιστεύσαντι,
3456 2689 3530 2761 τῷ
3560 2687 3736 2754 στέγειν

2193 2793 2320 2864 παρ’
2353 2789 2529 2861 ἑαυτῷ
2565 2788 2640 2860 μὴ
2692 2787 2976 2857 δυναμένῳ
3021 2787 3117 2852 τὰς
3167 2785 3435 2848 εὐποιίας.
3492 2781 3662 2834 Δοτὲον
3687 2778 3739 2845 δὴ

2191 2887 2303 2948 τοῖς
2333 2881 2425 2937 τὸν
2457 2881 2571 2952 βίον
2603 2877 3026 2948 ὲνστησαμένοις
3061 2877 3195 2947 πρὸς
3221 2876 3324 2948 τὴν
3355 2875 3452 2945 τῆς
3479 2873 3641 2943 ψυχῆς
3661 2887 3740 2922 σω·

2193 2975 2407 3048 τηρίαν.
2439 2973 2550 3028 Καὶ
2584 2971 2703 3044 μεθ’
2761 2971 2925 3042 ἕτερα
2971 2969 3238 3038 ὲπιλέγει’
3284 2989 3303 3020 ι
3332 2967 3517 3021 Ταῦτά
3554 2983 3651 3037 μοι,
3681 2963 3740 3024 ὡς

2192 3069 2447 3140 ἀρρήτων
2477 3067 2546 3120 τὰ
2563 3065 2930 3137 ἀρρητότερα,
2959 3079 3245 3134 κρυπτειν.
3282 3061 3422 3114 Οὐδὲ
3453 3059 3556 3128 γὰρ
3583 3059 3626 3109 οἱ
3649 3054 3742 3106 Osci.

2194 3160 2442 3232 φανερῶς
2477 3161 2606 3230 περὶ
2655 3157 2832 3211 αὐτῶν
2867 3155 3179 3220 ὲθέσπισαν,
3239 3153 3380 3208 ἀλλὰ
3430 3153 3494 3207 δι’
3524 3148 3744 3219 αἰνιγμά-

2193 3274 2320 3309 των.
2349 3275 2367 3307 ι
2413 3253 2631 3324 Ἐπειδὴ
2677 3252 2855 3308 τοίνυν
2886 3251 3114 3304 τοιαῦτα
3159 3252 3187 3304 ὁ
3219 3249 3381 3318 λόγος
3445 3247 3741 3304 ἁνετεῖνατο,

2197 3349 2351 3420 φέρε,
2384 3347 2588 3412 λοιπὸν,
2631 3345 2718 3398 διὰ
2752 3343 2860 3396 τῶν
2893 3342 3089 3397 ἐνθέων
3145 3343 3239 3396 καὶ
3272 3341 3654 3412 πυθοχρήστων
3675 3335 3746 3387 λο-

2193 3443 2326 3512 γίων
2359 3439 2711 3510 σκεψώμεθα,
2745 3436 2992 3501 ποταπὰς
3023 3432 3162 3491 εἶναι
3193 3435 3294 3498 τὰς
3355 3429 3744 3500 θεολογουμένας

2195 3537 2420 3604 ἀφανεῖς
2452 3532 2710 3602 δυνάμεις
2733 3532 3000 3602 προσήκει
3040 3527 3373 3596 λογίζεσθαι.
3408 3527 3613 3579 Γένοιτο
3659 3518 3746 3588 γᾶθ

2196 3629 2290 3682 καὶ
2318 3626 2507 3699 ἀνδρὸς
2540 3624 2759 3693 ἔλεγχος
2791 3625 2856 3676 ἐκ
2879 3622 2988 3675 τῶν
3014 3621 3226 3675 οἰκείων
3253 3619 3432 3685 λόγων
3462 3633 3520 3671 τε
3550 3617 3635 3669 καὶ
3659 3617 3746 3667 ἐπι·

2195 3720 2569 3791 τηδευμάτων.
2620 3717 2677 3771 '0
2711 3715 2776 3786 δὴ
2807 3711 2899 3769 οὖν
2927 3712 3291 3786 προδηλωθεὶς
3323 3713 3466 3784 ἀνὴρ
3515 3711 3569 3763 ὲν
3598 3705 3746 3766 αὐτοῖς

2196 3809 2276 3877 οἷς
2305 3812 2582 3884 ἐπέγραψε
2617 3810 2668 3860 Π
2690 3801 2758 3872 pl
2779 3807 2884 3873 τῆς
2904 3809 2973 3862 ἐκ
2993 3806 3212 3873 νυγίων
3235 3807 3615 3874 φιὶοσσφὶας,
3640 3816 3750 3870 χρηο

2198 3907 2368 3977 σμοὺς
2401 3905 2581 3976 τίθησι
2605 3902 2699 3956 τοῦ
2763 3900 3115 3963 Ἀπόλλωνος,
3140 3898 3240 3961 τὰς
3277 3897 3370 3951 διὰ
3414 3895 3565 3961 ζώων
3593 3892 3751 3950 θυσίας

2196 3997 2522 4068 ἐργάζεσθαι
2546 3993 3075 4066 παρακελευομένου,
3106 3992 3201 4044 καὶ
3226 3990 3302 4062 μὴ
3331 3990 3515 4060 μόνοις
3541 3987 3620 4040 δαί
3627 3999 3747 4054 μοσι,

2201 4086 2333 4158 μηδὲ
2371 4085 2558 4156 μόναις
2613 4086 2732 4147 ταῖς
2766 4083 3065 4155 περιγείοις
3116 4082 3437 4151 δυνάμεσιν,
3499 4077 3627 4131 ἀλλὰ
3679 4074 3754 4125 καὶ

2197 4180 2314 4240 ταῖς
2344 4177 2600 4249 αἰθερίοις
2654 4177 2746 4230 καὶ
2788 4175 3060 4246 οὐρανίοις
3091 4173 3402 4237 ζωοθυτεῖν.
3453 4173 3537 4224 Ἐν
3580 4169 3754 4237 ἑτέροις

2196 4269 2251 4322 δὲ
2281 4272 2308 4322 ὁ
2339 4270 2499 4333 αὐτὸς
2530 4270 2808 4340 δαίμονας,
2849 4268 2965 4322 ἀλλ’
3019 4269 3079 4319 οὐ
3131 4265 3286 4330 θεοὺς
3337 4261 3477 4318 εἶναι
3510 4256 3754 4333 ὁμολογῶν

2199 4362 2464 4426 ἅπαντας,
2499 4357 2580 4426 οἷς
2614 4363 2874 4431 Ἕλληνες
2935 4361 3033 4424 τὰς
3085 4361 3152 4414 δι’
3188 4360 3444 4429 αἱμάτων
3508 4355 3596 4409 καὶ
3629 4352 3756 4416 ζώων

2198 4456 2406 4525 ἀλόγων
2446 4455 2661 4524 σφαγῆς
2710 4454 2999 4508 ἐπετέλουν
3050 4452 3262 4516 θυσίας,
3295 4453 3373 4522 μὴ
3408 4449 3622 4522 χρῆναι,
3657 4441 3754 4514 μηδ

2198 4549 2340 4601 ὅσιον
2363 4543 2500 4601 εἶναι
2527 4546 2666 4611 θεοῖς
2688 4547 2979 4612 ζωοθυτεῖν
3009 4563 3193 4616 φησιν.
3235 4546 3440 4596 ’Ἄκουε
3501 4537 3758 4608 τοιγαριιῦν

2198 4641 2306 4693 τῶν
2330 4640 2558 4713 πρώτων
2579 4641 2744 4696 αὐτού
2772 4640 2984 4710 φωνῶν,
3018 4639 3085 4693 δι’
3119 4632 3193 4692 ὧν
3226 4637 3293 4690 τὰ
3315 4638 3449 4708 περὶ
3474 4637 3574 4704 τῆς
3605 4635 3664 4684 ὲκ
3695 4630 3760 4680 λο-

520 4734 618 4788 l'liS
647 4733 1070 4803 crelestibusqne
1099 4733 1238 4796 diis;
1277 4733 1418 4787 idem
1445 4733 1550 4787 alio
1585 4731 1819 4802 quodam
1857 4732 2083 4801 inopen

2201 4733 2334 4799 γίων
2367 4732 2682 4801 φιλοσοφίας
2719 4733 2989 4800 συνάγων,
3023 4729 3140 4792 πῶς
3188 4733 3217 4783 ὁ
3275 4729 3552 4783 Ἀπόλλων
3594 4723 3760 4795 χρῆναι

520 4841 627 4878 non
655 4825 808 4888 deus.
844 4825 937 4880 sed
969 4825 1244 4880 dzemones
1275 4840 1370 4881 eos
1404 4840 1593 4878 outnes
1624 4839 1947 4893 agnoscens,
1973 4824 2098 4893 qui-

523 4915 624 4972 bus
661 4917 832 4972 Grzeci
865 4918 1024 4973 caesis
1052 4918 1351 4987 pecudibus
1383 4916 1671 4981 faciebant,
1715 4931 1815 4969 nec
1845 4926 2096 4983 oportere

2205 4823 2529 4895 θεραπεύειν
2553 4825 2678 4888 τούς
2712 4823 2868 4888 θεοὺς
2898 4825 3158 4878 διδάσκειο
3196 4823 3224 4875 ὃ
3290 4823 3387 4875 καὶ
3436 4815 3763 4889 παρατίθεται

2203 4922 2430 4991 γράφων
2455 4913 2576 4974 ὧδε.

522 5025 622 5066 uec
650 5027 778 5065 vero
810 5009 891 5065 fas
934 5025 1056 5064 esse
1085 5010 1188 5064 diis
1234 5009 1539 5064 animantes
1606 5007 1888 5061 immolare
1940 5010 2278 5077 pronuntiat.
2337 5011 2538 5080 Accipe
2597 5011 2778 5080 igitur,
2828 5013 3030 5080 quibus
3100 5009 3340 5080 primum
3405 5008 3522 5077 ipse
3588 4999 3763 5056 verbiS.

523 5117 830 5177 promptam
894 5123 956 5160 ex
993 5107 1229 5160 oraculis
1291 5105 1688 5176 philosophiam
1738 5105 2066 5169 edisserens,
2120 5106 2338 5171 referat,
2371 5122 2482 5176 quo
2517 5107 2623 5162 ritu
2663 5107 2854 5177 Apollo
2882 5112 3012 5162 deos
3053 5105 3314 5161 colendos
3349 5118 3476 5158 esse
3527 5094 3763 5156 docuct'il-

525 5199 657 5254 [lem
698 5209 866 5254 totam
895 5199 969 5253 ita
1003 5199 1369 5270 persequitur.

1037 5290 1192 5363 14.5
1223 5290 1452 5345 CAPUT
1495 5289 1580 5345 IX.

526 5383 979 5448 Quemadmodum
1008 5386 1196 5456 Apollo
1226 5386 1509 5454 sacriﬁciis
1544 5387 1666 5438 deos
1700 5385 1865 5439 calere
1891 5385 2078 5454 jubeut

603 5567 619 5598 ι
667 5546 784 5601 Jam
831 5564 959 5602 vero
1014 5557 1222 5618 postea,
1267 5565 1387 5617 quae
1420 5548 1485 5602 dc
1527 5548 1725 5616 pietate
1758 5548 1902 5601 dicta
1954 5556 2100 5611 sunt,

527 5642 714 5696 ordine
746 5641 990 5696 facturus
1019 5643 1148 5695 mihi
1191 5642 1394 5706 videor,
1421 5643 1463 5696 si
1493 5658 1614 5711 qua:
1639 5641 1704 5695 de
1736 5642 1820 5694 sui
1853 5642 2093 5709 ipsorum

528 5738 672 5791 cultu
697 5735 933 5790 oraculis
955 5736 1100 5790 ellati
1123 5737 1195 5789 dii
1222 5746 1368 5796 sunt,
1399 5753 1652 5805 uctnceps
1684 5736 2086 5804 prtescripsero,

529 5831 739 5889 tametsi
782 5831 894 5902 jam
929 5846 994 5884 ex
1027 5829 1091 5885 iis
1122 5829 1322 5898 aliquid
1349 5831 1624 5900 superiore
1659 5830 1723 5885 de
1754 5829 1949 5898 pietate
1984 5828 2094 5886 dis-

2746 5288 3138 5342 ΚΕΦΑΛΑΙΟΝ
3169 5286 3246 5340 9'.

2212 5384 2408 5449 Ὅπως
2437 5381 2534 5435 διὰ
2562 5380 2787 5435 θυσιῶν
2817 5380 3164 5446 θεραπεύειν
3185 5379 3229 5449 ὀᾼ
3263 5373 3568 5428 Ἁπόλλων
3605 5378 3765 5433 προσε

2699 5451 2891 5504 τάττει
2925 5450 3066 5514 τοὺς
3100 5447 3291 5512 θεούς.

2288 5568 2306 5598 ι
2355 5546 2683 5609 Ἀκολούθως
2728 5545 2864 5615 μετὰ
2886 5544 2953 5597 τὰ
2990 5542 3221 5614 ρηθέντα
3257 5539 3387 5610 περὶ
3421 5533 3710 5590 εὐσεϐείας.
3742 5523 3771 5576 ἆ

2214 5641 2456 5712 περὶτῆς
2486 5638 2777 5709 θεραπείας
2805 5635 2982 5690 αὐτῶν
3008 5635 3243 5705 ἔχρησαν
3269 5633 3677 5703 ἀναγράφοιμεν
3697 5620 3767 5677 ἂν.

2204 5725 2278 5784 ὧν
2314 5733 2377 5783 ἐκ
2423 5731 2618 5800 μέρους
2678 5732 2778 5781 κὰν
2825 5731 2934 5791 τοῖς
2985 5730 3110 5798 περὶ
3155 5725 3439 5785 εὐσεδείας
3489 5721 3771 5791 φθάσαντες

2205 5823 2696 5896 παρατεθείκαμεν.
2737 5822 2890 5874 Ἔστι
2926 5820 2978 5874 δὲ
3016 5822 3043 5872 ὁ
3076 5817 3315 5890 χρητμῦς
3367 5832 3390 5867 τ
3414 5813 3463 5869 r3
3528 5804 3784 5865 Ἀπόλλω-
