3890 6384
459 350 570 406 255

1105 345 1376 404 ΙΞΠΞΕΒΙΙ
1403 345 1887 402 ΟλΕδΑΒΙΕΝδΙΞ
1934 345 2038 402 Ol’l

2144 345 2306 400 ἈΙὶό
2341 345 2403 401 ll.
2435 377 2503 386 —
2541 344 3046 403 APOLOGETICA.

3615 343 3725 396 $56

461 468 641 524 Aeriis
671 474 852 521 autem
883 466 1202 521 numinibus
1239 467 1601 522 itmnolandas
1635 468 1901 532 volucres,
1953 477 2038 520 to-

2145 466 2269 530 Τοῖς
2295 465 2352 519 δὲ
2385 467 2591 539 ἀερίοις
2624 467 2801 537 πτηνὰ
2844 466 2992 520 θύειν
3039 463 3467 537 παρακελεύεται
3501 460 3727 516 ὁλοκαυ·

465 573 658 630 tasque
691 558 928 612 flammis
975 560 1423 625 concremandas,
1475 575 1775 629 earumque
1823 558 2044 629 sangui-

463 671 586 710 nem
619 653 824 708 circum
871 651 1042 704 altare
1078 649 1410 703 fundendum
1445 667 1566 706 esse
1603 663 1818 717 monet;
1848 661 1903 705 at
1933 669 2046 705 nia-

461 747 618 806 rinis.
653 744 905 797 volucres
929 743 1169 812 quidem,
1200 742 1441 812 sedvquaz
1473 753 1592 798 atro
1625 745 1804 798 colore
1831 745 1959 804 sint.
1985 759 2046 798 ac

462 839 670 892 medios
688 838 740 890 in
766 837 1110 890 (luctusviva:
1139 836 1318 890 adlmc
1339 836 1718 907 spirantesque
1741 838 2046 906 porrician-

462 943 578 996 tur;
618 933 697 986 sic
723 932 866 983 enim
906 930 1019 983 ait:

463 1024 721 1078 Omnibus
754 1025 893 1076 hisce
925 1023 1035 1076 deis
1073 1022 1321 1086 volucris,
1349 1022 1440 1075 sed
1473 1022 1624 1092 nigra
1657 1023 1900 1078 marinis.

456 1170 569 1225 hiis
597 1167 816 1238 quidem
855 1177 1133 1242 omnibus,
1185 1177 1231 1232 si
1261 1186 1545 1232 terrestres
1591 1176 1852 1247 excipias,
1891 1177 2046 1232 volu-

461 1286 582 1325 cres
611 1270 920 1340 assignans,
967 1270 1208 1340 solisque
1243 1271 1468 1324 marinis
1504 1268 1661 1340 1&7
1710 1280 1889 1339 atras;
1942 1286 2046 1325 cae-

462 1361 592 1415 teris
644 1361 811 1431 igitur
859 1361 1140 1438 candidas.
1195 1359 1312 1414 Jam
1360 1375 1489 1414 vero
1534 1360 1852 1415 coelestibus
1881 1361 2047 1415 aethe-

463 1454 670 1522 riisque
726 1455 1046 1508 numinibus
1091 1468 1336 1507 summas
1380 1453 1649 1506 duntaxat
1688 1452 2042 1506 candidarum

457 1547 806 1600 victimarum
863 1556 1046 1616 partes
1086 1545 1493 1600 consecrandas
1517 1588 1532 1610 ,
1593 1544 1739 1613 quod
1776 1554 2044 1612 superest,

460 1640 853 1694 comedendum
885 1654 1006 1693 esse
1028 1639 1222 1692 docet:
1257 1638 1360 1692 lioc
1377 1637 1520 1691 enim
1546 1653 1613 1691 ex
1647 1637 1766 1692 solo
1801 1637 2047 1691 victima-

461 1750 580 1788 rum
633 1747 829 1804 genere
879 1731 1024 1785 vesci
1065 1731 1148 1786 fas
1195 1730 1289 1785 tibi
1335 1744 1478 1793 esse,
1515 1746 1622 1782 non
1657 1746 1719 1784 ex
1749 1730 1874 1783 alio.
1925 1731 2046 1785 Cae-

2146 558 2391 622 τοῦντας,
2441 560 2534 613 καὶ
2566 560 2624 613 τὸ
2652 554 2791 630 αἷμα
2821 561 2914 612 ἐπὶ
2945 557 3054 612 τῶν
3095 557 3292 629 βωμῶν
3326 559 3690 629 περιάγοντας
3710 574 3723 586 ’

2143 653 2254 714 τοῖς
2286 650 2340 703 δὲ
2374 650 2701 714 θαλασσίοις.
2737 652 2916 722 πτηνὰ
2946 651 3065 722 μὲν,
3102 649 3278 714 ζῶντα
3309 649 3367 702 δὲ
3397 649 3618 717 ἀφιέναι
3648 650 3726 712 ei;

2143 741 2211 795 τὰ
2241 743 2480 812 κύματα,
2530 744 2733 814 μέλανα
2765 745 2864 815 τὴν
2903 744 3068 815 χρόαν
3099 742 3248 796 ὄντα.
3298 742 3436 814 Φησὶ
3474 738 3614 812 γάρ·

2150 1011 2278 1078 Τοῖς
2321 1009 2389 1064 δὲ
2433 1010 2541 1082 (54)
2583 1009 2739 1076 θεοῖς
2784 1008 2855 1063 τὰ
2894 1007 3155 1072 πετεινὰ,
3207 1007 3610 1146 θῗλαῖσαίρις
3659 1005 3729 1058 δὲ

3287 1095 3354 1134 κε
3391 1093 3558 1131 atra.

3287 1093 3558 1134 κελαινα.

2150 1168 2290 1221 Πᾶσι
2333 1173 2430 1243 μὲν
2480 1173 2654 1242 λέγων
2704 1175 2815 1237 τοῖς
2869 1171 3011 1237 θεοῖς
3051 1173 3189 1244 πλὴν
3234 1171 3343 1225 τῶν
3387 1171 3619 1242 χθονίων
3662 1168 3731 1222 τὰ

2144 1267 2386 1331 πετεινὰ,
2449 1267 2629 1338 μόνοις
2690 1265 2747 1320 δὲ
2797 1269 2909 1329 τοῖς
2963 1265 3273 1330 θαλασσίοις
3327 1265 3397 1317 τὰ
3457 1263 3725 1318 κελαινὰ·

2144 1357 2339 1411 οὐκοῦν
2390 1361 2500 1422 τοῖς
2551 1357 2732 1421 ἄλλοις
2786 1357 2974 1411 λευκά.
3030 1359 3155 1418 Τοῖς
3207 1357 3477 1430 οὐρανίοις
3534 1355 3592 1408 δὲ
3635 1356 3733 1408 καὶ

2146 1452 2405 1522 αἰθερίοις
2481 1452 2547 1505 τὰ
2610 1453 2754 1523 ἄκρα
2811 1451 2919 1504 τῶν
2993 1451 3204 1524 ἱερείων
3279 1449 3488 1503 λευκῶν
3555 1449 3733 1502 ὅντων

2145 1545 2424 1615 ἁφιεροῦν,
2461 1543 2530 1597 τὰ
2562 1543 2619 1596 δὲ
2649 1543 2812 1597 λοιπὰ
2853 1543 2996 1615 μέρη
3040 1543 3264 1597 ἐσθίειν·
3303 1543 3368 1595 ὲκ
3401 1542 3581 1612 μόνων
3620 1540 3731 1611 γὰρ

2145 1636 2348 1690 τούτων
2397 1637 2632 1708 βρωτὲον
2678 1654 2780 1700 σοι,
2831 1637 2896 1690 ὲκ
2933 1636 2990 1690 δὲ
3037 1637 3145 1689 τῶν
3179 1635 3353 1688 ἄλλων
3401 1634 3497 1705 μή.
3533 1632 3646 1696 Οὓς
3674 1633 3730 1686 δὲ

2147 1730 2365 1801 εἴρηκεν
2397 1729 2454 1782 ἐν
2489 1732 2554 1799 τῇ
2585 1729 2852 1800 διαιρέσει
2885 1727 3191 1800 οὐρανίους,
3224 1726 3446 1790 τούτους
3484 1725 3730 1779 ἐνταῦθα

460 1832 661 1886 ternm,
694 1838 832 1891 quos
887 1822 941 1874 in
979 1821 1096 1889 ipsa
1129 1821 1398 1875 divisione
1455 1819 1664 1874 caelites
1713 1819 2038 1882 nominarat,

2146 1821 2455 1892 ἀστραίους.
2497 1817 2621 1894 Ἆρ’
2646 1819 2738 1874 οὖν
2766 1821 2948 1892 δεήσει
2976 1819 3345 1892 ἐξηγήσασθαι
3381 1818 3487 1872 τῶν
3527 1817 3731 1870 θυσιῶν

462 1917 684 1970 eosdem
725 1915 811 1968 hie
857 1924 1083 1968 astraaos
1127 1921 1306 1966 vocat.
1358 1911 1563 1982 Ecquid
1617 1927 1777 1972 porro
1821 1927 2043 1967 necesse

459 2005 625 2059 fuerit
693 2003 1091 2058 sacrificiorum
1152 2003 1382 2057 istorum
1448 2002 1693 2074 symbola
1750 2004 2040 2072 explicare,

461 2096 710 2167 prudenti
771 2096 976 2150 homini
1027 2096 1160 2150 satis
1201 2112 1295 2164 per
1350 2111 1468 2150 sese
1517 2095 1690 2153 nota?
1752 2093 2041 2148 Enimvero

458 2190 841 2262 quadrupedes
868 2191 1088 2260 quidem
1141 2204 1326 2258 ezeque
1373 2198 1660 2244 terrestres
1709 2187 1816 2242 diis
1874 2193 2042 2240 terre-

457 2283 665 2339 stribus
702 2284 1094 2349 immolantur;
1127 2282 1291 2337 simili
1330 2282 1476 2336 enim
1504 2282 1680 2336 sim‘ile
1707 2281 2036 2337 delectatur:

456 2388 626 2444 {ecus
665 2384 850 2428 autem
884 2389 1018 2428 sane
1071 2380 1326 2427 terrestre
1369 2382 1474 2439 est,
1503 2388 1678 2443 eoque
1697 2371 1882 2429 Cereri
1927 2375 2041 2444 pla-

455 2475 565 2528 cet,
599 2474 764 2534 atqne
809 2465 860 2519 in
887 2465 1027 2520 caelo
1058 2464 1276 2535 frugum
1315 2465 1558 2534 ipsarum
1596 2479 1661 2520 ex
1686 2473 1841 2520 terra:
1868 2465 2040 2520 visce-

456 2557 611 2612 ribus
646 2558 989 2611 eductionem
1025 2572 1130 2610 una
1185 2571 1308 2609 cum
1351 2556 1464 2610 sole
1527 2557 1779 2625 parturit.
1825 2554 2037 2611 Eaedem

455 2648 597 2718 nigri
627 2648 830 2703 coloris
869 2663 991 2703 esse
1049 2647 1272 2711 debent,
1307 2647 1452 2717 quod
1501 2657 1644 2702 terra
1697 2657 1888 2702 natura
1939 2663 2037 2702 sua

453 2742 687 2797 obscura
732 2741 834 2807 sit;
889 2756 1118 2794 numero
1154 2750 1283 2806 tres,
1321 2742 1466 2810 quod
1517 2742 1791 2794 tertiarius
1837 2756 2034 2809 corpo-

455 2847 601 2888 ream
635 2845 1018 2903 terrenamque
1047 2840 1300 2886 naturam
1346 2841 1714 2901 repraesentet.
1753 2831 1872 2885 J3!“
1929 2842 2038 2886 ter-

455 2925 726 2981 restribus
761 2924 980 2995 quidem
1007 2941 1250 2990 sursum,
1296 2926 1400 2980 hoc
1429 2934 1534 2990 est,
1570 2925 1836 2980 altaribus
1866 2925 2038 2994 impo-

455 3019 572 3075 sita:
605 3017 800 3073 hostiae
854 3026 1185 3080 mactantur,
1237 3018 1382 3088 quod
1435 3017 1469 3071 ii
1502 3032 1667 3086 supra
1700 3025 1903 3070 terram
1939 3019 2035 3072 de-

458 3126 579 3181 gere
605 3109 1435 3176 consueverint;subterraneis
1485 3119 1692 3171 autem,
1751 3109 1804 3161 in
1857 3107 2032 3164 foveis

454 3217 519 3256 ac
548 3201 834 3269 sepulcris,
891 3201 982 3254 ubi
1048 3201 1384 3254 volutantur.
1433 3200 1504 3252 At
1557 3215 1685 3254 vero
1712 3199 2031 3254 numinibus

455 3293 683 3362 reliquis
708 3333 723 3357 ,
745 3291 889 3362 quod
918 3292 1101 3346 omnia
1151 3301 1414 3360 perpetuo
1456 3290 1701 3346 ferantur
1720 3309 1908 3357 cursu,
1943 3309 2036 3345 vo-

455 3385 634 3439 lucres
665 3384 1021 3437 immolantur
1053 3403 1066 3437 :
1099 3400 1225 3437 nam
1252 3383 1464 3438 marina
1494 3385 1714 3454 quidem
1743 3402 1884 3456 aqua
1939 3403 2038 3442 nec

451 3486 662 3532 motum
695 3491 932 3544 unquam
967 3476 1296 3542 intermittit,
1340 3486 1394 3531 et
1429 3476 1645 3547 nigrum
1692 3479 1758 3532 ad
1799 3479 2036 3534 colorem

453 3567 684 3630 accedit,
725 3580 836 3636 quo
875 3567 963 3633 fit,
1021 3576 1080 3620 ut
1126 3567 1245 3635 ejus
1274 3569 1496 3622 numina
1551 3570 1759 3625 similes
1806 3573 2040 3628 victima:

2143 1912 2210 1965 τὰ
2240 1912 2480 1983 σύμϐολα
2505 1913 2581 1984 τῷ
2615 1912 2887 1983 εὐσυνέτῳ
2917 1912 3084 1982 δῆλα;
3127 1912 3446 1983 Τετράποδα
3481 1910 3581 1980 μὲν
3613 1909 3728 1980 γὰρ

2141 2006 2252 2066 τοῖς
2283 2002 2510 2075 χθονίοις
2553 2004 2648 2056 καὶ
2686 2007 2945 2076 χερσαῖα·
2990 2003 3068 2074 τῷ
3100 2003 3208 2074 γὰρ
3246 2004 3416 2074 ὁμοίῳ
3457 2002 3641 2073 χαίρει
3673 2001 3732 2054 τὸ

2141 2099 2325 2170 ὅμοιον
2347 2114 2360 2127 ·
2392 2098 2602 2168 χθόνιον
2623 2097 2679 2149 δὲ
2713 2097 2774 2149 τὸ
2799 2095 3088 2168 πρόϐατον,
3119 2098 3211 2149 καὶ
3235 2097 3322 2150 διὰ
3347 2096 3505 2152 τοῦτο
3538 2097 3730 2166 Δήμη-

2139 2208 2230 2262 τρι
2268 2190 2440 2260 φίλον,
2484 2193 2579 2244 καὶ
2611 2191 2668 2243 ἐν
2699 2190 2914 2261 οὐρανῷ
2948 2191 3047 2262 τὴν
3076 2190 3337 2259 ἕκφανσιν
3379 2192 3444 2242 ὲκ
3476 2189 3578 2258 τῆς
3626 2188 3730 2258 γῆς

2141 2283 2250 2336 τῶν
2299 2282 2528 2355 καρπῶν
2577 2283 2693 2353 μεθ’
2728 2283 2880 2354 ἡλίου
2920 2281 3164 2352 λοχεύει’
3229 2281 3437 2348 μέλανα
3478 2280 3589 2351 (55)
3633 2280 3727 2334 δέ’

2139 2373 2362 2444 τοιαύτη
2395 2374 2503 2446 γὰρ
2531 2378 2564 2444 ἠ
2599 2375 2668 2444 γῆ
2703 2374 2866 2445 φύσει
2908 2376 3155 2446 σκοτεινὴ
3181 2392 3195 2406 ο
3220 2376 3344 2446 τρία
3367 2375 3453 2428 δέο
3489 2372 3584 2426 τοῦ
3617 2373 3730 2444 γὰρ

2144 2466 2455 2538 σωματικοῦ
2495 2467 2590 2520 καὶ
2625 2465 2860 2536 γεώδους
2885 2466 2952 2520 τὰ
2989 2467 3116 2538 τρία
3146 2466 3388 2538 σύμϐολα
3423 2467 3557 2537 (56).
3597 2468 3730 2528 Τοῖς

2143 2560 2242 2630 μὲν
2271 2555 2364 2613 οὖν
2416 2557 2740 2630 ἐπιχθονίοις
2784 2559 2895 2612 ἄνω
2929 2560 3020 2611 ἐπὶ
3057 2558 3236 2629 βωμὸν
3270 2559 3350 2612 δεῖ
3383 2558 3577 2612 θῦσαι·
3633 2559 3727 2612 ἐπὶ

2139 2650 2247 2721 γὰρ
2271 2650 2370 2720 τῆς
2401 2651 2504 2722 γῆς
2551 2649 2977 2721 ἀναστρέφονται
3023 2643 3168 2703 οὗτοι
3193 2667 3208 2682 ·
3249 2653 3361 2713 τοῖς
3397 2651 3441 2702 δ’
3487 2649 3728 2720 ὑποχθο-

2138 2742 2272 2804 νίοις
2299 2744 2356 2794 ὲν
2404 2742 2584 2814 βόθρῳ
2617 2743 2710 2795 καὶ
2748 2743 2806 2793 ὲν
2851 2743 3018 2812 ταφῇ,
3059 2741 3188 2794 ἔνθα
3231 2740 3607 2811 διατρίϐουσι·
3663 2739 3730 2792 τὰ

2139 2834 2314 2904 πτηνᾶ
2361 2834 2418 2888 δὲ
2463 2837 2577 2898 τοῖς
2609 2835 2810 2898 ἄλλοις,
2862 2835 2943 2888 ὅτι
2989 2835 3168 2888 πάντα
3214 2834 3333 2887 θεῖ’
3366 2835 3460 2888 καὶ⁵
3503 2835 3617 2906 γὰρ
3669 2842 3732 2886 τὸ

2139 2925 2281 2998 ὕδωρ
2309 2928 2618 2998 ἀεικίνητον
2651 2929 2747 3000 τῆς
2773 2928 3068 3000 θαλάσσης,
3103 2928 3268 2998 μέλαν
3297 2927 3386 2980 δέ·
3414 2927 3492 2980 διὸ
3526 2927 3623 2980 καὶ
3658 2927 3735 2979 τὰ

2136 3018 2362 3073 τοιαῦτα
2425 3022 2596 3093 ἱερεῖα
2649 3021 2954 3093 πρόσφορα.⁵
3001 3023 3117 3083 τοῖς
3163 3019 3219 3073 δὲ
3266 3020 3473 3090 ἀερίοις
3527 3018 3732 3073 λευκὼ

2137 3109 2473 3180 πεφώτισται
2514 3113 2624 3184 γὰρ
2665 3114 2757 3165 καὶ
2801 3112 2829 3163 ὁ
2873 3113 2980 3184 ἀὴρ
3025 3111 3237 3181 φύσεως
3266 3109 3342 3164 ὢν
3387 3109 3693 3179 διαφανοὖῖ
3719 3127 3732 3138 ’

2136 3203 2409 3274 οὐρανίοις
2439 3205 2496 3258 δὲ
2537 3206 2630 3260 καὶ
2663 3205 2924 3277 αἰθερίοις
2957 3205 3024 3258 τὰ
3058 3207 3149 3258 ἐπὶ
3183 3205 3290 3259 τῶν
3333 3203 3485 3268 ζώων
3522 3206 3736 3273 κουςόο

2137 3314 2294 3368 τερα,
2349 3299 2490 3368 ἆπερ
2549 3299 2692 3350 ἐστὶν
2744 3299 2910 3368 ἄκρα,
2953 3293 3034 3362 οἷς
3083 3301 3356 3352 κοινωνεῖν
3401 3297 3499 3368 τῆς
3532 3297 3734 3363 θυσίας

2139 3391 2252 3444 δεί’
2287 3393 2511 3464 δοτῆρες
2546 3394 2652 3466 γὰρ
2682 3389 2824 3448 οὗτοι
2853 3394 3104 3463 ἀγαθῶν*
3140 3397 3187 3447 οἱ
3216 3395 3272 3448 δὲ
3302 3393 3451 3448 ἄλλοι
3475 3395 3589 3448 τῶν
3624 3412 3735 3450 κα-

2142 3481 2254 3535 κῶν
2292 3483 2622 3558 κωλυτῆρες.
2665 3506 2682 3537 ι
2722 3486 2959 3540 Τοιαῦτα
2993 3487 3090 3558 μὲν
3123 3486 3190 3540 τὰ
3228 3487 3337 3540 ἀπὸ
3378 3489 3478 3558 τῆς
3514 3484 3586 3538 ἐκ
3613 3487 3724 3536 .lo-

2140 3569 2281 3638 γίων
2298 3575 2660 3643 Φιλοσοφίας
2673 3577 2765 3630 τοῦ
2777 3577 3090 3650 θαυμαστοῦ
3122 3577 3400 3649 θεοσόφου.

451 3661 680 3716 deceant
713 3661 896 3715 :aeria
935 3677 1085 3728 vero,
1144 3663 1407 3725 candidae,
1441 3665 1585 3735 quod
1638 3682 1731 3721 aer
1771 3667 2053 3738 pellucidae
2093 3680 2302 3725 natura:
2366 3687 2492 3726 cum
2528 3672 2620 3738 sit,
2680 3673 2886 3728 lumine
2935 3674 3092 3730 facile
3147 3675 3522 3749 perfundatur.
3577 3676 3736 3731 Prm-

453 3770 594 3815 terea
625 3759 936 3814 cmlestibus
981 3761 1332 3832 mtberiisque
1375 3763 1481 3817 diis
1531 3779 1761 3818 summa:
1808 3767 2170 3822 animantium
2224 3777 2429 3839 partes,
2489 3777 2672 3839 utpote
2715 3771 2958 3824 omnium
3013 3772 3299 3827 levissima:
3369 3773 3722 3843 offeruntur;

451 3864 662 3909 etcum
699 3854 766 3908 iis
798 3854 851 3908 in
908 3855 1162 3910 saerificii
1199 3857 1517 3912 societatem
1582 3860 1834 3916 homines
1899 3873 2187 3927 vocantur,
2237 3865 2380 3934 quod
2418 3866 2519 3934 ipsi
2555 3866 2821 3919 bonorum
2881 3878 3134 3924 auctores
3200 3871 3328 3930 sint,
3381 3870 3578 3939 reliqui
3634 3873 3728 3922 de-

454 3951 704 4020 pelsores
780 3952 1072 4008 malorum.
1113 3972 1132 4004 ν
1184 3951 1458 4009 llactenus
1515 3958 1764 4025 egregius
1815 3958 2012 4012 divina:
2069 3961 2348 4031 sapientiae
2388 3971 2590 4033 mystes
2627 3963 2680 4016 in
2724 3965 2790 4018 iis
2835 3980 2956 4033 qua:
2995 3964 3066 4017 De
3117 3956 3450 4010 oraculorum
3479 3959 3726 4027 philoso-

459 4050 582 4115 pln'a
621 4047 864 4118 scripsit.

1071 4141 1303 4198 CAPUT
1351 4141 1416 4195 Χ.

456 4253 592 4309 Deos
621 4271 722 4308 non
756 4271 885 4323 esse,
929 4265 1184 4379 quotqt;ot
1241 4258 1555 4310 animalium
1607 4261 1890 4328 sacriﬁciis
1947 4263 2038 4316 de-

1126 4337 1387 4379 ectantur.

1126 4337 1387 4380 celantur.

525 4439 679 4496 Nunc
712 4449 917 4504 autem,
957 4458 1078 4512 qua:
1111 4443 1252 4498 idem
1291 4443 1454 4498 habet
1524 4445 1576 4497 in
1609 4461 1710 4498 suo
1771 4445 1844 4498 De
1867 4446 2033 4499 absti-

2671 4143 3068 4197 ΚΕΨΛΛΑΙΟΝ
3127 4147 3183 4198 l'.

2143 4239 2273 4290 Ὀτι
2314 4238 2425 4290 οὐκ
2471 4233 2548 4288 ἂν
2587 4232 2711 4288 εἷεν
2766 4236 2908 4319 θεοὶ,
2962 4237 3092 4304 ταῖς
3141 4237 3237 4292 διὰ
3277 4237 3431 4298 ζώων
3472 4241 3728 4319 θυσίαις

2749 4323 2844 4374 χαι
2845 4325 3080 4375 portae.

2201 4419 2336 4491 Φέρε
2365 4419 2444 4481 δὲ.
2469 4419 2634 4473 αὐτοῦ
2667 4421 2767 4484 τὰς
2790 4423 3038 4486 ἐναντίας
3061 4423 3250 4476 τούτου
3275 4425 3461 4493 φωνὰς
3492 4425 3725 4498 σύγκρι-

456 4534 635 4587 nantia
666 4550 698 4586 a
730 4533 879 4586 rebus
930 4535 1182 4588 animatis
1208 4551 1392 4604 opere,
1427 4553 1550 4589 cum
1597 4537 1866 4606 superiori
1905 4553 2031 4591 ora-

2144 4529 2248 4574 νον,
2281 4510 2348 4574 ἃς
2373 4509 2608 4564 τέθειται
2636 4512 2692 4565 ἐν
2721 4507 2801 4576 οἷς
2835 4514 3113 4585 ἐπέγραψε
3156 4516 3295 4584 Περὶ
3336 4515 3445 4584 τῆς
3469 4517 3592 4570 τῶν
3627 4496 3730 4589 έμ-

455 4626 602 4679 tione
635 4625 933 4679 committe.
957 4624 1031 4678 lbi
1065 4627 1211 4680 enim
1263 4637 1411 4680 recto
1461 4628 1622 4697 plane
1655 4644 1900 4699 sanoque
1941 4629 2036 4684 ad-

454 4717 652 4770 ductus
682 4715 932 4780 consilio,
982 4732 1082 4771 nec
1133 4715 1302 4770 Deum
1338 4729 1748 4788 praepotentem,
1799 4737 1897 4776 nec
1948 4737 2033 4775 se-

454 4809 664 4862 cundas
711 4808 781 4862 ab
835 4824 901 4863 eo
949 4810 1202 4864 caelestes
1242 4810 1563 4880 divitiasque
1622 4812 1866 4877 virtutes,
1925 4813 2034 4868 ullo

455 4916 680 4970 prorsus
710 4911 806 4956 aut
845 4901 1056 4957 suilitus
1114 4911 1208 4955 aut
1261 4903 1510 4956 sacrilicii
1547 4920 1742 4972 genere
1780 4907 2036 4960 colendas

455 5009 597 5057 esse,
633 4995 888 5049 universe
940 5005 1064 5049 ante
1092 4997 1274 5050 omnia
1331 4999 1630 5067 proﬁtetur.
1674 4996 1876 5053 Deinde
1912 5016 2036 5068 pro-

456 5101 680 5153 gressus
728 5086 976 5151 ulterius,
1027 5087 1169 5156 vulgi
1203 5089 1488 5158 opiniones
1545 5092 1618 5146 ita
1661 5090 1857 5146 refellit
1884 5107 2038 5146 ever-

456 5177 650 5245 titqne,
685 5185 741 5230 ut
778 5193 874 5231 eos
905 5193 1006 5246 pro
1035 5178 1140 5233 diis
1168 5179 1445 5234 habendos
1500 5198 1621 5235 esse
1665 5190 1844 5250 neget,
1871 5191 2034 5250 quot-

457 5278 591 5336 quot
617 5269 934 5324 animalium
991 5271 1278 5327 sacriticiis
1308 5272 1684 5326 delectentur:
1729 5289 1855 5328 cum
1891 5275 2033 5328 enim

458 5366 698 5410 mactare
742 5358 901 5429 148
938 5361 1262 5424 animantia,
1315 5378 1402 5415 res
1432 5363 1768 5417 sitomniutn
1801 5364 2034 5432 iniquis-

699 5579 823 5644 Τοῖς
852 5581 938 5635 δέ.
983 5581 1160 5635 Malim
1191 5583 1502 5651 coniuncte,
1540 5585 1731 5637 τοῖσδε.

535 5648 649 5713 (335)
691 5652 962 5717 Λοχέύειο
1007 5654 1250 5706 Μέλανα
1437 5653 1508 5706 lla
1563 5665 1705 5708 recte
1754 5655 2032 5723 distinguit

463 5720 598 5770 alter
625 5735 654 5771 e
694 5736 991 5796 ruat-nscia;
1029 5725 1119 5776 sed
1157 5724 1291 5776 idem
1320 5725 1525 5793 χολεύει
1563 5741 1660 5791 pro
1686 5725 1893 5795 λοχεύει
1916 5720 2035 5796 per-

466 5803 647 5855 peram
697 5791 840 5860 legit.
885 5791 1117 5845 Arietcm
1167 5791 1363 5861 porro,
1409 5797 1690 5864 signorum
1725 5791 1778 5850 iii
1813 5791 2034 5852 zodiacu

2140 4604 2355 4672 ψὺχων
2375 4601 2630 4671 ἀποχῆς.
2661 4603 2832 4658 Ἔνθα
2853 4604 2915 4675 δὴ
2945 4605 3092 4678 ὀρθῷ
3113 4606 3357 4678 λογισμῷ
3378 4609 3730 4679 κινούμενος,

2140 4695 2354 4766 πρῶτον
2381 4697 2634 4751 ἁπάντων
2666 4697 2916 4770 ὁμολογεῖ
2947 4700 3021 4769 μὴ
3054 4700 3167 4752 δεῖν
3199 4699 3259 4754 τὸ
3289 4700 3517 4754 καθόλου
3550 4704 3731 4774 μηδὲν

2141 4792 2275 4860 μήτε
2317 4789 2538 4860 θυμιᾷν,
2593 4792 2729 4862 μήτε
2787 4792 2932 4844 θύειν
2975 4792 3051 4862 τῷ
3084 4793 3177 4846 ἐπὶ
3225 4795 3358 4846 πᾶσι
3402 4794 3542 4865 Θεῷο
3586 4796 3732 4848 ἀλλᾶ

2141 4881 2274 4952 μηδὲ
2299 4885 2418 4945 ταῖς
2450 4882 2566 4952 μετ’
2595 4883 2758 4937 αὐτὸν
2786 4885 2955 4948 θείαις
2979 4887 3072 4938 καὶ
3100 4887 3376 4957 οὐρανίαις
3403 4886 3732 4958 δυνάμεσιν,

2139 4967 2268 5025 Εἶτα
2313 4973 2368 5025 δὲ
2421 4974 2651 5040 ἐπεξιὼν
2695 4977 2792 5040 τὰς
2834 4976 2942 5029 τῶν
2989 4978 3200 5031 πολλῶν
3244 4977 3565 5049 ὑπολήψεις,
3593 4981 3731 5034 ἀνα-

2139 5066 2412 5130 σκευάζει,
2461 5067 2534 5138 μὴ
2585 5069 2781 5139 χρῆναι
2833 5070 3058 5138 φάσκων
3105 5072 3259 5134 θεοὺς
3313 5071 3733 5142 ὑπολαμϐάνειν

2137 5157 2261 5222 τοὺς
2294 5161 2410 5222 ταῖς
2455 5159 2540 5212 διὰ
2585 5159 2736 5223 ζώων
2785 5162 2995 5226 θυσίαις
3050 5163 3371 5234 χαίροντας’
3427 5159 3566 5216 εἶναι
3617 5166 3734 5236 γάρ

2139 5268 2272 5320 φησι
2305 5251 2521 5304 πάντων
2570 5252 2902 5306 ἀδικώτατον
2929 5255 2989 5308 τὸ
3032 5254 3338 5319 ζωοθυτεῖν,
3374 5256 3465 5308 καὶ
3506 5255 3733 5308 ἀνόσιον

2139 5343 2230 5396 καὶ
2281 5343 2544 5416 μυσαρὸν,
2595 5345 2685 5397 καὶ
2738 5345 3019 5418 βλαϐερὸν,
3071 5348 3163 5400 καὶ
3216 5345 3305 5398 διὰ
3370 5345 3530 5400 τοῦτο
3585 5347 3734 5416 μηδὲ

2140 5587 2458 5656 principem,
2489 5587 2684 5640 innuit.

2208 5659 2320 5724 (56)
2365 5658 2440 5712 Τὰ
2474 5657 2602 5730 τρία
2635 5661 2928 5730 mulsam.
2971 5661 3050 5713 An
3103 5663 3247 5730 quod
3301 5665 3572 5718 tertiarius
3617 5681 3729 5716 nn-

2139 5743 2320 5855 mﬁrns
2349 5729 2580 5834 solidum
2610 5727 2838 5800 aliquid,
2859 5727 3247 5802 communique
3271 5734 3489 5790 vinculo
3515 5752 3725 5792 nexum

2140 5814 2189 5851 γι
2231 5816 2290 5854 ea
2325 5815 2418 5853 ur.

2161 5816 2384 5854 'ldCﬂlUl‘
2405 5816 2418 5853 ε
