4024 6408
251 351 335 404 257
1321 341 1642 397 PRAiPAR.
1687 341 1935 396 EVANG.
1976 341 2102 396 LIB.
2143 341 2229 396 IV.

3323 350 3430 406 238

249 470 362 528 θεοῖς
405 462 693 536 προσφιλές.
739 463 921 515 Ταῦτα
961 463 1154 530 λέγων,
1207 462 1361 532 δῆλος
1413 461 1476 514 ἂν
1528 461 1612 532 εἴη
1672 461 1747 512 τδη

1866 460 2026 524 sima,
2053 476 2325 530 quamque
2362 469 2419 516 ut
2469 464 2762 532 impietatis
2808 476 2860 519 et
2909 467 3055 520 exitii
3088 468 3300 537 plenam
3337 469 3434 521 de-

247 560 406 616 ἑαυτοῦ
445 557 570 610 Θεὸν
605 555 946 624 ἀπελέγχων·
995 553 1350 624 προστάττειν
1394 551 1500 624 γὰρ
1558 552 1761 623 ἀρτίως

245 658 381 722 ἔφησε
428 651 514 702 τὸν
577 649 816 720 χρησμὸν
876 649 949 718 μὴ
1012 647 1169 717 μόνον
1245 650 1356 710 τοῖς
1430 646 1761 716 ὑποχθονίοις

244 747 376 806 θεοῖς,
400 740 526 793 ἀλλὰ
563 741 653 793 καὶ
690 743 802 801 τοῖς
843 739 1066 810 ἀερίοις,
1096 738 1366 810 οὐρανίοις
1397 755 1454 790 τε
1483 739 1575 790 καὶ
1614 737 1760 790 αἰθε-

243 837 352 905 ρὶοις
376 831 478 895 ζῶα
504 830 666 883 θύειν.
703 830 807 883 Καὶ
830 831 858 881 ὁ
887 830 985 900 μὲν
1037 829 1304 882 Ἀπόλλων
1342 827 1564 880 τοιαῦτα
1585 843 1600 857 ⁸
1637 826 1665 878 ὁ
1703 826 1759 878 δὲ

245 927 312 978 τὸν
347 921 671 992 Θεόφραστον
721 919 1150 990 μαρτυρόμενος,
1196 918 1335 982 Θεοῖς
1369 919 1465 990 μὲν
1494 917 1554 970 ού
1594 935 1758 987 φησιν

239 1014 455 1085 ἁρμόζειν
492 1011 587 1082 τὴν
614 1009 702 1064 διὰ
750 1009 903 1074 ζώων
937 1009 1147 1073 Θυσίαν,
1194 1009 1412 1079 δαίμοσι
1450 1009 1507 1062 δὲ
1552 1011 1752 1078 μόνοιςο

238 1103 344 1155 ὥστε
373 1100 503 1154 κατὰ
534 1100 621 1153 τὸν
653 1099 816 1153 αὑτοῦ
853 1101 946 1153 καὶ
976 1100 1321 1170 Θεοφράστου
1349 1099 1504 1167 λόγον
1529 1099 1755 1168 δαίμονα

234 1194 360 1257 εἶναι,
388 1193 495 1246 ἀλλ’
520 1193 582 1246 οὐ
621 1192 743 1245 Θεὸν
775 1193 866 1245 τὸν
905 1192 1212 1245 Ἀπόλλωνα
1234 1209 1248 1222 ⁶
1277 1193 1337 1244 ού
1365 1193 1470 1263 μὴν
1498 1191 1632 1244 ἀλλὰ
1663 1193 1755 1244 καὶ

233 1288 402 1348 πάντας
443 1286 568 1347 τοὺς
611 1283 763 1356 παρὰ
796 1286 927 1337 πᾶσι
963 1287 1075 1346 τοῖς
1119 1284 1293 1337 ἔθνεσι
1339 1284 1754 1354 νενομισμένους

231 1383 369 1442 θεοὺς,
391 1375 466 1440 οἷς
489 1377 588 1440 τὰς
609 1377 699 1430 διὰ
731 1376 884 1440 ζώων
917 1376 1107 1439 θυσίας
1136 1377 1403 1446 πανδημεὶ
1435 1377 1634 1439 πάντες
1655 1376 1752 1447 ἆρ-

229 1471 376 1541 χοντές
403 1485 459 1521 τε
492 1469 587 1521 καὶ
623 1467 915 1538 ἀρχόμενοι
947 1467 1086 1520 κατά
1119 1483 1178 1518 τε
1214 1466 1394 1528 πόλεις
1433 1467 1525 1518 καὶ
1570 1465 1752 1536 χώρας

227 1560 490 1615 ἐκτελοῦσι·
527 1560 753 1623 τούτους
775 1561 882 1631 γὰρ
912 1558 1018 1611 οὐδ’
1044 1557 1170 1612 ἄλλο
1195 1575 1245 1610 τι
1284 1559 1568 1628 τυγχάνειν
1599 1560 1750 1628 ἡγεῖ-

227 1651 320 1703 σθαι
354 1649 448 1720 χρὴ
483 1649 625 1702 κατὰ
670 1649 794 1712 τοὺς
826 1647 1145 1720 εἰρημένους
1187 1648 1219 1718 ἢ
1269 1647 1542 1718 δαίμονας.
1591 1648 1651 1700 Εἰ
1693 1648 1750 1700 δὲ

223 1741 416 1809 ἀγαθοὺς
443 1735 578 1792 εἷναί
609 1757 774 1808 φασιν
804 1740 1020 1802 αὐτοὺς,
1055 1738 1148 1791 καὶ
1177 1738 1313 1801 πῶς,
1347 1737 1504 1807 εἴπερ
1539 1738 1749 1800 ἀνόσιος

219 1830 270 1904 ἦν
295 1834 370 1885 καὶ
413 1830 634 1902 μυσαρὰ
679 1831 772 1884 καὶ
801 1829 1096 1901 ὲπιϐλαϐὴς
1136 1832 1168 1901 ή
1203 1831 1269 1883 δι’
1291 1828 1535 1899 αἱμάτων
1565 1828 1743 1892 Θυσία,

220 1924 375 1992 ἀγαθοὶ
403 1924 465 1976 ἂν
496 1919 607 1976 εἶεν
641 1925 690 1974 οἱ
721 1925 830 1985 τοῖς
863 1921 1085 1974 τοιοῖσδε
1119 1920 1436 1993 χαίροντεςς
1474 1922 1534 1973 Ei
1569 1921 1625 1973 δὲ
1656 1922 1749 1974 καὶ

221 2019 276 2087 μὴ
313 2015 487 2086 μόναις
522 2017 649 2078 ταῖς
679 2014 951 2077 τοιαύταις
979 2013 1042 2084 δὴ
1074 2012 1306 2078 Θυσίαις,
1351 2012 1472 2065 καθ’
1517 2012 1749 2084 ὑπερϐο-

218 2110 290 2178 λὴν
320 2107 368 2160 δὲ
391 2106 676 2177 ὠμότητος
707 2106 800 2159 καὶ
826 2105 1216 2176 ἀπανθρωπίας
1248 2107 1433 2175 φανεῖν
1454 2103 1748 2174 ἀνδροκτα-

218 2198 326 2258 aiat;
355 2195 443 2248 καὶ
484 2195 964 2266 ἀνθρωποθυσίαις
998 2195 1270 2264 ἡδόμενοι,
1318 2193 1435 2258 πῶς
1468 2195 1565 2246 οὐκ
1604 2193 1749 2246 ἄντι-

212 2304 318 2354 κρυς
362 2280 464 2340 εἷεν
508 2286 578 2339 ἂν
635 2284 927 2356 μιαιφόνοι,
977 2284 1068 2337 καὶ
1116 2283 1294 2354 πάσης
1332 2283 1610 2354 ὠμότητος
1653 2282 1747 2335 καὶ

210 2379 562 2452 ἀπανθρωπίας
591 2380 804 2441 οἰκεῖοι,
833 2379 926 2432 καὶ
957 2377 1106 2430 οὐδὲν
1141 2376 1269 2429 ἄλλο
1295 2377 1328 2446 ἢ
1371 2377 1596 2447 πονηροὶ
1628 2377 1746 2430 δαί-

213 2490 372 2542 μονες;
418 2471 643 2526 Τούτων
695 2471 752 2524 δὲ
795 2473 926 2542 ἡμῖν
971 2469 1068 2542 τὴν
1116 2469 1392 2536 ἀπόδειξιν
1432 2468 1743 2540 εἰληχότων,

209 2562 330 2634 οἶμαι
348 2566 438 2636 τῆς
461 2564 746 2636 ἡμετέρας
769 2565 832 2616 ὲκ
854 2561 960 2614 τῶν
981 2561 1324 2633 δηλουμένων
1348 2561 1747 2634 ἀναχωρήσεως

208 2660 255 2710 τὸ
293 2656 497 2727 εὔλογον
537 2657 915 2713 ἀποδεδόσθαι.
951 2657 1042 2728 Μὴ
1081 2656 1190 2727 γὰρ
1240 2650 1380 2708 εἶναι
1413 2654 1578 2716 ὅσιον,
1623 2651 1746 2723 μηδ’

209 2751 411 2815 εὐσεϐὲς,
432 2749 506 2821 μὴ
526 2750 617 2802 ὅτι
641 2750 739 2821 τὴν
765 2749 858 2803 τοῦ
881 2749 1012 2803 Θεοῦ
1039 2748 1331 2818 σεϐάσμιον
1351 2744 1743 2817 προσηγορίαν,

209 2841 283 2894 καὶ
313 2841 404 2912 τὴν
446 2841 717 2895 ἀνωτάτω
757 2839 922 2910 τιμὴν
963 2840 1054 2893 ἐπὶ
1091 2837 1161 2891 τὰ
1201 2836 1416 2909 πονηρὰ
1457 2835 1744 2906 πνεύματα

207 2931 550 2997 καταϐάλλειν,
606 2931 740 2984 ἀλλὰ
788 2930 923 3002 μηδὲ
975 2929 1068 2982 τοῦ
1112 2928 1242 2999 παρ’
1293 2925 1601 2999 ἀνθρώποις
1645 2927 1744 2999 τὴν

208 3023 438 3095 βαοξλειον
467 3024 786 3094 ἐπιειμένον
812 3023 967 3088 ἀξίαν
991 3022 1213 3096 λῃσταῖς
1249 3020 1340 3072 καὶ
1362 3017 1745 3090 τυμϐωρύχοις

207 3114 528 3184 περιτιθέναι.
589 3112 748 3166 Ὅθεν
785 3113 945 3183 ἡμεῖς
977 3111 1134 3182 μόνον
1156 3107 1247 3162 τὸν
1279 3105 1372 3159 ἐπὶ
1407 3106 1625 3158 πάντων
1652 3105 1744 3158 σέ)-

205 3208 296 3259 sz
319 3205 692 3277 δεδιδαγμένοι
727 3204 880 3268 Θεὸν,
917 3204 1081 3274 τιμᾷν
1121 3219 1178 3255 τε
1214 3201 1354 3255 κατὰ
1379 3198 1440 3252 τὸ
1471 3199 1747 3271 προσῆκον

205 3302 277 3353 καὶ
303 3301 392 3363 τὰς
418 3300 564 3370 ἀμφ’
588 3298 749 3351 αὑτὸν
787 3296 1052 3365 θεοφιλεῖς
1075 3311 1132 3347 τε
1166 3295 1260 3348 καὶ
1289 3292 1564 3364 μακαρίας
1589 3291 1747 3346 δυνά-

207 3409 320 3462 μεις,
346 3392 493 3444 οὐδὲν
525 3391 633 3462 μὲν
665 3388 865 3458 γεῶδες
888 3388 981 3440 καί⁵
1007 3386 1217 3456 νεκρὸν,
1248 3385 1370 3438 οὐδὲ
1395 3383 1626 3454 λύθρους
1653 3387 1740 3437 καὶ

203 3487 392 3556 αἵματα,
427 3485 555 3538 οἱ)δέ
578 3501 630 3535 τι
655 3483 756 3552 τῆς
781 3480 1022 3553 φθαρτῆς
1055 3481 1150 3534 καὶ
1176 3478 1368 3549 ὑλικῆς
1391 3478 1578 3541 οὐσίας
1611 3481 1747 3532 ἐπα-

202 3577 392 3646 γόμεθα·
424 3577 502 3646 νῷ
540 3576 598 3629 δὲ
633 3576 813 3644 πάσης
847 3571 1241 3643 κεκαθαρμένη)
1278 3569 1477 3634 κακίας
1515 3571 1608 3622 καὶ
1635 3568 1742 3621 σώ-

203 3687 308 3738 ματι
334 3670 420 3722 τὸν
447 3670 505 3736 ἐξ
532 3669 758 3736 ἁγνείας
790 3668 882 3721 καὶ
921 3663 1273 3736 σωφροσύνης
1302 3663 1528 3734 κόσμον,
1563 3663 1743 3730 πάσης

202 3761 548 3832 λαμπρότερον
593 3760 724 3813 ὄντα
768 3759 957 3828 στολῆς
1001 3755 1468 3827 περιϐεϐλημένῳ,
1511 3751 1742 3824 δόγμασί

201 3873 244 3906 τε
269 3855 431 3926 ὀρθοῖς
464 3856 562 3907 καὶ
591 3852 916 3924 θεοπρεπέσι
953 3851 1048 3904 καὶ
1087 3849 1180 3903 ἐπὶ
1216 3853 1350 3903 πᾶσι
1380 3848 1591 3911 τούτοις
1629 3847 1744 3901 δια-

201 3945 318 3999 θέσει
352 3947 554 4017 γνησία
595 3944 695 4015 τὴν
739 3943 843 3996 ὑπὸ
881 3941 972 3995 τοῦ
1009 3941 1261 4013 Σωτῆρος
1303 3939 1461 4011 ἡμῶν
1503 3937 1742 4011 παραδο-

199 4039 353 4092 θεῖσαν
375 4039 660 4092 εὐσέϐειαν
695 4037 856 4108 μέχρι
896 4036 990 4089 καὶ
1019 4035 1250 4088 θανάτου
1281 4032 1568 4102 φυλάττειν
1591 4029 1743 4098 εὐχό-

202 4131 330 4199 μεθα.
399 4131 566 4183 Ἀλλὰ
612 4131 719 4200 γαρ
768 4128 974 4182 τούτων
1017 4129 1146 4198 ἡμῖν
1193 4121 1739 4195 προδιηρθρωμένων,

197 4223 292 4292 ὥρα
328 4224 463 4295 πρὸς
503 4222 610 4286 τὰς
663 4219 961 4283 ἀποδείξεις
1009 4217 1117 4271 τῶν
1163 4215 1465 4287 εἰρημένων
1521 4217 1738 4284 χωρεῖν.

201 4316 367 4384 Ηρῶτα
399 4319 457 4370 δὲ
488 4316 711 4368 πάντων
749 4312 977 4366 διελθεῖν
1000 4308 1238 4377 εὔλογον,
1277 4308 1343 4359 δι’
1385 4299 1458 4358 ὧν
1489 4308 1518 4358 ὁ
1555 4322 1742 4376 προει-

201 4411 401 4479 ρημένος
439 4408 817 4478 συγγραφεὺς,
846 4407 904 4459 ὲν
930 4397 1010 4467 οἷς
1039 4399 1315 4472 ἐπέγραψε
1342 4397 1471 4465 Περὶ
1495 4395 1604 4464 τῆς
1624 4394 1742 4449 τῶν

1863 552 2047 605 testari
2098 569 2289 608 omnes
2331 557 2728 624 .exsecrarique
2775 557 3041 623 debeant;
3098 560 3256 628 longe
3307 576 3433 628 pro~

1861 643 2001 698 fecto
2045 645 2254 707 abesse,
2295 647 2399 699 diis
2434 656 2492 699 ut
2523 648 2734 716 placere
2787 661 2969 718 queat.
3020 650 3151 717 Quae
3183 652 3310 704 dum
3343 654 3432 706 ille

1860 724 2195 806 pronuntiat,
2227 754 2385 792 suum
2442 739 2510 792 ab
2535 741 2650 808 ipso
2686 740 2851 793 Deum
2890 743 3209 810 reprehendi
3245 759 3308 798 ac
3345 762 3432 799 re-

1857 828 2045 899 dargui
2070 843 2228 882 nemo
2253 845 2359 883 non
2395 830 2573 896 videt;
2611 847 2733 885 eum
2797 835 3020 887 oraculo
3059 834 3236 903 juberi
3267 837 3429 905 paulo

1858 928 1981 971 ante
2003 918 2224 983 dixerit,
2280 919 2353 972 uti
2385 937 2490 974 non
2537 922 2910 978 subterraneis
2957 925 3118 978 modo
3157 926 3430 981 terrestri-

1857 1007 2066 1078 busque
2118 1009 2243 1070 diis,
2277 1011 2369 1080 sed
2422 1013 2584 1066 etiam
2638 1014 2821 1082 aeriis,
2867 1017 3199 1080 coelestibus,
3259 1019 3428 1074 aethe-

1857 1095 2064 1164 riisque
2092 1099 2406 1153 numinibus
2433 1101 2732 1156 animantes
2751 1103 3116 1160 immolentur.
3153 1106 3217 1160 Et
3237 1107 3427 1176 Apollo

1855 1187 2074 1256 quidem
2101 1188 2202 1242 ista
2229 1191 2470 1260 prrecipit
2504 1209 2516 1244 :
2544 1202 2730 1247 contra
2772 1211 2899 1250 vero
2922 1197 3279 1267 pltilOSnpltttS
3303 1201 3426 1252 lau-

1852 1281 1980 1334 dato
2047 1280 2210 1335 etiam
2253 1281 2612 1352 Theophrasti
2670 1289 2998 1348 testimonio.
3051 1292 3156 1346 diis
3215 1299 3426 1346 anima-

1854 1368 1982 1421 lium
2014 1371 2282 1424 sacrilicia
2313 1374 2600 1429 convenire
2643 1388 2820 1447 negat,
2851 1379 2943 1432 sed
2980 1389 3187 1434 tantum
3219 1382 3422 1436 daemo-

1853 1461 2042 1527 nibus;
2076 1478 2141 1516 ex
2188 1479 2296 1533 quo
2323 1466 2510 1536 utique
2536 1468 2781 1537 sequitur
2808 1464 3113 1538 Apollinem
3141 1473 3424 1544 utriusque

1851 1555 2116 1608 sententia
2178 1572 2284 1610 non
2352 1558 2512 1612 deum
2557 1573 2714 1623 esse,
2770 1560 2863 1614 sed
2925 1560 3266 1630 daemonem;
3322 1581 3421 1620 nec

1848 1643 2152 1721 Apollinem
2208 1649 2391 1713 modo,
2418 1650 2509 1704 sed
2535 1650 2697 1703 etiam
2730 1659 2996 1720 quotquot
3045 1655 3185 1722 apud
3232 1664 3421 1723 gentes

1851 1738 2135 1793 universas
2187 1748 2447 1808 putantur
2475 1741 2570 1804 dii,
2603 1741 2802 1811 quibus
2845 1743 3048 1811 passim
3090 1761 3280 1798 omnes
3308 1756 3418 1799 tam

1852 1831 2126 1902 principes
2147 1848 2310 1902 quam
2354 1834 2535 1903 p0puli
2600 1849 2695 1902 per
2722 1835 2885 1890 urbes
2915 1851 3121 1905 perque
3153 1853 3319 1907 pagos
3353 1853 3419 1890 ex

1849 1922 2181 1977 animalibus
2238 1925 2508 1978 sacriﬁcia
2534 1923 2764 1979 faciunt.
2821 1924 2956 1978 Nam
3004 1927 3139 1980 istos
3174 1941 3415 1996 quoque,

1848 2014 1892 2067 si
1933 2021 2224 2080 utrumque
2288 2016 2668 2086 philosophum
2732 2018 3044 2079 audiamus,
3100 2019 3246 2074 aliud
3297 2037 3419 2076 esse

1849 2105 1980 2158 nihil
2013 2106 2326 2161 existimare
2349 2122 2448 2160 nos
2473 2117 2704 2176 oportet,
2737 2123 2897 2175 quam
2921 2108 3215 2164 daemones.
3235 2111 3418 2164 Enim-

1848 2212 1978 2250 vero
2011 2197 2055 2252 si
2084 2197 2256 2252 bonos
2285 2198 2504 2253 eosdem
2534 2215 2655 2254 esse
2693 2200 2950 2264 dixerint,
2976 2199 3413 2269 quandoquidem

1847 2285 2046 2342 infecta
2069 2289 2333 2359 sanguine
2360 2290 2651 2355 sacriﬁcia,
2700 2292 3018 2362 impietatis,
3057 2293 3324 2359 horroris,
3356 2307 3410 2346 ct.

1846 2381 1998 2434 exitii
2067 2381 2223 2451 plena
2255 2392 2401 2448 sunt,
2433 2383 2631 2452 quibus
2682 2385 2783 2439 ista
2835 2386 3104 2454 placeant,
3141 2385 3266 2440 boni
3295 2401 3417 2442 esse

1846 2471 1940 2540 qui
1973 2473 2222 2541 possint?
2260 2471 2415 2539 Quod
2449 2475 2494 2529 si
2532 2491 2639 2529 non
2671 2476 2943 2546 ejusmodi
2979 2487 3188 2533 tantum
3245 2481 3418 2535 sacri-

1847 2564 2008 2630 ﬁciis,
2035 2581 2221 2620 verum
2255 2568 2417 2622 etiam
2446 2568 2514 2623 ad
2546 2569 2885 2626 crudelitatis
2929 2571 3109 2626 omnis
3139 2580 3192 2626 et
3224 2572 3417 2628 imma-

1847 2658 2043 2717 nitatis
2099 2664 2401 2726 cumulum,
2454 2663 2694 2717 virorum
2749 2663 2954 2732 pariter
3015 2679 3079 2718 ac
3125 2664 3414 2720 mulierum

1842 2749 2085 2805 caedibus
2109 2750 2407 2805 delectatos
2451 2766 2546 2807 eos
2575 2766 2696 2806 esse
2745 2752 3097 2806 ostendemus
3121 2769 3134 2818 ;
3165 2752 3294 2822 quid
3321 2767 3416 2808 su-

1850 2848 2046 2907 perest,
2078 2839 2178 2894 nisi
2213 2849 2272 2893 ut
2297 2839 2458 2894 iidem
2488 2849 2541 2894 et
2566 2840 2874 2909 parricidiis
2904 2840 3155 2906 infames,
3181 2851 3231 2896 et
3262 2846 3408 2898 omni

1847 2930 2062 2985 diritate
2091 2930 2374 2994 teterrimi,
2409 2930 2639 3001 denique
2669 2931 2804 2984 nihil
2847 2932 2994 2985 aliud
3045 2932 3151 2986 nisi
3183 2933 3406 3002 pessimi

1847 3024 2120 3078 dmmones
2150 3023 2267 3078 luce
2287 3024 2464 3093 palam
2511 3023 2853 3079 habeantur?
2878 3022 2997 3078 Jam
3023 3039 3151 3079 vero
3179 3039 3303 3078 cum
3337 3025 3415 3078 ita

1772 3145 1814 3202 ε
1849 3129 1906 3168 se
1945 3129 2058 3168 rem
2095 3114 2292 3168 habere
2323 3113 2608 3183 probatum
2637 3128 2667 3166 a
2698 3114 2856 3170 nobis
2897 3130 2960 3168 ac
2985 3115 3414 3168 demonstratum

1849 3205 2032 3270 fuerit,
2065 3205 2227 3259 simul
2261 3209 2424 3260 etiam
2472 3209 2726 3262 omnibus
2757 3216 3012 3261 constare
3043 3206 3235 3260 debere
3265 3207 3401 3260 arbi-

1848 3308 1962 3352 tror
1989 3308 2188 3353 nostra:
2217 3299 2285 3351 ab
2321 3300 2424 3354 isto
2482 3299 2628 3353 cultu
2680 3298 3034 3353 discessionis
3077 3297 3404 3366 aequitatem.

1845 3388 2008 3444 Nefas
2050 3391 2194 3444 enim
2233 3391 2566 3459 impiumque
2621 3389 2755 3444 foret
2786 3391 2908 3443 non"
2933 3390 3111 3444 dicam
3147 3405 3411 3443 veneran-

1845 3480 1972 3533 dum
1993 3480 2120 3534 illud
2149 3480 2239 3535 Dei
2257 3496 2476 3543 nomen,
2515 3482 2885 3551 honoremque
2901 3497 3177 3536 summum
3211 3483 3277 3536 ad
3308 3481 3412 3535 im-

1845 3574 2044 3645 probos
2099 3575 2322 3642 spiritus
2365 3575 2628 3642 abjieere:
2657 3575 2751 3629 sed
2795 3577 2877 3630 vel
2925 3591 3048 3630 eum
3090 3576 3288 3645 ipsum,
3315 3575 3408 3644 qui

1844 3667 2052 3721 homini
2101 3665 2246 3737 regia
2290 3665 2553 3735 dignitate
2604 3667 2881 3734 praestanti
2931 3667 3213 3728 debeatur,
3241 3665 3408 3719 latro-

1842 3758 2004 3812 nibus
2063 3773 2125 3811 ac
2173 3756 2546 3827 sepulcrorum
2591 3757 2948 3811 eﬂ‘ossoribus
2990 3757 3245 3812 tribuere.
3300 3754 3408 3809 Nos

1843 3850 2027 3920 igitur,
2057 3850 2147 3918 qui
2183 3865 2348 3902 unum
2382 3849 2533 3902 illum
2561 3848 2723 3916 hujus
2743 3848 2986 3902 universi
3014 3846 3294 3916 praesidem
3347 3860 3410 3900 ac

1842 3940 2237 3994 moderatorem
2297 3937 2464 3993 Deum
2521 3939 2736 4004 colere,
2794 3949 2846 3993 et
2897 3937 3240 3992 convenienti
3278 3937 3408 4000 ritu,

1841 4031 2086 4099 adeoque
2114 4029 2214 4098 ipsi
2239 4029 2690 4084 charissimarum
2728 4030 3121 4099 beatarumque
3145 4031 3408 4084 virtutum

1839 4121 2088 4189 exemplo
2113 4121 2358 4174 venerari
2386 4121 2698 4186 didicimus,
2732 4136 2832 4175 nec
2861 4123 3062 4176 terreni
3108 4121 3406 4191 quidquam

1839 4221 1934 4265 aut
1963 4212 2187 4277 mortui,
2222 4226 2322 4266 nec
2347 4211 2553 4266 saniem
2585 4221 2679 4266 aut
2701 4228 2974 4276 cruorem,
3032 4229 3133 4266 nec
3161 4213 3213 4266 id
3241 4227 3411 4282 genus

1839 4300 1945 4355 alia
1984 4300 2324 4369 corruptioni
2351 4301 2612 4363 obnoxia,
2651 4307 2705 4354 et
2732 4301 2784 4354 in
2834 4299 3114 4354 materiam
3148 4300 3410 4353 immersa

1841 4391 2222 4458 obtrudimus;
2283 4393 2376 4447 sed
2431 4393 2613 4462 potius
2674 4394 2778 4448 hoc
2833 4393 2886 4446 in
2949 4393 3088 4446 votis
3148 4391 3414 4444 habemus

197 4495 726 4570 ἐμψύχων-ἀποχῆς,
745 4495 1038 4567 μήσχρῆναι
1051 4505 1184 4562 φησι
1206 4492 1342 4562 μήτε
1383 4486 1460 4558 τῷ
1485 4489 1574 4540 ἐπὶ
1600 4487 1737 4540 πᾶν»

1846 4501 2035 4550 unum,
2064 4495 2124 4539 ut
2147 4495 2326 4540 mente
2348 4487 2417 4540 ab
2443 4487 2594 4542 omni
2631 4486 2976 4555 improbitate
3025 4486 3260 4547 sincera,
3290 4497 3413 4536 cor-

198 4610 284 4645 των
331 4593 469 4663 Θεῷ,
524 4595 663 4662 μήτε
708 4586 828 4652 ταῖς
881 4587 996 4657 μετ’
1048 4583 1207 4637 αὐτὸν
1258 4579 1429 4642 Θείαις
1481 4577 1740 4648 δυνάμεσι

196 4685 367 4751 γεῶδες
405 4684 595 4756 μηδὲν,
650 4683 786 4752 μήτε
835 4678 1055 4748 θυμιᾷν,
1091 4676 1227 4746 μήτε
1260 4672 1432 4725 θύεινο
1487 4669 1741 4741 ἀλλότρια

197 4777 284 4848 γὰρ
307 4777 372 4831 τὰ
399 4776 630 4830 τοιαῦτα
658 4776 690 4846 ἦ
722 4772 866 4827 κατὰ
895 4771 994 4824 τὴν
1060 4768 1377 4839 πρέπουσαν
1435 4763 1734 4816 εὐσέϐειαν.

1846 4593 1974 4648 pore
2019 4578 2287 4634 castitatis
2345 4594 2407 4632 ac
2461 4580 2833 4648 temperantiae
2890 4578 3064 4639 cultu,
3103 4577 3195 4646 qui
3254 4575 3412 4644 longe

1845 4685 2061 4724 omnem
2092 4670 2323 4724 vestium
2365 4681 2618 4725 ornatum
2675 4680 2915 4739 superat,
2947 4670 3232 4729 decorata,
3278 4681 3412 4719 sana

1847 4760 2064 4830 Deoque
2111 4761 2272 4832 digna
2312 4762 2579 4827 doctrina,
2642 4762 2896 4832 quodque
2942 4761 3184 4815 omnium
3223 4757 3415 4827 praeci-

198 4892 336 4943 puum
357 4885 462 4939 est,
492 4888 632 4944 puro
666 4873 985 4939 integreque
1039 4865 1207 4920 animi
1256 4875 1441 4924 sensu,
1476 4859 1732 4914 traditam
1772 4871 1802 4911 a
1835 4853 2122 4910 Servatore
2147 4865 2336 4912 nostro
2363 4858 2614 4927 pietatem
2680 4856 2840 4928 149
2889 4856 2956 4911 ad
2987 4867 3214 4910 mortem
3240 4869 3413 4924 usque

200 4976 440 5020 tueamur.
475 4964 583 5018 Sed
614 4962 759 5017 enim
794 4960 881 5013 his
926 4957 998 5010 ita
1031 4953 1266 5008 breviter
1303 4948 1577 5015 indicatis,
1642 4955 1858 5014 tempus
1892 4955 1997 5010 est,
2056 4953 2117 4999 ut
2167 4947 2234 5000 ad
2277 4963 2466 5002 eorum
2527 4947 2995 5003 conﬁrmationem
3066 4947 3411 5002 accedamus.

199 5062 261 5114 Ac
287 5060 516 5130 primum
569 5054 789 5126 quidem
841 5065 906 5106 ea
969 5042 1221 5117 persequi
1274 5057 1452 5112 opera:
1505 5037 1735 5109 pretium
1776 5036 1960 5103 fuerit,
2019 5039 2220 5109 quibus
2253 5039 2395 5094 idem
2444 5029 2798 5110 Porphyrius,
2851 5039 2906 5092 in
2941 5039 3006 5092 iis
3039 5053 3159 5107 quae
3206 5037 3274 5092 de
3323 5053 3414 5093 re-

202 5169 298 5206 rum
325 5153 690 5207 animatarum
712 5145 1038 5203 abstinentia
1061 5139 1299 5208 scripsit,
1328 5151 1502 5207 neque
1526 5148 1742 5190 summo
1775 5130 2019 5199 Numiui,
2053 5150 2229 5205 neque
2251 5133 2507 5189 secundis
2540 5134 2608 5188 ab
2662 5148 2728 5187 eo
2754 5132 3060 5202 divinisque
3122 5131 3413 5186 virtutibus

204 5251 447 5306 terrestris
482 5247 779 5320 quidquam
829 5251 923 5298 aut
987 5239 1337 5304 adolendum,
1401 5243 1497 5290 aut
1543 5231 1937 5288 immolandum
1985 5247 2108 5290 esse
2136 5233 2396 5298 defendit,
2431 5232 2576 5303 quod
2625 5230 2895 5302 ejusmodi
2950 5229 3129 5285 cultus
3187 5245 3414 5285 omnino

205 5348 304 5400 sita
326 5347 616 5402 sanctitate
651 5341 928 5413 religionis
958 5339 1190 5393 alienus.
