  <div class='ocr_page' id='page_1' title='image "/cluster/home/n/w/nwhite01/storage/ocr_20150623/21/hvd.32044073501165/144.png"; bbox 0 0 4024 6408; ppageno 0'>
   <div class='ocr_carea' id='block_1_1' title="bbox 290 353 2341 438">
    <p class='ocr_par' dir='ltr' id='par_1_1' title="bbox 290 353 2341 438">
     <span class='ocr_line' id='line_1_1' title="bbox 290 353 2341 438; baseline -0.001 -26"><span class='ocrx_word' id='word_1_1' title='bbox 290 361 374 412; x_wconf 73' lang='lat' dir='ltr'><strong>su</strong></span> <span class='ocrx_word' id='word_1_2' title='bbox 1421 353 1745 410; x_wconf 49' lang='lat' dir='ltr'><strong>eaeaeae,</strong></span> <span class='ocrx_word' id='word_1_3' title='bbox 1786 353 2036 408; x_wconf 78' lang='lat' dir='ltr'><strong>EV’ANC.</strong></span> <span class='ocrx_word' id='word_1_4' title='bbox 2082 355 2209 409; x_wconf 87' lang='lat' dir='ltr'><strong>LIB.</strong></span> <span class='ocrx_word' id='word_1_5' title='bbox 2255 355 2341 438; x_wconf 70' lang='lat' dir='ltr'><strong>IV.</strong></span> 
     </span>
    </p>
   </div>
   <div class='ocr_carea' id='block_1_2' title="bbox 3398 364 3506 418">
    <p class='ocr_par' dir='ltr' id='par_1_2' title="bbox 3398 364 3506 418">
     <span class='ocr_line' id='line_1_2' title="bbox 3398 364 3506 418; baseline 0 -1"><span class='ocrx_word' id='word_1_6' title='bbox 3398 364 3506 418; x_wconf 74' lang='lat'><strong>26?.</strong></span> 
     </span>
    </p>
   </div>
   <div class='ocr_carea' id='block_1_3' title="bbox 293 470 3509 544">
    <p class='ocr_par' dir='ltr' id='par_1_3' title="bbox 293 470 3509 544">
     <span class='ocr_line' id='line_1_3' title="bbox 293 470 3509 544; baseline 0.002 -15"><span class='ocrx_word' id='word_1_7' title='bbox 293 489 394 529; x_wconf 67' lang='grc' dir='ltr'>διιιιι</span> <span class='ocrx_word' id='word_1_8' title='bbox 429 489 540 544; x_wconf 54' lang='lat' dir='ltr'><strong>qua?</strong></span> <span class='ocrx_word' id='word_1_9' title='bbox 571 472 632 526; x_wconf 86' lang='lat' dir='ltr'><strong>dc</strong></span> <span class='ocrx_word' id='word_1_10' title='bbox 657 471 898 542; x_wconf 76' lang='lat' dir='ltr'><strong>principe</strong></span> <span class='ocrx_word' id='word_1_11' title='bbox 931 485 1254 540; x_wconf 85' lang='lat' dir='ltr'><strong>summoque</strong></span> <span class='ocrx_word' id='word_1_12' title='bbox 1281 470 1390 525; x_wconf 88' lang='lat' dir='ltr'><strong>Deo</strong></span> <span class='ocrx_word' id='word_1_13' title='bbox 1430 472 1775 541; x_wconf 82' lang='lat' dir='ltr'><strong>Apollonium</strong></span> <span class='ocrx_word' id='word_1_14' title='bbox 1807 470 1956 524; x_wconf 89' lang='lat' dir='ltr'><strong>illum</strong></span> <span class='ocrx_word' id='word_1_15' title='bbox 1982 471 2282 542; x_wconf 67' lang='lat' dir='ltr'><strong>T)aneum,</strong></span> <span class='ocrx_word' id='word_1_16' title='bbox 2318 470 2615 530; x_wconf 70' lang='lat' dir='ltr'><strong>multorum</strong></span> <span class='ocrx_word' id='word_1_17' title='bbox 2668 491 2763 531; x_wconf 86' lang='lat' dir='ltr'><strong>ore</strong></span> <span class='ocrx_word' id='word_1_18' title='bbox 2791 476 3160 538; x_wconf 79' lang='lat' dir='ltr'><strong>decantatum,</strong></span> <span class='ocrx_word' id='word_1_19' title='bbox 3195 479 3248 532; x_wconf 90' lang='lat' dir='ltr'><strong>in</strong></span> <span class='ocrx_word' id='word_1_20' title='bbox 3291 494 3391 534; x_wconf 90' lang='lat' dir='ltr'><strong>suo</strong></span> <span class='ocrx_word' id='word_1_21' title='bbox 3437 483 3509 536; x_wconf 84' lang='lat' dir='ltr'><strong>De</strong></span> 
     </span>
    </p>
   </div>
   <div class='ocr_carea' id='block_1_4' title="bbox 289 562 1812 633">
    <p class='ocr_par' dir='ltr' id='par_1_4' title="bbox 289 562 1812 633">
     <span class='ocr_line' id='line_1_4' title="bbox 289 562 1812 633; baseline -0.001 -14"><span class='ocrx_word' id='word_1_22' title='bbox 289 567 534 633; x_wconf 59' lang='lat' dir='ltr'><strong>,arriﬁciis</strong></span> <span class='ocrx_word' id='word_1_23' title='bbox 567 581 727 633; x_wconf 87' lang='lat' dir='ltr'><strong>opere</strong></span> <span class='ocrx_word' id='word_1_24' title='bbox 753 564 1037 632; x_wconf 83' lang='lat' dir='ltr'><strong>scripsisse</strong></span> <span class='ocrx_word' id='word_1_25' title='bbox 1073 562 1273 624; x_wconf 82' lang='lat' dir='ltr'><strong>ferunt,</strong></span> <span class='ocrx_word' id='word_1_26' title='bbox 1302 566 1444 618; x_wconf 91' lang='lat' dir='ltr'><strong>hunc</strong></span> <span class='ocrx_word' id='word_1_27' title='bbox 1484 566 1534 618; x_wconf 90' lang='lat' dir='ltr'><strong>in</strong></span> <span class='ocrx_word' id='word_1_28' title='bbox 1571 565 1812 618; x_wconf 90' lang='lat' dir='ltr'><strong>modum.</strong></span> 
     </span>
    </p>
   </div>
   <div class='ocr_carea' id='block_1_5' title="bbox 786 655 1309 710">
    <p class='ocr_par' dir='ltr' id='par_1_5' title="bbox 786 655 1309 710">
     <span class='ocr_line' id='line_1_5' title="bbox 786 655 1309 710; baseline 0.002 -1"><span class='ocrx_word' id='word_1_29' title='bbox 786 659 828 709; x_wconf 80' lang='grc' dir='ltr'>Κ</span> <span class='ocrx_word' id='word_1_30' title='bbox 839 655 1174 709; x_wconf 77' lang='grc' dir='ltr'><strong>ΕΦΑΛΑΙΟΝ</strong></span> <span class='ocrx_word' id='word_1_31' title='bbox 1212 657 1309 710; x_wconf 84' lang='lat' dir='ltr'>II&quot;.</span> 
     </span>
    </p>
   </div>
   <div class='ocr_carea' id='block_1_6' title="bbox 288 767 1832 842">
    <p class='ocr_par' dir='ltr' id='par_1_6' title="bbox 288 767 1832 842">
     <span class='ocr_line' id='line_1_6' title="bbox 288 767 1832 842; baseline -0.006 -11"><span class='ocrx_word' id='word_1_32' title='bbox 288 784 392 832; x_wconf 77' lang='grc' dir='ltr'>Ἔτι</span> <span class='ocrx_word' id='word_1_33' title='bbox 416 773 539 842; x_wconf 75' lang='grc' dir='ltr'>περὶ</span> <span class='ocrx_word' id='word_1_34' title='bbox 569 769 673 824; x_wconf 76' lang='grc' dir='ltr'><strong>τοῦ</strong></span> <span class='ocrx_word' id='word_1_35' title='bbox 699 769 784 842; x_wconf 76' lang='grc' dir='ltr'>μὴ</span> <span class='ocrx_word' id='word_1_36' title='bbox 815 767 1029 842; x_wconf 59' lang='grc' dir='ltr'>χρῆναι</span> <span class='ocrx_word' id='word_1_37' title='bbox 1058 768 1138 833; x_wconf 83' lang='grc' dir='ltr'>τῷ</span> <span class='ocrx_word' id='word_1_38' title='bbox 1161 771 1256 823; x_wconf 75' lang='grc' dir='ltr'><strong>ἐπὶ</strong></span> <span class='ocrx_word' id='word_1_39' title='bbox 1275 770 1534 842; x_wconf 57' lang='grc' dir='ltr'>πάντων</span> <span class='ocrx_word' id='word_1_40' title='bbox 1563 769 1685 836; x_wconf 84' lang='grc' dir='ltr'><strong>Θεῷ</strong></span> <span class='ocrx_word' id='word_1_41' title='bbox 1715 769 1832 823; x_wconf 73' lang='grc' dir='ltr'>τῶν</span> 
     </span>
    </p>
   </div>
   <div class='ocr_carea' id='block_1_7' title="bbox 672 840 1430 908">
    <p class='ocr_par' dir='ltr' id='par_1_7' title="bbox 672 840 1430 908">
     <span class='ocr_line' id='line_1_7' title="bbox 672 840 1430 908; baseline -0.003 -14"><span class='ocrx_word' id='word_1_42' title='bbox 672 841 790 895; x_wconf 78' lang='grc' dir='ltr'><strong>ἀπὸ</strong></span> <span class='ocrx_word' id='word_1_43' title='bbox 826 840 936 908; x_wconf 74' lang='grc' dir='ltr'><strong>γῆς</strong></span> <span class='ocrx_word' id='word_1_44' title='bbox 962 857 1013 893; x_wconf 84' lang='grc' dir='ltr'><strong>τι</strong></span> <span class='ocrx_word' id='word_1_45' title='bbox 1049 840 1430 908; x_wconf 55' lang='grc' dir='ltr'>προσφέρειν.</span> 
     </span>
    </p>
   </div>
   <div class='ocr_carea' id='block_1_8' title="bbox 343 949 1834 1027">
    <p class='ocr_par' dir='ltr' id='par_1_8' title="bbox 343 949 1834 1027">
     <span class='ocr_line' id='line_1_8' title="bbox 343 949 1834 1027; baseline -0.003 -15"><span class='ocrx_word' id='word_1_46' title='bbox 343 983 357 1012; x_wconf 78' lang='grc' dir='ltr'><strong>ι</strong></span> <span class='ocrx_word' id='word_1_47' title='bbox 383 960 554 1020; x_wconf 67' lang='grc' dir='ltr'>Οὕτως</span> <span class='ocrx_word' id='word_1_48' title='bbox 601 955 709 1027; x_wconf 66' lang='grc'><strong>(47)</strong></span> <span class='ocrx_word' id='word_1_49' title='bbox 748 953 923 1006; x_wconf 79' lang='grc' dir='ltr'>τοίνυν</span> <span class='ocrx_word' id='word_1_50' title='bbox 978 952 1210 1023; x_wconf 80' lang='grc' dir='ltr'>μάλιστα</span> <span class='ocrx_word' id='word_1_51' title='bbox 1253 953 1318 1006; x_wconf 80' lang='grc' dir='ltr'>ἄν</span> <span class='ocrx_word' id='word_1_52' title='bbox 1356 972 1458 1018; x_wconf 84' lang='grc' dir='ltr'>τις,</span> <span class='ocrx_word' id='word_1_53' title='bbox 1510 949 1681 1026; x_wconf 71' lang='grc' dir='ltr'>οἶμαι,</span> <span class='ocrx_word' id='word_1_54' title='bbox 1736 955 1834 1026; x_wconf 77' lang='grc' dir='ltr'><strong>τὴν</strong></span> 
     </span>
    </p>
   </div>
   <div class='ocr_carea' id='block_1_9' title="bbox 282 1043 1834 1124">
    <p class='ocr_par' dir='ltr' id='par_1_9' title="bbox 282 1043 1834 1124">
     <span class='ocr_line' id='line_1_9' title="bbox 282 1043 1834 1124; baseline -0.003 -23"><span class='ocrx_word' id='word_1_55' title='bbox 282 1054 628 1124; x_wconf 45' lang='grc' dir='ltr'>πΜκουσαν</span> <span class='ocrx_word' id='word_1_56' title='bbox 661 1043 976 1115; x_wconf 76' lang='grc' dir='ltr'>ἐπιμέλειαν</span> <span class='ocrx_word' id='word_1_57' title='bbox 1010 1045 1214 1096; x_wconf 84' lang='grc' dir='ltr'>ποιοῖτο</span> <span class='ocrx_word' id='word_1_58' title='bbox 1246 1043 1336 1096; x_wconf 83' lang='grc' dir='ltr'><strong>τοῦ</strong></span> <span class='ocrx_word' id='word_1_59' title='bbox 1361 1043 1540 1107; x_wconf 78' lang='grc' dir='ltr'>Θείου,</span> <span class='ocrx_word' id='word_1_60' title='bbox 1577 1044 1834 1114; x_wconf 77' lang='grc' dir='ltr'>τυγχάνοι</span> 
     </span>
    </p>
   </div>
   <div class='ocr_carea' id='block_1_10' title="bbox 280 1133 1835 1206">
    <p class='ocr_par' dir='ltr' id='par_1_10' title="bbox 280 1133 1835 1206">
     <span class='ocr_line' id='line_1_10' title="bbox 280 1133 1835 1206; baseline -0.005 -9"><span class='ocrx_word' id='word_1_61' title='bbox 280 1163 326 1197; x_wconf 88' lang='grc' dir='ltr'><strong>τε</strong></span> <span class='ocrx_word' id='word_1_62' title='bbox 356 1140 563 1196; x_wconf 67' lang='grc' dir='ltr'>αὐτόθεν</span> <span class='ocrx_word' id='word_1_63' title='bbox 609 1135 737 1190; x_wconf 80' lang='grc' dir='ltr'><strong>ἴλεὼ</strong></span> <span class='ocrx_word' id='word_1_64' title='bbox 760 1152 818 1187; x_wconf 89' lang='grc' dir='ltr'><strong>τε</strong></span> <span class='ocrx_word' id='word_1_65' title='bbox 859 1134 952 1187; x_wconf 77' lang='grc' dir='ltr'><strong>καὶ</strong></span> <span class='ocrx_word' id='word_1_66' title='bbox 992 1133 1250 1206; x_wconf 78' lang='grc' dir='ltr'>εὐμενοῦς</span> <span class='ocrx_word' id='word_1_67' title='bbox 1295 1135 1458 1188; x_wconf 75' lang='grc' dir='ltr'>αὐτοῦ</span> <span class='ocrx_word' id='word_1_68' title='bbox 1497 1138 1626 1205; x_wconf 82' lang='grc' dir='ltr'>παρ’</span> <span class='ocrx_word' id='word_1_69' title='bbox 1655 1137 1835 1189; x_wconf 84' lang='grc' dir='ltr'>ὅντινα</span> 
     </span>
    </p>
   </div>
   <div class='ocr_carea' id='block_1_11' title="bbox 278 1227 1837 1304">
    <p class='ocr_par' dir='ltr' id='par_1_11' title="bbox 278 1227 1837 1304">
     <span class='ocr_line' id='line_1_11' title="bbox 278 1227 1837 1304; baseline -0.004 -16"><span class='ocrx_word' id='word_1_70' title='bbox 278 1233 353 1289; x_wconf 73' lang='grc' dir='ltr'>οὖν</span> <span class='ocrx_word' id='word_1_71' title='bbox 375 1233 522 1304; x_wconf 79' lang='grc' dir='ltr'>μόνος</span> <span class='ocrx_word' id='word_1_72' title='bbox 549 1228 872 1301; x_wconf 82' lang='grc' dir='ltr'>ἀνθρώπων·</span> <span class='ocrx_word' id='word_1_73' title='bbox 909 1229 955 1280; x_wconf 86' lang='grc' dir='ltr'>εἰ</span> <span class='ocrx_word' id='word_1_74' title='bbox 987 1227 1104 1298; x_wconf 84' lang='grc' dir='ltr'><strong>Θεῷ</strong></span> <span class='ocrx_word' id='word_1_75' title='bbox 1136 1228 1254 1298; x_wconf 78' lang='grc' dir='ltr'>μὲν,</span> <span class='ocrx_word' id='word_1_76' title='bbox 1274 1227 1332 1280; x_wconf 82' lang='grc' dir='ltr'>ὃν</span> <span class='ocrx_word' id='word_1_77' title='bbox 1357 1227 1421 1300; x_wconf 81' lang='grc' dir='ltr'>δὴ</span> <span class='ocrx_word' id='word_1_78' title='bbox 1456 1228 1666 1300; x_wconf 85' lang='grc' dir='ltr'>πρῶτον</span> <span class='ocrx_word' id='word_1_79' title='bbox 1707 1227 1837 1297; x_wconf 71' lang='grc' dir='ltr'><strong>ἔφα-</strong></span> 
     </span>
    </p>
   </div>
   <div class='ocr_carea' id='block_1_12' title="bbox 279 1319 1837 1398">
    <p class='ocr_par' dir='ltr' id='par_1_12' title="bbox 279 1319 1837 1398">
     <span class='ocr_line' id='line_1_12' title="bbox 279 1319 1837 1398; baseline -0.004 -20"><span class='ocrx_word' id='word_1_80' title='bbox 279 1347 378 1398; x_wconf 78' lang='grc' dir='ltr'>μεν.</span> <span class='ocrx_word' id='word_1_81' title='bbox 409 1324 481 1376; x_wconf 82' lang='grc' dir='ltr'>ἑνί</span> <span class='ocrx_word' id='word_1_82' title='bbox 513 1341 573 1376; x_wconf 86' lang='grc' dir='ltr'><strong>τε</strong></span> <span class='ocrx_word' id='word_1_83' title='bbox 604 1322 719 1375; x_wconf 79' lang='grc' dir='ltr'>ὄντι</span> <span class='ocrx_word' id='word_1_84' title='bbox 752 1320 1144 1392; x_wconf 80' lang='grc' dir='ltr'><strong>κεχωρισμένῳ</strong></span> <span class='ocrx_word' id='word_1_85' title='bbox 1173 1321 1408 1382; x_wconf 84' lang='grc' dir='ltr'>πάντων,</span> <span class='ocrx_word' id='word_1_86' title='bbox 1454 1319 1572 1389; x_wconf 81' lang='grc' dir='ltr'>μεθ’</span> <span class='ocrx_word' id='word_1_87' title='bbox 1601 1319 1658 1372; x_wconf 81' lang='grc' dir='ltr'>ὃν</span> <span class='ocrx_word' id='word_1_88' title='bbox 1697 1337 1837 1388; x_wconf 82' lang='grc' dir='ltr'>γνω-</span> 
     </span>
    </p>
   </div>
   <div class='ocr_carea' id='block_1_13' title="bbox 279 1410 1836 1487">
    <p class='ocr_par' dir='ltr' id='par_1_13' title="bbox 279 1410 1836 1487">
     <span class='ocr_line' id='line_1_13' title="bbox 279 1410 1836 1487; baseline -0.003 -19"><span class='ocrx_word' id='word_1_89' title='bbox 279 1415 488 1487; x_wconf 75' lang='grc' dir='ltr'>ρίζεσθαι</span> <span class='ocrx_word' id='word_1_90' title='bbox 528 1415 658 1476; x_wconf 73' lang='grc' dir='ltr'>τοὺς</span> <span class='ocrx_word' id='word_1_91' title='bbox 717 1413 935 1474; x_wconf 75' lang='grc' dir='ltr'>λοιποὺς</span> <span class='ocrx_word' id='word_1_92' title='bbox 990 1412 1306 1480; x_wconf 83' lang='grc' dir='ltr'>ἀναγκαῖον,</span> <span class='ocrx_word' id='word_1_93' title='bbox 1356 1413 1430 1482; x_wconf 80' lang='grc' dir='ltr'>μὴ</span> <span class='ocrx_word' id='word_1_94' title='bbox 1475 1410 1589 1463; x_wconf 84' lang='grc' dir='ltr'>θύοι</span> <span class='ocrx_word' id='word_1_95' title='bbox 1633 1429 1682 1463; x_wconf 88' lang='grc' dir='ltr'><strong>τι</strong></span> <span class='ocrx_word' id='word_1_96' title='bbox 1737 1412 1836 1482; x_wconf 79' lang='grc' dir='ltr'><strong>τὴν</strong></span> 
     </span>
    </p>
   </div>
   <div class='ocr_carea' id='block_1_14' title="bbox 278 1502 1837 1579">
    <p class='ocr_par' dir='ltr' id='par_1_14' title="bbox 278 1502 1837 1579">
     <span class='ocr_line' id='line_1_14' title="bbox 278 1502 1837 1579; baseline -0.003 -17"><span class='ocrx_word' id='word_1_97' title='bbox 278 1507 440 1579; x_wconf 70' lang='grc' dir='ltr'>ἀρχὴν,</span> <span class='ocrx_word' id='word_1_98' title='bbox 490 1506 630 1576; x_wconf 74' lang='grc' dir='ltr'>μήτε</span> <span class='ocrx_word' id='word_1_99' title='bbox 678 1504 907 1557; x_wconf 72' lang='grc' dir='ltr'>ἀνάπτοι</span> <span class='ocrx_word' id='word_1_100' title='bbox 953 1502 1084 1574; x_wconf 86' lang='grc' dir='ltr'>πῦρ,</span> <span class='ocrx_word' id='word_1_101' title='bbox 1147 1505 1283 1575; x_wconf 76' lang='grc' dir='ltr'>μήτε</span> <span class='ocrx_word' id='word_1_102' title='bbox 1347 1503 1576 1556; x_wconf 83' lang='grc' dir='ltr'>καθόλου</span> <span class='ocrx_word' id='word_1_103' title='bbox 1623 1521 1674 1556; x_wconf 89' lang='grc' dir='ltr'><strong>τι</strong></span> <span class='ocrx_word' id='word_1_104' title='bbox 1729 1504 1837 1558; x_wconf 82' lang='grc' dir='ltr'><strong>τῶν</strong></span> 
     </span>
    </p>
   </div>
   <div class='ocr_carea' id='block_1_15' title="bbox 276 1594 1836 1669">
    <p class='ocr_par' dir='ltr' id='par_1_15' title="bbox 276 1594 1836 1669">
     <span class='ocr_line' id='line_1_15' title="bbox 276 1594 1836 1669; baseline -0.001 -17"><span class='ocrx_word' id='word_1_105' title='bbox 276 1598 516 1668; x_wconf 70' lang='grc' dir='ltr'>αἰσθητῶν</span> <span class='ocrx_word' id='word_1_106' title='bbox 550 1597 899 1667; x_wconf 81' lang='grc' dir='ltr'>ἐπονομάζοι·</span> <span class='ocrx_word' id='word_1_107' title='bbox 927 1594 1116 1666; x_wconf 75' lang='grc' dir='ltr'>[δεῖται</span> <span class='ocrx_word' id='word_1_108' title='bbox 1141 1597 1249 1667; x_wconf 74' lang='grc' dir='ltr'>γὰρ</span> <span class='ocrx_word' id='word_1_109' title='bbox 1274 1596 1508 1660; x_wconf 74' lang='grc' dir='ltr'>οὐδενὸς,</span> <span class='ocrx_word' id='word_1_110' title='bbox 1539 1596 1656 1650; x_wconf 79' lang='grc' dir='ltr'>οὐδὲ</span> <span class='ocrx_word' id='word_1_111' title='bbox 1685 1598 1836 1669; x_wconf 79' lang='grc' dir='ltr'>παρᾶ</span> 
     </span>
    </p>
   </div>
   <div class='ocr_carea' id='block_1_16' title="bbox 276 1687 1837 1761">
    <p class='ocr_par' dir='ltr' id='par_1_16' title="bbox 276 1687 1837 1761">
     <span class='ocr_line' id='line_1_16' title="bbox 276 1687 1837 1761; baseline -0.003 -18"><span class='ocrx_word' id='word_1_112' title='bbox 276 1693 362 1742; x_wconf 76' lang='grc' dir='ltr'><strong>τῶν</strong></span> <span class='ocrx_word' id='word_1_113' title='bbox 400 1690 724 1761; x_wconf 77' lang='grc' dir='ltr'>κρειττόνων</span> <span class='ocrx_word' id='word_1_114' title='bbox 772 1690 912 1759; x_wconf 71' lang='grc' dir='ltr'>ἤπερ</span> <span class='ocrx_word' id='word_1_115' title='bbox 951 1688 1061 1757; x_wconf 72' lang='grc'><strong>(48)</strong></span> <span class='ocrx_word' id='word_1_116' title='bbox 1106 1689 1294 1758; x_wconf 76' lang='grc' dir='ltr'>ἡμεῖς’</span> <span class='ocrx_word' id='word_1_117' title='bbox 1334 1687 1440 1739; x_wconf 80' lang='grc' dir='ltr'>οὐδ’</span> <span class='ocrx_word' id='word_1_118' title='bbox 1475 1687 1620 1739; x_wconf 81' lang='grc' dir='ltr'>ἔστιν</span> <span class='ocrx_word' id='word_1_119' title='bbox 1668 1687 1697 1739; x_wconf 82' lang='lat'><strong>0</strong></span> <span class='ocrx_word' id='word_1_120' title='bbox 1739 1687 1837 1759; x_wconf 83' lang='grc' dir='ltr'>τὴν</span> 
     </span>
    </p>
   </div>
   <div class='ocr_carea' id='block_1_17' title="bbox 272 1779 1836 1855">
    <p class='ocr_par' dir='ltr' id='par_1_17' title="bbox 272 1779 1836 1855">
     <span class='ocr_line' id='line_1_17' title="bbox 272 1779 1836 1855; baseline -0.003 -19"><span class='ocrx_word' id='word_1_121' title='bbox 272 1785 420 1855; x_wconf 73' lang='grc' dir='ltr'>ἀρχὴν</span> <span class='ocrx_word' id='word_1_122' title='bbox 462 1784 650 1852; x_wconf 78' lang='grc' dir='ltr'><strong>ἀνίησι</strong></span> <span class='ocrx_word' id='word_1_123' title='bbox 693 1783 764 1852; x_wconf 78' lang='grc' dir='ltr'><strong>γῆ</strong></span> <span class='ocrx_word' id='word_1_124' title='bbox 796 1781 980 1851; x_wconf 76' lang='grc' dir='ltr'>φυτὸν,</span> <span class='ocrx_word' id='word_1_125' title='bbox 1014 1781 1045 1852; x_wconf 85' lang='grc' dir='ltr'>ἣ</span> <span class='ocrx_word' id='word_1_126' title='bbox 1079 1781 1267 1851; x_wconf 75' lang='grc' dir='ltr'>τρέφει</span> <span class='ocrx_word' id='word_1_127' title='bbox 1297 1779 1454 1844; x_wconf 77' lang='grc' dir='ltr'>ζῶον,</span> <span class='ocrx_word' id='word_1_128' title='bbox 1487 1781 1519 1851; x_wconf 83' lang='grc' dir='ltr'>ἦ</span> <span class='ocrx_word' id='word_1_129' title='bbox 1548 1781 1675 1851; x_wconf 75' lang='grc' dir='ltr'>ἀὴρ,</span> <span class='ocrx_word' id='word_1_130' title='bbox 1704 1779 1732 1831; x_wconf 82' lang='grc' dir='ltr'><em>ὃ</em></span> <span class='ocrx_word' id='word_1_131' title='bbox 1763 1779 1836 1850; x_wconf 82' lang='grc' dir='ltr'>μὴ</span> 
     </span>
    </p>
   </div>
   <div class='ocr_carea' id='block_1_18' title="bbox 272 1872 1837 1949">
    <p class='ocr_par' dir='ltr' id='par_1_18' title="bbox 272 1872 1837 1949">
     <span class='ocr_line' id='line_1_18' title="bbox 272 1872 1837 1949; baseline -0.005 -18"><span class='ocrx_word' id='word_1_132' title='bbox 272 1878 365 1946; x_wconf 62' lang='lat' dir='ltr'><strong>till)</strong></span> <span class='ocrx_word' id='word_1_133' title='bbox 397 1876 529 1949; x_wconf 72' lang='grc' dir='ltr'>πρὸς</span> <span class='ocrx_word' id='word_1_134' title='bbox 561 1874 726 1929; x_wconf 69' lang='grc' dir='ltr'>αὐτόν</span> <span class='ocrx_word' id='word_1_135' title='bbox 762 1874 824 1942; x_wconf 82' lang='grc' dir='ltr'><strong>γέ</strong></span> <span class='ocrx_word' id='word_1_136' title='bbox 851 1891 903 1926; x_wconf 90' lang='grc' dir='ltr'><strong>τι</strong></span> <span class='ocrx_word' id='word_1_137' title='bbox 939 1872 1198 1945; x_wconf 70' lang='grc' dir='ltr'>μίασμαῆ</span> <span class='ocrx_word' id='word_1_138' title='bbox 1243 1875 1388 1944; x_wconf 88' lang='grc' dir='ltr'>μόνῳ</span> <span class='ocrx_word' id='word_1_139' title='bbox 1414 1873 1470 1926; x_wconf 81' lang='grc' dir='ltr'><strong>δὲ</strong></span> <span class='ocrx_word' id='word_1_140' title='bbox 1501 1872 1675 1944; x_wconf 78' lang='grc' dir='ltr'>χρῷτο</span> <span class='ocrx_word' id='word_1_141' title='bbox 1704 1875 1837 1944; x_wconf 70' lang='grc' dir='ltr'>πρὸς</span> 
     </span>
    </p>
   </div>
   <div class='ocr_carea' id='block_1_19' title="bbox 271 1964 1835 2040">
    <p class='ocr_par' dir='ltr' id='par_1_19' title="bbox 271 1964 1835 2040">
     <span class='ocr_line' id='line_1_19' title="bbox 271 1964 1835 2040; baseline -0.003 -18"><span class='ocrx_word' id='word_1_142' title='bbox 271 1971 408 2023; x_wconf 68' lang='grc' dir='ltr'>αὐτὸν</span> <span class='ocrx_word' id='word_1_143' title='bbox 447 1971 555 2021; x_wconf 71' lang='grc' dir='ltr'>αἰεὶ</span> <span class='ocrx_word' id='word_1_144' title='bbox 594 1968 677 2038; x_wconf 82' lang='grc' dir='ltr'>τῷ</span> <span class='ocrx_word' id='word_1_145' title='bbox 715 1968 981 2040; x_wconf 82' lang='grc' dir='ltr'>κρείττονι</span> <span class='ocrx_word' id='word_1_146' title='bbox 1023 1966 1183 2037; x_wconf 82' lang='grc' dir='ltr'>λόγῳ·</span> <span class='ocrx_word' id='word_1_147' title='bbox 1222 1964 1390 2037; x_wconf 80' lang='grc' dir='ltr'>[λέγω</span> <span class='ocrx_word' id='word_1_148' title='bbox 1426 1964 1482 2018; x_wconf 82' lang='grc' dir='ltr'>δὲ</span> <span class='ocrx_word' id='word_1_149' title='bbox 1515 1965 1592 2036; x_wconf 82' lang='grc' dir='ltr'>τῷ</span> <span class='ocrx_word' id='word_1_150' title='bbox 1633 1964 1708 2034; x_wconf 73' lang='grc' dir='ltr'>μὴ</span> <span class='ocrx_word' id='word_1_151' title='bbox 1748 1964 1835 2018; x_wconf 66' lang='grc' dir='ltr'><strong>διὰ</strong></span> 
     </span>
    </p>
   </div>
   <div class='ocr_carea' id='block_1_20' title="bbox 271 2040 1912 2132">
    <p class='ocr_par' dir='ltr' id='par_1_20' title="bbox 271 2040 1912 2132">
     <span class='ocr_line' id='line_1_20' title="bbox 271 2040 1912 2132; baseline -0.004 -18"><span class='ocrx_word' id='word_1_152' title='bbox 271 2061 508 2132; x_wconf 75' lang='grc' dir='ltr'>πόματος</span> <span class='ocrx_word' id='word_1_153' title='bbox 557 2060 692 2112; x_wconf 83' lang='grc' dir='ltr'>ίόντι</span> <span class='ocrx_word' id='word_1_154' title='bbox 735 2058 892 2129; x_wconf 74' lang='grc'><strong>(50)·]</strong></span> <span class='ocrx_word' id='word_1_155' title='bbox 940 2058 1032 2111; x_wconf 79' lang='grc' dir='ltr'><strong>καὶ</strong></span> <span class='ocrx_word' id='word_1_156' title='bbox 1069 2056 1218 2128; x_wconf 76' lang='grc' dir='ltr'>παρὰ</span> <span class='ocrx_word' id='word_1_157' title='bbox 1257 2054 1350 2109; x_wconf 91' lang='grc' dir='ltr'><strong>τοῦ</strong></span> <span class='ocrx_word' id='word_1_158' title='bbox 1401 2055 1683 2110; x_wconf 76' lang='grc' dir='ltr'>καλλίστου</span> <span class='ocrx_word' id='word_1_159' title='bbox 1724 2056 1834 2126; x_wconf 75' lang='lat'><strong>(5|)</strong></span> <span class='ocrx_word' id='word_1_160' title='bbox 1871 2040 1912 2093; x_wconf 80' lang='grc' dir='ltr'><strong>Β</strong></span> 
     </span>
    </p>
   </div>
   <div class='ocr_carea' id='block_1_21' title="bbox 267 2145 1835 2216">
    <p class='ocr_par' dir='ltr' id='par_1_21' title="bbox 267 2145 1835 2216">
     <span class='ocr_line' id='line_1_21' title="bbox 267 2145 1835 2216; baseline 0 -17"><span class='ocrx_word' id='word_1_161' title='bbox 267 2148 356 2199; x_wconf 73' lang='grc' dir='ltr'><strong>τῶν</strong></span> <span class='ocrx_word' id='word_1_162' title='bbox 377 2147 562 2209; x_wconf 81' lang='grc' dir='ltr'>ὄντων,</span> <span class='ocrx_word' id='word_1_163' title='bbox 595 2145 684 2199; x_wconf 72' lang='grc' dir='ltr'><strong>διὰ</strong></span> <span class='ocrx_word' id='word_1_164' title='bbox 713 2146 805 2198; x_wconf 81' lang='grc' dir='ltr'><strong>τοῦ</strong></span> <span class='ocrx_word' id='word_1_165' title='bbox 831 2145 1111 2199; x_wconf 72' lang='grc' dir='ltr'>καλλίστου</span> <span class='ocrx_word' id='word_1_166' title='bbox 1139 2145 1245 2198; x_wconf 86' lang='grc' dir='ltr'><strong>τῶν</strong></span> <span class='ocrx_word' id='word_1_167' title='bbox 1272 2148 1329 2198; x_wconf 82' lang='grc' dir='ltr'><strong>ἐν</strong></span> <span class='ocrx_word' id='word_1_168' title='bbox 1365 2147 1494 2216; x_wconf 82' lang='grc' dir='ltr'>ἡμῖν</span> <span class='ocrx_word' id='word_1_169' title='bbox 1527 2145 1702 2215; x_wconf 86' lang='grc' dir='ltr'>αἰτοίη</span> <span class='ocrx_word' id='word_1_170' title='bbox 1738 2147 1835 2199; x_wconf 85' lang='grc' dir='ltr'><strong>τά-</strong></span> 
     </span>
    </p>
   </div>
   <div class='ocr_carea' id='block_1_22' title="bbox 267 2235 1826 2311">
    <p class='ocr_par' dir='ltr' id='par_1_22' title="bbox 267 2235 1826 2311">
     <span class='ocr_line' id='line_1_22' title="bbox 267 2235 1826 2311; baseline -0.004 -16"><span class='ocrx_word' id='word_1_171' title='bbox 267 2242 406 2311; x_wconf 70' lang='grc' dir='ltr'>γαθά·</span> <span class='ocrx_word' id='word_1_172' title='bbox 450 2240 576 2304; x_wconf 83' lang='grc' dir='ltr'>νοῦς</span> <span class='ocrx_word' id='word_1_173' title='bbox 613 2241 670 2293; x_wconf 78' lang='grc' dir='ltr'>δέ</span> <span class='ocrx_word' id='word_1_174' title='bbox 712 2243 857 2293; x_wconf 81' lang='grc' dir='ltr'>ἐστιν</span> <span class='ocrx_word' id='word_1_175' title='bbox 904 2235 1077 2301; x_wconf 74' lang='grc' dir='ltr'>οὗτος,</span> <span class='ocrx_word' id='word_1_176' title='bbox 1108 2239 1338 2309; x_wconf 78' lang='grc' dir='ltr'>ὀργάνου</span> <span class='ocrx_word' id='word_1_177' title='bbox 1391 2238 1465 2308; x_wconf 86' lang='grc' dir='ltr'>μὴ</span> <span class='ocrx_word' id='word_1_178' title='bbox 1504 2237 1772 2308; x_wconf 88' lang='grc' dir='ltr'>δεόμενος.</span> <span class='ocrx_word' id='word_1_179' title='bbox 1809 2257 1826 2288; x_wconf 75' lang='grc' dir='ltr'><strong>ι</strong></span> 
     </span>
    </p>
   </div>
   <div class='ocr_carea' id='block_1_23' title="bbox 265 2331 1832 2402">
    <p class='ocr_par' dir='ltr' id='par_1_23' title="bbox 265 2331 1832 2402">
     <span class='ocr_line' id='line_1_23' title="bbox 265 2331 1832 2402; baseline -0.001 -17"><span class='ocrx_word' id='word_1_180' title='bbox 265 2333 452 2386; x_wconf 71' lang='grc' dir='ltr'>Οὐκοῦν</span> <span class='ocrx_word' id='word_1_181' title='bbox 494 2334 643 2386; x_wconf 81' lang='grc' dir='ltr'><strong>κατὰ</strong></span> <span class='ocrx_word' id='word_1_182' title='bbox 691 2333 860 2386; x_wconf 86' lang='grc' dir='ltr'>ταῦτα</span> <span class='ocrx_word' id='word_1_183' title='bbox 913 2332 1162 2402; x_wconf 84' lang='grc' dir='ltr'>οὐδαμῶς</span> <span class='ocrx_word' id='word_1_184' title='bbox 1203 2331 1282 2402; x_wconf 77' lang='grc' dir='ltr'><strong>τῷ</strong></span> <span class='ocrx_word' id='word_1_185' title='bbox 1346 2331 1565 2402; x_wconf 82' lang='grc' dir='ltr'>μεγάλῳ</span> <span class='ocrx_word' id='word_1_186' title='bbox 1607 2332 1701 2384; x_wconf 73' lang='grc' dir='ltr'><strong>καὶ</strong></span> <span class='ocrx_word' id='word_1_187' title='bbox 1740 2332 1832 2384; x_wconf 80' lang='grc' dir='ltr'>ἐπὶ</span> 
     </span>
    </p>
   </div>
   <div class='ocr_carea' id='block_1_24' title="bbox 266 2404 1835 2493">
    <p class='ocr_par' dir='ltr' id='par_1_24' title="bbox 266 2404 1835 2493">
     <span class='ocr_line' id='line_1_24' title="bbox 266 2404 1835 2493; baseline 0.002 -21"><span class='ocrx_word' id='word_1_188' title='bbox 266 2424 461 2476; x_wconf 65' lang='grc' dir='ltr'>πάντων</span> <span class='ocrx_word' id='word_1_189' title='bbox 495 2422 623 2493; x_wconf 86' lang='grc' dir='ltr'><strong>Θεῷ</strong></span> <span class='ocrx_word' id='word_1_190' title='bbox 658 2422 859 2476; x_wconf 81' lang='grc' dir='ltr'>θυτέον.</span> <span class='ocrx_word' id='word_1_191' title='bbox 915 2421 1130 2476; x_wconf 75' lang='grc' dir='ltr'>Τούτων</span> <span class='ocrx_word' id='word_1_192' title='bbox 1178 2404 1278 2474; x_wconf 82' lang='grc' dir='ltr'>ὦδε</span> <span class='ocrx_word' id='word_1_193' title='bbox 1326 2421 1575 2492; x_wconf 82' lang='grc' dir='ltr'>ἐχόντων,</span> <span class='ocrx_word' id='word_1_194' title='bbox 1628 2420 1725 2475; x_wconf 82' lang='grc' dir='ltr'>θέα</span> <span class='ocrx_word' id='word_1_195' title='bbox 1772 2421 1835 2492; x_wconf 81' lang='grc' dir='ltr'>δὴ</span> 
     </span>
    </p>
   </div>
   <div class='ocr_carea' id='block_1_25' title="bbox 265 2514 1837 2590">
    <p class='ocr_par' dir='ltr' id='par_1_25' title="bbox 265 2514 1837 2590">
     <span class='ocr_line' id='line_1_25' title="bbox 265 2514 1837 2590; baseline 0.001 -22"><span class='ocrx_word' id='word_1_196' title='bbox 265 2517 427 2569; x_wconf 73' lang='grc' dir='ltr'>λοιπὸν</span> <span class='ocrx_word' id='word_1_197' title='bbox 459 2522 625 2571; x_wconf 79' lang='grc' dir='ltr'>ὁποῖα</span> <span class='ocrx_word' id='word_1_198' title='bbox 671 2518 798 2590; x_wconf 78' lang='grc' dir='ltr'>περὶ</span> <span class='ocrx_word' id='word_1_199' title='bbox 827 2517 918 2570; x_wconf 87' lang='grc' dir='ltr'><strong>τοῦ</strong></span> <span class='ocrx_word' id='word_1_200' title='bbox 959 2515 1248 2581; x_wconf 78' lang='grc' dir='ltr'>ζωοθυτεῖν</span> <span class='ocrx_word' id='word_1_201' title='bbox 1275 2514 1302 2566; x_wconf 88' lang='lat'><strong>0</strong></span> <span class='ocrx_word' id='word_1_202' title='bbox 1331 2515 1593 2586; x_wconf 83' lang='grc' dir='ltr'>πρότερος</span> <span class='ocrx_word' id='word_1_203' title='bbox 1633 2518 1837 2586; x_wconf 81' lang='grc' dir='ltr'>ἱστορεῖ</span> 
     </span>
    </p>
   </div>
   <div class='ocr_carea' id='block_1_26' title="bbox 266 2607 1835 2682">
    <p class='ocr_par' dir='ltr' id='par_1_26' title="bbox 266 2607 1835 2682">
     <span class='ocr_line' id='line_1_26' title="bbox 266 2607 1835 2682; baseline 0 -22"><span class='ocrx_word' id='word_1_204' title='bbox 266 2613 624 2682; x_wconf 69' lang='grc' dir='ltr'>συγγραφεὺς,</span> <span class='ocrx_word' id='word_1_205' title='bbox 681 2611 932 2682; x_wconf 83' lang='grc' dir='ltr'>μάρτυρα</span> <span class='ocrx_word' id='word_1_206' title='bbox 987 2609 1080 2663; x_wconf 87' lang='grc' dir='ltr'><strong>τοῦ</strong></span> <span class='ocrx_word' id='word_1_207' title='bbox 1128 2609 1286 2678; x_wconf 70' lang='grc' dir='ltr'>λόγου</span> <span class='ocrx_word' id='word_1_208' title='bbox 1343 2607 1434 2661; x_wconf 79' lang='grc' dir='ltr'><strong>τὸν</strong></span> <span class='ocrx_word' id='word_1_209' title='bbox 1494 2607 1835 2680; x_wconf 79' lang='grc' dir='ltr'>Θεόφραστον</span> 
     </span>
    </p>
   </div>
   <div class='ocr_carea' id='block_1_27' title="bbox 265 2703 710 2774">
    <p class='ocr_par' dir='ltr' id='par_1_27' title="bbox 265 2703 710 2774">
     <span class='ocr_line' id='line_1_27' title="bbox 265 2703 710 2774; baseline 0.004 -22"><span class='ocrx_word' id='word_1_210' title='bbox 265 2703 514 2756; x_wconf 79' lang='grc' dir='ltr'>ἀνακαλού</span> <span class='ocrx_word' id='word_1_211' title='bbox 524 2721 595 2774; x_wconf 84' lang='grc' dir='ltr'><strong>με</strong></span> <span class='ocrx_word' id='word_1_212' title='bbox 603 2720 710 2766; x_wconf 89' lang='grc' dir='ltr'>νος.</span> 
     </span>
    </p>
   </div>
   <div class='ocr_carea' id='block_1_28' title="bbox 1860 660 1907 715">
    <p class='ocr_par' dir='ltr' id='par_1_28' title="bbox 1860 660 1907 715">
     <span class='ocr_line' id='line_1_28' title="bbox 1860 660 1907 715; baseline 0 0"><span class='ocrx_word' id='word_1_213' title='bbox 1860 660 1907 715; x_wconf 86' lang='grc' dir='ltr'><strong>Α</strong></span> 
     </span>
    </p>
   </div>
   <div class='ocr_carea' id='block_1_29' title="bbox 2519 649 2914 706">
    <p class='ocr_par' dir='ltr' id='par_1_29' title="bbox 2519 649 2914 706">
     <span class='ocr_line' id='line_1_29' title="bbox 2519 649 2914 706; baseline 0.003 -1"><span class='ocrx_word' id='word_1_214' title='bbox 2519 649 2748 705; x_wconf 85' lang='lat' dir='ltr'><strong>CAPUT</strong></span> <span class='ocrx_word' id='word_1_215' title='bbox 2780 651 2914 706; x_wconf 82' lang='lat' dir='ltr'>XIII.</span> 
     </span>
    </p>
   </div>
   <div class='ocr_carea' id='block_1_30' title="bbox 1943 763 3510 836">
    <p class='ocr_par' dir='ltr' id='par_1_30' title="bbox 1943 763 3510 836">
     <span class='ocr_line' id='line_1_30' title="bbox 1943 763 3510 836; baseline 0.004 -20"><span class='ocrx_word' id='word_1_216' title='bbox 1943 763 2162 826; x_wconf 74' lang='lat' dir='ltr'><strong>lterum,</strong></span> <span class='ocrx_word' id='word_1_217' title='bbox 2191 764 2322 816; x_wconf 83' lang='lat' dir='ltr'><strong>nihil</strong></span> <span class='ocrx_word' id='word_1_218' title='bbox 2348 781 2548 826; x_wconf 81' lang='lat' dir='ltr'><strong>eorum,</strong></span> <span class='ocrx_word' id='word_1_219' title='bbox 2605 782 2721 833; x_wconf 75' lang='lat' dir='ltr'><strong>qmc</strong></span> <span class='ocrx_word' id='word_1_220' title='bbox 2764 778 2903 819; x_wconf 81' lang='lat' dir='ltr'><strong>terra</strong></span> <span class='ocrx_word' id='word_1_221' title='bbox 2933 767 3121 836; x_wconf 84' lang='lat' dir='ltr'><strong>gignit,</strong></span> <span class='ocrx_word' id='word_1_222' title='bbox 3148 784 3354 822; x_wconf 85' lang='lat' dir='ltr'><strong>summa</strong></span> <span class='ocrx_word' id='word_1_223' title='bbox 3396 768 3510 824; x_wconf 68' lang='lat' dir='ltr'><strong>Nat-</strong></span> 
     </span>
    </p>
   </div>
   <div class='ocr_carea' id='block_1_31' title="bbox 2395 836 3042 904">
    <p class='ocr_par' dir='ltr' id='par_1_31' title="bbox 2395 836 3042 904">
     <span class='ocr_line' id='line_1_31' title="bbox 2395 836 3042 904; baseline 0.006 -17"><span class='ocrx_word' id='word_1_224' title='bbox 2395 836 2525 887; x_wconf 86' lang='lat' dir='ltr'><strong>mini</strong></span> <span class='ocrx_word' id='word_1_225' title='bbox 2557 837 2877 904; x_wconf 73' lang='lat' dir='ltr'><strong>oﬂ&#39;erendum</strong></span> <span class='ocrx_word' id='word_1_226' title='bbox 2912 855 3042 891; x_wconf 76' lang='lat' dir='ltr'><strong>esse.</strong></span> 
     </span>
    </p>
   </div>
   <div class='ocr_carea' id='block_1_32' title="bbox 2017 947 3511 1020">
    <p class='ocr_par' dir='ltr' id='par_1_32' title="bbox 2017 947 3511 1020">
     <span class='ocr_line' id='line_1_32' title="bbox 2017 947 3511 1020; baseline 0.007 -21"><span class='ocrx_word' id='word_1_227' title='bbox 2017 968 2033 999; x_wconf 84' lang='grc' dir='ltr'><strong>ι</strong></span> <span class='ocrx_word' id='word_1_228' title='bbox 2065 947 2349 1018; x_wconf 84' lang='lat' dir='ltr'><strong>Equidem,</strong></span> <span class='ocrx_word' id='word_1_229' title='bbox 2383 949 2579 1017; x_wconf 91' lang='lat' dir='ltr'><strong>inquit,</strong></span> <span class='ocrx_word' id='word_1_230' title='bbox 2616 952 2694 1004; x_wconf 92' lang='lat' dir='ltr'><strong>sic</strong></span> <span class='ocrx_word' id='word_1_231' title='bbox 2727 951 3001 1014; x_wconf 81' lang='lat' dir='ltr'><strong>existimo,</strong></span> <span class='ocrx_word' id='word_1_232' title='bbox 3038 953 3201 1020; x_wconf 86' lang='lat' dir='ltr'><strong>jnstis</strong></span> <span class='ocrx_word' id='word_1_233' title='bbox 3248 972 3372 1009; x_wconf 83' lang='lat' dir='ltr'><strong>eum</strong></span> <span class='ocrx_word' id='word_1_234' title='bbox 3416 972 3511 1010; x_wconf 83' lang='lat' dir='ltr'><strong>ve-</strong></span> 
     </span>
    </p>
   </div>
   <div class='ocr_carea' id='block_1_33' title="bbox 1938 1040 3512 1117">
    <p class='ocr_par' dir='ltr' id='par_1_33' title="bbox 1938 1040 3512 1117">
     <span class='ocr_line' id='line_1_33' title="bbox 1938 1040 3512 1117; baseline 0.006 -24"><span class='ocrx_word' id='word_1_235' title='bbox 1938 1041 2122 1109; x_wconf 84' lang='lat' dir='ltr'><strong>risque</strong></span> <span class='ocrx_word' id='word_1_236' title='bbox 2174 1040 2453 1110; x_wconf 73' lang='lat' dir='ltr'><strong>religionis</strong></span> <span class='ocrx_word' id='word_1_237' title='bbox 2483 1041 2672 1096; x_wconf 78' lang='lat' dir='ltr'><strong>ollieiis</strong></span> <span class='ocrx_word' id='word_1_238' title='bbox 2702 1041 2908 1096; x_wconf 76' lang='lat' dir='ltr'><strong>Numen</strong></span> <span class='ocrx_word' id='word_1_239' title='bbox 2945 1045 3144 1109; x_wconf 86' lang='lat' dir='ltr'><strong>colere,</strong></span> <span class='ocrx_word' id='word_1_240' title='bbox 3178 1046 3391 1116; x_wconf 85' lang='lat' dir='ltr'><strong>sibique</strong></span> <span class='ocrx_word' id='word_1_241' title='bbox 3415 1064 3512 1117; x_wconf 90' lang='lat' dir='ltr'><strong>per</strong></span> 
     </span>
    </p>
   </div>
   <div class='ocr_carea' id='block_1_34' title="bbox 1938 1132 3505 1205">
    <p class='ocr_par' dir='ltr' id='par_1_34' title="bbox 1938 1132 3505 1205">
     <span class='ocr_line' id='line_1_34' title="bbox 1938 1132 3505 1205; baseline 0.005 -20"><span class='ocrx_word' id='word_1_242' title='bbox 1938 1149 2057 1186; x_wconf 84' lang='lat' dir='ltr'><strong>sese</strong></span> <span class='ocrx_word' id='word_1_243' title='bbox 2083 1133 2378 1202; x_wconf 89' lang='lat' dir='ltr'><strong>propitium</strong></span> <span class='ocrx_word' id='word_1_244' title='bbox 2411 1132 2541 1186; x_wconf 89' lang='lat' dir='ltr'><strong>illud</strong></span> <span class='ocrx_word' id='word_1_245' title='bbox 2596 1148 2660 1187; x_wconf 92' lang='lat' dir='ltr'><strong>ac</strong></span> <span class='ocrx_word' id='word_1_246' title='bbox 2705 1137 3002 1188; x_wconf 84' lang='lat' dir='ltr'><strong>secundum</strong></span> <span class='ocrx_word' id='word_1_247' title='bbox 3039 1151 3147 1205; x_wconf 63' lang='lat' dir='ltr'><strong>prie</strong></span> <span class='ocrx_word' id='word_1_248' title='bbox 3181 1139 3390 1193; x_wconf 75' lang='lat' dir='ltr'><strong>caeteris</strong></span> <span class='ocrx_word' id='word_1_249' title='bbox 3415 1140 3505 1194; x_wconf 83' lang='lat' dir='ltr'><strong>ho-</strong></span> 
     </span>
    </p>
   </div>
   <div class='ocr_carea' id='block_1_35' title="bbox 1939 1223 3510 1300">
    <p class='ocr_par' dir='ltr' id='par_1_35' title="bbox 1939 1223 3510 1300">
     <span class='ocr_line' id='line_1_35' title="bbox 1939 1223 3510 1300; baseline 0.003 -23"><span class='ocrx_word' id='word_1_250' title='bbox 1939 1225 2177 1278; x_wconf 84' lang='lat' dir='ltr'><strong>minibus</strong></span> <span class='ocrx_word' id='word_1_251' title='bbox 2219 1223 2417 1277; x_wconf 88' lang='lat' dir='ltr'><strong>habere</strong></span> <span class='ocrx_word' id='word_1_252' title='bbox 2473 1239 2652 1294; x_wconf 85' lang='lat' dir='ltr'><strong>posse,</strong></span> <span class='ocrx_word' id='word_1_253' title='bbox 2708 1226 2752 1279; x_wconf 90' lang='lat' dir='ltr'><strong>si</strong></span> <span class='ocrx_word' id='word_1_254' title='bbox 2787 1225 2897 1280; x_wconf 89' lang='lat' dir='ltr'><strong>Deo</strong></span> <span class='ocrx_word' id='word_1_255' title='bbox 2949 1228 3168 1296; x_wconf 78' lang='lat' dir='ltr'><strong>quidem</strong></span> <span class='ocrx_word' id='word_1_256' title='bbox 3204 1229 3302 1293; x_wconf 88' lang='lat' dir='ltr'><strong>illi,</strong></span> <span class='ocrx_word' id='word_1_257' title='bbox 3347 1245 3510 1300; x_wconf 85' lang='lat' dir='ltr'><strong>quem</strong></span> 
     </span>
    </p>
   </div>
   <div class='ocr_carea' id='block_1_36' title="bbox 1938 1317 3512 1392">
    <p class='ocr_par' dir='ltr' id='par_1_36' title="bbox 1938 1317 3512 1392">
     <span class='ocr_line' id='line_1_36' title="bbox 1938 1317 3512 1392; baseline 0.007 -25"><span class='ocrx_word' id='word_1_258' title='bbox 1938 1318 2233 1386; x_wconf 85' lang='lat' dir='ltr'><strong>principem</strong></span> <span class='ocrx_word' id='word_1_259' title='bbox 2273 1317 2532 1384; x_wconf 83' lang='lat' dir='ltr'><strong>diximus,</strong></span> <span class='ocrx_word' id='word_1_260' title='bbox 2563 1317 2766 1387; x_wconf 86' lang='lat' dir='ltr'><strong>quique</strong></span> <span class='ocrx_word' id='word_1_261' title='bbox 2790 1331 2843 1372; x_wconf 85' lang='lat' dir='ltr'><strong>et</strong></span> <span class='ocrx_word' id='word_1_262' title='bbox 2883 1335 3024 1374; x_wconf 85' lang='lat' dir='ltr'>IIIIUS</span> <span class='ocrx_word' id='word_1_263' title='bbox 3045 1329 3153 1386; x_wconf 83' lang='lat' dir='ltr'><strong>est,</strong></span> <span class='ocrx_word' id='word_1_264' title='bbox 3186 1333 3238 1375; x_wconf 91' lang='lat' dir='ltr'><strong>et</strong></span> <span class='ocrx_word' id='word_1_265' title='bbox 3268 1323 3427 1392; x_wconf 80' lang='lat' dir='ltr'><strong>longo</strong></span> <span class='ocrx_word' id='word_1_266' title='bbox 3479 1340 3512 1378; x_wconf 86' lang='lat' dir='ltr'><strong>a</strong></span> 
     </span>
    </p>
   </div>
   <div class='ocr_carea' id='block_1_37' title="bbox 1941 1409 3509 1484">
    <p class='ocr_par' dir='ltr' id='par_1_37' title="bbox 1941 1409 3509 1484">
     <span class='ocr_line' id='line_1_37' title="bbox 1941 1409 3509 1484; baseline 0.005 -22"><span class='ocrx_word' id='word_1_267' title='bbox 1941 1409 2167 1478; x_wconf 84' lang='lat' dir='ltr'><strong>reliquis</strong></span> <span class='ocrx_word' id='word_1_268' title='bbox 2202 1409 2486 1463; x_wconf 86' lang='lat' dir='ltr'><strong>intervallo</strong></span> <span class='ocrx_word' id='word_1_269' title='bbox 2523 1410 2825 1478; x_wconf 85' lang='lat' dir='ltr'><strong>sejunctus,</strong></span> <span class='ocrx_word' id='word_1_270' title='bbox 2873 1413 3171 1466; x_wconf 72' lang='lat' dir='ltr'><strong>scentulum</strong></span> <span class='ocrx_word' id='word_1_271' title='bbox 3200 1430 3361 1484; x_wconf 89' lang='lat' dir='ltr'><strong>quem</strong></span> <span class='ocrx_word' id='word_1_272' title='bbox 3401 1417 3509 1470; x_wconf 90' lang='lat' dir='ltr'><strong>uti-</strong></span> 
     </span>
    </p>
   </div>
   <div class='ocr_carea' id='block_1_38' title="bbox 1937 1502 3513 1576">
    <p class='ocr_par' dir='ltr' id='par_1_38' title="bbox 1937 1502 3513 1576">
     <span class='ocr_line' id='line_1_38' title="bbox 1937 1502 3513 1576; baseline 0.006 -23"><span class='ocrx_word' id='word_1_273' title='bbox 1937 1515 2042 1570; x_wconf 88' lang='lat' dir='ltr'><strong>que</strong></span> <span class='ocrx_word' id='word_1_274' title='bbox 2072 1511 2298 1555; x_wconf 72' lang='lat' dir='ltr'><strong>caeteros</strong></span> <span class='ocrx_word' id='word_1_275' title='bbox 2327 1502 2582 1572; x_wconf 90' lang='lat' dir='ltr'><strong>cognosci</strong></span> <span class='ocrx_word' id='word_1_276' title='bbox 2608 1517 2830 1556; x_wconf 80' lang='lat' dir='ltr'><strong>necesse</strong></span> <span class='ocrx_word' id='word_1_277' title='bbox 2858 1513 2962 1566; x_wconf 74' lang='lat' dir='ltr'><strong>est,</strong></span> <span class='ocrx_word' id='word_1_278' title='bbox 2994 1505 3127 1558; x_wconf 91' lang='lat' dir='ltr'><strong>nihil</strong></span> <span class='ocrx_word' id='word_1_279' title='bbox 3150 1523 3389 1576; x_wconf 83' lang='lat' dir='ltr'><strong>unquam</strong></span> <span class='ocrx_word' id='word_1_280' title='bbox 3423 1524 3513 1562; x_wconf 90' lang='lat' dir='ltr'><strong>sa-</strong></span> 
     </span>
    </p>
   </div>
   <div class='ocr_carea' id='block_1_39' title="bbox 1936 1594 3512 1670">
    <p class='ocr_par' dir='ltr' id='par_1_39' title="bbox 1936 1594 3512 1670">
     <span class='ocr_line' id='line_1_39' title="bbox 1936 1594 3512 1670; baseline 0.004 -20"><span class='ocrx_word' id='word_1_281' title='bbox 1936 1594 2215 1659; x_wconf 78' lang='lat' dir='ltr'><strong>criﬁearit,</strong></span> <span class='ocrx_word' id='word_1_282' title='bbox 2249 1595 2426 1666; x_wconf 81' lang='lat' dir='ltr'><strong>ignem</strong></span> <span class='ocrx_word' id='word_1_283' title='bbox 2487 1610 2593 1648; x_wconf 92' lang='lat' dir='ltr'><strong>non</strong></span> <span class='ocrx_word' id='word_1_284' title='bbox 2637 1597 2966 1663; x_wconf 88' lang='lat' dir='ltr'><strong>accenderit,</strong></span> <span class='ocrx_word' id='word_1_285' title='bbox 3015 1614 3113 1652; x_wconf 91' lang='lat' dir='ltr'><strong>nec</strong></span> <span class='ocrx_word' id='word_1_286' title='bbox 3143 1615 3357 1664; x_wconf 90' lang='lat' dir='ltr'><strong>eorum,</strong></span> <span class='ocrx_word' id='word_1_287' title='bbox 3388 1617 3512 1670; x_wconf 74' lang='lat' dir='ltr'><strong>qua:</strong></span> 
     </span>
    </p>
   </div>
   <div class='ocr_carea' id='block_1_40' title="bbox 1938 1687 3514 1759">
    <p class='ocr_par' dir='ltr' id='par_1_40' title="bbox 1938 1687 3514 1759">
     <span class='ocr_line' id='line_1_40' title="bbox 1938 1687 3514 1759; baseline 0.003 -19"><span class='ocrx_word' id='word_1_288' title='bbox 1938 1687 2192 1740; x_wconf 86' lang='lat' dir='ltr'><strong>sensibus</strong></span> <span class='ocrx_word' id='word_1_289' title='bbox 2228 1697 2580 1758; x_wconf 90' lang='lat' dir='ltr'><strong>usurpantur,</strong></span> <span class='ocrx_word' id='word_1_290' title='bbox 2637 1687 2933 1759; x_wconf 86' lang='lat' dir='ltr'><strong>quidquam</strong></span> <span class='ocrx_word' id='word_1_291' title='bbox 2987 1690 3144 1759; x_wconf 90' lang='lat' dir='ltr'><strong>plane</strong></span> <span class='ocrx_word' id='word_1_292' title='bbox 3175 1693 3514 1746; x_wconf 80' lang='lat' dir='ltr'><strong>consecrarit</strong></span> 
     </span>
    </p>
   </div>
   <div class='ocr_carea' id='block_1_41' title="bbox 1938 1779 3510 1850">
    <p class='ocr_par' dir='ltr' id='par_1_41' title="bbox 1938 1779 3510 1850">
     <span class='ocr_line' id='line_1_41' title="bbox 1938 1779 3510 1850; baseline 0.004 -19"><span class='ocrx_word' id='word_1_293' title='bbox 1938 1780 2147 1849; x_wconf 89' lang='lat' dir='ltr'><strong>(utpote</strong></span> <span class='ocrx_word' id='word_1_294' title='bbox 2177 1780 2269 1848; x_wconf 90' lang='lat' dir='ltr'><strong>qui</strong></span> <span class='ocrx_word' id='word_1_295' title='bbox 2311 1780 2388 1833; x_wconf 87' lang='lat' dir='ltr'><strong>rei</strong></span> <span class='ocrx_word' id='word_1_296' title='bbox 2425 1779 2627 1834; x_wconf 90' lang='lat' dir='ltr'><strong>nullius</strong></span> <span class='ocrx_word' id='word_1_297' title='bbox 2662 1780 2920 1850; x_wconf 84' lang='lat' dir='ltr'><strong>indigeat,</strong></span> <span class='ocrx_word' id='word_1_298' title='bbox 2962 1798 3069 1835; x_wconf 88' lang='lat' dir='ltr'><strong>non</strong></span> <span class='ocrx_word' id='word_1_299' title='bbox 3096 1783 3258 1837; x_wconf 91' lang='lat' dir='ltr'><strong>modo</strong></span> <span class='ocrx_word' id='word_1_300' title='bbox 3289 1794 3510 1846; x_wconf 61' lang='lat' dir='ltr'><strong>nostra),</strong></span> 
     </span>
    </p>
   </div>
   <div class='ocr_carea' id='block_1_42' title="bbox 1938 1872 3514 1942">
    <p class='ocr_par' dir='ltr' id='par_1_42' title="bbox 1938 1872 3514 1942">
     <span class='ocr_line' id='line_1_42' title="bbox 1938 1872 3514 1942; baseline 0.004 -17"><span class='ocrx_word' id='word_1_301' title='bbox 1938 1872 2030 1925; x_wconf 90' lang='lat' dir='ltr'><strong>sed</strong></span> <span class='ocrx_word' id='word_1_302' title='bbox 2065 1887 2160 1925; x_wconf 91' lang='lat' dir='ltr'><strong>nec</strong></span> <span class='ocrx_word' id='word_1_303' title='bbox 2188 1887 2401 1926; x_wconf 38' lang='lat' dir='ltr'><strong>eorum!</strong></span> <span class='ocrx_word' id='word_1_304' title='bbox 2432 1872 2619 1936; x_wconf 88' lang='lat' dir='ltr'><strong>etiam,</strong></span> <span class='ocrx_word' id='word_1_305' title='bbox 2660 1887 2690 1925; x_wconf 90' lang='lat' dir='ltr'><strong>a</strong></span> <span class='ocrx_word' id='word_1_306' title='bbox 2717 1872 2917 1941; x_wconf 86' lang='lat' dir='ltr'><strong>quibus</strong></span> <span class='ocrx_word' id='word_1_307' title='bbox 2951 1873 3246 1942; x_wconf 88' lang='lat' dir='ltr'><strong>plurimum</strong></span> <span class='ocrx_word' id='word_1_308' title='bbox 3303 1887 3514 1930; x_wconf 74' lang='lat' dir='ltr'><strong>natura:</strong></span> 
     </span>
    </p>
   </div>
   <div class='ocr_carea' id='block_1_43' title="bbox 1938 1961 3511 2034">
    <p class='ocr_par' dir='ltr' id='par_1_43' title="bbox 1938 1961 3511 2034">
     <span class='ocr_line' id='line_1_43' title="bbox 1938 1961 3511 2034; baseline 0.006 -19"><span class='ocrx_word' id='word_1_309' title='bbox 1938 1961 2200 2032; x_wconf 85' lang='lat' dir='ltr'><strong>dignitate</strong></span> <span class='ocrx_word' id='word_1_310' title='bbox 2229 1980 2551 2034; x_wconf 85' lang='lat' dir='ltr'><strong>superamur</strong></span> <span class='ocrx_word' id='word_1_311' title='bbox 2585 1981 2598 2016; x_wconf 89' lang='lat'><strong><em>:</em></strong></span> <span class='ocrx_word' id='word_1_312' title='bbox 2632 1981 2866 2034; x_wconf 86' lang='lat' dir='ltr'><strong>cumque</strong></span> <span class='ocrx_word' id='word_1_313' title='bbox 2893 1967 3026 2022; x_wconf 88' lang='lat' dir='ltr'><strong>adeo</strong></span> <span class='ocrx_word' id='word_1_314' title='bbox 3061 1968 3193 2022; x_wconf 85' lang='lat' dir='ltr'><strong>nihil</strong></span> <span class='ocrx_word' id='word_1_315' title='bbox 3223 1970 3292 2023; x_wconf 87' lang='lat' dir='ltr'><strong>sit</strong></span> <span class='ocrx_word' id='word_1_316' title='bbox 3319 1985 3511 2024; x_wconf 87' lang='lat' dir='ltr'><strong>eorum</strong></span> 
     </span>
    </p>
   </div>
   <div class='ocr_carea' id='block_1_44' title="bbox 1939 2058 3510 2129">
    <p class='ocr_par' dir='ltr' id='par_1_44' title="bbox 1939 2058 3510 2129">
     <span class='ocr_line' id='line_1_44' title="bbox 1939 2058 3510 2129; baseline 0.005 -21"><span class='ocrx_word' id='word_1_317' title='bbox 1939 2058 2303 2125; x_wconf 74' lang='lat' dir='ltr'><strong>quaeaterra&#39;</strong></span> <span class='ocrx_word' id='word_1_318' title='bbox 2328 2058 2410 2111; x_wconf 84' lang='lat' dir='ltr'><strong>vel</strong></span> <span class='ocrx_word' id='word_1_319' title='bbox 2467 2073 2592 2113; x_wconf 86' lang='lat' dir='ltr'><strong>aere</strong></span> <span class='ocrx_word' id='word_1_320' title='bbox 2640 2075 2860 2129; x_wconf 89' lang='lat' dir='ltr'><strong>quoquo</strong></span> <span class='ocrx_word' id='word_1_321' title='bbox 2921 2061 3084 2114; x_wconf 89' lang='lat' dir='ltr'><strong>modo</strong></span> <span class='ocrx_word' id='word_1_322' title='bbox 3133 2072 3510 2128; x_wconf 86' lang='lat' dir='ltr'><strong>procreentur,</strong></span> 
     </span>
    </p>
   </div>
   <div class='ocr_carea' id='block_1_45' title="bbox 1939 2147 3512 2219">
    <p class='ocr_par' dir='ltr' id='par_1_45' title="bbox 1939 2147 3512 2219">
     <span class='ocr_line' id='line_1_45' title="bbox 1939 2147 3512 2219; baseline 0.002 -19"><span class='ocrx_word' id='word_1_323' title='bbox 1939 2147 2252 2217; x_wconf 82' lang='lat' dir='ltr'><strong>animalque</strong></span> <span class='ocrx_word' id='word_1_324' title='bbox 2304 2147 2538 2210; x_wconf 89' lang='lat' dir='ltr'><strong>nullum,</strong></span> <span class='ocrx_word' id='word_1_325' title='bbox 2591 2149 2659 2203; x_wconf 88' lang='lat' dir='ltr'><strong>ab</strong></span> <span class='ocrx_word' id='word_1_326' title='bbox 2689 2160 2921 2219; x_wconf 86' lang='lat' dir='ltr'><strong>utroque</strong></span> <span class='ocrx_word' id='word_1_327' title='bbox 2947 2149 3230 2209; x_wconf 88' lang='lat' dir='ltr'><strong>nutritum,</strong></span> <span class='ocrx_word' id='word_1_328' title='bbox 3262 2149 3428 2218; x_wconf 93' lang='lat' dir='ltr'><strong>quod,</strong></span> <span class='ocrx_word' id='word_1_329' title='bbox 3464 2151 3512 2204; x_wconf 77' lang='lat' dir='ltr'><strong>si</strong></span> 
     </span>
    </p>
   </div>
   <div class='ocr_carea' id='block_1_46' title="bbox 1939 2239 3509 2310">
    <p class='ocr_par' dir='ltr' id='par_1_46' title="bbox 1939 2239 3509 2310">
     <span class='ocr_line' id='line_1_46' title="bbox 1939 2239 3509 2310; baseline 0.002 -17"><span class='ocrx_word' id='word_1_330' title='bbox 1939 2240 2074 2294; x_wconf 86' lang='lat' dir='ltr'><strong>tanti</strong></span> <span class='ocrx_word' id='word_1_331' title='bbox 2103 2249 2352 2295; x_wconf 87' lang='lat' dir='ltr'><strong>naturam</strong></span> <span class='ocrx_word' id='word_1_332' title='bbox 2387 2239 2638 2295; x_wconf 85' lang='lat' dir='ltr'><strong>Numinis</strong></span> <span class='ocrx_word' id='word_1_333' title='bbox 2691 2242 3056 2306; x_wconf 84' lang='lat' dir='ltr'><strong>attendamus,</strong></span> <span class='ocrx_word' id='word_1_334' title='bbox 3101 2258 3210 2297; x_wconf 90' lang='lat' dir='ltr'><strong>non</strong></span> <span class='ocrx_word' id='word_1_335' title='bbox 3249 2241 3386 2296; x_wconf 83' lang='lat' dir='ltr'><strong>labis</strong></span> <span class='ocrx_word' id='word_1_336' title='bbox 3415 2257 3509 2310; x_wconf 82' lang='lat' dir='ltr'><strong>ge-</strong></span> 
     </span>
    </p>
   </div>
   <div class='ocr_carea' id='block_1_47' title="bbox 1938 2331 3514 2402">
    <p class='ocr_par' dir='ltr' id='par_1_47' title="bbox 1938 2331 3514 2402">
     <span class='ocr_line' id='line_1_47' title="bbox 1938 2331 3514 2402; baseline 0 -17"><span class='ocrx_word' id='word_1_337' title='bbox 1938 2347 2043 2387; x_wconf 89' lang='lat' dir='ltr'><strong>nus</strong></span> <span class='ocrx_word' id='word_1_338' title='bbox 2076 2332 2296 2402; x_wconf 83' lang='lat' dir='ltr'><strong>aliquod</strong></span> <span class='ocrx_word' id='word_1_339' title='bbox 2320 2333 2607 2402; x_wconf 87' lang='lat' dir='ltr'><strong>videatur),</strong></span> <span class='ocrx_word' id='word_1_340' title='bbox 2668 2333 2761 2387; x_wconf 87' lang='lat' dir='ltr'><strong>sed</strong></span> <span class='ocrx_word' id='word_1_341' title='bbox 2819 2342 3028 2387; x_wconf 86' lang='lat' dir='ltr'><strong>tantum</strong></span> <span class='ocrx_word' id='word_1_342' title='bbox 3054 2331 3406 2388; x_wconf 75' lang='lat' dir='ltr'><strong>excellentem</strong></span> <span class='ocrx_word' id='word_1_343' title='bbox 3448 2331 3514 2385; x_wconf 82' lang='lat' dir='ltr'><strong>il-</strong></span> 
     </span>
    </p>
   </div>
   <div class='ocr_carea' id='block_1_48' title="bbox 1937 2424 3514 2496">
    <p class='ocr_par' dir='ltr' id='par_1_48' title="bbox 1937 2424 3514 2496">
     <span class='ocr_line' id='line_1_48' title="bbox 1937 2424 3514 2496; baseline -0.001 -17"><span class='ocrx_word' id='word_1_344' title='bbox 1937 2425 2043 2479; x_wconf 89' lang='lat' dir='ltr'><strong>lam</strong></span> <span class='ocrx_word' id='word_1_345' title='bbox 2069 2439 2132 2480; x_wconf 89' lang='lat' dir='ltr'><strong>ac</strong></span> <span class='ocrx_word' id='word_1_346' title='bbox 2160 2435 2504 2495; x_wconf 70' lang='lat' dir='ltr'><strong>prrestantem</strong></span> <span class='ocrx_word' id='word_1_347' title='bbox 2539 2427 2842 2482; x_wconf 81' lang='lat' dir='ltr'><strong>orationem</strong></span> <span class='ocrx_word' id='word_1_348' title='bbox 2899 2429 2947 2480; x_wconf 92' lang='lat' dir='ltr'><strong>ei</strong></span> <span class='ocrx_word' id='word_1_349' title='bbox 3000 2441 3215 2496; x_wconf 88' lang='lat' dir='ltr'><strong>semper</strong></span> <span class='ocrx_word' id='word_1_350' title='bbox 3255 2424 3514 2479; x_wconf 83' lang='lat' dir='ltr'><strong>obtulerit</strong></span> 
     </span>
    </p>
   </div>
   <div class='ocr_carea' id='block_1_49' title="bbox 1939 2517 3515 2589">
    <p class='ocr_par' dir='ltr' id='par_1_49' title="bbox 1939 2517 3515 2589">
     <span class='ocr_line' id='line_1_49' title="bbox 1939 2517 3515 2589; baseline 0.001 -19"><span class='ocrx_word' id='word_1_351' title='bbox 1939 2521 2082 2586; x_wconf 91' lang='lat' dir='ltr'><strong>(eam</strong></span> <span class='ocrx_word' id='word_1_352' title='bbox 2117 2530 2297 2572; x_wconf 89' lang='lat' dir='ltr'><strong>autem</strong></span> <span class='ocrx_word' id='word_1_353' title='bbox 2337 2519 2594 2589; x_wconf 76' lang='lat' dir='ltr'><strong>intelligo,</strong></span> <span class='ocrx_word' id='word_1_354' title='bbox 2635 2536 2755 2589; x_wconf 77' lang='lat' dir='ltr'><strong>quae</strong></span> <span class='ocrx_word' id='word_1_355' title='bbox 2786 2535 3130 2589; x_wconf 87' lang='lat' dir='ltr'><strong>nequaquam</strong></span> <span class='ocrx_word' id='word_1_356' title='bbox 3176 2535 3270 2572; x_wconf 89' lang='lat' dir='ltr'><strong>ore</strong></span> <span class='ocrx_word' id='word_1_357' title='bbox 3302 2517 3515 2588; x_wconf 83' lang='lat' dir='ltr'><strong>profer-</strong></span> 
     </span>
    </p>
   </div>
   <div class='ocr_carea' id='block_1_50' title="bbox 1937 2610 3511 2682">
    <p class='ocr_par' dir='ltr' id='par_1_50' title="bbox 1937 2610 3511 2682">
     <span class='ocr_line' id='line_1_50' title="bbox 1937 2610 3511 2682; baseline 0.001 -18"><span class='ocrx_word' id='word_1_358' title='bbox 1937 2610 2069 2681; x_wconf 88' lang='lat' dir='ltr'><strong>tur),</strong></span> <span class='ocrx_word' id='word_1_359' title='bbox 2105 2621 2266 2681; x_wconf 87' lang='lat' dir='ltr'><strong>atque</strong></span> <span class='ocrx_word' id='word_1_360' title='bbox 2297 2612 2364 2665; x_wconf 88' lang='lat' dir='ltr'><strong>ab</strong></span> <span class='ocrx_word' id='word_1_361' title='bbox 2388 2627 2473 2677; x_wconf 89' lang='lat' dir='ltr'><strong>eo,</strong></span> <span class='ocrx_word' id='word_1_362' title='bbox 2509 2613 2604 2682; x_wconf 90' lang='lat' dir='ltr'><strong>qui</strong></span> <span class='ocrx_word' id='word_1_363' title='bbox 2631 2629 2812 2670; x_wconf 89' lang='lat' dir='ltr'><strong>rerum</strong></span> <span class='ocrx_word' id='word_1_364' title='bbox 2853 2613 3098 2668; x_wconf 90' lang='lat' dir='ltr'><strong>omnium</strong></span> <span class='ocrx_word' id='word_1_365' title='bbox 3128 2622 3210 2666; x_wconf 89' lang='lat' dir='ltr'><strong>est</strong></span> <span class='ocrx_word' id='word_1_366' title='bbox 3247 2611 3511 2682; x_wconf 83' lang='lat' dir='ltr'><strong>optimus,</strong></span> 
     </span>
    </p>
   </div>
   <div class='ocr_carea' id='block_1_51' title="bbox 1937 2702 3513 2774">
    <p class='ocr_par' dir='ltr' id='par_1_51' title="bbox 1937 2702 3513 2774">
     <span class='ocr_line' id='line_1_51' title="bbox 1937 2702 3513 2774; baseline -0.003 -18"><span class='ocrx_word' id='word_1_367' title='bbox 1937 2717 2002 2756; x_wconf 82' lang='lat' dir='ltr'><strong>eo</strong></span> <span class='ocrx_word' id='word_1_368' title='bbox 2024 2703 2166 2771; x_wconf 89' lang='lat' dir='ltr'><strong>quod</strong></span> <span class='ocrx_word' id='word_1_369' title='bbox 2198 2702 2448 2757; x_wconf 87' lang='lat' dir='ltr'><strong>similiter</strong></span> <span class='ocrx_word' id='word_1_370' title='bbox 2480 2704 2534 2756; x_wconf 93' lang='lat' dir='ltr'><strong>in</strong></span> <span class='ocrx_word' id='word_1_371' title='bbox 2587 2704 2745 2759; x_wconf 91' lang='lat' dir='ltr'><strong>nobis</strong></span> <span class='ocrx_word' id='word_1_372' title='bbox 2790 2703 3056 2774; x_wconf 89' lang='lat' dir='ltr'><strong>optimum</strong></span> <span class='ocrx_word' id='word_1_373' title='bbox 3084 2711 3167 2756; x_wconf 88' lang='lat' dir='ltr'><strong>est</strong></span> <span class='ocrx_word' id='word_1_374' title='bbox 3197 2702 3513 2770; x_wconf 81' lang='lat' dir='ltr'><strong>interprete,</strong></span> 
     </span>
    </p>
   </div>
   <div class='ocr_carea' id='block_1_52' title="bbox 264 2792 3513 2865">
    <p class='ocr_par' dir='ltr' id='par_1_52' title="bbox 264 2792 3513 2865">
     <span class='ocr_line' id='line_1_52' title="bbox 264 2792 3513 2865; baseline -0.002 -12"><span class='ocrx_word' id='word_1_375' title='bbox 264 2797 390 2853; x_wconf 82' lang='lat' dir='ltr'><strong>bona</strong></span> <span class='ocrx_word' id='word_1_376' title='bbox 425 2797 737 2864; x_wconf 88' lang='lat' dir='ltr'><strong>postularit.</strong></span> <span class='ocrx_word' id='word_1_377' title='bbox 773 2794 904 2848; x_wconf 87' lang='lat' dir='ltr'><strong>Illud</strong></span> <span class='ocrx_word' id='word_1_378' title='bbox 941 2804 1118 2848; x_wconf 89' lang='lat' dir='ltr'><strong>autem</strong></span> <span class='ocrx_word' id='word_1_379' title='bbox 1155 2810 1308 2848; x_wconf 83' lang='lat' dir='ltr'><strong>mens</strong></span> <span class='ocrx_word' id='word_1_380' title='bbox 1332 2805 1434 2857; x_wconf 88' lang='lat' dir='ltr'><strong>est,</strong></span> <span class='ocrx_word' id='word_1_381' title='bbox 1489 2811 1610 2865; x_wconf 75' lang='lat' dir='ltr'><strong>quae</strong></span> <span class='ocrx_word' id='word_1_382' title='bbox 1665 2796 1866 2850; x_wconf 90' lang='lat' dir='ltr'><strong>nullius</strong></span> <span class='ocrx_word' id='word_1_383' title='bbox 1905 2811 2124 2864; x_wconf 86' lang='lat' dir='ltr'><strong>operam</strong></span> <span class='ocrx_word' id='word_1_384' title='bbox 2168 2795 2515 2850; x_wconf 87' lang='lat' dir='ltr'><strong>instrumenti</strong></span> <span class='ocrx_word' id='word_1_385' title='bbox 2559 2796 2848 2851; x_wconf 85' lang='lat' dir='ltr'><strong>desiderat.</strong></span> <span class='ocrx_word' id='word_1_386' title='bbox 2881 2808 2897 2838; x_wconf 75' lang='grc' dir='ltr'><strong>ι</strong></span> <span class='ocrx_word' id='word_1_387' title='bbox 2931 2793 3057 2849; x_wconf 61' lang='lat' dir='ltr'><strong>Haec</strong></span> <span class='ocrx_word' id='word_1_388' title='bbox 3105 2794 3267 2864; x_wconf 81' lang='lat' dir='ltr'><strong>igitur</strong></span> <span class='ocrx_word' id='word_1_389' title='bbox 3290 2795 3334 2848; x_wconf 90' lang='lat' dir='ltr'><strong>si</strong></span> <span class='ocrx_word' id='word_1_390' title='bbox 3357 2792 3513 2848; x_wconf 88' lang='lat' dir='ltr'><strong>audi-</strong></span> 
     </span>
    </p>
   </div>
   <div class='ocr_carea' id='block_1_53' title="bbox 264 2887 2977 2960">
    <p class='ocr_par' dir='ltr' id='par_1_53' title="bbox 264 2887 2977 2960">
     <span class='ocr_line' id='line_1_53' title="bbox 264 2887 2977 2960; baseline -0 -17"><span class='ocrx_word' id='word_1_391' title='bbox 264 2907 392 2954; x_wconf 85' lang='lat' dir='ltr'><strong>mus,</strong></span> <span class='ocrx_word' id='word_1_392' title='bbox 429 2890 570 2944; x_wconf 88' lang='lat' dir='ltr'><strong>nihil</strong></span> <span class='ocrx_word' id='word_1_393' title='bbox 605 2890 763 2960; x_wconf 83' lang='lat' dir='ltr'><strong>plane</strong></span> <span class='ocrx_word' id='word_1_394' title='bbox 819 2903 1032 2942; x_wconf 89' lang='lat' dir='ltr'><strong>summo</strong></span> <span class='ocrx_word' id='word_1_395' title='bbox 1083 2887 1156 2942; x_wconf 89' lang='lat' dir='ltr'><strong>illi</strong></span> <span class='ocrx_word' id='word_1_396' title='bbox 1206 2903 1270 2942; x_wconf 86' lang='lat' dir='ltr'><strong>ac</strong></span> <span class='ocrx_word' id='word_1_397' title='bbox 1302 2904 1482 2942; x_wconf 89' lang='lat' dir='ltr'><strong>rerum</strong></span> <span class='ocrx_word' id='word_1_398' title='bbox 1535 2888 1780 2943; x_wconf 88' lang='lat' dir='ltr'><strong>omnium</strong></span> <span class='ocrx_word' id='word_1_399' title='bbox 1825 2890 2153 2945; x_wconf 76' lang='lat' dir='ltr'><strong>moderatori</strong></span> <span class='ocrx_word' id='word_1_400' title='bbox 2209 2888 2319 2943; x_wconf 89' lang='lat' dir='ltr'><strong>Deo</strong></span> <span class='ocrx_word' id='word_1_401' title='bbox 2407 2887 2824 2943; x_wconf 89' lang='lat' dir='ltr'><strong>sacrilicandum</strong></span> <span class='ocrx_word' id='word_1_402' title='bbox 2874 2895 2977 2943; x_wconf 90' lang='lat' dir='ltr'><strong>est.</strong></span> 
     </span>
    </p>
   </div>
   <div class='ocr_carea' id='block_1_54' title="bbox 3096 2886 3512 2952">
    <p class='ocr_par' dir='ltr' id='par_1_54' title="bbox 3096 2886 3512 2952">
     <span class='ocr_line' id='line_1_54' title="bbox 3096 2886 3512 2952; baseline -0.002 -12"><span class='ocrx_word' id='word_1_403' title='bbox 3096 2886 3227 2952; x_wconf 71' lang='lat' dir='ltr'><strong>Qua:</strong></span> <span class='ocrx_word' id='word_1_404' title='bbox 3260 2903 3382 2941; x_wconf 87' lang='lat' dir='ltr'><strong>cum</strong></span> <span class='ocrx_word' id='word_1_405' title='bbox 3438 2886 3512 2940; x_wconf 84' lang='lat' dir='ltr'><strong>ita</strong></span> 
     </span>
    </p>
   </div>
   <div class='ocr_carea' id='block_1_55' title="bbox 265 2977 3511 3052">
    <p class='ocr_par' dir='ltr' id='par_1_55' title="bbox 265 2977 3511 3052">
     <span class='ocr_line' id='line_1_55' title="bbox 265 2977 3511 3052; baseline -0.002 -15"><span class='ocrx_word' id='word_1_406' title='bbox 265 2987 380 3046; x_wconf 70' lang='lat' dir='ltr'><strong>sint,</strong></span> <span class='ocrx_word' id='word_1_407' title='bbox 407 2983 529 3036; x_wconf 77' lang='lat' dir='ltr'><strong>vide</strong></span> <span class='ocrx_word' id='word_1_408' title='bbox 591 2998 772 3052; x_wconf 86' lang='lat' dir='ltr'><strong>porro,</strong></span> <span class='ocrx_word' id='word_1_409' title='bbox 812 2980 1119 3050; x_wconf 87' lang='lat' dir='ltr'><strong>cujusmodi</strong></span> <span class='ocrx_word' id='word_1_410' title='bbox 1179 2981 1459 3049; x_wconf 76' lang='lat' dir='ltr'><strong>sint,qu:e</strong></span> <span class='ocrx_word' id='word_1_411' title='bbox 1517 2980 1583 3033; x_wconf 87' lang='lat' dir='ltr'><strong>de</strong></span> <span class='ocrx_word' id='word_1_412' title='bbox 1662 2981 2022 3037; x_wconf 86' lang='lat' dir='ltr'><strong>animantium</strong></span> <span class='ocrx_word' id='word_1_413' title='bbox 2072 2980 2355 3036; x_wconf 88' lang='lat' dir='ltr'><strong>sacriﬁciis</strong></span> <span class='ocrx_word' id='word_1_414' title='bbox 2411 2979 2561 3050; x_wconf 90' lang='lat' dir='ltr'><strong>prior</strong></span> <span class='ocrx_word' id='word_1_415' title='bbox 2616 2978 2704 3032; x_wconf 86' lang='lat' dir='ltr'><strong>ille</strong></span> <span class='ocrx_word' id='word_1_416' title='bbox 2758 2977 2994 3048; x_wconf 86' lang='lat' dir='ltr'><strong>scriptor</strong></span> <span class='ocrx_word' id='word_1_417' title='bbox 3023 2988 3434 3043; x_wconf 88' lang='lat' dir='ltr'><strong>commemorat,</strong></span> <span class='ocrx_word' id='word_1_418' title='bbox 3457 2985 3511 3032; x_wconf 88' lang='lat' dir='ltr'><strong>et</strong></span> 
     </span>
    </p>
   </div>
   <div class='ocr_carea' id='block_1_56' title="bbox 268 3073 1923 3146">
    <p class='ocr_par' dir='ltr' id='par_1_56' title="bbox 268 3073 1923 3146">
     <span class='ocr_line' id='line_1_56' title="bbox 268 3073 1923 3146; baseline -0.001 -16"><span class='ocrx_word' id='word_1_419' title='bbox 268 3076 622 3146; x_wconf 80' lang='lat' dir='ltr'><strong>Theophrasti</strong></span> <span class='ocrx_word' id='word_1_420' title='bbox 687 3073 999 3129; x_wconf 85' lang='lat' dir='ltr'><strong>testimonio</strong></span> <span class='ocrx_word' id='word_1_421' title='bbox 1055 3083 1218 3142; x_wconf 88' lang='lat' dir='ltr'><strong>atque</strong></span> <span class='ocrx_word' id='word_1_422' title='bbox 1266 3073 1588 3127; x_wconf 87' lang='lat' dir='ltr'><strong>auctoritate</strong></span> <span class='ocrx_word' id='word_1_423' title='bbox 1618 3078 1923 3129; x_wconf 83' lang='lat' dir='ltr'><strong>continuat.</strong></span> 
     </span>
    </p>
   </div>
   <div class='ocr_carea' id='block_1_57' title="bbox 789 3164 1290 3220">
    <p class='ocr_par' dir='ltr' id='par_1_57' title="bbox 789 3164 1290 3220">
     <span class='ocr_line' id='line_1_57' title="bbox 789 3164 1290 3220; baseline -0.008 0"><span class='ocrx_word' id='word_1_424' title='bbox 789 3164 1180 3220; x_wconf 78' lang='grc' dir='ltr'><strong>ΚΕΦᾹΛΑΙΟΝ</strong></span> <span class='ocrx_word' id='word_1_425' title='bbox 1215 3165 1290 3217; x_wconf 84' lang='lat' dir='ltr'><strong>IA&#39;</strong></span> 
     </span>
    </p>
   </div>
   <div class='ocr_carea' id='block_1_58' title="bbox 270 3276 1831 3350">
    <p class='ocr_par' dir='ltr' id='par_1_58' title="bbox 270 3276 1831 3350">
     <span class='ocr_line' id='line_1_58' title="bbox 270 3276 1831 3350; baseline -0.006 -14"><span class='ocrx_word' id='word_1_426' title='bbox 270 3287 379 3337; x_wconf 78' lang='grc' dir='ltr'><strong>Ὅτι</strong></span> <span class='ocrx_word' id='word_1_427' title='bbox 410 3281 767 3350; x_wconf 78' lang='grc' dir='ltr'>παράνομόν</span> <span class='ocrx_word' id='word_1_428' title='bbox 789 3279 943 3350; x_wconf 74' lang='grc' dir='ltr'>ἐστι,</span> <span class='ocrx_word' id='word_1_429' title='bbox 968 3276 1063 3350; x_wconf 62' lang='grc' dir='ltr'>καὶ</span> <span class='ocrx_word' id='word_1_430' title='bbox 1085 3276 1410 3350; x_wconf 58' lang='grc' dir='ltr'>βλαϐεριξν,</span> <span class='ocrx_word' id='word_1_431' title='bbox 1439 3277 1534 3330; x_wconf 75' lang='grc' dir='ltr'>καὶ</span> <span class='ocrx_word' id='word_1_432' title='bbox 1561 3277 1831 3330; x_wconf 72' lang='grc' dir='ltr'>ἀνόσιον,</span> 
     </span>
    </p>
   </div>
   <div class='ocr_carea' id='block_1_59' title="bbox 325 3346 1838 3416">
    <p class='ocr_par' dir='ltr' id='par_1_59' title="bbox 325 3346 1838 3416">
     <span class='ocr_line' id='line_1_59' title="bbox 325 3346 1838 3416; baseline -0.007 -8"><span class='ocrx_word' id='word_1_433' title='bbox 325 3356 384 3408; x_wconf 86' lang='grc' dir='ltr'>τὸ</span> <span class='ocrx_word' id='word_1_434' title='bbox 416 3346 591 3407; x_wconf 57' lang='grc' dir='ltr'>θύειν</span> <span class='ocrx_word' id='word_1_435' title='bbox 622 3346 732 3412; x_wconf 62' lang='grc' dir='ltr'>ζῶα</span> <span class='ocrx_word' id='word_1_436' title='bbox 759 3349 936 3409; x_wconf 80' lang='grc' dir='ltr'>θεοῖο,</span> <span class='ocrx_word' id='word_1_437' title='bbox 959 3348 1052 3401; x_wconf 77' lang='grc' dir='ltr'>καὶ</span> <span class='ocrx_word' id='word_1_438' title='bbox 1087 3347 1173 3401; x_wconf 83' lang='grc' dir='ltr'>ὅτι</span> <span class='ocrx_word' id='word_1_439' title='bbox 1205 3346 1485 3416; x_wconf 74' lang='grc' dir='ltr'>κατάραις</span> <span class='ocrx_word' id='word_1_440' title='bbox 1512 3350 1838 3414; x_wconf 77' lang='grc' dir='ltr'>ὑποϐεϐλη-</span> 
     </span>
    </p>
   </div>
   <div class='ocr_carea' id='block_1_60' title="bbox 321 3427 523 3496">
    <p class='ocr_par' dir='ltr' id='par_1_60' title="bbox 321 3427 523 3496">
     <span class='ocr_line' id='line_1_60' title="bbox 321 3427 523 3496; baseline 0.005 -17"><span class='ocrx_word' id='word_1_441' title='bbox 321 3427 523 3496; x_wconf 76' lang='grc' dir='ltr'><strong>μένον.</strong></span> 
     </span>
    </p>
   </div>
   <div class='ocr_carea' id='block_1_61' title="bbox 329 3532 1834 3614">
    <p class='ocr_par' dir='ltr' id='par_1_61' title="bbox 329 3532 1834 3614">
     <span class='ocr_line' id='line_1_61' title="bbox 329 3532 1834 3614; baseline -0.005 -21"><span class='ocrx_word' id='word_1_442' title='bbox 329 3541 556 3614; x_wconf 76' lang='grc' dir='ltr'>ιῐιόρῤω</span> <span class='ocrx_word' id='word_1_443' title='bbox 575 3540 686 3613; x_wconf 68' lang='grc'><strong>(53)</strong></span> <span class='ocrx_word' id='word_1_444' title='bbox 705 3541 760 3594; x_wconf 81' lang='grc' dir='ltr'>δὲ</span> <span class='ocrx_word' id='word_1_445' title='bbox 779 3553 888 3595; x_wconf 83' lang='grc' dir='ltr'><strong>των</strong></span> <span class='ocrx_word' id='word_1_446' title='bbox 907 3539 1032 3613; x_wconf 72' lang='grc' dir='ltr'>περὶ</span> <span class='ocrx_word' id='word_1_447' title='bbox 1062 3540 1158 3600; x_wconf 76' lang='grc' dir='ltr'><strong>τὰς</strong></span> <span class='ocrx_word' id='word_1_448' title='bbox 1202 3532 1393 3597; x_wconf 77' lang='grc' dir='ltr'>θυσίας</span> <span class='ocrx_word' id='word_1_449' title='bbox 1426 3532 1688 3604; x_wconf 79' lang='grc' dir='ltr'>ἀπαρχῶν</span> <span class='ocrx_word' id='word_1_450' title='bbox 1723 3533 1834 3596; x_wconf 81' lang='grc' dir='ltr'>τοῖς</span> 
     </span>
    </p>
   </div>
   <div class='ocr_carea' id='block_1_62' title="bbox 263 3627 1835 3704">
    <p class='ocr_par' dir='ltr' id='par_1_62' title="bbox 263 3627 1835 3704">
     <span class='ocr_line' id='line_1_62' title="bbox 263 3627 1835 3704; baseline -0.003 -19"><span class='ocrx_word' id='word_1_451' title='bbox 263 3631 560 3703; x_wconf 72' lang='grc' dir='ltr'>ἀνθρώποις</span> <span class='ocrx_word' id='word_1_452' title='bbox 578 3627 1007 3704; x_wconf 80' lang='grc' dir='ltr'>προϊουσῶν</span> <span class='ocrx_word' id='word_1_453' title='bbox 1041 3628 1378 3700; x_wconf 75' lang='grc' dir='ltr'>παρανομίας</span> <span class='ocrx_word' id='word_1_454' title='bbox 1408 3627 1564 3698; x_wconf 74' lang='grc' dir='ltr'>ἡτῶν</span> <span class='ocrx_word' id='word_1_455' title='bbox 1598 3627 1835 3681; x_wconf 80' lang='grc' dir='ltr'>δεινοτά-</span> 
     </span>
    </p>
   </div>
   <div class='ocr_carea' id='block_1_63' title="bbox 265 3717 1830 3791">
    <p class='ocr_par' dir='ltr' id='par_1_63' title="bbox 265 3717 1830 3791">
     <span class='ocr_line' id='line_1_63' title="bbox 265 3717 1830 3791; baseline 0.005 -18"><span class='ocrx_word' id='word_1_456' title='bbox 265 3740 359 3773; x_wconf 79' lang='grc' dir='ltr'><strong>των</strong></span> <span class='ocrx_word' id='word_1_457' title='bbox 379 3721 641 3791; x_wconf 79' lang='grc' dir='ltr'>θυμάτων</span> <span class='ocrx_word' id='word_1_458' title='bbox 662 3718 969 3790; x_wconf 65' lang='grc' dir='ltr'>παράληψις</span> <span class='ocrx_word' id='word_1_459' title='bbox 986 3717 1282 3789; x_wconf 77' lang='grc' dir='ltr'>ἐπεισήχθη</span> <span class='ocrx_word' id='word_1_460' title='bbox 1298 3718 1578 3788; x_wconf 73' lang='grc' dir='ltr'>ὠμότητος</span> <span class='ocrx_word' id='word_1_461' title='bbox 1590 3717 1801 3788; x_wconf 83' lang='grc' dir='ltr'>πλήρης</span> <span class='ocrx_word' id='word_1_462' title='bbox 1817 3735 1830 3746; x_wconf 83' lang='grc'><strong><em>⁸</em></strong></span> 
     </span>
    </p>
   </div>
   <div class='ocr_carea' id='block_1_64' title="bbox 265 3807 1834 3880">
    <p class='ocr_par' dir='ltr' id='par_1_64' title="bbox 265 3807 1834 3880">
     <span class='ocr_line' id='line_1_64' title="bbox 265 3807 1834 3880; baseline -0.003 -16"><span class='ocrx_word' id='word_1_463' title='bbox 265 3815 332 3876; x_wconf 70' lang='grc' dir='ltr'><strong>ὡς</strong></span> <span class='ocrx_word' id='word_1_464' title='bbox 353 3813 529 3866; x_wconf 82' lang='grc' dir='ltr'>δοκεῖν</span> <span class='ocrx_word' id='word_1_465' title='bbox 550 3811 650 3874; x_wconf 82' lang='grc' dir='ltr'><strong>τὰς</strong></span> <span class='ocrx_word' id='word_1_466' title='bbox 674 3809 906 3880; x_wconf 76' lang='grc' dir='ltr'>πρόσθεν</span> <span class='ocrx_word' id='word_1_467' title='bbox 931 3811 1061 3879; x_wconf 82' lang='grc' dir='ltr'>ἡμῖν</span> <span class='ocrx_word' id='word_1_468' title='bbox 1076 3807 1421 3877; x_wconf 80' lang='grc' dir='ltr'>ἐλεγχθείσας</span> <span class='ocrx_word' id='word_1_469' title='bbox 1439 3807 1550 3877; x_wconf 79' lang='grc'><strong>(54)</strong></span> <span class='ocrx_word' id='word_1_470' title='bbox 1589 3807 1729 3879; x_wconf 80' lang='grc' dir='ltr'>ἀρὰς</span> <span class='ocrx_word' id='word_1_471' title='bbox 1741 3808 1834 3860; x_wconf 88' lang='grc' dir='ltr'><strong>νῦν</strong></span> 
     </span>
    </p>
   </div>
   <div class='ocr_carea' id='block_1_65' title="bbox 265 3897 1836 3974">
    <p class='ocr_par' dir='ltr' id='par_1_65' title="bbox 265 3897 1836 3974">
     <span class='ocr_line' id='line_1_65' title="bbox 265 3897 1836 3974; baseline -0.002 -19"><span class='ocrx_word' id='word_1_472' title='bbox 265 3904 402 3969; x_wconf 75' lang='grc' dir='ltr'>τέλος</span> <span class='ocrx_word' id='word_1_473' title='bbox 429 3903 734 3974; x_wconf 74' lang='grc' dir='ltr'>εἰληφέναι.</span> <span class='ocrx_word' id='word_1_474' title='bbox 757 3900 1073 3969; x_wconf 77' lang='grc' dir='ltr'>σφαξάντων</span> <span class='ocrx_word' id='word_1_475' title='bbox 1105 3899 1212 3952; x_wconf 84' lang='grc' dir='ltr'><strong>τῶν</strong></span> <span class='ocrx_word' id='word_1_476' title='bbox 1234 3897 1554 3970; x_wconf 74' lang='grc' dir='ltr'>ἀνθρώπων,</span> <span class='ocrx_word' id='word_1_477' title='bbox 1589 3900 1680 3951; x_wconf 79' lang='grc' dir='ltr'>καὶ</span> <span class='ocrx_word' id='word_1_478' title='bbox 1709 3900 1836 3963; x_wconf 84' lang='grc' dir='ltr'>τοὺς</span> 
     </span>
    </p>
   </div>
   <div class='ocr_carea' id='block_1_66' title="bbox 267 3988 1834 4067">
    <p class='ocr_par' dir='ltr' id='par_1_66' title="bbox 267 3988 1834 4067">
     <span class='ocr_line' id='line_1_66' title="bbox 267 3988 1834 4067; baseline -0.003 -19"><span class='ocrx_word' id='word_1_479' title='bbox 267 3999 473 4067; x_wconf 63' lang='grc' dir='ltr'>βωμοὺς</span> <span class='ocrx_word' id='word_1_480' title='bbox 522 3994 898 4065; x_wconf 64' lang='grc' dir='ltr'>αἱμαξάντων,</span> <span class='ocrx_word' id='word_1_481' title='bbox 933 3993 1025 4062; x_wconf 76' lang='grc' dir='ltr'><strong>ἀφ’</strong></span> <span class='ocrx_word' id='word_1_482' title='bbox 1061 3988 1121 4045; x_wconf 72' lang='grc' dir='ltr'>οὗ</span> <span class='ocrx_word' id='word_1_483' title='bbox 1148 3991 1322 4062; x_wconf 75' lang='grc' dir='ltr'>λιμῶν</span> <span class='ocrx_word' id='word_1_484' title='bbox 1360 4009 1421 4044; x_wconf 89' lang='grc' dir='ltr'><strong>τε</strong></span> <span class='ocrx_word' id='word_1_485' title='bbox 1455 3992 1549 4044; x_wconf 77' lang='grc' dir='ltr'>καὶ</span> <span class='ocrx_word' id='word_1_486' title='bbox 1583 3992 1834 4062; x_wconf 78' lang='grc' dir='ltr'>πολέμων</span> 
     </span>
    </p>
   </div>
   <div class='ocr_carea' id='block_1_67' title="bbox 269 4084 1835 4160">
    <p class='ocr_par' dir='ltr' id='par_1_67' title="bbox 269 4084 1835 4160">
     <span class='ocr_line' id='line_1_67' title="bbox 269 4084 1835 4160; baseline -0.003 -20"><span class='ocrx_word' id='word_1_487' title='bbox 269 4089 634 4160; x_wconf 77' lang='grc' dir='ltr'>πειραθέντες,</span> <span class='ocrx_word' id='word_1_488' title='bbox 682 4087 926 4158; x_wconf 78' lang='grc' dir='ltr'>αἱμάτων</span> <span class='ocrx_word' id='word_1_489' title='bbox 973 4084 1196 4156; x_wconf 66' lang='grc' dir='ltr'>ἥψαντο.</span> <span class='ocrx_word' id='word_1_490' title='bbox 1237 4084 1534 4156; x_wconf 78' lang='grc' dir='ltr'>Τοιγαροῦν</span> <span class='ocrx_word' id='word_1_491' title='bbox 1559 4085 1620 4138; x_wconf 86' lang='grc' dir='ltr'>τὸ</span> <span class='ocrx_word' id='word_1_492' title='bbox 1655 4085 1835 4156; x_wconf 81' lang='grc' dir='ltr'>δαιμό-</span> 
     </span>
    </p>
   </div>
   <div class='ocr_carea' id='block_1_68' title="bbox 266 4174 1832 4251">
    <p class='ocr_par' dir='ltr' id='par_1_68' title="bbox 266 4174 1832 4251">
     <span class='ocr_line' id='line_1_68' title="bbox 266 4174 1832 4251; baseline -0.004 -19"><span class='ocrx_word' id='word_1_493' title='bbox 266 4198 364 4233; x_wconf 85' lang='grc' dir='ltr'>νιον</span> <span class='ocrx_word' id='word_1_494' title='bbox 397 4180 534 4251; x_wconf 78' lang='lat'><strong>(55),</strong></span> <span class='ocrx_word' id='word_1_495' title='bbox 560 4179 634 4242; x_wconf 87' lang='grc' dir='ltr'><strong>ῶς</strong></span> <span class='ocrx_word' id='word_1_496' title='bbox 658 4195 820 4247; x_wconf 83' lang='grc' dir='ltr'>φησιν</span> <span class='ocrx_word' id='word_1_497' title='bbox 870 4179 898 4228; x_wconf 89' lang='lat'><strong>0</strong></span> <span class='ocrx_word' id='word_1_498' title='bbox 934 4176 1294 4246; x_wconf 80' lang='grc' dir='ltr'>Θεόφραστος,</span> <span class='ocrx_word' id='word_1_499' title='bbox 1324 4174 1526 4228; x_wconf 82' lang='grc' dir='ltr'>τούτων</span> <span class='ocrx_word' id='word_1_500' title='bbox 1558 4174 1832 4245; x_wconf 77' lang='grc' dir='ltr'>ἑκατέρων</span> 
     </span>
    </p>
   </div>
   <div class='ocr_carea' id='block_1_69' title="bbox 264 4267 1832 4344">
    <p class='ocr_par' dir='ltr' id='par_1_69' title="bbox 264 4267 1832 4344">
     <span class='ocr_line' id='line_1_69' title="bbox 264 4267 1832 4344; baseline -0.004 -18"><span class='ocrx_word' id='word_1_501' title='bbox 264 4275 599 4344; x_wconf 81' lang='grc' dir='ltr'>νεμεσῆσαν,</span> <span class='ocrx_word' id='word_1_502' title='bbox 640 4270 902 4324; x_wconf 78' lang='grc' dir='ltr'>ἐπιθεῖναι</span> <span class='ocrx_word' id='word_1_503' title='bbox 953 4268 1049 4340; x_wconf 80' lang='grc' dir='ltr'><strong>τὴν</strong></span> <span class='ocrx_word' id='word_1_504' title='bbox 1093 4267 1408 4340; x_wconf 81' lang='grc' dir='ltr'>πρέπουσαν</span> <span class='ocrx_word' id='word_1_505' title='bbox 1461 4268 1602 4320; x_wconf 76' lang='grc' dir='ltr'>ἔοικε</span> <span class='ocrx_word' id='word_1_506' title='bbox 1658 4285 1832 4338; x_wconf 87' lang='grc' dir='ltr'>τιμω-</span> 
     </span>
    </p>
   </div>
   <div class='ocr_carea' id='block_1_70' title="bbox 269 4359 1832 4436">
    <p class='ocr_par' dir='ltr' id='par_1_70' title="bbox 269 4359 1832 4436">
     <span class='ocr_line' id='line_1_70' title="bbox 269 4359 1832 4436; baseline -0.004 -19"><span class='ocrx_word' id='word_1_507' title='bbox 269 4369 377 4436; x_wconf 81' lang='grc' dir='ltr'>ρίαν</span> <span class='ocrx_word' id='word_1_508' title='bbox 397 4383 409 4394; x_wconf 82' lang='lat'><strong><em>°</em></strong></span> <span class='ocrx_word' id='word_1_509' title='bbox 449 4365 588 4418; x_wconf 82' lang='grc' dir='ltr'>καθὸ</span> <span class='ocrx_word' id='word_1_510' title='bbox 605 4366 652 4416; x_wconf 89' lang='grc' dir='ltr'>οἱ</span> <span class='ocrx_word' id='word_1_511' title='bbox 680 4364 775 4433; x_wconf 80' lang='grc' dir='ltr'><strong>μὲν</strong></span> <span class='ocrx_word' id='word_1_512' title='bbox 809 4361 955 4416; x_wconf 82' lang='grc' dir='ltr'>ἄθεοι</span> <span class='ocrx_word' id='word_1_513' title='bbox 986 4362 1240 4430; x_wconf 83' lang='grc' dir='ltr'>γεγόνασι</span> <span class='ocrx_word' id='word_1_514' title='bbox 1267 4361 1376 4413; x_wconf 87' lang='grc' dir='ltr'><strong>τῶν</strong></span> <span class='ocrx_word' id='word_1_515' title='bbox 1413 4359 1712 4431; x_wconf 83' lang='grc' dir='ltr'>ἀνθρώπων</span> <span class='ocrx_word' id='word_1_516' title='bbox 1732 4377 1745 4387; x_wconf 89' lang='grc'>·</span> <span class='ocrx_word' id='word_1_517' title='bbox 1784 4360 1832 4412; x_wconf 86' lang='grc' dir='ltr'>οἱ</span> 
     </span>
    </p>
   </div>
   <div class='ocr_carea' id='block_1_71' title="bbox 263 4450 1832 4530">
    <p class='ocr_par' dir='ltr' id='par_1_71' title="bbox 263 4450 1832 4530">
     <span class='ocr_line' id='line_1_71' title="bbox 263 4450 1832 4530; baseline -0.006 -18"><span class='ocrx_word' id='word_1_518' title='bbox 263 4460 312 4512; x_wconf 72' lang='grc' dir='ltr'><strong>δὲ</strong></span> <span class='ocrx_word' id='word_1_519' title='bbox 360 4459 697 4530; x_wconf 75' lang='grc' dir='ltr'>κακόφρονες</span> <span class='ocrx_word' id='word_1_520' title='bbox 744 4455 959 4527; x_wconf 77' lang='grc' dir='ltr'>μᾶλλον,</span> <span class='ocrx_word' id='word_1_521' title='bbox 986 4455 1020 4525; x_wconf 83' lang='grc' dir='ltr'>ἦ</span> <span class='ocrx_word' id='word_1_522' title='bbox 1055 4451 1306 4506; x_wconf 86' lang='grc' dir='ltr'>κακόθεοι</span> <span class='ocrx_word' id='word_1_523' title='bbox 1352 4451 1632 4523; x_wconf 81' lang='grc' dir='ltr'>λεχθέντες</span> <span class='ocrx_word' id='word_1_524' title='bbox 1673 4450 1738 4504; x_wconf 81' lang='grc' dir='ltr'><strong>ἂν</strong></span> <span class='ocrx_word' id='word_1_525' title='bbox 1775 4452 1832 4502; x_wconf 81' lang='grc' dir='ltr'>ὲν</span> 
     </span>
    </p>
   </div>
   <div class='ocr_carea' id='block_1_72' title="bbox 2519 3160 2923 3218">
    <p class='ocr_par' dir='ltr' id='par_1_72' title="bbox 2519 3160 2923 3218">
     <span class='ocr_line' id='line_1_72' title="bbox 2519 3160 2923 3218; baseline -0.002 0"><span class='ocrx_word' id='word_1_526' title='bbox 2519 3160 2748 3218; x_wconf 86' lang='lat' dir='ltr'><strong>CAPUT</strong></span> <span class='ocrx_word' id='word_1_527' title='bbox 2783 3161 2923 3217; x_wconf 83' lang='lat' dir='ltr'><strong>XIV.</strong></span> 
     </span>
    </p>
   </div>
   <div class='ocr_carea' id='block_1_73' title="bbox 1939 3277 3510 3349">
    <p class='ocr_par' dir='ltr' id='par_1_73' title="bbox 1939 3277 3510 3349">
     <span class='ocr_line' id='line_1_73' title="bbox 1939 3277 3510 3349; baseline 0 -17"><span class='ocrx_word' id='word_1_528' title='bbox 1939 3278 2209 3349; x_wconf 82' lang='lat' dir='ltr'><strong>Iniquum,</strong></span> <span class='ocrx_word' id='word_1_529' title='bbox 2255 3279 2555 3340; x_wconf 72' lang='lat' dir='ltr'><strong>exitiosum,</strong></span> <span class='ocrx_word' id='word_1_530' title='bbox 2599 3289 2646 3331; x_wconf 87' lang='lat' dir='ltr'><strong>et</strong></span> <span class='ocrx_word' id='word_1_531' title='bbox 2680 3277 2902 3349; x_wconf 81' lang='lat' dir='ltr'><strong>impium</strong></span> <span class='ocrx_word' id='word_1_532' title='bbox 2932 3294 3064 3342; x_wconf 76' lang='lat' dir='ltr'><strong>esse,</strong></span> <span class='ocrx_word' id='word_1_533' title='bbox 3100 3278 3330 3348; x_wconf 85' lang='lat' dir='ltr'><strong>adeoque</strong></span> <span class='ocrx_word' id='word_1_534' title='bbox 3375 3279 3510 3332; x_wconf 78' lang='lat' dir='ltr'><strong>diris</strong></span> 
     </span>
    </p>
   </div>
   <div class='ocr_carea' id='block_1_74' title="bbox 2172 3348 3273 3418">
    <p class='ocr_par' dir='ltr' id='par_1_74' title="bbox 2172 3348 3273 3418">
     <span class='ocr_line' id='line_1_74' title="bbox 2172 3348 3273 3418; baseline -0.001 -15"><span class='ocrx_word' id='word_1_535' title='bbox 2172 3349 2473 3414; x_wconf 75' lang='lat' dir='ltr'><strong>obnoxium,</strong></span> <span class='ocrx_word' id='word_1_536' title='bbox 2501 3349 2795 3401; x_wconf 74' lang='lat' dir='ltr'><strong>animantia</strong></span> <span class='ocrx_word' id='word_1_537' title='bbox 2825 3348 2929 3401; x_wconf 80' lang='lat' dir='ltr'><strong>diis</strong></span> <span class='ocrx_word' id='word_1_538' title='bbox 2952 3350 3273 3418; x_wconf 81' lang='lat' dir='ltr'><strong>sacriﬁcare.</strong></span> 
     </span>
    </p>
   </div>
   <div class='ocr_carea' id='block_1_75' title="bbox 2009 3507 3510 3602">
    <p class='ocr_par' dir='ltr' id='par_1_75' title="bbox 2009 3507 3510 3602">
     <span class='ocr_line' id='line_1_75' title="bbox 2009 3507 3510 3602; baseline 0.001 -21"><span class='ocrx_word' id='word_1_539' title='bbox 2009 3507 2176 3602; x_wconf 46' lang='lat'><strong>151&#39;</strong></span> <span class='ocrx_word' id='word_1_540' title='bbox 2198 3550 2214 3581; x_wconf 79' lang='grc' dir='ltr'><strong>ι</strong></span> <span class='ocrx_word' id='word_1_541' title='bbox 2244 3529 2513 3584; x_wconf 82' lang='lat' dir='ltr'><strong>Gliseente</strong></span> <span class='ocrx_word' id='word_1_542' title='bbox 2527 3527 2811 3598; x_wconf 86' lang='lat' dir='ltr'><strong>paulatim,</strong></span> <span class='ocrx_word' id='word_1_543' title='bbox 2827 3529 3022 3598; x_wconf 88' lang='lat' dir='ltr'><strong>inquit,</strong></span> <span class='ocrx_word' id='word_1_544' title='bbox 3048 3528 3100 3582; x_wconf 92' lang='lat' dir='ltr'><strong>in</strong></span> <span class='ocrx_word' id='word_1_545' title='bbox 3115 3528 3510 3584; x_wconf 89' lang='lat' dir='ltr'><strong>sacriﬁciorum</strong></span> 
     </span>
    </p>
   </div>
   <div class='ocr_carea' id='block_1_76' title="bbox 1935 3620 3508 3691">
    <p class='ocr_par' dir='ltr' id='par_1_76' title="bbox 1935 3620 3508 3691">
     <span class='ocr_line' id='line_1_76' title="bbox 1935 3620 3508 3691; baseline -0.001 -14"><span class='ocrx_word' id='word_1_546' title='bbox 1935 3639 2159 3678; x_wconf 90' lang='lat' dir='ltr'><strong>suorum</strong></span> <span class='ocrx_word' id='word_1_547' title='bbox 2194 3622 2449 3691; x_wconf 89' lang='lat' dir='ltr'><strong>primitiis</strong></span> <span class='ocrx_word' id='word_1_548' title='bbox 2481 3620 2760 3675; x_wconf 88' lang='lat' dir='ltr'><strong>hominum</strong></span> <span class='ocrx_word' id='word_1_549' title='bbox 2789 3621 3012 3686; x_wconf 86' lang='lat' dir='ltr'><strong>scelere,</strong></span> <span class='ocrx_word' id='word_1_550' title='bbox 3045 3621 3254 3675; x_wconf 86' lang='lat' dir='ltr'><strong>invecta</strong></span> <span class='ocrx_word' id='word_1_551' title='bbox 3290 3623 3508 3676; x_wconf 87' lang='lat' dir='ltr'><strong>tandem</strong></span> 
     </span>
    </p>
   </div>
   <div class='ocr_carea' id='block_1_77' title="bbox 1933 3713 3510 3785">
    <p class='ocr_par' dir='ltr' id='par_1_77' title="bbox 1933 3713 3510 3785">
     <span class='ocr_line' id='line_1_77' title="bbox 1933 3713 3510 3785; baseline -0.001 -16"><span class='ocrx_word' id='word_1_552' title='bbox 1933 3715 2537 3785; x_wconf 85' lang='lat' dir='ltr'><strong>estindignissimarum</strong></span> <span class='ocrx_word' id='word_1_553' title='bbox 2590 3715 2936 3767; x_wconf 82' lang='lat' dir='ltr'><strong>victimarum</strong></span> <span class='ocrx_word' id='word_1_554' title='bbox 2984 3713 3141 3783; x_wconf 89' lang='lat' dir='ltr'><strong>plena</strong></span> <span class='ocrx_word' id='word_1_555' title='bbox 3172 3714 3510 3768; x_wconf 86' lang='lat' dir='ltr'><strong>crudelitatis</strong></span> 
     </span>
    </p>
   </div>
   <div class='ocr_carea' id='block_1_78' title="bbox 1934 3805 3508 3878">
    <p class='ocr_par' dir='ltr' id='par_1_78' title="bbox 1934 3805 3508 3878">
     <span class='ocr_line' id='line_1_78' title="bbox 1934 3805 3508 3878; baseline -0.001 -16"><span class='ocrx_word' id='word_1_556' title='bbox 1934 3809 2238 3878; x_wconf 83' lang='lat' dir='ltr'><strong>usurpatio,</strong></span> <span class='ocrx_word' id='word_1_557' title='bbox 2293 3807 2373 3860; x_wconf 90' lang='lat' dir='ltr'><strong>sic</strong></span> <span class='ocrx_word' id='word_1_558' title='bbox 2413 3815 2473 3860; x_wconf 90' lang='lat' dir='ltr'><strong>ut</strong></span> <span class='ocrx_word' id='word_1_559' title='bbox 2529 3805 2862 3860; x_wconf 70' lang='lat' dir='ltr'><strong>denuntiata:</strong></span> <span class='ocrx_word' id='word_1_560' title='bbox 2906 3805 3065 3859; x_wconf 88' lang='lat' dir='ltr'><strong>nobis</strong></span> <span class='ocrx_word' id='word_1_561' title='bbox 3117 3813 3276 3859; x_wconf 88' lang='lat' dir='ltr'><strong>antea</strong></span> <span class='ocrx_word' id='word_1_562' title='bbox 3351 3805 3508 3869; x_wconf 68' lang='lat' dir='ltr'><strong>dirae,</strong></span> 
     </span>
    </p>
   </div>
   <div class='ocr_carea' id='block_1_79' title="bbox 1934 3899 3507 3968">
    <p class='ocr_par' dir='ltr' id='par_1_79' title="bbox 1934 3899 3507 3968">
     <span class='ocr_line' id='line_1_79' title="bbox 1934 3899 3507 3968; baseline -0.003 -12"><span class='ocrx_word' id='word_1_563' title='bbox 1934 3918 2081 3957; x_wconf 89' lang='lat' dir='ltr'><strong>nunc</strong></span> <span class='ocrx_word' id='word_1_564' title='bbox 2109 3901 2329 3955; x_wconf 89' lang='lat' dir='ltr'><strong>demum</strong></span> <span class='ocrx_word' id='word_1_565' title='bbox 2347 3901 2550 3954; x_wconf 78' lang='lat' dir='ltr'><strong>exitum</strong></span> <span class='ocrx_word' id='word_1_566' title='bbox 2577 3900 2786 3954; x_wconf 63' lang='lat' dir='ltr'><strong>sortita:</strong></span> <span class='ocrx_word' id='word_1_567' title='bbox 2809 3899 3116 3960; x_wconf 80' lang='lat' dir='ltr'><strong>videantur,</strong></span> <span class='ocrx_word' id='word_1_568' title='bbox 3151 3907 3507 3968; x_wconf 82' lang='lat' dir='ltr'><strong>posteaquam</strong></span> 
     </span>
    </p>
   </div>
   <div class='ocr_carea' id='block_1_80' title="bbox 1936 3993 3508 4062">
    <p class='ocr_par' dir='ltr' id='par_1_80' title="bbox 1936 3993 3508 4062">
     <span class='ocr_line' id='line_1_80' title="bbox 1936 3993 3508 4062; baseline -0.002 -14"><span class='ocrx_word' id='word_1_569' title='bbox 1936 3994 2182 4048; x_wconf 86' lang='lat' dir='ltr'><strong>homines</strong></span> <span class='ocrx_word' id='word_1_570' title='bbox 2205 4004 2258 4047; x_wconf 90' lang='lat' dir='ltr'><strong>et</strong></span> <span class='ocrx_word' id='word_1_571' title='bbox 2276 3993 2528 4062; x_wconf 87' lang='lat' dir='ltr'><strong>jugulare</strong></span> <span class='ocrx_word' id='word_1_572' title='bbox 2553 4004 2605 4045; x_wconf 88' lang='lat' dir='ltr'><strong>et</strong></span> <span class='ocrx_word' id='word_1_573' title='bbox 2626 4007 2751 4045; x_wconf 90' lang='lat' dir='ltr'><strong>aras</strong></span> <span class='ocrx_word' id='word_1_574' title='bbox 2782 3998 3070 4045; x_wconf 87' lang='lat' dir='ltr'><strong>cruentare</strong></span> <span class='ocrx_word' id='word_1_575' title='bbox 3093 3999 3398 4058; x_wconf 71' lang='lat' dir='ltr'><strong>cmperunt,</strong></span> <span class='ocrx_word' id='word_1_576' title='bbox 3439 4006 3508 4045; x_wconf 74' lang='lat' dir='ltr'><strong>ex</strong></span> 
     </span>
    </p>
   </div>
   <div class='ocr_carea' id='block_1_81' title="bbox 1935 4081 3506 4154">
    <p class='ocr_par' dir='ltr' id='par_1_81' title="bbox 1935 4081 3506 4154">
     <span class='ocr_line' id='line_1_81' title="bbox 1935 4081 3506 4154; baseline -0.001 -17"><span class='ocrx_word' id='word_1_577' title='bbox 1935 4101 2041 4154; x_wconf 91' lang='lat' dir='ltr'><strong>quo</strong></span> <span class='ocrx_word' id='word_1_578' title='bbox 2067 4084 2232 4138; x_wconf 89' lang='lat' dir='ltr'><strong>semel</strong></span> <span class='ocrx_word' id='word_1_579' title='bbox 2270 4081 2432 4138; x_wconf 77' lang='lat' dir='ltr'><strong>famis</strong></span> <span class='ocrx_word' id='word_1_580' title='bbox 2459 4099 2523 4138; x_wconf 90' lang='lat' dir='ltr'><strong>ac</strong></span> <span class='ocrx_word' id='word_1_581' title='bbox 2559 4083 2826 4136; x_wconf 88' lang='lat' dir='ltr'><strong>bellorum</strong></span> <span class='ocrx_word' id='word_1_582' title='bbox 2863 4081 3187 4136; x_wconf 87' lang='lat' dir='ltr'><strong>necessitate</strong></span> <span class='ocrx_word' id='word_1_583' title='bbox 3213 4083 3506 4151; x_wconf 90' lang='lat' dir='ltr'><strong>compulsi,</strong></span> 
     </span>
    </p>
   </div>
   <div class='ocr_carea' id='block_1_82' title="bbox 1934 4172 3509 4244">
    <p class='ocr_par' dir='ltr' id='par_1_82' title="bbox 1934 4172 3509 4244">
     <span class='ocr_line' id='line_1_82' title="bbox 1934 4172 3509 4244; baseline -0.002 -13"><span class='ocrx_word' id='word_1_584' title='bbox 1934 4177 2172 4232; x_wconf 63' lang='lat' dir='ltr'><strong>caedibus</strong></span> <span class='ocrx_word' id='word_1_585' title='bbox 2235 4191 2298 4230; x_wconf 85' lang='lat' dir='ltr'><strong>ac</strong></span> <span class='ocrx_word' id='word_1_586' title='bbox 2349 4175 2614 4244; x_wconf 81' lang='lat' dir='ltr'><strong>sanguine</strong></span> <span class='ocrx_word' id='word_1_587' title='bbox 2675 4190 2869 4227; x_wconf 89' lang='lat' dir='ltr'><strong>manus</strong></span> <span class='ocrx_word' id='word_1_588' title='bbox 2917 4172 3253 4228; x_wconf 84' lang='lat' dir='ltr'><strong>infecissent.</strong></span> <span class='ocrx_word' id='word_1_589' title='bbox 3318 4174 3509 4244; x_wconf 88' lang='lat' dir='ltr'><strong>Itaque</strong></span> 
     </span>
    </p>
   </div>
   <div class='ocr_carea' id='block_1_83' title="bbox 1932 4265 3503 4335">
    <p class='ocr_par' dir='ltr' id='par_1_83' title="bbox 1932 4265 3503 4335">
     <span class='ocr_line' id='line_1_83' title="bbox 1932 4265 3503 4335; baseline -0.003 -13"><span class='ocrx_word' id='word_1_590' title='bbox 1932 4268 2166 4334; x_wconf 87' lang='lat' dir='ltr'><strong>Numen,</strong></span> <span class='ocrx_word' id='word_1_591' title='bbox 2195 4279 2253 4322; x_wconf 90' lang='lat' dir='ltr'><strong>ut</strong></span> <span class='ocrx_word' id='word_1_592' title='bbox 2283 4267 2358 4320; x_wconf 90' lang='lat' dir='ltr'><strong>ait</strong></span> <span class='ocrx_word' id='word_1_593' title='bbox 2386 4265 2816 4335; x_wconf 89' lang='lat' dir='ltr'><strong>Theophrastus,</strong></span> <span class='ocrx_word' id='word_1_594' title='bbox 2842 4265 3129 4335; x_wconf 89' lang='lat' dir='ltr'><strong>utriusque</strong></span> <span class='ocrx_word' id='word_1_595' title='bbox 3148 4265 3223 4319; x_wconf 88' lang='lat' dir='ltr'><strong>rei</strong></span> <span class='ocrx_word' id='word_1_596' title='bbox 3263 4265 3503 4335; x_wconf 87' lang='lat' dir='ltr'><strong>indigni-</strong></span> 
     </span>
    </p>
   </div>
   <div class='ocr_carea' id='block_1_84' title="bbox 1932 4357 3506 4428">
    <p class='ocr_par' dir='ltr' id='par_1_84' title="bbox 1932 4357 3506 4428">
     <span class='ocr_line' id='line_1_84' title="bbox 1932 4357 3506 4428; baseline -0.001 -14"><span class='ocrx_word' id='word_1_597' title='bbox 1932 4371 2041 4415; x_wconf 89' lang='lat' dir='ltr'><strong>tate</strong></span> <span class='ocrx_word' id='word_1_598' title='bbox 2090 4369 2446 4426; x_wconf 88' lang='lat' dir='ltr'><strong>commotum,</strong></span> <span class='ocrx_word' id='word_1_599' title='bbox 2475 4357 2654 4428; x_wconf 86' lang='lat' dir='ltr'><strong>justas</strong></span> <span class='ocrx_word' id='word_1_600' title='bbox 2689 4358 2757 4411; x_wconf 89' lang='lat' dir='ltr'><strong>ab</strong></span> <span class='ocrx_word' id='word_1_601' title='bbox 2785 4358 3096 4411; x_wconf 88' lang='lat' dir='ltr'><strong>hominibus</strong></span> <span class='ocrx_word' id='word_1_602' title='bbox 3131 4373 3321 4427; x_wconf 74' lang='lat' dir='ltr'><strong>ptenas</strong></span> <span class='ocrx_word' id='word_1_603' title='bbox 3343 4373 3506 4428; x_wconf 79' lang='lat' dir='ltr'><strong>expe-</strong></span> 
     </span>
    </p>
   </div>
   <div class='ocr_carea' id='block_1_85' title="bbox 1935 4449 3507 4522">
    <p class='ocr_par' dir='ltr' id='par_1_85' title="bbox 1935 4449 3507 4522">
     <span class='ocr_line' id='line_1_85' title="bbox 1935 4449 3507 4522; baseline -0.002 -16"><span class='ocrx_word' id='word_1_604' title='bbox 1935 4453 2059 4515; x_wconf 84' lang='lat' dir='ltr'><strong>tiit;</strong></span> <span class='ocrx_word' id='word_1_605' title='bbox 2100 4451 2245 4522; x_wconf 91' lang='lat' dir='ltr'><strong>quod</strong></span> <span class='ocrx_word' id='word_1_606' title='bbox 2279 4451 2372 4504; x_wconf 88' lang='lat' dir='ltr'><strong>alii</strong></span> <span class='ocrx_word' id='word_1_607' title='bbox 2418 4450 2637 4521; x_wconf 89' lang='lat' dir='ltr'><strong>quidem</strong></span> <span class='ocrx_word' id='word_1_608' title='bbox 2689 4449 2834 4504; x_wconf 87' lang='lat' dir='ltr'><strong>athei</strong></span> <span class='ocrx_word' id='word_1_609' title='bbox 2874 4449 3208 4515; x_wconf 85' lang='lat' dir='ltr'><strong>exstiterint,</strong></span> <span class='ocrx_word' id='word_1_610' title='bbox 3238 4449 3329 4503; x_wconf 86' lang='lat' dir='ltr'><strong>alii</strong></span> <span class='ocrx_word' id='word_1_611' title='bbox 3365 4450 3507 4504; x_wconf 87' lang='lat' dir='ltr'><strong>male</strong></span> 
     </span>
    </p>
   </div>
   <div class='ocr_carea' id='block_1_86' title="bbox 265 4539 1836 4621">
    <p class='ocr_par' dir='ltr' id='par_1_86' title="bbox 265 4541 1832 4621">
     <span class='ocr_line' id='line_1_86' title="bbox 265 4541 1832 4621; baseline -0.006 -20"><span class='ocrx_word' id='word_1_612' title='bbox 265 4550 398 4621; x_wconf 78' lang='grc' dir='ltr'>δίκῃ,</span> <span class='ocrx_word' id='word_1_613' title='bbox 433 4548 524 4601; x_wconf 73' lang='grc' dir='ltr'><strong>διὰ</strong></span> <span class='ocrx_word' id='word_1_614' title='bbox 563 4547 622 4600; x_wconf 82' lang='grc' dir='ltr'><strong>τὸ</strong></span> <span class='ocrx_word' id='word_1_615' title='bbox 660 4545 892 4615; x_wconf 78' lang='grc' dir='ltr'>φαύλους</span> <span class='ocrx_word' id='word_1_616' title='bbox 916 4545 1011 4596; x_wconf 73' lang='grc' dir='ltr'><strong>καὶ</strong></span> <span class='ocrx_word' id='word_1_617' title='bbox 1040 4543 1202 4614; x_wconf 80' lang='grc' dir='ltr'>μηδὲν</span> <span class='ocrx_word' id='word_1_618' title='bbox 1235 4541 1390 4613; x_wconf 83' lang='grc' dir='ltr'>ἡμῶν</span> <span class='ocrx_word' id='word_1_619' title='bbox 1415 4541 1654 4611; x_wconf 87' lang='grc' dir='ltr'>βελτίους</span> <span class='ocrx_word' id='word_1_620' title='bbox 1691 4542 1832 4611; x_wconf 83' lang='grc' dir='ltr'><strong>ἠγεῖ-</strong></span> 
     </span>
    </p>
   </div>
   <div class='ocr_carea' id='block_1_87' title="bbox 1936 4539 3505 4621">
    <p class='ocr_par' dir='ltr' id='par_1_87' title="bbox 1936 4539 3505 4610">
     <span class='ocr_line' id='line_1_87' title="bbox 1936 4539 3505 4610; baseline -0.002 -13"><span class='ocrx_word' id='word_1_621' title='bbox 1936 4542 2230 4597; x_wconf 88' lang='lat' dir='ltr'><strong>sentientes</strong></span> <span class='ocrx_word' id='word_1_622' title='bbox 2260 4541 2442 4596; x_wconf 81' lang='lat' dir='ltr'><strong>verius</strong></span> <span class='ocrx_word' id='word_1_623' title='bbox 2479 4555 2644 4610; x_wconf 88' lang='lat' dir='ltr'><strong>quam</strong></span> <span class='ocrx_word' id='word_1_624' title='bbox 2681 4539 2736 4593; x_wconf 91' lang='lat' dir='ltr'><strong>in</strong></span> <span class='ocrx_word' id='word_1_625' title='bbox 2791 4539 2922 4594; x_wconf 87' lang='lat' dir='ltr'><strong>deos</strong></span> <span class='ocrx_word' id='word_1_626' title='bbox 2971 4539 3144 4610; x_wconf 90' lang='lat' dir='ltr'><strong>impii,</strong></span> <span class='ocrx_word' id='word_1_627' title='bbox 3174 4540 3374 4610; x_wconf 88' lang='lat' dir='ltr'><strong>quippe</strong></span> <span class='ocrx_word' id='word_1_628' title='bbox 3411 4541 3505 4610; x_wconf 86' lang='lat' dir='ltr'><strong>qui</strong></span> 
     </span>
    </p>
   </div>
   <div class='ocr_carea' id='block_1_88' title="bbox 268 4629 1830 4711">
    <p class='ocr_par' dir='ltr' id='par_1_88' title="bbox 268 4629 1830 4711">
     <span class='ocr_line' id='line_1_88' title="bbox 268 4629 1830 4711; baseline -0.004 -20"><span class='ocrx_word' id='word_1_629' title='bbox 268 4643 380 4694; x_wconf 84' lang='grc' dir='ltr'>σθαι</span> <span class='ocrx_word' id='word_1_630' title='bbox 409 4641 511 4711; x_wconf 76' lang='grc' dir='ltr'>τὴν</span> <span class='ocrx_word' id='word_1_631' title='bbox 546 4639 706 4710; x_wconf 83' lang='grc' dir='ltr'>φύσιν</span> <span class='ocrx_word' id='word_1_632' title='bbox 746 4629 882 4692; x_wconf 72' lang='grc' dir='ltr'>εἶναι</span> <span class='ocrx_word' id='word_1_633' title='bbox 915 4637 1043 4700; x_wconf 81' lang='grc' dir='ltr'>τοὺς</span> <span class='ocrx_word' id='word_1_634' title='bbox 1070 4635 1243 4700; x_wconf 75' lang='grc' dir='ltr'>θεοὺς.</span> <span class='ocrx_word' id='word_1_635' title='bbox 1282 4633 1466 4698; x_wconf 76' lang='grc' dir='ltr'>Οὕτως</span> <span class='ocrx_word' id='word_1_636' title='bbox 1496 4635 1546 4686; x_wconf 84' lang='lat' dir='ltr'><strong>0i.</strong></span> <span class='ocrx_word' id='word_1_637' title='bbox 1580 4633 1677 4704; x_wconf 79' lang='grc' dir='ltr'><strong>μὲν</strong></span> <span class='ocrx_word' id='word_1_638' title='bbox 1707 4632 1830 4688; x_wconf 80' lang='grc' dir='ltr'>ἄθυ-</span> 
     </span>
    </p>
   </div>
   <div class='ocr_carea' id='block_1_89' title="bbox 267 4725 1830 4802">
    <p class='ocr_par' dir='ltr' id='par_1_89' title="bbox 267 4725 1830 4802">
     <span class='ocr_line' id='line_1_89' title="bbox 267 4725 1830 4802; baseline -0.003 -18"><span class='ocrx_word' id='word_1_639' title='bbox 267 4750 339 4785; x_wconf 89' lang='grc' dir='ltr'><strong>τοι</strong></span> <span class='ocrx_word' id='word_1_640' title='bbox 385 4733 664 4802; x_wconf 82' lang='grc' dir='ltr'>φαίνονται</span> <span class='ocrx_word' id='word_1_641' title='bbox 696 4729 948 4798; x_wconf 78' lang='grc' dir='ltr'>γενέσθαι</span> <span class='ocrx_word' id='word_1_642' title='bbox 1001 4728 1165 4791; x_wconf 83' lang='grc' dir='ltr'>τινὲς,</span> <span class='ocrx_word' id='word_1_643' title='bbox 1225 4728 1274 4780; x_wconf 82' lang='grc' dir='ltr'>οἱ</span> <span class='ocrx_word' id='word_1_644' title='bbox 1302 4726 1358 4779; x_wconf 87' lang='grc' dir='ltr'>δὲ</span> <span class='ocrx_word' id='word_1_645' title='bbox 1393 4725 1701 4787; x_wconf 87' lang='grc' dir='ltr'>κακόθυτοι,</span> <span class='ocrx_word' id='word_1_646' title='bbox 1735 4727 1830 4779; x_wconf 72' lang='grc' dir='ltr'><strong>καὶ</strong></span> 
     </span>
    </p>
   </div>
   <div class='ocr_carea' id='block_1_90' title="bbox 267 4817 1831 4896">
    <p class='ocr_par' dir='ltr' id='par_1_90' title="bbox 267 4817 1831 4896">
     <span class='ocr_line' id='line_1_90' title="bbox 267 4817 1831 4896; baseline -0.006 -17"><span class='ocrx_word' id='word_1_647' title='bbox 267 4826 591 4896; x_wconf 82' lang='grc' dir='ltr'>παρανόμων</span> <span class='ocrx_word' id='word_1_648' title='bbox 625 4822 893 4893; x_wconf 68' lang='grc' dir='ltr'>ἁψάμενοι</span> <span class='ocrx_word' id='word_1_649' title='bbox 931 4817 1553 4892; x_wconf 80' lang='grc' dir='ltr'>θυμάτων(56).›[1ἀλιν</span> <span class='ocrx_word' id='word_1_650' title='bbox 1583 4819 1639 4872; x_wconf 83' lang='grc' dir='ltr'>δὲ</span> <span class='ocrx_word' id='word_1_651' title='bbox 1670 4822 1698 4872; x_wconf 90' lang='grc' dir='ltr'>ὁ</span> <span class='ocrx_word' id='word_1_652' title='bbox 1741 4819 1831 4871; x_wconf 84' lang='grc' dir='ltr'>αὐ-</span> 
     </span>
    </p>
   </div>
   <div class='ocr_carea' id='block_1_91' title="bbox 333 4975 1827 5054">
    <p class='ocr_par' dir='ltr' id='par_1_91' title="bbox 333 4975 1827 5054">
     <span class='ocr_line' id='line_1_91' title="bbox 333 4975 1827 5054; baseline -0.003 -18"><span class='ocrx_word' id='word_1_653' title='bbox 333 4983 441 5054; x_wconf 60' lang='grc'><strong>(47)</strong></span> <span class='ocrx_word' id='word_1_654' title='bbox 486 4982 702 5047; x_wconf 82' lang='grc' dir='ltr'>Οὕτως.</span> <span class='ocrx_word' id='word_1_655' title='bbox 744 4979 900 5035; x_wconf 89' lang='lat' dir='ltr'><strong>Ilunc</strong></span> <span class='ocrx_word' id='word_1_656' title='bbox 931 4979 1112 5034; x_wconf 88' lang='lat' dir='ltr'><strong>locum</strong></span> <span class='ocrx_word' id='word_1_657' title='bbox 1163 4978 1357 5048; x_wconf 74' lang='lat' dir='ltr'><strong>repetit</strong></span> <span class='ocrx_word' id='word_1_658' title='bbox 1401 4976 1494 5031; x_wconf 89' lang='lat' dir='ltr'><strong>lib.</strong></span> <span class='ocrx_word' id='word_1_659' title='bbox 1529 4992 1587 5030; x_wconf 90' lang='grc' dir='ltr'><strong>ιιι</strong></span> <span class='ocrx_word' id='word_1_660' title='bbox 1632 4975 1706 5030; x_wconf 85' lang='lat' dir='ltr'><strong>De</strong></span> <span class='ocrx_word' id='word_1_661' title='bbox 1735 4977 1827 5032; x_wconf 84' lang='lat' dir='ltr'><strong>de-</strong></span> 
     </span>
    </p>
   </div>
   <div class='ocr_carea' id='block_1_92' title="bbox 269 5054 1768 5189">
    <p class='ocr_par' dir='ltr' id='par_1_92' title="bbox 269 5054 1768 5189">
     <span class='ocr_line' id='line_1_92' title="bbox 269 5054 681 5114; baseline 0.002 -9"><span class='ocrx_word' id='word_1_662' title='bbox 269 5067 508 5114; x_wconf 75' lang='lat' dir='ltr'><strong>monstr.,</strong></span> <span class='ocrx_word' id='word_1_663' title='bbox 539 5070 588 5107; x_wconf 85' lang='lat' dir='ltr'><strong>c.</strong></span> <span class='ocrx_word' id='word_1_664' title='bbox 624 5054 681 5106; x_wconf 85' lang='lat'><strong>5.</strong></span> 
     </span>
     <span class='ocr_line' id='line_1_93' title="bbox 330 5116 1768 5189; baseline -0.007 -12"><span class='ocrx_word' id='word_1_665' title='bbox 330 5125 443 5189; x_wconf 67' lang='lat' dir='ltr'><strong>HS)</strong></span> <span class='ocrx_word' id='word_1_666' title='bbox 491 5125 690 5189; x_wconf 80' lang='grc' dir='ltr'>Ἦπερ,</span> <span class='ocrx_word' id='word_1_667' title='bbox 734 5120 922 5173; x_wconf 87' lang='lat' dir='ltr'><strong>Melius</strong></span> <span class='ocrx_word' id='word_1_668' title='bbox 950 5134 1111 5188; x_wconf 89' lang='lat' dir='ltr'><strong>quam</strong></span> <span class='ocrx_word' id='word_1_669' title='bbox 1146 5118 1198 5172; x_wconf 92' lang='lat' dir='ltr'><strong>in</strong></span> <span class='ocrx_word' id='word_1_670' title='bbox 1239 5116 1564 5189; x_wconf 59' lang='grc' dir='ltr'>οεζηοηειτη</span> <span class='ocrx_word' id='word_1_671' title='bbox 1593 5117 1768 5189; x_wconf 76' lang='grc' dir='ltr'>οἵπερ,</span> 
     </span>
    </p>
   </div>
   <div class='ocr_carea' id='block_1_93' title="bbox 313 5182 1826 5276">
    <p class='ocr_par' dir='ltr' id='par_1_93' title="bbox 333 5182 1826 5262">
     <span class='ocr_line' id='line_1_94' title="bbox 333 5182 1826 5262; baseline -0.003 -15"><span class='ocrx_word' id='word_1_672' title='bbox 333 5182 441 5260; x_wconf 60' lang='grc' dir='ltr'><strong>(ὢΩῇ</strong></span> <span class='ocrx_word' id='word_1_673' title='bbox 491 5197 549 5245; x_wconf 81' lang='grc' dir='ltr'><strong>’Ὀ</strong></span> <span class='ocrx_word' id='word_1_674' title='bbox 572 5182 678 5262; x_wconf 75' lang='grc' dir='ltr'><strong>μῆ.</strong></span> <span class='ocrx_word' id='word_1_675' title='bbox 722 5191 777 5244; x_wconf 88' lang='lat' dir='ltr'><strong>In</strong></span> <span class='ocrx_word' id='word_1_676' title='bbox 817 5182 1138 5254; x_wconf 78' lang='lat' dir='ltr'><strong>Demonstr.,</strong></span> <span class='ocrx_word' id='word_1_677' title='bbox 1176 5190 1253 5243; x_wconf 89' lang='lat' dir='ltr'><strong>sic</strong></span> <span class='ocrx_word' id='word_1_678' title='bbox 1303 5182 1348 5256; x_wconf 78' lang='grc' dir='ltr'>ᾧ</span> <span class='ocrx_word' id='word_1_679' title='bbox 1391 5189 1451 5240; x_wconf 78' lang='grc' dir='ltr'><strong>οὐ</strong></span> <span class='ocrx_word' id='word_1_680' title='bbox 1487 5182 1744 5256; x_wconf 72' lang='grc' dir='ltr'>πρόσεστί</span> <span class='ocrx_word' id='word_1_681' title='bbox 1774 5207 1826 5242; x_wconf 87' lang='grc' dir='ltr'><strong>τι</strong></span> 
     </span>
    </p>
   </div>
   <div class='ocr_carea' id='block_1_94' title="bbox 269 5282 1214 5403">
    <p class='ocr_par' dir='ltr' id='par_1_94' title="bbox 269 5282 1214 5403">
     <span class='ocr_line' id='line_1_95' title="bbox 269 5282 494 5335; baseline 0.004 -18"><span class='ocrx_word' id='word_1_682' title='bbox 269 5282 494 5335; x_wconf 76' lang='grc' dir='ltr'>μιασμα.</span> 
     </span>
     <span class='ocr_line' id='line_1_96' title="bbox 334 5329 1214 5403; baseline -0.002 -17"><span class='ocrx_word' id='word_1_683' title='bbox 334 5336 445 5403; x_wconf 73' lang='grc'><strong>(50)</strong></span> <span class='ocrx_word' id='word_1_684' title='bbox 500 5335 685 5387; x_wconf 80' lang='grc' dir='ltr'>Ἰόντι.</span> <span class='ocrx_word' id='word_1_685' title='bbox 727 5331 1031 5403; x_wconf 73' lang='lat' dir='ltr'><strong>Demonstr.</strong></span> <span class='ocrx_word' id='word_1_686' title='bbox 1065 5329 1214 5403; x_wconf 69' lang='grc' dir='ltr'>ἱέντι.</span> 
     </span>
    </p>
   </div>
   <div class='ocr_carea' id='block_1_95' title="bbox 334 5399 1826 5475">
    <p class='ocr_par' dir='ltr' id='par_1_95' title="bbox 334 5399 1826 5475">
     <span class='ocr_line' id='line_1_97' title="bbox 334 5399 1826 5475; baseline -0.004 -18"><span class='ocrx_word' id='word_1_687' title='bbox 334 5399 441 5475; x_wconf 76' lang='lat' dir='ltr'><strong>(5t)</strong></span> <span class='ocrx_word' id='word_1_688' title='bbox 485 5406 592 5456; x_wconf 79' lang='grc' dir='ltr'><strong>Καὶ</strong></span> <span class='ocrx_word' id='word_1_689' title='bbox 626 5402 785 5475; x_wconf 75' lang='grc' dir='ltr'>παρὰ</span> <span class='ocrx_word' id='word_1_690' title='bbox 811 5401 915 5455; x_wconf 86' lang='grc' dir='ltr'><strong>τοῦ</strong></span> <span class='ocrx_word' id='word_1_691' title='bbox 941 5400 1120 5475; x_wconf 50' lang='lat' dir='ltr'><strong>erit}.</strong></span> <span class='ocrx_word' id='word_1_692' title='bbox 1162 5400 1299 5453; x_wconf 89' lang='lat' dir='ltr'><strong>Hinc</strong></span> <span class='ocrx_word' id='word_1_693' title='bbox 1333 5399 1826 5475; x_wconf 70' lang='lat' dir='ltr'><strong>emendandumin</strong></span> 
     </span>
    </p>
   </div>
   <div class='ocr_carea' id='block_1_96' title="bbox 271 5469 1828 5542">
    <p class='ocr_par' dir='ltr' id='par_1_96' title="bbox 271 5469 1828 5542">
     <span class='ocr_line' id='line_1_98' title="bbox 271 5469 1828 5542; baseline -0.003 -16"><span class='ocrx_word' id='word_1_694' title='bbox 271 5469 588 5536; x_wconf 47' lang='lat' dir='ltr'><strong>Demo&#39;nstr”</strong></span> <span class='ocrx_word' id='word_1_695' title='bbox 622 5469 716 5528; x_wconf 81' lang='lat' dir='ltr'><strong>ubi</strong></span> <span class='ocrx_word' id='word_1_696' title='bbox 741 5473 931 5526; x_wconf 76' lang='lat' dir='ltr'><strong>vitiose</strong></span> <span class='ocrx_word' id='word_1_697' title='bbox 962 5473 1176 5540; x_wconf 81' lang='lat' dir='ltr'><strong>legitur,</strong></span> <span class='ocrx_word' id='word_1_698' title='bbox 1205 5471 1356 5542; x_wconf 78' lang='grc' dir='ltr'>παρὰ</span> <span class='ocrx_word' id='word_1_699' title='bbox 1389 5471 1464 5542; x_wconf 30' lang='grc' dir='ltr'><strong>Αδὲ</strong></span> <span class='ocrx_word' id='word_1_700' title='bbox 1506 5469 1600 5523; x_wconf 89' lang='grc' dir='ltr'><strong>τοῦ</strong></span> <span class='ocrx_word' id='word_1_701' title='bbox 1645 5470 1828 5542; x_wconf 75' lang='grc' dir='ltr'>καλλί-</span> 
     </span>
    </p>
   </div>
   <div class='ocr_carea' id='block_1_97' title="bbox 273 5539 1826 5628">
    <p class='ocr_par' dir='ltr' id='par_1_97' title="bbox 273 5539 1826 5612">
     <span class='ocr_line' id='line_1_99' title="bbox 273 5539 1826 5612; baseline -0.003 -16"><span class='ocrx_word' id='word_1_702' title='bbox 273 5561 386 5598; x_wconf 81' lang='grc' dir='ltr'>στου</span> <span class='ocrx_word' id='word_1_703' title='bbox 421 5545 526 5598; x_wconf 82' lang='grc' dir='ltr'><strong>τῶν</strong></span> <span class='ocrx_word' id='word_1_704' title='bbox 557 5546 745 5607; x_wconf 73' lang='grc' dir='ltr'>ὅντων,</span> <span class='ocrx_word' id='word_1_705' title='bbox 772 5543 858 5595; x_wconf 79' lang='grc' dir='ltr'>διὰ</span> <span class='ocrx_word' id='word_1_706' title='bbox 886 5542 979 5596; x_wconf 89' lang='grc' dir='ltr'><strong>τοῦ</strong></span> <span class='ocrx_word' id='word_1_707' title='bbox 1011 5539 1300 5595; x_wconf 78' lang='grc' dir='ltr'>καλλίστου</span> <span class='ocrx_word' id='word_1_708' title='bbox 1322 5539 1416 5594; x_wconf 88' lang='grc' dir='ltr'><strong>τοῦ</strong></span> <span class='ocrx_word' id='word_1_709' title='bbox 1447 5543 1503 5594; x_wconf 80' lang='grc' dir='ltr'><strong>ὲν</strong></span> <span class='ocrx_word' id='word_1_710' title='bbox 1532 5543 1660 5612; x_wconf 77' lang='grc' dir='ltr'>ἡμῖν</span> <span class='ocrx_word' id='word_1_711' title='bbox 1687 5540 1826 5593; x_wconf 88' lang='grc' dir='ltr'>δόντι</span> 
     </span>
    </p>
   </div>
   <div class='ocr_carea' id='block_1_98' title="bbox 279 5615 1825 5757">
    <p class='ocr_par' dir='ltr' id='par_1_98' title="bbox 279 5615 1825 5757">
     <span class='ocr_line' id='line_1_100' title="bbox 279 5615 1825 5757; baseline -0.004 -17"><span class='ocrx_word' id='word_1_712' title='bbox 279 5615 711 5757; x_wconf 49' lang='grc' dir='ltr'><strong>ῗὰίὲἔῗθῧδῤῥω.</strong></span> <span class='ocrx_word' id='word_1_713' title='bbox 756 5683 930 5757; x_wconf 60' lang='lat' dir='ltr'><strong>Verba</strong></span> <span class='ocrx_word' id='word_1_714' title='bbox 976 5681 1546 5757; x_wconf 16' lang='lat' dir='ltr'><strong>sunthPorphyriiLe‘x</strong></span> <span class='ocrx_word' id='word_1_715' title='bbox 1572 5680 1760 5735; x_wconf 91' lang='lat' dir='ltr'><strong>eodem</strong></span> <span class='ocrx_word' id='word_1_716' title='bbox 1790 5695 1825 5734; x_wconf 90' lang='grc' dir='ltr'><strong>ιι</strong></span> 
     </span>
    </p>
   </div>
   <div class='ocr_carea' id='block_1_99' title="bbox 275 5752 1548 5825">
    <p class='ocr_par' dir='ltr' id='par_1_99' title="bbox 275 5752 1548 5825">
     <span class='ocr_line' id='line_1_101' title="bbox 275 5752 1548 5825; baseline -0.003 -17"><span class='ocrx_word' id='word_1_717' title='bbox 275 5757 404 5823; x_wconf 79' lang='grc' dir='ltr'>Περὶ</span> <span class='ocrx_word' id='word_1_718' title='bbox 432 5752 637 5825; x_wconf 68' lang='grc' dir='ltr'>ἁποχξ,</span> <span class='ocrx_word' id='word_1_719' title='bbox 667 5772 718 5825; x_wconf 91' lang='lat' dir='ltr'><strong>p.</strong></span> <span class='ocrx_word' id='word_1_720' title='bbox 755 5755 858 5809; x_wconf 75' lang='grc'><strong>150</strong></span> <span class='ocrx_word' id='word_1_721' title='bbox 885 5769 1037 5808; x_wconf 65' lang='lat' dir='ltr'><strong>novae</strong></span> <span class='ocrx_word' id='word_1_722' title='bbox 1065 5753 1221 5813; x_wconf 83' lang='lat' dir='ltr'><strong>edit..</strong></span> <span class='ocrx_word' id='word_1_723' title='bbox 1250 5752 1428 5825; x_wconf 52' lang='grc' dir='ltr'><strong>ιιιιιιίιἐ</strong></span> <span class='ocrx_word' id='word_1_724' title='bbox 1458 5752 1548 5805; x_wconf 71' lang='grc'><strong>22.</strong></span> 
     </span>
    </p>
   </div>
   <div class='ocr_carea' id='block_1_100' title="bbox 340 5821 1830 5896">
    <p class='ocr_par' dir='ltr' id='par_1_100' title="bbox 340 5821 1830 5896">
     <span class='ocr_line' id='line_1_102' title="bbox 340 5821 1830 5896; baseline -0.005 -15"><span class='ocrx_word' id='word_1_725' title='bbox 340 5821 451 5896; x_wconf 56' lang='grc'><strong>(53)</strong></span> <span class='ocrx_word' id='word_1_726' title='bbox 490 5821 846 5896; x_wconf 72' lang='grc' dir='ltr'>Προτοὺσῶν.</span> <span class='ocrx_word' id='word_1_727' title='bbox 887 5825 1279 5891; x_wconf 82' lang='lat' dir='ltr'><strong>Melius,qnam</strong></span> <span class='ocrx_word' id='word_1_728' title='bbox 1304 5833 1361 5878; x_wconf 91' lang='lat' dir='ltr'><strong>ut</strong></span> <span class='ocrx_word' id='word_1_729' title='bbox 1398 5821 1661 5893; x_wconf 82' lang='lat' dir='ltr'><strong>Porpbyr.</strong></span> <span class='ocrx_word' id='word_1_730' title='bbox 1705 5837 1830 5892; x_wconf 82' lang='grc' dir='ltr'>προ-</span> 
     </span>
    </p>
   </div>
   <div class='ocr_carea' id='block_1_101' title="bbox 1932 4631 3506 4704">
    <p class='ocr_par' dir='ltr' id='par_1_101' title="bbox 1932 4631 3506 4704">
     <span class='ocr_line' id='line_1_103' title="bbox 1932 4631 3506 4704; baseline -0.003 -14"><span class='ocrx_word' id='word_1_731' title='bbox 1932 4633 2234 4704; x_wconf 82' lang='lat' dir='ltr'><strong>vulgarem,</strong></span> <span class='ocrx_word' id='word_1_732' title='bbox 2282 4633 2562 4703; x_wconf 87' lang='lat' dir='ltr'><strong>nihiloque</strong></span> <span class='ocrx_word' id='word_1_733' title='bbox 2592 4643 2778 4686; x_wconf 87' lang='lat' dir='ltr'><strong>nostra</strong></span> <span class='ocrx_word' id='word_1_734' title='bbox 2823 4631 3104 4686; x_wconf 89' lang='lat' dir='ltr'><strong>meliorem</strong></span> <span class='ocrx_word' id='word_1_735' title='bbox 3133 4632 3358 4686; x_wconf 89' lang='lat' dir='ltr'><strong>deorum</strong></span> <span class='ocrx_word' id='word_1_736' title='bbox 3382 4647 3506 4686; x_wconf 85' lang='lat' dir='ltr'><strong>esse</strong></span> 
     </span>
    </p>
   </div>
   <div class='ocr_carea' id='block_1_102' title="bbox 1932 4717 3508 4788">
    <p class='ocr_par' dir='ltr' id='par_1_102' title="bbox 1932 4717 3508 4788">
     <span class='ocr_line' id='line_1_104' title="bbox 1932 4717 3508 4788; baseline -0.003 -11"><span class='ocrx_word' id='word_1_737' title='bbox 1932 4733 2182 4778; x_wconf 86' lang='lat' dir='ltr'><strong>naturam</strong></span> <span class='ocrx_word' id='word_1_738' title='bbox 2215 4722 2459 4776; x_wconf 87' lang='lat' dir='ltr'><strong>arbitrati</strong></span> <span class='ocrx_word' id='word_1_739' title='bbox 2487 4722 2633 4786; x_wconf 86' lang='lat' dir='ltr'><strong>sint;</strong></span> <span class='ocrx_word' id='word_1_740' title='bbox 2662 4735 2772 4788; x_wconf 92' lang='lat' dir='ltr'><strong>quo</strong></span> <span class='ocrx_word' id='word_1_741' title='bbox 2801 4717 3002 4773; x_wconf 78' lang='lat' dir='ltr'><strong>factum</strong></span> <span class='ocrx_word' id='word_1_742' title='bbox 3032 4720 3194 4773; x_wconf 88' lang='lat' dir='ltr'><strong>etiam</strong></span> <span class='ocrx_word' id='word_1_743' title='bbox 3239 4718 3419 4785; x_wconf 78' lang='lat' dir='ltr'><strong>fuerit,</strong></span> <span class='ocrx_word' id='word_1_744' title='bbox 3447 4729 3508 4774; x_wconf 91' lang='lat' dir='ltr'><strong>ut</strong></span> 
     </span>
    </p>
   </div>
   <div class='ocr_carea' id='block_1_103' title="bbox 1931 4812 3504 4876">
    <p class='ocr_par' dir='ltr' id='par_1_103' title="bbox 1931 4812 3504 4876">
     <span class='ocr_line' id='line_1_105' title="bbox 1931 4812 3504 4876; baseline -0.003 -4"><span class='ocrx_word' id='word_1_745' title='bbox 1931 4819 2007 4872; x_wconf 91' lang='lat' dir='ltr'><strong>illi</strong></span> <span class='ocrx_word' id='word_1_746' title='bbox 2039 4818 2248 4871; x_wconf 88' lang='lat' dir='ltr'><strong>nullum</strong></span> <span class='ocrx_word' id='word_1_747' title='bbox 2275 4817 2502 4872; x_wconf 87' lang='lat' dir='ltr'><strong>omnino</strong></span> <span class='ocrx_word' id='word_1_748' title='bbox 2561 4814 2893 4870; x_wconf 89' lang='lat' dir='ltr'><strong>sacriﬁcium</strong></span> <span class='ocrx_word' id='word_1_749' title='bbox 2955 4812 3204 4876; x_wconf 85' lang='lat' dir='ltr'><strong>fecerint,</strong></span> <span class='ocrx_word' id='word_1_750' title='bbox 3272 4813 3328 4867; x_wconf 89' lang='lat' dir='ltr'><strong>hi</strong></span> <span class='ocrx_word' id='word_1_751' title='bbox 3372 4829 3504 4868; x_wconf 81' lang='lat' dir='ltr'><strong>vero</strong></span> 
     </span>
    </p>
   </div>
   <div class='ocr_carea' id='block_1_104' title="bbox 1930 4989 2189 5026">
    <p class='ocr_par' dir='ltr' id='par_1_104' title="bbox 1930 4989 2189 5026">
     <span class='ocr_line' id='line_1_106' title="bbox 1930 4989 2189 5026; baseline -0.008 0"><span class='ocrx_word' id='word_1_752' title='bbox 1930 4989 2189 5026; x_wconf 84' lang='grc' dir='ltr'>εγουσων.</span> 
     </span>
    </p>
   </div>
   <div class='ocr_carea' id='block_1_105' title="bbox 1961 4991 3503 5111">
    <p class='ocr_par' dir='ltr' id='par_1_105' title="bbox 1961 4991 3503 5111">
     <span class='ocr_line' id='line_1_107' title="bbox 1961 4991 3503 5111; baseline -0.003 -14"><span class='ocrx_word' id='word_1_753' title='bbox 1961 4991 2427 5111; x_wconf 53' lang='grc' dir='ltr'>χῖὲἷῗνὴρόσθεν</span> <span class='ocrx_word' id='word_1_754' title='bbox 2489 5039 2634 5111; x_wconf 59' lang='grc' dir='ltr'><strong>ἡμῖν</strong></span> <span class='ocrx_word' id='word_1_755' title='bbox 2700 5038 3107 5111; x_wconf 61' lang='grc' dir='ltr'>ἐλεγχθείσας.</span> <span class='ocrx_word' id='word_1_756' title='bbox 3190 5036 3455 5111; x_wconf 85' lang='lat' dir='ltr'><strong>Porphyr.</strong></span> <span class='ocrx_word' id='word_1_757' title='bbox 3487 5082 3503 5105; x_wconf 92' lang='lat'><strong>,</strong></span> 
     </span>
    </p>
   </div>
   <div class='ocr_carea' id='block_1_106' title="bbox 1930 5108 3496 5185">
    <p class='ocr_par' dir='ltr' id='par_1_106' title="bbox 1930 5108 3496 5185">
     <span class='ocr_line' id='line_1_108' title="bbox 1930 5108 3496 5185; baseline -0.003 -19"><span class='ocrx_word' id='word_1_758' title='bbox 1930 5108 2132 5185; x_wconf 80' lang='grc' dir='ltr'>πρόσθε</span> <span class='ocrx_word' id='word_1_759' title='bbox 2187 5113 2468 5185; x_wconf 78' lang='grc' dir='ltr'>λεχθείσας</span> <span class='ocrx_word' id='word_1_760' title='bbox 2668 5108 2850 5185; x_wconf 52' lang='grc' dir='ltr'><strong>ᾒμῶνἱ</strong></span> <span class='ocrx_word' id='word_1_761' title='bbox 2905 5111 3054 5185; x_wconf 82' lang='lat' dir='ltr'><strong>Alter</strong></span> <span class='ocrx_word' id='word_1_762' title='bbox 3109 5123 3142 5185; x_wconf 81' lang='lat' dir='ltr'><strong>_e</strong></span> <span class='ocrx_word' id='word_1_763' title='bbox 3199 5108 3496 5170; x_wconf 84' lang='lat' dir='ltr'><strong>manuscr..</strong></span> 
     </span>
    </p>
   </div>
   <div class='ocr_carea' id='block_1_107' title="bbox 1929 5179 3503 5256">
    <p class='ocr_par' dir='ltr' id='par_1_107' title="bbox 1929 5179 3503 5256">
     <span class='ocr_line' id='line_1_109' title="bbox 1929 5179 3503 5256; baseline -0.001 -19"><span class='ocrx_word' id='word_1_764' title='bbox 1929 5179 2383 5256; x_wconf 13' lang='grc' dir='ltr'>προσίενεχθείσας</span> <span class='ocrx_word' id='word_1_765' title='bbox 2436 5181 2559 5234; x_wconf 85' lang='grc' dir='ltr'>καθ’</span> <span class='ocrx_word' id='word_1_766' title='bbox 2591 5179 2766 5252; x_wconf 78' lang='grc' dir='ltr'>ἡμῶν.</span> <span class='ocrx_word' id='word_1_767' title='bbox 2813 5179 2946 5244; x_wconf 58' lang='lat' dir='ltr'><strong>Quae</strong></span> <span class='ocrx_word' id='word_1_768' title='bbox 3001 5179 3260 5233; x_wconf 87' lang='lat' dir='ltr'><strong>lectiones</strong></span> <span class='ocrx_word' id='word_1_769' title='bbox 3305 5193 3503 5235; x_wconf 68' lang='lat' dir='ltr'><strong>nostra:</strong></span> 
     </span>
    </p>
   </div>
   <div class='ocr_carea' id='block_1_108' title="bbox 1930 5255 2467 5321">
    <p class='ocr_par' dir='ltr' id='par_1_108' title="bbox 1930 5255 2467 5321">
     <span class='ocr_line' id='line_1_110' title="bbox 1930 5255 2467 5321; baseline -0.006 -13"><span class='ocrx_word' id='word_1_770' title='bbox 1930 5255 2155 5308; x_wconf 84' lang='lat' dir='ltr'><strong>omnino</strong></span> <span class='ocrx_word' id='word_1_771' title='bbox 2192 5263 2467 5321; x_wconf 69' lang='lat' dir='ltr'><strong>praestant.</strong></span> 
     </span>
    </p>
   </div>
   <div class='ocr_carea' id='block_1_109' title="bbox 2003 5319 3500 5394">
    <p class='ocr_par' dir='ltr' id='par_1_109' title="bbox 2003 5319 3500 5394">
     <span class='ocr_line' id='line_1_111' title="bbox 2003 5319 3500 5394; baseline -0.002 -17"><span class='ocrx_word' id='word_1_772' title='bbox 2003 5325 2116 5394; x_wconf 73' lang='grc'>(55)</span> <span class='ocrx_word' id='word_1_773' title='bbox 2163 5319 2482 5393; x_wconf 73' lang='grc' dir='ltr'>Τοιγαροῦν</span> <span class='ocrx_word' id='word_1_774' title='bbox 2512 5321 2578 5375; x_wconf 82' lang='grc' dir='ltr'>τὸ</span> <span class='ocrx_word' id='word_1_775' title='bbox 2607 5322 2950 5394; x_wconf 37' lang='grc' dir='ltr'>δαιμόνιον-π</span> <span class='ocrx_word' id='word_1_776' title='bbox 2979 5319 3116 5394; x_wconf 70' lang='lat' dir='ltr'><strong>Quid</strong></span> <span class='ocrx_word' id='word_1_777' title='bbox 3172 5328 3394 5394; x_wconf 79' lang='lat' dir='ltr'><strong>secutus</strong></span> <span class='ocrx_word' id='word_1_778' title='bbox 3432 5321 3500 5394; x_wconf 75' lang='lat' dir='ltr'><strong>sit</strong></span> 
     </span>
    </p>
   </div>
   <div class='ocr_carea' id='block_1_110' title="bbox 1928 5391 3501 5466">
    <p class='ocr_par' dir='ltr' id='par_1_110' title="bbox 1928 5391 3501 5466">
     <span class='ocr_line' id='line_1_112' title="bbox 1928 5391 3501 5466; baseline -0.003 -17"><span class='ocrx_word' id='word_1_779' title='bbox 1928 5391 2193 5466; x_wconf 56' lang='lat' dir='ltr'><strong>Porphyr.</strong></span> <span class='ocrx_word' id='word_1_780' title='bbox 2256 5391 2542 5466; x_wconf 78' lang='lat' dir='ltr'><strong>interpres,</strong></span> <span class='ocrx_word' id='word_1_781' title='bbox 2575 5409 2699 5466; x_wconf 81' lang='lat' dir='ltr'><strong>_non</strong></span> <span class='ocrx_word' id='word_1_782' title='bbox 2753 5392 2888 5466; x_wconf 85' lang='lat' dir='ltr'><strong>satis</strong></span> <span class='ocrx_word' id='word_1_783' title='bbox 2940 5391 3384 5466; x_wconf 80' lang='lat' dir='ltr'><strong>intelligo,_dum</strong></span> <span class='ocrx_word' id='word_1_784' title='bbox 3429 5391 3501 5444; x_wconf 89' lang='lat' dir='ltr'><strong>ita</strong></span> 
     </span>
    </p>
   </div>
   <div class='ocr_carea' id='block_1_111' title="bbox 1930 5461 3502 5530">
    <p class='ocr_par' dir='ltr' id='par_1_111' title="bbox 1930 5461 3502 5530">
     <span class='ocr_line' id='line_1_113' title="bbox 1930 5461 3502 5530; baseline -0.005 -11"><span class='ocrx_word' id='word_1_785' title='bbox 1930 5461 2130 5519; x_wconf 62' lang='lat' dir='ltr'><strong>vertit}</strong></span> <span class='ocrx_word' id='word_1_786' title='bbox 2162 5464 2412 5520; x_wconf 79' lang='lat' dir='ltr'><strong>Proinde.</strong></span> <span class='ocrx_word' id='word_1_787' title='bbox 2459 5464 2534 5515; x_wconf 89' lang='lat' dir='ltr'><strong>ait</strong></span> <span class='ocrx_word' id='word_1_788' title='bbox 2574 5461 3006 5530; x_wconf 87' lang='lat' dir='ltr'><strong>Theophrastus,</strong></span> <span class='ocrx_word' id='word_1_789' title='bbox 3047 5463 3170 5529; x_wconf 85' lang='lat' dir='ltr'><strong>quia</strong></span> <span class='ocrx_word' id='word_1_790' title='bbox 3221 5461 3407 5514; x_wconf 81' lang='lat' dir='ltr'><strong>horum</strong></span> <span class='ocrx_word' id='word_1_791' title='bbox 3456 5468 3502 5513; x_wconf 85' lang='lat' dir='ltr'><strong>ct</strong></span> 
     </span>
    </p>
   </div>
   <div class='ocr_carea' id='block_1_112' title="bbox 1930 5529 3502 5602">
    <p class='ocr_par' dir='ltr' id='par_1_112' title="bbox 1930 5529 3502 5602">
     <span class='ocr_line' id='line_1_114' title="bbox 1930 5529 3502 5602; baseline -0.004 -13"><span class='ocrx_word' id='word_1_792' title='bbox 1930 5537 2146 5590; x_wconf 86' lang='lat' dir='ltr'><strong>illorum</strong></span> <span class='ocrx_word' id='word_1_793' title='bbox 2194 5534 2396 5588; x_wconf 83' lang='lat' dir='ltr'><strong>numini</strong></span> <span class='ocrx_word' id='word_1_794' title='bbox 2424 5532 2639 5602; x_wconf 85' lang='lat' dir='ltr'><strong>quidam</strong></span> <span class='ocrx_word' id='word_1_795' title='bbox 2670 5529 3097 5596; x_wconf 77' lang='lat' dir='ltr'><strong>succensuerunt,</strong></span> <span class='ocrx_word' id='word_1_796' title='bbox 3136 5529 3343 5584; x_wconf 75' lang='lat' dir='ltr'><strong>videtur</strong></span> <span class='ocrx_word' id='word_1_797' title='bbox 3377 5546 3502 5583; x_wconf 82' lang='lat' dir='ltr'><strong>cou-</strong></span> 
     </span>
    </p>
   </div>
   <div class='ocr_carea' id='block_1_113' title="bbox 1931 5604 2858 5676">
    <p class='ocr_par' dir='ltr' id='par_1_113' title="bbox 1931 5604 2858 5676">
     <span class='ocr_line' id='line_1_115' title="bbox 1931 5604 2858 5676; baseline -0.005 -16"><span class='ocrx_word' id='word_1_798' title='bbox 1931 5609 2132 5660; x_wconf 85' lang='lat' dir='ltr'><strong>veniens</strong></span> <span class='ocrx_word' id='word_1_799' title='bbox 2157 5604 2436 5676; x_wconf 74' lang='lat' dir='ltr'><strong>paenaillis</strong></span> <span class='ocrx_word' id='word_1_800' title='bbox 2463 5604 2729 5676; x_wconf 72' lang='lat' dir='ltr'><strong>imposita.</strong></span> <span class='ocrx_word' id='word_1_801' title='bbox 2753 5613 2858 5655; x_wconf 90' lang='lat' dir='ltr'><strong>etc.</strong></span> 
     </span>
    </p>
   </div>
   <div class='ocr_carea' id='block_1_114' title="bbox 2005 5669 3500 5744">
    <p class='ocr_par' dir='ltr' id='par_1_114' title="bbox 2005 5669 3500 5744">
     <span class='ocr_line' id='line_1_116' title="bbox 2005 5669 3500 5744; baseline -0.004 -14"><span class='ocrx_word' id='word_1_802' title='bbox 2005 5679 2118 5744; x_wconf 81' lang='grc'><strong>(56)</strong></span> <span class='ocrx_word' id='word_1_803' title='bbox 2157 5669 2490 5744; x_wconf 67' lang='grc' dir='ltr'><strong>’Ἃψάμενοι</strong></span> <span class='ocrx_word' id='word_1_804' title='bbox 2536 5669 2830 5744; x_wconf 72' lang='grc' dir='ltr'>θυμάτων.</span> <span class='ocrx_word' id='word_1_805' title='bbox 2874 5671 2969 5725; x_wconf 81' lang='lat' dir='ltr'><strong>His</strong></span> <span class='ocrx_word' id='word_1_806' title='bbox 3020 5671 3203 5744; x_wconf 83' lang='lat' dir='ltr'><strong>subdit</strong></span> <span class='ocrx_word' id='word_1_807' title='bbox 3257 5669 3500 5744; x_wconf 68' lang='lat' dir='ltr'><strong>Porphy-</strong></span> 
     </span>
    </p>
   </div>
   <div class='ocr_carea' id='block_1_115' title="bbox 1932 5742 3500 5814">
    <p class='ocr_par' dir='ltr' id='par_1_115' title="bbox 1932 5742 3500 5814">
     <span class='ocr_line' id='line_1_117' title="bbox 1932 5742 3500 5814; baseline -0.006 -13"><span class='ocrx_word' id='word_1_808' title='bbox 1932 5749 2070 5812; x_wconf 86' lang='lat' dir='ltr'><strong>rius,</strong></span> <span class='ocrx_word' id='word_1_809' title='bbox 2098 5742 2297 5802; x_wconf 21' lang='lat' dir='ltr'><strong>Thoa‘s.</strong></span> <span class='ocrx_word' id='word_1_810' title='bbox 2326 5745 2552 5812; x_wconf 84' lang='lat' dir='ltr'><strong>populos</strong></span> <span class='ocrx_word' id='word_1_811' title='bbox 2583 5743 2639 5792; x_wconf 80' lang='grc' dir='ltr'>ὲν</span> <span class='ocrx_word' id='word_1_812' title='bbox 2674 5743 2894 5814; x_wconf 78' lang='grc' dir='ltr'>Θρᾴκης</span> <span class='ocrx_word' id='word_1_813' title='bbox 2940 5743 3212 5813; x_wconf 85' lang='grc' dir='ltr'>μεθορίοις</span> <span class='ocrx_word' id='word_1_814' title='bbox 3245 5742 3500 5814; x_wconf 73' lang='grc' dir='ltr'>οἰκήσαν-</span> 
     </span>
    </p>
   </div>
   <div class='ocr_carea' id='block_1_116' title="bbox 1934 5813 3498 5887">
    <p class='ocr_par' dir='ltr' id='par_1_116' title="bbox 1934 5813 3498 5887">
     <span class='ocr_line' id='line_1_118' title="bbox 1934 5813 3498 5887; baseline -0.004 -16"><span class='ocrx_word' id='word_1_815' title='bbox 1934 5836 2048 5882; x_wconf 80' lang='grc' dir='ltr'>τας,</span> <span class='ocrx_word' id='word_1_816' title='bbox 2077 5817 2221 5887; x_wconf 82' lang='lat' dir='ltr'><strong>quod</strong></span> <span class='ocrx_word' id='word_1_817' title='bbox 2254 5815 2418 5869; x_wconf 87' lang='lat' dir='ltr'><strong>nullis</strong></span> <span class='ocrx_word' id='word_1_818' title='bbox 2451 5813 2674 5867; x_wconf 87' lang='lat' dir='ltr'><strong>omnino</strong></span> <span class='ocrx_word' id='word_1_819' title='bbox 2703 5813 2983 5868; x_wconf 81' lang='lat' dir='ltr'><strong>sacriﬁciis</strong></span> <span class='ocrx_word' id='word_1_820' title='bbox 3007 5823 3304 5874; x_wconf 82' lang='lat' dir='ltr'><strong>uterentur,</strong></span> <span class='ocrx_word' id='word_1_821' title='bbox 3329 5813 3498 5875; x_wconf 74' lang='lat' dir='ltr'><strong>dvap-</strong></span> 
     </span>
    </p>
   </div>
  </div>
