4024 6408
281 307 372 364 S65
1390 301 1713 357 ΡΒιΕΡΑΒ.
1751 301 1792 356 Ε

1897 301 2005 357 NG.
2047 300 2176 356 LIB.
2210 301 2299 358 IV.
3382 307 3490 364 266

279 418 452 473 τούτων
505 416 644 478 τινὸς
689 412 803 486 (70)
853 413 1036 478 ἕνεκα,
1087 413 1300 476 οὐδενὸς
1331 414 1388 467 δὲ
1418 415 1624 468 τούτων
1655 413 1795 486 χάριι

1917 415 2197 470 beneficiis
2222 413 2502 470 referenda
2528 416 2700 488 gratia
2723 433 2822 488 par
2847 433 2972 475 esse
2996 419 3144 486 velit,
3167 419 3216 475 is
3245 419 3494 490 profecto

278 509 386 562 αὐτὸ
413 507 690 579 πρακτέον,
728 505 888 576 δῆλον
941 505 1016 568 ὡς
1051 505 1110 558 ού
1143 504 1328 559 θυτέον
1362 507 1479 560 ἐστὶ
1518 506 1587 558 τὰ
1616 505 1727 570 ζῶα
1751 505 1795 558 τί

1921 524 2013 577 per
2040 508 2272 562 alienam
2293 506 2549 577 injuriam
2580 510 2682 566 hoc
2710 510 2887 565 facere
2921 528 3031 567 non
3059 501 3254 566 debeat
3279 530 3292 566 :
3330 528 3492 568 secus

279 600 500 670 παράπαν
526 601 634 660 τοῖς
665 597 826 660 θεοῖς.
862 597 972 649 Ka‘t
1004 597 1165 651 πάλιν
1197 598 1454 665 ἐπιλέγει·
1494 617 1513 648 ι
1554 597 1679 660 Τοῖς
1715 596 1795 666 μὲι

1918 599 2086 664 enim,
2146 598 2365 667 perinde
2419 602 2648 669 gratiam
2701 617 2964 672 reponere
3011 603 3278 670 videatur,
3342 613 3401 658 ut
3448 605 3494 658 si

273 690 484 761 γὰρίῗι)
538 692 571 760 ἡ
616 690 777 760 φύσις
819 691 915 744 καὶ
970 691 1119 743 πᾶσα
1167 689 1276 742 τῶν
1313 688 1616 761 ἀνθρώπων
1645 691 1679 760 ή
1711 689 1795 760 τῆς

1921 691 2044 760 quis
2063 691 2224 745 rebus
2250 691 2337 755 iis,
2365 693 2566 762 quibus
2589 709 2621 747 e
2645 695 2838 749 vicinis
2856 695 3094 764 aliquem
3111 710 3207 765 per
3235 694 3340 749 vim
3363 711 3494 766 spo-

270 785 419 854 ψυχῆς
447 784 690 855 αἴσθησις
720 783 1016 854 δρωμένοις
1052 782 1448 854 συνηρέσκοντο
1472 782 1606 853 (72).

1920 779 2126 844 liasset,
2179 780 2408 834 alterum
2461 782 2657 837 deinde
2723 783 2806 837 vel
2850 784 3096 840 beneﬁcii
3132 785 3216 840 vel
3268 785 3493 841 honoris

269 891 405 931 causa
465 875 707 932 donaret.
740 874 1042 941 Postremo,
1077 890 1178 928 nec
1219 874 1403 930 animo
1449 891 1667 945 quoque
1714 871 1843 927 boni
1881 871 1951 927 ab
2003 872 2124 942 ipso
2155 872 2450 942 quidquam
2488 874 2832 944 impetrandi.
2882 876 3143 946 Quisquis
3190 877 3337 932 enim
3383 893 3492 931 ma.

269 969 415 1023 leﬁcio
434 967 750 1026 beneﬁcium
803 979 1126 1039 aucupatur,
1158 984 1285 1024 eum
1336 984 1405 1025 ne
1454 979 1675 1039 accepto
1738 968 1959 1038 quidem
2025 967 2286 1023 beneﬁcio
2322 968 2552 1038 gratiam
2587 970 2900 1025 habiturum
2966 973 3160 1028 merito
3187 972 3491 1042 suspicere.

266 1062 522 1125 Quarenec
549 1073 646 1127 spe
671 1057 915 1115 beneﬁcii
957 1060 1258 1114 animantia
1311 1060 1416 1116 diis
1450 1060 1804 1116 sacriﬁcanda
1842 1068 2022 1114 erunt.
2054 1057 2191 1113 Nam
2255 1070 2314 1115 ut
2375 1060 2660 1114 hominum
2689 1058 2827 1116 forte
2855 1064 3168 1134 quempiam
3202 1065 3491 1119 mactanda

264 1155 506 1208 animante
543 1152 714 1208 latere
745 1153 945 1223 possis,
1015 1152 1185 1208 Deum
1227 1163 1372 1210 certe
1421 1156 1648 1226 quidem
1713 1156 1882 1212 latere
1922 1171 2202 1226 nunquam
2227 1156 2449 1228 poteris.
2480 1154 2538 1210 Si
2578 1172 2705 1227 ergo
2743 1158 3072 1214 sacriﬁcium
3105 1173 3266 1215 omne
3295 1175 3492 1215 causa-

262 1261 361 1302 rum
383 1244 604 1298 istarum
630 1259 692 1299 ex
717 1243 897 1314 aliqua
933 1244 1045 1300 ﬁeri
1070 1246 1250 1313 debet,
1311 1261 1413 1302 nec
1458 1256 1640 1303 tamen
1673 1262 1739 1302 ex
1780 1247 1848 1302 iis
1887 1247 1995 1302 ulla
2028 1246 2163 1302 caedi
2223 1248 2545 1304 animalium
2574 1247 2924 1320 suffragatur,
2953 1250 3202 1320 sequitur
3247 1250 3492 1321 profecto

261 1337 437 1394 nullum
467 1353 708 1409 unquam
735 1339 936 1394 animal
981 1340 1084 1396 diis
1137 1341 1425 1396 immolare
1480 1340 1566 1396 fas
1591 1357 1732 1398 esse.
1767 1340 1847 1396 Ac
1881 1357 2076 1397 rursus
2135 1341 2344 1413 aliquot
2390 1341 2726 1412 interjectis:
2764 1361 2782 1392 ι
2805 1341 2914 1398 Isto
2968 1344 3137 1411 enim,
3170 1344 3369 1414 inquit,
3401 1360 3490 1399 sa-

257 1432 558 1488 criﬁciorum
586 1449 784 1504 genere
812 1451 936 1491 cum
981 1445 1176 1491 natura
1216 1432 1524 1506 universa,
1581 1448 1696 1493 tum
1747 1440 2061 1494 communis
2111 1439 2228 1510 ipse
2288 1440 2570 1495 hominum
2602 1439 2847 1495 omnium
2879 1440 3048 1494 animi
3094 1455 3291 1496 sensus
3341 1439 3489 1496 dele-

257 1529 496 1584 ctabatur.

263 1627 470 1702 ζαῷρων
487 1624 600 1702 (73)
621 1624 673 1678 δ’
686 1627 994 1702 (iactitare:
1007 1631 1216 1700 φόνοις
1243 1634 1313 1702 οὐ
1328 1632 1534 1688 δεύετο
1565 1632 1794 1702 βωμὸς,

269 1694 632 1773 Ξλλλρμιξσσς
643 1697 798 1773 τοῦτ’
815 1694 1088 1773 ἓσκεγξέγ
1104 1694 1466 1773 ἀνᾶρώποισι
1482 1694 1794 1773 μέγιστοὶ,

259 1765 431 1834 Super
469 1764 937 1836 ἀποῤῥήσαντιις
971 1771 1083 1842 (74)
1121 1764 1393 1841 ἐέὸμεναι
1433 1764 1536 1842 ﬁta
1569 1764 1734 1844 γυῖα.
1778 1764 1797 1825 i

252 1880 343 1934 Καὶ
374 1879 486 1950 μεθ’
537 1879 729 1954 ἐτεραο
761 1901 778 1934 ι
813 1883 977 1938 Ὅταν
1009 1885 1063 1938 δὲ
1111 1888 1232 1952 νέος
1263 1888 1372 1959 (75)
1406 1887 1562 1952 θεοὺς
1595 1889 1806 1962 χαίρειν

252 1969 595 2036 πλυτελείαις
652 1971 786 2043 γνῷ,
820 1974 934 2037 καὶ,
967 1974 1042 2039 ὦς
1071 1993 1222 2045 φασι,
1256 1981 1376 2040 ταῖς
1399 1977 1510 2030 τῶν
1549 1978 1688 2048 βοῶν
1713 1981 1806 2033 καὶ

254 2062 405 2116 ἄλλων
433 2061 586 2126 ζώων
612 2063 838 2130 θοίναις,
864 2068 977 2120 πότ’
1002 2067 1068 2123 ἂν
1095 2067 1235 2121 ἑκὼν
1264 2068 1373 2140 (76)
1398 2072 1766 2142 σωφρονήσειε
1787 2089 1802 2138 ;

247 2154 346 2218 πῶς
385 2155 461 2221 δὲ,
516 2157 895 2228 κεχαρισμένα
959 2158 1104 2212 Θύειν
1149 2160 1452 2232 ἡγούμενος
1490 2164 1603 2226 τοῖς
1662 2162 1804 2227 θεοῖς

246 2248 410 2312 ταῦτα,
443 2250 545 2303 οὐκ
575 2251 777 2314 ἐξεῖναι
800 2250 1002 2305 ἀδικεῖν
1038 2253 1278 2325 οἰήσεται
1313 2253 1489 2308 αὐτῶν
1516 2253 1647 2326 (77),
1680 2255 1806 2328 μὲλ-

246 2341 365 2395 λοντι
389 2341 472 2395 διὰ
499 2343 611 2396 τῶν
633 2342 833 2397 θυσιῶν
860 2342 1169 2410 ἐξωνεῖσθαι
1198 2345 1294 2417 τὴν
1324 2347 1600 2419 ἁμαρτίαν
1624 2363 1639 2413 ;
1681 2348 1806 2400 Πει-

247 2434 371 2498 σθεὶς
397 2435 452 2488 δὲ
470 2437 554 2488 ὅτι
584 2435 792 2492 τούτων
817 2438 1003 2508 χρείαν
1034 2438 1133 2491 ούκ
1161 2437 1375 2509 ἔχουσιν
1397 2440 1446 2491 οἰ
1468 2438 1600 2504 θεοὶ,
1634 2441 1714 2504 είς
1745 2440 1802 2494 δὲ

243 2530 292 2580 τὸ
311 2525 429 2598 ἦθος
452 2529 942 2584 ἀποόλέωυσιτῶν
965 2531 1313 2604 προσιόντων,
1331 2533 1592 2606 μεγίστην
1613 2533 1802 2588 θυσίαν

242 2621 587 2691 λαμΰάνοντες
613 2623 713 2695 τὴν
740 2623 906 2696 ὀρθὴν
947 2625 1076 2695 περὶ
1108 2624 1284 2678 αὐτῶν
1312 2642 1369 2678 τε
1406 2626 1500 2680 καὶ
1527 2626 1635 2679 τῶν
1663 2644 1796 2698 πρα-

240 2715 441 2784 γμάτων
459 2713 736 2786 διάληψιν,
751 2715 866 2778 πῶς
879 2716 940 2769 ού
957 2713 1186 2788 σώφρων
1198 2719 1291 2770 καὶ
1301 2717 1528 2785 δίκαιος,
1541 2721 1635 2772 καὶ
1651 2721 1794 2785 ὅσιος

241 2806 418 2871 iactat;
439 2806 585 2870 θεοῖς
615 2806 671 2860 δὲ
687 2807 881 2879 ἀρίστη
906 2807 1002 2879 μὲν
1019 2808 1260 2882 ἀπαρχὴ,
1292 2809 1415 2874 νοῦς
1435 2811 1799 2880 καθαρὸς-,καὶ

238 2897 365 2970 ψυχὴ
393 2899 616 2971 ἀπαθής
634 2917 647 2930 ·
682 2901 876 2955 οἰκεῖον
901 2903 958 2956 δὲ
985 2901 1154 2955 καὶτὸ
1172 2901 1403 2974 μετρίων
1428 2904 1528 2974 μὲν
1555 2905 1800 2978 ἀπάρχε-

241 2990 348 3045 σθαι
368 2991 472 3046 τῶν
494 2992 696 3056 ἄλλων,
717 2995 789 3065 μὴ
810 2996 1098 3067 παρέργως
1123 2994 1200 3059 δὲ,
1225 2993 1359 3049 ἀλλὰ
1376 2997 1473 3050 σὺν
1495 2998 1643 3070 πάσῃ
1672 3015 1804 3072 προ-

1907 1629 2306 1696 Taurorumque
2336 1641 2616 1680 cruornon
2645 1624 2814 1696 ullum
2837 1624 3009 1679 altare
3032 1625 3264 1695 rigabat,

1903 1695 2228 1769 lnfandique
2257 1713 2432 1769 omnes
2459 1707 2570 1769 tum
2597 1695 2834 1769 criminis
2865 1697 3039 1769 instar
3058 1696 3342 1760 habebant,

1836 1759 1876 1813 Β
1904 1759 2042 1826 Ante
2065 1759 2249 1823 avitlsa
2278 1767 2458 1820 anima
2487 1767 2609 1820 dein
2635 1767 2852 1836 pinguia
2886 1768 3118 1820 membra
3142 1759 3345 1820 vorare.
3382 1784 3404 1818 ι

1908 1888 2219 1957 Iterumque
2271 1893 2393 1955 post
2447 1881 2554 1938 alia
2603 1882 2891 1952 quaedam:
2926 1901 2943 1933 ‹
2981 1879 3081 1936 Ubi
3111 1893 3292 1937 autem
3321 1881 3480 1936 intel-

1908 1977 2099 2035 lexerit
2153 1976 2509 2040 adolescens,
2568 1973 2780 2044 magnis
2834 1972 3174 2043 sumptibus,
3237 1973 3483 2044 adeoque

1904 2071 2092 2137 boum,
2127 2079 2186 2124 ut
2211 2069 2506 2139 loquuntur
2532 2067 2643 2135 isti,
2679 2082 2744 2122 ac
2768 2075 3090 2122 cancrorum
3120 2067 3482 2124 animantium

1905 2162 2081 2232 epulis
2113 2161 2246 2216 deos
2270 2160 2417 2230 ipsos
2451 2157 2729 2221 delectari,
2757 2163 2857 2230 qui
2899 2159 3015 2214 ﬁeri
3044 2170 3229 2229 queat,
3256 2169 3314 2214 ut
3337 2159 3480 2231 frugi

1905 2269 1972 2310 ac
1993 2264 2306 2323 temperans
2339 2266 2462 2306 esse
2501 2251 2672 2305 velit?
2715 2250 2967 2320 Idemque
3005 2250 3050 2306 si
3079 2260 3330 2321 acceptas
3359 2266 3481 2307 esse

1905 2349 2012 2405 diis
2064 2347 2381 2418 hujusmodi
2439 2346 2693 2402 victimas
2744 2346 3036 2416 putaverit,
3091 2347 3369 2416 quomodo
3421 2345 3476 2400 in

1905 2441 2149 2495 animum
2176 2437 2418 2502 inducat,
2470 2437 2732 2492 scelerate
2779 2435 2958 2491 facere
2988 2437 3090 2492 sibi
3125 2452 3234 2492 non
3292 2436 3478 2500 licere,

1905 2533 1999 2603 qui
2032 2531 2318 2588 sacriﬁciis
2366 2530 2634 2586 maleﬁcia
2692 2531 2959 2585 redimere
2987 2546 3046 2586 se
3080 2545 3240 2600 posse
3265 2529 3481 2586 videat?

1905 2624 2110 2681 Contra
2134 2638 2285 2689 vero,
2335 2621 2379 2677 si
2422 2622 2554 2676 deos
2602 2621 2736 2676 nihil
2796 2622 2917 2678 istis
2947 2622 3202 2678 omnibus
3235 2621 3479 2694 indigere

1905 2716 2013 2773 sibi
2044 2714 2409 2787 persuaserit,
2465 2713 2559 2769 sed
2600 2714 2654 2767 in
2706 2729 2895 2769 eorum
2940 2715 3145 2783 potius,
3197 2730 3229 2768 a
3278 2714 3482 2785 quibus

1905 2809 2196 2876 adeuntur,
2224 2822 2404 2863 mores
2436 2805 2658 2870 intueri,
2732 2807 3025 2878 magnique
3077 2805 3332 2862 sacriﬁcii
3381 2807 3481 2862 ha-

1904 2904 2032 2959 bere
2061 2902 2180 2958 loco
2211 2909 2416 2957 rectam
2452 2898 2521 2955 de
2571 2915 2632 2955 se
2661 2900 2795 2968 ipsis
2832 2899 3008 2969 deque
3041 2915 3224 2954 rerum
3251 2900 3478 2955 veritate

1903 2995 2226 3054 sententiam
2258 3034 2280 3066 ,.
2303 2992 2494 3048 ﬁerine
2533 2993 2750 3062 poterit,
2780 2992 2912 3061 quin
2968 2999 3021 3046 et
3067 3001 3400 3061 temperans,
3423 3001 3477 3049 et

240 3082 388 3154 θυμία
404 3101 417 3113 ·
447 3085 689 3138 ἐοικέναι
705 3086 810 3154 γὰρ
828 3086 892 3158 δὴ
907 3087 1005 3150 τὰς
1021 3105 1072 3140 τι
1079 3087 1186 3159 μὰς
1198 3089 1317 3151 ταῖς
1332 3089 1424 3141 ἐπὶ
1444 3088 1553 3144 τῶν
1579 3090 1795 3160 ἀγαθῶν

1901 3086 2103 3161 justus,
2150 3096 2205 3142 et
2237 3095 2462 3142 sanctus
2505 3085 2743 3142 evadat?
2797 3083 3089 3139 Enimvero
3111 3099 3236 3140 cum
3262 3084 3479 3143 sincera.

238 3176 550 3247 προεδρίαις,
590 3177 991 3232 ὑπαναστάσεσί
1027 3179 1140 3251 (78)
1176 3197 1234 3233 τε
1266 3180 1361 3234 καὶ
1392 3181 1796 3248 κατακλίσεσιν,

237 3269 287 3322 οὐ
326 3270 632 3335 συντάξεων
672 3271 870 3324 δόσεσι.
910 3291 929 3324 ι
967 3271 1164 3341 Σαφῶς
1203 3273 1268 3345 δὴ
1294 3273 1382 3328 διὰ
1419 3273 1621 3328 τούτων
1657 3275 1801 3329 κατὰ

235 3361 344 3424 τοὺς
384 3361 655 3433 Ἕλληνας
701 3363 795 3416 καὶ
831 3364 957 3428 τοὺς
997 3363 1201 3418 τούτων
1241 3364 1563 3436 φιλοσόφους
1593 3365 1800 3437 ὡμολο-

234 3452 378 3524 γήθη,
420 3454 504 3506 ὅτι
549 3453 702 3507 οὐδὲν
753 3454 992 3526 ἔμψυχον
1046 3455 1233 3528 τυθείη
1286 3456 1352 3510 ἂν
1399 3458 1637 3528 εὐλόγως
1689 3461 1800 3524 τοῖς

235 3543 376 3608 fieri:
404 3545 626 3598 ἀνόσιον
655 3545 762 3617 γὰρ
795 3548 886 3599 καὶ
913 3545 1098 3601 ἄδικον
1130 3548 1226 3601 καὶ
1253 3547 1541 3611 emensa;
1567 3545 1705 3603 εἶναι
1737 3550 1799 3603 τὸ

234 3636 466 3706 πρίγμα,
496 3637 602 3689 οὐκ
629 3636 904 3710 ἀλλότριόν
929 3656 988 3692 τε
1022 3640 1243 3710 μύσους.
1272 3641 1385 3694 Οὐκ
1412 3637 1480 3712 ἦν
1509 3642 1617 3713 ἄρα
1659 3643 1795 3708 Θεὸς,

232 3728 336 3780 οὐδὲ
368 3746 450 3792 τις
479 3728 726 3800 ἀψευδὴς
755 3731 850 3784 καὶ
883 3731 1086 3800 ἀγαθὸς
1123 3732 1334 3804 δαίμων
1359 3735 1388 3786 ό
1416 3734 1516 3797 τὰς
1540 3734 1607 3787 δι’
1635 3735 1799 3805 αἱμά-

234 3837 324 3872 των
355 3820 543 3884 λοιϐάς
567 3838 625 3873 τε
656 3823 749 3876 καὶ
777 3822 1002 3888 κνίσσας
1045 3823 1226 3896 μικρῷ
1265 3823 1500 3897 πρόσθεν
1540 3826 1800 3898 εἰσπρατ-

232 3903 435 3981 τόμενος
478 3915 820 3985 χρησμῳδός·
869 3916 976 3969 οὐδ’
1001 3918 1199 3970 ἐκεῖνοι
1232 3919 1454 3982 πάντες,
1490 3913 1570 3982 οἷς
1596 3922 1626 3972 ὁ
1661 3935 1798 3991 χρη-

235 4005 351 4072 σμὸς
381 4004 536 4058 θύειν
565 4005 680 4069 ζῶα
708 4008 1163 4080 παρεκελεύσατο·
1191 4010 1390 4064 πλάνον
1413 4011 1518 4082 ἄρα
1542 4013 1636 4066 καὶ
1657 4013 1796 4065 ἀπα-

231 4098 406 4165 τεῶνα,
437 4101 537 4153 καὶ
565 4100 798 4172 πονηρὸν
837 4103 1094 4174 ἄντικρυς
1129 4101 1359 4173 δαίμονα
1383 4103 1487 4176 χρὴ
1513 4103 1676 4173 φάναι
1704 4105 1797 4161 τὸν

232 4192 714 4264 καταψευσάμενον,
741 4195 834 4247 καὶ
856 4193 1011 4259 θεοὺς
1038 4197 1167 4259 τοὺς
1199 4195 1272 4267 μὴ
1297 4196 1454 4261 ὂντας
1483 4198 1791 4266 ἀνειπόντα,

229 4285 308 4336 καὶ
339 4285 722 4357 προστάξαντα
766 4286 840 4358 μὴ
884 4287 1041 4357 μόνον
1081 4290 1192 4351 τοῖς
1233 4289 1482 4358 χθονίοις,
1523 4289 1658 4344 ἀλλὰ
1699 4293 1795 4346 κα)⁵

228 4381 326 4442 τοίς
346 4381 620 4451 οὐρανίοις
652 4381 748 4433 xat
772 4380 1052 4451 άστραίοις
1081 4379 1392 4444 ζωοθυτεϊν.
1416 4381 1580 4446 Τίνας
1617 4378 1711 4439 οὖν
1743 4386 1792 4438 εί

232 4472 294 4542 μὴ
325 4471 478 4536 θεοὺς
500 4474 627 4536 τοὺς
648 4471 969 4543 εἰρημένους
997 4471 1243 4537 ἅπαντας
1269 4473 1535 4544 προσήκει
1559 4473 1626 4527 ἂν
1653 4473 1788 4526 ὑπο-

292 4628 395 4698 (70)
441 4630 676 4684 Τούτων
721 4630 904 4695 τινός.
949 4629 1151 4700 Porph.
1198 4629 1412 4700 τούτων
1459 4645 1568 4684 non
1605 4630 1784 4685 habet.

229 4696 344 4764 Quae
363 4708 547 4754 tamen
578 4717 681 4754 vox
721 4704 1028 4757 necessaria
1059 4696 1175 4762 'est.
1207 4703 1334 4769 quia
1373 4699 1788 4770 Theophrastus

232 4771 395 4838 aliqua
433 4772 700 4825 duntaxat
723 4787 786 4825 ex
813 4770 918 4827 illis
946 4774 1120 4828 tribus
1148 4772 1331 4827 causis
1367 4771 1786 4826 sacriﬁcandum

231 4855 337 4894 esse
372 4842 656 4896 docuerat.

292 4911 398 4982 (7|)
435 4910 844 4982 Τοῖς-μὲνγὰρ.
875 4913 1141 4982 Porphyr.
1166 4927 1218 4982 p.
1254 4911 1377 4976 I72,
1412 4911 1508 4966 lin.
1543 4912 1592 4966 l.
1643 4911 1775 4966 Fru-

234 4992 620 5054 ctuunisautem
663 4985 930 5040 sacriﬁcia
973 4983 1248 5054 intelligit,
1290 4997 1412 5054 qua:
1448 4985 1562 5038 sola
1596 4983 1788 5054 primis

234 5052 326 5107 illis
384 5055 721 5123 temporibus
747 5055 801 5108 in
832 5072 931 5111 usu
962 5053 1196 5108 fuerant.

317 5124 398 5198 ig)
439 5122 1148 5198 Porphyr.,_awnpécacsro.

730 5193 1078 5282 Empedoclis
1102 5210 1295 5282 versus
1314 5195 1404 5250 isti
1431 5203 1580 5282 sunt,
1612 5203 1674 5282 ut
1706 5195 1788 5280 di-

235 5275 360 5320 serte
411 5265 765 5336 Porphyrius.
829 5265 934 5322 Sed
987 5281 1086 5336 pro
1143 5266 1402 5337 ἀκράτοις
1460 5267 1588 5337 legit
1631 5265 1789 5337 ἀκρί-

234 5350 350 5407 τοις,
381 5337 490 5392 boc
516 5347 620 5397 est,
662 5339 745 5391 vel
803 5337 1152 5407 promiscuis,
1180 5338 1263 5392 vel
1319 5337 1579 5405 injustis:
1628 5337 1788 5406 quasi

236 5405 432 5462 miserm
453 5408 781 5465 animantes.
804 5405 1030 5465 'indicta
1079 5423 1247 5464 causa
1280 5408 1550 5463 damnata:
1567 5405 1788 5477 jugula-

236 5487 424 5562 rentur.
462 5479 715 5548 Ἀκριτος
739 5494 956 5602 quoque
985 5480 1212 5549 rigidum
1236 5479 1394 5532 nimis
1418 5487 1788 5545 austerumque

236 5550 506 5602 sisnihcat.
539 5548 840 5602 Plutarei..
865 5551 1076 5602 Pomm.
1136 5549 1262 5602 674.
1304 5548 1367 5602 Β.
1406 5548 1440 5602 ’ὁ
1488 5564 1547 5600 τε
1589 5547 1786 5602 σεμνό-

235 5548 506 5615 signiﬁcat.
539 5547 840 5614 Plutarch,
865 5547 1076 5618 Pomp.,
1136 5549 1262 5615 674,
1304 5548 1367 5614 Β,
1406 5548 1547 5618 ἤτε
1589 5547 1786 5618 σεμνό-

236 5633 345 5691 της,
374 5621 475 5672 οὐκ
504 5622 748 5691 ἄκριτον,
781 5621 896 5674 ἀλλ’
921 5616 1155 5691 εὔχαριν
1193 5619 1392 5690 ἔχουσα
1419 5616 1518 5691 τὴν
1545 5617 1783 5691 ὁμιλίαν.

297 5688 404 5758 (74)
451 5688 953 5757 Ἀπόρῤήσαντας,
992 5688 1096 5745 etc.
1128 5688 1416 5760 Porphyr.,
1449 5688 1789 5760 ἀπορρέσαν-

237 5771 322 5820 τας
347 5761 612 5832 ὲέλμεναι,
650 5764 834 5830 utique
887 5763 1160 5816 vitiosius.
1213 5760 1582 5831 Conﬁciebam
1619 5760 1788 5830 ἀπορ-

536 5857 730 5920 Pars.
763 5858 880 5919 Gtt.
923 5857 1096 5919 XXI.

1901 3198 2078 3249 mens,
2106 3191 2160 3236 et
2181 3181 2398 3235 animus
2424 3180 2492 3234 ab
2519 3177 2669 3234 omni
2687 3177 2988 3248 cupiditate
3022 3192 3232 3233 vacuus
3261 3177 3483 3248 optimae

1899 3272 2125 3329 deorum
2151 3269 2402 3340 primitiae
2426 3270 2554 3335 sint,
2589 3285 2697 3323 non
2722 3268 2961 3322 alienum
2991 3274 3174 3321 tamen
3201 3266 3270 3321 ab
3287 3265 3478 3322 iisdem

1899 3367 2082 3429 fuerit,
2111 3361 2216 3418 alia
2252 3361 2499 3432 quaedam
2527 3362 2660 3432 ipsis
2682 3359 2908 3416 modica:
2927 3374 2993 3416 ac
3019 3359 3195 3415 facilis
3221 3358 3485 3446 impensa;

1900 3460 2094 3523 libare,
2120 3458 2165 3513 si
2197 3465 2378 3510 tamen
2409 3456 2462 3510 id
2500 3471 2610 3510 non
2637 3454 2777 3510 dicis
2806 3469 2994 3520 causa,
3044 3452 3142 3508 sed
3187 3453 3339 3507 omni
3367 3460 3485 3507 stu-

1899 3551 1990 3608 dio
2011 3561 2065 3606 et
2094 3549 2300 3621 prolixa
2324 3549 2604 3603 voluntate
2628 3548 2722 3602 ﬁat
2755 3567 2768 3600 :
2805 3546 3074 3617 siquidem
3116 3546 3206 3602 isti
3253 3547 3479 3602 deorum

1899 3644 2160 3709 honores,
2193 3642 2532 3699 solemnibus
2562 3639 2708 3711 apud
2739 3640 2890 3695 viros
2932 3637 3090 3710 153
3135 3638 3314 3694 bonos
3339 3653 3481 3709 prae-

1900 3735 2136 3803 sidendi,
2166 3733 2512 3804 assurgendi,
2549 3747 2614 3787 ac
2637 3730 3018 3787 discumbendi
3050 3729 3357 3785 rationibus
3405 3729 3482 3785 si-

1899 3828 2054 3883 miles
2087 3827 2313 3899 putandi
2339 3835 2486 3891 sunt,
2513 3840 2621 3879 non
2647 3823 2995 3894 vectigalium
3035 3823 3417 3892 pensionibus.
3454 3841 3474 3875 ι

1898 3917 1977 3974 Ex
2007 3919 2094 3975 his
2118 3917 2360 3990 profecto
2414 3915 2702 3972 manifeste
2739 3915 2928 3986 liquet,
2981 3914 3063 3969 vel
3112 3914 3232 3984 ipso
3262 3912 3482 3971 Graeco-

1896 4027 2020 4066 rum
2057 4011 2366 4075 hominum,
2398 4009 2602 4079 quique
2633 4007 2778 4077 apud
2823 4006 2974 4076 ipsos
3009 4005 3271 4060 exstitere
3299 4005 3480 4075 philo-

1898 4103 2197 4174 sophorum
2231 4115 2417 4165 sensu,
2444 4101 2582 4154 nihil
2603 4096 2832 4154 animati
2864 4097 2972 4152 diis
3009 4095 3312 4152 sacriﬁcari
3356 4095 3482 4165 jure

1895 4212 2096 4268 posse:
2128 4211 2244 4250 rem
2271 4195 2473 4265 quippe
2535 4189 2827 4255 nefariam,
2873 4189 3124 4258 inquam,
3172 4203 3238 4243 ac
3297 4188 3483 4258 perni-

1897 4291 2101 4344 ciosam
2150 4302 2293 4352 esse,
2344 4295 2508 4355 atque
2530 4282 2896 4338 exsecrationi
2948 4282 3277 4353 proximam.
3335 4278 3480 4335 Deus

1895 4382 2061 4454 igitur
2098 4379 2354 4435 fatidicus
2390 4378 2491 4432 iste
2539 4392 2650 4432 non
2693 4384 2833 4441 erat,
2884 4375 2997 4429 imo
3027 4389 3130 4430 nec
3184 4388 3349 4428 verax
3381 4372 3480 4427 bo-

1821 4463 1866 4519 D
1896 4490 2108 4546 nusque
2128 4473 2361 4529 daemon.
2386 4470 2480 4540 qui
2515 4477 2772 4526 cruentas
2802 4467 2966 4538 paulo
3025 4475 3152 4523 ante
3189 4462 3478 4521 libationes

1899 4629 2230 4752 ριαίσαντας,
2282 4623 2426 4696 quod
2479 4632 2666 4694 postea
2725 4637 2779 4676 in
2837 4622 3008 4676 altero
3042 4635 3072 4676 e
3123 4635 3376 4675 manusc.
3420 4628 3476 4674 et

1899 4733 1912 4752 .
1951 4711 2064 4752 ont.
2124 4698 2324 4752 reneri.
2353 4695 2546 4749 Posset
2586 4695 2749 4747 etiam
2810 4690 3250 4752 ἀπορρήξαντας.
3282 4690 3476 4752 Sequi-

1897 4690 2064 4753 Mont.
2124 4690 2324 4766 reperi:
2353 4690 2546 4749 Posset
2586 4695 2749 4766 etiam
2810 4690 3250 4766 ἀπορρήξαντας.
3282 4690 3480 4760 Sequi-

1899 4781 1990 4824 tur
2011 4772 2103 4840 ήῖα
2158 4760 2308 4836 γύἶα,
2373 4764 2648 4840 quomodo
2680 4760 3064 4840 _leg.__om_nes.
3135 4760 3233 4816 Vix
3270 4771 3472 4821 tamen,

1809 4882 1817 4891 .
1897 4833 2081 4904 credo,
2112 4833 2356 4908 reperias
2393 4833 2522 4908 ἦῖα,
2547 4835 2692 4904 quod
2749 4833 3007 4908 adjectivi
3033 4833 3161 4908 loco
3184 4840 3471 4908 sumatur;

1897 4920 2026 4966 sunt
2052 4899 2196 4964 enim
2224 4909 2292 4962 τὰ
2329 4899 2691 4979 ἦῖαριίοριὴθ,
2749 4899 2837 4956 τὰ’
2867 4903 3074 4979 ἐφόδια,
3106 4902 3176 4979 τά
3211 4899 3332 4979 καθ’
3356 4900 3475 4979 όδὸν

1898 4979 2182 5052 βρώματα.
2211 4970 2566 5034 Crediderim'
2591 4974 2694 5052 legi
2736 4970 2921 5052 posse
2952 4973 3074 5042 ὴέα,
3112 4973 3187 5052 ab
3216 4971 3338 5042 ἠΰς,
3369 4970 3474 5025 hoc

1891 5042 1978 5107 est
2017 5042 2176 5116 bona,
2203 5065 2325 5118 quae
2355 5057 2535 5101 tamen
2563 5042 2995 5118 pin‘gniadicere
3022 5042 3210 5118 malui.

1969 5122 2082 5194 (75)
2109 5111 2184 5194 Ib.
2221 5111 2283 5194 Β,
2339 5118 2424 5172 l0.
2449 5111 2616 5169 Ὅταν
2659 5111 2716 5167 δὲ
2745 5114 2883 5178 νέος.
2942 5112 3210 5183 Porphyr.
3256 5128 3310 5184 p.
3343 5111 3472 5178 252,

1895 5193 2000 5249 sub
2020 5193 2138 5247 libri
2175 5207 2213 5246 ll
2258 5193 2441 5244 ﬁnem.

1969 5263 2083 5335 (76)
2104 5263 2239 5335 Πότ’
2262 5259 2338 5335 ἂν
2564 5255 2777 5335 melius,
2804 5270 2970 5335 quam
2991 5251 3284 5335 Porphyp,
3315 5253 3474 5307 πάντ’

1895 5322 2143 5389 ἄν’ὲκῶν.
2174 5331 2302 5403 Legi
2331 5331 2526 5403 possit,
2574 5327 2691 5390 πῶς
2723 5322 2832 5380 ἄν(
2858 5322 3060 5403 Yet-eor
3101 5322 3160 5403 ut
3182 5322 3477 5403 ‘interpres

1895 5408 2030 5460 satis
2063 5405 2130 5460 ad
2157 5395 2444 5473 Porphyrii
2499 5395 2926 5473 mentem,_g_u_i3
2988 5395 3178 5473 modus
3231 5396 3472 5448 animum

1895 5476 2084 5530 volenti
2110 5476 2180 5528 ad
2233 5467 2410 5527 oimiia
2439 5467 2973 5541 sapienteradliibere
2996 5469 3022 5523 2

1967 5547 2082 5618 (77)
2118 5546 2258 5618 Lege
2287 5541 2454 5612 αὐτῷ,
2474 5539 2543 5618 _ut
2566 5539 2832 5610 Porphyr.

1967 5559 2058 5618 (T1
2118 5559 2258 5614 Lege
2287 5559 2454 5612 αυτῳ,
2485 5559 2543 5594 nt
2566 5559 2832 5610 rorpnyr.

1967 5559 2082 5690 (78)
2140 5611 2653 5690 ’Υπαναστιίσεσῃ
2711 5621 2816 5690 etc.
2884 5607 3050 5690 Male
3083 5608 3230 5662 enim
3276 5621 3470 5690 emus.

1894 5677 2182 5758 Porpliyr.,
2217 5682 2640 5758 ἐπαναστάσεσι,
2674 5680 2768 5733 καὶ
2814 5679 3219 5758 κατακλῄσεσι,
3237 5687 3292 5732 et
3319 5695 3370 5732 v.
3416 5677 3463 5744 2,

1893 5748 2095 5814 δείσὶτί
2122 5748 2223 5829 pro
2253 5756 2451 5811 δόσεσι.
2495 5750 2627 5820 Quae
2669 5760 2973 5820 sequuntur
3001 5748 3225 5805 Eusebii
3251 5759 3398 5807 sum.

3081 5844 3121 5908 9
