3890 6384
444 263 548 320 267
1076 263 1348 320 EUSEBII
1381 262 1860 318 C/ESARIENSIS
1901 263 2050 320 OPP.
2112 264 2293 322 PARS
2330 264 2395 318 ll.
2437 295 2505 305 —
2541 262 3042 318 APOLOGETICA.
3605 267 3708 323 268

445 389 803 459 earniumque
854 389 1098 444 nidorem
1165 389 1448 459 exigebat;
1500 389 1743 459 adeoque
1793 407 1890 446 nec
1943 392 2018 446 illi

2133 394 2440 464 λαμϐάνειν,
2469 392 2628 456 αὐτὸς
2658 391 2818 445 πάλιν
2847 392 2875 442 ὁ
2906 387 3250 460 συγγραφεὺς
3275 385 3600 456 διηγήσεται
3625 385 3711 440 διὰ

447 496 662 548 omnes,
699 481 899 552 quibus
922 483 1228 536 animantes
1253 480 1806 550 immolarejubebat.
1846 481 2022 536 Frau-
2131 485 2354 538 τούτων.

448 573 733 628 dolentum
776 574 928 628 illum
959 589 1089 644 ergo
1125 581 1284 642 atque
1310 572 1686 642 impostorem,
1728 574 2042 646 malumque
2086 578 2312 632 omnino
2363 575 2664 631 daemonem
2724 571 2991 643 appellare
3016 566 3193 635 decet,
3219 567 3311 637 qui
3359 566 3584 620 mentiri
3621 583 3712 635 pa-

449 669 579 735 lam,
613 684 676 724 ac
709 669 861 732 deos,
890 669 983 739 qui
1009 669 1080 722 dii
1108 683 1213 722 non
1245 677 1449 733 essent,
1507 670 1865 738 pronuntiare
1916 688 2084 729 ausus
2121 672 2213 740 sit,
2265 672 2693 740 animaliumque
2738 667 3004 725 sacriﬁcia
3066 665 3143 718 uti
3190 679 3296 718 non
3359 662 3712 715 terrestribus

451 764 636 828 modo,
691 763 785 818 sed
834 763 996 818 etiam
1059 763 1331 818 cmlitihus
1391 764 1727 836 sidereisque
1776 766 2062 837 imperare.
2107 769 2209 824 Sed
2253 769 2417 834 enim,
2464 767 2654 838 quales
2719 766 2959 832 tandem,
3018 762 3062 818 si
3097 761 3278 814 minus
3317 758 3469 824 deos,
3525 758 3715 812 existi-

452 876 600 916 mare
635 874 825 914 omnes
883 859 1016 914 istos
1049 868 1315 928 oporteat,
1380 874 1445 914 ex
1475 861 1664 914 eodem
1697 877 1889 918 rursus
1923 874 2146 920 auctore
2192 865 2487 928 discemus,
2524 864 2671 917 hunc
2706 861 2757 914 in
2791 860 3012 914 modum
3057 857 3344 912 scribente.

1050 951 1279 1007 CAPUT
1311 953 1426 1008 XV.

555 1047 894 1104 Dazmonibus
923 1048 1146 1101 istorum
1179 1047 1447 1115 sacriﬁcia
1489 1048 1630 1118 ﬁeri,
1663 1065 1767 1102 non
1791 1050 1917 1104 diis.

525 1215 543 1245 ι
572 1193 802 1252 Noverat
824 1210 1024 1261 autem.
1045 1211 1233 1273 utpote
1249 1206 1336 1260 cui
1357 1207 1542 1278 religio
1566 1225 1708 1266 cura:
1725 1223 1891 1276 esset.
1917 1215 2022 1270 diis

452 1287 669 1356 quidem
707 1293 930 1346 animati
957 1309 1180 1363 prorsus
1208 1298 1475 1352 immolari
1515 1301 1670 1367 nihil,
1699 1305 1792 1358 sed
1815 1313 2023 1359 tantum

453 1381 828 1451 diemonibus,
863 1401 957 1440 seu
992 1387 1116 1441 boni
1145 1389 1220 1442 illi
1256 1391 1385 1456 sint,
1427 1408 1520 1447 seu
1560 1395 1722 1460 mali;
1752 1396 2027 1466 simulque

454 1485 710 1540 noverat,
759 1493 991 1546 quorum
1031 1479 1316 1536 interesset
1344 1484 1673 1539 sacriﬁcium
1715 1486 1783 1542 iis
1820 1486 2020 1553 facere,

452 1567 758 1638 quibusque
783 1579 990 1625 tantum
1022 1573 1185 1627 rebus
1206 1588 1301 1628 eos
1334 1575 1410 1630 uti
1443 1588 1734 1646 oporteret,
1754 1580 1846 1648 qui
1882 1580 2028 1648 ipso-

453 1679 573 1718 rum
605 1680 762 1736 opem
798 1675 960 1736 atque.
1000 1669 1264 1724 auxilium
1300 1670 1714 1740 implorarent.»
1757 1675 1833 1729 Ac
1868 1676 2026 1730 dein-
2061 1707 2102 1764 Β

453 1773 611 1826 ceps:
639 1779 655 1809 ι
678 1757 850 1814 Pcrro
871 1777 974 1813 non
996 1760 1124 1822 diis,
1143 1762 1339 1831 inquit,
1361 1764 1452 1817 sed
1473 1763 1813 1821 (liﬂlllOlllbUS
1830 1783 2026 1821 cruen-

467 1857 519 1902 ta
539 1850 806 1904 sacriﬁcia
827 1851 895 1904 ab
918 1851 982 1905 iis
1001 1852 1179 1906 oblata
1195 1856 1441 1923 esse,qui
1461 1856 1689 1912 virtutes
1708 1858 1810 1912 hoc
1836 1859 1888 1912 in
1917 1861 2031 1914 uni-

453 1957 610 1997 verso
628 1943 883 2014 degentes
904 1954 1260 2016 agnoverant,
1280 1947 1331 2000 id
1353 1963 1478 2002 vero
1497 1949 1868 2017 theologorum
1888 1952 2028 2021 ipso-

453 2051 570 2090 rum
600 2036 705 2091 ﬁde
728 2053 792 2092 ac
826 2039 1144 2094 testimonio
1173 2040 1564 2110 comprobatur
1584 2061 1596 2096 :
1619 2042 1861 2113 illudque
1884 2061 2024 2115 prte-

455 2136 619 2193 terea,
657 2142 724 2181 ex
763 2127 955 2182 iisdem
995 2128 1190 2185 noxios
1217 2131 1352 2185 alios
1377 2146 1520 2198 esse,
1547 2133 1795 2203 aliosque
1824 2135 2020 2201 bonos,

451 2223 544 2289 qui
573 2219 702 2275 nihil
730 2220 1062 2277 incommodi
1081 2223 1298 2277 allaturi
1323 2225 1479 2280 nobis
1498 2235 1698 2281 essent.
1729 2247 1747 2280 ›
1771 2227 1897 2283 llaec
1917 2229 2028 2284 ille.

451 2316 519 2368 At
537 2331 662 2368 cum
683 2331 746 2370 ex
768 2317 1109 2373 daemonibus
1132 2319 1268 2374 alios
1292 2320 1510 2389 quidem
1536 2321 1728 2386 bonos,
1749 2324 1884 2379 alios
1902 2340 2029 2379 vero

453 2407 627 2461 malos
659 2422 780 2463 esse
817 2409 983 2474 dicat,
1013 2409 1297 2466 videamus
1332 2428 1534 2481 porro,
1571 2415 1771 2482 quibus
1806 2416 2025 2470 tandem

451 2501 789 2570 argumentis
813 2502 945 2556 deos
978 2503 1046 2556 ab
1079 2503 1197 2557 istis
1218 2504 1542 2570 celebratos,
1572 2521 1680 2558 non
1706 2505 1902 2563 bonos.
1933 2509 2028 2562 sed

450 2593 627 2648 malos
641 2591 811 2649 fuisse
828 2594 1104 2649 daemones
1119 2605 1373 2650 constare
1391 2607 1541 2652 certo
1556 2597 1744 2666 possit.
1762 2597 2026 2669 Equidem

451 2685 534 2738 vel
560 2686 661 2740 hac
696 2685 810 2755 ipsa
846 2687 1056 2741 ratione
1089 2689 1283 2743 conﬁci
1320 2705 1434 2744 rem
1459 2688 1732 2744 existimo.
1751 2689 2028 2760 Quidquid

451 2776 656 2832 bonum
692 2788 794 2846 est,
818 2780 1078 2850 prodesse
1099 2780 1256 2846 solet,
1277 2795 1471 2835 nocere
1491 2797 1639 2844 vero,
1655 2783 2024 2840 contrarium;

451 2871 622 2940 atqui,
663 2872 710 2927 si
743 2881 1014 2942 quotquot
1041 2888 1137 2927 seu
1161 2873 1270 2938 dii,
1300 2889 1393 2927 seu
1428 2874 1704 2929 diemones
1735 2875 1939 2944 passim
1973 2885 2026 2931 et

453 2960 658 3026 ubique
715 2958 1116 3027 priedicantur',
1171 2961 1248 3016 illi
1295 2962 1420 3031 ipsi,
1482 2965 1737 3033 inquam,
1797 2965 2026 3020 istorum

2641 953 3035 1009 ΚΕΦΑΛΑΙΟΝ
3089 953 3186 1004 lE'.

2133 1053 2261 1104 Ὅτι
2301 1049 2371 1104 τὰ
2414 1050 2674 1117 θυόμενα
2698 1046 2832 1114 παρ’
2873 1043 3094 1108 αὐτοῖς,
3131 1041 3435 1110 δαίμοσιν,
3470 1039 3612 1094 ἀλλ’
3637 1040 3708 1094 οὐ

2701 1117 2856 1181 θεοῖς
2895 1117 3114 1168 θύεται.

2204 1234 2222 1264 ι
2252 1211 2371 1267 Οἷδε
2405 1213 2515 1282 (79)
2545 1212 2599 1265 δὲ
2621 1213 2648 1264 ὁ
2671 1211 2768 1282 τῆς
2798 1206 3076 1269 εὐσεϐείας
3111 1201 3428 1276 φροντίζων,
3457 1203 3534 1265 ὡς
3566 1203 3713 1265 θεοῖς

2133 1304 2230 1375 μὲν
2260 1303 2320 1356 οὒ
2360 1303 2543 1356 θύεται
2577 1299 2817 1371 ἔμψυχον
2852 1297 3026 1360 οὐδὲν,
3075 1296 3292 1365 δαίμοσι
3336 1295 3412 1357 δὲ,
3444 1293 3559 1346 ἀλλ’
3591 1294 3713 1361 ἦτοι

2132 1395 2243 1467 (80)
2271 1394 2509 1462 ἀγαθοῖς,
2544 1394 2576 1464 ἢ
2608 1393 2700 1445 καὶ
2736 1389 2973 1460 φαύλοις·
3002 1387 3094 1440 καὶ
3123 1386 3281 1439 τίνων
3312 1385 3428 1438 ἐστὶ
3461 1385 3522 1436 τὸ
3559 1383 3715 1436 θύειν

2128 1485 2358 1548 τούτοις,
2398 1485 2494 1538 καὶ
2527 1483 2634 1536 τῶν
2664 1481 2790 1551 ἄχρι
2822 1478 2965 1541 τινος
2999 1476 3176 1530 αὐτῶν
3203 1475 3470 1544 δεομένων
3507 1473 3643 1540 (8t).
3688 1491 3708 1524 ι

2130 1579 2241 1632 Καὶ
2269 1574 2422 1640 αὖθις
2461 1575 2590 1646 ἑξῆς
2625 1589 2809 1645 φησιν·
2851 1590 2868 1621 ι
2905 1571 3027 1622 Ὅτι
3060 1569 3115 1621 δὲ
3141 1567 3250 1637 (82)
3281 1567 3340 1619 οὐ
3376 1566 3540 1628 θεοῖς,
3572 1562 3718 1618 ἀλλὰ

2129 1671 2349 1741 δαίμοσι
2372 1670 2472 1732 τὰς
2498 1668 2686 1729 θυσίας
2712 1666 2810 1728 τὰς
2839 1663 2925 1717 διὰ
2946 1661 3053 1715 τῶν
3087 1661 3336 1730 αἱμάτων
3359 1659 3638 1730 προς-ἦγον
3664 1657 3716 1708 οἱ

2129 1765 2228 1827 τὰς
2257 1767 2313 1817 ἐν
2332 1761 2410 1834 τῷ
2438 1762 2598 1814 παντί
2626 1758 2882 1828 δυνάμεις
2909 1753 3338 1825 καταμαθόντες,
3366 1751 3526 1803 τοῦτο
3548 1749 3717 1802 πεπί-

2132 1872 2330 1910 στωται
2355 1853 2482 1925 παρ’
2506 1850 2684 1906 αὐτῶν
2707 1848 2816 1902 τῶν
2837 1847 3119 1913 θεολόγων.
3145 1843 3255 1897 Καὶ
3280 1842 3382 1914 μὴν
3403 1839 3715 1896 ὅτιτούτων

2129 1949 2178 2000 οἱ
2207 1947 2302 2018 μὲν
2333 1943 2634 2008 κακοποιοὶ,
2667 1943 2716 1994 οἱ
2752 1941 2807 1993 δὲ
2840 1938 3056 2007 ἁγαθοὶ,
3085 1937 3178 1989 καὶ
3199 1935 3298 1988 οὐκ
3330 1932 3718 2004 ἐνοχλήσουσιν

2133 2037 2243 2106 (83)
2273 2033 2644 2107 ἡμῖν.»Ταῦτα
2692 2031 2790 2104 μὲν
2827 2033 2855 2084 ὁ
2897 2027 3283 2099 δεδηλωμένος.
3329 2025 3482 2079 Ἐπεὶ
3515 2025 3571 2077 δὲ
3604 2022 3718 2074 τῶν

2130 2127 2398 2198 δαιμόνων
2431 2125 2599 2196 ἔφησε
2624 2124 2750 2186 τοὺς
2787 2122 2884 2193 μὲν
2916 2120 3173 2188 ἀγαθοὺς,
3217 2117 3344 2179 τοὺς
3385 2116 3445 2168 δὲ
3471 2115 3720 2184 φαύλους

2132 2215 2289 2282 εἶναι,
2333 2217 2488 2289 φέρε,
2529 2215 2646 2279 πῶς
2685 2215 2906 2284 ἴδωμεν,
2946 2213 3027 2266 ὅτι
3055 2210 3176 2264 οὐδὲ
3208 2208 3400 2278 ἀγαθοὶ
3433 2207 3720 2277 δαίμονες,

2131 2310 2323 2379 φαῦλοι
2351 2308 2408 2360 δὲ
2433 2309 2481 2360 οἱ
2508 2305 2886 2378 νενομισμένοι
2907 2302 3084 2356 αὐτῶν
3106 2301 3219 2354 θεοὶ
3243 2301 3443 2363 πάντες
3467 2299 3725 2352 ἁλίσκον-

2129 2419 2254 2465 ται;
2300 2401 2498 2463 Λάϐοις
2524 2400 2568 2452 δ’
2598 2400 2663 2453 ἂν
2693 2401 2788 2452 καὶ
2821 2398 3009 2450 τούτου
3043 2395 3141 2465 τὴν
3171 2391 3444 2457 ἀπόδειξιν
3481 2386 3610 2444 ὦδε.
3647 2392 3727 2443 Τὸ

2129 2494 2331 2563 ἀγαθὸν
2357 2493 2574 2562 ὠφελεῖ,
2613 2492 2835 2562 βλάπτει
2863 2489 2917 2542 δὲ
2940 2487 2998 2541 τὸ
3025 2487 3286 2540 ἐναντίον.
3318 2485 3381 2536 Εἰ
3409 2484 3464 2537 δὲ
3494 2487 3725 2551 φανεῖεν

2129 2589 2175 2639 οἱ
2217 2585 2359 2640 κατὰ
2401 2585 2578 2638 πάντα
2622 2583 2784 2635 τόπον
2824 2578 3247 2651 ἀνηγορευμένοι
3290 2579 3399 2630 εἴτε
3449 2576 3564 2628 θεο)⁸
3604 2576 3727 2627 εἴτε

2127 2679 2402 2749 δαίμονες,
2433 2677 2586 2730 αὐτοὶ
2619 2674 2682 2746 δὴ
2709 2677 2758 2728 οἱ
2787 2674 2936 2746 παρὰ
2960 2673 3124 2726 πᾶσιν
3156 2671 3338 2733 αὐτοῖς
3367 2667 3726 2740 βεϐοημένοι,

2129 2769 2223 2823 καὶ
2258 2769 2392 2840 πρὸς
2423 2767 2528 2820 τῶν
2576 2764 2743 2818 ἐθνῶν
2789 2766 3040 2817 ἁπάντων
3084 2762 3568 2834 προσκυνούμενοι,
3603 2763 3636 2813 ὃ
3664 2778 3729 2814 τε

2129 2862 2359 2932 Κρόνος,
2389 2862 2482 2914 καὶ
2505 2863 2532 2914 ὁ
2552 2861 2706 2924 Ζεὺς,
2742 2860 2889 2929 ’Ἡρα
2917 2873 2974 2910 τε
3002 2857 3095 2909 καὶ
3133 2855 3332 2926 Ἀθηνᾶ
3354 2857 3446 2909 καὶ
3467 2858 3518 2907 οἱ
3542 2872 3735 2927 παρα-

2131 2955 2371 3024 πλήσιοι,
2415 2953 2474 3006 αἴ
2508 2969 2568 3004 τε
2603 2953 2829 3020 ἀφανεῖς
2862 2949 3136 3018 δυνάμεις,
3169 2946 3264 2999 καὶ
3296 2949 3345 2999 οἱ
3375 2947 3644 3018 δαίμονες
3675 2949 3733 3002 al

451 3049 695 3104 omnium
721 3065 818 3105 ore
840 3050 1056 3120 jactati,
1081 3062 1247 3123 atque
1275 3069 1305 3107 a
1339 3055 1592 3122 gentibus
1627 3055 1757 3109 culti
1809 3056 2023 3110 univer-

2133 3045 2223 3101 διὰ
2253 3045 2362 3099 τῶν
2395 3044 2598 3111 ξοάνων
2639 3042 3006 3115 ἐνεργοῦντες,
3034 3042 3093 3094 ού
3124 3043 3282 3112 μόνον
3315 3039 3467 3105 ζώων
3502 3040 3733 3108 ἀλόγων

452 3141 551 3206 sis,
589 3140 880 3209 Saturnus,
906 3142 1137 3214 Jupiter,
1163 3143 1327 3208 Juno,
1364 3144 1524 3217 154
1577 3146 1840 3216 Minerva,
1865 3148 2027 3219 idque

452 3249 623 3302 genus
652 3235 855 3298 cazteri,
883 3235 1129 3305 adeoque
1155 3236 1380 3290 virtutes
1417 3237 1521 3289 illa:
1566 3253 1688 3306 qua:
1717 3239 1821 3294 sub
1868 3254 2028 3308 aspe-

413 3332 600 3384 .ctum
635 3341 742 3380 non
773 3325 998 3391 cadunt,
1031 3326 1235 3396 quique
1274 3341 1369 3397 per
1395 3328 1684 3383 simulacra
1721 3331 1826 3383 vim
1872 3346 2026 3384 suam

449 3423 712 3468 exserunt
743 3416 1056 3482 daemones,
1116 3432 1232 3481 eos,
1291 3417 1534 3487 inquam,
1583 3434 1773 3474 omnes
1826 3421 1870 3474 si
1921 3437 2027 3475 non

452 3504 610 3556 modo
643 3505 927 3559 brurarum
994 3507 1378 3570 animantium,
1423 3522 1610 3560 verum
1645 3511 1808 3562 etiam
1850 3510 2028 3564 homi-

450 3610 580 3648 num
609 3592 847 3652 caadibus
881 3611 947 3651 ac
999 3597 1285 3652 sacriﬁciis
1317 3599 1592 3662 delectari,
1637 3600 1824 3670 sicque
1867 3602 2030 3656 mise-

451 3703 638 3740 rorum
669 3687 952 3742 hominum
973 3689 1169 3744 animis
1196 3691 1420 3743 exitium
1449 3691 1643 3746 alferre
1675 3693 2024 3760 ostendetur;

453 3789 615 3841 quam
665 3784 719 3827 tu
776 3775 1034 3829 dit-iorem
1071 3779 1174 3831 ista
1226 3779 1518 3846 perniciem
1553 3781 1790 3851 cogitare
1819 3783 2030 3851 possis?

447 3861 584 3915 Nam
652 3865 697 3918 si
752 3864 1073 3920 animalium
1135 3869 1346 3923 ratione
1395 3873 1701 3924 carentium
1757 3873 2025 3928 sacriﬁcia

444 3955 818 4009 exsecratione
847 3955 1008 4027 digna
1056 3958 1292 4028 malique
1319 3959 1522 4015 ominis
1554 3961 1858 4032 philosOphi
1909 3978 2030 4019 esse

446 4046 724 4112 dixerunt,
757 4049 804 4102 si
836 4049 1174 4117 detestanda,
1212 4051 1258 4106 si
1301 4050 1524 4120 injusta,
1584 4061 1747 4122 atque
1794 4054 2026 4122 nefaria,

449 4139 690 4210 ipsisque
711 4141 845 4196 adeo
888 4143 1214 4200 facientibus
1276 4145 1531 4207 exitiosa,
1561 4147 1898 4217 proindeque
1922 4149 2027 4205 diis

449 4248 673 4302 prorsus
714 4233 936 4306 indigna
965 4253 977 4289 :
1007 4236 1139 4305 quid
1191 4237 1706 4307 dejugulaudorum
1740 4239 2024 4295 hominum

448 4327 844 4382 consuetudine
874 4330 1214 4384 sentiendum
1245 4330 1386 4384 erit?
1412 4328 1656 4400 profecto
1689 4330 2022 4398 impietatem

2137 3139 2372 3205 σφαγαῖς
2401 3136 2493 3188 καὶ
2516 3135 2748 3198 θυσίαις,
2782 3133 2916 3187 ἀλλὰ
2944 3135 3038 3186 καὶ
3069 3132 3481 3202 ἀνδροκτασίαις
3506 3133 3608 3184 καὶ
3634 3134 3736 3185 ἁν-

2135 3228 2536 3302 θρωποθυσίαις
2565 3229 2865 3299 χαίροντες,
2893 3226 2994 3280 «καὶ
3040 3225 3208 3295 ταύτῃ
3251 3223 3348 3288 τὰς
3391 3223 3572 3294 ψυχὰς
3615 3224 3734 3277 τῶν

2135 3320 2330 3372 ἀθλίων
2355 3319 2656 3392 ἀνθρώπων
2683 3305 3085 3388 λυμαινόμενοι·
3117 3316 3237 3369 τίνα
3261 3316 3477 3386 χείρονα
3513 3316 3734 3386 ταύτης

2137 3410 2340 3482 βλάϐην
2370 3413 2715 3481 ὲπινοήσειας
2739 3427 2754 3476 ;
2777 3411 2839 3464 El
2869 3411 2975 3481 γὰρ
2999 3412 3031 3481 ή
3069 3409 3157 3463 διὰ
3191 3409 3300 3462 τῶν
3326 3407 3477 3473 ζώων
3503 3408 3736 3476 ἀλόγων

2135 3504 2297 3558 θυσία
2336 3504 2608 3576 ἐπάρατος
2646 3503 2740 3557 καὶ
2782 3503 3073 3566 κακόθυτος
3107 3502 3241 3575 πρὸς
3271 3502 3379 3554 τῶν
3409 3501 3736 3571 φιλοσόφων

2134 3597 2349 3668 ἐλέχθη,
2393 3596 2614 3668 μυσαρὰ
2641 3614 2698 3650 τε
2730 3598 2823 3649 καὶ
2849 3595 3032 3659 ἄδικος
3067 3595 3161 3648 κα)⁸
3205 3595 3439 3656 ἀνόσιος,
3483 3595 3583 3646 καὶ
3627 3597 3736 3650 οὐκ

2133 3690 2375 3762 ἀϐλαϐὴς
2412 3694 2524 3754 τοῖς
2564 3689 2770 3752 θύουσι,
2814 3691 2907 3743 καὶ
2950 3689 3040 3742 διὰ
3065 3705 3127 3754 γε
3156 3687 3326 3741 ταῦτα
3363 3688 3548 3740 πάντα
3583 3689 3735 3742 θεῶν

2134 3783 2345 3849 ἀναξία,
2380 3784 2431 3836 τί
2460 3781 2563 3854 χρὴ
2595 3781 2833 3853 νομίζειν
2866 3783 2962 3852 τὴν
2991 3780 3099 3836 τῶν
3131 3779 3430 3851 ἀνθρώπων
3461 3783 3732 3852 σφαγήνς

2133 3877 2209 3946 ἢεί
2242 3877 2438 3939 παντὸς
2468 3875 2604 3946 αὕτη
2626 3875 2818 3943 γένοιτ’
2835 3872 2900 3927 ἂν
2923 3873 3258 3945 ἀσεϐεστάτη
3287 3874 3379 3925 καὶ
3411 3873 3735 3928 ἀνοσιίυτά-

2133 3987 2220 4041 τη.
2246 3969 2369 4032 Πῶς
2393 3965 2486 4022 οὖν
2515 3967 2740 4036 ἀγαθοῖς
2767 3967 3033 4036 δαίμοσιν,
3061 3966 3183 4036 οὐχ).
3213 3965 3268 4018 δὲ
3306 3969 3420 4029 τοῖς
3451 3969 3736 4038 παμμιά-

2140 4077 2252 4131 ροις
2281 4060 2373 4112 καὶ
2407 4058 2774 4130 πανωλέθρως
2808 4056 3111 4127 πνεύμασιν
3140 4059 3363 4121 εἰκότως
3384 4057 3448 4111 ἂν
3495 4057 3733 4130 λεχθείη

2134 4152 2471 4226 προσφιλήςς
2515 4152 2653 4222 Φέρε
2691 4146 2783 4204 οὖν
2825 4149 3128 4220 ἐλέγξωμεν
3180 4150 3272 4202 καὶ
3313 4149 3735 4222 ἀποδείξωμεν,

2131 4245 2326 4297 ὁπόσον
2351 4246 2384 4314 ἡ
2410 4243 2509 4313 τῆς
2535 4242 2794 4296 πολυθέου
2822 4242 3029 4313 πλάνης
3048 4241 3194 4312 λύμη
3217 4240 3311 4294 τοῦ
3339 4240 3450 4312 βίον
3480 4243 3600 4294 τῶν
3625 4245 3735 4297 ἀνο

2133 4337 2363 4412 θρώπων
2389 4339 2494 4411 πρὸ
2515 4339 2613 4409 τῆς
2640 4337 2732 4390 τοῦ
2767 4337 3012 4407 Σωτῆρος
3046 4336 3202 4407 ἡμῶν
3232 4335 3604 4406 εὐαγγελικῆς
3640 4341 3736 4392 δι-

447 4430 512 4469 ac
544 4415 723 4471 scelus
750 4433 911 4472 onme
952 4420 1021 4472 ab
1069 4436 1132 4474 ea
1185 4421 1345 4492 longe
1383 4421 1726 4492 multumque
1754 4423 2020 4492 superari.

2133 4429 2422 4493 δασκαλίας
2442 4427 2685 4500 ἐκράτει.
2718 4427 2985 4481 Λελύσθαι
3013 4425 3122 4498 γὰρ
3142 4425 3310 4497 αὐτὴν
3340 4427 3432 4479 καὶ
3463 4427 3737 4500 καθῃρῆ-

447 4507 603 4574 Quod
627 4510 673 4564 si
698 4512 770 4564 ita
805 4521 907 4577 est,
944 4513 1069 4581 quis
1101 4513 1247 4567 illam
1293 4513 1418 4583 jure
1469 4514 1628 4570 bouis
1662 4515 2023 4579 (immunibus.

445 4616 511 4656 ac
540 4615 644 4656 non
679 4605 860 4671 petius
884 4604 1176 4658 teterrimis
1205 4604 1881 4676 spiritibus,omniumque
1905 4624 2025 4678 per—

447 4692 644 4746 niciem
672 4702 726 4747 et
753 4694 1028 4749 interitum
1061 4695 1411 4751 molientibus
1445 4696 1659 4765 placere
1685 4697 1876 4752 dicat?
1913 4699 2025 4769 Age

447 4786 629 4856 itaque
652 4788 897 4842 omnium
929 4803 1198 4858 ponamus
1245 4797 1372 4843 ante
1412 4790 1627 4852 oculos,
1660 4806 1825 4860 quam
1868 4791 2026 4860 longe

444 4875 680 4947 lateque,
720 4880 1040 4949 priusquam
1082 4880 1183 4949 ipsi
1235 4881 1546 4950 evangelica
1586 4879 1894 4937 Servatoris
1926 4896 2024 4936 no-

445 4971 540 5022 stri
567 4971 814 5025 doctrina
843 4973 1150 5040 obsisteret,
1188 4983 1297 5028 tota
1342 4974 1627 5029 hominum
1653 4975 1761 5029 vita
1801 4990 2021 5046 grassa-

516 5071 548 5104 ει
573 5060 654 5114 to:
693 5057 752 5131 ἦ.

524 5152 629 5224 (79)
666 5153 818 5209 Οἵδε.
847 5155 1157 5224 Theologus
1211 5156 1300 5210 ille
1326 5155 1596 5216 videlicet,
1626 5170 1785 5223 quem
1831 5154 2020 5208 laudat

443 5238 510 5276 eo
535 5226 656 5296 loco
680 5225 946 5296 Porphyr.
980 5227 1016 5281 Ι.
1050 5242 1110 5290 ιι,
1144 5242 1195 5295 p.
1225 5226 1348 5289 189,
1388 5226 1476 5280 ubi
1514 5226 1746 5278 habetur
1775 5225 1897 5296 ὅτι,
1922 5241 2018 5290 pro

442 5296 472 5345 ὁ
496 5295 616 5364 τῆς,
644 5309 766 5365 Quae
793 5294 953 5366 lectio
979 5294 1194 5366 probari
1221 5298 1383 5350 etiam
1421 5305 1597 5366 potest
1626 5310 1726 5364 pro
1756 5295 1852 5348 ἅτε
1881 5294 1964 5366 δή.

518 5365 627 5433 (δυ)
672 5367 832 5420 Ἀλλ’
863 5365 1013 5435 ἦτοι.
1043 5365 1328 5437 Porphyr.,
1359 5367 1466 5419 Καὶ
1490 5365 1670 5427 ἄλλοις
1692 5367 1830 5435 ἦτοι,
1879 5365 2022 5419 men-

443 5434 596 5496 dose,
624 5448 681 5488 ut
711 5434 939 5492 videtur.

519 5505 632 5574 (8|)
657 5507 765 5558 Καὶ
793 5521 911 5560 των
943 5505 1082 5574 ἄχρι
1105 5505 1269 5571 τινὸς
1307 5504 1507 5558 αὐτῶν
1535 5503 1696 5572 δεομ.
1726 5504 2016 5574 Porphyr.,

444 5575 632 5637 αὐτοῦ,
671 5590 863 5642 nempe
915 5576 1082 5629 θύειν.
1137 5576 1544 5646 Fortelegend.
1604 5587 1722 5646 διιζ
1742 5582 1837 5628 καὶ
1889 5578 2016 5646 ἄχρι

373 5696 388 5704 _
443 5646 607 5710 τίνος,
628 5647 743 5698 τῶν
778 5646 957 5698 αὐτῶν
989 5647 1276 5716 δεομένων.
1301 5645 1468 5699 Norat
1497 5645 1641 5723 enim
1684 5645 2014 5723 Theologus,

445 5734 551 5772 non
590 5717 748 5771 modo
774 5732 1007 5786 quorum
1047 5729 1192 5772 esset
1237 5719 1342 5773 illis
1369 5718 1699 5784 sacriﬁcare,
1729 5717 1821 5772 sed
1849 5717 2011 5770 etiam

2132 4521 2253 4575 σθαι
2301 4522 2401 4574 οὐκ
2447 4520 2632 4575 ἄλλοτε
2686 4518 2718 4589 ἢ
2771 4519 2910 4571 κατὰ
2957 4519 3082 4580 τοὺς
3141 4516 3412 4588 Ἀδριανοῦ
3457 4520 3734 4590 χρόνους,

2129 4615 2304 4683 φωτὸς
2338 4614 2494 4680 δίκην
2521 4613 2620 4685 ἤδη
2644 4611 3054 4682 διαλαμπούσης
3085 4612 3175 4663 ἐπὶ
3206 4610 3380 4663 πάντα
3413 4611 3585 4664 τόπον
3623 4615 3738 4686 τῆς

2125 4707 2218 4762 τοῦ
2257 4704 2493 4778 Χριστοῦ
2523 4705 2890 4769 διδασκαλίας.
2922 4700 3015 4768 Οἷς
3041 4705 3139 4775 οὐχ
3163 4705 3343 4775 ἡμεῖς,
3380 4701 3495 4756 ἀλλ’
3529 4707 3736 4761 αὐτῶν

2128 4801 2286 4854 πάλιν
2325 4799 2434 4852 τῶν
2475 4799 2547 4870 μὴ
2580 4800 2647 4851 τὰ
2678 4799 2918 4870 ἡμέτερα
2952 4796 3288 4867 φρονούντων
3324 4798 3738 4866 μαρτυρήσου-

2128 4908 2210 4944 σιν
2259 4891 2314 4943 αί
2371 4889 2542 4958 φωναὶ
2590 4887 2904 4958 διαρρήδην,
2945 4885 3053 4937 τῶν
3107 4884 3214 4954 πρὸ
3259 4882 3446 4934 τούτου
3497 4884 3737 4952 χρόνων

2125 4980 2391 5050 τοσαύτην
2431 4977 2828 5049 κατηγοροῦσαι
2881 4973 3201 5047 μοχθηρίαν,
3253 4973 3392 5027 ὥστε
3431 4973 3537 5045 ἠδη
3587 4977 3737 5040 τοὺς

2123 5161 2246 5229 ἄχρι
2282 5159 2443 5221 τίνος,
2489 5153 2962 5229 supple,_cb_0dew
2996 5154 3172 5229 ἐστίν..
3198 5154 3253 5206 id
3281 5162 3404 5229 es_t_:
3433 5164 3734 5229 _quale_nus

2124 5220 2366 5298 progredi
2394 5220 2750 5296 sacriﬁcando
2779 5225 2999 5298 debeant
3025 5239 3042 5298 ς
3093 5224 3242 5298 solos
3266 5293 3278 5298 _
3307 5220 3562 5278 videlicet
3598 5225 3737 5282 fru-

2125 5293 2240 5355 ctus
2275 5293 2568 5358 oll‘erendo,
2603 5298 2672 5350 ab
2716 5295 2970 5349 animatis
2993 5293 3336 5348 abstinendo.

2197 5368 2306 5435 (82)
2339 5369 2463 5420 Ὅτι
2488 5366 2573 5420 δέ.
2605 5367 2826 5434 Porph.,
2847 5366 2930 5435 ib.
2956 5380 3006 5434 p.
3036 5364 3162 5418 229.

2338 5439 2447 5491 Καὶ
2469 5441 2579 5491 οὐκ
2605 5434 3131 5508 ἐνοχληΡυψΙιγΓ..
3183 5434 3236 5508 οἳ
3260 5434 3565 5508 οὑκ-,ἐνοχη
3625 5452 3733 5491 re.

2121 5505 2222 5563 cte‘.
2249 5505 2437 5596 subdit
2465 5519 2666 5596 amem,
2692 5507 2836 5591 quod
2869 5507 2934 5559 ad
2965 5521 3158 5596 sensus
3182 5505 3546 5596 integritatem
3580 5522 3734 5573 per—

2122 5582 2275 5644 tinet,
2328 5580 2458 5648 ἡμῖν
2510 5573 2929 5648 ἀπαρχόμένοις-
2969 5576 3031 5648 ἐκ
3072 5576 3270 5648 μόνων,
3300 5573 3374 5632 ὦν
3416 5573 3730 5648 ἐσθίομεν,

2121 5651 2212 5704 καὶ
2244 5646 2513 5721 τρέιρομεν
2538 5649 2572 5720 ἢ
2611 5648 2670 5701 τὸ
2689 5646 2874 5717 σῶμα,
2905 5646 2937 5718 ἢ
2966 5647 3072 5717 τὴν
3095 5646 3290 5718 ψυχήν.
