4024 6408
268 342 359 399 Ξτδ
1360 327 1683 385 PREPAB.
1725 328 1982 386 EVANG.
2019 327 2151 386 LIB.
2186 325 2274 384 IV.
3388 324 3494 381 οτι

264 478 338 532 ρι-
371 456 597 527 μνήμης.
633 449 890 522 ἐμφύλιον
929 451 1018 505 ἀει
1058 444 1195 523 αἷμα
1241 452 1484 523 ῥαίνουσι
1519 452 1655 523 πρὸς
1688 454 1779 506 τοὺ

1883 512 1884 519 η
1921 455 2162 508 humano
2192 448 2459 517 sanguine
2483 446 2745 514 litavisse,
2782 446 3073 503 Philareho
3105 447 3372 504 referente
3399 464 3494 504 ac-

263 546 464 620 βωμούς.
490 563 508 596 ι
535 542 716 597 Ταῦτα
750 543 848 612 μὲν
876 537 970 595 οὖν
1003 544 1067 595 ἐκ
1094 543 1195 613 τῆς
1224 542 1662 615 προδηλωθείσης
1690 542 1775 596 κεί

1912 544 2181 615 cepimus.
2239 539 2515 607 Thracas,
2573 538 2911 611 Scythasque
2971 550 3254 611 praetereo,
3296 556 3491 611 quem-

260 640 352 694 σθω
374 636 577 707 γραφῆς
598 651 611 665 ⁸
639 637 700 688 ἐκ
730 634 786 687 δὲ
827 633 921 687 τοῦ
964 632 1181 705 πρώτου
1231 635 1657 707 συγγράμματος
1703 635 1779 707 τῆ.

1912 634 2204 690 admodum
2238 632 2595 688 Athenienses
2640 630 2947 696 Erechthei,
2985 631 3395 703 Praxitheazque
3435 632 3492 688 ll-

256 730 452 791 οῦωνος
491 726 801 796 Φοινικικῖκ
858 728 1099 799 ἱστορίας
1158 727 1551 799 παραθήσομαι
1610 724 1779 781 ταῦτα

1914 725 2042 781 liam
2070 727 2385 799 ceciderint,
2419 729 2553 784 nihil
2586 725 2730 781 dico.
2758 724 2892 781 lllud
2932 739 3112 781 autem
3142 726 3268 797 quis
3291 726 3486 791 nescit,

255 825 412 895 Magna
446 824 498 877 in
545 820 714 887 Urbe,
797 821 1075 877 hominem
1145 822 1293 878 circa
1339 821 1489 877 Jovis
1534 820 1770 876 Latiaris
1842 820 2009 877 ferias
2062 822 2331 894 hodieque
2384 824 2652 879 mactari?
2683 843 2702 877 ι
2756 824 2821 879 Et
2866 837 3069 879 rursus,
3108 840 3122 877 :
3155 839 3173 873 ι
3225 820 3302 875 Ex
3351 836 3482 892 quo,

253 920 417 991 ixquit,
447 919 510 973 ad
554 927 767 973 aetatem
802 934 976 989 usque
1010 928 1276 986 nostram,
1312 935 1419 974 non
1454 929 1663 974 tantum
1698 917 1782 972 vel
1823 917 1876 972 in
1913 918 2147 976 Arcadia
2212 922 2444 977 solemni
2478 921 2858 993 Lupercalium
2927 919 3088 986 festo,
3121 920 3203 975 vel
3239 919 3470 975 Cartha.

250 1018 350 1088 εἰπε
384 1014 617 1068 Saturno
680 1014 915 1083 pOpulus
950 1014 1244 1070 universus
1277 1013 1528 1069 homines
1599 1011 1868 1076 immolat,
1911 1014 2004 1068 sed
2041 1015 2206 1070 etiam
2259 1025 2409 1070 certo
2460 1025 2713 1085 stathue
2762 1014 3040 1071 redeuntis
3076 1014 3204 1069 anni
3257 1014 3481 1081 circulo,

247 1109 301 1164 ad
330 1104 721 1175 usurpationem
760 1105 958 1161 veteris
987 1105 1218 1182 fixaeque
1279 1107 1488 1177 legibus
1555 1105 1852 1171 memorizr,
1890 1121 2013 1163 aras
2076 1108 2225 1164 civili
2282 1124 2497 1179 semper
2547 1124 2612 1164 ac
2664 1108 2968 1163 domestico
3020 1122 3215 1163 cruore
3254 1106 3483 1178 perfun-

244 1202 374 1257 dunt.
408 1218 426 1251 ι
489 1197 768 1254 llactenus
808 1214 874 1254 ex
919 1199 1243 1271 Porphyrio.
1279 1199 1399 1255 Jam
1456 1216 1522 1256 ex
1576 1200 1753 1270 primo
1803 1197 2052 1257 Philonis
2097 1203 2164 1257 de
2200 1200 2522 1257 thnicum
2570 1200 2796 1257 historia
2838 1202 3112 1255 volumine
3150 1204 3265 1255 haec
3308 1214 3481 1270 pauca

242 1295 520 1361 subjiciam.

297 1404 315 1439 ι
347 1384 496 1448 Ἕθος
541 1379 613 1455 ἦν
640 1387 753 1449 τοῖς
783 1384 1025 1450 παλαιοῖς
1058 1386 1116 1440 ὲν
1153 1388 1272 1449 ταῖς
1305 1386 1568 1457 μεγάλαις
1595 1403 1779 1458 συμφο

1986 1402 2005 1436 ι
2036 1382 2191 1453 Apud
2226 1391 2455 1447 veteres,
2484 1379 2680 1450 inquit,
2710 1379 2762 1435 in
2800 1366 2959 1436 more
2977 1380 3210 1451 positum
3250 1390 3387 1447 erat,
3422 1389 3482 1437 ut

238 1482 338 1552 ριίς
362 1477 463 1529 τῶν
503 1476 766 1530 κινδύνων
795 1479 915 1531 ἀντὶ
948 1478 1045 1550 τῆς
1078 1478 1295 1532 πάντων
1326 1480 1530 1552 φθορᾶς
1576 1480 1634 1533 τὸ
1659 1482 1794 1550 ἠγα-

238 1570 446 1642 πμὲνον
479 1569 590 1623 τῶν
647 1570 856 1624 τέκνων
894 1572 1019 1635 τοὺς
1057 1571 1392 1643 κρατοῦντας
1428 1573 1460 1643 ἦ
1509 1573 1712 1638 πόλεως
1757 1573 1789 1645 ἢ

234 1664 388 1727 ἔθνους
425 1664 503 1726 είς
544 1664 762 1735 σφαγὴν
801 1664 1091 1718 ἐπιδιδόναι
1139 1664 1332 1737 λύτρον
1371 1669 1483 1730 τοῖς
1528 1668 1790 1738 τιμωροῖς

231 1753 437 1823 δαίμοσι.
472 1752 927 1823 Κατεσφάττοντο
981 1753 1038 1807 δὲ
1084 1754 1132 1806 οἱ
1177 1754 1439 1826 διδόμενοι
1492 1754 1786 1826 μυστικῶς.

1911 1493 1965 1531 tn
2018 1475 2251 1532 summis
2292 1473 2606 1545 reipublicae
2657 1472 3083 1536 calamitatibus,
3135 1487 3298 1544 penes
3342 1491 3482 1543 quos

1902 1581 1997 1625 aut
2028 1568 2271 1625 civitatis
2305 1576 2400 1622 aut
2448 1566 2623 1636 gentis
2658 1565 2942 1635 imperium
2988 1575 3154 1633 esset,
3188 1567 3221 1622 ii
3275 1566 3478 1622 libero-

1898 1678 2018 1716 rum
2054 1675 2283 1717 suorum
2319 1657 2657 1725 charissimi,
2701 1656 2972 1712 ultoribus
3019 1659 3359 1714 daemonibus
3390 1659 3481 1727 ju-

1899 1753 2090 1824 gulati,
2133 1752 2399 1824 sanguine
2450 1751 2607 1823 quasi
2661 1752 2872 1822 pretio,
2923 1748 3199 1821 publicum
3249 1751 3475 1805 exitium

234 1846 408 1917 Κρόνος
441 1845 646 1911 τοίνυν,
674 1845 735 1898 ὃν
776 1845 824 1899 οί
876 1846 1121 1910 Φοίνικες
1156 1846 1372 1919 Ἰσραὴλ
1421 1848 1779 1922 προσαγορεύ-

1897 1846 2288 1917 interitumque
2329 1846 2677 1901 redimerent.
2721 1841 2825 1910 Qui
2855 1858 2987 1900 vero
3013 1854 3127 1898 tum
3169 1842 3236 1898 ad
3265 1843 3475 1899 sacriti-

229 1956 345 1999 ουτι,
366 1936 662 2008 βασιλεύων
681 1938 781 2008 τῆς
807 1937 1008 2009 χώρας,
1032 1941 1125 1992 καὶ
1149 1938 1373 2013 ὕστερον
1401 1940 1538 2013 μετά
1560 1941 1658 2013 τὴν
1693 1941 1787 1996 τοῦ

230 2033 325 2103 βίον
352 2031 600 2103 τελευτὴν
616 2032 697 2095 είς
718 2032 808 2083 τὸν
841 2030 934 2084 τού
967 2033 1171 2105 Κρόνου
1191 2034 1394 2104 ἀστέρα
1412 2035 1786 2107 καθιερωθεὶς,

228 2125 273 2192 ἐξ
300 2122 585 2194 ἐπιχωρίαις
629 2122 848 2195 νύμφης
878 2124 1146 2197 Ἀνωὸρὲτ
1179 2125 1474 2198 λεγομένης
1505 2127 1618 2181 υἱὸν
1653 2128 1789 2199 ἔχων

228 2213 478 2283 μονογενῆ.
500 2213 561 2265 ὃν
590 2213 682 2267 διὰ
706 2214 863 2267 τοῦτο
893 2215 1055 2268 Ἰεοὺδ
1076 2215 1325 2279 ἐκάλουν,
1348 2217 1441 2271 τοῦ
1470 2218 1788 2289 μονογενοῦς

222 2303 367 2367 οὕτως
386 2303 464 2356 ἔτι
491 2305 587 2356 καὶ
619 2302 714 2356 νῦν
742 2303 1077 2375 καλουμένου
1110 2304 1261 2377 παρὰ
1290 2310 1403 2371 τοῖς
1429 2306 1649 2373 Φοίνιξι,
1674 2324 1788 2359 κιν-

222 2398 364 2452 δύνων
392 2400 454 2451 ἐκ
474 2398 718 2469 πολέμου
744 2398 1017 2470 μεγίστων
1039 2399 1441 2470 κατειληφότων
1466 2400 1563 2472 τὴν
1583 2400 1784 2473 χώραν,

225 2490 457 2561 βασιλικῷ
484 2492 776 2562 κοσμήσας
807 2492 1043 2562 σχήματι
1070 2491 1161 2543 τὸν
1195 2490 1308 2543 υἱὸν
1329 2530 1343 2554 ,
1386 2489 1572 2562 βωμόν
1602 2508 1661 2545 τε
1687 2508 1790 2546 κα-

222 2580 678 2651 τασκευασάμενος
724 2581 1009 2635 κατέθυσε.
1065 2600 1082 2633 ι
1124 2580 1309 2634 Ταῦτα
1344 2582 1441 2651 μὲν
1478 2577 1571 2635 οὖν
1600 2582 1788 2637 τοῦτον

222 2666 315 2743 εἶχε
335 2673 420 2725 τὸν
438 2673 669 2744 τρόπον.
696 2673 935 2737 Εἰκότως
956 2672 1065 2744 ἄρα
1092 2674 1120 2726 ό
1147 2673 1447 2744 θαυμάσιος
1476 2674 1704 2747 Κλήμης
1728 2678 1785 2731 ὲν

221 2766 285 2838 τῷ
311 2769 435 2837 πρὸς
459 2766 733 2838 Ἕλληνας
762 2766 1197 2835 Προτρεπτικῷ,
1216 2768 1354 2822 αύτὰ
1380 2767 1444 2839 δὴ
1473 2768 1644 2823 ταῦτα
1671 2771 1787 2824 ἐπι-

224 2858 567 2930 μεμφόμενος,
609 2858 786 2912 τοιάδε
815 2860 907 2912 καὶ
939 2858 1102 2924 αὐτὸς
1136 2859 1234 2932 τὴν
1282 2859 1491 2932 πλάνην
1535 2861 1644 2915 τῶν
1692 2862 1781 2918 (ιν⁴

221 2953 423 3024 θρώπων
478 2951 886 3024 ἀπολοφύρεται
933 2951 1137 3021 λέγων·
1194 2971 1214 3007 ι
1268 2954 1392 3025 Φέρ³
1427 2950 1517 3009 οὖν
1546 2956 1639 3026 δὴ,
1689 2955 1785 3011 καὶ

220 3043 351 3097 τοῦτο
383 3043 740 3116 προσθῶμεν,
774 3045 849 3108 ὡς
883 3044 1243 3117 ἀπάνθρωποι
1268 3047 1362 3100 καὶ
1410 3046 1783 3120 μισάνθρωποι

218 3134 439 3206 δαίμονες
462 3131 579 3189 εἶεν
615 3137 743 3207 ὑμῖν
774 3138 821 3190 οἱ
848 3136 981 3201 θεοὶ,
1018 3136 1113 3190 καὶ
1137 3138 1259 3207 οὐχὶ
1287 3139 1447 3210 μόνον
1476 3140 1785 3212 ἐπιχαίρον-

217 3244 289 3290 τες
317 3232 376 3298 τῇ
412 3228 805 3300 φρενοϐλαϐεία
838 3229 943 3284 τῶν
969 3230 1297 3301 ἀνθρώπων,
1331 3233 1467 3310 πρὸς
1495 3233 1552 3287 δὲ
1574 3236 1668 3288 καὶ
1697 3236 1785 3288 ἀν-

218 3315 603 3386 θρώποκτονίας
630 3318 997 3385 ἀπολαύοντες
1016 3339 1028 3352 ·
1059 3322 1176 3375 νυνὶ
1206 3324 1302 3392 μὲν
1326 3324 1423 3388 τὰς
1457 3325 1514 3377 ὲν
1546 3326 1780 3390 σταδίοις

215 3408 442 3473 ἐνόπλους
477 3411 836 3478 φιλονεικίας,
860 3414 976 3466 νυνὶ
1009 3413 1063 3466 δὲ
1102 3415 1202 3477 τὰς
1224 3416 1281 3467 ὲν
1306 3416 1565 3487 πολέμοις
1585 3419 1779 3491 ἀναρί-

216 3498 361 3570 θμους
390 3502 731 3573 φιλοτιμίας,
761 3504 1014 3576 ἀφορμὰς
1061 3505 1243 3575 σφίσιν
1268 3506 1460 3577 ἡδονῆς
1484 3506 1778 3581 ποριζόμε-

215 3609 299 3654 νοι,
341 3594 486 3658 ὅπως
548 3596 630 3648 ὃτι
676 3595 908 3667 μάλιστα
948 3597 1121 3668 ἔχοιεν
1159 3596 1513 3670 ἀνθρωπείων
1557 3601 1777 3671 ἀναίδην

217 3683 545 3757 ἐμφορεῖσθαι
592 3688 790 3756 φόνων.
830 3688 967 3760 Ἤδη
1014 3689 1070 3743 δὲ
1120 3691 1260 3744 κατὰ
1311 3692 1496 3755 πόλεις
1524 3693 1616 3745 καὶ
1650 3693 1775 3765 ἔθνη

216 3779 351 3830 οἱονεὶ
366 3779 544 3849 λοιμοὶ
573 3780 999 3851 ἐπισκήψαντες,
1033 3784 1264 3847 σπονδὰς
1314 3784 1603 3855 ἁπῄτησαν
1644 3785 1777 3858 ἀνη-

219 3868 409 3941 μέρους.
474 3872 869 3944 Ἀριστομένης
914 3874 1046 3942 γοῦν
1087 3877 1114 3929 ὁ
1159 3876 1466 3949 Μεσσήνιος
1506 3878 1586 3949 τῷ
1630 3878 1776 3932 ἰθωκ

220 3960 329 4033 μίτῃ
367 3960 471 4031 (96)
504 3963 590 4016 Διὶ
615 3964 955 4035 τριακοσίους
983 3964 1293 4034 ἀπέσφαξε·
1334 3969 1602 4034 τοσαύτας
1640 3970 1774 4041 ὁμοῦ

217 4051 294 4103 καί
321 4053 575 4119 τοιαύτας
603 4054 902 4127 καλλιερεῖν
935 4058 1180 4128 οἰόμενος
1213 4060 1522 4131 ἑκατόμϐας
1542 4079 1556 4092 ο
1601 4063 1660 4116 ὲν
1694 4056 1775 4128 οἷς

218 4144 294 4195 καὶ
316 4144 633 4217 Θεόπομπος
652 4142 721 4218 ἦν
748 4149 777 4201 ό
799 4147 1241 4220 Λακεδαιμονίων
1271 4149 1542 4222 βασιλεὺς,
1580 4155 1775 4225 ἱερεῖον

219 4236 433 4303 εὐγενές,
458 4236 665 4310 Ταῦροι
708 4238 762 4292 δὲ
801 4239 862 4293 τὸ
886 4240 1066 4306 ἔθνος,
1092 4242 1143 4295 oi
1181 4244 1310 4314 περὶ
1361 4244 1457 4316 τὴν
1496 4246 1774 4319 Ταυρικὴν

218 4328 538 4401 Χερμνησον
563 4331 965 4398 κατοικοῦντες,
1000 4333 1094 4399 οὒς
1119 4334 1184 4389 ἂν
1211 4335 1319 4389 τῶν
1340 4335 1506 4402 ξένων
1526 4340 1653 4410 παρ’
1680 4338 1775 4391 αύ-

215 4423 310 4485 τοίς
338 4421 519 4489 ἕλωσι,
551 4423 756 4477 τούτων
796 4424 860 4496 δὴ
886 4426 995 4479 τῶν
1027 4428 1167 4482 κατὰ
1208 4427 1476 4489 θάλατταν
1519 4430 1775 4484 ἐπταικό-

214 4525 324 4575 των,
362 4512 562 4569 αὐτίκα
604 4513 749 4585 μάλα
793 4518 860 4586 τῇ
897 4516 1141 4588 Ταυρικῇ
1178 4518 1538 4572 καταθύυυσιν
1590 4520 1773 4593 Ἀρτέ-
1805 4542 1849 4598 ι)

218 4602 331 4670 μιδι.
353 4604 567 4669 Ταύτας
594 4623 686 4658 σου
712 4618 739 4647 ι
766 4606 865 4671 τὰς
895 4606 1083 4671 θυσίας
1130 4610 1221 4663 ἐπὶ
1264 4612 1468 4682 σκηνῆς
1507 4612 1775 4684 τραγῳδεῖ

216 4696 239 4746 ὁ
268 4695 573 4767 Εὐριπίδης.
597 4697 839 4769 Μόνιμος
866 4698 976 4771 (97)
998 4700 1057 4753 δὲ
1083 4701 1283 4772 ἱστορεῖ
1305 4704 1362 4754 ἐν
1390 4705 1458 4773 τῇ
1489 4703 1610 4756 Τῶν
1628 4706 1772 4757 θαυ-

210 4786 423 4850 μασίων
447 4787 769 4857 συναγωγῇ
793 4790 850 4840 ὲν
883 4788 1061 4861 Πέλλῃ
1093 4789 1195 4860 τῆς
1213 4790 1509 4857 Θετταλίας
1555 4792 1771 4863 Ἀχαιὸν

218 4876 478 4948 ἄνθρωπον
503 4879 672 4950 Πηλεί
696 4880 789 4933 καὶ
820 4879 1051 4954 Χείρωνι
1085 4883 1474 4938 καταθύεσθαι.
1505 4885 1769 4949 Λυκτίους

218 4968 310 5039 (98)
338 4971 464 5043 γὰρ,
492 4972 725 5043 Κρητῶν
752 4973 808 5026 δὲ
846 4972 999 5038 ἔθνος
1029 4975 1164 5030 εἰσὶν
1188 4970 1355 5040 οὗτοι,
1410 4975 1770 5048 Ἀντικλείδης

218 5060 264 5110 ἐν
287 5062 531 5129 Νόστοις
560 5063 667 5133 (99)
686 5062 1043 5132 ἀποφαίνεται
1061 5064 1377 5137 ἀνθρώπους
1402 5066 1768 5135 ἀποσφάττειν

218 5153 282 5222 τῷ
309 5154 404 5208 Διί.
432 5157 541 5209 Καὶ
569 5157 827 5222 Λεσϐίους
864 5157 1098 5231 Διονύσῳ
1130 5158 1227 5231 τὴν
1256 5159 1448 5231 ὁμοίαν
1472 5160 1766 5232 προσάγειν

276 5278 299 5306 δ
338 5269 419 5322 lo.
453 5286 555 5323 σοι.

204 5372 381 5450 1,,(96)
417 5378 861 5450 ,Ἀριστομένης
923 5380 1003 5447 τῷ
1058 5381 1352 5450 ’1οωμίτῃ.
1408 5379 1621 5446 Melius,
1680 5381 1762 5435 vel

230 5442 1048 5543 292e.e~;,ve_regem»'us
1101 5442 1388 5543 διάρρηξιν
1430 5461 1486 5543 οε
1513 5442 1627 5515 am;

220 5520 382 5593 etiam,
402 5528 464 5572 ut
495 5520 1140 5593 Ρξιιιεοιιίαείέιθωμάτῃ,
1165 5520 1261 5575 aut
1297 5522 1585 5593 Ἰθωμάτᾳ,
1618 5524 1762 5593 quod

223 5581 475 5661 Qoricum,
500 5589 767 5661 planeque
805 5581 1169 5647 Messe'nieu'm
1201 5603 1287 5648 est
1332 5611 1347 5648 :
1412 5581 1481 5648 ab
1530 5581 1760 5658 l'thoma,

224 5653 476 5732 ilessenia:
501 5653 707 5725 inmite,
761 5662 850 5734 ubi
892 5663 1159 5734 oppidum
1206 5664 1449 5734 ejusdem
1501 5653 1760 5733 nominis,

222 5731 604 5798 situppereque
632 5731 1081 5787 munitissimum.

282 5795 386 5866 (9⁷)
426 5795 702 5871 Μόὺιμος.
735 5799 810 5860 De
836 5803 939 5863 hoc
962 5804 1241 5876 scriptore,
1267 5803 1493 5876 ejusque
1518 5806 1761 5874 Ἀνθρω-

1894 1940 2039 1997 cium
2083 1939 2512 2004 devovebantur,
2565 1953 2659 1994 eos
2686 1936 2935 2008 mysticis
2964 1936 3291 2008 quibusdam
3333 1938 3474 1992 ceri-

1895 2030 2093 2085 moniis
2119 2027 2792 2101 jugulahant..Euimvero
2819 2026 3113 2095 Saturnus,
3137 2045 3296 2099 quem
3320 2028 3477 2085 Plite-

1893 2122 2041 2178 nices
2069 2121 2325 2178 lsraelem
2362 2120 2673 2184 nominant,
2711 2136 2986 2192 quemque
3020 2129 3142 2191 post
3170 2121 3380 2176 obitum
3418 2121 3473 2176 in

1891 2223 2100 2269 astrum
2157 2212 2403 2285 ejusdem
2458 2212 2701 2268 nominis
2747 2222 3170 2278 consecrarunt,
3231 2228 3354 2269 cum
3407 2213 3473 2267 iis

1892 2308 1945 2362 in
2006 2308 2140 2363 locis
2203 2316 2486 2379 regnaret,
2546 2323 2611 2363 ac
2669 2307 2840 2362 tilium
2901 2308 3122 2361 unicum
3186 2321 3253 2361 ex
3313 2322 3471 2377 nym-

1890 2400 1995 2470 pha
2047 2400 2285 2471 quadam
2344 2400 2638 2471 indigena,
2696 2415 2861 2470 quam
2922 2400 3255 2455 Anobretten
3315 2413 3473 2453 voea-

1889 2489 2040 2555 bant,
2083 2489 2451 2559 suscepisset,
2492 2504 2729 2560 eumque
2772 2498 3058 2559 propterea
3099 2487 3319 2544 leudem
3370 2505 3469 2560 ap-

1888 2582 2175 2651 pellatum,
2217 2581 2363 2651 quod
2391 2595 2452 2635 ea
2499 2595 2606 2635 vox
2653 2580 2796 2652 apud
2844 2579 3134 2638 Phoenices
3174 2580 3467 2651 uuigcnant

1894 2672 2050 2744 157
2085 2673 2386 2728 etiamnum
2415 2671 2723 2741 signiﬁcet;
2753 2688 2991 2742 cumque
3034 2673 3307 2728 teterrima
3346 2671 3467 2727 belli

1886 2765 2070 2821 clades
2098 2765 2411 2819 universam
2464 2764 2517 2818 in
2553 2764 2829 2835 regionem
2882 2764 3244 2832 incubuisset,
3311 2764 3463 2818 illum

1887 2858 2068 2930 ipsum
2108 2857 2258 2929 regio
2283 2857 2429 2912 cultu
2462 2867 2713 2913 ornatum
2746 2858 2812 2913 ad
2844 2874 2994 2913 aram
3045 2858 3142 2912 abs
3168 2873 3290 2913 sese
3313 2857 3467 2928 prius

1885 2960 2125 3007 erectam
2162 2961 2216 3006 et
2250 2950 2574 3022 instructam
2611 2951 2934 3006 immolavit.
2989 2968 3010 3003 ›
3060 2949 3193 3016 Quae
3217 2965 3340 3006 cum
3391 2949 3463 3004 ita

1884 3061 1947 3103 se
1963 3045 2250 3107 haberent,
2274 3045 2397 3114 jure
2427 3059 2560 3100 sane
2583 3058 2646 3099 ac
2676 3042 2871 3098 merito
2896 3043 3166 3109 Clemens,
3199 3042 3280 3096 vir
3306 3041 3467 3111 plane

1888 3138 2204 3209 singularis,
2239 3138 2292 3192 iu
2312 3152 2396 3205 ea,
2417 3153 2583 3208 quam
2613 3136 2909 3209 gentilibus
2936 3135 3237 3206 inscripsit,
3261 3133 3465 3191 Cohor-

1889 3231 2110 3296 tatione,
2146 3230 2337 3286 eadem
2371 3229 2475 3285 ista
2507 3244 2761 3299 carpens,
2806 3228 3093 3284 hominum
3119 3228 3336 3282 illor’um
3361 3242 3466 3283 ca:-

1886 3322 2104 3377 citatem
2141 3321 2228 3377 his
2261 3321 2446 3376 verbis
2506 3320 2904 3374 lamentaturu
2946 3318 3101 3376 Nunc
3146 3327 3351 3385 autem,
3380 3317 3465 3372 in-

1883 3415 2027 3483 quit,
2066 3412 2449 3483 superioribus
2482 3412 2615 3467 illud
2666 3414 2827 3468 etiam
2882 3412 3267 3483 adjungamus,
3296 3426 3462 3482 quam

1883 3504 2151 3560 immanes
2182 3505 2257 3559 dii
2288 3506 2455 3559 vestri
2484 3504 2763 3561 daemones
2807 3504 3030 3571 fuerint,
3062 3520 3339 3577 quamque
3368 3522 3462 3560 ca-

1879 3597 2031 3670 pitali
2071 3597 2355 3652 hominum
2403 3598 2531 3653 odio
2559 3597 2930 3670 ﬂagraverint,
2982 3597 3077 3668 qui
3121 3613 3312 3653 eorum
3348 3613 3457 3653 non

1878 3690 2135 3746 vecordia
2172 3690 2334 3745 modo
2360 3690 2686 3762 insaniaque
2712 3692 3138 3757 delectarentur,
3174 3690 3266 3747 sed
3291 3690 3456 3746 etiam

1879 3782 2197 3839 carniﬁcina
2253 3782 2606 3854 cmdibusque
2660 3782 2992 3839 fruerentur.
3037 3781 3248 3853 Quippe
3293 3783 3458 3837 modo

1876 3878 2024 3933 cnim
2060 3885 2303 3933 armatas
2332 3877 2387 3932 in
2418 3877 2597 3932 stadio
2644 3885 2700 3932 et
2744 3877 3064 3934 ambitiosas
3119 3876 3459 3933 commissio-

1879 3983 1999 4035 nes,
2031 3969 2197 4026 modo
2226 3967 2469 4024 infinitas
2498 3967 2623 4025 belli
2641 3970 3017 4025 contentiones
3042 3969 3270 4026 honoris
3289 3986 3455 4029 causa

1877 4061 2173 4133 gloriaeque
2223 4069 2529 4131 susceptas,
2580 4061 2877 4132 voluptatis
2925 4061 3028 4116 sibi
3077 4064 3360 4119 materiam
3391 4079 3457 4118 ac

1877 4162 2112 4225 segetem
2145 4152 2522 4216 accersebant,
2564 4162 2625 4207 ut
2675 4153 2756 4208 sic
2786 4154 3069 4225 indignum
3118 4155 3173 4210 in
3228 4156 3453 4211 modum

1876 4245 2120 4300 humano
2148 4259 2346 4301 cruore
2374 4246 2560 4301 satiari
2589 4257 2832 4317 possent.
2867 4245 2986 4302 Jatn
3014 4262 3140 4303 vero
3166 4263 3261 4319 per
3290 4248 3454 4305 urbes

1874 4334 2079 4404 passim
2108 4348 2171 4389 ac
2193 4333 2423 4404 populos
2447 4342 2707 4404 tanquam
2740 4336 3034 4390 teterrimae
3078 4346 3260 4407 pestes
3303 4352 3455 4407 gras-

1877 4424 2004 4488 sati,
2037 4424 2288 4480 crudeles
2314 4424 2574 4493 dirasque
2604 4424 2897 4481 libationes
2927 4427 3272 4497 expetebant.
3310 4424 3455 4484 Sane

1876 4514 2251 4570 Aristomenes
2281 4514 2371 4570 ille
2394 4512 2698 4571 Messenius
2728 4513 2998 4571 lthomita‘.
3029 4515 3147 4572 Jovi
3180 4527 3453 4572 trecentos

1870 4607 2163 4677 jugulavit,
2195 4616 2348 4662 ratus
2380 4607 2596 4679 egregie
2627 4622 2748 4664 sese
2773 4615 2856 4662 tot
2903 4616 3123 4678 tamque
3156 4608 3311 4663 lectis
3352 4610 3452 4664 he-

1874 4700 2142 4756 catombis
2176 4701 2383 4767 litasse,
2414 4716 2650 4771 quorum
2705 4714 2736 4755 e
2788 4716 3016 4756 numero
3064 4699 3451 4772 Theopompus

1872 4802 2013 4861 erat,
2042 4791 2584 4849 Lacedaemoniorum
2618 4808 2734 4856 rex,
2771 4790 2999 4847 illustris
3047 4792 3239 4861 utique
3293 4792 3452 4846 nobi-

1872 4885 2051 4957 lisque
2077 4886 2318 4941 victima.
2364 4883 2530 4941 Tauri
2562 4900 2692 4940 vero
2740 4886 2957 4955 pepuli,
3002 4885 3096 4956 qui
3127 4887 3273 4941 circa
3306 4883 3452 4940 Tau-

1872 4979 2040 5035 ricam
2068 4978 2467 5035 Chersonesum
2502 4978 2772 5046 habitant,
2796 4988 3068 5050 quotquot
3104 4980 3246 5050 apud
3275 4995 3334 5034 se
3358 4996 3450 5049 pe-

1871 5070 2123 5141 regrinos
2151 5086 2219 5125 eo
2253 5080 2367 5125 tum
2395 5085 2603 5135 errore,
2641 5080 2757 5124 tum
2787 5071 2839 5124 vi
2875 5071 3216 5140 tempestatis
3251 5072 3446 5142 appul-

1870 5176 1963 5217 sos
1989 5162 2398 5233 intereiperent,
2428 5178 2458 5217 e
2477 5163 2706 5235 vestigio
2742 5161 2991 5219 Taurica:
3021 5161 3207 5217 Dianae
3242 5163 3445 5217 immu-

1866 5382 2132 5448 ποθυσίᾳ
2159 5380 2294 5436 nihil
2316 5380 2440 5452 legi.
2473 5379 2636 5436 Forte
2665 5381 2719 5435 in
2763 5380 2989 5438 Achillis
3013 5384 3306 5437 immaturo
3336 5381 3447 5439 fato

1868 5452 2005 5520 rapti
2038 5450 2565 5515 memoriam,Peleo
2594 5452 2714 5521 ejus
2736 5454 2968 5521 parenti,
3000 5463 3054 5508 et
3078 5454 3306 5509 Chironi
3342 5469 3446 5509 nu-

1867 5523 2016 5577 tritio
2048 5523 2227 5577 scelus
2252 5522 2354 5575 hoc
2386 5523 2696 5576 institutum
2747 5524 2930 5576 fuerit.

1944 5592 2057 5662 (98)
2085 5593 2406 5664 Λυκτίους.
2439 5590 2636 5664 Recte;
2671 5608 2953 5663 perperam
2982 5593 3128 5648 enim
3156 5593 3296 5664 apud
3323 5592 3445 5650 Cle-

1867 5671 2031 5718 ment.
2046 5706 2060 5727 ,
2090 5663 2319 5717 habetur
2373 5662 2627 5725 Λυκίους.

1942 5731 2054 5802 (99)
2091 5732 2496 5802 Ἀντικλείδης
2520 5733 2590 5785 ἐν
2633 5734 2909 5799 Νόστοις.
2970 5732 3191 5800 Suidas.

1869 5799 2103 5877 κλείδης,
2133 5804 2328 5873 inquit,
2364 5799 2517 5867 οὗτος
2546 5802 2751 5877 ἔγραψε
2784 5806 2911 5878 περὶ
2939 5806 3161 5860 νόστων.

3273 5733 3394 5791 ’Δντ
3400 5753 3443 5789 ιο
