3890 6384
505 342 611 398 279

1145 340 1415 399 EUSEBII
1451 341 1938 398 CESARIENSIS
1981 341 2110 397 OPP
2177 341 2355 397 PARS
2392 342 2455 397 ll.
2488 373 2558 382 —
2590 339 3091 397 APOLOGETICA.
3611 344 3698 404 280

505 472 597 517 tea
643 474 829 516 rerum
858 457 1109 513 omnium
1145 459 1430 514 sterilitate
1481 469 1878 529 premerentur,
1932 458 2065 524 Jovi,

2175 459 2237 511 οὐ
2276 459 2584 527 Πελασγοὺς
2624 459 2781 512 καλεῖ
2824 459 2949 522 τοὺς
2990 455 3327 528 ἀνθρώπους,
3365 455 3489 512 ἀλλὰ
3517 461 3698 535 Τυρῤη.

503 550 762 622 Apollini,
803 559 858 605 et
881 547 1097 603 Cabiris
1131 563 1344 614 eorum,
1375 564 1498 618 quae
1543 549 1645 603 sibi
1696 559 2072 617 nascerentur,

504 644 746 703 omnium
788 642 1032 698 decimas
1066 649 1361 708 voverant;
1406 641 1636 711 ideoque
1693 642 1772 696 rei
1823 651 2073 696 votorum

504 735 701 799 eli'ecti,
730 733 960 789 eximias
993 731 1265 787 fructuum
1295 746 1360 786 ac
1407 747 1665 802 pecorum
1695 732 2074 786 universorum

504 827 746 882 decimas
777 825 883 881 diis
909 833 1321 890 consecrarunt,
1355 823 1514 893 quasi
1547 824 1662 879 suis
1705 839 1797 879 cas
1842 832 2073 889 tantum,

508 918 752 988 nihilque
797 925 1055 987 praeterea
1114 915 1258 969 votis
1313 915 1687 972 inclusissent.
1748 915 1924 986 Atque
1963 916 2078 971 haec

506 1009 730 1062 totidem
763 1022 901 1077 pene
923 1006 1105 1063 verbis
1157 1020 1190 1060 a
1247 1004 1468 1078 Myrsilo
1514 1007 1710 1063 Lesbio
1744 1023 2077 1062 commemo-

508 1110 721 1166 rantur,
772 1100 880 1156 nisi
909 1100 1056 1170 quod
1103 1099 1418 1172 Tyrrhenos
1472 1100 1586 1170 ipse
1635 1100 1864 1170 populos
1916 1101 2074 1164 istos,

505 1209 618 1248 non
651 1191 910 1264 Pelasgos
945 1193 1202 1262 appellat,
1231 1192 1391 1263 cujus
1420 1191 1497 1246 rei
1532 1207 1698 1246 causa
1730 1192 2073 1261 postmodum

504 1301 534 1339 a
561 1284 718 1340 nobis
751 1283 1027 1338 aﬂ‘eretur.
1061 1283 1328 1338 Caeterum
1363 1299 1489 1338 cum
1549 1283 1616 1338 de
1675 1283 1828 1337 relati
1869 1283 2075 1338 oraculi

505 1384 685 1430 mente
719 1375 870 1429 nullo
903 1374 1068 1429 modo
1092 1374 1364 1444 conjicere
1413 1383 1658 1444 possent,
1711 1373 1891 1428 dubiis
1957 1374 2076 1428 ani-

505 1465 693 1534 mique
721 1464 1103 1534 pendentibus,
1154 1479 1184 1518 e
1229 1464 1537 1519 senioribus
1563 1478 1707 1518 unus
1729 1463 1923 1533 aliquis
1955 1478 2074 1517 eam

505 1556 736 1611 solerter
764 1564 1072 1620 assecutus,
1113 1569 1209 1610 eos
1257 1555 1577 1625 gravissime
1627 1553 1740 1609 falli
1790 1555 2077 1610 denuntia-

503 1648 601 1714 vit,
660 1649 708 1703 si
764 1647 1040 1702 immerito
1088 1647 1194 1701 sibi
1245 1662 1569 1703 succensere
1612 1647 1742 1701 deos
1772 1656 2071 1716 putarent:

505 1755 632 1795 nam
664 1755 846 1795 rerum
877 1743 1096 1810 quidem
1123 1755 1188 1796 ac
1213 1738 1552 1795 fortunarum
1571 1739 1840 1810 primitias
1873 1740 1970 1794 rite
1994 1751 2076 1794 at-

2181 550 2307 614 νοῦς
2328 567 2341 580 ·
2373 550 2472 622 τὴν
2498 550 2542 602 δ’
2575 549 2755 603 αἰτίαν
2785 549 2894 620 (15)
2927 548 3106 618 ὀλίγον
3147 547 3370 623 ὕστερον
3403 549 3520 619 ἐρῶ.
3561 554 3634 617 Ὦς
3656 555 3699 610 δὲ

2181 641 2546 712 ἀπενεχθέντα
2583 640 2674 694 τὸν
2711 639 2957 712 χρησμὸν
3000 638 3220 710 ἔμαθον,
3253 641 3353 692 οὐκ
3386 636 3517 711 εἶχον
3546 643 3605 697 τὰ
3633 645 3704 698 λε-

2182 735 2387 806 γόμενα
2446 735 2760 806 συμϐαλεῖν.
2830 733 3192 805 Ἀμηχανοῦσι
3266 732 3322 784 δέ
3393 734 3558 798 αὐτοῖς
3615 723 3747 788 ttin-

2182 826 2516 898 γεραιτέρων
2548 844 2629 891 τις
2663 826 2830 895 λέγει,
2869 823 3159 895 συμϐαλὼν
3198 823 3260 878 τὸ
3303 825 3494 894 λόγιον,
3531 827 3602 880 ὅτι
3628 828 3704 882 τοῦ

2183 917 2382 980 παντὸς
2419 918 2822 988 ἡμαρτήκασιν,
2867 917 2914 968 εἰ
2951 914 3156 968 οἴονται
3197 914 3322 977 τοὺς
3361 913 3506 978 θεοὺς
3541 915 3705 980 ἀδίκως

2182 1009 2365 1072 αὐτοῖς
2393 1009 2658 1077 ἐγκαλεῖν·
2691 1009 2986 1079 χρημάτων
3023 1006 3120 1076 μὲν
3150 1005 3256 1079 γὰρ
3291 1005 3613 1063 ἀποδεδόσθαι
3628 1007 3705 1070 τὰς

2181 1100 2434 1172 ἀπαρχὰς
2467 1101 2649 1163 αὐτοῖς
2680 1099 2897 1162 ἁπάσας
2928 1097 3103 1167 ὀρθῶς
3129 1115 3186 1149 τε
3221 1097 3315 1150 καὶ
3347 1098 3441 1150 σὺν
3468 1096 3580 1169 δίκῃ
3599 1115 3610 1127 ·
3635 1099 3709 1151 ἀν-

2183 1192 2414 1266 θρώπων
2455 1193 2510 1246 δέ
2551 1194 2713 1263 γονῆς
2743 1193 2802 1246 τὸ
2847 1191 3029 1262 λάχος,
3063 1193 3252 1264 χρῆμα
3296 1189 3487 1253 παντὸς
3515 1191 3709 1261 μάλιστα

2183 1285 2323 1349 Θεοῖς
2355 1284 2708 1356 τιμιώτατον,
2757 1283 3095 1354 ὀφείλεσθαι·
3144 1285 3192 1335 εί
3233 1282 3287 1334 δέ
3335 1281 3398 1352 δὴ
3432 1279 3711 1334 καὶτούτων

2181 1378 2396 1431 λάϐοιεν
2432 1377 2532 1448 τὴν
2558 1376 2771 1430 δικαίαν
2801 1378 3014 1447 μοῖραν,
3048 1374 3199 1436 τέλος
3233 1372 3377 1439 ἕξειν
3405 1373 3542 1442 σφίσι
3566 1372 3618 1424 τὸ
3643 1372 3711 1424 λό-

2181 1486 2318 1538 γιον.
2357 1469 2481 1532 Τοῖς
2517 1468 2616 1538 μὲν
2641 1467 2706 1538 δὴ
2738 1465 2912 1538 ὀρθῶς
2942 1465 3112 1517 ἐδόκει
3140 1463 3392 1532 λέγεσθαι
3418 1463 3573 1516 ταῦτα
3591 1479 3603 1491 ·
3623 1466 3712 1525 τοῖς

2181 1560 2225 1614 δ’
2259 1560 2317 1626 ἐξ
2363 1559 2651 1630 ἐπιϐουλῆς
2687 1555 3002 1627 συγκεῖσθαι
3036 1558 3065 1610 ὁ
3092 1557 3267 1625 λόγος.
3304 1555 3712 1626 Εἱσηγησαμένου

2179 1652 2235 1705 δέ
2260 1669 2402 1715 τινος
2432 1652 2529 1724 τὴν
2562 1649 2787 1722 γνώμην
2810 1650 2900 1703 τὸν
2924 1649 3043 1702 θεὸν
3093 1647 3407 1719 ὲπέρεσθαι,
3435 1649 3481 1699 εί
3503 1645 3633 1716 αὐτῷ
3654 1646 3717 1715 φί-

2179 1742 2270 1796 λον
2310 1741 2613 1813 ἀνθρώπων
2649 1742 2879 1805 δεκάτας
2913 1740 3340 1812 ἀπολαμϐάνειν,
3381 1739 3638 1809 πέμπουσι
3667 1739 3716 1790 τὸ

506 1847 614 1900 que
646 1833 726 1887 uti
752 1849 966 1903 :equum
995 1842 1114 1888 erat
1144 1832 1448 1903 persolutas
1478 1846 1669 1886 omnes
1715 1832 1821 1886 diis
1870 1831 2065 1896 fuisse;

2176 1837 2426 1909 δεύτερον
2450 1836 2784 1908 θεοπρόπους
2800 1853 2812 1866 ’
2842 1836 2936 1890 καὶ
2961 1837 2989 1887 ὀ
3015 1833 3135 1898 θεὸς
3161 1832 3367 1887 ἀνεῖλεν
3393 1831 3528 1886 οὕτω
3553 1833 3715 1885 ποιεῖν.

505 1931 562 1978 at
601 1934 854 1980 natorum
908 1941 1006 1996 per
1044 1925 1099 1981 id
1137 1935 1351 1993 tempus
1387 1923 1665 1979 hominum
1697 1933 1922 1989 sortem,
1954 1940 2075 1993 quae

506 2017 727 2071 maximi
756 2018 1002 2072 omnium
1045 2017 1114 2072 ab
1165 2016 1232 2071 iis
1262 2016 1432 2080 ﬁeret,
1475 2016 1639 2072 etiam
1701 2026 1814 2070 tum
1869 2017 2070 2073 deberi.

503 2106 684 2172 Quare
716 2107 762 2162 si
793 2123 985 2162 eorum
1012 2117 1271 2177 praeterea
1297 2107 1501 2175 justam
1553 2107 1629 2161 dii
1679 2123 1897 2178 quoque
1947 2124 2072 2178 par-

504 2209 610 2254 tem
645 2199 972 2269 acciperent,
1012 2210 1125 2255 tum
1157 2202 1376 2256 demum
1408 2200 1690 2254 oraculum
1720 2201 1930 2255 felicem
1957 2201 2075 2254 exi-

503 2305 616 2347 tum
647 2294 983 2348 habiturum.
1014 2291 1165 2348 Hanc
1195 2293 1343 2348 senis
1375 2293 1674 2346 orationem
1707 2293 1937 2362 probare
1957 2293 2069 2356 alii,

502 2386 594 2440 alii
625 2394 815 2442 contra
845 2397 1156 2456 suspectam
1187 2384 1405 2448 habere,
1434 2385 1590 2452 quasi
1624 2383 1814 2438 fraude
1839 2384 2073 2455 doloque

502 2478 882 2548 compositam.
917 2477 1042 2532 Mox
1088 2486 1268 2531 tamen
1323 2486 1599 2531 auctorem
1633 2491 1664 2531 e
1696 2476 1854 2531 turba
1880 2491 2072 2546 quem-

503 2570 648 2638 piam
680 2570 902 2636 secutis,
942 2571 1148 2640 placuit
1174 2571 1377 2638 denuo,
1430 2571 1787 2626 liominumne
1829 2568 2072 2625 decimas

498 2671 797 2731 expeteret,
830 2677 1032 2717 numen
1060 2663 1349 2717 consulere
1392 2681 1405 2717 :
1439 2662 1584 2734 quod
1625 2662 1718 2717 ubi
1752 2662 1831 2718 sic
1860 2661 2069 2718 facien-

499 2758 631 2811 dum
683 2756 872 2812 missis
907 2757 1315 2813 consultoribus
1365 2757 1757 2828 respondisset,
1805 2757 2070 2815 continuo

499 2848 695 2903 seditio
721 2849 985 2916 exoritur,
1021 2848 1166 2920 quod
1207 2849 1348 2904 inter
1377 2864 1472 2905 eos
1505 2849 1572 2904 de
1625 2849 1930 2905 deeimandi
1982 2861 2070 2906 ra-

499 2941 650 2994 tione
679 2940 974 2996 convenire
1008 2955 1116 2996 non
1163 2950 1369 3011 posset.
1405 2939 1484 2996 Ac
1513 2941 1690 3010 primo
1721 2942 1942 3010 quidem
1979 2941 2060 2996 in-

499 3043 580 3086 ter
609 3031 758 3103 ipsos
780 3034 1062 3088 civitatum
1095 3034 1368 3105 principes
1394 3034 1603 3088 turbari
1635 3043 1897 3104 emptum,
1939 3050 2062 3089 mox

496 3132 690 3180 caetera
712 3139 934 3196 quoque
960 3125 1251 3181 multitudo
1295 3126 1362 3180 de
1406 3125 1745 3194 principibus
1794 3123 1936 3182 male
1971 3143 2066 3183 su-

2187 1928 2282 1981 Ἐκ
2315 1926 2372 1982 δὲ
2397 1927 2588 1981 τούτου
2623 1926 2809 1989 στάσις
2842 1925 3038 1989 αὐτοὺς
3066 1923 3473 1994 καταλαμϐάνει
3504 1923 3618 1993 περὶ
3640 1920 3715 1974 τοῦ

2173 2019 2373 2089 τρόπου
2407 2019 2504 2088 τῆς
2547 2015 2897 2080 δεκατιῦσεως
2931 2029 2979 2070 ιι.
3011 2016 3121 2070 Καὶ
3161 2018 3218 2069 ἐν
3255 2014 3504 2085 ἀλλήλοις
3531 2014 3576 2065 οἱ
3605 2028 3718 2085 προς

2173 2107 2465 2182 εστηκότες
2516 2107 2626 2161 τῶν
2669 2108 2876 2162 πόλεων
2915 2109 3036 2161 τότε
3081 2107 3296 2180 πρῶτον
3341 2106 3715 2177 ἐταράχθησαν’

2173 2203 2362 2255 ἔπειτα
2405 2200 2499 2254 καὶ
2523 2199 2586 2254 τὺ
2622 2199 2805 2253 λοιπὸν
2833 2198 3032 2270 πλῆθος
3060 2199 3127 2251 δι’
3163 2196 3400 2266 ὑποψίας
3431 2196 3551 2260 τοὺς
3577 2197 3627 2247 ἐν
3650 2193 3722 2246 τέ-

2172 2292 2252 2345 λει
2277 2291 2598 2363 ἐλάμϐανεν.
2649 2291 2918 2362 Ἐγένοντο
2949 2290 3004 2343 δὲ
3032 2291 3206 2343 οὐδενὶ
3238 2289 3432 2360 κόσμῳ
3463 2289 3516 2342 αἱ
3557 2288 3721 2339 ἐπανα-

2175 2385 2390 2449 στάσεις
2410 2385 2457 2455 (l
2469 2386 2556 2438 6-1
2569 2384 2619 2455 7)
2643 2401 2655 2415 ·
2686 2384 2796 2438 ἀλλ’
2814 2384 2894 2436 ὥσ
2903 2401 2964 2436 πε
2971 2401 3002 2456 ρ
3019 2383 3181 2445 εἰκὸς,
3202 2383 3405 2453 οἴστρῳ
3421 2381 3510 2434 καὶ
3535 2378 3725 2433 θεοϐλα-

2172 2477 2292 2548 ϐείᾳ
2316 2477 2766 2549 ἀπελαυνομένων
2791 2475 2922 2548 (18),
2950 2476 3043 2529 καὶ
3068 2475 3236 2529 πολλὰ
3261 2476 3487 2544 ἐφέστια
3511 2475 3595 2526 ὅλα
3621 2473 3722 2542 ἐξη-

2171 2569 2385 2641 λείφθη,
2443 2570 2643 2642 μέρους
2689 2569 2868 2622 αὐτῶν
2909 2567 3338 2639 μεθισταμένου’
3396 2567 3455 2620 οὐ
3496 2565 3597 2637 γάρ
3638 2563 3724 2617 ἐδι-

2171 2663 2356 2719 καίουν
2404 2666 2454 2716 οἱ
2503 2664 2871 2735 προσήκοντες
2916 2665 3027 2726 τοῖς
3076 2661 3308 2725 ἐξιοῦσιν
3362 2657 3723 2714 ἀπολείπεσθαι

2169 2758 2276 2812 τῶν
2303 2757 2594 2827 φιλτάτων,
2625 2757 2717 2809 καὶ
2743 2757 2798 2808 ἐν
2831 2759 2942 2819 τοῖς
2969 2753 3235 2825 ἐχθίστοις
3257 2753 3567 2824 ὑπομένειν.
3593 2751 3725 2823 Πρῶ-

2168 2868 2259 2906 τον
2300 2851 2397 2920 μὲν
2431 2849 2494 2920 δὴ
2529 2842 2675 2902 οὗτοι
2718 2847 2940 2910 πάντες,
2981 2847 3345 2917 μεταστάντες
3395 2844 3457 2910 ἐξ
3502 2844 3722 2908 Ἰταλίας,

2168 2939 2248 3004 εἴς
2271 2957 2330 2992 τε
2371 2939 2470 3011 τὴν
2520 2938 2746 2992 Ἐλλάδα
2776 2938 2871 2991 καὶ
2895 2938 2993 3010 τὴν
3026 2937 3300 3010 βάρϐαρον
3348 2936 3551 3007 πολλὴν
3583 2935 3723 2988 ἐπλα-

2167 3034 2408 3106 νήθησαν
2429 3051 2440 3064 ’
2478 3033 2616 3104 μετὰ
2647 3032 2703 3086 δέ
2733 3033 2855 3096 τοὺς
2891 3031 3136 3102 πρώτους
3169 3031 3346 3104 ἕτεροι
3379 3031 3440 3084 τὸ
3470 3031 3593 3084 αὐτὸ
3616 3029 3727 3082 ἐπα-

2168 3127 2280 3189 θον,
2329 3125 2607 3179 καὶτοῦτο
2646 3125 2868 3180 διετέλει
2912 3124 3192 3194 γινόμενον
3232 3123 3325 3177 ἐπὶ
3373 3123 3495 3196 ἔτη.
3535 3123 3603 3176 οὐ
3635 3121 3726 3192 γὰρ

499 3215 764 3285 spicatur.
798 3215 942 3286 Ergo
996 3217 1147 3271 nullo
1181 3216 1371 3271 ordine
1406 3216 1747 3284 tumultuari,
1798 3219 2063 3289 sedesque

2174 3218 2386 3276 ἀνίεσαν
2407 3220 2456 3271 οἱ
2483 3215 2895 3280 δυναστεύοντες
2922 3218 2978 3270 ἐν
3005 3219 3123 3279 ταῖς
3157 3216 3367 3279 πόλεσι,
3403 3217 3502 3286 τῆς
3530 3215 3730 3286 ἀνδρου-

497 3317 729 3373 mutare,
767 3306 863 3362 sed
896 3307 974 3360 uti
1004 3321 1104 3375 par
1133 3316 1249 3359 erat
1282 3306 1529 3360 homines
1566 3306 1788 3360 deorum
1830 3307 2065 3364 stimulis

2174 3313 2332 3384 μένης
2366 3313 2474 3365 αίεὶ
2514 3311 2764 3382 νεότητος
2800 3307 3175 3380 ἐξαιρούμενοι
3201 3307 3300 3372 τὰς
3327 3307 3604 3380 ἀπαρχὰς,
3634 3307 3728 3368 τοῖς

496 3413 560 3453 ac
589 3397 766 3467 pinnis
809 3396 1061 3469 agitatus.
1111 3395 1232 3462 Quo
1284 3395 1510 3463 factum,
1563 3406 1622 3451 ut
1657 3398 1800 3454 aedes
1846 3399 2065 3470 integra:

2174 3424 2222 3460 τε
2251 3407 2391 3470 θεοῖς
2425 3405 2494 3459 τά
2536 3405 2717 3458 δίκαια
2752 3405 3044 3476 ὑπουργεῖν
3085 3402 3363 3468 ἀξιοῦντες
3395 3404 3492 3456 καὶ
3533 3417 3731 3454 στασια-

499 3487 744 3542 funditus
771 3487 1104 3552 delerentur,
1141 3494 1294 3556 parte
1326 3502 1512 3542 eorum
1543 3489 1650 3543 alio
1695 3491 2063 3562 commigrau-

2174 3501 2334 3571 εμοὺς
2367 3499 2432 3554 ἐκ
2461 3497 2568 3551 τῶν
2601 3496 2960 3550 διαλαθόντων
2985 3495 3236 3558 δεδιότες.
3264 3493 3376 3550 Ἦν
3407 3497 3465 3550 δὲ
3496 3496 3624 3548 πολὺ
3650 3493 3730 3547 καὶ

499 3588 570 3644 te,
599 3593 724 3634 cum
761 3579 1051 3650 propinqui
1083 3579 1477 3635 discedentium
1509 3579 1664 3636 nefas
1691 3591 1964 3651 putarent,
2013 3592 2065 3638 et

2174 3590 2223 3643 rb
2249 3590 2382 3663 πρὸς
2406 3589 2622 3660 ἔχθραν,
2657 3589 2753 3642 σὺν
2787 3589 3054 3660 προφάσει
3072 3590 3341 3659 εὐπρεπεῖ
3377 3588 3728 3656 ἀπελαυνόμε-

499 3671 684 3726 divelli
717 3687 749 3726 a
775 3673 1121 3740 necessariis,
1149 3682 1348 3728 etcum
1378 3671 1776 3729 inimicissimis
1800 3674 2060 3730 residere.

2174 3704 2244 3739 νοι
2271 3687 2298 3725 ι’
2324 3683 2429 3737 ὑπὸ
2455 3683 2564 3736 τῶν
2591 3681 2885 3755 διαφόρων.
2918 3681 3079 3734 Ὥστε
3115 3681 3307 3734 πολλαὶ
3342 3683 3401 3733 αἱ
3443 3677 3729 3734 ἐπαναστά-

496 3760 738 3816 Primum
766 3760 933 3831 igitur
965 3762 1052 3816 isti
1095 3777 1306 3828 omnes,
1341 3762 1530 3817 relicta
1566 3761 1741 3828 Italia,
1776 3765 1974 3834 partim
2007 3767 2062 3821 in

2174 3796 2278 3843 σεις
2306 3789 2329 3819 ο
2359 3778 2618 3847 ἐγίνοντο,
2655 3777 2747 3830 καὶ
2778 3774 2871 3829 ἐπὶ
2899 3773 3148 3827 πλεῖστον
3185 3773 3288 3845 γῆς
3315 3774 3378 3827 τὸ
3415 3771 3733 3840 Πελασγικὸν

495 3851 783 3920 Graeciam,
814 3853 1010 3923 partim
1043 3853 1097 3908 in
1147 3855 1304 3926 160
1351 3855 1614 3911 barbaras
1660 3857 1949 3929 plerasque
1977 3873 2063 3914 re-

2174 3872 2319 3941 γένος
2339 3868 2654 3943 διεφορήθη.
2681 3887 2700 3920 ι
2728 3868 2838 3922 Καὶ
2865 3866 3002 3939 μετὰ
3030 3866 3236 3938 βραχέα
3262 3867 3398 3938 φησί
3419 3883 3433 3896 ’
3467 3883 3486 3916 ι
3521 3865 3732 3933 Λέγουσι

495 3941 685 4009 giones
709 3943 955 4012 dissipati
985 3956 1114 4002 sunt
1139 3964 1153 3999 :
1183 3947 1480 4001 secundum
1508 3962 1645 4017 quos
1686 3949 1776 4004 alii
1809 3950 2064 4022 deinceps

494 4033 740 4088 eamdem
771 4034 986 4091 subiere
1012 4035 1304 4102 fortunam,
1329 4053 1452 4093 cum
1494 4039 1546 4093 id
1566 4039 1742 4108 ipsum
1771 4044 2064 4111 quotannis

494 4124 756 4180 eveniret.
796 4123 908 4181 Nec
937 4127 1082 4182 enim
1137 4128 1458 4185 desinebant
1488 4130 1768 4186 civitatum
1816 4136 2063 4190 modera-

495 4225 643 4274 tores
671 4217 838 4274 lectas
877 4219 1109 4274 subinde
1152 4221 1578 4277 adolescentium
1631 4225 1900 4293 primitias
1946 4229 2064 4281 exi-

493 4325 664 4375 mere,
698 4311 896 4380 partim
920 4322 978 4365 ut
1011 4326 1132 4366 sese
1161 4313 1447 4368 numinum
1480 4315 1740 4386 religione
1762 4319 2059 4387 solverent,

493 4404 688 4472 partim
715 4404 860 4474 quod
894 4404 962 4459 ab
995 4405 1083 4471 iis,
1127 4408 1222 4475 qui
1261 4407 1595 4477 ell‘ugissent,
1631 4424 1800 4464 nevas
1831 4413 2058 4469 seditio-

2163 3961 2220 4016 δὲ
2250 3961 2361 4032 (19)
2393 3960 2486 4015 καὶ
2517 3959 2616 4023 τὰς
2643 3958 2830 4022 θυσίας
2865 3956 3131 4012 ἐπιτελεῖν
3162 3956 3240 4026 τῷ
3273 3958 3475 4030 Κρόνῳ
3509 3956 3732 4016 καὶτοὺς

2165 4054 2450 4116 παλαιοὺς,
2494 4051 2682 4122 ὥσπερ
2723 4051 2781 4103 ἐν
2827 4049 3133 4120 Καρῃδόνι
3178 4049 3316 4111 τέως
3361 4049 3476 4120 (20)
3513 4050 3546 4118 ή
3597 4045 3732 4106 πόλις

2163 4147 2422 4217 διέμεινε,
2454 4143 2547 4198 καὶ
2581 4142 2728 4213 παρὰ
2769 4141 2991 4204 Κελτοῖς
3017 4144 3096 4205 εἰς
3135 4141 3254 4194 τόδε
3289 4141 3489 4213 χρόνου
3517 4140 3730 4208 γίνεται,

2164 4235 2258 4288 καὶ
2291 4236 2348 4288 ἐν
2381 4231 2558 4294 ἄλλοις
2589 4230 2699 4284 τισὶ
2725 4229 2834 4284 τῶν
2865 4229 3001 4302 πρὸς
3049 4230 3348 4303 Ἐσπερίων
3372 4231 3545 4285 ἐθνῶν
3567 4228 3734 4299 ἀνδρο-

2164 4326 2433 4396 φονοῦσιν.
2465 4323 2735 4394 Ἠρακλέα
2762 4341 2818 4376 τε
2849 4323 3056 4378 παῦσαι
3083 4324 3172 4378 τὸν
3201 4324 3365 4396 νόμον
3401 4323 3508 4394 τῆς
3535 4321 3732 4384 θυσίας,

2167 4419 2493 4493 βουληθέντα
2527 4420 2616 4472 τόν
2647 4436 2707 4471 τε
2743 4417 2923 4489 βωμὸν
2958 4416 3273 4489 ἱδρύσασθαι
3295 4416 3390 4471 τὸν
3425 4416 3520 4468 ἐπὶ
3553 4414 3628 4485 τῷ
3651 4413 3734 4465 Σα-

494 4513 590 4556 nes
620 4506 943 4554 metuerent.
973 4497 1123 4553 Multi
1153 4514 1369 4570 quoque
1388 4501 1514 4556 odio
1551 4517 1615 4557 ac
1645 4503 1927 4560 simultate
1965 4522 2061 4576 per

2174 4513 2357 4588 τορνίῳ
2403 4513 2534 4584 (21),
2579 4512 2672 4565 καὶ
2717 4509 3088 4581 κατάρξασθαι
3135 4509 3393 4581 θυμάτων
3439 4507 3622 4578 ἁγνῶν
3654 4505 3736 4560 ἐπὶ

584 4677 609 4706 ε
653 4665 741 4730 0.,
790 4664 1178 4729 δεκατεύσεως.
1305 4667 1334 4706 ιι
1396 4667 1552 4722 Dion.
1606 4669 2056 4741 ἀπελαυνόμενον.

563 4819 675 4891 ([5)
724 4817 842 4888 Τὴν
874 4819 1146 4891 (Mitior.
1175 4818 1249 4874 De
1271 4834 1435 4874 causa
1464 4820 1551 4873 illa
1588 4821 1837 4890 pluribus
1881 4821 2061 4891 dispu-

490 4889 580 4962 tat;
611 4889 1004 4962 Dionysqpagg.
1031 4889 1122 4953 20,
1167 4891 1258 4956 2|,
1307 4891 1399 4962 22,
1449 4892 1538 4945 ‘25.
1589 4889 1899 4962 Concludit,
1935 4889 2058 4947 meo

483 4960 714 5032 judici_o,
744 4960 1047 5032 verissime,
1075 4969 1262 5028 gentes
1312 4960 1481 5015 fuisse
1505 4963 1659 5032 duas,
1696 4961 1952 5032 Pelasgos
1977 4974 2058 5017 at-

489 5029 610 5103 que
634 5029 970 5103 Tyrrhenos,
1002 5030 1293 5103 sietamen
1319 5041 1378 5103 ut
1404 5047 1526 5086 cum
1567 5031 1799 5103 Pelasgi,
1836 5029 1904 5086 ab
1933 5033 2058 5088 Hel-

487 5099 702 5156 lenibus
753 5102 926 5170 patria
963 5100 1128 5170 pulsi,
1179 5099 1584 5170 Tyrrhenorum
1628 5102 1683 5156 in
1725 5099 1843 5158 solo
1864 5118 2058 5159 conse-

483 5173 717 5242 dissent,
768 5188 874 5227 non
915 5181 1123 5225 tantum
1154 5173 1366 5241 generis
1415 5173 1698 5240 utriusque
1749 5173 1890 5227 facta
1934 5190 2056 5242 per-

487 5241 670 5302 mistio
704 5242 796 5307 sit,
833 5256 1020 5296 verum
1077 5243 1239 5296 etiam
1296 5242 1536 5298 nominis
1594 5242 1836 5310 ejusdem
1867 5241 2051 5300 secuta

484 5311 820 5383 communio,
851 5321 912 5366 ut
937 5311 1201 5383 Tyrrheni
1252 5327 1442 5367 omnes
1473 5313 1542 5366 ab
1611 5313 1753 5380 aliis,
1813 5315 1882 5369 ab
1933 5317 2055 5371 aliis

483 5380 691 5456 Bclasgi
721 5380 1028 5450 promiscue
1062 5384 1388 5456 dicerentur.
1438 5383 1530 5456 Sic
1577 5394 1724 5445 ante,
1755 5383 2050 5456 Phrygum,

483 5451 1030 5522 TeucrorumLatque
1064 5451 1426 5522 Trojanorum
1483 5453 1691 5518 fuerat;
1749 5456 1828 5509 sic
1860 5451 2054 5511 Etiam-

481 5537 611 5575 num
634 5519 778 5591 viget
817 5519 1586 5595 Francorum'Gallorumque
1624 5541 1914 5580 commune
1955 5545 2053 5582 uo-

481 5608 627 5648 men.

551 5662 755 5738 (16-_l7)
792 5663 1283 5732 Ἐπαναστὰσεις.
1309 5665 1678 5738 Conjiciebam
1710 5668 2048 5738 μεταναστά-

481 5749 614 5796 σεις.
649 5732 719 5787 At
745 5745 972 5802 uterque
999 5750 1274 5792 manuscr.
1306 5732 1912 5800 ἀπαναστάσειςΙιοὺρῑ,
1941 5755 2048 5792 non

481 5806 640 5862 modo
670 5804 779 5872 hic,
837 5806 930 5860 sed
980 5807 1142 5861 etiam
1181 5821 1301 5878 pag.
1337 5819 1613 5880 sequente.
1672 5809 1802 5876 Quae
1854 5825 1956 5863 vox
1995 5820 2049 5865 et

2165 4680 2187 4708 ο
2233 4670 2319 4722 ῑσ.
2356 4666 2800 4739 μεταναστάσεις.

2161 4825 2300 4880 idem
2326 4824 2613 4894 significat.
2645 4835 2699 4880 et
2720 4825 2908 4880 leviori
2946 4825 3243 4880 mutatione
3270 4825 3565 4880 suilicitur.

2231 4897 2342 4966 (ιδ)
2380 4892 2743 4964 ήΘεοϐλαόείᾳ
2783 4895 3311 4963 ἀπελαυνομένων.
3355 4896 3520 4949 Dion.
3546 4935 3561 4959 ,
3608 4892 3734 4966 άπε-

2158 4963 2505 5035 λαυνόμεναι,
2535 4969 2678 5034 quod
2702 4968 3099 5020 diuriusculum
3139 4968 3372 5021 videtur.
3417 4967 3610 5022 Genus
3636 4963 3730 5015 hoc

2159 5036 2440 5110 hominum
2467 5037 2627 5091 iidem
2659 5037 2831 5092 Graeci
2859 5038 3176 5110 ποινήλατον
3224 5039 3608 5108 signiﬁcanter
3643 5048 3732 5088 vo-

2158 5122 2282 5161 care
2319 5109 2512 5161 solent.

2227 5177 2338 5253 (lg)
2362 5178 2626 5253 Aeroqu
2761 5176 3160 5253 ldemDionys.
3189 5181 3312 5235 eod.
3357 5181 3482 5247 lib.,
3521 5199 3575 5253 p.
3612 5185 3698 5240 50.

2227 5247 2338 5320 (20)
2375 5247 2543 5314 Τέως.
2579 5247 2772 5320 melius
2795 5247 3094 5318 quadraret
3119 5250 3244 5314 ἕως.

2227 5317 2340 5392 (217)
2377 5320 2501 5372 Ἐπὶ
2530 5317 2613 5392 τῶ
2633 5317 2950 5388 Europa-lg).
2982 5320 3188 5374 Collem
3233 5322 3614 5392 Capitolinum
3659 5329 3735 5381 iu-

2155 5387 2366 5460 telligit,
2391 5405 2550 5458 quem
2582 5387 2898 5443 Saturnium
2928 5392 3227 5460 antiquitus
3256 5387 3553 5450 vocabant.
3595 5397 3730 5451 idem

2153 5459 2364 5537 pagg?
2401 5461 2600 5537 diserte
2625 5476 2638 5511 :
2675 5461 2856 5537 ΔΛόιρον
2877 5459 3184 5537 ἐπιτῄδειον
3210 5465 3489 5537 ευρόντες,
3521 5485 3737 5537 τριστα-

2152 5530 2249 5607 δίῳ
2278 5531 2334 5607 δέ
2359 5530 2590 5607 μάλιστα
2621 5531 2784 5607 μηκει
2811 5531 2904 5607 τοῦ
2924 5530 3221 5607 Παλαντίου
3251 5530 3651 5607 διειργόμενον,
3681 5538 3735 5599 ὃς

2152 5602 2246 5673 νῦν
2280 5601 2376 5673 μὲν
2412 5601 2791 5664 Καπιτωλῖνος
2829 5603 3194 5673 ὀνομάζεται,
3222 5607 3325 5658 ὑπὸ
3355 5601 3419 5658 δέ
3468 5601 3586 5660 τῶν
3619 5607 3734 5660 τότε

2153 5671 2452 5748 ανθρῲστων
2508 5673 2792 5748 ξατόρνιος
2840 5671 3074 5743 ἐλέγετο,
3128 5675 3314 5748 ῶτπερ
3365 5678 3434 5730 ἂν
3480 5679 3629 5732 εἴποι
3657 5694 3732 5740 τις

2165 5742 2371 5796 Ἑλλάδι
2399 5745 2571 5814 φωνῇ,
2613 5746 2883 5812 Κρόνιος.
