4024 6408
268 372 344 427 ill
1366 358 1691 418 ΡΒΑΞΡΑΒ.
1723 360 1857 415 EVA

1865 358 1977 416 NG.
2017 359 2145 415 LIB.
2189 360 2275 416 IV.
3342 365 3451 422 282

266 481 450 553 καθαρῷ
479 478 602 548 πυρὶ
626 475 1020 546 άγιαζομένων.
1056 475 1171 529 Ἵνα
1203 473 1260 528 δὲ
1298 474 1464 547 μηδὲν
1554 477 1667 538 τοῖς
1694 475 1780 527 άν-
1807 479 1855 536 Α

1885 475 2170 531 honestam
2197 491 2421 532 causam
2459 491 2522 530 ac
2558 475 2793 547 speciem
2827 465 2896 532 ab
2927 478 3154 533 adversa
3217 477 3453 539 faetiime

263 573 458 646 θρώποις
489 568 633 632 δέους
661 566 936 638 ἐνθύμιον,
975 566 1052 630 ὡς
1089 564 1336 636 πατρίων
1368 563 1626 637 ἠλογήκει
1665 565 1775 636 (22)

1883 567 2048 637 pulsi,
2081 567 2373 638 multaeque
2416 577 2704 638 propterea
2753 570 3130 640 migratioues,
3183 588 3305 642 quae
3356 572 3455 628 Pe-

261 662 421 720 θυσιῶν
453 660 647 726 διδάξαι
691 661 816 723 τοὺς
853 659 1182 730 ἐπιχωρίους
1225 658 1776 730 ἁπομειλισσομένους

1883 660 2090 731 lasgam
2126 672 2337 729 gentem
2367 661 2546 715 varias
2575 661 2632 716 in
2679 670 2852 718 terras
2884 663 3040 734 longe
3090 664 3308 734 lateque
3355 666 3452 720 de-

260 753 334 826 τὴν
360 751 438 806 τοῦ
468 750 583 804 θεοῦ
613 749 790 821 μῆνιν,
825 749 946 804 ἀντὶ
970 748 1078 803 τῶν
1104 746 1426 819 ἀνθρώπων,
1452 748 1546 813 οὓς
1576 765 1776 818 συμπο-

1882 759 2192 819 portarunt.
2235 768 2253 802 ι
2293 751 2369 804 Ac
2397 752 2587 820 paucis
2621 751 2942 821 interiectis,
2981 771 2998 803 ι
3036 752 3238 808 Ferunt
3262 755 3449 821 etiam,

255 847 462 910 δίζοντες,
495 843 584 896 καὶ
615 841 723 894 τῶν
761 841 961 913 χειρῶν
996 842 1255 912 ἀκρατεῖς
1290 841 1591 906 ποιοῦντες,
1625 839 1774 911 Epp:-

1883 839 2080 910 inquit,
2117 837 2357 893 Saturno
2383 850 2592 895 veteres
2618 841 3100 912 (quemadmodum
3127 854 3180 898 et
3223 843 3453 898 Cartha-

255 953 357 990 πτον
382 938 452 998 εἰς
479 934 537 986 τὸ
568 933 658 987 τοῦ
689 934 966 1006 Τιϐέρεως
1006 933 1240 1005 ῥεῖθρον,
1273 933 1466 987 εἴδωλα
1496 933 1776 996 ποιοῦντες

1880 930 2005 1004 gine
2023 915 2151 985 dum
2183 939 2459 1000 superstes
2479 941 2644 998 esset,
2671 941 2724 986 et
2749 933 2890 1002 apud
2917 932 3099 988 Gallos
3128 933 3448 996 etiamnum,

252 1027 537 1100 ἀνδρείκελα,
563 1028 952 1099 κεκοσμημένα
984 1025 1077 1079 τὸν
1103 1026 1265 1081 αὐτὸν
1293 1028 1521 1090 ἐκείνοις
1551 1025 1770 1097 τρόπον,

1883 1025 2134 1093 aliosque
2186 1025 2483 1080 nonnullos
2518 1023 2830 1080 Occidentis
2876 1025 3107 1094 populos
3140 1025 3252 1079 ﬁeri
3289 1026 3449 1096 solet)

252 1119 490 1191 ἐμϐάλλειν
525 1120 604 1182 εἰς
641 1118 734 1172 τὸν
763 1121 1024 1192 ποταμὸν,
1055 1121 1142 1175 ῖνα
1182 1119 1243 1173 τὸ
1283 1119 1383 1190 τῆς
1414 1118 1625 1182 ὀττείας
1663 1119 1692 1170 ὃ
1721 1135 1774 1171 τι

1881 1119 2130 1174 homines
2172 1119 2488 1174 immolasse
2522 1138 2536 1174 :
2565 1119 2659 1189 qui
2695 1135 2815 1174 mos
2837 1119 3087 1174 sublatus
3119 1118 3188 1172 ab
3222 1116 3451 1173 Hercule

249 1215 296 1285 δή
323 1229 431 1265 ποτε
453 1208 515 1282 ἦν
538 1213 595 1264 ὲν
627 1213 748 1275 ταῖς
773 1213 1030 1268 ἁπάντων
1052 1213 1254 1284 ψυχαῖς
1290 1210 1604 1283 παραμένον
1629 1209 1774 1275 ἐξαι-

1882 1211 2062 1279 fuerit,
2087 1227 2210 1266 cum
2246 1213 2361 1281 ipse
2389 1212 2642 1282 princeps
2672 1220 2724 1265 et
2760 1227 2909 1265 aram
2944 1211 2998 1265 in
3033 1210 3169 1265 colle
3194 1209 3449 1266 Saturnio

249 1304 370 1377 ρεθῇ,
398 1303 497 1356 τῶν
538 1304 762 1358 εἰκόνων
794 1304 888 1358 τοῦ
924 1304 1149 1358 παλαιοῦ
1180 1303 1386 1366 πάθους
1432 1301 1511 1354 ἔτι
1540 1301 1776 1371 σωζομέ-

1880 1305 2110 1376 erigere,
2145 1311 2198 1358 et
2224 1317 2486 1373 purarum
2521 1302 2824 1356 hostiarum
2858 1301 3130 1370 primitias
3155 1314 3293 1371 puro
3339 1299 3447 1368 igni

247 1415 344 1450 νων.
370 1393 524 1447 Τοῦτο
563 1394 621 1448 δὲ
671 1397 765 1448 καὶ
799 1397 992 1468 μέχρις
1037 1395 1171 1466 ἐμοῦ
1217 1395 1297 1448 ἔτι
1342 1393 1606 1446 διετέλουν
1650 1392 1774 1444 Ῥω-

1879 1411 2203 1452 consecrare
2239 1395 2525 1449 voluisset.
2559 1392 2823 1462 Atqueis,
2856 1401 2914 1445 ut
2947 1394 3094 1462 ipsos
3117 1392 3268 1446 omni
3301 1402 3447 1446 metu

246 1489 363 1557 μαῖοι
394 1485 638 1550 δρῶντες,
682 1487 763 1540 ἔτι
804 1500 830 1528 ι
865 1487 1057 1558 μικρὸν
1087 1487 1310 1560 ὕστερον
1339 1487 1559 1557 ἐαρινῆς
1593 1487 1776 1556 ἰσημε-

1880 1504 1944 1543 ac
1977 1487 2238 1557 religione
2269 1486 2522 1550 solveret,
2564 1485 2607 1540 si
2665 1499 2772 1552 qua
2824 1482 2966 1538 forte
3020 1499 3158 1551 sese,
3190 1493 3447 1554 tanquam

246 1579 353 1650 ρίας,
374 1579 423 1630 ἐν
451 1578 576 1648 μηνὶ
605 1579 768 1650 Μαΐῳ
796 1582 916 1642 ταῖς
948 1579 1310 1648 καλουμέναις
1337 1578 1521 1642 εἰδοῖς,
1557 1578 1774 1650 διχομή-

1879 1580 2070 1651 patriis
2102 1579 2274 1635 sacris
2327 1578 2608 1649 neglectis,
2669 1577 2939 1648 obligatos
2985 1585 3264 1647 putarent,
3309 1577 3451 1633 hanc

242 1670 330 1722 νιδα
349 1669 643 1740 βουλόμενοι
671 1670 875 1741 ταύτην
902 1665 1042 1726 εἶναι
1066 1671 1165 1742 τὴν
1197 1670 1409 1743 ἡμέραν
1432 1688 1444 1700 '
1479 1672 1536 1723 ἐν
1635 1687 1770 1742 προ-

1878 1688 1972 1728 eos
2003 1671 2252 1742 placandi
2284 1671 2526 1726 numinis
2554 1671 2822 1725 rationem
2851 1670 3057 1734 docuit,
3090 1680 3149 1725 ut
3179 1672 3232 1724 iu
3267 1671 3448 1725 locum

242 1759 456 1822 Θύσαντες
500 1759 671 1830 ἱερεῖα
707 1759 774 1813 τὰ
803 1760 942 1814 κατὰ
978 1763 1105 1824 τοὺς
1133 1761 1330 1832 νόμους
1371 1763 1419 1813 οἰ
1450 1760 1771 1830 καλούμενοι

1879 1765 2186 1829 hominum,
2243 1779 2383 1833 quos
2436 1744 2714 1819 manibus.
2744 1771 2870 1818 ante
2903 1763 3239 1834 pedibusque
3270 1762 3420 1818 rcvin

242 1849 536 1917 Ποντίᾳικες,
570 1852 763 1922 ἱερέων
804 1853 854 1904 οἰ
897 1852 1326 1922 διαφανέστατοι,
1353 1854 1445 1906 καὶ
1467 1854 1563 1907 σὺν
1596 1855 1777 1917 αὐτοῖς
1809 1841 1831 1897 Ῑ

1881 1859 1981 1914 etis
2009 1859 2062 1912 in
2097 1857 2335 1911 Tiberim
2378 1857 2758 1926 projiciebaut,
2819 1855 3102 1910 hominum
3157 1855 3449 1910 simulacra

241 1945 280 2000 αἰ
305 1945 353 1999 τὸ
380 1943 635 1998 ἀθάνατον
667 1947 778 2015 πῦρ
810 1946 1261 2016 διαφυλάττουσαι
1298 1947 1578 2018 παρθένοι,
1612 1964 1776 2018 στρα-

1876 1951 2066 2007 eodem
2100 1961 2294 2005 ornala
2325 1951 2494 2017 cultu,
2523 1951 2824 2019 eodemque
2852 1949 2961 2003 ritu
2993 1951 3044 2002 in
3072 1948 3292 2001 ﬂuvium
3327 1947 3447 2001 mit-

239 2035 358 2107 τηγοί
385 2052 437 2089 τε
494 2036 584 2089 καὶ
611 2035 724 2088 τῶν
748 2035 922 2090 ἄλλων
955 2035 1209 2100 πολιτῶν,
1245 2035 1337 2101 οὒς
1375 2038 1631 2108 παρεῖναι
1656 2038 1775 2099 ταῖς

1876 2043 2034 2098 tenda
2065 2042 2404 2107 suﬂieerent;
2463 2043 2541 2096 uti
2599 2042 2645 2096 si
2692 2039 2822 2111 quid
2877 2039 3056 2094 adhuc
3081 2036 3359 2108 religionis
3391 2037 3444 2090 in

239 2128 521 2201 ἱερουργίαις
550 2127 733 2199 θέμις,
779 2129 972 2183 εἴδωλα
1003 2131 1084 2194 εἰς
1122 2129 1336 2203 μορφὴν
1375 2128 1678 2201 ἀνθρώπων
1708 2129 1777 2181 εἰ-

1874 2136 2199 2206 eujusquam
2231 2134 2416 2189 animo
2444 2132 2727 2196 resideret,
2759 2141 2932 2186 totum
2963 2129 3015 2185 id
3058 2128 3327 2195 funditus,
3361 2141 3449 2182 re-

238 2221 438 2291 κασμένα
467 2220 766 2291 τριάκοντα
797 2220 886 2273 τὸν
911 2221 1142 2293 ἀριθμὸν
1172 2222 1278 2275 ἀπὸ
1307 2221 1405 2291 τῆς
1437 2222 1586 2292 ἱερᾶς
1611 2221 1776 2291 γεφύ-

1875 2238 2021 2284 tenta
2053 2229 2137 2283 vel
2167 2228 2347 2299 specie
2374 2236 2530 2282 tenus
2556 2225 2808 2282 sacriﬁcii
2834 2224 3036 2280 veteris
3071 2221 3445 2293 usurpatione,

239 2329 311 2383 px;
333 2310 600 2381 βάλλουσιν
642 2313 723 2375 εἰς
755 2311 815 2364 τὸ
846 2312 1021 2382 ῥεῦμα
1045 2311 1140 2366 τοῦ
1172 2312 1463 2383 Τιϐέρεως,
1498 2311 1775 2384 Ἀργείους

1874 2323 2176 2377 tolleretur.
2211 2320 2390 2390 Atque
2420 2320 2568 2374 hunc
2596 2332 2805 2373 morem
2853 2317 3154 2371 etiamnum
3211 2313 3446 2368 Romani

235 2403 340 2456 αὐτὰ
360 2402 664 2467 καλοῦντες.
701 2423 719 2454 ι
758 2403 1005 2458 Τοσαῦτα
1041 2404 1142 2474 μὲν
1173 2404 1237 2475 δὴ
1253 2404 1446 2461 ταῦτα.
1465 2404 1573 2458 Καὶ
1606 2406 1633 2456 ό
1658 2403 1775 2458 Διό-

1874 2423 2116 2480 servant,
2147 2414 2308 2484 paulo
2339 2421 2461 2483 post
2512 2428 2740 2466 vernum
2799 2408 3214 2479 aequinoctium,
3267 2404 3446 2468 Maiis.

233 2496 363 2567 δωρος
385 2495 435 2549 δὲ
459 2496 523 2549 τὰ
549 2498 715 2567 ὃμοια
739 2496 946 2562 τούτοις
976 2500 1033 2550 ἐν
1060 2499 1278 2569 εἰκοστῇ
1309 2497 1475 2568 βίϐλῳ
1493 2497 1588 2568 τῆς
1604 2498 1775 2553 Ἰστο-

1872 2523 2012 2576 quas
2045 2506 2334 2576 appellant,
2362 2504 2570 2571 Idibus,
2601 2504 2680 2559 sic
2722 2503 2982 2556 nimirum
3031 2508 3091 2554 ut
3135 2514 3200 2554 eo
3237 2497 3326 2553 die
3365 2495 3450 2550 di-

228 2586 366 2655 ρικῆς
386 2588 781 2656 Βιϐλιοθήκης
803 2591 1022 2661 ἱστορεῖ,
1046 2591 1182 2659 μετὰ
1204 2592 1302 2660 τὴν
1320 2589 1662 2663 Ἀλεξάνδρου
1679 2589 1772 2643 τοῦ

1873 2597 2135 2652 midiatus
2169 2597 2312 2650 lunae
2335 2595 2486 2650 orbis
2516 2601 2792 2665 appareat.
2847 2591 2984 2646 Tum
3030 2605 3163 2646 vero
3191 2589 3449 2645 solemni-

231 2678 492 2742 Μακεδόνος
533 2680 816 2750 τελευτὴν,
868 2683 962 2734 ἐπὶ
996 2681 1089 2734 τοῦ
1133 2680 1351 2753 πρώτου
1403 2683 1768 2752 Πτολεμαίου,

1873 2687 1977 2744 bus
2011 2687 2208 2742 hostiis
2251 2687 2354 2741 rite
2405 2686 2678 2749 mactatis,
2733 2683 3020 2755 pontilices
3075 2680 3243 2752 (quod
3291 2695 3445 2736 sum-

231 2773 329 2841 περὶ
351 2772 726 2844 Καρχηδονίων
749 2772 854 2826 ὑπὸ
872 2774 1260 2843 Ἀγαθοκλέους
1287 2775 1397 2845 (‘25)
1415 2775 1506 2828 τοῦ
1524 2774 1772 2840 Σικελίας

1872 2795 2023 2834 mum
2053 2777 2195 2848 apud
2225 2793 2320 2833 eos
2351 2776 2715 2831 sacerdotium
2760 2775 2864 2833 est)
2911 2772 3186 2842 simulque
3217 2770 3449 2824 vestales

230 2864 446 2934 wpéwou
476 2865 972 2937 πολιορκουμένων,
999 2867 1170 2920 ταῦτα
1200 2865 1335 2938 πρὸς
1356 2867 1498 2932 λέξιν
1521 2868 1768 2940 γράφων·

1870 2871 2132 2942 virgines,
2161 2870 2364 2941 quibus
2395 2867 2719 2923 immortalis
2772 2866 2913 2937 ignis
2963 2865 3169 2921 credita
3199 2862 3449 2918 custodia

235 2976 247 3007 t
281 2958 510 3028 ᾘτιῶντο
537 2958 654 3027 (24)
689 2959 745 3012 δὲ
781 2961 874 3013 καὶ
904 2961 994 3013 τὸν
1039 2961 1246 3034 Κρόνον
1274 2962 1455 3025 αὐτοῖς
1501 2960 1774 3015 ἐναντιοῦ-

1871 2973 1953 3018 est
1987 2979 2095 3018 una
2147 2979 2270 3018 eum
2298 2961 2622 3032 praetoribus
2651 2960 2971 3030 eacterisque
3023 2956 3254 3021 civibus,
3311 2971 3448 3026 quos

230 3050 351 3112 σθαι,
400 3051 631 3104 καθόσον
685 3055 742 3105 ὲν
790 3057 901 3118 τοῖς
948 3052 1255 3125 ἔμπροσθεν
1311 3053 1521 3126 χρόνοις
1554 3053 1772 3121 θύοντες

1869 3053 2090 3124 quidem
2139 3053 2312 3108 sacris
2357 3052 2624 3108 interesse
2679 3049 2763 3106 fas
2801 3059 2906 3112 est,
2941 3047 3160 3118 triginta
3190 3047 3242 3100 id
3275 3061 3447 3114 genus

227 3144 365 3214 τούτῳ
404 3143 480 3215 τῷ
521 3143 635 3214 θεῴ
666 3144 775 3198 τῶν
817 3144 948 3198 υἱῶν
993 3147 1118 3209 τοὺς
1152 3146 1474 3217 κρατίστους
1497 3185 1512 3211 ,
1545 3145 1816 3246 ὕστερον(

1873 3147 2158 3202 hominum
2213 3146 2268 3200 in
2330 3145 2568 3216 speciem
2617 3144 2987 3198 eonformalas
3021 3141 3289 3211 imagines
3319 3139 3445 3204 (Ar-

225 3237 476 3306 ὼνούμενοι
503 3237 683 3310 λάθρα
713 3237 926 3301 παῖδας,
956 3238 1048 3290 καὶ
1075 3236 1368 3308 θρέψαντες
1397 3239 1642 3311 ἔπεμπον
1677 3240 1770 3295 ἐπὶ
1796 3230 1814 3246 ’

1871 3257 2005 3315 gens
2064 3239 2165 3310 ipsi
2220 3240 2438 3306 vocant)
2483 3239 2539 3293 in
2588 3235 2828 3291 Tiberim
2875 3234 3098 3288 ﬂuvium
3160 3233 3228 3288 de
3278 3230 3449 3286 Sacro

225 3328 301 3398 τὴν
319 3327 512 3392 θυσίαν,
536 3332 638 3383 καὶ
661 3328 938 3400 ζητήσεως
961 3329 1278 3400 γενομένης,
1306 3331 1605 3405 εὑρέθησάν
1626 3351 1770 3399 τινες

1871 3340 2037 3402 ponte
2069 3331 2355 3402 dejieiunt.
2400 3348 2417 3382 ι
2455 3327 2730 3384 Hactenus
2777 3326 3088 3397 Dionysius.
3147 3323 3254 3379 Nec
3300 3323 3445 3377 absi-

223 3419 308 3471 τῶν
329 3420 867 3493 καθιερουργημένων
899 3421 1275 3492 ὑποϐολιμαῖοι
1296 3424 1597 3492 γεγονότες.
1627 3424 1767 3480 Τού-

1871 3425 2018 3479 milia
2056 3433 2205 3488 sunt,
2236 3439 2358 3493 quae
2388 3439 2417 3477 a
2450 3421 2688 3477 Diodoro
2722 3415 2907 3475 Siculo
2937 3425 3251 3482 narrantur,
3305 3417 3445 3470 libro

223 3528 306 3564 των
334 3512 382 3567 δὲ
418 3514 679 3578 λαϐόντες
713 3514 949 3581 ἔννοιαν,
1000 3514 1092 3568 καὶ
1141 3515 1267 3579 τοὺς
1310 3517 1602 3589 πολεμίους
1630 3519 1768 3592 πρὸς

1861 3519 2155 3573 Historiae
2181 3517 2520 3571 Bibliothecw
2544 3514 2826 3576 vicesimo.
2865 3513 2954 3567 ubi
2995 3520 3118 3582 post
3144 3511 3434 3565 Alexandri

224 3604 310 3665 τοῖς
342 3604 574 3673 τείχεσιν
605 3603 845 3674 ὁρῶντες
896 3604 1453 3676 στρατοπεδεύοντας,
1489 3609 1768 3663 ἐδεισιδαι-

1872 3608 2189 3664 Macedonis
2217 3609 2450 3673 obitum,
2479 3607 2626 3662 circa
2678 3605 2955 3660 Ptoleiuaﬁ
2985 3605 3144 3676 primi
3177 3614 3442 3673 tempora,

227 3693 383 3761 μόνουν
426 3694 500 3759 ὡς
551 3694 980 3760 καταλελυκότες
1029 3697 1129 3761 τὰς
1167 3698 1430 3769 πατρίους
1470 3700 1578 3754 τῶν
1630 3701 1768 3757 θεῶν

1868 3703 1936 3758 de
1991 3701 2520 3773 Cartliaginensibus
2568 3701 2638 3755 ab
2689 3699 2984 3769 Agatliocle
3037 3697 3236 3753 Siciliae
3288 3696 3440 3766 16],

223 3788 370 3856 τιμάς.
416 3785 827 3859 Διορθώσασθαι
877 3787 933 3840 δὲ
983 3788 1080 3852 τὰς
1129 3789 1350 3859 ἀγνοίας
1400 3791 1763 3858 σπεύδοντες,

1867 3806 2099 3860 tyranno
2140 3797 2382 3851 obsessis
2434 3797 2500 3850 ad
2555 3795 2778 3849 verbum
2816 3794 2888 3849 ita
2918 3794 3179 3849 scribitzi
3215 3791 3440 3856 Iratum,

223 3878 486 3944 διακοσίους
523 3881 624 3950 μὲν
660 3879 766 3934 τῶν
811 3883 1256 3950 ἐπιφανεστάτων
1298 3885 1504 3938 παίδων
1533 3887 1764 3959 προκρί-

1869 3890 2064 3958 inquit,
2097 3889 2196 3943 sibi
2229 3897 2488 3959 praeterea
2526 3886 2823 3942 Saturnum
2854 3902 2978 3942 esse
3031 3889 3133 3940 liae
3165 3885 3232 3940 de
3279 3899 3442 3939 causa

223 3987 394 4035 ναντες,
427 3971 627 4025 ἔθυσαν
649 3972 912 4044 δημοσίῳ
945 3973 1092 4026 ἄλλοι
1125 3974 1190 4038 δ’,
1216 3976 1271 4027 ὲν
1292 3975 1565 4040 διαϐολαῖς
1589 3976 1762 4041 ὄντες,

1866 3981 2211 4044 dictitabant,
2244 3981 2390 4050 quod
2414 3995 2537 4034 eum
2576 3980 2677 4050 ipsi
2701 3991 2858 4034 antea
2884 3979 3184 4033 liberorum
3213 3991 3440 4031 suorum

223 4061 442 4128 ἑκουσίως
481 4063 713 4127 ἑαυτοὺς
743 4064 956 4126 ἔδοσαν,
987 4065 1086 4117 οὐκ
1129 4065 1384 4129 ἐλάττους
1421 4066 1570 4131 ὄντες
1607 4085 1763 4140 τρια-

1867 4074 2052 4129 liorem
2084 4075 2451 4139 immolarent,
2485 4073 2738 4143 deinceps
2769 4088 2875 4128 non
2909 4072 3011 4126 nisi
3042 4085 3240 4142 pueros
3276 4083 3444 4139 quos-

223 4154 401 4208 κοσίων.
425 4151 535 4209 Ἦν
558 4156 616 4208 δὲ
648 4158 775 4227 παρ’
805 4158 991 4219 αὐτοῖς
1022 4156 1244 4228 ἀνδριάς
1270 4159 1478 4228 Κρόνου
1507 4159 1760 4230 χαλκοῦς,

1867 4167 1988 4221 dam
2045 4165 2232 4221 furtim
2279 4175 2558 4235 coemptos
2607 4175 2768 4236 atque
2799 4166 2898 4220 abs
2932 4179 3053 4219 sese
3089 4161 3348 4216 educatos
3375 4159 3443 4214 ad

221 4245 490 4310 ἐκτετακὼς
538 4246 640 4309 τὰς
685 4249 872 4318 χεῖρας
912 4247 1109 4311 ὑπτίας
1149 4250 1518 4320 έκτεταμένας
1551 4253 1641 4305 ἐπὶ
1665 4252 1765 4322 τῆς

1865 4257 2192 4312 sacriﬁcium
2248 4257 2648 4313 submitterent.
2703 4255 2888 4325 Itaque
2938 4254 3042 4310 hac
3080 4253 3147 4308 de
3203 4268 3262 4307 re
3291 4265 3441 4320 qua:-

221 4337 326 4406 γῆς,
355 4338 489 4391 ὥστε
540 4337 633 4391 τὸν
680 4338 991 4391 συντιθέντα
1036 4338 1144 4391 τῶν
1191 4339 1394 4394 παίδων
1447 4343 1758 4397 ἀποκωλύε-

1868 4351 2048 4405 stione
2077 4349 2287 4414 habita,
2315 4348 2608 4404 nonnullos
2637 4364 2703 4402 ex
2755 4348 2844 4413 iis,
2883 4347 2976 4416 qui
3023 4359 3183 4401 sacro
3237 4358 3301 4398 ac
3353 4357 3442 4397 so-

222 4428 317 4482 σθαι
354 4430 496 4500 (25),
546 4430 642 4482 καὶ
694 4429 909 4482 πίπτειν
963 4431 1041 4492 εῖς
1072 4448 1121 4482 τι
1169 4433 1352 4501 χάσμα
1401 4431 1605 4506 πλῆρες
1660 4454 1764 4489 πυ-

1867 4441 2032 4497 leinni
2069 4443 2175 4496 ritu
2199 4443 2322 4497 caesi
2351 4453 2528 4506 erant,
2579 4440 2961 4511 supposititios
3009 4438 3180 4493 fuisse
3229 4451 3444 4505 repere-

221 4520 307 4591 ράς-
341 4539 358 4572 ι
1795 4528 1840 4582 D
1871 4542 2018 4588 runt.
2055 4533 2187 4599 Quze
2213 4548 2337 4588 eum
2372 4547 2559 4587 secum
2587 4531 2689 4600 ipsi
2724 4537 3057 4600 reputarent,
3096 4526 3445 4594 hostiumque

219 4625 362 4672 castra
409 4619 685 4675 moenibus
719 4617 834 4673 suis
881 4618 1168 4674 imminere
1210 4631 1517 4685 cernerent,
1567 4638 1761 4697 magna
1804 4631 1911 4687 illis
1941 4631 2138 4702 injecta
2201 4631 2393 4701 religio
2425 4639 2530 4694 est,
2560 4629 2718 4700 quasi
2747 4629 2952 4699 patrios
2984 4628 3210 4682 deorum
3267 4625 3444 4678 hono-

219 4724 285 4762 res
345 4713 712 4768 sustulissent.
751 4714 928 4783 Atque
979 4712 1124 4768 hunc
1177 4730 1418 4770 errorem
1482 4726 1542 4772 ut
1590 4731 1802 4780 mature
1859 4735 2236 4796 procurarent,
2290 4727 2526 4797 primum
2581 4727 2804 4797 quidem
2847 4725 3082 4781 eximios
3135 4719 3446 4778 communi-

219 4801 393 4872 busque
461 4808 636 4863 lectos
683 4807 956 4878 suﬂ‘ragiis
991 4809 1364 4866 adolescentes
1424 4816 1648 4872 omnino
1706 4820 1973 4878 ducentos
2037 4823 2251 4893 publice
2314 4823 2705 4878 immolarunt:
2737 4820 2931 4876 deinde
2978 4832 3106 4874 vero
3153 4817 3244 4870 alii
3307 4827 3447 4884 prte-

220 4907 356 4965 terea,
391 4901 483 4970 qui
511 4900 731 4955 violatae
800 4901 1088 4973 religionis
1137 4905 1376 4972 suspecti
1409 4907 1570 4978 vulgo
1634 4925 1838 4981 essent,
1881 4917 2022 4971 ultro
2086 4932 2205 4972 sese
2254 4931 2319 4972 ac
2378 4911 2961 4986 sponte'obtulerunt,
3003 4910 3260 4965 trecentis
3297 4903 3443 4960 haud

220 4991 489 5053 Ιηιιεὶοτεδ.
547 4992 680 5048 Erat
741 5005 923 5050 autem
1006 4997 1150 5066 apud
1207 5013 1302 5054 eos
1357 5001 1717 5059 simulacrum
1773 5007 1994 5066 Saturni
2044 5027 2269 5076 aereum,
2327 5011 2538 5081 supinis
2590 5024 2654 5065 ac
2710 5007 3072 5079 pendentibus
3126 5005 3179 5057 in
3241 5011 3442 5056 terram

222 5086 456 5180 nia—nibus,
505 5096 568 5180 ut
608 5089 898 5180 impositus
928 5092 1060 5160 ipsis
1092 5094 1408 5151 adolescens
1454 5101 1752 5170 subiectam
1792 5107 1845 5161 in
1916 5109 2128 5164 foveam
2157 5110 2378 5180 ignique
2438 5108 2652 5178 plenam
2713 5106 3020 5160 volveretur
3059 5117 3122 5156 ac
3153 5108 3356 5156 rueret.
3414 5119 3434 5151 ι

271 5175 484 5232 Τοιαῦτα
513 5179 578 5251 δὴ
621 5183 713 5234 καὶ
747 5175 900 5246 οὗτος
931 5181 1019 5236 διά
1067 5185 1165 5256 τῆς
1217 5188 1424 5252 οἰκείας
1474 5191 1759 5264 Ἱστορίας

1938 5202 2064 5257 Haec
2089 5175 2206 5258 suis
2238 5175 2582 5256 ἰηνΗίιι-ονίἰε
2613 5198 2903 5253 Diodorus.
2930 5195 3297 5261 Quamobrem
3325 5194 3448 5264 jure

222 5270 516 5340 παρέδωκεν.
555 5274 791 5339 Εἰκότως
821 5276 926 5348 ἄρα
960 5278 1106 5348 καὶὴ
1150 5281 1278 5352 παρ’
1313 5282 1586 5352 Ἑϐραίοις
1619 5287 1761 5359 Γρα-

1863 5311 1996 5352 sane
2051 5309 2122 5349 ao
2151 5294 2347 5348 merito
2384 5292 2737 5347 Hebraeorum
2774 5289 2972 5343 litteris
3017 5297 3318 5356 carpuntur
3369 5285 3444 5338 illi

223 5362 278 5430 φὴ
301 5367 704 5436 καταμέμφεται
735 5371 844 5432 τοῖς
876 5369 943 5423 τά
976 5370 1202 5426 τοιαῦτα
1241 5373 1516 5446 ζηλώσασι
1552 5379 1661 5435 τῶν
1693 5383 1758 5436 ὲκ

1862 5397 2025 5459 atque
2047 5386 2536 5457 reprehenduntur,
2554 5384 2722 5454 quiex
2742 5380 3192 5437 eireumrisorum
3212 5394 3448 5435 numero

277 5467 298 5494 ³
333 5456 446 5510 ὅσον
478 5475 527 5510 τι
558 5458 618 5511 D.

404 5550 770 5636 Ἡλοζηκοξιξι.
803 5553 984 5636 Dion,
1005 5557 1282 5636 quipaulo
1304 5568 1427 5636 ante
1443 5576 1558 5636 om.
1581 5561 1751 5626 δέους.
1863 5583 1865 5590 ι

1045 5557 1282 5636 tripaulo
1304 5568 1427 5636 ante
1443 5576 1558 5636 om.
1581 5561 1751 5626 δέους.
1863 5566 2300 5636 thaginiensibus
2320 5563 2633 5636 victoriam.

403 5618 846 5706 Λᾉγᾳθοκλέους.
882 5618 1036 5682 Ευειέ
1055 5618 1272 5683 Diodor.
1309 5628 1476 5685 Sieul.
1504 5633 1538 5684 Ι.
1567 5648 1655 5686 χιι
1688 5618 1756 5688 οἱ)

1872 5618 2441 5706 Π-(ἕελΣυιέτιᾶἐντα
2493 5652 2542 5687 τ.
2596 5651 2659 5688 π.
2709 5633 3185 5706 ἀποκωλύεσβαι.
3237 5628 3436 5706 Facilis

226 5693 370 5780 nam,
393 5693 577 5780 etnlib1
615 5711 708 5750 xx.
774 5775 785 5780 Δ
873 5765 932 5780 Ν
992 5768 1004 5780 _
1122 5771 1136 5780 _
1409 5772 1438 5780 _
1486 5772 1575 5780 --

1863 5693 1984 5780 erat
2019 5693 2354 5780 conjectura,
2393 5705 2675 5776 legendum
2697 5721 2839 5769 esse,
2865 5703 3201 5780 ἐπιτεθέντα,
3231 5710 3284 5754 et
3305 5702 3438 5780 ἁπο-

396 5762 711 5848 1’ῌτιῶα-τρ,
739 5775 840 5848 etc.
873 5765 1090 5848 Diodor.
1122 5771 1158 5822 1.
1193 5785 1284 5848 ξιτ,
1320 5786 1372 5848 p.
1409 5772 1511 5848 ’ἰξὶϐ
1539 5772 1602 5848 D.
1623 5773 1751 5848 edit.
1864 5797 1868 5831 τ

1864 5757 2172 5846 ζςῶλεᾶόάῖξ
2186 5757 2354 5848 'q'ibii‘
2369 5757 2673 5848 utrumque
2696 5757 2887 5848 postea
2912 5776 2966 5830 in
2987 5757 3222 5831 Diodoro
3241 5771 3437 5844 reperi.

229 5822 378 5884 om
396 5822 479 5898 Lf,
503 5845 612 5902 post
651 5822 980 5894 luculentam
1004 5840 1149 5896 illam
1181 5822 1504 5914 Δέὸῶὸέιῖέ
1522 5822 1601 5900 ιιέ
1617 5822 1751 5899 ὦτί
