3890 6384
556 307 664 362 283
1196 302 1285 360 EU
1295 302 1468 359 SEBll
1507 301 1988 359 CAESARIENSlS
2019 300 2132 357 0P!

2236 297 2392 355 ἈΕΒ
2431 296 2497 353 ll.
2532 326 2600 338 —
2628 293 3147 379 ΑΡοιοοΕτιοΑ.
3660 304 3745 360 284

557 416 680 457 eum
736 405 939 461 essent,
990 397 1183 457 iisdem
1231 408 1411 453 tamen
1465 415 1584 454 sese
1603 399 1824 471 ﬂagitiis
1878 399 2130 469 inquina-

2236 394 2552 470 περιτομῆς,
2577 393 2879 464 φάσκουσα·
2914 410 2930 442 ι
2957 391 3066 444 Καὶ
3102 389 3258 443 ἔθυον
3282 389 3404 454 τοὺς
3428 391 3559 457 υἱοὺς
3586 401 3740 461 and»,

556 501 696 556 rent,
731 489 798 544 Et
825 490 1171 544 immolabant
1203 492 1346 561 ﬁlios
1383 508 1506 547 suos
1538 503 1589 546 et
1614 492 1758 560 ﬁlias
1787 509 1914 546 suas
1941 492 2132 546 deamo-

2239 489 2331 544 καὶ
2360 486 2459 551 τὰς
2492 485 2798 556 θυγατέρας
2829 482 3006 537 αὐτῶν
3055 484 3166 545 τοῖς
3199 480 3443 551 δαίμοσι·
3483 486 3565 538 καὶ
3598 488 3745 556 ἐφονο.

555 584 680 637 uiis.
708 580 776 636 Et
801 581 998 651 infecta
1023 592 1102 636 est
1134 591 1276 636 terra
1302 583 1353 636 in
1384 583 1754 653 sanguinibus,
1799 592 1849 637 et
1876 584 2137 637 contami-

556 685 686 729 nata
716 683 795 729 est
826 676 881 728 in
916 674 1159 745 operibus
1183 692 1363 729 eorum
1394 673 1459 729 ".
1480 674 1557 729 Ac
1592 675 1722 730 mihi
1759 676 1978 746 quidem
2012 691 2135 746 per-

557 765 787 829 suadeo,
812 764 1104 820 manileste
1129 764 1381 834 quemvis
1414 779 1479 820 ex
1515 765 1895 835 superioribus
1939 765 2136 819 intelli-

2236 581 2526 651 κτονήθηή
2564 578 2637 649 γῆ
2670 578 2728 631 ἐν
2769 579 2880 640 τοῖς
2907 575 3124 645 αἵμασι,
3163 573 3257 627 καὶ¹
3308 574 3523 647 ἐμιάνθη
3549 578 3578 647 ἡ
3605 580 3664 650 γῆ
3702 585 3745 637 ὲν

2235 675 2347 737 τοῖς
2379 672 2560 746 ἔργοις
2582 668 2779 723 αὐτῶν.
2809 688 2827 720 ι
2866 665 3029 720 Ἀλλά
3059 665 3169 737 γὰρ
3199 664 3433 737 ἠγοῦμαι
3474 667 3552 721 διὰ
3586 672 3747 727 τούτων

2235 762 2638 836 ἀπεληλέγχθαι
2676 760 2883 830 σαφῶς,
2908 760 3227 833 δαιμονικήν
3259 777 3380 813 τινα
3412 763 3655 830 γεγονέναι
3673 767 3748 838 τὴν

558 871 705 926 gere,
766 855 1003 925 primum
1059 856 1209 910 illum
1270 854 1634 924 eumdemque
1694 856 2131 912 vetustissimum

559 948 854 1002 simulacra
875 947 1114 1019 erigendi
1144 961 1377 1013 morem,
1405 948 1769 1019 omnibusque
1788 965 2132 1005 communem

555 1040 808 1111 gentibus
838 1041 1126 1094 numinum
1178 1056 1273 1094 seu
1305 1041 1489 1096 verius
1533 1042 1803 1097 idolorum
1835 1043 2132 1106 ﬁctionem,

556 1146 589 1186 a
622 1131 982 1199 daemonibus,
1012 1147 1112 1187 nec
1147 1132 1215 1185 ab
1246 1131 1315 1187 iis
1345 1148 1497 1199 sane,
1532 1133 1627 1203 qui
1665 1134 1792 1188 boni
1845 1143 2131 1200 vocantur,

556 1223 651 1276 sed
686 1222 834 1276 omni
887 1222 1092 1277 scelere
1146 1222 1459 1294 ﬂagitioque
1509 1226 1804 1281 teterrimis
1835 1225 2131 1296 profectam

2235 857 2573 927 παλαιτάτην
2652 855 2747 908 καὶ
2790 851 3013 925 πρώτην
3059 852 3167 906 τῶν
3215 852 3413 919 ξοάνων
3444 852 3654 924 ἵδρυσιν,
3682 860 3751 913 καὶ

2236 952 2415 1005 πᾶσαν
2441 948 2538 1021 τὴν
2576 948 2861 1020 είδωλικὴν
2890 947 2997 1001 τῶν
3028 945 3197 1000 ἐθνῶν
3224 945 3511 1009 θεοποιίαν,
3545 949 3625 1001 καὶ
3659 949 3745 1004 δαι-

2238 1043 2413 1116 μόνων
2459 1041 2559 1096 οὐκ
2592 1039 2843 1109 ἀγαθῶν,
2889 1037 3025 1091 ἀλλὰ
3066 1036 3135 1090 τά
3178 1036 3358 1089 πάντα
3402 1036 3753 1108 μοχθηροτάτων

2235 1134 2329 1188 καὶ
2359 1131 2599 1203 φαύλων.
2642 1131 2730 1195 Ὡς
2772 1126 3133 1199 ἐπαληθεύειν
3175 1125 3238 1179 τὸ
3264 1126 3467 1195 φάσκον
3504 1128 3557 1178 ἐν
3580 1143 3753 1200 προφη-

2233 1226 2404 1289 τείαις
2434 1224 2638 1294 λόγιοψ
2670 1243 2687 1274 ι
2714 1222 2923 1284 Πάντες
2949 1221 2995 1273 oi
3023 1218 3134 1272 θεοὶ
3157 1216 3264 1273 τῶν
3291 1216 3457 1270 ἐθνῶν
3476 1217 3689 1289 δαιμόνια
3706 1237 3750 1271 'I

2231 1320 2292 1373 τό
2324 1336 2383 1372 τε
2434 1315 2788 1371 ἀποστολικὸν
2808 1355 2822 1379 ,
2874 1313 2941 1366 δι’
2972 1305 3034 1365 οὗ
3080 1327 3244 1382 φησιν
3266 1351 3280 1375 ,
3316 1310 3396 1363 ὅτι
3435 1329 3451 1360 ι
3483 1311 3544 1361 Ἀ
3575 1309 3753 1376 θύουσι,

2231 1411 2528 1483 δαιμονίοις
2557 1409 2650 1463 καὶ
2671 1408 2730 1461 ού
2755 1404 2874 1476 θεῷ
2897 1404 3113 1457 θύουσιν
3134 1421 3145 1433 ·
3175 1423 3194 1455 ι
3218 1402 3251 1474 ἦ
3284 1401 3337 1455 εἷ
3364 1419 3414 1454 τι
3441 1418 3498 1469 γε
3518 1395 3579 1471 ἦν
3597 1401 3756 1469 ἀγαθὸν

2233 1505 2291 1555 ἐν
2324 1504 2528 1566 αὐτοῖς,
2561 1501 2638 1565 ῶς
2674 1499 2763 1554 διὰ
2792 1499 2952 1553 τοῦτο
2994 1498 3089 1551 καὶ
3122 1498 3221 1568 τῆς
3254 1494 3361 1549 τῶν
3393 1491 3595 1562 ἀγαθῶν
3632 1510 3759 1564 μετα-

554 1329 676 1369 esse
707 1322 869 1383 atque
897 1315 1221 1369 institutam.
1280 1312 1353 1368 Ut
1398 1315 1705 1386 prophetici
1733 1316 1898 1387 hujus
1924 1317 2134 1372 oraculi

557 1405 758 1459 veritas
782 1405 989 1474 liquido
1024 1414 1255 1469 constet,
1293 1404 1485 1459 Omnes
1536 1407 1615 1460 dii
1657 1409 1891 1478 gentium
1933 1407 2134 1462 deamo-

556 1497 714 1559 uia",
752 1512 852 1550 nec
885 1512 993 1550 non
1022 1497 1169 1551 illius
1204 1496 1515 1565 apostolici,
1547 1498 1679 1563 Qua:
1695 1498 1995 1562 immolant,
2021 1496 2133 1552 da:-

556 1588 745 1640 mom‘is
776 1588 1077 1655 immolant,
1114 1596 1163 1642 et
1187 1605 1291 1642 non
1321 1587 1499 1644 Deo".
1548 1588 1861 1653 Enimvero,
1922 1591 1966 1645 si
2000 1590 2130 1644 boni

2236 1596 2416 1667 λαχεῖν
2448 1593 2851 1667 προσηγορίας,
2885 1590 3227 1662 εὐεργετικὸν
3255 1586 3321 1641 ἂν
3357 1582 3443 1659 ἦν.
3474 1587 3560 1639 καὶ
3585 1586 3758 1640 πάντων

557 1681 850 1751 vestigium
880 1681 934 1735 in
969 1682 1037 1736 iis
1068 1681 1239 1736 ullum
1270 1690 1438 1748 esset,
1473 1684 1828 1753 quamobrem
1858 1683 2127 1738 bonorum

2237 1687 2525 1758 σωτήριον,
2559 1684 2711 1754 φίλον
2745 1700 2806 1736 τε
2840 1679 3189 1751 δικαιοσύνης
3231 1679 3327 1733 καὶ
3382 1676 3655 1749 ἀνθρώπων
3684 1692 3761 1746 κηο

554 1772 975 1842 appellationem
1015 1772 1141 1842 jure
1194 1772 1542 1841 sortirentur,
1576 1788 1672 1828 eos
1714 1774 1902 1844 utique
1934 1783 2130 1829 natura

2236 1777 2532 1850 δεμονικόν.
2582 1774 2835 1829 Τοιοῦτον
2873 1775 2930 1828 δὲ
2959 1773 3017 1827 ὃν
3044 1814 3058 1837 ,
3094 1772 3214 1835 πῶς
3238 1771 3295 1824 δέ
3325 1771 3427 1823 οὐκ
3471 1769 3672 1839 ἀπεῖργε
3694 1767 3760 1821 διὰ

555 1880 655 1920 sua
686 1880 808 1919 cum
836 1863 1127 1934 benignos.
1151 1880 1216 1919 ac
1240 1864 1434 1919 salutis
1461 1866 1706 1920 omnium
1741 1866 1991 1936 cupidos,
2013 1876 2127 1921 tum

554 1972 689 2010 vero
721 1965 972 2010 amantes
1012 1956 1258 2026 justitiaa,
1319 1958 1712 2028 hominumque
1757 1958 2035 2013 studiosos
2066 1975 2132 2014 ac

554 2047 872 2104 defensores
932 2063 1055 2103 esse
1105 2058 1402 2118 oporteret.
1439 2049 1764 2119 Cujusmodi
1818 2048 1863 2105 si
1919 2060 2128 2118 essent,

552 2138 650 2209 qui
682 2137 795 2193 tieri
824 2148 1028 2208 posset,
1054 2147 1113 2193 ut
1142 2138 1425 2194 hominum
1457 2141 1695 2196 caedibus
1726 2141 1793 2195 ad
1817 2141 2132 2198 delectatio-

556 2246 680 2284 nem
706 2230 1151 2300 voluptatemque
1187 2231 1539 2286 fruerentur?
1566 2232 1883 2287 fruerentur
1910 2236 2133 2290 autem?

556 2320 691 2386 luto,
753 2324 830 2375 uti
889 2337 999 2376 non
1053 2321 1336 2376 hominum
1387 2338 1559 2393 genus
1594 2338 1624 2377 a
1682 2320 1894 2377 nefario
1928 2324 2133 2381 scelere

556 2414 673 2468 suis
706 2414 808 2484 ipsi
840 2413 1080 2468 oraculis
1110 2413 1493 2468 deterrerent?
1528 2411 1632 2469 Sed
1666 2414 1743 2468 illi
1765 2413 2011 2484 profecto
2034 2417 2134 2471 ho-

556 2500 797 2556 minibus
841 2503 977 2572 ipsis
1024 2501 1184 2574 longe
1237 2503 1454 2573 pejores
1489 2506 1574 2559 ‘ac
1627 2505 1926 2562 deteriores
1978 2506 2131 2575 sint,

556 2607 783 2647 necesse
827 2602 931 2660 est,
974 2596 1175 2664 quippe
1214 2611 1340 2650 cum
1396 2594 1646 2652 homines
1698 2598 1876 2668 poenis
1925 2598 2134 2669 legibus

556 2685 872 2741 constitutis
902 2687 1204 2755 parricidas
1258 2687 1393 2744 istos
1444 2688 1721 2744 saniorem
1778 2690 1844 2744 ad
1893 2698 2130 2745 mentem

553 2777 883 2831 revocariut.
940 2777 1096 2848 162
1150 2779 1341 2848 Neque
1372 2778 1519 2834 enim
1566 2795 1711 2835 unus
1750 2781 1949 2850 aliquis
1998 2782 2127 2837 deo-

553 2884 675 2923 rum
715 2870 761 2925 is
790 2868 912 2935 fuit,
948 2872 1041 2924 sed
1080 2870 1387 2935 hominum,
1421 2888 1521 2942 per
1549 2887 1709 2942 quem
1752 2872 2001 2928 ell'ectum
2028 2882 2131 2941 est,

556 2972 616 3017 ut
648 2961 908 3032 pestifera
955 2962 1241 3017 hominum
1298 2964 1758 3019 immolandorum
1796 2979 1970 3034 eaque
2020 2974 2130 3017 tam

555 3057 814 3111 diuturna
843 3055 1201 3112 consuetudo.
1241 3056 1541 3111 tolleretur.
1594 3055 1978 3111 Verumtamen
2025 3057 2128 3111 im-

554 3148 849 3219 proborum
881 3149 1189 3203 daamonum
1226 3158 1399 3203 totum
1429 3149 1482 3203 id
1515 3148 1704 3213 fuisse,
1735 3149 1938 3203 clarius
1963 3150 2127 3204 etiam
2154 3125 2198 3182 θ

557 3241 850 3312 intelliges,
878 3242 923 3295 si
954 3242 1020 3295 de
1040 3240 1264 3296 infanda
1297 3241 1389 3295 illa
1424 3241 1707 3311 eli‘usaque
1738 3243 2013 3298 scortandi
2061 3243 2129 3297 li—

556 3333 762 3401 bidine,
795 3333 954 3404 cujus
984 3334 1285 3387 etiamnum
1338 3333 1482 3403 apud
1524 3333 1847 3406 Ileliopolim
1907 3333 2133 3391 Phoeni-

557 3426 677 3490 cize,
707 3434 871 3495 atque
904 3426 1043 3479 alios
1066 3426 1353 3495 plerosque
1393 3427 1623 3496 populos
1652 3442 1786 3483 usus
1814 3436 1920 3494 est,
1949 3437 2129 3482 tecum

556 3515 672 3585 ipse
701 3515 1050 3585 cogitaveris.
1102 3516 1384 3571 Adulteria
1441 3517 1734 3587 siquidem,
1767 3520 2129 3587 corruptelas,

556 3607 771 3677 aliaque
801 3606 852 3659 id
883 3622 1056 3677 genus
1100 3607 1311 3663 incesta
1342 3606 1567 3678 ﬂagitia,
1605 3609 1685 3664 sic
1716 3619 1974 3680 tanquam
2028 3626 2131 3665 no-

555 3710 679 3749 men
739 3695 959 3766 aliquod
1014 3698 1068 3751 in
1127 3698 1353 3752 deorum
1390 3715 1614 3755 suorum
1649 3700 1797 3754 cultu
1833 3716 2134 3771 repraesen-

559 3787 723 3843 tanda
757 3803 880 3842 esse
912 3788 1233 3857 defendunt,
1266 3791 1509 3861 adeoque
1542 3791 1898 3861 turpitudinis
1950 3793 2131 3861 indig-

559 3881 801 3935 nissima.
856 3896 985 3937 suas
1032 3897 1253 3952 quoque
1294 3882 1568 3953 primitias
1615 3884 1749 3952 ipsis
1802 3883 2128 3951 offerendas,

559 3970 691 4027 foedi
723 3971 976 4028 videlicet
1029 3972 1361 4043 infamisque
1421 3973 1735 4027 commercii
1772 3972 2010 4027 fructum
2042 3973 2130 4038 iis,

558 4064 784 4135 perinde
826 4073 886 4118 ut
916 4064 1180 4119 eximium
1235 4064 1507 4135 quoddam
1557 4065 1692 4135 grati
1741 4066 1907 4119 animi
1959 4066 2135 4119 moni-

560 4167 804 4211 mentum
839 4157 1234 4212 consecrando.
1277 4158 1417 4211 Sunt
1445 4156 1591 4211 enim
1634 4157 1999 4211 humanarum
2030 4159 2133 4212 bo-

560 4249 789 4305 stiarum
825 4249 1015 4304 istha‘c
1043 4248 1243 4303 aﬂinia.
1285 4248 1442 4316 Quod
1476 4249 1522 4305 si
1552 4249 1621 4303 ab
1676 4250 1897 4304 homine
1925 4259 2134 4320 tempe-

560 4347 718 4393 rante
742 4354 808 4393 ac
835 4339 1117 4393 moderato
1143 4340 1380 4393 alienum
1409 4348 1513 4406 est,
1535 4355 1643 4393 nou
1678 4340 1840 4394 modo
1870 4341 2131 4409 ets-dibus,

2232 1869 2497 1941 χρησμῶν
2548 1868 2609 1922 τὸ
2653 1865 2992 1938 ἀνθρώπινον
3036 1864 3192 1934 γένος
3248 1861 3473 1916 τοιαῦτα
3515 1860 3760 1932 πράττειν;

2230 1960 2416 2018 Ἦπου
2465 1965 2645 2034 χεῖρον
2689 1956 2759 2032 ἦν
2804 1960 2898 2012 καὶ
2938 1956 3267 2029 φαυλότερον
3320 1952 3636 2025 ἀνθρώπων,
3673 1950 3761 2019 οἶγε

2231 2056 2409 2128 νόμων
2431 2052 2721 2126 τιμωρίαις
2758 2051 2995 2116 ἐξάντεις
3024 2048 3149 2112 τοὺς
3203 2044 3517 2118 μιαιφόνους
3549 2042 3766 2112 κατέστη-

2235 2168 2334 2204 σαν
2359 2148 2493 2221 (26).
2525 2148 2598 2201 Οὐ
2621 2146 2729 2218 γὰρ
2762 2145 2881 2208 θεός
2920 2161 3001 2208 τις
3032 2137 3122 2213 ἦν,
3158 2140 3272 2193 ἀλλ’
3306 2139 3582 2211 ἄνθρωπος
3610 2134 3763 2207 (ΞἹ),6

2231 2244 2329 2315 τῆς
2373 2238 2824 2312 ἀνθρωποθυσίας
2864 2236 2960 2308 τὴν
3004 2234 3216 2306 χρόνιον
3249 2233 3344 2285 καὶ
3389 2228 3594 2303 μακρὰν
3630 2243 3767 2298 παρα-

2230 2331 2395 2394 λύσας
2425 2330 2597 2384 νόσον.
2629 2329 2751 2381 Ὄτι
2789 2327 2845 2381 δέ
2880 2324 3096 2394 φαύλων
3122 2319 3190 2395 ἦν
3229 2323 3322 2377 καὶ
3367 2320 3607 2394 πονηρῶν
3633 2316 3767 2372 ταῦτα

2231 2423 2523 2495 δαιμόνων,
2561 2421 2647 2492 εἴη
2682 2420 2761 2472 ἐτι
2807 2417 3013 2490 μᾶλλόν
3045 2433 3127 2470 σοι
3160 2415 3461 2486 συμφανὲς,
3491 2414 3538 2466 εί
3571 2410 3769 2479 λογίσαιο

2230 2514 2299 2567 τά
2325 2515 2422 2585 τῆς
2443 2514 2740 2585 ἐπιρρήτου
2783 2512 2876 2564 καὶ
2903 2508 3203 2563 ἀκολάστου
3230 2506 3487 2576 πορνείας
3514 2503 3672 2556 αὐτῶν
3692 2500 3767 2571 τῆς

2232 2606 2289 2659 ἐν
2332 2605 2513 2660 Ἠλίου
2562 2604 2715 2656 πόλει
2743 2604 2841 2674 τῆς
2880 2602 3133 2671 Φοινίκης
3182 2599 3353 2652 εἰσέτι
3404 2596 3499 2652 νῦν
3539 2591 3769 2649 ἐπιτελούο

2236 2716 2394 2771 μενα,
2413 2699 2508 2751 καὶ
2532 2696 2681 2770 παρά
2703 2695 2973 2759 πλείστοις
3003 2694 3182 2756 ἄλλοις
3210 2690 3532 2763 ἀνθρώπων.
3553 2686 3767 2757 Μοιχείας

2232 2790 2364 2861 γοῦν
2397 2790 2493 2843 καὶ
2517 2788 2746 2862 φθοράς,
2778 2787 2874 2841 καὶ¹
2908 2786 3258 2858 παρανόμους
3296 2784 3493 2855 ἐτέρας
3520 2780 3676 2852 μίξεις
3699 2779 3770 2830 ἐπὶ

2231 2887 2363 2957 τιμῇ
2414 2882 2591 2948 θεῶν,
2655 2880 2844 2953 ῶσπερ
2893 2898 2943 2933 τι
2990 2879 3147 2951 χρέος
3190 2875 3568 2947 ὀφειλόμενον,
3614 2869 3770 2942 χρῆναί

2233 2992 2396 3046 φασιν
2424 2971 2684 3037 ἐκτελεῖν,
2720 2972 2813 3025 καὶ
2842 2970 2939 3042 τῆς
2977 2969 3235 3041 μοιχιδίου
3271 2970 3365 3022 καὶ
3393 2967 3643 3041 πορνικῆς
3664 2962 3773 3033 πρά-

2234 3067 2368 3134 ξεως
2398 3070 2511 3131 τοῖς
2532 3065 2673 3129 θεοῖς
2702 3064 3064 3138 ἀπάρχεσθαι,
3093 3063 3193 3133 τῆς
3223 3062 3455 3128 ἀκλεοῦς
3468 3060 3671 3129 Ἴταύτης
3700 3057 3773 3111 καὶ

2233 3160 2469 3232 ἀσέμνου
2498 3159 2790 3231 ἐμπορίας,
2811 3158 3000 3228 ὥσπερ
3020 3173 3072 3210 τι
3102 3156 3454 3229 χαριστήριον
3473 3152 3658 3222 ἀγαθὸν
3677 3149 3775 3211 τοὺς

2231 3255 2476 3328 καρποὺς
2504 3253 2672 3323 αὐτῆς
2696 3263 2719 3292 ⁸
2756 3250 3107 3314 ἀνατιθέντας
3126 3266 3139 3280 ·
3171 3250 3333 3320 ὅμοια
3362 3248 3473 3321 γάρ
3501 3245 3659 3300 ταῦτα
3681 3242 3774 3301 ταῖς

2233 3343 2720 3417 ἀνθρωποθυσίαις.
2769 3344 2833 3397 Εἰ
2880 3342 2944 3413 δὴ
2974 3336 3066 3395 οὖν
3117 3340 3237 3394 οὐδὲ
3295 3338 3570 3411 σώφρονος
3622 3332 3775 3406 ἀνδρὸς

2231 3441 2430 3493 οἰκεῖον
2465 3438 2527 3491 τὸ
2555 3437 2767 3509 χαίρειν
2799 3436 3001 3504 φόνοις,
3030 3432 3597 3506 αίσχρορρημοσύναις
3621 3446 3672 3482 τε
3703 3427 3777 3479 καὶ

2233 3524 2571 3596 παρανόμοις
2602 3522 2872 3588 γυναικῶν
2905 3522 3149 3593 μίξεσιν,
3184 3525 3275 3575 ἐπί
3314 3520 3495 3593 μισθῷ
3532 3518 3619 3590 τὴν
3654 3516 3773 3588 ὤραν

2232 3615 2678 3688 ἀπεμπολούσαις
2701 3655 2715 3679 ,
2746 3613 2940 3668 πολλοῦ
2981 3614 3063 3668 δεῖ
3102 3615 3266 3683 φάναι
3299 3613 3443 3666 θεῶν
3487 3612 3520 3683 ἢ
3552 3606 3777 3680 δαιμόνων

2233 3703 2372 3761 εἶναι
2405 3705 2624 3775 ἀγαθῶν
2663 3705 2723 3758 τὸ
2768 3704 3127 3776 ἀποδέχεσθαι
3165 3704 3235 3758 τά
3276 3704 3525 3759 τοιαῦτα.
3570 3703 3625 3757 El
3657 3700 3704 3754 δὲ
3728 3697 3778 3768 δὴ

2231 3799 2378 3868 λέγοι
2424 3815 2538 3862 τις,
2580 3797 2797 3867 φαύλων
2849 3797 2947 3868 μὲν
2993 3796 3442 3869 ὁμολογουμένως
3476 3792 3606 3849 εἶναι
3640 3791 3778 3845 ταῦτα

2233 3890 2524 3961 δαιμόνων,
2553 3887 2692 3959 πλὴν
2721 3887 2836 3940 ἀλλ’
2871 3887 3091 3958 ἐτέρους
3120 3881 3411 3950 εἶναιτοὺς
3442 3883 3682 3955 ἀγαθοὺς,
3705 3878 3778 3940 οὓς

2233 3983 2296 4054 δὴ
2340 3982 2575 4053 μάλιστα
2628 3979 2806 4035 σέϐειν
2844 3980 3041 4043 αὐτοὺς
3088 3973 3176 4032 οἷα
3224 3978 3514 4053 σωτῆρας·
3558 3970 3779 4029 πευστέον

2237 4071 2341 4125 πού
2372 4072 2479 4143 ἄρα
2521 4067 2661 4143 ἦσαν
2694 4071 2877 4133 αὐτοῖς
2909 4071 2957 4122 οἱ
3008 4067 3204 4136 ἀγαθοὶ
3237 4068 3520 4140 σωτῆρες,
3556 4068 3602 4118 εί
3623 4063 3680 4135 δὴ
3707 4059 3780 4114 καὶ

2234 4162 2455 4227 τούτους
2510 4161 2729 4227 ἔσεϐον,
2771 4161 2910 4214 ὥστε
2971 4160 3045 4232 μὴ
3089 4160 3216 4224 τοὺς
3278 4160 3553 4232 πονηροὺς
3597 4153 3781 4209 τοιαῦτα

2233 4254 2474 4327 δρῶντας
2504 4254 2645 4308 κατά
2677 4253 2785 4307 τῶν
2817 4252 3146 4325 προσφύγων
3184 4251 3505 4324 ἀπερύκειν.
3546 4248 3648 4304 Ποῦ
3673 4246 3722 4299 δὲ
3744 4245 3780 4297 οἱ

2234 4341 2427 4412 ἀγαθοὶ
2459 4342 2738 4413 δαίμονες,
2771 4343 2897 4407 τοὺς
2918 4343 2947 4382 b
2984 4342 3311 4413 βλαπτικοὺς
3348 4342 3425 4414 μὴ
3459 4340 3782 4397 ἀπελαύνειν.

559 4445 748 4483 verum
788 4429 951 4483 etiam
998 4429 1145 4484 dictu
1193 4429 1353 4486 [mdis
1397 4431 1739 4497 libidinibus,
1796 4430 2131 4502 nefariisque

2236 4435 2329 4488 ml.
2369 4436 2482 4499 τοῖς
2512 4433 2877 4506 θεραπεύουσι
2918 4434 3260 4505 συμμαχεῖνς
3306 4433 3373 4486 Τί
3415 4432 3473 4486 δέ
3514 4431 3604 4485 καὶ⁹
3635 4442 3785 4529 περιε-

562 4518 1006 4575 muliercularum
1065 4521 1302 4590 speciem
1356 4521 1603 4575 venalem
1661 4521 1980 4578 habentium
2013 4534 2132 4579 stu-

560 4613 673 4680 pris
709 4612 969 4666 delectari
1007 4629 1021 4665 :
1062 4613 1220 4681 longe
1265 4611 1510 4683 profecto
1540 4614 1832 4668 dicendum
1872 4629 1975 4681 est,
2036 4631 2132 4672 seu

554 4704 709 4766 deos,
756 4720 852 4758 seu
879 4705 1052 4758 bonos
1079 4704 1241 4758 etiam
1275 4706 1550 4761 daemones
1590 4706 1659 4759 ab
1707 4706 1774 4761 iis
1820 4709 2133 4776 expetendis

557 4814 621 4853 ac
656 4798 953 4868 probandis
1013 4799 1225 4852 abesse.
1281 4798 1377 4852 Sin
1440 4807 1621 4853 autem
1676 4798 1947 4867 quispiam
1998 4798 2134 4854 forte

556 4890 680 4951 erit,
708 4888 803 4957 qui
852 4888 956 4942 ista
985 4888 1205 4957 quidem
1242 4888 1308 4942 ad
1337 4888 1619 4959 improbos
1649 4888 1925 4943 dmmones
1962 4891 2133 4959 perti-

2240 4527 2468 4600 φρόνουν
2504 4524 2853 4598 παρορῶντες
2878 4524 2938 4577 τὸ
2969 4522 3294 4592 λογικὸν,καὶ
3328 4522 3576 4591 θεοφιλὲς
3608 4515 3785 4589 ἀνθρὼ-

2239 4632 2356 4669 πων
2380 4616 2555 4685 γένος,
2591 4617 2656 4686 τῇ
2686 4613 2795 4667 τῶν
2829 4613 3046 4683 φαύλων
3078 4614 3346 4685 δαιμόνων
3376 4614 3619 4684 ὠμότητι
3649 4623 3787 4663 κειται

2237 4707 2609 4779 τρυχόμενον;
2651 4706 2785 4777 Οὐχὶ
2836 4706 2894 4760 δὲ
2942 4706 3201 4777 ἄντικρυς
3246 4708 3357 4769 τοῖς
3411 4706 3549 4758 πᾶσι
3583 4698 3787 4773 προεκή-

2243 4816 2430 4871 ρυττον
2478 4798 2884 4869 ἀμεταστρεπτὶ
2946 4798 3199 4867 φεύγειν,
3266 4796 3359 4849 καὶ
3416 4790 3786 4866 ἀποτρέπεσθαι

2239 4892 2419 4946 πάντα
2449 4891 2569 4945 θεὸν
2596 4891 3013 4963 ὀνομαζόμενον,
3047 4890 3123 4954 ὡς
3150 4890 3210 4943 ού
3244 4888 3384 4954 θεὸν,
3445 4888 3582 4943 ἀλλὰ
3617 4882 3788 4955 φαῦλον

625 5003 670 5035 ²³
710 5002 853 5060 Psal.
882 5020 1045 5071 xxxv,
1069 5004 1158 5060 57.
1235 5005 1283 5039 ³⁸
1321 5003 1464 5061 Psal.
1498 5021 1618 5072 xcv,
1647 5006 1699 5061 5.
1777 5007 1822 5038 "
1863 5005 1881 5058 Ι
1917 5007 2046 5062 Cor.
2073 5025 2126 5074 x,
2154 5005 2246 5065 20.

628 5108 652 5137 ι
694 5098 777 5151 ῑσ.
810 5100 1013 5163 αὐτοῖς.
1089 5097 1116 5138 δ
1157 5098 1243 5153 ἵσ.
1276 5098 1353 5162 ὡς
1390 5090 1535 5161 τούς.

2249 5189 2387 5255 τῶν,
2422 5188 2563 5243 κατά
2590 5189 2689 5259 τῆς
2710 5188 2899 5261 ὑγείας
2917 5188 3152 5261 ἐξορκῶν
3175 5207 3188 5220 ·
3209 5188 3313 5245 hoc
3338 5199 3444 5255 est,
3475 5206 3569 5260 per
3595 5186 3791 5261 solum}!

634 5192 740 5262 (26)
783 5192 1075 5259 Ἐξάντεις
1122 5191 1525 5259 κατέστησαν.
1572 5190 1624 5245 Id
1652 5200 1769 5254 est,
1805 5192 2144 5262 ὑγιαίνοντας

562 5264 846 5335 ἀπέφηναν
867 5305 881 5329 ,
925 5266 973 5317 εἰ
1001 5267 1101 5335 τὴν
1133 5263 1345 5335 ὑγίειαν
1373 5262 1843 5335 ἀποκατέστησαν.
1882 5262 2140 5333 llesych.,

576 5331 881 5401 ’Efcirtnc,
913 5337 942 5388 ό
966 5331 1068 5405 τῆς
1095 5331 1249 5387 νόσου
1287 5333 1394 5399 ἔξω
1424 5332 1518 5405 ῶν.
1551 5331 1817 5405 perrupta
1861 5331 2139 5405 suntquae

560 5406 703 5467 apud
778 5405 927 5457 illum
1023 5401 1326 5474 sequuntur
1387 5422 1399 5456 :
1478 5401 1808 5474 Ἐξᾳντῶν,
1871 5402 2140 5465 ἀντιάζων

562 5474 678 5545 τῆς
717 5473 919 5545 κόρρης
981 5476 1073 5528 καὶ
1102 5468 1179 5527 ’τὸ
1232 5473 1514 5542 ύπόγονον,
1552 5468 1661 5545 οἷον
1716 5474 2138 5545 ὑπογενειάζων,

563 5548 594 5614 ἢ
622 5540 796 5606 οὓτως
822 5540 1076 5607 ’ἐξαντῶν
1115 5544 1255 5598 κατὰ
1303 5540 1419 5614 τῆςΔ
1441 5540 1844 5614 ὑγείας-αὺτοῦ,
1879 5542 2138 5614 ἐξορκῶν,
2245 5540 2614 5614 τηςγτὸνῄύγιῇ
2637 5540 2808 5614 δηλοῖ,
2837 5540 2934 5593 καὶ.
2953 5540 3047 5614 τρν
3067 5540 3171 5606 ἔξω
3192 5540 3569 5614 ἄτης.
3606 5543 3794 5614 Studiis.

564 5610 663 5686 τὸν
684 5614 994 5686 ὑγιαίνοντα
1018 5616 1127 5686 γάρ
1156 5610 1586 5686 ἐξάντηέλεγον.
1618 5612 1780 5686 Forte
1812 5614 1912 5681 legi
1944 5610 2132 5686 possit,

2249 5682 2258 5686 _
2286 5610 2430 5686 ,βυ
2465 5611 2600 5686 TAD’
2620 5610 2947 5686 ἀνθρωὲτος-
2977 5610 3152 5680 Supra
3170 5610 3293 5686 pag.
3322 5611 3427 5667 156
3450 5621 3509 5686 et
3534 5614 3671 5669 inira
3696 5611 3792 5667 illi.

577 5681 895 5757 'iifaifttorf,
918 5681 1185 5757 ἀντιάζων
1202 5685 1309 5757 τῆς
1333 5681 1538 5757 κόρρης
1571 5685 1666 5757 καί
1689 5682 1781 5757 eo?
1806 5681 2039 5757 γενείου,
2056 5685 2132 5736 vel

2249 5681 2299 5737 id
2325 5684 2425 5738 sub
2452 5682 2690 5737 Adriano
2719 5682 3064 5753 potissimum
3098 5681 3386 5753 contigisse
3418 5682 3613 5741 refert.
3792 5702 3803 5718 ’

566 5757 659 5811 τοῦ
680 5755 785 5809 ὑπὸ
812 5754 1036 5825 γένειον,
1054 5749 1164 5809 οἷον
1187 5749 1605 5827 ὑπογενειάζων*
1643 5755 1674 5826 ἢ
1709 5749 1881 5817 οὔπως
1899 5770 1912 5782 ”
1947 5753 2140 5817 Ἐξαν-

2249 5271 2341 5313 aut
2386 5255 2667 5313 sanitatem
2712 5255 2968 5327 udjurans
2986 5255 3156 5323 {nam
3203 5262 3346 5313 istud
3383 5255 3531 5315 κατὰ
3577 5255 3791 5315 terrentis

2248 5340 2346 5393 est,
2375 5330 2462 5384 διά
2512 5330 2826 5383 obtestantis
2860 5340 3016 5394 esset,
3047 5340 3153 5385 etc.
3206 5329 3482 5387 Zenohius
3524 5339 3722 5386 centur.
3750 5329 3794 5389 5,

2288 5417 2479 5455 arouu.
2526 5400 2629 5463 95,
2677 5401 3084 5468 proverbialiter
3132 5402 3377 5470 usurpari
3412 5403 3513 5468 ait,
3564 5398 3795 5465 Ἐξάντης

2280 5470 2457 5523 εύσσω
2491 5469 2689 5542 τούμόν
2709 5470 2880 5542 κακὸν
2896 5470 3052 5542 ἀλλον
3074 5469 3311 5542 ἐχοντας,
3336 5471 3624 5542 additque:
3642 5472 3798 5536 asa-.-
