4024 6408
280 370 366 424 £85

1393 385 1718 442 ΡΒᾸΞΡΛΒ.
1764 387 2019 444 EVANG.
2055 388 2180 443 LIB.
2213 385 2303 444 Ν.

3361 373 3466 428 286

266 489 476 557 δαίμονα,
509 480 550 554 ᾧ
581 487 648 540 τά
677 489 824 559 ωμα,
860 487 950 542 καὶ
971 491 1334 564 ἀπάνθρωπα,
1360 497 1453 548 καὶ
1486 492 1770 564 παράνομα

1898 503 2024 543 nere
2057 489 2237 544 omnia
2297 488 2580 550 fatebitur,
2619 486 2711 542 sed
2769 494 2951 539 tamen
3011 483 3149 538 alios
3204 493 3465 551 praeterea

271 567 345 619 καὶ
373 567 553 636 αἰσχρὰ
593 566 722 634 φίλα,
761 572 1051 638 τυγχάνει;
1091 572 1199 624 Καὶ
1245 575 1354 626 εἴτε
1401 592 1484 637 τις
1518 575 1586 646 ἦν
1628 577 1795 630 πάλαι

270 653 495 725 πρότερον
515 655 569 705 ὲν
599 655 759 726 Ῥόδῳ
786 660 1168 728 νενομισμένος
1194 660 1331 726 θεὸς,
1350 665 1554 734 χαίρων
1584 664 1795 738 ἀνθρω-

267 745 528 809 ποθυσίαις,
551 747 737 802 τοῦτον
770 751 798 801 6
829 749 1036 820 ἀληθὴς
1082 751 1216 815 Θεὸς
1235 792 1248 815 ,
1271 751 1417 818 εἴτις
1463 751 1532 826 ἦν
1559 755 1796 827 ἄρα,τὴν

263 833 424 904 πρᾶξιν
451 834 706 904 ἐπισχὼν,
732 838 792 889 οὐ
827 837 965 902 θεὸν,
988 838 1124 894 ἀλλά
1164 841 1366 909 φαῦλον
1400 844 1649 913 ἡγεῖσθαι
1681 845 1795 898 δαί-

263 943 370 996 μονα
390 930 489 989 τοῖς
530 928 664 981 πᾶσι
709 929 1114 1002 προεκήρυξεν;
1168 934 1292 986 Εἴτε
1341 935 1398 987 ὲν
1432 936 1692 1007 Σαλαμῖνι
1724 940 1790 1009 τῇ

260 1019 480 1088 πρότερον
510 1020 790 1092 Κορωνείᾳ
815 1021 1209 1096 ὀνομαζομένῃ,
1247 1020 1362 1099 ὲνῇ
1395 1027 1452 1079 ὲν
1486 1029 1618 1098 μηνὶ
1651 1030 1792 1084 κατὰ

256 1105 487 1176 Κυπρίους
552 1109 876 1183 Ἀφροδισίῳ
911 1113 1098 1167 ἐθύετο
1129 1115 1409 1187 ἄνθρωπος
1433 1135 1447 1147 ο
1483 1121 1578 1172 καλ⁸
1602 1121 1790 1174 τοῦτον

253 1198 338 1250 ὃνι
371 1201 394 1250 6
434 1197 632 1270 ἀληθὴς
672 1201 804 1266 Θεὸς
859 1206 1135 1278 ἀπέφηνεν
1167 1206 1442 1281 ἀλιτήριον
1492 1207 1631 1265 εἶναι
1675 1213 1781 1266 δαί-

254 1302 378 1352 pm,
417 1286 624 1351 παύσας
657 1291 733 1355 ὡς
764 1293 958 1357 ἀσεϐὲς
998 1298 1090 1350 καὶ
1125 1298 1338 1352 ἀνόσιον
1373 1300 1432 1353 τὸ
1467 1303 1786 1373 γινόμενον;

252 1374 296 1424 ΕΞ
317 1375 363 1426 δὲ
395 1377 480 1427 καὶ
511 1377 568 1428 ὲν
608 1378 791 1434 Ἡλίου
823 1383 970 1436 πόλει
1002 1387 1102 1456 τῆς
1131 1387 1406 1456 Αἰγύπτου
1441 1392 1533 1444 τὸν
1567 1393 1668 1463 τῆς
1690 1395 1786 1446 άν-

249 1467 609 1534 θοωποκτονίας
645 1473 809 1542 νόμον
837 1476 1080 1545 ’Λμωσις
1109 1477 1266 1532 ἔλυσε
1285 1521 1300 1546 ,
1333 1482 1466 1535 πολὺ
1499 1484 1786 1554 κρείττονα

246 1556 316 1609 τοῦ
342 1557 458 1610 Θεοῦ
491 1560 580 1613 τὸν
626 1563 912 1635 ἄνθρωπον
943 1569 972 1620 ὁ
1014 1568 1221 1640 ἀληθὴς
1258 1572 1391 1636 Θεὸς
1433 1573 1670 1641 ἐδίδαξεν
1716 1577 1786 1631 ἂν

246 1651 513 1718 γεγονέναι·
547 1654 611 1706 οὐ
667 1657 775 1729 γὰρ
805 1657 933 1721 Θεὸς
954 1701 966 1724 ,
997 1659 1205 1730 δαίμων
1236 1663 1293 1715 δὲ
1328 1665 1490 1718 πάλιν
1533 1669 1786 1734 κάκεῖνος

244 1738 292 1813 ἦν
312 1744 334 1794 6
353 1742 628 1814 κατάρχων
655 1748 752 1817 τῆς
783 1749 1273 1821 ἀνθρωποκτονίας.
1300 1755 1413 1808 Οὐκ
1435 1756 1500 1810 ἂν
1521 1757 1578 1810 δὲ
1605 1761 1632 1812 6
1655 1759 1785 1831 άλη-

1904 575 2078 629 bonos
2103 592 2225 630 esse
2253 578 2422 644 (licet,
2477 593 2616 648 quos
2670 586 2930 647 tanquam
2985 576 3202 646 generis
3250 575 3477 630 humani

1903 666 2147 722 vindices
2181 669 2456 739 praecipuo
2507 671 2660 724 cultu
2714 668 2966 724 venerari
3001 675 3292 737 oporteat:
3327 682 3477 737 quae-

1904 758 2135 812 rendum
2171 773 2238 812 ex
2279 774 2348 814 eo
2379 759 2564 826 fuerit,
2602 761 2692 815 ubi
2735 765 2951 815 tandem
2987 767 3170 813 essent
3195 757 3324 812 boni
3353 757 3474 812 vin-

1901 849 2072 913 dices,
2109 865 2250 919 quos
2295 866 2360 905 ea
2411 852 2675 921 religione
2708 861 3131 922 venerarentur,
3178 868 3301 907 cum
3356 862 3476 907 tan-

1900 947 2008 992 tam
2082 938 2460 1010 improborum
2527 941 2757 996 istorum
2819 942 3097 996 vesaniam
3155 957 3381 997 suorum
3440 959 3472 997 ει

1897 1030 2158 1084 clientum
2206 1031 2530 1100 corporibus
2603 1031 2830 1097 minime
2881 1032 3285 1102 propulsarent.
3343 1031 3468 1096 Ubi,

1897 1119 2148 1190 inquam,
2187 1121 2316 1175 boni
2349 1123 2649 1186 daemones,
2703 1123 2798 1191 qui
2851 1137 2953 1177 nec
3003 1125 3294 1178 caruiticcs
3347 1123 3472 1178 illos

1895 1222 2162 1278 arcerent,
2226 1229 2326 1268 nec
2359 1214 2662 1270 cultoribus
2718 1216 2834 1270 suis
2882 1231 3040 1286 opem
3092 1217 3469 1286 auxiliumque

1896 1302 2125 1358 ferrent?
2155 1305 2264 1360 Cur
2290 1306 2436 1359 enim
2471 1305 2756 1360 hominum
2790 1325 2982 1377 genus,
3015 1309 3159 1378 quod
3184 1318 3237 1362 et
3258 1310 3468 1364 ratione

1893 1395 2202 1463 praeditum,
2258 1405 2312 1450 et
2360 1393 2582 1450 Numini
2655 1399 2883 1452 charum
2930 1409 3032 1465 est,
3091 1399 3465 1469 improborum

1892 1487 2199 1542 daemonum
2241 1488 2560 1543 crudelitate
2591 1490 2784 1543 contici
2821 1491 3153 1561 negligenter
3202 1493 3337 1546 adeo
3367 1507 3465 1562 pa-

1894 1578 2203 1633 tiebantur?
2239 1579 2373 1648 lino,
2402 1582 2592 1652 quidni
2629 1583 2886 1638 omnibus
2947 1585 3127 1658 palam
3177 1595 3231 1638 et
3283 1594 3466 1654 aperte

1890 1675 2306 1740 denuntiabant,
2367 1679 2446 1734 uti
2503 1680 2814 1748 cuicunque
2851 1695 2917 1734 ex
2979 1679 3066 1742 iis,
3120 1695 3260 1748 quos
3304 1681 3466 1750 vulgo

1889 1765 2024 1820 deos
2059 1767 2436 1836 nominabant,
2469 1772 2553 1824 vel
2588 1771 2921 1836 immanitas,
2949 1772 3031 1826 vel
3063 1773 3244 1828 scelus
3277 1791 3341 1829 ac
3369 1774 3467 1829 ila-

247 1833 322 1904 6i;;
359 1835 480 1898 Θεὸς
527 1840 624 1890 καὶ
664 1841 754 1892 τὸν
786 1841 885 1911 τῆς
929 1843 1107 1914 Ἥρας
1137 1844 1369 1916 δαίμονα
1421 1848 1542 1919 οὐχὶ
1590 1852 1770 1922 μιαρὸι

1888 1860 2077 1927 gitium
2129 1861 2384 1929 placeret,
2414 1878 2540 1918 eum
2605 1873 2793 1933 utpote
2835 1879 2942 1918 non
2995 1866 3155 1919 deum
3201 1867 3460 1936 aliquem,

243 1926 444 1996 ἡγεῖσθαι
469 1927 579 1980 δεῖν
614 1932 1041 2003 ἐνομοθέτησεν,
1085 1929 1130 2002 ᾧ
1171 1936 1273 2006 τῆς
1307 1939 1520 2012 ἡμέρας
1547 1943 1784 2013 ἑκάστης

244 2021 357 2087 τρεῖς
385 2018 701 2090 ἀνθρώπους
731 2024 953 2078 θύεσθαι
983 2028 1328 2101 παρέστησεν
1364 2033 1396 2102 ἡ
1443 2034 1672 2104 ἱστορία.
1717 2037 1782 2089 Τί

239 2109 272 2161 δ’
299 2109 352 2161 ἂν
374 2110 576 2177 γένοιτο
616 2113 1076 2190 δαιμονικώτερον
1119 2122 1334 2194 ἀληθῶς
1373 2125 1466 2178 τοῦ
1511 2127 1774 2198 καλουμέ-

241 2219 309 2254 νου
342 2202 577 2270 Ὡμαδίου
613 2207 869 2260 Διονύσου
895 2247 908 2271 ,
944 2203 988 2276 ᾦ
1021 2227 1184 2280 φασιν
1231 2215 1288 2266 ἐν
1347 2216 1464 2286 Χίῳ
1494 2218 1780 2289 ἄνθρωπον

243 2291 412 2358 μελιστὶ
459 2293 804 2360 διασπῶντας
838 2298 984 2352 θύειν
1005 2317 1017 2330 ·
1062 2303 1094 2371 ἢ
1127 2303 1221 2355 τοῦ
1265 2306 1324 2357 ἐν
1357 2306 1566 2378 Τενέδῳ
1595 2308 1776 2363 ὡσαύ-

235 2401 330 2445 τως,
358 2385 409 2436 ὃν
436 2385 525 2437 καὶ
556 2388 722 2440 αὐτὸν
749 2389 837 2443 διὰ
864 2392 962 2460 τῆς
987 2392 1441 2463 ἀνθρωποθυσίας
1473 2398 1774 2466 ίλάσκοντο;

242 2477 566 2547 Ἀπηγὸρευσε
601 2480 650 2532 δ’
682 2481 748 2534 ἂν
781 2485 810 2535 6
835 2484 1042 2557 ἀληθὴς
1085 2488 1218 2552 Θεὸς
1266 2490 1360 2542 καὶ
1390 2490 1468 2561 τῷ
1508 2493 1662 2564 ’Ἄρει
1698 2494 1776 2565 τῷ

236 2567 515 2641 βροτολοιγῷ
546 2573 646 2625 καὶ
671 2573 1014 2649 φιλοπολέμῳ
1044 2579 1259 2650 δαίμονι
1285 2581 1434 2636 θύειν
1464 2583 1769 2656 ἄνθρωπον·

235 2660 548 2733 ἐνομοθέτησε
583 2664 632 2717 δ’
661 2665 757 2731 ἂν,
813 2669 949 2739 μήτε
999 2672 1108 2725 τῶν
1144 2673 1391 2738 οἰκείων,
1448 2677 1585 2747 μήτε
1618 2678 1773 2732 ἀλλο-

229 2751 356 2819 τρίων
387 2755 446 2805 τὰ
491 2754 725 2824 φῦιτατα
757 2764 1156 2831 κατασφάττειν
1187 2767 1356 2836 αὐτῷ.
1393 2768 1455 2820 Ei
1486 2769 1541 2821 δὲ
1569 2771 1661 2823 καὶ
1702 2775 1768 2845 τῇ

239 2843 398 2915 Ἀθηνᾷ
424 2849 538 2899 κατ’
563 2848 687 2913 ἔτος
709 2852 996 2923 παρθένος,
1024 2855 1099 2919 ὣς
1133 2874 1314 2927 φασιν,
1333 2859 1521 2912 ἐθύετο
1545 2863 1602 2914 ἐν
1627 2863 1769 2916 Λαοιο

228 2932 371 3006 δικείᾳ
414 2939 474 3007 τῇ
519 2941 664 2993 κατὰ
707 2943 928 3014 Συρίαν,
976 2946 1070 2998 καὶ
1098 2947 1303 3018 ταύτην
1331 2952 1502 3004 εἰπεῖν
1534 2953 1769 3025 πονηρὸν

227 3024 410 3094 δαίμονα
450 3030 550 3082 οὐκ
588 3031 654 3084 ἂν
702 3034 1001 3103 ἐφυλάξατο
1049 3040 1077 3091 6
1124 3038 1330 3112 ἀληθὴς
1374 3041 1536 3106 Θεός·
1564 3043 1640 3108 ὡς
1674 3024 1768 3102 καὶ

227 3118 293 3168 τὸν
319 3119 367 3172 ἐν
393 3121 558 3192 Λιϐύῃ
601 3127 711 3188 τοῖς
744 3128 953 3195 ὁμοίοις
981 3129 1262 3202 χαίροντα,
1300 3134 1393 3186 καὶ
1426 3136 1515 3188 τὸν
1543 3137 1635 3190 ἐπὶ
1667 3138 1767 3210 τῆς

1887 1952 1981 2007 sed
2041 1952 2350 2021 improbum
2399 1953 2701 2009 daemonem
2745 1957 3012 2010 exsecrati
3051 1967 3368 2012 constanter
3398 1974 3464 2014 ac

1885 2053 2149 2113 perpetuo
2185 2045 2473 2115 fugerent?
2504 2046 2725 2113 Quidni,
2764 2047 3008 2117 inquam,
3038 2065 3133 2103 seu
3166 2050 3290 2119 quis
3328 2051 3462 2104 olim

1885 2133 1980 2189 Dei
2049 2135 2170 2190 loco
2227 2153 2254 2190 a
2315 2136 2544 2192 Rhodiis
2603 2138 2823 2193 habitus
2879 2139 3148 2194 humanas
3210 2141 3462 2198 victimas

1882 2227 2190 2296 expetebat,
2226 2244 2389 2283 verus
2421 2245 2544 2283 eum
2582 2228 2746 2299 Deus,
2796 2231 2842 2284 si
2892 2247 3054 2302 quem
3108 2232 3211 2301 ipsi
3269 2247 3456 2286 verum

1882 2319 2179 2386 habebant,
2241 2337 2498 2391 represso
2559 2323 2868 2389 malcticio,
2942 2340 3053 2378 non
3110 2324 3304 2388 Deum,
3362 2324 3458 2381 sed

1879 2412 2083 2467 malum
2174 2413 2476 2468 daemonem
2550 2416 2979 2471 existimandum
3052 2417 3122 2471 ab
3201 2419 3458 2474 omnibus

1875 2517 1998 2558 esse
2057 2505 2417 2560 declarabat?
2471 2507 2577 2561 Seu
2640 2509 2766 2577 quis
2825 2509 2964 2564 idem
3019 2509 3290 2580 ejusmodi
3353 2509 3456 2564 Sa-

1875 2595 2078 2651 lamine
2138 2596 2240 2652 fuit
2289 2598 2476 2668 (quam
2532 2610 2740 2656 veteres
2786 2603 3090 2658 Coroneam
3142 2606 3454 2676 vocabant),

1875 2683 1965 2737 ubi
2031 2700 2220 2740 mense
2281 2687 2376 2756 qui
2437 2689 2579 2756 apud
2633 2688 2863 2760 Cyprios
2929 2694 3294 2761 Aphrodisius
3351 2707 3454 2761 est,

1873 2773 2152 2832 hominem
2214 2778 2612 2847 immolabant;
2673 2798 2798 2836 eum
2857 2800 3078 2853 quoque
3139 2803 3304 2842 verus
3375 2787 3454 2841 is-

1872 2875 2051 2921 torum
2114 2868 2259 2925 Deus
2301 2910 2315 2934 ,
2389 2881 2449 2926 ut
2507 2874 2734 2942 impium
2815 2891 3020 2931 morem
3112 2879 3451 2948 abrogaret,

1871 2959 2190 3024 pestiferum
2280 2965 2582 3018 daemonem
2675 2982 2794 3021 esse
2871 2969 3216 3024 statuebat?
3294 2971 3450 3041 163

1868 3050 2048 3115 Nam,
2103 3053 2148 3107 si
2219 3055 2360 3124 apud
2422 3055 2746 3128 lleliopolint
2817 3059 3087 3131 Egypti,
3151 3063 3450 3118 solemnem

1872 3141 2110 3200 hominis
2157 3146 2474 3202 immolandi
2526 3151 2977 3206 consuetudinem
3016 3153 3234 3208 Amosis
3303 3153 3448 3207 anti-

236 3204 448 3276 Ἀραϐίας
467 3227 479 3238 ·
498 3203 542 3276 ᾧ
564 3213 662 3265 καὶ
690 3215 835 3285 αὖτῷ
857 3221 974 3269 κατ’
998 3218 1114 3283 ἔτος
1141 3221 1370 3277 ἕκαστον
1397 3224 1553 3280 ἔθυον
1577 3229 1760 3295 παῖδα,

1873 3236 2082 3302 quavit,
2125 3237 2404 3292 hominem
2439 3240 2628 3308 utique
2653 3239 2762 3296 Deo
2793 3244 2949 3314 longe
2985 3245 3262 3299 meliorem
3291 3261 3446 3309 esse,

226 3296 268 3349 ὃν
286 3301 364 3352 καὶ
385 3301 483 3355 ὑπὸ
511 3303 699 3376 βωμὸν
732 3306 983 3362 ἔθαπτον.

227 3387 335 3448 Deus
357 3395 449 3451 iste
482 3414 732 3468 quoque,

1872 3340 2038 3381 verus
2086 3343 2277 3383 eorum
2334 3329 2479 3387 Deus
2527 3335 2724 3390 docere
2771 3335 3049 3391 debuisset
3093 3356 3108 3390 :
3168 3353 3263 3392 nec
3298 3337 3444 3392 enim

224 3483 322 3538 item
352 3486 506 3556 Deus,
540 3491 698 3547 illum
729 3491 959 3550 Junonis
988 3498 1312 3568 daemonem,
1337 3505 1424 3558 cui
1469 3515 1578 3563 tres
1615 3511 1743 3565 olim
1785 3514 2015 3585 singulis
2054 3519 2248 3574 diebus
2276 3521 2526 3578 homines
2561 3523 2791 3578 mactari
2855 3524 3046 3579 solitos
3079 3541 3144 3578 ex
3210 3526 3442 3584 historia

223 3585 581 3681 cognoscimus,
638 3588 965 3660 ﬂagitiosum
1011 3610 1252 3665 unquam
1294 3608 1456 3670 atque
1486 3606 1807 3662 sceleratum
1851 3611 2036 3668 haberi
2075 3616 2354 3672 vetuisset.
2392 3617 2548 3684 Quod
2578 3635 2741 3688 porro
2805 3621 2981 3690 magis
3013 3621 3312 3677 daemonem
3353 3640 3447 3679 sa—

223 3674 324 3739 piat,
353 3692 504 3744 quam
541 3680 636 3735 illa
671 3683 753 3737 vel
801 3683 1011 3740 Omadii
1055 3687 1249 3744 Bacchi
1290 3693 1606 3763 crudelitas,

1654 3701 1742 3758 cui
1779 3704 2127 3760 membratim
2158 3708 2406 3765 homines
2436 3727 2464 3764 a
2495 3712 2645 3766 Chiis
2699 3712 3000 3782 discerptos
3057 3729 3181 3769 esse
3210 3714 3434 3782 ferunt;

221 3763 282 3873 ζει
312 3765 520 3870 alterius
566 3772 710 3873 apud
753 3772 1040 3873 Tenedios,
1081 3795 1243 3848 quem
1279 3782 1531 3839 similiter
1601 3791 1884 3846 hominum
1943 3797 2090 3851 caede
2145 3799 2474 3868 placabant?
2508 3802 2782 3858 Edixisset
2821 3763 3081 3873 prZeterea
3108 3821 3268 3860 verus
3327 3809 3430 3862 iste

2069 3850 2080 3851 ,
2147 3850 2468 3868 Γηην---
2508 3850 2782 3858 -------ν---
2821 3850 3081 3873 τμη..--
3118 3850 3268 3860 .-.....
3327 3850 3430 3862 ...η

223 3850 446 3971 Deus,‘uti
483 3877 548 3916 ne
594 3865 738 3933 quis,
766 3864 922 3921 Marti
971 3868 1048 3923 illi
1085 3871 1350 3929 bellorum
1429 3877 1761 3951 humanique
1797 3889 2011 3944 cruoris
2072 3892 2448 3950 sitientissimo
2501 3896 2776 3951 hominem
2819 3899 3150 3962 immolaret,
3183 3901 3432 3971 adeoque

223 3952 673 4064 neclsibifliisqlue
706 3959 1025 4017 charissima
1058 3981 1288 4036 qttaaque
1312 3969 1606 4040 jugularet.
1642 3975 1853 4033 Palladi
1886 3997 2140 4054 quoque,
2203 3987 2248 4042 si
2307 3989 2451 4059 quod
2486 3990 2648 4059 vulgo
2712 3990 2974 4061 jactatur,
3007 3952 3156 4062 virgo
3187 3952 3440 4064 quemn;

250 4041 258 4050 .
1903 4041 1918 4050 -
2017 4041 2034 4054 ι
2126 4041 2139 4052 ι
2215 4041 2219 4042 ν
2319 4041 2449 4059 ιηντ
2499 4041 2638 4059 ·”νσν
2712 4041 2974 4061 στ-ν--νν--γ
3019 4041 3150 4062 "'0'
3207 4041 3407 4064 ‘|"'""

222 4053 283 4092 ms
303 4041 563 4148 Laodiceae
591 4050 760 4123 Syriae
786 4056 1056 4114 immolari
1090 4065 1318 4130 solebat,
1355 4081 1417 4120 ea
1451 4084 1518 4122 ne
1559 4072 1737 4128 malus
1799 4077 2011 4134 daemon
2073 4081 2387 4149 haberetur,
2449 4101 2612 4142 verus
2646 4088 2888 4158 profecto
2931 4087 3074 4142 Deus
3121 4104 3227 4143 non
3263 4090 3438 4145 cavis-

222 4145 317 4191 set:
348 4145 577 4213 itemque
627 4165 693 4204 ne
745 4151 903 4218 alter,
933 4156 1025 4223 qui
1071 4157 1174 4212 hoc
1218 4175 1500 4218 sacrorum
1540 4182 1735 4236 genere
1772 4172 2148 4232 delectabatur
2192 4180 2248 4234 in
2303 4178 2494 4252 Libya,
2559 4145 2806 4253 alterque
2845 4192 3125 4254 praeterea,
3171 4184 3262 4238 cui
3320 4200 3432 4239 ma-

219 4242 380 4290 ctatum
409 4245 972 4309 quotannisinArahia
1004 4267 1229 4320 puerum
1260 4257 1362 4312 sub
1397 4275 1547 4315 aram
1594 4267 1824 4334 sepelire
1855 4287 1976 4329 mos
2009 4284 2149 4330 erat.

700 4343 1091 4400 ΚΕΦΛΛΑΙΟΝ
1131 4352 1226 4404 ΙΖ’.

220 4420 310 4474 Ὅτι
343 4427 499 4513 μετὰΔ
518 4429 633 4513 τὴν
652 4450 689 4513 ιε
699 4434 1062 4513 ὑαγγελικὴν
1089 4440 1488 4502 διδασκαλίαν
1508 4490 1521 4513 ,

463 4451 480 4480 ι
518 4451 633 4495 την
661 4451 1062 4504 ευαγγευιικην
1089 4451 1521 4513 διδασκαλίαν,
1560 4451 1598 4519 ἡ
1641 4465 1745 4506 πα·

463 4503 606 4554 λαιὰ
632 4505 1088 4572 ἁγθρωετοθυσία
1115 4519 1432 4586 κατελύθη.

266 4586 468 4654 Τούτους
503 4592 751 4658 ἅπαντας
770 4636 784 4659 ,
818 4600 914 4651 καὶ
945 4601 1071 4663 τούς
1102 4620 1163 4670 γε
1207 4609 1742 4682 αἰσχρορῤημονοῦν-
1773 4621 1818 4676 D

214 4692 316 4740 τις,
357 4682 441 4733 καὶ
483 4687 756 4752 γυναικῶν
805 4694 1142 4764 παρανόμοις
1173 4698 1524 4772 διαφθοραῖς’
1575 4711 1637 4778 τῇ
1685 4729 1744 4764 τε

214 4771 313 4842 ἄλλῃ
426 4781 926 4858 προκατειλεγμὲνῃ
959 4789 1125 4861 μανίᾳ
1147 4794 1458 4863 χαίροντας,
1490 4801 1742 4870 προεφώ-

215 4879 337 4932 νησεν
360 4867 419 4920 ἂν
439 4872 466 4922 6
515 4871 720 4943 ἀληθὴς
762 4877 853 4929 καὶ
875 4879 1078 4947 ἀγαθὸς
1104 4884 1212 4936 εἴτε
1242 4885 1374 4950 Θεὸς
1400 4889 1507 4942 εἴτε
1533 4867 1744 4964 δαίμων

217 4958 432 5030 μηδαμῶς
461 4967 712 5034 ἡγεῖσθαι
748 4967 920 5034 θεούς.
954 4975 1124 5030 Τοῦτο
1156 4979 1210 5031 δὲ
1257 4982 1434 5047 οὐδεὶς
1476 4986 1584 5040 τῶν
1626 4989 1740 5043 πώ-

215 5065 308 5102 ποτε
331 5093 342 5114 ,
374 5055 402 5123 ἦ
435 5058 590 5126 μόνος
633 5063 660 5113 ὀ
721 5065 850 5133 παρ’
890 5066 1160 5136 Ἑϐραίοις
1188 5072 1522 5142 τιμώμενος,
1566 5079 1640 5142 ὡς
1676 5081 1740 5133 ἂν

217 5139 337 5204 μόνος
387 5147 473 5199 καὶ
521 5149 724 5222 ἀληθὴς
770 5155 902 5217 Θεὸς
950 5159 1263 5229 πεποιηκὼς
1320 5169 1735 5236 μνημονεύεται.

214 5227 348 5294 Μόνος
387 5236 487 5308 γὰρ
536 5233 689 5302 οὗτος
737 5241 823 5294 διὰ
871 5243 964 5296 τοῦ
1014 5248 1289 5318 προφήτου
1339 5253 1434 5306 καὶ
1485 5253 1735 5326 θεολόγου

216 5318 440 5390 Huisit»;
472 5332 809 5404 προεκήρυξε
843 5339 954 5399 τοῖς
987 5339 1118 5390 πᾶσι
1158 5339 1231 5410 μὴ
1267 5341 1448 5396 σέϐειν
1492 5347 1566 5411 ὡς
1595 5349 1734 5417 ἀγα-

217 5408 306 5474 ειυς
327 5415 570 5488 δαίμονας
608 5426 732 5488 τοὺς
768 5427 1034 5495 φαύλους·
1070 5430 1303 5500 ἔμπαλιν
1330 5435 1385 5489 δὲ
1426 5439 1734 5512 ἀποτρέπε-

218 5501 304 5556 σθαι
347 5511 428 5562 καὶ
473 5514 791 5572 ἀπελαύνειν
816 5559 830 5582 ,
870 5520 946 5583 ὡς
992 5521 1057 5576 ἂν
1109 5527 1325 5598 πονηρὰ
1371 5533 1734 5602 τυγχάνοντας

217 5604 474 5663 τἰευματαο
510 5605 600 5657 καὶ
634 5608 740 5678 μὴν
778 5611 872 5662 καὶ
919 5613 1200 5685 καθαίρειν
1241 5617 1349 5690 (9.8)
1397 5622 1574 5675 αὐτῶν
1607 5625 1732 5689 τούς

267 5702 285 5729 ³
320 5711 394 5760 γρ.
427 5701 506 5752 ἂν.

268 5782 354 5853 ιὲὂ)
377 5793 692 5876 ξαθαίρειζ.
729 5793 912 5876 Malim
963 5801 1186 5876 omnino
1238 5803 1518 5876 καθαιρεῖν
1541 5847 1555 5868 ,
1588 5825 1728 5863 ever-

223 5860 311 5920 τίνι,
360 5860 571 5918 diruere.
632 5863 802 5921 Jussit
827 5869 971 5924 enim
1006 5869 1217 5943 Moyses
1252 5860 1451 5948 templa
1503 5860 1589 5934 illa
1618 5860 1724 5936 non

2425 4372 2661 4428 CAPUT
2702 4372 2865 4428 XVII.

1851 4457 1990 4536 Post
2035 4465 2347 4536 euangelica:
2388 4467 2644 4520 doctrina:
2669 4465 3124 4536 praedicationem,
3157 4466 3434 4522 hominum.

1972 4531 2418 4588 immolandorum
2442 4531 2869 4590 consuetudinem
2893 4555 3003 4591 esse
3023 4536 3309 4590 sublatam.

1919 4623 2077 4690 Istos,
2102 4627 2348 4696 inquam,
2370 4645 2558 4684 omnes
2581 4646 2785 4699 eosque
2802 4630 3074 4695 similiter,
3096 4629 3187 4700 qui
3209 4640 3315 4682 tam
3334 4630 3433 4683 ob-

1851 4731 2036 4772 scaena
2091 4721 2477 4790 loquebantur,
2507 4723 2712 4792 quique
2761 4723 3042 4794 ﬂagitiosis
3098 4740 3162 4778 ac
3209 4723 3434 4778 nefariis

1851 4811 2144 4865 mulierum
2173 4815 2500 4883 corruptelis
2539 4831 2602 4868 ac
2633 4815 2861 4884 stupris,
2895 4825 3116 4884 totoque
3143 4815 3245 4869 hoc
3277 4831 3430 4868 com-

1847 4913 2165 4958 memoratae
2211 4905 2466 4974 superius
2530 4905 2775 4960 libidinis
2830 4905 3016 4960 furore
3077 4907 3424 4970 tenebantur,

1844 5007 2008 5048 verus
2047 5004 2195 5050 certe
2241 4997 2462 5066 quidem
2498 4997 2784 5067 bonusque
2819 4999 2932 5052 sive
2965 4995 3130 5058 Deus,
3166 4997 3280 5050 sive
3316 4998 3425 5050 dae-

1844 5100 1999 5150 mon,
2031 5102 2060 5138 a
2088 5103 2367 5158 quoquam
2397 5089 2624 5142 deorum
2659 5088 2712 5142 in
2747 5103 2976 5142 numero
3024 5088 3235 5142 censeri
3271 5088 3421 5140 omni

1844 5177 2054 5232 ratione
2096 5181 2375 5234 vetuisset.
2422 5181 2608 5249 Atqui,
2646 5191 2839 5250 praeter
2887 5197 3034 5243 eum,
3069 5180 3160 5250 qui
3217 5179 3394 5234 abl-le

1839 5267 2001 5325 bracis
2054 5271 2350 5333 colebatur,
2386 5282 2574 5342 utpote
2617 5272 2708 5341 qui
2773 5289 2912 5326 unus
2950 5281 3095 5326 esset
3145 5288 3418 5342 verosque

1840 5362 2004 5428 Deus,
2037 5380 2067 5418 a
2095 5365 2246 5418 nullo
2274 5381 2497 5434 prorsus
2531 5368 2637 5422 alio
2669 5367 2868 5420 factum
2895 5366 2946 5419 id
2973 5381 3212 5435 unquam
3245 5366 3415 5421 fuisse

1838 5452 2088 5521 legimus.
2115 5452 2274 5510 Solus
2305 5456 2394 5510 ille
2422 5457 2572 5512 solus
2600 5457 2875 5526 prOphetae
2905 5472 2970 5512 ac
2997 5457 3231 5526 theologi
3257 5457 3409 5529 Moy-

1837 5545 1914 5599 sis
1943 5561 2036 5600 ore
2070 5547 2414 5602 denuntiavit
2443 5549 2733 5612 universis,
2767 5566 2874 5603 non
2902 5549 3064 5604 modo
3111 5566 3179 5603 ne
3206 5551 3409 5619 impro-

1834 5635 1935 5692 bos
1987 5638 2264 5695 daemones
2299 5649 2555 5710 tanquam
2590 5641 2766 5698 bonos
2801 5643 3062 5708 colerent,
3100 5642 3193 5698 sed
3224 5642 3409 5713 potius

1833 5819 2074 5889 purgari,
2105 5819 2196 5875 sed
2228 5820 2412 5876 everti.
2444 5821 2621 5893 Atque
2651 5821 2725 5879 ita
2749 5823 2852 5894 leg.
2901 5822 2994 5879 alt.
3029 5838 3093 5880 ex
3121 5837 3400 5881 manuscr.
