3890 6384
534 290 636 346 287

1165 290 1441 350 EUSEBII
1483 292 1961 354 CESARYENSIS
1992 296 2143 354 OPP.
2180 280 2373 351 PARS
2393 292 2458 350 ll.
2478 327 2549 336 —
2580 293 3083 351 APOLOGETlCA.
3638 302 3723 361 283

531 417 793 481 tanquam
847 411 1144 467 sceleratos
1176 412 1402 482 spiritus
1453 413 1755 470 abominati
1796 415 2095 487 ejicerent:

2205 429 2265 467 τε
2279 412 2438 477 νεὼς,
2455 412 2549 466 καὶ
2572 411 2673 476 τὰς
2698 414 2949 482 άνιέρους
2977 412 3074 466 καὶ
3104 409 3417 476 ἀτελέστους
3443 412 3723 486 θρησκείας,

531 501 801 575 iussitque
823 512 1084 574 praeterea
1112 519 1301 559 eorum
1329 505 1528 577 templa
1560 507 1792 576 expiari,
1816 523 2108 563 exsecran-

530 596 633 650 das
663 594 1033 667 proranasque
1069 597 1391 666 religiones,
1422 600 1746 657 memoriam
1778 599 1935 669 quasi
1977 600 2110 655 deo-

533 701 657 741 rum
691 687 1026 752 universam,
1056 685 1215 758 164
1246 686 1593 759 honoresque
1622 690 1893 745 solemnes
1919 706 1984 745 ex
2009 690 2107 744 ho-

533 780 745 834 minum
776 777 1023 836 funditus
1051 779 1314 835 societate
1355 782 1544 837 deleri.
1594 781 1788 837 Merito
1821 799 1973 850 sane,
2006 800 2107 839 nec

534 875 683 929 enim
718 875 999 945 improbos
1034 876 1104 931 ab
1131 877 1218 941 iis,
1235 878 1329 949 qui
1366 878 1636 932 bonorum
1667 894 1797 933 cura
1822 879 2108 947 providen-

533 965 722 1036 tiaque
771 966 1118 1035 regebantur,
1165 968 1449 1023 conciliari
1498 968 1815 1039 placarique
1850 968 1932 1023 fas
1965 978 2103 1028 erat.

533 1054 656 1111 Tibi
691 1073 842 1121 vero,
874 1073 969 1112 seu
999 1057 1325 1114 Philarehus
1371 1061 1460 1116 ille
1506 1070 1609 1127 est,
1647 1077 1743 1116 seu
1791 1062 2106 1134 quicunque

532 1149 695 1212 alius,
729 1150 821 1219 qui
846 1148 1065 1205 Graecos
1101 1154 1304 1223 passim
1341 1154 1646 1219 universos,
1694 1154 2013 1225 priusquam
2051 1157 2105 1210 in

532 1239 742 1294 hostem
792 1253 1096 1311 moverent,
1126 1244 1375 1299 homines
1431 1245 1719 1300 immolare
1762 1246 1956 1303 solitos
1984 1263 2107 1303 esse

533 1331 748 1395 scribit,
778 1347 884 1402 qua
917 1333 1183 1390 daamonis
1210 1336 1499 1407 tyrannide
1543 1338 1791 1407 oppressi
1827 1338 1919 1394 ille
1951 1348 2105 1396 lene-

536 1432 747 1486 rentur,
784 1424 948 1495 hujus
979 1425 1145 1480 etiam
1190 1427 1297 1484 llde
1341 1428 1765 1499 testimonioque
1810 1433 2102 1486 constabit.

530 1512 674 1579 Quin
725 1516 891 1573 etiam
931 1521 1094 1577 Afros
1151 1521 1293 1585 illos,
1323 1530 1377 1576 et
1424 1519 1686 1588 Thraces,
1741 1531 1796 1578 et
1847 1523 2101 1595 Scythas,

531 1615 800 1677 quotquot
829 1610 1101 1666 similibus
1132 1611 1325 1667 ritibus
1357 1623 1660 1681 uterentur,
1697 1614 1862 1669 simili
1896 1616 2102 1671 danno-

532 1711 661 1752 num
699 1698 884 1757 furore
932 1714 1085 1758 actos
1130 1705 1490 1774 pronuntiare
1534 1722 1600 1760 ac
1650 1708 1888 1776 probare
1921 1709 2101 1764 liceat.

532 1786 743 1854 Quibus
799 1793 1182 1857 Athenienses,
1217 1795 1475 1865 ipsosque
1528 1798 1664 1851 adeo
1713 1798 1859 1854 cives
1898 1797 2105 1871 Magna:

538 1878 703 1937 Urbis
729 1883 986 1958 adjunge,
1018 1901 1141 1941 cum
1176 1887 1319 1941 circa
1352 1886 1529 1957 Magni
1556 1886 1707 1944 Jovis
1735 1888 1900 1944 ferias
1928 1890 2104 1946 homi-

535 1990 632 2030 nes
660 1975 763 2045 ipsi
787 1993 1011 2049 quoque
1037 1979 1372 2050 jugularent.
1403 1981 1515 2037 lmo
1542 1997 1692 2047 vero,
1719 1984 1766 2038 si
1794 1985 2102 2040 universam

530 2081 744 2136 eorum,
779 2087 904 2142 quae
927 2073 1092 2143 paulo
1132 2084 1259 2130 ante
1298 2077 1869 2146 commemoravimus,
1905 2080 2102 2134 seriem

531 2159 635 2215 sub
684 2172 967 2231 aspectum
1020 2181 1191 2221 unum
1243 2168 1566 2239 subjeceris,
1623 2170 1869 2226 invenies
1922 2180 2100 2226 totam

528 2266 698 2322 prope
724 2253 1288 2328 ﬁctorumagentibus
1316 2262 1601 2317 numinum
1636 2262 1974 2318 molitionem
1995 2264 2104 2319 illis

529 2343 664 2413 ipsis
707 2346 990 2416 spiritibus
1035 2350 1319 2405 hominum
1363 2352 1748 2418 carniﬁcibus,
1792 2354 2103 2409 sceleratis-

528 2451 635 2504 que
666 2436 1007 2496 daemonihus
1032 2458 1155 2499 esse
1184 2442 1551 2499 tribuendam.
1574 2443 1781 2500 Etenim
1808 2448 1854 2501 si
1882 2447 2103 2502 eviden-

529 2528 675 2584 tibus
708 2530 983 2601 certisque
1014 2536 1365 2600 testimoniis,
1396 2537 1537 2606 apud
1574 2536 1840 2606 Rhodios,
1868 2536 2103 2594 Salami-

528 2636 649 2689 nos,
688 2638 753 2679 ac
776 2634 1003 2681 caeteros
1031 2628 1321 2695 insulares,
1358 2632 1598 2702 itemque
1648 2631 1790 2701 apud
1840 2630 2101 2701 Heliopo-

526 2712 727 2769 litanos
778 2713 1019 2786 Egypti,
1065 2717 1252 2784 Chios,
1298 2718 1589 2787 Tencdios,
1624 2720 2097 2791 Lacedaemonios,

525 2806 788 2873 Arcadas,
811 2806 1122 2876 Phoenices,
1154 2810 1357 2883 Libyae,
1388 2812 1560 2886 Syria:
1597 2824 1651 2870 et
1674 2816 1892 2871 Arabiae
1922 2832 2098 2886 popu-

525 2898 627 2963 les,
662 2900 909 2970 adeoque
962 2904 1107 2974 apud
1152 2904 1513 2963 Athenienses
1564 2908 1736 2978 ipsos,
1765 2910 1855 2981 qui
1883 2909 2101 2965 Grzeeo-

524 3009 640 3046 rum
675 2995 920 3049 omnium
954 2997 1230 3067 principes
1252 3014 1315 3054 ac
1341 3000 1509 3054 veluti
1558 3002 1736 3070 capita
1792 3003 2097 3058 etiamnum

526 3086 706 3143 haberi
738 3086 936 3151 solent,
963 3103 1187 3143 necnon
1215 3089 1359 3159 apud
1387 3090 1892 3161 Carthaginienses,
1912 3092 2095 3162 Afros,
2124 3102 2166 3159 ο

523 3176 763 3233 Thraces
818 3189 979 3250 atque
1014 3179 1269 3253 Scythas,
1306 3184 1591 3238 hominum
1644 3185 1775 3239 olim
1828 3187 2097 3243 sacriﬁcia

524 3266 795 3325 diabolico
823 3271 1008 3327 furore
1038 3286 1299 3345 usurpata
1322 3290 1448 3331 esse
1478 3275 1839 3341 ostendimus,
1873 3279 2099 3350 impios-

523 3365 793 3441 que_ritus
822 3366 887 3418 ad
912 3365 1219 3421 Servatoris
1254 3383 1428 3436 usque
1462 3367 1637 3422 nostri
1674 3381 1919 3439 tempora
1971 3387 2099 3441 pro—

523 3436 746 3521 pagatos
784 3475 796 3509 :
828 3456 1018 3526 quidni
1046 3458 1263 3513 tandem
1291 3458 1415 3529 jure
1446 3459 1751 3530 meritoque
1777 3436 2092 3528 concludas,

524 3544 649 3600 illos
680 3556 792 3600 tum
815 3548 1046 3617 populos
1078 3550 1341 3619 improbis
1360 3566 1551 3606 omnes
1580 3551 1920 3609 daemonibus
1941 3571 2096 3610 man-

520 3638 731 3706 cipatos
760 3638 950 3704 fuisse,
986 3656 1084 3696 nec
1113 3652 1237 3697 ante
1275 3659 1445 3713 genus
1479 3645 1780 3701 humanum
1818 3656 2092 3703 tantorum

521 3729 813 3783 acerbitate
847 3731 1115 3785 malorum
1145 3735 1332 3788 vexari
1359 3735 1613 3801 desiisse,
1642 3753 1807 3807 quam
1840 3737 2095 3793 Servato-

520 3817 597 3871 ris
624 3820 795 3874 nostri
829 3821 1078 3877 doctrina
1113 3824 1318 3895 passim
1345 3826 1651 3882 illuxisset?
1678 3826 1811 3882 Nam
1844 3830 1933 3884 illa
1968 3830 2093 3901 qui-

518 3910 639 3963 dem
661 3910 726 3963 ad
760 3911 1050 3981 imperium
1080 3912 1305 3969 Adriani
1328 3916 1593 3985 viguisse,
1620 3933 1682 3972 ac
1701 3919 1916 3973 sublata
1939 3920 2096 3974 dein-

517 4016 645 4072 ceps
680 4002 847 4058 fuisse
885 4014 1102 4061 constat
1128 4023 1194 4062 ex
1232 4009 1484 4074 historia,
1510 4027 1620 4080 quo
1658 4011 1919 4066 nimirum
1952 4020 2093 4067 tem-

515 4110 649 4163 pore
679 4097 933 4151 salutaris
972 4097 1137 4165 hujus
1167 4099 1440 4155 doctrinae
1470 4102 1553 4156 vis
1584 4104 1727 4171 apud
1747 4118 1939 4160 omnes
1975 4105 2089 4174 jam

516 4187 623 4239 late
676 4188 907 4257 populos
951 4200 1246 4260 gentesque
1270 4202 1547 4261 regnaret.
1584 4192 1771 4264 Neque
1802 4210 1933 4250 vero
1988 4199 2091 4253 hoc

518 4279 640 4334 istis
703 4279 961 4349 eil‘ugium
1022 4293 1290 4352 superest,
1334 4294 1394 4339 ut
1457 4300 1565 4339 non
1612 4288 1718 4342 nisi
1780 4289 1940 4344 malis
1980 4289 2093 4346 da:-

516 4378 773 4432 monibus
836 4378 1051 4432 litatum
1107 4379 1363 4436 humanis
1412 4382 1654 4439 victimis
1708 4400 1831 4441 esse
1878 4387 2085 4458 dicant,

2210 504 2304 559 καὶ
2350 504 2583 576 πάμπαν
2628 504 2689 571 ἐξ
2726 504 3032 577 ἀνθρώπων
3073 502 3355 572 ἀφανίζειν
3395 504 3486 578 τὴν
3520 508 3586 573 ὡς
3624 514 3725 585 περὶ

2208 595 2350 650 θεῶν
2388 596 2569 650 αὐτῶν
2602 597 2855 669 μνήμην,
2890 597 2986 649 καὶ
3018 597 3116 667 τὴν
3148 598 3547 670 άπονεμομένην
3578 601 3725 669 αὐτοῖς

2207 690 2373 760 τιμὴν
2400 687 2809 760 ἐνομοθέτησεν.
2836 686 2970 740 Οὐδὲ
2995 688 3105 759 γὰρ
3136 687 3261 751 τοὺς
3289 686 3510 756 φαύλους
3537 690 3730 763 ἀπομει-

2208 780 2485 833 λίσσεσθαι
2519 782 2665 835 ὅσιον
2697 775 2766 852 ἦν
2784 782 2912 845 τοὺς
2942 782 3054 845 τοῖς
3088 779 3312 850 ἀγαθοῖς
3350 781 3728 854 μεμελημένους.

2208 872 2334 927 Εἴτε
2361 873 2417 926 δὲ
2449 873 2546 926 καλ⁵
2576 873 2841 945 Φίλαρχος
2864 914 2879 939 ,
2911 874 3019 927 εἴτε
3064 872 3312 927 ὁστισοῦν
3341 874 3531 945 ἱστορεῖ
3558 876 3732 943 πάντας

2206 964 2332 1027 τοὺς
2365 962 2630 1035 Ἕλληνας
2650 1003 2664 1028 ,
2698 964 2826 1035 πρὶν
2852 964 2946 1017 ἐπὶ
2972 966 3100 1029 τοὺς
3129 964 3395 1035 πολέμους
3423 964 3603 1029 ἐξιέναι
3619 1008 3633 1033 ,
3657 969 3732 1022 ἁν-

2208 1054 2632 1127 θρωποκτονεῖν,
2693 1056 2788 1110 καλ¹
2834 1055 3023 1111 τοῦτον
3078 1056 3327 1130 μάρτυρα
3372 1056 3468 1127 τῆς
3512 1058 3735 1131 Ἑλλήνων

2206 1145 2528 1218 δαιμονικῆς
2579 1148 2869 1221 ἐπιληψίας
2907 1148 2980 1221 μὴ
3011 1148 3159 1203 ὄκνει
3189 1149 3647 1221 παραλαμϐάνειν·
3674 1154 3734 1225 μὴ

2207 1240 2441 1313 παρίδης
2474 1240 2607 1312 μηδὲ
2640 1243 2766 1304 τοὺς
2795 1240 2936 1295 κατὰ
2966 1242 3064 1311 τὴν
3101 1240 3384 1312 Ἀφρικὴν,
3414 1240 3531 1306 τούς
3548 1259 3600 1295 τε
3618 1243 3734 1315 Θρᾷ-

2207 1348 2310 1395 κας
2354 1332 2595 1395 καὶτοὺς
2624 1330 2835 1396 Σκύθας
2861 1331 2931 1386 τὰ
2961 1332 3124 1403 ὃμοια
3157 1332 3508 1404 πράττοντας,
3534 1337 3640 1397 ταῖς
3660 1336 3736 1389 αύ-

2205 1424 2327 1484 ταῖς
2351 1422 2460 1474 τῶν
2484 1421 2753 1493 δαιμόνων
2777 1421 3016 1492 ὑπῆχθαι
3040 1422 3257 1493 μανίαις
3288 1423 3740 1493 ἀποφαίνεσθαι·ὼς

2207 1514 2301 1567 καὶ
2338 1513 2686 1584 Ἀθηναίους,
2720 1514 2814 1567 καὶ
2846 1515 2971 1578 τοὺς
3000 1514 3143 1568 κατὰ
3180 1515 3278 1585 τὴν
3310 1514 3560 1587 Μεγάλην
3588 1517 3739 1581 πόλιν,

2207 1609 2256 1661 εί
2276 1607 2338 1679 δὴ
2367 1609 2461 1662 καὶ
2484 1602 2627 1661 οὗτοι
2648 1607 2790 1661 κατὰ
2816 1606 2910 1661 τοῦ
2940 1607 3192 1677 Μεγάλου
3212 1607 3333 1671 Διὸς
3363 1608 3547 1681 ἑορτὰς
3566 1609 3745 1681 ἀνθρὼ-

2208 1717 2342 1764 πους
2376 1697 2631 1769 ἔσφαζον.
2676 1699 2836 1753 Ἀλλά
2867 1699 2977 1772 γάρ
3012 1699 3336 1769 συναγαγὼν
3361 1699 3497 1769 όμοῦ
3524 1702 3607 1754 τὸν
3632 1702 3742 1755 πάν-

2205 1809 2313 1845 των
2342 1792 2449 1845 τῶν
2477 1793 2890 1865 προειρημένων
2924 1793 3240 1862 κατάλογον,
3278 1792 3459 1865 ε’ύροις
3486 1792 3567 1857 ἂν,
3590 1794 3744 1863 σχεδὸν

2205 1886 2412 1949 εἰπεῖν,
2456 1888 2635 1939 πᾶσαν
2667 1886 2766 1957 τὴν
2804 1885 2911 1940 τῶν
2946 1887 3112 1941 ὲθνῶν
3145 1887 3420 1942 θεοποιίαν
3447 1887 3640 1952 τούτοις
3665 1888 3746 1941 αό-

2203 1980 2314 2041 τοῖς
2332 1981 2443 2041 τοῖς
2462 1978 2927 2049 άνθρωποκτόνοις
2956 1980 3233 2051 πνεύμασι
3266 1982 3363 2035 καὶ
3395 1984 3504 2045 τοῖς
3528 1982 3747 2052 πονηροῖς

2203 2068 2497 2139 δαιμονίοις
2540 2070 2925 2144 ἀνακειμένην.
2977 2073 3039 2126 Εί
3086 2073 3196 2147 γάρ
3239 2074 3297 2128 ἐν
3354 2075 3552 2145 Ῥόδῳ,
3587 2074 3670 2128 καὶ
3704 2077 3749 2127 ὲν

2205 2159 2497 2230 Σαλαμῖνι,
2532 2163 2626 2215 καὶ
2661 2165 2783 2226 ταῖς
2814 2164 3002 2229 ἄλλαις
3034 2168 3220 2237 νήσοις
3243 2207 3257 2232 ,
3294 2167 3351 2220 ἐν
3379 2184 3438 2221 τε
3481 2167 3645 2221 Ἠλίου
3668 2166 3748 2219 πό-

2205 2252 2284 2305 λει
2332 2255 2395 2323 τῇ
2452 2254 2572 2306 κατ’
2602 2255 2873 2322 Αἴγυπτον
2893 2296 2907 2319 ,
2939 2257 2994 2310 ἐν
3026 2274 3086 2310 τε
3115 2258 3231 2328 Χίῳ
3250 2299 3265 2323 ,
3295 2260 3391 2311 καὶ
3419 2257 3646 2329 Τενέδῳ,
3676 2259 3750 2311 καὶ

2203 2342 2562 2413 Λακεδαίμονι
2584 2384 2598 2408 ,
2630 2345 2721 2398 καὶ
2760 2346 3050 2419 Ἀρκαδίᾳ,
3085 2348 3305 2419 Φοινίκῃ
3337 2365 3402 2401 τε
3452 2350 3541 2401 καὶ
3583 2347 3749 2420 Λιϐύη.

2204 2435 2297 2488 καὶ
2322 2436 2457 2509 πρὸς
2492 2437 2704 2501 τούτοις
2734 2439 2937 2493 ἆπασιν
2968 2443 3026 2493 ὲν
3063 2441 3236 2512 Συρίᾳ
3267 2442 3367 2495 καὶ
3406 2441 3657 2514 Ἀραϐίᾳ,
3680 2444 3754 2495 καὶ

2204 2529 2356 2600 παρά
2382 2547 2444 2599 γε
2474 2534 2585 2595 τοῖς
2612 2532 2947 2604 Πανέλλησιν
3005 2532 3311 2603 Ἀθηναίοις
3355 2535 3505 2605 (29),
3552 2537 3640 2589 καὶ
3679 2535 3753 2586 ἐπὶ

2201 2621 2405 2677 τούτων
2430 2626 2541 2688 τοῖς
2572 2626 3017 2697 κορυφαιοτάτοις
3036 2666 3052 2692 ,
3095 2628 3235 2681 κατά
3291 2640 3399 2696 γει
3429 2629 3723 2703 Καρχηδόνα
3742 2668 3753 2689 ,

2202 2714 2297 2768 καὶ
2321 2715 2420 2787 τὴν
2450 2717 2735 2790 Ἀφρικὴν,
2763 2720 2856 2772 καὶ
2881 2720 3032 2791 παρὰ
3057 2719 3230 2793 Θρᾳξὶ
3260 2721 3360 2775 καὶ
3387 2721 3617 2785 Σκύθαις
3644 2722 3755 2773 ἀπο-

2198 2803 2466 2861 δέδεικται
2511 2809 2579 2862 τὰ
2621 2809 2723 2879 τῆς
2771 2810 3091 2881 δαιμονικῆς
3136 2811 3610 2882 άνθρωττοκτονίας
3642 2811 3759 2865 κατὰ

2201 2898 2325 2963 τοὺς
2365 2899 2627 2965 παλαιοὺς
2655 2902 2880 2974 χρόνους
2915 2903 3326 2975 ἐπιτελούμενα,
3367 2907 3465 2959 καὶ
3500 2905 3653 2976 μέχρι
3678 2902 3753 2955 τοῦ

2200 2986 2452 3061 Σωτῆρος
2476 2990 2633 3061 ἡμῶν
2658 2993 3062 3063 παρατείναντα
3083 3009 3095 3021 ’
3127 2993 3245 3057 πῶς
3268 2994 3374 3048 οὐκ
3405 2994 3639 3062 εύλόγως
3658 2995 3759 3055 τοὺς

2202 3078 2406 3144 πάντας
2444 3081 2620 3146 εἴποις
2658 3083 2724 3137 ἂν
2761 3085 2880 3137 τότε
2915 3088 3025 3149 τοῖς
3064 3088 3320 3158 πονηροῖς
3361 3086 3581 3157 δαίμοσι
3609 3084 3757 3138 δεδου·

2201 3169 2403 3225 λῶσθαι
2423 3212 2438 3236 ,
2477 3174 2538 3227 οὐ
2567 3174 2828 3247 πρότερόν
2856 3193 2916 3229 τε
2950 3175 3161 3232 παῦλαν
3193 3178 3301 3231 τῶν
3329 3178 3606 3232 τοσούτων
3635 3176 3763 3245 γενέ-

2202 3261 2321 3315 σθαι
2347 3263 2425 3335 τῷ
2455 3263 2554 3335 βίῳ
2578 3266 2762 3320 κακῶν
2782 3308 2797 3331 ,
2827 3267 2860 3340 ἢ
2891 3268 2989 3339 τὴν
3018 3269 3112 3323 τοῦ
3150 3271 3408 3342 Σωτῆρος
3436 3274 3469 3341 ἡ
3480 3269 3594 3342 μῶν
3622 3285 3762 3322 κατα-

2199 3349 2407 3423 λάμψαι
2439 3353 2825 3421 διδασκαλίαν;
2869 3357 2991 3409 Ὅτι
3032 3356 3096 3429 δὴ
3142 3358 3304 3429 μέχρι
3345 3360 3462 3412 τῶν
3512 3355 3763 3431 Ἀδριανοῦ

2198 3444 2404 3515 χρόνων
2431 3444 2700 3517 διαμεῖναι
2730 3447 2902 3502 ταῦτα
2922 3448 3206 3504 ’λελύσθαι
3233 3451 3276 3504 δ’
3307 3450 3374 3517 ἐξ
3408 3451 3616 3506 ἐκείνου
3645 3467 3764 3521 παρο

2204 3537 2430 3607 έστησεν
2488 3540 2516 3590 ὁ
2545 3539 2642 3609 τῆς
2676 3541 2915 3612 ἱστορίας
2941 3541 3116 3612 λόγος.
3149 3538 3316 3607 Οὗτος
3365 3544 3435 3617 δὴ
3470 3544 3691 3616 μάλιστα
3710 3539 3766 3614 ἧν

2198 3628 2225 3680 ό
2250 3628 2468 3699 χρόνος,
2497 3629 2619 3682 καθ’
2651 3629 2711 3683 ὃν
2736 3632 2768 3702 ἡ
2803 3633 3068 3703 σωτήριος
3096 3633 3177 3696 είς
3209 3634 3429 3698 πάντας
3472 3632 3767 3706 ἀνθρώπους

2197 3720 2411 3789 ἤκμασε
2445 3719 2777 3777 διδασκαλία.
2808 3724 2919 3777 Καὶ
2953 3725 3059 3795 μὴν
3080 3726 3201 3778 οὐδὲ
3223 3726 3459 3781 δυνατὸν
3500 3727 3676 3791 αὐτοῖς
3704 3727 3768 3778 εἰ·

2196 3813 2345 3873 πεῖν,
2385 3811 2460 3875 ὼς
2496 3816 2607 3876 τοῖς
2648 3818 2901 3886 πονηροῖς
2944 3815 3192 3886 δαίμοσιν
3234 3816 3398 3873 ἔθυον
3420 3836 3432 3848 ·
3464 3819 3646 3881 αὐτοῖς
3674 3816 3764 3886 γάρ

2200 3901 2434 3971 μάλιστα
2469 3908 2580 3967 τοῖς
2619 3906 2898 3975 μεγίστοις
2929 3906 3068 3971 θεοῖς
3105 3910 3138 3981 ἡ
3188 3911 3407 3981 ἱστορία
3440 3910 3543 3974 τὰς
3584 3908 3768 3981 ἀνθρωο

2195 3993 2457 4058 ποθυσίας
2485 3995 2754 4067 ἐδήλωσεν
2784 3998 3169 4054 ἐπιτελεῖσθαι.
3220 4001 3466 4057 Θύεσθαι
3494 4002 3602 4074 γάρ
3622 4003 3766 4073 ἔφησε

2194 4087 2260 4156 τῇ
2298 4085 2445 4156 Ἤρᾳ
2482 4088 2571 4139 καὶ
2614 4090 2680 4159 τῇ
2725 4089 2944 4162 Ἀθηνᾷ,
2980 4091 3173 4163 Κρόνῳ
3220 4110 3278 4146 τε
3318 4096 3422 4149 καὶ
3456 4098 3648 4169 ΙἌρει,
3690 4094 3771 4149 καὶ

2194 4173 2466 4245 Διονύσῳ,
2513 4177 2607 4231 καὶ
2646 4178 2793 4250 αύτῷ
2826 4197 2889 4248 γε
2931 4180 3011 4251 τῷ
3040 4183 3131 4235 ἐπὶ
3166 4184 3391 4239 πάντων
3426 4188 3547 4253 Διὶ,
3589 4187 3677 4240 καὶ
3704 4184 3770 4254 τῷ

2192 4267 2366 4339 Φοίϐῳ
2386 4313 2399 4332 ,
2447 4268 2524 4341 τῷ
2568 4270 2631 4343 δὴ
2676 4274 2988 4346 σεμνοτάτῳ
3042 4276 3261 4331 πάντων
3322 4280 3426 4333 καὶ
3496 4276 3770 4351 σοφωτάτῳ

2207 4358 2535 4413 Ἀπόλλωνι·
2552 4362 2772 4428 τούτους
2791 4364 2847 4417 δὲ
2871 4366 2980 4435 (50)
3006 4368 3097 4421 καὶ
3121 4367 3240 4422 οὐδὲ
3263 4367 3469 4435 ἄλλους
3492 4373 3618 4435 τοὺς
3640 4369 3771 4441 μεγί-

514 4485 639 4525 cum
668 4471 919 4526 maximis
948 4474 1246 4541 prazsertim
1262 4475 1568 4546 quibusque
1585 4478 1690 4533 diis
1709 4488 1977 4535 mactatos
1995 4480 2091 4535 ho-

2201 4468 2353 4516 στους
2378 4470 2436 4505 τε
2465 4454 2557 4508 καὶ
2586 4449 2823 4523 ἀγαθοὺς
2854 4458 3106 4531 σωτῆρας
3133 4460 3288 4525 θεοὺς
3325 4463 3767 4536 ἀναγορεύουσιν.

515 4563 691 4617 mines
718 4564 887 4618 fuisse
920 4579 984 4618 ex
1016 4565 1234 4619 illorum
1262 4568 1506 4623 historiis
1537 4570 1861 4629 habeamus.
1898 4572 2089 4631 Testes

512 4658 657 4707 enim
689 4668 767 4707 eae
800 4664 949 4719 sunt,
983 4651 1185 4709 Junoni
1214 4672 1277 4711 ac
1304 4657 1576 4727 Minervae,
1632 4661 1892 4730 Saturno,
1929 4664 2087 4720 Marti

512 4754 676 4813 atque
731 4744 969 4813 Baccho,
1010 4744 1241 4815 Iovique
1293 4749 1430 4803 adeo
1474 4760 1798 4806 czeterorum
1843 4756 2085 4809 omnium

514 4837 776 4908 principi,
809 4854 910 4892 nec
963 4852 1071 4893 non
1124 4838 1225 4908 ipsi
1284 4839 1509 4908 Philebo,
1534 4842 1801 4912 Apollini,
1840 4846 2085 4916 inquam,

508 4927 613 4995 lli,
644 4931 737 5000 qui
763 4937 975 4984 tantum
1005 4931 1273 4999 gravitate
1310 4933 1534 5002 reliquis
1568 4951 1634 4990 ae
1678 4938 1941 5005 sapientia
1984 4954 2084 4992 an-

506 5019 698 5085 teibat,
723 5036 893 5091 genus
927 5020 977 5074 id
1011 5021 1315 5076 hostiarum
1348 5023 1643 5093 placuisse,
1678 5041 1819 5095 quos
1862 5027 2071 5097 utique,

581 5166 608 5196 ι
650 5156 733 5209 ἴσ.
764 5174 843 5209 τε.

580 5312 1102 5391 (ἓψβᾳνέλνζησιν
1136 5320 1478 5391 Ἀθηναίοις.
1507 5319 1582 5375 Ita
1614 5337 1746 5376 mss.
1768 5323 1947 5391 ambo,
1974 5324 2077 5379 nisi

509 5383 653 5466 quod
707 5385 1018 5466 habentia
1049 5405 1149 5466 pro
1175 5383 1488 5466 éni,_recte.
1544 5393 1696 5446 Alter
1737 5409 1866 5466 vero
1890 5436 1905 5460 ,
1936 5383 2079 5466 ’παρ’

2191 4544 2355 4597 Αὐτοὶ
2375 4545 2420 4599 δ’
2447 4545 2555 4618 ἄρα
2588 4544 2699 4601 εἷεν
2742 4549 2808 4602 ἂν
2854 4551 2903 4602 οἱ
2962 4553 3188 4624 πονηροὶ⁸
3247 4552 3535 4625 δαίμονες.
3586 4556 3648 4610 Ei
3676 4556 3770 4625 γάρ

2189 4634 2298 4687 οἵδε
2339 4635 2616 4700 τοιαύταις
2646 4637 3116 4707 άνθρωποθυσίαις
3156 4641 3251 4695 καὶ
3273 4643 3769 4717 άνθρωποκτονίαις

2188 4725 2423 4797 ἔχαιρον,
2456 4729 2572 4792 πῶς
2601 4729 2700 4783 ούκ
2748 4730 2814 4785 ἂν
2865 4732 3062 4795 αὐτοὺς
3090 4734 3313 4801 εἰκότως
3355 4741 3430 4809 τῇ
3480 4738 3593 4792 τῶν
3624 4753 3769 4806 πονη-

2192 4819 2299 4888 ρῶν
2334 4823 2659 4893 πνευμάτων
2688 4824 2970 4895 μιαιφονίᾳ
2999 4826 3523 4900 καταριθμήσειας;
3553 4830 3663 4885 εἴτε
3688 4831 3772 4886 αύ-

2184 4912 2270 4963 τοὶ
2299 4912 2510 4984 χαίρειν
2544 4913 2782 4982 λέγοιντο
2806 4917 2919 4978 τοῖς
2953 4916 3233 4982 τοιούτοις,
3289 4918 3408 4975 εἴτε
3454 4926 3772 4996 συγχωρεῖν.

2187 5005 2281 5057 καὶ
2302 5008 2565 5078 περιορᾷν
2604 5007 2811 5080 ἑτέροις
2861 5010 3139 5082 γινόμενα.
3184 5013 3248 5065 Τί
3307 5015 3428 5087 γὰρ
3478 5018 3621 5091 χρῆν
3655 5018 3776 5079 ὅλως

2185 5336 2449 5422 Ἕλληνας
2479 5338 2580 5394 hac
2597 5338 2886 5422 impietate
2927 5341 3205 5422 laborasse
3252 5350 3548 5405 narrabat.
3602 5352 3774 5422 Itaque

2181 5409 2499 5493 vertendum
2532 5409 2659 5493 erit,
2690 5409 2807 5493 [pro
2831 5420 2881 5465 et
2910 5415 3052 5493 apud
3077 5414 3287 5469 erca:
3329 5423 3632 5493 universos
3652 5467 3667 5489 ,
3699 5409 3775 5493 ip-

510 5452 786 5540 ςΕλλησιν,
805 5471 901 5540 pro
917 5452 1282 5531 Πανέλλησιν.
1295 5460 1551 5561 Μοηιειοξἱ
1568 5465 1696 5561 ἕταρ’
1711 5452 1964 5561 ("Elimea
1989 5452 2079 5519 καὶ

510 5541 582 5561 στι
614 5540 728 5561 aran
765 5542 966 5561 amvi-mm
1015 5534 1462 5561 vr.n....~..,-.’....-
1600 5551 1701 5561 -..-
1730 5551 1810 5561 Α.-
1915 5548 2025 5561 ..-ιη
2063 5556 2073 5561 -

2201 5452 2498 5460 .-.--.-.--“---
2534 5452 2637 5463 ν--ν
2690 5452 2804 5464 ιπην
2832 5452 2881 5465 νγ
2910 5452 2941 5464 κ
2984 5452 3051 5466 nu
3079 5452 3285 5469 ulva'
3332 5452 3523 5476 ιιιηιτι
3610 5452 3631 5477 δ
3701 5452 3715 5477 ἶ

2201 5494 2366 5561 :osquf
2385 5478 2515 5561 niteo
2534 5452 2899 5561 Αιήξιιέςηεςξ,
2936 5452 3025 5553 διαὶ
3052 5501 3235 5539 eorum
3258 5452 3715 5561 ρτίηεὶρεεῖυρῖο.

507 5523 728 5604 ἔτι-τοῖς
765 5526 966 5579 τούτων
1015 5523 1462 5604 κορυφαιοτάτοις
1506 5523 1828 5604 Ἀθηναίοις.
1864 5523 2027 5591 Recte
2061 5556 2074 5591 :

509 5594 691 5677 malim
728 5598 1061 5699 tamen“)?!
1087 5594 1243 5699 ’παρά
1264 5620 1327 5699 ἶτε
1346 5606 1481 5699 ιτοῖς
1509 5594 1845 5699 magna,
1872 5608 1965 5660 ml
1996 5607 2076 5699 ετξ
2175 5594 2378 5683 signa
2413 5618 2513 5672 οὐκ
2544 5594 2755 5685 mw,
2781 5594 3459 5699 ,,5;',;,;g;,';;,:;,;o';g;

2177 5692 2271 5743 ml.
2295 5689 2547 5763 σωτῆρας
2570 5689 3011 5768 ἀναγορεύουσιν.

507 5665 790 5748 τούτωνιτ.
814 5684 868 5721 κ.
916 5665 1235 5748 Ἀθηναίοίς.
1271 5665 1616 5748 lstltueenim
1648 5665 1984 5748 Πανέλληνες
2006 5679 2074 5733 ad

507 5734 851 5793 Philarchnnt
896 5734 1158 5808 pertinet,
1193 5734 1284 5812 Qui
1322 5745 1485 5813 paulo
1534 5756 1658 5802 ante
1712 5734 1921 5813 πάντας
1948 5734 2073 5815 τοὺς

2250 5551 2367 5632 (5ολ
2404 5551 2661 5632 Τούτςυς
2690 5550 2776 5604 δέ.
2812 5551 2922 5632 Alt.
2947 5550 2986 5609 'e
3016 5550 3291 5632 manuser.
3337 5550 3502 5632 legit,
3547 5550 3773 5630 Τούτους

2581 5620 2755 5685 λλους,
2781 5626 2906 5687 τοὺς
2936 5627 3224 5695 μεγίστους
3250 5620 3459 5699 θεοὺξ,
3486 5620 3501 5632 ’
3520 5620 3774 5709 ἀγαθοὺς,

2581 5691 3011 5754 ἅναγορεύουσιν.
3050 5696 3234 5754 Recte.
