4024 6408
301 361 384 418 230
1397 350 1554 406 ΡΒΑΞ
1565 349 1714 405 PAR.
1756 351 1789 405 Ε

1898 350 2005 406 ΝΟ.
2050 352 2090 405 L
2121 350 2179 405 Β.
2214 349 2303 405 IV.

3380 355 3488 411 290

295 478 555 553 ἐπιτρέπειν
579 473 874 547 ἀνθρώποις
910 473 1224 528 ἱλάσκεσθαι
1274 474 1343 529 τὰ
1397 473 1609 546 πονηρὲ
1646 473 1789 526 ἰτνεύ⁴

1910 488 2017 528 non
2050 474 2208 535 alios,
2242 473 2342 545 ipsi
2384 488 2508 529 cum
2541 472 2810 528 maximos
2856 472 3145 543 bonosque
3175 475 3326 540 deos,
3366 486 3479 531 tum

294 588 435 646 una;
458 568 584 621 Τίδὲ
634 564 882 619 τοσοῦτον
915 564 1235 630 πλανᾶσθαι,
1269 564 1345 631 ὡς
1367 564 1689 637 θεραπεύειν
1715 565 1809 618 καὶ

289 660 553 719 κολακεύειν
580 658 702 721 τοὺς
725 657 998 728 φαύλους;
1035 657 1098 711 Τί
1130 658 1187 712 δὲ
1208 660 1321 722 τοῖς
1351 660 1606 730 πονηροῖς
1636 674 1806 711 κατα-

287 752 580 813 δουλοῦσθαις
618 749 734 802 δέον
766 749 1002 818 ἀγαθοὺς
1034 750 1195 813 ὄντας
1246 750 1340 803 καὶ
1385 748 1562 814 θεοὺς,
1591 751 1807 821 πορρω-

292 850 397 901 ritu
424 843 511 913 τῆς
540 840 837 913 ἀνθρώπων
893 840 1198 913 διατριϐῆς,
1256 843 1366 894 πᾶν
1419 840 1449 894 ὃ
1496 858 1549 894 τι
1603 840 1805 910 φαῦλον

286 940 355 993 καὶ
382 933 591 1006 πονηρὸν
610 932 833 1002 δυνάμει
860 933 1129 1003 κρείττονι
1167 933 1261 986 καὶ
1292 931 1540 1005 θειοτέρα
1570 932 1805 987 ἀπελαύ-

283 1047 381 1085 νειν.
402 1024 468 1080 Ἦ
497 1026 668 1094 πατὴρ
695 1025 793 1095 μὲν
826 1023 1028 1092 ἀγαθὸς
1064 1024 1165 1077 οὐκ
1222 1024 1288 1078 ἂν
1321 1024 1425 1077 ὑπὸ
1468 1024 1690 1094 φαύλοις
1714 1028 1806 1080 ἀν-

280 1120 400 1191 δράσι
430 1116 767 1187 φθειρόμενον
801 1116 1030 1187 περιίδοι
1058 1114 1121 1169 ἂν
1154 1117 1244 1169 τὸν
1277 1115 1441 1170 αύτοῦ
1477 1117 1659 1171 παῖδα·
1684 1118 1804 1172 οὐδὲ

276 1210 346 1265 τὸν
370 1206 561 1275 οἰκέτην
590 1206 823 1277 σώφρων
844 1205 1113 1277 δεσπότης
1142 1205 1246 1259 ὑπὸ
1291 1210 1405 1267 τοῖς
1438 1207 1650 1278 ἐχθροῖς
1676 1207 1805 1277 ἀγό-

278 1319 403 1376 μενον
425 1298 748 1371 περιόψεται·
781 1298 903 1352 ούδέ
944 1316 1008 1367 γε
1048 1298 1353 1369 στρατηγὸς
1381 1298 1512 1369 (51),
1565 1300 1801 1371 πολέμου

275 1394 492 1464 παρόντος
519 1391 644 1454 τοὺς
661 1388 898 1452 οἰκείους
953 1388 1342 1453 διασώσασθαι,
1371 1392 1485 1454 τοῖς
1526 1390 1802 1462 πολεμίοις

274 1483 602 1555 αἰχμαλώτους
626 1482 839 1552 ἀνήσειο
877 1481 999 1536 οὐδὲ
1034 1480 1236 1553 ποιμὴν
1268 1481 1336 1536 τὰ
1373 1481 1665 1554 θρέμματα
1689 1485 1802 1546 τοῖς

272 1579 431 1639 λύκοις·
464 1573 571 1627 θεοὶ
624 1572 682 1626 δὲ
733 1572 842 1644 ἄρα
896 1572 988 1627 καὶ
1021 1571 1217 1642 ἀγαθοὶ
1246 1571 1496 1643 δαίμονες
1538 1572 1643 1626 ὑπὸ
1689 1574 1801 1638 τοῖς

275 1669 515 1741 μοχθηροῖς
547 1668 641 1721 καὶ
676 1664 901 1737 φαύλοις
950 1667 1210 1739 ἀνήσουσι
1242 1666 1301 1721 τὸ
1346 1666 1454 1719 τῶν
1499 1665 1802 1739 ἀνθρώπων

272 1774 420 1828 γενος

1914 576 2221 621 servatores
2251 565 2415 620 etiam
2450 580 2515 619 ac
2537 565 2778 620 vindices
2816 567 3092 637 appellare
3112 569 3308 622 solent.
3332 569 3489 641 165

1916 652 2018 710 Sed
2048 655 2310 711 nimirum
2338 656 2578 726 improbi
2614 658 2890 713 daemones
2924 668 3083 713 erant
3124 658 3212 714 isti
3244 676 3486 731 quoque.

1913 745 2047 801 Nam
2083 748 2129 802 si
2164 748 2406 803 humano
2457 750 2619 804 etiam
2676 765 2873 805 cruore
2915 758 3200 819 tantopere
3250 752 3493 809 delecta-

1911 838 2130 904 bantur,
2178 838 2369 908 quidni
2414 839 2667 895 similiter
2698 855 2889 895 verum
2928 841 2998 894 sit
3020 856 3115 897 eos
3149 842 3203 896 in
3238 842 3487 899 eamdem

1910 946 2035 985 cum
2095 930 2375 987 sceleratis
2427 947 2492 986 ac
2558 933 2743 988 tinctis
2805 933 3071 1003 sanguine
3145 935 3489 992 daemonibus

1910 1022 2140 1078 classem
2177 1020 2621 1090 conjicere‘iNec
2649 1038 2783 1079 sane
2829 1024 3078 1091 interest,
3115 1027 3489 1097 gauderentne

1913 1112 2015 1183 ipsi
2057 1115 2161 1169 hoc
2193 1115 2587 1170 sacriﬁciorum
2622 1131 2839 1187 genere,
2865 1133 2931 1170 an
2961 1119 3083 1172 aliis
3116 1120 3224 1173 isto
3260 1120 3368 1173 ritu
3397 1120 3490 1175 ﬁe-

1909 1206 1953 1261 ri
1981 1216 2313 1276 paterentur.
2358 1205 2670 1274 Enimvero,
2708 1209 2962 1264 decuitne
3013 1211 3360 1277 mortalibus,
3406 1216 3486 1267 uti

1909 1297 2147 1355 nefarios
2176 1300 2401 1370 ~piritus
2435 1301 2743 1370 placarent,
2781 1301 2892 1353 ullo
2928 1302 3092 1355 modo
3123 1304 3437 1370 permittere
3464 1310 3485 1358 ι

1910 1391 2171 1447 Decuitnc
2202 1402 2410 1447 tantum
2444 1395 2496 1446 in
2523 1392 2588 1446 iis
2614 1406 2856 1446 errorem
2880 1393 3250 1456 dissimulare,
3283 1405 3341 1449 ut
3367 1396 3484 1451 cul-

1908 1492 1965 1537 tu
1991 1494 2038 1538 ct
2068 1484 2332 1553 obsequio
2363 1485 2644 1554 improbos
2670 1484 2999 1538 delinirent?
3029 1484 3314 1549 Decuitne,
3354 1503 3481 1543 cum

1909 1574 2201 1644 impiorum
2231 1592 2352 1631 sese
2380 1576 2656 1647 tyrannidi
2689 1576 3043 1645 subjicercnt,
3075 1575 3217 1631 ferre
3242 1578 3430 1634 leviter
3456 1581 3483 1635 τ

1908 1680 2033 1719 cum
2088 1666 2209 1722 illos
2260 1666 2462 1738 potius,
2508 1667 2554 1724 si
2606 1668 2827 1740 quidem
2857 1674 2911 1720 et
2936 1667 3065 1722 boni
3089 1679 3142 1724 et
3166 1669 3242 1723 dii
3273 1670 3479 1736 forent,

1839 1751 1879 1804 Β
1909 1757 2229 1828 longissime
2274 1770 2549 1831 oporteret
2595 1762 2664 1816 ab
2720 1763 2962 1820 humana
3016 1764 3294 1830 societate,
3324 1765 3484 1834 quid-

270 1849 368 1920 quid
397 1846 531 1918 pravi
563 1848 805 1919 malique
851 1855 1016 1913 esset,
1063 1845 1353 1917 potentiori
1401 1861 1466 1900 ac
1519 1845 1775 1901 diviniori
1814 1845 2049 1905 Numine
2083 1853 2609 1921 propulsare?Quid
2641 1856 2827 1911 enim?
2868 1855 3049 1925 Pater,
3074 1858 3120 1912 si
3178 1860 3340 1914 modo
3382 1861 3483 1916 bo—
3557 1901 3568 1913 .

273 1958 350 1998 nus
389 1940 558 2005 fuerit,
603 1956 886 2011 nunquam
918 1956 948 1996 a
974 1941 1200 2011 perditis
1242 1940 1558 1997 hominibus
1591 1942 1733 1998 male
1799 1944 1969 1999 tilium
2043 1946 2231 2002 haberi
2296 1948 2580 2018 patiatur:
2614 1966 2802 2020 aequus
2842 1952 3192 2022 prudeusque
3223 1954 3481 2010 dominus

274 2052 447 2092 servum
485 2036 553 2090 ab
599 2037 840 2093 inimicis
871 2037 1055 2093 vexari
1091 2038 1356 2093 abducive
1395 2054 1679 2109 nunquam
1748 2038 1931 2096 ferat:
1967 2043 2261 2113 imperator
2303 2059 2531 2100 suorum
2592 2045 2649 2101 in
2708 2045 2851 2101 bello
2896 2047 3129 2101 salutem
3179 2046 3472 2104 defendere

270 2150 315 2187 ac
346 2131 463 2187 lucri
526 2132 573 2187 si
612 2133 834 2201 poterit,
875 2131 929 2186 in
979 2132 1217 2189 hostium
1276 2148 1372 2190 eos
1438 2143 1762 2204 potestatem
1800 2139 1985 2193 venire
2031 2154 2139 2195 non
2184 2139 2329 2195 sinat
2361 2160 2374 2195 :
2406 2150 2593 2211 pastor
2635 2157 2704 2197 ne
2745 2157 2873 2198 oves
2926 2144 3144 2214 quidem
3174 2158 3303 2201 suas
3334 2146 3478 2215 lupis

267 2229 441 2299 objiciat
465 2246 479 2283 :
507 2237 560 2284 et
581 2228 658 2283 dii
687 2240 866 2283 tamen
894 2228 1130 2298 bonique
1172 2229 1448 2286 daemones
1472 2231 1773 2288 humanum
1810 2248 1980 2304 genus
2047 2235 2372 2306 gravissimo
2436 2237 2844 2293 teterrimorum
2894 2239 3204 2295 daemonum
3232 2241 3367 2314 jugo
3386 2258 3479 2313 op-

269 2336 444 2392 pressos
466 2321 651 2390 jacere
679 2323 991 2391 patientur?
1026 2323 1090 2378 Et
1110 2326 1357 2380 sexcenti

265 2420 346 2474 Kal
383 2422 430 2473 ot
475 2420 811 2489 τρισμύριοι
870 2420 1138 2493 φύλακες
1194 2422 1305 2493 (52)
1378 2424 1658 2493 μερόπων
1696 2424 1800 2479 ἁν-

921 2491 1186 2559 θρώπων,

262 2606 297 2656 οἱ
319 2604 369 2675 δὴ
388 2604 637 2675 ποιμένες
676 2604 771 2659 καὶ
802 2605 1068 2676 σωτῆρες,
1120 2606 1359 2676 βασιλεῖς
1391 2626 1448 2661 τε
1479 2610 1573 2663 καὶ
1622 2611 1794 2664 πατέ-

264 2713 346 2765 ρες,
372 2697 454 2750 καὶ
508 2696 712 2769 κύριοι,
752 2702 862 2763 τοῖς
924 2698 1138 2770 ἐχθροῖς
1196 2701 1290 2754 καὶ
1342 2701 1643 2773 πολεμίοις,
1706 2704 1797 2757 καὶ

260 2788 431 2856 ἀγρίοις
463 2786 662 2860 θηρσὶν
688 2788 928 2854 ἀνηλεῶς
950 2789 1123 2854 οὕτως
1172 2792 1266 2844 καλ⁵
1312 2791 1478 2862 ὠμῶς
1524 2792 1678 2862 ἄγειν
1702 2793 1795 2848 καὶ

261 2879 407 2949 φέρειν
430 2879 492 2933 τὰ
521 2880 754 2950 φίλτατα
781 2881 1198 2954 παραδώσουσις
1256 2883 1392 2956 Οὐχὶ
1420 2884 1478 2939 δὲ
1524 2886 1793 2959 προπολε-

260 2976 472 3044 μήτουσιν
505 2973 973 3047 ὑπερασπίζοντες
1004 2974 1112 3029 τῶν
1162 2975 1516 3047 προσφύγων,
1550 2979 1794 3045 καὶτοὺς

258 3066 333 3134 μὲν
356 3064 567 3137 ἐχθροὺς
592 3067 693 3120 καὶ
722 3067 989 3138 πονηροὺς
1028 3067 1288 3139 δαίμονας
1347 3069 1447 3141 τῆς
1488 3069 1791 3141 ἀνθρώπων

2100 2416 2355 2475 Custodes
2371 2422 2665 2491 hominum,
2696 2440 2825 2495 quos
2858 2426 3042 2496 lingua
3070 2426 3305 2496 diremit,

1908 2608 2178 2672 pastores,
2209 2601 2455 2671 inquam,
2484 2600 2585 2664 illi,
2616 2599 2882 2663 vindices,
2914 2615 3087 2671 reges,
3121 2584 3394 2671 parentes,
3411 2613 3477 2657 ac

1901 2691 2128 2759 domini,
2159 2707 2297 2762 quos
2319 2691 2476 2761 longe
2498 2691 2854 2747 charissimos
2887 2690 3142 2758 habeant,
3171 2708 3267 2747 eos
3296 2691 3477 2748 infen-

1902 2787 2139 2844 sissimis
2174 2787 2447 2851 hostibus,
2472 2800 2537 2840 ac
2568 2785 2894 2839 truculentis
2929 2785 3124 2840 belluis
3147 2786 3297 2841 omni
3340 2802 3474 2840 cru-

1900 2880 2119 2935 delitate
2143 2894 2209 2933 ac
2232 2878 2450 2933 diritate
2478 2877 2756 2933 vexandos
2774 2878 3209 2948 cruciandosquc
3228 2879 3476 2933 tradent?

1897 2972 2036 3033 lmo,
2067 2984 2174 3024 non
2200 2969 2517 3039 pugnabant
2545 2969 2648 3039 ipsi
2689 2984 2788 3039 pro
2819 2969 3144 3025 clientibus!
3196 2986 3306 3025 non
3355 2971 3474 3027 suis

1893 3078 1992 3118 eos
2029 3063 2198 3117 armis
2254 3076 2320 3116 ac
2370 3060 2692 3117 defensione
2745 3064 2957 3132 tegent!
3004 3077 3114 3117 non
3143 3060 3372 3118 infestos
3405 3078 3473 3119 ac

256 3156 433 3227 ἀγέλης,
458 3156 681 3228 μακρὰν
701 3156 891 3226 ῶσπερ
913 3157 1065 3221 τινὰς
1094 3158 1409 3230 ώμοδὸρους
1440 3160 1533 3213 καὶ
1566 3161 1789 3232 ἀγρίους

1895 3155 2186 3211 sceleratos
2219 3155 2495 3209 (immanes
2517 3152 2707 3223 procul
2731 3154 2799 3207 ab
2830 3152 3115 3208 hominum
3140 3170 3319 3225 grege,
3350 3164 3472 3209 tan-

255 3247 389 3317 θῆρας
416 3248 793 3313 ἁποδιώξουσι,
853 3249 1123 3315 διδάξουσι
1174 3249 1233 3303 δὲ
1269 3251 1448 3305 πάντα
1501 3251 1789 3325 ἄνθρωπον

254 3341 420 3411 μυρίων
443 3339 580 3394 θεῶν
612 3342 705 3394 καὶ
736 3341 1004 3412 δαιμόνων
1063 3343 1283 3411 ἀγαθῶν
1329 3344 1526 3417 πλήθει
1576 3363 1790 3418 προσῳ-

253 3433 520 3503 κειωμένον,
546 3433 953 3506 ὲπιθαρσοῦντα
985 3437 1096 3499 τοῖς
1137 3436 1198 3490 οὐ
1260 3436 1419 3507 μόνον
1462 3438 1788 3509 κρείττοσιν,

252 3524 353 3578 ἀλλὰ
380 3526 465 3578 καὶ
483 3525 727 3579 πλείοσιν
750 3526 844 3580 καὶ
875 3526 1151 3599 μεγίστοις
1172 3528 1312 3593 θεοῖς
1346 3528 1785 3601 καθωσιωμένον,

253 3618 437 3689 σμικρὰ,
472 3618 674 3689 μᾶλλον
704 3618 762 3672 δὲ
785 3618 845 3672 τὸ
877 3618 1048 3689 μηθὲν
1099 3621 1521 3692 ἐπιστρέφεσθαι
1549 3623 1651 3693 τῆς
1677 3623 1787 3679 τῶν

252 3709 458 3780 πονηρῶν
508 3709 783 3781 δαιμόνων
841 3711 1157 3778 ἁσθενείας;
1195 3714 1325 3767 Ὅτε
1382 3714 1439 3768 δὲ
1502 3714 1661 3769 τοῦτο
1710 3716 1786 3788 μὴ

251 3800 489 3871 ἔπραττον,
520 3804 824 3875 συνήργουν
848 3803 891 3856 δ’
924 3803 1159 3875 ἔμπαλιν
1177 3807 1289 3868 τοῖς
1320 3808 1577 3879 πονηροῖς
1609 3809 1783 3874 αὐτοὶ,

249 3891 314 3945 διὰ
337 3892 433 3947 τῶν
455 3895 722 3967 χρησμῶν
749 3896 845 3961 τὰς
867 3896 1197 3969 δηλωθείσας
1237 3898 1475 3963 ἀνιέντες
1500 3900 1784 3973 ἀνθρωπο-

252 3981 419 4048 θυσίας,
441 3985 720 4057 χαίροντές
752 4004 812 4039 τε
841 3987 1405 4058 αἰσχρορρημοσύναις
1432 3989 1671 4053 ἁπάσαις
1692 3991 1785 4043 καὶ

250 4077 339 4140 ταῖς
362 4077 557 4131 τούτων
586 4077 899 4142 ἀκολούθοις
937 4078 1219 4149 πράξεσιν,
1271 4078 1439 4150 ἔργῳ,
1486 4082 1639 4149 φασὶ,
1688 4081 1779 4151 δῆ-

248 4166 333 4229 λον,
359 4168 427 4233 ώς
451 4170 603 4223 οὐδέν
628 4186 681 4222 τι
707 4170 800 4222 καὶ
833 4168 986 4221 αὐτοὶ
1021 4168 1238 4238 φαύλων
1262 4168 1530 4239 δαιμόνων
1555 4169 1650 4241 τὴν
1684 4170 1783 4240 φύ-

250 4272 311 4308 σιν
334 4258 559 4313 διέλαθον
577 4272 625 4301 ι·
648 4257 846 4330 μᾶλλον
871 4257 926 4310 δὲ
955 4260 1083 4329 μιᾶς
1111 4258 1205 4311 καὶ
1230 4259 1331 4329 τῆς
1349 4259 1517 4330 αὐτῆς
1538 4259 1782 4332 ὑπῆρχον

249 4353 574 4422 προαιρέσεως
598 4353 694 4408 καὶ
718 4352 962 4424 γνώμηςσ
991 4353 1085 4405 καὶ
1118 4351 1197 4405 ἔτι
1235 4352 1431 4424 μᾶλλον
1481 4356 1675 4417 εἰπεῖν,
1705 4354 1781 4418 ὡς

248 4441 629 4510 οπὲὸλωςθεός
676 4462 760 4509 τις
817 4440 905 4516 ἦν,
942 4444 1063 4498 οὐδὲ
1108 4462 1191 4508 τις
1232 4444 1435 4513 ἀγαθὸς
1470 4445 1703 4518 δαίμων,
1745 4447 1774 4499 ὁ

1895 3260 2060 3314 quam
2099 3244 2368 3299 immanes
2397 3252 2453 3299 et
2494 3242 2815 3299 crudivoras
2862 3246 3126 3300 arcehunt
3157 3246 3326 3301 feras!
3361 3245 3471 3302 De-

1892 3338 2057 3408 nique
2098 3352 2209 3392 non
2251 3345 2482 3393 cunctos
2538 3336 2789 3393 homines
2840 3338 3166 3405 edocebunt,
3201 3338 3295 3409 qui
3342 3354 3468 3394 cum

1891 3430 2166 3485 sexcentis
2192 3428 2300 3485 diis
2327 3428 2599 3499 bonisque
2623 3429 2970 3487 daemonibus
3004 3446 3192 3486 amore
3232 3432 3469 3486 benevo-

1892 3522 2167 3592 lentiaque
2187 3520 2471 3592 conjuncti
2507 3522 2637 3589 sint,
2697 3523 2765 3578 iis
2825 3523 2977 3592 parvi
3010 3522 3328 3589 admodum,
3355 3524 3467 3580 imo

1892 3614 2047 3670 nihili
2089 3614 2250 3685 plane
2281 3608 2659 3684 improborum
2695 3615 3004 3669 dmmonum
3035 3615 3465 3671 imbecillitatem

1891 3705 2195 3761 faciendam
2219 3721 2362 3771 esse,
2397 3706 2597 3777 quippe
2628 3722 2768 3777 quos
2802 3722 2911 3762 non
2935 3708 3100 3763 modo
3135 3708 3462 3777 potentiori~

1888 3798 2014 3865 lius,
2038 3814 2229 3855 verum
2251 3801 2415 3856 etiam
2447 3801 2697 3871 pluribus
2728 3801 2906 3872 iisque
2935 3801 3190 3856 maximis
3219 3802 3465 3857 numini-

1889 3890 1991 3947 bus
2007 3902 2383 3961 consecratos,
2408 3908 2599 3948 eorum
2646 3909 2749 3963 ope
2790 3910 2853 3949 ac
2886 3893 3139 3964 praesidio
3191 3894 3464 3951 conlidere

1888 3986 2099 4057 nitique
2146 3988 2427 4057 Oporteat!
2453 3985 2572 4041 Jam
2618 4003 2747 4042 vero
2772 4003 2898 4043 cum
2928 3988 2997 4043 ab
3027 4002 3096 4043 eo
3124 3996 3334 4043 tantum
3363 3988 3463 4043 ab—

1887 4078 2109 4147 fuerint,
2145 4089 2206 4134 ut
2238 4096 2393 4136 suam
2426 4080 2528 4150 ipsi
2557 4094 2779 4150 quoque
2809 4081 3091 4137 sceleratis
3112 4094 3333 4149 operam
3364 4095 3461 4133 na-

1885 4180 2097 4239 varent,
2137 4174 2336 4243 partim
2381 4173 2664 4243 responsis
2706 4174 2990 4227 hominum
3037 4172 3305 4227 sacrificia
3334 4187 3459 4242 per-

1886 4265 2189 4331 mittendo,
2232 4265 2431 4336 partim
2466 4264 2826 4320 obscoenitate
2870 4265 3181 4330 verborum,
3229 4277 3461 4335 quaeque

1885 4357 1987 4428 ipsi
2018 4358 2351 4414 comitantur
2372 4356 2687 4412 libidinibus
2708 4370 2772 4411 ac
2795 4357 3001 4425 stupris
3026 4357 3093 4411 ad
3123 4357 3455 4426 voluptatem

1886 4449 2153 4517 fruendo;
2178 4466 2265 4505 res
2300 4449 2461 4519 plane
2506 4451 2622 4520 ipsa
2655 4448 2921 4518 loquitur,
2958 4448 3093 4503 nihil
3129 4463 3354 4519 prorsus
3386 4449 3457 4501 ab

248 4537 378 4591 πάλαι
405 4538 539 4612 πρὸς
563 4539 670 4593 τῶν
700 4538 868 4593 ἐθνῶν
927 4538 1180 4592 ἁπάντων
1211 4537 1352 4591 κατὰ
1394 4537 1576 4602 πόλεις
1603 4556 1661 4593 τε
1684 4539 1777 4592 καὶ

1892 4543 2253 4613 improborum
2276 4543 2584 4598 daamonum
2614 4540 2900 4597 deﬂexisse
2924 4551 3143 4608 natura,
3161 4542 3253 4597 sed
3289 4555 3453 4594 unam

248 4627 391 4700 χώρας
414 4630 904 4703 προσκυνούμενος.
940 4629 1066 4693 Πῶς
1130 4628 1238 4701 γὰρ
1286 4627 1353 4683 ἂν
1387 4628 1596 4699 γένοιτό
1642 4647 1776 4684 ποτε

248 4719 306 4789 τῷ
330 4722 502 4795 ἀγαθῷ
520 4724 585 4777 τὸ
633 4721 833 4793 φαῦλον
878 4721 1067 4792 φίλον;
1115 4722 1164 4774 εί
1212 4720 1287 4793 μὴ
1318 4720 1411 4774 καὶ
1436 4720 1633 4791 φωτὸς,
1683 4723 1779 4776 καὶ

250 4811 431 4877 σκότους
451 4815 645 4885 κρᾶσιν
672 4812 931 4867 δύνασθαι
968 4810 1097 4883 μίαν
1126 4810 1262 4881 φαίη
1291 4827 1375 4875 τις
1403 4809 1468 4865 ἂν
1502 4810 1773 4879 γενέσθαι.

248 4902 369 4974 Πόσῳ
386 4906 437 4959 δὲ
460 4906 722 4977 κρείττων
765 4907 794 4958 ὁ
845 4906 979 4974 παρ’
1025 4901 1330 4974 ἀνθρώποις
1362 4901 1618 4973 λογισμὸς
1668 4903 1778 4956 τῶν

246 4995 604 5066 νενομισμένων
657 4994 815 5059 θεῶν,
878 4993 1014 5066 μηδὲ
1069 4992 1293 5062 φαύλοις
1335 4992 1552 5063 δαίμοσι
1581 4993 1776 5064 χρῆναι

296 5114 319 5145 ⁸
342 5124 421 5174 rp.
450 5105 781 5178 διήλλαττον.

299 5195 391 5265 (31)
424 5199 773 5284 ξτρατῃγός,
822 5207 927 5284 etc.
989 5196 1265 5284 Malt‘uscr;
1317 5196 1506 5284 alter,“
1540 5195 1772 5284 πολέμου

250 5271 507 5339 στρατηγὸς
551 5267 673 5333 τοὺς
714 5269 946 5332 οἰκείους
983 5271 1178 5340 παρὼν
1237 5267 1588 5322 διασώσαθαι.
1635 5267 1770 5324 vera

252 5334 393 5394 lectio.
420 5342 462 5394 si
503 5342 689 5394 παρών
717 5348 957 5394 mutetur
979 5339 1033 5392 in
1066 5336 1263 5394 παρόν.

302 5357 393 5399 :uo,
420 5357 462 5394 SI
503 5357 689 5411 παρων
717 5357 957 5394 mutetur
979 5357 1033 5392 ιη
1066 5357 1141 5392 πα
1179 5357 1263 5393 ον.

302 5400 392 5478 (32)
422 5409 756 5491 Τριρνμύριοι
792 5411 1080 5491 speciosae.
1116 5357 1767 5491 Jont.,.::ptcuaxdtpmt.

255 5472 486 5561 Utrumvis
521 5472 752 5562 legatur,
792 5472 1285 5562 crediderimjllos
1332 5472 1551 5562 Hesiodi
1578 5472 1772 5534 versus

255 5551 425 5616 respici.
477 5549 614 5620 quos
667 5550 826 5622 vulgo
854 5549 1150 5605 Christiani
1174 5551 1337 5604 etiam
1375 5549 1655 5614 doctores,
1715 5558 1774 5605 ut

254 5611 521 5689 iactantius
549 5620 789 5676 htstitut.
822 5637 883 5687 tt,
914 5620 1003 5685 15,
1034 5621 1101 5675 ad
1134 5618 1569 5689 persuadendum
1602 5635 1771 5689 ange-

253 5660 883 5803 tlmﬁgiiiéliiii,"5§ér}3
898 5660 1101 5747 εόἷὲιῖιῗ
1128 5660 1355 5747 Εἱὲῖειιῖι
1393 5660 1472 5743 ιη’
1488 5689 1642 5756 Ἔργ.
1678 5660 1729 5743 λ
1753 5729 1770 5755 ,

277 5770 360 5803 αις.
488 5802 495 5803 ,

264 5761 735 5904 ίῗμέἓίέαίμονές
760 5833 901 5901 εἱσι,
934 5830 1066 5900 Διὸς
1087 5831 1354 5903 μεγάλου
1390 5829 1485 5886 διὰ
1504 5828 1769 5898 βουλὰς,

1881 4637 2080 4707 potius,
2111 4644 2167 4691 et
2190 4636 2437 4691 eamdem
2466 4644 2630 4705 atque
2658 4634 2806 4704 ipsos
2836 4634 3171 4690 voluntatem
3210 4647 3275 4688 ac
3302 4647 3457 4688 men-

1879 4736 1989 4782 tem
2018 4726 2276 4783 habuisse
2310 4745 2322 4781 :
2369 4725 2535 4798 166
2584 4725 2920 4796 proindeque
2978 4725 3189 4780 nullum
3229 4725 3456 4780 omnino

1880 4820 1996 4875 sive
2023 4819 2209 4885 deum,
2239 4819 2355 4874 sive
2387 4821 2590 4874 bonum
2625 4818 2928 4874 daemonem
2970 4817 3162 4883 fuisse,
3200 4815 3453 4887 quisquis

1877 4906 2006 4961 olim
2042 4907 2112 4964 ab
2140 4908 2416 4963 universis
2449 4909 2703 4978 gentibus
2728 4923 2826 4978 per
2862 4908 3028 4964 urbes
3054 4908 3256 4978 passim
3289 4914 3455 4976 atque

1878 5016 2051 5073 pagos
2083 5001 2189 5057 hoc
2220 5002 2442 5058 nomine
2466 5003 2759 5059 coleretur.
2782 4999 2919 5057 Nam
2941 5002 3014 5067 ei,
3032 5000 3128 5072 qui
3157 4999 3334 5055 bonus
3356 4998 3449 5065 sit,

1887 5201 2145 5265 Ἐσθλοὶ,
2176 5202 2525 5271 ἐπιχθόνιοι,
2559 5202 2831 5270 φύλακες
2850 5198 3082 5267 θνητῶν
3102 5198 3447 5266 ἀνθρώπων,

1877 5274 1944 5327 Οἵ
1967 5275 2043 5342 pa
2068 5273 2465 5342 φυλάσσουσί
2489 5290 2553 5326 τε
2574 5272 2765 5338 δίκας,
2788 5273 2884 5325 καὶ
2909 5272 3161 5339 σχέτλια
3190 5272 3354 5340 ἔργα.

1875 5364 2138 5437 Synesius
2161 5366 2199 5420 l.
2234 5365 2309 5437 De
2342 5363 2668 5437 Prot'ident.,
2709 5379 2761 5437 p.
2787 5364 2855 5418 99
2894 5363 2937 5416 Ι.)
2958 5382 2995 5437 :_
3016 5364 3172 5437 Ἔστι
3196 5364 3306 5437 μὲν
3339 5364 3451 5436 γὰρ

1872 5432 1995 5506 τῇδε
2042 5436 2136 5508 καὶ
2179 5436 2375 5508 ἡρώων
2419 5435 2601 5508 φῦλον⁸
2626 5432 2787 5508 ἱερὸν,
2818 5432 3446 5508 ἐπιμελὲς-ἀνθρώπων,

1872 5504 1966 5560 καὶ
1999 5507 2064 5560 τὰ
2096 5504 2304 5577 σμικρὰ
2328 5504 2559 5577 ὠφελεῖν
2581 5504 2896 5577 δυνάμενον,
2927 5505 3019 5557 καὶ
3056 5504 3116 5557 τὸ
3150 5504 3449 5577 πρεσϐύτε-

1874 5594 1965 5645 ρον
1991 5574 2212 5646 ὰγαθόν.
2237 5574 2483 5632 Consule
2511 5575 2569 5629 P.
2607 5575 2812 5630 Petavii
2848 5585 3055 5639 notam,
3084 5576 3175 5644 qui
3197 5574 3279 5629 ἐχ
3326 5574 3448 5628 Pla-

1873 5649 2015 5702 tonis
2043 5658 2095 5701 et
2125 5647 2399 5702 Plutarchi
2422 5647 2603 5700 verbis
2636 5647 2832 5700 merito
2866 5647 3107 5714 conjicit,
3132 5646 3289 5709 aiiter
3316 5648 3446 5703 olim

1870 5734 2062 5843 lv’ersus
2100 5718 2235 5775 istos
2280 5720 2447 5773 lectos
2479 5732 2602 5772 esse
2651 5731 2816 5787 quam
2857 5717 3018 5789 vulgo
3055 5716 3303 5788 concepti
3352 5719 3447 5772 ha-

1907 5799 2122 5843 eantur.

1907 5799 2122 5844 cantur.
