3890 6384
540 326 641 382 20!

1214 320 1485 380 EUSEBll
1514 315 1997 376 CASSARIENSIS
2035 313 2186 373 OPP.
2232 313 2411 369 PARS
2432 311 2496 367 ll.
2523 343 2592 354 -—
2618 307 3125 367 APOLOGETICA.
3667 317 3754 372 293

543 446 750 501 malum
773 441 1051 514 quomodo
1076 441 1326 512 placeat?
1352 439 1457 494 nisi
1497 437 1640 493 forte
1675 438 1852 491 lucem
1887 450 2010 490 cum
2036 442 2104 488 te-

2217 432 2364 485 θύειν
2393 427 2908 500 παρακελευόμενος
2935 446 2948 492 ;
2996 429 3158 497 Λέγει
3190 428 3234 481 δ’
3261 423 3352 482 οὖν
3373 431 3399 482 ὁ
3435 430 3649 503 πρόσθεν
3688 438 3752 488 εξ-

542 537 728 592 nebris
742 535 997 604 conjungi
1026 549 1090 587 ac
1121 533 1337 587 misceri
1362 545 1521 602 posse
1543 529 1668 599 quis
1685 527 1902 582 dixerit.
1928 526 2114 592 Quan-

543 639 656 683 tum
688 642 818 683 vero
851 626 1055 681 ﬁetitiis
1086 624 1404 678 numinibus
1442 623 1680 675 humana
1723 622 1866 673 ratio
1897 617 2111 688 praesti-

542 719 628 781 tit,
659 735 781 788 qua:
841 734 908 771 ne
957 715 1222 784 improbis
1273 713 1493 783 quidem
1521 711 1864 766 daemonibus
1901 707 2112 762 sacriﬁ-

2219 523 2454 596 ρημένος
2502 520 2871 590 συγγραφεὺς,
2915 522 2976 573 ὲν
3028 517 3108 584 οἷς
3152 522 3314 590 ἔφυσε
3354 523 3424 594 μὴ
3455 523 3556 576 δεῖν
3588 525 3755 588 ζωοθυ-

2219 618 2349 680 τεῖν,
2410 613 2490 666 ὅτι
2536 611 2671 684 μηδὲ
2728 610 2953 681 φαύλοις
2985 613 3201 684 δαίμοσι
3237 613 3440 677 θυτέον,
3490 615 3658 670 τοῦτον
3681 620 3754 673 τὸν

2217 709 2436 780 τρόπον.

542 815 686 864 cium
731 810 898 862 ullum
959 808 1070 859 lieri
1098 805 1301 859 voluit?
1347 802 1478 857 Nam
1511 803 1562 857 id
1597 817 1727 857 sane
1777 808 1922 855 velat
1989 799 2132 852 idem
2173 798 2289 868 ipse
2318 799 2655 873 Porphyrius
2687 818 2755 860 eo
2819 805 2980 869 libro,
3045 801 3100 856 in
3128 816 3237 872 quo
3265 802 3335 855 ab
3364 802 3663 858 animalium
3685 821 3754 860 sa-

541 904 762 958 crilici.s
810 899 1190 954 abstinendum
1226 914 1345 950 esse
1383 897 1562 961 docet,
1594 895 1683 948 ubi
1713 894 1855 949 hunc
1885 894 1940 946 in
1981 891 2202 946 modum
2247 891 2508 961 loquitur.

1089 991 1318 1046 CAPUT
1360 990 1550 1044 XVIII.

540 1086 763 1141 Nullum
811 1087 1055 1154 improbis
1093 1085 1416 1154 dwmonibus
1465 1084 1788 1151 sacriﬁcium
1823 1081 2122 1142 faciendum

1270 1171 1401 1207 888οο

614 1269 631 1300 ι
659 1248 1046 1314 Quamobrem,
1069 1248 1265 1313 inquit,
1287 1249 1366 1298 vir
1387 1262 1575 1314 :equus
1593 1263 1652 1300 ac
1671 1247 1910 1318 prudens
1924 1245 2026 1300 sibi
2051 1244 2120 1298 ab

559 1340 663 1392 ism
713 1341 1104 1392 Siltliiit'ittilllll
1143 1354 1335 1408 genere
1380 1340 1680 1392 cavendum
1736 1339 2110 1408 putabit,quo

537 1447 827 1499 pravo-um
879 1431 1184 1482 dmmonum
1219 1432 1444 1496 gratiam
1490 1441 1810 1498 aucupetur.
1848 1431 2108 1485 Animum

537 1522 651 1592 ipse
688 1524 867 1591 potius
896 1523 1044 1574 oumi
1075 1524 1281 1575 ratione
1315 1538 1378 1576 ac
1411 1524 1591 1576 studio
1623 1539 1856 1592 purgare
1885 1524 2106 1577 conabi—

2737 991 3130 1045 ΚΕΦΑΛΑῙΟΝ
3176 990 3281 1043 lH'.

2356 1083 2483 1136 Ὅτι
2503 1084 2589 1154 μὴ
2621 1084 2716 1139 δεῖ
2755 1085 2878 1150 τοῖς
2912 1081 3194 1152 πονηροῖς
3219 1081 3459 1150 δαίμοσι
3483 1083 3648 1139 θύειν.

2303 1280 2321 1312 ι
2361 1262 2452 1314 Διὸ
2477 1262 2693 1327 συνετὸς
2729 1263 2840 1333 (55)
2875 1262 3013 1334 ἀνὴρ
3046 1262 3138 1315 κα)⁴
3173 1260 3403 1332 σώφρων
3435 1262 3755 1335 εὐλαϐηθήσε-

2216 1372 2305 1408 ται
2328 1354 2601 1419 τοιαύταις
2643 1355 2877 1427 χρῆσθαι
2914 1357 3143 1418 θυσίαις,
3197 1355 3264 1408 δι’
3310 1349 3384 1408 ὧν
3437 1357 3756 1411 ἐπισπάσεται

2220 1447 2353 1517 πρὸς
2384 1447 2575 1500 ἑαυτὸν
2600 1447 2724 1510 τοὺς
2757 1446 3050 1509 τοιούτους·
3083 1446 3372 1499 σπουδάσει
3411 1445 3466 1498 δὲ
3514 1445 3757 1517 καθαίρειν

2214 1537 2311 1608 τὴν
2339 1538 2513 1608 ψυχὴν
2546 1539 2831 1602 παντοίως·
2864 1537 3076 1610 καθαρᾷ
3099 1539 3206 1609 γὰρ
3237 1537 3380 1609 ψυχῇ
3411 1538 3508 1591 οὐκ
3533 1540 3758 1594 ἐπιτίθεν-

537 1622 644 1678 tur,
686 1625 868 1668 certus
903 1632 998 1670 eos
1037 1634 1312 1684 nunquam
1350 1634 1495 1686 purae
1525 1633 1588 1671 ac
1636 1618 1862 1672 sincerae
1910 1627 2104 1671 mentis

2214 1645 2302 1681 ται
2333 1629 2418 1682 διὰ
2451 1629 2510 1682 τὸ
2539 1630 2718 1692 αὐτοῖς
2752 1629 3018 1700 ἀνόμοιον.
3055 1630 3115 1681 Εἰ
3147 1629 3201 1681 δὲ
3224 1632 3342 1691 ταῖς
3375 1628 3584 1681 πόλεσιν
3615 1631 3753 1698 ἀναγ-

535 1704 810 1758 lzominem
845 1709 1084 1777 aggredi,
1118 1718 1338 1776 propter
1372 1724 1586 1761 morum
1622 1724 1684 1761 ac
1710 1718 1917 1762 natura:
1945 1709 2110 1763 dissi-

536 1799 920 1853 militudinem.
953 1799 1108 1866 Quod
1141 1802 1185 1855 si
1211 1799 1349 1854 forte
1378 1817 1408 1856 a
1439 1801 1750 1856 civitatibus
1779 1802 1913 1856 istos
1944 1803 2105 1856 etiam

534 1889 749 1944 deliniri
797 1893 1107 1962 placat-ique
1142 1909 1363 1948 necesse
1415 1896 1504 1959 sit,
1552 1895 1776 1949 nihilad
1815 1911 1934 1948 nos.
1973 1894 2106 1948 Nam

539 1983 647 2038 illis
687 1985 906 2054 quidem
943 2001 1092 2054 opes,
1131 2001 1360 2054 quaeque
1411 1985 1542 2040 foris
1583 1995 1729 2051 sunt,
1771 2003 1998 2057 qumque
2039 1989 2104 2042 ad

536 2090 740 2144 corpus
785 2078 1008 2131 omnino
1059 2077 1350 2146 pertinent,
1400 2076 1543 2130 bona
1589 2078 1760 2130 videri
1819 2078 2016 2143 solent,
2048 2087 2108 2132 ut

2213 1723 2363 1772 καῖον
2397 1722 2489 1773 καὶ
2515 1722 2735 1784 τούτους
2761 1721 3255 1790 ἀπομειλίττεσθαι,
3285 1721 3439 1775 οὐδὲν
3467 1721 3595 1792 πρὸς
3612 1723 3753 1792 ἡμᾶς.

2213 1813 2449 1879 Ταύταις
2479 1815 2587 1886 γὰρ
2610 1816 2703 1869 καὶ
2730 1815 2976 1879 πλοῦτος,
3005 1817 3098 1868 καί
3138 1815 3204 1869 τὰ
3249 1816 3427 1879 ἐκτὸς,
3463 1817 3552 1869 καὶ
3579 1815 3638 1868 τὰ
3669 1833 3756 1870 6w-

2215 1907 2438 1975 ματικὰ,
2492 1909 2671 1976 ἀγαθὰ
2723 1905 2859 1962 εἶναι
2914 1908 3243 1978 νενόμισται,
3296 1909 3391 1961 καὶ
3449 1907 3514 1961 τὰ
3551 1909 3753 1972 ἐναντία,

2213 1996 2378 2048 κακά·
2404 1997 2584 2064 ὀλίγον
2613 1998 2668 2051 δὲ
2698 2000 2753 2052 ὲν
2782 1999 2986 2062 αὐταῖς·
3004 1998 3063 2050 τὸ
3095 1999 3193 2068 τῆς
3225 1998 3406 2070 ψυχῆς
3431 2000 3752 2071 ἐπιμελούμε-

2213 2103 2356 2140 νον.›
2390 2088 2612 2154 Τούτοις
2652 2091 2777 2161 ἑξῆς
2803 2091 2998 2159 ἐπάγει
3027 2090 3218 2156 λέγων.

536 2173 701 2232 mala,
725 2184 846 2239 quae
878 2169 1152 2223 contraria
1181 2185 1194 2220 :
1232 2167 1324 2237 qui
1353 2183 1480 2220 vero
1505 2168 1672 2222 animi
1705 2185 1890 2224 curam
1919 2187 1983 2225 ac
2008 2172 2272 2231 rationem
2311 2178 2562 2241 habeant.
2589 2181 2790 2251 oppido
2811 2181 2990 2250 pauci.
3036 2201 3056 2233 ι
3083 2179 3161 2234 Αε
3190 2179 3468 2250 deinceps.

1106 2297 1336 2354 CAPUT
1382 2297 1520 2352 XIX.

641 2393 963 2462 Prwpatenti
997 2394 1090 2446 uni
1140 2393 1247 2446 Deo
1291 2394 1562 2446 addictum
1603 2410 1714 2447 esse
1746 2403 2002 2462 oportere.

601 2503 620 2536 ‹
646 2483 812 2539 Nobis
827 2494 1028 2551 autem,
1043 2486 1236 2554 inquit,
1255 2485 1509 2540 omnibus
1527 2486 1628 2541 hoc
1641 2486 1845 2540 viribus
1863 2486 2112 2541 laboran-

530 2576 663 2632 dum
688 2576 810 2640 erit,
846 2576 982 2630 nihil
1010 2585 1069 2629 ut
1098 2577 1262 2631 rebus
1285 2577 1427 2643 istis,
1456 2593 1592 2646 quas
1628 2579 1703 2631 illi
1733 2578 2106 2648 suppeditant,

533 2683 792 2740 egeamus
827 2686 840 2722 ι
875 2669 966 2724 sed
994 2668 1173 2738 potius
1207 2678 1266 2722 ut
1291 2669 1475 2722 animo
1494 2669 1658 2723 simul
1692 2684 1756 2723 ac
1779 2669 2011 2735 caeteris,
2037 2669 2101 2724 ad

535 2761 629 2815 Dei
656 2761 896 2832 quidem,
929 2770 1218 2826 eteorum,
1244 2761 1338 2831 qui
1375 2761 1482 2816 Deo
1515 2761 1933 2832 propinquiores
1955 2769 2102 2828 sunt,

532 2851 894 2906 imitationem
930 2868 995 2906 ac
1040 2854 1482 2919 similitudinem,
1527 2865 1792 2923 quantum
1841 2854 1894 2907 in
1946 2854 2105 2908 nobis

2728 2303 3122 2356 ΚΕΦΛΛΑΙΟΝ
3157 2303 3256 2355 ΙΘ’.

2319 2391 2516 2457 Ὅπως
2543 2391 2893 2446 ἀνακεῖσθαι
2921 2392 3112 2458 δεῖτῴ
3143 2393 3240 2445 ἐπὶ
3273 2393 3516 2447 πάντων
3548 2391 3671 2458 Θεῷ.

2285 2499 2304 2533 ‹
2358 2482 2549 2552 Ἡμεῖς
2581 2483 2638 2536 δὲ
2667 2482 2806 2535 κατὰ
2843 2483 3072 2554 δύναμιν
3109 2484 3170 2536 ού
3203 2484 3512 2555 δεησόμεθα
3543 2481 3611 2539 ὦν
3635 2483 3750 2540 οὗτοι

2209 2572 2558 2644 παρέχουσιν·
2589 2573 2701 2625 ἁλλ’
2725 2573 2788 2625 ἐκ
2811 2590 2870 2626 τε
2905 2573 3080 2644 ψυχῆς
3105 2574 3168 2627 ἔκ
3188 2592 3244 2626 τε
3279 2576 3386 2628 τῶν
3418 2576 3583 2630 ἄλλων
3604 2580 3750 2631 πᾶσαν

2211 2664 2446 2735 σπουδὴν
2477 2664 2774 2735 ποιούμεθα
2804 2677 2852 2728 ο,
2885 2664 3003 2734 Θεῷ
3044 2666 3140 2733 μὲν
3175 2667 3266 2720 καὶ
3291 2669 3402 2731 τοῖς
3443 2669 3574 2738 ἀμφ’
3616 2670 3749 2722 αὐτὸν

2207 2755 2544 2826 ὁμοιοῦσθαι·
2600 2757 2680 2826 (ὃ
2712 2757 2775 2828 δὴ
2835 2757 3043 2825 γίνεται
3105 2759 3171 2811 δι’
3214 2760 3483 2824 ἀπαθείας
3531 2763 3620 2814 καὶ
3671 2763 3750 2832 τῆς

2208 2849 2336 2921 περὶ
2382 2849 2489 2901 τῶν
2553 2848 2718 2914 δντως
2762 2849 2930 2902 ὄντων
2984 2849 3400 2922 διηρθρωμένης
3455 2853 3748 2924 διαλήψεωξο

531 2943 660 3008 erit,
690 2944 993 3012 aspiremus
1028 2944 1103 3015 (id
1135 2946 1277 3015 quod
1305 2947 1500 3015 partim
1531 2947 1888 3015 cupiditatum
1915 2947 2104 3000 vacui—

2214 2940 2298 2993 ιια).
2322 2941 2456 3011 πρὸς
2476 2941 2613 2994 αὐτὰ
2629 2941 2719 2994 καὶ
2764 2942 2884 2994 κατ’
2914 2941 3051 2995 αὐτὰ
3072 2943 3215 3013 ζωῆς
3242 2944 3428 3013 (53')°)
3454 2948 3686 3017 πονηροῖς
3705 2945 3750 2998 δὲ

539 3043 666 3100 tate,
694 3043 890 3104 partim
939 3036 1150 3089 sincera
1206 3045 1260 3090 et
1307 3037 1590 3091 enucleata
1621 3038 1686 3090 de
1713 3037 1801 3102 iis,
1837 3054 1959 3108 qua:
1985 3054 2107 3094 vere

533 3134 682 3191 sunt,
725 3127 1152 3192 existimatione,
1191 3130 1389 3198 partim
1446 3132 1567 3185 vitae
1601 3132 1774 3200 ipsius
1809 3132 1876 3186 ad
1915 3148 2104 3188 eorum

532 3219 809 3287 exelnplar
831 3217 1264 3274 conformatione
1287 3224 1664 3290 assequemur)
1687 3240 1700 3288 ;
1730 3223 2106 3294 improborum

534 3319 712 3367 autem
738 3312 851 3365 sive
884 3311 1188 3373 hominum,
1225 3311 1336 3364 sive
1365 3313 1691 3375 diemonum.
1724 3323 1887 3384 atque
1928 3317 2107 3370 omni-

533 3419 605 3457 no
635 3403 885 3472 quisquis
912 3402 1140 3455 mortale
1169 3403 1464 3474 quidquam
1489 3416 1543 3459 et
1568 3422 1691 3461 cum
1724 3410 1951 3463 materia
1982 3425 2107 3463 con-

529 3494 778 3566 junctum
832 3505 1016 3562 amet,
1060 3497 1182 3566 ejus
1239 3496 1534 3552 dissimiles
1586 3513 1707 3554 esse
1765 3501 2101 3556 Studeamus.

539 3588 695 3658 167
743 3590 809 3644 At
859 3605 989 3644 vero
1022 3591 1114 3661 qui
1168 3606 1199 3643 a
1240 3591 1398 3646 nobis
1429 3593 1530 3646 hoc
1560 3593 1682 3648 loco
1713 3593 2072 3664 philosophus

535 3678 856 3744 delineatur,
890 3697 920 3736 a
958 3697 1138 3738 rerum
1181 3685 1518 3738 exteriorum
1556 3687 1891 3740 commercio
1921 3698 1974 3742 et
2011 3704 2098 3742 so-

535 3773 730 3826 cietate
755 3773 1053 3842 sejunctus,
1087 3777 1154 3827 ab
1177 3790 1242 3830 eo
1278 3792 1374 3830 nec
1407 3777 1683 3831 daemones
1719 3778 2094 3844 sollicitatum,

534 3881 637 3919 nec
684 3877 833 3920 vates
886 3876 980 3921 aut
1017 3868 1334 3922 animalium
1369 3883 1492 3924 exta
1529 3871 1840 3926 consultum
1873 3872 1958 3936 iri,
1982 3875 2104 3940 jure

536 3973 601 4011 ac
623 3957 818 4012 merito
856 3964 1293 4025 pronuntiamus.
1314 3961 1558 4026 Quorum
1588 3963 1732 4017 enim
1757 3979 1921 4018 causa
1946 3965 2105 4020 insli-

534 4060 651 4105 tuta
679 4052 942 4106 divinatio
963 4063 1068 4116 est,
1097 4054 1162 4107 iis
1195 4054 1340 4108 ultro
1364 4055 1466 4109 sibi
1489 4057 1787 4110 carendum
1827 4059 2101 4113 statuerit.

534 4143 645 4199 Nec
679 4146 823 4199 enim
860 4145 913 4200 in
945 4146 1280 4202 matrimonii
1316 4163 1436 4204 sese
1489 4149 1704 4204 vincula
1734 4151 2010 4220 conjiciet,
2047 4163 2104 4206 ut

535 4236 602 4292 de
627 4237 746 4306 ejus
773 4253 1030 4293 successu
1065 4239 1309 4294 divinum
1338 4240 1676 4311 interpellet;
1707 4259 1806 4298 nec
1829 4253 2102 4298 mercatu-

2204 3030 2509 3104 ἀνθρώποις
2583 3033 2675 3084 καὶ
2751 3033 3003 3103 δαίμοσι,
3078 3035 3174 3087 κα).
3253 3035 3393 3099 ὅλως
3471 3038 3624 3090 παντὶ
3689 3036 3750 3106 τῷ

2203 3125 2444 3196 χαίροντι
2505 3122 2581 3194 τῷ
2645 3123 2822 3195 θνητῷ
2889 3126 2981 3178 καὶ
3034 3124 3201 3196 ὺλικῷ
3247 3126 3636 3195 ἀνομοιοῦσθαι.
3673 3129 3750 3180 Ὃν

2201 3217 2258 3271 δὲ
2319 3217 2478 3287 ἡμεῖς
2535 3215 2642 3286 (54)
2699 3217 3088 3288 ὑπογράφομεν
3148 3217 3437 3286 φιλόσοφον
3482 3220 3750 3288 ἀφιστάμε-

2202 3326 2290 3362 νον
2328 3308 2435 3361 τῶν
2498 3308 2654 3371 ἐκτὸς
2677 3348 2690 3372 ,
2727 3309 2950 3371 εἰκότως
2984 3308 3162 3379 φαμὲν
3203 3307 3276 3379 μὴ
3324 3310 3625 3381 ἐνοχλήσειν
3653 3309 3748 3362 δαί-

2205 3418 2350 3472 μοσι,
2412 3401 2544 3471 μηδὲ
2610 3401 2852 3471 μάντεων
2902 3399 3222 3471 δεήσεσθαι,
3279 3401 3415 3471 μηδὲ
3465 3402 3749 3471 σπλάγχνων

2203 3489 2374 3554 ζώων.
2413 3484 2510 3542 Ὧν
2543 3489 2650 3560 γὰρ
2675 3475 2836 3543 ἕνεκα
2867 3491 2921 3542 αἰ
2959 3493 3236 3560 μαντεῖαι,
3267 3490 3474 3544 τούτων
3499 3488 3640 3553 οὗτος
3668 3509 3747 3561 p.3-

2212 3581 2444 3653 μέληκεν
2474 3581 2820 3651 ἀφίστασθαι.
2857 3579 2990 3633 Οὔτε
3025 3581 3132 3652 γὰρ
3175 3583 3254 3644 εἰς
3297 3582 3474 3652 γάμον
3509 3583 3744 3654 καθίησιν,

2211 3671 2295 3724 ἵνα
2332 3671 2456 3741 περὶ
2496 3671 2672 3741 γάμου
2706 3669 2782 3740 τῷ
2814 3669 3002 3738 μάντει
3032 3669 3292 3743 ἐνοχλήσῃ
3313 3687 3325 3700 ·
3364 3672 3464 3724 οὐκ
3497 3675 3573 3736 εἰς
3600 3674 3746 3739 ἐμπῶ

2203 3765 2342 3836 ρίαν,
2377 3765 2437 3816 οὐ
2474 3765 2600 3836 περ).
2629 3765 2860 3826 οἰκέτου,
2893 3763 2951 3815 ού
2981 3764 3105 3834 περὶ
3133 3764 3337 3833 κλοπῆς
3362 3766 3412 3827 b,
3445 3767 3534 3818 καὶ
3559 3765 3647 3834 τῆς
3673 3764 3747 3815 άλ-

2200 3855 2295 3925 λης
2341 3853 2490 3925 παρὰ
2524 3853 2828 3925 ἀνθρώποις
2861 3853 3199 3920 δοξοκοπίας.
3233 3855 3367 3925 Περὶ
3408 3849 3482 3908 ὧν
3519 3855 3571 3906 δὲ
3600 3856 3744 3923 ζητεῖ,

2203 3949 2393 4018 μάντις
2437 3947 2534 4016 μὲν
2565 3946 2756 4009 οὐδεὶς,
2794 3945 2912 3998 ούδὲ
2959 3945 3238 4015 σπλάγχνα
3270 3945 3423 4009 ζώων
3457 3947 3670 4017 μηνύσει
3698 3945 3746 3997 τὸ

2202 4040 2402 4108 σαφές·
2438 4039 2598 4101 αὐτὸς
2637 4038 2691 4090 δὲ
2725 4037 2791 4090 δι’
2836 4037 3050 4103 ἑαυτοῦ,
3095 4037 3168 4100 ὡς
3202 4038 3493 4109 ἐλέγομεν,
3537 4039 3745 4111 προσιὼν

2198 4133 2274 4203 τῷ
2303 4130 2438 4202 Θεῷ,
2463 4131 2519 4194 ὃς
2553 4132 2609 4183 ὲν
2637 4135 2747 4194 τοῖς
2774 4130 3044 4200 ἀληθινοῖς
3073 4131 3236 4183 αὐτοῦ
3271 4132 3594 4203 σπλάγχνοις
3620 4132 3742 4199 ἰδρυ-

2200 4242 2321 4287 ται,
2361 4222 2608 4294 περὶτοῦ
2655 4223 2871 4275 αἰωνίου
2909 4222 3024 4291 βίου
3055 4222 3280 4293 λήψεται
3328 4225 3426 4288 τὰς
3474 4223 3741 4291 ὑποθήκας,

535 4341 652 4382 ram
682 4327 984 4396 factitabit;
1011 4347 1110 4386 nec
1137 4331 1205 4385 de
1225 4333 1471 4400 servitio,
1502 4349 1601 4388 nec
1623 4335 1690 4388 de
1716 4350 1880 4404 opum
1907 4337 2101 4406 ampli-

2214 4317 2337 4371 Ξλως
2368 4316 2478 4387 (⁸55)
2515 4318 2630 4368 ἐκεῖ
2665 4315 2986 4387 συρρεύσας.
3029 4333 3047 4367 ι

535 4419 810 4485 ﬁcatione,
847 4437 946 4476 nec
971 4423 1036 4475 de
1069 4423 1280 4492 reliquo
1310 4423 1562 4480 humana:
1584 4428 1703 4482 vita:
1728 4427 1868 4483 fastu
1902 4446 2102 4485 consu-

534 4514 628 4568 let.
661 4512 871 4580 Quibus
901 4524 1080 4568 autem
1106 4515 1172 4568 de
1192 4516 1355 4570 rebus
1383 4516 1496 4586 ipse
1521 4519 1852 4587 quaesiturus
1907 4533 2010 4588 est,
2072 4542 2171 4580 nec
2211 4534 2361 4580 vates
2406 4526 2569 4590 ultus,
2599 4537 2699 4577 nec
2729 4521 3090 4576 animantium
3128 4529 3253 4575 exta
3295 4519 3427 4576 certi
3480 4518 3745 4590 quidquam

535 4611 798 4680 aperient.
838 4607 988 4664 Unus
1035 4609 1123 4665 ille
1174 4626 1269 4680 per
1313 4613 1574 4681 seipsum,
1628 4623 1688 4668 ut
1729 4617 1994 4684 diximus,
2026 4620 2092 4674 ad
2134 4621 2324 4686 Deum,
2393 4619 2486 4689 qui
2523 4619 2704 4672 sedem
2765 4617 2909 4670 veris
2939 4615 2992 4669 in
3053 4614 3355 4671 visceribus
3385 4615 3498 4669 suis
3525 4614 3649 4676 lixit,
3681 4609 3747 4662 ul-

538 4713 622 4758 tro
647 4704 887 4770 accedet,
917 4719 1092 4773 eoque
1119 4713 1264 4760 totus
1297 4706 1597 4774 continens,
1631 4709 1871 4765 indidem
1898 4722 2111 4770 acterna:
2149 4717 2271 4769 vitae
2303 4713 2693 4782 praeceptiones
2723 4709 2958 4763 hauriet.

607 4794 720 4850 llac
755 4795 918 4863 igitur
947 4810 1013 4849 ex
1040 4794 1322 4864 Porphyrii
1351 4796 1716 4865 disputatione
1742 4801 1948 4869 liquido
1974 4819 2093 4858 con-

534 4895 662 4949 stat.
690 4889 890 4957 quibus
922 4887 1142 4941 tandem
1189 4897 1243 4942 et
1285 4889 1699 4946 vaticinationes
1725 4932 1739 4956 ,
1789 4900 1844 4946 et
1884 4897 2102 4964 aruspi-

534 4978 736 5044 cinam,
770 4988 823 5033 et
862 4979 982 5034 illas
1015 4993 1228 5042 omnes,
1268 4996 1407 5047 quas
1437 4982 1632 5050 vulgus
1664 4981 1970 5038 admiratur
2018 5001 2103 5039 re-

535 5085 658 5122 rum
701 5071 1058 5125 obscurarum
1112 5072 1488 5139 przedictiones
1516 5073 1796 5142 assignare
1834 5086 2097 5144 Oportcat.

537 5159 660 5215 ΠιὩο
704 5163 791 5216 ille
839 5164 1020 5216 omnia
1047 5161 1246 5217 fastum
1279 5164 1605 5233 inanemque
1637 5181 1890 5235 pompam
1924 5167 2102 5220 norni-

537 5267 692 5315 nans,
732 5262 990 5323 tanquam
1018 5255 1388 5324 improborum
1425 5257 1730 5311 daamonum
1760 5267 1875 5312 arte
1908 5275 1972 5312 ac
2019 5259 2100 5311 vi-

607 5425 634 5455 ι
675 5416 760 5468 ῑσ.
791 5417 1146 5488 ποιησόμεθα.
1221 5420 1248 5459 b
1288 5418 1412 5474 Por.
1444 5421 1743 5491 προκοπῆς.

610 5554 723 5624 (55)
749 5554 844 5607 Διὸ
870 5559 1143 5629 (ξυνετός.
1168 5557 1453 5629 Porphyrii
1497 5558 1652 5612 locus
1679 5565 1781 5622 est,
1815 5572 1852 5610 ιι
1902 5555 1974 5609 De
2013 5556 2104 5608 ab-

536 5632 774 5686 stment.,
810 5641 860 5694 p.
891 5627 1017 5683 ευι.

610 5696 744 5764 (35‘)
769 5697 878 5748 Kal.
901 5699 1048 5764 πρὸς
1071 5698 1241 5763 αὐτὰ,
1261 5699 1494 5754 χαλκαῖ
1519 5701 1669 5756 αὐτὰ
1693 5695 1856 5766 ζωῆς.
1877 5695 2100 5767 Porph.,

545 5768 639 5818 καὶ
665 5767 761 5837 τῆς
788 5767 920 5839 πρὸς
947 5768 1081 5822 αύτὰ
1111 5769 1280 5823 ταῦτα
1312 5769 1476 5841 ζωῆς.

1823 5430 1845 5458 ε
1892 5438 1978 5490 γρ.
2011 5418 2302 5490 ὀνομάσας.

2279 4804 2596 4872 Σαφὲστατα
2637 4801 2701 4872 δὴ
2741 4800 2827 4854 διὰ
2860 4799 3062 4854 τούτων
3088 4799 3116 4851 ὁ
3147 4799 3302 4866 λόγος
3343 4799 3584 4867 ἐξέφηνε,
3615 4797 3747 4848 τίνων

2206 4895 2453 4966 ἡγεῖσθαι
2499 4893 2603 4965 χρὴ
2631 4893 2698 4945 τὰ
2735 4894 2980 4962 μαντεῖα,
3012 4891 3106 4943 καὶ
3150 4891 3246 4953 τὰς
3288 4890 3374 4944 διὰ
3417 4891 3514 4961 τῆς
3553 4885 3748 4952 θυτικῆς

2202 4989 2520 5057 ἐρωτήσεις,
2559 4985 2657 5045 τάς
2689 5001 2748 5036 τε
2788 4985 2937 5050 παρὰ
2971 4985 3081 5044 τοῖς
3116 4983 3327 5045 πολλοῖς
3361 4977 3748 5050 θαυμαζομένοις

2212 5076 2337 5145 περί
2369 5074 2475 5126 τῶν
2509 5072 2716 5142 ἀδήλων
2748 5070 3100 5141 προγνώσεις.
3130 5070 3310 5122 Ταῦτα
3344 5069 3449 5139 γάρ
3485 5069 3647 5121 πάντα
3676 5065 3745 5116 δο·

2210 5166 2466 5235 ξοκοπίας
2500 5165 2738 5235 ὀνόματα
2773 5173 2822 5226 ο,
2868 5163 2941 5225 ὼς
2982 5163 3048 5216 ἂν
3087 5163 3189 5214 ὑπὸ
3222 5163 3486 5231 δαιμόνων
3528 5156 3747 5227 πονηρῶν

2208 5256 2648 5330 ὲνεργουμὲναςά
2686 5255 2998 5308 ἀποϐάλλει.
3052 5255 3156 5308 Τὸν
3204 5255 3334 5323 γοῦν
3388 5255 3515 5326 περὶ
3559 5250 3746 5322 φαύλων

2381 5417 2404 5457 ἀ
2447 5419 2531 5473 ἴσ.
2560 5416 2943 5489 ἐνεργούμενα.

2281 5555 2390 5625 (54)
2435 5557 2542 5608 ’Ὀν
2568 5555 2635 5608 δὲ
2660 5557 2848 5624 ἡμεῖς.
2883 5557 3046 5612 Multa
3083 5557 3441 5627 praetermittit
3472 5552 3742 5611 Eusebius;

2211 5636 2672 5696 qumrsequunturﬁ
2698 5630 2841 5694 leges
2865 5644 2917 5696 p.
2966 5629 3090 5682 218.

2281 5695 2389 5766 (55)
2422 5699 2622 5763 Ὅλως.
2657 5695 2838 5753 Malim
2867 5695 2990 5762 ὅλος
3017 5714 3140 5754 cum
3184 5697 3445 5770 Porphyr.
3487 5705 3538 5751 ct
3573 5706 3733 5748 manu-

2208 5780 2314 5820 εον.
