3890 6384
543 298 651 354 295

1215 289 1484 347 EUSEBll
1529 287 2010 346 CAESARIEN‘SS
2040 287 2192 344 OPP.
2227 287 2406 342 PARS
2441 289 2504 343 ll.
2534 321 2603 334 --
2631 287 3141 346 APOLOGETICA.
3670 301 3755 358 295

544 411 670 468 Haec
711 415 845 467 deus
872 409 1139 480 egregius,
1167 409 1250 462 vel
1290 409 1470 479 potius
1517 409 1752 472 daemon,
1798 406 2012 463 fraudis
2057 422 2121 462 ac

2229 402 2414 459 Ταῦτα
2457 405 2553 476 μὲν
2601 408 2628 458 ό
2671 405 2974 476 θαυμάσιος
3023 406 3144 470 θεὸς
3165 448 3178 470 ,
3229 407 3422 476 μᾶλλον
3453 409 3588 464 δὲτὸ
3628 416 3756 471 πολυ-

543 503 651 560 doli
733 501 1106 566 architectus;
1156 501 1357 570 quibus
1404 501 1563 571 plane
1612 501 1890 554 contraria
1962 511 2125 554 natu-

544 598 674 652 ralis
713 595 852 650 ratio
901 595 1126 659 statuit,
1185 592 1314 646 dum
1373 601 1428 646 et
1481 593 1723 647 animum
1785 607 2017 662 purgare
2037 592 2129 662 ju-

544 690 664 753 bet,
709 697 764 742 et
807 686 1093 741 sacrificiis
1127 684 1498 756 improborum
1549 685 1855 740 daemonum
1897 684 2126 752 gratiam

545 793 812 848 opemque
872 786 1092 846 captare
1133 784 1300 839 vetat,
1354 775 1500 846 quod
1556 791 1750 845 puram
1813 775 1889 830 illi
1943 775 2123 830 since-

545 887 774 941 ramque
816 882 1053 924 mentem
1110 868 1332 938 aggredi
1386 876 1607 939 propter
1645 883 1862 923 morum
1906 868 2118 923 dissen-

547 965 754 1019 sionem
796 961 1019 1015 minime
1049 960 1277 1015 soleant.
1319 958 1478 1026 Quod
1517 961 1564 1016 si
1606 961 1929 1031 prudentem
1974 977 2124 1024 eum,

552 1054 712 1126 169
741 1053 786 1110 si
811 1066 979 1125 aqua:
1005 1053 1204 1108 mentis
1231 1051 1507 1106 hominem
1537 1067 1658 1108 esse
1692 1053 1888 1108 merito
1911 1051 2126 1122 judica-

546 1155 695 1210 runt,
733 1143 826 1214 qui
859 1159 890 1197 a
920 1143 1227 1196 daemonum
1281 1140 1565 1196 sacrificiis
1594 1141 1842 1212 religiose
1889 1140 2128 1197 abstine-

547 1243 628 1289 ret
654 1250 666 1285 :
691 1233 786 1305 qui
821 1233 936 1289 suis
959 1232 1201 1287 oraculis
1243 1231 1311 1286 ad
1358 1231 1624 1301 improbis
1659 1232 1825 1287 etiam
1858 1231 2124 1288 litandum

547 1325 820 1393 hortatur,
861 1325 955 1396 qui
999 1325 1216 1379 tandem
1253 1332 1306 1379 et
1332 1324 1512 1393 qualis
1545 1323 1733 1379 haberi
1775 1323 1988 1389 debeat,
2027 1325 2123 1380 tibi

546 1418 895 1477 statuendum
923 1417 1192 1488 relinquo.
1219 1416 1486 1472 Caeterum
1513 1416 1640 1472 hinc
1668 1425 1814 1472 retro
1843 1418 2125 1488 superiora

546 1512 808 1582 repetenti
853 1509 949 1564 tibi
991 1519 1141 1565 certo
1185 1508 1571 1579 evidenterque
1608 1509 1900 1574 constabit,
1938 1509 2126 1579 cujus-

547 1603 695 1658 modi
728 1612 924 1658 natura
953 1602 1307 1672 moribusque
1337 1599 1558 1666 fuerint,
1591 1610 1706 1656 tum
1741 1601 1835 1672 qui
1871 1602 2126 1658 humanis

547 1696 783 1752 victimis
833 1697 1254 1761 delectarentur,
1309 1703 1421 1748 tum
1471 1692 1566 1764 qui
1619 1693 1920 1748 humanum
1953 1709 2125 1766 genus

2231 496 2430 560 πλανὲς
2475 497 2782 567 δαιμόνιον
2824 499 2892 552 τὰ
2921 497 2979 550 δὲ
3022 499 3116 572 τοῦ
3165 499 3305 552 κατὰ
3343 500 3494 568 φύσιν
3534 503 3756 577 λογισμοῦ

2228 588 2507 654 τάναντία,
2557 589 2842 660 καθαίρειν
2883 589 2982 661 τὴν
3037 589 3234 660 ψυχὴν,
3285 591 3416 644 ἀλλὰ
3465 593 3534 664 μὴ
3584 595 3758 662 Θυσίαις

2231 681 2562 734 ἐπισπᾶσθαι
2618 682 2745 744 τοὺς
2793 681 3062 753 πονηροὺς
3110 682 3390 752 δαίμονας,
3440 687 3759 757 παρακελευό-

2233 789 2388 842 μενα·
2425 773 2642 844 καθαρᾷ
2672 772 2781 844 γὰρ
2821 772 2965 845 ψυχῇ
3016 774 3091 844 μὴ
3135 773 3468 830 ἐπιτίθεσθαι
3501 777 3580 831 διὰ
3601 780 3654 832 τό
3683 781 3760 835 αὖ·

2229 868 2339 928 τοῖς
2367 866 2640 936 ἀνόμοιον.
2691 866 2752 918 Εἰ
2786 865 2844 918 δὲ
2892 866 2958 937 δὴ
2999 861 3218 932 συνετὸς
3262 862 3398 921 εἶναι
3438 871 3526 922 καὶ
3567 871 3759 944 σώφρων

2229 958 2366 1030 ἀνὴρ
2393 957 2567 1030 ὀρθῶς
2600 958 2790 1030 ἐκρίθη
2823 977 2882 1012 τε
2917 958 3147 1031 εὐλαϐὴς
3180 961 3274 1013 καὶ
3323 959 3395 1031 μὴ
3428 959 3560 1014 θύων
3602 963 3758 1035 δαίμο-

2231 1067 2333 1102 σιν·
2369 1051 2396 1104 ό
2428 1053 2538 1113 τοῖς
2573 1055 2826 1122 πονηροῖς
2861 1051 3009 1104 θύειν
3040 1051 3126 1104 διὰ
3171 1050 3265 1105 τοῦ
3313 1053 3552 1124 χρησμοῦ
3598 1071 3760 1127 παραι-

2229 1142 2336 1197 νῶν
2369 1144 2452 1207 τίς
2484 1142 2550 1196 ἂν
2583 1143 2821 1212 εὐλόγως
2855 1146 2949 1196 καὶ⁸
2983 1143 3220 1207 ποδαπὸς
3255 1143 3366 1214 (57)
3401 1144 3676 1217 νομισθείη,
3695 1150 3760 1201 πὶ

2229 1235 2541 1289 καταλείπω
2574 1241 2814 1290 σκοπεῖν.
2864 1235 3144 1290 Ἐντεῦθεν
3175 1236 3231 1288 δὲ
3282 1237 3629 1310 ἀναδραμόντι
3657 1259 3762 1313 προ-

2229 1327 2396 1396 φανὲς
2429 1327 2600 1392 ἔσται,
2646 1329 2786 1381 ποῖοί
2831 1347 2975 1392 τινες
3025 1329 3269 1401 ὑπῆρχον
3312 1330 3410 1400 τὴν
3459 1329 3548 1383 τοῦ
3593 1333 3761 1404 τρόπον

2229 1421 2390 1490 φύσιν
2434 1423 2483 1474 οἱ
2525 1425 2645 1486 ταῖς
2680 1422 3152 1494 ἀνθρωποθυσίαις
3202 1422 3503 1495 χαίροντες,
3536 1424 3568 1494 ἢ
3597 1426 3639 1478 oi
3666 1426 3763 1480 τού-

2226 1533 2339 1580 τοις
2374 1516 2480 1569 πᾶν
2511 1515 2572 1567 τὸ
2605 1514 2943 1585 ἀνθρώπινον
2977 1517 3132 1584 γένος
3181 1516 3346 1571 πάλαι
3396 1516 3640 1588 πρότερον
3681 1536 3762 1572 κα-

2227 1606 2700 1677 ταδεδουλωμένοι.
2737 1609 2800 1660 Εἰ
2833 1607 2887 1660 δὲ
2922 1608 3066 1677 λέγοι
3091 1626 3173 1673 τις
3209 1608 3284 1680 μὴ
3311 1607 3510 1677 φαῦλον
3542 1605 3664 1662 εἶναι
3691 1609 3762 1662 τὸν

2227 1700 2326 1769 τῆς
2386 1698 2834 1769 ἀνθρωποθυσίας
2875 1699 3108 1772 τρόπον,
3155 1699 3422 1772 ὀρθότατα
3467 1699 3509 1753 δ’
3552 1700 3645 1753 ὑπὸ
3677 1700 3761 1754 τῶν

547 1803 736 1843 eorum
776 1786 1046 1859 tyrannidi
1093 1801 1160 1840 ex
1210 1784 1360 1840 omni
1413 1785 1675 1840 memoria
1723 1785 2118 1857 manciparent.

2228 1791 2474 1847 παλαιῶν
2514 1791 2805 1856 τελεῖσθαι,
2869 1791 2988 1864 ῶρα
3031 1796 3144 1857 τοῖς
3197 1793 3291 1847 νῦν
3354 1791 3763 1863 καταμέμφεσθαι

547 1879 682 1936 Nam
707 1881 755 1936 si
787 1882 890 1936 erit
921 1879 1156 1936 fortasse
1189 1877 1484 1950 quispiam,
1517 1878 1610 1949 qui
1647 1878 1787 1934 hanc
1835 1879 2125 1934 immolan-

2230 1884 2414 1941 πᾶσιν.
2450 1883 2532 1936 ὅτι
2571 1881 2756 1954 μηδεὶς
2789 1883 2990 1952 ὁμοίως
3020 1885 3133 1945 τοῖς
3168 1881 3441 1954 πατράσιν
3473 1879 3682 1932 εὐσεϐεῖ.

545 1979 742 2033 dorum
797 1976 1083 2032 hominum
1118 1974 1574 2032 consuetudinem
1639 1974 1789 2030 omni
1863 1977 2066 2032 scelere
2131 1979 2403 2048 purgabit,
2458 1989 2623 2048 atque
2677 1993 2708 2031 a
2758 1977 3035 2032 veteribus
3072 1976 3419 2031 sanctissime
3468 1974 3762 2028 observatam

545 2089 668 2130 esse
699 2071 952 2142 defendet
989 2091 1002 2129 :
1038 2075 1144 2130 erit
1181 2087 1339 2140 sane,
1377 2072 1735 2142 quamobrem
1797 2073 2060 2129 continuo
2111 2086 2361 2146 posteros
2394 2091 2584 2131 eorum
2619 2075 2906 2130 universos
2947 2074 3324 2145 reprehendat,
3361 2087 3586 2143 quorum
3615 2068 3765 2125 nullus

547 2169 661 2224 hoc
685 2176 928 2238 tempore
947 2167 1015 2222 ad
1045 2166 1280 2238 priscam
1305 2165 1579 2234 majorum
1610 2182 1838 2223 suorum
1866 2166 2118 2237 pietatem
2157 2168 2498 2226 adlirerescit.

1135 2255 1362 2312 CAPUT
1405 2255 1543 2312 XXI.

549 2366 825 2423 Neminem
851 2366 916 2421 ab
951 2368 1091 2422 omni
1111 2382 1220 2422 avo
1251 2367 1434 2436 fuisse,
1464 2377 1656 2436 printer
1684 2371 1896 2422 unitum
1932 2370 2124 2426 Serva-

621 2449 786 2514 torem
837 2437 1223 2514 Dominamque
1270 2449 1532 2514 nostrum,
1580 2441 1884 2514 quiutoturn
1961 2460 2122 2514 genus

615 2511 908 2564 humanum
936 2526 969 2563 a
995 2509 1295 2564 dwmonum
1323 2510 1620 2577 imposluru
1644 2510 1906 2567 liberarit.

619 2626 717 2681 Sin
755 2635 935 2682 autem
971 2639 1106 2682 sano
1149 2635 1473 2695 maturoque
1503 2623 1740 2695 judicio,
1776 2626 1846 2680 ab
1896 2626 2123 2682 immani

549 2733 614 2773 ac
657 2717 830 2773 ferina
874 2716 1194 2772 crudelitate
1228 2715 1632 2772 abhorrentium
1663 2717 1769 2772 sibi
1807 2719 1908 2772 aevi
1950 2718 2122 2773 nostri

550 2811 798 2868 homines
843 2820 1137 2882 putarunt;
1191 2811 1395 2868 nullius
1446 2809 1692 2881 profecto
1731 2811 1931 2866 mentis
1977 2809 2120 2880 fuit,

547 2903 800 2975 quisquis
826 2917 859 2959 e
885 2903 1160 2958 veteribus
1218 2903 1496 2974 improbos
1525 2903 1803 2959 daemones
1833 2903 2120 2960 hominum

549 2999 694 3053 caede
723 2997 974 3067 placavit.
1005 2995 1110 3053 Sed
1133 2997 1280 3051 enim
1310 2996 1395 3052 vel
1417 3011 1619 3060 caecus,
1645 3006 1706 3051 ut
1738 2997 1916 3063 aiunt,
1942 2997 2121 3052 mani-

550 3088 683 3144 feste
713 3087 910 3154 videat,
937 3101 1038 3143 nec
1059 3087 1212 3152 deos,
1240 3101 1340 3143 nec
1368 3101 1496 3142 vero
1525 3087 1700 3143 bonos
1718 3086 1995 3141 daemones
2025 3100 2121 3143 eos
2151 3117 2193 3177 ο

550 3182 740 3249 fuisse,
770 3187 1040 3251 quotquot
1085 3194 1117 3234 a
1158 3178 1372 3234 cunctis
1423 3179 1556 3234 olim
1605 3178 1859 3249 gentibus
1891 3178 2118 3234 deorum

549 3274 670 3329 loco
699 3281 753 3328 et
781 3273 1002 3328 nomine
1026 3271 1425 3326 censebantur:
1451 3271 1544 3326 sed
1573 3270 1756 3340 potius
1781 3269 1850 3324 ab
1867 3285 1954 3331 eo,
1975 3270 2120 3340 quod

550 3367 757 3421 bonum
790 3373 895 3430 est,
926 3364 1250 3436 longissimo
1283 3363 1568 3417 intervallo
1597 3363 1924 3433 disjunctos,
1959 3372 2122 3433 atque

548 3455 842 3526 ejusmodi,
882 3470 1022 3525 quos
1051 3454 1175 3524 jure
1211 3465 1262 3510 et
1304 3453 1398 3510 Dei
1438 3455 1647 3518 hostes,
1680 3464 1735 3509 et
1764 3455 1962 3526 impios
1991 3470 2120 3525 pro-

547 3558 734 3618 pterea
759 3547 985 3612 dixeris,
1020 3547 1112 3616 qui
1145 3561 1315 3617 genus
1342 3547 1620 3618 vitamque
1655 3547 1939 3602 hominum
1994 3548 2120 3604 uni-

550 3654 758 3694 versam
791 3637 1265 3710 pessundederint.
1320 3641 1495 3710 Atque
1531 3639 1762 3695 istorum
1789 3640 1971 3712 fugam
2004 3641 2121 3694 odi-

547 3745 749 3800 umque
801 3745 961 3784 nemo
1000 3745 1227 3800 prorsus
1279 3747 1347 3786 ex
1398 3732 1548 3787 omni
1594 3733 1884 3797 memoria,
1928 3739 2122 3802 praeter

550 3838 718 3876 unum
788 3833 1114 3879 assertorem
1165 3821 1566 3895 Dominumque
1630 3836 1876 3880 nostrum
1933 3823 2119 3879 Jcsum

547 3915 846 3981 Christum,
886 3915 979 3970 Dei
1014 3915 1252 3982 Filium,
1307 3916 1523 3972 cunctis
1564 3917 1878 3972 hominibus
1911 3917 2122 3971 denun-

551 4008 722 4070 tiavit,
749 4010 948 4078 quippe
995 4009 1088 4079 qui
1137 4009 1362 4063 salutari
1411 4008 1708 4080 Evangelio
1753 4010 1912 4080 patrii
1943 4010 2118 4064 morbi

549 4099 871 4153 medicinam
897 4098 1098 4154 Gi'zecis
1117 4098 1319 4169 pariter
1337 4114 1404 4154 ac
1424 4100 1671 4156 barbaris
1697 4102 1953 4156 omnibus
1979 4110 2121 4155 attu-

549 4192 627 4256 lit,
670 4192 938 4263 simulque
972 4194 1040 4248 ab
1077 4193 1430 4249 acerbissima
1473 4194 1958 4264 vetustissimaque
2003 4209 2122 4249 ser-

546 4285 718 4340 vitute
742 4285 1064 4352 libertatem,
1090 4285 1157 4342 ad
1176 4301 1341 4356 quam
1359 4295 1619 4343 contento
1639 4301 1803 4343 cursu
1827 4301 2120 4356 properare

544 4392 736 4431 omnes
794 4375 1127 4448 Evangelicae
1171 4377 1655 4434 demonstrationis
1708 4386 1864 4448 urget
1917 4378 2116 4441 oratio,

2735 2262 3130 2316 ΚΕΦΑΛΑΙΟΝ
3168 2261 3298 2313 KA'.

2240 2376 2338 2442 Ὠς
2367 2375 2566 2450 οὐδεὶς
2591 2376 2789 2450 ἄλλος
2817 2374 2937 2450 τῶν
2959 2374 3254 2450 ὲξ-αὶῶνος
3337 2372 3574 2450 μόνοςιὸ
3599 2367 3766 2450 Σωτῂρ

2303 2441 2399 2500 καὶ
2425 2441 2638 2514 Κύριος
2669 2446 2836 2515 ἡμῶν
2856 2446 2920 2500 τὸ
2957 2444 3078 2500 πᾶν
3125 2442 3453 2515 ἀνθρώπων
3486 2441 3643 2512 γένος
3681 2441 3760 2510 τῆς

2302 2515 2652 2587 δαιμονικῆς
2681 2514 3057 2586 ἠλευθέρωσε
3081 2514 3346 2581 πλάνης.

2301 2631 2365 2683 Εἰ
2395 2631 2440 2683 δ’
2491 2629 2776 2700 ἐμφρόνως
2829 2631 2878 2682 οί
2913 2630 3034 2682 καθ’
3080 2629 3226 2699 ἡμᾶς
3271 2627 3374 2697 τῆς
3430 2621 3655 2696 ἀπηνοῦς
3692 2621 3766 2676 καὶ

2231 2723 2427 2796 ἀγρίας
2458 2722 2736 2793 ὠμότητος
2770 2723 2868 2794 τὴν
2928 2718 3269 2793 ἀτωστροφὴν
3305 2721 3640 2790 ἐποιήσαντο,
3678 2713 3763 2766 τῶν

2229 2811 2474 2866 παλαιῶν
2517 2811 2692 2875 οὐδεὶς
2737 2808 2806 2884 ἦν
2864 2812 2971 2883 ἄρα
3023 2811 3204 2878 σοφὸς,
3239 2811 3370 2874 τοὺς
3405 2809 3656 2880 πονηροὺς
3676 2805 3766 2859 δαί-

2231 2923 2396 2978 μονας
2445 2907 2564 2968 ταῖς
2611 2904 3098 2976 ἀνθρωποκτονίαις
3154 2902 3577 2975 μειλισσόμενος.
3641 2898 3768 2952 Ἀλλά

2227 2995 2335 3066 γὰρ
2385 2995 2480 3049 καὶ
2533 2993 2734 3065 τυφλῷ,
2788 2995 2940 3064 φασὶ,
2975 2992 3154 3063 δῆλον,
3191 2994 3262 3056 ὡς
3296 2991 3425 3045 οὔτε
3464 2992 3570 3046 θεοὶ
3599 2989 3656 3044 ἂν
3683 2983 3768 3042 εἷεν

2225 3085 2349 3139 οὔτε
2379 3085 2629 3155 δαίμονες
2651 3083 2843 3152 ἀγαθοὶ
2862 3085 2909 3138 οί
2937 3083 3100 3137 πάλαι
3126 3083 3260 3154 πρὸς
3290 3081 3405 3135 τῶν
3435 3081 3597 3135 ἐθνῶν
3625 3079 3767 3133 ἀπάν·

2223 3194 2333 3231 των
2366 3175 2791 3247 θεολογούμινοι·
2829 3176 3163 3248 πορρωτάτω
3193 3174 3249 3227 δὲ
3283 3174 3383 3228 τοῦ
3438 3171 3634 3244 ἀγαθοῦ
3663 3169 3767 3240 ἐξῳ-

2226 3269 2494 3341 κισμένοι.
2531 3268 2622 3322 Διὸ
2654 3271 2748 3322 καὶ
2779 3268 3002 3331 ἐνδίκως
3024 3266 3281 3338 θεομάχοι
3300 3267 3450 3331 τινὲς
3475 3267 3564 3320 καὶ
3589 3264 3768 3323 ἀσεϐεῖς

2225 3361 2484 3432 λεχθεῖεν,
2518 3362 2611 3414 τὸν
2645 3361 2820 3414 πάντα
2849 3361 3218 3432 λυμηνάμενοι
3253 3360 3394 3430 βίον,
3429 3353 3504 3413 ὧν
3527 3358 3582 3424 ἐξ
3611 3354 3767 3417 αἰῶνος

2223 3455 2396 3518 οὐδεὶς
2435 3456 2467 3527 ἢ
2521 3456 2679 3527 μόνος
2718 3456 2746 3508 ό
2788 3455 2975 3527 Σωτὴρ
3016 3454 3110 3507 καὶ
3150 3453 3356 3523 Κύριος
3406 3451 3557 3525 ἡμῶν
3599 3444 3768 3523 ἰησοῦς

2224 3548 2460 3619 Χριστὸς
2492 3548 2522 3600 ό
2555 3547 2682 3612 Υἱὸς
2714 3547 2807 3600 τοῦ
2841 3545 2976 3599 θεοῦ
3012 3548 3176 3600 πᾶσιν
3210 3545 3521 3638 ἀνθρώποις
3561 3542 3649 3614 τὴν
3691 3558 3769 3610 φυ-

2224 3639 2326 3710 γὴν
2383 3639 2786 3712 προεκήρυξεν,
2849 3635 3340 3709 εὐαγγελιζόμενος
3415 3635 3549 3709 ὁμοῦ
3599 3635 3769 3695 πάντας

2227 3731 2493 3803 Ἕλληνάς
2523 3749 2583 3784 τε
2614 3733 2708 3784 κοιλ⁵
2732 3731 3041 3803 βαρϐάρους
3075 3729 3377 3803 Θεραπειαν
3408 3731 3508 3802 τῆς
3541 3726 3769 3800 πατρικῆς

2223 3821 2400 3885 νόσου,
2451 3823 2544 3873 καί
2594 3821 2694 3891 τῆς
2755 3823 2955 3894 πικρᾶς
3011 3821 3107 3875 καὶ
3155 3821 3526 3894 παλαιοτάτης
3569 3819 3768 3877 δουλείας

2223 3912 2552 3984 ἐλευθερίαν*
2617 3913 2702 3984 ἐφ’
2757 3914 2826 3986 ἥν
2893 3913 3144 3968 σπεύδειν
3203 3915 3232 3967 ὁ
3288 3915 3396 3986 τῆς
3452 3908 3769 3984 εὐαγγελικῆς

2223 4007 2550 4071 ἀποδείξεως
2593 4009 2852 4079 παρορμᾷ
2881 4007 3057 4077 λόγος,
3109 4007 3318 4080 μεγάλῃ
3352 4009 3421 4079 τῇ
3460 4010 3604 4078 φωνῇ
3636 4005 3768 4058 πᾶσιν

2224 4102 2302 4164 είς
2323 4099 2646 4166 ἐξάκουστον
2663 4100 2820 4172 βοῶν’
2843 4101 3086 4170 Πνεῦμα
3109 4103 3336 4170 Κυρίου
3360 4102 3477 4172 (58)
3491 4090 3766 4170 ἐπ’ἑμὲ,οὗ

2221 4191 2431 4245 ἕνεκεν
2454 4192 2665 4262 ἔχρισέ
2684 4210 2781 4262 με.
2824 4195 3330 4264 εὐαγγελίσασθαι
3365 4193 3617 4264 πτωχοῖς
3652 4187 3767 4244 ἀστέ-

2221 4284 2451 4338 σταλκέ
2473 4303 2571 4354 με,
2600 4285 2852 4353 κηρύξαι
2885 4285 3280 4355 αἰχμαλώτοις
3307 4286 3550 4356 ἄφεσιν,
3582 4283 3668 4338 καὶ
3690 4297 3768 4334 rv-

2221 4378 2398 4447 φλοῖς
2421 4377 2773 4448 ἀνάϐλεψιν·
2805 4378 3090 4434 ἰάσασθαι
3109 4379 3252 4445 τοὺς
3265 4381 3769 4449 συντετριμμένους

545 4483 738 4540 magna
763 4469 940 4539 palam
968 4485 1122 4534 voce,
1153 4486 1383 4541 quaeque
1411 4486 1442 4525 a
1483 4468 1701 4525 nemine
1732 4483 1840 4524 non
1869 4468 2116 4525 exaudiri

2228 4468 2336 4535 τὴν
2381 4467 2648 4536 καρδίαν-ο
2703 4471 2795 4522 καὶ
2849 4469 3029 4523 πάλιν·
3081 4469 3434 4540 Ἐξαταγεῖν
3466 4471 3573 4542 (59)
3609 4468 3672 4521 ὲκ
3696 4464 3770 4518 δε-

545 4558 738 4628 possit,
787 4558 1129 4614 inclamans:
1163 4557 1394 4630 Spiritus
1437 4559 1650 4614 Domini
1700 4576 1858 4629 super
1910 4577 2010 4627 me,
2060 4576 2119 4614 eo

545 4650 686 4718 quod
723 4651 933 4704 unxerit
962 4649 1222 4704 Dominus
1253 4669 1333 4706 me
1366 4667 1385 4705 :
1413 4653 1483 4705 ad
1511 4652 1935 4706 annuntiandum
1969 4669 2121 4706 matt-

548 4741 714 4796 suetis
736 4744 880 4796 misit
906 4761 1005 4810 me,
1048 4755 1104 4797 ut
1141 4744 1373 4800 mederer
1401 4745 1644 4798 contritis
1676 4745 1854 4808 corde,
1901 4753 1952 4798 et
1981 4759 2119 4814 prte—

547 4832 776 4885 dicarem
825 4830 1046 4903 captivis
1079 4834 1481 4906 indulgentiam,
1522 4845 1573 4888 ει
1623 4833 1823 4888 clausis
1889 4836 2121 4904 apertio--

549 4939 668 4976 nem
683 4924 744 4978 ".
763 4923 1100 4993 lterumquc:
1120 4928 1162 4996 1
1173 4929 1279 4998 7o
1291 4926 1522 4983 Educere
1536 4942 1600 4980 ea:
1621 4927 1840 4980 vinculis
1855 4927 2121 4994 compedi-

547 5024 651 5081 tos,
687 5026 736 5073 et
765 5016 830 5072 de
873 5017 1028 5070 domo
1063 5021 1289 5072 carceris
1343 5020 1574 5072 sedentes
1632 5021 1686 5072 in
1721 5019 1967 5074 tenebris.
1996 5017 2121 5074 Haec

545 5105 693 5158 enim
727 5105 911 5160 divina
942 5122 1075 5161 sane
1107 5106 1460 5163 Hebraeorum
1497 5111 1716 5164 oracula
1745 5110 2121 5180 superioribus

550 5209 696 5251 retro
720 5200 934 5254 saeculis
955 5201 1294 5267 cecinerunt,
1324 5200 1527 5270 quibus
1553 5200 1796 5256 futurum
1825 5202 2120 5273 aliquando

623 5332 668 5364 “
707 5333 812 5390 lsa.
846 5352 958 5406 ut,
988 5339 1014 5392 1
1051 5355 1205 5411 seqq.

617 5467 1060 5546 (57l1106artdc.
1079 5473 1269 5529 Scribe
1298 5476 1558 5540 ποταπός.
1594 5475 1702 5531 Sed
1742 5476 1968 5546 perinde
2014 5487 2116 5534 est.

545 5534 806 5611 llesy_clt.,
836 5534 1130 5606 ποδαπὸν,
1166 5548 1430 5611 ποταπὸν,
1459 5534 1661 5601 ὁποῖον.

615 5609 1001 5690 (58)11νεᾷμα
1045 5617 1288 5690 κυρίου.
1334 5609 1722 5689 Septuaginta,
1778 5637 1919 5690 quos
1951 5618 2118 5676 habe-

546 5694 700 5762 mus,
739 5684 986 5762 nonnihil
1021 5688 1260 5762 variant;
1300 5699 1355 5742 et
1397 5684 1519 5762 post
1541 5684 1877 5744 ’ἀπέσταλκε
1909 5708 2008 5762 με,
2044 5692 2120 5746 le-

548 5758 701 5821 gunt,
738 5752 988 5806 ἰάσασθαι
1018 5757 1142 5819 τοὺς
1164 5752 1648 5833 συντετρὶμμένους
1681 5765 1746 5833 τῇ
1780 5752 1996 5834 καρδίᾳ,
2026 5780 2119 5837 κη’

2221 4556 2393 4628 σμῶν
2420 4558 2894 4628 πεπεδημένους,
2927 4560 3027 4613 καὶ
3070 4560 3139 4624 ἐξ
3181 4561 3353 4615 οἴκου
3383 4561 3654 4632 φυλακῆς
3689 4572 3772 4610 κα-

2222 4651 2517 4721 θημένους
2545 4653 2608 4706 ἐν
2635 4655 2856 4706 σκότει.
2891 4651 3073 4706 Ταῦτα
3097 4653 3206 4725 γὰρ
3236 4655 3448 4709 ἀνωθεν
3479 4657 3542 4708 ἐκ
3574 4647 3769 4707 παλαιοῦ

2221 4741 2291 4795 τὰ
2323 4741 2440 4795 θεῖα
2466 4743 2541 4806 ὡς
2575 4743 2788 4814 ἀληθῶς
2835 4745 2965 4817 παρ’
3023 4743 3294 4818 Ἑϐραίοις
3341 4747 3591 4812 ἐθέσπιζε
3622 4744 3768 4813 λόγια.

2220 4835 2321 4906 τὴν
2355 4835 2510 4907 ἡμῶν
2544 4836 2652 4889 τῶν
2685 4837 2852 4890 πάλαι
2885 4837 3102 4907 τυφλῶν
3136 4838 3236 4904 τὰς
3266 4839 3470 4912 ψυχὰς,
3504 4841 3594 4893 καὶ
3618 4833 3771 4907 δαιμό-

2221 4943 2328 4980 νων
2391 4927 2643 4999 πονηρῶν
2710 4927 3070 4994 πολυπλόκοις
3141 4929 3362 5002 δεσμοῖς
3418 4928 3769 5002 πεπεδημένων

2221 5018 2596 5091 ἀπολύτρωσιν
2617 5020 3088 5093 εὑαγγελιξόμενα.
3129 5023 3291 5076 Ὅθεν
3310 5025 3538 5088 εἰκότως
3554 5024 3668 5084 τοὺς
3693 5017 3768 5086 τῆς

2221 5109 2454 5174 διανοίας
2484 5110 2794 5183 ὀφθαλμοὺς
2820 5113 2956 5186 πρὸς
2986 5111 3080 5167 τοῦ
3114 5115 3385 5188 σωτηρίου
3417 5114 3573 5182 λόγου
3602 5125 3770 5166 καταυ-

2222 5203 2534 5270 γασθέντες,
2561 5204 2835 5278 σώφρονές
2863 5223 2921 5260 τε
2957 5207 3051 5261 καὶ
3081 5206 3326 5272 causa;
3347 5207 3444 5261 καὶ
3477 5203 3673 5260 συνετοὶ
3697 5216 3770 5269 γε·

2225 5467 2768 5544 ρύξαιαίχμαλώτοις
2798 5470 3012 5544 ἄφεσιν,
3048 5473 3142 5526 καὶ
3175 5471 3395 5541 τυφλοῖς
3421 5472 3713 5544 ἀνάϐλεψιν.

2293 5540 2405 5614 (59)
2431 5537 2898 5614 Ἐξαγαγεῒνωιε.
2913 5543 3167 5614 Septuag.
3186 5537 3504 5614 Ἐξαγαγεῖν
3517 5537 3769 5614 iudiciuin!

2221 5610 2554 5686 δεδεμένους,
2590 5613 2647 5678 ἐξ
2676 5613 2826 5686 οἴκου
2864 5610 3087 5686 φυλακ.,
3120 5610 3228 5671 etc.
3257 5610 3488 5686 Vulgata
3509 5655 3526 5684 ,
3564 5610 3770 5670 Edutm

2222 5683 2286 5736 de
2307 5679 2638 5737 cettclusione
2658 5679 2908 5747 vinctum,
2939 5685 3006 5739 de
3037 5687 3216 5751 domo,
3250 5696 3354 5741 etc.
