3890 6384
516 321 624 379 ‘299

1184 330 1456 388 eusser:
1487 325 1965 386 cesanmusrs
1997 326 2145 385 opp.
2203 326 2384 383 rans
2413 327 2481 383 n.
2510 355 2583 369 --
2612 326 3122 390 APOLOGETICA.
3625 353 3708 410 too

516 442 749 514 populus
768 444 833 499 ³⁷.
862 463 882 497 ι
922 444 1027 502 Sed
1058 448 1503 504 hactenusistum
1530 444 1816 517 Porphyrii
1835 443 1902 501 de
1930 460 2053 500 sacr

2176 497 2180 506 _
2206 444 2316 497 τῶν
2350 443 2688 515 προξενεῖται
2710 461 2727 477 ·
2762 447 2913 513 ὅπως
2936 465 2996 502 τε
3023 448 3138 504 θεοὶ
3167 445 3303 506 εἶναι
3331 452 3598 526 βούλονται,
3624 466 3715 522 δαί-

516 535 654 592 ﬁciis
689 538 843 609 171
882 539 1085 603 locum,
1121 540 1187 595 ad
1231 542 1633 612 improbitatem
1663 541 1971 594 daemonum
2006 553 2094 593 co-

513 630 845 699 arguendam
908 633 1177 701 persecuti
1214 634 1406 689 simus.
1458 629 1616 687 Nunc
1667 647 1796 687 vero
1834 631 1961 686 audi
1991 631 2091 696 sis,

512 722 971 792 quemadmodum
1009 725 1078 779 ab
1110 725 1300 781 iisdem
1323 736 1580 796 praeterea
1609 726 1900 797 plerosque
1946 738 2096 778 mor-

2205 554 2363 608 μονες
2413 537 2567 601 ὄντες
2620 538 2834 608 φαῦλοι,
2892 542 2985 595 καὶ
3022 542 3099 606 ὡς
3147 545 3179 614 ἡ
3236 549 3531 616 προεστῶσα
3570 557 3712 612 αὐτῶν

2200 628 2429 700 δύναμις
2458 628 2605 682 δοκεί
2634 630 2767 695 Θεὸς
2800 628 2938 686 εἶναι
2967 635 2995 686 ὁ
3037 635 3311 705 μέγιστος.
3351 657 3370 691 t
3419 643 3581 700 Ταῦτα
3616 649 3664 703 δὲ
3689 656 3717 705 6

2202 720 2509 793 Πορφύριος
2540 721 2718 776 πάντα
2745 722 2933 777 τοῦτον
2964 725 3165 798 ἱστορεῖ
3192 727 3280 781 τὸν
3306 729 3508 802 τρόπον.

510 819 701 874 talium
734 822 880 875 varia
914 831 968 876 et
1002 822 1289 893 multiplici
1339 823 1642 879 formarum
1695 822 2082 890 larvarumque
2123 817 2305 888 specie
2359 818 2499 872 clam
2556 818 2609 871 in
2656 834 2897 875 errorem
2947 836 3010 876 ac
3045 821 3292 878 fraudem
3332 826 3540 896 impelli,
3582 832 3719 889 citato

512 916 715 986 smpius
761 931 925 987 Opere
969 916 1044 971 De
1096 934 1272 973 rerum
1329 920 1691 973 animatarum
1742 917 2087 981 abstinentia,
2137 914 2279 968 idem
2334 913 2450 983 ipse
2497 913 2675 982 palam
2729 922 2785 969 et
2840 925 3023 986 aperte
3073 916 3326 974 fateatur.
3401 940 3419 973 ι
3486 922 3717 982 Bonorum

507 1014 678 1077 enim,
713 1014 908 1085 inquit,
951 1016 1157 1071 vultum
1193 1017 1578 1081 .mentientes,
1640 1014 1946 1085 blandeque
2005 1009 2413 1067 multitudinem
2451 1008 2854 1065 inilammandis
2903 1012 3187 1068 hominum
3249 1015 3609 1085 cupiditatibus
3635 1022 3721 1075 illi-

507 1108 734 1177 cientes,
772 1125 1111 1166 summorum
1156 1112 1259 1182 ipsi
1299 1111 1528 1166 deorum
1562 1112 1681 1167 loco
1716 1111 1905 1165 haberi
1954 1108 2279 1177 censerique
2330 1105 2537 1160 volunt.
2606 1104 2673 1161 Et
2727 1107 2946 1177 quidem
3010 1124 3106 1164 eos
3144 1119 3352 1166 tantum
3416 1113 3489 1168 ait
3520 1118 3721 1172 versuti.

506 1205 770 1273 potuisse,
825 1218 885 1260 ut
943 1206 1378 1278 sapientissimos
1418 1223 1637 1279 quoque
1683 1207 1996 1263 Graecorum
2046 1214 2100 1260 et
2135 1212 2327 1276 poetas
2371 1210 2426 1258 et
2454 1201 2807 1273 philosophos
2859 1204 3189 1275 deceperint,
3250 1222 3388 1278 quos
3414 1210 3564 1264 etiam
3591 1211 3724 1282 vulgo

504 1297 720 1352 errandi
772 1313 996 1353 causam
1048 1299 1346 1369 praebuisse
1399 1299 1710 1356 conﬁtetur.
1768 1296 1912 1365 Quin
1944 1296 2109 1351 etiam
2149 1294 2368 1357 asserit,
2414 1292 2635 1347 illorum
2696 1307 2765 1347 ex
2808 1293 3091 1364 praeceptis
3130 1296 3436 1351 universam
3472 1301 3727 1372 pmtigia-

503 1404 625 1444 rum
677 1400 849 1445 artem
888 1406 1011 1448 esse
1048 1390 1362 1459 conﬂatam,
1418 1393 1488 1447 ab
1513 1388 1621 1446 illis
1674 1406 1868 1446 omnes
1899 1387 2194 1458 voluptatis
2232 1385 2514 1441 illecebras
2548 1386 2603 1439 in
2651 1385 2934 1440 hominum
2964 1388 3128 1442 vitam
3159 1387 3495 1458 proﬂuxisse,
3515 1393 3724 1459 eosdem,

503 1482 737 1552 improbi
780 1482 1058 1539 daemones
1089 1500 1213 1538 cum
1250 1485 1380 1551 sint,
1429 1484 1768 1540 divinitatem
1809 1483 2082 1549 aﬂectare,
2123 1480 2367 1549 adeoque
2405 1479 2705 1549 principem
2744 1494 2936 1535 eorum
2970 1480 3224 1535 virtutem
3292 1483 3581 1539 maximum
3642 1483 3737 1539 Nu-

501 1590 628 1629 men
651 1575 841 1653 videri.
893 1595 912 1626 ι
939 1573 1072 1642 Quae
1103 1576 1286 1629 omnia
1320 1573 1658 1649 Porphyrius
1687 1575 1837 1632 hunc
1878 1575 1933 1629 in
1962 1572 2186 1628 modum
2212 1571 2549 1642 exsequitur.

1065 1665 1294 1722 CAPUT
1333 1666 1500 1722 XXII.

676 1757 937 1823 Quantam
964 1759 1360 1830 praestigiarum
1383 1759 1641 1814 daemonis
1671 1759 1810 1813 ratio
1844 1759 1938 1814 sit.

574 1869 593 1902 ε
625 1848 998 1919 Quaecunque,
1031 1850 1249 1921 inquit,
1306 1852 1506 1907 animae
1559 1852 1917 1923 conjunctum
1974 1851 2077 1907 sibi

497 1943 978 2012 adhaerentemque
1007 1950 1273 2013 perpetuo
1317 1943 1569 2013 spiritum
1602 1960 1776 2015 usque
1810 1944 1946 1999 adeo
1967 1959 2076 1997 non

497 2042 779 2106 superant,
810 2042 870 2090 ut
897 2036 966 2089 ab
991 2050 1058 2090 eo
1088 2035 1270 2105 potius
1299 2035 1354 2090 in
1385 2036 1664 2108 plerisque
1695 2036 1955 2091 omnibus
1981 2053 2077 2090 su-

495 2137 778 2197 perentur,
808 2141 887 2182 eae
910 2127 1140 2198 proinde
1171 2128 1218 2183 si
1269 2127 1493 2199 quando
1537 2144 1660 2184 sese
1708 2128 1937 2198 spiritus
1969 2128 2079 2181 ira-

491 2220 716 2285 cundia,
743 2226 797 2274 et
816 2219 1176 2291 cupiditatum
1204 2227 1373 2275 aestus
1397 2230 1563 2291 atque
1592 2220 1827 2291 impetus
1868 2220 2074 2276 eﬂ'ude-

492 2312 585 2377 rit,
617 2312 997 2368 miserandum
1032 2313 1087 2367 in
1124 2312 1346 2368 modum
1372 2312 1573 2383 jactari
1611 2313 1810 2370 solent.
1835 2312 1902 2368 Et
1926 2313 2075 2384 ejus-

492 2403 639 2457 modi
675 2402 898 2466 animae,
929 2403 1207 2459 daemones
1238 2404 1461 2475 quidem
1507 2403 1641 2475 ipsa:
1690 2420 1932 2477 quoque,
1978 2406 2073 2461 sed

388 2477 396 2486 ’
492 2494 727 2565 improbi
754 2509 819 2550 ac
849 2495 1082 2551 maleﬁci
1106 2495 1233 2566 jure
1273 2496 1629 2551 nominentur
1656 2513 1669 2548 :
1699 2498 1793 2568 qui
1839 2513 2031 2554 omnes
2054 2540 2071 2566 ,

488 2586 716 2658 perinde
743 2596 803 2643 ut
837 2587 897 2652 ii,
940 2587 1034 2658 qui
1070 2588 1348 2643 contraria
1385 2588 1490 2643 sub
1520 2589 1722 2643 virtute
1747 2597 2069 2656 censentur,

489 2693 593 2733 nec
624 2679 824 2744 oculis,
862 2694 963 2735 nec
998 2680 1109 2734 alio
1154 2681 1352 2751 quovis
1386 2679 1629 2735 humano
1661 2696 1828 2737 sensu
1875 2684 2069 2756 attingi

485 2771 712 2827 omnino
745 2777 999 2842 possunt.
1034 2770 1221 2843 Neque
1248 2773 1397 2827 enim
1425 2780 1521 2828 aut
1551 2773 1788 2829 solidum
1825 2790 2028 2845 corpus
2048 2816 2064 2841 ,

489 2866 586 2915 aut
642 2863 885 2917 eamdem
929 2877 1122 2918 omnes
1186 2861 1453 2930 formam,
1512 2863 1607 2919 sed
1674 2864 1859 2934 plures
1927 2866 2071 2921 inter

483 2965 657 3023 seque
705 2952 993 3009 distinctas
1024 2952 1225 3024 ﬁguras
1253 2970 1365 3026 pra:
1395 2970 1456 3010 se
1483 2954 1690 3011 ferunt.
1740 2956 1914 3012 Porro
1966 2972 2068 3012 suo

482 3040 715 3111 singulae
748 3042 945 3112 spiritu
994 3043 1162 3099 certis
1204 3044 1552 3115 propriisque
1606 3046 1753 3101 notis
1803 3062 2063 3118 expresso

2693 1665 3090 1719 ΚΕΦΑΛΑΙΟΝ
3120 1666 3250 1722 ΚΒ¹.

2342 1754 2440 1823 Τίς
2466 1759 2500 1811 ὁ
2522 1757 2741 1825 τρόπος
2774 1757 2884 1826 τῆς
2912 1758 3265 1827 δαιμονικῆς
3290 1758 3601 1831 ἐνεργείας.

2257 1863 2277 1896 ι
2316 1846 2475 1899 Ὅσαι
2522 1845 2579 1899 δὲ
2622 1846 2791 1917 ψυχαὶ
2842 1845 2955 1917 (45)
3001 1845 3096 1900 τοῦ
3150 1847 3412 1918 συνεχοῦς
3460 1849 3733 1920 πνεύματος

2178 1935 2241 1988 οὐ
2273 1936 2587 2008 κρατοῦσιν,
2605 1936 2718 1992 ἀλλ’
2744 1936 2824 2001 ὡς
2849 1938 2907 1990 τὸ
2936 1936 3070 1992 πολὺ
3098 1939 3488 2011 κεκράτηνται,
3504 1940 3586 1994 διὰ
3599 1940 3733 1995 τοῦτο

2180 2025 2405 2095 ἄγονται
2432 2044 2491 2080 τε
2521 2029 2614 2081 καὶ
2647 2029 2901 2100 φέρονται
2928 2027 3070 2095 λίαν,
3094 2029 3222 2084 ὅταν
3249 2032 3308 2084 at
3337 2024 3435 2086 τοῦ
3461 2032 3736 2104 πνεύματος

2178 2117 2337 2189 ὀργαί
2359 2136 2416 2172 τε
2444 2120 2538 2172 καὶ
2563 2119 2850 2192 ἐπιθυμίαι
2876 2121 2974 2193 τὴν
3007 2121 3182 2194 ὁρμὴν
3214 2123 3477 2177 λάϐωσιν.
3509 2118 3666 2178 Abeat
3686 2125 3733 2178 δὲ

2178 2213 2233 2264 αἱ
2262 2212 2432 2283 ψυχαὶ
2462 2213 2713 2285 δαίμονες
2759 2214 2859 2286 μὲν
2904 2216 2998 2268 καὶ
3042 2216 3223 2281 αὐταὶ,
3269 2218 3569 2290 κακοεργοὶ
3605 2219 3645 2273 δ’
3683 2217 3738 2271 ἃν

2176 2306 2402 2370 εἰκότως
2443 2305 2703 2375 λέγοιντο·
2749 2305 2841 2360 καί
2888 2308 3025 2359 εἰσιν
3066 2308 3114 2360 οἱ
3152 2305 3473 2377 σύμπαντες
3501 2302 3638 2363 οὗτοί
3667 2325 3735 2369 τε,

2176 2399 2272 2451 καὶ
2300 2399 2349 2451 oi
2388 2398 2487 2469 τῆς
2515 2398 2763 2461 ἐναντίας
2806 2397 3088 2469 δυνάμεως
3109 2396 3223 2468 (46)
3271 2397 3509 2471 ἀόρατοι
3541 2415 3617 2462 τε,
3662 2400 3743 2452 καὶ

2174 2488 2395 2553 τελείως
2420 2489 2734 2561 ἀναίσθητοι
2767 2489 3088 2561 αἰσθήσεσιν
3117 2489 3519 2562 ἀνθρωπίναις.
3551 2491 3622 2545 Οὐ
3649 2490 3741 2563 γὰρ

2175 2580 2394 2653 στερεὸν
2438 2582 2597 2653 σῶμα
2646 2580 3083 2653 περιϐέϐληνται,
3131 2582 3252 2635 οὐδὲ
3309 2581 3533 2653 μορφὴν
3566 2584 3742 2645 πάντες

2176 2674 2327 2744 μίαν,
2363 2674 2478 2728 ἀλλ’
2509 2674 2567 2726 ὲν
2608 2675 2854 2745 σχήμασι
2884 2673 3124 2727 πλείοσιν
3171 2674 3281 2744 (47)
3304 2692 3320 2705 ⁸
3358 2675 3742 2746 ἐκτυπούμενα

2171 2764 2228 2819 δὲ
2258 2766 2352 2820 καὶ
2371 2764 2877 2837 χαρακτηρίζουσαι
2902 2764 2962 2817 τὸ
2991 2764 3206 2835 πνεῦμα
3227 2766 3418 2820 αὐτῶν
3449 2767 3510 2821 αἱ
3539 2766 3744 2840 μορφαὶ,

2170 2858 2289 2911 τοτὲ
2324 2859 2422 2930 μὲν
2457 2858 2855 2927 ἐπιφαίνονται,
2883 2859 3004 2911 τοτὲ
3027 2858 3086 2911 δὲ
3112 2861 3343 2928 ἀφανεῖς
3379 2862 3553 2913 εἰσιν
3590 2861 3744 2913 ἐνίοτε

2170 2948 2227 3002 δὲ
2258 2947 2351 3003 καὶ⁵
2389 2949 2779 3020 μεταϐάλλουσι
2806 2948 2905 3014 τὰς
2946 2950 3180 3022 μορφὰς,
3216 2953 3273 3004 οἵ
3309 2971 3380 3022 γε
3414 2955 3654 3028 χείρους.
3684 2953 3749 3008 Th

2170 3040 2226 3093 δὲ
2255 3039 2490 3110 πνεῦμα,
2623 3040 2721 3110 μέν
2760 3042 2876 3093 ἐστι
2914 3041 3241 3111 σωματικὸν,
3294 3045 3607 3115 παθητικόν
3646 3048 3749 3098 ἐστι

481 3133 753 3206 imagines
792 3135 955 3190 modo
983 3144 1270 3206 apparent,
1304 3137 1470 3192 modo
1497 3147 1866 3206 evanescunt,
1902 3142 2055 3197 modo

2176 3130 2264 3184 καὶ
2292 3131 2529 3203 φθαρτόν
2554 3148 2567 3161 °
2602 3130 2663 3186 τὸ
2696 3131 2753 3184 δὲ
2789 3132 2892 3184 ὑπὸ
2923 3129 3034 3202 (48)
3068 3131 3174 3185 τῶν
3196 3134 3394 3205 ψυχῶν
3427 3136 3603 3200 οὕτως
3629 3133 3751 3188 δεδέ-

479 3226 691 3281 vultum
717 3227 1069 3298 speciemque
1100 3234 1335 3295 mutant,
1369 3229 1407 3282 ii
1440 3229 1658 3296 saltem,
1689 3232 1783 3302 qui
1820 3232 2059 3289 deterio-

477 3334 569 3375 res
595 3328 745 3376 sunt.
775 3319 895 3374 Jam
935 3335 1068 3375 vero
1097 3320 1324 3389 spiritus
1366 3321 1479 3387 ille,
1513 3331 1785 3392 quatenus
1841 3327 2059 3396 quidem

472 3425 782 3480 corporeus
811 3418 918 3474 est,
952 3412 1249 3467 mutationi
1278 3428 1501 3484 quoque
1524 3424 1577 3469 et
1607 3417 1949 3488 corruptioni
1978 3426 2061 3474 est

478 3504 756 3560 obnoxius
782 3520 796 3556 :
826 3504 975 3575 quod
1011 3511 1192 3560 autem
1222 3505 1290 3559 ad
1335 3504 1551 3561 animas
1582 3506 1724 3561 idem
1758 3507 1839 3563 sic
1868 3508 2059 3577 alliga-

467 3607 565 3652 tus
600 3596 1042 3667 constrictusque
1078 3597 1171 3663 sit,
1210 3603 1272 3652 ut
1313 3612 1471 3652 suam
1498 3612 1576 3652 ea:
1606 3607 1893 3669 propterea
1932 3615 2057 3670 spe-

474 3674 615 3738 ciem
655 3683 817 3754 paulo
850 3684 1061 3741 diutius
1098 3684 1405 3751 retineant,
1446 3701 1555 3740 non
1598 3696 1682 3742 est
1720 3688 1937 3758 quidem
1969 3689 2059 3744 ille

468 3778 844 3846 sempiternus
881 3777 1025 3848 (ejus
1065 3777 1213 3833 enim
1255 3779 1521 3834 continuo
1565 3778 1801 3836 deﬂuere
1848 3781 2057 3853 aliquid

472 3883 539 3924 ac
576 3871 776 3923 mutari
804 3870 1102 3925 verisimile
1129 3871 1274 3941 est);
1315 3871 1472 3942 172
1503 3881 1760 3926 caeterum
1798 3879 1859 3927 ut
1886 3874 2059 3929 bona-

468 3974 595 4014 rum
630 3959 857 4031 spiritus
900 3962 1130 4019 modicaa
1160 3963 1449 4032 cujusdam
1483 3978 1547 4016 ac
1571 3962 1738 4032 justze
1784 3969 2056 4034 tempera-

469 4049 636 4107 tionis
656 4057 710 4105 et
733 4051 1127 4123 magnitudinis
1156 4062 1260 4119 est,
1290 4053 1752 4125 quemadmodum
1781 4065 1833 4110 et
1863 4071 2050 4111 earum

468 4157 695 4212 corpus,
746 4143 794 4198 si
840 4144 1062 4212 quando
1097 4145 1258 4200 nobis
1292 4153 1625 4216 appareant;
1656 4145 1737 4200 sic
1780 4148 2054 4204 maleﬁca-

444 4249 592 4289 -rum
619 4235 767 4291 nulla
796 4237 1024 4306 spiritus
1055 4245 1140 4292 est
1169 4238 1486 4308 corporisve
1532 4238 1837 4308 proportio.
1872 4238 2053 4310 Atque

457 4329 774 4399 genushoc
799 4328 1132 4395 daemonum,
1160 4337 1220 4384 ut
1250 4329 1304 4383 in
1330 4329 1464 4385 locis
1494 4336 1656 4384 terra.
1689 4329 2049 4388 vicinioribus

538 4422 583 4454 ⁸⁷
616 4421 669 4475 ll
696 4420 825 4476 Cor.
863 4436 938 4489 v1,
965 4420 1053 4477 16.

2168 3224 2310 3291 σθαι,
2345 3224 2485 3279 ὥστε
2515 3225 2575 3279 τὸ
2608 3222 2747 3289 εἶδος
2776 3224 2955 3279 αὐτῶν
3000 3225 3280 3296 διαμένειν
3318 3225 3504 3283 πλείω
3536 3227 3763 3299 χρόνον.⁸

2159 3317 2221 3369 οὐ
2250 3319 2357 3389 μήν
2388 3318 2536 3371 ἐστιν
2569 3316 2786 3370 αἰώνιον
2808 3334 2821 3347 ·
2877 3316 2896 3387 (
2913 3318 3009 3371 καὶ
3036 3318 3144 3394 γὰρ
3191 3319 3475 3393 ἀπορῤεἰν
3513 3318 3677 3373 αὑτοῦ
3705 3334 3752 3370 τι

2160 3410 2399 3482 συνεχῶς
2430 3410 2575 3475 εἰκός
2607 3412 2722 3465 ἐστι
2753 3413 2845 3466 καὶ
2868 3412 3166 3484 τρέπεσθαι
3197 3413 3371 3486 (491).
3418 3416 3512 3469 Ἐν
3554 3429 3752 3484 συμμε-

2158 3500 2288 3572 τρίᾳ
2323 3501 2419 3572 μὲν
2451 3497 2543 3554 οὖν
2575 3501 2642 3555 τὰ
2664 3500 2773 3554 τῶν
2803 3502 3022 3572 ἀγαθῶν
3053 3503 3163 3576 (50)
3194 3505 3270 3569 ὡς
3299 3507 3406 3560 καὶ
3437 3507 3512 3561 τὰ
3542 3505 3756 3579 σώματα

2157 3592 2266 3646 τῶν
2317 3593 2674 3665 φαινομένων·
2707 3593 2817 3647 τῶν
2845 3594 2902 3648 δὲ
2935 3596 3244 3650 κακοποιῶν
3290 3599 3662 3672 ἀσύμμετρα.
3700 3599 3756 3652 Οἶ

2159 3684 2319 3738 πλέον
2356 3685 2468 3758 (Si)
2500 3685 2578 3757 τῷ
2608 3686 2896 3758 παθητικῷ
2924 3688 3181 3758 νέμοντες
3208 3689 3302 3743 τὸν
3356 3692 3649 3764 περίγειον
3673 3691 3754 3743 τό·

2159 3792 2281 3840 πον,
2308 3776 2460 3830 οὐδὲν
2486 3777 2514 3830 ὃ
2543 3795 2595 3830 τι
2622 3777 2734 3849 (52)
2760 3778 2867 3832 τῶν
2896 3779 3078 3833 κακῶν
3099 3780 3197 3835 οὐκ
3219 3782 3585 3856 ἐπιχειροῦσι
3615 3785 3755 3856 δρᾷν.

2156 3869 2343 3923 Βίαιον
2367 3870 2475 3942 γὰρ
2503 3871 2640 3935 ὅλως
2681 3873 2775 3925 καὶ
2807 3870 3038 3927 ὓπουλον
3077 3873 3294 3945 ἔχοντες
3323 3872 3497 3949 ἦθος,
3536 3879 3757 3949 ἐστερη-

2162 3961 2326 4033 μένον
2371 3979 2430 4014 τε
2467 3962 2576 4034 (55)
2609 3962 2709 4034 τῆς
2753 3964 2860 4017 ἀπὸ
2908 3964 3000 4018 τοῦ
3035 3966 3351 4037 κρείττονος
3392 3972 3645 4042 φυσικῆς
3680 3970 3763 4023 εὖ·

2153 4053 2456 4125 δαιμονίας,
2494 4054 2727 4126 σφοδρὰς
2762 4056 2854 4109 καὶ
2882 4057 3200 4127 αἰφνιδίους,
3242 4054 3364 4112 οἷον
3402 4062 3661 4134 ἐνέδρας,
3691 4060 3761 4125 tit;

2151 4145 2212 4199 τὸ
2246 4145 2379 4199 πολὺ
2405 4145 2684 4200 ποιοῦνται
2715 4146 2816 4211 τὰς
2845 4146 3156 4219 ἐμπτώσεις
3176 4167 3192 4182 ο
3222 4152 3302 4223 πὴ
3337 4153 3453 4223 μὲν
3476 4153 3763 4207 λανθάνειν

2153 4237 2503 4311 πειρώμενοι,
2542 4237 2617 4309 πὴ
2647 4238 2702 4291 δὲ
2729 4238 3063 4311 βιαζόμενοι.
3105 4260 3125 4293 ι
3161 4243 3272 4296 Καὶ
3317 4244 3465 4316 ἑξῆς
3499 4245 3759 4315 ἐπιλέγει·

2158 4349 2178 4384 t
2217 4329 2403 4384 Ταῦτα
2447 4330 2504 4384 δὲ
2537 4330 2645 4402 (54)
2677 4332 2773 4384 καὶ
2800 4332 2870 4386 τὰ
2904 4333 3065 4404 ὃμοια
3111 4335 3359 4401 ποιοῦσι,
3416 4340 3766 4412 μεταστῆσαι

595 4512 650 4592 ξς)
687 4514 859 4592 "paul.
894 4513 971 4592 δὲ.
994 4514 1208 4585 ψυχαί.
1257 4514 1522 4585 Porphyr.
1556 4513 1680 4592 l_.Ml_l
1714 4514 1787 4570 De
1820 4516 2044 4587 absim”

2178 4530 2243 4592 nr
2275 4514 2421 4568 enim
2446 4511 2685 4592 πνεῦμα,
2712 4514 2870 4584 cujus
2889 4530 2955 4569 ex
2981 4516 3391 4592 temperatione
3429 4536 3505 4574 ac
3531 4536 3769 4592 symme-

536 4515 650 4638 (ἐὸ)
687 4515 859 4595 "quat
894 4515 962 4567 δὲ
994 4515 1208 4585 ψυχαί.
1257 4515 1522 4585 Porpliyr.
1556 4515 1593 4567 Ι.
1641 4529 1680 4568 tt

458 4598 521 4653 p.
594 4588 614 4637 1
650 4585 877 4638 edition.
912 4583 1179 4649 Florent.,
1209 4594 1264 4638 at
1295 4601 1446 4639 novae
1469 4599 1523 4654 p.
1560 4585 1685 4639 195.

540 4654 665 4725 (46),
691 4655 1000 4722 Ἐναντίας
1031 4654 1360 4725 δυνάμεως.
1397 4654 1649 4710 Meliores
1677 4655 1799 4712 illos
1845 4657 2045 4713 intelii-

461 4725 560 4793 git,
588 4726 655 4779 de
681 4726 881 4793 quibus
910 4726 1155 4794 proxime
1188 4734 1314 4779 ante
1336 4725 1652 4794 disputavit.

535 4794 649 4870 (f7)
693 4795 851 4849 Ἀλλ’
866 4793 938 4849 (In
955 4794 1228 4870 σχήμασι
1249 4793 1545 4849 πλείοσιν.
1564 4793 1729 4870 itaet;
1754 4795 2039 4870 Porphyt.,

460 4865 657 4942 melius
683 4881 845 4942 quam
869 4906 902 4942 ,_
935 4877 992 4920 ut
1043 4880 1168 4920 ante
1201 4867 1478 4942 legebatur
1502 4905 1517 4929 ,
1552 4866 1664 4919 ἀλλ’
1697 4867 1730 4937 ἢ
1763 4865 2037 4942 ἐνίσχῆμ.

458 4934 631 4991 Porro
663 4938 1069 4992 distinctionem
1128 4934 1300 4991 secuti
1348 4952 1542 4991 sumus
1596 4934 1761 5006 quam
1796 4934 2041 4995 alte'r'ex

458 5022 710 5076 tnanusc.
751 5008 947 5073 habet,
976 5008 1121 5076 quod
1168 5008 1514 5076 perspicuum
1563 5021 1784 5061 sensum
1815 5010 2034 5065 elliciat.

457 5074 595 5151 Nam
628 5077 677 5131 si
717 5086 840 5147 post
895 5074 1309 5151 ἐκτυπούμεναι
1342 5093 1466 5132 cum
1509 5093 1712 5151 excuso
1764 5077 2035 5151 Porphyr.

456 5146 882 5234 distinguamus,
934 5146 1246 5234 necessario
1286 5150 1655 5234 reponendum
1691 5149 1855 5234 fuerit
1877 5146 2041 5202 ἔκτυ-

454 5219 738 5287 πούμενοι,
767 5220 851 5272 vel
878 5219 1059 5287 potius
1091 5219 1525 5288 ἐκτυπουμένας,
1565 5228 1621 5272 ut
1653 5220 1737 5274 vel
1769 5219 2037 5275 referatur

457 5287 525 5339 ad
552 5286 768 5351 πάντες,
799 5289 884 5343 vel
916 5290 1275 5344 subaudiatur
1307 5288 1539 5360 μορφάς.
1570 5287 1646 5343 Ea
1672 5292 1951 5345 distinctio
1979 5296 2033 5345 in

455 5371 624 5412 causa
648 5366 751 5422 est,
781 5361 1137 5428 quamobrem
1164 5362 1215 5414 in
1247 5362 1370 5414 eod.
1398 5375 1605 5414 excuso
1637 5372 2034 5429 consequenter

455 5429 768 5503 ιυεβὲμτνεῖ
789 5429 849 5503 ἕξ
877 5446 1111 5503 χαρακῖ-

530 5495 644 5572 (ᾇβ)
678 5497 851 5572 reos
868 5495 1008 5556 ὗπό.
1047 5500 1228 5572 Malim
1251 5500 1330 5572 τῷ
1361 5500 1419 5554 δέ
1443 5515 1567 5557 cum
1589 5500 1856 5571 Porphyr.

527 5567 639 5638 (49)
674 5568 1013 5645 Τρέπεονθαι.
1045 5569 1182 5645 lline
1202 5567 1578 5645 emendandus
1605 5567 1793 5628 exeus.
1833 5573 1887 5627 in
1918 5590 1992 5645 qu

452 5652 736 5711 perperam
765 5640 963 5711 legitur
988 5642 1304 5711 τρέφεσθαι.
1934 5640 1985 5681 ί

521 5708 635 5786 (50)
681 5711 758 5764 Τὰ
805 5708 925 5763 τῶν
949 5708 1118 5781 arae;
1152 5714 1450 5786 l’orphyr.,
1479 5714 1542 5768 τὺ
1572 5713 1681 5769 τῶν
1725 5716 1815 5784 ἀγ.
1852 5713 2027 5782 Quam

452 5781 740 5839 lectionem
765 5791 990 5838 secutus
1013 5798 1133 5839 sum
1160 5800 1174 5851 ;
1210 5781 1376 5853 recte,
1400 5787 1596 5857 opinor
1621 5804 1633 5839 :
1669 5802 1731 5841 su
1742 5781 2030 5859 bintetligi-

2152 4586 2253 4639 tria
2281 4600 2576 4655 corporum
2603 4585 2767 4639 etiam
2797 4587 3117 4656 temperatio
3156 4596 3212 4641 et
3240 4585 3601 4658 symmetria
3635 4605 3766 4645 eon-

2149 4667 2429 4711 seauatur.

2211 4672 2429 4803 (gilii)?
2455 4725 2689 4803 :r._t_éqr,_
2722 4734 2909 4803 recte;
2971 4742 3080 4803 non
3131 4738 3190 4782 ut
3217 4743 3431 4786 excus.
3483 4732 3579 4796 οὐ,
3627 4730 3771 4803 quod

2147 4796 2316 4851 miras
2340 4796 2572 4851 otiundit
2597 4796 2725 4852 huic
2751 4798 2870 4851 loco
2895 4798 3164 4857 tenebras.

2218 4866 2561 4941 (δὴ-Οὐδέν
2620 4861 2660 4941 ᾇ
2685 4884 2756 4921 τι.
2793 4866 2931 4921 Hinc
2976 4868 3139 4941 etiam
3174 4884 3469 4928 excusnm
3530 4873 3771 4941 corrige.

2145 4939 2238 5007 qui
2261 4933 2389 5005 legit
2415 4937 2569 4991 οὐδὲν
2600 4933 2715 5004 οὖν,
2745 4947 3004 5007 tanquam
3044 4940 3259 4995 initium
3305 4943 3573 5014 aliquod
3629 4933 3773 5003 esset

2145 5022 2298 5061 novae
2324 5008 2553 5061 periodi.

2142 5022 2298 5063 110νὶιέ
2324 5022 2553 5076 ρετιοαι.

2213 5079 2324 5151 (55)
2363 5078 2792 5156 Ἐᾳτερημένρν
2829 5094 2896 5156 τε
2922 5116 2936 5142 ,
2974 5088 3081 5156 etc.
3126 5078 3399 5156 Exeusns
3448 5096 3778 5156 opportune

2141 5148 2390 5204 mutuam
2425 5148 2511 5202 hic
2541 5148 2802 5219 rependet
2828 5150 2997 5204 vicem
3021 5168 3035 5216 ;
3059 5151 3187 5218 legit
3207 5153 3394 5215 enim,
3432 5148 3509 5208 ιη’
3532 5148 3775 5217 videtur,

2142 5221 2366 5297 optime,
2403 5219 2765 5297 ἐστερημένον
2806 5235 2873 5297 τε
2901 5220 3001 5292 τῆς
3038 5220 3306 5297 φυλακῆς,
3362 5225 3483 5297 τῆς
3537 5226 3658 5282 ἀπὸ
3685 5225 3780 5282 τοῦ

2141 5291 2447 5365 κρείττονος
2479 5288 2798 5365 δαιμονίου.-
2822 5288 3537 5365 δίειιύερὶᾴριιιεἰιιθι-ιίιιυ
3586 5301 3783 5354 lectio-

2139 5360 2263 5439 nem
2294 5362 2477 5439 could.
2514 5369 2715 5439 tuetur,
2746 5360 2851 5439 nisi
2884 5363 3029 5431 quod
3069 5360 3370 5439 δαιμονίας
3411 5360 3532 5435 pro
3582 5368 3778 5439 δαιμο-

2142 5432 2260 5485 νίου
2288 5429 2550 5502 Δευίῐὶιεξι.Δ
2579 5427 2858 5502 Utramvis
2902 5427 3175 5500 sequare;
3198 5427 3445 5502 gemina
3492 5427 3785 5495 sententia

2139 5512 2246 5557 est.
2275 5499 2515 5557 Consule
2538 5499 2648 5569 hic,
2677 5502 2724 5558 si
2751 5501 2952 5571 placet,
2981 5499 3449 5575 Porphyrianum
3491 5509 3785 5580 interpre-

2136 5580 2267 5627 tem.

2208 5643 2320 5713 (54)
2357 5642 2546 5698 Ταῦτα
2574 5642 2663 5701 δέ.
2692 5630 2962 5714 Porphyr.
2983 5682 2999 5707 ,
3042 5658 3097 5713 p.
3130 5641 3231 5697 199
3264 5658 3417 5698 nov.
3469 5648 3626 5706 edit.
3679 5651 3787 5707 ista

2134 5715 2387 5791 pertexit.
2420 5714 2737 5791 Daemonum
2788 5724 2970 5791 autem
3008 5724 3153 5791 artes
3188 5715 3478 5791 intelligit
3505 5759 3525 5783 ,
3570 5723 3787 5791 quibus

2135 5785 2188 5839 il
2224 5794 2466 5856 agerent,
2498 5796 2559 5841 ut
2587 5788 2655 5840 ab
2678 5785 2992 5840 hominibus
3027 5784 3185 5839 iidem
3215 5784 3480 5846 omnino
3510 5784 3792 5855 et'ntalue
