4024 6408
270 333 354 388 301

1391 316 1713 373 ΡΒΑΞΡΑΒ.
1756 312 2015 369 EVANG.
2058 310 2187 366 LIB.
2230 310 2320 366 IV.

3385 308 3495 365 ωε

267 452 393 521 tua;
418 446 681 509 ἐθέλοντες
715 443 823 497 ἀπὸ
846 444 946 514 τῆς
970 443 1138 512 ὀρθῆς
1166 441 1371 504 ἐννοίας
1400 438 1507 493 τῶν
1535 438 1692 500 θεῶν,
1718 436 1812 489 καὶ

1928 431 2230 502 :upiditatis
2270 429 2551 501 explendae
2591 443 2755 484 causa
2805 427 3066 482 libentius
3112 425 3492 497 frequentius-

266 546 337 611 ἐφ’
364 542 580 603 ἑαυτοὺς
618 537 964 608 ἐπιστρέψαι.
1004 536 1146 588 Πᾶσι
1177 534 1285 605 γάρ
1329 534 1439 596 τοῖς
1470 531 1642 593 οὕτως
1687 531 1811 583 ἀνο-

269 633 484 709 μολόγως
505 634 598 685 καὶ
616 629 1002 701 ἀκαταλλήλως
1024 629 1329 697 γινομένοις
1363 627 1517 679 αὐτοὶ
1540 625 1811 696 χαίρουσι,

266 729 344 780 καὶ
369 725 549 794 ὥσπερ
574 721 862 784 ὑποδύντες
895 722 964 773 τά
997 720 1106 773 τῶν
1148 719 1321 773 ἄλλων
1355 718 1491 771 θεῶν
1521 716 1811 788 πρόσωπα,

262 818 347 886 τῆς
387 816 656 887 ἡμετέρας
709 813 965 877 ἀϐουλίας
1004 812 1359 877 ἀπολαύουσι,
1411 809 1818 883 προσεταιριςόο

265 927 393 981 μενοι
431 908 539 980 (55)
575 907 643 961 τά
688 906 887 977 πλήθη,
942 907 1030 961 διά
1068 905 1160 959 τοῦ
1211 906 1309 970 τὰς
1356 902 1649 971 ἐπιθυμίας
1706 901 1816 955 τῶν

262 990 538 1071 ἀνθρώπων
575 999 818 1052 ἐκκαίειν
862 999 1027 1070 ἔρωσι
1063 999 1154 1050 καὶ
1199 997 1383 1059 πόθοις
1416 996 1680 1059 πλούτων,
1722 996 1816 1047 καὶ

260 1090 558 1146 δυναστειῶν
615 1091 710 1145 καὶ
764 1090 989 1161 ἡδονῶν,
1038 1090 1341 1155 κενοδοξίας
1396 1105 1455 1141 τε
1481 1083 1576 1141 αὖ·
1637 1086 1694 1153 ἐξ
1741 1081 1816 1140 ὧν

262 1184 451 1244 στάσεις
478 1182 574 1235 καὶ
596 1182 825 1252 πόλεμοι
856 1180 1103 1250 φύονται,
1126 1182 1221 1234 καὶ
1240 1180 1308 1233 τά
1334 1179 1571 1250 συγγενῆ
1587 1178 1815 1232 τούτων.

260 1275 321 1329 Τὸ
341 1275 393 1328 δὲ
427 1275 642 1328 πάντων
673 1275 997 1340 δεινότατον,
1046 1274 1500 1327 ὲπαναὸαίνουσιν
1535 1275 1600 1326 ὲκ
1626 1272 1814 1337 τῶνδε,

259 1370 335 1421 καὶ
368 1369 431 1421 τά
462 1368 623 1438 ὃμοια
671 1366 1022 1421 ἀναπείθουσι
1075 1368 1169 1420 καὶ
1221 1368 1350 1438 περ).
1396 1364 1505 1418 τῶν
1546 1365 1817 1437 μεγίστων

258 1456 397 1520 θεῶν,
423 1457 585 1529 μέχρι
613 1456 707 1511 τοῦ
750 1458 845 1511 καὶ
880 1458 970 1511 τὸν
1005 1458 1227 1528 ἄριστον
1278 1457 1409 1510 Θεὸν
1450 1456 1660 1519 τούτοις
1708 1458 1817 1519 τοῖς

257 1551 575 1620 ἐγκλήμασιν
602 1550 855 1617 ὑπάγειν·
889 1544 933 1617 ᾧ
963 1551 1027 1621 δὴ
1059 1552 1153 1603 καὶ
1177 1549 1505 1621 τεταράχθαι
1542 1549 1653 1618 (56)
1686 1549 1818 1617 φασὶ

258 1645 394 1697 πάντ’
418 1644 528 1697 ἀνω
558 1644 654 1697 καὶ
684 1643 855 1696 κάτω.
880 1642 1194 1701 Πεπόνθασι
1223 1644 1279 1696 δὲ
1306 1644 1463 1695 τοῦτο
1486 1642 1584 1694 οὐκ
1612 1642 1818 1695 ίδιῶται

258 1734 417 1804 μόνον,
446 1733 583 1787 ἀλλά
621 1736 713 1787 καὶ
750 1734 857 1787 τῶν
881 1735 938 1785 ὲν
970 1734 1257 1805 φιλοσοφίᾳ
1295 1733 1680 1804 διατριϐόντων
1716 1734 1817 1786 οὐκ

1916 540 2023 595 que
2056 535 2324 587 versatur,
2357 523 2491 577 nihil
2524 523 2682 592 plane
2712 521 2935 576 sceleris
2963 529 3067 587 est,
3119 522 3263 591 quod
3314 521 3497 575 moliri

1916 632 2022 670 non
2051 617 2243 671 soleat.
2273 614 2407 669 Nam
2465 614 2610 684 quod
2638 614 2921 683 impotenti
2949 613 3240 667 admodum
3276 630 3341 667 ac
3368 615 3497 668 sub-

1913 709 2041 763 dolo
2113 708 2331 779 ingenio
2369 708 2461 770 sit,
2508 706 2766 776 quodque
2805 705 3049 759 melioris
3093 720 3157 759 ac
3206 704 3496 759 divinioris

1914 800 2179 855 daemonis
2210 799 2544 870 providentia
2570 804 2776 863 careat,
2813 797 3165 852 vehementes
3192 812 3257 851 ac
3302 813 3495 866 repen-

1915 892 2064 946 tinos
2102 899 2164 945 ut
2197 890 2494 961 plurimum
2532 890 2770 959 impetus
2812 890 2975 944 habet
3016 889 3337 959 insidiisque
3376 905 3500 959 pcr-

1917 985 2150 1047 similes,
2178 983 2375 1054 partim
2402 991 2463 1037 ut
2486 980 2701 1037 facilius
2729 982 2915 1045 lateat,
2941 982 3139 1050 partim
3168 992 3224 1035 ut
3259 981 3499 1051 vi,quod

1916 1078 2021 1133 sibi
2050 1078 2395 1149 propositum
2433 1084 2538 1140 est,
2570 1084 2917 1145 extorqueat.
2961 1094 2978 1125 ι
3016 1074 3081 1127 Et
3110 1075 3296 1144 paucis
3330 1074 3501 1129 inter-

1911 1170 2076 1241 jectis
2101 1182 2150 1220 τι
2181 1168 2359 1239 Atque
2389 1168 2495 1233 his,
2543 1167 2744 1236 inquit,
2780 1154 3016 1236 aliisque
3057 1166 3331 1221 similibus
3376 1182 3495 1220 ma-

1917 1261 2207 1317 chinandis
2256 1262 2359 1315 hoc
2396 1270 2725 1330 sequuntur,
2756 1261 2837 1313 uti
2873 1275 2974 1314 nos
3005 1276 3036 1316 a
3073 1268 3219 1314 recta
3250 1275 3496 1328 sanaque

1917 1355 1985 1409 de
2021 1355 2127 1409 diis
2160 1354 2418 1423 opinione
2459 1354 2698 1407 dimotos
2734 1352 2800 1407 ad
2852 1367 2974 1407 sese
3009 1352 3319 1406 traducant.
3355 1351 3492 1407 Nam

1918 1463 2042 1503 cum
2077 1447 2198 1501 istis
2240 1445 2518 1509 omnibus,
2566 1447 2617 1498 in
2670 1444 2872 1515 quibus
2905 1444 3042 1498 nihil
3076 1444 3403 1499 cohaerentis
3445 1455 3499 1499 et

1919 1543 2276 1598 consentanei
2324 1542 2416 1607 sit,
2462 1540 2735 1612 praecipue
2776 1541 3137 1607 delectentur,
3196 1553 3312 1596 tum
3369 1556 3500 1594 vero

1920 1634 2078 1703 quasi
2118 1634 2349 1688 aliorum
2390 1633 2616 1689 deorum
2647 1632 2822 1687 induti
2867 1648 3195 1702 personam,
3243 1634 3497 1688 vecordia

1924 1725 2181 1781 fruuntur
2208 1732 2419 1790 nostra,
2455 1725 2668 1794 hocque
2702 1723 2867 1777 veluti
2896 1724 3171 1778 lenocinio
3194 1724 3501 1778 multitudi-

254 1791 423 1891 t'ili‘foz.
464 1823 526 1877 Ἠ
554 1824 601 1877 δ’
638 1826 786 1878 αίτία
814 1824 886 1878 δι’
919 1791 1548 1895 ἀλλήλων-γεγονε.’Καὶ
1573 1823 1683 1895 γὰρ
1705 1821 1813 1876 τῶν

1928 1832 2041 1870 nem
2058 1816 2311 1880 illiciunt,
2335 1816 2464 1870 dum
2481 1791 2763 1869 hominum
2786 1814 3110 1883 cupiditates
3135 1814 3498 1880 inflammant,

258 1914 667 1983 φιλοσοφούντων
702 1916 752 1966 οἱ
800 1914 872 1985 μὴ
916 1913 1255 1977 ἀποστάντες
1302 1915 1400 1985 τῆς
1433 1915 1617 1985 κοινῆς
1646 1916 1816 1985 φορᾶς

255 2011 325 2071 είς
352 2008 413 2061 τά
445 1998 587 2062 αὐτὰ
616 2012 728 2071 τοῖς
761 2008 986 2079 πλήθεσι
1033 2008 1356 2078 συνέδησαν.
1404 2009 1515 2061 Καὶ
1551 2008 1709 2061 πάλιν
1748 2002 1815 2061 αὖ

255 2101 313 2152 τὰ
348 2100 543 2172 πλήθη,
602 2100 869 2172 σύμφωνα
915 2104 1036 2165 ταῖς
1084 2100 1264 2155 αὐτῶν
1300 2100 1481 2165 δόξαις
1529 2102 1677 2173 παρά
1707 2100 1818 2153 τῶν

255 2192 534 2245 δοκούντων
574 2191 755 2261 σοφῶν
783 2191 1070 2254 ἀκούοντα,
1120 2190 1443 2263 ἐπερρώσθη
1489 2194 1705 2263 φρονεῖν
1738 2191 1817 2243 ἔτι

257 2284 438 2353 μᾶλλον
471 2286 605 2357 περὶ
633 2284 741 2338 τῶν
772 2284 909 2337 Θεῶν
939 2284 1006 2337 τὰ
1032 2285 1275 2338 τοιαῦτα.
1307 2284 1379 2338 Τὸ
1407 2284 1506 2355 μὲν
1535 2283 1644 2355 γάρ
1672 2301 1821 2354 ποιη-

255 2380 388 2431 τικὸν
419 2379 513 2431 καὶ
563 2378 968 2450 προσεξέκαυσε
994 2377 1094 2440 τάς
1134 2377 1429 2450 ὑπολήψεις
1471 2380 1579 2431 τῶν
1605 2379 1818 2452 ἀνθρὼ-

257 2489 380 2539 πων,
405 2472 481 2543 τῷ
500 2473 746 2545 χρῆσθαι
778 2474 977 2546 φράσει
1002 2475 1140 2546 πρὸς
1158 2474 1420 2545 ἔκπληξιν
1446 2476 1540 2527 καὶ
1568 2475 1818 2545 γοητείαν

252 2568 599 2638 πεποιημένῃ,
632 2565 860 2637 κήλησίν
889 2582 947 2617 τε
977 2563 1272 2634 ἐμποιῆσαι.
1293 2603 1308 2627 ,
1340 2566 1432 2617 καὶ
1464 2565 1646 2619 πίστιν
1687 2568 1814 2639 περὶ

250 2655 791 2713 τιῦναδυνατωτάτων
832 2656 1209 2727 πεποιημένην
1241 2655 1386 2727 (57)·
1417 2656 1533 2712 δέον
1565 2659 1814 2729 ἐμπέδως

256 2744 556 2808 πεπεῖσθαι,
583 2746 663 2797 ὅτι
686 2745 809 2797 οὒτε
829 2746 889 2798 τὸ
920 2747 1122 2813 ἀγαθὸν
1155 2746 1380 2817 βλάπτει
1414 2749 1563 2812 ποτὲ,
1606 2748 1727 2803 οὔτε
1759 2750 1820 2804 τὸ

257 2836 409 2888 κακὸν
434 2837 655 2906 ὠφελεῖ.
686 2839 759 2891 Οὐ
784 2839 891 2910 γὰρ
930 2837 1282 2911 θερμότητος,
1310 2840 1384 2904 ὥς
1411 2858 1540 2911 φησι
1570 2841 1816 2906 Πλάτων,

255 2928 309 2979 τὸ
326 2927 530 2999 ψύχειν,
560 2930 693 2983 ἀλλὰ
714 2930 807 2983 τοῦ
833 2931 1095 2984 ἐναντίου·
1122 2932 1242 2984 οὐδὲ
1262 2932 1597 3003 ψυχρότητος
1618 2932 1677 2986 τὸ
1707 2933 1822 3005 θερ-

261 3021 477 3088 μαίνειν,
502 3022 642 3075 ἀλλά
668 3020 760 3075 τοῦ
784 3023 1024 3076 ἐναντίου
1046 3040 1058 3053 ⁸
1092 3020 1263 3086 οὕτως
1279 3025 1396 3077 οὐδὲ
1418 3024 1511 3077 τοῦ
1531 3025 1738 3079 δικαίου
1760 3026 1821 3078 τὸ

1917 1911 2115 1980 partim
2151 1911 2458 1976 amoribus,
2496 1910 2696 1979 partim
2741 1909 3078 1974 divitiarum,
3110 1910 3491 1979 imperiorum,

1918 2005 2256 2073 voluptatum
2284 2002 2614 2073 appetentia,
2654 2001 2851 2069 partim
2888 2001 3126 2071 denique
3148 2012 3284 2058 aestu
3318 2004 3499 2058 inanis

1919 2099 2105 2169 gloriae
2135 2115 2147 2149 :
2182 2098 2325 2152 unde
2352 2097 2670 2161 seditiones,
2714 2096 2878 2159 bella,
2909 2104 3075 2166 atque
3110 2096 3164 2151 id
3196 2114 3368 2168 genus
3394 2114 3499 2154 εω-

1919 2201 2035 2246 tera
2054 2190 2204 2246 nasci
2237 2189 2435 2245 solent.
2466 2188 2737 2259 Quodque
2770 2189 3018 2244 omnium
3052 2190 3211 2260 longe
3238 2190 3502 2263 indignis-

1918 2285 2117 2340 simum
2148 2293 2252 2348 est,
2278 2284 2506 2355 gradum
2530 2298 2599 2338 ex
2632 2283 2721 2337 his
2752 2296 2915 2351 porro
2944 2281 3186 2346 faciunt,
3212 2299 3275 2339 ac
3299 2284 3502 2339 similia

1918 2376 2078 2433 facile
2103 2381 2172 2433 de
2199 2380 2433 2433 summis
2457 2391 2675 2447 quoque
2701 2376 2809 2431 diis
2830 2375 3180 2445 persuadent,
3211 2392 3385 2445 usque
3413 2393 3501 2443 en,

1920 2478 1980 2522 ut
2010 2466 2177 2523 Deum
2205 2469 2370 2523 etiam
2394 2469 2662 2537 optimum
2696 2467 2887 2522 iisdem
2920 2468 3245 2522 criminibus
3263 2469 3505 2538 probris-

1920 2577 2027 2632 que
2065 2562 2402 2632 sub‘jiciant:
2436 2577 2545 2631 quo
2575 2577 2685 2616 uno
2723 2561 3027 2632 praesertim
3066 2562 3250 2616 omnia
3282 2577 3503 2617 sursum

1920 2669 1986 2709 ac
2013 2654 2271 2709 deorsum
2303 2662 2423 2708 acta
2447 2652 2790 2723 confusaque
2824 2669 2948 2710 esse
2982 2656 3161 2709 aiunt.
3212 2653 3504 2709 Enimvero

1922 2762 2031 2801 non
2082 2747 2280 2801 idiotas
2322 2747 2518 2813 modo,
2554 2748 2647 2802 sed
2690 2749 2855 2801 etiam
2904 2748 3352 2817 philosophorum
3392 2764 3502 2802 non

1921 2856 2128 2911 paucos
2163 2841 2251 2896 hic
2279 2841 2504 2895 morbus
2549 2838 2783 2905 invasit;
2831 2846 2994 2909 atque
3036 2840 3111 2893 ita
3158 2841 3399 2908 quidem,
3444 2848 3505 2893 ut

1924 2933 2027 2986 sibi
2065 2942 2253 2987 mutuo
2277 2932 2495 2985 errandi
2531 2931 2879 2985 occasionem
2924 2931 3249 3000 praeberent.
3285 2930 3420 2986 Nam
3447 2942 3507 2987 ut

1924 3023 2019 3092 qui
2067 3038 2132 3076 ex
2168 3022 2508 3092 philosophis
2551 3036 2672 3075 sese
2708 3023 2891 3076 minus
2934 3024 3212 3077 communi
3257 3024 3327 3078 ab
3371 3034 3503 3078 testu

258 3112 517 3180 βλάπτειν.
553 3114 895 3167 Δικαιότατον
925 3112 987 3187 δὴ
1015 3132 1117 3167 που
1144 3118 1301 3184 φύσει
1333 3116 1547 3169 πάντων
1566 3117 1622 3170 τὸ
1645 3116 1815 3171 Θεῖον*

1928 3115 2313 3179 subducerent,
2356 3115 2409 3168 in
2441 3115 2685 3167 eamdem
2721 3130 2845 3168 cum
2876 3114 3128 3183 imperita
3158 3116 3508 3171 multitudine

257 3204 365 3258 ἐπεὶ
386 3205 489 3259 οὐδ’
524 3205 590 3258 ἂν
614 3202 681 3277 ἦν
714 3206 885 3259 Θεῖον.
915 3206 1122 3260 Οὐκοῦν
1145 3206 1556 3277 ἀποτετμῆσθαι
1586 3207 1665 3259 δεῖ
1688 3207 1821 3260 ταύ-

256 3312 343 3365 την
367 3299 461 3367 τὴν
492 3297 724 3368 δύναμιν
760 3298 852 3350 καὶ
891 3301 1081 3370 μοῖραν
1108 3298 1217 3351 τῶν
1250 3298 1601 3370 ἀγαθοεργῶν
1634 3299 1824 3371 δαιμό-

256 3404 367 3440 νων.
420 3390 480 3442 Ἦ
534 3390 642 3461 γάρ
682 3389 937 3460 βλάπτειν
984 3392 1259 3459 πεφυκυῖά
1294 3409 1353 3444 τε
1394 3394 1485 3445 καὶ
1526 3392 1821 3465 βουλομένη

260 3479 458 3534 ἐναντία
506 3485 570 3553 τῇ
615 3483 961 3555 ἀγαθοεργῷ’
994 3483 1061 3537 τά
1104 3484 1150 3537 δ’
1192 3484 1410 3537 ἐναντία
1452 3486 1580 3555 περὶ
1603 3484 1663 3536 τὸ
1693 3484 1861 3536 αὐτὸ.

260 3575 347 3626 οὐκ
382 3574 443 3627 ἀν
479 3592 614 3628 ποτε
656 3576 881 3644 γένοιτο.
903 3577 1042 3631 »Καὶ
1088 3572 1274 3640 αὖθις’
1316 3596 1334 3627 ι
1368 3576 1467 3629 Διά
1494 3576 1679 3646 μέντοι
1711 3575 1822 3646 (58)

260 3668 356 3719 τῶν
382 3669 638 3723 ἐναντίων
670 3671 765 3722 καὶ
791 3672 823 3739 ἡ
857 3671 1005 3722 πᾶσα
1040 3670 1262 3739 γοητεία
1306 3668 1633 3722 ἐπιτελεῖται
1656 3685 1669 3699 ’
1701 3668 1825 3722 τού-

261 3775 374 3821 τους
401 3759 508 3831 γὰρ
558 3760 812 3830 μάλιστα,
856 3760 1067 3814 καὶτὸν
1101 3760 1419 3831 προεστῶτα
1464 3759 1641 3813 αὐτῶν
1683 3762 1827 3814 ἐκτι-

265 3850 422 3914 μῶσιν
443 3855 488 3907 οἱ
524 3852 593 3906 τὰ
629 3852 772 3906 κακά
800 3853 887 3905 διὰ
924 3848 1029 3906 τῶν
1057 3853 1319 3923 γοητειῶν
1346 3853 1823 3925 διαπραττόμενοι.

264 3940 485 4015 Πλήρεις
529 3947 639 4017 γάρ
678 3948 781 3999 είσι
834 3946 1013 4017 πάσης
1053 3946 1370 4014 φαντασίας,
1416 3946 1509 4000 καὶ
1545 3948 1826 4018 ἀπατῆσαι

263 4030 421 4088 ἱκανοὶ
448 4036 539 4088 διά
571 4038 669 4106 τῆς
693 4035 1102 4108 τερατουργίας.
1125 4036 1222 4088 Διά
1246 4036 1451 4090 τούτων
1486 4038 1595 4109 (59)
1632 4037 1828 4111 φίλτρα

264 4127 347 4179 καὶ
370 4129 607 4198 ἐρωτικά
634 4126 1128 4190 κατασκευάζουσιν
1154 4130 1201 4181 οἱ
1225 4127 1617 4201 κακοδαίμονες
1635 4147 1648 4160 ·
1678 4134 1828 4187 πᾶσα

265 4218 363 4291 γάρ
388 4220 669 4284 ἀκολασία,
698 4223 790 4274 καὶ
820 4220 1063 4273 πλούτων
1088 4219 1244 4285 ἐλπὶς
1277 4224 1371 4275 καὶ
1399 4222 1577 4294 δόξης,
1602 4224 1689 4277 διὰ
1715 4225 1831 4278 τού-

262 4327 380 4371 των,
425 4313 520 4366 καὶ
569 4312 799 4383 μάλιστα
839 4314 872 4385 ἡ
913 4315 1114 4385 ἀπάτη.
1153 4315 1226 4369 Τὸ
1252 4314 1360 4386 γάρ
1402 4316 1597 4385 ψεῦδος
1620 4317 1831 4383 τούτοις

264 4404 475 4458 οἰκεῖον·
515 4403 790 4474 βούλονται
825 4407 933 4476 γὰρ
963 4402 1100 4459 εἶναι
1144 4407 1275 4469 θεοὶ,
1308 4409 1401 4460 καὶ
1429 4409 1461 4478 ἡ
1507 4410 1829 4479 προεστῶσα

1932 3207 2256 3263 sententiam
2287 3206 2712 3276 Opinionemque
2755 3206 3159 3262 descendebant
3196 3223 3210 3258 :
3254 3208 3336 3263 sic
3368 3208 3509 3262 mul-

1933 3300 2108 3355 titudo
2131 3316 2344 3365 rursus,
2371 3314 2579 3354 cumex
2605 3300 2693 3365 iis,
2722 3299 2816 3369 qui
2849 3300 3120 3370 sapientes
3143 3299 3507 3365 habebantur,

1932 3393 2363 3463 cogitationibus
2392 3394 2508 3449 suis
2540 3402 2940 3449 consentaneas
2983 3395 3385 3464 disputationes
3412 3412 3512 3449 au-

1933 3488 2093 3553 diret,
2130 3490 2386 3542 haustum
2416 3490 2583 3541 semel
2616 3487 2682 3541 de
2711 3486 2815 3542 diis
2839 3502 3082 3542 errorem
3116 3489 3289 3558 magis
3318 3488 3371 3543 in
3394 3488 3512 3543 dies

1933 3582 2217 3652 magisque
2252 3579 2635 3635 confirmabat.
2674 3577 2953 3649 Siquidem
2996 3582 3181 3648 poesis
3220 3582 3335 3649 ipsa
3371 3597 3513 3651 quo-

1934 3687 2041 3743 que
2067 3673 2226 3726 novis
2260 3671 2548 3724 hominum
2604 3671 2891 3739 opiniones
2924 3670 3133 3725 facibus
3159 3672 3511 3737 accendebat,

1936 3781 2061 3821 cum
2089 3765 2329 3819 dictione
2356 3764 2425 3818 ad
2460 3763 2881 3817 admirationem
2914 3764 3331 3833 prmstigiasque
3361 3779 3513 3819 com-

1934 3866 2149 3930 parata,
2185 3872 2284 3913 nec
2322 3858 2390 3912 ad
2430 3856 2734 3911 titillandos
2776 3856 2940 3909 modo
2981 3856 3513 3926 permulcendosque

1937 3967 2155 4018 sensus,
2193 3966 2383 4005 verum
2422 3951 2587 4004 etiam
2622 3949 2687 4002 ad
2718 3946 2877 4001 (idem
2914 3964 3123 4011 rerum,
3166 3964 3288 4017 qua:
3319 3950 3513 4003 verisi-

1937 4043 2300 4100 militudinem
2341 4056 2569 4111 prorsus
2628 4054 2847 4094 omnem
2886 4028 3263 4105 excluderent,
3303 4040 3514 4095 facien-

1937 4136 2061 4190 dam
2117 4134 2497 4203 potentissima
2551 4140 2817 4187 uteretur.
2884 4130 2988 4185 Sed
3030 4148 3214 4185 verum
3268 4130 3512 4202 profectu

1937 4238 2076 4293 erat,
2106 4226 2210 4280 hoc
2240 4226 2343 4281 sibi
2373 4232 2690 4281 constanter
2722 4223 2773 4276 in
2806 4224 3050 4277 animum
3090 4224 3368 4287 inducere,
3414 4240 3513 4278 nec

1939 4335 1971 4374 a
2002 4319 2148 4374 bono
2168 4318 2500 4382 detrimenti,
2520 4334 2619 4371 nec
2644 4333 2673 4370 a
2709 4318 2852 4369 malo
2881 4316 3178 4384 adjumenti
3216 4318 3511 4386 quidquam

1941 4410 2215 4483 proficisci
2248 4425 2430 4479 posse.
2466 4407 2536 4463 Ut
2566 4410 2733 4473 enim,
2766 4408 2913 4478 quod
2945 4408 3022 4461 ait
3054 4407 3227 4473 Plato,
3270 4426 3366 4464 nec
3412 4408 3513 4463 fri-

265 4497 431 4550 αὐτῶν
456 4498 685 4568 δύναμις
713 4498 888 4551 δοκεῖν
915 4498 1047 4561 Θεὸς
1071 4494 1208 4552 εἶναι
1237 4500 1265 4553 ὁ
1294 4500 1568 4570 μέγιστος.
1600 4497 1757 4557 Οὗτοι
1783 4504 1823 4555 ol

1940 4506 2184 4576 gefacere
2209 4504 2409 4559 caloris
2438 4511 2542 4570 est,
2562 4505 2653 4558 sed
2681 4501 2938 4557 contrarii
2962 4518 2975 4566 ;
3002 4518 3099 4556 nec
3128 4501 3344 4570 frigoris
3373 4504 3518 4557 cale-

266 4589 535 4661 χαίροντες
556 4590 707 4660 λοιϐῇ
726 4608 783 4644 τε
802 4591 997 4664 κνίσσῃ
1012 4608 1093 4654 τε,
1119 4592 1185 4644 δι’
1201 4586 1276 4645 ὦν
1299 4594 1476 4647 αὐτῶν
1497 4594 1556 4647 τὸ
1589 4613 1834 4665 πνευμα-

265 4682 401 4733 τικὸν
436 4682 529 4734 καὶ
562 4682 870 4752 σωματικὸν
896 4684 1186 4737 πιαίνεται.
1216 4687 1289 4756 Ζῇ
1318 4684 1426 4757 γάρ
1455 4686 1613 4739 τοῦτο
1639 4688 1831 4758 ἀτμοῖς

266 4774 353 4829 καὶ
392 4775 810 4846 ἀναθυμιάσεσι,
859 4778 1118 4842 ποικίλως
1157 4778 1247 4831 διὰ
1274 4780 1379 4833 τῶν
1413 4779 1693 4843 ποικίλων,
1740 4781 1832 4833 καὶ

268 4995 378 5051 rum
405 4989 459 5035 et
492 4981 761 5037 honorum
795 4991 1044 5037 auctores
1076 4983 1427 5045 haberentur,
1464 4984 1648 5051 itaque
1698 4980 1835 5038 faci-

267 5050 365 5105 lius
417 5053 720 5106 divinitatis
767 5054 1079 5122 opinionem
1128 5055 1506 5122 impetrarent.
1559 5050 1831 5108 Caeterum

266 5122 519 5192 quidquid
553 5138 617 5177 eo
652 5123 772 5194 loco
798 5125 1209 5194 philosolihetur
1230 5122 1583 5194 Porphyrius,
1617 5139 1745 5177 vere
1771 5138 1834 5178 ac

270 5194 347 5261 pie
386 5195 647 5258 creditur,
682 5193 844 5261 hujus
872 5196 993 5248 vita:
1018 5193 1375 5249 calamitates
1418 5193 1622 5248 divinae
1650 5195 1834 5262 provi—

268 5266 451 5318 (lentiae
486 5280 597 5318 non
636 5265 970 5333 permittenti
1002 5267 1185 5327 modo,
1223 5267 1314 5318 sed
1352 5265 1516 5319 etiam
1557 5273 1616 5317 ut
1662 5266 1834 5334 pluri-

270 5348 407 5387 mum
438 5335 710 5398 inferenti,
738 5346 899 5406 atque
928 5338 1027 5389 has
1055 5337 1323 5391 scelerum
1356 5344 1667 5393 nostrorum
1712 5349 1833 5405 pm-

272 5420 360 5458 uas
386 5406 658 5475 expetenti
685 5421 807 5459 esse
843 5406 1179 5462 tribuendas.
1314 5459 1318 5463 .

334 5476 443 5545 (55)
477 5475 1068 5545 Προσεταιριζόμενοι,
1088 5486 1191 5531 etc.
1220 5477 1320 5530 Adi
1356 5475 1555 5531 Euseb.
1583 5485 1829 5531 nostrum

272 5544 309 5600 l.
332 5560 383 5618 tv
416 5544 492 5602 De
522 5544 889 5610 ’Demomtr,
915 5562 964 5601 c.
1000 5548 1053 5610 9,
1088 5547 1186 5618 ubi
1220 5547 1287 5602 de
1327 5545 1580 5604 Lucifero
1615 5547 1829 5618 gemina

272 5617 711 5696 philosophatur,
754 5633 929 5696 quem
958 5618 1145 5696 gravia
1177 5617 1305 5696 licet
1334 5618 1517 5696 omnia
1576 5617 1831 5696 gentibus

273 5687 698 5758 intermi’uatum,
729 5687 1084 5756 potentiorem
1113 5688 1307 5743 deinde
1334 5690 1401 5743 ad
1430 5704 1525 5745 eas
1569 5687 1829 5758 subigen-

275 5757 374 5830 das
395 5760 688 5830 voluptatis
714 5760 1019 5830 illecebram
1045 5759 1383 5830 excogitasse
1413 5757 1771 5830 demonstrat.

338 5823 548 5901 (56)?
577 5829 656 5898 δὴ
691 5829 785 5883 καὶ
812 5823 1318 5899 τεταράχθαιξειο.
1351 5828 1617 5903 Porphyr.
1646 5870 1662 5897 ,
1712 5828 1739 5881 ὃ
1762 5828 1828 5900 δὴ

1945 4600 2144 4661 facere,
2186 4598 2343 4670 173
2372 4597 2465 4652 sed
2491 4596 2751 4652 contrarii
2775 4614 2788 4662 ;
2823 4597 2901 4650 sic
2925 4609 3101 4665 neque
3138 4610 3355 4662 nocere,
3377 4596 3512 4665 justi

1938 4706 2059 4746 esse
2086 4697 2263 4759 potest
2290 4731 2302 4743 .
2345 4687 2487 4744 Deus
2518 4697 2699 4742 autem
2732 4699 2877 4741 certe
2907 4697 3098 4741 natura
3128 4703 3226 4742 sua
3260 4703 3345 4741 res
3391 4704 3513 4741 om-

1938 4796 2035 4836 nes
2062 4779 2319 4850 aequitate
2350 4794 2413 4833 ac
2448 4778 2665 4848 justitia
2712 4785 2954 4847 supcrat,
2991 4776 3196 4845 alioqui
3250 4792 3317 4831 ne
3372 4776 3515 4832 Deus

1936 4980 2030 5034 καὶ
2085 4979 2441 5050 τετάρακται,
2485 4975 2638 5046 φασὶ,
2697 4974 2855 5050 πάντ’
2889 4975 3001 5027 ἄνω
3043 4973 3215 5050 κάτω.
3244 4971 3514 5050 Vitiosum

1937 5052 2156 5121 quidem
2206 5046 2289 5103 est
2322 5048 2350 5101 ὃ
2375 5049 2461 5121 δή,
2511 5056 2567 5101 at
2594 5048 2877 5121 sequentia
2914 5046 3115 5121 magis
3145 5046 3361 5113 placent
3412 5047 3518 5100 hoc

1937 5087 1952 5105 ι
1979 5087 2156 5105 “me...
2206 5087 2289 5103 υο.
2322 5087 2349 5101 ν
2376 5087 2422 5100 ν.
2511 5087 2567 5101 α.
2594 5087 2671 5100 νη
2699 5087 2877 5099 ...,......
3045 5087 3085 5097 ,υ
3184 5087 3361 5097 ...νυμ-
3412 5087 3513 5100 ..νη

1936 5087 2138 5186 έεηευς
2181 5136 2291 5190 quo
2334 5088 2577 5185 quidem,
2620 5087 2829 5180 omnia,
2887 5087 3034 5190 quod
3069 5087 3243 5177 aiurnt,
3292 5131 3513 5170 sursum

1937 5208 2002 5246 ac
2030 5187 2286 5245 deorsum
2311 5201 2427 5243 acta
2464 5198 2612 5253 sunt,
2640 5196 2804 5255 atque
2831 5187 3081 5240 confusa.

2009 5262 2121 5335 (57)
2147 5259 2583 5335 Πεποιημένην.
2621 5255 2994 5335 _Nou‘dubit.o
3049 5256 3178 5324 quin
3230 5258 3516 5328 legendum

2009 5278 2583 5384 (οηιιεποιηβενην.
2635 5278 2753 5310 non
2804 5278 2994 5311 uumtu
3049 5278 3056 5306 ι

1938 5333 2334 5420 εἰι,ν‹ιυοιιιοόο
2412 5329 2729 5452 οῳῑιὲιιὶυε,
2767 5326 3056 5411 δυναμένῃ-³

2009 5404 2121 5452 (ηδ)
2157 5402 2260 5452 Διὰ
2287 5401 2506 5452 ιιέντοι.
2587 5400 2836 5452 ornhvr..
2870 5414 2921 5452 ο.
2946 5397 3053 5451 2οο

2009 5401 2121 5475 (se)
2157 5402 2260 5475 Διά
2281 5401 2506 5475 μέντοι.

2007 5467 2120 5545 (59)
2152 5473 2256 5527 Διὰ
2281 5467 2531 5526 τούτων.
2564 5467 2955 5545 Maleﬁcorum,
2982 5484 3048 5521 an
3085 5467 3431 5545 daemonum?
3460 5469 3520 5525 Si

1935 5537 2333 5606 malelicorum,
2367 5544 2417 5595 οἱ
2443 5537 2837 5608 κακοδαίμονες
2878 5548 3005 5592 sunt
3043 5540 3169 5592 mali
3206 5542 3519 5605 daemones;

1935 5619 2021 5673 sin
2063 5615 2398 5677 daemonum,
2429 5614 2478 5666 ol
2503 5607 2896 5679 κακοδαίμονες
2924 5610 3110 5663 miseri
3143 5621 3323 5665 erunt.
3374 5609 3522 5670 Sane

1934 5688 2022 5743 his
2057 5688 2111 5741 in
2137 5688 2301 5741 rebus
2334 5694 2579 5738 mutuam
2612 5679 2721 5739 sib‘_
2750 5681 3021 5751 daemones
3045 5689 3097 5735 et
3131 5682 3363 5736 malefici
3389 5695 3520 5750 ope-

1933 5774 2052 5813 ram
2082 5764 2304 5811 navant.

2587 5400 2836 5469 orphyr.,
2868 5414 2921 5466 p.
2946 5397 3071 5451 205.
