  <div class='ocr_page' id='page_1' title='image "/cluster/home/n/w/nwhite01/storage/ocr_20150623/21/hvd.32044073501165/165.png"; bbox 0 0 3890 6384; ppageno 0'>
   <div class='ocr_carea' id='block_1_1' title="bbox 522 381 3738 443">
    <p class='ocr_par' dir='ltr' id='par_1_1' title="bbox 522 381 3738 443">
     <span class='ocr_line' id='line_1_1' title="bbox 522 381 3738 443; baseline -0 -1"><span class='ocrx_word' id='word_1_1' title='bbox 522 385 634 443; x_wconf 65' lang='lat'><strong>505</strong></span> <span class='ocrx_word' id='word_1_2' title='bbox 1199 383 1466 441; x_wconf 85' lang='lat' dir='ltr'><strong>EUSEBII</strong></span> <span class='ocrx_word' id='word_1_3' title='bbox 1505 381 1984 438; x_wconf 59' lang='lat' dir='ltr'><strong>CESAlllliNSlS</strong></span> <span class='ocrx_word' id='word_1_4' title='bbox 2018 382 2167 437; x_wconf 83' lang='lat' dir='ltr'><strong>OPP.</strong></span> <span class='ocrx_word' id='word_1_5' title='bbox 2213 382 2389 438; x_wconf 76' lang='lat' dir='ltr'><strong>PARS</strong></span> <span class='ocrx_word' id='word_1_6' title='bbox 2422 383 2488 439; x_wconf 88' lang='lat' dir='ltr'><strong>ll.</strong></span> <span class='ocrx_word' id='word_1_7' title='bbox 2529 416 2596 424; x_wconf 94' lang='lat'><strong>——-</strong></span> <span class='ocrx_word' id='word_1_8' title='bbox 2640 384 3118 441; x_wconf 73' lang='lat' dir='ltr'><strong>APOLOGETICA</strong></span> <span class='ocrx_word' id='word_1_9' title='bbox 3650 388 3738 441; x_wconf 66' lang='lat'><strong>50$</strong></span> 
     </span>
    </p>
   </div>
   <div class='ocr_carea' id='block_1_2' title="bbox 527 499 2063 576">
    <p class='ocr_par' dir='ltr' id='par_1_2' title="bbox 527 500 2063 576">
     <span class='ocr_line' id='line_1_2' title="bbox 527 500 2063 576; baseline -0.005 -17"><span class='ocrx_word' id='word_1_10' title='bbox 527 504 748 576; x_wconf 87' lang='lat' dir='ltr'><strong>quidem</strong></span> <span class='ocrx_word' id='word_1_11' title='bbox 773 512 938 558; x_wconf 88' lang='lat' dir='ltr'><strong>esset.</strong></span> <span class='ocrx_word' id='word_1_12' title='bbox 978 501 1296 569; x_wconf 66' lang='lat' dir='ltr'><strong>Quare‘vim</strong></span> <span class='ocrx_word' id='word_1_13' title='bbox 1344 500 1526 563; x_wconf 76' lang='lat' dir='ltr'><strong>istam,</strong></span> <span class='ocrx_word' id='word_1_14' title='bbox 1554 509 1716 569; x_wconf 88' lang='lat' dir='ltr'><strong>atque</strong></span> <span class='ocrx_word' id='word_1_15' title='bbox 1743 502 1841 554; x_wconf 89' lang='lat' dir='ltr'><strong>has</strong></span> <span class='ocrx_word' id='word_1_16' title='bbox 1873 515 2063 553; x_wconf 77' lang='lat' dir='ltr'><strong>nocent</strong></span> 
     </span>
    </p>
   </div>
   <div class='ocr_carea' id='block_1_3' title="bbox 2203 499 3739 576">
    <p class='ocr_par' dir='ltr' id='par_1_3' title="bbox 2205 499 3739 571">
     <span class='ocr_line' id='line_1_3' title="bbox 2205 499 3739 571; baseline 0.001 -18"><span class='ocrx_word' id='word_1_17' title='bbox 2205 500 2535 570; x_wconf 75' lang='grc' dir='ltr'>δυναμοῦται</span> <span class='ocrx_word' id='word_1_18' title='bbox 2582 504 2702 564; x_wconf 80' lang='grc' dir='ltr'>ταῖς</span> <span class='ocrx_word' id='word_1_19' title='bbox 2739 503 2801 554; x_wconf 74' lang='grc' dir='ltr'>ἐκ</span> <span class='ocrx_word' id='word_1_20' title='bbox 2853 501 2960 553; x_wconf 78' lang='grc' dir='ltr'><strong>τὼν</strong></span> <span class='ocrx_word' id='word_1_21' title='bbox 3004 499 3250 570; x_wconf 76' lang='grc' dir='ltr'>αἱμάτων</span> <span class='ocrx_word' id='word_1_22' title='bbox 3293 501 3383 553; x_wconf 68' lang='grc' dir='ltr'><strong>καὶ</strong></span> <span class='ocrx_word' id='word_1_23' title='bbox 3417 501 3621 571; x_wconf 78' lang='grc' dir='ltr'>σαρκῶν</span> <span class='ocrx_word' id='word_1_24' title='bbox 3658 502 3739 559; x_wconf 81' lang='grc' dir='ltr'><strong>Θυ-</strong></span> 
     </span>
    </p>
   </div>
   <div class='ocr_carea' id='block_1_4' title="bbox 530 591 2066 666">
    <p class='ocr_par' dir='ltr' id='par_1_4' title="bbox 530 591 2066 666">
     <span class='ocr_line' id='line_1_4' title="bbox 530 591 2066 666; baseline -0.005 -16"><span class='ocrx_word' id='word_1_25' title='bbox 530 604 764 666; x_wconf 76' lang='lat' dir='ltr'><strong>partesa</strong></span> <span class='ocrx_word' id='word_1_26' title='bbox 791 594 1040 665; x_wconf 79' lang='lat' dir='ltr'><strong>benignis</strong></span> <span class='ocrx_word' id='word_1_27' title='bbox 1069 609 1131 648; x_wconf 90' lang='lat' dir='ltr'><strong>ac</strong></span> <span class='ocrx_word' id='word_1_28' title='bbox 1162 592 1419 647; x_wconf 90' lang='lat' dir='ltr'><strong>beneﬁcis</strong></span> <span class='ocrx_word' id='word_1_29' title='bbox 1453 591 1794 645; x_wconf 73' lang='lat' dir='ltr'><strong>dcemonibus</strong></span> <span class='ocrx_word' id='word_1_30' title='bbox 1829 606 2066 644; x_wconf 89' lang='lat' dir='ltr'><strong>remover</strong></span> 
     </span>
    </p>
   </div>
   <div class='ocr_carea' id='block_1_5' title="bbox 2203 591 3739 666">
    <p class='ocr_par' dir='ltr' id='par_1_5' title="bbox 2209 593 3739 664">
     <span class='ocr_line' id='line_1_5' title="bbox 2209 593 3739 664; baseline 0.001 -18"><span class='ocrx_word' id='word_1_31' title='bbox 2209 595 2349 657; x_wconf 79' lang='grc' dir='ltr'>σίαις</span> <span class='ocrx_word' id='word_1_32' title='bbox 2385 595 2516 663; x_wconf 79' lang='grc'><strong>(60).</strong></span> <span class='ocrx_word' id='word_1_33' title='bbox 2560 613 2577 645; x_wconf 75' lang='grc' dir='ltr'><strong>ι</strong></span> <span class='ocrx_word' id='word_1_34' title='bbox 2612 594 2709 646; x_wconf 79' lang='grc' dir='ltr'><strong>Διὰ</strong></span> <span class='ocrx_word' id='word_1_35' title='bbox 2749 593 2812 664; x_wconf 82' lang='grc' dir='ltr'><strong>δὴ</strong></span> <span class='ocrx_word' id='word_1_36' title='bbox 2854 594 3054 646; x_wconf 77' lang='grc' dir='ltr'>τούτων</span> <span class='ocrx_word' id='word_1_37' title='bbox 3099 593 3410 663; x_wconf 72' lang='grc' dir='ltr'>ἀκηκόαμεν</span> <span class='ocrx_word' id='word_1_38' title='bbox 3449 594 3739 664; x_wconf 74' lang='grc' dir='ltr'>ὁμολογούν-</span> 
     </span>
    </p>
   </div>
   <div class='ocr_carea' id='block_1_6' title="bbox 529 681 2065 754">
    <p class='ocr_par' dir='ltr' id='par_1_6' title="bbox 529 681 2065 750">
     <span class='ocr_line' id='line_1_6' title="bbox 529 681 2065 750; baseline -0.005 -9"><span class='ocrx_word' id='word_1_39' title='bbox 529 685 757 741; x_wconf 73' lang='lat' dir='ltr'><strong>om&#39;nino</strong></span> <span class='ocrx_word' id='word_1_40' title='bbox 786 686 962 741; x_wconf 90' lang='lat' dir='ltr'><strong>decet.</strong></span> <span class='ocrx_word' id='word_1_41' title='bbox 995 684 1150 750; x_wconf 77' lang='lat' dir='ltr'><strong>Quod</strong></span> <span class='ocrx_word' id='word_1_42' title='bbox 1186 683 1334 738; x_wconf 91' lang='lat' dir='ltr'><strong>enim</strong></span> <span class='ocrx_word' id='word_1_43' title='bbox 1373 682 1439 735; x_wconf 91' lang='lat' dir='ltr'><strong>ad</strong></span> <span class='ocrx_word' id='word_1_44' title='bbox 1465 681 1775 736; x_wconf 84' lang='lat' dir='ltr'><strong>nocendum</strong></span> <span class='ocrx_word' id='word_1_45' title='bbox 1811 689 1920 735; x_wconf 90' lang='lat' dir='ltr'><strong>tam</strong></span> <span class='ocrx_word' id='word_1_46' title='bbox 1954 698 1982 734; x_wconf 92' lang='lat' dir='ltr'><strong>a</strong></span> <span class='ocrx_word' id='word_1_47' title='bbox 2010 697 2065 734; x_wconf 82' lang='lat' dir='ltr'><strong>na</strong></span> 
     </span>
    </p>
   </div>
   <div class='ocr_carea' id='block_1_7' title="bbox 2207 681 3743 754">
    <p class='ocr_par' dir='ltr' id='par_1_7' title="bbox 2207 681 3743 754">
     <span class='ocr_line' id='line_1_7' title="bbox 2207 681 3743 754; baseline 0 -18"><span class='ocrx_word' id='word_1_48' title='bbox 2207 701 2332 745; x_wconf 89' lang='grc' dir='ltr'>των,</span> <span class='ocrx_word' id='word_1_49' title='bbox 2359 685 2438 736; x_wconf 83' lang='grc' dir='ltr'><strong>ὅτι</strong></span> <span class='ocrx_word' id='word_1_50' title='bbox 2477 683 2548 754; x_wconf 77' lang='grc' dir='ltr'>μὴ</span> <span class='ocrx_word' id='word_1_51' title='bbox 2596 683 2753 753; x_wconf 86' lang='grc' dir='ltr'>μόνον</span> <span class='ocrx_word' id='word_1_52' title='bbox 2780 684 2828 734; x_wconf 80' lang='lat' dir='ltr'><strong>oi</strong></span> <span class='ocrx_word' id='word_1_53' title='bbox 2862 682 2988 752; x_wconf 79' lang='grc' dir='ltr'>παρ’</span> <span class='ocrx_word' id='word_1_54' title='bbox 3015 681 3238 752; x_wconf 67' lang='grc' dir='ltr'>Ἕλλησι</span> <span class='ocrx_word' id='word_1_55' title='bbox 3270 682 3482 751; x_wconf 68' lang='grc' dir='ltr'>ποιηταὶ</span> <span class='ocrx_word' id='word_1_56' title='bbox 3515 683 3743 753; x_wconf 77' lang='grc' dir='ltr'>προσεξέ-</span> 
     </span>
    </p>
   </div>
   <div class='ocr_carea' id='block_1_8' title="bbox 531 772 2067 848">
    <p class='ocr_par' dir='ltr' id='par_1_8' title="bbox 531 772 2067 848">
     <span class='ocr_line' id='line_1_8' title="bbox 531 772 2067 848; baseline -0.005 -16"><span class='ocrx_word' id='word_1_57' title='bbox 531 789 675 842; x_wconf 88' lang='lat' dir='ltr'><strong>tura,</strong></span> <span class='ocrx_word' id='word_1_58' title='bbox 722 793 887 848; x_wconf 90' lang='lat' dir='ltr'><strong>quam</strong></span> <span class='ocrx_word' id='word_1_59' title='bbox 930 791 959 829; x_wconf 88' lang='lat' dir='ltr'><strong>a</strong></span> <span class='ocrx_word' id='word_1_60' title='bbox 997 775 1279 829; x_wconf 89' lang='lat' dir='ltr'><strong>voluntate</strong></span> <span class='ocrx_word' id='word_1_61' title='bbox 1311 780 1685 842; x_wconf 86' lang='lat' dir='ltr'><strong>comparatum</strong></span> <span class='ocrx_word' id='word_1_62' title='bbox 1738 772 1837 835; x_wconf 86' lang='lat' dir='ltr'><strong>sit,</strong></span> <span class='ocrx_word' id='word_1_63' title='bbox 1880 773 1932 826; x_wconf 92' lang='lat' dir='ltr'><strong>id</strong></span> <span class='ocrx_word' id='word_1_64' title='bbox 1977 788 2067 826; x_wconf 86' lang='lat' dir='ltr'><strong>cur</strong></span> 
     </span>
    </p>
   </div>
   <div class='ocr_carea' id='block_1_9' title="bbox 2206 772 3742 848">
    <p class='ocr_par' dir='ltr' id='par_1_9' title="bbox 2206 773 3742 846">
     <span class='ocr_line' id='line_1_9' title="bbox 2206 773 3742 846; baseline -0.001 -18"><span class='ocrx_word' id='word_1_65' title='bbox 2206 794 2414 830; x_wconf 74' lang='grc' dir='ltr'>καυσαν</span> <span class='ocrx_word' id='word_1_66' title='bbox 2439 776 2537 839; x_wconf 85' lang='grc' dir='ltr'>τὰς</span> <span class='ocrx_word' id='word_1_67' title='bbox 2570 775 2866 846; x_wconf 57' lang='grc' dir='ltr'>ὑπολήιζεις</span> <span class='ocrx_word' id='word_1_68' title='bbox 2913 775 3019 827; x_wconf 76' lang='grc' dir='ltr'><strong>τῶν</strong></span> <span class='ocrx_word' id='word_1_69' title='bbox 3049 773 3364 844; x_wconf 77' lang='grc' dir='ltr'>ἀνθρώπων,</span> <span class='ocrx_word' id='word_1_70' title='bbox 3392 774 3488 837; x_wconf 73' lang='grc' dir='ltr'><strong>τὰς</strong></span> <span class='ocrx_word' id='word_1_71' title='bbox 3513 776 3630 845; x_wconf 71' lang='grc' dir='ltr'>περὶ</span> <span class='ocrx_word' id='word_1_72' title='bbox 3654 777 3742 828; x_wconf 75' lang='grc' dir='ltr'><strong>τῶν</strong></span> 
     </span>
    </p>
   </div>
   <div class='ocr_carea' id='block_1_10' title="bbox 531 862 2067 937">
    <p class='ocr_par' dir='ltr' id='par_1_10' title="bbox 531 862 2067 937">
     <span class='ocr_line' id='line_1_10' title="bbox 531 862 2067 937; baseline -0.005 -15"><span class='ocrx_word' id='word_1_73' title='bbox 531 869 776 922; x_wconf 87' lang='lat' dir='ltr'><strong>beneﬁce</strong></span> <span class='ocrx_word' id='word_1_74' title='bbox 832 879 1072 937; x_wconf 88' lang='lat' dir='ltr'><strong>pugnare</strong></span> <span class='ocrx_word' id='word_1_75' title='bbox 1134 877 1358 918; x_wconf 87' lang='lat' dir='ltr'><strong>necesse</strong></span> <span class='ocrx_word' id='word_1_76' title='bbox 1407 869 1493 916; x_wconf 88' lang='lat' dir='ltr'><strong>est</strong></span> <span class='ocrx_word' id='word_1_77' title='bbox 1525 878 1537 913; x_wconf 91' lang='lat'><strong>:</strong></span> <span class='ocrx_word' id='word_1_78' title='bbox 1570 862 1864 916; x_wconf 73' lang='lat' dir='ltr'><strong>contrariis</strong></span> <span class='ocrx_word' id='word_1_79' title='bbox 1918 869 2067 916; x_wconf 88' lang='lat' dir='ltr'><strong>auter</strong></span> 
     </span>
    </p>
   </div>
   <div class='ocr_carea' id='block_1_11' title="bbox 2207 862 3743 937">
    <p class='ocr_par' dir='ltr' id='par_1_11' title="bbox 2207 862 3743 935">
     <span class='ocr_line' id='line_1_11' title="bbox 2207 862 3743 935; baseline 0.003 -21"><span class='ocrx_word' id='word_1_80' title='bbox 2207 863 2424 933; x_wconf 78' lang='grc' dir='ltr'><strong>φαύλων</strong></span> <span class='ocrx_word' id='word_1_81' title='bbox 2448 863 2716 933; x_wconf 77' lang='grc' dir='ltr'><strong>δαιμόνων</strong></span> <span class='ocrx_word' id='word_1_82' title='bbox 2746 864 2820 926; x_wconf 83' lang='grc' dir='ltr'>ὡς</span> <span class='ocrx_word' id='word_1_83' title='bbox 2847 864 2974 935; x_wconf 73' lang='grc' dir='ltr'>περὶ</span> <span class='ocrx_word' id='word_1_84' title='bbox 2991 863 3126 916; x_wconf 77' lang='grc' dir='ltr'>Θεῶν</span> <span class='ocrx_word' id='word_1_85' title='bbox 3156 864 3248 915; x_wconf 73' lang='grc' dir='ltr'><strong>καὶ</strong></span> <span class='ocrx_word' id='word_1_86' title='bbox 3277 862 3644 930; x_wconf 73' lang='grc' dir='ltr'>ἀγαθῶν,ἁλλὰ</span> <span class='ocrx_word' id='word_1_87' title='bbox 3668 869 3743 918; x_wconf 73' lang='grc' dir='ltr'>καὶ</span> 
     </span>
    </p>
   </div>
   <div class='ocr_carea' id='block_1_12' title="bbox 530 955 2066 1031">
    <p class='ocr_par' dir='ltr' id='par_1_12' title="bbox 530 955 2066 1031">
     <span class='ocr_line' id='line_1_12' title="bbox 530 955 2066 1031; baseline -0.003 -16"><span class='ocrx_word' id='word_1_88' title='bbox 530 959 1009 1031; x_wconf 88' lang='lat' dir='ltr'><strong>pngnantibusque</strong></span> <span class='ocrx_word' id='word_1_89' title='bbox 1038 956 1202 1012; x_wconf 90' lang='lat' dir='ltr'><strong>rebus</strong></span> <span class='ocrx_word' id='word_1_90' title='bbox 1225 957 1373 1010; x_wconf 90' lang='lat' dir='ltr'><strong>nulla</strong></span> <span class='ocrx_word' id='word_1_91' title='bbox 1404 970 1526 1009; x_wconf 89' lang='lat' dir='ltr'><strong>esse</strong></span> <span class='ocrx_word' id='word_1_92' title='bbox 1554 963 1731 1026; x_wconf 90' lang='lat' dir='ltr'><strong>potest</strong></span> <span class='ocrx_word' id='word_1_93' title='bbox 1758 955 1900 1010; x_wconf 87' lang='lat' dir='ltr'><strong>circa</strong></span> <span class='ocrx_word' id='word_1_94' title='bbox 1933 972 2066 1010; x_wconf 89' lang='lat' dir='ltr'><strong>unur</strong></span> 
     </span>
    </p>
   </div>
   <div class='ocr_carea' id='block_1_13' title="bbox 2209 955 3745 1031">
    <p class='ocr_par' dir='ltr' id='par_1_13' title="bbox 2209 955 3745 1027">
     <span class='ocr_line' id='line_1_13' title="bbox 2209 955 3745 1027; baseline 0.002 -20"><span class='ocrx_word' id='word_1_95' title='bbox 2209 955 2312 1007; x_wconf 82' lang='grc' dir='ltr'><strong>τῶν</strong></span> <span class='ocrx_word' id='word_1_96' title='bbox 2340 958 2398 1007; x_wconf 81' lang='grc' dir='ltr'><strong>ἐν</strong></span> <span class='ocrx_word' id='word_1_97' title='bbox 2426 955 2709 1027; x_wconf 69' lang='grc' dir='ltr'>φιλοσοφίᾳ</span> <span class='ocrx_word' id='word_1_98' title='bbox 2731 955 3110 1026; x_wconf 73' lang='grc' dir='ltr'>διατριϐόντων</span> <span class='ocrx_word' id='word_1_99' title='bbox 3125 956 3174 1006; x_wconf 87' lang='grc' dir='ltr'><strong>οἱ</strong></span> <span class='ocrx_word' id='word_1_100' title='bbox 3192 956 3317 1025; x_wconf 81' lang='grc' dir='ltr'>περὶ</span> <span class='ocrx_word' id='word_1_101' title='bbox 3333 955 3482 1018; x_wconf 79' lang='grc' dir='ltr'>Θεοὺς</span> <span class='ocrx_word' id='word_1_102' title='bbox 3498 956 3745 1022; x_wconf 71' lang='grc' dir='ltr'>δοκοῦντες</span> 
     </span>
    </p>
   </div>
   <div class='ocr_carea' id='block_1_14' title="bbox 531 1044 2067 1120">
    <p class='ocr_par' dir='ltr' id='par_1_14' title="bbox 531 1044 2067 1120">
     <span class='ocr_line' id='line_1_14' title="bbox 531 1044 2067 1120; baseline -0.003 -15"><span class='ocrx_word' id='word_1_103' title='bbox 531 1053 783 1120; x_wconf 77' lang='lat' dir='ltr'><strong>idemque</strong></span> <span class='ocrx_word' id='word_1_104' title='bbox 820 1048 1132 1104; x_wconf 87' lang='lat' dir='ltr'><strong>consensio.</strong></span> <span class='ocrx_word' id='word_1_105' title='bbox 1171 1065 1189 1098; x_wconf 76' lang='grc' dir='ltr'><strong>ι</strong></span> <span class='ocrx_word' id='word_1_106' title='bbox 1235 1044 1301 1100; x_wconf 86' lang='grc' dir='ltr'>Ει</span> <span class='ocrx_word' id='word_1_107' title='bbox 1327 1062 1543 1102; x_wconf 90' lang='lat' dir='ltr'><strong>rursus.</strong></span> <span class='ocrx_word' id='word_1_108' title='bbox 1580 1065 1598 1097; x_wconf 73' lang='grc' dir='ltr'><strong>ι</strong></span> <span class='ocrx_word' id='word_1_109' title='bbox 1641 1045 1991 1111; x_wconf 92' lang='lat' dir='ltr'><strong>lnfestorum,</strong></span> <span class='ocrx_word' id='word_1_110' title='bbox 2022 1047 2067 1100; x_wconf 90' lang='lat' dir='ltr'><strong>in</strong></span> 
     </span>
    </p>
   </div>
   <div class='ocr_carea' id='block_1_15' title="bbox 2210 1044 3746 1120">
    <p class='ocr_par' dir='ltr' id='par_1_15' title="bbox 2210 1047 3746 1120">
     <span class='ocr_line' id='line_1_15' title="bbox 2210 1047 3746 1120; baseline -0.002 -19"><span class='ocrx_word' id='word_1_111' title='bbox 2210 1048 2505 1110; x_wconf 70' lang='grc' dir='ltr'>σπουδαίως</span> <span class='ocrx_word' id='word_1_112' title='bbox 2550 1049 2714 1118; x_wconf 83' lang='grc' dir='ltr'>ἔχειν,</span> <span class='ocrx_word' id='word_1_113' title='bbox 2747 1049 2794 1100; x_wconf 81' lang='grc' dir='ltr'><strong>οἳ</strong></span> <span class='ocrx_word' id='word_1_114' title='bbox 2842 1048 2937 1101; x_wconf 73' lang='grc' dir='ltr'><strong>καὶ</strong></span> <span class='ocrx_word' id='word_1_115' title='bbox 2968 1049 3118 1100; x_wconf 72' lang='grc' dir='ltr'>αὐτοὶ</span> <span class='ocrx_word' id='word_1_116' title='bbox 3145 1048 3205 1099; x_wconf 72' lang='grc' dir='ltr'>οὐ</span> <span class='ocrx_word' id='word_1_117' title='bbox 3241 1047 3414 1110; x_wconf 69' lang='grc' dir='ltr'>θεοὺς,</span> <span class='ocrx_word' id='word_1_118' title='bbox 3447 1047 3574 1101; x_wconf 76' lang='grc' dir='ltr'>ἀλλὰ</span> <span class='ocrx_word' id='word_1_119' title='bbox 3609 1067 3746 1120; x_wconf 53' lang='lat' dir='ltr'><strong>mvr-</strong></span> 
     </span>
    </p>
   </div>
   <div class='ocr_carea' id='block_1_16' title="bbox 529 1136 2065 1213">
    <p class='ocr_par' dir='ltr' id='par_1_16' title="bbox 529 1139 2065 1213">
     <span class='ocr_line' id='line_1_16' title="bbox 529 1139 2065 1213; baseline -0.004 -15"><span class='ocrx_word' id='word_1_120' title='bbox 529 1145 667 1213; x_wconf 88' lang='lat' dir='ltr'><strong>quit,</strong></span> <span class='ocrx_word' id='word_1_121' title='bbox 719 1143 1026 1196; x_wconf 73' lang='lat' dir='ltr'><strong>dannonum</strong></span> <span class='ocrx_word' id='word_1_122' title='bbox 1052 1141 1262 1194; x_wconf 89' lang='lat' dir='ltr'><strong>artibus</strong></span> <span class='ocrx_word' id='word_1_123' title='bbox 1303 1155 1474 1209; x_wconf 90' lang='lat' dir='ltr'><strong>genus</strong></span> <span class='ocrx_word' id='word_1_124' title='bbox 1517 1155 1679 1193; x_wconf 91' lang='lat' dir='ltr'><strong>onme</strong></span> <span class='ocrx_word' id='word_1_125' title='bbox 1705 1139 2065 1209; x_wconf 66' lang='lat' dir='ltr'><strong>praestigiarut</strong></span> 
     </span>
    </p>
   </div>
   <div class='ocr_carea' id='block_1_17' title="bbox 2251 1136 3787 1213">
    <p class='ocr_par' dir='ltr' id='par_1_17' title="bbox 2251 1136 3787 1209">
     <span class='ocr_line' id='line_1_17' title="bbox 2251 1136 3787 1209; baseline 0.001 -19"><span class='ocrx_word' id='word_1_126' title='bbox 2251 1139 2335 1202; x_wconf 67' lang='lat' dir='ltr'><strong>ait;</strong></span> <span class='ocrx_word' id='word_1_127' title='bbox 2374 1137 2633 1208; x_wconf 79' lang='grc' dir='ltr'>δαίμονας</span> <span class='ocrx_word' id='word_1_128' title='bbox 2675 1139 3046 1209; x_wconf 78' lang='grc' dir='ltr'>περιέποντες,</span> <span class='ocrx_word' id='word_1_129' title='bbox 3089 1136 3156 1189; x_wconf 69' lang='grc' dir='ltr'><strong>τὰ</strong></span> <span class='ocrx_word' id='word_1_130' title='bbox 3205 1136 3382 1207; x_wconf 77' lang='grc' dir='ltr'>πλήθη</span> <span class='ocrx_word' id='word_1_131' title='bbox 3416 1137 3508 1190; x_wconf 73' lang='grc' dir='ltr'><strong>καὶ</strong></span> <span class='ocrx_word' id='word_1_132' title='bbox 3533 1140 3646 1201; x_wconf 74' lang='grc' dir='ltr'>τοὺς</span> <span class='ocrx_word' id='word_1_133' title='bbox 3667 1138 3745 1208; x_wconf 81' lang='grc' dir='ltr'><strong>δή·</strong></span> <span class='ocrx_word' id='word_1_134' title='bbox 3783 1162 3787 1167; x_wconf 65' lang='grc' dir='ltr'><strong>ε</strong></span> 
     </span>
    </p>
   </div>
   <div class='ocr_carea' id='block_1_18' title="bbox 529 1228 2065 1303">
    <p class='ocr_par' dir='ltr' id='par_1_18' title="bbox 529 1230 2065 1300">
     <span class='ocr_line' id='line_1_18' title="bbox 529 1230 2065 1300; baseline -0.001 -15"><span class='ocrx_word' id='word_1_135' title='bbox 529 1233 797 1288; x_wconf 78' lang='lat' dir='ltr'><strong>efﬁcitur:</strong></span> <span class='ocrx_word' id='word_1_136' title='bbox 837 1231 1071 1299; x_wconf 88' lang='lat' dir='ltr'><strong>illosque</strong></span> <span class='ocrx_word' id='word_1_137' title='bbox 1101 1239 1408 1299; x_wconf 82' lang='lat' dir='ltr'><strong>propterea,</strong></span> <span class='ocrx_word' id='word_1_138' title='bbox 1446 1230 1772 1300; x_wconf 88' lang='lat' dir='ltr'><strong>illorurnque</strong></span> <span class='ocrx_word' id='word_1_139' title='bbox 1802 1230 2065 1300; x_wconf 86' lang='lat' dir='ltr'><strong>principer</strong></span> 
     </span>
    </p>
   </div>
   <div class='ocr_carea' id='block_1_19' title="bbox 2209 1228 3745 1303">
    <p class='ocr_par' dir='ltr' id='par_1_19' title="bbox 2209 1228 3745 1303">
     <span class='ocr_line' id='line_1_19' title="bbox 2209 1228 3745 1303; baseline 0.001 -20"><span class='ocrx_word' id='word_1_140' title='bbox 2209 1249 2340 1302; x_wconf 83' lang='grc' dir='ltr'>μους</span> <span class='ocrx_word' id='word_1_141' title='bbox 2369 1234 2447 1294; x_wconf 86' lang='grc' dir='ltr'><strong>είς</strong></span> <span class='ocrx_word' id='word_1_142' title='bbox 2475 1232 2574 1302; x_wconf 74' lang='grc' dir='ltr'>τὴν</span> <span class='ocrx_word' id='word_1_143' title='bbox 2604 1231 2805 1284; x_wconf 75' lang='grc' dir='ltr'>οἰκείαν</span> <span class='ocrx_word' id='word_1_144' title='bbox 2849 1231 3055 1300; x_wconf 77' lang='grc' dir='ltr'>πλάνην</span> <span class='ocrx_word' id='word_1_145' title='bbox 3081 1228 3518 1301; x_wconf 76' lang='grc' dir='ltr'>ἐξετραχήλισαν.</span> <span class='ocrx_word' id='word_1_146' title='bbox 3558 1231 3745 1303; x_wconf 79' lang='grc' dir='ltr'>Ὠμολὸ-</span> 
     </span>
    </p>
   </div>
   <div class='ocr_carea' id='block_1_20' title="bbox 533 1321 2069 1395">
    <p class='ocr_par' dir='ltr' id='par_1_20' title="bbox 533 1321 2069 1392">
     <span class='ocr_line' id='line_1_20' title="bbox 533 1321 2069 1392; baseline -0.001 -14"><span class='ocrx_word' id='word_1_147' title='bbox 533 1325 766 1380; x_wconf 89' lang='lat' dir='ltr'><strong>maleﬁci</strong></span> <span class='ocrx_word' id='word_1_148' title='bbox 803 1323 1055 1377; x_wconf 85' lang='lat' dir='ltr'><strong>homines</strong></span> <span class='ocrx_word' id='word_1_149' title='bbox 1075 1322 1310 1376; x_wconf 83' lang='lat' dir='ltr'><strong>maxime</strong></span> <span class='ocrx_word' id='word_1_150' title='bbox 1332 1332 1676 1377; x_wconf 75' lang='lat' dir='ltr'><strong>venerantur.</strong></span> <span class='ocrx_word' id='word_1_151' title='bbox 1699 1321 1909 1392; x_wconf 85' lang='lat' dir='ltr'><strong>Quippe</strong></span> <span class='ocrx_word' id='word_1_152' title='bbox 1938 1323 2069 1376; x_wconf 84' lang='lat' dir='ltr'><strong>abur</strong></span> 
     </span>
    </p>
   </div>
   <div class='ocr_carea' id='block_1_21' title="bbox 2203 1321 3739 1395">
    <p class='ocr_par' dir='ltr' id='par_1_21' title="bbox 2205 1322 3739 1395">
     <span class='ocr_line' id='line_1_21' title="bbox 2205 1322 3739 1395; baseline -0.001 -20"><span class='ocrx_word' id='word_1_153' title='bbox 2205 1341 2339 1395; x_wconf 53' lang='grc' dir='ltr'>γτλσε</span> <span class='ocrx_word' id='word_1_154' title='bbox 2371 1324 2499 1392; x_wconf 82' lang='grc' dir='ltr'>γοῦν</span> <span class='ocrx_word' id='word_1_155' title='bbox 2529 1323 2714 1392; x_wconf 80' lang='grc' dir='ltr'>σαφῶς</span> <span class='ocrx_word' id='word_1_156' title='bbox 2745 1325 2772 1375; x_wconf 85' lang='grc' dir='ltr'>ὁ</span> <span class='ocrx_word' id='word_1_157' title='bbox 2801 1323 2977 1392; x_wconf 86' lang='grc' dir='ltr'>λόγος,</span> <span class='ocrx_word' id='word_1_158' title='bbox 3007 1324 3081 1386; x_wconf 87' lang='grc' dir='ltr'>ὡς</span> <span class='ocrx_word' id='word_1_159' title='bbox 3112 1323 3219 1394; x_wconf 83' lang='grc' dir='ltr'>ἄρα</span> <span class='ocrx_word' id='word_1_160' title='bbox 3254 1322 3402 1393; x_wconf 81' lang='grc' dir='ltr'>παρὰ</span> <span class='ocrx_word' id='word_1_161' title='bbox 3428 1322 3533 1375; x_wconf 77' lang='grc' dir='ltr'><strong>τῶν</strong></span> <span class='ocrx_word' id='word_1_162' title='bbox 3560 1322 3739 1376; x_wconf 73' lang='grc' dir='ltr'>δοκούν-</span> 
     </span>
    </p>
   </div>
   <div class='ocr_carea' id='block_1_22' title="bbox 525 1411 2061 1485">
    <p class='ocr_par' dir='ltr' id='par_1_22' title="bbox 525 1413 2061 1484">
     <span class='ocr_line' id='line_1_22' title="bbox 525 1413 2061 1484; baseline -0.002 -14"><span class='ocrx_word' id='word_1_163' title='bbox 525 1417 659 1471; x_wconf 90' lang='lat' dir='ltr'><strong>dant</strong></span> <span class='ocrx_word' id='word_1_164' title='bbox 689 1417 833 1472; x_wconf 91' lang='lat' dir='ltr'><strong>enim</strong></span> <span class='ocrx_word' id='word_1_165' title='bbox 888 1415 980 1470; x_wconf 87' lang='lat' dir='ltr'><strong>isti</strong></span> <span class='ocrx_word' id='word_1_166' title='bbox 1031 1414 1188 1469; x_wconf 85' lang='lat' dir='ltr'><strong>vanis</strong></span> <span class='ocrx_word' id='word_1_167' title='bbox 1225 1413 1475 1483; x_wconf 91' lang='lat' dir='ltr'><strong>ﬁctisque</strong></span> <span class='ocrx_word' id='word_1_168' title='bbox 1510 1430 1691 1468; x_wconf 89' lang='lat' dir='ltr'><strong>rerum</strong></span> <span class='ocrx_word' id='word_1_169' title='bbox 1755 1415 2061 1484; x_wconf 72' lang='lat' dir='ltr'><strong>imaginibus</strong></span> 
     </span>
    </p>
   </div>
   <div class='ocr_carea' id='block_1_23' title="bbox 2213 1411 3749 1485">
    <p class='ocr_par' dir='ltr' id='par_1_23' title="bbox 2213 1411 3749 1485">
     <span class='ocr_line' id='line_1_23' title="bbox 2213 1411 3749 1485; baseline -0.001 -18"><span class='ocrx_word' id='word_1_170' title='bbox 2213 1431 2310 1467; x_wconf 77' lang='lat' dir='ltr'><strong>tow</strong></span> <span class='ocrx_word' id='word_1_171' title='bbox 2351 1414 2531 1480; x_wconf 79' lang='grc' dir='ltr'>σοφῶν</span> <span class='ocrx_word' id='word_1_172' title='bbox 2568 1413 2832 1467; x_wconf 81' lang='grc' dir='ltr'>ἀκούοντα</span> <span class='ocrx_word' id='word_1_173' title='bbox 2871 1414 2998 1485; x_wconf 77' lang='grc' dir='ltr'>περὶ</span> <span class='ocrx_word' id='word_1_174' title='bbox 3040 1412 3178 1465; x_wconf 81' lang='grc' dir='ltr'>Θεῶν</span> <span class='ocrx_word' id='word_1_175' title='bbox 3207 1411 3276 1464; x_wconf 79' lang='grc' dir='ltr'><strong>τὰ</strong></span> <span class='ocrx_word' id='word_1_176' title='bbox 3304 1413 3480 1484; x_wconf 75' lang='grc' dir='ltr'>πλήθη</span> <span class='ocrx_word' id='word_1_177' title='bbox 3515 1412 3749 1482; x_wconf 69' lang='grc' dir='ltr'>σύμφωνα</span> 
     </span>
    </p>
   </div>
   <div class='ocr_carea' id='block_1_24' title="bbox 525 1505 2061 1580">
    <p class='ocr_par' dir='ltr' id='par_1_24' title="bbox 525 1508 2053 1580">
     <span class='ocr_line' id='line_1_24' title="bbox 525 1508 2053 1580; baseline 0 -17"><span class='ocrx_word' id='word_1_178' title='bbox 525 1526 702 1580; x_wconf 81' lang='lat' dir='ltr'><strong>eoque</strong></span> <span class='ocrx_word' id='word_1_179' title='bbox 750 1510 816 1564; x_wconf 89' lang='lat' dir='ltr'><strong>ad</strong></span> <span class='ocrx_word' id='word_1_180' title='bbox 861 1509 1274 1564; x_wconf 87' lang='lat' dir='ltr'><strong>eoneinnandas</strong></span> <span class='ocrx_word' id='word_1_181' title='bbox 1305 1509 1662 1562; x_wconf 84' lang='lat' dir='ltr'><strong>insolentibus</strong></span> <span class='ocrx_word' id='word_1_182' title='bbox 1693 1510 1961 1563; x_wconf 87' lang='lat' dir='ltr'><strong>machinis</strong></span> <span class='ocrx_word' id='word_1_183' title='bbox 2006 1508 2053 1563; x_wconf 86' lang='lat' dir='ltr'><strong>fa</strong></span> 
     </span>
    </p>
   </div>
   <div class='ocr_carea' id='block_1_25' title="bbox 2210 1505 3746 1580">
    <p class='ocr_par' dir='ltr' id='par_1_25' title="bbox 2210 1505 3746 1577">
     <span class='ocr_line' id='line_1_25' title="bbox 2210 1505 3746 1577; baseline -0.001 -17"><span class='ocrx_word' id='word_1_184' title='bbox 2210 1511 2324 1571; x_wconf 81' lang='grc' dir='ltr'>ταῖς</span> <span class='ocrx_word' id='word_1_185' title='bbox 2358 1507 2534 1559; x_wconf 70' lang='grc' dir='ltr'>αὐτῶν</span> <span class='ocrx_word' id='word_1_186' title='bbox 2568 1505 2766 1570; x_wconf 76' lang='grc' dir='ltr'>δόξαις,</span> <span class='ocrx_word' id='word_1_187' title='bbox 2806 1506 3128 1577; x_wconf 66' lang='grc' dir='ltr'>ἐπερρώσθη</span> <span class='ocrx_word' id='word_1_188' title='bbox 3175 1507 3390 1577; x_wconf 75' lang='grc' dir='ltr'>φρονεῖν</span> <span class='ocrx_word' id='word_1_189' title='bbox 3435 1507 3512 1558; x_wconf 80' lang='grc' dir='ltr'><strong>ἔτι</strong></span> <span class='ocrx_word' id='word_1_190' title='bbox 3556 1507 3746 1576; x_wconf 77' lang='grc' dir='ltr'>μᾶλλον,</span> 
     </span>
    </p>
   </div>
   <div class='ocr_carea' id='block_1_26' title="bbox 527 1599 2063 1673">
    <p class='ocr_par' dir='ltr' id='par_1_26' title="bbox 527 1601 2063 1673">
     <span class='ocr_line' id='line_1_26' title="bbox 527 1601 2063 1673; baseline -0.001 -16"><span class='ocrx_word' id='word_1_191' title='bbox 527 1605 696 1659; x_wconf 88' lang='lat' dir='ltr'><strong>laeias</strong></span> <span class='ocrx_word' id='word_1_192' title='bbox 737 1603 1005 1673; x_wconf 83' lang='lat' dir='ltr'><strong>aptissimi</strong></span> <span class='ocrx_word' id='word_1_193' title='bbox 1041 1608 1190 1657; x_wconf 86' lang='lat' dir='ltr'><strong>sunt.</strong></span> <span class='ocrx_word' id='word_1_194' title='bbox 1227 1601 1431 1654; x_wconf 86' lang='lat' dir='ltr'><strong>Horum</strong></span> <span class='ocrx_word' id='word_1_195' title='bbox 1466 1601 1629 1670; x_wconf 81' lang='lat' dir='ltr'><strong>igitur</strong></span> <span class='ocrx_word' id='word_1_196' title='bbox 1655 1616 1840 1670; x_wconf 83' lang='lat' dir='ltr'><strong>Opera,</strong></span> <span class='ocrx_word' id='word_1_197' title='bbox 1893 1611 2063 1656; x_wconf 70' lang='lat' dir='ltr'><strong>amatr</strong></span> 
     </span>
    </p>
   </div>
   <div class='ocr_carea' id='block_1_27' title="bbox 2211 1599 3747 1673">
    <p class='ocr_par' dir='ltr' id='par_1_27' title="bbox 2211 1599 3747 1672">
     <span class='ocr_line' id='line_1_27' title="bbox 2211 1599 3747 1672; baseline -0.001 -20"><span class='ocrx_word' id='word_1_198' title='bbox 2211 1601 2280 1664; x_wconf 77' lang='grc' dir='ltr'>ὡς</span> <span class='ocrx_word' id='word_1_199' title='bbox 2319 1600 2448 1671; x_wconf 69' lang='grc' dir='ltr'>περὶ</span> <span class='ocrx_word' id='word_1_200' title='bbox 2483 1600 2640 1663; x_wconf 78' lang='grc' dir='ltr'>θεῶν,</span> <span class='ocrx_word' id='word_1_201' title='bbox 2681 1601 2807 1669; x_wconf 70' lang='grc' dir='ltr'>περὶ</span> <span class='ocrx_word' id='word_1_202' title='bbox 2858 1600 2964 1653; x_wconf 81' lang='grc' dir='ltr'><strong>τῶν</strong></span> <span class='ocrx_word' id='word_1_203' title='bbox 3004 1599 3292 1672; x_wconf 78' lang='grc' dir='ltr'><strong>μοχθηρῶν</strong></span> <span class='ocrx_word' id='word_1_204' title='bbox 3337 1599 3618 1668; x_wconf 86' lang='grc' dir='ltr'>δαιμόνων.</span> <span class='ocrx_word' id='word_1_205' title='bbox 3660 1599 3747 1651; x_wconf 71' lang='grc' dir='ltr'><strong>Καὶ</strong></span> 
     </span>
    </p>
   </div>
   <div class='ocr_carea' id='block_1_28' title="bbox 526 1675 2062 1764">
    <p class='ocr_par' dir='ltr' id='par_1_28' title="bbox 526 1693 2062 1762">
     <span class='ocr_line' id='line_1_28' title="bbox 526 1693 2062 1762; baseline -0.004 -10"><span class='ocrx_word' id='word_1_206' title='bbox 526 1700 640 1753; x_wconf 89' lang='lat' dir='ltr'><strong>rias</strong></span> <span class='ocrx_word' id='word_1_207' title='bbox 682 1697 971 1751; x_wconf 83' lang='lat' dir='ltr'><strong>illecebras</strong></span> <span class='ocrx_word' id='word_1_208' title='bbox 1002 1694 1196 1748; x_wconf 83' lang='lat' dir='ltr'><strong>nefarii</strong></span> <span class='ocrx_word' id='word_1_209' title='bbox 1237 1693 1513 1748; x_wconf 70' lang='lat' dir='ltr'><strong>dmmones</strong></span> <span class='ocrx_word' id='word_1_210' title='bbox 1543 1694 1881 1747; x_wconf 91' lang='lat' dir='ltr'><strong>moliuntur:</strong></span> <span class='ocrx_word' id='word_1_211' title='bbox 1915 1710 1944 1747; x_wconf 92' lang='lat' dir='ltr'><strong>a</strong></span> <span class='ocrx_word' id='word_1_212' title='bbox 1978 1694 2062 1762; x_wconf 89' lang='lat' dir='ltr'><strong>qui</strong></span> 
     </span>
    </p>
   </div>
   <div class='ocr_carea' id='block_1_29' title="bbox 2213 1675 3749 1764">
    <p class='ocr_par' dir='ltr' id='par_1_29' title="bbox 2213 1675 3749 1764">
     <span class='ocr_line' id='line_1_29' title="bbox 2213 1675 3749 1764; baseline 0.001 -20"><span class='ocrx_word' id='word_1_213' title='bbox 2213 1692 2375 1745; x_wconf 74' lang='grc' dir='ltr'><strong>ταῦτα</strong></span> <span class='ocrx_word' id='word_1_214' title='bbox 2399 1692 2497 1744; x_wconf 73' lang='grc' dir='ltr'>οὐκ</span> <span class='ocrx_word' id='word_1_215' title='bbox 2527 1693 2586 1756; x_wconf 75' lang='grc' dir='ltr'>ἐξ</span> <span class='ocrx_word' id='word_1_216' title='bbox 2613 1692 2768 1764; x_wconf 78' lang='grc' dir='ltr'>ἡμῶν</span> <span class='ocrx_word' id='word_1_217' title='bbox 2796 1697 3202 1764; x_wconf 80' lang='grc' dir='ltr'><strong>κατηγορεῖται,</strong></span> <span class='ocrx_word' id='word_1_218' title='bbox 3230 1692 3343 1744; x_wconf 85' lang='grc' dir='ltr'><strong>ἀλλ’</strong></span> <span class='ocrx_word' id='word_1_219' title='bbox 3371 1694 3461 1745; x_wconf 70' lang='grc' dir='ltr'><strong>ὑπ’</strong></span> <span class='ocrx_word' id='word_1_220' title='bbox 3479 1693 3641 1745; x_wconf 68' lang='grc' dir='ltr'>αὐτῶν</span> <span class='ocrx_word' id='word_1_221' title='bbox 3660 1675 3749 1746; x_wconf 61' lang='grc' dir='ltr'><strong>ἶτῶν</strong></span> 
     </span>
    </p>
   </div>
   <div class='ocr_carea' id='block_1_30' title="bbox 526 1782 2062 1855">
    <p class='ocr_par' dir='ltr' id='par_1_30' title="bbox 526 1785 2062 1855">
     <span class='ocr_line' id='line_1_30' title="bbox 526 1785 2062 1855; baseline -0.004 -12"><span class='ocrx_word' id='word_1_222' title='bbox 526 1790 630 1844; x_wconf 91' lang='lat' dir='ltr'><strong>bus</strong></span> <span class='ocrx_word' id='word_1_223' title='bbox 678 1790 888 1844; x_wconf 88' lang='lat' dir='ltr'><strong>scilicet</strong></span> <span class='ocrx_word' id='word_1_224' title='bbox 921 1803 1044 1842; x_wconf 85' lang='lat' dir='ltr'><strong>cum</strong></span> <span class='ocrx_word' id='word_1_225' title='bbox 1083 1785 1401 1855; x_wconf 87' lang='lat' dir='ltr'><strong>impotentia</strong></span> <span class='ocrx_word' id='word_1_226' title='bbox 1461 1786 1818 1853; x_wconf 81' lang='lat' dir='ltr'><strong>voluptatum,</strong></span> <span class='ocrx_word' id='word_1_227' title='bbox 1871 1801 2062 1855; x_wconf 87' lang='lat' dir='ltr'><strong>spcsqn</strong></span> 
     </span>
    </p>
   </div>
   <div class='ocr_carea' id='block_1_31' title="bbox 2214 1782 3750 1855">
    <p class='ocr_par' dir='ltr' id='par_1_31' title="bbox 2214 1782 3750 1854">
     <span class='ocr_line' id='line_1_31' title="bbox 2214 1782 3750 1854; baseline 0.001 -20"><span class='ocrx_word' id='word_1_228' title='bbox 2214 1782 2572 1854; x_wconf 76' lang='grc' dir='ltr'>Ξικριϐἐστατα</span> <span class='ocrx_word' id='word_1_229' title='bbox 2594 1783 2661 1835; x_wconf 81' lang='grc' dir='ltr'><strong>τὰ</strong></span> <span class='ocrx_word' id='word_1_230' title='bbox 2683 1785 2856 1836; x_wconf 82' lang='grc' dir='ltr'>οἰκεῖα</span> <span class='ocrx_word' id='word_1_231' title='bbox 2885 1782 3080 1854; x_wconf 76' lang='grc' dir='ltr'>μᾶλλον</span> <span class='ocrx_word' id='word_1_232' title='bbox 3111 1784 3144 1852; x_wconf 84' lang='grc' dir='ltr'>ἣ</span> <span class='ocrx_word' id='word_1_233' title='bbox 3179 1786 3341 1853; x_wconf 79' lang='grc' dir='ltr'>ἡμεῖς</span> <span class='ocrx_word' id='word_1_234' title='bbox 3367 1783 3592 1835; x_wconf 77' lang='grc' dir='ltr'><strong>εἰδότων.</strong></span> <span class='ocrx_word' id='word_1_235' title='bbox 3619 1787 3676 1836; x_wconf 83' lang='grc'><strong>’0</strong></span> <span class='ocrx_word' id='word_1_236' title='bbox 3700 1783 3750 1852; x_wconf 83' lang='grc' dir='ltr'><strong>γέ</strong></span> 
     </span>
    </p>
   </div>
   <div class='ocr_carea' id='block_1_32' title="bbox 524 1858 2060 1949">
    <p class='ocr_par' dir='ltr' id='par_1_32' title="bbox 524 1877 2060 1949">
     <span class='ocr_line' id='line_1_32' title="bbox 524 1877 2060 1949; baseline -0.003 -15"><span class='ocrx_word' id='word_1_237' title='bbox 524 1882 837 1934; x_wconf 76' lang='lat' dir='ltr'><strong>divitiarum</strong></span> <span class='ocrx_word' id='word_1_238' title='bbox 878 1889 934 1935; x_wconf 90' lang='lat' dir='ltr'><strong>et</strong></span> <span class='ocrx_word' id='word_1_239' title='bbox 977 1880 1164 1949; x_wconf 73' lang='lat' dir='ltr'><strong>gloria:</strong></span> <span class='ocrx_word' id='word_1_240' title='bbox 1208 1877 1591 1947; x_wconf 82' lang='lat' dir='ltr'><strong>proﬁciscitur,</strong></span> <span class='ocrx_word' id='word_1_241' title='bbox 1643 1884 1758 1930; x_wconf 89' lang='lat' dir='ltr'><strong>tum</strong></span> <span class='ocrx_word' id='word_1_242' title='bbox 1807 1877 1861 1930; x_wconf 92' lang='lat' dir='ltr'><strong>in</strong></span> <span class='ocrx_word' id='word_1_243' title='bbox 1910 1878 2060 1947; x_wconf 72' lang='lat' dir='ltr'><strong>primi</strong></span> 
     </span>
    </p>
   </div>
   <div class='ocr_carea' id='block_1_33' title="bbox 2213 1858 3749 1949">
    <p class='ocr_par' dir='ltr' id='par_1_33' title="bbox 2213 1875 3749 1947">
     <span class='ocr_line' id='line_1_33' title="bbox 2213 1875 3749 1947; baseline 0.002 -22"><span class='ocrx_word' id='word_1_244' title='bbox 2213 1891 2287 1926; x_wconf 83' lang='grc' dir='ltr'><strong>τοι</strong></span> <span class='ocrx_word' id='word_1_245' title='bbox 2334 1875 2494 1938; x_wconf 73' lang='grc' dir='ltr'>αὐτὸς</span> <span class='ocrx_word' id='word_1_246' title='bbox 2543 1877 2908 1947; x_wconf 71' lang='grc' dir='ltr'>συγγραφεὺς,</span> <span class='ocrx_word' id='word_1_247' title='bbox 2957 1877 3016 1928; x_wconf 75' lang='grc' dir='ltr'>οὐ</span> <span class='ocrx_word' id='word_1_248' title='bbox 3065 1876 3359 1945; x_wconf 77' lang='grc' dir='ltr'>παρέργως</span> <span class='ocrx_word' id='word_1_249' title='bbox 3407 1875 3654 1946; x_wconf 78' lang='grc' dir='ltr'>ὁμιλήσας</span> <span class='ocrx_word' id='word_1_250' title='bbox 3697 1878 3749 1947; x_wconf 76' lang='grc' dir='ltr'><strong>τῇ</strong></span> 
     </span>
    </p>
   </div>
   <div class='ocr_carea' id='block_1_34' title="bbox 525 1964 2061 2038">
    <p class='ocr_par' dir='ltr' id='par_1_34' title="bbox 525 1964 2061 2038">
     <span class='ocr_line' id='line_1_34' title="bbox 525 1964 2061 2038; baseline -0.001 -16"><span class='ocrx_word' id='word_1_251' title='bbox 525 1971 634 2023; x_wconf 87' lang='lat' dir='ltr'><strong>doli</strong></span> <span class='ocrx_word' id='word_1_252' title='bbox 661 1969 978 2038; x_wconf 83' lang='lat' dir='ltr'><strong>fraudisque</strong></span> <span class='ocrx_word' id='word_1_253' title='bbox 1011 1965 1191 2022; x_wconf 88' lang='lat' dir='ltr'><strong>omnis</strong></span> <span class='ocrx_word' id='word_1_254' title='bbox 1218 1965 1532 2020; x_wconf 87' lang='lat' dir='ltr'><strong>artiﬁcium.</strong></span> <span class='ocrx_word' id='word_1_255' title='bbox 1569 1964 1772 2020; x_wconf 87' lang='lat' dir='ltr'><strong>Horum</strong></span> <span class='ocrx_word' id='word_1_256' title='bbox 1798 1966 1942 2020; x_wconf 89' lang='lat' dir='ltr'><strong>enim</strong></span> <span class='ocrx_word' id='word_1_257' title='bbox 1973 1982 2061 2036; x_wconf 88' lang='lat' dir='ltr'><strong>prc</strong></span> 
     </span>
    </p>
   </div>
   <div class='ocr_carea' id='block_1_35' title="bbox 2217 1964 3753 2038">
    <p class='ocr_par' dir='ltr' id='par_1_35' title="bbox 2217 1967 3753 2038">
     <span class='ocr_line' id='line_1_35' title="bbox 2217 1967 3753 2038; baseline 0.01 -19"><span class='ocrx_word' id='word_1_258' title='bbox 2217 1968 2333 2029; x_wconf 79' lang='grc' dir='ltr'>τοὺς</span> <span class='ocrx_word' id='word_1_259' title='bbox 2350 1967 2576 2030; x_wconf 74' lang='grc' dir='ltr'>πολλοὺς</span> <span class='ocrx_word' id='word_1_260' title='bbox 2594 1967 2928 2038; x_wconf 74' lang='grc' dir='ltr'>λανθανούσῃ</span> <span class='ocrx_word' id='word_1_261' title='bbox 2958 1967 3372 2038; x_wconf 78' lang='grc' dir='ltr'><strong>δεισιδαιμονίᾳ,</strong></span> <span class='ocrx_word' id='word_1_262' title='bbox 3391 1967 3521 2038; x_wconf 72' lang='grc' dir='ltr'>φησὶ</span> <span class='ocrx_word' id='word_1_263' title='bbox 3539 1968 3651 2031; x_wconf 59' lang='grc' dir='ltr'>τοὺς</span> <span class='ocrx_word' id='word_1_264' title='bbox 3677 1981 3753 2019; x_wconf 63' lang='grc' dir='ltr'><strong>πῖθ’</strong></span> 
     </span>
    </p>
   </div>
   <div class='ocr_carea' id='block_1_36' title="bbox 527 2053 2063 2132">
    <p class='ocr_par' dir='ltr' id='par_1_36' title="bbox 527 2060 2063 2132">
     <span class='ocr_line' id='line_1_36' title="bbox 527 2060 2063 2132; baseline 0 -17"><span class='ocrx_word' id='word_1_265' title='bbox 527 2064 702 2132; x_wconf 86' lang='lat' dir='ltr'><strong>prium</strong></span> <span class='ocrx_word' id='word_1_266' title='bbox 730 2061 1076 2117; x_wconf 85' lang='lat' dir='ltr'><strong>mendacium</strong></span> <span class='ocrx_word' id='word_1_267' title='bbox 1111 2068 1218 2125; x_wconf 90' lang='lat' dir='ltr'><strong>est,</strong></span> <span class='ocrx_word' id='word_1_268' title='bbox 1254 2075 1380 2114; x_wconf 87' lang='lat' dir='ltr'><strong>cum</strong></span> <span class='ocrx_word' id='word_1_269' title='bbox 1417 2067 1472 2113; x_wconf 89' lang='lat' dir='ltr'><strong>et</strong></span> <span class='ocrx_word' id='word_1_270' title='bbox 1503 2075 1696 2116; x_wconf 91' lang='lat' dir='ltr'><strong>omnes</strong></span> <span class='ocrx_word' id='word_1_271' title='bbox 1751 2060 1826 2114; x_wconf 91' lang='lat' dir='ltr'><strong>dii</strong></span> <span class='ocrx_word' id='word_1_272' title='bbox 1856 2075 1979 2115; x_wconf 90' lang='lat' dir='ltr'><strong>esse</strong></span> <span class='ocrx_word' id='word_1_273' title='bbox 2011 2076 2063 2115; x_wconf 70' lang='grc' dir='ltr'>γε</span> 
     </span>
    </p>
   </div>
   <div class='ocr_carea' id='block_1_37' title="bbox 2217 2053 3753 2132">
    <p class='ocr_par' dir='ltr' id='par_1_37' title="bbox 2217 2053 3753 2132">
     <span class='ocr_line' id='line_1_37' title="bbox 2217 2053 3753 2132; baseline 0 -22"><span class='ocrx_word' id='word_1_274' title='bbox 2217 2061 2407 2132; x_wconf 73' lang='grc' dir='ltr'>νηροὺς</span> <span class='ocrx_word' id='word_1_275' title='bbox 2431 2058 2686 2130; x_wconf 86' lang='grc' dir='ltr'>δαίμονας</span> <span class='ocrx_word' id='word_1_276' title='bbox 2717 2057 2997 2129; x_wconf 73' lang='grc' dir='ltr'>βούλεσθαι</span> <span class='ocrx_word' id='word_1_277' title='bbox 3041 2053 3178 2111; x_wconf 80' lang='grc' dir='ltr'>εἶναι</span> <span class='ocrx_word' id='word_1_278' title='bbox 3217 2057 3396 2121; x_wconf 77' lang='grc' dir='ltr'>θεοὺς,</span> <span class='ocrx_word' id='word_1_279' title='bbox 3441 2059 3530 2110; x_wconf 74' lang='grc' dir='ltr'>καὶ</span> <span class='ocrx_word' id='word_1_280' title='bbox 3567 2057 3753 2124; x_wconf 73' lang='grc' dir='ltr'>ἀγαθῶν</span> 
     </span>
    </p>
   </div>
   <div class='ocr_carea' id='block_1_38' title="bbox 526 2147 2062 2225">
    <p class='ocr_par' dir='ltr' id='par_1_38' title="bbox 526 2151 2062 2225">
     <span class='ocr_line' id='line_1_38' title="bbox 526 2151 2062 2225; baseline -0.001 -18"><span class='ocrx_word' id='word_1_281' title='bbox 526 2157 647 2219; x_wconf 88' lang='lat' dir='ltr'><strong>lint,</strong></span> <span class='ocrx_word' id='word_1_282' title='bbox 663 2163 717 2209; x_wconf 90' lang='lat' dir='ltr'><strong>et</strong></span> <span class='ocrx_word' id='word_1_283' title='bbox 741 2156 990 2225; x_wconf 89' lang='lat' dir='ltr'><strong>princeps</strong></span> <span class='ocrx_word' id='word_1_284' title='bbox 1012 2168 1201 2207; x_wconf 89' lang='lat' dir='ltr'><strong>eorum</strong></span> <span class='ocrx_word' id='word_1_285' title='bbox 1225 2151 1400 2206; x_wconf 85' lang='lat' dir='ltr'><strong>virtus</strong></span> <span class='ocrx_word' id='word_1_286' title='bbox 1417 2153 1615 2206; x_wconf 88' lang='lat' dir='ltr'><strong>summi</strong></span> <span class='ocrx_word' id='word_1_287' title='bbox 1639 2151 1889 2208; x_wconf 89' lang='lat' dir='ltr'><strong>Numinis</strong></span> <span class='ocrx_word' id='word_1_288' title='bbox 1911 2153 2062 2207; x_wconf 88' lang='lat' dir='ltr'><strong>existi</strong></span> 
     </span>
    </p>
   </div>
   <div class='ocr_carea' id='block_1_39' title="bbox 2215 2147 3751 2225">
    <p class='ocr_par' dir='ltr' id='par_1_39' title="bbox 2215 2147 3751 2222">
     <span class='ocr_line' id='line_1_39' title="bbox 2215 2147 3751 2222; baseline -0.004 -18"><span class='ocrx_word' id='word_1_289' title='bbox 2215 2151 2365 2216; x_wconf 69' lang='grc' dir='ltr'>δόξαν</span> <span class='ocrx_word' id='word_1_290' title='bbox 2416 2151 2555 2222; x_wconf 80' lang='grc' dir='ltr'>ἔχειν</span> <span class='ocrx_word' id='word_1_291' title='bbox 2587 2150 2736 2220; x_wconf 70' lang='grc' dir='ltr'>παρὰ</span> <span class='ocrx_word' id='word_1_292' title='bbox 2801 2149 3126 2222; x_wconf 78' lang='grc' dir='ltr'>ἀνθρώποις,</span> <span class='ocrx_word' id='word_1_293' title='bbox 3174 2151 3207 2220; x_wconf 75' lang='grc' dir='ltr'>ἦ</span> <span class='ocrx_word' id='word_1_294' title='bbox 3235 2167 3294 2202; x_wconf 88' lang='grc' dir='ltr'><strong>τε</strong></span> <span class='ocrx_word' id='word_1_295' title='bbox 3326 2149 3636 2222; x_wconf 77' lang='grc' dir='ltr'>προεστῶσα</span> <span class='ocrx_word' id='word_1_296' title='bbox 3663 2147 3751 2218; x_wconf 83' lang='lat' dir='ltr'><strong>(Cl)</strong></span> 
     </span>
    </p>
   </div>
   <div class='ocr_carea' id='block_1_40' title="bbox 525 2239 2061 2315">
    <p class='ocr_par' dir='ltr' id='par_1_40' title="bbox 525 2241 2061 2313">
     <span class='ocr_line' id='line_1_40' title="bbox 525 2241 2061 2313; baseline -0.001 -15"><span class='ocrx_word' id='word_1_297' title='bbox 525 2247 822 2300; x_wconf 81' lang='lat' dir='ltr'><strong>inationem</strong></span> <span class='ocrx_word' id='word_1_298' title='bbox 856 2245 1086 2300; x_wconf 81' lang='lat' dir='ltr'><strong>affectet.</strong></span> <span class='ocrx_word' id='word_1_299' title='bbox 1121 2241 1198 2296; x_wconf 90' lang='lat' dir='ltr'><strong>llli</strong></span> <span class='ocrx_word' id='word_1_300' title='bbox 1237 2242 1518 2298; x_wconf 74' lang='lat' dir='ltr'><strong>enimvero</strong></span> <span class='ocrx_word' id='word_1_301' title='bbox 1550 2251 1700 2308; x_wconf 88' lang='lat' dir='ltr'><strong>sunt,</strong></span> <span class='ocrx_word' id='word_1_302' title='bbox 1738 2243 1831 2313; x_wconf 91' lang='lat' dir='ltr'><strong>qui</strong></span> <span class='ocrx_word' id='word_1_303' title='bbox 1863 2249 1916 2297; x_wconf 92' lang='lat' dir='ltr'><strong>et</strong></span> <span class='ocrx_word' id='word_1_304' title='bbox 1961 2243 2061 2296; x_wconf 83' lang='lat' dir='ltr'><strong>liba</strong></span> 
     </span>
    </p>
   </div>
   <div class='ocr_carea' id='block_1_41' title="bbox 2015 2239 3551 2315">
    <p class='ocr_par' dir='ltr' id='par_1_41' title="bbox 2015 2239 3551 2315">
     <span class='ocr_line' id='line_1_41' title="bbox 2015 2239 3551 2315; baseline -0.002 -19"><span class='ocrx_word' id='word_1_305' title='bbox 2015 2258 2100 2296; x_wconf 80' lang='lat' dir='ltr'><strong>oa-</strong></span> <span class='ocrx_word' id='word_1_306' title='bbox 2207 2243 2386 2295; x_wconf 79' lang='grc' dir='ltr'>αὐτῶν</span> <span class='ocrx_word' id='word_1_307' title='bbox 2411 2241 2639 2313; x_wconf 79' lang='grc' dir='ltr'>δύναμις</span> <span class='ocrx_word' id='word_1_308' title='bbox 2671 2243 2846 2296; x_wconf 87' lang='grc' dir='ltr'>δοκεῖν</span> <span class='ocrx_word' id='word_1_309' title='bbox 2883 2242 3017 2307; x_wconf 81' lang='grc' dir='ltr'>Θεὸς</span> <span class='ocrx_word' id='word_1_310' title='bbox 3046 2239 3186 2296; x_wconf 87' lang='grc' dir='ltr'>εἶναι</span> <span class='ocrx_word' id='word_1_311' title='bbox 3216 2247 3244 2298; x_wconf 85' lang='grc' dir='ltr'>ὁ</span> <span class='ocrx_word' id='word_1_312' title='bbox 3275 2242 3551 2315; x_wconf 79' lang='grc' dir='ltr'>μέγιστος.</span> 
     </span>
    </p>
   </div>
   <div class='ocr_carea' id='block_1_42' title="bbox 525 2331 3751 2410">
    <p class='ocr_par' dir='ltr' id='par_1_42' title="bbox 525 2331 3751 2410">
     <span class='ocr_line' id='line_1_42' title="bbox 525 2331 3751 2410; baseline -0.002 -18"><span class='ocrx_word' id='word_1_313' title='bbox 525 2339 765 2393; x_wconf 90' lang='lat' dir='ltr'><strong>tionibus</strong></span> <span class='ocrx_word' id='word_1_314' title='bbox 796 2345 850 2394; x_wconf 90' lang='lat' dir='ltr'><strong>et</strong></span> <span class='ocrx_word' id='word_1_315' title='bbox 891 2338 1081 2410; x_wconf 81' lang='lat' dir='ltr'><strong>nidore</strong></span> <span class='ocrx_word' id='word_1_316' title='bbox 1127 2339 1371 2393; x_wconf 92' lang='lat' dir='ltr'><strong>carnium</strong></span> <span class='ocrx_word' id='word_1_317' title='bbox 1419 2337 1777 2402; x_wconf 87' lang='lat' dir='ltr'><strong>delectantur,</strong></span> <span class='ocrx_word' id='word_1_318' title='bbox 1813 2351 1922 2406; x_wconf 92' lang='lat' dir='ltr'><strong>quo</strong></span> <span class='ocrx_word' id='word_1_319' title='bbox 1951 2343 2183 2405; x_wconf 89' lang='lat' dir='ltr'><strong>utroque</strong></span> <span class='ocrx_word' id='word_1_320' title='bbox 2221 2335 2512 2404; x_wconf 87' lang='lat' dir='ltr'><strong>spirituum</strong></span> <span class='ocrx_word' id='word_1_321' title='bbox 2571 2351 2972 2406; x_wconf 87' lang='lat' dir='ltr'><strong>corporumque</strong></span> <span class='ocrx_word' id='word_1_322' title='bbox 3032 2352 3203 2406; x_wconf 63' lang='lat' dir='ltr'><strong>genus</strong></span> <span class='ocrx_word' id='word_1_323' title='bbox 3264 2337 3566 2405; x_wconf 81' lang='lat' dir='ltr'><strong>saginatur.</strong></span> <span class='ocrx_word' id='word_1_324' title='bbox 3605 2331 3751 2386; x_wconf 82' lang='lat' dir='ltr'><strong>Vitam</strong></span> 
     </span>
    </p>
   </div>
   <div class='ocr_carea' id='block_1_43' title="bbox 524 2429 3753 2505">
    <p class='ocr_par' dir='ltr' id='par_1_43' title="bbox 524 2429 3753 2505">
     <span class='ocr_line' id='line_1_43' title="bbox 524 2429 3753 2505; baseline -0.003 -15"><span class='ocrx_word' id='word_1_325' title='bbox 524 2436 670 2490; x_wconf 89' lang='lat' dir='ltr'><strong>enim</strong></span> <span class='ocrx_word' id='word_1_326' title='bbox 727 2445 787 2490; x_wconf 93' lang='lat' dir='ltr'><strong>ut</strong></span> <span class='ocrx_word' id='word_1_327' title='bbox 841 2435 1137 2505; x_wconf 74' lang='lat' dir='ltr'><strong>vaporibus</strong></span> <span class='ocrx_word' id='word_1_328' title='bbox 1187 2435 1741 2502; x_wconf 68' lang='lat' dir='ltr'><strong>exhalationihnsque</strong></span> <span class='ocrx_word' id='word_1_329' title='bbox 1793 2439 2100 2496; x_wconf 84' lang='lat' dir='ltr'><strong>sustentat,</strong></span> <span class='ocrx_word' id='word_1_330' title='bbox 2164 2431 2327 2500; x_wconf 90' lang='lat' dir='ltr'><strong>idque</strong></span> <span class='ocrx_word' id='word_1_331' title='bbox 2367 2432 2530 2486; x_wconf 90' lang='lat' dir='ltr'><strong>modo</strong></span> <span class='ocrx_word' id='word_1_332' title='bbox 2561 2447 2662 2501; x_wconf 91' lang='lat' dir='ltr'><strong>pro</strong></span> <span class='ocrx_word' id='word_1_333' title='bbox 2687 2449 2875 2487; x_wconf 89' lang='lat' dir='ltr'><strong>eorum</strong></span> <span class='ocrx_word' id='word_1_334' title='bbox 2905 2433 3218 2486; x_wconf 82' lang='lat' dir='ltr'><strong>diversitate</strong></span> <span class='ocrx_word' id='word_1_335' title='bbox 3245 2432 3488 2494; x_wconf 88' lang='lat' dir='ltr'><strong>diverso,</strong></span> <span class='ocrx_word' id='word_1_336' title='bbox 3521 2433 3591 2485; x_wconf 86' lang='lat' dir='ltr'><strong>ita</strong></span> <span class='ocrx_word' id='word_1_337' title='bbox 3636 2429 3753 2482; x_wconf 85' lang='lat' dir='ltr'><strong>vires</strong></span> 
     </span>
    </p>
   </div>
   <div class='ocr_carea' id='block_1_44' title="bbox 525 2526 3754 2600">
    <p class='ocr_par' dir='ltr' id='par_1_44' title="bbox 525 2526 3754 2600">
     <span class='ocr_line' id='line_1_44' title="bbox 525 2526 3754 2600; baseline -0.002 -17"><span class='ocrx_word' id='word_1_338' title='bbox 525 2530 807 2600; x_wconf 86' lang='lat' dir='ltr'><strong>sanguinis</strong></span> <span class='ocrx_word' id='word_1_339' title='bbox 845 2530 1202 2600; x_wconf 88' lang='lat' dir='ltr'><strong>earniumque</strong></span> <span class='ocrx_word' id='word_1_340' title='bbox 1247 2531 1436 2584; x_wconf 91' lang='lat' dir='ltr'><strong>nidore</strong></span> <span class='ocrx_word' id='word_1_341' title='bbox 1481 2529 1784 2584; x_wconf 88' lang='lat' dir='ltr'><strong>conﬁrmat.</strong></span> <span class='ocrx_word' id='word_1_342' title='bbox 1812 2549 1829 2581; x_wconf 78' lang='grc' dir='ltr'><strong>ι</strong></span> <span class='ocrx_word' id='word_1_343' title='bbox 1871 2527 2146 2597; x_wconf 79' lang='lat' dir='ltr'><strong>Sieigitnr</strong></span> <span class='ocrx_word' id='word_1_344' title='bbox 2183 2527 2318 2582; x_wconf 85' lang='lat' dir='ltr'><strong>istos</strong></span> <span class='ocrx_word' id='word_1_345' title='bbox 2351 2528 2583 2596; x_wconf 84' lang='lat' dir='ltr'><strong>ingenue</strong></span> <span class='ocrx_word' id='word_1_346' title='bbox 2613 2529 2933 2584; x_wconf 88' lang='lat' dir='ltr'><strong>conﬁtentes</strong></span> <span class='ocrx_word' id='word_1_347' title='bbox 2983 2529 3324 2594; x_wconf 84' lang='lat' dir='ltr'><strong>audivimus,</strong></span> <span class='ocrx_word' id='word_1_348' title='bbox 3361 2538 3650 2598; x_wconf 68' lang='lat' dir='ltr'><strong>prmceplas</strong></span> <span class='ocrx_word' id='word_1_349' title='bbox 3680 2526 3754 2579; x_wconf 53' lang='lat' dir='ltr'><strong>hoc</strong></span> 
     </span>
    </p>
   </div>
   <div class='ocr_carea' id='block_1_45' title="bbox 525 2617 3752 2690">
    <p class='ocr_par' dir='ltr' id='par_1_45' title="bbox 525 2617 3752 2690">
     <span class='ocr_line' id='line_1_45' title="bbox 525 2617 3752 2690; baseline -0.001 -18"><span class='ocrx_word' id='word_1_350' title='bbox 525 2620 734 2673; x_wconf 90' lang='lat' dir='ltr'><strong>minum</strong></span> <span class='ocrx_word' id='word_1_351' title='bbox 762 2618 830 2673; x_wconf 88' lang='lat' dir='ltr'><strong>de</strong></span> <span class='ocrx_word' id='word_1_352' title='bbox 867 2620 1128 2690; x_wconf 87' lang='lat' dir='ltr'><strong>improbis</strong></span> <span class='ocrx_word' id='word_1_353' title='bbox 1174 2619 1536 2684; x_wconf 67' lang='lat' dir='ltr'><strong>dazmonibus,</strong></span> <span class='ocrx_word' id='word_1_354' title='bbox 1577 2619 1799 2688; x_wconf 87' lang='lat' dir='ltr'><strong>perinde</strong></span> <span class='ocrx_word' id='word_1_355' title='bbox 1849 2633 1913 2672; x_wconf 92' lang='lat' dir='ltr'><strong>ae</strong></span> <span class='ocrx_word' id='word_1_356' title='bbox 1945 2619 1990 2671; x_wconf 91' lang='lat' dir='ltr'><strong>si</strong></span> <span class='ocrx_word' id='word_1_357' title='bbox 2025 2619 2099 2672; x_wconf 88' lang='lat' dir='ltr'><strong>dii</strong></span> <span class='ocrx_word' id='word_1_358' title='bbox 2139 2618 2375 2686; x_wconf 91' lang='lat' dir='ltr'><strong>bonique</strong></span> <span class='ocrx_word' id='word_1_359' title='bbox 2401 2618 2596 2681; x_wconf 78' lang='lat' dir='ltr'><strong>forent,</strong></span> <span class='ocrx_word' id='word_1_360' title='bbox 2622 2619 2908 2688; x_wconf 85' lang='lat' dir='ltr'><strong>opiniones</strong></span> <span class='ocrx_word' id='word_1_361' title='bbox 2941 2620 3315 2674; x_wconf 88' lang='lat' dir='ltr'><strong>vehementius</strong></span> <span class='ocrx_word' id='word_1_362' title='bbox 3351 2635 3460 2674; x_wconf 91' lang='lat' dir='ltr'><strong>non</strong></span> <span class='ocrx_word' id='word_1_363' title='bbox 3512 2634 3540 2673; x_wconf 90' lang='lat' dir='ltr'><strong>a</strong></span> <span class='ocrx_word' id='word_1_364' title='bbox 3580 2617 3752 2673; x_wconf 70' lang='lat' dir='ltr'><strong>Graecis</strong></span> 
     </span>
    </p>
   </div>
   <div class='ocr_carea' id='block_1_46' title="bbox 527 2711 3752 2784">
    <p class='ocr_par' dir='ltr' id='par_1_46' title="bbox 527 2711 3752 2784">
     <span class='ocr_line' id='line_1_46' title="bbox 527 2711 3752 2784; baseline 0 -20"><span class='ocrx_word' id='word_1_365' title='bbox 527 2711 692 2766; x_wconf 84' lang='lat' dir='ltr'><strong>modo</strong></span> <span class='ocrx_word' id='word_1_366' title='bbox 737 2715 912 2781; x_wconf 89' lang='lat' dir='ltr'><strong>poetis</strong></span> <span class='ocrx_word' id='word_1_367' title='bbox 953 2727 1212 2767; x_wconf 87' lang='lat' dir='ltr'><strong>accensas</strong></span> <span class='ocrx_word' id='word_1_368' title='bbox 1257 2711 1444 2777; x_wconf 89' lang='lat' dir='ltr'><strong>fuisse,</strong></span> <span class='ocrx_word' id='word_1_369' title='bbox 1480 2729 1668 2766; x_wconf 88' lang='lat' dir='ltr'><strong>verum</strong></span> <span class='ocrx_word' id='word_1_370' title='bbox 1729 2712 1890 2765; x_wconf 90' lang='lat' dir='ltr'><strong>etiam</strong></span> <span class='ocrx_word' id='word_1_371' title='bbox 1941 2711 2008 2765; x_wconf 89' lang='lat' dir='ltr'><strong>ab</strong></span> <span class='ocrx_word' id='word_1_372' title='bbox 2040 2713 2106 2766; x_wconf 89' lang='lat' dir='ltr'><strong>iis</strong></span> <span class='ocrx_word' id='word_1_373' title='bbox 2143 2713 2236 2781; x_wconf 91' lang='lat' dir='ltr'><strong>qui</strong></span> <span class='ocrx_word' id='word_1_374' title='bbox 2285 2712 2638 2781; x_wconf 74' lang='lat' dir='ltr'><strong>philosophia:</strong></span> <span class='ocrx_word' id='word_1_375' title='bbox 2665 2714 2839 2767; x_wconf 88' lang='lat' dir='ltr'><strong>studia</strong></span> <span class='ocrx_word' id='word_1_376' title='bbox 2871 2714 3122 2784; x_wconf 76' lang='lat' dir='ltr'><strong>professi,</strong></span> <span class='ocrx_word' id='word_1_377' title='bbox 3167 2715 3413 2783; x_wconf 78' lang='lat' dir='ltr'><strong>aequiore</strong></span> <span class='ocrx_word' id='word_1_378' title='bbox 3462 2729 3523 2768; x_wconf 87' lang='lat' dir='ltr'><strong>ac</strong></span> <span class='ocrx_word' id='word_1_379' title='bbox 3551 2727 3752 2783; x_wconf 80' lang='lat' dir='ltr'><strong>pr0pen-</strong></span> 
     </span>
    </p>
   </div>
   <div class='ocr_carea' id='block_1_47' title="bbox 523 2803 3749 2878">
    <p class='ocr_par' dir='ltr' id='par_1_47' title="bbox 523 2803 3749 2878">
     <span class='ocr_line' id='line_1_47' title="bbox 523 2803 3749 2878; baseline 0.002 -22"><span class='ocrx_word' id='word_1_380' title='bbox 523 2803 670 2856; x_wconf 87' lang='lat' dir='ltr'><strong>siore</strong></span> <span class='ocrx_word' id='word_1_381' title='bbox 691 2818 814 2873; x_wconf 87' lang='lat' dir='ltr'><strong>erga</strong></span> <span class='ocrx_word' id='word_1_382' title='bbox 831 2805 959 2860; x_wconf 71' lang='lat' dir='ltr'><strong>deos</strong></span> <span class='ocrx_word' id='word_1_383' title='bbox 981 2808 1160 2860; x_wconf 90' lang='lat' dir='ltr'><strong>anima</strong></span> <span class='ocrx_word' id='word_1_384' title='bbox 1193 2806 1524 2869; x_wconf 87' lang='lat' dir='ltr'><strong>viderentur,</strong></span> <span class='ocrx_word' id='word_1_385' title='bbox 1577 2813 1762 2876; x_wconf 88' lang='lat' dir='ltr'><strong>utpote</strong></span> <span class='ocrx_word' id='word_1_386' title='bbox 1811 2805 1902 2874; x_wconf 91' lang='lat' dir='ltr'><strong>qui</strong></span> <span class='ocrx_word' id='word_1_387' title='bbox 1946 2822 2054 2860; x_wconf 90' lang='lat' dir='ltr'><strong>non</strong></span> <span class='ocrx_word' id='word_1_388' title='bbox 2095 2805 2199 2859; x_wconf 80' lang='lat' dir='ltr'><strong>diis</strong></span> <span class='ocrx_word' id='word_1_389' title='bbox 2236 2807 2367 2876; x_wconf 92' lang='lat' dir='ltr'><strong>ipsis</strong></span> <span class='ocrx_word' id='word_1_390' title='bbox 2397 2810 2632 2877; x_wconf 80' lang='lat' dir='ltr'><strong>quoque,</strong></span> <span class='ocrx_word' id='word_1_391' title='bbox 2687 2809 2778 2862; x_wconf 85' lang='lat' dir='ltr'><strong>sed</strong></span> <span class='ocrx_word' id='word_1_392' title='bbox 2810 2807 3070 2878; x_wconf 88' lang='lat' dir='ltr'><strong>improbis</strong></span> <span class='ocrx_word' id='word_1_393' title='bbox 3127 2809 3470 2864; x_wconf 66' lang='lat' dir='ltr'><strong>daemonibus</strong></span> <span class='ocrx_word' id='word_1_394' title='bbox 3523 2807 3749 2870; x_wconf 85' lang='lat' dir='ltr'><strong>colendis,</strong></span> 
     </span>
    </p>
   </div>
   <div class='ocr_carea' id='block_1_48' title="bbox 524 2895 3750 2973">
    <p class='ocr_par' dir='ltr' id='par_1_48' title="bbox 524 2895 3750 2973">
     <span class='ocr_line' id='line_1_48' title="bbox 524 2895 3750 2973; baseline 0.002 -26"><span class='ocrx_word' id='word_1_395' title='bbox 524 2895 858 2964; x_wconf 66' lang='lat' dir='ltr'><strong>praecipitem</strong></span> <span class='ocrx_word' id='word_1_396' title='bbox 894 2897 945 2949; x_wconf 92' lang='lat' dir='ltr'><strong>in</strong></span> <span class='ocrx_word' id='word_1_397' title='bbox 979 2912 1220 2952; x_wconf 86' lang='lat' dir='ltr'><strong>errorem</strong></span> <span class='ocrx_word' id='word_1_398' title='bbox 1253 2914 1413 2952; x_wconf 91' lang='lat' dir='ltr'><strong>suum</strong></span> <span class='ocrx_word' id='word_1_399' title='bbox 1465 2898 1868 2952; x_wconf 87' lang='lat' dir='ltr'><strong>multitudinem</strong></span> <span class='ocrx_word' id='word_1_400' title='bbox 1897 2900 2126 2968; x_wconf 82' lang='lat' dir='ltr'><strong>egerint.</strong></span> <span class='ocrx_word' id='word_1_401' title='bbox 2165 2898 2320 2952; x_wconf 79' lang='lat' dir='ltr'><strong>Enim</strong></span> <span class='ocrx_word' id='word_1_402' title='bbox 2356 2916 2486 2953; x_wconf 85' lang='lat' dir='ltr'><strong>vero</strong></span> <span class='ocrx_word' id='word_1_403' title='bbox 2511 2901 2729 2956; x_wconf 86' lang='lat' dir='ltr'><strong>disertis</strong></span> <span class='ocrx_word' id='word_1_404' title='bbox 2778 2903 2956 2957; x_wconf 91' lang='lat' dir='ltr'><strong>verbis</strong></span> <span class='ocrx_word' id='word_1_405' title='bbox 2989 2901 3326 2973; x_wconf 75' lang='lat' dir='ltr'><strong>Porphyrius</strong></span> <span class='ocrx_word' id='word_1_406' title='bbox 3365 2901 3581 2969; x_wconf 75' lang='lat' dir='ltr'><strong>fatetur,</strong></span> <span class='ocrx_word' id='word_1_407' title='bbox 3630 2902 3750 2954; x_wconf 81' lang='lat' dir='ltr'><strong>illam</strong></span> 
     </span>
    </p>
   </div>
   <div class='ocr_carea' id='block_1_49' title="bbox 523 2991 3752 3068">
    <p class='ocr_par' dir='ltr' id='par_1_49' title="bbox 523 2991 3752 3068">
     <span class='ocr_line' id='line_1_49' title="bbox 523 2991 3752 3068; baseline 0.003 -28"><span class='ocrx_word' id='word_1_408' title='bbox 523 3003 648 3042; x_wconf 71' lang='lat' dir='ltr'><strong>eum</strong></span> <span class='ocrx_word' id='word_1_409' title='bbox 681 3005 745 3042; x_wconf 78' lang='lat' dir='ltr'><strong>ex</strong></span> <span class='ocrx_word' id='word_1_410' title='bbox 772 2991 859 3055; x_wconf 91' lang='lat' dir='ltr'><strong>iis,</strong></span> <span class='ocrx_word' id='word_1_411' title='bbox 898 2991 990 3060; x_wconf 87' lang='lat' dir='ltr'><strong>qui</strong></span> <span class='ocrx_word' id='word_1_412' title='bbox 1039 2991 1311 3062; x_wconf 88' lang='lat' dir='ltr'><strong>sapientes</strong></span> <span class='ocrx_word' id='word_1_413' title='bbox 1343 2993 1702 3060; x_wconf 88' lang='lat' dir='ltr'><strong>habebantur,</strong></span> <span class='ocrx_word' id='word_1_414' title='bbox 1749 2994 2174 3064; x_wconf 86' lang='lat' dir='ltr'><strong>cogitationibus</strong></span> <span class='ocrx_word' id='word_1_415' title='bbox 2209 2996 2326 3050; x_wconf 88' lang='lat' dir='ltr'><strong>suis</strong></span> <span class='ocrx_word' id='word_1_416' title='bbox 2364 2999 3181 3068; x_wconf 88' lang='lat' dir='ltr'><strong>consentaneasdisputationes</strong></span> <span class='ocrx_word' id='word_1_417' title='bbox 3231 2999 3471 3066; x_wconf 87' lang='lat' dir='ltr'><strong>audiret,</strong></span> <span class='ocrx_word' id='word_1_418' title='bbox 3506 2999 3556 3052; x_wconf 92' lang='lat' dir='ltr'><strong>in</strong></span> <span class='ocrx_word' id='word_1_419' title='bbox 3588 3014 3673 3052; x_wconf 90' lang='lat' dir='ltr'><strong>sua</strong></span> <span class='ocrx_word' id='word_1_420' title='bbox 3699 2997 3752 3050; x_wconf 88' lang='lat' dir='ltr'><strong>de</strong></span> 
     </span>
    </p>
   </div>
   <div class='ocr_carea' id='block_1_50' title="bbox 526 3079 3751 3162">
    <p class='ocr_par' dir='ltr' id='par_1_50' title="bbox 526 3079 3751 3162">
     <span class='ocr_line' id='line_1_50' title="bbox 526 3079 3751 3162; baseline 0.003 -28"><span class='ocrx_word' id='word_1_421' title='bbox 526 3079 752 3135; x_wconf 83' lang='lat' dir='ltr'><strong>nefariis</strong></span> <span class='ocrx_word' id='word_1_422' title='bbox 790 3083 1131 3138; x_wconf 72' lang='lat' dir='ltr'><strong>dzentonibns</strong></span> <span class='ocrx_word' id='word_1_423' title='bbox 1170 3085 1249 3139; x_wconf 92' lang='lat' dir='ltr'><strong>sic</strong></span> <span class='ocrx_word' id='word_1_424' title='bbox 1307 3093 1567 3156; x_wconf 87' lang='lat' dir='ltr'><strong>tanquam</strong></span> <span class='ocrx_word' id='word_1_425' title='bbox 1603 3088 1668 3141; x_wconf 91' lang='lat' dir='ltr'><strong>de</strong></span> <span class='ocrx_word' id='word_1_426' title='bbox 1702 3089 1807 3143; x_wconf 92' lang='lat' dir='ltr'><strong>diis</strong></span> <span class='ocrx_word' id='word_1_427' title='bbox 1835 3089 2092 3158; x_wconf 89' lang='lat' dir='ltr'><strong>opinione</strong></span> <span class='ocrx_word' id='word_1_428' title='bbox 2125 3091 2298 3160; x_wconf 82' lang='lat' dir='ltr'><strong>magis</strong></span> <span class='ocrx_word' id='word_1_429' title='bbox 2324 3092 2376 3144; x_wconf 94' lang='lat' dir='ltr'><strong>in</strong></span> <span class='ocrx_word' id='word_1_430' title='bbox 2415 3092 2532 3145; x_wconf 91' lang='lat' dir='ltr'><strong>dies</strong></span> <span class='ocrx_word' id='word_1_431' title='bbox 2567 3091 2845 3161; x_wconf 86' lang='lat' dir='ltr'><strong>magisque</strong></span> <span class='ocrx_word' id='word_1_432' title='bbox 2877 3093 3248 3148; x_wconf 88' lang='lat' dir='ltr'><strong>conﬁrmatam</strong></span> <span class='ocrx_word' id='word_1_433' title='bbox 3283 3109 3430 3149; x_wconf 89' lang='lat' dir='ltr'><strong>esse.</strong></span> <span class='ocrx_word' id='word_1_434' title='bbox 3466 3095 3630 3162; x_wconf 81' lang='lat' dir='ltr'><strong>Atque</strong></span> <span class='ocrx_word' id='word_1_435' title='bbox 3659 3093 3751 3144; x_wconf 76' lang='lat' dir='ltr'><strong>hzec</strong></span> 
     </span>
    </p>
   </div>
   <div class='ocr_carea' id='block_1_51' title="bbox 524 3176 3747 3256">
    <p class='ocr_par' dir='ltr' id='par_1_51' title="bbox 524 3176 3747 3256">
     <span class='ocr_line' id='line_1_51' title="bbox 524 3176 3747 3256; baseline 0.004 -31"><span class='ocrx_word' id='word_1_436' title='bbox 524 3186 632 3226; x_wconf 91' lang='lat' dir='ltr'><strong>non</strong></span> <span class='ocrx_word' id='word_1_437' title='bbox 657 3176 983 3229; x_wconf 84' lang='lat' dir='ltr'><strong>auctoritate</strong></span> <span class='ocrx_word' id='word_1_438' title='bbox 1014 3192 1145 3231; x_wconf 91' lang='lat' dir='ltr'><strong>sane</strong></span> <span class='ocrx_word' id='word_1_439' title='bbox 1171 3179 1587 3247; x_wconf 83' lang='lat' dir='ltr'><strong>testimonioqne</strong></span> <span class='ocrx_word' id='word_1_440' title='bbox 1606 3187 1916 3233; x_wconf 88' lang='lat' dir='ltr'><strong>nostrorum</strong></span> <span class='ocrx_word' id='word_1_441' title='bbox 1945 3190 2265 3251; x_wconf 77' lang='lat' dir='ltr'><strong>arguuntur,</strong></span> <span class='ocrx_word' id='word_1_442' title='bbox 2292 3184 2384 3238; x_wconf 88' lang='lat' dir='ltr'><strong>sed</strong></span> <span class='ocrx_word' id='word_1_443' title='bbox 2410 3184 2652 3252; x_wconf 87' lang='lat' dir='ltr'><strong>ipsorum</strong></span> <span class='ocrx_word' id='word_1_444' title='bbox 2684 3185 2775 3254; x_wconf 89' lang='lat' dir='ltr'><strong>qui</strong></span> <span class='ocrx_word' id='word_1_445' title='bbox 2795 3200 2884 3239; x_wconf 92' lang='lat' dir='ltr'><strong>res</strong></span> <span class='ocrx_word' id='word_1_446' title='bbox 2911 3201 3039 3240; x_wconf 86' lang='lat' dir='ltr'><strong>suas</strong></span> <span class='ocrx_word' id='word_1_447' title='bbox 3063 3187 3298 3255; x_wconf 82' lang='lat' dir='ltr'><strong>penitus,</strong></span> <span class='ocrx_word' id='word_1_448' title='bbox 3325 3203 3392 3241; x_wconf 88' lang='lat' dir='ltr'><strong>ac</strong></span> <span class='ocrx_word' id='word_1_449' title='bbox 3435 3187 3582 3256; x_wconf 85' lang='lat' dir='ltr'><strong>longe</strong></span> <span class='ocrx_word' id='word_1_450' title='bbox 3611 3199 3747 3256; x_wconf 82' lang='lat' dir='ltr'><strong>quam</strong></span> 
     </span>
    </p>
   </div>
   <div class='ocr_carea' id='block_1_52' title="bbox 525 3269 3754 3348">
    <p class='ocr_par' dir='ltr' id='par_1_52' title="bbox 525 3269 3754 3348">
     <span class='ocr_line' id='line_1_52' title="bbox 525 3269 3754 3348; baseline 0.004 -29"><span class='ocrx_word' id='word_1_451' title='bbox 525 3281 626 3320; x_wconf 93' lang='lat' dir='ltr'><strong>nos</strong></span> <span class='ocrx_word' id='word_1_452' title='bbox 653 3269 856 3322; x_wconf 89' lang='lat' dir='ltr'><strong>certius</strong></span> <span class='ocrx_word' id='word_1_453' title='bbox 889 3269 1335 3340; x_wconf 87' lang='lat' dir='ltr'><strong>enueleatiusque</strong></span> <span class='ocrx_word' id='word_1_454' title='bbox 1367 3273 1732 3341; x_wconf 89' lang='lat' dir='ltr'><strong>perviderant.</strong></span> <span class='ocrx_word' id='word_1_455' title='bbox 1781 3272 2062 3344; x_wconf 89' lang='lat' dir='ltr'><strong>Siquidem</strong></span> <span class='ocrx_word' id='word_1_456' title='bbox 2095 3277 2185 3331; x_wconf 89' lang='lat' dir='ltr'><strong>ille</strong></span> <span class='ocrx_word' id='word_1_457' title='bbox 2218 3277 2333 3346; x_wconf 89' lang='lat' dir='ltr'><strong>ipse</strong></span> <span class='ocrx_word' id='word_1_458' title='bbox 2363 3278 2618 3347; x_wconf 90' lang='lat' dir='ltr'><strong>scriptor,</strong></span> <span class='ocrx_word' id='word_1_459' title='bbox 2643 3279 2734 3347; x_wconf 90' lang='lat' dir='ltr'><strong>qui</strong></span> <span class='ocrx_word' id='word_1_460' title='bbox 2764 3294 2871 3332; x_wconf 90' lang='lat' dir='ltr'><strong>non</strong></span> <span class='ocrx_word' id='word_1_461' title='bbox 2908 3279 3273 3348; x_wconf 86' lang='lat' dir='ltr'><strong>perfunctorie</strong></span> <span class='ocrx_word' id='word_1_462' title='bbox 3294 3297 3364 3336; x_wconf 89' lang='lat' dir='ltr'><strong>ac</strong></span> <span class='ocrx_word' id='word_1_463' title='bbox 3392 3282 3574 3336; x_wconf 82' lang='lat' dir='ltr'><strong>leviter</strong></span> <span class='ocrx_word' id='word_1_464' title='bbox 3609 3281 3754 3333; x_wconf 84' lang='lat' dir='ltr'><strong>fuerat</strong></span> 
     </span>
    </p>
   </div>
   <div class='ocr_carea' id='block_1_53' title="bbox 522 3357 3752 3437">
    <p class='ocr_par' dir='ltr' id='par_1_53' title="bbox 522 3357 3752 3437">
     <span class='ocr_line' id='line_1_53' title="bbox 522 3357 3752 3437; baseline 0.005 -26"><span class='ocrx_word' id='word_1_465' title='bbox 522 3357 578 3411; x_wconf 83' lang='lat' dir='ltr'><strong>in</strong></span> <span class='ocrx_word' id='word_1_466' title='bbox 606 3374 691 3420; x_wconf 82' lang='lat' dir='ltr'><strong>ea.</strong></span> <span class='ocrx_word' id='word_1_467' title='bbox 734 3375 854 3428; x_wconf 71' lang='lat' dir='ltr'><strong>qua:</strong></span> <span class='ocrx_word' id='word_1_468' title='bbox 890 3361 1082 3429; x_wconf 84' lang='lat' dir='ltr'><strong>vulgus</strong></span> <span class='ocrx_word' id='word_1_469' title='bbox 1145 3361 1368 3427; x_wconf 89' lang='lat' dir='ltr'><strong>latebat,</strong></span> <span class='ocrx_word' id='word_1_470' title='bbox 1432 3364 1819 3432; x_wconf 88' lang='lat' dir='ltr'><strong>superstitione</strong></span> <span class='ocrx_word' id='word_1_471' title='bbox 1866 3376 2139 3431; x_wconf 86' lang='lat' dir='ltr'><strong>versatus,</strong></span> <span class='ocrx_word' id='word_1_472' title='bbox 2175 3368 2455 3437; x_wconf 92' lang='lat' dir='ltr'><strong>improbos</strong></span> <span class='ocrx_word' id='word_1_473' title='bbox 2493 3368 2766 3424; x_wconf 86' lang='lat' dir='ltr'><strong>daemones</strong></span> <span class='ocrx_word' id='word_1_474' title='bbox 2810 3371 3008 3424; x_wconf 89' lang='lat' dir='ltr'><strong>asserit</strong></span> <span class='ocrx_word' id='word_1_475' title='bbox 3061 3371 3192 3426; x_wconf 88' lang='lat' dir='ltr'><strong>deos</strong></span> <span class='ocrx_word' id='word_1_476' title='bbox 3239 3387 3365 3428; x_wconf 90' lang='lat' dir='ltr'><strong>esse</strong></span> <span class='ocrx_word' id='word_1_477' title='bbox 3412 3373 3566 3437; x_wconf 87' lang='lat' dir='ltr'><strong>velle,</strong></span> <span class='ocrx_word' id='word_1_478' title='bbox 3610 3372 3752 3428; x_wconf 84' lang='lat' dir='ltr'><strong>bono-</strong></span> 
     </span>
    </p>
   </div>
   <div class='ocr_carea' id='block_1_54' title="bbox 524 3453 3751 3532">
    <p class='ocr_par' dir='ltr' id='par_1_54' title="bbox 524 3453 3751 3532">
     <span class='ocr_line' id='line_1_54' title="bbox 524 3453 3751 3532; baseline 0.003 -26"><span class='ocrx_word' id='word_1_479' title='bbox 524 3467 758 3520; x_wconf 88' lang='lat' dir='ltr'><strong>rumque</strong></span> <span class='ocrx_word' id='word_1_480' title='bbox 781 3453 921 3522; x_wconf 86' lang='lat' dir='ltr'><strong>apud</strong></span> <span class='ocrx_word' id='word_1_481' title='bbox 955 3454 1204 3508; x_wconf 84' lang='lat' dir='ltr'><strong>homines</strong></span> <span class='ocrx_word' id='word_1_482' title='bbox 1229 3453 1693 3510; x_wconf 79' lang='lat' dir='ltr'><strong>existimationem</strong></span> <span class='ocrx_word' id='word_1_483' title='bbox 1727 3468 2017 3527; x_wconf 82' lang='lat' dir='ltr'><strong>expetere;</strong></span> <span class='ocrx_word' id='word_1_484' title='bbox 2076 3473 2142 3514; x_wconf 92' lang='lat' dir='ltr'><strong>ae</strong></span> <span class='ocrx_word' id='word_1_485' title='bbox 2174 3459 2429 3514; x_wconf 86' lang='lat' dir='ltr'><strong>virtutem</strong></span> <span class='ocrx_word' id='word_1_486' title='bbox 2467 3475 2655 3514; x_wconf 93' lang='lat' dir='ltr'><strong>eorum</strong></span> <span class='ocrx_word' id='word_1_487' title='bbox 2691 3461 2992 3532; x_wconf 81' lang='lat' dir='ltr'><strong>principem</strong></span> <span class='ocrx_word' id='word_1_488' title='bbox 3043 3465 3246 3519; x_wconf 90' lang='lat' dir='ltr'><strong>summi</strong></span> <span class='ocrx_word' id='word_1_489' title='bbox 3279 3463 3538 3521; x_wconf 86' lang='lat' dir='ltr'><strong>Numinis</strong></span> <span class='ocrx_word' id='word_1_490' title='bbox 3583 3467 3751 3519; x_wconf 84' lang='lat' dir='ltr'><strong>famam</strong></span> 
     </span>
    </p>
   </div>
   <div class='ocr_carea' id='block_1_55' title="bbox 523 3547 1070 3600">
    <p class='ocr_par' dir='ltr' id='par_1_55' title="bbox 523 3547 1070 3600">
     <span class='ocr_line' id='line_1_55' title="bbox 523 3547 1070 3600; baseline 0.004 -2"><span class='ocrx_word' id='word_1_491' title='bbox 523 3553 578 3598; x_wconf 87' lang='lat' dir='ltr'><strong>et</strong></span> <span class='ocrx_word' id='word_1_492' title='bbox 612 3560 808 3600; x_wconf 91' lang='lat' dir='ltr'><strong>nomen</strong></span> <span class='ocrx_word' id='word_1_493' title='bbox 843 3547 1070 3600; x_wconf 89' lang='lat' dir='ltr'><strong>ambire.</strong></span> 
     </span>
    </p>
   </div>
   <div class='ocr_carea' id='block_1_56' title="bbox 601 3635 2137 3724">
    <p class='ocr_par' dir='ltr' id='par_1_56' title="bbox 601 3635 2137 3713">
     <span class='ocr_line' id='line_1_56' title="bbox 601 3635 2137 3713; baseline -0.001 -22"><span class='ocrx_word' id='word_1_494' title='bbox 601 3635 760 3710; x_wconf 64' lang='lat'><strong>174</strong></span> <span class='ocrx_word' id='word_1_495' title='bbox 798 3637 1058 3703; x_wconf 70' lang='lat' dir='ltr'><strong>Quaenam</strong></span> <span class='ocrx_word' id='word_1_496' title='bbox 1121 3652 1284 3707; x_wconf 89' lang='lat' dir='ltr'><strong>porro</strong></span> <span class='ocrx_word' id='word_1_497' title='bbox 1320 3638 1390 3693; x_wconf 90' lang='lat' dir='ltr'><strong>sit</strong></span> <span class='ocrx_word' id='word_1_498' title='bbox 1445 3639 1615 3693; x_wconf 86' lang='lat' dir='ltr'><strong>virtus</strong></span> <span class='ocrx_word' id='word_1_499' title='bbox 1677 3639 1766 3694; x_wconf 92' lang='lat' dir='ltr'><strong>illa</strong></span> <span class='ocrx_word' id='word_1_500' title='bbox 1830 3642 2137 3713; x_wconf 40' lang='lat' dir='ltr'><strong>princeps“</strong></span> 
     </span>
    </p>
   </div>
   <div class='ocr_carea' id='block_1_57' title="bbox 2214 3635 3750 3724">
    <p class='ocr_par' dir='ltr' id='par_1_57' title="bbox 2280 3643 3750 3724">
     <span class='ocr_line' id='line_1_57' title="bbox 2280 3643 3750 3724; baseline 0.007 -28"><span class='ocrx_word' id='word_1_501' title='bbox 2280 3643 2376 3707; x_wconf 85' lang='grc' dir='ltr'>Τίς</span> <span class='ocrx_word' id='word_1_502' title='bbox 2401 3661 2493 3699; x_wconf 85' lang='grc' dir='ltr'>ουν</span> <span class='ocrx_word' id='word_1_503' title='bbox 2521 3647 2629 3716; x_wconf 82' lang='grc' dir='ltr'>ἄρα</span> <span class='ocrx_word' id='word_1_504' title='bbox 2655 3649 2686 3719; x_wconf 83' lang='grc' dir='ltr'>ἡ</span> <span class='ocrx_word' id='word_1_505' title='bbox 2711 3649 3030 3721; x_wconf 83' lang='grc' dir='ltr'>προεστῶσα</span> <span class='ocrx_word' id='word_1_506' title='bbox 3055 3651 3233 3704; x_wconf 81' lang='grc' dir='ltr'>αὐτῶν</span> <span class='ocrx_word' id='word_1_507' title='bbox 3257 3654 3519 3724; x_wconf 80' lang='grc' dir='ltr'><strong>τυγχάνει</strong></span> <span class='ocrx_word' id='word_1_508' title='bbox 3539 3654 3750 3724; x_wconf 68' lang='grc' dir='ltr'>δύναμις,</span> 
     </span>
    </p>
   </div>
   <div class='ocr_carea' id='block_1_58' title="bbox 526 3730 2062 3818">
    <p class='ocr_par' dir='ltr' id='par_1_58' title="bbox 526 3730 2062 3803">
     <span class='ocr_line' id='line_1_58' title="bbox 526 3730 2062 3803; baseline 0.003 -19"><span class='ocrx_word' id='word_1_509' title='bbox 526 3730 665 3785; x_wconf 90' lang='lat' dir='ltr'><strong>idem</strong></span> <span class='ocrx_word' id='word_1_510' title='bbox 702 3732 815 3800; x_wconf 88' lang='lat' dir='ltr'><strong>ipse</strong></span> <span class='ocrx_word' id='word_1_511' title='bbox 853 3730 1113 3790; x_wconf 87' lang='lat' dir='ltr'><strong>declarat.</strong></span> <span class='ocrx_word' id='word_1_512' title='bbox 1150 3731 1519 3801; x_wconf 91' lang='lat' dir='ltr'><strong>improborum</strong></span> <span class='ocrx_word' id='word_1_513' title='bbox 1546 3732 1854 3786; x_wconf 66' lang='lat' dir='ltr'><strong>daamonum</strong></span> <span class='ocrx_word' id='word_1_514' title='bbox 1899 3735 2062 3803; x_wconf 90' lang='lat' dir='ltr'><strong>princi</strong></span> 
     </span>
    </p>
   </div>
   <div class='ocr_carea' id='block_1_59' title="bbox 2215 3730 3751 3818">
    <p class='ocr_par' dir='ltr' id='par_1_59' title="bbox 2215 3737 3751 3818">
     <span class='ocr_line' id='line_1_59' title="bbox 2215 3737 3751 3818; baseline 0.008 -29"><span class='ocrx_word' id='word_1_515' title='bbox 2215 3737 2241 3790; x_wconf 83' lang='grc' dir='ltr'><strong>ό</strong></span> <span class='ocrx_word' id='word_1_516' title='bbox 2269 3739 2430 3802; x_wconf 81' lang='grc' dir='ltr'>αὐτὸς</span> <span class='ocrx_word' id='word_1_517' title='bbox 2463 3741 2624 3794; x_wconf 81' lang='grc' dir='ltr'>πάλιν</span> <span class='ocrx_word' id='word_1_518' title='bbox 2656 3741 2999 3815; x_wconf 73' lang='grc' dir='ltr'>διασαφήσει,</span> <span class='ocrx_word' id='word_1_519' title='bbox 3031 3745 3155 3810; x_wconf 71' lang='grc' dir='ltr'>τοὺς</span> <span class='ocrx_word' id='word_1_520' title='bbox 3187 3747 3457 3818; x_wconf 83' lang='grc' dir='ltr'>ἄρχοντας</span> <span class='ocrx_word' id='word_1_521' title='bbox 3490 3748 3589 3802; x_wconf 81' lang='grc' dir='ltr'><strong>τῶν</strong></span> <span class='ocrx_word' id='word_1_522' title='bbox 3619 3763 3751 3816; x_wconf 63' lang='lat' dir='ltr'><strong>mino</strong></span> 
     </span>
    </p>
   </div>
   <div class='ocr_carea' id='block_1_60' title="bbox 524 3821 2060 3914">
    <p class='ocr_par' dir='ltr' id='par_1_60' title="bbox 524 3821 2060 3894">
     <span class='ocr_line' id='line_1_60' title="bbox 524 3821 2060 3894; baseline 0.003 -17"><span class='ocrx_word' id='word_1_523' title='bbox 524 3839 622 3893; x_wconf 89' lang='lat' dir='ltr'><strong>pes</strong></span> <span class='ocrx_word' id='word_1_524' title='bbox 654 3823 879 3894; x_wconf 89' lang='lat' dir='ltr'><strong>Serapin</strong></span> <span class='ocrx_word' id='word_1_525' title='bbox 925 3833 1082 3893; x_wconf 91' lang='lat' dir='ltr'><strong>atque</strong></span> <span class='ocrx_word' id='word_1_526' title='bbox 1128 3821 1364 3878; x_wconf 83' lang='lat' dir='ltr'><strong>Hecaten</strong></span> <span class='ocrx_word' id='word_1_527' title='bbox 1399 3839 1521 3878; x_wconf 91' lang='lat' dir='ltr'><strong>esse</strong></span> <span class='ocrx_word' id='word_1_528' title='bbox 1559 3825 1764 3890; x_wconf 88' lang='lat' dir='ltr'><strong>dicens,</strong></span> <span class='ocrx_word' id='word_1_529' title='bbox 1799 3841 1921 3878; x_wconf 91' lang='lat' dir='ltr'><strong>cum</strong></span> <span class='ocrx_word' id='word_1_530' title='bbox 1949 3827 2060 3882; x_wconf 83' lang='lat' dir='ltr'><strong>Bcel</strong></span> 
     </span>
    </p>
   </div>
   <div class='ocr_carea' id='block_1_61' title="bbox 2219 3821 3755 3914">
    <p class='ocr_par' dir='ltr' id='par_1_61' title="bbox 2219 3831 3755 3914">
     <span class='ocr_line' id='line_1_61' title="bbox 2219 3831 3755 3914; baseline 0.007 -32"><span class='ocrx_word' id='word_1_531' title='bbox 2219 3831 2321 3903; x_wconf 79' lang='grc' dir='ltr'><strong>ρῶν</strong></span> <span class='ocrx_word' id='word_1_532' title='bbox 2353 3832 2622 3903; x_wconf 81' lang='grc' dir='ltr'>δαιμόνων</span> <span class='ocrx_word' id='word_1_533' title='bbox 2644 3835 2815 3904; x_wconf 81' lang='grc' dir='ltr'>λέγων</span> <span class='ocrx_word' id='word_1_534' title='bbox 2838 3833 2979 3890; x_wconf 79' lang='grc' dir='ltr'>εἶναι</span> <span class='ocrx_word' id='word_1_535' title='bbox 3006 3839 3096 3891; x_wconf 72' lang='grc' dir='ltr'><strong>τὸν</strong></span> <span class='ocrx_word' id='word_1_536' title='bbox 3120 3840 3367 3911; x_wconf 78' lang='grc' dir='ltr'>Σάραπιν</span> <span class='ocrx_word' id='word_1_537' title='bbox 3393 3843 3486 3895; x_wconf 78' lang='grc' dir='ltr'>καὶ</span> <span class='ocrx_word' id='word_1_538' title='bbox 3507 3843 3598 3914; x_wconf 82' lang='grc' dir='ltr'><strong>τὴν</strong></span> <span class='ocrx_word' id='word_1_539' title='bbox 3629 3839 3755 3894; x_wconf 76' lang='grc' dir='ltr'><strong>Ἑκά-</strong></span> 
     </span>
    </p>
   </div>
   <div class='ocr_carea' id='block_1_62' title="bbox 528 3915 2064 4001">
    <p class='ocr_par' dir='ltr' id='par_1_62' title="bbox 528 3915 2064 3986">
     <span class='ocr_line' id='line_1_62' title="bbox 528 3915 2064 3986; baseline 0.003 -16"><span class='ocrx_word' id='word_1_540' title='bbox 528 3915 699 3970; x_wconf 84' lang='lat' dir='ltr'><strong>zebud</strong></span> <span class='ocrx_word' id='word_1_541' title='bbox 737 3916 802 3970; x_wconf 92' lang='lat' dir='ltr'><strong>iis</strong></span> <span class='ocrx_word' id='word_1_542' title='bbox 828 3917 1081 3970; x_wconf 81' lang='lat' dir='ltr'><strong>Omnibus</strong></span> <span class='ocrx_word' id='word_1_543' title='bbox 1110 3932 1342 3986; x_wconf 67' lang='lat' dir='ltr'><strong>praeesse</strong></span> <span class='ocrx_word' id='word_1_544' title='bbox 1397 3915 1675 3986; x_wconf 89' lang='lat' dir='ltr'><strong>Scriptura</strong></span> <span class='ocrx_word' id='word_1_545' title='bbox 1709 3917 1890 3972; x_wconf 86' lang='lat' dir='ltr'><strong>divina</strong></span> <span class='ocrx_word' id='word_1_546' title='bbox 1937 3928 2064 3974; x_wconf 87' lang='lat' dir='ltr'><strong>teste</strong></span> 
     </span>
    </p>
   </div>
   <div class='ocr_carea' id='block_1_63' title="bbox 2215 3915 3751 4001">
    <p class='ocr_par' dir='ltr' id='par_1_63' title="bbox 2215 3925 3751 4001">
     <span class='ocr_line' id='line_1_63' title="bbox 2215 3925 3751 4001; baseline 0.005 -26"><span class='ocrx_word' id='word_1_547' title='bbox 2215 3939 2307 3993; x_wconf 84' lang='grc' dir='ltr'><strong>την</strong></span> <span class='ocrx_word' id='word_1_548' title='bbox 2336 3925 2466 3995; x_wconf 73' lang='grc'><strong>((52).</strong></span> <span class='ocrx_word' id='word_1_549' title='bbox 2513 3926 2575 3978; x_wconf 84' lang='grc' dir='ltr'><strong>Ἡ</strong></span> <span class='ocrx_word' id='word_1_550' title='bbox 2607 3926 2662 3980; x_wconf 79' lang='grc' dir='ltr'>δὲ</span> <span class='ocrx_word' id='word_1_551' title='bbox 2688 3928 2806 3981; x_wconf 87' lang='grc' dir='ltr'>θεία</span> <span class='ocrx_word' id='word_1_552' title='bbox 2835 3929 3048 4001; x_wconf 80' lang='grc' dir='ltr'>Γραφὴ,</span> <span class='ocrx_word' id='word_1_553' title='bbox 3079 3931 3170 3984; x_wconf 78' lang='grc' dir='ltr'>τὸν</span> <span class='ocrx_word' id='word_1_554' title='bbox 3205 3933 3552 3998; x_wconf 74' lang='grc' dir='ltr'>Βεελζεϐούλ.</span> <span class='ocrx_word' id='word_1_555' title='bbox 3589 3934 3751 3985; x_wconf 73' lang='grc' dir='ltr'>Ἀκσυε</span> 
     </span>
    </p>
   </div>
   <div class='ocr_carea' id='block_1_64' title="bbox 528 4004 2064 4097">
    <p class='ocr_par' dir='ltr' id='par_1_64' title="bbox 528 4004 2064 4074">
     <span class='ocr_line' id='line_1_64' title="bbox 528 4004 2064 4074; baseline 0.003 -17"><span class='ocrx_word' id='word_1_556' title='bbox 528 4012 638 4058; x_wconf 89' lang='lat' dir='ltr'><strong>tur.</strong></span> <span class='ocrx_word' id='word_1_557' title='bbox 683 4004 822 4057; x_wconf 82' lang='lat' dir='ltr'><strong>Audi</strong></span> <span class='ocrx_word' id='word_1_558' title='bbox 851 4020 978 4058; x_wconf 79' lang='lat' dir='ltr'><strong>vero</strong></span> <span class='ocrx_word' id='word_1_559' title='bbox 1011 4015 1290 4074; x_wconf 73' lang='lat' dir='ltr'><strong>prrcterea,</strong></span> <span class='ocrx_word' id='word_1_560' title='bbox 1324 4007 1778 4074; x_wconf 89' lang='lat' dir='ltr'><strong>quemadmodum</strong></span> <span class='ocrx_word' id='word_1_561' title='bbox 1810 4007 1911 4062; x_wconf 88' lang='lat' dir='ltr'><strong>hac</strong></span> <span class='ocrx_word' id='word_1_562' title='bbox 1937 4009 2004 4062; x_wconf 91' lang='lat' dir='ltr'><strong>de</strong></span> <span class='ocrx_word' id='word_1_563' title='bbox 2044 4025 2064 4062; x_wconf 88' lang='lat' dir='ltr'><strong>r</strong></span> 
     </span>
    </p>
   </div>
   <div class='ocr_carea' id='block_1_65' title="bbox 2213 4004 3749 4097">
    <p class='ocr_par' dir='ltr' id='par_1_65' title="bbox 2213 4011 3749 4097">
     <span class='ocr_line' id='line_1_65' title="bbox 2213 4011 3749 4097; baseline 0.008 -32"><span class='ocrx_word' id='word_1_564' title='bbox 2213 4011 2270 4076; x_wconf 75' lang='grc' dir='ltr'>δ’,</span> <span class='ocrx_word' id='word_1_565' title='bbox 2316 4015 2462 4080; x_wconf 79' lang='grc' dir='ltr'>ὅπως</span> <span class='ocrx_word' id='word_1_566' title='bbox 2495 4019 2588 4071; x_wconf 74' lang='grc' dir='ltr'><strong>καὶ</strong></span> <span class='ocrx_word' id='word_1_567' title='bbox 2622 4021 2748 4090; x_wconf 79' lang='grc' dir='ltr'>περὶ</span> <span class='ocrx_word' id='word_1_568' title='bbox 2785 4020 2972 4074; x_wconf 80' lang='grc' dir='ltr'><strong>τούτου</strong></span> <span class='ocrx_word' id='word_1_569' title='bbox 3006 4024 3207 4094; x_wconf 71' lang='grc' dir='ltr'>γράφει</span> <span class='ocrx_word' id='word_1_570' title='bbox 3232 4025 3288 4078; x_wconf 82' lang='grc' dir='ltr'>ὲν</span> <span class='ocrx_word' id='word_1_571' title='bbox 3317 4031 3430 4091; x_wconf 86' lang='grc' dir='ltr'>τοῖς</span> <span class='ocrx_word' id='word_1_572' title='bbox 3452 4027 3574 4097; x_wconf 72' lang='grc' dir='ltr'>περὶ</span> <span class='ocrx_word' id='word_1_573' title='bbox 3601 4026 3749 4096; x_wconf 54' lang='lat' dir='ltr'><strong>sicut</strong></span> 
     </span>
    </p>
   </div>
   <div class='ocr_carea' id='block_1_66' title="bbox 530 4096 2066 4182">
    <p class='ocr_par' dir='ltr' id='par_1_66' title="bbox 530 4096 2066 4169">
     <span class='ocr_line' id='line_1_66' title="bbox 530 4096 2066 4169; baseline 0.004 -21"><span class='ocrx_word' id='word_1_574' title='bbox 530 4096 584 4148; x_wconf 89' lang='lat' dir='ltr'><strong>in</strong></span> <span class='ocrx_word' id='word_1_575' title='bbox 647 4096 761 4150; x_wconf 90' lang='lat' dir='ltr'><strong>suis</strong></span> <span class='ocrx_word' id='word_1_576' title='bbox 819 4097 884 4150; x_wconf 92' lang='lat' dir='ltr'><strong>de</strong></span> <span class='ocrx_word' id='word_1_577' title='bbox 941 4097 1133 4152; x_wconf 90' lang='lat' dir='ltr'><strong>hausta</strong></span> <span class='ocrx_word' id='word_1_578' title='bbox 1161 4114 1223 4152; x_wconf 83' lang='lat' dir='ltr'><strong>ex</strong></span> <span class='ocrx_word' id='word_1_579' title='bbox 1257 4099 1498 4152; x_wconf 86' lang='lat' dir='ltr'><strong>oraculis</strong></span> <span class='ocrx_word' id='word_1_580' title='bbox 1548 4099 1889 4169; x_wconf 86' lang='lat' dir='ltr'><strong>philosophia</strong></span> <span class='ocrx_word' id='word_1_581' title='bbox 1945 4101 2066 4155; x_wconf 90' lang='lat' dir='ltr'><strong>libri</strong></span> 
     </span>
    </p>
   </div>
   <div class='ocr_carea' id='block_1_67' title="bbox 1219 4096 2755 4182">
    <p class='ocr_par' dir='ltr' id='par_1_67' title="bbox 1219 4099 2755 4182">
     <span class='ocr_line' id='line_1_67' title="bbox 1219 4099 2755 4182; baseline 0.01 -31"><span class='ocrx_word' id='word_1_582' title='bbox 1219 4099 1498 4152; x_wconf 83' lang='lat' dir='ltr'><strong>:oraculis</strong></span> <span class='ocrx_word' id='word_1_583' title='bbox 1548 4099 1889 4169; x_wconf 86' lang='lat' dir='ltr'><strong>philosophia</strong></span> <span class='ocrx_word' id='word_1_584' title='bbox 1945 4101 2099 4156; x_wconf 90' lang='lat' dir='ltr'><strong>libris</strong></span> <span class='ocrx_word' id='word_1_585' title='bbox 2205 4107 2397 4177; x_wconf 80' lang='grc' dir='ltr'>λογίων</span> <span class='ocrx_word' id='word_1_586' title='bbox 2424 4111 2755 4182; x_wconf 70' lang='grc' dir='ltr'>φιλοσοφίας.</span> 
     </span>
    </p>
   </div>
   <div class='ocr_carea' id='block_1_68' title="bbox 528 4188 780 4242">
    <p class='ocr_par' dir='ltr' id='par_1_68' title="bbox 528 4188 780 4242">
     <span class='ocr_line' id='line_1_68' title="bbox 528 4188 780 4242; baseline -0.012 -1"><span class='ocrx_word' id='word_1_587' title='bbox 528 4188 780 4242; x_wconf 66' lang='lat' dir='ltr'><strong>disserat.</strong></span> 
     </span>
    </p>
   </div>
   <div class='ocr_carea' id='block_1_69' title="bbox 1093 4279 2629 4351">
    <p class='ocr_par' dir='ltr' id='par_1_69' title="bbox 1093 4279 1531 4336">
     <span class='ocr_line' id='line_1_69' title="bbox 1093 4279 1531 4336; baseline 0 -1"><span class='ocrx_word' id='word_1_588' title='bbox 1093 4279 1320 4336; x_wconf 81' lang='lat' dir='ltr'><strong>CAPUT</strong></span> <span class='ocrx_word' id='word_1_589' title='bbox 1340 4281 1531 4335; x_wconf 77' lang='lat' dir='ltr'><strong>XXIII.</strong></span> 
     </span>
    </p>
   </div>
   <div class='ocr_carea' id='block_1_70' title="bbox 1747 4279 3283 4351">
    <p class='ocr_par' dir='ltr' id='par_1_70' title="bbox 2726 4295 3283 4351">
     <span class='ocr_line' id='line_1_70' title="bbox 2726 4295 3283 4351; baseline 0.009 -5"><span class='ocrx_word' id='word_1_590' title='bbox 2726 4295 3118 4350; x_wconf 70' lang='grc' dir='ltr'><strong>ΚΕΦΑΔΑΙΟΝ</strong></span> <span class='ocrx_word' id='word_1_591' title='bbox 3160 4299 3283 4351; x_wconf 78' lang='lat' dir='ltr'><strong>Kl&quot;.</strong></span> 
     </span>
    </p>
   </div>
   <div class='ocr_carea' id='block_1_71' title="bbox 529 4369 2065 4458">
    <p class='ocr_par' dir='ltr' id='par_1_71' title="bbox 529 4369 2065 4458">
     <span class='ocr_line' id='line_1_71' title="bbox 529 4369 2065 4458; baseline 0.003 -33"><span class='ocrx_word' id='word_1_592' title='bbox 529 4371 607 4425; x_wconf 87' lang='lat' dir='ltr'><strong>De</strong></span> <span class='ocrx_word' id='word_1_593' title='bbox 636 4369 883 4458; x_wconf 58' lang='lat' dir='ltr'><strong>improbis</strong></span> <span class='ocrx_word' id='word_1_594' title='bbox 901 4373 1248 4454; x_wconf 43' lang='lat' dir='ltr'><strong>dwmoni&#39;bus,</strong></span> <span class='ocrx_word' id='word_1_595' title='bbox 1271 4375 1552 4458; x_wconf 64' lang='lat' dir='ltr'><strong>clgttinpm</strong></span> <span class='ocrx_word' id='word_1_596' title='bbox 1573 4374 1874 4458; x_wconf 70' lang='lat' dir='ltr'><strong>sinteorum</strong></span> <span class='ocrx_word' id='word_1_597' title='bbox 1903 4377 2065 4442; x_wconf 82' lang='lat' dir='ltr'><strong>princi</strong></span> 
     </span>
    </p>
   </div>
   <div class='ocr_carea' id='block_1_72' title="bbox 2215 4369 3751 4458">
    <p class='ocr_par' dir='ltr' id='par_1_72' title="bbox 2215 4382 3751 4458">
     <span class='ocr_line' id='line_1_72' title="bbox 2215 4382 3751 4458; baseline 0.004 -24"><span class='ocrx_word' id='word_1_598' title='bbox 2215 4382 2350 4458; x_wconf 53' lang='lat' dir='ltr'><strong>Napi</strong></span> <span class='ocrx_word' id='word_1_599' title='bbox 2400 4383 2518 4436; x_wconf 75' lang='grc' dir='ltr'><strong>τῶν</strong></span> <span class='ocrx_word' id='word_1_600' title='bbox 2543 4385 2825 4458; x_wconf 62' lang='grc' dir='ltr'><strong>ςτονηίῶν</strong></span> <span class='ocrx_word' id='word_1_601' title='bbox 2854 4388 3166 4457; x_wconf 65' lang='grc' dir='ltr'>δαιμόνων,</span> <span class='ocrx_word' id='word_1_602' title='bbox 3198 4392 3294 4444; x_wconf 74' lang='grc' dir='ltr'><strong>καὶ</strong></span> <span class='ocrx_word' id='word_1_603' title='bbox 3327 4394 3485 4458; x_wconf 80' lang='grc' dir='ltr'>τίνες</span> <span class='ocrx_word' id='word_1_604' title='bbox 3512 4391 3655 4445; x_wconf 66' lang='grc' dir='ltr'>εἰσὶν</span> <span class='ocrx_word' id='word_1_605' title='bbox 3673 4391 3751 4441; x_wconf 75' lang='grc' dir='ltr'><strong>αὐ·</strong></span> 
     </span>
    </p>
   </div>
   <div class='ocr_carea' id='block_1_73' title="bbox 603 4443 2139 4532">
    <p class='ocr_par' dir='ltr' id='par_1_73' title="bbox 603 4443 2109 4532">
     <span class='ocr_line' id='line_1_73' title="bbox 603 4443 2109 4532; baseline 0.003 -39"><span class='ocrx_word' id='word_1_606' title='bbox 603 4457 686 4512; x_wconf 81' lang='lat' dir='ltr'><strong>pes</strong></span> <span class='ocrx_word' id='word_1_607' title='bbox 738 4443 975 4522; x_wconf 66' lang='lat' dir='ltr'><strong>quodque</strong></span> <span class='ocrx_word' id='word_1_608' title='bbox 996 4444 1228 4496; x_wconf 78' lang='lat' dir='ltr'><strong>omnium</strong></span> <span class='ocrx_word' id='word_1_609' title='bbox 1251 4445 1564 4498; x_wconf 78' lang='lat' dir='ltr'><strong>animalium</strong></span> <span class='ocrx_word' id='word_1_610' title='bbox 1585 4444 1752 4514; x_wconf 75' lang='lat' dir='ltr'><strong>specie</strong></span> <span class='ocrx_word' id='word_1_611' title='bbox 1765 4445 1997 4500; x_wconf 83' lang='lat' dir='ltr'><strong>homines</strong></span> <span class='ocrx_word' id='word_1_612' title='bbox 2020 4465 2109 4517; x_wconf 88' lang='lat' dir='ltr'><strong>ag-</strong></span> 
     </span>
    </p>
   </div>
   <div class='ocr_carea' id='block_1_74' title="bbox 2214 4443 3750 4532">
    <p class='ocr_par' dir='ltr' id='par_1_74' title="bbox 2282 4443 3750 4532">
     <span class='ocr_line' id='line_1_74' title="bbox 2282 4443 3750 4532; baseline 0.003 -27"><span class='ocrx_word' id='word_1_613' title='bbox 2282 4451 2399 4505; x_wconf 77' lang='grc' dir='ltr'><strong>τῶν</strong></span> <span class='ocrx_word' id='word_1_614' title='bbox 2431 4458 2484 4506; x_wconf 83' lang='grc' dir='ltr'><strong>οἱ</strong></span> <span class='ocrx_word' id='word_1_615' title='bbox 2528 4443 2852 4532; x_wconf 44' lang='grc' dir='ltr'><strong>ᾷρχώῗτεςς</strong></span> <span class='ocrx_word' id='word_1_616' title='bbox 2885 4443 2996 4532; x_wconf 58' lang='grc' dir='ltr'><strong>Δπῖιὶ</strong></span> <span class='ocrx_word' id='word_1_617' title='bbox 3036 4459 3122 4511; x_wconf 79' lang='grc' dir='ltr'><strong>ὅτι</strong></span> <span class='ocrx_word' id='word_1_618' title='bbox 3157 4443 3309 4516; x_wconf 70' lang='grc' dir='ltr'><strong>⁷πᾶσι</strong></span> <span class='ocrx_word' id='word_1_619' title='bbox 3354 4443 3514 4528; x_wconf 55' lang='grc' dir='ltr'><strong>ζώοῖς</strong></span> <span class='ocrx_word' id='word_1_620' title='bbox 3554 4462 3750 4532; x_wconf 71' lang='grc' dir='ltr'><strong>ὁμοιού-</strong></span> 
     </span>
    </p>
   </div>
   <div class='ocr_carea' id='block_1_75' title="bbox 601 4514 2137 4600">
    <p class='ocr_par' dir='ltr' id='par_1_75' title="bbox 601 4514 2071 4582">
     <span class='ocr_line' id='line_1_75' title="bbox 601 4514 2071 4582; baseline 0.004 -18"><span class='ocrx_word' id='word_1_621' title='bbox 601 4514 932 4582; x_wconf 81' lang='lat' dir='ltr'><strong>grediantur.</strong></span> <span class='ocrx_word' id='word_1_622' title='bbox 2056 4514 2071 4517; x_wconf 66' lang='grc'>⁷</span> 
     </span>
    </p>
   </div>
   <div class='ocr_carea' id='block_1_76' title="bbox 2211 4514 3747 4600">
    <p class='ocr_par' dir='ltr' id='par_1_76' title="bbox 2273 4514 3747 4600">
     <span class='ocr_line' id='line_1_76' title="bbox 2273 4514 3747 4600; baseline 0.004 -25"><span class='ocrx_word' id='word_1_623' title='bbox 2273 4540 2443 4600; x_wconf 61' lang='grc' dir='ltr'>μεως-οι</span> <span class='ocrx_word' id='word_1_624' title='bbox 2486 4529 2538 4578; x_wconf 80' lang='grc' dir='ltr'><strong>οὶ</strong></span> <span class='ocrx_word' id='word_1_625' title='bbox 2561 4514 2826 4594; x_wconf 64' lang='grc' dir='ltr'><strong>ἐὶὸνηρέὶ</strong></span> <span class='ocrx_word' id='word_1_626' title='bbox 2874 4528 3151 4598; x_wconf 68' lang='grc' dir='ltr'>δαίμονες</span> <span class='ocrx_word' id='word_1_627' title='bbox 3193 4514 3636 4600; x_wconf 54' lang='grc' dir='ltr'><strong>προσῖαάίτοῗς</strong></span> <span class='ocrx_word' id='word_1_628' title='bbox 3664 4530 3747 4583; x_wconf 77' lang='lat' dir='ltr'><strong>dr-</strong></span> 
     </span>
    </p>
   </div>
   <div class='ocr_carea' id='block_1_77' title="bbox 2277 4595 2551 4662">
    <p class='ocr_par' dir='ltr' id='par_1_77' title="bbox 2277 4595 2551 4662">
     <span class='ocr_line' id='line_1_77' title="bbox 2277 4595 2551 4662; baseline 0 -14"><span class='ocrx_word' id='word_1_629' title='bbox 2277 4595 2551 4662; x_wconf 81' lang='grc' dir='ltr'><strong>θρώποις.</strong></span> 
     </span>
    </p>
   </div>
   <div class='ocr_carea' id='block_1_78' title="bbox 606 4685 2142 4765">
    <p class='ocr_par' dir='ltr' id='par_1_78' title="bbox 606 4685 2102 4756">
     <span class='ocr_line' id='line_1_78' title="bbox 606 4685 2102 4756; baseline 0.004 -17"><span class='ocrx_word' id='word_1_630' title='bbox 606 4705 626 4739; x_wconf 84' lang='grc'><strong><em>‹</em></strong></span> <span class='ocrx_word' id='word_1_631' title='bbox 671 4685 954 4756; x_wconf 88' lang='lat' dir='ltr'><strong>lmprobos</strong></span> <span class='ocrx_word' id='word_1_632' title='bbox 1007 4685 1303 4750; x_wconf 68' lang='lat' dir='ltr'><strong>daamones,</strong></span> <span class='ocrx_word' id='word_1_633' title='bbox 1358 4686 1556 4756; x_wconf 87' lang='lat' dir='ltr'><strong>inquit,</strong></span> <span class='ocrx_word' id='word_1_634' title='bbox 1605 4685 1795 4756; x_wconf 88' lang='lat' dir='ltr'><strong>Sarapi</strong></span> <span class='ocrx_word' id='word_1_635' title='bbox 1852 4689 2102 4746; x_wconf 89' lang='lat' dir='ltr'><strong>subditos</strong></span> 
     </span>
    </p>
   </div>
   <div class='ocr_carea' id='block_1_79' title="bbox 2215 4685 3751 4765">
    <p class='ocr_par' dir='ltr' id='par_1_79' title="bbox 2294 4685 3751 4765">
     <span class='ocr_line' id='line_1_79' title="bbox 2294 4685 3751 4765; baseline 0.005 -28"><span class='ocrx_word' id='word_1_636' title='bbox 2294 4685 2459 4750; x_wconf 79' lang='grc' dir='ltr'>«Τοὺς</span> <span class='ocrx_word' id='word_1_637' title='bbox 2472 4688 2535 4759; x_wconf 84' lang='grc' dir='ltr'>δὴ</span> <span class='ocrx_word' id='word_1_638' title='bbox 2560 4693 2824 4764; x_wconf 73' lang='grc' dir='ltr'>πονηροὺς</span> <span class='ocrx_word' id='word_1_639' title='bbox 2844 4691 3102 4762; x_wconf 74' lang='grc' dir='ltr'>δαίμονας</span> <span class='ocrx_word' id='word_1_640' title='bbox 3118 4693 3217 4747; x_wconf 82' lang='grc' dir='ltr'>οὐκ</span> <span class='ocrx_word' id='word_1_641' title='bbox 3249 4695 3374 4765; x_wconf 82' lang='grc' dir='ltr'>είκῆ</span> <span class='ocrx_word' id='word_1_642' title='bbox 3425 4696 3528 4749; x_wconf 77' lang='grc' dir='ltr'>ὑπὸ</span> <span class='ocrx_word' id='word_1_643' title='bbox 3561 4694 3643 4746; x_wconf 77' lang='grc' dir='ltr'><strong>τὸν</strong></span> <span class='ocrx_word' id='word_1_644' title='bbox 3669 4692 3751 4745; x_wconf 75' lang='grc' dir='ltr'><strong>Σά-</strong></span> 
     </span>
    </p>
   </div>
   <div class='ocr_carea' id='block_1_80' title="bbox 528 4779 2064 4858">
    <p class='ocr_par' dir='ltr' id='par_1_80' title="bbox 528 4779 2064 4850">
     <span class='ocr_line' id='line_1_80' title="bbox 528 4779 2064 4850; baseline -0.001 -15"><span class='ocrx_word' id='word_1_645' title='bbox 528 4796 650 4836; x_wconf 86' lang='lat' dir='ltr'><strong>esse</strong></span> <span class='ocrx_word' id='word_1_646' title='bbox 682 4779 824 4834; x_wconf 89' lang='lat' dir='ltr'><strong>haud</strong></span> <span class='ocrx_word' id='word_1_647' title='bbox 858 4787 1058 4832; x_wconf 87' lang='lat' dir='ltr'><strong>temere</strong></span> <span class='ocrx_word' id='word_1_648' title='bbox 1085 4779 1429 4847; x_wconf 91' lang='lat' dir='ltr'><strong>suspicamur</strong></span> <span class='ocrx_word' id='word_1_649' title='bbox 1452 4797 1464 4832; x_wconf 89' lang='lat'><strong>:</strong></span> <span class='ocrx_word' id='word_1_650' title='bbox 1487 4780 1687 4850; x_wconf 86' lang='lat' dir='ltr'><strong>quippe</strong></span> <span class='ocrx_word' id='word_1_651' title='bbox 1726 4781 1865 4834; x_wconf 89' lang='lat' dir='ltr'><strong>hanc</strong></span> <span class='ocrx_word' id='word_1_652' title='bbox 1892 4780 1957 4834; x_wconf 92' lang='lat' dir='ltr'><strong>ad</strong></span> <span class='ocrx_word' id='word_1_653' title='bbox 1983 4781 2064 4850; x_wconf 78' lang='lat' dir='ltr'><strong>Opi</strong></span> 
     </span>
    </p>
   </div>
   <div class='ocr_carea' id='block_1_81' title="bbox 2213 4779 3749 4858">
    <p class='ocr_par' dir='ltr' id='par_1_81' title="bbox 2214 4779 3749 4858">
     <span class='ocr_line' id='line_1_81' title="bbox 2214 4779 3749 4858; baseline 0.005 -29"><span class='ocrx_word' id='word_1_654' title='bbox 2214 4793 2377 4848; x_wconf 86' lang='grc' dir='ltr'>ραπιν</span> <span class='ocrx_word' id='word_1_655' title='bbox 2420 4779 2830 4852; x_wconf 61' lang='grc' dir='ltr'><strong>ὑαι-ιοπτιειὲομεν⁹</strong></span> <span class='ocrx_word' id='word_1_656' title='bbox 2879 4783 2988 4836; x_wconf 77' lang='grc' dir='ltr'>οὐδ’</span> <span class='ocrx_word' id='word_1_657' title='bbox 3037 4785 3101 4837; x_wconf 87' lang='grc' dir='ltr'><strong>ὲκ</strong></span> <span class='ocrx_word' id='word_1_658' title='bbox 3145 4785 3255 4838; x_wconf 84' lang='grc' dir='ltr'><strong>τῶν</strong></span> <span class='ocrx_word' id='word_1_659' title='bbox 3298 4787 3576 4858; x_wconf 81' lang='grc' dir='ltr'>συμϐόλων</span> <span class='ocrx_word' id='word_1_660' title='bbox 3621 4786 3749 4856; x_wconf 69' lang='grc' dir='ltr'>μόνον</span> 
     </span>
    </p>
   </div>
   <div class='ocr_carea' id='block_1_82' title="bbox 533 4869 2069 4948">
    <p class='ocr_par' dir='ltr' id='par_1_82' title="bbox 533 4869 2069 4943">
     <span class='ocr_line' id='line_1_82' title="bbox 533 4869 2069 4943; baseline 0.001 -21"><span class='ocrx_word' id='word_1_661' title='bbox 533 4871 748 4924; x_wconf 88' lang='lat' dir='ltr'><strong>nionem</strong></span> <span class='ocrx_word' id='word_1_662' title='bbox 796 4884 905 4923; x_wconf 89' lang='lat' dir='ltr'><strong>non</strong></span> <span class='ocrx_word' id='word_1_663' title='bbox 957 4869 1076 4937; x_wconf 88' lang='lat' dir='ltr'><strong>ejus</strong></span> <span class='ocrx_word' id='word_1_664' title='bbox 1119 4878 1330 4924; x_wconf 91' lang='lat' dir='ltr'><strong>tantum</strong></span> <span class='ocrx_word' id='word_1_665' title='bbox 1384 4871 1648 4941; x_wconf 84' lang='lat' dir='ltr'><strong>symbolis</strong></span> <span class='ocrx_word' id='word_1_666' title='bbox 1693 4879 1746 4924; x_wconf 84' lang='lat' dir='ltr'><strong>et</strong></span> <span class='ocrx_word' id='word_1_667' title='bbox 1796 4872 2069 4943; x_wconf 85' lang='lat' dir='ltr'><strong>insignibn</strong></span> 
     </span>
    </p>
   </div>
   <div class='ocr_carea' id='block_1_83' title="bbox 2215 4869 3751 4948">
    <p class='ocr_par' dir='ltr' id='par_1_83' title="bbox 2215 4871 3751 4948">
     <span class='ocr_line' id='line_1_83' title="bbox 2215 4871 3751 4948; baseline 0.003 -26"><span class='ocrx_word' id='word_1_668' title='bbox 2215 4871 2649 4936; x_wconf 79' lang='grc' dir='ltr'>ἀναπεισθέντες,</span> <span class='ocrx_word' id='word_1_669' title='bbox 2682 4873 2794 4926; x_wconf 81' lang='grc' dir='ltr'>ἀλλ’</span> <span class='ocrx_word' id='word_1_670' title='bbox 2819 4876 2898 4928; x_wconf 81' lang='grc' dir='ltr'><strong>ὃτι</strong></span> <span class='ocrx_word' id='word_1_671' title='bbox 2929 4875 2995 4928; x_wconf 69' lang='grc' dir='ltr'><strong>τὰ</strong></span> <span class='ocrx_word' id='word_1_672' title='bbox 3025 4877 3355 4948; x_wconf 80' lang='grc' dir='ltr'>μειλίγματα</span> <span class='ocrx_word' id='word_1_673' title='bbox 3380 4881 3472 4932; x_wconf 73' lang='grc' dir='ltr'><strong>καὶ</strong></span> <span class='ocrx_word' id='word_1_674' title='bbox 3496 4878 3561 4931; x_wconf 79' lang='grc' dir='ltr'><strong>τὰ</strong></span> <span class='ocrx_word' id='word_1_675' title='bbox 3579 4877 3751 4931; x_wconf 84' lang='grc' dir='ltr'>τούτων</span> 
     </span>
    </p>
   </div>
   <div class='ocr_carea' id='block_1_84' title="bbox 530 4939 2066 5040">
    <p class='ocr_par' dir='ltr' id='par_1_84' title="bbox 530 4962 2066 5032">
     <span class='ocr_line' id='line_1_84' title="bbox 530 4962 2066 5032; baseline 0.002 -18"><span class='ocrx_word' id='word_1_676' title='bbox 530 4962 771 5026; x_wconf 89' lang='lat' dir='ltr'><strong>adducti,</strong></span> <span class='ocrx_word' id='word_1_677' title='bbox 807 4962 901 5016; x_wconf 91' lang='lat' dir='ltr'><strong>sed</strong></span> <span class='ocrx_word' id='word_1_678' title='bbox 937 4962 1101 5014; x_wconf 90' lang='lat' dir='ltr'><strong>etiam</strong></span> <span class='ocrx_word' id='word_1_679' title='bbox 1138 4963 1283 5030; x_wconf 89' lang='lat' dir='ltr'><strong>quod</strong></span> <span class='ocrx_word' id='word_1_680' title='bbox 1325 4979 1665 5032; x_wconf 66' lang='lat' dir='ltr'><strong>qttmeunque</strong></span> <span class='ocrx_word' id='word_1_681' title='bbox 1719 4964 1824 5016; x_wconf 90' lang='lat' dir='ltr'><strong>vim</strong></span> <span class='ocrx_word' id='word_1_682' title='bbox 1875 4981 1969 5019; x_wconf 92' lang='lat' dir='ltr'><strong>eos</strong></span> <span class='ocrx_word' id='word_1_683' title='bbox 2020 4981 2066 5018; x_wconf 72' lang='lat' dir='ltr'><strong>Vt</strong></span> 
     </span>
    </p>
   </div>
   <div class='ocr_carea' id='block_1_85' title="bbox 2215 4939 3751 5040">
    <p class='ocr_par' dir='ltr' id='par_1_85' title="bbox 2215 4962 3751 5040">
     <span class='ocr_line' id='line_1_85' title="bbox 2215 4962 3751 5040; baseline 0.006 -27"><span class='ocrx_word' id='word_1_684' title='bbox 2215 4962 2486 5033; x_wconf 70' lang='grc' dir='ltr'>αποτρόπα</span> <span class='ocrx_word' id='word_1_685' title='bbox 2496 4981 2546 5015; x_wconf 89' lang='grc' dir='ltr'><strong>ια</strong></span> <span class='ocrx_word' id='word_1_686' title='bbox 2567 4965 2700 5035; x_wconf 73' lang='grc' dir='ltr'>πρὸς</span> <span class='ocrx_word' id='word_1_687' title='bbox 2721 4966 2811 5018; x_wconf 80' lang='grc' dir='ltr'><strong>τὸν</strong></span> <span class='ocrx_word' id='word_1_688' title='bbox 2825 4965 3110 5021; x_wconf 78' lang='grc' dir='ltr'>Πλούτωνα</span> <span class='ocrx_word' id='word_1_689' title='bbox 3126 4971 3351 5036; x_wconf 84' lang='grc' dir='ltr'>γίνεται,</span> <span class='ocrx_word' id='word_1_690' title='bbox 3368 4971 3443 5034; x_wconf 82' lang='grc' dir='ltr'><strong>ὡς</strong></span> <span class='ocrx_word' id='word_1_691' title='bbox 3471 4974 3523 5024; x_wconf 78' lang='grc' dir='ltr'>ἐν</span> <span class='ocrx_word' id='word_1_692' title='bbox 3546 4969 3615 5040; x_wconf 82' lang='grc' dir='ltr'><strong>τῷ</strong></span> <span class='ocrx_word' id='word_1_693' title='bbox 3631 4967 3751 5039; x_wconf 72' lang='grc' dir='ltr'><strong>πρά-</strong></span> 
     </span>
    </p>
   </div>
   <div class='ocr_carea' id='block_1_86' title="bbox 515 5051 2051 5130">
    <p class='ocr_par' dir='ltr' id='par_1_86' title="bbox 515 5051 2043 5116">
     <span class='ocr_line' id='line_1_86' title="bbox 515 5051 2043 5116; baseline 0.003 -11"><span class='ocrx_word' id='word_1_694' title='bbox 515 5051 857 5113; x_wconf 56' lang='grc' dir='ltr'><strong>)εοιιοιιίυηόἰ</strong></span> <span class='ocrx_word' id='word_1_695' title='bbox 884 5052 1084 5104; x_wconf 88' lang='lat' dir='ltr'><strong>habent</strong></span> <span class='ocrx_word' id='word_1_696' title='bbox 1119 5051 1199 5104; x_wconf 84' lang='lat' dir='ltr'><strong>vel</strong></span> <span class='ocrx_word' id='word_1_697' title='bbox 1223 5055 1643 5116; x_wconf 87' lang='lat' dir='ltr'><strong>averruncandi,</strong></span> <span class='ocrx_word' id='word_1_698' title='bbox 1699 5053 1764 5107; x_wconf 91' lang='lat' dir='ltr'><strong>ad</strong></span> <span class='ocrx_word' id='word_1_699' title='bbox 1813 5052 2043 5109; x_wconf 88' lang='lat' dir='ltr'><strong>Plutone</strong></span> 
     </span>
    </p>
   </div>
   <div class='ocr_carea' id='block_1_87' title="bbox 2213 5051 3749 5130">
    <p class='ocr_par' dir='ltr' id='par_1_87' title="bbox 2213 5054 3749 5130">
     <span class='ocr_line' id='line_1_87' title="bbox 2213 5054 3749 5130; baseline 0.003 -24"><span class='ocrx_word' id='word_1_700' title='bbox 2213 5071 2281 5124; x_wconf 74' lang='grc' dir='ltr'><strong>τῳ</strong></span> <span class='ocrx_word' id='word_1_701' title='bbox 2308 5054 2641 5126; x_wconf 80' lang='grc' dir='ltr'>ἐδείκνυμεν.</span> <span class='ocrx_word' id='word_1_702' title='bbox 2682 5058 2738 5111; x_wconf 90' lang='lat'><strong>&#39;0</strong></span> <span class='ocrx_word' id='word_1_703' title='bbox 2774 5058 2933 5122; x_wconf 77' lang='grc' dir='ltr'>αὐτὸς</span> <span class='ocrx_word' id='word_1_704' title='bbox 2963 5059 3018 5112; x_wconf 86' lang='grc' dir='ltr'>δὲ</span> <span class='ocrx_word' id='word_1_705' title='bbox 3049 5060 3125 5130; x_wconf 82' lang='grc' dir='ltr'><strong>τῷ</strong></span> <span class='ocrx_word' id='word_1_706' title='bbox 3152 5063 3428 5118; x_wconf 80' lang='grc' dir='ltr'>Πλούτωνι</span> <span class='ocrx_word' id='word_1_707' title='bbox 3459 5067 3486 5116; x_wconf 86' lang='grc' dir='ltr'>ὁ</span> <span class='ocrx_word' id='word_1_708' title='bbox 3517 5063 3646 5125; x_wconf 78' lang='grc' dir='ltr'>Θεὸς,</span> <span class='ocrx_word' id='word_1_709' title='bbox 3673 5058 3749 5113; x_wconf 82' lang='grc' dir='ltr'>καὶ</span> 
     </span>
    </p>
   </div>
   <div class='ocr_carea' id='block_1_88' title="bbox 534 5141 2070 5225">
    <p class='ocr_par' dir='ltr' id='par_1_88' title="bbox 534 5141 2070 5215">
     <span class='ocr_line' id='line_1_88' title="bbox 534 5141 2070 5215; baseline 0.001 -16"><span class='ocrx_word' id='word_1_710' title='bbox 534 5144 716 5199; x_wconf 89' lang='lat' dir='ltr'><strong>omnia</strong></span> <span class='ocrx_word' id='word_1_711' title='bbox 737 5141 1069 5208; x_wconf 82' lang='lat' dir='ltr'><strong>referuntur,</strong></span> <span class='ocrx_word' id='word_1_712' title='bbox 1091 5144 1549 5213; x_wconf 88' lang='lat' dir='ltr'><strong>quemadmodum</strong></span> <span class='ocrx_word' id='word_1_713' title='bbox 1569 5146 1708 5199; x_wconf 86' lang='lat' dir='ltr'><strong>libro</strong></span> <span class='ocrx_word' id='word_1_714' title='bbox 1727 5147 1904 5215; x_wconf 90' lang='lat' dir='ltr'><strong>primo</strong></span> <span class='ocrx_word' id='word_1_715' title='bbox 1921 5156 2070 5201; x_wconf 89' lang='lat' dir='ltr'><strong>osten</strong></span> 
     </span>
    </p>
   </div>
   <div class='ocr_carea' id='block_1_89' title="bbox 2213 5141 3749 5225">
    <p class='ocr_par' dir='ltr' id='par_1_89' title="bbox 2213 5145 3749 5225">
     <span class='ocr_line' id='line_1_89' title="bbox 2213 5145 3749 5225; baseline 0.004 -27"><span class='ocrx_word' id='word_1_716' title='bbox 2213 5145 2295 5198; x_wconf 74' lang='grc' dir='ltr'>διὰ</span> <span class='ocrx_word' id='word_1_717' title='bbox 2311 5145 2469 5200; x_wconf 79' lang='grc' dir='ltr'><strong>τοῦτο</strong></span> <span class='ocrx_word' id='word_1_718' title='bbox 2497 5147 2731 5218; x_wconf 83' lang='grc' dir='ltr'>μάλιστα</span> <span class='ocrx_word' id='word_1_719' title='bbox 2747 5149 3015 5219; x_wconf 83' lang='grc' dir='ltr'>δαιμόνων</span> <span class='ocrx_word' id='word_1_720' title='bbox 3032 5152 3234 5222; x_wconf 82' lang='grc' dir='ltr'>ἄρχων,</span> <span class='ocrx_word' id='word_1_721' title='bbox 3250 5156 3342 5207; x_wconf 81' lang='grc' dir='ltr'>καὶ</span> <span class='ocrx_word' id='word_1_722' title='bbox 3360 5156 3422 5207; x_wconf 83' lang='grc' dir='ltr'>σύ</span> <span class='ocrx_word' id='word_1_723' title='bbox 3431 5155 3594 5225; x_wconf 80' lang='grc' dir='ltr'>μϐολα</span> <span class='ocrx_word' id='word_1_724' title='bbox 3607 5153 3749 5212; x_wconf 74' lang='grc' dir='ltr'>διδοὺς</span> 
     </span>
    </p>
   </div>
   <div class='ocr_carea' id='block_1_90' title="bbox 533 5235 2069 5314">
    <p class='ocr_par' dir='ltr' id='par_1_90' title="bbox 533 5235 2069 5307">
     <span class='ocr_line' id='line_1_90' title="bbox 533 5235 2069 5307; baseline 0.002 -18"><span class='ocrx_word' id='word_1_725' title='bbox 533 5235 733 5290; x_wconf 88' lang='lat' dir='ltr'><strong>dimus.</strong></span> <span class='ocrx_word' id='word_1_726' title='bbox 770 5236 934 5306; x_wconf 83' lang='lat' dir='ltr'><strong>Atqui</strong></span> <span class='ocrx_word' id='word_1_727' title='bbox 961 5236 1104 5291; x_wconf 88' lang='lat' dir='ltr'><strong>idem</strong></span> <span class='ocrx_word' id='word_1_728' title='bbox 1138 5252 1363 5305; x_wconf 87' lang='lat' dir='ltr'><strong>prorsus</strong></span> <span class='ocrx_word' id='word_1_729' title='bbox 1400 5238 1494 5307; x_wconf 89' lang='lat' dir='ltr'><strong>qui</strong></span> <span class='ocrx_word' id='word_1_730' title='bbox 1528 5237 1683 5293; x_wconf 85' lang='lat' dir='ltr'><strong>Pluto</strong></span> <span class='ocrx_word' id='word_1_731' title='bbox 1705 5240 1838 5293; x_wconf 89' lang='lat' dir='ltr'><strong>deus</strong></span> <span class='ocrx_word' id='word_1_732' title='bbox 1873 5239 1974 5293; x_wconf 90' lang='lat' dir='ltr'><strong>iste</strong></span> <span class='ocrx_word' id='word_1_733' title='bbox 2000 5250 2069 5294; x_wconf 85' lang='lat' dir='ltr'><strong>est</strong></span> 
     </span>
    </p>
   </div>
   <div class='ocr_carea' id='block_1_91' title="bbox 2215 5235 3751 5314">
    <p class='ocr_par' dir='ltr' id='par_1_91' title="bbox 2215 5237 3751 5314">
     <span class='ocr_line' id='line_1_91' title="bbox 2215 5237 3751 5314; baseline 0.007 -26"><span class='ocrx_word' id='word_1_734' title='bbox 2215 5237 2352 5310; x_wconf 77' lang='grc' dir='ltr'>πρὸς</span> <span class='ocrx_word' id='word_1_735' title='bbox 2379 5239 2479 5309; x_wconf 83' lang='grc' dir='ltr'><strong>τὴν</strong></span> <span class='ocrx_word' id='word_1_736' title='bbox 2504 5240 2705 5293; x_wconf 80' lang='grc' dir='ltr'>τούτων</span> <span class='ocrx_word' id='word_1_737' title='bbox 2738 5241 2939 5295; x_wconf 81' lang='grc' dir='ltr'>ἔλασιν.</span> <span class='ocrx_word' id='word_1_738' title='bbox 2977 5239 3138 5308; x_wconf 73' lang='grc' dir='ltr'>οὗτος</span> <span class='ocrx_word' id='word_1_739' title='bbox 3169 5247 3300 5314; x_wconf 78' lang='grc' dir='ltr'>γοῦν</span> <span class='ocrx_word' id='word_1_740' title='bbox 3323 5249 3417 5301; x_wconf 58' lang='grc' dir='ltr'><strong>καὶ⁵</strong></span> <span class='ocrx_word' id='word_1_741' title='bbox 3439 5251 3549 5313; x_wconf 82' lang='grc' dir='ltr'>τοῖς</span> <span class='ocrx_word' id='word_1_742' title='bbox 3578 5248 3751 5308; x_wconf 76' lang='grc' dir='ltr'><strong>ἱκέται-ς</strong></span> 
     </span>
    </p>
   </div>
   <div class='ocr_carea' id='block_1_92' title="bbox 532 5327 2068 5414">
    <p class='ocr_par' dir='ltr' id='par_1_92' title="bbox 532 5327 2068 5402">
     <span class='ocr_line' id='line_1_92' title="bbox 532 5327 2068 5402; baseline 0.002 -22"><span class='ocrx_word' id='word_1_743' title='bbox 532 5341 706 5396; x_wconf 86' lang='lat' dir='ltr'><strong>eoque</strong></span> <span class='ocrx_word' id='word_1_744' title='bbox 737 5329 974 5382; x_wconf 77' lang='lat' dir='ltr'><strong>maxime</strong></span> <span class='ocrx_word' id='word_1_745' title='bbox 1016 5327 1358 5384; x_wconf 75' lang='lat' dir='ltr'><strong>dzemonibus</strong></span> <span class='ocrx_word' id='word_1_746' title='bbox 1388 5330 1640 5399; x_wconf 88' lang='lat' dir='ltr'><strong>imperat,</strong></span> <span class='ocrx_word' id='word_1_747' title='bbox 1670 5340 1927 5401; x_wconf 87' lang='lat' dir='ltr'><strong>certaque</strong></span> <span class='ocrx_word' id='word_1_748' title='bbox 1957 5345 2068 5402; x_wconf 86' lang='lat' dir='ltr'><strong>sym</strong></span> 
     </span>
    </p>
   </div>
   <div class='ocr_carea' id='block_1_93' title="bbox 2214 5327 3750 5414">
    <p class='ocr_par' dir='ltr' id='par_1_93' title="bbox 2214 5330 3750 5414">
     <span class='ocr_line' id='line_1_93' title="bbox 2214 5330 3750 5414; baseline 0.005 -32"><span class='ocrx_word' id='word_1_749' title='bbox 2214 5330 2500 5401; x_wconf 74' lang='grc' dir='ltr'>ἐδήλωσεν,</span> <span class='ocrx_word' id='word_1_750' title='bbox 2531 5331 2607 5395; x_wconf 80' lang='grc' dir='ltr'>ὡς</span> <span class='ocrx_word' id='word_1_751' title='bbox 2655 5335 2786 5386; x_wconf 83' lang='grc' dir='ltr'>πᾶσι</span> <span class='ocrx_word' id='word_1_752' title='bbox 2814 5333 2972 5398; x_wconf 75' lang='grc' dir='ltr'>ζώοις</span> <span class='ocrx_word' id='word_1_753' title='bbox 3007 5337 3352 5410; x_wconf 83' lang='grc' dir='ltr'>ὁμοιούμενοι</span> <span class='ocrx_word' id='word_1_754' title='bbox 3383 5342 3627 5414; x_wconf 77' lang='grc' dir='ltr'>προσίασι</span> <span class='ocrx_word' id='word_1_755' title='bbox 3660 5341 3750 5400; x_wconf 85' lang='grc' dir='ltr'>τοῖς</span> 
     </span>
    </p>
   </div>
   <div class='ocr_carea' id='block_1_94' title="bbox 605 5558 2141 5686">
    <p class='ocr_par' dir='ltr' id='par_1_94' title="bbox 605 5558 2104 5686">
     <span class='ocr_line' id='line_1_94' title="bbox 605 5558 2032 5636; baseline 0.004 -22"><span class='ocrx_word' id='word_1_756' title='bbox 605 5558 718 5630; x_wconf 85' lang='grc'><strong>(60)</strong></span> <span class='ocrx_word' id='word_1_757' title='bbox 749 5563 1013 5628; x_wconf 79' lang='grc' dir='ltr'>Θυσίαις.</span> <span class='ocrx_word' id='word_1_758' title='bbox 1039 5563 1327 5636; x_wconf 83' lang='lat' dir='ltr'><strong>Porphyr.,</strong></span> <span class='ocrx_word' id='word_1_759' title='bbox 1359 5565 1621 5628; x_wconf 75' lang='grc' dir='ltr'>κνίσσαις,</span> <span class='ocrx_word' id='word_1_760' title='bbox 1659 5566 1801 5635; x_wconf 90' lang='lat' dir='ltr'><strong>quod</strong></span> <span class='ocrx_word' id='word_1_761' title='bbox 1846 5566 2032 5620; x_wconf 85' lang='lat' dir='ltr'><strong>malui.</strong></span> 
     </span>
     <span class='ocr_line' id='line_1_95' title="bbox 606 5629 2104 5686; baseline 0 0"><span class='ocrx_word' id='word_1_762' title='bbox 606 5629 720 5686; x_wconf 70' lang='grc'><strong>(61)</strong></span> <span class='ocrx_word' id='word_1_763' title='bbox 749 5633 820 5684; x_wconf 83' lang='grc' dir='ltr'><strong>’Ἠ</strong></span> <span class='ocrx_word' id='word_1_764' title='bbox 845 5649 909 5684; x_wconf 86' lang='grc' dir='ltr'>τε</span> <span class='ocrx_word' id='word_1_765' title='bbox 927 5633 1297 5686; x_wconf 81' lang='grc' dir='ltr'>ποοεστὼσιι.</span> <span class='ocrx_word' id='word_1_766' title='bbox 1324 5637 1535 5686; x_wconf 75' lang='lat' dir='ltr'><strong>Debuit.</strong></span> <span class='ocrx_word' id='word_1_767' title='bbox 1561 5638 1774 5686; x_wconf 75' lang='lat' dir='ltr'><strong>Opinor.</strong></span> <span class='ocrx_word' id='word_1_768' title='bbox 1804 5639 1902 5686; x_wconf 77' lang='grc' dir='ltr'><strong>τήν</strong></span> <span class='ocrx_word' id='word_1_769' title='bbox 1923 5655 1982 5686; x_wconf 81' lang='grc' dir='ltr'><strong>τε</strong></span> <span class='ocrx_word' id='word_1_770' title='bbox 2014 5657 2104 5686; x_wconf 81' lang='grc' dir='ltr'>πε-</span> 
     </span>
    </p>
   </div>
   <div class='ocr_carea' id='block_1_95' title="bbox 2211 5558 3747 5686">
    <p class='ocr_par' dir='ltr' id='par_1_95' title="bbox 2211 5564 3747 5686">
     <span class='ocr_line' id='line_1_96' title="bbox 2287 5564 3747 5686; baseline 0.009 -70"><span class='ocrx_word' id='word_1_771' title='bbox 2287 5564 2398 5686; x_wconf 44' lang='grc' dir='ltr'><strong>ἳϐἓ)</strong></span> <span class='ocrx_word' id='word_1_772' title='bbox 2429 5564 2695 5633; x_wconf 72' lang='grc' dir='ltr'>Σάραπιν</span> <span class='ocrx_word' id='word_1_773' title='bbox 2726 5569 2820 5622; x_wconf 76' lang='grc' dir='ltr'>καί</span> <span class='ocrx_word' id='word_1_774' title='bbox 2852 5569 2966 5637; x_wconf 75' lang='grc' dir='ltr'><strong>τὴν</strong></span> <span class='ocrx_word' id='word_1_775' title='bbox 3000 5571 3286 5652; x_wconf 45' lang='grc' dir='ltr'><strong>,Ἑκάτητὴ</strong></span> <span class='ocrx_word' id='word_1_776' title='bbox 3341 5574 3513 5657; x_wconf 86' lang='lat' dir='ltr'><strong>Supra</strong></span> <span class='ocrx_word' id='word_1_777' title='bbox 3551 5589 3600 5640; x_wconf 77' lang='grc' dir='ltr'><strong>β.</strong></span> <span class='ocrx_word' id='word_1_778' title='bbox 3633 5570 3747 5629; x_wconf 60' lang='grc'><strong>196.</strong></span> 
     </span>
     <span class='ocr_line' id='line_1_97' title="bbox 2211 5635 3747 5686; baseline 0 0"><span class='ocrx_word' id='word_1_779' title='bbox 2211 5651 2260 5686; x_wconf 91' lang='lat' dir='ltr'><strong>e.</strong></span> <span class='ocrx_word' id='word_1_780' title='bbox 2324 5636 2373 5686; x_wconf 78' lang='grc'><strong>1.</strong></span> <span class='ocrx_word' id='word_1_781' title='bbox 2406 5638 2576 5686; x_wconf 76' lang='lat' dir='ltr'><strong>solius</strong></span> <span class='ocrx_word' id='word_1_782' title='bbox 2602 5635 2826 5686; x_wconf 72' lang='lat' dir='ltr'><strong>Hecales</strong></span> <span class='ocrx_word' id='word_1_783' title='bbox 2852 5653 3097 5686; x_wconf 72' lang='lat' dir='ltr'><strong>meminit</strong></span> <span class='ocrx_word' id='word_1_784' title='bbox 3148 5643 3220 5686; x_wconf 72' lang='grc' dir='ltr'><strong>ηρ</strong></span> <span class='ocrx_word' id='word_1_785' title='bbox 3249 5645 3505 5686; x_wconf 59' lang='lat' dir='ltr'><strong>Summi!»</strong></span> <span class='ocrx_word' id='word_1_786' title='bbox 3539 5642 3747 5686; x_wconf 80' lang='lat' dir='ltr'><strong>Pm-nhv-</strong></span> 
     </span>
    </p>
   </div>
   <div class='ocr_carea' id='block_1_96' title="bbox 606 5629 2142 5715">
    <p class='ocr_par' dir='ltr' id='par_1_96' title="bbox 606 5629 2104 5715">
     <span class='ocr_line' id='line_1_98' title="bbox 606 5629 2104 5715; baseline 0.007 -33"><span class='ocrx_word' id='word_1_787' title='bbox 606 5629 720 5712; x_wconf 59' lang='lat' dir='ltr'><strong>(6i)</strong></span> <span class='ocrx_word' id='word_1_788' title='bbox 749 5633 820 5684; x_wconf 85' lang='grc' dir='ltr'><strong>Ἦ</strong></span> <span class='ocrx_word' id='word_1_789' title='bbox 845 5629 1297 5715; x_wconf 31' lang='grc' dir='ltr'>τεδπροερῖτῶᾰα.</span> <span class='ocrx_word' id='word_1_790' title='bbox 1315 5629 1774 5715; x_wconf 32' lang='lat' dir='ltr'><strong>petiuit,‘o_pino’r,</strong></span> <span class='ocrx_word' id='word_1_791' title='bbox 1804 5639 1982 5715; x_wconf 49' lang='lat' dir='ltr'><strong>nam</strong></span> <span class='ocrx_word' id='word_1_792' title='bbox 2014 5657 2104 5692; x_wconf 87' lang='grc' dir='ltr'>πε-</span> 
     </span>
    </p>
   </div>
   <div class='ocr_carea' id='block_1_97' title="bbox 2212 5629 3748 5715">
    <p class='ocr_par' dir='ltr' id='par_1_97' title="bbox 2212 5629 3748 5715">
     <span class='ocr_line' id='line_1_99' title="bbox 2212 5629 3748 5715; baseline 0.002 -25"><span class='ocrx_word' id='word_1_793' title='bbox 2212 5651 2260 5715; x_wconf 82' lang='lat' dir='ltr'><strong>c_.</strong></span> <span class='ocrx_word' id='word_1_794' title='bbox 2287 5629 2826 5715; x_wconf 29' lang='lat' dir='ltr'><strong>lipsoltusllecates</strong></span> <span class='ocrx_word' id='word_1_795' title='bbox 2852 5629 3115 5715; x_wconf 55' lang='lat' dir='ltr'><strong>memini}.</strong></span> <span class='ocrx_word' id='word_1_796' title='bbox 3145 5629 3223 5715; x_wconf 59' lang='lat' dir='ltr'><strong>De</strong></span> <span class='ocrx_word' id='word_1_797' title='bbox 3249 5629 3505 5715; x_wconf 76' lang='lat' dir='ltr'><strong>Serapide</strong></span> <span class='ocrx_word' id='word_1_798' title='bbox 3539 5629 3748 5715; x_wconf 67' lang='lat' dir='ltr'><strong>Porphy-</strong></span> 
     </span>
    </p>
   </div>
   <div class='ocr_carea' id='block_1_98' title="bbox 536 5701 2072 5784">
    <p class='ocr_par' dir='ltr' id='par_1_98' title="bbox 536 5701 2072 5784">
     <span class='ocr_line' id='line_1_100' title="bbox 536 5701 2072 5784; baseline 0.005 -30"><span class='ocrx_word' id='word_1_799' title='bbox 536 5701 832 5773; x_wconf 80' lang='grc' dir='ltr'>ριεστῶσαν</span> <span class='ocrx_word' id='word_1_800' title='bbox 857 5703 1033 5784; x_wconf 56' lang='grc' dir='ltr'>αὑτων</span> <span class='ocrx_word' id='word_1_801' title='bbox 1053 5704 1280 5776; x_wconf 72' lang='grc' dir='ltr'>δύναμιν</span> <span class='ocrx_word' id='word_1_802' title='bbox 1310 5708 1483 5759; x_wconf 84' lang='grc' dir='ltr'>δοκεῖν</span> <span class='ocrx_word' id='word_1_803' title='bbox 1514 5701 1642 5759; x_wconf 68' lang='grc' dir='ltr'>Θεῦν</span> <span class='ocrx_word' id='word_1_804' title='bbox 1686 5703 1822 5759; x_wconf 83' lang='grc' dir='ltr'>εἶναι</span> <span class='ocrx_word' id='word_1_805' title='bbox 1859 5701 1958 5760; x_wconf 66' lang='grc' dir='ltr'><strong>’τὸν</strong></span> <span class='ocrx_word' id='word_1_806' title='bbox 2010 5710 2072 5779; x_wconf 86' lang='grc' dir='ltr'><em>μέ</em></span> 
     </span>
    </p>
   </div>
   <div class='ocr_carea' id='block_1_99' title="bbox 2208 5701 3744 5784">
    <p class='ocr_par' dir='ltr' id='par_1_99' title="bbox 2210 5701 3744 5784">
     <span class='ocr_line' id='line_1_101' title="bbox 2210 5701 3744 5784; baseline 0.005 -26"><span class='ocrx_word' id='word_1_807' title='bbox 2210 5707 2326 5758; x_wconf 85' lang='lat' dir='ltr'><strong>rius</strong></span> <span class='ocrx_word' id='word_1_808' title='bbox 2367 5707 2522 5784; x_wconf 75' lang='lat' dir='ltr'><strong>initio</strong></span> <span class='ocrx_word' id='word_1_809' title='bbox 2554 5704 2693 5762; x_wconf 79' lang='lat' dir='ltr'><strong>tituli</strong></span> <span class='ocrx_word' id='word_1_810' title='bbox 2730 5711 3032 5780; x_wconf 85' lang='lat' dir='ltr'><strong>sequentis.</strong></span> <span class='ocrx_word' id='word_1_811' title='bbox 3061 5711 3135 5768; x_wconf 91' lang='lat' dir='ltr'><strong>De</strong></span> <span class='ocrx_word' id='word_1_812' title='bbox 3176 5701 3540 5771; x_wconf 58' lang='lat' dir='ltr'><strong>Hecate&#39;vero</strong></span> <span class='ocrx_word' id='word_1_813' title='bbox 3579 5701 3744 5784; x_wconf 67' lang='lat' dir='ltr'><strong>pagida</strong></span> 
     </span>
    </p>
   </div>
   <div class='ocr_carea' id='block_1_100' title="bbox 531 5772 2067 5853">
    <p class='ocr_par' dir='ltr' id='par_1_100' title="bbox 531 5772 2019 5848">
     <span class='ocr_line' id='line_1_102' title="bbox 531 5772 2019 5848; baseline 0.004 -22"><span class='ocrx_word' id='word_1_814' title='bbox 531 5772 717 5842; x_wconf 61' lang='grc' dir='ltr'><strong>¹τιιῒτόν</strong></span> <span class='ocrx_word' id='word_1_815' title='bbox 738 5790 750 5801; x_wconf 87' lang='grc'>·</span> <span class='ocrx_word' id='word_1_816' title='bbox 778 5772 1032 5843; x_wconf 70' lang='lat' dir='ltr'><strong>praecedit</strong></span> <span class='ocrx_word' id='word_1_817' title='bbox 1057 5772 1223 5841; x_wconf 81' lang='lat' dir='ltr'><strong>enini,</strong></span> <span class='ocrx_word' id='word_1_818' title='bbox 1263 5779 1392 5848; x_wconf 63' lang='grc' dir='ltr'>φησι</span> <span class='ocrx_word' id='word_1_819' title='bbox 1422 5781 1545 5840; x_wconf 56' lang='grc' dir='ltr'>τοὺς</span> <span class='ocrx_word' id='word_1_820' title='bbox 1572 5780 1856 5848; x_wconf 60' lang='grc' dir='ltr'>πονηροὺς,</span> <span class='ocrx_word' id='word_1_821' title='bbox 1886 5772 2019 5834; x_wconf 70' lang='grc' dir='ltr'>ριρ.’</span> 
     </span>
    </p>
   </div>
   <div class='ocr_carea' id='block_1_101' title="bbox 940 5772 2476 5853">
    <p class='ocr_par' dir='ltr' id='par_1_101' title="bbox 940 5772 2476 5853">
     <span class='ocr_line' id='line_1_103' title="bbox 940 5772 2476 5853; baseline 0.003 -28"><span class='ocrx_word' id='word_1_822' title='bbox 940 5772 1032 5830; x_wconf 69' lang='lat' dir='ltr'><strong>adit</strong></span> <span class='ocrx_word' id='word_1_823' title='bbox 1057 5772 1223 5841; x_wconf 81' lang='lat' dir='ltr'><strong>enini,</strong></span> <span class='ocrx_word' id='word_1_824' title='bbox 1263 5779 1392 5848; x_wconf 62' lang='grc' dir='ltr'>φησι</span> <span class='ocrx_word' id='word_1_825' title='bbox 1422 5781 1545 5840; x_wconf 57' lang='grc' dir='ltr'>τοὺς</span> <span class='ocrx_word' id='word_1_826' title='bbox 1572 5780 1856 5848; x_wconf 59' lang='grc' dir='ltr'>πονηροὺς,</span> <span class='ocrx_word' id='word_1_827' title='bbox 1886 5772 2019 5834; x_wconf 45' lang='grc' dir='ltr'><strong>ουδ’</strong></span> <span class='ocrx_word' id='word_1_828' title='bbox 2209 5777 2476 5853; x_wconf 81' lang='lat' dir='ltr'><strong>sequenti.</strong></span> 
     </span>
    </p>
   </div>
  </div>
