4024 6408
289 321 380 373 505

1389 315 1712 373 ΡΒᾸΞΡΑΒ.
1757 316 2012 372 EVANG.
2043 317 2171 376 LIB.
2216 316 2299 372 IV.

3402 310 3511 367 3M

288 430 568 500 ἀνθρώποις
590 445 604 461 ·
639 429 757 483 ὅθεν
783 431 876 483 καὶ
905 429 1034 502 παρ’
1061 430 1396 499 Αἰγυπτίοις,
1425 434 1520 486 καὶ
1550 432 1702 506 παρὰ
1722 433 1827 488 Φοί-

1938 435 2061 490 bola
2096 434 2309 498 tribuit,
2344 432 2546 503 quibus
2596 432 2764 488 averti
2806 431 3109 503 depellique
3151 430 3380 502 possint.
3429 432 3513 485 Ac

287 524 393 588 νιξι,
420 523 508 576 καὶ
531 522 664 585 ὅλως
689 521 840 594 παρὰ
867 526 982 587 τοῖς
998 522 1065 576 τὰ
1089 524 1206 577 θεῖα
1238 528 1418 594 σοφοῖς
1437 525 1469 596 ἢ
1489 526 1745 597 μάντεσιν
1773 528 1829 579 ἐν

284 619 378 678 τοῖς
427 616 589 685 ἱεροῖς
629 615 1072 686 ἐπιρῤήσσονται,
1122 619 1217 670 καὶ
1268 617 1382 682 ζῶα
1429 619 1837 690 προσουδίζεται

284 707 374 778 πρὸ
398 707 492 777 τῆς
522 705 813 777 θρησκείας
847 706 955 758 τῶν
985 706 1121 760 θεῶν
1147 723 1160 736 ο
1193 707 1582 774 ἐξελαυνόντων
1613 710 1721 762 τῶν
1765 713 1838 764 is-

284 799 401 870 ρὲων
430 799 644 861 τούτους
670 798 758 853 διὰ
799 798 892 852 τοῦ
939 799 1119 852 δοῦναι
1150 800 1367 871 πνεῦμα
1413 801 1445 872 ἢ
1492 800 1630 873 αἷμα
1660 801 1833 867 ζώων,

280 890 359 943 καὶ
387 888 467 942 διὰ
493 889 599 957 τῆς
621 888 716 941 τοῦ
745 889 904 960 ἀέρος
939 889 1172 960 πληγῆς,
1204 893 1310 957 ἵνα,
1347 892 1552 947 τούτων
1577 895 1838 948 ἀπελθόν-

279 998 388 1043 των,
421 980 690 1051 παρουσία
733 980 827 1040 τοῦ
863 981 996 1034 Θεοῦ
1033 982 1280 1052 γένηται.
1311 986 1418 1037 Καὶ
1450 981 1598 1050 οἶκος
1634 987 1690 1039 δὲ
1729 989 1837 1051 πᾶς

280 1073 474 1143 μεστὸς.
505 1073 601 1126 καὶ
629 1071 718 1125 διὰ
749 1071 906 1126 τοῦτο
937 1074 1369 1147 προκαθαίρουσι
1394 1079 1486 1130 καὶ
1516 1079 1834 1132 ἐκϐάλλουσι

275 1164 509 1227 τούτους,
561 1166 690 1217 ὅταν
738 1164 858 1218 θεὸν
905 1167 1275 1220 κατακαλῶσι.
1327 1170 1435 1222 Καὶ
1484 1170 1552 1224 τὰ
1608 1171 1836 1242 σώματα

274 1257 430 1309 τοίνυν
457 1274 521 1326 με
531 1257 629 1309 στὰ
649 1257 758 1311 ἀπὸ
774 1257 995 1311 τούτων·
1021 1259 1114 1311 καὶ
1133 1259 1241 1332 γὰρ
1265 1261 1497 1332 μάλιστα
1520 1266 1640 1327 ταῖς
1658 1267 1834 1328 ποιαῖς

273 1351 476 1420 τροφαῖς
523 1349 795 1420 χαίρουσι.
831 1353 1167 1424 Σιτουμὲνων
1213 1352 1323 1425 γὰρ
1369 1354 1529 1424 ἡμῶν
1578 1355 1833 1426 προσίασι

273 1441 354 1494 καὶ
403 1441 788 1512 προσιζάνουσι
842 1443 919 1514 τῷ
975 1443 1222 1515 σώματι,
1277 1447 1372 1499 καὶ
1424 1445 1512 1499 διὰ
1563 1446 1724 1500 τοῦτο
1776 1449 1834 1500 αἱ

271 1534 482 1598 ἁγνεῖαι,
527 1534 590 1586 ού
638 1534 726 1587 διὰ
766 1536 893 1598 τοὺς
937 1535 1093 1601 θεοὺς
1127 1539 1574 1610 προηγουμένως,
1605 1539 1720 1593 ἀλλ’
1766 1541 1832 1593 ἵν’

270 1619 395 1677 οὗτοι
447 1625 752 1680 ἀποστῶσι.
789 1627 1043 1682 Μάλιστα
1092 1629 1149 1682 δὲ
1210 1631 1402 1701 αἵματι
1433 1631 1681 1702 χαίρουσι
1740 1634 1833 1687 καὶ

270 1720 375 1780 ταῖς
420 1717 808 1789 ἀκαθαρσίαις,
863 1721 957 1773 καὶ
1018 1721 1348 1777 ἀπολαύουσι
1399 1723 1605 1778 τούτων
1655 1725 1833 1779 εἰσδύ-

409 1827 433 1873 ς
506 1813 625 1875 τοῖς
698 1813 1022 1883 χρωμένοις.
1087 1815 1261 1880 Ὅλως
1323 1816 1429 1887 γὰρ
1487 1818 1520 1888 ἡ
1584 1817 1834 1881 ἐπίτασις

270 1901 356 1968 τῆς
415 1900 553 1971 πρός
615 1919 669 1955 τι
745 1903 1038 1975 ἐπιθυμίας
1105 1907 1200 1960 καὶ
1263 1909 1295 1979 ἡ
1357 1907 1452 1961 τοῦ
1529 1909 1833 1981 πνεύματος

269 1994 355 2063 τῆς
403 1994 646 2065 ὀρέξεως
673 1997 816 2068 ὁρμὴ
863 1996 1156 2069 ἀλλαχόθεν
1196 1999 1256 2052 ού
1304 2000 1653 2072 σφοδρύνεται
1699 2001 1832 2072 ἢὲκ

269 2089 353 2157 τῆς
374 2087 576 2141 τούτων
612 2091 935 2162 παρουσίας,
966 2091 1015 2144 οἳ
1042 2093 1135 2144 καὶ
1169 2094 1249 2156 εἰς
1283 2094 1529 2164 ἀσήμους
1561 2093 1832 2163 φθόγγους

269 2181 349 2232 καὶ
381 2179 555 2249 φύσας
589 2172 956 2250 ἀναγκάζουσι
1002 2184 1128 2247 τοὺς
1171 2183 1490 2256 ἀνθρώπους
1536 2186 1830 2257 ἐμπίπτειν

268 2272 342 2324 διὰ
371 2272 466 2343 τῆς
498 2274 953 2338 συναπολαύσεως
995 2276 1093 2346 τῆς
1137 2277 1252 2346 μετ’
1297 2276 1474 2330 αὐτῶν
1519 2277 1827 2350 γινομένης.

272 2367 426 2418 Ὅπου
464 2365 578 2438 γὰρ
606 2367 914 2438 πνεύματος
942 2367 1183 2432 πλείονος
1216 2368 1370 2440 ὁλκὴ,
1405 2369 1437 2440 ἢ
1468 2369 1566 2441 τῆς
1596 2371 1830 2442 γαστρὸς

266 2457 316 2522 ἐξ
358 2457 690 2528 ἡδυπαθείας
731 2458 1141 2530 πεπλησμένης,
1192 2459 1224 2532 ἢ
1273 2460 1372 2530 τῆς
1417 2460 1724 2532 προθυμίας
1762 2462 1828 2516 δι’

265 2549 439 2618 tam;
485 2551 742 2603 ἐπίτασιν
793 2549 1155 2623 ἐκφυσὼσης,
1202 2550 1296 2605 καὶ
1348 2551 1482 2605 πολὺ
1524 2552 1586 2605 τὸ
1633 2552 1829 2620 ἔξωθεν

268 2637 488 2711 σπώσης,
520 2643 640 2694 ἐκεῖ
662 2640 929 2710 παρουσία
963 2641 1073 2695 τῶν
1107 2639 1361 2695 τοιούτων
1393 2643 1714 2714 πνευμάτων
1747 2661 1828 2697 σοι

263 2731 540 2801 δηλούσθω.
583 2733 743 2803 Ἀχρι
770 2731 972 2786 τούτων
1012 2733 1184 2804 τολμᾷ
1225 2733 1386 2803 φύσις
1423 2733 1708 2806 ἀνθρώπου
1736 2736 1828 2788 εὑ-

265 2825 451 2896 ρίσκειν
496 2824 602 2888 τὰς
648 2825 777 2896 περ)⁴
808 2825 977 2895 αὐτῆς
1007 2837 1032 2866 ι
1065 2825 1404 2890 συνεστώσας
1457 2826 1703 2896 παγίδας·
1735 2826 1830 2880 καὶ

263 2917 358 2988 γὰρ
407 2917 436 2968 6
494 2917 631 2982 Θεὸς
684 2918 812 2971 ὅταν
875 2917 1160 2988 είσκριθῇ,
1226 2916 1719 2983 πολυπλασιὰζεται
1769 2917 1828 2971 τὸ

265 3009 480 3080 πνεῦμα.
513 3029 534 3058 ι
566 3012 748 3067 Ταῦτα
774 3005 981 3082 μὲνοῦν
1031 3011 1160 3081 περὶ
1201 3009 1310 3062 τῶν
1355 3009 1609 3081 πονηρῶν
1641 3010 1829 3081 δαιμό-

263 3122 373 3166 νων,
402 3098 476 3158 ὧν
508 3121 677 3175 φησιν
716 3103 950 3176 ἄρχοντα
983 3099 1118 3158 εἶναι
1151 3103 1240 3158 τὸν
1285 3103 1550 3174 Σάραπινο
1604 3105 1698 3157 καὶ
1727 3104 1826 3176 τὴν

273 3195 486 3268 Ἑκάτην
525 3197 584 3250 δὲ
630 3197 834 3250 τούτων
879 3196 1064 3267 ἄρχειν
1094 3197 1122 3248 ὁ
1154 3196 1317 3260 αὐτὸς
1347 3195 1620 3259 διδάσκει,
1651 3195 1826 3266 λέγων

261 3286 414 3353 οὕτως
435 3307 448 3319 ο
486 3309 506 3340 ι
549 3290 638 3359 Μή
671 3306 803 3342 ποτε
835 3283 978 3343 οὗτοί
1011 3289 1168 3353 εἰσιν,
1197 3280 1272 3341 ὧν
1294 3287 1454 3361 ἄρχει
1484 3288 1512 3340 6
1546 3290 1824 3362 Σάραπις,

262 3382 342 3433 καὶ
390 3381 476 3435 διὰ
527 3381 748 3450 τούτωνὶ
780 3382 810 3422 b
862 3381 1128 3453 σύμϐολον
1163 3383 1191 3435 6
1249 3382 1581 3454 τρικάρηνος
1638 3381 1824 3447 κύων,

264 3471 522 3525 τουτέστιν
572 3473 602 3524 6
655 3474 712 3526 ἐν
754 3476 865 3536 τοῖς
902 3473 1050 3544 τρισὶ
1102 3474 1419 3544 στοιχείοις,
1469 3473 1656 3539 ὕδατι,
1714 3477 1824 3545 γῇ,

263 3562 370 3631 ἀέρι
421 3562 659 3633 πονηρὸς
703 3562 945 3633 δαίμων;
1000 3562 1093 3626 οὓς
1141 3562 1449 3617 καταπαύει
1500 3565 1529 3616 6
1574 3564 1740 3628 Θεὸς,
1796 3566 1824 3617 ὁ

263 3653 385 3723 ἔχων
408 3655 509 3707 ὑπὸ
541 3658 721 3726 χεῖρα.
753 3658 942 3727 ’Λρχει
971 3656 1016 3710 δ’
1047 3656 1227 3711 αὐτῶν
1255 3658 1349 3710 καὶ
1376 3659 1409 3729 ὴ
1449 3657 1647 3731 Ἑκάτη
1685 3659 1820 3731 (65).

260 3743 326 3809 ὡς
368 3747 672 3818 συνέχουσα,
705 3747 765 3800 τὸ
805 3748 1129 3820 τρίστοιχον.
1181 3767 1200 3801 ι
1247 3750 1357 3804 Καὶ
1411 3750 1572 3804 πάλιν
1620 3753 1818 3822 φησιν’

267 3853 283 3886 ι
317 3837 405 3888 Ἐν
435 3839 766 3910 χρηστήριον
789 3838 869 3892 ἔτι
902 3839 1186 3911 παραθεὶς,
1220 3841 1356 3914 ὅπερ
1388 3842 1522 3914 αὐτὴ
1551 3846 1583 3914 ὴ
1626 3843 1826 3917 Ἑκάτη

263 3928 561 3999 πεποίηται,
595 3930 930 3983 καταπαύσω
959 3931 1051 3984 τὸν
1085 3931 1214 4003 περὶ
1236 3931 1439 4004 ταύτης
1467 3931 1642 4001 λόγον.

1939 527 2056 582 suis
2077 527 2297 596 quidem
2329 525 2665 595 supplicibus
2683 523 2914 593 aperuit,
2945 538 3053 592 quo
3075 533 3230 592 pacto
3260 521 3511 575 animan-

1939 621 2074 674 tium
2098 620 2174 674 illi
2199 619 2429 673 formam
2465 634 2529 673 ac
2558 618 2792 689 speciem
2833 615 3044 670 mentiti
3091 615 3339 670 homines
3371 628 3508 668 con-

1937 713 2185 768 venirent
2213 731 2224 766 :
2257 729 2366 782 quo
2402 711 2602 778 factum
2636 719 2696 766 ut
2733 711 2800 764 ab
2833 708 3103 779 [Egyptiis
3138 723 3201 761 ac
3229 703 3509 762 Phwnici-

1936 807 2060 869 hus,
2083 817 2134 860 et
2163 807 2414 860 universe
2448 807 2515 860 ab
2558 805 2813 879 omnibus
2854 804 3177 874 religionum
3215 799 3420 870 peritis,
3451 805 3509 853 et

1936 895 2051 950 lora
2088 897 2139 950 in
2163 897 2377 964 templis
2406 895 2692 964 disrumpi,
2721 903 2775 949 et
2802 894 3103 948 animantes
3133 892 3197 945 ad
3228 889 3509 960 pavimen-

1937 999 2075 1052 tum,
2101 998 2390 1059 antequam
2422 990 2646 1043 deerum
2677 989 2850 1044 sacris
2885 994 3208 1057 operentur,
3241 985 3388 1039 allidi
3414 1000 3507 1038 su-

1936 1081 2082 1136 leant
2117 1101 2131 1137 :
2170 1083 2351 1151 itaque
2379 1082 2653 1136 daemones
2691 1097 2720 1136 a
2753 1080 3130 1135 sacerdotibus
3163 1077 3364 1148 partim
3394 1076 3506 1145 spi-

1937 1174 2066 1239 ritu,
2092 1173 2286 1243 partim
2311 1173 2624 1227 animalium
2654 1173 2936 1243 sanguine,
2959 1171 3156 1243 partim
3173 1169 3316 1225 aeris
3337 1167 3507 1236 ipsius

1936 1265 2290 1335 percussione
2319 1265 2632 1334 abiguntur,
2661 1274 2719 1318 ut
2752 1265 2818 1320 iis
2853 1263 3041 1334 ejectis
3080 1277 3319 1332 praesens
3359 1259 3500 1314 Deus

1937 1355 2201 1411 interesse
2228 1357 2371 1410 velit.
2417 1355 2592 1411 Plenae
2639 1356 2906 1426 siquidem
2947 1369 3137 1409 eorum
3189 1362 3316 1407 sunt
3356 1351 3502 1405 :edes

1936 1446 2225 1512 universae,
2259 1462 2396 1516 quas
2441 1457 2565 1502 ante
2603 1458 2885 1517 pr0pterea
2930 1446 3062 1515 ipsis
3090 1443 3370 1515 ejiciendis
3407 1459 3505 1496 ex-

1935 1539 2104 1607 piant,
2163 1539 2383 1608 quoties
2421 1539 2525 1594 diis
2579 1538 2932 1609 supplicaturi
2991 1547 3139 1592 sunt.
3188 1535 3502 1602 Quinetiam

1937 1631 2259 1686 eorumdem
2290 1631 2446 1700 plena
2475 1642 2604 1686 sunt
2645 1645 2897 1701 corpora,
2923 1631 3067 1700 quod
3093 1639 3240 1683 certo
3265 1626 3499 1698 quodam

1937 1724 2185 1782 ciborum
2205 1739 2402 1794 genere
2419 1723 2688 1793 praecipue
2707 1723 3065 1777 delectentur.
3085 1721 3270 1791 Itaque
3285 1735 3507 1774 saccum-

1869 1794 1908 1848 Β
1934 1814 2188 1868 bentibus
2222 1813 2380 1869 nobis
2409 1829 2516 1868 non
2549 1813 2816 1879 accedunt
2852 1811 2953 1881 ipsi
2986 1812 3168 1878 modo,
3217 1811 3309 1865 sed
3338 1810 3502 1864 etiam

1934 1913 2183 1958 nostrum
2229 1903 2297 1959 ad
2341 1917 2541 1973 corpus
2588 1901 2999 1966 adhaerescunt;
3045 1914 3166 1970 quae
3195 1914 3357 1955 causa
3400 1909 3502 1963 est,

1932 1997 2286 2066 quamobrem
2320 1995 2672 2052 lustrationes
2701 1995 2944 2050 adhiberi
2967 1993 3369 2057 consueverint,
3398 2007 3503 2046 non

1933 2089 2120 2160 utique
2158 2099 2380 2161 propter
2411 2089 2542 2143 deos
2571 2088 2939 2157 potissimum,
2969 2087 3060 2142 sed
3094 2087 3275 2156 potius
3302 2096 3361 2139 ut
3394 2085 3503 2140 dae-

1931 2196 2122 2238 mones
2154 2181 2404 2238 recedere
2428 2189 2589 2249 atque
2623 2178 2732 2233 alio
2761 2178 2994 2248 migrare
3023 2185 3308 2248 cogantur.
3339 2173 3507 2228 Caete-

1931 2289 2054 2329 rum
2074 2274 2338 2344 sanguine
2355 2273 2652 2344 praesertim
2672 2272 3036 2341 sordibusque
3054 2270 3364 2341 capiuntur,
3380 2269 3502 2339 qui-

1930 2367 2035 2424 bus
2057 2375 2117 2422 ut
2147 2366 2253 2422 frui
2284 2367 2537 2432 liceat,in
2558 2367 2883 2436 eorum.th
2915 2365 3077 2419 rebus
3101 2363 3218 2418 istis
3251 2371 3500 2426 utuntur,

1931 2475 2051 2515 sese
2086 2474 2285 2530 corpus
2318 2461 2618 2516 insinuant.
2655 2458 2847 2514 Nullus
2882 2458 3026 2513 enim
3061 2458 3291 2513 omnino
3323 2465 3504 2512 motus

1929 2552 2144 2607 exsistit
2188 2552 2502 2623 cupiditatis
2548 2550 2940 2617 vehementior,
2974 2549 3156 2604 nullus
3210 2548 3264 2604 in
3294 2546 3502 2618 Spiritu

1934 2644 2091 2714 175
2123 2645 2470 2715 appetitionis
2495 2644 2747 2714 impetus,
2770 2643 2862 2714 qui
2889 2641 3104 2698 aliunde
3128 2655 3292 2711 quam
3312 2655 3378 2694 ex
3413 2655 3506 2694 eo-

1930 2752 2051 2790 rum
2092 2735 2380 2806 prrcsentia
2410 2733 2688 2790 incitetur.
2725 2731 2916 2803 Itaque
2946 2732 3200 2786 homines
3242 2729 3310 2784 ab
3345 2729 3412 2784 iis
3446 2728 3502 2783 in

1929 2827 2196 2884 obscuros
2219 2827 2519 2898 aliquando
2546 2841 2715 2880 sonos
2762 2823 3034 2895 ﬂatusque
3060 2833 3333 2894 coguntur
3361 2821 3503 2877 inci-

1929 2920 2058 2976 dere
2083 2963 2097 2987 ,
2132 2920 2278 2991 quod
2337 2919 2528 2974 eadem
2576 2917 2678 2986 ipsi
2718 2931 2940 2987 quoque
2987 2914 3347 2970 delectatione
3380 2927 3506 2984 per-

1929 3014 2201 3070 fruantur.
2236 3011 2338 3069 Ubi
2384 3013 2527 3067 enim
2561 3011 2807 3067 abundat.
2827 3010 3072 3080 spiritus,
3108 3009 3223 3063 sive
3266 3008 3411 3078 quod
3437 3023 3503 3062 eo

1929 3117 2115 3162 venter
2147 3106 2216 3161 ob
2239 3106 2504 3174 acriorem
2534 3103 2906 3161 delectationis
2940 3117 3161 3158 sensum
3193 3101 3502 3179 impleatur.

1932 3197 2047 3255 sive
2073 3197 2219 3268 quod
2257 3197 2421 3252 ardor
2449 3197 2562 3267 ipse
2584 3205 2749 3265 atque
2769 3203 2937 3250 aestus
2965 3202 3184 3264 prOpter
3207 3193 3502 3262 voluptatis

1934 3287 2333 3343 vehementiam
2363 3286 2504 3341 efﬂet
2535 3285 2697 3341 simul
2734 3284 3070 3347 interiorem,
3102 3282 3376 3352 simulque
3407 3298 3504 3336 ex-

1935 3382 2192 3437 teriorem
2233 3380 2456 3436 densius
2487 3379 2874 3451 c0piosiusque
2903 3379 3104 3445 ducat;
3139 3376 3212 3432 ibi
3241 3376 3505 3432 continuo

1934 3479 2159 3549 spiritus
2193 3478 2318 3534 illos
2363 3488 2664 3548 praesentes
2695 3491 2818 3531 esse
2846 3475 3095 3545 judicare
3126 3481 3276 3529 certo
3299 3471 3501 3544 possis.

1931 3569 2110 3637 Atque
2132 3568 2397 3623 hactenus
2427 3570 2680 3622 humanae
2702 3577 2912 3621 naturae
2937 3566 3162 3637 laqueos
3188 3565 3242 3620 in
3271 3581 3330 3620 se
3361 3565 3503 3619 necti

1929 3661 2120 3719 solitos
2156 3659 2485 3730 investigare
2518 3659 2600 3714 fas
2628 3667 2749 3714 est:
2783 3669 2898 3713 tum
2930 3658 3074 3713 enim
3127 3657 3208 3712 vel
3262 3655 3503 3712 maxime

1928 3751 2114 3823 augeri
2140 3752 2364 3822 spiritus
2393 3751 2508 3821 ipse
2537 3751 2842 3817 consuevit,
2871 3765 2996 3805 eum
3039 3749 3093 3804 in
3121 3749 3288 3804 Deum
3319 3747 3502 3804 curio-

1932 3844 2048 3900 sius
2076 3860 2140 3900 ac
2176 3844 2403 3916 propius
2456 3843 2772 3914 inquiritur.
2831 3864 2850 3897 ι
2879 3843 3004 3898 Hmc
3032 3844 3123 3899 ille
3148 3844 3214 3899 de
3238 3841 3504 3914 improbis

1931 3934 2294 3997 daemonibus,
2329 3951 2562 4006 quorum
2611 3936 2910 4007 principem
2945 3935 3174 4006 Sarapin
3208 3951 3330 3992 esse
3383 3935 3500 4001 ait;

263 4024 332 4078 sic
354 4034 534 4080 tamen
567 4035 628 4080 ut
688 4025 881 4079 iisdem
911 4023 1144 4081 Hecaten
1187 4027 1350 4081 etiam
1393 4027 1663 4097 imperare
1699 4027 1912 4093 doceat,
1955 4027 2100 4084 hunc
2133 4027 2187 4085 in
2211 4027 2435 4084 modum
2465 4048 2480 4086 :
2527 4048 2546 4082 ι
2581 4027 2720 4084 Num
2753 4029 2913 4094 forte,
2943 4029 3139 4100 inquit,
3167 4030 3442 4084 daemones
3466 4029 3504 4082 ii

262 4126 397 4179 sunt,
433 4118 487 4184 in
528 4133 670 4187 quos
711 4115 933 4188 Sarapis
963 4118 1170 4173 obtinet
1199 4118 1588 4189 principatum,
1625 4135 1860 4190 quorum
1899 4130 2186 4191 propterea
2237 4121 2542 4193 symbolum
2569 4121 2641 4178 sit
2691 4120 2886 4191 triceps
2932 4121 3024 4178 ille
3065 4121 3242 4188 canis,
3266 4120 3372 4176 hoc
3416 4130 3500 4175 est

261 4213 530 4284 improbus
552 4214 785 4279 daemon,
816 4213 910 4299 qui
940 4214 1114 4270 tribus
1146 4215 1199 4269 in
1242 4216 1526 4272 elementis
1551 4255 1568 4280 ,
1621 4231 1758 4288 aqua
1793 4258 1810 4285 ,
1850 4225 2078 4272 terraet
2124 4233 2251 4276 aere
2291 4218 2586 4276 versatur?
2621 4232 2762 4288 quos
2797 4217 2984 4287 utique
3018 4217 3159 4272 Deus
3199 4215 3310 4279 ille,
3345 4215 3505 4284 cujus

261 4305 310 4358 in
340 4313 600 4376 potestate
633 4314 780 4368 sunt,
817 4304 963 4360 sistit
1009 4315 1062 4359 et
1114 4304 1352 4360 cohibet.
1410 4305 1677 4361 Creterum
1709 4307 1902 4362 iisdem
1941 4308 2102 4362 etiam
2138 4309 2368 4378 imperat
2401 4306 2632 4374 Hecate,
2661 4306 2818 4378 cujus
2870 4306 3372 4364 videlicetnumine
3403 4307 3501 4360 tri-

261 4400 369 4468 pler
420 4398 567 4454 istud
616 4398 945 4453 elementum
1007 4397 1337 4453 continetur.
1379 4417 1400 4450 ι
1440 4401 1519 4454 Ac
1552 4415 1747 4455 rursus
1784 4420 1798 4456 :
1843 4417 1862 4452 ι
1892 4398 2182 4468 Institutaz,
2217 4401 2414 4471 inquit,
2443 4401 2511 4456 de
2542 4399 2740 4456 Hecate
2795 4397 3152 4469 disputationi
3212 4399 3372 4452 tinem
3402 4399 3499 4452 im-

260 4508 464 4560 ponam,
495 4492 544 4547 si
584 4493 748 4549 modo
782 4508 950 4546 unum
1006 4493 1110 4547 hoc
1158 4502 1419 4562 prteterea
1449 4493 1695 4564 ejusdem
1727 4511 2047 4566 responsum
2075 4496 2356 4552 addidero.

263 4585 373 4665 316°
535 4589 651 4656 εἰμι
679 4587 824 4665 κόρη
851 4585 1342 4665 πολυςράσμςιτος,
1369 4589 1819 4665 οὐραγᾴξροιτος,

1932 4589 2042 4665 illa
2075 4606 2166 4665 ego
2191 4589 2417 4644 caelestis
2442 4590 2595 4665 uaria
2622 4588 2716 4665 sub
2753 4588 2982 4665 imagine
3005 4588 3185 4656 virgo,

267 4655 572 4730 Ταιιρῶπις,
589 4655 973 4730 τρικάρηνος,
988 4657 1269 4730 Δἀπηνὴς,
1314 4655 1819 4730 χρυσοϐέλεμνος,

1931 4655 2188 4726 Ταανίῖια,
2219 4670 2374 4730 atque
2399 4661 2607 4729 triceps,
2637 4655 2882 4730 immitis,
2912 4668 2960 4712 et
2987 4675 3149 4730 aurea
3176 4655 3388 4730 uibrans

262 4728 425 4795 Φοίϐη
469 4725 899 4795 ἀπειροτεχνὴς
945 4726 1100 4797 (64),
1149 4725 1822 4870 φαεσίμϐροτοῖθΕἰλεί-

1623 4819 1744 4854 ma-

1930 4729 2173 4800 Spicula,
2209 4725 2558 4802 nat'orumqu'e
2592 4747 2774 4800 expers
2801 4728 2998 4794 Diana,
3025 4725 3283 4796 simulipte

269 4866 597 4938 Τριστοίχου
627 4866 865 4935 φύσεως
893 4865 1248 4938 συνθήματα
1278 4866 1494 4938 τρισσὰ
1528 4865 1818 4938 φέρουσαο

263 4937 439 5006 ᾼίθέρι
468 4937 585 5006 μὲν
615 4939 950 5004 πιφόεσσιν
973 4936 1280 5006 ἐειδομένη
1311 4936 1598 5006 εἰδώλοις,

274 5004 424 5073 Ἠέρα
461 5005 512 5058 δ’
542 5007 881 5075 ἁργεννοῖσι
913 5004 1326 5078 τροχάσμασιν
1351 5004 1780 5080 ἀμφικᾶθημαι.

323 5161 346 5190 ι
385 5151 471 5205 ῑσ.
502 5152 690 5223 αὐτὴν.
767 5152 796 5192 δ
836 5169 925 5221 πρ.
954 5149 1111 5205 τοῦτο
1131 5150 1333 5219 αὐτῶν.

325 5293 430 5364 (65)
464 5294 573 5347 Καὶ
621 5294 660 5361 ἡ
705 5292 934 5364 Ἑκάτη.
978 5291 1094 5347 Huc
1134 5291 1527 5364 pertinent_ill_a
1569 5289 1840 5364 Hesiodi”

265 5361 444 5426 quibus
476 5365 806 5433 praecipuum
841 5363 1051 5418 Hecatae
1090 5361 1348 5417 honorem
1381 5362 1449 5416 ab
1486 5361 1617 5416 Jove
1659 5361 1813 5414 habi-

267 5441 365 5502 tum
398 5436 648 5497 ostendit,
674 5451 702 5487 a
739 5450 877 5488 vers.
908 5433 1004 5486 Ml
1043 5433 1304 5502 Theogon.
1336 5447 1355 5484 :

275 5501 405 5555 Ἱ1δ’
466 5504 941 5572 ὑποκυσσαμένη
1009 5498 1267 5570 Ἑκάτην
1325 5499 1478 5586 τέκε·
1518 5500 1634 5586 τὴν
1681 5498 1815 5565 περὶ

1468 5587 1708 5622 παντων

267 5642 400 5709 Ζεὺς
420 5642 706 5712 Κρονίδης
743 5643 978 5710 τίμησε,
1009 5642 1192 5708 πόρεν
1214 5640 1279 5694 δέ
1302 5643 1354 5712 οἱ
1391 5570 1779 5712 ἀξίῖἓέιῗὲυιέρα
1797 5656 1810 5668 ·

265 5708 475 5784 Μοῖρωῖ
496 5708 666 5784 ἔχειν
685 5708 855 5782 γαίης
881 5729 944 5764 τε
994 5712 1090 5764 καὶ
1113 5708 1452 5784 ἀτρυγέτοιο
1476 5708 1811 5784 θαλάσσης.

277 5781 330 5836 Ἠ
350 5784 412 5837 δὲ
432 5780 538 5838 καί
550 5780 950 5852 ’ἀστερόεντος
974 5784 1075 5836 ὑπ’
1095 5781 1356 5850 οὐρανοῦ
1377 5780 1593 5850 ἔμμορε
1621 5780 1814 5849 τιμῆς,

1930 4868 2051 4922 Fax
2090 4867 2296 4921 Lucina
2322 4867 2633 4930 hominum;
2665 4865 2816 4934 cujus
2856 4864 2960 4917 tria
2991 4859 3463 4934 symbola,‘muudi

1931 4939 2098 4992 Τίνι-ιτα
2130 4940 2385 4993 elementa
2420 4947 2601 4992 notant
2624 4953 2642 4990 :
2674 4932 3201 5004 ardentibusaultera
3237 4932 3426 5004 [armis

1925 5009 2196 5064 lix/(ibeo:
2228 5010 2426 5079 passim
2453 5008 2796 5062 candentibus
2828 5021 2954 5059 aera
2981 5003 3114 5073 bigis

1935 5286 2268 5352 Ἄθανὰτοις
2295 5303 2357 5339 τε
2385 5286 2572 5342 θεοῖσι
2596 5285 2948 5355 τετιμημένη
2973 5285 3104 5340 ἐστὶ
3127 5283 3416 5355 μάλιστα.

1921 5359 2122 5427 quibus
2156 5373 2276 5412 eam
2339 5357 2486 5410 omni
2522 5357 2799 5410 hominum
2857 5357 3042 5427 generi
3089 5367 3143 5412 et
3193 5357 3498 5411 conditioni

1919 5443 2154 5496 praeesse
2177 5430 2532 5483 demonstrat.

1994 5499 2105 5568 (64)
2166 5496 2626 5566 Ἀπειροτεχνής.
2665 5495 2831 5563 Vcrti,
2885 5505 3236 5567 natorumque
3289 5511 3494 5568 expers,

1921 5566 2370 5639 quasi'legeretur
2395 5570 2753 5645 ἀπειροτεκνὴ
2768 5587 2808 5631 ς,
2825 5570 2904 5645 vel
2924 5566 3327 5645 ἁπειρᾲότεκνος,
3351 5566 3494 5635 quod

1923 5647 2101 5710 tamen
2150 5638 2442 5710 utrumque
2490 5638 2673 5710 rarum
2701 5638 2782 5710 est
2817 5655 2831 5692 :
2861 5638 3160 5710 ᾴπειρωδίν
3181 5650 3233 5692 et
3273 5639 3496 5710 ἀπειρο-

1922 5708 2084 5786 λεχής
2106 5711 2261 5779 longe
2296 5708 2686 5786 frequentiora.
2727 5709 2819 5786 _Ac
2853 5707 3105 5764 fortassis
3134 5708 3493 5786 eratpalam;

1877 5787 1890 5798 '
1923 5778 2023 5850 pro
2045 5778 2440 5852 ’ἀπειροτεχνής
2467 5778 2569 5848 legi
2592 5779 2790 5849 possit.
