3890 6384
485 357 586 412 3H

1138 353 1416 410 EUSEBl'l
1459 351 1937 410 CESARlENSlS
1974 345 2125 403 OPP.
2165 342 2348 398 PARS
2384 339 2447 396 ll.
2471 371 2542 383 —
2572 330 3078 392 APOLOGETICA.

3621 329 3715 385 διε

490 477 674 543 fuerit,
711 475 1170 546 quemadmodum
1215 474 1405 528 abillo
1430 485 1692 542 tempore,
1743 486 1850 526 non
1880 470 2036 524 diabo

2163 478 2222 514 τε
2271 460 2364 514 καὶ
2409 457 2674 518 δυνάστας
2705 453 2765 507 τὸ
2801 449 3025 506 παλαιὸν
3071 444 3137 519 ἦν
3170 447 3321 518 ὁρᾷν,
3365 444 3636 515 ἐθναρχίας
3661 461 3714 498 τε

489 572 604 622 lica!
636 567 798 621 modo
827 565 1232 636 superstitionis
1268 566 1432 630 rims,
1470 566 1563 618 sed
1615 565 1776 617 etiam
1825 561 2067 615 distracti

483 660 762 733 quondam
789 675 853 714 ac
875 659 1198 729 multiplices
1225 660 1470 726 gentium
1505 657 1842 727 principatus
1863 653 2068 708 exstin-

484 755 558 808 cti
588 752 904 821 sublatique
928 754 1058 814 sint,
1080 753 1184 805 hoc
1211 751 1334 806 loco
1363 750 1716 819 subjungere.
1738 746 1872 800 Nam
1899 746 1951 798 in
1979 761 2069 812 op-

483 845 628 917 pidis
649 855 808 899 antea
832 845 1092 914 pagisque
1121 842 1232 896 fere
1259 843 1491 912 singulis
1516 855 1692 909 reges,
1725 836 1962 908 tyranni,
1988 845 2068 890 to-

483 938 700 1007 parchae
734 933 894 1005 179
919 949 982 987 ac
1007 935 1252 1004 dynastze
1271 974 1288 998 ,
1311 932 1554 1000 adeoque
1577 971 1593 995 ,
1634 929 1874 1001 gentium
1929 925 2065 980 varii

484 1046 549 1085 ac
570 1029 810 1083 distincti
839 1027 1150 1081 dominatus
1184 1026 1348 1094 vulgo
1375 1023 1738 1078 cernebantur
1763 1061 1778 1084 ,
1829 1033 2062 1088 quorum

482 1123 776 1178 ambitione
803 1136 927 1176 cum
977 1118 1230 1173 homines
1275 1116 1481 1170 mutuis
1525 1129 1646 1168 sese
1681 1113 1836 1166 bellis
1866 1126 2060 1181 perpe-

480 1215 698 1282 tuisque
730 1220 1008 1275 vexarent,
1042 1219 1159 1262 tum
1193 1208 1440 1278 regiones
1483 1206 1643 1258 etiam
1678 1204 1949 1271 urbesque
1979 1201 2061 1255 di-

482 1305 740 1374 riperent,
778 1313 940 1373 atque
971 1299 1194 1355 assiJue
1224 1299 1432 1353 vicinos
1466 1299 1672 1351 circum
1723 1294 1952 1364 populos
2004 1293 2058 1346 in

478 1396 791 1452 servitutem
821 1395 1176 1458 abducerent,
1201 1390 1548 1444 familiarium
1575 1389 1760 1455 utique
1777 1396 1828 1440 et
1851 1385 2062 1440 intesti—

478 1503 674 1542 norum
711 1485 1018 1540 daemonum
1061 1482 1298 1538 stimulis
1335 1481 1389 1535 in
1429 1479 1697 1547 ejusmodi
1746 1493 1954 1548 pugnas
2005 1486 2060 1530 et

475 1581 855 1637 dimicationes
909 1577 1188 1632 concitati.
1238 1575 1370 1642 Quae
1405 1591 1525 1630 cum
1557 1575 1627 1627 ita
1662 1589 1722 1626 se
1752 1574 2012 1626 haberent
2039 1614 2054 1630 ,

477 1673 780 1742 cujusmodi
813 1671 1030 1725 tandem
1055 1671 1319 1724 malorum
1342 1675 1397 1722 et
1423 1669 1792 1721 confertarum
1828 1663 2054 1718 calami-

476 1773 648 1818 tutum
672 1762 1079 1833 perturbatione
1109 1761 1392 1816 hominum
1417 1759 1526 1812 vita
1557 1759 1880 1828 jactaretur,
1909 1755 2054 1810 testi-

2172 554 2264 607 καὶ
2294 551 2647 621 πολυαρχίας,
2676 547 2741 600 δι’
2782 546 2846 608 ἀς
2886 543 2978 595 ἐπὶ
3009 541 3134 603 τοὺς
3171 539 3287 591 κατ’
3312 536 3544 608 ἀλλήλων
3574 537 3715 592 πολέ-

2172 662 2305 716 μους
2329 642 2567 713 συνεχῶς
2595 637 2892 711 ὁρμῶντες,
2923 633 3152 704 δηώσεις
3182 629 3370 702 χωρῶν
3408 630 3498 681 καὶ
3535 629 3716 682 πόλεων

2168 731 2506 803 πολιορκίας,
2543 722 3009 798 ἀνδραποδισμούς
3034 739 3092 774 τε
3125 722 3218 774 καὶ
3243 718 3603 790 αἰχμαλωσίας
3622 719 3715 772 τῶν

2169 819 2559 893 πλησιοχώρων
2593 821 2681 873 ἀεὶ
2713 819 2808 872 καὶ
2837 815 3123 878 διαπαντὸς
3156 814 3434 884 ἐνήργουν,
3469 811 3596 882 πρὸς
3623 812 3716 864 τῶν

2165 916 2380 968 οἰκείων
2404 913 2670 982 δαιμόνων
2703 911 2797 962 ἐπὶ
2825 908 2913 961 τὸν
2939 907 3057 961 κατ’
3085 905 3327 976 ἀλλήλων
3359 903 3583 974 πόλεμον
3606 903 3714 968 ἐξοι·

2168 1007 2508 1077 στρούμενοι.
2537 998 2636 1058 Ὧν
2659 1001 2831 1064 οὕτως
2873 999 3124 1070 ἐχόντων,
3174 998 3230 1049 ἐν
3267 997 3424 1067 ὁποίᾳ
3458 997 3571 1048 τότε
3599 1012 3712 1064 συγ-

2163 1098 2316 1167 χύσει
2343 1095 2528 1150 κακῶν
2560 1093 2852 1165 συμφορῶν
2881 1110 2939 1144 τε
2968 1089 3282 1161 ἐπαλλήλων
3306 1091 3334 1140 ὁ
3364 1091 3469 1151 πᾶς
3493 1088 3714 1158 ἐνίσχητο

2165 1190 2297 1260 βίος,
2327 1191 2421 1243 καὶ
2462 1187 2610 1257 αὺτῷ
2651 1188 2732 1239 σοὶ
2767 1184 3091 1256 παραλείπω
3138 1185 3380 1236 σκοπεῖν.
3426 1181 3628 1233 Τούτων
3658 1180 3714 1253 δὴ

2160 1279 2252 1335 οὖν
2291 1281 2502 1353 ἀθρόως
2550 1280 2803 1334 ἁπάντων
2842 1277 2976 1348 ὁμοῦ
3027 1277 3124 1329 σὺν
3165 1279 3230 1347 τῇ
3275 1273 3515 1344 πολυθέῳ
3559 1273 3713 1346 πλάνη

2163 1372 2408 1427 ἐκποδὼν
2442 1372 2846 1443 μεταστάντων,
2881 1371 2980 1424 οὐκ
3013 1369 3201 1424 ἄλλοτε
3241 1368 3276 1438 ἢ
3325 1366 3461 1438 μετά
3501 1366 3592 1437 τὴν
3631 1357 3713 1419 του

2161 1470 2412 1540 Σωτῆρος
2467 1466 2623 1538 ἡμῶν
2673 1466 2752 1528 είς
2793 1461 3110 1534 ἀνθρώπους
3151 1459 3478 1530 ἐπιδημίανο
3517 1458 3625 1520 πῶς
3659 1458 3713 1512 οὐ

2159 1561 2264 1632 χρὴ
2298 1561 2357 1613 τὸ
2400 1560 2540 1631 μέγα
2588 1561 2883 1628 μυστήριον
2922 1556 3021 1624 τῆς
3054 1551 3267 1624 ἀληθῶς
3322 1550 3583 1621 σωτηρίου
3632 1550 3713 1602 καὶ

2157 1652 2516 1721 εὐαγγελικῆς
2538 1649 2858 1713 ἀποδείξεως
2874 1649 2974 1701 ὑπε
2985 1645 3345 1718 ρθαυμάζειν;
3362 1643 3430 1697 δι’
3444 1640 3509 1717 ἧς
3528 1642 3714 1714 ἀθρόως

2157 1747 2296 1800 κατά
2329 1748 2511 1799 πᾶσαν
2546 1743 2646 1812 τὴν
2689 1742 2800 1796 τῶν
2846 1739 3144 1812 ἀνθρώπων
3185 1737 3528 1807 οἰκουμένην,
3567 1751 3714 1805 προσ-

474 1819 732 1912 mandu-m
769 1857 866 1911 tibi
897 1872 962 1910 ac
990 1855 1337 1910 statuendum
1370 1853 1638 1921 relinquo.
1665 1851 1866 1906 Eadem
1897 1868 2036 1914 vero,

2155 1841 2416 1911 ευκτήρια
2443 1838 2536 1892 καί⁵
2572 1838 2688 1890 ναοὶ
2725 1834 2801 1905 τῷ
2829 1831 3161 1904 παμϐασιλεί
3182 1831 3274 1882 καὶ
3297 1827 3608 1900 δημιουργῷ
3633 1827 3713 1880 καὶ

471 1965 597 2003 cum
632 1957 756 2018 post
785 1948 954 2003 nostri
984 1948 1200 2002 demum
1241 1943 1550 2000 Servatoris
1593 1946 1885 1999 adventum
1923 1958 2046 1998 cum

473 2041 566 2093 i.lo
600 2040 982 2110 multiplicium
1015 2040 1237 2092 deorum
1272 2052 1458 2091 errore
1505 2051 1613 2090 uno
1649 2036 1790 2089 velut
1834 2034 2050 2104 agmine

471 2131 755 2203 proﬂigata
784 2131 1003 2196 iuerint,
1035 2131 1159 2199 quis
1191 2146 1301 2184 non
1344 2129 1470 2198 jure
1503 2143 1758 2197 maguum
1792 2127 1893 2181 hoc
1923 2141 2050 2179 vere

471 2225 726 2280 salutaris
761 2237 815 2280 et
844 2225 1166 2294 evangelica:
1202 2223 1685 2279 demonstrationis
1725 2221 2044 2291 mysterium

469 2332 684 2372 summa
711 2332 834 2371 cum
867 2315 1226 2371 admiratione
1281 2317 1582 2386 suspiciat,
1638 2329 1733 2382 per
1775 2327 1938 2381 quam
1993 2320 2046 2365 et

469 2414 674 2460 tantam
699 2406 832 2462 urbe
867 2405 1070 2474 passim
1104 2406 1359 2461 universo
1403 2421 1498 2477 per
1544 2405 1707 2459 urbes
1747 2412 1907 2472 atque
1953 2417 2047 2471 pa-

468 2512 586 2561 gos,
616 2496 726 2549 imo
757 2495 1116 2550 barbarorum
1145 2496 1306 2550 etiam
1355 2513 1417 2550 ac
1446 2495 1684 2566 gentium
1715 2492 2040 2548 solitudines

467 2588 832 2642 oratoriorum
874 2603 938 2642 ac
984 2586 1311 2656 templorum
1340 2588 1652 2656 praepotenti
1704 2599 1887 2637 rerum
1917 2599 2039 2638 om-

467 2680 616 2729 nium
654 2674 807 2747 Regi,
842 2676 1161 2743 architecto,
1185 2676 1394 2746 solique
1423 2675 1532 2729 Deo
1565 2675 1867 2729 dicaturum
1899 2675 2041 2728 mul-

467 2768 750 2822 ttudinem
782 2767 1100 2822 videamus.
1149 2776 1203 2821 et
1227 2766 1514 2830 librorum,
1570 2767 1888 2830 lectionum,
1943 2766 2040 2821 do-

465 2861 786 2926 ctrinarum,
817 2859 1019 2930 quibus
1051 2860 1303 2928 perfectae
1346 2859 1743 2928 cumulatteque
1790 2859 2038 2924 virtutis,

467 2970 790 3024 morumque
821 2955 888 3009 ad
925 2969 1110 3008 veram
1140 2954 1392 3024 pietatem
1450 2968 1514 3006 ac
1560 2953 1872 3022 religionem
1909 2968 2038 3007 con-

461 3045 874 3100 firmandorum
909 3045 1320 3100 accommodata
1364 3060 1472 3098 non
1518 3043 1681 3098 modo
1731 3043 1895 3110 viris,
1940 3043 2034 3097 sed

461 3137 626 3192 etiam
655 3138 978 3193 mulieribus
1010 3153 1074 3192 ac
1108 3137 1292 3206 pueris
1323 3144 1586 3206 prtecepta
1622 3136 1928 3202 tradantur,
1950 3137 2035 3189 in-

461 3228 670 3282 ﬁnitam
727 3228 908 3283 omnis
966 3226 1180 3298 generis
1237 3227 1449 3295 copiam
1505 3226 1840 3280 habeamus?
1883 3226 2036 3282 Adde

456 3329 707 3376 emortua
757 3319 975 3389 penitus
1034 3318 1342 3373 dannouum
1405 3318 1625 3372 oracula
1683 3328 1736 3372 et
1779 3319 2034 3375 vaticinia

460 3411 791 3466 conticuisse
825 3423 838 3459 :
873 3409 1033 3473 adde,
1062 3425 1129 3462 ex
1161 3426 1272 3478 quo
1295 3409 1476 3462 divina
1503 3410 1617 3464 haec
1647 3419 1700 3464 et
1721 3412 2032 3482 evangelica

457 3501 764 3555 Asscrtoris
791 3498 964 3553 nostri
1003 3501 1180 3553 virtus
1206 3499 1375 3554 radiis
1401 3501 1518 3555 suis
1549 3501 1827 3556 hominum
1861 3519 2033 3574 genus

459 3606 619 3645 omne
648 3591 787 3645 lucis
817 3591 986 3645 instar
1018 3589 1329 3652 illustravit,
1361 3606 1426 3646 eo
1452 3592 1566 3661 jam
1597 3608 1770 3662 usque
1796 3595 2033 3664 amplius

458 3683 639 3739 furere
668 3685 964 3747 nemiuem,
995 3691 1057 3737 ut.
1079 3683 1389 3738 charissimi
1424 3687 1691 3756 cujusque
1719 3688 1984 3758 sanguine
2009 3730 2026 3755 ,

459 3777 850 3846 hominumque
871 3776 1246 3847 jugulatorum
1282 3777 1587 3846 sacriﬁciis,
1613 3779 1738 3834 illos
1776 3780 1942 3836 caedis
1975 3790 2030 3835 et

458 3868 670 3924 cruoris
696 3867 908 3933 avidos,
936 3880 988 3924 et
1019 3867 1403 3925 infestissimos
1439 3870 1680 3926 humano
1705 3873 1888 3942 generi
1915 3874 2028 3928 da:-

458 3977 648 4018 mones
687 3963 903 4032 placare
949 3972 1214 4018 conetur:
1255 3964 1347 4034 qui
1380 3971 1558 4020 tamen
1601 3965 1740 4020 ritus
1780 3967 2026 4022 omnium

453 4055 580 4108 olim
613 4055 939 4128 sapientium
973 4066 1136 4126 atque
1180 4071 1368 4127 regum
1395 4095 1413 4120 ,
1455 4073 1595 4127 quos
1621 4058 1886 4116 damonis
1920 4062 2028 4115 uti-

453 4162 560 4218 que
582 4146 737 4202 furor
764 4147 976 4218 agebat,
1003 4149 1215 4203 animos
1245 4160 1560 4220 occuparat.
1591 4147 1659 4204 Et
1689 4166 1818 4206 vero
1852 4154 2025 4220 pessi-

455 4255 666 4296 morum
699 4239 1041 4306 daemonum,
1095 4257 1162 4294 ex
1217 4257 1328 4309 quo
1383 4242 1668 4297 hominum
1705 4242 2021 4298 societatem

454 4331 709 4387 Servator
732 4339 919 4386 noster
951 4331 1155 4395 inierit,
1193 4332 1303 4386 vim
1336 4348 1400 4388 ac
1428 4340 1750 4402 potestatem
1785 4335 2023 4404 amplius

451 4425 664 4482 nullam,
687 4439 827 4489 esse,
861 4423 944 4478 vel
973 4425 1202 4494 ipsemet
1236 4423 1594 4495 Porphyrius,
1626 4442 1857 4497 magnus
1889 4438 2022 4481 zela-

450 4520 519 4571 th
550 4526 751 4571 nostra:
791 4515 1099 4571 daemonum
1125 4525 1405 4586 patronus,
1440 4518 1492 4571 in
1533 4532 1620 4582 eo,
1654 4519 1798 4588 quod
1833 4519 2021 4573 adver-

447 4626 545 4665 sus
572 4626 672 4664 nos
699 4611 1042 4680 conscripsit,
1073 4609 1345 4665 volumine
1394 4611 1482 4664 his
1539 4612 1726 4666 verbis
1761 4621 2018 4666 testatum

448 4702 710 4773 reliquit:
745 4722 766 4758 ι
816 4701 884 4757 ΕΙ.
917 4718 1059 4757 nunc
1090 4702 1286 4756 mirum
1316 4740 1332 4767 ,
1383 4701 1580 4772 inquit,
1613 4703 1706 4756 ulli
1736 4703 1981 4758 videatur
2005 4747 2020 4770 ,

448 4794 718 4848 civitatem
747 4795 850 4851 hoc
880 4795 1071 4848 morbo
1101 4801 1180 4848 tot
1202 4793 1314 4862 jam
1341 4809 1516 4849 annos
1544 4793 1864 4858 conﬂictari,
1896 4809 2019 4850 cum

449 4885 798 4956 Aﬁsculapius
825 4887 1114 4955 czeterique
1156 4884 1232 4938 dii
1261 4883 1540 4938 hominum
1581 4900 1699 4939 sese
1727 4893 2022 4939 consuetu-

445 4978 558 5031 dini
597 4977 982 5048 consortioque
1003 4975 1398 5031 subduxerint?
1427 4976 1504 5030 Ex
1540 4991 1648 5046 quo
1688 4977 1831 5032 enim
1860 4975 2020 5032 Jcsus

445 5068 549 5122 coli
583 5078 793 5137 cceptus
827 5079 948 5133 est,
981 5081 1327 5124 communem
1364 5081 1428 5120 ac
1477 5068 1749 5136 publicam
1789 5069 2016 5123 deorum

444 5172 598 5223 opem
634 5173 794 5212 nemo
837 5160 1026 5212 sensit.
1065 5175 1083 5208 ι
1140 5152 1263 5208 Haec
1311 5156 1400 5210 ille
1442 5157 1621 5211 verbis
1677 5157 1918 5213 totidem.
1960 5157 2014 5212 Si

443 5261 575 5315 ergo
604 5248 684 5302 vel
711 5249 870 5304 istius
897 5249 1266 5316 confessione,
1301 5250 1459 5316 nihil,
1489 5266 1554 5303 ex
1577 5266 1685 5320 quo
1713 5250 1899 5304 .lesum
1931 5266 2019 5305 co-

445 5341 554 5393 lere
585 5351 886 5408 cteperunt,
912 5346 1219 5398 communis
1250 5359 1313 5398 ac
1343 5343 1572 5412 publicm
1619 5343 1842 5397 deorum
1897 5344 2016 5412 opis

443 5433 732 5500 quisquam
763 5443 1017 5502 expertus
1046 5445 1150 5497 est,
1180 5434 1494 5502 Aisculapio
1523 5433 1686 5489 simul
1711 5450 1774 5489 ac
1805 5435 2015 5504 reliqua.

448 5525 610 5594 180
639 5524 924 5579 numinum
958 5528 1115 5581 turba
1145 5542 1209 5580 ex
1249 5528 1529 5580 hominum
1577 5528 1838 5582 societate
1877 5529 2012 5582 sub-

444 5629 587 5671 mota
619 5637 632 5672 :
672 5620 812 5673 unde
837 5621 1048 5674 tandem
1078 5637 1212 5675 vana
1238 5621 1304 5676 de
1345 5622 1449 5676 illis
1486 5632 1742 5692 tanquam
1795 5622 1862 5678 dc
1908 5624 2022 5688 diis,

440 5720 535 5766 aut
577 5711 836 5768 heroibus
879 5713 1151 5783 subrepsit
1183 5716 1400 5784 opinio?
1433 5715 1631 5782 Quidni
1662 5716 1806 5770 enim
1831 5717 2013 5786 potius

443 5801 739 5874 Alsculapii
771 5813 1198 5876 caterorumque
1221 5809 1304 5863 vis
1341 5808 1589 5876 deorum,
1615 5805 1741 5864 Jesu
1773 5816 2011 5877 potesta-

2156 1933 2300 2002 μόνῳ
2327 1932 2435 1984 τῶν
2465 1930 2718 1983 ἁπάντων
2761 1925 2900 1996 Θεῷ,
2934 1925 2991 1978 ἐν
3025 1941 3086 1977 τε
3133 1923 3320 1976 πόλεσι
3362 1923 3457 1975 καὶ
3499 1920 3709 1991 κώμαις,

2153 2024 2442 2095 βαρϐάρων
2470 2039 2528 2076 τε
2559 2019 2728 2074 ἐθνῶν
2751 2021 2808 2072 ἐν
2833 2017 3088 2089 ἐρημίαις
3109 2015 3464 2085 ἀφιερωμένα
3484 2012 3711 2082 συνέστη,

2150 2117 2318 2186 βίϐλοι
2357 2133 2415 2168 τε
2457 2115 2552 2168 καὶ
2595 2111 3021 2182 ἁναγνώσματα,
3055 2107 3358 2179 μαθήματά
3402 2124 3460 2158 τε
3510 2108 3713 2159 παντοία

2148 2209 2238 2262 καὶ
2269 2206 2606 2284 διδασκαλίαι
2645 2204 2774 2276 περὶ
2810 2206 2909 2275 τῆς
2945 2204 3026 2266 είς
3055 2202 3224 2273 ἄκρον
3251 2202 3454 2271 ἀρετῆς
3490 2201 3581 2254 καὶ
3605 2199 3715 2271 τρό-

2147 2317 2248 2353 που
2277 2299 2370 2352 τοῦ
2410 2299 2555 2352 κατά
2581 2297 2680 2368 τὴν
2724 2295 2898 2365 ἀληθῆ
2946 2293 3250 2347 θεοσέϐειαν
3293 2292 3712 2364 παραγγέλματα

2146 2392 2515 2463 περιέχουσαι,
2549 2389 2774 2460 ἀνδράσι
2799 2405 2858 2440 τε
2888 2387 2980 2441 καὶ
3011 2385 3248 2455 γυναιξὶ,
3286 2386 3383 2438 καὶ
3431 2386 3609 2438 παισὶν
3641 2385 3710 2448 είς

2145 2485 2380 2554 ἐπήκοον
2420 2482 2828 2554 παραδέδονται.
2872 2479 3060 2550 Νεκρά
3103 2478 3158 2530 δέ
3200 2477 3270 2530 τὰ
3314 2478 3424 2530 ἀπὸ
3465 2476 3709 2546 δαιμόνων

2146 2575 2322 2628 πάντα
2347 2574 2657 2646 χρηστήριά
2693 2591 2751 2626 τε
2792 2573 2885 2625 καί⁵
2919 2571 3306 2642 μαντεύματα·
3347 2569 3472 2623 οὐδέ
3518 2586 3598 2632 τις
3640 2570 3710 2632 εἰς

2143 2667 2394 2720 τοσοῦτον
2423 2664 2723 2738 ἀνθρώπων
2753 2665 2960 2736 μέμηνε
2989 2664 3102 2725 νῦν,
3128 2663 3186 2729 ἐξ
3211 2655 3388 2734 οὗπερ
3420 2664 3498 2725 είς
3523 2662 3708 2724 πάντας

2144 2760 2322 2829 φωτὸς
2357 2760 2512 2828 cibari
2546 2757 2847 2828 ἐξέλαμψεν
2935 2755 3030 2810 τοῦ
3059 2755 3308 2826 Σωτῆρος
3353 2754 3510 2826 ἡμῶν
3548 2753 3706 2815 ἔνθεος

2143 2853 2237 2905 καὶ
2269 2851 2596 2921 εύαγγελικὴ
2624 2850 2870 2921 δύναμις,
2897 2850 2971 2912 ὡς
3005 2847 3205 2920 τολμᾷν
3237 2847 3316 2918 τῷ
3349 2845 3444 2900 τοῦ
3473 2845 3705 2916 φιλτάτου

2142 2946 2287 3016 φόνῳ
2329 2945 2424 2998 καὶ
2451 2948 2569 3008 ταῖς
2601 2944 2666 2996 δι’
2701 2942 3158 3016 ἀνθρωποθυσιῶν
3209 2944 3466 3011 σφαγαῖς,
3513 2939 3577 2992 τὰ
3624 2953 3706 3006 φο-

2141 3039 2266 3093 νικά
2299 3039 2392 3092 καὶ
2429 3037 2659 3108 φίλαιμα
2692 3037 2784 3089 καὶ
2821 3035 3180 3107 μισάνθρωπα
3209 3033 3464 3104 δαιμόνια
3496 3030 3704 3096 ἐξιλεοῦ-

2142 3132 2297 3185 σθαιο
2331 3126 2417 3184 οἷα
2452 3131 2711 3203 πράττειν
2745 3132 2858 3193 τοῖς
2891 3128 3055 3182 πάλαι
3108 3129 3290 3197 σοοροῖς
3328 3144 3388 3179 τε
3437 3127 3528 3178 καὶ
3571 3123 3705 3192 βασι-

2141 3223 2638 3293 λεῦσιδαιμονῶσιν
2681 3221 2758 3284 ὡς
2800 3220 3015 3292 ἀληθῶς
3051 3220 3202 3290 φίλον
3245 3215 3337 3290 ἦν.
3381 3218 3517 3289 Περὶ
3545 3213 3703 3268 δέτοῦ

2145 3315 2341 3386 μηκέτι
2371 3314 2630 3369 δύνασθαί
2665 3332 2716 3367 τι
2748 3315 2842 3366 καὶ
2875 3313 3078 3383 ἰσχύειν
3115 3313 3241 3375 τοὺς
3274 3310 3509 3379 φαύλους
3533 3309 3702 3376 δαίμο-

2140 3424 2237 3472 νας
2271 3407 2409 3478 μετά
2432 3409 2530 3480 τὴν
2553 3407 2646 3461 τοῦ
2679 3409 2929 3479 Σωτῆρος
2953 3407 3106 3478 ἡμῶν
3133 3407 3212 3468 είς
3237 3403 3556 3476 ἀνθρώπους
3580 3402 3702 3470 πάρ-

2135 3499 2275 3566 οἲ-ον,
2311 3502 2406 3555 καὶ
2438 3501 2598 3564 αὐτὸς
2622 3503 2650 3555 ὁ
2681 3500 2804 3554 καθ’
2829 3503 2977 3572 ἡμᾶς
3019 3498 3127 3552 τῶν
3163 3498 3437 3569 δαιμόνων
3481 3495 3698 3566 προήγο-

2139 3610 2252 3663 ρος,
2285 3595 2340 3646 ἐν
2366 3595 2432 3664 τῇ
2465 3593 2584 3646 καθ’
2609 3594 2764 3665 ημῶν
2788 3595 3021 3664 συσκευῇ
3049 3592 3238 3645 τοῦτόν
3259 3609 3360 3644 που
3383 3591 3554 3659 λέγων
3577 3605 3700 3660 μαρ-

2135 3689 2288 3758 τυρεῖ
2313 3685 2403 3739 τὸν
2431 3687 2652 3758 τρόπον’
2684 3705 2701 3737 t
2726 3687 2860 3739 Νυνὶ
2880 3687 2937 3738 δέ
2951 3685 3345 3756 θαυμάζουσιν,
3375 3686 3422 3736 εί
3449 3682 3697 3736 τοσούτων

2135 3778 2273 3830 ἐτῶν
2299 3777 2590 3848 κατείληφε
2629 3779 2727 3850 τὴν
2776 3778 2926 3832 πόλιν
2967 3781 3002 3850 ἡ
3030 3778 3212 3841 νόσος,
3252 3774 3578 3848 Ἀσκληπιοῦ
3610 3774 3697 3845 μὲν

2135 3870 2424 3942 ἐπιδημίας
2448 3872 2541 3924 καί⁴
2571 3870 2678 3924 τῶν
2714 3869 2888 3924 ἄλλων
2917 3869 3055 3924 θεῶν
3099 3867 3286 3941 μηκέτ’
3319 3867 3508 3938 οὔσης.
3538 3864 3694 3937 ἰησοῦ

2133 3964 2242 4036 γὰρ
2275 3965 2605 4036 τιμωμένου,
2655 3964 2909 4035 οὐδεμιᾶς
2955 3981 3039 4027 τις
3086 3963 3224 4016 θεῶν
3268 3963 3534 4034 δημοσίας
3568 3959 3695 4027 6);:-

2132 4056 2277 4120 λείας
2301 4057 2514 4128 ᾔσθετο.
2560 4077 2579 4109 ι
2615 4055 2800 4111 Ταῦτα
2830 4059 3068 4128 ῥήμασιν
3103 4057 3286 4119 αὐτοῖς
3322 4057 3352 4108 ὁ
3382 4054 3691 4128 Πορφύριος.

2130 4148 2193 4201 Εἰ
2224 4147 2286 4219 δὴ
2319 4145 2410 4203 οὖν
2446 4149 2586 4202 κατά
2606 4149 2760 4218 τήνδε
2785 4149 2884 4219 τὴν
2913 4147 3219 4218 ὁμολογίαν,
3259 4146 3436 4219 Ἰησοῦ
3465 4143 3694 4218 τιμωμέ-

2129 4257 2243 4304 νου,
2263 4241 2517 4312 οὐδεμιᾶς
2541 4258 2624 4305 τις
2653 4241 2790 4294 Θεῶν
2811 4240 3072 4312 δημοσίας
3095 4239 3363 4309 ὠφελείας
3387 4240 3687 4312 ᾔσθετορη-

2129 4333 2237 4386 κέτ’
2268 4333 2434 4404 οὔσης
2493 4334 2617 4404 μητ’
2691 4332 3018 4404 Ἀσκληπιοῦ
3080 4333 3375 4404 ἐπιδημίας
3417 4351 3496 4395 τε,
3565 4333 3687 4401 μήτε

2126 4423 2236 4477 τῶν
2261 4425 2436 4479 ἄλλων
2471 4424 2637 4479 θεῶν·
2669 4425 2830 4478 πόθεν
2869 4425 2933 4496 δὴ
2963 4424 3148 4478 λοιπὸν
3178 4425 3238 4477 τὺ
3287 4425 3365 4488 ὡς
3407 4425 3532 4495 περὶ
3567 4421 3690 4475 θεῶν

2058 4555 2101 4610 D
2128 4517 2219 4570 καὶ
2252 4517 2446 4588 ἡρώων
2483 4519 2609 4590 περὶ
2641 4518 2819 4572 αὐτῶν
2860 4518 3066 4588 δόγμα;
3114 4517 3180 4570 Τί
3207 4517 3317 4590 γὰρ
3354 4519 3476 4589 οὐχὶ
3507 4515 3688 4588 μᾶλλον

2124 4610 2193 4664 τὰ
2230 4611 2555 4682 Ἀσκληπιοῦ
2591 4611 2684 4664 καὶ
2719 4610 2830 4665 τῶν
2873 4611 3009 4664 θεῶν
3055 4613 3246 4680 κρατεῖ
3270 4610 3371 4680 τῆς
3410 4609 3574 4682 Ἰησοῦ
3603 4607 3684 4659 δυ-

2124 4704 2369 4773 νάμεως;
2403 4707 2450 4756 εἰ
2479 4703 2541 4775 δὴ
2565 4704 2594 4756 ὁ
2626 4703 2722 4774 μὲν
2754 4703 2966 4775 θνητὸς,
3001 4703 3077 4767 ὡς
3106 4703 3169 4756 ἂν
3193 4706 3368 4773 φαῖεν,
3397 4702 3682 4774 ἄνθρωπος,

2123 4796 2284 4864 (τάχα
2317 4795 2359 4846 δ’
2397 4795 2463 4849 ἂν
2499 4795 2719 4861 εἴποιεν,
2749 4797 2831 4848 δτι
2869 4797 2962 4849 καὶ
3011 4796 3260 4867 πλάνος’)
3285 4797 3333 4850 οῖ
3373 4796 3428 4849 δὲ
3459 4793 3684 4865 σωτῆρες

2121 4889 2214 4940 καὶ
2242 4887 2388 4940 θεοί·
2423 4887 2536 4951 πῶς
2581 4885 2672 4941 οὖν
2716 4888 2916 4952 πάντες
2960 4888 3170 4960 ἀθρόως
3199 4889 3348 4960 αὐτῷ
3388 4886 3682 4960 Ἀσκληπιῷ

2120 4979 2442 5049 πεφεύγασι,
2494 4982 2562 5034 τὰ
2609 4980 2753 5033 νῶτα
2805 4980 2884 5051 τῷ
2939 4981 3139 5053 θνητῷ,
3189 4983 3283 5035 καὶ
3335 4983 3514 5034 πᾶσαν
3566 4979 3681 5047 ἑξῆς

2120 5073 2426 5144 ὑποχείριον
2451 5073 2547 5142 τὴν
2573 5073 2962 5144 ἀνθρωπύτητα
3000 5075 3077 5146 τῷ
3122 5075 3312 5146 μηκέτ’
3346 5074 3478 5138 ὄντι,
3522 5073 3592 5137 t'o;
3620 5071 3680 5126 ἂν

2118 5164 2321 5218 εἴποιεν
2355 5167 2527 5227 αὐτοὶ,
2557 5165 3033 5237 παραδεδωκότες;
3075 5167 3134 5218 Ὁ
3172 5167 3229 5220 δὲ
3257 5169 3349 5223 καὶ
3377 5168 3513 5238 μετά
3538 5166 3678 5220 θάνα-

2115 5275 2206 5311 τον
2246 5256 2396 5332 παρά
2435 5260 2568 5312 πᾶσι
2597 5261 2708 5322 τοῖς
2736 5258 2944 5312 ἔθνεσιν
2981 5259 3251 5330 ὁσημέραι
3283 5257 3570 5322 διαιωνίζει
3603 5273 3676 5308 τι-

2118 5349 2388 5422 μώμενος,
2416 5351 2673 5422 ἄντικρυς
2704 5353 2802 5422 τῆς
2837 5351 2973 5422 μετὰ
3001 5351 3230 5406 θάνατον
3270 5352 3412 5422 ζωῆς
3438 5351 3498 5405 τὸ
3527 5354 3675 5421 ἐναρ-

2114 5443 2207 5510 γές
2249 5444 2341 5496 καὶ
2369 5442 2545 5497 ἔνθεον
2572 5447 2681 5507 τοῖς
2718 5445 2848 5507 οἱόις
2875 5461 2935 5497 τε
2974 5447 3201 5516 συνορᾷν
3234 5444 3671 5515 ἐπιδεικνύμενος.

2127 5536 2284 5589 Ἀλλά
2312 5538 2405 5589 καὶ
2425 5531 2504 5599 εἷς
2535 5536 2630 5599 ὢν,
2667 5537 2760 5590 καὶ
2790 5537 2860 5602 ὡς
2890 5538 2955 5592 ἄν
2990 5556 3075 5602 τις
3103 5538 3378 5602 ὑπολάϐοι,
3412 5537 3583 5608 μόνος,
3619 5535 3672 5587 τὸ

2114 5628 2314 5698 πλῆθος
2345 5627 2451 5681 τῶν
2491 5628 2592 5681 ἀνὰ
2631 5631 2806 5682 πᾶσαν
2847 5629 2944 5700 τὴν
2987 5630 3307 5703 οἰκουμένην
3349 5629 3482 5682 θεῶν
3526 5626 3669 5682 ἐλαύο

2110 5737 2188 5772 νει
2207 5738 2221 5751 ·
2252 5721 2343 5772 καὶ
2365 5720 2462 5782 τάς
2487 5736 2548 5787 γε
2576 5720 2736 5790 τιμὰς
2764 5722 2942 5774 αὐτῶν
2978 5723 3183 5776 ἀθετῶν
3221 5725 3425 5794 κρατεῖ,
3448 5723 3521 5786 ὡς
3554 5721 3666 5781 τοῦς

2115 5810 2213 5880 μὲν
2242 5809 2401 5884 θεοτδς
2436 5811 2624 5883 μηκέτ’
2651 5807 2810 5876 εἶναι,
2851 5813 2972 5883 μηδ’
2997 5815 3256 5885 ἐνεργεῖν,
3293 5815 3421 5886 μηδέ
3455 5831 3540 5868 ποι
3570 5828 3664 5864 παι
