3890 6384
161 362 244 418 513

1269 348 1593 406 ΡΒᾹΞΡΑΒ.
1639 348 1890 405 EVANG.
1934 347 2061 400 LIB.
2106 346 2167 400 ν.

3258 343 3363 397 5M

160 477 471 553 ραςαίνεσθαι,
496 475 629 546 μηδὲ
669 474 911 545 συνήθως
945 477 1065 538 ταῖς
1104 474 1322 528 πόλεσιν
1369 475 1648 545 ἐπιδημεῖν

1781 483 1887 527 tem
1923 487 1987 527 ac
2020 484 2218 525 numen
2250 466 2477 530 evertit?
2501 464 2812 529 Enimvero,
2842 466 2888 521 si
2931 466 3097 521 homo
3130 462 3219 519 ille
3240 473 3362 520 tan-

152 571 293 641 ὅτιμὴ
315 568 431 631 θεοὶ,
475 568 722 637 δαίμονες
747 566 790 618 δ’
827 561 967 638 ἦσαν
1004 568 1263 638 πονηροί·
1304 566 1463 637 μόνου
1486 565 1541 618 δὲ
1574 567 1671 619 αὐ-

151 665 239 727 τοῦ,
268 666 347 717 καὶ
375 661 460 715 τοῦ
488 662 947 732 καταπέμψαντος
997 663 1161 715 αὑτὸν
1207 662 1342 715 Θεοῦ
1390 661 1500 714 τῶν
1532 660 1669 713 ὅλων

148 758 291 823 αὔξειν
311 754 561 825 ὁσημέραι
595 754 695 818 τὰς
728 753 916 825 τιμὰς,
966 757 1059 807 καὶ
1108 756 1188 817 εἰς
1232 755 1413 825 μεῖζον
1450 755 1667 824 ἀρεταῖς

148 849 240 903 καθ’
262 848 371 918 ὅλης
391 847 485 913 τῆς
520 848 940 919 ἀνθρωπότητος
972 847 1295 901 ἐπιδιδόναι·
1331 846 1448 899 δέον
1490 845 1668 915 ἔμπα-

146 942 205 992 λιν
226 942 326 1001 τοὺς
353 940 443 1009 μὲν
470 941 645 1003 θεοὺς,
688 942 736 993 εἰ
764 940 827 1011 δή
862 958 1004 1004 τινες
1041 940 1211 1002 ὅντως
1250 935 1386 1009 ἦσαν
1426 938 1535 991 τῶν
1575 937 1667 988 ἐπὶ

146 1030 223 1101 τῆς
246 1029 531 1099 κηδεμόνες,
578 1029 676 1081 τοῦ
726 1030 825 1100 μὲν
869 1030 1036 1101 ἄρδην
1082 1027 1520 1100 μεταστήσασθαι
1567 1028 1666 1097 τὴν

146 1120 320 1187 πλάνην,
350 1119 392 1169 εἰ
418 1119 520 1188 ἄρα
550 1135 637 1180 τις
658 1114 757 1188 ἦν’
789 1120 986 1182 αὐτοὺς
1014 1118 1071 1171 δὲ
1098 1120 1197 1181 τὰς
1225 1117 1285 1181 ἐξ
1316 1115 1492 1169 αὐτῶν
1512 1116 1668 1186 θερα-

146 1211 261 1273 πείας
288 1224 339 1261 τε
366 1210 452 1261 καὶ
480 1209 750 1277 ὠφελείας
785 1211 1030 1279 ἀφθόνως
1070 1214 1186 1274 τοῖς
1220 1212 1383 1263 πᾶσιν
1422 1208 1665 1280 ἐμπαρέ-

140 1321 237 1373 χειν.
268 1303 388 1355 Νυνὶ
426 1303 482 1355 δὲ
543 1304 720 1367 τοίςδε
788 1305 884 1357 καὶ
924 1304 1069 1357 τοῦτ’
1115 1304 1524 1374 ἐπικεχείρηται
1566 1302 1664 1372 μὲν

140 1394 342 1458 πολλάκις
368 1394 451 1447 διὰ
494 1394 607 1448 τῶν
647 1396 792 1449 κατὰ
833 1397 1056 1468 χρόνους
1096 1397 1391 1468 ἀρχόντων,
1421 1394 1519 1465 τὴν
1567 1394 1662 1446 τοῦ

137 1488 337 1556 Σωτῆρος
358 1488 507 1558 ἡμῶν
539 1490 911 1560 κραταιότατα
954 1490 1376 1561 πολεμησάντων
1412 1486 1664 1540 διδασκα-

137 1577 244 1629 λίαψ
274 1578 535 1649 ἄπρακτον
560 1580 607 1631 δ’
632 1581 784 1650 ὅμως
824 1580 1050 1649 εὕραντο
1081 1581 1180 1649 τῆς
1206 1576 1573 1648 ἐγχειρήσεως
1600 1575 1662 1628 τὸ

136 1669 273 1731 τέλος,
312 1668 683 1741 ὕπερνικὼσης
731 1672 855 1734 τοὺς
899 1673 1105 1735 πάντας
1160 1671 1247 1723 ἀεὶ
1288 1670 1387 1740 τῆς
1421 1668 1515 1723 τοῦ
1545 1670 1659 1720 Σω-

134 1758 256 1830 τῆρος
278 1759 417 1830 ήμῶν
446 1761 635 1815 ἐνθέου
670 1762 972 1834 δυνάμεως,
1009 1765 1100 1816 καὶ
1149 1763 1326 1825 πάσας
1372 1762 1474 1825 τὰς
1519 1760 1661 1814 κατὰ

1776 574 1890 619 tum
1921 570 2023 625 est,
2065 572 2124 616 ut
2153 561 2256 631 ipsi
2291 561 2575 629 garriunt,
2632 558 2799 613 morti
2854 558 3128 614 obnoxius
3158 556 3358 626 (impo-

1776 663 1979 710 storem
2016 652 2154 708 forte
2181 670 2244 709 ac
2273 654 2648 709 circulatorem
2680 652 2842 707 etiam
2890 650 3215 726 addiderint)
3244 691 3261 716 ,
3306 651 3357 702 hi

1775 756 1964 802 contra
1994 755 2300 801 servatores
2331 764 2395 801 ac
2439 747 2536 811 dii,
2559 748 2652 816 qui
2683 747 2797 801 fieri
2829 746 3024 814 potuit,
3056 743 3133 797 uti
3169 742 3354 813 fugam

1776 839 1939 894 simul
1992 854 2183 894 omnes
2216 855 2340 893 cum
2378 838 2699 907 IEsculapio
2736 843 3114 906 capesserent,
3151 842 3349 887 morta.

1772 930 1918 998 lique
1946 930 2176 995 homini,
2200 932 2403 999 quique
2435 931 2636 994 nullus,
2664 938 2717 983 ut
2765 929 3068 992 blaterant,
3123 925 3352 980 omnino

1770 1023 1879 1093 jam
1920 1021 2010 1086 sit,
2045 1038 2151 1075 non
2187 1031 2332 1091 terga
2357 1022 2549 1075 darent
2581 1022 2681 1090 ipsi
2715 1022 2899 1085 modo,
2942 1020 3035 1074 sed
3063 1020 3224 1073 etiam
3252 1019 3354 1073 hu-

1772 1129 1993 1168 manum
2031 1130 2203 1184 genus
2234 1116 2389 1183 quasi
2411 1116 2649 1169 vinctum
2679 1116 2935 1183 deinceps
2964 1113 3353 1168 constrictum-

1771 1223 1877 1277 que
1909 1208 2189 1262 traderent
2216 1207 2572 1261 universum?
2604 1206 2673 1260 At
2692 1222 2820 1260 vero
2839 1204 2997 1260 Jesus
3019 1206 3110 1259 ille
3143 1213 3351 1269 noster,

1770 1300 1873 1355 hoc
1896 1299 2015 1368 ipso
2041 1315 2192 1364 sane,
2230 1300 2374 1369 quod
2406 1300 2570 1354 etiam
2597 1309 2719 1369 post
2744 1299 2951 1353 obitum
2986 1300 3129 1353 inter
3157 1314 3349 1354 omnes

1768 1392 1998 1462 populos
2059 1392 2297 1446 nominis
2349 1391 2434 1446 sui
2484 1392 2689 1446 cultum
2750 1393 2996 1462 quotidie
3047 1406 3349 1463 propagare

1768 1482 1962 1551 pergit,
1994 1480 2358 1536 clarissimum
2395 1497 2631 1553 vereque
2659 1483 2903 1538 divinum
2940 1485 3030 1547 iis,
3067 1485 3160 1554 qui
3186 1485 3349 1538 modo

1769 1572 1964 1626 intueri
2008 1581 2257 1641 possunt,
2284 1573 2407 1627 vitae
2442 1582 2567 1642 post
2601 1587 2829 1629 mortem
2886 1592 2999 1630 sua:
3036 1576 3225 1645 objicit
3255 1590 3345 1628 ar-

1767 1673 2099 1733 gumentum.
2136 1664 2225 1719 Ille
2255 1665 2438 1735 igitur,
2474 1683 2618 1722 unus
2648 1667 2762 1737 ipse
2806 1683 2931 1723 cum
2964 1670 3055 1734 sit,
3090 1678 3253 1738 atque
3286 1678 3346 1722 ut

1766 1758 2033 1826 suspicari
2066 1759 2191 1827 quis
2224 1757 2363 1814 forte
2400 1769 2584 1829 queat,
2621 1760 2777 1829 plane
2808 1761 2980 1824 solus,
3016 1762 3340 1816 immensam

132 1851 205 1919 τῆς
226 1850 538 1915 διδασκαλίας
570 1853 742 1905 αὑτοῦ
788 1853 896 1905 τῶν
934 1853 1184 1924 πονηρῶν
1218 1851 1484 1920 δαιμόνων
1522 1853 1648 1903 ὲπα-

1757 1848 1902 1902 illam
1939 1857 2017 1903 tot
2040 1849 2268 1904 deorum
2317 1859 2432 1905 toto
2461 1852 2737 1921 quondam
2771 1853 2902 1907 orbe
2936 1854 3338 1907 dominantium

132 1942 359 2006 ναστὰτεις
388 1943 783 2016 καθαιρούσης,
809 1944 1003 2007 αὐτούς
1048 1962 1105 1996 τε
1152 1943 1504 2013 ὲλαυνούσης·
1542 1941 1658 1995 δαί-

135 2054 257 2104 μονας
278 2038 363 2107 μὲν
389 2037 613 2109 ἀληθῶς
651 2038 887 2107 φαύλους
912 2038 1090 2103 δντας,
1119 2037 1326 2105 ψευδῶς
1354 2036 1407 2088 δὲ
1444 2052 1655 2105 νενομι-

132 2127 307 2195 σμένους
329 2125 458 2181 εἶναι
488 2129 676 2193 θεοὺς,
701 2130 733 2201 ἢ
769 2132 863 2183 καὶ
893 2129 1130 2198 ἀγαθοὺς
1159 2129 1436 2198 δαίμονας.

1762 1940 2167 1998 multitudinem
2199 1945 2547 2009 exterminat,
2576 1960 2749 2015 eaque
2795 1955 3063 2015 potestate
3094 1946 3336 2016 ipsorum

1762 2034 2024 2089 honorem
2050 2042 2104 2088 et
2128 2033 2333 2090 cultum
2363 2039 2697 2107 contemptui
2731 2038 3073 2107 ludibrioque
3095 2038 3337 2107 subjicif,

1759 2135 1820 2179 ut
1846 2140 1946 2181 nec
1980 2125 2075 2180 ulii
2106 2127 2341 2196 amplius
2368 2127 2440 2181 dii
2472 2128 2611 2189 sint,
2659 2144 2759 2184 nec
2787 2129 2984 2183 virium
3037 2130 3336 2198 quidquam

132 2218 331 2283 habeant,
364 2237 459 2275 nec
504 2222 726 2291 uspiam
770 2220 853 2274 vel
888 2221 1075 2275 leviter
1118 2227 1432 2289 appareant,
1489 2231 1590 2271 nec
1634 2216 1687 2270 in
1729 2216 2009 2270 civitatum
2048 2227 2370 2279 conventus.
2414 2230 2471 2273 ut
2506 2219 2673 2285 olim,
2736 2234 2857 2275 sese
2912 2221 3146 2290 amplius
3195 2220 3332 2274 infe-

128 2322 235 2375 rant,
266 2322 431 2383 utpote
455 2316 551 2385 qui
586 2331 696 2371 non
724 2316 821 2381 dii,
853 2315 946 2370 sed
974 2315 1098 2368 mali
1122 2315 1397 2368 da'mones
1426 2322 1645 2367 essent:
1688 2320 1875 2366 contra
1926 2328 2055 2367 vero
2078 2313 2281 2368 Christi
2314 2317 2474 2371 unius
2501 2315 2785 2377 duntaxat,
2821 2316 3073 2385 ejusque,
3138 2332 3167 2371 a
3224 2332 3336 2385 quo

132 2406 283 2459 missus
330 2416 426 2472 est,
481 2408 581 2462 Dei
639 2422 824 2461 rerum
877 2406 1119 2460 omnium
1161 2404 1507 2474 praepotentis
1533 2403 1812 2458 veneratio
1862 2405 2035 2474 magis
2067 2404 2120 2458 in
2151 2404 2267 2460 dies
2297 2421 2361 2459 ac
2389 2407 2562 2477 magis
2594 2417 2889 2475 augeatur,
2930 2424 3178 2478 novaque
3207 2425 3331 2463 cum

129 2498 374 2553 accessione
398 2501 710 2570 dignitatis,
737 2500 945 2556 radices
972 2501 1026 2554 in
1079 2499 1403 2569 populorum
1460 2498 1705 2551 omnium
1747 2498 2023 2553 mentibus
2053 2509 2178 2570 agat
2203 2500 2448 2556 altiores.
2492 2500 2788 2571 Oportebat
2821 2502 3009 2572 utique
3042 2504 3173 2557 deos
3208 2503 3335 2564 illos

130 2590 284 2656 potius,
335 2591 377 2646 si
436 2592 529 2662 qui
564 2609 749 2648 rerum
796 2595 1155 2647 humanarum
1186 2607 1312 2646 vere
1359 2607 1545 2646 curam
1595 2591 1878 2656 haberent,
1926 2604 2239 2648 nascentem
2294 2593 2438 2650 illius
2484 2610 2755 2661 errorem,
2802 2596 2846 2650 si
2874 2597 2999 2666 quis
3025 2596 3331 2652 existebat.

128 2682 316 2742 funditus
343 2691 667 2759 exstirpare,
699 2692 817 2758 opis
874 2704 1003 2743 vero
1034 2688 1332 2758 auxiliique
1374 2689 1457 2742 sui
1497 2688 1776 2743 liberalem
1820 2703 1884 2742 ac
1924 2689 2191 2758 prolixam
2242 2691 2498 2745 omnibus
2541 2692 2755 2760 copiam
2817 2690 3017 2747 facere.
3054 2691 3219 2761 Atqui
3277 2689 3333 2745 td

126 2784 259 2838 conati
294 2786 495 2854 quidem
538 2788 847 2857 saepissime
890 2787 965 2841 illi
996 2796 1145 2850 sunt,
1184 2802 1309 2841 cum
1334 2786 1515 2840 varios
1541 2786 1710 2840 variis
1748 2786 2089 2854 temporibus
2140 2787 2501 2852 imperatores
2560 2787 2625 2842 ad
2668 2787 2977 2842 Servatoris
3028 2787 3200 2841 nostri
3235 2784 3333 2840 do-

127 2889 306 2934 ctrinam
338 2883 541 2937 viribus
586 2885 843 2939 omnibus
895 2883 1311 2954 oppugnandam
1362 2882 1780 2936 inﬂammarent.
1843 2882 1949 2936 Sed
1994 2882 2141 2936 inani
2189 2883 2349 2953 plane
2390 2884 2654 2952 irritoque
2716 2891 2947 2947 conatu,
2992 2882 3136 2951 quod
3194 2880 3337 2933 divi-

128 2988 221 3025 num
247 2976 358 3030 illud
382 2978 696 3033 Assertoris
738 2979 908 3034 nostri
950 2994 1149 3033 numen
1204 2979 1466 3032 illustrem
1497 2992 1711 3047 semper
1746 2992 1813 3032 ex
1859 2978 2115 3032 omnibus
2145 2978 2428 3033 victoriam
2460 2978 2770 3049 reportarit,
2801 2987 3138 3046 cunctosque
3159 2976 3333 3045 pessi-

126 3083 287 3123 morum
329 3073 635 3129 darmonum
681 3077 943 3131 adversus
983 3077 1286 3130 doctrinam
1328 3090 1483 3130 suam
1531 3076 1765 3144 impetus
1796 3075 2113 3145 dissiparit,
2144 3076 2275 3144 [imo
2318 3075 2594 3132 daemones
2656 3076 2819 3130 etiam
2860 3075 3031 3143 ipsos,
3066 3074 3157 3144 qui
3208 3084 3335 3127 vere

126 3161 302 3229 improbi
322 3164 597 3220 demones
624 3181 750 3219 cum
798 3176 1000 3224 essent.
1034 3166 1174 3219 falso
1205 3175 1383 3219 tamen
1413 3182 1512 3235 pro
1538 3164 1641 3220 diis
1681 3165 1951 3236 bonisque
1973 3166 2312 3221 daemonibus
2341 3166 2699 3228 habebantur,
2725 3165 3008 3235 expulerit.

592 3255 991 3307 ΚΕΦΑΛΑΙΟΝ
1041 3254 1114 3313 B'.

233 3345 311 3409 πς
338 3348 366 3398 ὀ
394 3347 616 3413 τρόπος
652 3345 759 3413 τῆς
794 3345 1145 3416 ὃαιμονικῆς
1170 3347 1491 3417 ἐνεργείας.

174 3432 267 3485 Οἵδε
294 3434 413 3503 γοῦν
448 3436 723 3506 περίγειοί
778 3454 920 3500 τινες
962 3438 1112 3501 ὄντες
1139 3438 1233 3490 καὶ
1279 3437 1642 3508 καταχθόνιοι,

124 3523 189 3576 τόν
209 3542 255 3578 τε
281 3530 361 3583 ἐπὶ
380 3531 479 3600 γῆς
510 3530 687 3602 βαρὺν
729 3530 825 3583 καὶ
872 3528 1101 3603 ζοφερὸν
1129 3529 1268 3603 ἀέρα
1297 3529 1648 3601 περιπολοῦν-

124 3632 205 3679 τεςν
231 3622 307 3672 καὶ
343 3623 398 3675 τὸ
438 3624 680 3686 σκότιον,
738 3623 833 3677 καὶ
878 3623 1082 3691 γεῶδες
1138 3626 1451 3695 οἰκητήριον
1499 3623 1644 3694 ἔχειν

126 3716 540 3786 κατακεκριμένοι,
568 3716 634 3768 δι’
665 3715 730 3778 ἃς
760 3715 987 3787 ὕστερον
1040 3714 1393 3787 ἀποδώσομεν
1441 3716 1639 3779 αἰτίαςο

124 3796 269 3863 τάφοις
293 3804 487 3873 νεκρῶν
548 3806 641 3857 καὶ
678 3804 943 3874 μνήμασι,
1002 3804 1096 3857 καλ¹
1145 3805 1296 3877 πάσῃ
1321 3808 1387 3876 τῇ
1426 3808 1644 3876 μυσαρᾷ

127 3888 466 3964 καὶάκαθὰρτῳ
494 3894 600 3967 ὕλῃ
627 3895 1047 3966 φιλοχωροῦντες
1078 3895 1211 3966 (67),
1236 3896 1429 3967 αἵμασί
1455 3915 1512 3951 τε
1549 3900 1644 3953 καὶ

127 3978 307 4049 λάϐροις.
332 3986 419 4037 καὶ
445 3986 720 4040 παντοίων
748 3986 903 4063 ζώων
938 3986 1174 4058 σώμασι,
1214 3992 1280 4060 τῇ
1310 4006 1370 4058 τε
1422 3991 1487 4042 ἐκ
1533 3990 1641 4044 τῶν

127 4072 549 4148 ἀναθυμιωμέπκυν,
616 4081 710 4133 καὶ
757 4081 865 4133 ἀπὸ
914 4082 1013 4151 τῆς
1054 4082 1159 4151 γῆς
1203 4081 1641 4153 ἐξατμιζομένων

126 4164 315 4221 ἀναδύσει
362 4172 663 4243 χαίροντεςο
719 4173 773 4225 οἵ
823 4189 881 4226 τε
927 4172 1132 4226 τούτων
1178 4174 1436 4244 ἄρχοντες
1467 4173 1657 4246 ιὶεεριοί⁹

128 4272 233 4323 τινες
258 4263 595 4335 ὑπάρχοντες,
634 4266 667 4317 ’Β
709 4265 804 4318 καὶ
842 4264 1185 4335 καταχθόνιοι
1214 4266 1494 4337 δυνάμεις,
1517 4267 1641 4320 ἐπεὶ

127 4353 372 4423 κατέμαθον
403 4360 459 4412 τὸ
486 4357 828 4429 ἀνθρώπινον
855 4358 1012 4427 γένος
1058 4359 1209 4413 κάτω
1253 4376 1357 4411 που
1393 4360 1522 4431 περὶ
1552 4375 1640 4412 νε-

128 4444 235 4512 κρῶν
258 4449 445 4520 ἀνδρῶν
497 4450 770 4504 θεοποιίαν
797 4450 1188 4521 ἰλυσπώμενον,
1220 4451 1429 4513 θυσίαις
1452 4468 1513 4503 τε
1545 4451 1640 4503 καὶ

129 4538 338 4607 κνίσσαις,
362 4548 478 4608 ταῖς
510 4546 572 4617 δὴ
597 4546 831 4612 μάλιστα
877 4546 1060 4609 αὐτοῖς
1100 4545 1521 4616 κεχαρισμέναις
1549 4545 1637 4598 διὰ

1671 3260 1718 3321 (3

2262 3257 2418 3327 131
2464 3256 2693 3310 CAPUT
2734 3256 2796 3311 ιι.

1875 3347 2134 3413 Quianam
2161 3350 2460 3403 dwmonum
2499 3350 2805 3418 imposturre
2841 3352 2980 3403 ratio
3014 3350 3196 3419 fuerit.

1818 3438 2109 3494 Enimvero
2139 3457 2263 3495 cum
2289 3441 2433 3494 circa
2460 3441 2762 3510 graviorem
2795 3439 2961 3506 hunc,
2990 3439 3082 3510 qui
3123 3455 3151 3493 a
3182 3448 3327 3493 terra

1744 3531 1995 3598 proxime
2014 3532 2189 3595 abest,
2216 3541 2270 3585 et
2300 3532 2661 3602 caliginosum
2717 3546 2897 3585 aerem
2927 3571 2943 3596 ,
2979 3540 3166 3601 utpote
3202 3544 3325 3584 om—

1744 3626 1877 3680 nino
1926 3627 2121 3680 terreni
2152 3629 2558 3691 volutarentur,
2609 3636 2773 3696 atque
2806 3627 2871 3681 ad
2921 3626 3325 3681 tenebricosum

1744 3718 1849 3774 hoc
1876 3728 1925 3773 et
1958 3729 2214 3775 terrestre
2236 3720 2597 3784 domicilium,
2629 3721 2700 3774 ob
2724 3736 2839 3787 eas,
2864 3736 2986 3789 quae
3015 3720 3180 3790 paulo
3201 3728 3325 3788 post

1743 3823 1773 3862 a
1806 3810 1967 3864 nobis
1994 3809 2325 3875 afferentur,
2360 3826 2557 3866 causas
2594 3811 2835 3865 damnati
2883 3820 3103 3875 essent;
3158 3810 3324 3864 adco—

1742 3915 1848 3970 que
1876 3900 1940 3955 ad
1970 3900 2233 3965 tumulos,
2261 3901 2444 3965 busta,
2472 3917 2537 3955 ac
2587 3902 2851 3970 reliquam
2906 3900 2959 3954 id
3014 3915 3185 3969 genus
3235 3901 3323 3953 fu-

1743 4000 1951 4044 nestam
2002 3991 2382 4061 impuramque
2413 3992 2696 4045 materiam
2740 3991 3215 4055 adhaerescerent,
3268 4002 3323 4046 et

1741 4082 2006 4151 sanguine
2059 4097 2123 4135 ac
2157 4083 2331 4146 sanie,
2363 4083 2653 4151 omnisque
2698 4081 2913 4151 generis
2959 4081 3319 4135 animantium

1741 4174 2084 4244 corporibus,
2108 4188 2208 4228 nec
2260 4189 2369 4228 non
2416 4189 2599 4227 rerum
2638 4172 2988 4226 odoratarum
3041 4172 3224 4227 sumtu
3257 4189 3323 4228 ac

1740 4282 1940 4336 vapore
1970 4268 2404 4333 delectarentur;
2469 4266 2743 4334 simulque
2784 4280 2973 4319 eorum
3004 4265 3278 4334 principes
3302 4305 3319 4332 ,

1739 4360 1852 4413 sive
1879 4359 2057 4414 aerias
2085 4358 2350 4429 quasdam
2374 4396 2389 4422 ,
2441 4358 2559 4413 sive
2591 4365 2837 4412 terrenas
2890 4364 3186 4426 potestates
3221 4372 3321 4409 vo-

1739 4467 1864 4506 care
1898 4452 2078 4516 malis,
2105 4466 2228 4505 cum
2261 4466 2432 4520 genus
2472 4451 2774 4504 humanum
2816 4449 3194 4519 indignissima
3221 4449 3324 4502 ho-

1740 4548 1948 4602 minum
1985 4556 2328 4601 mortuorum
2376 4544 2794 4599 consecratione
2820 4554 3146 4613 occupatum
3175 4583 3190 4607 ,
3235 4559 3319 4597 sa-

131 4632 263 4705 κάπης
288 4640 506 4709 σπουδῆς
534 4640 950 4709 ἐκπονούμενον,
984 4638 1211 4707 ἐγγύθεν
1248 4638 1484 4709 ἔφεδροι,
1541 4639 1638 4692 καὶ

1753 4639 1962 4695 criticiis
1987 4654 2051 4692 ac
2079 4638 2271 4692 nidore
2298 4637 2567 4699 carnium,
2590 4636 2793 4705 quibus
2826 4634 2915 4689 isti
2945 4634 3110 4690 rebus
3143 4643 3321 4688 tanto-

132 4733 324 4800 συνεργοὶ
349 4733 443 4803 τῆς
495 4734 700 4805 πλάνης
729 4734 1003 4805 παρῆσαν,
1054 4735 1167 4795 τοῖς
1192 4732 1299 4786 τῶν
1339 4730 1641 4804 ἀνθρώπων

129 4825 270 4887 moi;
317 4828 711 4899 ὲπεντρίεοντες
742 4827 877 4897 (68),
930 4827 1023 4880 καὶ
1067 4830 1193 4891 τοὺς
1248 4826 1510 4897 ἠλιθίους,
1545 4827 1640 4882 καὶ

131 4910 198 4973 τὰς
224 4914 375 4985 ψυχὰς
419 4921 661 4990 εὐχερεῖς
713 4919 1029 4984 ἀπατῶντες
1080 4921 1325 4993 κινήσεσί
1374 4938 1484 4972 τισι
1529 4920 1637 4974 τῶν

132 4999 299 5071 ξοάνων,
332 5010 364 5063 ἃ
410 5011 470 5083 δὴ
518 5013 610 5065 ἐπὶ
664 5016 794 5083 τιμῇ
840 5012 947 5065 τῶν
999 5013 1399 5083 κατοιχομένων
1426 5012 1636 5084 ἀνδρῶν

132 5098 230 5164 πὼς
252 5102 342 5155 τῶν
360 5106 598 5159 παλαιῶν
626 5105 946 5176 ἀφιέρωται,
975 5105 1069 5157 καὶ
1112 5108 1233 5167 ταῖς
1262 5104 1349 5157 διὰ
1367 5104 1633 5177 χρησμῶν

136 5196 405 5261 φαντασίαις,
440 5197 756 5271 θεραπείαις
793 5214 853 5253 τε
904 5198 1193 5267 σωμάτων,
1224 5197 1261 5251 ἃ
1314 5197 1399 5250 διὰ
1431 5198 1530 5268 τῆς
1558 5200 1634 5251 οξ-

137 5280 244 5347 κείις
282 5288 441 5341 αὐτῶν
497 5289 813 5359 δαιμονικῖκ
877 5290 1155 5359 ἐνεργείας
1212 5289 1431 5357 ἀφανῶς
1478 5290 1632 5343 αὐτοὶ

140 5368 459 5448 λῡμαινόμενοι,
490 5382 650 5435 πάλιν
688 5384 733 5434 οἱ
763 5382 915 5435 αὐτοὶ
963 5382 1049 5435 διὰ
1081 5383 1178 5453 τῆς
1212 5382 1270 5446 ἐξ
1303 5382 1480 5435 αὐτῶν
1506 5382 1629 5436 ἀνέ-

144 5476 235 5527 σεως
276 5469 559 5545 ἐλευθέρους
606 5473 715 5525 τῶν
758 5472 945 5525 παθῶν
998 5472 1243 5537 ἠφίεσαν.
1308 5474 1385 5524 Δι’
1431 5467 1507 5526 ὧν
1550 5473 1630 5525 ἔτι

148 5553 283 5617 μᾶλλον
310 5565 431 5616 κατὰ
460 5565 723 5636 κρημνῶν
747 5563 939 5634 ἔφερον
972 5566 1098 5626 τοὺς
1125 5564 1628 5633 δεισιδαίμονας’ὼς

148 5645 281 5714 αὐτοὺς
307 5651 426 5709 εἶναι
448 5658 685 5729 νομίζειν
716 5658 846 5710 ποτὲ
879 5658 975 5728 μὲν
1033 5657 1313 5729 οὐρανίους
1337 5658 1623 5728 δυνάμεις⁹

297 5772 769 5855 φμοχῳρῇντες.
801 5771 996 5855 gout”
1021 5772 1544 5855 ‘étttptloxmfoﬁv18Q

1735 4748 1863 4801 pere
1891 4732 2249 4797 delectantur,
2297 4730 2445 4785 omni
2478 4730 2660 4785 studio
2691 4744 2888 4783 vacare
2917 4728 3318 4782 animadverte-

1734 4832 1892 4878 rent:
1929 4823 2073 4877 illico
2106 4832 2304 4892 przesto
2335 4822 2558 4885 adesse,
2619 4819 2852 4874 fovendo
2883 4819 3055 4873 errori
3094 4833 3317 4888 operam

1735 4932 1936 4969 navare
1971 4932 2151 4978 suam,
2184 4915 2468 4970 hominum
2501 4914 2657 4969 malis
2684 4912 3070 4975 incumbendo,
3104 4927 3169 4966 ac
3202 4919 3317 4966 sto-

1734 5008 1874 5064 lidos
1905 5009 2199 5078 facilesque
2252 5009 2466 5063 animos
2520 5006 2707 5061 nescio
2751 5006 2950 5076 quibus
2992 5003 3318 5058 simulacro-

1736 5116 1882 5165 rum,
1919 5117 2040 5170 qua:
2068 5111 2279 5156 veteres
2310 5103 2364 5155 in
2395 5100 2778 5155 defunctorum
2826 5098 3089 5151 honorem
3120 5110 3317 5149 conse-

1736 5203 1976 5259 crarant,
2001 5194 2241 5248 motibus
2278 5195 2331 5247 in
2366 5192 2613 5247 fraudem
2646 5189 2973 5245 inducendo.
3006 5187 3219 5254 Quibus
3262 5194 3318 5241 et

1734 5287 2081 5343 oraculorum
2111 5288 2366 5357 speciem,
2398 5296 2451 5340 et
2482 5286 2828 5340 curationum
2857 5281 3072 5335 inanem
3124 5276 3309 5334 fucum

1735 5381 2029 5443 addebant,
2060 5396 2182 5434 eum
2235 5379 2326 5431 illa
2372 5378 2488 5447 ipsa
2540 5391 2793 5445 corpora,
2825 5388 2946 5444 qua:
2995 5371 3207 5429 occulta
3259 5371 3311 5424 vi

1737 5474 1877 5527 male
1924 5473 2281 5542 torquebant,
2334 5472 2492 5525 iidem
2550 5468 2777 5523 remotis
2828 5465 3111 5521 maleficiis
3162 5462 3313 5517 omni

1734 5566 2081 5635 postmodum
2118 5566 2402 5620 vexatione
2430 5563 2744 5617 liberarent.
2774 5561 2951 5630 Atque
2984 5560 3099 5614 haec
3146 5564 3308 5619 sunt,

1731 5650 1933 5730 quibus
1968 5660 2218 5717 homines
2257 5659 2393 5715 adeo
2447 5654 2756 5727 praecipites
2788 5652 3055 5724 agebant,
3118 5656 3178 5704 ut
3212 5662 3310 5704 eo:

200 5832 275 5899 ‘53)
312 5832 773 5912 Ἐπεῧτρἱὸοντες.
800 5832 991 5910 Mont.,
1018 5832 1455 5915 ἐπεντρυζνῶντες
1476 5885 1489 5908 ,
1508 5832 1869 5899 insultantes.
