3890 6384
577 331 687 388 εέὃ

1224 333 1496 392 EUSEBII
1529 333 2009 390 CAESARIENSIS
2041 335 2190 392 OPP.
2229 334 2414 392 PARS
2446 336 2511 392 ll.
2552 365 2626 380 -—
2651 333 3156 395 APOLOGETICA.
3719 337 3807 391 3l6

566 452 730 507 modo
759 451 1010 509 cmlestes
1047 454 1312 523 quasdam
1357 469 1478 510 esse
1510 455 1741 510 virtutes
1768 495 1783 519 ,
1829 455 1993 510 modo
2024 471 2144 509 vera

2256 455 2348 510 καί
2373 474 2524 520 τινας
2549 455 2764 527 ἀληθῶς
2789 455 2965 518 θεοὺς.
2995 455 3125 509 ποτὲ
3153 453 3210 507 δὲ
3236 453 3336 518 τὰς
3379 452 3489 506 τῶν
3539 453 3805 530 τεθεοποιηο

566 545 814 610 numina,
861 545 1132 600 interdum
1179 545 1342 599 etiam
1393 547 1618 601 heroum
1671 547 1891 601 illorum
1936 547 2153 602 animos

564 644 838 704 putarent,
873 651 1012 704 quos
1044 636 1276 691 deorum
1329 637 1383 690 in
1420 638 1542 692 loco
1569 654 1910 708 numeroque
1940 640 2158 707 posuis-

565 736 706 780 scut.
740 725 874 780 Nam
927 727 999 781 ita
1031 728 1251 783 demum
1305 729 1582 800 plerisque
1611 745 1742 786 sane
1792 733 1954 801 paulo
1987 733 2156 790 hone-

565 819 704 874 stior
737 829 790 874 et
823 819 1089 874 illustrior
1140 822 1347 878 erroris
1384 822 1548 892 hujus
1576 864 1590 890 ,
1645 824 1874 878 deorum
1915 825 2158 880 multitu-

563 911 744 966 dinem
778 912 1103 979 invchcntis,
1137 914 1347 983 species
1374 915 1489 969 fore
1519 916 1824 982 videbatur,
1851 932 1975 971 cum
2011 931 2042 971 a
2068 933 2157 972 re—

561 1004 665 1060 bus
695 1005 834 1069 istis,
865 1021 987 1075 qute
1017 1005 1120 1060 sub
1142 1014 1424 1075 aspectum
1460 1007 1683 1072 cadunt,
1719 1007 1786 1061 ad
1818 1007 2062 1075 ignotam
2101 1016 2155 1063 et

562 1097 856 1152 obscuram
879 1113 1069 1152 eorum
1093 1098 1185 1167 qui
1212 1097 1266 1152 in
1292 1097 1603 1154 simulacris
1629 1098 2036 1163 delitescebant,
2058 1115 2156 1154 ua-

564 1197 744 1243 turam
781 1189 1038 1260 cogitatio
1084 1191 1480 1257 traduceretur,
1511 1190 1701 1261 sicque
1724 1207 1925 1245 novum
1962 1207 2156 1261 super-

563 1281 771 1336 stitioni
799 1283 966 1336 robur
990 1282 1330 1354 adiungeret.
1365 1282 1478 1340 Hac
1506 1285 1591 1338 via
1624 1285 1824 1341 terreni
1854 1290 2153 1353 daemones,

559 1375 767 1446 quique
807 1376 953 1430 hunc
978 1391 1158 1432 aerem
1182 1377 1494 1433 insidebant
1529 1379 1719 1434 mundi
1756 1379 2053 1449 principes,
2088 1396 2153 1436 ac

558 1469 826 1539 spiritalia
856 1470 1130 1539 nequitia,
1157 1472 1362 1542 quique
1395 1472 1609 1529 caeteris
1643 1473 1711 1527 ad
1747 1473 2150 1543 improbitatem

559 1576 624 1616 ac
646 1562 911 1616 malitiam
940 1579 1158 1619 omnem
1194 1565 1480 1636 praaihant,
1525 1581 1872 1622 summorum
1914 1567 2017 1622 sibi
2046 1583 2151 1620 nu-

560 1654 768 1708 minum
816 1657 1130 1727 opinionem
1163 1659 1306 1727 apud
1352 1675 1543 1715 omnes
1577 1668 1988 1730 compararunt.
2031 1659 2151 1725 Quo

558 1747 764 1802 factum
793 1787 807 1812 ,
858 1756 918 1802 ut
949 1749 1236 1804 hominum
1273 1767 1436 1807 sensu
1467 1752 1674 1822 pridem
1713 1753 1933 1822 vitaque
1963 1768 2151 1807 caren-

2261 547 2437 618 μένων
2464 547 2659 620 ἡρώων
2691 547 2887 620 ψυχάς.
2905 546 3186 604 Ἐντεῦθεν
3209 545 3337 615 γοῦν
3375 545 3474 617 ἤδη
3530 546 3713 617 μείζων
3739 567 3806 615 τις

2256 639 2353 693 καὶ
2382 640 2682 712 σεμνοτέρα
2710 643 2820 702 τοῖς
2846 639 3059 704 πολλοῖς
3089 633 3228 692 εἶναι
3255 637 3534 708 ἐνομίζετο
3561 640 3593 709 ἠ
3621 638 3708 710 τῆς
3729 657 3808 694 πο-

2256 730 2447 784 λυθέου
2481 731 2688 802 πλάνης
2715 731 3009 802 ὑπόληψις,
3034 729 3464 802 μεταϐαινούσης
3487 729 3584 799 τῆς
3605 730 3808 796 διανοίας

2255 824 2363 877 ἀπὸ
2385 825 2494 878 τῶν
2517 825 2808 896 ὁρωμένων
2843 825 2935 878 ἐπὶ
2957 825 3018 878 τὸ
3051 825 3254 891 ἀφανὲς
3302 823 3414 876 τῶν
3465 825 3804 895 ἐγκρυπτομέ-

2255 933 2361 968 νων
2386 918 2499 980 τοῖς
2534 913 2765 980 ξοάνοις,
2802 916 2894 968 καὶ
2918 916 3019 985 τὴν
3069 913 3278 985 πλάνην
3310 913 3686 987 κραταιότερον
3707 917 3805 968 ἐπι-

2255 1008 2552 1082 κυρούσης.
2585 1008 2742 1062 Οὕτω
2775 1010 2912 1081 δῆτα
2942 1009 3129 1064 λοιπὸν
3179 1009 3227 1061 οἰ
3255 1007 3526 1079 περίγειοι
3551 1005 3805 1076 δαίμονες,

2255 1102 2310 1155 οἵ
2333 1119 2392 1154 τε
2423 1102 2566 1172 ἀμφὶ
2592 1101 2684 1154 τὸν
2707 1101 2846 1173 ἀέρα
2887 1099 3356 1171 κοσμοκράτορες,
3385 1097 3480 1150 ml.
3505 1097 3571 1150 τὰ
3598 1115 3805 1168 πνευμα-

2254 1191 2380 1245 τικὰ
2401 1193 2500 1262 τῆς
2531 1191 2818 1263 πονηρίας,
2849 1193 2904 1244 οἵ
2932 1210 2993 1244 τε
3025 1192 3117 1244 ἐπὶ
3177 1192 3342 1244 πᾶσιν
3391 1190 3572 1252 αὐτοῖς
3600 1191 3687 1261 τῆς
3723 1207 3805 1244 κα-

2255 1282 2377 1345 κίας
2413 1281 2660 1354 ἐξάρχων
2696 1282 2832 1358 θεῶν
2875 1281 2986 1354 (69)
3011 1284 3058 1335 οἱ
3098 1282 3342 1352 μέγιστοι
3379 1281 3529 1351 παρὰ
3546 1283 3650 1344 τοῖς
3672 1283 3805 1335 πᾶσιν

2253 1373 2585 1444 ἐνομίζοντο·
2684 1393 2745 1427 τε
2773 1375 2882 1429 τῶν
2914 1375 3081 1429 πάλαι
3115 1373 3326 1446 νεκρῶν
3358 1373 3546 1444 μνήμη
3577 1372 3666 1442 τῆς
3711 1373 3807 1443 μεί-

2255 1464 2406 1530 ζονος
2453 1464 2670 1536 ἠξιοῦτο
2707 1466 3028 1538 θεραπείας·
3059 1459 3133 1520 ὧν
3162 1465 3260 1530 τὰς
3294 1465 3395 1535 μὲν
3428 1463 3534 1517 τῶν
3579 1464 3805 1534 σωμάτων

2257 1558 2397 1622 ἰδέας
2425 1562 2473 1612 οἰ
2505 1558 2614 1613 τῶν
2649 1559 2790 1613 κατὰ
2845 1561 3031 1625 πόλεις
3073 1558 3469 1632 ἀφιερωμένων
3516 1557 3717 1610 εἰκόνων
3739 1560 3806 1626 φέ-

2255 1671 2368 1726 ρειν
2399 1653 2617 1708 ἐδόκουν
2641 1653 2820 1707 τύποι·
2849 1654 2948 1718 τὰς
2979 1653 3036 1707 δέ
3061 1652 3236 1724 ψυχὰς
3267 1653 3365 1706 καὶ
3392 1652 3490 1716 τὰς
3517 1651 3713 1714 ἐνθέους
3730 1652 3803 1705 καὶ

2252 1745 2578 1815 ἀσωμάτους
2609 1745 2868 1816 δυνάμεις
2892 1747 2940 1798 οἰ
2974 1745 3167 1814 φαῦλοι
3217 1745 3474 1816 δαίμονες
3514 1743 3803 1816 καθυπεκρί-

557 1839 695 1893 tium
727 1842 991 1895 memoria
1037 1842 1430 1912 prolixioribus
1477 1843 1669 1899 ciliciis
1699 1845 1993 1907 coleretur,
2022 1861 2144 1900 cum

2250 1849 2400 1885 νοντο
2425 1833 2512 1886 διὰ
2540 1833 2739 1904 πολλῆς
2790 1835 2890 1906 τῆς
2941 1837 3347 1907 τερατοποιίας·
3392 1834 3485 1888 καὶ
3541 1834 3700 1888 αὐτῶν
3722 1835 3801 1906 ἤδη

557 1947 749 1985 eorum
777 1940 827 1986 et
855 1935 1101 2002 corporis
1137 1935 1294 2004 182
1327 1936 1562 2005 speciem
1598 1935 1897 2005 imaginum
1924 1952 2020 2005 per
2044 1953 2142 1990 ur—

561 2022 657 2077 bes
691 2035 1136 2080 consecratarum
1166 2026 1353 2096 ﬁgura:
1395 2041 1790 2098 repraesentare
1815 2028 2147 2094 viderentur,

559 2126 610 2171 et
642 2119 856 2174 animos
886 2136 950 2176 ac
985 2121 1197 2177 divinas
1225 2125 1689 2193 incorporeasque
1717 2124 1950 2179 virtutes
1979 2124 2146 2178 multa

559 2212 958 2282 praestigiarum
1019 2214 1072 2268 vi
1126 2217 1349 2285 pessimi
1423 2217 1700 2272 daemones
1759 2217 2144 2272 mentirentur.

555 2299 711 2355 Adde
744 2315 931 2370 porro,
965 2304 1059 2372 qui
1099 2319 1292 2359 eorum
1333 2320 1455 2361 sese
1482 2305 1839 2376 religionibus
1864 2306 2148 2375 sacrisque

556 2387 910 2456 devoverant,
944 2409 1139 2448 novam
1173 2395 1226 2448 in
1258 2395 1375 2450 dies
1417 2404 1581 2465 atque
1623 2396 1944 2464 ampliorem
1995 2411 2147 2451 vanae

558 2484 965 2551 superstitionis
989 2502 1200 2557 pompae
1229 2489 1466 2557 speciem
1517 2488 1815 2554 addidisse,
1846 2504 1910 2543 ac
1932 2498 2145 2543 vetera-

555 2570 712 2626 toriis
739 2573 1113 2646 maleﬁcisque
1137 2578 1348 2633 artibus
1379 2577 1565 2634 fucum
1591 2580 1798 2648 passim
1828 2579 2144 2635 hominibus

2254 1924 2362 1978 τῶν
2389 1925 2800 1998 θεραπευόντων
2859 1928 2954 1981 καὶ
3017 1929 3338 2000 ἱερωμένων
3383 1930 3586 1992 αὐτοῖς,
3637 1929 3718 1982 ἐπὶ
3755 1928 3801 1982 τὺ

2257 2018 2442 2090 μεῖζον
2468 2021 2555 2073 ἀεὶ
2586 2020 2676 2074 τὸν
2712 2022 2776 2074 ἐκ
2805 2021 2904 2091 τῆς
2951 2022 3252 2091 φαντασίας
3284 2021 3460 2090 τῦφον
3502 2021 3797 2090 ἀπαγόντων,

2256 2111 2349 2164 καὶ
2375 2111 2439 2183 δὴ
2469 2112 2562 2166 καὶ
2591 2115 2876 2185 γοητικαίς
2905 2114 3281 2184 κακοτεχνὶαις
3307 2113 3378 2167 τὰ
3401 2112 3564 2166 πολλὰ
3586 2128 3800 2165 συσκευα-

2256 2203 2518 2274 ζομένων,
2553 2206 2652 2276 τῆς
2692 2206 3015 2262 καὶτούτων
3043 2206 3397 2270 διδασκαλίας
3441 2205 3614 2259 αὐτῶν
3668 2204 3798 2259 πάλιν

2255 2299 2361 2352 τῶν
2385 2300 2600 2367 φαύλων
2625 2299 2894 2371 δαιμόνων
2953 2303 3067 2366 τοῖς
3113 2300 3482 2372 θεραπεύουσι
3534 2315 3796 2371 προκαταρ-

2255 2389 2480 2457 ξάντωνο
2507 2393 2559 2445 οἵ
2582 2411 2646 2461 γε
2671 2407 2697 2434 ιι
2734 2393 2864 2462 γοῦν
2919 2394 3015 2448 καὶ
3077 2395 3177 2466 τῆς
3229 2395 3540 2467 ἀρχεκάκου
3585 2392 3796 2465 γοητείας

2253 2485 2418 2537 παντὶ
2437 2486 2515 2556 τῷ
2540 2486 2648 2539 τῶν
2671 2486 2976 2559 ἀνθρώπων
3010 2487 3108 2558 βίῳ
3137 2489 3487 2560 κατέστησαν
3518 2486 3683 2550 αἴτιοι,
3710 2485 3794 2537 ὠσ-

2252 2577 2454 2651 περοῦν
2478 2582 2506 2633 ὁ
2540 2580 2648 2652 πρὸ
2671 2581 2860 2634 τούτου
2890 2581 3135 2652 διήλεγξε
3169 2581 3347 2650 λόγος.

555 2657 916 2736 fraudemque
982 2666 1200 2724 fecisse.
1249 2669 1397 2737 Quas
1424 2674 1586 2728 etiam
1643 2674 1710 2728 ad
1764 2688 1853 2729 res
1915 2672 2220 2729 cultoribus
2258 2674 2657 2745 clientibusque
2692 2676 2807 2731 suis
2847 2675 3020 2730 facem
3075 2675 3310 2746 improbi
3344 2675 3616 2730 dmmones
3638 2670 3796 2744 prude-

554 2759 774 2826 rehaut,
809 2777 950 2833 quos
1015 2766 1206 2837 utique
1250 2769 1635 2827 fascinationis
1691 2770 1878 2839 illius,
1927 2786 2051 2841 quae
2081 2771 2350 2826 malorum
2391 2773 2638 2828 omnium
2670 2784 2833 2844 caput
2876 2773 2998 2840 fuit,
3055 2789 3286 2846 quaeque
3321 2774 3614 2830 humanum
3657 2785 3790 2845 genu;

555 2853 799 2921 pervasit
843 2856 1158 2914 universum
1186 2901 1202 2926 ,
1259 2862 1500 2917 artifices
1553 2863 1830 2919 exstitisse
1881 2862 2154 2933 superiori
2192 2862 2565 2934 disputatione
2598 2865 2959 2920 ostendimus.

1161 2953 1389 3009 CAPUT
1443 2955 1535 3012 lll.

2785 2960 3186 3014 ΚΕΦΑΛΑΙΟΝ
3227 2961 3303 3016 Γ¹.

566 3054 755 3112 Varias
786 3077 849 3114 ac
889 3061 1211 3144 multiplices
1237 3064 1836 3144 Qrwcorumpdversus
1885 3071 2009 3126 deos
2057 3089 2144 3128 su-

2251 3072 2381 3126 ’οτι
2410 3073 2792 3142 πολυσχιδὴς
2835 3075 2932 3129 καὶ
2993 3071 3407 3144 πολυγνώμων
3451 3075 3490 3141 ἡ
3530 3067 3791 3140 περίθεῶν

963 3136 1290 3201 perstitionis
1322 3148 1491 3192 sectas
1541 3140 1727 3208 fuisse.

623 3215 765 3292 Ergo
799 3233 911 3277 tam
944 3225 1194 3280 scelerati
1239 3228 1326 3283 isti
1371 3245 1437 3284 ac
1485 3240 1750 3288 terrarum
1805 3237 2004 3293 accolae
2037 3238 2148 3294 dte-

553 3327 768 3380 mones,
802 3331 967 3386 quam
1001 3319 1084 3372 vel
1133 3320 1268 3374 aerii
1307 3323 1389 3375 vel
1432 3326 1635 3379 terreni
1691 3329 1952 3398 spiritus,
2006 3347 2147 3402 quos

553 3406 741 3460 mundi
775 3417 1013 3464 rectores
1035 3449 1049 3473 ,
1087 3426 1154 3465 ac
1181 3413 1453 3482 Spiritales
1492 3419 1750 3488 nequitia:
1801 3424 2145 3495 principatus

554 3503 719 3565 atque
764 3508 1062 3567 potestates
1106 3503 1303 3559 divinre
1361 3507 1556 3563 litterae
1610 3524 1964 3584 nuncupant,
2019 3533 2142 3573 cum

554 3587 718 3641 modo
755 3589 1023 3645 bonorum
1053 3595 1338 3661 geniorum
1373 3613 1663 3667 personam
1715 3604 2041 3676 vultumque
2067 3609 2144 3664 si-

555 3681 842 3747 mularent,
875 3686 1038 3739 modo
1071 3688 1376 3744 caelestium
1433 3694 1596 3747 etiam
1641 3695 1895 3766 deorum,
1919 3710 2015 3756 aut
2045 3706 2144 3759 he-

555 3788 712 3827 roum
754 3778 990 3845 speciem
1027 3795 1091 3835 ac
1121 3780 1350 3837 formam
1388 3786 1716 3856 induerent,
1768 3799 2014 3864 adeoque
2054 3813 2144 3852 re-

553 3865 658 3921 bus
685 3867 816 3937 ipsis
845 3871 1103 3939 nequitiae
1145 3891 1258 3929 suae
1291 3878 1568 3946 specimen
1604 3883 1782 3951 palam
1841 3885 1945 3954 ipsi
1999 3904 2141 3942 non-

553 3973 834 4026 nunquam
869 3971 1032 4030 atque
1060 3975 1246 4032 aperte
1295 3971 1646 4026 ostenderent
1675 3993 1686 4028 :
1718 3976 1852 4030 nihil
1895 3979 2142 4046 profecto

554 4048 778 4114 mirum,
800 4052 844 4106 si
881 4053 1160 4124 multiplex
1192 4059 1477 4114 hominum
1511 4079 1632 4119 sese
1671 4067 1870 4123 animis
1897 4070 2061 4126 altius
2087 4073 2140 4126 in

551 4140 668 4196 dies
703 4160 858 4198 error
901 4145 1161 4205 insereret
1188 4169 1202 4205 :
1237 4167 1362 4207 cum
1390 4169 1486 4210 eos
1513 4157 1606 4211 alii
1631 4159 1784 4224 deos,
1817 4161 2014 4217 heroas
2044 4179 2144 4218 seu

551 4233 832 4292 daemonas
874 4239 990 4303 alii,
1022 4242 1154 4298 deos
1200 4259 1332 4299 vero
1359 4262 1708 4320 nequaquam
1749 4267 1871 4309 esse
1901 4253 2140 4311 fateren-

553 4335 663 4392 tur,
697 4343 760 4383 ac
812 4331 1119 4389 daemonum
1171 4336 1412 4407 ipsorum
1465 4342 1603 4397 alios
1657 4345 1830 4402 bonos
1890 4350 2140 4418 specioso

2427 3148 2552 3212 τοῖς
2595 3147 2857 3213 ’Ἕλλησι
2894 3145 3164 3212 συνέστη
3200 3144 3645 3215 δεισιδαιμονία.

2321 3257 2538 3313 Τούτων
2587 3257 2878 3330 τοιγαροῦν
2933 3260 3042 3314 τῶν
3093 3259 3386 3332 μοχθηρῶν
3427 3260 3518 3313 καί
3546 3256 3787 3328 περιγείων

2246 3350 2538 3422 δαιμόνων,
2570 3351 2680 3404 τῶν
2733 3369 2790 3405 τε
2829 3351 3029 3423 ἀερίων
3058 3353 3154 3405 καὶ
3188 3351 3558 3423 καταχθονίων
3586 3348 3787 3419 πνευμά-

2246 3457 2374 3503 των,
2402 3440 2494 3505 οὒς
2519 3441 2990 3513 κοσμοκράτορας,
3024 3443 3117 3497 καὶ
3153 3442 3531 3513 πνευματικὰς
3563 3439 3782 3510 πονηρίας

2247 3535 2418 3607 ἀρχάς
2445 3551 2503 3586 τε
2535 3533 2626 3587 καὶ
2657 3534 2906 3599 ἐξουσίας
2934 3536 2983 3587 οἱ
3013 3535 3147 3588 θεῖοι
3174 3535 3322 3602 λόγοι
3347 3531 3783 3609 προσαγορεύουσι,

2245 3626 2365 3678 τοτέ
2403 3625 2501 3695 μὲν
2532 3627 2611 3689 εἰς
2646 3625 2888 3694 ἀγαθοὺς
2910 3626 3169 3698 δαίμονας
3196 3627 3652 3698 ὑποκρινομένων,
3694 3621 3784 3673 τοτὲ

2245 3717 2302 3771 δὲ
2332 3719 2412 3780 εἰς
2456 3715 2740 3787 οὐρανίους
2773 3717 2929 3779 θεοὺς
2984 3716 3498 3788 σχηματιζομένων,
3548 3707 3634 3769 καὶ
3661 3710 3784 3766 πάλιν

2246 3808 2431 3862 ἄλλοτε
2465 3810 2544 3870 εἰς
2571 3808 2757 3879 ἥρωας
2786 3806 3346 3878 μεταμορφουμένων,
3384 3806 3498 3858 ἔστι
3534 3804 3576 3857 δ’
3601 3805 3690 3871 ὅπη
3715 3802 3784 3854 ἄν·

2244 3917 2437 3971 τικρυς
2475 3899 2562 3952 διὰ
2587 3897 2694 3951 τῶν
2722 3898 3015 3969 δρωμένων
3042 3897 3140 3968 τῆς
3179 3897 3483 3969 μοχθηρίας
3529 3895 3585 3947 τὸ
3623 3893 3782 3960 δεῖγμα

2246 3989 2716 4062 παραφαινόντωνο
2752 3988 2978 4051 εἰκότως
3025 3988 3194 4051 πολὺς
3230 3989 3258 4039 ὁ
3302 3987 3504 4050 πλάνος
3524 3982 3780 4054 ἀνθρώποις

2245 4081 2324 4135 ἔτι
2353 4081 2550 4152 μᾶλλον
2578 4080 2734 4152 ἐπῄει
2762 4079 2868 4132 τῶν
2898 4079 2996 4150 μὲν
3031 4078 3187 4142 θεοὺς
3211 4074 3375 4143 εἶναι,
3431 4077 3536 4130 τῶν
3560 4076 3610 4128 δέ
3632 4074 3781 4143 ἥρωας

2245 4178 2339 4230 καὶ
2368 4176 2652 4247 δαίμονας,
2677 4173 2792 4227 ἀλλ’
2822 4173 2882 4226 οὑ
2914 4171 3071 4236 θεοὺς
3094 4172 3362 4243 ὑπάρχειν
3392 4169 3777 4244 ὁμολογούντων

2245 4268 2339 4323 καὶ
2364 4267 2473 4320 τῶν
2493 4267 2762 4336 δαιμόνων
2786 4265 2912 4328 τοὺς
2949 4263 3060 4334 μέν-
3088 4262 3329 4331 ἀγαθοὺς
3367 4259 3778 4333 ἐπιφημιζόντωνν

2243 4357 2349 4410 τῶν
2377 4357 2405 4396 ι)
2436 4356 2494 4409 δὲ
2534 4355 2843 4425 φαυλότατα
2885 4352 2998 4425 (7U)
3055 4353 3478 4417 ἐπικαλούντων,
3521 4351 3646 4422 πλὴν
3674 4345 3778 4401 ἀλλὰ

550 4420 792 4484 nomine,
821 4423 956 4477 alios
982 4436 1171 4481 contra
1195 4429 1431 4497 pessime
1453 4435 1807 4505 appellarent,
1837 4439 1917 4494 sic
1947 4451 2129 4496 tamen

2250 4450 2344 4502 iaiv
2368 4448 2685 4518 φασκόντων
2720 4448 2813 4500 καὶ
2855 4447 2982 4510 τοὺς
3041 4445 3281 4515 φαύλους
3325 4443 3664 4509 ἐξιλεοῦσθαι,
3710 4438 3778 4490 διὰ

550 4523 612 4568 ιιι
643 4515 882 4574 nefarios
914 4519 1075 4576 etiam
1108 4523 1264 4592 illos,
1315 4529 1382 4583 ad
1429 4532 1795 4604 amoliendam
1831 4552 2019 4593 eorum
2046 4557 2140 4596 ve-

548 4609 846 4676 xationem,
880 4613 1161 4670 conciliari
1213 4619 1531 4692 placarique
1581 4626 1796 4684 vellent.
1838 4629 2024 4701 Itaque
2067 4633 2136 4688 ti-

547 4706 691 4754 ctam
727 4700 876 4757 illam
908 4706 1196 4762 numinum
1227 4712 1565 4769 molitionem
1610 4717 1795 4787 plures
1832 4721 1886 4776 in
1929 4700 2136 4781 classes

548 4793 779 4848 divisam
810 4810 874 4851 ac
905 4807 1109 4853 sectam
1163 4800 1422 4860 habuere.
1474 4805 1657 4864 Prima
1709 4813 1951 4869 siderum
2015 4817 2162 4872 illo-'

547 4901 668 4939 rum
696 4895 799 4950 est.
831 4904 952 4958 quae
982 4903 1284 4950 cernuntur
1311 4897 1364 4951 in
1392 4900 1552 4966 coelo,
1574 4919 1714 4971 quos
1739 4907 1904 4961 etiam
1930 4909 2135 4978 princi-

547 4991 642 5046 pes
671 4981 915 5034 omnium
951 4980 1125 5048 θεούς,
1153 4987 1306 5050 deos,
1338 4991 1536 5058 partim
1567 5009 1595 5046 a
1643 4996 1808 5051 verbo
1833 4996 1998 5066 θέειν,
2028 5002 2133 5058 hoc

547 5078 632 5122 est
659 5087 902 5140 currere,
934 5079 1130 5146 partim
1172 5079 1241 5134 ab
1269 5081 1440 5138 altero
1481 5084 1730 5158 θεωρεῖν,
1758 5093 1902 5161 quod
1935 5103 2126 5162 estea,

548 5177 669 5231 quae
697 5166 800 5221 sub
833 5178 1112 5239 aspectum
1141 5172 1365 5242 cadunt,
1394 5181 1773 5252 contemplari,
1807 5185 1968 5257 cujus
1995 5203 2130 5244 cons

623 5313 648 5340 ιι
688 5300 795 5357 del.
834 5301 920 5373 γέ.
995 5304 1027 5347 ι)
1067 5305 1153 5360 τσ.
1195 5306 1343 5372 τούς.

613 5437 732 5522 ⁴ςϐθ)
769 5439 1071 5522 Ἐξάρχωτ
1114 5445 1286 5502 θεῶν.
1343 5447 1580 5522 Omnino
1632 5450 1848 5520 legend.
1892 5453 2129 5519 videtur,

551 5508 810 5593 ἐξῆρχον..
832 5508 981 5581 quod
1009 5516 1148 5570 idem
1175 5528 1442 5593 est_atque
1468 5508 1732 5593 ὑπῆρχον,
1754 5524 1990 5593 itemque
2018 5508 2132 5581 dis:

553 5582 909 5654 tinguendum
960 5597 1082 5654 post
1119 5582 1369 5644 eamdem
1420 5582 1831 5650 vocei'uI‘Porro
1881 5582 2134 5650 Theodo-

553 5661 702 5737 ενι-δίης
747 5652 837 5734 lib.
868 5652 1036 5737 ADe
1073 5655 1307 5737 Qrwcor.
1353 5661 1743 5730 a/fectionibus,
1788 5667 1909 5737 ipso
1945 5669 2130 5723 statim

554 5722 731 5798 initio,
759 5723 1035 5798 simillima
1067 5728 1325 5798 disputat.

625 5791 738 5863 170)
781 5793 905 5850 Τῶν
935 5795 1004 5850 δὲ
1030 5791 1396 5867 φαυξίότατα.
1429 5803 1661 5864 Montac.
1687 5849 1700 5876 ,
1734 5810 1858 5872 τοὺς
1907 5809 1961 5864 δέ
1996 5827 2132 5880 φαυ-

2242 4543 2345 4606 τὰς
2377 4541 2436 4606 ἐξ
2463 4540 2641 4594 αὐτῶν
2663 4539 2894 4612 βλάϐαςε
2945 4537 3091 4592 ὥστε·
3127 4539 3224 4609 τὴν
3269 4539 3450 4592 πᾶσαν
3483 4537 3652 4598 αὐτοῖς
3694 4530 3778 4584 θεο-

2243 4635 2426 4689 ποιίαν
2455 4637 2535 4697 εἰς
2562 4633 2676 4705 εἴδη
2725 4631 2947 4686 πλείονα
2979 4631 3363 4687 καταπίπτειν⁸
3393 4630 3598 4704 πρῶτον
3627 4626 3709 4698 μὲν
3729 4621 3778 4674 τὸ

2241 4728 2306 4782 ἐκ
2333 4727 2442 4781 τῶν
2482 4726 2823 4797 φαινομένων
2851 4723 2971 4779 κατ’
2997 4724 3223 4796 οὐρανὸν
3251 4725 3570 4796 φωστήρων,
3595 4718 3676 4782 οὓς
3702 4713 3775 4770 καί

2241 4839 2373 4892 φασι
2393 4821 2483 4875 διὰ
2505 4820 2564 4873 τὸ
2593 4820 2755 4884 θέειν,
2781 4820 2926 4891 ὅπερ.
2947 4818 3065 4871 ἐστὶ
3089 4817 3321 4889 τρέχειν,
3345 4818 3434 4872 διά
3449 4835 3504 4870 τε
3525 4815 3585 4869 τὸ
3610 4809 3774 4870 αἰτίους

2243 4909 2496 4966 εἶναιτοῦ
2523 4911 2749 4980 θεωρεῖν
2791 4908 2859 4962 τὰ
2901 4907 3175 4980 ὁρώμενα,
3234 4907 3481 4981 πρώτους
3509 4902 3774 4966 θεοὺςηάνη·

2239 5001 2551 5075 γορεῦσθαι·
2581 5001 2832 5073 δεύτερον
2860 4999 2918 5053 τὸ
2959 4997 3048 5052 διὰ
3105 4999 3214 5070 (71)
3250 4997 3347 5063 τὰς
3392 5000 3472 5062 εἰς
3516 4997 3599 5049 τὸν
3630 4987 3772 5044 κοινὸν

2239 5095 2373 5166 βίον,
2399 5095 2474 5159 ὥς
2503 5112 2684 5166 φασιν,
2709 5092 3030 5165 εὐεργεσίας
3054 5088 3628 5163 ἐκτετιμημένων,ὃδὴ
3644 5082 3772 5148 ἐξάν-

2236 5187 2470 5262 θρώπων
2485 5187 2840 5260 γεγεννῆσθαι
2858 5185 2951 5240 καὶ
2966 5186 3120 5240 αὐτοί
3135 5183 3476 5257 ὁμολογοῦσι,
3492 5183 3608 5244 τοὺς
3621 5175 3772 5232 ualon-

2236 5457 2511 5524 λοτάτους.

2309 5529 2420 5608 (7_l)
2454 5531 2524 5587 Τὸ
2553 5531 2948 5608 6td._Legend.
2981 5537 3150 5593 credo
3174 5538 3258 5592 vel
3289 5537 3348 5592 τὸ
3379 5537 3442 5591 ἐκ
3461 5533 3563 5589 τῶν
3588 5525 3691 5608 διᾴ,
3713 5531 3765 5608 ξίί

2237 5599 2557 5678 pa‘ulomnte
2591 5599 2814 5678 πρῶτον
2833 5609 2930 5678 μὲν
2963 5609 3025 5661 τὸ
3056 5611 3120 5662 ἐκ
3149 5609 3278 5675 τῶν,
3308 5609 3390 5662 vel
3412 5608 3590 5678 saltem
3614 5599 3665 5652 τὸ
3681 5599 3764 5650 τῶν

2237 5671 2342 5724 διά.
2377 5673 2549 5748 Quod
2577 5671 2715 5748 si'ne
2743 5671 2850 5731 τῶν
2880 5680 3100 5748 quidem
3131 5671 3330 5735 addere
3360 5675 3625 5746 placuerit,
3651 5683 3760 5748 τετι-

2240 5744 2500 5825 μημένων
2529 5746 2674 5817 quod
2699 5740 2966 5820 sequitur,
3021 5751 3075 5806 in
3104 5740 3458 5823 τετιμημένον
3488 5740 3756 5802 mutandum

2236 5826 2361 5870 ιιι-ιι.
