2012 3204
108 178 154 205 517
694 174 857 202 ΡΒᾸΕΡΑΒ.
877 173 902 201 Ε

943 174 1005 202 NG.
1025 175 1088 202 LIB.
1106 174 1139 201 ν.
1685 176 1737 205 518

107 237 194 273 μένους
207 236 304 272 ἥρωας
321 236 531 273 παραφέροντες,
547 234 684 271 Ἠρακλέα
700 235 747 261 καὶ
761 233 888 260 Διοσκού-

945 234 1126 268 templationis
1146 238 1273 261 auctores
1289 233 1308 261 ii
1328 233 1394 267 sint,
1406 234 1565 262 nominatos
1580 242 1641 263 esse
1659 235 1739 264 dicti-

106 291 169 319 ρους,
176 283 303 310 Διόνυσόν
311 291 339 309 τε
347 283 463 314 καὶτοὺς
471 282 545 317 παρὰ
552 283 607 313 τοῖς
614 280 761 317 βαρϐάροις
767 280 888 315 ὁμοίους·

943 284 1010 307 tant.
1026 280 1067 307 Ad
1085 280 1233 307 secundam
1244 281 1390 315 pertinent,
1409 281 1455 315 qui
1472 281 1530 308 suis
1543 301 1551 313 ,
1576 285 1606 308 ut
1626 282 1736 316 quidem

105 327 130 361 ἐξ
143 324 176 354 ὧν
191 328 376 364 ἀφορίσαντες
393 328 439 355 καὶ
455 327 670 362 διαστειλάμενοι
692 326 726 353 τὰ
750 326 815 361 περὶ
834 324 890 352 τῶν

943 326 1028 359 aiunt,
1046 325 1074 353 in
1090 326 1242 353 humanum
1255 334 1341 362 genus
1364 327 1470 354 meritis
1496 327 1521 354 id
1542 332 1606 355 sunt
1623 327 1737 355 honoris

104 374 183 401 αὐτῶν
198 374 367 409 αἰσχρότερα
386 373 620 410 μνημονευόμενα,
639 372 729 409 τρίτον
744 369 814 403 εἶδος
831 370 890 398 θεο-

944 372 1105 405 consecuti,
1130 380 1200 407 quos
1225 372 1345 400 humano
1371 373 1504 408 sanguine
1524 379 1598 401 satos
1615 373 1735 401 fatentur

104 419 182 451 τοιίας
197 420 343 451 ὑπέθεντο,
363 420 474 456 μυθικὸν
493 419 559 446 αὐτὸ
580 418 793 449 ἐπικαλέσαντες
805 425 812 432 ο
828 417 843 443 ὃ
858 417 889 452 δὴ

941 416 992 451 ipsi
1012 425 1142 452 quoque,
1160 418 1225 444 dum
1253 425 1319 445 suos
1341 417 1403 445 illos
1425 419 1534 449 heroas,
1552 419 1592 446 uti
1615 424 1714 446 vocant
1728 440 1735 450 .

103 465 334 499 ὲπαισχυνθέντες,
370 466 471 501 καίπερ
503 464 602 500 ἀληθὲς
636 465 684 490 καὶ
710 462 889 490 παλαιότατον

942 463 1104 496 Herculem,
1120 463 1308 499 Tyndaridas,
1330 463 1484 497 Bacchum,
1511 469 1538 492 et
1565 466 1685 501 reliquos
1710 466 1736 494 id

103 510 233 546 τυγχάνον,
253 511 305 537 ἐπὶ
319 511 348 537 τὺ
365 511 561 546 φυσικώτερον,
575 510 613 542 ὥς
626 518 703 544 φασι,
719 508 889 545 μεταϐεϐλή-

942 518 1027 546 genus
1043 510 1210 545 producunt,
1227 511 1407 538 barbarorum
1435 519 1482 539 ore
1507 512 1638 547 cultuque
1664 513 1736 541 cele-

102 567 155 585 κατι
168 557 393 593 τροπικωτέραις
414 557 601 593 ἀλληγορίαις,
624 556 740 592 θεωρίας
758 556 789 592 δή
811 564 889 587 τινας

942 556 1044 584 bratos.
1064 555 1143 590 183
1158 555 1280 588 Quorum
1293 564 1325 583 ex
1342 564 1423 592 grege
1438 557 1565 592 sepositis
1577 565 1609 585 ac
1621 558 1736 586 seclusis

101 603 364 639 εὖρεσιλογήσαντες.
384 603 455 630 Ἀλλ’
464 603 519 631 οὐδ’
532 604 573 635 είς
587 602 666 629 τοῦτο
683 602 787 637 πλάνης
797 602 889 633 αὐτοῖς

941 603 984 635 iis,
1002 611 1063 638 quae
1090 603 1195 637 majore
1224 604 1257 630 de
1282 603 1336 632 illis
1355 611 1416 631 cum
1447 603 1560 631 infamia
1579 604 1735 639 probroque

101 651 211 685 άπήρκει
231 650 369 685 μετιέναι.
387 650 455 685 Ἤδη
479 648 507 676 δὲ
530 650 577 675 καὶ
599 648 679 685 μέχρι
701 648 756 674 τῶν
779 647 888 674 οἰκείων

940 648 1116 682 ferebantur,
1147 648 1258 676 tertium
1279 649 1360 677 nobis
1382 650 1533 678 divinitatis
1553 658 1640 684 genus
1658 651 1734 678 inve-

100 695 183 722 παθῶν
209 696 241 721 τὸ
275 696 426 730 σεῦάσμιον
448 695 496 721 καὶ
521 694 709 729 προσκυνητὸν
733 693 819 728 ὄνομα
840 692 887 718 τοῦ

942 703 1014 729 rere,
1027 695 1098 730 quod
1125 695 1279 723 fabulosum
1301 695 1352 730 ipsi
1375 701 1578 731 nuncuparunt.
1606 696 1678 724 ldem
1695 701 1736 724 ta-

101 741 160 768 Θεοῦ
173 740 388 772 καταϐαλόντες,
405 740 534 776 τέταρτον
553 740 690 771 θεοποιίας
703 739 888 775 προσεπενόη-

939 749 1012 774 men,
1028 742 1101 776 quod
1118 742 1234 769 nimium
1256 742 1308 769 sibi
1324 742 1436 776 pudoris
1458 742 1577 774 aberret,
1590 751 1685 770 verum
1700 743 1733 771 li-

101 796 141 814 uv
155 787 274 822 τρόπον,
292 787 348 814 οὐδ’
367 788 554 823 ἀντιρρήσεως
570 786 655 820 ἄξιον,
678 786 716 822 τῷ
736 786 784 812 καὶ
806 785 887 812 αὑτὸν

941 792 981 816 cet
993 795 1026 815 ac
1040 788 1271 820 vetustissimum,
1290 788 1324 815 ad
1343 796 1436 816 rerum
1459 789 1626 816 naturalium
1650 790 1735 816 ratio-

101 834 224 870 προφανὲς
248 834 404 868 ἐπάγεσθαι
425 834 454 860 τὸ
470 832 582 869 αἶσχος·
601 834 625 859 el
644 833 676 868 δή
693 841 755 859 τινα
778 833 888 868 Ἔρωτα

940 841 998 867 nes,
1014 837 1045 861 ut
1059 834 1220 869 loquuntur,
1235 834 1372 869 allegoriis
1391 841 1499 860 morum
1516 833 1648 861 doctrinae
1665 842 1734 861 con-

98 880 137 906 καὶ
162 879 328 915 Ἀφροδίτην
349 879 396 906 κα)⁸
420 878 517 911 Πόθον,
544 879 594 910 τὰς
616 878 732 913 αἰσχρὰς
751 878 798 904 καὶ
823 878 888 903 ἀκο-

940 879 1131 914 junctioribus,
1147 884 1174 907 et
1185 879 1289 907 artibus
1303 879 1512 914 philosophandi
1536 880 1614 907 novis
1639 880 1734 908 tradu-

98 924 201 956 λάε-τους
223 924 319 950 αὐτῶν
333 923 480 959 ἐπιθυμίας
495 922 574 955 θεοὺς
590 923 762 954 ἀνειπόντες·
779 922 827 949 καὶ
841 921 887 948 τὸν

940 933 1000 953 cere
1016 930 1081 953 sunt
1097 933 1128 952 ac
1147 925 1311 960 detorquere
1326 925 1427 953 conati.
1446 924 1605 961 Quanquam
1631 933 1665 952 ne
1680 925 1734 952 hoc

100 970 141 1005 μὲν
154 970 230 1003 λόγον
251 969 370 1005 Ἑρμῆν,
390 969 436 995 τὸν
457 968 486 995 δὲ
503 969 632 1005 λογισμὸν
656 968 772 1004 Ἀθηνᾶν
789 969 884 994 ἐπονο-

938 972 1045 1006 quidem
1060 971 1163 999 erroris
1174 971 1200 998 in
1209 971 1293 1006 gradu
1307 970 1404 998 sistere
1417 975 1575 1005 potuerunt.
1586 971 1646 998 Jam
1660 971 1732 998 enim

100 1016 240 1050 μάσαντες·
261 1015 312 1041 καὶ
331 1014 418 1042 ταῦτα
434 1016 467 1051 τῇ
490 1014 579 1050 οἰκείᾳ
594 1014 780 1050 παρειλήφασι
797 1013 886 1041 θεολο-

938 1018 971 1045 ad
997 1017 1122 1052 proprias
1144 1017 1226 1044 etiam
1253 1017 1417 1052 cupiditates
1442 1018 1628 1045 venerandum
1666 1017 1732 1044 illud

97 1062 146 1096 τία,
164 1060 200 1092 ὡς
216 1061 266 1088 καὶ
284 1061 316 1087 τὸ
337 1061 462 1097 πέμπτον
477 1062 508 1087 ὲκ
522 1061 576 1087 τῶν
590 1060 619 1088 ὲν
638 1060 793 1096 ἀνθρώποις
809 1068 885 1093 γινο-

937 1063 1068 1097 omnique
1093 1063 1205 1097 dignum
1230 1063 1333 1090 honore
1353 1063 1401 1090 Dei
1425 1071 1525 1090 nomen
1551 1063 1731 1098 abjecerunt:

99 1108 174 1146 μενων
187 1108 364 1143 πραγμάτων
375 1108 607 1143 ἀναπλασάμενοι.
619 1107 675 1139 Τὰς
681 1107 736 1142 γὰρ
744 1106 886 1142 ἐνεργείας

939 1113 1034 1145 quarta
1051 1109 1163 1144 insuper
1180 1109 1330 1137 divinitatis
1346 1109 1462 1137 conﬁcta
1479 1110 1580 1144 specie,
1593 1117 1676 1145 quam
1698 1117 1733 1136 ne

97 1155 138 1186 τᾶς
151 1162 178 1180 τε
200 1153 368 1189 πολεμικὰς,
392 1154 440 1181 καλ⁸
462 1154 512 1186 τὰς
527 1153 654 1189 τεχνικὰς
678 1153 886 1189 ἀνειδωλοποιή-

936 1156 1123 1184 confutalione
1138 1156 1247 1191 quidem
1269 1156 1378 1191 dignam
1395 1156 1534 1189 existimo,
1551 1156 1624 1192 quod
1646 1164 1725 1185 suam

98 1208 192 1231 σαντες,
208 1199 285 1232 θεοῖς
305 1200 472 1236 ἀπένειμαν*
488 1201 567 1235 Ἀρει
584 1199 632 1235 μὲν
647 1199 694 1225 καὶ
715 1198 815 1234 Ἀθηνᾷ
836 1198 885 1231 τὰς

936 1203 1052 1238 ipsemet
1066 1202 1261 1237 turpitudinem
1283 1210 1338 1237 pra:
1351 1210 1380 1230 se
1397 1202 1484 1236 ferre,
1508 1207 1590 1238 atque
1607 1203 1730 1230 omnium

99 1245 245 1280 πολεμικὰς,
265 1246 409 1281 Ἡφαίστῳ
422 1246 451 1272 δὲ
465 1246 510 1272 καί
528 1253 599 1272 τισιν
616 1245 719 1281 ἑτέροις
733 1244 782 1277 τὰς
796 1253 885 1280 τεχνι-

936 1251 963 1278 in
980 1250 1068 1278 oculis
1083 1249 1201 1283 deligere
1216 1249 1351 1276 videatur.
1381 1248 1487 1284 Quippe
1501 1269 1508 1281 ,
1531 1248 1676 1284 ﬂagitiosis
1692 1248 1729 1276 illi

97 1292 148 1322 κάς.
172 1292 233 1318 Ἐπὶ
254 1292 325 1318 πᾶσι
341 1291 447 1323 τούτοις
460 1291 539 1318 ἕκτον
553 1292 600 1318 καὶ
623 1291 737 1327 ἓὸδομον
750 1289 820 1323 εἶδος
836 1292 885 1318 αὐ-

936 1296 994 1324 suis
1017 1294 1225 1330 profligatisque
1239 1293 1416 1326 libidinibus,
1432 1294 1543 1320 Amoris
1561 1293 1654 1321 nescio
1682 1301 1730 1322 cu-

98 1339 145 1369 τοίς
157 1338 187 1364 τὸ
204 1337 364 1372 δαιμονικὸν
387 1338 570 1374 παρεισήχθη,
590 1337 758 1373 πολύτροπον
773 1337 881 1373 ἀληθῶς

937 1342 989 1377 ius,
1005 1340 1129 1372 Veneris,
1153 1344 1180 1367 et
1191 1338 1335 1374 Cupidinis
1360 1339 1438 1374 quasi
1463 1339 1577 1366 deorum
1595 1347 1731 1374 quorum-

98 1384 218 1418 τυγχάνον
238 1384 292 1410 καὶ
309 1384 497 1420 πολύμορφον,
517 1384 577 1411 τοτὲ
599 1384 647 1419 μὲν
670 1383 748 1416 θεοὺς
770 1384 884 1418 ὑποκρι-

934 1389 996 1416 dam
1014 1394 1113 1414 nomen
1128 1385 1259 1413 indidere.
1283 1385 1322 1413 Ac
1337 1385 1391 1412 vim
1404 1385 1511 1413 dicendi
1523 1385 1644 1420 quidem.
1655 1385 1726 1412 Mer-

99 1432 207 1466 νὸμενον,
224 1432 292 1458 τοτὲ
313 1431 341 1458 δὲ
357 1431 446 1466 ψυχὰς
458 1430 639 1467 τεθνηκότων,
656 1430 703 1457 καὶ
727 1430 809 1466 μηδὲν
835 1430 884 1465 μὲν

935 1432 1053 1464 curium,
1067 1430 1220 1458 disserendi
1247 1437 1331 1463 vero,
1358 1429 1507 1457 Minervam
1536 1430 1728 1465 appellarunt,

99 1478 131 1508 εἰς
142 1477 239 1512 ἀρετὴν
253 1477 346 1512 ψυχῆς
361 1468 591 1513 συμϐαλλόμενον,
609 1475 777 1508 ὲπιτωθάξον
788 1475 816 1501 δὲ
828 1476 883 1508 ἀεὶ,

935 1477 1071 1511 simulque
1088 1483 1167 1504 suam
1191 1475 1327 1510 ejusmodi
1350 1483 1461 1510 quoque
1486 1476 1570 1503 rebus
1587 1476 1729 1511 theologia:

98 1525 137 1551 καὶ
154 1523 223 1550 κατὰ
239 1523 376 1559 κρημνῶν
392 1522 474 1558 φέρον
488 1522 532 1549 διὰ
554 1522 605 1557 τῆς
620 1521 762 1557 ἀπατηλοῦ
778 1520 884 1556 πλάνης

936 1522 1068 1550 rationem
1084 1521 1256 1555 assignantes
1270 1539 1277 1552 ,
1301 1520 1426 1555 quintum
1452 1528 1485 1547 ex
1501 1520 1545 1554 iis,
1563 1528 1624 1555 qua:
1639 1520 1730 1547 homi-

97 1569 174 1596 πάντα
185 1570 230 1596 τὸν
250 1569 455 1605 δεισιδαίμονα*
471 1569 496 1602 ὃ,
516 1568 564 1595 καὶ
585 1568 651 1595 αὐτὸ
675 1568 763 1595 διόλου
782 1568 883 1602 φαῦλον

935 1575 1001 1596 num
1015 1566 1044 1594 in
1057 1566 1140 1594 vitam
1156 1566 1297 1593 incurrere
1311 1565 1411 1598 solent,
1427 1573 1513 1600 genus
1528 1565 1727 1593 conﬂaverunt.

97 1615 131 1647 ἰν,
147 1616 182 1648 εἰς
196 1615 244 1642 δύο
261 1615 403 1649 διελόντες,
419 1614 460 1646 εῐς
471 1623 501 1641 τε
515 1614 545 1640 τὸ
561 1613 717 1649 βλαπτικὸν,
733 1614 782 1640 καὶ
795 1613 835 1644 εἰς
850 1614 881 1640 τὸ

934 1615 989 1643 lies
1002 1614 1073 1641 enim
1088 1620 1141 1640 non
1152 1612 1234 1639 modo
1249 1611 1370 1645 bellicas,
1380 1611 1426 1640 sed
1440 1612 1521 1639 etiam
1537 1611 1726 1639 communium

98 1660 216 1696 ὠφελοῦν,
231 1661 347 1696 ἀγαθῶν
361 1662 408 1688 καὶ
421 1660 530 1695 φαύλων
544 1661 636 1692 αὐτοῖς
649 1659 787 1687 τεθείκασι
801 1668 881 1695 προσ-

934 1670 966 1690 ae
982 1660 1134 1696 vulgarium
1150 1659 1249 1686 artium
1263 1659 1389 1694 proprias
1402 1658 1454 1686 diis
1469 1659 1631 1693 quibusdam
1650 1660 1728 1687 attri-

97 1706 208 1741 ηγορίας.
225 1703 280 1733 Ὧν
296 1706 381 1737 οὕτως
393 1705 519 1740 ἐχόντων,
533 1706 682 1738 ἀναγκαῖον
695 1702 765 1731 εἶναί
780 1712 823 1739 μοι
838 1704 881 1730 δο-

933 1708 1037 1739 buunt,
1058 1705 1137 1733 Marti
1157 1704 1266 1740 quidem
1294 1704 1354 1731 illas
1381 1712 1414 1731 ac
1430 1704 1556 1732 Minervae
1569 1725 1576 1736 ,
1605 1704 1727 1733 Vulcano

98 1753 142 1784 κεί,
161 1752 193 1778 τὰ
209 1752 275 1787 μηδ’
300 1752 487 1787 ἀντιρρήσεως
508 1751 624 1786 δεόμενα
648 1750 879 1786 παρεκθεμένους,

929 1759 1020 1781 autem
1036 1757 1118 1786 atque
1131 1750 1193 1778 aliis
1206 1750 1370 1785 quibusdam
1391 1755 1514 1778 czeteras.
1535 1750 1641 1784 Quibus
1663 1759 1723 1779 om-

98 1797 136 1822 τὴν
151 1797 211 1832 περὶ
232 1797 285 1832 τῆς
302 1796 462 1832 δαιμονικῆς
478 1795 619 1831 ἐνεργείας
640 1794 784 1821 ἀκόλουθον
805 1803 880 1821 συνι-

929 1799 1010 1827 nibus
1025 1801 1132 1826 sextum
1154 1797 1194 1824 illi
1216 1796 1418 1831 septimumque
1431 1804 1517 1831 genus
1538 1797 1723 1832 addiderunt,

98 1843 144 1869 δεῖν
156 1843 231 1877 λόγον
241 1852 248 1858 ·
267 1843 299 1870 ὃν
314 1844 346 1869 ὲκ
361 1842 459 1878 μέρους
470 1841 714 1877 προθεωρήσαντες
726 1841 755 1867 ἐν
773 1841 812 1877 τῷ
828 1842 881 1878 πρὸ

931 1844 1000 1880 quod
1028 1847 1114 1870 totum
1143 1842 1298 1869 daemonum
1326 1847 1385 1875 est,
1415 1843 1521 1870 varium
1544 1842 1666 1878 profecto
1694 1852 1725 1872 ac

97 1890 179 1916 sai-.01)
196 1889 407 1925 συγγράμματι,
421 1888 455 1914 τὸ.
467 1888 597 1914 λείποντα
610 1886 658 1914 νῦν
677 1886 879 1923 ἀποπληρώσα-

930 1889 1079 1924 multiplex,
1093 1891 1175 1922 atque
1187 1886 1322 1921 ejusmodi
1333 1907 1340 1920 ,
1365 1887 1439 1922 quod
1455 1895 1517 1914 cum
1535 1888 1616 1915 modo
1633 1889 1724 1915 numi-

99 1941 150 1967 μεν.
163 1932 222 1968 Φέρ⁹
236 1930 296 1963 οὖν,
310 1932 359 1968 ἤδη
379 1931 472 1959 λοιπὸν
485 1932 529 1957 ἐπ’
542 1931 627 1963 αὐτὰς
647 1932 816 1967 χωρήσωμεν
830 1932 878 1964 τὰς

930 1944 1006 1967 num,
1019 1934 1101 1962 modo
1126 1934 1248 1960 manium
1265 1933 1381 1968 speciem
1400 1933 1506 1964 induat,
1525 1939 1582 1961 tum
1598 1942 1662 1962 vero
1680 1935 1724 1962 ηἰ-

98 1979 244 2012 ἁπτιδείξεις.
261 1979 343 2014 Θήσω
356 1979 384 2005 δὲ
402 1978 513 2014 πρώτας
532 1978 582 2010 τὰς
597 1979 651 2005 ἀπὸ
672 1979 722 2014 τῆς
740 1979 878 2016 Πλουτάρ-

927 1982 965 2009 hil
982 1981 1015 2009 ad
1034 1981 1162 2007 virtutem
1180 1979 1263 2006 animi
1281 1978 1414 2012 conferat,
1427 1979 1474 2007 sed
1494 1979 1586 2014 potius
1614 1980 1720 2008 homini

99 2033 138 2060 χον
153 2026 272 2061 γραφῆς,
292 2025 326 2060 ἢν
348 2024 495 2060 πεποίηται
519 2024 583 2059 περὶ
605 2023 659 2050 τῶν
682 2024 878 2052 ἐκλελοιπότων

926 2026 1119 2063 superstitione
1138 2025 1222 2053 semel
1236 2024 1356 2060 obligato
1373 2032 1511 2059 nunquam
1535 2033 1590 2052 non
1613 2025 1720 2059 illudat,

98 2072 274 2107 χρηστηρίων
289 2071 354 2098 ἔνθα
367 2071 432 2106 περὶ
450 2070 497 2097 τοῦ
511 2070 639 2106 πονηρῶν
659 2070 795 2106 δαιμόνων
808 2069 877 2099 εἶναι

927 2078 952 2101 et
981 2072 1121 2111 continuis
1137 2078 1199 2098 eum
1223 2070 1293 2097 dolis
1322 2077 1354 2097 ac
1381 2069 1522 2098 fraudibus
1547 2071 1575 2098 in
1601 2079 1721 2107 praeceps

98 2116 126 2143 τὰ
136 2118 204 2154 παρὰ
216 2119 275 2149 τοῖς
288 2117 377 2144 ἔθνεσι
395 2116 509 2152 μαντεῖα
521 2124 551 2142 τε
565 2116 612 2143 καὶ
623 2117 789 2153 χρηστήρια,
800 2117 876 2144 τόνδε

929 2124 1001 2154 agat.
1017 2118 1089 2145 idem
1108 2124 1200 2152 porro,
1216 2116 1279 2144 licet
1302 2116 1378 2143 omni
1396 2124 1428 2143 ex
1452 2121 1529 2150 parte
1545 2117 1720 2151 sceleratum,

97 2163 183 2197 γράφει
193 2164 239 2191 τὸν
253 2164 363 2200 τρόπον.

929 2163 998 2190 duas
1018 2162 1047 2189 in
1064 2161 1187 2197 species,
1215 2160 1432 2196 perniciosorum
1451 2161 1564 2188 alteram
1578 2182 1584 2194 ,
1606 2162 1719 2189 alteram

98 2209 273 2246 benigniorum
287 2211 420 2244 divisere;
438 2217 471 2238 ac
494 2210 632 2246 prioribus
663 2210 811 2243 malorum,
832 2211 966 2238 bonorum
992 2218 1057 2238 vero
1089 2210 1286 2245 posterioribus
1304 2216 1403 2236 nomen
1428 2209 1560 2238 indidere.
1575 2209 1641 2243 Quae
1658 2218 1721 2238 cum

97 2259 214 2291 ejusmodi
232 2260 306 2292 sint,
328 2259 355 2286 id
372 2258 440 2286 mihi
466 2266 540 2286 nunc
556 2258 691 2294 agendum
717 2258 816 2293 video,
842 2264 872 2287 ut
891 2258 1080 2294 praetermissis
1099 2258 1145 2291 iis,
1168 2265 1229 2292 quae
1245 2265 1295 2284 sua
1318 2262 1414 2292 sponte
1431 2258 1590 2291 concidunt,
1611 2258 1721 2285 institu-

97 2309 142 2341 tam
161 2306 192 2333 de
209 2306 239 2333 vi
259 2306 417 2341 artibusque
432 2305 589 2333 daemonum
613 2304 826 2339 disputationem
850 2312 999 2340 persequar
1011 2324 1020 2337 .
1048 2311 1186 2339 quamque
1203 2303 1274 2331 libro
1301 2303 1444 2338 superiore
1471 2303 1527 2337 jam
1555 2303 1651 2336 all‘eci,
1667 2304 1720 2332 hoc

97 2353 198 2389 denique
226 2359 377 2390 pertexam.
404 2353 462 2389 Age
494 2352 586 2388 itaque
610 2356 692 2387 atque
721 2352 755 2380 ad
781 2357 870 2381 certas
889 2351 972 2388 (quod
999 2359 1083 2379 unum
1108 2351 1244 2387 superest)
1269 2351 1400 2379 vanitatis
1432 2350 1515 2386 hujus
1541 2352 1719 2387 coarguenda:

99 2401 200 2430 rationes
215 2402 369 2430 veniamus.
387 2401 453 2428 Mihi
467 2408 549 2432 vero.
579 2399 719 2428 Plutarchi
740 2404 804 2428 ante
820 2405 934 2428 ceteros
954 2399 1145 2427 auctoritatem
1174 2405 1272 2434 urgere
1284 2397 1374 2425 visum
1391 2401 1444 2430 est,
1464 2406 1496 2425 ex
1512 2405 1555 2430 eo,
1573 2406 1654 2433 quem
1683 2398 1718 2425 de

97 2446 211 2475 exhausta
235 2446 407 2475 oraculorum
421 2446 447 2473 vi
468 2444 587 2480 scripsit,
608 2444 699 2472 libello
720 2446 874 2480 repetitam.
896 2444 947 2472 Ubi
975 2444 1107 2479 quidquid
1125 2451 1242 2479 usquam
1257 2443 1453 2470 vaticiniorum
1478 2444 1550 2478 apud
1565 2449 1659 2479 gentes
1675 2448 1718 2472 at-

99 2500 141 2526 que
150 2494 318 2522 oraculorum
328 2493 388 2526 fuit,
403 2493 535 2528 improbis
550 2493 720 2522 daemonibus
732 2494 864 2529 aSsignat,
884 2494 912 2521 in
929 2501 1003 2527 eum,
1021 2493 1067 2529 qui
1089 2493 1224 2529 sequitur,
1237 2492 1359 2520 modum.

342 2550 542 2578 ΚΕΦΑΛΑΙΟΝ
567 2551 605 2578 Δ’.
887 2543 909 2570 D

887 2543 909 2570 D
1181 2550 1262 2586 134
1278 2549 1395 2577 CAPUT
1416 2549 1459 2577 IV.

100 2596 155 2631 Περι
166 2597 225 2632 τοῦ
240 2596 381 2631 πονηρῶν
399 2596 553 2633 δαιμόνων-ν
564 2595 641 2624 εἶναι
654 2597 689 2624 τὰ
712 2597 792 2632 παρὰ
808 2597 870 2631 τοῖς

925 2598 1060 2633 Quidquid
1084 2598 1270 2626 uaticiniorum
1283 2602 1361 2633 atque
1376 2597 1546 2623 oraculorum
1563 2597 1635 2630 apud
1650 2606 1708 2632 gen-

191 2632 294 2660 Eorwt
310 2632 435 2668 μαντεῖά
454 2641 486 2659 τε
507 2632 557 2659 καὶ
571 2632 751 2667 χρηστήρια.
976 2639 985 2660 ι

976 2632 1013 2661 (es
1029 2633 1092 2668 fuit,
1108 2633 1287 2668 improborum
1303 2632 1453 2659 daemonum
1471 2640 1535 2667 opus
1552 2632 1644 2667 fuisse.

136 2684 180 2715 Ἐὖ
194 2689 241 2723 μὲν
254 2685 302 2715 οὖν
312 2687 378 2722 (71⁸)
386 2686 494 2722 λέγουσι
502 2687 549 2713 καὶ
558 2687 581 2713 οξ
591 2686 724 2722 λέγοντες,
739 2689 781 2715 ὅτι
796 2687 868 2715 Πλάν-

959 2700 968 2716 1
986 2689 1116 2725 Equidem
1137 2697 1231 2717 eorum
1254 2696 1365 2724 quoque
1384 2688 1552 2724 probandam
1566 2709 1575 2722 ,
1599 2689 1710 2724 inquit.

99 2736 150 2763 ων,
174 2732 203 2759 τδ
222 2734 282 2764 ταῖς
310 2726 494 2767 γεννωμέναις
518 2731 657 2768 ποιότησιν
686 2732 867 2768 ὑποκείμενον

921 2735 1072 2763 orationem
1085 2735 1222 2767 existimo.
1234 2734 1280 2769 qui
1302 2734 1528 2769 philosophorum
1543 2734 1709 2763 nationem’a

101 2779 208 2812 ποιχεῖον
232 2778 361 2814 ἐξευρὼν,
386 2777 420 2813 ἣν
443 2777 509 2813 ὓλην
532 2777 588 2813 (72)
614 2778 736 2811 καλοῦσι,
759 2778 866 2805 πολλῶν

920 2781 1042 2814 Platone.
1057 2781 1129 2817 quod
1151 2782 1315 2809 elementum
1339 2780 1426 2813 illud,
1456 2788 1538 2815 quam
1568 2781 1708 2809 materiam

100 2822 215 2859 ἀπήλλαξε
238 2825 285 2852 καὶ
310 2824 433 2860 μεγάλων
461 2825 583 2861 ἀποριῶν
602 2826 664 2857 τοὺς
688 2824 863 2861 φιλοσόφους·

919 2828 971 2863 ipsi
988 2832 1095 2862 vocant,
1114 2827 1276 2863 qualitatum
1301 2834 1407 2860 earum,
1423 2835 1483 2862 quae
1500 2826 1616 2854 subinde
1630 2835 1709 2862 gene-

127 2880 182 2917 I7l‘)
198 2883 240 2910 Εὖ
248 2883 306 2915 μὲν
324 2880 391 2910 οὗν.
404 2881 544 2913 Plutarch.
554 2883 592 2914 De
606 2883 775 2912 oraculorum
795 2885 866 2920 defe-

126 2924 142 2949 ι,
155 2926 209 2952 pag.
226 2918 278 2946 414
294 2918 324 2945 F.
336 2918 365 2949 εὶ,
564 2930 567 2932 -
916 2929 920 2947 1

951 2884 1007 2945 (>72)
1024 2885 1077 2912 Ἢν
1100 2885 1189 2919 ὕλην.
1207 2883 1361 2920 Plutarch,
1380 2884 1394 2911 ὃ
1408 2884 1454 2911 νῦν
1476 2883 1543 2920 ὕλην
1560 2884 1604 2911 καὶ
1624 2884 1706 2919 φύσιν

916 2929 950 2948 κα
962 2940 976 2947 ..

138 2927 209 2954 ,pag.
226 2927 278 2946 an
294 2927 308 2945 ι·
318 2940 324 2945 .
336 2927 365 2949 2,
564 2930 567 2932 ·
916 2927 976 2948 καλ..
