3890 6384
544 361 656 420 323

1212 353 1484 413 EUSEBII
1511 350 1995 408 CAESARIENSIS
2022 350 2172 406 OPP.
2228 347 2414 404 PARS
2451 349 2517 404 Il.
2547 378 2617 390 —
2641 346 3142 403 APOLOGETICA.
3664 355 3748 412 εει

546 488 630 536 tes
658 477 999 533 daamonibus
1044 475 1334 531 attributos
1382 474 1737 542 addictosque
1767 469 1940 526 fuisse
1964 486 2116 526 com-

2235 469 2332 532 ioi;
2382 469 2624 540 δαίμοσι,
2682 469 2864 539 μόνοις
2900 467 2958 519 δὲ
2998 469 3110 530 τοῖς
3162 465 3381 536 φαύλοις
3427 467 3681 540 ὲλάτρευον
3712 478 3747 527 ot

545 571 817 642 probavit.
853 568 909 623 Si
942 569 1034 638 qui
1069 584 1195 621 vero
1228 566 1369 619 inter
1417 566 1550 619 istos
1604 566 1679 619 dii
1733 564 2120 625 censebantur,

550 672 608 717 ut
638 663 809 727 aiunt,
866 670 1060 714 natura
1091 658 1218 713 boni
1257 657 1419 727 186
1477 656 1740 710 scelestos
1780 655 1961 709 colere
1990 653 2123 722 quid

547 754 837 814 attinebat,
880 767 1004 807 cum
1039 751 1226 818 utique
1270 764 1303 802 a
1356 747 1516 802 bonis
1551 747 1723 801 arceri
1772 761 1869 801 eos
1901 745 2125 814 expelli-

548 861 656 913 que
682 844 1000 913 oporteret?
1029 839 1162 894 Nam
1198 839 1243 895 si
1274 854 1415 908 quos
1445 839 1703 908 praesides
1726 838 1825 908 ipsi
1867 839 2040 891 honos
2060 850 2126 890 ac

548 936 809 990 tutelares
857 933 1198 995 habuissent,
1245 945 1428 984 causae
1484 928 1731 999 profecto
1792 929 1933 983 nihil
1982 936 2120 994 erat,

548 1024 903 1094 quamobrem
931 1035 1120 1075 eorum
1153 1019 1376 1072 numine
1406 1019 1769 1087 praesidioque
1796 1017 1921 1072 l'reti
1967 1016 2124 1071 dete-

550 1118 726 1169 riores
760 1114 899 1168 alios
932 1113 1016 1165 vel
1051 1111 1210 1164 nauci
1244 1110 1507 1173 facerent,
1533 1120 1630 1163 aut
1654 1123 1782 1163 vero
1809 1107 1980 1163 castis
2009 1122 2126 1177 prc-

550 1208 707 1262 cibus
742 1216 905 1275 atque
931 1204 1071 1259 votis
1107 1203 1335 1258 infestas
1383 1204 1686 1272 noxiasque
1714 1201 1965 1265 virtutes,
2016 1214 2124 1253 non

544 1302 659 1371 jam
693 1298 973 1354 obscwuis
998 1296 1400 1369 ﬂagitiosisque
1436 1295 1773 1350 carminibus
1798 1302 2122 1349 averterent.

548 1389 670 1444 .lam
702 1405 832 1444 vero
862 1406 987 1444 cum
1021 1389 1253 1443 istorum
1285 1387 1423 1441 nihil
1468 1401 1696 1458 prorsus
1744 1394 1987 1458 agerent,
2033 1384 2127 1440 sed

547 1482 674 1536 vita:
703 1480 1037 1550 turpitudine
1064 1495 1129 1559 ac
1166 1478 1488 1548 petulantia,
1530 1478 1820 1533 verborum
1852 1476 2127 1532 obscreni-

551 1581 681 1635 tate,
713 1572 1007 1626 crudarum
1035 1571 1284 1625 carnium
1319 1586 1441 1636 esu,
1476 1570 1854 1639 discerpendis
1880 1578 2129 1622 mactan-

550 1665 745 1733 disque
774 1663 1113 1727 hominibus,
1168 1662 1464 1717 sceleratos
1509 1663 1786 1717 demones
1826 1663 2127 1731 placarent,

553 1758 651 1827 qul
679 1756 791 1810 ﬁeri
828 1764 1060 1825 poterat,
1094 1764 1153 1809 ut
1179 1754 1270 1825 qui
1303 1754 1574 1823 ejusmodi
1618 1754 1783 1809 rebus
1832 1755 2128 1808 scelerato-

2222 560 2424 633 δεδηλω
2432 562 2580 633 μένοι
2590 604 2600 615 .
2612 562 2732 615 Ἔτι
2748 560 2805 614 δὲ
2822 559 3019 631 μᾶλλον
3031 558 3187 612 τοῦτο
3200 559 3473 612 πιστοῦται
3488 563 3514 613 ὁ
3524 561 3752 634 Dicit-ap-

2225 668 2339 721 χος,
2374 655 2431 705 ὲν
2459 648 2539 716 οἷς
2557 670 2687 723 φησι
2718 652 2813 715 τὰς
2842 650 3076 721 μυθικὰς
3105 651 3183 713 ὡς
3218 652 3344 723 περὶ
3375 650 3504 703 θεῶν
3520 652 3751 725 διηγήσεις

2225 742 2416 810 λόγους
2466 737 2603 795 εἷναί
2652 758 2805 803 τινας
2854 740 2983 807 περὶ
3032 740 3318 811 δαιμόνων,
3347 740 3413 795 τά
3442 758 3497 795 τε
3517 746 3752 814 παρ’Ἕλο

2227 834 2380 906 λησιν
2400 834 2635 907 ᾀδόμενα
2665 832 2957 902 γιγαντικά
2979 850 3098 886 τινα
3127 834 3219 885 καὶ
3249 833 3489 887 τιτανικᾶ
3516 833 3754 906 δαιμονικὰ

2228 921 2367 979 εἶναι
2394 924 2828 996 διηγήματα,’ὠς
2854 924 3172 995 καινοτέραν
3201 923 3515 978 ὑποϐάλλειν
3538 924 3749 981 διάνοιαν.

2229 1018 2455 1089 Μήποτε
2482 1018 2587 1088 ἄρα
2623 1015 2848 1069 τοιαῦτα
2880 1012 2950 1088 ἦν
2978 1017 3046 1069 τά
3076 1016 3203 1088 περὶ
3235 1016 3340 1069 τῶν
3374 1018 3473 1090 πρὸ
3497 1018 3583 1072 τοῦ
3617 1037 3751 1074 κατα-

2230 1110 2473 1181 κλυσμοῦ
2516 1109 2787 1178 γιγάντων
2825 1112 2881 1163 ἐν
2920 1113 2986 1181 τῇ
3020 1109 3140 1180 θείᾳ
3172 1110 3363 1182 Γραφῇ
3404 1111 3677 1182 λεγόμενα;
3702 1116 3755 1166 τά

2229 1219 2287 1255 τε
2324 1204 2454 1273 περὶ
2476 1201 2583 1255 τῶν
2606 1202 2825 1265 τούτους
2850 1202 3279 1272 γεγεννηκότων,
3304 1204 3430 1273 περὶ
3457 1197 3527 1257 ὧν
3552 1205 3751 1277 εἴρηται·

2235 1314 2252 1346 ι
2293 1296 2513 1358 Ἰδόντες
2538 1294 2592 1347 δὲ
2619 1296 2667 1347 οί
2706 1294 2925 1362 ἄγγελοι
2948 1294 3043 1347 τοῦ
3080 1295 3212 1349 θεοῦ
3233 1297 3334 1359 τὰς
3372 1297 3649 1371 θυγατέρας
3674 1302 3753 1353 τῶν

2228 1383 2551 1458 ἀνθρώπων,
2576 1386 2659 1438 ὅτι
2684 1386 2845 1439 καλαί
2887 1387 3046 1451 εἰσιν,
3087 1386 3277 1442 ἑλαόον
3309 1389 3514 1453 ἑαυτοῖς
3538 1393 3754 1457 γυναῖκας

2232 1480 2298 1531 ἐκ
2342 1479 2528 1532 πασῶν
2561 1471 2636 1533 ὧν
2695 1477 3039 1543 ἐξελέξαντο·
3089 1477 3186 1548 ἀφ’
3225 1474 3302 1537 ὧν
3361 1481 3688 1552 ἐγεννήθησαν
3720 1488 3753 1536 ci

2232 1572 2485 1639 γίγαντες
2512 1574 2559 1624 οἱ
2594 1573 2881 1642 ὀνομαστοὶ
2902 1571 2961 1638 ἐξ
2983 1574 3195 1638 αίῶνος.
3224 1594 3242 1625 ›
3286 1574 3441 1627 Εἴποι
3468 1574 3568 1647 γὰρ
3599 1576 3652 1629 ἄν
3676 1595 3751 1637 τις.

2232 1660 2452 1725 τούτους
2487 1662 2727 1725 ἐκείνους
2780 1658 2961 1728 εἶναι,
3003 1666 3095 1719 καὶ
3142 1666 3210 1719 τά
3260 1666 3480 1719 ἐκείνων
3520 1668 3754 1738 πνεύματα

2236 1753 2385 1823 παρὰ
2408 1756 2520 1817 τοῖς
2554 1753 2689 1823 μετά
2722 1754 2897 1809 ταῦτα
2927 1756 3233 1829 ἀνθρώποις
3266 1757 3661 1829 τεθεοποιημένα
3686 1761 3755 1812 καὶ

553 1866 672 1904 rum
708 1849 937 1919 gratiam
973 1849 1233 1917 aucupari
1263 1856 1618 1912 conarentur,
1653 1847 1815 1900 iidem
1850 1862 1975 1902 cum
2012 1847 2130 1916 ipso

2235 1846 2329 1908 τὰς
2366 1846 2590 1899 ἐκείνων
2629 1848 2840 1917 μάχας,
2876 1849 2973 1913 τάς
3026 1868 3084 1903 τε
3119 1851 3254 1923 πρὸς
3287 1851 3540 1922 ἀλλήλους
3583 1853 3757 1905 διαστά-

551 1958 772 2011 quoque
824 1958 1007 1995 rerum
1062 1944 1307 1994 omnium
1346 1948 1678 2009 prmpotente
1724 1937 1854 2002 Deo,
1884 1948 1977 1991 aut
2006 1954 2129 2007 qua:

553 2050 825 2103 nusquam
880 2035 949 2088 ab
995 2034 1112 2103 ejus
1159 2043 1293 2087 nutu
1328 2034 1647 2103 discedunt,
1682 2032 1994 2091 virtutibus,
2034 2039 2129 2085 aut

552 2126 777 2180 ontnino
803 2140 928 2179 cum
958 2123 1118 2177 bonis
1143 2123 1267 2177 ullis
1298 2123 1611 2177 societatem
1633 2118 1873 2173 inirent?
1895 2118 2125 2187 Quippe,

553 2226 769 2271 constat
802 2216 947 2270 enim
974 2216 1117 2283 apud
1146 2229 1361 2277 omnes,
1398 2214 1489 2281 qui
1520 2214 1574 2265 iu
1610 2227 1675 2265 eo
1699 2226 1880 2265 rerum
1910 2224 2127 2279 genere,

2235 1954 2368 2009 σεςς,
2404 1938 2499 1991 καὶ
2550 1939 2674 2001 τοὺς
2708 1939 3008 2010 πολέμους,
3056 1942 3205 1994 ταῦτ’
3258 1938 3397 1995 εἶναι
3442 1944 3507 1995 τά
3554 1943 3620 2007 ὼς
3658 1942 3757 2013 περὶ

2235 2027 2369 2080 θεῶν
2406 2026 2765 2099 μυθευόμενα.
2813 2032 2975 2099 Λέγει
3016 2033 3060 2086 δ’
3088 2030 3180 2086 οὖν
3222 2035 3251 2086 ό
3292 2034 3619 2106 Πλούταρχος
3654 2027 3756 2101 ὲνῷ

2238 2117 2489 2183 συνέταξε
2534 2118 2674 2189 λόγῳ
2723 2120 2850 2191 περὶ
2886 2120 2994 2173 τῶν
3038 2121 3195 2175 Κατὰ
3226 2121 3343 2188 τὴν
3380 2124 3533 2176 Ἶσιν
3555 2123 3755 2185 καὶτοὺς

2233 2209 2543 2277 Αἰγυπτίων
2578 2209 2752 2274 θεοὺς,
2781 2214 2965 2275 αὐτοῖς
2987 2215 3193 2284 ῥήμασι
3232 2214 3425 2267 ταῦτα.

553 2322 676 2375 qua:
708 2307 970 2376 improbis
1001 2307 1267 2376 placeant,
1298 2320 1518 2375 operam
1564 2304 1914 2373 studiumque
1941 2309 2129 2372 ponat,
2184 2302 2434 2356 eumdem
2490 2302 2649 2357 bonis
2699 2304 2935 2359 amicum
2965 2321 3087 2361 esse
3113 2306 3263 2359 nullo
3295 2307 3454 2361 modo
3478 2322 3639 2375 posse.
3672 2305 3757 2357 Ma-

554 2412 680 2457 neat
706 2403 891 2473 igitur,
927 2418 1034 2456 non
1070 2402 1173 2457 diis
1220 2403 1353 2456 olim
1401 2400 1628 2455 honisve
1658 2398 2020 2463 daemonibus,
2063 2396 2157 2452 sed
2208 2397 2470 2466 improbis
2520 2398 2788 2453 duntaxat
2836 2401 3064 2470 populos
3112 2400 3247 2456 istos
3277 2402 3482 2455 cultqu
3523 2401 3761 2453 honorem-

553 2512 661 2566 que
694 2497 970 2551 tribuisse.
1028 2496 1205 2566 Atque
1247 2496 1297 2549 id
1336 2496 1514 2566 ipsum
1570 2493 1895 2548 Plutarchus
1949 2492 2152 2547 certius
2201 2493 2361 2545 etiam
2416 2495 2744 2564 graviusque
2789 2497 3097 2563 conﬁrmat,
3154 2497 3285 2551 dum
3325 2499 3478 2552 lictas
3528 2497 3635 2549 illas
3674 2510 3756 2547 non

554 2606 714 2646 secus
752 2606 815 2645 ac
862 2590 927 2644 de
984 2589 1090 2644 diis
1140 2590 1503 2653 narrationes,
1535 2588 1686 2644 aliud
1742 2587 1877 2642 nihil
1920 2599 2084 2657 quam
2134 2600 2301 2654 puros
2352 2595 2514 2654 putos
2555 2585 2621 2640 de
2671 2587 2921 2655 ipsismet
2966 2588 3309 2644 daemonibus
3358 2605 3623 2645 sermones
3663 2603 3756 2644 esse

556 2692 805 2749 testatur,
862 2683 1108 2752 adeoque
1142 2683 1307 2752 hujus
1356 2684 1516 2752 plane
1550 2682 1760 2753 generis
1818 2696 1958 2743 esse,
2000 2678 2264 2749 quidquid
2328 2680 2394 2735 de
2462 2681 2793 2751 gigantibus,
2851 2684 2966 2739 sive
3034 2684 3298 2739 titanibus
3347 2684 3637 2741 Graecorum
3688 2698 3759 2736 ore

556 2780 881 2850 scriptisque
916 2780 1422 2850 jactaturzquibus
1466 2780 1521 2833 in
1556 2779 1814 2833 omnibus
1849 2777 2019 2832 secuti
2062 2776 2195 2829 nihil
2238 2776 2327 2830 isti
2384 2775 2605 2840 fuerint,
2656 2789 2851 2846 praeter
2909 2779 3147 2849 aliquam
3210 2795 3472 2836 sensuum
3519 2778 3757 2849 cogitatio-

556 2892 797 2946 numque
831 2878 1147 2933 novitatem.
1172 2877 1311 2945 Quid
1344 2878 1388 2931 si
1423 2886 1603 2930 autem
1634 2876 1701 2929 ad
1736 2890 1797 2929 ea
1828 2875 2119 2943 pertinent,
2186 2887 2306 2942 qua:
2338 2873 2405 2926 de
2461 2873 2771 2943 gigantibus
2814 2890 3110 2945 eorumque
3156 2877 3473 2945 parentibus
3516 2886 3627 2929 ante
3650 2874 3760 2927 dilu-

556 2973 702 3027 vium
731 2989 897 3029 sacrae
930 2974 1124 3028 littera:
1155 2974 1301 3029 hunc
1335 2975 1390 3027 in
1432 2972 1653 3027 modum
1685 2970 2159 3025 commemorant?
2204 2968 2447 3023 Videutes
2486 2979 2659 3023 autem
2691 2971 2794 3039 ﬁlii
2824 2970 2922 3025 Dei
2961 2973 3106 3040 ﬁlias
3157 2974 3449 3039 hominum,
3483 2970 3608 3042 quod
3628 2974 3759 3023 essent

555 3069 809 3132 vulchrre,
872 3078 1181 3139 acceperunt
1230 3068 1333 3123 sibi
1385 3084 1572 3121 uxores
1613 3082 1677 3120 ea:
1723 3065 1985 3128 omnibus,
2021 3081 2152 3135 quas
2205 3064 2467 3135 elegerant
2504 3081 2524 3119 .'
2549 3066 2822 3135 exquibus
2870 3068 2983 3120 nati
3007 3076 3131 3121 sunt
3162 3068 3400 3137 gigantes
3431 3067 3524 3120 viri
3560 3063 3759 3134 {amona

557 3163 750 3218 saeculo
778 3163 841 3217 ⁸⁸.
878 3163 1059 3220 Facile
1110 3164 1253 3219 enim
1290 3163 1413 3232 quis
1455 3162 1674 3225 dixerit,
1734 3162 1854 3215 illos
1899 3161 2045 3229 ipsos
2088 3158 2438 3229 profanorum
2497 3161 2784 3216 hominum
2839 3162 3089 3233 gigantas
3132 3178 3253 3219 esse
3312 3178 3543 3234 quorum
3589 3159 3759 3214 animos

557 3258 760 3328 posteri
791 3260 1017 3313 deorum
1072 3260 1127 3313 in
1177 3273 1466 3312 numerum
1517 3257 1858 3326 classemque
1888 3256 2203 3323 retulerint;
2245 3258 2489 3327 adeoque
2526 3270 2745 3314 mutuas
2793 3259 3021 3313 istorum
3056 3276 3289 3331 pugnas,
3345 3259 3692 3315 dimicationes
3722 3263 3761 3305 et

558 3351 696 3405 bella
754 3352 953 3407 fabulis
998 3353 1065 3408 iis
1112 3353 1434 3408 adumbrata
1468 3367 1611 3418 esse,
1647 3368 1783 3421 quas
1833 3362 2094 3423 tanquam
2128 3353 2194 3406 de
2231 3353 2336 3407 diis
2388 3352 2804 3410 circumferunt.
2857 3357 2927 3408 At
2969 3356 3351 3423 Plutarchum,
3396 3358 3451 3410 in
3505 3371 3587 3421 eo,
3633 3368 3757 3423 quem

558 3448 637 3504 De
689 3447 954 3515 Iside,ac
1015 3448 1222 3504 caeteris
1277 3446 1654 3517 Egyptiorum
1713 3447 1818 3502 diis
1862 3448 2098 3519 scripsit,
2151 3447 2356 3516 libello,
2388 3450 2681 3521 ipsissimis
2703 3451 2881 3505 verbis
2908 3450 3220 3521 loquentem
3254 3453 3558 3506 audiamus.

1077 3560 1234 3630 137
1283 3557 1511 3612 CAPUT
1568 3557 1633 3612 v.

2761 3562 3156 3614 ΚΕΦΑΛΑῙΟΝ
3206 3562 3279 3614 Ε’.

566 3678 599 3734 Ξ.
620 3687 809 3733 :teutes
836 3675 1134 3728 dwmonum
1164 3672 1414 3724 historias
1440 3671 1697 3741 fabulosis
1730 3688 1833 3724 non
1877 3689 2025 3726 secus
2072 3688 2131 3725 ac

2235 3671 2375 3739 Περὶ
2402 3672 2509 3726 τοῦ
2546 3674 2971 3739 λανθανούσης
3007 3672 3305 3741 δαιμόνων
3330 3672 3609 3742 περιέχειν
3631 3675 3759 3726 lateo

874 3749 939 3798 de
969 3745 1071 3796 diis
1096 3743 1493 3795 narrationibus
1538 3744 1818 3796 contineri.

637 3882 658 3915 ι
692 3860 935 3925 Rectius,
974 3859 1171 3928 inquit,
1227 3842 1563 3920 existimant,
1599 3857 1691 3926 qui
1722 3872 1843 3928 quae
1902 3856 2135 3924 vulgatis

563 3930 631 4012 de
674 3952 956 4025 Typhone,
988 3949 1201 4005 Osiride
1234 3959 1288 4003 et
1323 3947 1465 4003 lside
1497 3948 1741 4002 historiis
1773 3947 2138 4012 celebrantur,

564 4063 625 4101 ea
654 4062 759 4099 non
794 4045 955 4097 deum
990 4049 1087 4095 aut
1125 4040 1431 4103 hominum,
1467 4038 1560 4092 sed
1590 4052 1909 4107 magnorum
1937 4036 2138 4089 daemo-

568 4154 697 4193 num
753 4135 1068 4190 alfcctioues
1112 4140 1166 4186 et
1216 4146 1377 4186 casus
1418 4127 1590 4184 fuisse
1626 4130 1833 4193 volunt,
1860 4144 2001 4198 quos
2032 4127 2135 4197 ipsi

567 4242 784 4297 quoque
810 4224 985 4287 Plato,
1017 4221 1372 4292 Pythagoras,
1408 4219 1743 4274 Xenocrates
1779 4230 1832 4275 et
1873 4218 2137 4291 Chrysip-

567 4336 669 4388 pus
701 4325 907 4370 veteres
933 4314 1103 4367 secuti
1142 4312 1441 4381 theologos,
1495 4311 1807 4365 hominibus
1838 4312 1996 4383 longe
2040 4327 2136 4364 va-

568 4409 825 4462 lentiores
860 4405 1049 4469 fuisse,
1092 4402 1387 4472 multisque
1416 4398 1663 4472 partibus
1693 4412 1901 4457 natura:
1934 4413 2134 4457 nostra:

567 4500 712 4554 vires
745 4511 1035 4567 superasse
1069 4502 1359 4547 testantur.
1408 4492 1676 4547 Caeterum
1737 4509 1907 4564 genus
1961 4494 2135 4563 quod—

568 4591 695 4645 dam
731 4589 798 4643 iis
822 4585 1123 4641 divinitatis
1149 4584 1477 4651 attribuunt,
1513 4599 1619 4638 non
1673 4584 1947 4640 sincerum
2004 4586 2137 4640 illud

570 4692 627 4738 ct
655 4682 723 4736 ab
754 4679 905 4734 omni
938 4676 1196 4731 mistioue
1227 4685 1523 4740 secretum,
1573 4677 1666 4731 sed
1708 4693 1775 4731 ex
1812 4678 2009 4732 anima:
2043 4692 2140 4731 ua-

570 4787 691 4830 tura
721 4771 1080 4842 corporisque
1102 4784 1262 4824 sensu
1291 4768 1619 4839 voluptatem
1646 4770 1848 4839 pariter
1867 4769 2137 4823 laborem-

571 4881 677 4937 que
713 4864 976 4919 subeunte
1004 4869 1358 4929 temperatum
1381 4878 1392 4912 :
1419 4876 1486 4913 ex
1512 4876 1619 4929 quo
1649 4860 1760 4925 ﬁat,
1786 4870 1845 4915 ut
1874 4861 2137 4931 quidquid

570 4961 775 5013 alterna
810 4955 1095 5023 utriusque
1124 4951 1499 5006 vicissitudine
1528 4954 1955 5021 perturbationis
1991 4952 2139 5007 exci-

2330 3744 2470 3811 ρίας
2495 3744 2600 3809 τὰς
2622 3746 2877 3813 μυθικὰς
2902 3746 2983 3809 ὡς
3016 3745 3151 3811 περὶ
3180 3743 3332 3798 θεῶν
3374 3742 3676 3812 διηγήσεις.

2313 3873 2330 3905 ι
2369 3855 2583 3909 Βέλτιον
2624 3851 2717 3909 οὖν
2759 3856 2869 3927 (88)
2906 3859 2953 3910 οί
2986 3857 3114 3928 περὶ
3160 3856 3417 3924 Τυφῶνα,
3456 3857 3546 3909 καὶ
3589 3858 3759 3927 Ὄσιριν

2236 3948 2329 3999 καὶ
2360 3949 2494 4002 Ἶσιν
2522 3948 2875 4019 ἱστορούμενα
2912 3951 3049 4020 μήτε
3082 3948 3218 4001 θεῶν
3252 3950 3398 4020 πάθη
3435 3953 3562 4019 μήτε
3592 3946 3761 4019 ἀνθρώ·

2237 4057 2373 4105 πων,
2405 4041 2539 4093 ἀλλά
2570 4041 2839 4111 δαιμόνων
2874 4042 3124 4113 μεγάλων
3166 4037 3304 4094 εἶναι
3347 4039 3655 4111 νομίζοντες,
3689 4036 3761 4097 οὓς

2239 4135 2333 4187 καὶ
2377 4134 2599 4187 Πλάτων
2650 4136 2743 4188 καὶ
2783 4136 3122 4207 Πυθαγόρας,
3166 4136 3260 4188 καὶ
3305 4134 3646 4205 Ξενοκράτης,
3690 4132 3761 4182 καὶ

2238 4225 2577 4298 Χρύσιππος,
2606 4228 2863 4299 ἑπόμενοι
2886 4232 2999 4291 τοῖς
3032 4228 3197 4282 πάλαι
3233 4227 3519 4295 θεολόγοις,
3562 4226 3762 4296 ἐρρωμε-

2236 4319 2521 4389 νεστέρους
2537 4319 2836 4388 ἀνθρώπων
2854 4321 3067 4387 λέγουσι
3095 4321 3396 4389 γεγονέναι,
3430 4322 3520 4374 καὶ
3545 4316 3689 4383 πολλῇ
3708 4313 3759 4383 τῇ

2237 4408 2463 4478 δυνάμει
2504 4408 2601 4480 τὴν
2632 4410 2791 4477 φύσιν
2838 4409 3244 4482 ὑπερφέροντας
3272 4411 3429 4481 ἡμῶν
3451 4424 3463 4437 ·
3496 4410 3552 4462 τὸ
3577 4408 3627 4460 δὲ
3649 4405 3761 4457 θεῖον

2238 4499 2338 4551 οὐκ
2386 4500 2583 4569 ἀμιγὲς
2616 4500 2735 4553 οὐδὲ
2774 4500 3010 4572 ἄκρατον
3045 4502 3284 4571 ἔχοντας,
3325 4501 3461 4555 ἀλλά
3506 4501 3590 4555 καὶ
3617 4494 3760 4566 ψυχῆς

2240 4590 2417 4660 φύσει,
2451 4594 2544 4646 καὶ
2572 4592 2820 4664 σώματος
2861 4592 3109 4664 αἰσθήσει
3142 4594 3468 4665 συνειληχὸς,
3503 4589 3670 4663 ἡδονὴν
3694 4586 3763 4638 δε-

2238 4684 2442 4755 χομένῃ
2470 4686 2563 4737 καὶ
2594 4686 2693 4737 ὅσα
2730 4684 2953 4748 ταύταις
2986 4684 3243 4755 γινόμενα
3279 4696 3306 4725 ι
3340 4686 3459 4747 ταῖς
3492 4675 3765 4753 μεταὸολακ

2241 4773 2410 4844 πάθη,
2441 4776 2567 4839 τοὺς
2598 4776 2696 4846 μὲν
2725 4776 2945 4847 μᾶλλον,
2980 4776 3104 4837 τοὺς
3135 4775 3180 4828 δ’
3210 4772 3371 4847 ἦττον
3410 4770 3762 4841 ἐπιταράττειν.

2245 4866 2486 4919 Γίνονται
2514 4866 2621 4937 γὰρ
2659 4868 2734 4930 ὡς
2774 4869 2831 4920 ὲν
2880 4865 3183 4937 ἀνθρώποις
3217 4866 3311 4919 καὶ
3340 4864 3578 4936 δαίμοσιν
3604 4855 3766 4931 ἀρετῆς

2244 4957 2495 5029 διαφοραὶ
2519 4959 2612 5013 καὶ
2644 4959 2858 5022 κακίας.
2889 4958 2969 5011 Τὰ
2999 4960 3105 5031 γὰρ
3137 4957 3424 5026 γιγαντικά
3450 4955 3538 5010 καὶ
3562 4944 3766 5004 τιτανικὰ

571 5056 737 5111 tatur,
781 5046 831 5099 id
862 5030 997 5099 alios
1039 5043 1259 5113 quidem
1294 5043 1690 5109 vehementius,
1740 5044 1911 5098 levius
1955 5053 2131 5097 autem

2248 5051 2376 5119 παρ’
2410 5049 2662 5118 Ἕλλησιν
2704 5049 2957 5119 ᾀδόμενα,
2992 5030 3086 5101 καί
3128 5046 3316 5100 πολλαί
3359 5062 3499 5107 τινες
3530 5042 3629 5113 (89)
3666 5036 3764 5090 ἄθε-

572 5142 707 5195 aiios
754 5138 964 5192 allicere
996 5135 1359 5190 consueverit.
1398 5133 1675 5203 Siquidem
1711 5146 1770 5191 ut
1803 5137 1856 5189 iu
1906 5136 2139 5189 homini-

572 5233 696 5295 bus,
732 5232 812 5285 sic
835 5231 997 5284 etiam
1032 5228 1085 5281 in
1114 5226 1452 5281 damuonibus
1485 5242 1583 5281 sua
1624 5237 1751 5281 sunt
1800 5228 2014 5281 virtutis
2047 5228 2143 5280 im-

573 5323 963 5394 probitatisque
1012 5320 1349 5374 discrimina.
1405 5318 1547 5373 Nihil
1598 5321 1741 5374 enim
1798 5322 2089 5376 admodum
2121 5362 2136 5385 ,

576 5431 696 5485 quae
722 5430 751 5467 a
787 5414 989 5468 Graecis
1020 5414 1086 5467 de
1126 5413 1437 5482 gigantibus
1477 5428 1539 5466 ac
1570 5414 1830 5469 titanibus
1854 5415 1967 5483 jam
2009 5416 2139 5469 olim

573 5509 857 5563 decantata
896 5516 1043 5569 sunt,
1085 5520 1185 5560 nec
1217 5520 1323 5559 non
1362 5506 1629 5575 pleraeque
1676 5522 1760 5560 res
1812 5507 2019 5561 nefarie
2047 5524 2140 5577 ge-

645 5601 693 5633 ”
730 5598 865 5655 Gen.
898 5613 973 5662 vt,
1002 5598 1056 5650 Ξ.

647 5702 677 5733 α
714 5690 799 5743 to.
834 5684 1100 5756 γίγνεται.

787 5780 1047 5920 [ἵέίτιον
1084 5774 1215 5833 οὖν.
1264 5776 1542 5836 Plutarch.
1593 5777 1670 5836 De
1710 5778 1854 5837 Iside
1887 5790 1943 5838 et
1974 5781 2139 5855 Osin,

2244 5158 2367 5210 σμοι
2399 5142 2643 5212 πράξεις,
2683 5142 2777 5193 καὶ
2816 5139 3067 5202 Πυθῶνος
3108 5138 3407 5202 ἀντιτάξεις
3440 5136 3568 5206 πρὸς
3608 5126 3763 5182 Ἀπόλ-

2241 5234 2408 5298 λωνα,
2440 5233 2608 5301 φυγαί
2635 5250 2694 5286 τε
2730 5233 3005 5298 Διονύσου,
3043 5233 3136 5286 καὶ
3166 5231 3361 5284 πλάναι
3398 5230 3659 5299 Δήμητρος
3696 5216 3767 5269 οὖ-

2243 5326 2327 5380 δὲν
2360 5327 2710 5381 ἀπολείπουσι
2740 5328 2844 5379 τῶν
2874 5327 3196 5399 Ὀσιριακῶν
3212 5315 3681 5392 καὶΤυφωνιακῶν,
3707 5302 3766 5361 ὧν

2247 5420 2397 5491 παρὰ
2448 5423 2612 5472 πᾶσιν
2663 5419 2773 5490 (90)
2832 5419 3053 5489 ἀναίδην
3106 5419 3281 5485 ἔξεστι
3343 5405 3765 5487 μυθολογουμένων

2250 5512 2484 5575 ἀκούειν,
2540 5514 2639 5565 ὅσα
2692 5529 2771 5576 τε,
2837 5514 3111 5583 μυστικοῖς
3173 5512 3334 5577 ἱεροῖς
3391 5492 3764 5577 παρακαλυπτό-

2318 5782 2429 5854 (89)
2468 5779 2579 5836 Καί
2611 5779 2834 5854 πολλαί
2863 5797 3040 5854 ssrec.
3078 5778 3245 5854 Plut,
3288 5776 3378 5832 καὶ
3408 5772 3605 5846 Κρόνου
3627 5761 3762 5827 stli-

2323 5850 2436 5927 (90)
2473 5851 2640 5921 Παρὰ
2672 5850 2878 5909 πᾶσιν.
2912 5850 3079 5921 Plut.,
3110 5850 3273 5903 πᾶσιν
3303 5855 3524 5903 tantum.
