3890 6384
561 300 672 357 ὅτι

1228 301 1505 359 ΕυδΕΒΙΙ,
1535 302 2018 359 (ΣᾸΞΞΑΒῘΕΝΒΙΞ
2045 302 2197 359 OPP.
2242 303 2423 359 PARS
2451 302 2517 357 ll.
2548 332 2620 343 —-
2646 302 3156 359 APOLOGLTICA.

3636 318 3725 375 '338

566 420 657 485 rit,
686 427 850 489 atque
870 418 1178 483 oraculum,
1225 420 1368 488 quod
1416 428 1644 474 eatenus
1671 420 2004 475 custoditum
2035 419 2113 475 ab:

2235 417 2380 482 νικά,
2423 419 2517 472 καὶ
2559 418 2629 472 τὰ
2673 418 2954 483 Τιτανικὰ,
2989 418 3258 490 δαιμόνων
3304 419 3463 490 μάχας
3502 430 3725 493 γεγονέκιι

565 510 829 566 Themide
854 510 1055 578 fuerat,
1082 511 1261 566 demto
1288 512 1571 580 receperit.
1605 511 1790 583 Neque
1829 513 2135 569 absimilem

564 620 777 672 eorum,
823 620 947 675 quae
992 605 1060 660 de
1088 604 1349 675 Typhone
1401 602 1797 677 Tilanibusque
1834 605 2133 674 jactantur,

563 712 681 752 esse
717 698 1029 752 rationem:
1064 700 1286 768 quippe,
1328 697 1428 751 has
1469 698 1780 753 daemonum
1833 699 1975 754 inter
2014 714 2136 755 sese

563 805 776 860 pugnas
801 800 858 845 et
890 792 1271 845 contentiones
1299 791 1595 855 exstitisse,
1643 806 1781 860 quas
1812 791 2008 861 partim
2037 807 2135 848 eo-

566 898 686 937 rum
720 883 814 953 qui
845 882 975 936 victi
1005 881 1245 945 fuerant,
1276 883 1490 946 exsilia,
1525 882 1721 952 partim
1761 883 1849 947 iis,
1881 883 1976 952 qui
2015 898 2136 939 sese

566 974 749 1044 aliquo
775 974 980 1027 scelere
1009 972 1454 1040 obstrinxissent,
1485 976 1734 1045 irrogatte
1761 990 1792 1029 a
1818 973 1929 1029 Deo
1961 991 2134 1044 paena:

565 1072 873 1117 consecuta:
904 1070 1088 1117 essent
1122 1080 1136 1115 :
1176 1063 1484 1131 cujusmodi
1520 1064 1710 1134 utique
1737 1064 1818 1119 vel
1851 1063 2132 1137 Typhonis

563 1154 823 1209 adversus
858 1151 1152 1216 Osiridem,
1186 1154 1269 1208 vel
1298 1152 1523 1210 Saturni
1556 1171 1685 1227 erga
1714 1156 1927 1213 Caelum
1966 1159 2133 1214 male-

560 1243 681 1299 ficia
714 1244 935 1309 fuerint,
969 1258 1206 1314 quorum
1250 1244 1373 1299 ideo
1421 1261 1527 1299 non
1560 1246 1680 1312 nisi
1713 1248 2128 1316 obscurissima,

561 1337 645 1390 vel
676 1336 824 1390 nulla
850 1337 1034 1405 potius
1060 1336 1202 1406 apud
1247 1352 1348 1392 nos
1375 1338 1699 1408 religionum
1728 1341 2019 1413 cultusque
2046 1358 2131 1398 ve-

561 1428 717 1496 stigia
744 1428 1045 1498 supersint,
1076 1427 1223 1510 quod
1266 1428 1371 1497 ipsi
1415 1430 1584 1483 alium
1642 1431 1694 1485 in
1748 1431 1936 1486 orbem
1964 1431 2128 1487 aufu-

557 1520 783 1589 gisscnt.
819 1517 1030 1572 Etenim
1061 1518 1315 1587 Solymos
1345 1520 1512 1573 audio
1553 1518 1846 1591 Lyciorum
1890 1522 2123 1587 vicinos,

558 1610 819 1675 Saturno,
849 1610 894 1665 si
918 1612 1010 1681 qui
1040 1611 1155 1678 alii,
1196 1612 1434 1667 honores
1480 1611 1611 1666 olim
1652 1613 1910 1668 tribuisse
1946 1614 2125 1668 maxi-

558 1720 698 1770 mos,
731 1704 821 1774 qui
858 1714 1035 1757 tamen
1065 1714 1352 1773 postquam
1378 1704 1594 1770 Arsalo,
1620 1707 1808 1776 Aryto,
1838 1721 1903 1761 ac
1924 1705 2124 1762 Tosibe

556 1797 773 1850 illorum
803 1796 1033 1850 ducibus
1064 1794 1387 1864 interfectis,
1411 1811 1739 1867 quocunque
1757 1798 1973 1853 tandem
2001 1814 2127 1870 gen-

556 1890 691 1943 tium
748 1889 945 1960 (neque
978 1890 1124 1943 enim
1155 1889 1495 1958 exploratum
1543 1890 1648 1959 ipsi
1685 1890 1865 1946 locum
1898 1881 2121 1964 habent)

554 1982 733 2052 fugam
766 1983 1108 2051 arripuisset,
1134 1982 1412 2051 neglectus
1449 1983 1517 2036 ab
1548 1982 1740 2038 iisdem
1782 1983 1986 2039 fuerit:
2019 1985 2123 2039 Ar-

552 2075 702 2127 salus
731 2084 914 2128 autem
963 2074 1168 2143 aliique
1211 2073 1321 2127 duo
1351 2070 1633 2128 Scirorum
1656 2074 1884 2129 deorum
1922 2091 2122 2131 nomen

549 2167 878 2235 acceperint,
910 2181 1145 2236 quorum
1177 2165 1342 2221 etiam
1370 2181 1464 2236 per
1488 2166 1710 2221 nomina
1732 2176 1842 2221 tam
1865 2169 2121 2238 privatim

549 2257 699 2330 Lycii
735 2274 901 2327 quam
934 2258 1147 2327 publice
1172 2259 1442 2314 solemnes
1473 2274 1540 2315 ac
1567 2267 1737 2315 statas
1766 2260 2122 2330 imprecatio-

551 2366 651 2405 nes
680 2350 1011 2419 concipiant.
1039 2353 1217 2421 Atque
1264 2350 1368 2405 alia
1414 2361 1693 2421 poetarum
1724 2367 1789 2407 ex
1834 2351 2033 2409 fabulis
2065 2353 2120 2408 id

548 2456 722 2512 genus
749 2439 968 2496 auferre
999 2443 1260 2512 pleraque
1303 2441 1484 2496 liccat.
1533 2440 1658 2497 Jam
1686 2457 1814 2497 vero
1850 2443 1997 2512 quod
2024 2457 2118 2499 so-

547 2535 820 2590 lemnibus
848 2550 911 2588 ac
951 2535 1185 2603 propr-iis
1217 2532 1444 2588 deorum
1493 2535 1810 2591 nominibus
1833 2536 2055 2605 quidam
2086 2551 2119 2590 a

548 2626 707 2681 nobis
736 2626 1014 2680 daemones
1041 2628 1399 2696 appellentur,
1432 2641 1542 2682 non
1565 2636 1669 2694 est,
1724 2627 2004 2697 inquiebat
2025 2644 2122 2698 ρει

545 2719 798 2789 regi-inus
832 2718 940 2781 ille,
978 2720 1336 2788 quamobrem
1368 2720 1569 2774 mirum
1605 2719 1657 2773 id
1691 2719 1858 2774 videri
1902 2720 2114 2775 debeat.

545 2809 685 2865 Nam
732 2826 842 2879 quo
890 2812 1123 2879 quisque
1149 2810 1275 2877 deo,
1306 2812 1392 2868 vel
1435 2812 1644 2867 ordinis
1669 2820 1832 2882 atque
1872 2813 1998 2878 loci,
2032 2813 2117 2871 vei

549 2902 831 2972 petestatis
860 2901 1123 2956 societate
1153 2902 1481 2972 conjunctus
1513 2912 1618 2964 est,
1651 2901 1771 2971 ejus
1808 2902 1972 2956 etiam
2014 2918 2117 2957 no-

547 3009 669 3047 men
702 2993 886 3047 SOI'lll‘i
931 3001 1079 3045 amat
1111 3009 1127 3059 ;
1173 2993 1630 3062 quemadmodum
1658 3009 1724 3048 ex
1761 2993 1922 3064 189
1959 2994 2116 3052 nobis

508 3087 709 3153 ,alium
739 3083 982 3151 Joviutn,
1009 3085 1175 3138 alium
1204 3084 1550 3152 Minervium,
1590 3087 1755 3140 alium
1792 3103 1919 3142 vero
1945 3086 2115 3157 Apol—

2238 510 2374 582 πρὸς
2400 510 2658 580 δαίμονας
2683 527 2696 541 ·
2726 508 2844 565 εἶτα
2877 510 3055 580 φυγὰς
3082 513 3189 565 τῶν
3218 513 3579 583 κρατηθέντων,
3613 518 3640 589 ἢ
3666 521 3725 572 δε.

2236 619 2338 667 κας
2362 602 2474 674 (99)
2508 603 2610 656 ὑπὸ
2647 601 2780 655 Θεοῦ
2818 602 2924 654 τῶν
2950 602 3379 678 ἐξαμαρτόντων,
3406 598 3481 658 οἷα
3502 606 3663 677 Τυφών
3685 628 3729 663 τε

2235 693 2451 764 λέγεται
2491 694 2619 766 περὶ
2654 695 2866 765 Ὄσιριν
2915 692 3263 766 ἐξαμαρτεῖν,
3296 695 3385 748 καλ⁸
3420 696 3598 767 Κρόνος
3635 701 3731 772 περὶ

2236 787 2504 858 Οὐρανόνο
2549 780 2624 840 ὧν
2668 786 3038 858 ἀμαυρότεραι
3078 786 3358 855 γεγόνασιν
3386 786 3438 840 αἱ
3476 792 3610 860 τιμαὶ
3632 796 3730 863 παρ’

2234 879 2385 950 ἡμῖν,
2426 878 2460 951 ἢ
2512 880 2854 933 παντάπασιν
2895 878 3263 942 ἐκλελοίπασι,
3315 880 3648 951 μεταστάντων
3672 887 3734 947 εἰς

2232 970 2419 1042 ἕτερον
2461 970 2682 1042 κόσμον.
2734 969 2887 1023 Ἐπεὶ
2932 970 3027 1023 καὶ
3059 969 3332 1040 Σολύμους
3360 969 3429 1040 (i)
3462 971 3735 1043 πυνθάνομαι

2232 1064 2358 1128 τοὺς
2389 1063 2605 1118 Λυκίων
2649 1063 2971 1136 προσοίκους
3001 1064 3058 1115 ὲν
3087 1065 3199 1126 τοῖς
3246 1061 3467 1134 μάλιστα
3498 1065 3637 1135 τιμᾷν
3669 1066 3735 1117 τὸν

2232 1156 2440 1227 Κρόνον
2466 1172 2481 1185 ·
2508 1156 2630 1208 ἐπεὶ
2669 1154 2726 1209 δὲ
2752 1155 3082 1219 ἀποκτείνας
3121 1155 3248 1217 τοὺς
3276 1153 3560 1225 ἀρχηγέτας
3598 1155 3735 1208 αὐτῶν

2236 1246 2502 1319 Ἀρσαλον
2540 1246 2639 1319 (2),
2680 1246 2774 1300 καὶ
2801 1248 3055 1319 Ἀρυτον,
3084 1248 3179 1301 καὶ
3219 1246 3448 1311 Τόσιϐιν,
3484 1247 3645 1316 ἔφυγε,
3668 1249 3738 1301 καὶ

2233 1338 2610 1412 μετεχώρησεν
2633 1339 2952 1411 ὁποιδήποτε
2970 1357 2983 1371 ·
3021 1338 3199 1410 (τοῦτο
3226 1338 3335 1411 γὰρ
3359 1341 3452 1393 οὐκ
3476 1339 3657 1411 ἔχουσιν
3678 1344 3736 1392 εί-

2230 1431 2406 1502 πεῖνο)
2433 1433 2641 1485 ἐκεῖνον
2666 1432 2761 1503 μὲν
2786 1431 3146 1503 ἀμεληθῆναι,
3172 1432 3300 1497 τοὺς
3328 1431 3382 1484 δὲ
3406 1431 3521 1502 περὶ
3544 1431 3622 1483 τὸν
3644 1431 3741 1502 ’Ᾱρο

2231 1525 2388 1579 σαλον
2421 1526 2647 1598 Σκιροὺς
2683 1525 2838 1589 θεοὺς
2880 1524 3401 1596 προσαγορεύεσθαι,
3429 1524 3515 1577 καὶ
3548 1523 3633 1587 τὰς
3661 1540 3732 1577 κα-

2227 1616 2395 1689 τάρας
2420 1618 2513 1670 ἐπὶ
2539 1616 2742 1671 τούτων
2759 1616 3030 1670 ποιεῖσθαι
3049 1616 3110 1687 δη
3119 1615 3282 1687 μοσία
3305 1615 3394 1668 καὶ
3419 1612 3518 1685 ἰδίᾳ
3539 1613 3738 1675 Λυκίους.

2228 1708 2446 1772 Τούτοις
2465 1709 2563 1780 μὲν
2582 1704 2675 1763 οὖν
2688 1710 2849 1779 ὅμοια
2871 1707 3039 1761 πολλὰ
3064 1706 3245 1761 λαϐεῖν
3265 1708 3411 1761 ἔστιν
3431 1708 3489 1759 ἐκ
3508 1706 3601 1760 τῶν
3617 1706 3742 1776 itqu

2157 1784 2200 1841 Β
2227 1799 2563 1870 λογουμένων
2579 1817 2592 1829 '
2621 1801 2668 1852 εί
2698 1799 2755 1852 δὲ
2778 1801 2887 1864 τοῖς
2911 1799 3317 1869 νενομισμένοις
3331 1798 3434 1851 τῶν
3454 1797 3577 1851 θεῶν
3596 1798 3747 1868 ὀνόμα-

2231 1908 2283 1944 σι
2315 1891 2573 1962 δαίμονάς
2610 1908 2763 1955 τινας
2788 1890 3081 1962 καλοῦμεν,
3107 1891 3169 1944 ού
3204 1888 3553 1961 θαυμαστέον,
3582 1885 3744 1942 εἶπενὸ

2230 1980 2396 2047 ξένος.
2428 1976 2498 2053 ’ᾫ
2524 1982 2632 2054 γὰρ
2672 1982 2900 2046 ἕκαστος
2930 1981 3036 2053 θεῷ
3082 1982 3454 2047 συντέτακται,
3484 1981 3569 2035 καὶ
3595 1975 3647 2034 οὗ
3673 1982 3745 2050 τῖς

2225 2072 2506 2143 δυνάμεως
2547 2072 2895 2144 μετείληχεν,
2948 2070 3056 2126 ἀπὸ
3092 2072 3282 2126 τούτου
3314 2072 3456 2143 φιλεί
3486 2072 3745 2126 καλεῖσθαι·

2227 2164 2322 2217 καὶ
2347 2163 2455 2235 γὰρ
2486 2163 2640 2236 ἡμῶν
2666 2165 2695 2217 ό
2730 2164 2829 2235 μέν
2862 2166 2945 2229 τίς
2985 2165 3101 2217 ἐστι
3139 2167 3279 2231 Δῖος,
3334 2167 3362 2218 ὁ
3393 2165 3449 2217 δὲ
3492 2164 3746 2235 Ἀθηναῖος.

2225 2258 2254 2309 ό
2292 2256 2348 2310 δὲ
2406 2256 2778 2323 Ἀπολλώνιος,
2814 2257 2847 2328 ἢ
2891 2255 3186 2322 Διονύσιος,
3224 2257 3256 2329 ἢ
3320 2254 3589 2329 Ἑρμαῖος.
3642 2255 3749 2308 Ἀλλ’

2225 2348 2355 2402 ἔνιοι
2402 2349 2499 2420 μὲν
2538 2350 2633 2404 καὶ
2671 2349 2846 2423 ὀρθῶς
2879 2351 3021 2406 κατὰ
3058 2351 3228 2423 τύχην
3274 2351 3601 2423 ἐκλήθησαν·
3642 2351 3683 2403 οἱ
3713 2349 3751 2401 ἱὲ

2225 2442 2408 2497 πολλοὶ
2436 2443 2599 2514 μηδὲν
2621 2443 3025 2517 προσηκούσας,
3054 2444 3167 2499 ἀλλ’
3199 2440 3597 2515 ἐνηλλαγμένας
3624 2444 3751 2510 tam}

2227 2552 2386 2590 σαντο
2414 2535 2551 2591 θεῶν
2576 2536 2955 2608 παρωνυμίας.
2992 2556 3009 2588 ι
3041 2534 3267 2590 Τοσαῦθ⁸
3292 2538 3323 2589 ὁ
3346 2536 3680 2606 Πλούταρχος·
3710 2535 3752 2584 ἒν

2222 2623 2304 2694 οἷς
2347 2629 2644 2684 ἐσπούδασε
2686 2629 2815 2701 περὶ
2856 2628 2964 2683 τῶν
3009 2628 3403 2683 ἐκλελοιπότων
3431 2627 3752 2700 χρηστηρίων.

2223 2722 2360 2796 πρὸς
2385 2725 2497 2786 τοῖς
2535 2721 2713 2787 ἄλλοις
2748 2721 2841 2776 καὶ
2869 2720 3121 2792 θνήσκειν
3152 2719 3427 2792 παριστὰς
3452 2720 3571 2781 τοὺς
3600 2716 3753 2786 δαίμο-

2221 2832 2339 2880 νας,
2356 2815 2386 2869 ὃ
2408 2815 2501 2871 καὶ
2524 2815 2653 2868 αὐτὸ
2677 2816 2815 2869 κατὰ
2840 2814 2930 2868 τὸν
2956 2815 3141 2869 δέοντα
3166 2814 3358 2885 καιρὸν
3389 2810 3754 2882 παραθήσομσῖ.

2222 2905 2370 2969 Τέως
2408 2906 2463 2959 δὲ
2498 2904 2631 2977 φέρε
2668 2903 3052 2976 συλλεξὼμεθα
3091 2905 3190 2957 ὅσα
3230 2902 3369 2956 ἄλλα
3408 2903 3533 2974 περὶ
3563 2901 3650 2971 τῆς
3671 2899 3755 2950 τάν

2220 2995 2459 3066 ἀγαθῶν,
2490 2996 2563 3061 ὣς
2595 3014 2747 3067 φησι,
2782 2995 3049 3066 δαιμόνων
3082 2995 3373 3066 δυνάμεώς
3420 3013 3477 3048 τε
3518 2993 3606 3046 καὶ
3634 2993 3756 3058 eve;-

2220 3085 2372 3155 γείας
2402 3081 2555 3148 αὖθις
2578 3086 2606 3137 ὁ
2630 3085 2729 3155 τὴν
2759 3083 2878 3139 καθ’
2909 3084 3064 3156 ἡμῶν
3090 3087 3364 3156 συσκευὴν
3409 3080 3753 3153 πεποιημένος.

541 3181 736 3233 lininm
787 3188 882 3233 aut
910 3177 1227 3244 Bacchium,
1285 3190 1380 3233 aut
1427 3178 1799 3236 Mercurialem
1854 3184 2112 3253 appellari

2220 3149 2276 3232 έν
2321 3171 2404 3241 οἷς
2448 3149 2725 3249 ἐπέγραψε
2771 3177 2899 3250 περὶ
2931 3149 3045 3248 ’τῆς
3094 3178 3159 3231 ὲκ
3205 3149 3409 3246 λογίων
3462 3149 3757 3245 φιλοσοφίαὲν

537 3274 808 3326 videmus.
840 3272 919 3325 Ac
943 3272 1191 3325 nonnulli
1223 3274 1442 3341 quidem
1472 3288 1596 3327 vere
1616 3289 1680 3327 ac
1708 3275 1900 3330 met-ito
1933 3276 1985 3331 id
2012 3292 2112 3331 no-

541 3366 706 3420 minis
739 3380 869 3419 casu
906 3366 1143 3434 quodam
1173 3365 1434 3430 habuere,
1463 3365 1738 3438 plerisque
1768 3377 1948 3425 tamen
1979 3371 2112 3426 alie-

540 3474 667 3511 num
704 3473 954 3527 prorsus,
1006 3457 1346 3528 minimeque
1391 3470 1577 3528 aptum
1607 3469 1662 3514 et
1699 3463 1979 3517 cohaerens
2015 3461 2109 3517 Dei

538 3558 959 3620 cognomentum
1009 3550 1255 3605 adhaesit.
1296 3569 1313 3600 ι
1368 3548 1494 3604 llam;
1548 3549 1896 3619 Plutarchus,
1942 3554 1996 3607 in
2041 3554 2108 3609 iis

537 3643 693 3712 ipsis,
724 3658 848 3712 quae
879 3643 945 3697 de
975 3643 1239 3698 exhausta
1267 3642 1612 3697 oraculorum
1644 3644 1715 3707 vi,
1753 3661 1950 3716 magno
1993 3654 2109 3700 stu-

537 3736 629 3790 dio
654 3734 1047 3804 diligentiaque
1069 3735 1418 3805 conscripsit,
1438 3736 1586 3805 ipsos
1619 3738 1780 3792 etiam
1813 3740 2105 3807 daemones,

537 3837 733 3898 praater
765 3828 891 3891 alia,
928 3829 1090 3882 morti
1132 3829 1448 3897 subjicicns,
1480 3829 1530 3881 id
1565 3831 1708 3899 quod
1741 3846 1771 3884 a
1814 3832 1970 3885 nobis
2007 3846 2109 3885 suo

536 3936 754 3992 quoque
783 3930 1024 3989 tempore
1048 3919 1374 3989 proferetur.
1409 3924 1619 3974 Interea
1659 3938 1809 3988 vero,
1841 3924 2107 3993 quidquid

533 4022 793 4082 praeterea
828 4011 895 4065 de
929 4013 1194 4067 bonorum
1227 4013 1309 4084 (ut
1341 4015 1456 4083 ipse
1480 4015 1658 4085 vocat)
1688 4015 1995 4069 daemonum
2026 4016 2107 4068 vi-

534 4105 687 4159 ribus
714 4118 777 4158 ac
809 4102 1063 4158 facultate
1087 4104 1252 4158 tradit
1286 4104 1639 4176 Porphyrius,
1669 4106 1977 4160 concinnati
2005 4106 2104 4161 ad-

530 4212 723 4252 versus
764 4205 983 4251 nostros
1015 4198 1195 4266 operis
1222 4196 1440 4264 artifex,
1472 4198 1523 4251 in
1552 4197 1639 4264 iis,
1669 4213 1790 4267 qua:
1845 4198 2102 4267 deprom-

532 4298 623 4358 pta
650 4303 715 4343 εχ
739 4287 980 4342 oraculis
1010 4289 1352 4359 philosophia
1382 4290 1660 4344 memoria:
1682 4290 1938 4360 prodidit,
1966 4305 2103 4344 con-

533 4395 809 4451 geramus.
840 4378 976 4433 Illutl
1012 4381 1157 4434 enim
1199 4383 1571 4451 potissimum,
1607 4382 1686 4437 uti
1722 4382 1836 4451 jam
1876 4383 2101 4451 saepius,

531 4474 607 4527 ita
635 4488 779 4527 nunc
803 4487 1024 4543 quoque
1057 4482 1249 4527 testem
1293 4474 1612 4544 producere,
1646 4476 1876 4546 ejusque
1922 4477 2103 4532 verbis

530 4565 810 4636 vulgatum
833 4565 901 4619 de
931 4565 1016 4619 his
1038 4580 1177 4635 quos
1204 4566 1294 4620 isti
1324 4581 1425 4636 pro
1454 4568 1558 4624 diis
1603 4569 1826 4636 habent,
1857 4584 2100 4625 errorem

601 4738 713 4811 (99)
752 4740 949 4805 Δίκας.
982 4738 1283 4807 Plutarch,
1313 4744 1640 4810 δικαιώσεις.

603 4812 1052 4891 (,1)Σολ-ύμοινς.
1109 4811 1532 4891 StephaniOE
1584 4814 1831 4891 ῌΑισίδαι,
1895 4819 2099 4887 inquit,

531 4881 791 4956 πρότερον
835 4881 1095 4956 Σόλυτμοιο
1138 4881 1253 4956 ἐστι
1298 4883 1353 4937 δὲ
1392 4885 1543 4950 ἔθνος
1582 4886 1884 4956 βάρϐαρον,
1915 4881 2100 4943 κοὶτοιὲ

531 4950 659 5029 κοῦν
708 4950 1323 5029 ’παρά-τὴνιἋσπένδον,
1347 4956 1439 5029 καὶ
1467 4958 1565 5029 τὴν
1582 4950 1860 5012 Κιλικίαν.
1891 4958 2101 5015 Plinius

531 5021 625 5075 lib.
662 5037 718 5087 γ,
747 5021 805 5076 ο.
830 5023 920 5085 27,
942 5021 1095 5077 idem
1145 5026 1349 5079 scribit.
1385 5021 1583 5082 Strabo
1613 5040 1790 5083 tamen
1817 5044 1912 5085 eos
1941 5032 2102 5086 modo

533 5091 585 5144 in
623 5090 846 5167 Pisidia,
876 5095 1037 5167 modo
1065 5093 1286 5167 Lyciam
1320 5096 1463 5151 inter
1494 5114 1557 5153 ac
1584 5097 1839 5153 Pisidiam
1865 5101 2097 5167 medios,

530 5171 695 5242 atque
742 5154 1070 5242 inl’summis
1105 5154 1440 5242 Taut'i_jugi3
1474 5170 1773 5242 constituit.
1793 5170 1916 5242 Sed
1951 5154 2100 5224 tanta

530 5232 782 5311 vicinitas
806 5230 1047 5311 iacit_._ut
1080 5236 1240 5311 mon
1264 5230 1573 5311 Lyciorum,
1602 5239 2098 5311 modoiPisidarum

533 5306 751 5379 nomine
792 5306 1154 5379 appellentur.
1207 5306 1361 5379 Sane
1408 5309 1570 5376 paulo
1616 5322 1739 5379 post
1777 5310 2102 5367 Plutarchus

532 5368 900 5448 S‘olyntoruin-
928 5378 1149 5448 numina
1179 5392 1300 5431 cum
1347 5368 1523 5448 Lyciis
1571 5368 1825 5435 omnibus
1854 5397 2101 5435 commu-

532 5443 904 5563 giﬁauﬁpud
941 5446 1141 5500 Homer
1184 5448 1279 5501 ’11.
1309 5446 1362 5500 Z'
1390 5443 1747 5512 Bellerophon
1785 5452 1838 5504 in
1874 5452 2098 5523 Lyciam

531 5524 834 5578 prorectus,

528 5580 815 5648 Δεύτερον
841 5579 916 5638 αὖ
939 5587 1257 5656 Σολύμοισι
1277 5590 1632 5658 μαχέσσατο
1664 5591 2062 5663 κυδαλίμοισι.

527 5674 603 5796 2:1
610 5671 848 5799 [ἐρρίγσῆ
869 5674 946 5741 E',
975 5695 1146 5736 novos
1171 5684 1437 5752 quosdam
1476 5683 1728 5744 Solymos
1760 5686 1900 5741 ultra
1928 5682 2100 5742 Orca-

757 5762 824 5799 nn
878 5762 895 5799 :
1072 5775 1078 5784 -

757 5762 848 5815 tgtt
878 5762 895 5799 :
1072 5775 1078 5784 υ

2218 3270 2507 3326 ἐκτίθεται.
2556 3270 2805 3325 Μάλιστα
2839 3269 2948 3342 γὰρ
2980 3270 3128 3342 αὐτῷ
3161 3272 3256 3324 καὶ
3290 3270 3391 3325 νῦν
3433 3267 3759 3333 ὡςσπολλάκις

2219 3362 2455 3435 μάρτυρι
2476 3364 2749 3435 χρήσομαι
2775 3363 2868 3416 καὶ
2896 3361 3103 3435 ἐλέγχῳ
3136 3363 3235 3434 τῆς
3266 3364 3404 3437 περὶ
3429 3361 3523 3426 οὓς
3548 3360 3759 3425 63011;;-

2216 3454 2437 3507 ϐάνουσι
2472 3454 2628 3517 θεοὺς
2681 3454 2911 3525 πλάνης,
3006 3453 3085 3517 ὡς
3140 3454 3205 3509 ἂν
3256 3456 3325 3513 ὲκ
3385 3456 3498 3510 τῶν
3579 3455 3760 3508 οἰκείων

2217 3544 2386 3615 βελῶν
2428 3546 2521 3599 καὶ
2563 3545 2908 3618 τοξευμάτων
2958 3545 3275 3619 βαλλόμενοι
3325 3546 3759 3618 καταισχύνοινῖο.

2215 3638 2400 3702 Οὕτως
2431 3638 2538 3710 γὰρ
2582 3640 2673 3691 καὶ
2702 3638 2897 3706 γένοιτ’
2925 3638 2993 3692 ἂν
3032 3640 3164 3710 ἡμῖν
3201 3635 3262 3703 ἐξ
3304 3637 3492 3692 αὐτῶν
3538 3638 3638 3690 τῶν
3673 3638 3759 3696 rei;

2215 3729 2355 3794 θεοῖς
2388 3729 2720 3802 προσφιλῶν,
2751 3731 2843 3784 καὶ
2868 3729 2933 3801 δὴ
2965 3731 3057 3784 καὶ
3087 3729 3329 3783 εὐσεϐῶν
3365 3728 3763 3800 νενομισμένων,

2214 3819 2458 3892 ἀκριϐῶς
2482 3838 2543 3874 τε
2579 3821 2670 3875 τὸν
2702 3821 2829 3891 περὶ
2862 3820 2970 3873 τῶν
3002 3820 3216 3874 οἰκείων
3245 3821 3407 3890 λόγον
3445 3817 3762 3892 διηρευνηκί·

2210 3930 2339 3978 των,
2373 3912 2664 3984 ἀνελλιπὴς
2695 3914 2789 3965 καὶ
2812 3912 3184 3983 ἀπαραίτητος
3211 3915 3245 3984 ἡ
3275 3913 3393 3966 τῶν
3424 3910 3765 3986 προκειμένων

2212 4003 2505 4070 ἀπόδειξις.
2554 4005 2760 4077 Γράφει
2802 4003 3059 4058 δὲταῦτα
3090 4006 3119 4058 ὁ
3162 4005 3565 4076 δεδηλωμένος,
3606 4006 3661 4057 ὲν
3697 3995 3763 4061 εἶς

2211 4100 2492 4169 ἐπέγραψε
2528 4100 2657 4170 περὶ
2686 4098 2785 4168 τῆς
2809 4100 2873 4150 ὲκ
2904 4098 3100 4166 λογίων
3123 4097 3475 4170 φιλοσοφίας,
3504 4097 3628 4153 ἔνθα
3652 4111 3770 4167 μαρ-

2210 4189 2433 4262 τύρεται
2467 4191 2541 4262 μὴ
2582 4189 2651 4243 τὰ
2681 4190 2970 4262 ἀπόρρητα
3001 4188 3109 4243 τῶν
3151 4190 3289 4243 θεῶν
3316 4190 3623 4260 ἐκφαίνειν,
3663 4190 3769 4240 ἐπο-

2214 4282 2483 4354 μνύμενός
2509 4299 2568 4334 τε
2608 4282 2771 4345 αὐτὸς
2801 4283 2896 4336 καὶ
2928 4283 3324 4355 παραγγέλλων
3370 4284 3658 4357 κρύπτειν,
3693 4278 3771 4332 καὶ

2213 4374 2288 4445 μὴ
2329 4375 2410 4437 εἰς
2450 4372 2678 4438 πολλοὺς
2723 4374 2979 4444 ἐκφέρειν
3010 4374 3080 4426 τὰ
3120 4373 3531 4447 λεχθησόμενα.
3573 4373 3697 4426 Τίνα
3723 4369 3769 4421 δὲ

2210 4460 2277 4537 ἦν
2311 4466 2379 4518 τά
2409 4463 2662 4531 τοιαῦτας
2699 4466 2802 4519 Τὸν
2843 4466 2995 4520 Πᾶνα
3030 4465 3284 4519 Διονύσου
3314 4469 3461 4539 φησι
3489 4466 3774 4538 θεράποντα

2206 4554 2374 4612 εἶναι·
2426 4556 2616 4611 τοῦτον
2662 4557 2719 4611 δὲ
2749 4556 2856 4611 τῶν
2900 4556 3119 4628 ἀγαθῶν
3168 4558 3296 4613 ὄντα
3330 4560 3632 4631 δαιμόνων,
3669 4558 3770 4609 ἑπι-

2274 4760 2391 4833 ζὸν
2484 4760 2554 4825 ἐξ
2579 4733 2873 4815 Αἰθιόπων
2896 4762 3082 4816 ἀνιὼν
3113 4765 3327 4831 κρείων
3368 4765 3578 4819 Ἐνοσί
3578 4767 3744 4833 χθων,

2278 4831 2543 4900 Τηλόθεν
2569 4833 2638 4885 ἐκ
2671 4834 2959 4902 Σολύμων
2991 4833 3179 4901 ὀρέων
3205 4833 3358 4888 ἴδεν.

2204 4919 2373 4993 Quem
2405 4921 2667 4993 in_locum
2712 4920 2908 4976 Strabo
2952 4924 3046 4978 lib.
3087 4940 3143 4977 ιι
3182 4925 3327 4980 Ἴσον.
3372 4925 3495 4993 τῷ,
3549 4926 3656 4980 ἀπὸ
3696 4940 3778 4993 με-

2205 4980 2729 5077 ξημϐδρινῶνςτλόπων
2751 5010 2763 5021 ·
2812 4993 3084 5077 Σολύμους
3125 4994 3336 5077 λέγων,
3384 4980 3451 5050 ού
3482 4980 3614 5060 τοὺς
3640 4980 3776 5077 sitq

2203 5061 2436 5138 Πισιδίᾳ,
2465 5062 2600 5116 ἀλλὰ
2629 5062 2836 5138 πλάσας
2864 5061 3016 5138 τινὰς
3042 5061 3369 5138 ὁμωνύμους
3391 5109 3406 5131 ,
3440 5069 3575 5131 τοὺς
3606 5061 3781 5138 ἀναλόξ

2203 5149 2315 5200 γως
2346 5132 2566 5205 ἔχοντας
2596 5132 2732 5205 πρός
2774 5151 2832 5186 τε
2887 5134 2976 5187 τὸν
3036 5132 3287 5198 πλέοντα,
3358 5139 3464 5191 καὶ
3513 5139 3641 5200 τοὺς
3681 5136 3784 5188 ἐκεῖ

2207 5203 2650 5275 μεσημϐρινοὺς,
2688 5203 2764 5266 ὡς
2823 5205 2889 5257 ἂν
2937 5205 3231 5271 Αἰθίοπας·
3276 5207 3353 5271 ὡς
3406 5212 3459 5262 οἱ
3530 5204 3783 5263 Πισιδικοὶ

2204 5272 2341 5395 ἓτρός
2373 5272 2442 5325 τε
2467 5273 2557 5326 τὸν
2587 5273 2775 5328 πόντον
2793 5313 2806 5338 ,
2841 5275 2933 5329 καὶ
2957 5277 3083 5340 τοὺς
3113 5278 3252 5351 ὑπὲρ
3275 5279 3379 5350 τῆς
3396 5279 3690 5349 Αἰγύπτου
3706 5280 3783 5330 Δί-

2242 5359 2415 5395 ιοπας.

2242 5359 2415 5405 ιοπας.

2271 5413 2353 5487 (2)
2390 5415 2707 5487 Ἄρσαλον,
2740 5423 2849 5470 etc.
2893 5414 2968 5470 lta
3025 5418 3170 5472 enim
3216 5417 3516 5475 Plutarch.
3559 5420 3628 5475 At
3675 5417 3787 5487 ejus

2202 5485 2698 5561 socioshf’Aplu'cov
2745 5488 2838 5561 mit:
2884 5487 3134 5561 Τόσιϐιν,
3190 5499 3363 5543 mutat
3400 5492 3461 5544 in
3514 5485 3785 5561 Δρύονἰει

2203 5553 2765 5624 Τροισωϐόνξδιιίαιοε
2796 5555 3014 5612 Tosihis
3052 5560 3214 5612 unius
3244 5562 3527 5623 ittcniinit,
3562 5553 3649 5614 his
3679 5572 3784 5611 ver-

2200 5624 2577 5748 ΙᾸὶδ,ίΤόσιϐις,
2609 5625 2727 5690 θεὸς
2753 5626 2882 5693 τῶν,
2918 5629 3088 5697 deest,
3122 5632 3333 5699 opinor,
3371 5631 3670 5704 Σολύμων,
3701 5638 3787 5684 aut

2252 5711 2321 5747 υκ
2343 5711 2438 5748 ων.

2252 5711 2438 5749 υκιων.

3852 458 3857 531 1
