3890 6384
492 348 595 403 359

500 465 659 535 196
676 462 816 517 Idem
837 463 963 519 alibi
994 464 1270 520 missionis
1296 465 1433 519 hanc
1455 465 1564 519 edit
1595 466 1883 531 rationem,

498 573 733 652 Naiades
777 592 806 628 ο
841 574 1090 652 Phoebum
1131 592 1249 652 cum
1276 575 1445 652 dlusis
1492 578 1675 652 solvite
1701 578 1979 652 Nympha,

493 647 797 699 Arcitenens
825 647 963 700 vobis
989 654 1145 699 cantu
1167 646 1452 701 celebretur
1468 648 1677 717 Apollo.

494 736 842 809 Rursumque
864 738 1013 805 alibi,

498 827 686 883 Tollite
707 829 825 898 jam
852 839 1014 893 serta,
1041 847 1102 883 ac
1126 831 1268 883 niveo
1299 832 1518 901 vestigia
1546 849 1661 887 rore

494 965 735 1037 Spargite
760 983 779 1020 :
803 984 923 1022 mox
944 969 1156 1021 inducta
1184 968 1315 1024 leves
1342 970 1467 1023 mihi
1496 970 1635 1024 linea
1656 988 1863 1040 gressus

498 1104 772 1171 Expediat.
818 1103 1029 1159 Dextra
1092 1106 1345 1159 insertam
1387 1106 1660 1159 subducite
1727 1109 1985 1170 laurum;

496 1174 625 1229 Cum
650 1174 869 1244 geminis
896 1175 1131 1244 geminas
1156 1176 1327 1231 oculis
1353 1177 1630 1245 abstergite
1660 1194 1834 1239 nares,

494 1306 658 1375 Atque
673 1306 953 1375 hominem,
972 1309 1164 1378 osocii,
1198 1324 1334 1363 nunc
1357 1310 1569 1365 tandem
1595 1311 1816 1365 emittite
1848 1312 2054 1367 terris.»

492 1418 701 1485 Quibus
746 1420 928 1477 allatis
965 1422 1108 1477 idem
1146 1432 1356 1490 auctor,
1408 1441 1427 1475 ε
1454 1423 1636 1479 Linea:
1664 1424 1945 1491 nimirum,
1974 1425 2059 1479 in-

492 1511 627 1579 quit,
652 1527 763 1581 quo
796 1512 947 1569 abire
974 1514 1167 1583 possit,
1198 1524 1257 1569 ut
1285 1515 1629 1581 inducantur,
1661 1514 1885 1587 ﬂagitat,
1913 1517 2058 1585 quod

494 1604 559 1658 iis
602 1605 931 1661 constrictus
972 1615 1286 1662 teneretur:
1315 1624 1417 1663 nec
1459 1608 1527 1665 iis
1555 1610 1738 1676 modo,
1766 1611 1859 1671 sed
1894 1610 2056 1665 etiam

493 1693 701 1763 reliqua
738 1696 967 1751 vestitus
1012 1697 1471 1769 conﬁguratione,
1516 1701 1661 1769 quod
1708 1710 2055 1757 evocatorum

492 1787 781 1842 murrinum
810 1790 1045 1859 speciem
1076 1798 1238 1861 atque
1273 1792 1563 1861 imaginem
1591 1808 1701 1862 prae
1732 1808 1791 1848 se
1816 1792 1998 1848 ferret.
2032 1812 2051 1846 ι
2089 1819 2132 1874 Β

494 1877 752 1948 Equidem
792 1880 878 1935 his
912 1882 1168 1938 omnibus
1221 1883 1377 1953 plane
1435 1884 1741 1939 confectum
1784 1885 2057 1948 existimo,

494 1970 627 2025 nihil
664 1987 892 2041 prorsus
935 1982 1031 2028 aut
1065 1974 1177 2030 Deo
1217 1975 1473 2044 dignum,
1514 1986 1607 2032 aut
1645 1978 1935 2043 excellens,
1968 1988 2061 2032 aut

493 2079 619 2120 vere
650 2065 893 2121 divinum
928 2066 984 2121 in
1026 2067 1307 2138 spiritibus
1339 2069 1447 2125 illis
1494 2070 1750 2137 residere,
1778 2086 1916 2141 quos
1947 2079 2061 2125 tan-

495 2162 605 2208 tam
652 2154 719 2209 ad
752 2155 1111 2212 humilitatem
1147 2158 1387 2228 abiectos
1428 2159 1636 2227 videas,
1673 2169 1737 2215 ut
1775 2176 1805 2218 a
1836 2160 2059 2231 plebeiis

493 2244 657 2298 etiam
697 2261 761 2301 ac
805 2248 1040 2304 sordidis
1075 2249 1390 2307 hominibus
1431 2250 1788 2307 detrahantur
1834 2268 1866 2309 ο
1896 2254 2057 2321 coelo,

494 2333 657 2403 idque
706 2336 775 2391 ab
824 2337 931 2393 illis
977 2338 1099 2400 ﬁat.
1147 2354 1254 2393 non
1306 2342 1450 2411 quod
1497 2343 1681 2413 aliquo
1714 2344 1929 2400 virtutis
1968 2353 2061 2398 aut

494 2424 772 2493 sapientia:
797 2426 978 2483 studio
1004 2438 1281 2498 praestent,
1305 2431 1399 2486 sed
1423 2434 1840 2503 supervacaneis
1863 2435 2060 2493 dunta-

498 2526 593 2572 xat
624 2519 986 2590 inanibusque
1027 2521 1318 2593 praesagiis
1349 2532 1404 2577 et
1432 2524 1778 2580 cantionibus
1824 2525 2058 2582 abutan-

497 2620 605 2664 tur.
654 2607 835 2683 Quare
882 2626 1058 2681 neque
1082 2611 1417 2684 Pythagoras
1459 2614 1549 2669 ille
1580 2614 1848 2681 Rhodius,
1883 2632 2060 2687 neque

496 2701 544 2757 is
576 2703 762 2767 etiam,
792 2702 886 2772 qui
928 2703 1023 2759 tali
1062 2719 1186 2757 eum
1235 2706 1544 2761 testimonio
1585 2708 1924 2774 cohonestat,
1959 2725 2058 2765 ne-

493 2808 600 2865 que
626 2794 765 2849 alius
796 2795 1018 2850 omnino
1044 2797 1331 2866 quisquam
1362 2813 1561 2867 nomen
1596 2799 1662 2855 iis
1685 2800 1908 2856 deorum
1937 2802 2061 2871 jure

494 2887 797 2956 meritoque
843 2887 1120 2955 tribuerit,
1170 2888 1279 2943 imo
1318 2905 1418 2945 nec
1452 2892 1721 2947 bonorum
1753 2894 2057 2949 daemonum

495 2987 641 3035 certe
667 2979 908 3048 quidem,
938 2980 1031 3049 qui
1069 2980 1138 3034 ab
1162 2979 1477 3037 hominibus
1509 2992 1563 3038 et
1594 2984 1754 3039 morti
1784 2985 2057 3051 obnoxiis,

491 3076 547 3124 et
584 3071 1070 3147 prazstigiatoribus
1112 3086 1177 3141 ae
1210 3073 1489 3137 maleﬁcis,
1532 3090 1641 3129 non
1676 3090 1773 3130 sua
1819 3077 1923 3145 ipsi
1959 3093 2057 3133 vo-

1125 348 1399 407 EUSEBH
1435 350 1912 407 CIESARIENSIS
1944 349 2094 407 OPP.
2138 351 2315 406 PARS
2352 350 2415 404 ll.
2452 382 2519 390 —
2561 348 3057 405 APOLOGETlCA.

2088 470 2133 537 Α
2162 466 2269 517 Καὶ
2302 463 2459 516 πάλιν
2488 463 2670 516 ἄλλοτε
2698 463 2955 514 ἀπόλυσιν
2982 461 3147 514 ἔδωκε
3179 460 3429 530 τοιαύτην
3447 474 3461 490 ’

3623 344 3741 415 340

2159 574 2409 639 Ναϊὰδες
2438 575 2681 641 νύμφαι,
2712 576 2977 639 Μούσαις
2998 575 3151 641 μέγα
3171 584 3194 611 ⁸
3218 572 3393 625 λύετε
3421 569 3669 634 Φοῖϐον,

2164 646 2471 715 ’ᾼδουσαι,
2495 643 2663 705 θειαὶ,
2698 644 3061 710 ἑκατηϐόλον
3108 643 3467 713 Ἀπόλλωνα.

2160 738 2271 790 Καὶ
2300 736 2460 790 πάλιν
2489 734 2674 813 ἄλλοτέ
2700 752 2830 805 φησι

2159 826 2393 885 Λύσατέ
2429 844 2530 895 μοι
2567 825 2906 894 στεφάνους
2931 865 2945 889 ,
2984 826 3084 878 καί
3134 842 3252 893 μευ
3324 821 3532 947 mitra;
3559 822 3750 901 ῦδςιτι

3458 933 3473 947 .
3534 911 3675 947 υκω

3458 912 3617 947 ,ιευκ

2170 958 2425 1024 'Pdrare.
2462 982 2558 1019 και
2626 966 2891 1036 γραμμὰς
2958 965 3352 1033 ἀπαλείψατε,
3394 894 3755 1105 (αξ-Ξῖιό-

3472 1050 3674 1086 .touu.

2160 1108 2363 1174 Χειρὸς
2394 1106 2700 1174 δεξιτερῆς
2759 1104 2992 1173 δάφνης
3022 1103 3249 1158 κλάδον
3308 1051 3731 1172 ἄραὲειὲἕέπὲὶ,

2166 1179 2397 1247 Ψιξχετε
2469 1175 2814 1246 ὀφθαλμοὺς
2851 1174 3155 1244 διδύμους,
3186 1174 3363 1242 ῥῖνάς
3412 1188 3753 1313 τῗὼἑῖᾒοσο

2162 1318 2365 1385 Ἄρατε
2392 1317 2557 1389 φῶτα
2586 1316 2828 1387 mian
2853 1314 3331 1389 ἀναστήσαντες,
3353 1314 3605 1378 ἑταῖροι.
3654 1332 3677 1361 ι

2163 1423 2257 1493 Οἷς
2291 1430 2528 1499 ἐπιλέγει
2568 1432 2597 1482 ὁ
2640 1428 3020 1499 συγγραφεύςο
3058 1448 3076 1479 ι
3112 1428 3223 1490 Τὰς
3252 1425 3519 1497 γραμμὰς
3558 1425 3760 1477 τοίνυν

2162 1521 2589 1593 παρακελεύεται
2622 1521 2962 1590 ἀπαλείφειν,
2994 1518 3080 1573 ἵνα
3102 1517 3335 1588 ἀπέλθῃ·
3374 1519 3586 1578 ταύτας
3633 1514 3756 1583 γὰρ

2161 1616 2398 1685 κρατεῖν,
2431 1614 2524 1666 καὶ
2554 1612 2732 1683 μέντοι
2767 1612 2860 1664 καὶ
2889 1610 2950 1664 τὸ
2974 1609 3098 1664 ἄλλο
3129 1609 3311 1679 σχῆμα
3329 1608 3428 1677 τῆς
3442 1605 3754 1668 ἐνδύσεως,

2160 1703 2247 1758 διά
2275 1704 2336 1757 τὸ
2377 1704 2562 1775 φέρειν
2600 1704 2952 1773 είκονίσματα
2982 1700 3089 1755 τῶν
3116 1700 3463 1771 κεκλημένων
3510 1697 3690 1750 θεῶν.
3733 1714 3753 1747 ι

2159 1794 2433 1865 Δεδεῖχθαι
2476 1795 2661 1864 σαφῶς
2692 1795 2928 1866 ἡγοῦμαι
2957 1793 3042 1847 διὰ
3070 1791 3293 1855 τούτων,
3324 1791 3403 1844 ὃτι
3444 1789 3625 1861 μηδὲν
3698 1788 3763 1840 τὸ

2160 1884 2388 1951 καθόλου
2414 1885 2733 1957 θεοπρεπὲς,
2801 1887 2937 1957 μήτε
2968 1885 3127 1956 μέγα,
3168 1886 3306 1954 μήτε
3345 1881 3567 1953 ἀληθῶς
3603 1880 3763 1933 θεῖον

2162 1977 2335 2031 ἔνεστι
2377 1981 2489 2042 τοῖς
2541 1980 2619 2042 εἰς
2652 1977 2903 2031 τοσοῦτον
2946 1977 3326 2047 ταπεινότητος
3373 1990 3764 2027 καταπεπτω-

2161 2068 2280 2122 κόσι
2302 2068 2626 2139 πνεύμασιν,
2654 2068 2730 2132 ὡς
2760 2072 2871 2132 τοῖς
2902 2068 3161 2138 τυχοῦσιν
3185 2066 3493 2138 ἀνθρώποις
3537 2064 3764 2118 ὑποσύ-

2165 2159 2371 2230 ρεσθαι,
2403 2158 2759 2213 καθέλκεσθαί
2783 2176 2842 2213 τε
2863 2160 2925 2214 ού
2956 2160 3023 2212 δι’
3042 2158 3243 2231 ἀρετῆς
3264 2158 3356 2211 καὶ
3387 2156 3584 2225 σοφίας
3618 2157 3764 2210 ἀνάο

2160 2249 2338 2321 ληψιν,
2372 2249 2482 2307 ἀλλ’
2514 2252 2562 2303 εἰ
2619 2251 2774 2320 μόνον
2838 2250 2907 2305 τά
2966 2252 3064 2322 τῆς
3123 2249 3411 2322 περιέργου
3484 2251 3763 2319 γοητεῖας

2164 2341 2470 2411 μετέλθοιεν
2529 2358 2587 2393 τε
2634 2342 2728 2395 καὶ
2766 2342 3159 2414 διαπράξοιντο,
3193 2339 3317 2393 Οῦτ’
3353 2336 3446 2395 οὖν
3488 2340 3689 2411 ὀρθῶς
3734 2340 3765 2393 ὁ

2173 2432 2369 2497 Ῥόδιος
2390 2432 2732 2505 Πυθαγόρας,
2768 2433 2932 2488 οὗθ’τὸ
2970 2434 3142 2505 τούτῳ
3185 2434 3387 2503 ταύτην
3434 2432 3763 2503 παρασχὼν

2159 2528 2258 2598 τὴν
2290 2528 2612 2599 μαρτυρίαν,
2639 2528 2749 2582 οὔθ’
2777 2526 3024 2587 ὁστισοῦν
3057 2526 3362 2599 ἀνθρώπιον
3388 2526 3548 2589 θεοὺς
3570 2542 3765 2596 προσ-

2160 2615 2301 2670 είποι
2350 2615 2415 2669 ἂν
2446 2616 2699 2686 εὐλόγως·
2734 2617 2848 2671 ἀλλ’
2872 2618 2994 2673 οὐδὲ
3021 2618 3257 2686 ἀγαθοὺς
3282 2616 3564 2686 δαίμονας,
3622 2616 3765 2678 τοὺς

2163 2708 2267 2762 ὑπὸ
2292 2707 2501 2780 θνητῶν
2530 2709 2850 2781 ἀνθρώπων,
2882 2710 2976 2764 καὶ
3004 2708 3179 2763 ταῦτα
3205 2711 3413 2779 γοήτων
3440 2747 3455 2771 ,
3492 2708 3555 2761 ού
3607 2706 3764 2760 κατὰ

2161 2796 2382 2868 γνώμην
2410 2795 2755 2871 οἰκείαν,’βίᾳ
2780 2799 2835 2852 δὲ
2863 2800 2956 2854 καὶ
2984 2798 3195 2870 ἀνάγκῃ
3232 2798 3574 2871 συρομένους
3605 2836 3625 2861 ,
3660 2797 3765 2851 καὶ

2166 2888 2298 2959 μηδὲ
2334 2890 2432 2961 τῆς
2476 2892 2581 2944 τῶν
2618 2892 2831 2962 δεσμῶν
2881 2889 3197 2955 ἀπολύσεως
3223 2890 3321 2963 τὴν
3365 2891 3629 2954 ἐξουσίαν
3670 2892 3763 2955 ἐφ’

2163 2983 2371 3045 ἑαυτοῖς
2397 2983 2629 3053 ἔχοντας.
2672 2985 2734 3036 Εἰ
2768 2982 2874 3054 γὰρ
2908 2982 2970 3055 δὴ
2995 2983 3249 3038 ἁϐίαστον
3279 2985 3370 3037 καὶ
3420 2984 3764 3052 ἀκατανάγ-

2162 3091 2378 3139 καστον,
2404 3076 2497 3129 καὶ
2529 3075 2745 3133 πάντων
2775 3078 3046 3147 κρεῖττον,
3094 3076 3191 3143 τὴν
3243 3075 3401 3149 φύσιν
3428 3076 3674 3138 ,ἀπαθὲς
3700 3075 3767 3129 ὃν

493 3164 719 3227 luntate.
752 3164 845 3219 sed
877 3164 927 3219 vi
951 3165 1184 3235 quadam
1216 3174 1270 3219 et
1295 3166 1617 3225 necessitate
1655 3168 2056 3238 pertrahantnr,

2165 3164 2258 3218 καὶ
2288 3164 2566 3237 ἐλεύθερον
2590 3165 2649 3219 τὺ
2679 3165 2829 3219 Θείον
2852 3182 2863 3194 ⁸
2893 3164 3009 3229 πῶς
3043 3165 3109 3219 ἂν
3139 3157 3252 3216 εἷεν
3277 3165 3408 3230 θεοὶ,
3442 3166 3767 3235 μαγγανεί-

494 3272 559 3312 ac
590 3273 657 3311 ne
687 3258 948 3313 redeundi
975 3257 1193 3327 quidem
1236 3258 1326 3328 jus
1362 3274 1429 3313 ex
1462 3274 1521 3315 se
1548 3260 1681 3329 ipsis
1712 3274 1807 3316 aut
1835 3262 2062 3318 faculta-

498 3366 602 3406 tem
643 3351 895 3407 habeant.
949 3348 1267 3414 Enimvero,
1305 3351 1349 3405 si
1385 3350 1651 3419 ejusmodi
1695 3368 1894 3407 numen
1942 3369 2063 3410 esse

492 3442 687 3508 debet,
725 3443 814 3497 cui
858 3457 959 3505 nec
998 3441 1082 3498 vis
1132 3441 1333 3509 alIerri,
1376 3458 1477 3497 nec
1519 3446 1722 3514 imponi
1766 3449 2061 3506 necessitas

493 3534 604 3589 ulla
663 3534 869 3603 possit,
929 3534 1184 3603 quodque
1236 3534 1399 3589 rebus
1457 3534 1728 3592 universis
1792 3538 1953 3593 altius
2007 3548 2062 3594 et

495 3626 805 3697 augustius,
858 3633 1109 3680 naturam
1155 3635 1209 3680 et
1251 3626 1320 3680 ab
1361 3628 1511 3681 omni
1552 3629 1787 3698 patiendi
1824 3631 2060 3687 solutam

492 3716 772 3785 periculo,
816 3725 869 3770 et
906 3716 1156 3772 libertate
1210 3716 1489 3786 praeditam
1550 3719 1789 3779 habeat:
1836 3732 1895 3777 tu
1928 3723 2060 3779 deos

494 3808 729 3877 appelles
788 3808 960 3874 istos,
1016 3809 1109 3878 qui
1155 3809 1237 3863 vel
1284 3808 1552 3878 ejusmodi
1608 3812 1942 3881 ﬁgurarum,
1995 3814 2061 3868 li-

494 3916 754 3967 nearum,
813 3902 1220 3971 imaginumque
1265 3902 1533 3959 machinis
1574 3904 1801 3971 deduci,
1840 3906 1923 3961 vel
1966 3921 2061 3962 co-

492 4008 787 4061 ronarum,
838 4002 894 4047 et
932 3992 1125 4047 ﬂorum
1168 4003 1417 4048 externo
1443 3995 1748 4057 visceribus
1793 4000 2059 4059 exsisten-

492 4085 629 4138 tium
681 4084 984 4150 illecebris,
1033 4085 1116 4139 vel
1160 4085 1405 4141 barbaris
1439 4088 1763 4157 quibusdam
1802 4092 2060 4162 omnique

493 4173 887 4245 signiﬁcatione
957 4174 1268 4230 carentibus
1326 4176 1477 4231 sonis
1539 4192 1603 4232 ac
1662 4180 1889 4239 vocibus
1948 4181 2061 4239 ine-

493 4268 665 4332 scari,
728 4266 971 4336 adeoque
1032 4267 1523 4336 abjectissimorum
1569 4273 1733 4326 etiam
1777 4273 2059 4330 hominum

492 4359 779 4414 arbitrium
840 4360 994 4429 sequi
1061 4370 1362 4429 nutumque
1427 4362 1663 4429 soleant,
1724 4374 1784 4420 ut
1832 4367 2060 4435 quibus-

492 4455 617 4507 dam
672 4452 828 4522 quasi
882 4451 1115 4507 vinculis
1185 4467 1465 4508 servorum
1534 4456 1706 4510 instar
1758 4460 2058 4529 mancipio-

2166 3276 2251 3323 αις
2321 3261 2440 3323 ταῖς
2475 3260 2560 3313 διὰ
2595 3260 2809 3314 τοιῶνδε
2854 3260 3147 3331 σχημάτων
3186 3260 3278 3335 καὶ
3320 3258 3610 3331 γραμμῶν
3658 3260 3764 3313 καὶ

2164 3350 2366 3415 τύπων,
2386 3353 2667 3421 στεφάνοις
2687 3370 2747 3405 τε
2770 3354 2862 3406 καὶ
2877 3356 2987 3416 τοῖς
3010 3352 3117 3405 ἀπὸ
3137 3353 3239 3423 γῆς
3254 3352 3458 3414 ἄνθεσι,
3480 3352 3579 3405 καί
3606 3368 3767 3405 τισιν

2164 3441 2338 3506 ἄλλοις
2352 3443 2581 3515 ἀσήμοις
2597 3444 2691 3497 καὶ
2725 3444 3018 3517 βαρϐάροις
3043 3444 3195 3515 ἤχοις
3214 3460 3273 3496 τε
3297 3444 3392 3496 καὶ
3413 3446 3632 3511 φωναῖς
3655 3462 3766 3513 κη-

2164 3533 2253 3587 λού
2262 3552 2429 3605 μενοι,
2443 3536 2535 3589 καὶ
2548 3538 2657 3599 τοῖς
2667 3535 2829 3607 τυχοῦ
2838 3554 2917 3589 σιν
2930 3533 3236 3604 ἀνθρώποις
3245 3551 3325 3605 χει
3332 3532 3424 3605 ρού
3433 3551 3591 3604 μενοι
3610 3534 3736 3605 (‘20)
3745 3576 3761 3598 ,

2164 3625 2257 3678 καὶ
2288 3626 2525 3697 ὡσπερεὶ
2572 3627 2788 3697 δεσμοῖς
2837 3625 3355 3703 καταδουλούμενοι,
3398 3625 3543 3679 ὥστε
3610 3626 3766 3697 μηδὲ

2161 3716 2259 3787 τὴν
2304 3718 2644 3783 αὐτεξούσιον
2688 3719 2778 3773 καὶ
2813 3719 3201 3791 προαιρετικὴν
3256 3717 3446 3782 σώζειν
3487 3719 3575 3786 ἐφ’
3614 3719 3761 3770 ἑαυ-

2160 3812 2269 3874 τοῖς
2284 3809 2537 3880 δύναμιν;
2566 3810 2689 3874 Πῶς
2707 3812 2750 3864 δ’
2773 3810 2838 3864 ἂν
2861 3810 2963 3864 κᾶν
2991 3810 3184 3879 ἀγαθοὶ
3203 3810 3450 3883 δαίμονες
3473 3807 3765 3880 λεχθεῖεν,

2164 3901 2256 3971 βίᾳ
2300 3903 2393 3956 καὶ
2433 3902 2643 3975 ἀνάγκῃ
2698 3901 3143 3973 κατασπώμενοις
3187 3902 3251 3953 Τί
3300 3900 3408 3971 γὰρ
3459 3900 3524 3953 τὸ
3562 3900 3765 3953 αἴτιον

2160 3994 2285 4057 τοὺς
2314 3995 2343 4035 h
2386 3995 2635 4059 ἄκοντας,
2679 3996 2798 4066 οὐχὶ
2829 3995 2885 4048 δὲ
2927 3992 3300 4059 αὑτεξουσίους
3346 3994 3488 4061 σφᾶς
3541 3992 3768 4055 αὐτοὺς

2160 4088 2272 4151 τοῖς
2306 4087 2551 4157 βοηθείας
2579 4068 2848 4157 δεομένοις
2881 4086 3205 4151 ὲπιδιδόναι;
3240 4087 3301 4138 Εἰ
3332 4087 3438 4155 γὰρ
3473 4086 3563 4136 ἐπ’
3612 4086 3769 4153 ἀγα-

2161 4177 2238 4248 θῷ
2284 4179 2675 4251 ποιοῦνταιτὴν
2708 4178 2938 4248 πάροδον
2983 4178 3175 4247 ἀγαθοὶ
3224 4177 3393 4239 ὄντες,
3437 4176 3535 4229 καὶ
3587 4178 3769 4247 εἴπερ

2160 4290 2242 4335 τις
2272 4267 2338 4341 ἦν
2380 4271 2439 4335 ἐξ
2466 4271 2642 4323 αὐτῶν
2673 4271 2847 4341 ψυχῆς
2875 4270 3134 4345 ὠφέλεια,
3162 4270 3300 4341 χρῆν
3343 4269 3514 4338 δήπου
3550 4286 3769 4342 προαι-

2163 4364 2306 4437 ρέσει
2326 4364 2386 4417 τὸ
2412 4363 2610 4431 ἀγαθὸν
2634 4362 2987 4427 ἀσπάζεσθαι,
3016 4362 3309 4435 φθάνοντας
3336 4362 3448 4423 ταῖς
3471 4361 3705 4413 εὐποιία
3716 4379 3771 4423 ις

2163 4456 2286 4518 τοὺς
2333 4453 2634 4523 δεομένους,
2688 4453 2822 4505 ἀλλά
2871 4452 2943 4523 μὴ
2992 4452 3300 4523 περιμένειν
3358 4450 3636 4519 ἀνάγκην.
3694 4451 3766 4503 Ei

484 4559 725 4615 rumque
754 4544 1059 4609 constricti,
1099 4559 1167 4599 ne
1203 4546 1469 4616 integram
1498 4548 1717 4617 quidem
1743 4564 1807 4609 ac
1833 4552 2056 4608 liberam

2163 4546 2207 4599 δ’
2240 4546 2299 4599 ού
2350 4544 2509 4598 καλὸν
2554 4541 2641 4616 ἦν,
2693 4544 2799 4598 οὐδ’
2852 4543 3088 4612 ὠφελοῦν
3130 4542 3190 4596 τὸ
3234 4542 3638 4612 πραττόμενον,
3676 4543 3781 4607 διὸ¹

492 4638 733 4693 solvendi
782 4638 1212 4708 expediendique
1260 4639 1346 4694 sui
1390 4648 1711 4710 potestatem
1752 4644 2062 4700 retineant?

498 4729 655 4799 197
689 4727 771 4782 Tu
798 4729 973 4785 bonos
999 4729 1161 4785 etiam
1204 4731 1477 4788 daemones
1512 4732 1791 4790 arbitreris
1823 4751 1938 4802 eos,
1966 4738 2060 4806 qui

492 4824 541 4873 vi
573 4831 785 4876 tantum
818 4838 881 4883 ac
904 4822 1230 4878 necessitate
1258 4821 1562 4877 ducantur?
1589 4822 1728 4889 Quid
1763 4826 1906 4879 enim
1930 4843 2061 4881 cau-

494 4930 567 4968 sa:
593 4922 696 4978 est,
730 4914 1087 4984 quamobrem
1123 4915 1275 4969 inviti
1306 4930 1370 4970 ac
1405 4926 1788 4986 repugnantes,
1818 4934 1927 4975 non
1963 4934 2058 4974 sua

491 5004 594 5074 ipsi
657 5014 851 5073 sponte
912 5006 1226 5063 hominibus
1280 5007 1483 5067 auxilio
1539 5022 1640 5063 suo
1693 5010 2058 5081 indigentibus

491 5113 650 5167 opem
692 5097 902 5154 ferant?
948 5097 1083 5153 Nam
1133 5100 1180 5155 si
1234 5100 1482 5155 benelicii
1532 5101 1843 5158 conferendi
1886 5104 2061 5173 gratia

492 5199 754 5261 tanquam
786 5194 915 5248 boni
953 5194 1292 5259 advenirent,
1336 5205 1431 5248 aut
1456 5196 1503 5251 si
1533 5196 1602 5249 ab
1630 5195 1698 5251 iis
1727 5195 1781 5249 in
1811 5196 2056 5252 animum

494 5283 743 5338 utilitatis
772 5285 976 5354 aliquid
1020 5285 1460 5354 proficisceretur
1507 5300 1602 5341 eos
1633 5288 1823 5356 utique
1853 5287 2057 5350 bonum

561 5497 588 5524 ει
623 5502 710 5552 χρ.
756 5486 907 5553 μίγα.
983 5483 1011 5522 ι)
1052 5483 1135 5534 ἴσ.
1164 5482 1278 5533 τοῦ.
1357 5492 1379 5519 ε
1424 5482 1507 5532 ἵσ.
1534 5482 1760 5548 γίνεται.

563 5638 677 5707 (20)
726 5645 1021 5715 Τυχοῦσιν
1036 5646 1363 5715 ἀνθρώποις
1388 5641 1773 5715 χειρούμειςοι.
1788 5638 2063 5715 ‘Clemcns

497 5706 783 5769 Alexandr.
804 5706 865 5766 in
904 5706 1168 5783 Protrept.
1192 5733 1208 5768 :
1233 5706 1417 5778 Μάγοι
1441 5710 1495 5762 δὲ
1529 5706 1649 5779 ἤδη,
1680 5706 1929 5783 ἀσεϐείας
1957 5708 2060 5783 τῆς

498 5784 645 5851 σφῶν
698 5783 875 5841 αὐτῶν
925 5778 1188 5849 ὑπηρέται
1240 5786 1501 5851 δαίμονας
1539 5778 1815 5853 αὐχοῦσιν,
1854 5778 2067 5845 οἰκέτας

2168 4640 2299 4711 μηδὲ
2350 4640 2488 4692 κατά
2530 4637 2753 4709 γνώμην
2802 4638 2982 4700 αὐτοῖς
3021 4635 3259 4705 γίνεσθαι
3294 4646 3340 4697 ε,
3388 4634 3482 4686 καὶ
3528 4635 3658 4697 πῶς
3692 4636 3772 4688 ἂν

2164 4731 2354 4800 ἀγαθοὶ
2386 4726 2512 4793 εἷεν,
2540 4730 2600 4783 τὸ
2634 4731 2706 4803 μὴ
2740 4729 2899 4783 καλὸν
2930 4729 3059 4801 μηδὲ
3096 4727 3363 4801 συμφέρον
3389 4726 3770 4798 πράττοντεςς

2164 4825 2280 4888 πῶς
2319 4824 2377 4877 δὲ
2410 4824 2779 4894 θαυμάζεσθαι
2822 4824 2979 4887 ἄξιοι,
3016 4825 3109 4876 καὶ
3141 4822 3454 4894 θεραπείαις
3486 4822 3637 4875 θεῶν
3679 4843 3773 4878 τι-

2169 4918 2399 4989 μᾶσθαι,
2465 4919 2512 4969 εἰ
2544 4917 2570 4957 ἀ
2605 4918 2697 4969 καὶ
2743 4919 2853 4979 τοῖς
2908 4916 3129 4986 τυχοῦσι
3182 4916 3339 4986 γόησι
3399 4915 3494 4967 τὸν
3544 4916 3771 4986 τρόπον

2170 5008 2596 5073 πανωλεστάτοις
2644 5006 3159 5078 καταδουλούμενοι,
3214 5007 3306 5059 καὶ
3357 5006 3419 5058 τὸ
3469 5006 3546 5077 μὴ
3585 5007 3770 5061 καλὸν

2170 5100 2300 5172 μηδὲ
2335 5103 2606 5172 συμφέρον
2638 5100 2788 5171 παρά
2818 5099 3038 5169 γνώμην
3071 5099 3325 5170 πράττειν
3364 5097 3773 5168 ἀναγκαζόμε-

2165 5206 2264 5253 νοι,
2303 5190 2555 5260 ἀγόμενοι
2585 5207 2643 5242 τε
2686 5190 2779 5242 καὶ
2825 5188 3228 5259 καθελκόμενοι,
3263 5189 3323 5240 οὺ
3357 5184 3425 5240 δι’
3455 5186 3682 5259 ἀποχὴν
3738 5198 3771 5227 ο

2168 5286 2516 5359 σωφροσύνης
2554 5285 2873 5360 ἀνθρώπων,
2921 5283 3038 5337 οὐδὲ
3081 5285 3277 5355 ἀρετῆς
3317 5283 3497 5354 χάριν,
3532 5281 3569 5354 ἢ
3605 5298 3771 5363 τινος

1837 5480 1863 5519 ἀ
1905 5485 1986 5533 in.
2024 5484 2092 5535 oi.
2175 5494 2197 5521 ε
2241 5485 2323 5536 ἷσ.
2360 5484 2645 5554 ἀποδοχήν.

2176 5640 2368 5713 αὐτούς
2393 5640 2608 5713 ’ἑαυτοῖς
2634 5640 3102 5713 καταγράψαυτες,
3134 5638 3771 5713 τοὺςᾳκατηναγκασμέ-

2171 5727 2289 5771 you;
2318 5709 2531 5772 δούλους
2557 5714 2673 5775 ταῖς
2708 5708 2983 5773 ἐπαοιδαῖς
3010 5708 3382 5772 πεποετκότες.
