4024 6408
261 360 345 414 λιι
1395 349 1716 405 ΡΒΑΞΡΑΒ.
1758 348 1823 401 El

1926 349 2006 406 iG.
2050 349 2174 404 LIB.
2211 351 2273 406 V.

3368 354 3474 410 διε

265 476 440 546 μέρηυς
464 472 792 542 φιλοσοφίας.
820 470 1058 542 μεθόδοις
1077 470 1134 525 δὲ
1157 473 1365 544 γοήτων
1393 471 1592 540 ἀπειρη
1603 468 1810 540 μέναις;

1926 468 2048 523 illud
2087 469 2230 525 ultro
2273 471 2580 541 complecti,
2628 473 3015 544 beneficiisque
3063 475 3180 530 suis
3229 474 3476 544 indigen-

259 567 315 628 ἀς
338 568 363 617 ὀ
389 563 546 626 αὐτὸς
587 559 737 625 αὖθις
784 561 1131 632 συγγραφεὺς
1165 562 1224 613 ὲν
1254 563 1321 630 τῇ
1355 559 1490 630 πρὸς
1537 557 1630 610 τὸν
1662 559 1810 628 εἰρη-

261 654 399 726 μένοι
427 655 717 722 Αίγύπτιον
747 653 1028 723 ἐπιστολῇ,
1071 653 1148 716 ὡς
1198 653 1264 706 ἂν
1313 654 1562 724 προφήτῃ
1607 649 1811 721 τάληθῆ

258 747 339 802 καὶ
381 747 662 816 ἀπόρρητα
713 745 1050 816 κινούμενος,
1103 744 1370 798 τέθειται·
1426 745 1551 806 τοὺς
1601 741 1810 810 λόγους,

256 837 362 891 καθ’
389 836 480 898 οὓς
525 837 698 890 ταῦτα
743 836 1100 899 συντελοῦσιν,
1134 835 1227 898 οὓς
1258 834 1405 900 ἀξιον
1434 847 1458 876 α
1488 834 1615 905 παρ’
1647 831 1813 886 αὑτοῦ

255 929 562 998 διδαχθῆναι.
614 928 942 984 Πυνθάνεται
983 928 1113 997 γοῦν
1157 922 1260 982 ὧδέ
1296 944 1412 991 πως
1458 924 1677 996 ἀπορῶν
1722 923 1816 977 καὶ

1917 559 2050 613 tium
2100 574 2363 630 occupare
2409 570 2572 630 vota,
2635 578 2742 618 non
2793 579 2921 619 vero
2972 565 3102 619 dum
3153 572 3477 634 cogerentur

1915 659 2230 719 exspectare
2259 661 2550 721 Oporteret.
2585 651 2679 708 Sin
2716 664 2898 709 autem
2938 655 3071 710 nihil
3096 655 3321 709 omnino
3346 652 3478 708 boni

1917 751 2012 796 aut
2041 743 2192 803 utilis
2223 752 2397 799 totum
2439 745 2582 801 istuc
2609 747 2791 812 habet,
2823 763 2998 818 eoque
3028 757 3223 818 praeter
3259 746 3477 801 illorum

1916 832 2250 888 voluntatem
2272 849 2606 904 sensumque
2627 836 2922 906 contingit;
2944 837 3068 907 quis
3093 836 3224 891 deos
3247 834 3479 905 appellet

1916 939 2034 988 eos,
2059 923 2153 994 qui
2187 925 2332 995 quod
2365 942 2466 982 nec
2494 926 2783 982 honestum
2814 941 2916 984 nec
2952 929 3084 983 utile
3110 930 3183 984 sit
3212 925 3481 983 efﬁciant?

254 1016 424 1088 λέγων.
1921 1024 2017 1074 aut
2045 1016 2170 1086 quis
2201 1018 2421 1072 eosdem
2457 1018 2590 1074 tanti
2637 1029 2806 1090 putet,
2844 1021 3139 1077 dearumve
3180 1022 3328 1076 cultu
3359 1033 3483 1090 pro-

255 1112 563 1181 sequendos,
609 1113 703 1183 qui
748 1124 802 1168 et
832 1112 1030 1168 vilibus
1074 1120 1130 1167 et
1186 1109 1641 1182 profligatissimae
1685 1107 1809 1172 vita:
1847 1107 2108 1170 maleficis
2140 1109 2390 1166 servilem
2415 1110 2470 1164 in
2499 1112 2723 1166 modum
2774 1112 3014 1179 obedire,
3053 1113 3308 1184 quodque
3373 1125 3474 1166 nec

253 1206 442 1269 deccat,
494 1222 598 1261 nec
629 1221 960 1276 quemquam
985 1206 1138 1276 juvet
1181 1215 1372 1260 contra
1416 1209 1651 1257 mentem
1700 1199 1803 1270 ipsi
1843 1215 2003 1256 suam,
2065 1210 2320 1270 praestare
2377 1211 2684 1273 cogantur:
2712 1214 3012 1274 postremo,
3043 1221 3151 1259 non
3187 1207 3256 1259 oh
3288 1203 3474 1258 mode-

255 1301 397 1354 stiatn
447 1301 532 1356 vel
601 1299 1014 1370 temperantiam
1077 1299 1358 1354 hominum
1412 1296 1692 1366 aliquam,
1737 1309 1843 1348 non
1914 1293 2130 1350 virtutis
2171 1305 2267 1352 aut
2308 1296 2479 1366 partis
2526 1297 2691 1352 ullius
2736 1298 3092 1369 philosophiae
3143 1298 3338 1371 gratia,
3387 1295 3480 1350 sed

254 1395 470 1451 infandis
496 1396 959 1466 praestigiatorum
991 1394 1198 1450 artibus
1230 1401 1285 1449 et
1325 1391 1592 1449 machinis
1660 1389 2036 1445 deducantur?
2063 1389 2236 1460 Atque
2276 1392 2398 1448 illas
2452 1393 2618 1449 etiam
2656 1393 3020 1464 Porphyrius,
3097 1393 3150 1446 in
3179 1408 3241 1447 ea
3304 1405 3472 1460 quam

255 1489 614 1547 adlaudatnm
645 1487 962 1560 :Egyptium
1002 1487 1214 1553 scribit,
1259 1485 1512 1554 epistola,
1550 1498 1708 1538 veras
1771 1483 1982 1540 scilicet
2022 1493 2188 1553 atque
2238 1499 2470 1549 arcanas
2534 1487 2678 1556 apud
2742 1496 2917 1541 vatem
2967 1500 3188 1539 movens
3219 1485 3480 1554 qua-stio—

254 1599 356 1646 nes,
416 1581 727 1651 proposuit,
765 1581 1039 1635 hominem
1088 1579 1414 1638 obtestatus,
1486 1577 1569 1630 uti
1624 1590 1768 1646 sese,
1829 1575 2029 1646 quibus
2072 1578 2174 1632 ista
2216 1579 2518 1648 perficiant,
2565 1580 2808 1634 rationes
2857 1581 3066 1634 doeeat.
3117 1579 3271 1634 l-llum
3321 1579 3485 1650 igitur

254 1681 384 1733 hunc
417 1677 471 1740 in
503 1676 734 1731 modum
766 1690 967 1744 anceps
1001 1675 1281 1744 animique
1307 1672 1509 1728 dubius
1543 1671 1806 1734 consulit.

801 1769 1192 1824 ΚΕΦΑΛΑῙΟΝ
1231 1770 1285 1821 Ῑ’.

2525 1762 2756 1819 CAPUT
2800 1763 2868 1818 Χ.

258 1883 503 1950 Ὀποίαις
541 1881 822 1953 μεθόδοις
855 1885 906 1937 oi
952 1881 1267 1953 θαυμάσιοι
1296 1882 1492 1936 αὐτῶν
1534 1881 1652 1935 θεοί
1692 1880 1816 1947 τοῖς

1926 1881 2126 1947 Quibus
2196 1881 2402 1936 artibus
2463 1895 2940 1953 egregtainumma
3013 1879 3484 1949 prtcstigiatoribus

699 1955 914 2023 γόησιν
944 1952 1394 2008 ὑποτάττονται.

2517 1952 2888 2020 subjiciuntur.

317 2086 333 2118 ι
371 2066 518 2119 Πάνυ
564 2064 625 2118 δέ
675 2082 741 2136 με
788 2064 1026 2138 θράττει,
1075 2064 1221 2128 πῶς,
1274 2065 1349 2127 ὡς
1395 2063 1672 2134 κρείττους
1710 2079 1816 2114 παρ

253 2156 664 2228 ρακαλούμενοι,
731 2155 1112 2209 ὲπιτάττονται
1164 2155 1239 2217 ὡς
1302 2155 1534 2227 χείρους·
1596 2156 1690 2207 καὶ
1741 2154 1820 2208 δί-

250 2264 382 2301 καιον
413 2243 562 2302 εἶναι
593 2244 869 2312 ἀξιοῦντες
900 2248 990 2301 τὸν
1023 2233 1346 2320 θεράποντα,
1381 2247 1448 2300 τὰ
1477 2247 1634 2302 ἄδικα
1667 2247 1819 2300 αὐτοὶ

154 2346 160 2352 ’
250 2338 640 2403 κελευσθέντες,
674 2339 803 2411 δρᾷν
832 2339 1178 2410 ὑπομένουσι·
1227 2341 1320 2392 καὶ
1352 2339 1575 2410 καθαρῴ
1611 2339 1709 2410 μὲν
1745 2337 1818 2409 μὴ

247 2431 343 2483 ὄντι
385 2429 441 2496 ἐξ
493 2430 832 2504 ἀφροδισίων
879 2430 980 2483 οὐκ
1025 2431 1090 2485 ἂν
1135 2429 1385 2484 καλοῦντι
1431 2429 1816 2492 ὑπακούσαιεν,

249 2523 380 2574 αὐτοὶ
419 2522 476 2576 δὲ
522 2523 681 2592 ἄγειν
711 2524 792 2586 είς
826 2522 1116 2595 παράνομα
1148 2522 1435 2594 ἀφροδίσια
1479 2523 1605 2584 τοὺς
1633 2522 1848 2592 τυχόν-⁶

248 2631 331 2677 τας
358 2615 454 2667 οὐκ
484 2615 734 2670 ὀκνοῦσι.
765 2615 873 2668 Καὶ
906 2615 1012 2668 ἀπὸ
1044 2614 1302 2686 ἐμψύχων
1348 2614 1446 2686 μὲν
1480 2614 1688 2685 ἀποχῆς
1727 2631 1820 2668 κε-

247 2704 437 2758 λεύουσι
466 2705 588 2758 δεῖν
628 2701 765 2758 εἶναι
798 2707 923 2770 τοὺς
975 2706 1278 2775 ὑποφήτας,
1327 2706 1413 2762 ἵνα
1452 2704 1525 2777 μὴ
1568 2707 1678 2768 τοῖς
1713 2705 1820 2758 ἀπὸ

247 2794 341 2848 τῶν
369 2795 645 2866 σωμάτων
696 2797 886 2866 ἀτμοῖς
930 2794 1254 2867 χραίνωνται
1275 2811 1288 2825 ·
1339 2795 1494 2850 αὐτοὶ
1542 2795 1598 2848 δὲ
1630 2795 1820 2866 ἀτμοῖς

250 2885 425 2938 θυσιῶν
468 2887 595 2949 τοῖς
625 2886 732 2940 ἀπὸ
764 2885 917 2949 ζώων
951 2885 1180 2956 μάλιστα
1212 2885 1572 2950 δελεάζονται,
1622 2886 1714 2938 καὶ
1736 2902 1824 2937 νε-

250 2977 365 3046 κροῦ
398 2977 500 3048 μὲν
530 2977 703 3047 ἁϐιγῆ
746 2977 853 3030 δεῖν
893 2973 1030 3031 εἶναι
1066 2977 1156 3030 τὸν
1189 2976 1450 3048 ὲπόπτην,
1484 2976 1571 3030 διὰ
1613 2977 1847 3048 νεκρῶν-

249 3067 299 3120 δὲ
325 3067 386 3122 τὰ
413 3069 593 3122 πολλά
624 3067 775 3133 ζώων
807 3071 862 3123 αἱ
905 3069 1200 3138 θεαγωγίαι
1241 3068 1596 3123 ἐκτελοῦνται.
1637 3068 1822 3139 Πολλῷ

1996 2085 2014 2116 ι
2045 2065 2126 2121 Mc
2159 2066 2375 2135 quidem
2418 2076 2532 2124 tum
2558 2066 2929 2130 vehementer,
2963 2075 3159 2134 inquit,
3197 2081 3320 2135 angi
3354 2080 3486 2119 εθιιε

1919 2159 2015 2219 tio,
2060 2157 2151 2210 ubi
2202 2173 2412 2213 mecum
2467 2157 2582 2227 ipse
2623 2167 2838 2227 reputo,
2891 2155 2982 2225 qtti
3034 2155 3148 2210 fieri
3185 2156 3374 2222 possit,
3429 2164 3496 2218 ut,

1921 2263 2152 2318 quorum
2195 2247 2359 2302 veluti
2412 2248 2790 2318 augustiorum
2840 2262 2903 2302 ac
2953 2247 3282 2302 diviniorum
3329 2261 3495 2316 opem,

1920 2340 2298 2412 imploremus,
2330 2339 2366 2393 ii
2395 2348 2575 2394 tamen
2611 2339 2836 2409 perinde
2866 2348 2924 2392 ut
2951 2338 3271 2393 humiliores
3301 2354 3366 2394 ac
3397 2337 3508 2392 des-

1921 2430 2155 2485 teriores
2184 2430 2438 2485 obediant
2465 2447 2480 2483 :
2507 2430 2708 2500 quique
2732 2429 2957 2484 clientes
2984 2430 3085 2500 ipsi
3109 2445 3238 2486 suos
3263 2430 3498 2501 aequita-.

1923 2531 2031 2578 tem
2079 2523 2260 2578 colere
2298 2522 2487 2588 velint,
2528 2523 2748 2578 eosdem
2789 2523 3008 2592 injustis
3050 2522 3292 2592 imperiis
3325 2523 3491 2580 obse-

1923 2615 2017 2685 qui
2040 2631 2149 2669 non
2182 2614 2381 2685 pudeat
2412 2632 2426 2669 :
2461 2613 2703 2684 adeoque
2731 2630 2858 2669 cum
2893 2629 3084 2668 eorum
3119 2624 3242 2670 vota
3276 2630 3495 2685 preces-

1923 2719 2030 2773 que
2071 2703 2378 2772 repudient,
2409 2702 2501 2772 qui
2547 2702 2614 2757 ad
2649 2718 2770 2758 sese
2815 2704 2998 2758 minus
3034 2704 3130 2766 abs
3163 2721 3219 2759 re
3257 2721 3489 2761 venerea

1923 2796 2043 2865 puri
2087 2795 2436 2860 accesserint,
2467 2794 2656 2849 obvios
2683 2809 2929 2865 quosque
2964 2804 3142 2849 tamen
3191 2797 3481 2852 nefandam

1925 2888 1980 2942 in
2013 2903 2262 2943 venerem
2307 2902 2467 2958 agere
2510 2903 2619 2941 non
2646 2887 2985 2942 erubescant.
3019 2886 3192 2942 Porro
3222 2899 3372 2945 vates
3415 2890 3490 2944 illi

1925 2981 2145 3052 quidem
2190 2980 2621 3049 interpretesquc
2669 2993 2801 3034 suos
2842 2979 3006 3033 rebus
3035 2981 3292 3037 animatis
3323 2983 3494 3037 absti-

1926 3088 2057 3127 nere
2089 3071 2304 3142 jubent,
2335 3087 2403 3126 ne
2447 3070 2728 3141 corporeis
2773 3070 3208 3126 exhalationibus
3241 3073 3495 3128 inficith

250 3160 299 3213 δὲ
337 3162 538 3214 τούτων
585 3160 921 3233 ἀλογώτερον
961 3161 1023 3214 τὸ
1059 3161 1131 3232 μὴ
1181 3161 1415 3232 δαίμονι,
1471 3162 1520 3213 εί
1556 3160 1728 3232 τύχοι,
1782 3161 1815 3231 ἢ

1928 3174 2016 3219 tur
2046 3183 2058 3218 :
2083 3165 2478 3219 sacriliciorum
2511 3173 2716 3224 tamen,
2745 3179 2865 3231 qua:
2889 3178 2951 3218 ex
2979 3165 3354 3220 animantibus
3378 3167 3492 3221 fieri

250 3253 374 3324 ψυχῇ
416 3252 766 3323 τεθνηκότος,
800 3252 948 3324 αὐτῷ
997 3252 1052 3306 δὲ
1089 3251 1167 3322 τῷ
1202 3252 1409 3322 βασιλεῖ
1449 3253 1611 3324 Ἡλίῳ
1643 3254 1675 3324 ἢ
1730 3253 1824 3304 Σε-

252 3344 386 3418 λήνῃ,
427 3348 461 3417 ἡ
509 3364 622 3399 τινι
647 3345 755 3399 τῶν
797 3347 915 3400 κατ’
968 3346 1194 3419 οὐρανὸν
1227 3345 1526 3418 ἀνθρώπων
1562 3355 1591 3396 b
1627 3344 1704 3416 τῷ
1734 3363 1827 3398 τυ-

254 3437 384 3506 χόντι
427 3439 776 3510 ὑποχείριον,
825 3438 1052 3501 ἀπειλὰς
1121 3439 1498 3511 προσφέροντα
1548 3437 1822 3506 ἐκφοϐεῖν,

253 3529 567 3602 ψευδόμενον
617 3531 683 3584 ἵν’
731 3532 926 3584 ἐκεῖνοι
977 3529 1333 3600 ἀληθεύσωσι.
1385 3529 1458 3581 Τὸ
1502 3529 1611 3601 γὰρ
1642 3530 1821 3598 λέγειν

253 3616 367 3689 (Si),
415 3621 500 3674 ὅτι
549 3620 638 3672 τὸν
685 3620 910 3693 οὐρανὸν
969 3619 1324 3691 προσαράξει,
1369 3621 1461 3673 καὶ
1505 3620 1574 3672 τὰ
1609 3620 1825 3690 κρυπτὰ

252 3711 335 3780 τῆς
376 3713 576 3776 Ἴσιδος
619 3714 863 3782 ἐκφανεῖ,
898 3714 991 3766 καὶ
1019 3713 1081 3765 τὸ
1108 3714 1165 3766 ἐν
1208 3711 1414 3782 Ἀϐύδῳ
1440 3712 1550 3782 (⁸22)
1581 3712 1826 3784 ἀπόρρη-

251 3815 328 3854 τον
363 3803 553 3869 δείξει,
590 3806 682 3857 καὶ
727 3805 826 3876 τὴν
861 3804 1019 3875 βάριν
1066 3805 1253 3874 στήσει
1287 3803 1417 3875 (25),
1451 3805 1545 3857 καὶ
1590 3803 1657 3857 τὰ
1695 3804 1826 3877 μέλη

254 3889 333 3965 τοῦ
393 3893 658 3965 Ὀσίριδος
703 3895 1048 3947 διασκεδάσει
1116 3893 1193 3963 τῷ
1255 3893 1509 3962 Τυφῶνι,
1564 3894 1683 3946 τίνα
1733 3895 1829 3965 οὐχ

255 3963 350 4053 (9.4)
380 3963 686 4057 ὑπερϐολὴν
724 3983 1020 4060 ὲκπληξίας
1090 3984 1188 4054 μὲν
1246 3982 1323 4054 τῷ
1385 3983 1728 4048 ἀπειλοῦντι,
1787 3963 1824 4037 ἀ

257 4081 375 4148 μήτε
418 4075 551 4142 εἶδε,
591 4079 726 4149 μήτε
767 4076 1010 4141 δύναται,
1059 4077 1396 4141 καταλείπει,
1446 4077 1830 4149 ταπεινότητος

252 4168 300 4222 δὲ
326 4173 430 4232 τοίς
470 4168 762 4221 δεδοικόσιν
803 4167 946 4222 οὕτω
978 4167 1130 4220 κενὸν
1167 4165 1328 4236 φόϐον
1374 4169 1466 4220 καὶ
1512 4167 1826 4238 πλάσματα,

251 4259 316 4322 ὡς
347 4259 540 4330 κομιδῇ
585 4259 770 4324 παῖδες
809 4259 1056 4330 ἀνόητοι;
1090 4259 1283 4321 Καίτοι
1315 4259 1410 4312 καὶ
1450 4259 1752 4330 Χαιρήμων
1803 4260 1831 4312 ὁ

251 4352 714 4421 ἱερογραμματεὺς
747 4350 1049 4421 ἀναγράφει
1083 4348 1271 4413 ταῦτα,
1315 4349 1390 4413 ὡς
1439 4351 1534 4402 καὶ
1579 4351 1708 4421 παρ’
1738 4350 1830 4401 Αί-

254 4443 490 4507 γυπτίοις
541 4441 932 4513 θρυλλούμεναο
984 4441 1078 4495 καὶ
1131 4441 1304 4495 ταῦτά
1331 4459 1492 4510 φασιν
1542 4438 1678 4495 εἶναι
1727 4442 1821 4493 καὶ

1926 3256 2121 3320 solent,
2161 3256 2456 3325 vaporibus
2495 3253 2733 3308 maxime
2771 3255 3083 3324 capiuntur,
3114 3271 3177 3310 ac
3219 3267 3491 3311 mortuum

1931 3347 2090 3418 198
2113 3347 2332 3417 quidem
2381 3347 2449 3400 ab
2494 3361 2775 3401 sacrorum
2823 3361 3047 3400 suorum
3095 3347 3496 3414 inspectoribus

1927 3438 2075 3508 tangi
2126 3437 2280 3514 nefas
2328 3451 2450 3492 esse
2493 3445 2777 3503 statuunt;
2814 3437 2967 3490 caesis
3023 3445 3204 3491 tamen
3261 3438 3497 3491 victimis

1927 3528 2154 3582 deorum
2181 3528 2533 3583 evocationes
2563 3536 2770 3596 partem
2820 3529 3113 3582 maximam
3143 3540 3495 3599 peraguntur.

1927 3616 2194 3687 Quodque
2217 3620 2463 3672 omnium
2489 3618 2945 3673 absurdissimum
2977 3627 3080 3685 est,
3111 3635 3216 3672 non
3237 3624 3347 3689 jam
3380 3621 3497 3674 vul-

1929 3711 2043 3781 gari
2095 3710 2332 3779 cuipiam
2383 3710 2647 3775 dzemoni,
2696 3721 2788 3765 aut
2832 3709 3074 3766 defuncti
3118 3711 3346 3777 animae,
3401 3711 3497 3767 sed

1929 3803 2148 3874 ipsimet
2195 3804 2296 3858 soli
2350 3805 2589 3860 siderum
2635 3804 2889 3874 principi,
2935 3805 3107 3872 lunm,
3161 3807 3496 3876 reliquisque

1929 3895 2036 3950 diis
2080 3896 2414 3958 cmlestibus,
2465 3897 2632 3950 homo
2684 3896 2857 3952 cuivis
2912 3912 2943 3951 e
2990 3898 3176 3967 populi
3232 3898 3360 3953 ftece
3399 3901 3496 3953 ob-

1932 3989 2130 4043 noxius
2152 3988 2329 4042 minas
2357 3987 2606 4052 intentat,
2633 3996 2797 4058 atque
2824 3999 2883 4041 ut
2901 4002 2996 4042 eos
3017 3989 3082 4042 ad
3115 4003 3241 4052 vera
3269 3988 3496 4044 dicenda

1933 4080 2258 4149 compellat,
2310 4079 2507 4141 falsum
2560 4096 2868 4150 vanumque
2914 4090 3177 4135 terrorem
3239 4082 3494 4138 ostendit.

1931 4172 2065 4228 Nam
2109 4174 2352 4229 fttturum
2399 4174 2758 4240 denuntiare,
2814 4176 2892 4228 uti
2945 4175 3026 4228 vel
3079 4175 3278 4235 caelum
3321 4176 3496 4243 ipsum

1933 4268 2163 4338 quatiat,
2193 4268 2278 4322 vel
2299 4267 2455 4323 Isidis
2482 4283 2679 4322 arcana
2709 4267 3018 4337 patefaciat,
3051 4267 3134 4320 vel
3157 4266 3300 4335 quod
3324 4268 3496 4336 Abydi

1933 4359 2206 4414 occultum
2243 4360 2391 4426 latet,
2425 4359 2687 4429 dictuque
2721 4356 2876 4413 nefas
2913 4367 3016 4421 est,
3060 4357 3113 4411 in
3157 4358 3330 4412 lucem
3374 4373 3501 4426 pro-

1935 4450 2094 4516 ferat,
2125 4452 2207 4505 vel
2241 4450 2575 4522 Egyptiacm
2599 4451 2753 4505 navis
2788 4467 3008 4506 cursum
3040 4451 3300 4514 inhibeat,
3337 4452 3420 4505 vel
3445 4451 3499 4506 in

253 4531 313 4583 τὰ
354 4532 580 4586 τοιαῦτα
626 4531 1042 4602 βιαστικώτατα.
1099 4531 1271 4584 Αὐταὶ
1308 4531 1368 4584 δὲ
1397 4532 1453 4584 αἱ
1484 4531 1659 4602 εὐχαὶ,
1707 4532 1823 4588 τίνα

1932 4539 2213 4611 Typhonis
2245 4542 2474 4612 gratiam
2507 4541 2740 4597 Osiridis
2764 4543 3007 4596 membra
3037 4542 3272 4610 disiiciat
3300 4561 3311 4595 ε
3341 4543 3500 4612 quid-

256 4621 418 4692 ἑχουσι
450 4623 630 4690 λόγον,
663 4624 754 4676 τὸν
782 4622 841 4688 ἐξ
877 4622 1019 4686 ἰλύος
1060 4621 1401 4691 ἀναφανέντα
1431 4620 1704 4688 λέγουσαι,
1736 4623 1829 4675 καὶ

253 4715 335 4770 ἐπὶ
472 4716 632 4786 λωτῷ
672 4716 1002 4789 καθήμενον,
1030 4716 1123 4769 καὶ
1149 4714 1242 4768 ἐπὶ
1277 4712 1457 4767 πλοῖον
1487 4714 1830 4786 ναυτιλλόμε-

256 4826 353 4872 νον,
387 4811 480 4862 καὶ
507 4809 630 4863 καθ’
657 4810 806 4882 ὤραν
839 4809 939 4872 τὰς
973 4807 1184 4880 μορφὰς
1214 4805 1533 4876 ἀμείϐοντα,
1567 4808 1658 4860 καὶ
1689 4807 1827 4862 κατά

258 4901 428 4965 (eam
461 4900 1103 4972 μετασχηματιζόμενον;
1135 4896 1291 4951 Οὕτω
1331 4898 1438 4964 γὰο
1470 4914 1630 4966 φασιν
1673 4899 1828 4960 αὑτο-

317 5047 346 5080 ι
381 5056 469 5110 γρ.
517 5036 706 5102 ἀξιῶν,
735 5037 847 5091 sine
871 5035 983 5098 οὓς.
1059 5034 1088 5074 b
1124 5051 1213 5103 γρ.
1246 5032 1547 5104 ἄνθρωπον.

327 5173 435 5242 (21)
482 5174 550 5226 Τὸ
582 5173 693 5242 γὰρ
716 5171 941 5240 λέγειν.
983 5169 1109 5242 Haec
1155 5169 1270 5242 ipsa
1321 5169 1502 5242 laudat
1533 5168 1820 5223 Jamblich.

265 5239 348 5312 iib.
387 5239 461 5299 De
487 5239 773 5312 mysteriis.
802 5239 953 5312 Audi
999 5241 1104 5312 hoc
1153 5239 1337 5294 furore
1368 5239 1655 5306 furentem,
1685 5242 1825 5310 apud

262 5309 478 5366 Statium
516 5309 770 5366 Thebaid.
805 5329 881 5374 iv,
913 5310 1218 5364 Tiresiam:

266 5379 452 5447 Testor,
483 5385 583 5447 ait,
613 5384 780 5447 divos,
804 5382 992 5451 quibus
1017 5381 1155 5432 hunc
1178 5380 1501 5451 sacravimus
1526 5381 1715 5448 ignem,

265 5453 504 5522 (araque
533 5453 796 5507 convulsae
815 5450 1062 5504 dedimus
1094 5450 1359 5522 carchesia
1384 5461 1537 5504 terra:
1561 5464 1579 5501 :

262 5520 371 5574 Jam
408 5520 601 5592 nequeo
642 5523 869 5576 tolerare
898 5537 1121 5592 moram.
1158 5520 1418 5592 Qussttsue
1446 5520 1687 5574 sacerdos
1703 5554 1735 5562 κ

264 5593 449 5660 Audior
478 5589 502 5646 ἔ)
531 5597 632 5653 An,
666 5593 851 5646 rubido
871 5591 1057 5660 jubeat
1088 5592 1133 5642 si
1167 5589 1416 5642 Thessala
1452 5603 1632 5655 cantu,

265 5658 423 5728 Ibitis,
453 5675 502 5718 et
535 5664 798 5732 Scythicis
822 5658 1021 5731 quoque
1049 5662 1306 5732 medicina
1340 5661 1540 5727 pruinis

265 5733 454 5804 Quiritis
487 5729 627 5804 aget,
659 5729 862 5801 trepido
898 5729 1166 5804 pollebunt
1201 5729 1427 5804 Tartara
1463 5740 1602 5804 motu
1623 5735 1645 5782 Ι)

267 5800 485 5870 Spernite
513 5800 596 5873 ne,
627 5800 803 5858 moues
831 5820 848 5858 :
871 5815 918 5857 et
945 5803 1091 5856 nobis
1122 5803 1302 5857 stt'vire
1330 5801 1582 5873 facultas.

1933 4645 2058 4684 nam
2095 4632 2345 4698 obsecro,
2379 4633 2461 4686 vel
2493 4649 2768 4687 summum
2809 4633 2874 4687 ad
2908 4642 3184 4702 stuporem
3212 4643 3376 4703 atque
3411 4650 3501 4687 ve-

1930 4723 2170 4778 cordiam
2231 4723 2371 4792 ista,
2428 4740 2550 4794 quae
2599 4741 2774 4795 neque
2821 4726 3006 4792 novit,
3063 4742 3238 4796 neque
3291 4726 3502 4782 eilicere

1930 4823 2124 4884 potest,
2162 4816 2538 4882 comminanti,
2580 4818 2664 4871 vel
2695 4817 3010 4872 numinibus
3046 4833 3167 4886 qua:
3195 4818 3414 4871 fictilius
3447 4828 3502 4871 et

1929 4905 2108 4960 inanis
2142 4907 2242 4962 iste
2272 4915 2445 4972 terror
2473 4908 2827 4962 Ieviculorum
2865 4909 3158 4962 nusionum
3195 4925 3348 4963 more
3377 4925 3499 4978 per-

1927 5174 2134 5228 Scimus
2166 5175 2323 5234 enim,
2350 5186 2398 5228 et
2426 5175 2676 5244 quidquid
2703 5176 2809 5228 dici
2840 5176 3082 5244 noscique
3108 5177 3324 5240 timetis,

1928 5245 1994 5298 Et
2027 5245 2238 5297 turbare
2271 5244 2521 5307 Hecaten,
2549 5257 2652 5299 etc.

2001 5315 2112 5382 (2‘2)
2158 5315 2225 5368 Τὸ
2259 5315 2328 5367 ἐν
2353 5315 2583 5382 Ἀϐύδῳ.
2623 5316 2939 5385 Abydenutn
2975 5317 3075 5370 hoc
3109 5327 3376 5372 secretum
3404 5318 3503 5373 ati-

1930 5387 2034 5439 bttc
2073 5402 2155 5438 Inc
2190 5386 2336 5438 lalct.

2001 5457 2112 5525 (:25)
2157 5455 2274 5521 Τὴν
2297 5454 2481 5522 ,βάριν
2500 5455 2735 5522 στήσει.
2782 5455 2935 5510 Baris
2971 5459 3302 5526 {Egyptiaczn
3347 5473 3502 5512 navis

1929 5543 2100 5592 genus
2151 5537 2254 5588 est,
2290 5527 2696 5598 qundptametsi
2749 5527 2910 5582 latius
2957 5541 3180 5593 natet-ct,
3235 5532 3505 5598 prtecinuc

1935 5599 2384 5671 tt‘ttt'tcti,_c_t__xa::
2411 5595 2627 5671 team,
2662 5612 2793 5671 eam
2829 5599 3190 5668 significabat,
3220 5595 3339 5670 qua}
3367 5617 3503 5671 quo-

1931 5667 2110 5720 tannis
2144 5665 2266 5720 Isidi
2297 5665 2837 5735 publiee’dicabatur.

2000 5738 2053 5805 (ξι
2068 5738 2112 5804 ί)
2155 5739 2275 5789 Οὐκ
2307 5737 2592 5791 delendum
2622 5749 2799 5792 monet
2835 5736 3084 5806 Vigcrus.
