3890 6384
570 384 679 443 ωδ

1216 387 1488 462 euseen
1528 346 2010 445 clesammsrs
2048 388 2201 445 ore.
2245 388 2425 443 mus
2464 387 2526 443 ιι.
2568 420 2636 430 -
2678 387 3179 444 APOLOGETICA.
3670 392 3753 445 ιιι

567 501 752 567 cellat,
782 516 1053 556 summam
1077 502 1145 557 ad
1179 503 1539 559 humilitatem
1575 505 1844 575 reliquum
1880 504 2042 560 fecit?
2066 506 2107 558 E

2236 506 2483 559 πτεῖσθαι
2522 505 2838 574 ἀγνοοῦντες
2882 507 2963 559 ὄτι
3014 506 3077 558 τὸ
3122 506 3248 558 ἴδιον
3286 505 3449 569 πάθος
3487 508 3575 576 τῆς
3614 512 3758 562 αὐτῶν

567 600 751 647 tamen
808 595 922 649 haec
959 594 1142 649 omnia
1196 593 1514 650 Chaeremon
1572 609 1725 650 sacer
1777 596 1866 650 ille
1916 597 2130 664 scriba,

564 694 828 756 tanquam
872 685 1250 758 Egyptiorum
1294 688 1501 758 pridem
1541 689 1724 743 omnia
1770 704 1863 743 ore
1907 689 2130 759 jactata,

562 779 913 849 conscripsit,
939 795 1060 846 qua:
1088 779 1309 850 quidem
1338 779 1417 833 uti
1443 779 1688 849 ejusdem
1721 795 1939 850 quoque
1970 795 2131 850 gene-

559 871 643 927 ris
665 879 881 935 caetera,
906 872 973 925 ad
993 872 1100 926 vim
1128 871 1233 926 diis
1256 871 1586 927 aﬁ‘erendam
1612 873 1988 941 potentissima
2012 888 2131 927 esse

561 960 833 1016 dictitant.
880 959 998 1015 Jam
1044 977 1173 1016 vero
1214 976 1403 1031 preces
1446 971 1614 1031 atque
1649 971 1794 1028 vota,
1829 962 1961 1031 quid
2012 972 2131 1016 tan-

558 1051 683 1106 dem
731 1052 959 1106 rationis
1006 1052 1225 1116 habent,
1270 1052 1471 1122 quibus
1519 1054 1770 1106 eumdem
1817 1052 1988 1107 solem
2036 1061 2130 1105 aut

558 1143 758 1199 limosa
791 1159 859 1199 ex
912 1144 1110 1213 palude
1143 1160 1443 1215 emergere,
1482 1154 1576 1199 aut
1602 1145 1715 1198 loto
1748 1144 2003 1208 insidere,
2037 1154 2130 1198 aut

556 1236 778 1308 navigio
806 1238 1053 1308 provehi,
1077 1247 1171 1292 aut
1196 1238 1426 1308 singulis
1449 1239 1600 1292 horis
1622 1236 1855 1293 formam
1884 1253 2129 1292 commu-

556 1338 698 1395 tare,
731 1345 795 1385 ac
826 1330 1008 1385 varios
1049 1344 1145 1400 per
1174 1328 1389 1398 singula
1421 1329 1627 1384 zodiaci
1657 1329 1812 1398 signa
1835 1330 2016 1384 vultus
2052 1328 2131 1382 in-

553 1423 724 1476 duere
767 1419 1236 1476 commemorant?
1283 1418 1495 1490 Quippe
1530 1420 1691 1475 talem
1724 1435 1755 1473 a
1800 1420 1959 1474 nobis
2000 1434 2126 1473 eum

460 1580 465 1588 _
554 1511 725 1566 videri
761 1514 1137 1583 pronuntiant,
1166 1527 1343 1584 neque
1367 1513 1674 1583 intelligunt
1694 1512 1976 1582 preprium
2005 1527 2127 1567 sese

453 1605 461 1610 ’
556 1603 633 1657 illi
676 1606 1023 1675 cogitationis
1069 1622 1183 1661 suae
1225 1605 1417 1660 vitium
1454 1614 1511 1661 et
1553 1620 1797 1659 errorem
1848 1605 2121 1676 at'ﬁngere.

552 1697 655 1762 Qui
690 1697 736 1751 si
765 1698 833 1752 ad
859 1698 1215 1770 symbolieam
1241 1700 1546 1754 orationem
1575 1698 1938 1768 confugerint,
1966 1699 2124 1768 quasi

549 1785 823 1854 ejusmodi
877 1788 1022 1843 notis
1065 1788 1231 1843 variae
1279 1788 1410 1844 solis
1452 1787 1740 1842 facultates
1789 1788 2123 1842 adumbrata:

2235 600 2529 669 φαντασίας
2574 598 2763 669 ἐκείνῳ
2818 598 3239 669 προσάπτουσιν.
3280 597 3340 649 Εἰ
3377 597 3431 649 δὲ
3470 598 3759 667 συμϐολικῶς

2233 691 2444 759 λέγεται
2476 689 2666 753 ταῦτα,
2696 690 2803 741 τῶν
2840 688 3044 741 ἐκείνου
3074 689 3350 757 δυνάμεων
3375 688 3497 741 ὅντα
3530 689 3758 759 σύμὸολα,

2229 784 2329 853 τὴν
2353 781 2645 853 ἑρμηνείαν
2666 781 2772 832 τῶν
2799 778 3080 849 συμϐόλων
3116 777 3437 830 εἰπάτωσαν·
3480 778 3621 848 δῆλον
3656 781 3762 852 γάρ,

2231 876 2325 938 ὡς,
2358 877 2405 927 εἰ
2427 874 2521 925 τοῦ
2548 873 2698 943 ἡλίου
2722 868 2792 942 ἦν
2813 872 2873 923 τὸ
2899 870 3087 934 πάθος,
3128 870 3371 940 καθάπερ
3398 871 3451 922 ἐν
3486 872 3597 934 ταῖς
3622 871 3763 925 ἐκλεί-

2228 965 2372 1034 ψεσι,
2403 965 2564 1017 πᾶσιν
2590 961 2653 1015 ἂν
2679 960 2833 1031 ὤφθη
2862 960 3053 1012 ταυτὸν
3080 962 3192 1022 τοῖς
3207 961 3286 1022 είς
3308 959 3463 1012 αὑτὸν
3485 960 3760 1024 ἀτενίζουσι.

2230 1058 2295 1110 Τί
2328 1056 2383 1109 δὲ
2414 1057 2506 1109 καὶ
2537 1055 2606 1108 τὰ
2634 1054 2820 1124 ἄσημα
2853 1052 3098 1123 βούλεται
3124 1052 3382 1122 ὀνόματα,
3411 1052 3499 1105 καὶ
3533 1052 3629 1105 τῶν
3652 1054 3759 1126 ἀσή·

2233 1166 2347 1220 μων
2379 1148 2447 1211 τὰ¹
2480 1148 2728 1219 βάρϐαρα
2764 1147 2871 1217 πρὸ
2912 1146 3019 1199 τῶν
3053 1146 3267 1215 ἑκάστῳ
3304 1145 3545 1208 οἰκείων;
3586 1146 3639 1198 Εἰ
3676 1147 3761 1217 γὰρ

2229 1242 2363 1312 πρὸς
2402 1241 2462 1293 τὸ
2494 1240 2885 1310 σημαινόμενον
2914 1240 3091 1307 ἀφορᾷ
3117 1237 3177 1289 τὸ
3213 1235 3428 1299 ἀκοῦον,
3471 1237 3758 1309 αὑτάρκηςή

2228 1333 2364 1405 αὐτὴ
2394 1334 2625 1405 μένουσα
2657 1331 2829 1384 ἔννοια
2854 1330 3107 1401 δηλῶσαι,
3140 1327 3241 1381 κᾶν
3270 1328 3537 1382 ὁποιονοῦν
3559 1329 3758 1399 ὑπάρχῃ,

2225 1425 2481 1495 τοῦνομα.
2519 1426 2592 1476 oo
2618 1425 2725 1494 γάρ
2763 1440 2863 1475 που
2891 1422 2984 1475 καὶ
3012 1422 3039 1472 ό
3073 1420 3402 1490 καλούμενος
3432 1420 3692 1489 Αἰγύπτιος
3709 1418 3759 1491 ἦν

2225 1518 2302 1589 τῷ
2346 1518 2509 1586 γένει·
2556 1518 2604 1569 εἰ
2624 1515 2679 1568 δὲ
2704 1514 2795 1567 καὶ
2824 1514 3143 1581 Αἰγύπτιος,
3176 1512 3288 1565 ἀλλ’
3307 1510 3421 1565 οῦτι
3446 1530 3507 1580 γε
3534 1514 3760 1585 Αἰγυπτίᾳ

2225 1610 2502 1681 χρώμενος
2541 1610 2712 1677 φωνῇ,
2757 1606 2866 1659 οὐδ’
2896 1604 3211 1676 ἀνθρωπεία
3236 1604 3375 1667 ὅλως
3406 1603 3676 1675 χρώμενος.
3705 1606 3759 1658 Ἦ

2223 1701 2331 1772 γάρ
2374 1702 2582 1769 γοήτων
2614 1694 2681 1769 ἦν
2721 1698 2896 1750 πάντα
2935 1696 3283 1766 τεχνάσματα
3320 1695 3507 1758 ταῦτα,
3539 1698 3621 1748 καὶ
3657 1710 3759 1766 προ-

2224 1792 2552 1863 καλύμματα
2576 1790 2663 1844 διὰ
2682 1790 2788 1843 τῶν
2811 1788 3290 1860 ὲπιφημιζομένων
3313 1787 3390 1857 τῷ
3402 1788 3535 1857 Θείῳ
3550 1787 3644 1840 τῶν
3658 1786 3760 1857 περὶ

552 1874 890 1943 habeantur;
926 1885 1177 1931 notarum
1221 1892 1351 1947 ergo
1380 1890 1602 1931 suarum
1634 1874 1745 1928 vim
1771 1874 1845 1927 illi
1882 1874 2040 1929 nobis
2065 1883 2111 1927 et

2219 1886 2250 1953 ἡ
2264 1885 2366 1951 μᾶς
2402 1882 2702 1951 γινομένων
2722 1878 2929 1942 παθῶν,
2952 1879 2984 1947 ἢ
3008 1878 3314 1949 λελήθαμεν
3333 1878 3570 1941 ἐναντίας
3592 1880 3758 1942 ἑννοίας

547 1966 1003 2035 signiﬁcationem
1034 1971 1301 2039 aperiant.
1334 1967 1648 2033 Enimvero,
1683 1968 1727 2022 si
1759 1965 2117 2037 quemadmo-

2223 1966 2433 2035 ἔχοντες
2466 1966 2593 2035 περὶ
2622 1963 2711 2016 τοῦ
2741 1962 2917 2026 Θείου,
2971 1962 3003 2032 ἢ
3031 1962 3161 2015 αὐτὸ
3204 1961 3282 2032 τῷ
3316 1962 3427 2015 δντι
3469 1961 3753 2015 διάκειται.»

560 2062 691 2115 dum
741 2060 794 2113 in
839 2061 1239 2118 defectionibus
1284 2062 1569 2132 contingit,
1617 2061 1854 2130 aliquam
1927 2058 2009 2113 sol
2054 2058 2168 2125 ipse
2237 2060 2597 2112 mutationum
2656 2058 2881 2109 istarum
2927 2053 3165 2116 subiret,
3208 2053 3349 2106 idem
3403 2054 3468 2106 ab
3517 2053 3755 2105 omnibus.

546 2152 640 2221 qui
680 2153 867 2209 oculos
912 2154 968 2208 in
995 2169 1120 2208 eum
1170 2154 1531 2217 intenderent,
1565 2153 1793 2208 omnino
1842 2151 2141 2206 videretur.
2181 2148 2323 2211 Jam,
2357 2164 2617 2217 quorsum
2690 2156 2766 2200 tot
2810 2145 3206 2215 signiﬁcatione
3270 2144 3505 2199 carentia
3544 2144 3758 2200 nomina?

552 2261 815 2313 quorsum
838 2261 904 2301 ex
936 2246 1128 2301 iisdem
1156 2247 1385 2302 barbara
1416 2247 1674 2317 pleraque
1697 2243 2123 2315 congruentibus
2163 2257 2225 2297 ac
2248 2241 2583 2311 singulorum
2613 2239 2846 2308 propriis
2877 2237 3246 2307 anteponunt?
3303 2233 3437 2289 Nam
3474 2236 3519 2290 si
3580 2251 3745 2289 numen

546 2336 677 2391 dum
715 2352 901 2393 vocem
974 2339 1215 2402 exaudit,
1269 2338 1390 2408 eius
1451 2338 1521 2393 ad
1585 2337 2036 2406 signiﬁcationem
2096 2335 2334 2404 respicit,
2387 2332 2625 2402 profecto
2685 2330 3011 2385 cuicuimodi
3058 2344 3257 2384 nomen
3311 2328 3491 2392 fuerit,
3533 2328 3577 2382 si
3617 2328 3747 2381 modo

544 2430 735 2484 eadem
783 2432 1049 2485 sententia
1094 2433 1376 2496 manserit,
1415 2433 1549 2487 satis
1588 2448 1685 2501 pwr
1720 2447 1839 2486 sese
1873 2447 1987 2485 rem
2024 2430 2112 2483 illa
2153 2438 2319 2482 totam
2354 2427 2576 2496 aperiet.
2615 2425 2723 2480 Nec
2748 2425 2893 2480 enim
2929 2424 2998 2490 is,
3065 2424 3281 2493 opinor,
3334 2439 3493 2494 quem
3543 2429 3751 2483 evocant,

546 2517 838 2592 Egyptius
901 2532 1019 2578 erat
1077 2537 1308 2593 genere;
1347 2540 1467 2588 nec,
1510 2526 1555 2579 si
1603 2536 1741 2588 erat,
1803 2526 1985 2595 lingua
2027 2533 2208 2576 tamen
2252 2520 2591 2591 Aigyptiaca,
2644 2519 2728 2571 vel
2777 2517 2999 2572 omnino
3056 2516 3295 2569 humana
3352 2530 3481 2570 voce
3523 2515 3749 2568 utebatur.

542 2613 776 2685 Quippe,
799 2626 894 2673 aut
915 2616 1060 2670 enim
1085 2618 1541 2688 praestigiatorum
1565 2628 1711 2673 artes
1735 2620 1851 2674 istae
1881 2626 2028 2684 sunt,
2052 2626 2106 2671 et
2144 2606 2393 2686 qiuzedam
2442 2629 2655 2676 earum,
2675 2628 2811 2683 quas
2865 2611 2967 2681 ipsi
3020 2609 3279 2679 patimur,
3298 2624 3519 2678 qumque
3532 2616 3684 2660 tamen
3701 2608 3752 2660 ab

542 2706 735 2763 iisDeo
759 2708 1093 2775 tribuuntur,
1115 2712 1477 2766 mutationum
1502 2712 1813 2779 involucra;
1841 2722 1935 2766 aut
1957 2711 2111 2766 aliter
2148 2710 2327 2781 plane,
2353 2724 2518 2777 quam
2540 2724 2598 2763 re
2620 2709 2737 2778 ipsa
2755 2707 2967 2771 habeat,
2987 2706 3052 2761 de
3074 2705 3366 2760 Divinitate
3387 2705 3651 2760 sentimus.
3673 2723 3689 2753 ι

550 2801 712 2875 199
742 2803 865 2860 Haec
898 2805 1003 2874 ille,
1039 2804 1238 2879 quibus
1267 2810 1483 2873 iterum,
1513 2824 1634 2878 qua:
1660 2818 1962 2880 sequuntur
1988 2850 2003 2874 ,
2053 2808 2121 2861 ad

541 2893 857 2965 Egyptium
886 2897 1072 2952 eadem
1099 2914 1221 2953 cum
1247 2901 1414 2955 animi
1441 2901 1787 2957 ﬂuctuatione
1809 2901 2115 2971 perscribit.

545 3004 565 3036 ε
607 2984 702 3040 Sin
743 2996 923 3041 autem
950 3029 967 3053 ,
999 2989 1174 3060 inquit
1202 3032 1216 3055 ,
1248 3007 1315 3047 ex
1344 2992 1448 3047 diis
1476 2993 1567 3047 alii
1598 2996 1732 3048 nihil
1763 2995 1987 3048 omnino
2018 3009 2117 3062 pa-

540 3075 753 3129 tiuntur
779 3114 795 3141 ,
830 3076 922 3132 alii
960 3079 1071 3148 pati
1118 3080 1321 3150 aliquid
1356 3083 1650 3153 aliquando
1696 3095 1958 3153 possunt;
1990 3083 2115 3153 qui-

538 3168 643 3221 bus
667 3166 834 3221 etiam
864 3177 1073 3223 veretra
1100 3184 1159 3224 se
1185 3186 1281 3240 per
1312 3172 1445 3228 istos
1487 3173 1726 3243 erigere,
1771 3173 2115 3241 obscenaque

539 3260 785 3313 carmina
818 3260 1048 3315 solemni
1076 3262 1183 3316 ritu
1213 3278 1411 3319 canere
1436 3265 1687 3320 dictitant
1719 3284 1731 3321 ε
1762 3265 1952 3321 inanes
1998 3265 2110 3319 uti-

535 3364 644 3419 que
703 3350 929 3405 deorum
976 3354 1324 3411 evocationes
1371 3357 1614 3425 iuerint,
1667 3358 1867 3428 quibus
1914 3373 1972 3413 se
2018 3366 2112 3411 aut

534 3454 727 3495 eorum
759 3458 916 3511 opem
961 3444 1253 3513 implorare
1278 3488 1294 3514 ,
1325 3460 1419 3505 aut
1464 3451 1803 3506 iracundiam
1852 3452 2066 3522 placare
2092 3492 2108 3517 ,

534 3541 633 3585 aut
677 3533 1014 3603 expiationes
1069 3536 1357 3594 instituere
1414 3528 1787 3611 proﬁtentur,
1832 3545 2109 3613 multoque

532 3625 762 3694 proinde
792 3628 963 3697 magis
985 3645 1069 3695 ea,
1098 3631 1301 3700 quibus
1332 3634 1464 3703 ipsis
1494 3637 1871 3691 necessitatem
1904 3636 2108 3706 imponi

531 3719 743 3772 volunt.
772 3717 927 3784 Quod
958 3720 1103 3775 enim
1139 3722 1253 3791 pati
1276 3740 1386 3779 non
1438 3736 1655 3795 potest,
1691 3726 1830 3782 idem
1863 3744 1963 3782 nec
2008 3728 2107 3783 de-

533 3809 763 3865 mulceri
799 3828 1038 3884 quoque,
1079 3831 1179 3871 nec
1213 3817 1329 3887 cogi
1360 3826 1554 3887 potest.
1615 3840 1634 3871 ι
1668 3820 1926 3889 Idemque
1956 3821 2109 3875 dein-

529 3917 659 3973 ceps
689 3921 707 3958 :
743 3922 762 3955 ι
804 3903 1120 3976 Perperam,
1152 3910 1350 3980 inquit,
1388 3912 1457 3966 ab
1486 3912 1555 3967 iis
1594 3914 1858 3982 sapientia
1888 3915 2103 3979 colitur,

528 3996 625 4067 qui
650 4006 742 4051 aut
782 3998 1089 4055 inveniendi
1118 4000 1331 4071 fugitivi
1375 4004 1538 4071 servi,
1571 4013 1664 4058 aut
1701 4005 1914 4059 emendi
1948 4005 2103 4074 agri,

529 4096 625 4143 aut
651 4090 965 4159 nuptiarum
1002 4093 1272 4148 interdum
1304 4132 1321 4160 ,
1366 4105 1459 4150 aut
1520 4105 1842 4150 mercaturae.
1888 4098 2059 4167 gratia
2087 4136 2101 4161 ,

528 4181 768 4235 divinam
799 4192 1039 4238 mentem
1087 4186 1379 4241 sollicitare
1422 4202 1487 4243 ac
1526 4186 1754 4258 fatigare
1780 4188 1975 4242 solent.
2010 4186 2105 4243 Sin

527 4282 736 4341 autem,
763 4290 886 4329 cum
916 4276 1090 4330 eidem
1122 4278 1401 4347 sapientia:
1433 4295 1540 4334 non
1566 4279 1795 4334 remisse
1825 4279 2103 4349 negligen-

526 4374 715 4435 tcrque
748 4366 1030 4421 studeatur
1055 4409 1076 4433 ,
1105 4369 1198 4438 qui
1228 4379 1408 4424 tamen
1457 4370 1559 4439 ipsi
1588 4371 1722 4425 dant
1768 4385 1989 4439 operam
2017 4410 2030 4432 ,
2066 4369 2103 4422 ii

523 4458 739 4513 exteris
767 4458 987 4529 quidem
1039 4460 1093 4514 in
1125 4462 1291 4516 rebus
1322 4461 1607 4517 verissima
1643 4461 1846 4525 omnia,
1878 4463 1944 4516 de
1980 4461 2103 4515 feli-

2299 2803 2463 2856 Ταῦτ’
2506 2802 2696 2867 είπὼν,
2743 2800 2905 2856 πάλιν
2948 2801 3146 2871 ἀπορεῖ
3190 2801 3332 2871 πρὸς
3373 2800 3461 2853 τὸν
3500 2797 3753 2879 ιᾼίγύπτιον

2228 2896 2420 2963 λέγων·
2455 2912 2473 2945 ι
2513 2894 2575 2945 El
2615 2894 2670 2946 δὲ
2712 2893 2761 2946 οἱ
2808 2893 2904 2962 μὲν
2945 2891 3191 2954 ἀπαθεῖς,
3231 2894 3277 2944 οἱ
3317 2892 3372 2944 δὲ
3411 2881 3752 2961 ἐμπαθεῖς,οξ

2224 2986 2310 3039 διὰ
2339 2985 2542 3038 τούτων
2577 2986 2709 3055 φασὶ
2753 2983 2983 3053 φαλλοὺς
3027 2984 3260 3045 ἱστάναι,
3302 2985 3396 3036 καὶ
3423 2980 3662 3035 ποιεῖσθαι
3686 2980 3750 3033 αι-

2228 3077 2731 3150 σχρορρημοσύνας,
2791 3077 3008 3147 μάταιοι
3048 3079 3103 3129 αἱ
3142 3075 3279 3128 θεῶν
3319 3076 3531 3146 κλήσεις
3555 3074 3744 3135 ἔσονται,

2227 3170 2589 3241 προσκλήσεις
2640 3168 2818 3223 αὐτῶν
2876 3167 3365 3239 ἐπαγγελλόμεναι,
3430 3168 3518 3220 καὶ
3570 3166 3747 3237 μήνιδος

2216 3261 2497 3327 ὲξιλόισεις,
2524 3264 2617 3315 καὶ
2645 3261 2916 3324 ἐκθύσεις,
2955 3261 3048 3313 καὶ
3079 3258 3158 3312 ἔτι
3192 3260 3397 3330 μᾶλλον
3428 3261 3482 3312 αἱ
3506 3260 3747 3328 λεγόμεναι

2212 3358 2443 3426 ἀνάγκαι
2469 3355 2623 3409 θεῶν.
2643 3355 2938 3426 Ἀκήλητον
2967 3353 3075 3424 γὰρ
3102 3354 3196 3407 καὶ
3219 3353 3497 3417 ἀϐίαστον,
3518 3354 3601 3405 καὶ
3621 3352 3747 3405 dam-

2211 3451 2550 3516 ανάγκαστον,
2577 3448 2637 3499 τὸ
2678 3446 2905 3509 ἀπαθές.
2949 3464 2968 3497 ι
2996 3446 3107 3499 Καὶ
3156 3445 3319 3499 πάλιν
3364 3446 3488 3515 ἑξῆς
3526 3442 3744 3509 ἐπιλέγει·

2218 3561 2234 3591 ι
2272 3540 2461 3610 Μάτην
2508 3540 2690 3601 αὐτοῖς
2728 3541 2761 3609 ἡ
2806 3538 2967 3606 σοφία
2996 3536 3316 3608 ὲξήσκηται,
3361 3538 3486 3609 περὶ
3519 3534 3743 3606 δραπέτου

2210 3633 2497 3704 εὑρέσεως,
2524 3630 2557 3702 ἢ
2588 3631 2787 3702 χωρίου
2834 3630 3047 3700 ὠνῆς,ἢ
3078 3629 3279 3700 γάμου,
3314 3631 3363 3683 εί
3404 3628 3565 3698 τύχοι,
3600 3626 3628 3697 ἢ
3670 3627 3745 3694 ἐμ-

2211 3725 2421 3796 πορίας,
2446 3724 2536 3777 τὸν
2563 3724 2701 3777 θεῖον
2733 3722 2856 3777 νοῦν
2888 3722 3259 3793 ἐνοχλήσασιν.
3283 3723 3350 3775 Εἰ
3374 3723 3415 3775 δ’
3437 3723 3495 3774 οὐ
3534 3720 3742 3789 παρεῖται

2213 3817 2328 3885 μὲν,
2360 3820 2406 3869 οἱ
2431 3816 2485 3869 δὲ
2511 3818 2760 3879 συνόντες
2796 3833 2861 3867 πε
2873 3817 2921 3886 ρί
2960 3816 3056 3885 μὲν
3084 3816 3190 3868 τῶν
3217 3815 3393 3869 ἄλλων
3420 3812 3741 3883 τάληθέστατα

2208 3907 2446 3975 λέγουσι,
2496 3908 2623 3979 περὶ
2673 3908 2730 3960 δὲ
2784 3906 3129 3976 εὐδαιμονίας
3182 3906 3336 3959 οὐδὲν
3376 3905 3615 3975 ἀσιραλὲς,
3656 3899 3739 3953 ούί¹

2209 3999 2488 4069 ἐχέγγυον·
2526 4000 2625 4052 οὐκ
2653 3994 2792 4069 ἦσαν
2832 3999 2938 4069 ἄρα
2968 3996 3090 4049 οὔτε
3128 3997 3257 4061 θεοὶ,
3303 3997 3415 4050 οὔτ’
3445 3995 3621 4065 ἁγαθοὶ
3646 3991 3738 4045 δαίς

2211 4107 2389 4161 μονες,
2438 4090 2551 4143 ἀλλ’
2594 4091 2626 4161 ἢ
2660 4092 2867 4153 ἐκεῖνος
2902 4093 2929 4143 ὁ
2972 4092 3258 4161 λεγόμενος
3293 4090 3507 4152 πλάνος.
3546 4107 3562 4140 ›
3591 4084 3738 4138 Ταῦτα

2210 4182 2309 4252 μὲν
2340 4178 2431 4236 οὖν
2462 4183 2554 4235 ἐπὶ
2581 4182 2832 4236 τοσοῦτον
2867 4184 2961 4235 καὶ
2990 4183 3097 4236 άπὸ
3122 4183 3324 4253 ταύτης
3354 4179 3638 4253 προκείσθω
3660 4176 3737 4243 τῆς

2207 4277 2514 4349 Πορφυρίου
2548 4278 2785 4347 γραφῆς.
2822 4277 2939 4339 Καὶ,
2972 4279 3077 4349 μὴν
3101 4279 3193 4330 καὶ
3224 4276 3529 4331 διδάσκαλοι
3552 4274 3636 4342 τῆς
3658 4287 3737 4322 κα-

2206 4368 2456 4438 κοτέχνου
2500 4368 2753 4439 γοητείας
2786 4370 2938 4421 αύτοί
2969 4386 3033 4437 γε
3073 4369 3279 4439 πρῶτοι
3320 4371 3367 4421 oi
3407 4368 3621 4436 γενναῖοι
3651 4362 3738 4412 θεοὶ

2204 4459 2566 4530 κατέστησαν.
2598 4460 2767 4514 Πόθεν
2798 4460 2905 4531 γὰρ
2936 4459 3243 4531 ἀνθρώποις
3285 4460 3457 4514 ταῦτα
3496 4454 3655 4527 παρῆν
3675 4453 3735 4503 εί-

521 4545 687 4601 citate
719 4562 847 4603 vero
883 4550 1064 4604 securi
1092 4550 1251 4614 nihil,
1283 4550 1497 4621 ﬁdeque
1526 4551 1671 4621 digni
1698 4553 2097 4621 respondeant:

2217 4552 2371 4616 Ξέναι,
2407 4552 2441 4619 ἢ
2473 4551 2580 4604 τῶν
2610 4551 2878 4622 δαιμόνων
2919 4551 3098 4605 αὐτῶν
3136 4551 3205 4604 τὰ
3234 4552 3367 4622 περὶ
3404 4548 3596 4603 ἑαυτῶν
3625 4544 3735 4607 ἐξει-

523 4637 774 4706 sequitur
816 4639 1040 4693 omnino
1090 4656 1266 4710 neque
1311 4641 1443 4696 deos
1489 4643 1652 4707 illos,
1700 4659 1876 4713 neque
1926 4644 2099 4698 bonos

522 4727 686 4782 etiam
721 4727 1021 4795 daemones,
1051 4733 1144 4787 sed
1187 4747 1311 4787 eum
1344 4736 1526 4802 potius
1560 4734 1762 4801 fuisse,
1794 4751 1955 4804 quem
1996 4735 2098 4787 im-

521 4829 797 4889 postorem
830 4838 1113 4878 vocamus.
1154 4845 1173 4876 ι
1217 4826 1393 4895 Atque
1426 4827 1540 4882 hzrc
1569 4843 1635 4882 ex
1662 4830 1821 4882 citata
1849 4826 2094 4897 Porphy-

522 4916 588 4969 rii
616 4916 845 4985 epistola
872 4919 1136 4988 producta
1168 4920 1454 4976 sulIieiant.
1487 4920 1607 4976 1am
1638 4938 1767 4976 vero
1810 4937 1917 4975 non
1962 4920 2099 4974 alios

521 5008 591 5063 ab
634 5008 788 5066 initio
837 5013 1095 5068 maleﬁcae
1127 5016 1262 5070 artis
1308 5018 1599 5087 magistros
1628 5058 1641 5081 ,
1674 5033 1837 5088 quam
1868 5018 2099 5086 ipsamet

519 5104 734 5173 egregia
783 5106 1008 5161 numina
1057 5108 1225 5164 fuisse
1272 5119 1503 5164 constat.
1556 5110 1660 5177 Qui
1713 5110 1857 5164 enim
1907 5109 2095 5164 isthaec

523 5192 777 5250 homines
812 5197 969 5253 aliter
998 5214 1161 5255 nosse
1195 5201 1501 5270 potuissent
1526 5241 1541 5265 ,
1571 5202 1677 5257 nisi
1707 5201 1981 5257 dzemones
2027 5202 2097 5256 iis

520 5296 609 5337 res
638 5283 739 5352 ipsi
774 5302 903 5343 suas
931 5291 1294 5359 aperuissent,
1323 5302 1375 5345 et
1400 5293 1600 5361 quibus
1626 5294 1831 5363 quique
1864 5292 2093 5347 vinculis

516 5377 988 5447 constringantur,
1030 5383 1406 5438 iudicassent?
1436 5382 1620 5454 Neque
1669 5400 1797 5439 vero
1845 5393 2091 5439 nostram

520 5462 661 5517 hanc
688 5468 989 5525 orationem
1020 5489 1142 5528 esse
1176 5484 1331 5543 putes
1358 5493 1371 5537 ;
1400 5477 1600 5545 quippe
1640 5475 1735 5544 qui
1788 5475 1924 5529 nihil
1954 5474 2088 5529 isto-

2211 4644 2434 4705 πόντων,
2470 4644 2561 4695 καὶ
2592 4645 2715 4705 τοὺς
2747 4642 3118 4713 καταδέσμους
3152 4646 3270 4696 κατ’
3305 4642 3539 4712 ἀλλήλων
3579 4636 3735 4705 ὲξηγο·

2212 4736 2507 4805 ρευκότων;
2556 4734 2705 4805 Μηδὲ
2744 4734 2931 4788 τοῦτον
2960 4735 3015 4787 δὲ
3046 4736 3313 4806 ἡμέτερον
3343 4730 3479 4787 εἶναι
3508 4732 3589 4783 τὸν
3611 4730 3736 4793 λόγον

2206 4826 2360 4899 ἠγοῦ-
2396 4828 2547 4879 οὑδὲν
2573 4828 2679 4898 γὰρ
2704 4828 2905 4880 τούτων
2938 4830 3097 4897 ἡμεῖς
3126 4827 3485 4899 ὁμολογοῦμεν
3507 4824 3615 4877 οὔτε
3644 4818 3735 4871 ἐπί·

2207 4918 2457 4983 στασθαι,
2492 4918 2611 4971 οὔτε
2660 4917 2855 4981 θέλειν,
2898 4918 3035 4988 πλὴν
3076 4920 3155 4981 είς
3200 4918 3417 4988 ἔλεγχον
3462 4916 3555 4984 τῆς
3591 4909 3732 4965 αὐτῶν

2205 5010 2453 5072 ἀτοπίαςν
2494 5010 2586 5062 καὶ
2625 5011 2899 5081 ἡμετέραν
2934 5008 3068 5079 ὁμοῦ
3114 5010 3213 5079 τῆς
3252 5009 3453 5061 τούτων
3494 5002 3733 5071 ἀναχωρὴ-

2203 5121 2339 5166 σεως
2384 5101 2699 5169 ἀπολογίαν,
2742 5103 2769 5153 ὁ
2806 5101 3008 5154 τούτων
3053 5104 3182 5172 ἡμῖν
3232 5100 3493 5171 παρήχθω
3540 5095 3730 5165 μάρτυς,

2202 5197 2365 5265 σοφὸς
2388 5195 2463 5249 ὢν
2502 5197 2563 5247 ὲν
2588 5199 2700 5259 τοῖς
2738 5196 3053 5267 γνωρίμοις,
3092 5196 3184 5247 καὶ
3218 5195 3395 5247 πάντα
3430 5186 3648 5259 ἀκριϐῶς
3678 5179 3730 5231 τὰ

2199 5288 2371 5339 οίκεῖα
2408 5284 2561 5349 εἰδώς
2602 5303 2659 5338 τε
2696 5287 2789 5338 καὶ
2828 5285 3234 5355 ὑποτιθέμενος.
3272 5284 3437 5344 Αὐτὸς
3474 5276 3559 5332 οὖν
3590 5278 3639 5327 ὲν
3674 5271 3726 5338 τῇ

2197 5378 2497 5451 δηλωθείσῃ
2538 5376 2646 5431 τῶν
2687 5376 2883 5446 λογίων,
2923 5378 3208 5449 συναγωγῇ
3247 5374 3413 5429 ταῦτα
3454 5370 3587 5437 λέγει
3621 5359 3727 5431 πρὸς

2198 5472 2362 5539 λέξινι

516 5572 638 5612 rum
669 5576 699 5613 a
730 5562 889 5618 nobis
917 5577 1011 5621 aut
1042 5568 1261 5639 intelligi
1288 5579 1382 5623 aut
1408 5569 1585 5638 expeti
1617 5569 1904 5624 fateamur.
1975 5568 2209 5623 Tantum
2266 5584 2395 5637 ergo
2424 5568 2619 5636 partim
2692 5583 2759 5621 ao
2821 5582 3229 5637 coarguendam
3276 5565 3502 5620 istorum
3553 5564 3718 5608 vecor-

516 5651 707 5717 diam,
753 5658 950 5726 partim
1020 5662 1088 5716 ad
1156 5664 1433 5729 nostram,
1485 5663 1581 5733 qui
1632 5680 1732 5720 nos
1787 5678 1981 5719 eorum
2051 5659 2421 5717 communioni
2471 5676 2533 5715 ac
2582 5657 2825 5715 societati
2900 5660 3300 5724 subduximus,
3356 5651 3720 5709 defensionem.

522 5747 664 5803 idem
699 5763 730 5802 a
765 5748 925 5803 nobis
978 5751 1130 5807 testis
1157 5756 1493 5823 producatur
1517 5795 1533 5819 ,
1582 5756 1677 5828 qui
1722 5765 1777 5811 et
1806 5754 2023 5826 sapiens
2069 5769 2099 5807 a
2137 5753 2251 5808 suis
2281 5750 2511 5805 habetur
2537 5791 2551 5815 ,
2622 5761 2674 5807 et
2741 5766 2933 5806 omnes
2971 5751 3250 5822 religionis
3295 5748 3474 5819 patria:
3520 5738 3721 5795 ratione!

521 5848 775 5897 accurate
791 5855 896 5894 non
924 5843 1088 5899 modo
1112 5847 1282 5913 novit,
1306 5848 1399 5907 sed
1419 5847 1584 5908 etiam
1616 5849 1884 5923 exposuit.
1914 5848 2005 5906 Ille
2026 5847 2188 5919 igitur
2211 5846 2263 5901 in
2286 5842 2503 5899 laudata
2520 5843 2868 5900 oraculorum
2892 5842 3228 5908 collectione,
3259 5840 3321 5897 ad
3345 5838 3549 5895 verbum
3568 5828 3718 5888 habet,

518 5948 643 6009 qua
668 5945 990 6007 sequuntur.
1194 5975 1223 6007 η.
