4024 6408
240 372 343 429 353

771 485 1166 539 ΚΕΦΛΛΑΙΟΝ
1202 486 1296 539 lZ'.

242 599 374 669 Περὶ
426 599 534 653 τοῦ
574 598 670 652 καὶ
715 599 1008 665 θνήσκειν
1057 598 1197 664 τοὺς
1240 598 1550 668 δαίμονας,
1592 598 1700 662 οὓς
1739 597 1816 666 δὴ

735 671 814 736 ὡς
849 670 1022 734 θεοὺς
1060 669 1321 738 τιμῶσιν.

306 802 325 834 ι
369 783 445 835 Τδ
480 784 580 852 μὲν
630 783 918 852 ἐφεστάναι
959 782 1070 851 (⁸56)
1110 785 1222 845 τοῖς
1251 782 1625 856 χρηστηρίοις,
1671 781 1814 852 εἶπε,

235 876 304 946 μὴ
334 873 520 936 θεοὺς,
567 868 651 936 οἷς
690 872 1033 944 ἀπηλλάχθαι
1077 871 1184 925 τῶν
1228 874 1354 944 περὶ
1385 873 1489 944 γῆν
1526 875 1812 947 προσήκει,

230 965 359 1020 ἀλλὰ
402 965 674 1035 δαίμονας
723 965 1000 1036 ὑπηρέτας
1049 965 1206 1029 θεῶν,
1237 967 1297 1018 οὐ
1332 966 1480 1019 δοκεῖ
1510 985 1597 1038 μοι
1629 967 1814 1032 κακῶς

229 1057 543 1124 ἀξιοῦσθαι·
604 1057 663 1111 τὸ
715 1057 769 1109 δὲ
817 1059 930 1121 τοῖς
975 1057 1193 1128 δαίμοσι
1244 1057 1474 1122 τούτοις,
1535 1061 1813 1131 μονονουχὶ

227 1151 428 1220 ῥάτδην
489 1151 867 1220 λαμϐάνοντας
920 1151 984 1203 ἐκ
1033 1150 1141 1204 τῶν
1189 1152 1338 1204 ἐπῶν
1395 1150 1487 1206 τοῦ
1554 1153 1814 1223 Ἐμπεδο-

226 1241 436 1305 κλέους,
479 1242 777 1314 ἁμαρτίας,
812 1241 904 1294 καί
939 1241 1094 1304 ἄτας,
1137 1242 1229 1295 καὶ
1265 1243 1473 1306 πλάνας
1517 1241 1812 1314 θεηλάτους

225 1334 529 1404 ἐπιφέρειν,
567 1333 930 1396 τελευτῶντας
960 1333 1016 1386 δὲ
1051 1335 1144 1387 καὶ
1185 1334 1446 1400 θανάτους
1475 1335 1665 1408 ὥσπερ
1714 1339 1809 1391 ἀν-

226 1426 460 1498 θρώπων
491 1426 865 1492 ὑποτίθεσθαι,
903 1426 1235 1498 θρασύτερον
1269 1429 1507 1499 ἡγοῦμαι
1538 1431 1632 1483 καὶ
1677 1431 1810 1502 βαρ-

229 1519 616 1592 ϐαρικώτερον.
681 1518 992 1590 Ἦρώτησεν
1057 1516 1149 1573 οὖν
1203 1520 1230 1572 ό
1283 1521 1660 1594 Κλεόμϐροτος
1713 1524 1809 1578 τὸν

231 1614 508 1677 Φᾶιππον,
536 1613 685 1675 ὅστις
714 1614 819 1682 εἴη,
856 1613 948 1664 καὶ
984 1612 1145 1666 πόθεν
1171 1615 1198 1666 ὁ
1224 1614 1440 1678 νεανίας
1460 1632 1472 1643 ·
1505 1615 1807 1686 πυθόμενος

234 1707 284 1759 δὲ
306 1705 542 1775 τούνομα
573 1704 669 1756 καὶ
695 1702 792 1774 τὴν
825 1703 998 1765 πόλιν,
1040 1703 1173 1756 Οὐδὲ
1206 1703 1424 1768 αὐτοὺς,
1457 1704 1583 1776 ἔφη,
1612 1705 1808 1760 λανθά-

237 1816 402 1867 νομεν,
449 1791 496 1849 ὦ
546 1794 884 1868 Ἡρακλέων,
913 1797 970 1847 ἐν
1017 1794 1196 1864 λόγοις
1227 1797 1511 1864 γεγονότες
1561 1799 1801 1862 ἀτόποις.

252 1891 373 1943 Ἀλλ’
396 1891 493 1943 ούκ
514 1890 630 1942 ἐστι
653 1889 780 1960 περὶ
804 1887 1143 1960 πραγμάτων
1167 1889 1418 1960 μεγάλων
1444 1891 1518 1962 μὴ
1543 1891 1805 1963 μεγάλαις

238 1983 710 2054 προσχρησάμενον
732 1983 946 2052 ἀρχαῖς,
985 1983 1076 2034 ἐπὶ
1103 1981 1164 2034 τὸ
1185 1983 1331 2047 εἰκὸς
1361 1986 1426 2054 τῇ
1459 1983 1588 2058 δόξῃ
1612 1985 1805 2056 προελ-

238 2078 355 2130 θεῖν.
393 2077 460 2128 Σὺ
492 2075 551 2127 δὲ
587 2074 812 2128 σεαυτὸν
844 2073 1102 2144 λέληθας,
1139 2075 1166 2127 ὃ
1206 2074 1362 2138 δίδως
1397 2076 1508 2146 (57)
1541 2078 1804 2149 ἀφαιρού-

236 2187 398 2239 μενος.
461 2168 775 2239 Ὀμολογεῖς
830 2167 938 2240 γὰρ
986 2165 1125 2222 εἶναι
1170 2168 1462 2239 δαίμονας·
1501 2170 1579 2241 τῷ
1621 2156 1677 2224 δὲ
1728 2173 1800 2244 μὴ

233 2263 454 2330 φαύλους
489 2259 676 2324 ἀξιοῦν
717 2255 874 2323 εἶναι,
913 2260 1046 2332 μηδὲ
1093 2259 1339 2330 θνητοὺς,
1370 2257 1582 2316 οὐκέτι
1615 2262 1803 2334 δαίμο-

229 2372 316 2416 νας
362 2353 671 2421 φυλάττεις.
709 2352 824 2404 Τίνι
868 2351 975 2422 γὰρ
1009 2351 1116 2404 τῶν
1162 2350 1299 2404 θεῶν
1342 2352 1707 2425 διαφέρουσιν,
1752 2357 1801 2408 εί

225 2448 311 2498 καὶ
351 2447 468 2498 κατ’
517 2445 708 2498 οὐσίαν
752 2444 815 2497 τὸ
860 2443 1154 2515 ἄφθαρτον,
1202 2444 1294 2496 καὶ
1340 2447 1460 2498 κατ’
1495 2447 1695 2518 ἀρετὴν
1740 2448 1801 2500 τὸ

221 2538 424 2600 ἀπαθὲς
469 2537 563 2590 καὶ
615 2537 995 2608 ἀναμάρτητον
1039 2535 1254 2606 ἔχουσι;
1306 2537 1448 2608 Πρὸς
1494 2537 1665 2590 ταῦτα
1705 2537 1797 2590 τοῦ

232 2629 601 2702 Ἡρακλέωνος
637 2632 810 2700 σιωπῇ
845 2629 1246 2700 διανοουμένου,
1286 2630 1423 2702 πρὸς
1450 2630 1611 2684 αὑτὸν
1651 2633 1678 2684 ὁ
1709 2631 1800 2683 Φί-

218 2723 409 2786 λιππος
433 2740 447 2752 ·
497 2721 658 2774 Ἀλλά
693 2721 926 2790 φαύλους
979 2722 1074 2792 μὲν
1103 2721 1359 2791 δαίμονας
1392 2722 1491 2775 οὐκ
1538 2723 1796 2792 Ἐμπεδο-

216 2815 349 2885 κλῆς
391 2813 573 2884 μόνον,
608 2807 656 2866 ὦ
696 2812 1029 2884 Ἡρακλέων,
1058 2812 1338 2875 ἀπέλιπεν,
1373 2813 1504 2865 ἀλλὰ
1534 2815 1626 2866 καὶ
1652 2815 1795 2867 Πλά-

213 2925 340 2970 των,
375 2907 467 2959 καὶ
498 2905 864 2975 Ξενοκράτης,
893 2905 984 2956 καὶ
1022 2905 1360 2976 Χρύσιππος,
1400 2906 1494 2957 καὶ
1523 2905 1795 2975 Δημόκρια-

212 3017 304 3062 to;
326 3000 623 3070 εὐχόμενος
653 2998 886 3064 εὐλόγων
913 2995 1144 3048 εἰδώλων
1171 2995 1282 3066 (58)
1307 2997 1609 3067 τυγχάνειν,
1637 2995 1795 3066 δῆλος

213 3090 274 3165 ἦε.
314 3095 475 3163 ἕτερα
518 3091 868 3162 δυστράπελα
908 3089 1005 3142 καὶ
1041 3088 1291 3160 μοχθηρὰ
1327 3089 1437 3158 (59)
1470 3087 1788 3158 γινώσκων,

1369 368 1689 426 ΡΒᾸΞΡᾹΒ.
1741 367 1992 425 EVANG.
2035 369 2161 424 LIB.
2200 369 2268 424 Ὗ.

1847 491 1896 546 Α

3402 373 3508 430 358

2489 482 2718 538 CAPUT
2757 481 2922 539 XVII.

1921 599 1998 654 De
2016 600 2234 655 interitu
2264 600 2584 665 daemonum,
2615 617 2744 671 quos
2763 601 2981 655 deorum
3012 600 3128 655 loco
3151 608 3495 657 venerantur.

1993 801 2013 834 ι
2048 781 2311 852 Equidem
2343 782 2486 852 quod
2519 783 2780 846 oraculis,
2826 784 3021 854 inquit,
3051 801 3160 840 non
3185 785 3297 856 jam
3319 786 3452 842 deos
3475 823 3494 851 ,

1916 873 2008 942 qui
2039 889 2071 927 a
2105 873 2270 927 rebus
2301 873 2532 928 terrenis
2563 875 2758 929 secreti
2791 889 2916 930 esse
2947 876 3200 940 debeant,
3256 877 3350 933 sed
3385 878 3497 933 dae-

1916 980 2106 1020 mones
2137 964 2321 1035 potius
2349 965 2576 1021 deorum
2604 968 2960 1024 administros
2995 983 3231 1038 prazesse
3263 979 3494 1040 statuat,

1915 1056 1968 1112 id
2003 1056 2136 1111 mihi
2159 1071 2442 1126 perperam
2492 1055 2674 1113 facere
2708 1075 2816 1114 non
2874 1061 3109 1116 videtur.
3147 1060 3206 1116 In
3269 1062 3494 1118 eosdem

1914 1158 2095 1204 tamen
2125 1135 2420 1214 daemones,
2457 1157 2664 1203 tantum
2692 1166 2799 1204 non
2833 1150 3036 1220 impetu
3063 1153 3228 1223 206
3254 1153 3495 1222 quodam

1912 1241 2144 1312 arreptis
2176 1239 2521 1310 Empedoclis
2561 1241 2702 1294 hanc
2738 1242 2790 1295 in
2820 1258 2931 1296 rem
2979 1245 3248 1311 versibus,
3283 1245 3492 1314 lapsus,

1912 1333 2270 1398 calamitates,
2306 1349 2634 1404 erroresque
2669 1334 2931 1390 divinitus
2976 1335 3260 1392 immissos
3287 1351 3491 1407 conge-
3528 1397 3538 1412 ,

1911 1441 2051 1490 rere,
2080 1435 2359 1496 postremo
2413 1442 2605 1482 eorum
2641 1427 2804 1482 etiam
2838 1429 3060 1498 perinde
3109 1437 3274 1499 atque
3307 1429 3491 1484 homi-

1909 1536 2036 1576 num
2073 1523 2325 1579 interitus
2359 1539 2817 1588 commemorare,
2875 1526 2927 1579 id
2969 1540 3096 1580 vero
3132 1542 3256 1580 cum
3312 1525 3490 1581 auda-

1907 1614 2026 1668 cius
2052 1630 2194 1679 esse,
2248 1624 2362 1670 tum
2424 1617 2736 1672 barbariam
2796 1619 3027 1671 nimium
3085 1617 3234 1673 olere
3284 1618 3485 1673 sentio.

1909 1708 2286 1764 Cleombrotus
2320 1711 2484 1781 igitur
2510 1752 2524 1777 ,
2566 1713 2687 1782 quis
2741 1712 2981 1776 tandem,
3035 1721 3091 1766 et
3141 1711 3296 1782 cujas
3340 1720 3490 1767 esset

1907 1800 2244 1865 adolescens,
2274 1818 2340 1856 ex
2370 1802 2619 1873 Philippo
2677 1803 2908 1873 quaerit,
2965 1803 3237 1874 simulque
3281 1817 3486 1858 nomen

1908 1908 1972 1948 ac
2010 1893 2284 1948 civitatem
2317 1904 2376 1949 ut
2415 1896 2656 1962 audivit,
2694 1912 2761 1951 ne
2795 1895 2898 1966 ipsi
2934 1896 3177 1965 quidem,
3214 1895 3288 1948 mi
3314 1880 3485 1950 Hera-

1906 1987 2042 2053 cleo,
2080 2002 2182 2041 nos
2209 1988 2262 2040 in
2292 1988 2561 2043 absurdos
2592 1989 2853 2045 incidisse
2899 1989 3295 2059 disputationes
3328 1989 3485 2061 igno-

1902 2094 2110 2144 ramus,
2146 2079 2323 2149 inquit
2354 2099 2368 2135 :
2405 2083 2498 2136 sed
2535 2081 2650 2136 lieri
2695 2078 2941 2151 profecto
2995 2096 3105 2135 non
3140 2087 3317 2150 potest
3346 2118 3363 2146 ,
3420 2085 3484 2135 ut

1902 2172 2206 2242 qui'rerum
2240 2172 2294 2225 in
2329 2188 2652 2241 magnarum
2705 2173 3051 2236 tractatione,
3092 2173 3307 2243 magnis
3339 2185 3480 2242 quo-

1902 2278 2007 2331 que
2036 2262 2319 2332 principiis
2347 2278 2481 2317 usus
2507 2279 2614 2316 non
2645 2261 2829 2328 fuerit,
2886 2261 2935 2315 is
2966 2261 3205 2332 aliquam
3241 2259 3308 2314 ad
3335 2259 3482 2315 veri-

1902 2353 2313 2410 similitudinem
2379 2354 2654 2425 opinando
2715 2354 3015 2423 perveniat.
3087 2350 3476 2407 Verumtamen

1901 2449 2044 2502 idem
2079 2449 2177 2504 abs
2209 2457 2259 2503 te
2284 2449 2401 2504 dari
2440 2449 2603 2504 simul
2630 2465 2695 2503 ac
2734 2464 2918 2518 negari
2955 2462 3066 2502 non
3100 2444 3292 2501 sentis.
3339 2443 3476 2500 Nam

1899 2541 1993 2609 qui
2025 2541 2299 2595 daemones
2345 2555 2468 2596 esse
2522 2540 2821 2603 conﬁteris,
2875 2541 3018 2595 idem
3057 2554 3191 2595 sane
3224 2553 3351 2594 cum
3379 2538 3477 2592 im-

1899 2633 2098 2702 probos
2131 2633 2253 2687 illos
2286 2647 2351 2688 ac
2379 2634 2636 2687 mortales
2668 2647 2788 2687 esse
2816 2648 2924 2686 non
2957 2631 3041 2686 vis
3061 2671 3074 2695 ,
3102 2645 3170 2685 ne
3198 2629 3474 2684 daemones

1899 2724 2114 2794 quidem
2151 2725 2385 2792 amplius
2417 2739 2540 2778 esse
2573 2723 2840 2779 defendis.
2875 2722 2933 2777 Si
2966 2723 3112 2778 enim
3149 2735 3246 2776 eos
3298 2728 3354 2776 et
3405 2720 3474 2774 ab

1898 2816 2117 2869 interitu
2155 2825 2444 2881 natura,et
2484 2817 2656 2871 virtus
2686 2817 2754 2870 ab
2785 2816 2933 2870 omni
2970 2812 3380 2885 perturbatione
3410 2828 3473 2869 ac

1897 2917 2118 2978 peccato
2143 2908 2406 2972 vindicat,
2428 2907 2560 2976 quid
2595 2907 2709 2974 jam
2743 2907 2890 2977 ipsos
2919 2907 3062 2961 inter
3103 2921 3169 2961 ac
3201 2906 3334 2961 deos
3389 2903 3470 2959 in-

1897 3000 2122 3054 tererit?
2147 2998 2272 3053 Haec
2298 3015 2483 3053 secum
2537 2997 2868 3053 Heracleone
2897 2997 3112 3052 silentio
3142 3003 3428 3067 reputante
3454 3036 3470 3060 ,

1897 3093 2056 3163 Atqui
2089 3107 2197 3146 non
2223 3091 2572 3162 Empedocles
2608 3101 2838 3158 tantum,
2880 3091 3056 3160 inquit
3087 3089 3154 3144 ad
3187 3104 3313 3144 eum
3344 3087 3470 3142 Phi.

208 3190 392 3258 ἔχοντα
412 3186 766 3258 προαιρέσεις
787 3183 939 3247 τινάς
962 3185 1051 3236 καί
1067 3183 1261 3254 ὁρμάς.
1283 3183 1419 3253 Περὶ
1439 3182 1494 3235 δὲ
1517 3181 1610 3235 τοῦ
1631 3181 1792 3236 θανά-

1897 3185 2098 3255 lippus,
2124 3185 2431 3239 deemonnm
2479 3185 2880 3253 improbitatem
2916 3225 2931 3250 ,
2980 3199 3014 3237 ο
3048 3181 3331 3248 Heracleo,
3375 3179 3469 3236 sed

213 3298 294 3332 σου
325 3279 434 3330 τῶν
464 3276 730 3330 τοιούτων
763 3276 974 3344 ἀκήκοα
1001 3273 1158 3341 λόγον
1184 3271 1372 3344 ἀνδρὸς
1407 3274 1507 3326 οὐκ
1530 3274 1789 3344 ἄφρονος,

204 3373 314 3425 »ὑδὲ
359 3370 646 3434 ἀλαζόνος.
682 3366 996 3438 Αἰμιλιανοῦ
1036 3367 1143 3438 γὰρ
1173 3366 1266 3420 τοῦ
1303 3367 1564 3438 ῥήτορος,
1604 3359 1664 3419 οὗ
1699 3366 1793 3420 καὶ

203 3467 355 3537 ἡμῶν
382 3466 517 3518 ἔνιοι
555 3462 932 3535 διακηκόασιν,
974 3461 1300 3534 Ἐπιθέρσης
1331 3457 1399 3533 ἦν
1429 3461 1631 3534 πατὴρ,
1662 3462 1793 3532 ἐμὸς

202 3561 426 3630 πολίτης
481 3559 580 3612 καὶ
627 3556 944 3619 διδάσκαλος
987 3555 1410 3629 γραμματικῶν.
1457 3549 1624 3617 Οὗτος
1655 3553 1788 3625 ἔφη,

206 3654 326 3708 ποτὲ
353 3654 536 3707 πλέων
554 3652 636 3714 εἰς
660 3650 908 3713 Ἰταλίαν,
934 3650 1188 3722 ἐπιϐῆναι
1209 3647 1339 3719 νηὸς
1359 3647 1635 3720 ἐμπορικὰ
1656 3647 1794 3720 χρή-

201 3766 346 3820 ματα
382 3748 479 3800 καὶ
529 3745 758 3815 συχνοὺς
807 3744 1070 3807 ἐπιϐάτας
1121 3740 1380 3814 ἀγούσης.
1428 3740 1697 3812 Ἐσπέρας
1745 3740 1790 3794 δ’

200 3840 296 3910 ἤδη
321 3839 452 3906 περὶ
480 3835 583 3900 τὰς
620 3834 900 3906 Ἐχινάδας
928 3835 1124 3906 νήσους
1154 3832 1425 3904 ἀποϐῆναι
1454 3830 1516 3884 τὺ
1549 3829 1787 3902 πνεῦμα,

201 3933 290 3986 καὶ
316 3931 415 4003 τὴν
442 3928 581 3983 ναῦν
610 3927 1009 3998 διαφερομένην
1042 3925 1268 3996 πλησίον
1292 3924 1546 3995 γενέσθαι
1571 3922 1786 3988 Παξῶν.

211 4022 607 4096 Ἐγρηγορέναι
641 4020 696 4074 δὲ
724 4021 850 4085 τοὺς
892 4019 1177 4083 πλείστους
1203 4019 1294 4071 καὶ
1319 4017 1514 4080 πίνειν,
1540 4017 1662 4070 ἐπεὶ
1701 4016 1788 4068 δε-

202 4117 553 4188 δειπνηκότες
586 4111 728 4186 ἦσαν
748 4113 884 4185 (40)’
912 4111 1169 4182 ἐξαίφνης
1194 4111 1250 4164 δὲ
1277 4109 1462 4180 φωνῆς
1492 4109 1600 4162 ἀπὸ
1625 4109 1785 4180 νήσου

205 4211 306 4264 τῶν
339 4209 535 4276 Παξῶν
575 4207 935 4278 ἀκουσθῆναι,
969 4202 1219 4276 Θαμνοῦν
1246 4201 1355 4274 (4-1)
1380 4220 1523 4266 τινος
1552 4201 1646 4272 βοῇ
1691 4218 1789 4255 κα-

205 4303 430 4368 λοῦντος,
459 4303 604 4356 ῶστε
635 4299 937 4372 θαυμάζειν
957 4315 970 4329 ·
1008 4299 1037 4351 ὁ
1074 4297 1184 4370 γὰρ
1207 4297 1456 4369 Θαμνοῦς
1490 4297 1787 4366 Αἰγύπτιος

208 4390 265 4465 ἦν
322 4394 700 4466 κυϐερνήτης,
763 4390 886 4445 οὐδὲ
946 4389 1056 4444 τῶν
1112 4390 1458 4460 ἐμπλεόντων
1511 4387 1785 4459 γνώριμος

1893 3279 2055 3333 etiam
2083 3277 2257 3339 Plato,
2295 3276 2648 3342 Xenocrates,
2703 3289 2759 3331 et
2806 3277 3166 3348 Chrysippus,
3213 3281 3470 3330 testatam

1893 3369 2179 3438 reliquere.
2216 3368 2357 3434 Quin
2392 3369 2508 3438 ipsc
2553 3383 2773 3437 quoque
2810 3367 3173 3433 Democritus,
3221 3380 3348 3422 cum
3405 3372 3472 3420 ut

1892 3475 2046 3530 aequa
2080 3459 2181 3514 sibi
2217 3460 2592 3528 contingerent
2623 3461 2761 3515 idola
2787 3469 3122 3530 precaretur,
3153 3458 3332 3528 palam
3360 3458 3472 3512 uti-

1893 3567 2000 3622 que
2023 3551 2130 3606 alia
2165 3567 2224 3606 se
2250 3552 2500 3620 quaedam
2527 3552 2716 3621 iniqua
2745 3553 2950 3622 pariter
2979 3561 3034 3608 et
3063 3551 3333 3622 improba,
3365 3566 3468 3607 nec

1893 3661 1999 3700 non
2028 3643 2255 3715 privatis
2288 3643 2490 3714 agitata
2536 3643 2925 3713 cupiditatibus
2969 3657 3264 3713 agnoscere
3299 3640 3468 3711 proii-

1892 3736 2126 3791 tebatur.
2161 3734 2389 3790 Mortem
2425 3748 2617 3788 eorum
2669 3733 2816 3804 quod
2866 3736 3080 3798 attinet,
3125 3732 3347 3788 memini
3380 3747 3470 3788 me

1891 3826 2124 3896 aliquem
2159 3825 2428 3894 ejusmodi
2485 3839 2795 3879 sermonem
2846 3824 3056 3889 audire,
3092 3823 3193 3878 viri
3227 3835 3327 3876 nec
3381 3820 3469 3874 in-

1891 3919 2025 3973 sulsi
2051 3934 2149 3973 nec
2178 3916 2502 3987 arrogantis.
2538 3914 2867 3970 jEmilianus
2900 3915 3103 3981 rhetor,
3137 3933 3300 3988 quem
3325 3937 3467 3978 non-

1889 4011 2022 4066 nulli
2051 4026 2268 4080 quoque
2298 4018 2540 4064 vestrum
2597 4010 2838 4073 audiere,
2897 4007 3238 4078 Epithersem
3269 4027 3466 4083 paren-

1888 4114 1996 4161 tem
2051 4103 2258 4168 habuit,
2315 4117 2426 4172 quo
2460 4109 2513 4157 et
2567 4102 2838 4172 populari,
2865 4108 2922 4156 et
2973 4099 3029 4154 in
3089 4104 3463 4172 grammaticis

1889 4205 2219 4267 lwaaceptore
2245 4209 2366 4248 sum
2398 4208 2553 4250 usus.
2606 4191 2658 4248 ls
2689 4192 2968 4259 narrabat,
3002 4209 3128 4250 cum
3164 4195 3219 4248 in
3251 4195 3463 4252 Italiam

1888 4287 2188 4358 aliquando
2216 4285 2341 4340 navi
2395 4285 2593 4353 opibus
2647 4284 3069 4354 vectoribusque
3101 4285 3462 4345 refertissima

1887 4384 2186 4455 naxigaret,
2217 4382 2318 4437 sub
2351 4395 2630 4452 vesperam
2662 4379 2730 4434 ad
2770 4377 3079 4436 Echinadas
3103 4380 3311 4438 insulas
3336 4396 3462 4438 ven-

269 4595 375 4665 (56)
421 4594 494 4649 Τὸ
520 4592 642 4663 μὲν
673 4590 1020 4665 ἐφεστάναι.
1067 4588 1241 4665 _S_upra
1300 4597 1483 4665 noster
1530 4586 1632 4641 184
1667 4587 1778 4665 jam

1895 4583 2035 4665 nobis
2051 4584 2271 4665 ‘solent';
2307 4578 2570 4665 (‘EG}OYXG
2601 4579 2715 4660 haec
2745 4577 2941 4631 εἴλωλα
2972 4577 3134 4665 sunt)
3170 4578 3248 4661 uel
3279 4594 3460 4662 nocere

212 4659 301 4722 loci
348 4659 535 4736 hujns'
569 4659 902 4734 principium
953 4662 1154 4723 attttlit,
1196 4674 1358 4728 quem
1407 4659 1496 4712 hic
1546 4661 1778 4728 pertexit

211 4739 437 4794 uberius.

270 4809 377 4879 (57)
421 4809 486 4860 Ὅ
520 4805 724 4879 δίδως.
766 4806 844 4859 lta
888 4802 1191 4865 Plutarch.,
1224 4809 1279 4854 et
1325 4799 1482 4863 bene,
1527 4813 1651 4854 cum
1701 4799 1779 4854 δί-

210 4877 314 4943 δους
343 4877 634 4948 perperam
670 4877 957 4948 legeretur.

270 4938 372 5022 (38')
414 4938 1020 5022 Ebldrwr'eldducar.
1066 4942 1231 5022 Plut.”
1268 4939 1370 5022 sub
1399 4939 1611 5022 initium
1643 4938 1780 5022 ρατι-

210 5023 244 5075 li
262 5009 468 5076 Himilii
492 5035 510 5072 :
534 5009 874 5088 Δημόκριτος
904 5013 1155 5088 μένγὰρ,
1185 5014 1377 5088 inquit,
1401 5009 1654 5088 εὔχεσθαί
1674 5029 1779 5088 φης

212 5110 257 5146 σι
279 5093 402 5156 δεῖν,
443 5072 870 5156 ὃπωςέύλόγωκί
891 5072 1122 5139 εἰδώλων
1146 5072 1546 5156 τυγχάνωμένζ
1568 5082 1655 5134 καὶ

214 5152 451 5234 σύμφορα
477 5162 576 5234 καὶ
602 5152 919 5234 τιὴ-χρηστά
949 5152 1302 5234 μᾶλλον-ἡμῖν
1350 5155 1413 5234 ἐκ
1455 5152 1549 5205 τοῦ
1588 5152 1776 5234 περιέ-

426 5232 459 5303 ῆ
489 5231 561 5285 τά
586 5222 768 5304 φαῦλα
798 5222 892 5283 καὶ
922 5222 992 5280 τά
1016 5222 1775 5304 σκαιὰουμφέρηταιερυίιηι

214 5294 528 5373 ἆωειίἐὶυε
554 5294 960 5371 precationem,
992 5307 1052 5353 ut
1096 5294 1486 5373 superstitione
1533 5294 1772 5373 plenam,

215 5387 257 5446 et
288 5364 618 5446 philosopho
664 5364 951 5446 indignam
994 5364 1263 5438 repudiat.
1309 5364 1771 5446 Videsequent‘ia.

215 5435 367 5502 Porro
396 5435 543 5500 hunc
567 5443 752 5496 locum
783 5435 958 5496 'doc-te
982 5450 1036 5495 et
1059 5435 1318 5493 accurate
1349 5436 1622 5507 Xylander
1651 5435 1776 5488 illu-

216 5526 350 5579 strat,
390 5533 458 5571 ex
508 5513 712 5578 Tullio,
740 5513 902 5581 epist.
939 5511 1021 5577 16,
1052 5511 1128 5581 lib
1180 5525 1268 5574 xv,
1291 5507 1368 5560 Ad
1404 5505 1696 5581 familiam,
1722 5513 1775 5557 et

217 5588 293 5644 lib.
328 5605 342 5642 l
370 5587 452 5641 De
488 5596 688 5640 natura
721 5579 894 5648 deat;
926 5582 1014 5637 ubi
1043 5580 1238 5636 Orator
1265 5581 1381 5632 her
1411 5579 1550 5630 inter
1582 5584 1773 5630 caetera

217 5667 332 5714 sect.
375 5658 468 5712 121
504 5676 517 5710 :
552 5654 688 5709 Mihi
718 5655 933 5725 quidem
980 5654 1142 5726 etiam
1191 5648 1533 5726 Democritus
1584 5655 1773 5726 nutare

218 5731 400 5783 videtur
429 5731 484 5782 in
510 5739 708 5780 natura
730 5719 974 5778 deorum.
998 5722 1130 5777 Tum
1155 5721 1295 5775 enim
1317 5727 1488 5773 censet
1517 5719 1771 5786 imagines

217 5803 469 5855 divinitate
497 5799 780 5870 pra‘ditas,
814 5797 982 5870 inesse
1024 5793 1353 5870 universitati
1386 5805 1561 5870 rerum
1604 5802 1622 5840 .'
1649 5797 1772 5870 tum

218 5858 590 5941 mimantes'tf.
629 5858 921 5936 animatas)
953 5866 1231 5934 imagines,
1255 5877 1371 5931 quae
1415 5859 1490 5916 rel
1527 5858 1773 5926 prodesse

1883 4656 2020 4724 (haec
2046 4651 2462 4724 δυστράπελα);
2500 4649 2610 4703 tum
2633 4650 2866 4724 ingentes
2899 4649 3156 4724 quaedam
3180 4651 3458 4720 imagines,

1882 4718 2195 4794 tantasque;
2210 4731 2269 4794 at
2291 4718 2592 4794 uniuersum
2616 4718 2870 4794 mundum
2911 4718 3336 4794 'complectantu'r
3359 4735 3458 4794 δατ

1881 4787 2157 4850 ινὶηδεειιε.
2195 4792 2326 4858 Qua:
2357 4791 2568 4862 quidem
2594 4792 2774 4862 omnia
2802 4799 2924 4844 sunt
2953 4791 3130 4859 patria
3150 4787 3458 4862 Democriti

1877 4882 2037 4936 quam
2070 4857 2388 4936 Βίεῃιοσνὶιό⁸
2411 4861 2676 4936 digniora.
2716 4859 2846 4915 Vide
2877 4870 2931 4915 et
2953 4857 3102 4936 ‘sect.
3141 4857 3244 4936 197
3271 4859 3458 4936 et_108

1878 4929 2119 5004 ejusdem
2151 4931 2432 4988 Plutarch.
2465 4929 2518 4986 in
2555 4929 2812 5004 Sympos.
2837 4929 3299 5004 quam‘imagines
3332 4929 3456 4986 ista:

1879 4998 2034 5060 nihili
2060 5007 2268 5068 tierent,
2308 5004 2548 5073 ostendit
2585 4998 2884 5073 ljis’verbis
2921 4998 3454 5073 :adivoeldnnoxpt-

1877 5076 2057 5137 τείων,
2092 5075 2283 5143 inquit,
2306 5072 2558 5133 εἰδώλων,
2585 5071 2775 5143 ῶσπερ
2797 5072 3048 5143 Αἰγιέων,
3073 5071 3106 5140 ἢ
3130 5071 3455 5143 Μεγαρέων,

1876 5147 2106 5256 ἀριθμὸς
2132 5140 2325 5208 οὐδεὶς,
2357 5143 2478 5197 οὐδὲ
2508 5143 2683 5212 λόγος.
2730 5140 2850 5208 Quo
2879 5144 2944 5196 de
2973 5141 3126 5205 loco,
3162 5140 3453 5196 videinl‘ra

1876 5233 1929 5270 n.
1959 5219 2064 5270 (2-4
2091 5232 2143 5269 tn
2177 5223 2289 5269 not.

1875 5217 1929 5288 p.
1959 5217 2064 5270 (224
2091 5217 2143 5269 in
2177 5223 2289 5269 not.

1948 5287 2060 5359 (59)
2101 5283 2404 5359 Μοχθηρά,
2431 5291 2537 5339 etc.
2578 5281 2859 5359 Plutarch.
2887 5281 2962 5334 ita
2991 5280 3210 5359 melius,
3227 5281 3452 5359 Δμοχθη-

1878 5350 1978 5428 ρὰς
2001 5350 2283 5428 γινώσκων
2295 5350 2509 5428 Ρέχοντα
2541 5352 2886 5428 προαιρέσεις
2916 5350 3074 5428 τινὰς
3097 5350 3416 5428 καὶ

1947 5419 2059 5496 (⁷40)
2113 5427 2266 5480 Ἐπεὶ
2307 5419 2762 5496 δέδειπηκότές
2796 5419 2976 5495 ἦσαν.
3021 5420 3184 5488 Ριυιυ
3209 5419 3449 5487 brevius,

1876 5495 2058 5552 Πίνειν
2084 5497 2183 5562 ἔτι,
2213 5495 2648 5568 δεδειπνηκότας.

1947 5569 2058 5640 (41)
2099 5568 2393 5640 Θαμνοῦν.
2425 5561 2600 5640 Plut"
2631 5563 2868 5635 Θαμοῦν,
2905 5573 2973 5640 e_t_
2998 5561 3194 5640 deinde
3235 5561 3447 5640 ραμους

1874 5632 2206 5696 constanter.
2237 5639 2352 5693 Non
2387 5637 2594 5692 abludit
2625 5632 2822 5690 nomen
2855 5635 3007 5691 urbis
3039 5632 3279 5703 Egyptii
3311 5632 3438 5687 eale-

1873 5711 2146 5773 berrimze,
2181 5725 2303 5780 quze
2336 5709 2539 5779 Θμουϊς
2579 5707 2708 5780 olim
2752 5705 3055 5780 dicebatur.
3085 5704 3149 5780 ξι
3181 5703 3335 5780 Plato
3368 5717 3444 5757 re-

1874 5798 1994 5852 gem
2044 5773 2354 5854 Egyptium
2384 5773 2657 5849 'agnoscit
2691 5777 2744 5830 in
2781 5776 3024 5832 Phaedra
3077 5773 3299 5834 Θαυοῦν
3354 5787 3454 5828 no.

1879 5869 2044 5909 nune.
