3890 6384
554 363 659 419 355

1192 358 1462 414 EUSEBll
1500 352 1981 412 CxESARlENSlS
2018 351 2168 409 OPP.
2213 351 2393 407 PARS
2433 350 2495 407 ll.
2536 384 2605 396 -—
2640 350 3139 408 APOLOGETICA.
3648 357 3730 413 355

557 489 670 532 tum
702 486 919 531 omnem
956 471 1137 527 subito
1151 469 1473 531 concidisse,
1494 468 1859 538 jactatamque
1890 466 2069 521 navim
2099 479 2129 517 a

2239 459 2296 533 ἦν
2350 465 2561 529 πολλοῖς
2604 465 2701 541 ἀπ’
2751 464 3030 535 ὀνόματος.
3088 464 3179 527 Δὶς
3229 464 3323 533 μὲν
3362 461 3449 518 οὖν
3491 466 3731 538 κληθέντα,

556 568 718 623 Paxis
741 582 847 620 non
895 563 1086 635 procul
1135 560 1394 615 abfuisse.
1449 558 1549 613 llic
1600 574 1730 614 vero
1777 558 2127 628 vigilantibus

556 661 849 731 plerisque,
876 672 939 710 ac
972 670 1125 710 ctena
1164 651 1410 708 coniecta
1443 652 1753 705 bibentibus
1777 692 1792 717 ,
1843 649 2126 718 cujusdam

556 758 780 821 repente
802 763 989 802 vocem
1024 761 1093 799 ex
1141 746 1330 800 eadem
1380 743 1553 797 insula
1608 742 1917 796 Thamnum
1958 742 2127 795 incla-

557 840 761 893 mantis
786 836 1097 891 exauditam
1132 848 1255 889 esse
1284 852 1297 886 :
1331 849 1451 902 qua:
1494 848 1580 887 res
1608 833 1860 887 omnibus
1889 832 2130 886 admira-

559 930 763 983 tionem
806 928 992 990 movit,
1022 938 1147 979 cum
1191 923 1473 979 Thamnus
1528 923 1617 978 ille
1653 923 1941 995 IEgyptius
1990 932 2133 979 esset

558 1020 716 1073 navis
746 1018 1098 1087 gubernator,
1132 1030 1296 1085 quem
1332 1015 1491 1085 pauci
1519 1015 1890 1087 navigantium
1922 1015 1990 1070 de
2037 1030 2132 1069 no-

560 1110 707 1165 mine
732 1117 1017 1164 noverant.
1048 1106 1116 1161 Et
1159 1107 1311 1162 illum
1342 1107 1559 1178 quidem
1612 1108 1778 1163 semel
1825 1096 2133 1177 iterumque

559 1211 811 1255 vocatum
836 1199 1075 1263 siluisse,
1096 1198 1256 1253 tertio
1271 1198 1488 1253 d’emum
1515 1198 1730 1253 vocanti
1761 1199 2128 1268 respondisse.

560 1284 700 1346 Tum
734 1293 965 1346 alterum
997 1291 1188 1360 majori
1219 1304 1382 1361 quam
1413 1298 1570 1344 antea
1604 1307 1754 1356 voce,
1798 1288 1899 1344 Ubi
1934 1291 1998 1345 ad
2031 1291 2133 1345 l’a-

559 1384 710 1439 lodes
734 1382 973 1447 veneris,
1027 1398 1285 1451 maguum
1339 1366 1541 1436 Panem
1597 1384 1866 1439 interiisse
1918 1384 2129 1437 nuntia.

560 1474 682 1541 Quo
718 1476 905 1529 audito
931 1486 1158 1530 cunctos
1191 1475 1539 1530 vehementer
1592 1476 1853 1531 attonitos
1907 1476 2134 1531 hmsisse

561 1567 840 1632 narrabat,
871 1582 1105 1635 eumque
1148 1566 1290 1621 inter
1348 1582 1469 1622 sese
1526 1577 1849 1636 quaererent,
1906 1578 2134 1638 przesta-

563 1668 717 1715 retne
742 1659 889 1713 dicto
912 1657 1194 1713 audientes
1226 1671 1366 1722 esse,
1399 1658 1557 1728 207
1590 1674 1658 1712 an
1691 1659 1871 1729 potius
1900 1676 2014 1715 rem
2049 1671 2133 1716 to-

562 1760 678 1807 tam
704 1752 1000 1821 negligere,
1047 1750 1352 1805 Thamnum
1384 1750 1456 1805 ita
1486 1752 1767 1816 statuisse,
1820 1753 1864 1807 si
1909 1753 2129 1822 quidem

561 1844 830 1912 aspiraret
855 1850 1074 1906 ventus,
1098 1842 1278 1896 locum
1306 1842 1522 1897 silentio
1548 1843 1892 1912 prietervehi,
1925 1845 2009 1898 sin
2032 1845 2133 1899 ibi-

562 1938 685 1993 dem
720 1937 953 1993 malacia
1002 1938 1377 2007 contingeret,
1404 1952 1527 2007 quae
1556 1938 1803 1993 audierat
1850 1940 2124 1995 nuntiare.

560 2027 704 2100 Ergo
737 2045 861 2083 cum
889 2044 956 2085 eo
990 2039 1281 2101 provectus
1311 2038 1475 2096 esset,
1529 2045 1659 2084 aura
1694 2030 2013 2086 concidente
2044 2045 2133 2087 se»

562 2121 799 2189 datoque
830 2121 990 2186 mari,
1046 2119 1355 2175 Thamnum
1387 2136 1452 2176 ex
1485 2122 1651 2192 puppi
1681 2162 1696 2187 ,
1742 2123 2024 2178 conversis
2066 2122 2135 2177 ad

561 2214 760 2267 terram
780 2212 973 2278 oculis,
995 2227 1109 2267 rem
1141 2213 1218 2266 uti
1247 2213 1491 2268 audierat
1514 2213 1859 2279 inclamasse,
1881 2212 2133 2285 Magnum

562 2303 815 2358 videlicet
844 2303 1044 2359 Panem
1071 2304 1292 2359 obiisse.
1330 2304 1504 2371 Quam
1531 2304 1653 2373 ejus
1698 2318 1913 2371 vocem,
1942 2306 2135 2377 ingen-

563 2401 671 2447 tem
694 2393 839 2448 illico
860 2409 1095 2466 eumque
1141 2396 1503 2452 admiratione
1540 2395 1788 2463 mistum,
1815 2411 1923 2450 non
1952 2396 2133 2464 unius,

563 2483 659 2540 scd
689 2486 981 2540 multorum
1004 2487 1166 2541 simul
1194 2488 1451 2557 gemitum
1474 2489 1771 2558 excepisse.
1793 2486 1925 2543 Rem
1952 2503 2134 2558 porro,

563 2574 765 2644 quippe
798 2591 920 2647 qua:
950 2584 1247 2646 praesentes
1298 2578 1562 2646 plurimos
1590 2586 1758 2634 testes
1814 2579 2133 2646 habuisset,

565 2664 753 2722 Roma:
772 2667 922 2723 brevi
954 2668 1246 2723 admodum
1273 2676 1518 2740 tempore
1551 2668 1851 2741 vulgatam,
1891 2671 2138 2741 adeoque

567 2756 874 2813 Thamnum
896 2760 1073 2830 ipsum
1098 2777 1128 2815 a
1154 2759 1374 2817 Tiberio
1392 2763 1607 2817 Caesare
1636 2770 1916 2817 evocatum
1937 2761 2133 2817 fuisse:

566 2863 631 2903 ac
659 2848 935 2904 Tiberium
966 2850 1186 2919 quidem
1216 2866 1337 2906 eam
1369 2854 1617 2907 narranti
1650 2852 1812 2907 ﬁdem
1849 2852 2133 2917 habuisse,

568 2948 629 2994 ut
654 2954 721 2995 ex
748 2955 932 2995 rerum
956 2941 1306 3011 antiquarum
1333 2942 1523 3012 peritis
1543 2984 1558 3009 ,
1587 2943 1680 3012 qui
1715 2952 1830 2997 tum
1878 2941 2136 3011 frequen-

569 3041 650 3087 tes
680 3030 924 3098 aderant,
955 3047 1180 3101 ecquem
1220 3033 1325 3102 ipsi
1377 3031 1581 3088 Panem
1616 3034 1768 3088 illum
1792 3048 1914 3089 esse
1965 3033 2136 3088 senti—

566 3130 709 3189 rent,
738 3122 1023 3193 diligenter
1058 3123 1451 3188 sciscitaretdr,
1503 3138 1598 3179 eos
1644 3134 1826 3179 autem
1880 3122 2133 3179 Mercurii
2163 3156 2206 3216 ο

571 3214 975 3287 Penelopesque
1008 3215 1177 3270 ﬁlium
1209 3216 1511 3286 suspicatus
1567 3231 1707 3273 esse.
1768 3215 2037 3273 (laterum
2069 3232 2136 3273 ex

569 3308 659 3370 iis,
690 3308 783 3376 qui
814 3308 1171 3376 disputationi
1211 3309 1338 3363 huic
1366 3310 1694 3372 intererant,
1734 3317 1899 3365 testes
1928 3310 2137 3381 Philip-

569 3409 673 3469 pus
703 3400 998 3455 nonnullos
1019 3399 1272 3466 habebat,
1312 3401 1404 3470 qui
1440 3400 1798 3455 [Emilianum
1830 3417 2015 3457 senem
2049 3420 2141 3456 au-

568 3490 800 3545 dierant.
833 3491 932 3546 Hic
962 3492 1197 3561 subjecit
1242 3491 1569 3561 Demetrius,
1626 3494 1925 3549 insularum
1952 3534 1967 3558 ,
2018 3510 2140 3566 qua:

568 3581 861 3636 Britanniaz
897 3582 1165 3651 adjacent,
1204 3583 1493 3652 plerasque
1538 3584 1781 3639 desertas
1810 3584 2011 3654 passim
2046 3602 2139 3640 oc—

567 3687 807 3736 currere,
838 3686 1070 3741 quarum
1096 3671 1372 3727 nonnullae
1401 3673 1732 3740 daemonum,
1772 3684 1866 3729 aut
1912 3676 2137 3730 heroum

570 3763 763 3820 insulae
785 3763 1159 3823 nominentur.
1210 3762 1381 3818 Porro
1413 3780 1470 3820 se
1500 3766 1711 3820 visendi
1740 3767 1920 3821 studio
1954 3808 1970 3833 ,
2026 3768 2139 3839 regi

569 3857 861 3925 aliquando
889 3858 941 3911 in
978 3859 1312 3912 desertarum
1342 3858 1644 3927 proximam
1674 3860 1949 3929 naviganti
1978 3862 2139 3915 comi-

572 3958 677 4003 tem
710 3950 1044 4019 adjunxisse,
1076 3964 1239 4019 quam
1275 3950 1434 4019 pauci
1468 3950 1765 4004 admodum
1815 3952 2136 4016 incolerent,

570 4041 662 4097 sed
687 4043 778 4111 qui
808 4041 1081 4096 Britannis
1117 4041 1258 4096 sacri
1279 4056 1467 4096 omnes
1493 4050 1669 4107 erant,
1704 4052 1758 4097 et
1783 4043 1852 4097 ab
1882 4044 2031 4097 omni
2056 4044 2138 4098 di-

569 4134 815 4203 reptione
841 4133 1149 4203 injuriaque
1174 4134 1297 4189 tuti.
1328 4131 1433 4188 Ubi
1468 4134 1704 4203 primum
1742 4150 1806 4190 eo
1840 4137 2129 4205 appulsu-1

568 4234 731 4289 esset,
758 4224 956 4280 {cedam
992 4234 1208 4295 repente
1236 4234 1479 4281 coortam
1505 4226 1557 4279 in
1580 4226 1717 4280 coelo
1736 4234 2137 4294 tempestatem,

572 4314 761 4368 crebra
787 4313 951 4369 simul
987 4313 1255 4385 prodigia,
1288 4324 1573 4369 ventorum
1608 4316 1897 4384 procellas,
1932 4316 2139 4387 igneos-

571 4421 679 4475 que
708 4407 954 4460 turbines
986 4406 1302 4476 contigisse.
1340 4405 1584 4469 Quorum
1609 4406 1691 4461 vis
1744 4407 1837 4460 ubi
1897 4408 2141 4461 remisis-

2232 558 2523 627 σιωπῆσαι,
2570 558 2629 610 τὸ
2684 557 2740 609 δὲ
2796 557 2976 629 τρίτον
3031 555 3336 609 ὑπακοῦσαι
3386 557 3456 627 τῷ
3500 560 3733 618 καλοῦντι·

2230 651 2323 703 καὶ
2382 651 2588 703 ἐκεῖνον
2636 650 2980 702 ἐπιτείναντα
3038 648 3219 719 φωνὴν
3288 652 3483 702 εἰπεῖν’
3549 654 3739 712 ὐπόταν

2230 746 2359 816 γένῃ
2412 744 2553 799 κατά
2605 742 2668 798 τὸ
2714 743 2996 805 Παλῶδες,
3071 740 3397 809 ἀπάγγειλον
3444 742 3519 795 ὅτι
3579 746 3675 798 Πὰν
3717 751 3740 801 6

2234 836 2405 908 μέγας
2454 836 2731 907 τέθνηκεν.
2801 834 2972 888 Τοῦτο
3036 833 3369 896 ἀκούσαντας
3430 833 3524 905 ἔφη
3571 836 3742 903 πάντας

2232 928 2604 998 ἐκπλαγῆναι,
2680 928 2773 980 καλ⁵
2843 926 3082 987 διδόντας
3151 924 3361 986 ἑαυτοῖς
3425 924 3595 993 λόγον,
3656 930 3743 981 sits

2233 1021 2454 1092 ποιῆσαι
2521 1019 2725 1091 βέλτιον
2778 1014 2846 1089 ἦν
2896 1018 2957 1071 τὸ
3024 1015 3486 1087 προστεταγμένον
3544 1018 3637 1070 εῖτε
3685 1019 3745 1091 μὴ

2234 1110 2729 1181 πολυπραγμονεῖν,
2761 1107 2875 1159 ἀλλ’
2906 1107 3022 1176 sev,
3044 1104 3185 1157 οὕτω
3206 1104 3401 1181 γνῶναι
3418 1102 3503 1155 τὸν
3521 1102 3744 1172 Θαμνοῦν·

2232 1205 2283 1257 εί
2344 1202 2441 1273 μὲν
2499 1201 2583 1274 εἴη
2636 1199 2884 1269 πνεῦμα,
2952 1195 3255 1268 παραπλεῖν
3307 1194 3522 1266 ἡσυχίαν
3572 1195 3742 1264 ἔχοντα,

2234 1294 2492 1366 νηνεμίας
2530 1305 2554 1332 α
2595 1293 2687 1345 καὶ
2740 1290 2979 1361 γαλήνης
3034 1288 3162 1358 περὶ
3206 1287 3296 1340 τὸν
3354 1285 3505 1338 τόπον
3557 1287 3747 1355 γενομέ-

2230 1404 2326 1458 νης
2347 1427 2362 1450 ,
2390 1387 2647 1448 ἀνειπεῖν,
2693 1384 2729 1438 ἃ
2760 1385 3010 1453 ἤκουσεν.
3050 1381 3140 1444 Ὠς
3170 1375 3260 1432 οὖν
3308 1378 3515 1447 ἐγένετο
3544 1378 3663 1430 κατὰ
3699 1378 3746 1429 τὸ

2232 1478 2505 1541 Παλῶδες,
2540 1475 2662 1529 οὕτε
2696 1474 3003 1545 πνεύματος
3031 1473 3201 1537 ὄντος,
3250 1468 3373 1523 οὗτε
3400 1469 3659 1534 κλύδωνος,
3699 1470 3749 1520 ἐκ

2233 1571 2486 1644 πρύμνης
2512 1569 2773 1639 βλέποντα
2805 1566 2895 1619 τὸν
2915 1564 3161 1635 Θαμνοῦν
3184 1562 3320 1633 πρὸς
3345 1562 3440 1633 τὴν
3465 1562 3577 1633 γῆν,
3593 1562 3747 1627 εἰπεῖν,

2232 1664 2419 1734 ὥσπερ
2445 1663 2695 1733 ἦκουσεν,
2725 1661 2806 1712 ὃτι
2830 1658 2943 1710 Πάν
2963 1657 2991 1708 6
3021 1656 3192 1725 μέγας
3221 1653 3495 1724 τέθνηκεν,
3516 1652 3712 1722 ὀφθῆναι
3729 1654 3750 1691 δ

2233 1754 2289 1807 δὲ
2322 1754 2664 1821 παυσάμενον
2692 1749 2873 1810 αὑτὸν,
2909 1746 3001 1801 καὶ
3030 1744 3277 1815 γενέσθαι
3321 1743 3488 1814 μέγαν
3514 1744 3603 1812 οὐχ
3644 1743 3748 1816 ἐνὸς,

2233 1846 2369 1901 ἀλλά
2401 1844 2609 1897 πολλῶν
2645 1840 2963 1912 στεναγμὸν,
3017 1840 3131 1909 ἅμα
3181 1836 3486 1907 θαυμασμῷ
3531 1836 3757 1907 μεμιγμέ-

2234 1955 2343 1991 νον.
2384 1930 2485 1989 Οἷα
2506 1934 2565 1988 δὲ
2596 1932 2804 1987 πολλῶν
2845 1929 3147 2002 ἀνθρώπων
3204 1928 3506 1999 παρόντων,
3544 1926 3663 1995 ταχὺ
3685 1924 3755 1977 τὸν
3798 1936 3801 1939 ‘

2234 2024 2391 2099 λόγον
2420 2030 2477 2082 ἐν
2510 2030 2577 2098 τῇ
2620 2024 2805 2096 Ῥώμῃ
2840 2021 3218 2092 σκεδασθῆναι,
3253 2020 3351 2073 καὶ
3379 2017 3613 2089 Θαμνοῦν
3637 2017 3757 2084 γενέ-

2237 2122 2358 2175 σθαι
2388 2119 2772 2191 μετάπεμπτον
2804 2115 2906 2168 ὑπὸ
2925 2113 3018 2167 τοῦ
3042 2112 3293 2183 Τιόερίου
3346 2109 3625 2181 Καίσαρος
3647 2106 3757 2160 οὕτω

2234 2212 2290 2265 δὲ
2319 2210 2602 2267 πιστεῦσαι
2634 2207 2711 2279 τῷ
2737 2206 2878 2276 λόγῳ
2896 2205 2986 2258 τὸν
3021 2202 3287 2275 Τιῦἑριον,
3324 2200 3464 2254 ὥστε
3511 2198 3759 2253 διαπυνθά-

2235 2303 2421 2359 νεσθαι
2442 2302 2536 2357 καὶ
2566 2300 2748 2371 ζητεῖν
2780 2298 2907 2364 περὶ
2936 2294 3029 2350 τοῦ
3068 2294 3264 2357 Πανόςο
3307 2291 3541 2355 εἰκάζειν
3570 2290 3621 2343 δὲ
3661 2290 3761 2351 τοὺς

2236 2394 2365 2466 περὶ
2387 2392 2548 2447 αὑτὸν
2574 2391 2882 2462 φιλολόγους
2910 2388 3133 2458 συχνοὺς
3164 2387 3326 2450 ὄντας
3351 2385 3440 2439 τδν
3458 2439 3468 2450 ,
3486 2381 3543 2449 ἐξ
3596 2380 3759 2453 Ἑρμοῦ

2236 2485 2331 2539 καὶ
2353 2482 2667 2556 Πηνελόπης
2692 2480 3072 2552 γεγενημένον.
3108 2474 3167 2531 '0
3203 2478 3300 2549 μὲν
3324 2473 3417 2531 οὖν
3447 2475 3681 2537 Quinum;
3699 2467 3759 2524 εἷο

2236 2594 2298 2647 χε
2326 2576 2432 2631 τῶν
2474 2575 2751 2646 παρόντων
2783 2573 2953 2636 ἐνίους
3001 2571 3303 2643 μάρτυρας,
3367 2565 3660 2640 Αἰμιλιανοῦ
3688 2561 3758 2617 τοῦ

2236 2668 2487 2739 γέροντος
2515 2664 2835 2737 ἀκηκοότας·
2859 2665 2887 2717 6
2912 2662 2967 2741 δέ
2990 2662 3294 2733 Δημήτριος
3315 2659 3421 2730 ἔφη
3438 2658 3541 2712 τῶν
3562 2657 3673 2727 περὶ
3688 2656 3761 2725 τὴν

2238 2760 2533 2830 Βρετανίαν
2558 2758 2737 2829 νήσων
2762 2753 2899 2809 εἶναι
2927 2754 3123 2817 πολλὰς
3150 2754 3395 2826 ἐρήμους
3424 2742 3760 2821 σποράδας,ὧν

2238 2850 2382 2914 ἐνίας
2413 2848 2679 2919 δαιμόνων
2718 2848 2811 2900 καὶ
2840 2844 3031 2918 ἡρώων
3070 2842 3451 2914 ὀνομάζεσθαι⁴
3485 2838 3688 2893 πλεῦσαι
3717 2838 3761 2890 δὲ

2238 2940 2396 3005 αὐτὸς
2422 2938 2658 3011 ἱστορίας
2682 2939 2775 2993 καὶ
2798 2938 2923 3001 θέας
2952 2938 3114 2990 ἕνεκα
3148 2937 3351 3008 ,πομπῇ
3398 2932 3490 2987 τοῦ
3545 2930 3761 3003 βασιλέως

2238 3036 2317 3098 είς
2348 3032 2443 3105 τὴν
2467 3032 2693 3102 ἔγγιστα
2743 3031 3000 3102 κειμένην
3030 3028 3138 3083 τῶν
3186 3022 3434 3099 ἐρήμων,
3473 3026 3678 3097 ἔχουσαν
3717 3023 3764 3074 οὐ

2239 3124 2465 3187 πολλοὺς
2499 3122 2868 3186 ἐποικοῦντας,
2908 3121 3089 3192 ἱεροὺς
3114 3118 3173 3172 δὲ
3204 3119 3300 3172 καὶ
3331 3112 3557 3187 ἀσύλους
3598 3115 3766 3177 πάντας

2246 3218 2351 3272 ὑπὸ
2382 3214 2489 3271 τῶν
2519 3212 2799 3287 Βρετανῶν
2823 3211 3000 3276 ὄντας.
3039 3213 3191 3281 ’Λφιγ
3206 3206 3365 3282 μένου
3416 3211 3473 3264 δέ
3494 3208 3641 3265 αὐτοῦ
3668 3224 3769 3261 νεω-

2247 3312 2353 3373 στὶ,
2395 3307 2652 3379 σύγχυσιν
2677 3306 2914 3380 μεγάλην
2943 3306 3069 3378 περὶ
3096 3305 3186 3358 τὸν
3207 3304 3367 3375 ἀέρα,
3413 3303 3505 3357 καὶ
3518 3298 3767 3372 ,διοσημίας

2246 3400 2445 3463 πολλὰς
2483 3388 2755 3469 γενέσθαι,
2779 3399 2869 3451 καί
2890 3396 3173 3467 πνεύματα
3224 3394 3649 3467 καταρραγῆναι,
3696 3388 3770 3443 καὶ

2245 3494 2429 3546 πεσεῖν
2487 3488 2828 3563 πρηστῆρας.
2875 3489 3027 3542 Ἐπεὶ
3078 3486 3122 3540 δ’
3163 3485 3431 3559 ἐλώφησε,
3473 3484 3637 3553 λέγειν
3673 3481 3769 3542 τοὺς

2245 3585 2513 3658 νησιώτας
2534 3584 2615 3637 ὅτι
2643 3582 2749 3636 τῶν
2779 3576 3102 3653 κρειττόνων
3134 3576 3278 3641 τινὸς
3309 3577 3547 3647 ἔκλειψις
3569 3575 3769 3645 γέγονεν.

2257 3679 2343 3742 Ὠς
2373 3678 2479 3749 γὰρ
2525 3675 2714 3747 λύχνος
2765 3672 3149 3743 ἀναπτόμενος,
3203 3671 3391 3740 φάναι,
3447 3668 3609 3723 δεινὸν
3650 3664 3770 3718 οὐδὲν

2245 3773 2374 3844 ἔχει,
2406 3769 2759 3839 σϐεννύμενος
2791 3766 2847 3820 δὲ
2898 3766 3109 3829 πολλοῖς
3157 3761 3397 3835 λυπηρός
3427 3765 3589 3816 ἐστιν·
3633 3757 3773 3818 οὕτως

2245 3865 2297 3917 αί
2332 3862 2558 3933 μεγάλαι
2582 3860 2748 3930 ψυχαὶ
2773 3859 2871 3920 τὰς
2902 3858 2999 3928 μὲν
3039 3856 3373 3927 ἀναλάμψεις
3429 3855 3659 3925 εὐμενεῖς
3700 3848 3772 3903 καὶ

2246 3954 2487 4017 ἀλύπους
2514 3952 2744 4023 ἔχουσιν,
2796 3950 2934 4004 αἰδὲ
2968 3950 3176 4013 σϐέσεις
3232 3948 3414 4001 αὐτῶν
3454 3948 3546 4001 καὶ
3590 3942 3771 4013 φθοραὶ,

2246 4046 2500 4109 πολλάκις
2526 4046 2643 4115 μὲν,
2676 4043 2750 4107 ὼς
2778 4040 2892 4106 νῦν,
2948 4041 3231 4111 πνεύματα
3280 4040 3376 4094 καὶ
3426 4036 3652 4110 χαλάζας
3674 4032 3773 4104 τρέε

2247 4155 2404 4208 φουσι
2435 4137 2566 4208 (42),
2624 4135 2879 4199 πολλάκις
2930 4134 2985 4187 δὲ
3022 4134 3285 4205 λοιμικοῖς
3339 4132 3534 4185 πάθεσι
3559 4129 3641 4182 τὸν
3666 4125 3775 4208 ἀέρα

2246 4206 2667 4301 φαρμάττουσιν.
2728 4228 2872 4279 Ἐκεῖ
2910 4224 3087 4297 μέντοι
3138 4224 3265 4295 μίαν
3292 4220 3431 4277 εἶναι
3478 4223 3649 4292 νῆσον,
3677 4206 3774 4287 ἐνῇ

2245 4322 2334 4375 τὸν
2362 4322 2565 4393 Κρόνον
2598 4320 2915 4391 καθεῖρχθαι
2940 4318 3341 4390 φρουρούμενον
3393 4314 3499 4367 ὑπὸ
3526 4312 3614 4366 τοῦ
3639 4308 3775 4382 Βριά-

2250 4431 2353 4485 ρεω
2382 4411 2725 4468 καθεύδοντα’
2757 4411 2950 4483 δεσμὸν
2976 4410 3084 4482 γὰρ
3113 4409 3258 4479 αὐτῷ
3302 4408 3393 4461 τὸν
3446 4408 3603 4461 ὕπνον
3631 4418 3776 4474 μεμησ

572 4506 653 4553 set
683 4537 698 4561 ,
728 4498 932 4553 dixisse
965 4496 1252 4561 insulares,
1282 4498 1515 4567 aliquem
1556 4514 1619 4552 ex
1653 4498 1910 4553 heroibus
1940 4499 2134 4554 exstin-

2244 4505 2527 4579 χανῆσθαι,
2563 4506 2795 4567 Πολλοὺς
2821 4504 2876 4558 δὲ
2907 4504 3033 4575 περὶ
3060 4499 3217 4555 αὑτὸν
3240 4498 3380 4554 εἶναι
3404 4501 3653 4571 δαίμονας
3670 4495 3777 4546 ὀπα-

570 4599 718 4646 otum
756 4606 898 4645 esse.
927 4588 1393 4656 Quemadmodum
1430 4590 1600 4656 enim,
1633 4592 1953 4661 inquiebant
1980 4634 1996 4657 ,
2056 4605 2137 4645 Iu-

571 4696 735 4737 cerna
764 4681 892 4735 dum
916 4682 1089 4747 ardet,
1122 4682 1253 4735 nihil
1278 4682 1589 4736 detrimenti
1618 4682 1812 4737 atl‘erre
1842 4683 1999 4747 solet,
2038 4700 2138 4740 nec

571 4782 752 4829 tamen
778 4773 895 4829 sine
924 4774 1221 4828 multorum
1253 4774 1500 4829 molestia
1518 4774 1884 4845 exstinguitur
1912 4792 1926 4828 :
1962 4775 2042 4828 sic
2064 4775 2141 4829 in-

572 4874 757 4936 gentes
797 4866 992 4920 animae
1041 4866 1277 4935 benigno
1307 4867 1526 4935 quidem
1558 4877 1612 4921 et
1647 4867 1874 4922 innoxio
1929 4866 2141 4937 fulgore

571 4957 873 5025 collucent;
903 4967 959 5012 at
986 4958 1228 5021 easdem,
1247 4959 1292 5012 si
1325 4960 1546 5029 quando
1571 4959 1845 5028 exstingui
1869 4974 1933 5015 ac
1959 4960 2138 5029 perire

572 5050 878 5118 contigerit,
911 5059 1025 5104 tum
1057 5066 1198 5121 saepe
1220 5061 1410 5105 ventos
1449 5066 1512 5105 ac
1538 5052 1821 5120 procellas,
1860 5052 1937 5106 uti
1970 5066 2135 5117 nunc,

573 5144 831 5210 excitare,
869 5159 1012 5214 saepe
1067 5159 1230 5198 auras
1280 5144 1601 5211 pestilentia:
1652 5158 1859 5197 veneno
1918 5143 2139 5197 inlicere

572 5245 991 5290 consueverunt.
1027 5234 1138 5290 lllic
1167 5249 1329 5305 porro
1354 5234 1588 5289 insulam
1635 5235 1927 5303 quamdam
1978 5250 2096 5289 esse
2120 5274 2135 5297 ,

572 5327 667 5379 ubi
694 5328 933 5383 vinctum
967 5326 1261 5382 Saturnum
1295 5330 1514 5398 altoque
1552 5341 1741 5382 somno
1787 5331 2135 5397 consopitum

577 5416 826 5473 Briareus
846 5420 1115 5474 custodiat
1142 5438 1153 5473 :
1184 5435 1379 5472 novum
1412 5418 1555 5473 enim
1593 5419 1697 5471 hoc
1745 5417 1923 5472 somni
1951 5418 2139 5471 vincu-

574 5511 687 5562 lum
719 5508 980 5565 adversus
1009 5528 1133 5565 eum
1176 5512 1541 5581 excogitatum
1570 5509 1759 5564 fuisse.
1786 5508 1973 5564 Eidem
2012 5524 2141 5563 vero

647 5675 672 5703 ³
715 5664 839 5718 add.
864 5664 940 5719 δέ.
1012 5669 1042 5708 ιι
1080 5670 1164 5725 ἵσ.
1194 5671 1254 5722 οὐ
1281 5668 1498 5740 φθῆναι.

2241 4602 2364 4663 δούς
2398 4599 2491 4653 καὶ
2539 4598 2888 4671 θεράποντας.
2925 4615 2942 4646 ι
2982 4593 3229 4648 Τοσαῦτα
3276 4592 3330 4646 δὲ
3386 4593 3417 4645 6
3452 4587 3773 4656 metimpr

2256 4688 2607 4765 Ἑπιτηρῆσαι
2633 4691 2687 4744 δὲ
2715 4690 2862 4755 ἀξιον
2886 4688 2975 4741 τὸν
3010 4686 3218 4758 καιρὸν,
3254 4687 3312 4739 ἐν
3352 4678 3398 4752 ᾧ
3445 4698 3575 4755 φησι
3602 4679 3682 4734 τὸν
3703 4674 3779 4729 θά-

2243 4803 2400 4839 νατον
2427 4782 2702 4854 γεγονέναι
2730 4781 2822 4835 τοῦ
2848 4779 3117 4851 δαίμονος.
3149 4774 3314 4842 Οὗτος
3358 4777 3419 4830 δὲ
3474 4770 3543 4847 ἦν
3584 4775 3612 4827 6
3662 4765 3777 4825 κατά

2243 4878 2285 4930 Τ
2292 4877 2508 4949 ιδέριον,
2531 4876 2651 4929 καθ’
2685 4875 2743 4929 ὃν
2767 4876 2795 4927 6
2823 4870 3085 4944 ἡμέτερος
3114 4872 3321 4942 Σωτὴρ,
3356 4868 3458 4933 τὰς
3488 4870 3581 4922 σὺν
3604 4861 3780 4949 ἀνθρώ-

2246 4984 2364 5029 ποις
2383 4948 2715 5035 νποιούμενος
2750 4960 3051 5031 διατριϐὰς,
3088 4961 3196 5013 πᾶν
3222 4956 3373 5027 γένος
3404 4955 3661 5025 δαιμόνων
3686 4948 3779 5012 ἑξε-

2242 5054 2453 5110 λαύνειν
2477 5055 2568 5108 τοῦ
2601 5053 2706 5107 τῶν
2729 5050 3026 5123 ἀνθρώπων
3056 5045 3467 5119 ἀναγέγραπται
3498 5042 3628 5115 βίου’
3663 5037 3778 5092 ὥστε

2244 5149 2342 5220 ’ήδη
2375 5148 2523 5211 τινὰς
2555 5147 2661 5199 τῶν
2688 5142 2950 5216 δαιμόνων
2992 5142 3301 5211 γονυπετεῖν
3344 5138 3531 5201 αὑτὸν,
3578 5133 3664 5187 καὶ

2242 5238 2418 5292 τεύειν
2451 5240 2522 5309 μὴ
2555 5238 2631 5308 τῷ
2660 5237 3002 5309 περιμένοντι
3032 5233 3225 5296 αὐτοὺς
3257 5230 3515 5302 ταρτάρῳ
3543 5222 3778 5295 παραδοῦ-

2242 5345 2349 5383 ναι.
2375 5331 2554 5400 Ἔχεις
2582 5324 2671 5381 οὖν
2698 5326 2907 5395 καὶτῆς
2923 5326 3027 5379 τῶν
3044 5324 3310 5395 δαιμόνων
3334 5317 3688 5391 καθαιρέσεως
3707 5309 3777 5361 τὸν

2243 5420 2451 5491 χρόνον,
2477 5418 2574 5471 ούκ
2607 5417 2792 5470 ἄλλοτε
2827 5416 2887 5480 ἐξ
2937 5414 3130 5477 αἰῶνος
3174 5410 3567 5483 ίστορηθείσης·
3620 5404 3774 5467 ὥσπερ

2243 5508 2333 5564 οὖν
2368 5512 2457 5563 καὶ
2487 5511 2579 5581 τῆς
2613 5508 3052 5581 ἀνθρωποθυσίας
3082 5506 3193 5560 τῶν
3243 5504 3409 5558 ἐθνῶν
3439 5502 3539 5574 τὴν
3578 5492 3779 5553 κατά-λυ·

648 5779 760 5851 (4'2)
804 5779 1065 5848 Χαλάζας
1106 5783 1407 5852 τρέφουσι.
1452 5783 1753 5851 Plutarch,
1798 5781 1963 5847 ζάλας
1990 5778 2269 5854 τρέπουσι.
