3890 6384
614 317 718 372 359

1244 316 1509 373 EUSEBII
1548 315 2025 373 CESARIENSIS
2063 318 2211 375 OPP.
2247 320 2425 376 PARS
2463 320 2526 374 II.
2562 352 2631 361 —
2665 319 3162 378 APOLOGETICA.
3662 339 3741 397 ,τω

615 430 940 499 coarguitur.
965 430 1102 485 Audi
1138 446 1266 501 ergo
1288 446 1397 485 non
1431 446 1627 497 meam,
1659 433 1752 487 sed
1799 432 1943 488 illius
1992 435 2290 490 orationem
2314 452 2572 495 adversus
2597 440 2799 495 oraculi
2825 441 2988 510 hujus
3014 448 3287 496 auctorem
3322 458 3456 500 nunc
3489 446 3536 503 in
3582 467 3745 514 modum

616 522 935 576 invehentis.

1188 611 1411 668 CAPUT
1454 612 1597 668 XIX.

610 723 872 794 Aduersus
911 722 1223 791 Apollinem.
1245 726 1385 794 quod
1417 736 1609 792 septem
1638 727 1992 781 adolescentes
2026 727 2173 794 puel-

676 792 861 862 lasque
891 794 1108 865 totidem
1138 792 1425 865 ianVretam
1440 794 1766 865 jugulandos
1797 797 1860 857 ab
1891 792 2175 851 Athenien-

680 865 822 916 sibus
852 864 992 915 mitti
1023 864 1252 915 iusserit.

686 978 856 1046 «Quid
892 988 1095 1046 autem,
1123 980 1320 1050 inquit,
1343 998 1524 1038 nonne
1555 985 1932 1051 Athenienses,
1962 984 2175 1041 Andro-

610 1088 710 1143 geo
736 1072 899 1127 caedis
946 1080 1216 1138 auctores,
1249 1088 1314 1127 ac
1358 1084 1577 1144 propter
1605 1092 1723 1129 eam
1760 1078 2063 1146 pestilentia
2094 1078 2175 1131 la-

609 1166 884 1227 borantes,
914 1178 1035 1218 sese
1068 1164 1313 1218 criminis
1346 1165 1569 1220 admissi
1605 1169 1867 1236 pmnitcre
1925 1167 2173 1222 fateban-

610 1253 736 1306 tur?
766 1262 858 1307 aut
887 1253 931 1307 si
961 1268 1030 1307 ne
1066 1253 1118 1307 id
1146 1253 1387 1322 quidem,
1429 1272 1607 1310 nonne
1637 1268 1815 1313 tamen
1842 1260 2022 1313 verius
2045 1260 2169 1323 fuit,

610 1345 753 1398 hanc
788 1352 846 1398 ut
876 1344 943 1397 iis
969 1344 1341 1413 ptenitentiam
1376 1346 1672 1416 imperares
1700 1391 1716 1416 ,
1769 1366 1933 1421 quam
1967 1365 2027 1407 ut
2068 1352 2173 1408 hoc

606 1437 864 1505 responsi
894 1436 1055 1492 dares
1074 1478 1089 1503 ,

580 1664 583 1665 ν
613 1597 747 1652 Tum
776 1612 861 1649 vos
896 1596 1015 1648 dira
1047 1596 1230 1663 fames,
1257 1596 1771 1667 atqueinclementia
1804 1597 1965 1667 pestis

614 1668 843 1727 Deseret,
869 1683 931 1718 ac
968 1667 1140 1719 tristes
1181 1665 1364 1718 melior
1393 1665 1532 1719 Deus
1560 1678 1713 1721 exuet
1738 1665 1846 1721 iras
1876 1684 1895 1721 :

609 1737 741 1791 Cum
768 1746 933 1789 vestro
967 1752 992 1787 e
1035 1752 1274 1798 numero,
1306 1736 1613 1805 scelerisque
1639 1737 1852 1804 piacula
1890 1738 2081 1800 vestri,

608 1806 738 1870 Qua:
773 1822 885 1859 sors
918 1822 1115 1874 cunque
1142 1814 1297 1872 petet,
1331 1821 1421 1858 seu
1460 1822 1572 1857 mas
1603 1823 1693 1865 seu
1721 1807 1918 1871 femina
1963 1809 2132 1873 cedat,

606 1878 841 1944 Corpora
869 1885 1056 1943 pontus
1084 1884 1196 1944 aget
1229 1876 1404 1943 magni
1434 1874 1632 1929 Minois
1664 1880 1731 1928 ad
1768 1877 1965 1932 urbem.

2204 623 2253 679 Α

2799 615 3189 673 ΚΕΦΑΛΑΙΟΝ
3215 620 3313 673 ΙΘ’.

2273 733 2427 800 Πρὸς
2457 734 2563 815 τὴν
2605 730 2866 815 ᾎπόλλω
2888 736 3263 815 κελεύσοντα
3302 734 3396 815 δὶς
3415 737 3563 815 ,ἑπτὰ
3594 746 3748 815 παῖδάς

2344 820 2405 884 τε
2434 803 2528 884 καί
2561 804 2741 884 κόρεις
2758 805 3269 884 σ’ςίαγηοςομένους
3288 806 3648 875 ἐκπέμπεσθαι
3667 803 3751 884 toi;

2342 873 2570 941 Κρησὶν
2596 872 2713 927 ὑπὸ
2758 872 3097 941 Ἀθηναίων.

2348 1004 2367 1037 ι
2407 988 2471 1040 Τί
2525 988 2571 1040 δ’
2617 990 2715 1041 οὐκ
2768 989 3057 1060 Ἀθηναῖοι,
3092 992 3180 1044 τὸν
3226 992 3534 1063 Ἀνδρόγεων
3561 996 3759 1052 amussi-

2274 1093 2481 1140 ναντες,
2537 1076 2629 1129 καὶ
2672 1076 3033 1147 λοιμώξαντες
3063 1079 3156 1133 ἐπὶ
3178 1080 3367 1149 τούτῳ,
3401 1078 3537 1135 εἷπον
3555 1085 3611 1136 ἂν
3635 1103 3757 1155 μετα-

2274 1169 2449 1231 νοεῖν;
2506 1166 2538 1237 ἢ
2573 1166 2647 1237 μὴ
2698 1168 2979 1235 λεγόντων,
3019 1170 3078 1223 οὔ
3124 1188 3183 1222 σε
3230 1173 3493 1242 προσῆκον
3523 1170 3581 1243 ἦν
3611 1178 3753 1231 εἰπεῖν.

2276 1263 2603 1328 μετανοεῖτε,
2654 1259 2875 1329 μᾶλλον,
2916 1262 2948 1331 ἡ
2973 1278 2986 1290 ο

2275 1582 2496 1653 Λοιμοῦ
2520 1582 2617 1636 καὶ
2653 1581 2830 1653 λιμοῦ
2871 1581 3043 1653 τέλος
3068 1581 3333 1653 ἔσσεται,
3364 1580 3440 1650 ἦν
3466 1598 3565 1653 περ
3589 1584 3758 1640 ἑαυτῶν

2274 1649 2493 1723 Σώιὶαί
2530 1652 2648 1707 ἀπὸ
2686 1649 2910 1723 κλήρου
2936 1652 3239 1723 ᾶρῤενμκαὶ
3263 1649 3417 1718 θῆλυ
3444 1649 3634 1722 γέιὶητε

2272 1721 2477 1785 Μίνωϊ,
2500 1727 2586 1789 εἰς
2610 1722 2729 1776 ἅλα
2753 1722 2887 1774 δῖαν
2907 1721 3410 1793 ἀποστέλλοντες,
3438 1721 3673 1793 ἀμοιϐὴν,

2278 1793 2398 1848 Τῶν
2422 1794 2645 1848 ἀδίκων
2667 1794 2854 1861 ἔργων
2870 1809 2883 1821 ·
2915 1792 3066 1844 οὕτω
3087 1792 3219 1858 θεὸς
3247 1793 3419 1858 ἵλαος
3453 1792 3623 1847 ἔσται.

604 1986 756 2040 Mitto
782 1986 925 2040 enim
952 2000 1048 2040 vos
1073 1984 1142 2039 ob
1170 2000 1337 2038 unum
1371 1985 1657 2057 Androgeo
1689 1987 1914 2043 Athenis
1968 1986 2152 2043 defun-

2276 1967 2378 2019 ,Εῶ
2404 1967 2511 2038 γὰρ
2532 1966 2610 2032 τὸ,
2660 1966 2956 2037 Ἀνδρόγεω
2997 1967 3093 2038 μὲν
3134 1967 3417 2040 Ἀθήνῃσιν
3453 1950 3766 2033 ἀποθανόντις.

603 2087 748 2132 ctum
779 2076 1153 2131 vehementius
1210 2078 1575 2141 commoveri,
1609 2086 1686 2132 tot
1716 2078 1837 2133 aliis
1881 2088 1935 2133 et
1967 2079 2167 2149 ubique

602 2168 844 2238 gentium
890 2179 944 2221 et
996 2167 1239 2237 quotidie
1289 2169 1688 2232 morientibus,
1740 2170 2161 2227 obdormiscere.

600 2259 912 2327 Enimvero,
942 2262 1084 2331 quod
1118 2262 1284 2332 probe
1318 2263 1508 2329 scires,
1542 2262 1781 2319 Minoem
1812 2282 1906 2335 per
1946 2266 1998 2321 id
2028 2276 2164 2322 tem-

601 2367 725 2421 pus,
756 2361 809 2408 et
844 2354 1011 2408 maris
1043 2353 1328 2421 imperium
1361 2363 1562 2418 tenere,
1595 2364 1648 2409 et
1678 2356 1879 2426 ingenti
1902 2367 2165 2427 potestate

600 2443 887 2512 praeditum
918 2459 1057 2508 esse,
1088 2455 1139 2497 et
1165 2445 1231 2497 ab
1268 2445 1521 2498 universa
1549 2445 1754 2502 Graecia
1788 2448 1888 2502 coli
1920 2449 2163 2519 adeoque

598 2535 1035 2589 amantissimum
1061 2536 1331 2604 aequitatis
1363 2551 1426 2589 ac
1454 2537 1816 2605 legislatorem
1852 2541 2117 2609 optimum
2144 2580 2160 2605 ,

598 2628 730 2696 quin
758 2627 921 2682 etiam
956 2627 1024 2681 ab
1064 2626 1296 2682 Homero
1327 2636 1380 2683 et
1416 2629 1595 2698 magni
1650 2628 1798 2685 Jovis
1838 2633 2067 2700 socium,
2108 2641 2163 2688 et

600 2718 740 2786 apud
790 2716 1251 2787 inlerosjudicem
1286 2720 1523 2773 habitum
1556 2735 1619 2775 ac
1635 2720 1981 2790 praedicatum
2005 2737 2158 2778 esse:

598 2809 799 2863 ideirco
832 2808 928 2861 has
971 2807 1065 2861 tibi
1098 2824 1286 2877 paenas
1320 2810 1373 2863 in
1404 2811 1641 2865 hominis
1674 2811 1904 2881 gratiam
1937 2813 2160 2884 exigen-

598 2902 695 2955 das
720 2900 943 2969 putasti.
980 2897 1178 2953 Verum
1204 2900 1307 2955 ista
1333 2916 1551 2971 quoque
1585 2902 1939 2958 nihilominus
1994 2921 2158 2975 quam

596 3009 693 3047 vos
715 2993 818 3062 ipsi
847 2999 1107 3062 prtetereo
1144 3010 1156 3046 :
1200 3008 1307 3047 non
1349 3002 1559 3048 tantum
1593 2996 1756 3064 210
1784 2996 1945 3051 caedis
1969 3008 2161 3052 aucto-

596 3086 746 3139 ribus
774 3083 1155 3153 praetermissis
1183 3124 1197 3149 ,
1260 3085 1574 3140 innocentes
1620 3087 1770 3141 vobis
1822 3100 2030 3142 certum
2089 3088 2153 3141 ad

598 3176 826 3229 exitium
864 3175 1138 3244 ablegatos
1165 3190 1283 3229 esse
1314 3191 1327 3239 ;
1368 3191 1549 3229 verum
1579 3176 1741 3230 etiam
1791 3178 1856 3231 ad
1891 3178 2154 3248 ejusmodi

593 3268 769 3321 virum
802 3267 1099 3336 ablegatos,
1135 3282 1296 3335 quem
1332 3282 1674 3321 communem
1717 3270 1997 3325 hominum
2032 3287 2152 3326 0m-

593 3359 742 3412 nium
770 3358 1007 3427 judicem
1043 3372 1228 3412 creare
1257 3358 1593 3425 statueratis,
1633 3359 1725 3429 qui
1761 3369 1936 3414 tamen
1964 3377 2028 3415 ne
2053 3363 2153 3418 hac

593 3448 811 3518 quidem
871 3449 925 3502 in
966 3464 1132 3503 causa
1198 3465 1382 3504 veram
1425 3452 1743 3505 sententiam
1771 3450 1909 3506 ferre
1945 3455 2152 3523 potuis-

590 3548 694 3596 set.
726 3540 795 3593 At
829 3550 963 3609 quot
1004 3541 1220 3595 tandem
1257 3557 1288 3595 a
1322 3541 1475 3597 vobis
1522 3542 1749 3611 juvenes
1778 3544 2017 3600 Athenas
2055 3562 2149 3601 eo-

590 3648 711 3687 rum
760 3634 813 3685 in
850 3632 1022 3686 locum
1070 3634 1333 3687 summitti
1364 3642 1654 3702 oporteret,
1698 3652 1835 3704 quos
1868 3646 1927 3690 ut
1956 3652 2151 3707 paren-

591 3726 778 3781 taretis
807 3724 1112 3794 Androgeo,
1143 3724 1684 3795 nefariejugulastis?
1715 3744 1733 3777 ι
1764 3725 1953 3790 Porro,
1985 3720 2146 3797 quam

2270 2061 2409 2128 ὑμᾶς
2442 2062 2788 2127 ἀγανακτεῖν,
2817 2060 2922 2111 τῶν
2944 2060 3000 2113 δὲ
3031 2061 3296 2113 τοσούτων
3324 2064 3418 2115 καὶ
3450 2064 3731 2132 πανταχόθεν
3750 2076 3766 2102 ι

2267 2151 2361 2203 καὶ
2396 2150 2643 2215 πάντοτε,
2681 2151 2977 2206 καθεύδειν.
3026 2150 3216 2205 Καίτοι
3274 2152 3448 2217 εἰδὼς,
3484 2155 3558 2207 ὅτι
3586 2154 3768 2206 ἐθαλασ-

2270 2241 2519 2313 σοκράτει
2541 2243 2660 2295 τότε
2686 2244 2715 2296 6
2756 2243 2959 2307 Μίνως,
2991 2245 3082 2297 καὶ
3112 2244 3253 2314 μέγα
3293 2244 3531 2308 ἐδύνατο,
3558 2245 3639 2297 καὶ
3658 2246 3770 2296 πᾶσα

2268 2336 2300 2405 ἡ
2343 2334 2532 2397 Ἑλλὰς
2569 2334 2729 2388 αὐτὸν
2780 2336 3097 2406 ἐθεράπευε,
3146 2336 3239 2389 καὶ
3268 2332 3337 2407 ἦν
3376 2337 3468 2391 καὶ
3502 2336 3580 2391 διὰ
3609 2334 3769 2388 τοῦτοὶὶ

2263 2424 2623 2489 δικαιότατος,
2661 2426 2754 2478 καὶ
2778 2426 3071 2496 νομοθέτης
3091 2425 3312 2493 ἀγαθὸς,
3342 2426 3437 2479 καὶ
3474 2426 3669 2497 Ὁμήρῳ
3687 2424 3773 2475 ἐδό-

2264 2533 2349 2569 κει
2379 2516 2500 2579 Διὸς
2547 2516 2780 2587 μεγάλου
2811 2512 2947 2571 εἶναι
2981 2517 3254 2589 ὀαριστὴς,
3292 2519 3389 2571 καὶ
3432 2516 3703 2579 ἀποθανὼν,
3730 2516 3773 2566 ἐν

2264 2606 2701 2682 ᾅδου-δικαστής·
2734 2607 2826 2661 καὶ
2861 2609 2924 2660 σὺ
2960 2608 3045 2661 διὰ
3082 2608 3224 2662 τοῦθ’
3258 2609 3402 2679 ὑπὲρ
3428 2607 3585 2661 αὐτοῦ
3613 2608 3693 2669 τὰς
3720 2606 3775 2658 δί-

2262 2717 2365 2763 κας
2387 2699 2586 2763 ταύτας
2630 2700 3005 2771 εἰσεπράττου.
3046 2700 3207 2755 Ἀλλὰ
3244 2702 3562 2773 παραλείπω
3584 2718 3638 2770 γε
3661 2698 3774 2752 οὐδὲν

2261 2788 2421 2866 ἦττον
2458 2794 2629 2849 ταῦτα
2670 2795 2823 2867 ὑμῶν
2850 2813 2863 2826 ·
2892 2797 2983 2849 καὶ
3026 2797 3133 2861 ὅτι,
3175 2796 3300 2860 τοὺς
3330 2801 3509 2866 φονεῖς
3546 2797 3775 2856 ἐάσαντες,

2260 2888 2385 2951 τοὺς
2417 2888 2567 2941 οὐδὲν
2611 2887 2815 2951 αἰτίους
2869 2887 3102 2959 πέμπειν
3140 2887 3419 2941 ἐκελεύετε
3448 2886 3773 2955 ἀποθανουμέ-

2260 2999 2381 3046 νους
2403 2998 2417 3013 ο
2450 2983 2542 3036 καὶ
2570 2982 2709 3035 τοῦτ’
2734 2983 2820 3035 ἐπ’
2848 2983 3033 3055 ἄνδρα,
3080 2982 3138 3035 ὃν
3172 2982 3544 3036 ἀναδεικνύναι
3570 2980 3778 3051 ἐμέλλετε

2259 3075 2432 3128 κοινὸν
2478 3074 2779 3146 ἀνθρώπων
2817 3075 3093 3146 δικαστὴν,
3128 3075 3186 3139 ὃς
3213 3076 3320 3128 οὐδ’
3360 3074 3490 3128 αὐτὸ
3512 3072 3654 3126 τοῦτο
3680 3070 3777 3140 ἡπί-

2260 3182 2419 3217 στατο
2436 3165 2670 3219 δικάσαι.
2701 3166 2885 3220 Καίτοι
2915 3168 3112 3229 πόσους
3147 3168 3301 3237 ὑμεῖς
3324 3168 3377 3219 οἰ
3415 3166 3525 3219 θεοὶ
3556 3165 3665 3219 ἀντὶ
3685 3160 3779 3215 τού·

2257 3276 2363 3311 των
2390 3260 2497 3311 τῶν
2539 3260 2716 3330 κορῶν
2751 3271 2774 3300 ο
2818 3260 3012 3313 δίκαιοι
3051 3260 3286 3330 πέμπειν
3328 3260 3453 3312 ἐστέ
3504 3255 3777 3328 Ἀθηναίοις,

2257 3351 2349 3416 οὓς
2372 3352 2568 3417 ἀδίκως
2594 3354 2733 3423 ὑπὲρ
2782 3352 3074 3424 Ἀνδρόγεω
3101 3350 3456 3405 ἀπεκτείνατε
3478 3367 3491 3415 ;
3516 3370 3534 3402 ι
3568 3349 3621 3403 '0
3650 3348 3685 3402 6‘
3707 3347 3780 3401 σὺ·

2256 3445 2346 3507 τὸς
2377 3441 2527 3508 οὗτος
2568 3447 2933 3517 συγγραφεὺς,
2976 3445 3193 3507 ὁπόσοις
3227 3446 3255 3498 6
3306 3444 3575 3500 Ἀπόλλων
3604 3442 3681 3494 διὰ
3704 3439 3779 3507 τῆς

2255 3537 2362 3590 τῶν
2391 3539 2650 3611 χρησμῶν
2668 3539 2994 3609 ἀμφιϐολίας
3022 3539 3250 3593 θανάτου
3277 3540 3451 3602 αἴτιος
3480 3535 3676 3606 γέγονε,
3705 3529 3781 3598 τὴν

2256 3628 2397 3699 ἀμφὶ
2426 3631 2550 3692 τοὺς
2595 3629 2963 3702 Ἡρακλείδας,
3000 3626 3282 3683 ἀναλαϐὼν
3309 3626 3570 3699 ἱστορίαν,
3607 3618 3779 3674 εὐθύνει

2256 3728 2425 3798 λέγων
2468 3729 2657 3790 οὕτως.

591 3817 778 3872 multis
809 3816 1002 3887 Apollo
1026 3832 1413 3885 reSponsorum
1446 3819 1797 3891 ambiguitate
1858 3837 2044 3877 necem
2094 3826 2356 3891 attulerit,
2393 3827 2649 3897 replicata
2678 3823 3082 3879 Ileraclidarum
3120 3816 3374 3878 historia,
3408 3814 3548 3870 idem
3586 3808 3779 3876 scriptor

590 3908 835 3977 sequenti
859 3908 1103 3963 oratione
1130 3912 1389 3980 coarguit.

1180 4022 1406 4077 CAPUT
1454 4024 1571 4080 XX.

686 4134 938 4188 Pluribus
978 4136 1273 4213 Avollinem
1312 4154 1678 4213 responsorum
1704 4143 2048 4213 ambiguitate

1074 4209 1255 4259 mortis
1284 4225 1496 4261 causam
1521 4209 1701 4278 fuisse.

661 4335 678 4371 ι
718 4319 783 4373 Et
812 4321 1089 4389 quoniam,
1142 4319 1336 4390 inquit,
1369 4322 1509 4378 hanc
1535 4325 1695 4379 semel
1721 4324 1998 4396 attigimus
2029 4327 2143 4382 dis-

2772 4020 3164 4079 ΚΕΦΑΔΑΙΟΝ
3194 4020 3278 4074 K'.

2260 4148 2351 4211 Ὡς
2375 4140 2620 4197 πολλῶν
2656 4138 2919 4211 -θανᾴτου
2968 4132 3483 4211 τέγογειχαῖτιρςῤ
3518 4125 3783 4183 Ἁπόλλων

2482 4212 2578 4265 διὰ
2610 4208 2715 4277 τῆς
2737 4207 2853 4261 τῶν
2882 4202 3165 4276 χρησμῶν
3193 4202 3573 4273 ἀμφιϐολίας.

2323 4352 2341 4384 ι
2390 4330 2540 4384 Ἐπεὶ
2564 4327 2619 4381 δέ
2648 4343 2760 4388 πως
2781 4322 3126 4393 ἐπεμνήσθην
3151 4319 3300 4372 τοῦδε
3329 4318 3425 4371 τοῦ
3458 4309 3782 4384 λόγου,φέρε,

584 4412 939 4482 putationem,
959 4426 1077 4480 age,
1108 4412 1214 4466 huc
1229 4429 1446 4483 quoque
1475 4424 1802 4483 spectantem
1830 4415 2143 4473 Heraclida-

2262 4425 2313 4480 τὰ
2336 4422 2643 4493 καθήκοντα
2660 4416 2848 4471 διέλθω
2867 4414 2959 4467 τοῦ
2981 4412 3120 4467 κατά
3153 4411 3277 4474 τοὺς
3314 4406 3665 4482 Ἡρακλείδας
3689 4402 3783 4499 διη-

584 4526 705 4563 rum
725 4510 1002 4564 historiam
1023 4524 1428 4578 persequemur.
1449 4509 1519 4565 Iis
1542 4512 1684 4565 enim
1705 4527 1827 4567 cum
1849 4513 2140 4583 aliquando

580 4617 678 4675 per
700 4601 960 4656 Isthmum
1000 4602 1052 4655 in
1080 4599 1510 4670 Peloponnesum
1540 4603 1839 4673 irrumpere
1864 4604 2140 4658 molienti-

581 4693 704 4757 bus,
738 4691 937 4746 frustra
975 4703 1203 4747 conatus
1238 4693 1499 4762 laborque
1532 4693 1808 4758 ccssisset,
1840 4695 2141 4750 Aristoma-

2244 4520 2506 4589 γήματος.
2571 4507 2728 4567 Οὗτοι
2788 4509 2893 4581 γάρ
2952 4506 3069 4559 ποθ’
3126 4504 3447 4576 ὡρμημένοι
3524 4498 3658 4556 κατά
3711 4494 3785 4549 τὸν

2257 4606 2487 4677 Ἰσθμὸν,
2536 4601 2801 4656 εἰσϐαλεῖν
2854 4600 2933 4661 είς
2985 4596 3426 4666 Πελοπόννησον,
3475 4591 3779 4662 ἐσφάλησαν.

2256 4699 2638 4771 Ἀριστόμαχος
2664 4693 2755 4749 οὖν
2808 4695 2835 4746 6
2873 4691 3161 4762 Ἀριδαίου,
3207 4687 3425 4741 ἐπειδὰν
3468 4688 3497 4739 6
3550 4680 3785 4771 ’Δριδαῖπ

582 4781 717 4837 chus
746 4782 939 4837 Aridtei
964 4783 1126 4849 (ilius,
1173 4784 1316 4852 quod
1370 4794 1519 4853 pater
1553 4785 1607 4838 in
1636 4785 1819 4847 eadem
1848 4785 1914 4839 in
1929 4786 2143 4856 uptione

2262 4768 2515 4864 ιτεθνήκει
2545 4791 2601 4842 ἐν
2625 4790 2690 4859 τῇ
2736 4784 2972 4856 εἰσϐολῇ,
3009 4783 3223 4854 ἔρχεται
3260 4780 3627 4850 ἀκουσόμενος
3658 4768 3785 4864 παρᾶ

580 4874 889 4937 occidisset,
922 4874 988 4927 ad
1019 4884 1071 4928 te
1099 4876 1247 4929 venit
1277 4875 1342 4929 de
1372 4875 1723 4944 suscipiendo
1757 4877 1950 4933 itinere
2004 4894 2135 4933 con-

577 4965 857 5022 sulturus:
888 4963 1075 5018 eadem
1101 4964 1266 5029 enim,
1292 4979 1395 5036 qua
1424 4973 1576 5033 pater
1607 4976 1731 5019 ante
1784 4981 1937 5031 suus,
1984 4966 2135 5035 cupi-

576 5054 743 5108 ditate
770 5054 1071 5108 tenebatur.
1104 5052 1215 5108 Iloc
1248 5063 1426 5108 autem
1469 5054 1566 5108 abs
1592 5064 1641 5108 te
1672 5057 1917 5126 responsi
1948 5057 2093 5122 tulit,

576 5163 681 5216 Per
704 5163 932 5233 liquidas
966 5164 1142 5234 fauces
1182 5165 1413 5234 palmam
1441 5165 1534 5219 tibi
1562 5167 1776 5221 numina
1811 5178 2122 5222 monstrant.

576 5274 627 5331 Is
650 5292 775 5331 vero
808 5293 902 5348 per
958 5277 1222 5332 Isthmum
1287 5278 1535 5356 similiter
1576 5279 1873 5349 irruptione
1909 5288 2130 5346 tentata,

2245 4884 2338 4938 σοῦ
2370 4862 2496 4953 περὶ
2522 4881 2617 4951 τῆς
2638 4878 2755 4933 ὀδοῦ
2778 4884 2801 4909 ί
2834 4875 3092 4945 ἐπεθύμει
3116 4873 3171 4925 δὲ
3201 4870 3386 4943 ὥσπερ
3420 4871 3519 4925 καὶ
3550 4870 3579 4921 6
3604 4862 3783 4931 πατήρ.

2242 4977 2313 5031 Σὺ
2340 4976 2381 5029 δ’
2407 4973 2552 5044 αὐτῷ
2580 4972 2751 5040 λέγεις
2770 4988 2782 4999 ·

2232 5168 2422 5234 Νίκην
2445 5180 2542 5220 σοι
2570 5166 2850 5234 φαίνουσι
2872 5160 2990 5215 θεοί
3017 5160 3091 5213 δι’
3114 5158 3271 5213 ὁδοῖο
3294 5156 3660 5225 στενύτρων.

2232 5283 2340 5335 Καὶ
2374 5280 2430 5344 ὃς
2470 5279 2608 5333 κοιτά
2655 5278 2744 5332 τὸν
2791 5276 2999 5347 Ἰσθμὸν
3041 5274 3295 5345 ὥρμησεν
3333 5272 3657 5341 ἐπιχειρεῖν,
3702 5260 3781 5316 καὶ

576 5370 865 5439 pugnando
896 5371 1168 5426 occubuit.
1203 5369 1339 5423 Tum
1360 5354 1557 5424 infelix
1591 5369 1859 5425 Temenus
1890 5371 2131 5440 ejusdem

2262 5375 2379 5444 ιάχῃ
2412 5373 2649 5441 τελευτᾷ.
2683 5370 2879 5423 Τούτου
2904 5368 2958 5420 δέ
2986 5368 3096 5430 υἱὸς
3124 5366 3198 5418 ὢν
3222 5368 3250 5419 6
3272 5366 3521 5435 Τήμενος
3545 5354 3776 5413 κακοδαίι

574 5462 719 5515 ﬁlius
768 5477 832 5516 eo
882 5463 1285 5530 proﬁciscitur,
1340 5478 1405 5517 ex
1469 5461 1929 5516 ittfortuttatorum
1966 5465 2132 5531 stirpe

2262 5481 2368 5527 va,
2389 5456 2519 5531 ἧκεν
2548 5464 2610 5513 ἐκ
2654 5459 3054 5528 κακοδαιμόνων
3080 5455 3286 5525 τρίτος·
3312 5456 3373 5507 σὺ
3395 5452 3442 5505 δ’
3477 5448 3627 5519 αύτῷ
3655 5461 3780 5499 πεο-

575 5552 785 5615 tertius,
810 5553 901 5621 qui
923 5554 1017 5606 tibi
1044 5554 1228 5607 eadem
1260 5570 1378 5621 quae
1404 5553 1784 5608 Aristomache
1804 5555 1941 5622 patri
1971 5569 2133 5622 sp0n~

2262 5555 2462 5625 γγυᾷς,
2515 5552 2549 5607 δι
2600 5554 2693 5606 καὶ
2760 5550 3133 5621 Ἀριστομάχῳ
3169 5547 3246 5616 τῷ
3289 5544 3481 5616 πατρὶ,
3557 5540 3648 5595 καὶ
3696 5536 3784 5587 63a

644 5766 669 5797 ι
706 5772 789 5822 1p.
826 5756 1136 5823 πανταχόθι.
1216 5758 1242 5797 5
1282 5755 1368 5809 ἰσ.
1407 5752 1498 5807 ἐπὶ
1529 5752 1719 5822 τούτῳ.
1797 5764 1817 5792 ε
1861 5752 1943 5806 τον.
1982 5750 2208 5817 κούρων.
