4024 6408
259 279 338 334 364
1367 265 1695 324 -ΡῐίλΕΡᾹΒ,
1738 269 1780 323 Ε

1891 269 1994 326 NG.
2057 269 2183 323 LIB.
2216 264 2253 324 Ὗ
2269 310 2281 321 .

3357 280 3459 334 ιω

245 393 374 448 ἄλλα.
410 385 661 448 Κάκεῖνός
695 403 797 448 σοι,
831 384 938 456 ἔφη
987 383 1144 454 (Μ’),
1193 381 1457 446 πεισθεὶς,
1511 383 1778 436 ἀπέθανεν

1891 382 2028 438 denti
2087 382 2404 444 obsecutus,
2462 380 2628 434 simili
2677 398 2916 452 quoque,
2969 385 3100 439 dum
3149 384 3459 458 irrumpere

246 488 293 538 ἐν
341 485 398 553 τῇ
446 479 670 550 εἰσϐολῇ.
721 481 830 533 Καὶ
869 482 934 534 σύ
977 479 1144 550 ἔφης·
1183 479 1256 531 Οὐ
1304 477 1444 530 κατά
1478 477 1580 547 γῆν
1632 477 1776 546 λέγω

245 574 522 644 στενυγρὴν,
581 572 712 627 ἀλλά
761 571 904 625 κατά
938 571 1036 642 τὴν
1068 569 1466 641 εὐρυγάστορα.
1524 569 1776 622 Ἐπειδὰν

241 667 441 740 χαλεπὸν
463 662 528 736 ἦν
559 668 730 718 εἰπεῖν
771 663 914 718 κατά
955 664 1053 736 τὴν
1096 663 1394 727 θάλασσαν,
1417 663 1666 726 κάκεῖνος
1689 663 1776 733 ᾔει

241 759 356 814 κατά
383 756 471 828 τὴν
496 757 787 820 Θάλασσαν,
828 757 984 820 δόξαν
1012 757 1315 827 ἐμποιήσας
1327 766 1377 816 ι,
1408 755 1492 808 ὅτι
1515 755 1653 808 κατά
1672 755 1776 823 γῆν

239 852 386 916 εἰσίοι,
422 851 512 903 καὶ
537 849 700 920 μέσον
747 849 1225 920 στρατοπεδεύεται
1258 847 1526 901 ναυϐάτου
1561 843 1655 900 xa‘t
1686 863 1778 899 το-

240 946 392 1005 mica,
442 944 531 996 καὶ
581 941 906 1000 διακοντίζει
947 938 1160 1013 Κάρνον
1208 941 1443 1012 ἱππότην
1468 939 1774 1012 Φυλάνδρου

237 1037 310 1089 τὸν
350 1033 601 1087 Αἰτωλόν·
647 1029 728 1097 εὖ,
779 1034 901 1104 ἐμοὶ
956 1033 1116 1087 δοκεῖ.
1169 1031 1359 1086 ποιῶν.
1410 1031 1520 1085 Καὶ
1559 1029 1779 1083 ἐπειδὰν

239 1123 532 1195 συνεκύρησε
571 1123 726 1186 νόσος
769 1123 994 1195 πλησία,
1035 1123 1128 1176 καὶ
1160 1121 1430 1176 ἀπέθανεν
1469 1122 1780 1192 Ἀριστόδη-

238 1233 336 1287 μσς,
352 1214 498 1266 πάλιν
529 1212 929 1285 ἐπανεχώρουν,
964 1215 1059 1266 καὶ
1093 1214 1121 1266 ὁ
1160 1213 1408 1284 Τήμενος
1461 1207 1631 1264 ἐλθὼν
1677 1213 1783 1265 ἀπ·-

238 1307 478 1378 εμέμφετο
494 1309 561 1378 τῇ
606 1307 909 1377 ἀποτυχίᾳ·
941 1305 1036 1359 καὶ
1071 1307 1322 1376 ἤκουσεν,
1351 1304 1431 1357 ὅτι
1460 1303 1650 1374 ποινὴν
1687 1305 1781 1357 ἀν-

238 1399 440 1468 εμάξατο
475 1398 569 1450 τοῦ
604 1398 748 1452 θείου
799 1399 1058 1468 ἀγγέλου,
1093 1398 1186 1451 καὶ¹
1224 1397 1284 1451 τὸ
1314 1398 1454 1469 ὑπὲρ
1489 1398 1588 1468 τῆς
1615 1398 1779 1468 εὐχῆς

246 1490 500 1543 ita-dntth
551 1490 778 1562 Καρνίῳ
848 1491 1060 1563 ποίημα
1110 1491 1170 1544 τὸ
1229 1490 1320 1544 διὰ
1377 1489 1472 1543 τοῦ
1517 1489 1774 1562 χρησμοῦ

237 1583 364 1652 Lﬁ‘ov
392 1601 405 1615 ο

1886 474 2100 539 nititur,
2141 483 2315 528 morte
2350 474 2508 543 perit.
2552 471 2651 528 Hie
2676 483 2756 541 tu,
2790 469 2911 529 Non
2965 491 3061 546 per
3089 485 3313 544 terram,
3371 481 3460 533 in-

1886 567 2031 636 quis,
2061 577 2349 636 angustam
2387 565 2776 637 humidamque
2806 568 2960 630 dico,
2992 570 3083 622 sed
3112 585 3206 638 per
3236 570 3342 623 late
3364 587 3462 640 pa»

1886 667 2006 713 tens
2037 675 2207 712 mare.
2245 658 2516 725 Quoniam
2548 661 2836 714 molestum
2865 670 3004 723 erat,
3037 675 3133 730 per
3180 678 3332 716 mare
3363 679 3460 715 no-

1885 751 2136 804 minatim
2165 749 2364 815 dicere,
2402 750 2560 820 idque
2594 751 2641 806 si
2673 751 2904 816 diceres,
2939 751 3182 806 futurum
3239 753 3463 807 videbas

1889 843 1966 896 uti
2006 842 2338 896 maritimum
2367 845 2468 896 iter
2497 843 2589 898 ille
2620 843 2955 913 susciperet;
2984 845 3124 898 hanc
3147 842 3196 898 ei
3225 854 3461 898 mentem

1886 934 2145 1004 injecisti,
2194 945 2253 990 ut
2295 937 2542 991 terrestri
2594 936 2790 990 itinere
2843 938 2944 992 sibi
3002 936 3459 1007 proficiscendum

1887 1036 2121 1096 putaret.
2150 1025 2336 1096 Itaque
2366 1039 2586 1081 nautam
2610 1031 2751 1081 inter
2777 1044 2841 1082 ac
2870 1037 3183 1082 terrestrem
3226 1029 3460 1091 medius,

1887 1131 2069 1174 castra
2129 1123 2386 1182 metatur,
2441 1129 2496 1173 et
2523 1117 2764 1174 Carnum
2803 1121 3040 1189 equitem
3078 1119 3321 1176 JEtolum
3373 1136 3464 1188 ge-

1889 1225 2040 1274 nere,
2071 1205 2370 1280 Phylandri
2409 1209 2786 1278 filiumjaculo
2814 1209 3035 1278 trajicit.
3075 1206 3186 1264 Nec
3238 1210 3462 1278 injuria,

1888 1311 1948 1356 ut
2005 1298 2138 1354 mihi
2179 1300 2400 1370 quidem
2431 1300 2665 1354 videtur.
2717 1300 2858 1355 Cum
2911 1310 3092 1356 autem
3143 1303 3464 1370 repentinus

1887 1391 2150 1444 continuo
2165 1390 2390 1444 morbus
2418 1388 2734 1461 ingruisset,
2763 1407 2937 1462 eoque
2963 1393 3214 1447 sublatus
3244 1392 3466 1447 Aristo»

1887 1487 2080 1538 demus
2112 1483 2324 1548 fuisset,
2380 1484 2559 1553 iisque
2599 1494 2886 1554 prepterea
2920 1486 3160 1540 reversis
3192 1527 3208 1552 ,
3267 1487 3464 1540 iterum

1890 1572 2164 1634 Teme‘nus
2194 1579 2260 1633 de
2283 1579 2480 1633 infesto
2524 1596 2656 1634 casu
2706 1589 3046 1648 quereretur,
3102 1581 3207 1636 hoc
3237 1596 3460 1649 respon~

238 1693 332 1735 sum
356 1676 573 1746 accepit,
617 1690 713 1730 eas
748 1674 845 1729 abs
874 1689 994 1730 sese
1039 1676 1111 1730 ob
1143 1677 1523 1747 interemptum
1567 1675 1822 1730 nuntium
1861 1672 2106 1727 divinum
2146 1683 2337 1742 ptenas
2373 1675 2635 1742 expetitas
2699 1671 2907 1738 fuisse;
2951 1673 3222 1744 simulque
3245 1688 3467 1728 carmen

236 1771 756 1839 audirit,quovotum
772 1763 1224 1838 ApolliniCarnio
1265 1782 1584 1837 nuncupare
1621 1764 1898 1835 conceptis
1941 1763 2098 1832 211
2175 1763 2379 1817 oraculi
2415 1764 2596 1819 verbis
2630 1763 2946 1832 jubebatur,

237 1889 476 1957 Ἄγγελον
504 1886 796 1956 ἡμέτερον
820 1887 1058 1953 κτείνας
1085 1885 1388 1956 ἀνεμάξαο
1414 1884 1654 1951 ποινήν.

236 2003 287 2057 Τί
311 1998 408 2062 οὖν,
439 2001 602 2073 φησιν
632 2005 661 2055 ὁ
685 2002 962 2073 Τήμενος;
987 2002 1040 2055 τί
1065 2002 1169 2073 χρὴ
1207 2002 1413 2065 ποιεῖν;
1445 1999 1540 2052 καὶ
1575 1999 1690 2063 πῶς
1715 1997 1782 2052 ἂν

235 2093 489 2164 -ίλασαίμην
516 2095 701 2164 ὑμᾶς,

237 2299 393 2366 εὔχεο
416 2295 648 2366 Καρισίῳ
683 2298 908 2353 τελέειν
938 2297 1123 2364 σέϐας
1154 2290 1498 2352 Ἀπόλλωνι.

236 2405 291 2463 Ὠ
329 2412 628 2484 μιαρώτατε
674 2414 768 2468 καὶ
814 2411 1266 2484 ἀναισχυντότατε
1311 2413 1491 2484 μάντι.
1544 2407 1659 2465 Εἶτ’
1683 2403 1783 2464 οὐκ

237 2503 485 2574 ἠπίστασο,
529 2506 613 2559 ὅτι
655 2505 1085 2578 διαμαρτήσεται
1126 2506 1225 2576 τῆς
1268 2504 1570 2576 στενυγρῆς
1615 2506 1643 2557 ὁ
1685 2503 1784 2576 τὴν

240 2597 497 2667 στενυγρὴν
529 2597 800 2662 ἀκούσας
843 2596 980 2649 Ἀλλ’
1029 2594 1176 2650 οὐδὲν
1215 2591 1377 2668 ἦττον
1422 2596 1783 2666 ἐπιστάμενος

239 2690 365 2759 χρᾷς,
407 2688 592 2743 ἔπειτα
644 2690 904 2762 περιορᾷς
944 2688 1395 2760 διαμαρτάνοντα.
1436 2688 1572 2741 Ἀλλ’
1619 2689 1786 2760 ἀμφί-

238 2777 422 2850 ϐολοςή
460 2780 750 2852 στενυγρὴ,
799 2782 946 2844 ὅπως
989 2784 1270 2852 νικήσαντι
1301 2781 1401 2852 μὲν
1447 2782 1619 2845 αἴτιος
1643 2776 1784 2834 εἶναι

237 2869 370 2941 δοκῇς
398 2871 572 2943 νίκης,
608 2872 892 2946 ἡττηθέντι
925 2873 982 2926 δὲ
1015 2873 1181 2944 μηδὲν
1222 2872 1395 2936 αἴτιος
1421 2869 1557 2926 εἶναι
1593 2873 1782 2943 ἥττης,

237 2955 341 3034 ἔχῃς
361 2957 412 3016 δὲ
443 2966 746 3034 ἀποφυγεῖν
775 2966 866 3017 ἐπὶ
908 2965 1006 3037 τὴν
1045 2965 1436 3037 εὐρυγάστορα.
1487 2963 1624 3017 Ἀλλ’
1650 2959 1784 3037 ἧκεν

238 3053 482 3126 ἅνθρωπος
529 3057 628 3108 ἐπὶ
673 3055 772 3127 τὴν
819 3056 1218 3129 εὐρυγάστορα,
1278 3057 1372 3111 καὶ
1422 3055 1522 3110 οὐκ
1573 3055 1782 3128 ἔτυχεν.

238 3142 442 3219 Εὕρηται
479 3149 648 3202 πάλιν
679 3152 756 3213 είς
801 3141 1111 3224 ἀπδφυγὴν,
1143 3147 1356 3223 Κάρνος
1389 3148 1618 3218 ἅγγελος
1646 3151 1784 3203 ἀπο-

1811 1875 1860 1934 B
1885 1881 2071 1953 Legati
2101 1881 2196 1935 has
2223 1883 2396 1936 nostri
2423 1883 2580 1936 solvis
2609 1899 2706 1952 pro
2751 1883 3005 1952 sanguine
3030 1900 3230 1952 paruas.

1892 1997 2037 2065 Quid
2083 2012 2213 2068 ergo
2253 2012 2460 2062 rerum,
2503 1998 2679 2066 inquit
2714 1995 3024 2063 Temenus,
3076 1999 3192 2052 fieri
3227 1999 3332 2053 abs
3380 2016 3467 2054 me

1897 2092 2136 2162 oportet?
2166 2099 2261 2145 aut
2291 2107 2399 2161 qua
2429 2100 2668 2145 vestram
2698 2090 3054 2146 offensionem
3096 2093 3308 2147 ratione
3337 2107 3464 2163 pro-

1889 2181 2128 2238 curabo?

1890 2297 2090 2353 Carnio
2120 2297 2342 2367 supplex
2376 2295 2572 2351 Phoebo
2599 2313 2753 2350 sacra
2783 2300 2998 2368 concipe
3027 2310 3165 2354 vota.

1891 2409 2034 2478 Quid
2087 2420 2145 2465 tu
2211 2421 2386 2475 vates,
2437 2409 2822 2467 seelestissime
2856 2423 3018 2480 atque
3061 2414 3469 2484 impudentissi-

1896 2504 2009 2558 me?
2032 2501 2346 2566 Nesciebas,
2371 2520 2494 2559 cum
2527 2515 2772 2576 angustae
2798 2507 3006 2561 semitae
3033 2523 3230 2562 nomen
3261 2507 3469 2562 audiis—

1890 2607 1994 2662 set,
2053 2598 2299 2652 futurum
2339 2607 2398 2651 ut
2424 2598 2476 2652 in
2517 2599 2637 2668 ejus
2677 2600 2887 2655 delectu
2933 2601 3248 2656 aberraret?
3277 2594 3365 2655 Tu
3412 2602 3468 2654 id

1891 2698 2074 2744 tamen
2103 2690 2274 2759 probe
2304 2690 2483 2744 sciens
2510 2691 2616 2745 hoc
2647 2693 2896 2757 responsi
2931 2691 3062 2746 dare
3093 2707 3200 2746 non
3235 2693 3464 2759 desinis,

1891 2799 2131 2854 eumque
2164 2783 2274 2837 falli
2312 2793 2500 2852 postea
2533 2793 2587 2838 et
2617 2785 2873 2840 aberrare
2902 2787 3056 2841 sinis.
3083 2786 3151 2840 At
3183 2787 3466 2849 nimirum.

1893 2876 2148 2946 ambigua
2177 2875 2335 2931 callis
2365 2876 2584 2945 angUsti
2619 2888 2754 2931 voce
2782 2878 2886 2932 hoc
2931 2879 3272 2948 sequebaris,
3316 2888 3378 2934 ut
3419 2881 3467 2934 si

1891 2967 2157 3030 vinceret,
2193 2967 2437 3020 victorire
2469 2975 2661 3021 auctor
2692 2967 2989 3027 haberere;
3021 2969 3104 3023 sin
3135 2970 3470 3036 vinceretur,

1891 3075 2116 3114 causam
2169 3058 2334 3128 hujus
2384 3057 2555 3112 cladis
2615 3059 2822 3113 nullam
2878 3061 3200 3125 sustinercs,
3237 3061 3368 3116 dum
3401 3063 3470 3116 ad

1891 3150 2001 3205 late
2040 3152 2278 3220 patentis
2308 3149 2481 3203 maris
2541 3149 3052 3220 interpretationem
3115 3152 3466 3226 confugeres.

238 3239 398 3293 θανών.
439 3241 634 3294 Καίτοι
682 3242 821 3305 πῶς,
851 3237 895 3296 ὦ
925 3244 1204 3315 κράτιστε,
1245 3239 1274 3295 ὁ
1316 3241 1611 3312 κηδόμενος
1645 3241 1783 3295 οὕτω

1894 3243 2093 3299 Verum
2135 3253 2190 3298 et
2233 3243 2414 3298 isthuc
2436 3257 2658 3313 quoque
2697 3245 2808 3299 late
2850 3255 3044 3314 patens
3081 3261 3232 3300 mare
3276 3246 3468 3314 subiit,

237 3331 311 3385 τοῦ
335 3335 561 3407 Κάρνου,
597 3334 774 3397 ἄλλοις
803 3336 898 3405 μὲν
922 3333 1082 3388 αὐτὸν
1112 3333 1485 3405 θεοφορεῖσθαι
1515 3332 1780 3398 ἐκέλευες,

239 3428 385 3498 ἑαυτῷ
408 3429 461 3482 δὲ
501 3428 600 3493 ob;
636 3429 729 3482 καὶ
755 3425 870 3482 δέον
905 3427 1096 3492 σώζειν
1139 3428 1234 3480 ἕνα
1263 3427 1391 3480 ὅντα
1422 3427 1657 3498 Κάρνον,
1684 3428 1783 3480 αὐ-

236 3520 310 3575 τόν
330 3539 382 3574 τε
412 3523 706 3594 περιεῖδες,
740 3524 833 3576 καὶ
866 3521 1249 3576 ὲναποθανόντι
1296 3518 1444 3590 αὐτῷ
1481 3520 1785 3592 Ὁμηρικὴν

238 3613 363 3667 νόσον
384 3607 679 3678 ὲνέδσζλεςδ
708 3616 784 3677 εἰς
805 3615 864 3667 τδ
886 3613 1108 3684 πλῆθος,
1128 3614 1221 3667 καὶ
1239 3612 1402 3684 εὐχὰς
1422 3615 1513 3667 ἐπὶ
1548 3617 1616 3684 τῇ
1645 3613 1786 3684 νόσῳ

239 3705 437 3774 ἀφηγοῦς
458 3707 519 3759 Εἰ
549 3705 594 3758 δ’
611 3701 901 3776 εὖχόμενος
916 3705 1066 3759 οὐδὲν
1094 3705 1274 3776 ἤνυεν,
1294 3704 1424 3758 ἄλλο
1443 3723 1495 3757 τι
1528 3705 1591 3758 ἂν
1629 3703 1785 3768 ἐξεύ-

243 3813 348 3867 ρητο
363 3799 482 3862 ἄκος
496 3798 574 3870 τῷ
590 3785 669 3870 σῷ
686 3799 995 3871 σοφίσματι,
1018 3799 1113 3852 καὶ
1132 3798 1372 3851 οὐδέποτ’
1410 3799 1476 3852 ἂν
1497 3798 1588 3870 έλή
1597 3798 1721 3866 ξατε
1738 3801 1784 3852 οἱ

243 3889 322 3956 μὲν
345 3890 670 3961 ἐρωτῶντες,
696 3890 760 3942 σὺ
789 3889 846 3943 δὲ
891 3887 1272 3958 σοφιζόμενοςο
1317 3883 1404 3941 ἵνα.
1455 3889 1548 3941 καὶ
1591 3886 1785 3940 νικῶσι

239 3981 316 4033 καὶ
358 3983 684 4052 ἡττωμένοις
728 3979 794 4055 ᾗς
845 3977 1131 4052 ἀφώρατος
1190 3979 1532 4051 κακουργῶν.
1581 3977 1786 4032 Ἱκανὸν

241 4071 329 4143 γὰρ
350 4074 404 4126 τὸ
440 4074 609 4138 πάθος
653 4075 747 4128 καὶ
870 4069 1134 4144 ἐπιθυμία
1183 4071 1682 4145 παραὸουκολῆσαι,
1712 4071 1786 4135 ὡς

242 4165 342 4234 μηδ’
375 4169 418 4219 εί
459 4168 694 4236 χιλιάκις
738 4169 1014 4236 σφαγεῖεν,
1056 4166 1301 4218 ἀπιστεῖν
1353 4183 1433 4218 σοι
1474 4164 1712 4234 ποιῆσαι.
1761 4181 1779 4213 ι

241 4257 429 4321 Τούτοις
458 4259 608 4323 ἀξιον
641 4257 968 4327 ἐπισυνάψαι
1011 4259 1081 4310 τά
1123 4257 1252 4328 περὶ
1288 4258 1540 4327 Κροῖσον.
1587 4254 1785 4317 Λυδίας

239 4339 368 4412 οὗτος
413 4351 720 4403 ἐϐασίλευεν
747 4390 762 4412 ,
811 4349 1017 4403 ἀνωθεν
1059 4351 1123 4402 ὲκ
1197 4348 1439 4402 παλαιῶν
1491 4349 1569 4410 εἰς
1625 4344 1785 4398 αὐτὸν

240 4443 445 4512 ἥκουσαν
471 4443 800 4514 παραλαϐὼν
827 4441 924 4512 τὴν
957 4442 1160 4513 ἀρχὴν
1209 4437 1329 4494 εἶτά
1379 4458 1432 4493 τι
1474 4439 1632 4492 πλέον
1677 4436 1785 4490 τῶν

244 4536 486 4605 προγόνων
515 4533 878 4606 κατορθώσειν
917 4533 1163 4596 ἐλπίσας,
1191 4532 1316 4595 τοὺς
1353 4531 1505 4594 θεοὺς
1544 4525 1785 4583 εὐσεϐεῖν

1894 3352 1996 3392 nec
2025 3346 2210 3391 tamen
2241 3337 2354 3392 voti
2389 3353 2616 3409 compos
2649 3339 2843 3394 evasit.
2873 3337 2972 3393 Hic
3007 3348 3066 3393 tu
3095 3339 3303 3395 scilicet
3335 3338 3473 3395 alte-

1894 3445 2016 3483 rum
2067 3429 2248 3484 denuo
2300 3431 2683 3485 diverticulum
2731 3433 3030 3502 exeogitas,
3079 3431 3242 3485 Carni
3293 3432 3471 3486 nuntii

1894 3522 2118 3576 caedem.
2158 3521 2228 3575 At
2295 3523 2574 3590 quomodo
2615 3531 2822 3588 tamen,
2877 3523 3102 3579 deorum
3151 3524 3378 3593 optime.
3412 3533 3472 3578 tu

1894 3615 1988 3685 qui
2009 3613 2174 3669 Carni
2203 3617 2438 3670 salutem
2469 3631 2644 3684 usque
2676 3616 2812 3670 adeo
2840 3632 3025 3670 caram
3050 3615 3312 3681 habebas,
3343 3615 3475 3670 alio-

1895 3723 2016 3761 rum
2051 3723 2217 3763 causa
2257 3709 2443 3763 divino
2486 3724 2610 3764 eum
2647 3708 2817 3762 afﬂari
2847 3710 3042 3779 spiritu
3086 3709 3332 3774 voluisti,
3373 3723 3475 3762 no-

1894 3801 2044 3856 luisti
2084 3802 2208 3856 sua?
2239 3805 2518 3873 quomodo
2563 3802 2803 3857 Carnum
2833 3802 3100 3856 duntaxat
3137 3817 3308 3857 unum
3353 3817 3472 3858 ser-

1895 3894 2011 3948 vari
2055 3909 2179 3948 cum
2232 3905 2534 3965 oporteret,
2581 3911 2706 3949 eum
2758 3895 2986 3948 interire
3033 3909 3232 3963 passus
3278 3909 3358 3959 es,
3409 3909 3475 3948 ac

1894 3996 2117 4058 propter
2145 3989 2390 4057 ejusdem
2429 3989 2735 4055 interitum,
2763 3996 2817 4042 et
2851 3983 3198 4041 Homericam
3233 3987 3379 4040 illam
3417 3986 3473 4041 in

1895 4081 2194 4134 exercitum
2231 4081 2594 4150 pestilentiam
2648 4079 2949 4143 immisisti,
2995 4086 3046 4131 et
3093 4087 3273 4132 certas
3317 4092 3474 4130 aver-

1893 4171 2184 4224 runcando
2219 4170 2413 4225 morbo
2449 4185 2641 4240 preces
2673 4169 2942 4224 indixisti?
2979 4168 3188 4235 Quibus
3225 4169 3312 4222 ille
3342 4182 3473 4237 pro-

1895 4260 2038 4316 fecto
2090 4264 2136 4317 si
2195 4264 2330 4317 nihil
2385 4264 2609 4335 egisset,
2649 4263 2794 4318 alius
2837 4262 3099 4318 continuo
3147 4260 3472 4331 sophismati

1901 4365 2086 4410 vestro
2119 4356 2294 4421 color,
2332 4356 2439 4410 alia
2487 4356 2700 4426 species
2733 4356 2952 4409 inventa
2982 4364 3149 4418 esset,
3199 4355 3472 4423 tinemque

1895 4446 2106 4500 nullum
2140 4462 2380 4517 unquam
2428 4446 2718 4511 fecissetis,
2757 4447 3078 4502 consulendi
3113 4445 3338 4516 quidem
3370 4445 3472 4507 illi,

1899 4549 1956 4594 tu
1994 4554 2120 4594 vero
2144 4539 2457 4603 cavillandi,
2497 4547 2557 4594 ut
2592 4555 2660 4594 ne
2690 4555 2786 4594 seu
2813 4540 3114 4602 vincerent,
3149 4553 3244 4593 seu
3282 4538 3470 4591 vince—

241 4625 472 4700 διενοήθη·
525 4628 620 4681 καὶ
672 4626 758 4680 διὰ
807 4625 1003 4697 πείρας
1053 4623 1241 4688 ἐλθὼν,
1290 4624 1542 4677 ἁπάντων
1591 4620 1683 4674 τὸν
1730 4623 1783 4673 ὲν

1897 4639 2107 4695 rentur,
2139 4630 2540 4700 praestigiarum
2588 4631 2641 4684 in
2686 4641 2738 4685 te
2775 4631 3073 4700 quidquam
3111 4629 3467 4699 deprehendi,

243 4718 431 4788 Δελφοῖς
471 4719 711 4773 Ἀπόλλω
745 4717 1044 4790 προκρίνει,
1086 4716 1319 4770 κᾶπειτα
1371 4715 1640 4787 κρατῆρσι
1691 4713 1786 4766 καὶ

245 4812 450 4878 (didior;
501 4817 762 4886 χρυσαῖς,
820 4809 1180 4882 ἀναθημάτων
1221 4828 1281 4864 τε
1335 4810 1540 4882 μυρίων
1591 4807 1787 4881 πλήθει

245 4907 495 4976 κοσμήσας
543 4905 603 4958 τὸ
654 4905 827 4976 ἱερὸν,
873 4903 982 4956 τῶν
1041 4899 1312 4972 πανταχοῦ
1367 4901 1471 4971 γῆς
1522 4903 1580 4953 ὲν
1623 4901 1789 4970 ὀλίγῳ

246 4994 393 5066 χρόνῳ
419 4993 815 5048 πλουσιώτατον
843 4992 1140 5063 ἀπέφηνεν,
1162 4991 1268 5044 οὐδ’
1294 4992 1392 5044 ὅσα
1431 4990 1566 5061 πρὸς
1600 4990 1791 5054 Θυσίας

248 5084 432 5157 ὶξήρκει
475 5085 795 5160 παραλιπὼν
837 5087 904 5155 τῇ
955 5083 1347 5155 μεγαλοψυχίᾳ.
1393 5081 1642 5136 Ἐπειδὰν
1698 5076 1789 5134 οῦν

249 5177 300 5231 τὰ
315 5181 535 5234 τοσαῦτα
554 5180 962 5252 προδεδάνειστο
985 5176 1061 5246 τῷ
1091 5175 1221 5247 θεῷ,
1249 5178 1369 5239 ταῖς
1389 5174 1490 5245 τῆς
1511 5174 1790 5238 εὐσεϐείας

250 5274 436 5338 εἰκότως
460 5277 489 5328 ὁ
510 5273 676 5338 Λυδὸς
709 5269 1020 5342 ὲπιθαρσῶν
1047 5268 1490 5341 μεγαλουργίαις,
1533 5265 1794 5339 στρατεῦ-

253 5381 323 5418 σαι
358 5369 441 5421 ἐπὶ
480 5367 691 5440 Πέρσας
736 5366 1043 5426 διανοεῖται,
1089 5362 1321 5433 αὐξῆσαι
1359 5360 1456 5432 τὴν
1503 5360 1676 5433 ἀρχὴν
1716 5361 1794 5423 είς

255 5455 388 5523 μέγα,
416 5461 480 5527 τῇ
505 5456 600 5510 τοῦ
627 5454 763 5510 Θεοῦ
793 5453 1078 5526 συμμαχίᾳ
1110 5450 1581 5524 προμηθούμενος.
1613 5450 1678 5503 Τί
1702 5445 1796 5504 οὖν

310 5583 332 5612 ι
367 5573 818 5644 ισνὲνεποίησας.
884 5573 912 5611 b
953 5572 1035 5624 Ζσ.
1065 5571 1366 5634 ἐνέϐαλλες.

309 5728 426 5798 (Ἀ)
466 5729 755 5786 Delendum
787 5730 890 5799 ἔφη
919 5739 1102 5782 monet
1131 5727 1375 5799 Vigcrus.

538 5826 804 5884 ΡΛτιιοι.
839 5824 954 5884 Gn.
994 5823 1158 5886 XXI.

1890 4721 2208 4792 fraudisque
2237 4734 2441 4792 posset.
2477 4722 2689 4795 Quippe
2737 4725 2871 4778 satis
2904 4724 3131 4778 omnino
3166 4723 3361 4775 virium
3401 4721 3471 4775 ad

1891 4814 2016 4869 illos
2051 4815 2108 4869 in
2137 4815 2410 4884 ejusmodi
2445 4831 2690 4872 errorem
2723 4816 3061 4870 inducendos
3093 4813 3471 4868 vehementior

1893 4904 2210 4972 cupiditatis
2231 4914 2399 4960 astus
2428 4905 2733 4972 habuisset,
2757 4907 2850 4977 qui
2879 4922 3160 4976 nunquam
3183 4921 3279 4960 eos
3309 4903 3471 4958 fidem

1892 4993 2017 5056 tibi,
2063 4994 2148 5048 vel
2191 4994 2238 5048 si
2275 4995 2482 5050 centies
2526 4996 2814 5067 jugulandi
2858 4995 3064 5060 forent,
3115 5011 3224 5051 non
3269 4994 3474 5049 habere

1894 5094 2189 5154 pateretur.
2247 5104 2266 5136 ι
2312 5084 2408 5140 llis
2459 5103 2676 5158 tequum
2728 5089 3060 5158 subjungere
3111 5087 3305 5149 fuerit,
3352 5100 3475 5155 qua

1891 5176 2082 5232 Croeso
2124 5188 2313 5248 postea
2373 5181 2739 5252 contigerunt.
2782 5179 3062 5250 Regnabat
3101 5180 3148 5236 is
3189 5180 3244 5234 in
3279 5178 3469 5250 Lydia,

1892 5270 2038 5339 quod
2079 5286 2110 5324 a
2144 5270 2448 5339 majoribus
2492 5271 2778 5341 imperium
2811 5280 3116 5340 acceperat,
3162 5271 3320 5341 longa
3351 5268 3468 5340 jam

1896 5374 1960 5414 ac
1985 5369 2244 5429 perpetua
2277 5361 2417 5414 serie
2462 5372 2841 5431 propagatura.
2877 5359 3022 5414 Idem
3071 5362 3123 5412 in
3163 5361 3468 5429 amplioris,

1894 5466 2060 5522 quam
2087 5451 2164 5506 illi
2194 5452 2337 5507 nacti
2361 5463 2566 5517 essent,
2595 5467 2656 5507 ac
2687 5451 3029 5526 secundioris
3054 5451 3285 5506 fortuna:
3315 5466 3466 5521 spem

3083 5814 3158 5873 12
