3890 6384
187 367 266 421 ΞΠ
1303 368 1624 428 ΡΒᾸΞΡΑΒ.
1669 369 1930 428 ΕῨΑΝΟ..
1977 372 2102 428 LIB.
2145 371 2210 431 Υ.

3241 377 3346 433 578

187 502 241 553 πη
268 481 484 543 tamen,
510 480 642 550 τάχα
674 479 739 534 ἄν
767 498 818 534 τι
854 482 948 535 καὶ
977 482 1278 555 παράδοξον
1306 486 1531 552 γένοιτο.
1552 486 1674 538 Λεί-

1785 503 2001 542 scurum-
2024 497 2162 551 erat,
2193 503 2288 544 eos
2316 503 2416 544 nec
2455 498 2744 559 utrumque
2778 488 2961 558 potius
2986 503 3149 558 quam
3183 490 3348 545 alter-

184 591 304 626 σεται
326 572 376 642 δὴ
407 573 518 634 τοὺς
547 571 715 626 ταῦτα
745 570 1148 642 λογιζομένους,
1172 573 1262 627 τὸν
1310 574 1409 645 μὲν
1455 575 1678 645 βασιλέα

184 664 346 734 πέμψαι
373 664 891 733 προσπολεμήσοντα,
922 664 1121 728 αὐτοὺς,
1145 665 1222 729 δὲ,
1247 665 1386 719 οἶκοι
1420 667 1679 736 μένοντας

181 758 258 822 ἔξω
290 755 538 817 κινδύιων,
570 754 909 824 καραδοκεῖν.
965 755 1054 826 Τῷ
1095 756 1192 827 μὲν
1223 753 1314 811 οὖν
1351 760 1467 827 μετ’
1502 759 1679 828 ὀλίγον

178 846 352 916 ὲναντὶῳ
380 846 634 916 ἱσταμένῳ
677 845 813 917 πρὸς
863 847 955 899 τὸν
1000 847 1227 918 ἄπειρον
1267 848 1420 919 ᾶχλον
1465 850 1683 921 ὄλεθρος

178 939 399 1009 προφανής
418 955 430 965 ·
465 939 494 1006 ἡ
519 937 574 990 δὲ
605 937 827 1007 Σπάρτη
863 939 1059 1008 ἀνοχὰς
1085 935 1198 1010 εἶχε
1237 939 1331 992 τοῦ
1362 942 1526 1010 φόϐου
1545 985 1559 1002 ,
1591 944 1684 996 καὶ

178 1030 444 1098 παραδόξους
469 1029 704 1092 ἐλπίδας.
736 1031 917 1101 Μηδὲν
947 1031 1003 1083 δὲ
1035 1028 1196 1103 ἦττον
1229 1031 1516 1103 ἀφὼρατον
1545 1029 1682 1088 εἶναι

173 1122 218 1174 τὸ
241 1123 469 1191 σόφισμα.
515 1123 609 1174 καὶ
653 1122 1018 1194 διαφυγούσης
1039 1165 1054 1188 ,
1087 1127 1181 1178 καὶ
1215 1126 1470 1196 ἀλούσης.
1497 1127 1682 1198 Τίδή-

174 1230 296 1275 sane;
318 1214 417 1264 Ὀτι
436 1215 529 1266 οὐκ
555 1215 762 1286 εἴρητο,
792 1216 867 1286 μὰ
890 1217 1005 1280 Δία,
1027 1219 1073 1269 εἰ
1089 1219 1116 1270 ὀ
1140 1218 1391 1288 βασιλεὺς
1414 1221 1678 1294 ἀποθάνῃ,

172 1306 339 1374 ria-51:;
359 1304 668 1375 σωθήσεται,
704 1307 817 1360 ἀλλ’
847 1309 949 1371 ὃτι,
982 1309 1014 1379 ἢ
1052 1309 1214 1379 μόνος
1253 1311 1612 1382 ἀπολεῖται,ἢ
1645 1314 1679 1383 ἡ

175 1398 380 1469 signa:
406 1398 552 1462 πόλις
575 1417 589 1429 ·
625 1399 791 1453 τοῦτο
813 1400 869 1452 δὲ
901 1402 958 1453 ἐν
983 1403 1231 1474 ἐκατέρῳ
1262 1404 1568 1468 ἀνεύθυνον,
1586 1405 1681 1458 καὶ

171 1489 295 1558 μόνον
333 1489 483 1542 αὑτοῦ
512 1489 906 1560 ἀπολουμένου,
941 1491 1035 1543 καὶ
1079 1492 1152 1562 μὴ
1199 1492 1380 1562 μόνον,
1422 1488 1587 1557 Οὗτος
1613 1493 1671 1545 δὲ

169 1579 299 1648 τύφου
336 1580 419 1633 καὶ
459 1581 771 1652 ἀφροσύνης
824 1581 1052 1652 καρπός.
1088 1603 1106 1635 ι
1146 1583 1304 1636 Ἀλλὰ
1362 1582 1536 1636 ταῦτα
1578 1585 1679 1653 μὲν

166 1675 332 1724 tauris.
363 1673 468 1724 θύκ
499 1672 648 1736 ἄξιον
682 1673 737 1726 δὲ
771 1673 1060 1744 παρελθεῖν
1103 1675 1197 1727 καὶ
1251 1675 1392 1745 ἅπερ
1437 1674 1672 1738 Κνιδίοις

168 1766 316 1834 ἔχρησε
342 1764 496 1818 πάλιν
537 1766 887 1835 εὐχομένοις,
937 1767 1032 1822 καὶ
1074 1765 1172 1837 τὴν
1217 1766 1369 1838 παρὰ
1415 1766 1509 1818 τοῦ
1557 1765 1680 1818 θεοῦ

167 1861 420 1928 συμμαχίαν
445 1858 710 1912 αἰτοῦσιν.

1783 587 1987 641 utrum,
2037 595 2137 634 nec
2177 596 2275 650 pro
2336 581 2522 636 leviori
2580 581 2799 648 gravius
2850 581 3128 635 subituros
3177 597 3348 649 esse;

1780 670 2055 740 simulque
2089 671 2262 726 levius
2290 672 2394 726 hoc
2414 674 2633 726 demum
2665 671 2803 738 fore,
2837 673 2881 727 si
2914 686 3008 726 rex
3047 687 3144 742 pro
3172 672 3354 727 omni-

1781 762 1886 816 bus
1927 778 2071 817 unus
2098 762 2362 819 interiret.
2393 763 2512 819 J-am
2537 779 2666 818 vero
2688 763 2742 818 id
2776 764 2939 818 etiam
2969 761 3125 819 facile
3154 781 3352 820 occur-

1782 853 1974 916 rebat;
2012 853 2066 906 in
2108 857 2384 909 communi
2432 856 2599 911 totius
2642 856 2790 910 urbis
2818 857 3054 920 excidio,
3094 857 3352 926 effugium

1782 943 1895 1014 regi
1943 952 2130 1012 patere
2159 945 2406 1012 nullum;
2439 945 2580 1001 idem
2629 956 2808 1000 autem
2865 947 2910 1000 si
2958 947 3065 1000 alio
3095 947 3352 1016 quopiam

1783 1036 2190 1101 amandaretur,
2219 1037 2420 1107 aliquid
2452 1038 2591 1094 forte
2625 1051 2819 1108 prxeter
2851 1034 3163 1108 opinionem
3186 1053 3353 1092 even-

1778 1137 1984 1182 turum.
2030 1126 2316 1198 Reliquum
2351 1129 2516 1199 igitur
2544 1139 2648 1193 est,
2685 1141 2747 1184 ut
2786 1146 2988 1198 regem,
3032 1131 3145 1184 lure
3172 1143 3354 1184 secum

1776 1219 1879 1288 ipsi
1915 1227 2248 1287 reputantes,
2275 1220 2339 1272 ad
2371 1220 2568 1274 bellum
2601 1220 2896 1290 gerendum
2915 1219 3184 1286 emittant,
3209 1220 3357 1276 domi

1777 1326 1908 1363 vero
1931 1311 2135 1364 interea
2168 1313 2487 1379 residentes,
2525 1314 2713 1383 procul
2740 1330 2769 1368 a
2793 1313 3127 1377 discrimine,
3153 1313 3230 1367 rei
3274 1322 3357 1366 to-

1779 1403 1891 1458 tius
1921 1403 2124 1456 exitum
2173 1406 2506 1473 aperiantur.
2546 1404 2676 1476 Regi
2722 1421 2887 1477 porro
2935 1405 3199 1458 inﬁnitam
3254 1405 3356 1458 bo-

1779 1495 1942 1549 stium
1977 1495 2381 1548 multitudinem
2427 1495 2592 1565 paulo
2629 1508 2753 1566 post
2795 1497 3112 1565 excipienti,
3147 1505 3357 1549 certum

1781 1585 2062 1642 interitum
2097 1585 2405 1650 imminere,
2437 1602 2602 1641 nemo
2630 1602 2737 1640 non
2761 1589 3002 1654 videbat,
3035 1603 3159 1642 cum
3196 1587 3355 1640 indu-

1785 1676 1885 1731 ciis
1912 1677 2240 1746 quibusdam
2267 1677 2484 1732 interim
2512 1678 2581 1732 ab
2599 1679 2747 1732 omni
2775 1689 2920 1732 metu
2944 1679 3131 1732 vacuis
3162 1677 3354 1746 Sparta

1783 1765 2076 1831 frueretur,
2113 1783 2340 1837 seseque
2388 1769 2653 1838 inopinati
2697 1771 2980 1840 cujusdam
3008 1778 3233 1824 eventus
3265 1783 3361 1838 spe

1708 1854 1750 1909 Β
1781 1866 2128 1913 sustentaret.
2155 1860 2319 1935 220
2352 1859 2646 1914 Enimvero
2675 1875 2770 1915 seu
2815 1861 3003 1916 eadem
3051 1868 3340 1930 caperetur

168 1966 237 2002 seu
295 1967 469 2005 manus
525 1950 766 2004 hostium
825 1950 1114 2018 effugeret,
1168 1959 1361 2005 tectam
1407 1965 1629 2005 manere
1683 1948 2046 2004 cavillationis
2089 1950 2356 2005 fraudem.
2411 1952 2520 2006 Cur
2568 1954 2792 2007 autem?
2832 1953 2941 2008 Nec
2964 1953 3107 2007 enim
3134 1954 3361 2018 salvam.

167 2039 358 2103 Hercule,
383 2041 423 2096 si
460 2058 549 2096 rex
589 2043 810 2110 periret,
845 2043 1115 2096 civitatem
1159 2041 1394 2096 futuram
1462 2043 1694 2104 dixerat,
1766 2042 1861 2097 sed
1929 2052 2162 2109 tantum,
2195 2055 2290 2098 aut
2329 2042 2529 2114 Regem
2572 2062 2772 2113 unum,
2814 2058 2906 2101 aut
2936 2048 3206 2102 civitatem
3237 2048 3361 2102 uni-

165 2149 324 2188 versam
349 2149 461 2188 esse
492 2137 815 2202 perituram.
848 2133 1001 2198 Quod
1035 2149 1165 2189 sane
1192 2134 1417 2198 dictum,
1455 2133 1662 2187 utrovis
1694 2133 1863 2198 exitu,
1893 2135 2007 2188 sive
2041 2135 2190 2191 solus
2252 2137 2367 2205 ipse
2418 2140 2637 2205 periret,
2672 2139 2785 2192 sive
2830 2155 2960 2202 non,
3014 2139 3115 2192 sibi
3147 2153 3362 2206 semper

163 2237 398 2281 constaret.
424 2227 603 2292 Atque
632 2225 721 2279 hic
779 2227 1002 2279 demum
1061 2233 1145 2279 est
1198 2225 1459 2279 vanitatis
1522 2219 1870 2291 stultitiaque
1933 2225 2162 2281 fructus.
2203 2245 2222 2278 ι
2265 2231 2334 2280 At
2365 2228 2431 2282 de
2460 2227 2885 2284 Lacedaemoniis
2927 2231 3208 2284 hactenus.
3239 2228 3360 2284 Jam

164 2317 257 2385 quid
297 2318 491 2370 laudent
536 2317 657 2386 ipse
701 2313 909 2369 Cnidiis
939 2329 1096 2382 opem
1129 2329 1346 2385 quoque
1410 2329 1570 2369 suam
1627 2313 2041 2384 implorantibus
2101 2317 2352 2388 responsi
2421 2318 2653 2387 dederit,
2711 2335 2818 2374 non
2849 2321 2946 2376 abs
2974 2337 3038 2392 re
3070 2321 3234 2377 fuerit
3273 2331 3362 2376 at-

165 2421 315 2465 tcxet'e.

594 2502 994 2556 KmAAAtoN
1031 2505 1176 2570 Kq'.

618 2595 687 2648 Τὸ
717 2595 861 2648 αὑτό
897 2595 1174 2662 Κνιδίοις.

217 2705 232 2738 ι
255 2686 463 2740 Ἔπαθον
485 2686 542 2739 δέ
576 2687 674 2738 καὶ
693 2689 740 2739 οἱ
768 2687 969 2739 Κνίδιοι
999 2687 1110 2755 (70)
1128 2685 1299 2756 τούτῳ
1330 2686 1672 2757 προσεοικὸς,

172 2776 392 2846 Ἁρπάγου
425 2777 534 2846 (7i)
581 2778 674 2828 ἐπ’
708 2777 905 2839 αὐτοὺς
949 2777 1394 2848 στρατεύσαντος.
1437 2776 1539 2828 Τὸν
1573 2776 1683 2848 γὰρ

170 2867 335 2937 Ἰσθμὸν
377 2869 464 2922 τὸν
502 2868 696 2922 αὐτόθι
746 2868 1056 2921 διακόπτειν
1110 2867 1549 2940 ἐπιχειροῦντες,
1593 2869 1689 2922 καὶ

2289 2501 2564 2572 ,εΑΡυΤ
2612 2501 2800 2557 XXVL

2135 2593 2457 2664 Responsum
2516 2595 2723 2650 Cnidiis
2768 2597 2987 2649 editum.

1855 2705 1872 2737 ι
1912 2684 2019 2741 Nec
2035 2702 2165 2742 sane
2184 2688 2467 2743 dissimilis
2484 2689 2682 2758 (inquit
2701 2689 2808 2757 ille)
2834 2688 3172 2750 Cnidiorum,
3204 2685 3340 2740 Har-

1787 2789 1928 2844 pago
1961 2776 2227 2831 adversus
2281 2793 2376 2831 eos
2431 2789 2705 2842 movente,
2743 2777 2961 2831 fortuna
3011 2776 3362 2845 conditioque

1791 2865 1913 2921 fuit.
1934 2867 2196 2922 Isthmum
2227 2869 2376 2922 enim
2413 2869 2589 2932 illum,
2627 2869 2720 2938 qui
2756 2877 2870 2921 tum
2905 2868 3037 2921 inibi
3070 2876 3220 2932 erat,
3267 2867 3364 2920 tol-

161 2957 232 3028 τὴν
250 2959 378 3012 πόλιν
398 2963 728 3030 νησοποιείν,
751 2959 820 3012 τὰ
852 2960 952 3030 μὲν
982 2959 1172 3030 πρῶτα
1194 2960 1289 3013 τοῦ
1324 2960 1486 3032 ἔργου
1515 2960 1681 3032 εἶχονι-

1785 2957 1895 3012 lere
1925 2975 1989 3014 ac
2028 2959 2363 3024 rescindere,
2416 2967 2580 3029 atque
2634 2960 2824 3014 urbem
2876 2959 3111 3012 insulam
3150 2957 3361 3012 efficere

158 3052 416 3112 mir-.5189.
442 3053 676 3115 αύτοῖςδ
707 3053 922 3122 ἀπήντα
964 3055 996 3120 ἠ
1031 3053 1282 3124 ἐργασία,
1318 3051 1687 3121 ἀπαγορεύον-

1785 3050 2048 3119 aggressi,
2085 3049 2174 3103 ubi
2210 3065 2324 3104 rem
2356 3048 2538 3104 fausto
2567 3051 2692 3105 licet
2727 3050 2912 3112 initio,
2941 3049 3125 3102 minus
3171 3058 3360 3118 postea

159 3158 224 3205 τες
243 3143 322 3213 ἤδη
343 3144 590 3216 ἐχρῶντο.
619 3146 690 3198 Σὺ
715 3143 770 3196 δὲ
798 3144 979 3207 αὐτοῖς
1001 3140 1160 3207 εἶπας
1178 3159 1196 3173 ·
1214 3143 1542 3215 Ἰσθμὸνμὴ
1567 3144 1678 3216 (72)

1785 3141 2048 3196 vidissent
2073 3157 2138 3196 ex
2169 3151 2298 3196 voto
2332 3141 2542 3207 cedere,
2595 3141 2824 3211 ahjectis
2874 3141 3090 3194 demum
3139 3140 3358 3208 animis,

159 3238 418 3305 πυργοῦτε.
437 3237 574 3307 μηδ’
609 3238 903 3304 ὀρύσσετε
922 3255 934 3268 °
970 3237 1120 3302 Ζεὺς
1138 3235 1248 3305 γάρ
1276 3237 1327 3290 κ’
1357 3236 1536 3304 ἔθηκε
1574 3235 1684 3305 νῆ-

159 3339 260 3389 σον,
284 3327 339 3378 al
359 3328 407 3379 κ’
430 3328 734 3381 ἐϐούλετοσ
769 3327 864 3380 καὶ
893 3328 942 3379 οἱ
967 3326 1163 3398 βλάκες
1203 3325 1554 3397 ἐπείσθησαν,
1590 3325 1683 3379 καὶ

159 3419 540 3490 ἀποτραπόμενοι
567 3419 896 3489 παρέδωκαν
937 3420 1161 3481 ἑαυτοὺς
1184 3417 1260 3487 τῷ
1301 3419 1579 3489 Ἁρπάγῳ.
1610 3419 1682 3472 Τὸ

159 3509 202 3562 δὲ
223 3511 564 3583 ῥᾳδιούργημα
588 3513 604 3565 l
633 3512 786 3564 Ἐπεὶ
814 3511 923 3582 γὰρ
947 3512 1046 3563 οὐκ
1076 3505 1144 3581 ἦν
1182 3510 1394 3581 βέϐαιος
1427 3511 1682 3582 ἀποφυγὴ

161 3601 353 3669 ἑρύξασι,
382 3604 565 3656 τούτου
603 3603 702 3673 μὲν
726 3602 996 3665 ἔπαυσας·
1027 3603 1102 3664 ὼς
1126 3603 1182 3654 δὲ
1215 3603 1289 3674 μὴ
1331 3602 1564 3656 κελεύων
1596 3602 1684 3673 ἐρ-

160 3708 230 3759 γου
255 3693 480 3763 ἔχεσθαι,
509 3692 824 3764 ἐπαγγέλλῃ
871 3693 968 3764 τὴν
998 3693 1307 3762 ἀποφυγήν,
1333 3691 1507 3761 τούτῳ
1537 3691 1593 3742 δὲ
1621 3691 1681 3742 οὐ

159 3783 202 3835 cii
235 3785 368 3837 λὼἷον
392 3783 526 3839 εἶναι
583 3786 658 3857 μὴ
699 3784 925 3856 ὀρύξασι
959 3783 1329 3856 προσετίθεις·
1358 3784 1471 3836 ἀλλ’
1505 3784 1583 3836 ὅτι
1620 3784 1681 3836 ού

159 3871 271 3926 δοκεῖ
294 3876 364 3945 τῷ
390 3878 468 3928 Διὶ
494 3877 660 3946 νῆσον
693 3876 860 3946 αὐτὴν
892 3870 1049 3928 εἶναι.
1092 3875 1177 3927 Ἐν
1212 3876 1308 3946 μὲν
1339 3870 1432 3928 οὖν
1453 3878 1518 3945 τῇ
1549 3875 1686 3926 ἀπο-

159 3969 292 4036 τροπῇ
322 3967 601 4037 ἀμφότερα
651 3966 946 4037 ίσύρῤοπα,
995 3966 1053 4018 ἐν
1085 3965 1140 4018 δὲ
1185 3967 1250 4036 τῇ
1300 3968 1579 4036 προτροπῇ
1624 3966 1684 4018 τὺ

159 4053 486 4123 impedias-0a:
523 4061 798 4130 προεῖχεν.
832 4053 905 4112 Οὗ
942 4057 1004 4129 δὴ
1047 4058 1287 4126 ἀσφαλὲς
1325 4053 1392 4129 ἦν
1423 4057 1502 4128 τῷ
1535 4074 1684 4126 σοφι-

159 4150 234 4216 στῇ
263 4149 313 4200 τὸ
338 4149 681 4220 ἀνατρέπειν.
715 4147 902 4210 Οὕτως
929 4165 987 4200 τε
1019 4147 1170 4200 οὐδὲν
1198 4147 1390 4211 εἰπὼν,
1417 4140 1492 4200 ὧν
1520 4146 1684 4201 ἓνεκα

157 4233 264 4307 ἦσαν
291 4241 590 4310 ἀφιγμένοι,
608 4239 936 4309 ἀπέπεμψας
957 4239 1233 4308 οἰομένους
1253 4236 1547 4308 ἀκηκοέναι
1569 4255 1642 4290 τι.
1658 4256 1677 4288 ι

159 4332 304 4386 Ταῦτα
330 4334 381 4388 δὲ
411 4334 650 4404 ἡγοῦμαι
681 4335 742 4386 τὸ
786 4332 1016 4404 ἀδρανὲς
1056 4331 1163 4386 τῶν
1206 4348 1265 4384 τε
1299 4330 1554 4402 χρὼντων
1588 4332 1683 4385 καὶ⁹

159 4425 242 4477 τῶν
261 4429 534 4498 χρωμένων
567 4427 890 4496 ἀπελέγχειν
925 4425 1240 4496 αὐτάρκως,
1276 4426 1370 4477 καὶ
1400 4426 1483 4478 ὅτι
1518 4423 1682 4496 μηδὲν

1782 3233 2061 3287 oraculum
2093 3233 2434 3288 consuluere.
2469 3231 2548 3286 Tu
2578 3247 2706 3286 vero
2729 3233 2794 3285 ad
2814 3246 2942 3287 eos:
2977 3229 3235 3284 Isthmum
3263 3247 3362 3284 neu

1785 3325 1998 3387 munile,
2026 3342 2123 3378 neu
2147 3326 2396 3394 au/fodite
2419 3343 2437 3380 :
2460 3324 2671 3395 Jupiter
2701 3327 2859 3389 enim,
2887 3326 2932 3378 si
2962 3325 3207 3378 voluisset
3225 3364 3240 3389 ,
3277 3324 3363 3376 in-

1781 3417 1956 3471 sulam
2002 3419 2226 3486 fecisset.
2275 3417 2395 3471 Tibi
2430 3432 2595 3487 porro
2632 3418 2890 3470 vecordes
2939 3431 3004 3470 ac
3045 3416 3227 3469 stolidi
3271 3415 3365 3469 ho-

1795 3510 1969 3564 mines
1991 3509 2150 3564 ﬁdem
2181 3509 2438 3574 habuere,
2473 3524 2699 3579 seseque
2739 3508 3011 3578 llarpago,
3045 3523 3075 3560 a
3101 3515 3356 3576 suscepto

1783 3599 2030 3653 deterriti
2058 3600 2312 3664 consilio,
2343 3599 2618 3654 dedidere.
2642 3599 2786 3654 lstuc
2809 3609 2990 3653 autem
3024 3615 3187 3669 quam
3221 3609 3365 3654 vete-

1783 3691 2029 3745 ratorie!
2068 3688 2200 3744 Nam
2241 3691 2408 3760 quod,
2464 3707 2533 3745 ne
2581 3691 2814 3747 suffosso
2860 3692 3078 3762 quidem
3134 3690 3360 3759 Isthmo,

1784 3792 1993 3838 certum
2045 3799 2140 3838 eos
2187 3791 2462 3852 receptum
2504 3783 2788 3838 habituros
2843 3783 3060 3846 videas,
3109 3781 3360 3836 affectum

1784 3890 1922 3944 opus
1949 3874 2200 3930 inhibes:
2253 3874 2506 3944 idemque
2541 3875 2730 3941 simul,
2781 3883 2966 3944 utpote
3003 3889 3352 3944 nequaquam

1783 3966 1902 4034 ejus
1948 3965 2265 4020 instituendi
2311 3976 2522 4032 auctor,
2576 3965 2864 4036 effugiendi
2915 3981 3066 4035 spem
3119 3966 3362 4022 ostendis

1783 4059 2044 4128 aliquam.
2081 4056 2267 4128 Neque
2298 4066 2512 4122 tamen,
2562 4060 2609 4114 si
2645 4074 2675 4112 a
2708 4058 3052 4113 suffodiendo
3075 4058 3358 4113 abstinue-

1784 4151 1914 4213 rint,
1946 4150 2204 4204 laztiorem
2231 4151 2434 4205 exitum
2467 4151 2741 4220 polliceris
2775 4167 2788 4203 :
2829 4151 2932 4205 hoc
2958 4165 3126 4205 unum
3175 4150 3359 4217 affers,

1782 4241 1899 4297 δονί
1926 4243 2112 4297 urbem
2169 4243 2404 4297 insulam
2445 4243 2560 4297 lleri
2601 4257 2709 4296 non
2745 4243 2978 4312 placere.
3020 4239 3355 4297 Occurrebat

1782 4333 2060 4399 nimirum,
2092 4333 2138 4388 si
2157 4333 2525 4399 dehortarere,
2549 4349 2730 4403 parem
2756 4334 2809 4386 in
2838 4341 3127 4402 utramque
3156 4340 3361 4401 partem

1782 4426 2032 4495 responsi
2065 4427 2208 4493 vim;
2257 4425 2340 4481 sin
2377 4434 2556 4481 autem
2598 4425 2897 4491 hortarere,
2927 4439 3241 4494 expressam
3279 4423 3364 4477 ni-

159 4514 312 4584 ἁληῦἐς
334 4530 352 4556 ε
385 4519 562 4572 ἔνθεον
615 4517 760 4572 ἔστιν
794 4519 973 4587 εὑρεῖν
1001 4519 1059 4569 ἐν
1091 4519 1202 4579 τοῖς
1229 4515 1594 4586 δηλουμένοις.
1614 4515 1681 4569 Τὸ

1791 4518 1959 4572 mium
2021 4525 2399 4574 consecutura:
2445 4517 2639 4572 salutis
2705 4516 3162 4586 signiﬁcationem
3207 4514 3364 4568 futu-

159 4603 200 4656 δὲ
216 4607 517 4679 κακὰιροπον
536 4608 630 4662 τού
657 4608 819 4679 ἤθους
853 4606 964 4659 εἴτε
985 4606 1090 4658 τῶν
1116 4606 1367 4677 πονηρῶν
1391 4605 1681 4676 δαιμόνων,

161 4697 242 4749 εἴτε
265 4699 358 4752 τῶν
382 4700 446 4754 τὰ
479 4703 706 4772 μαντεῖα
737 4698 1284 4770 καθυποκρινομένων
1306 4697 1535 4769 ἀνδρῶν,
1557 4696 1686 4761 ἴδοις

162 4786 236 4848 ἂν,
263 4793 302 4842 εἰ
343 4792 524 4860 μάθοις
565 4792 641 4854 ὡς
669 4791 762 4842 καὶ
795 4791 874 4852 εἰς
904 4789 995 4841 τὸν
1025 4791 1144 4841 κατ’
1179 4788 1423 4858 ἀλλήλων
1452 4788 1684 4858 πόλεμον

159 4882 256 4944 τοὺς
278 4885 574 4953 χρωμένους
603 4883 786 4945 αὐτοῖς
819 4880 1098 4952 ἠρέθιζον,
1129 4883 1352 4954 εἰρήνης
1387 4881 1478 4933 καὶ
1506 4878 1685 4948 φιλίας

162 4966 252 5022 δέον
266 4976 438 5036 αὐτοὺς
455 4971 591 5028 εἶναι
609 4972 931 5043 βραϐευτὰς.
952 4971 1085 5024 Τοτέ
1110 4973 1206 5042 μὲν
1229 4965 1320 5024 οὖν
1350 4969 1685 5040 Λακεδαιμο-

163 5061 346 5126 νίουςὼς
358 5063 417 5116 ἂν
429 5063 661 5125 οἰκείους
679 5063 772 5116 καὶ
789 5059 994 5130 φίλους,
1010 5063 1037 5117 ὁ
1057 5064 1112 5114 ὲν
1127 5059 1350 5128 Δελφοῖς
1369 5061 1531 5114 πάλιν
1546 5059 1683 5114 κατὰ

164 5149 430 5223 Μεσσηνίων
459 5153 770 5226 παροξύνει,
788 5153 909 5205 τοτέ
927 5152 969 5204 δ’
991 5147 1058 5205 αὖ
1078 5152 1401 5221 Μεσσηνίοις
1421 5151 1562 5204 κατὰ
1586 5153 1688 5204 Λα-

165 5241 464 5316 κεδαιμονίων
479 5264 510 5316 χ
517 5249 605 5318 ρᾷ,
625 5248 671 5298 εἰ
689 5244 849 5297 πάλιν
865 5238 1009 5296 οὗτοι
1034 5243 1097 5300 δι’
1115 5242 1561 5314 ἀνθρωποθυσίας
1580 5242 1686 5296 ἱλά-

169 5349 305 5390 σοιντο
326 5342 440 5408 τοὺς
468 5340 746 5410 δαίμονας.
776 5339 971 5391 Ἀκουε
1000 5337 1056 5392 δὲ
1087 5335 1179 5389 καὶ
1210 5334 1276 5388 τὰ
1300 5336 1426 5407 περὶ
1456 5334 1680 5391 τούτων.

219 5477 241 5507 ⁸
271 5487 350 5542 γρ.
379 5472 568 5544 ταύτῃ.
646 5470 674 5510 δ
709 5469 834 5525 add.
866 5470 988 5524 οὐκ.
1069 5477 1092 5506 ⁶
1137 5467 1220 5521 ἶσ.
1257 5457 1493 5526 ἀληθῶς·

224 5596 314 5668 (70)
352 5606 410 5656 οι
440 5604 686 5657 Κνίδιοι.
726 5601 869 5656 Fuse
922 5599 1180 5654 llerodot.
1227 5597 1319 5652 lib.
1356 5613 1393 5662 ι,
1438 5614 1557 5668 pag.
1591 5597 1676 5654 80.

173 5662 650 5727 Iaceilrrmoniorum
706 5673 880 5727 coloni
940 5671 1109 5733 fuere,
1143 5668 1398 5737 illamque
1423 5662 1566 5723 Asia:
1597 5685 1682 5723 re-

177 5736 338 5814 gionem
360 5754 604 5814 tenuere,
633 5759 754 5814 qtth
788 5741 1064 5814 Triopiuni
1097 5739 1162 5814 ad
1197 5736 1346 5792 mare
1369 5740 1642 5814 vergebat.

228 5807 314 5875 (7|)
360 5807 666 5882 Ἀρπὰγουζ
709 5812 830 5868 Fuit
859 5807 989 5868 iset
1025 5809 1148 5879 Cyri
1185 5822 1430 5864 servator
1461 5810 1684 5866 infantis

1786 4609 2146 4676 ram.Quare,
2182 4608 2455 4664 dehortari
2502 4609 2687 4673 modo,
2735 4618 2908 4663 tutum
2962 4609 3015 4662 in
3058 4607 3252 4678 primis
3297 4621 3363 4661 ac

1785 4716 2038 4756 securum
2068 4701 2326 4771 sophista:
2356 4701 2535 4756 visum
2567 4709 2670 4755 est.
2726 4701 2904 4770 Atque
2947 4701 3092 4754 hunc
3138 4699 3194 4752 in
3236 4714 3359 4752 mo-

1784 4794 1935 4858 dum,
1966 4792 2103 4846 nihil
2147 4807 2376 4861 prorsus
2421 4791 2486 4846 ad
2541 4806 2603 4846 ea
2646 4791 3016 4862 respondens,
3047 4805 3278 4859 quorum
3308 4797 3362 4842 te

1786 4886 1887 4955 ipsi
1918 4901 2082 4939 causa
2115 4894 2507 4949 convenerant,
2551 4886 2780 4943 miseros
2806 4884 3084 4952 dimisisti,
3120 4883 3212 4954 qui
3241 4898 3362 4940 sese

1785 4986 1965 5031 tamen
1998 4976 2292 5033 abstulisse
2322 4977 2527 5046 aliquid
2575 4978 2859 5047 putabant.
2899 4996 2918 5028 ι
2950 4974 3046 5030 His
3100 4975 3355 5044 equidem

1784 5069 2061 5132 existimo,
2112 5077 2220 5122 tam
2254 5069 2728 5138 respondentium,
2763 5083 2926 5137 quam
2953 5065 3356 5120 consulentium

1787 5161 2235 5223 imbecillitatem,
2270 5177 2545 5233 quamque
2575 5161 2795 5216 oracula
2846 5159 3034 5214 isthaec
3057 5157 3240 5213 omnia
3282 5157 3362 5211 di-

1783 5251 1924 5306 vina:
1970 5253 2250 5308 facultatis
2282 5269 2454 5308 vacua
2501 5255 2638 5320 sint,
2677 5252 2892 5308 abunde
2944 5251 3188 5320 coargui.
3235 5249 3356 5305 Jam

1785 5342 2060 5398 malefieas
2080 5354 2132 5399 et
2154 5342 2527 5400 fraudulentas
2549 5353 2713 5412 artes,
2737 5359 2837 5398 seu
2863 5341 3136 5397 malorum
3157 5343 3361 5398 daamo-

1782 5621 1838 5665 et
1875 5611 2208 5683 fortissimus
2244 5613 2560 5683 imperator.

1817 5682 1968 5809 "(39)
2020 5675 2377 5810 Ἰσίίμόνμῆ.
2425 5682 2930 5752 Ιιυιοόοι.Ἰσιθμὸν
2958 5679 3151 5767 δὲμὴ.
3185 5675 3354 5736 seua.

1785 5769 1850 5809 l‘ll
1917 5771 1984 5808 υυ
2017 5769 2116 5808 81111
2150 5793 2164 5808 .
