3864 6386
174 359 243 411 397
1260 348 1581 408 PR/EPAR.
1626 353 1874 411 EV'ANG.
1918 356 2043 411 LIB.
2090 356 2153 415 Υ.

3237 362 3345 418 593

172 469 671 548 ,εξοχοςιάθανὰτῳρς
692 470 829 548 ὄνος
857 470 1058 548 cinctor-
1078 504 1106 548 ,4
1128 475 1198 524 οὺ
1238 472 1616 548 Κλξρμήδης’

1766 474 2032 548 {lusimus
2061 477 2145 529 hic
2170 491 2363 546 onager
2396 489 2662 545 superum,
2691 494 2793 531 non
2818 479 2933 547 jam
2965 478 3294 546 Cleomedes,

172 550 244 596 ‘Ur
260 544 464 607 θυσίαις
486 542 667 610 τιμᾶθ’
705 542 784 607 ὡς
814 544 924 595 οὐκ
958 543 1047 595 ἔτι
1076 542 1297 608 θνητὸν
1320 544 1516 596 ἐόντα.

170 659 227 729 ’ἰὴ
249 657 333 728 γάρ
362 656 416 726 δὴ
455 656 752 726 θαυμάσῃς,
791 658 839 708 εἰ
872 658 967 709 καὶ
1004 657 1234 727 δναγρος
1288 659 1661 713 ἐπιδικάσεται

168 750 423 811 ἑθανασίας,
458 749 646 810 ἱκανῶς
664 749 733 802 τὰ
782 747 899 801 θεῖα
948 750 1534 820 παρασκευασάμενος·
1569 753 1663 803 καὶ

166 840 344 904 ἀκούσας
364 840 428 911 μὴ
454 840 776 909 ἀνασχέσθαι
814 853 860 903 α,
887 840 1002 895 ἀλλ’
1028 842 1321 911 ἀπειλῆσαι
1358 842 1386 880 5
1428 844 1521 895 καὶ
1567 843 1664 895 αὐ-

164 936 226 985 τὲν
262 935 335 985 τὸν
377 933 649 1004 Κλεομήδη
686 933 932 998 πατάξας
970 935 1049 997 εἰς
1080 934 1141 986 τὸ
1175 934 1449 1008 βάραθρον
1495 935 1666 1006 ἐμϐα-

162 1029 255 1083 λεῖν,
284 1026 371 1079 καὶ
394 1026 486 1081 οὐκ
530 1027 850 1100 ἐπιτρέψειν
874 1026 1022 1099 αὐτῷ
1047 1032 1125 1092 εἰς
1153 1028 1243 1081 τὸν
1266 1028 1491 1099 οὐρανὸν
1534 1030 1663 1081 ἀνα-

164 1122 306 1188 έίῆνιν
331 1116 451 1172 εἶναι
482 1118 588 1190 γὰρ
620 1120 785 1173 αὐτοῦ
820 1120 1113 1192 ἀξιώτερος
1148 1121 1328 1175 αὐτῶν
1370 1121 1479 1174 τῶν
1504 1122 1663 1174 θείων

158 1211 312 1283 δώρων,
349 1212 431 1264 ite
463 1212 597 1282 μήτε
628 1210 778 1282 αὐτῷ
801 1214 946 1282 μόνῳ
986 1213 1207 1284 ἕτοιμος
1250 1211 1325 1264 ὢν
1373 1212 1661 1283 μάχεσθαι,

162 1305 284 1358 Αἰνεί
310 1305 523 1375 σιδηροῖς
556 1303 736 1375 χρῷτο
759 1308 871 1368 τοῖς
902 1306 1110 1374 ἱμᾶσιν,
1143 1306 1279 1359 ἀλλά
1315 1307 1408 1358 καὶ
1446 1305 1523 1376 τῷ
1556 1306 1662 1357 Θα-

164 1398 228 1467 τίῳ
246 1396 391 1466 πόκτῃ
410 1394 511 1464 (56)
537 1397 654 1466 ἅμα
682 1397 1031 1469 ἀμφοτέροις,
1060 1399 1199 1470 ὑπὲρ
1219 1394 1278 1453 οὗ
1300 1399 1396 1453 τοῦ
1413 1400 1663 1471 ἀνδριάν-

158 1507 218 1553 τος
232 1489 532 1559 ἐχαλέπηναν
564 1490 615 1542 οἱ
647 1489 779 1553 θεοὶ,
809 1491 905 1543 καὶ
929 1492 1027 1562 τὴν
1066 1492 1281 1546 Θασίων
1317 1492 1422 1563 γῆν
1461 1494 1662 1564 ἄφορον

156 1584 427 1653 εἰργάσαντο.
458 1582 795 1653 Πιστεῦομεν
814 1583 870 1635 δὲ
902 1584 997 1636 καὶ
1029 1586 1157 1656 περὶ
1198 1584 1392 1637 τούτου
1424 1584 1522 1637 οὐκ
1571 1586 1664 1638 ἀν-

112 1672 331 1745 ίθρὼπῳ,
364 1673 489 1726 ἀλλά
548 1674 656 1744 θεῷ
693 1674 773 1745 τῷ
807 1676 979 1747 αὐτῷ.
1024 1677 1114 1741 Ἐξ
1142 1672 1215 1730 ὧν
1247 1678 1358 1746 ἐγὼ
1401 1681 1493 1731 καὶ
1522 1681 1662 1732 πάνυ

58 1784 81 1787 κ
152 1766 406 1835 κατενόησα,
427 1766 503 1817 ὅτι
522 1766 663 1819 θεῖόν
685 1785 738 1819 τι
759 1768 865 1838 ἄρα
886 1764 954 1837 ἦν
974 1770 1311 1841 ἐπιτήδευμα
1336 1774 1369 1841 ἡ
1400 1774 1659 1844 πυκτικήο

1764 545 2012 599 Divinum
2041 563 2073 599 a
2099 549 2240 600 vobis
2270 545 2408 616 [erat
2437 550 2756 603 immortalis
2783 545 3054 603 honorem.

1765 657 1949 728 Neque
1977 674 2106 713 vero
2138 660 2337 715 mirum
2361 661 2458 715 tibi
2487 662 2737 717 videatur
2762 706 2777 728 ,
2813 664 2961 734 quod
3004 667 3334 725 immortali-

1763 760 1930 807 tatem
1978 754 2083 808 sibi
2114 768 2319 825 onager
2352 771 2453 811 suo
2503 756 2659 826 quasi
2695 756 2819 826 jure
2859 759 3199 828 vindicaret,
3233 772 3343 820 tam

1765 845 1905 901 belle
1934 846 2095 902 rebus
2124 848 2430 917 opibusque
2463 848 2664 901 divinis
2692 848 3027 906 instructus:
3080 854 3341 924 quodque

1766 938 1855 993 ubi
1891 947 2072 993 vestro
2097 940 2163 993 de
2195 941 2425 996 consilio
2458 939 2661 1009 aliquid
2696 940 3020 1010 inaudisset,
3058 944 3349 1015 impatiens

1766 1030 1999 1099 injuriae,
2038 1030 2280 1086 futurum
2311 1034 2635 1100 minaretur,
2667 1035 2745 1088 uti
2776 1035 3122 1092 Cleomedem
3167 1037 3344 1108 ipsum

1766 1122 1819 1176 in
1880 1124 2193 1193 voraginem
2265 1126 2511 1182 calcibus
2559 1136 2849 1182 contusum
2912 1129 3189 1198 dejiceret,
3247 1146 3349 1187 nec

1766 1216 1917 1269 illum
1957 1231 2200 1285 unquam
2256 1217 2307 1270 in
2353 1219 2551 1273 caelum
2606 1221 2978 1276 conscendere
3022 1230 3344 1291 pateretur:

1766 1307 1868 1360 sibi
1900 1309 2044 1362 enim
2087 1309 2293 1377 just7us
2324 1324 2487 1379 quam
2522 1310 2628 1381 ipsi
2660 1311 2843 1366 divina
2876 1313 2961 1366 illa
2995 1330 3223 1372 munera
3250 1319 3345 1371 de-

1767 1398 1879 1451 beri
1921 1398 2274 1453 contenderet
2304 1416 2317 1465 ;
2352 1399 2553 1469 quippe
2589 1402 2682 1468 qui
2714 1416 2821 1454 non
2865 1418 2987 1456 cum
3022 1418 3088 1458 eo
3121 1408 3298 1461 solum
3328 1445 3345 1470 .

1768 1492 1980 1545 tametsi
2035 1491 2226 1546 ferreis
2269 1491 2525 1546 aestibus
2570 1500 2854 1559 uteretur,
2906 1510 3092 1550 verum
3126 1508 3180 1552 et
3219 1514 3344 1554 cum

1764 1582 1936 1636 altera
1980 1583 2142 1636 simul
2173 1584 2355 1653 pugile
2407 1582 2611 1639 Thasio
2660 1600 2901 1655 pugnare
2950 1597 3172 1656 posset:
3212 1591 3302 1644 ιΙΙο
3328 1630 3343 1652 .

1768 1675 2013 1744 inquam,
2040 1674 2265 1739 Thasio,
2295 1676 2453 1746 cujus
2478 1676 2549 1730 ob
2578 1685 2814 1731 statuam
2843 1680 3102 1734 commoti
3126 1682 3346 1749 gravius

1766 1770 1968 1838 superi,
2001 1770 2079 1823 uti
2114 1770 2271 1825 ﬁdem
2304 1786 2411 1824 non
2446 1771 2612 1825 homo
2644 1771 2833 1827 nescio
2866 1774 2990 1841 quis
3017 1813 3031 1836 ,
3065 1775 3157 1829 sed
3201 1776 3342 1831 idem

152 1859 241 1919 τοὺς
258 1857 303 1909 δὲ
328 1859 540 1923 πολλοὺς
568 1859 666 1912 xal
686 1860 967 1930 οἰομένους
994 1857 1132 1915 εἶναι
1165 1866 1362 1932 σοφοὺς
1395 1865 1651 1933 ἐλελήθει·

1762 1860 1879 1927 ipse
1924 1859 2067 1913 Deus
2108 1858 2257 1921 facit.
2294 1859 2623 1915 Thasiorum
2655 1861 2785 1916 olim
2817 1878 3008 1931 agrum
3058 1865 3345 1920 sterilitate

152 1948 214 2009 ἶν’,
236 1948 458 2019 ἀφέμενοι
490 1950 585 2001 τοῦ
609 1950 769 2003 καλοὶ
810 1952 1041 2019 κάγαθοὶ
1070 1948 1240 2017 εἶναι,
1278 1955 1481 2024 ἧσκουν
1522 1957 1651 2009 αὐτὰ

1762 1950 2111 2004 damnarunt.
2160 1950 2237 2004 Ex
2270 1950 2469 2021 quibus
2515 1967 2663 2006 nunc
2700 1952 2919 2010 demum
2955 1954 3228 2025 intelligo,
3257 1955 3343 2010 di-

148 2038 215 2092 τοῦ
241 2040 409 2092 Θασίου
432 2040 636 2093 πύκτου
656 2058 671 2071 “
706 2034 750 2108 ᾧ
780 2042 1079 2097 ἀθανασίαν
1114 2046 1233 2115 μὲν,
1258 2046 1406 2099 ὥσπε
1416 2065 1447 2118 ρ
1494 2048 1651 2101 Κλεο-

1762 2043 1949 2097 vinum
1982 2045 2141 2113 plane
2174 2044 2378 2114 aliquid
2405 2060 2527 2100 esse
2556 2046 2895 2115 pugilatum:
2918 2046 2969 2102 id
2990 2048 3134 2118 quod
3158 2049 3343 2104 videre

153 2130 283 2203 μήεει.
315 2134 401 2185 οὐκ
446 2133 674 2199 ἔδωκαν,
733 2136 999 2204 ἐφίλησαν
1040 2138 1097 2191 δὲ
1148 2140 1401 2208 μεγάλως
1436 2141 1483 2192 οἱ
1526 2140 1653 2195 θεοί.

148 2222 263 2277 οὕτω
281 2226 357 2277 καὶ
384 2226 409 2276 ὁ
434 2225 662 2295 χάλκεος
681 2226 844 2280 αὑτοῦ
874 2228 1097 2299 ἀνδριὰς
1124 2229 1290 2294 ἔδειξέ
1311 2248 1362 2283 τι
1394 2232 1534 2303 ὑπὲρ
1559 2231 1658 2295 τὰς

90 2346 101 2349 ν
148 2315 222 2367 τῶν
243 2317 389 2370 ἄλλων
418 2318 719 2389 ἀνθρώπων
739 2321 973 2386 εἰκόνας,
998 2323 1437 2393 ἐπικατενεχθεὶς
1456 2323 1533 2393 τῷ
1558 2341 1657 2393 μα·-

148 2409 354 2479 ατιγοῦνιι
378 2412 569 2483 ἐχθρῷ,
601 2413 747 2467 κατά
772 2431 914 2475 τινα,
945 2414 1019 2477 ὡς
1052 2414 1215 2477 ξοικε,
1246 2414 1527 2485 δαιμονίαν
1564 2415 1656 2485 μέ-

148 2516 308 2571 ριμναν.
351 2504 478 2555 Ἀλλ’
509 2506 559 2557 οἱ
590 2506 826 2577 ἄφρονες
851 2505 1059 2569 Θάσιοι,
1091 2507 1185 2560 καὶ
1232 2505 1392 2559 θείων
1438 2506 1656 2577 ἄπειροι

146 2594 416 2663 πραγμάτων
437 2634 452 2659 ,
495 2597 889 2667 ἠγανάκτησαν
924 2615 1002 2659 τε,
1032 2599 1127 2650 καὶ
1155 2597 1287 2666 ἄγος
1314 2598 1654 2652 ἐπεκάλεσαν

142 2684 197 2752 τῷ
218 2687 473 2758 ἀνδριάντι,
506 2690 601 2741 καὶ
624 2688 781 2757 δίκην
803 2689 1211 2759 εἰσεπράξαντο,
1230 2689 1325 2742 καὶ
1357 2690 1654 2744 καταδῦσαι

143 2775 381 2847 ἐτόλμησαν
406 2782 480 2842 εἰς
513 2779 612 2851 τὴν
642 2780 934 2837 θάλασσαν.
968 2782 1041 2834 Οὐ
1081 2780 1183 2851 μὴν
1214 2781 1467 2849 διέφυγόν
1506 2800 1568 2849 γε
1603 2783 1653 2835 οἱ

141 2865 298 2929 Θάσιοι,
327 2870 429 2923 ἀλλ’
452 2873 499 2924 οἱ
523 2871 637 2924 θεοὶ
660 2871 903 2935 ἐδίδαξαν
941 2872 1124 2942 ἡλίκον
1156 2873 1322 2925 κακον
1357 2874 1447 2925 ὑπ’
1476 2873 1653 2927 αὐτῶν

140 2959 381 3033 ἐτολμήθη,
412 2963 564 3034 λιμὸν
601 2964 1013 3034 ἐπιπέμψαντες
1054 2964 1144 3017 τὸν
1175 2962 1273 3034 τῆς
1313 2966 1460 3028 θείας
1499 2965 1655 3035 δίκης

139 3050 357 3105 διάκονον·
384 3056 440 3118 ὃς
472 3056 679 3122 ἐδίδαξε
712 3056 866 3125 μόλις
901 3058 1095 3119 αὐτοὺς
1118 3055 1187 3108 τά
1224 3057 1331 3108 τῶν
1360 3056 1497 3108 θεῶν
1529 3054 1653 3125 βου-

140 3140 357 3214 λεύματα,
386 3148 490 3212 ὅτε,
521 3147 1035 3218 φιλανθρωπότατος
1068 3148 1205 3200 θεῶν
1240 3149 1303 3200 σὺ
1344 3148 1422 3217 τῷ
1468 3146 1652 3216 οἰκείῳ

139 3235 292 3305 τρόπῳ,
318 3238 406 3306 τὴν
436 3237 687 3308 βοήθειαν
715 3238 895 3301 αὐτοῖς
935 3236 1204 3307 ἔπεμψας,
1231 3238 1404 3305 λέγων
1424 3254 1437 3269 ⁸

1762 2150 2041 2203 nunquam
2061 2177 2075 2200 ,
2108 2136 2192 2189 vel
2222 2151 2409 2190 eorum
2431 2179 2445 2202 ,
2481 2138 2573 2208 qui
2602 2153 2661 2192 se
2710 2136 2983 2208 sapientes
3011 2138 3173 2210 vulgo
3205 2154 3342 2209 pra:-

1759 2226 2036 2292 dicahant,
2073 2227 2316 2297 plerique
2350 2237 2593 2297 potuere.
2625 2229 2815 2296 Secus,
2851 2231 3074 2288 omissis
3103 2232 3180 2288 illi
3212 2249 3343 2305 pro-

1764 2316 1903 2371 tecto
1955 2317 2168 2372 honesti
2217 2319 2459 2387 rectique
2509 2320 2746 2385 studiis,
2796 2321 2863 2375 ad
2914 2321 3100 2379 Thasii
3143 2326 3342 2397 pugilis

1760 2407 2115 2462 imitationem
2131 2409 2504 2464 adhesissent.
2535 2410 2669 2464 Nam
2691 2419 2748 2465 ut
2771 2427 2895 2467 eum
2926 2416 3342 2489 superi,quem-

1759 2501 2052 2555 admodum
2084 2501 2451 2566 Cleomedem,
2488 2503 2897 2559 immortalitate
2924 2521 3031 2560 non
3061 2507 3338 2575 donarint,

1760 2595 2031 2667 praecipuo
2057 2604 2235 2650 tamen
2267 2610 2454 2650 amore
2488 2597 2761 2668 prosecuti
2797 2607 2945 2652 sunt.
2992 2598 3173 2671 Usque
3203 2602 3339 2657 adeo

1759 2688 2036 2757 singulare
2091 2686 2349 2757 quiddam
2382 2730 2397 2751 ,
2455 2703 2617 2754 supra
2680 2696 3000 2743 caaterorum
3056 2690 3337 2745 hominum

1760 2778 2045 2845 imagines,
2074 2789 2286 2829 testeum
2327 2776 2446 2839 eius
2479 2776 2835 2828 simulacrum
2887 2776 3162 2837 ostendit,
3210 2792 3336 2829 cum

1758 2870 1811 2923 in
1840 2875 2003 2937 caput
2044 2866 2245 2919 inimici
2276 2905 2290 2929 ,
2339 2880 2369 2917 a
2406 2880 2516 2934 qua
2552 2874 2664 2918 tum
2715 2865 2929 2935 ﬂagello
2978 2866 3337 2934 pulsabatur,

1758 2964 1981 3027 repente
2028 2955 2264 3017 cecidit,
2311 2970 2420 3009 non
2471 2955 2589 3009 sine
2617 2955 2801 3009 divino
2830 2994 2845 3018 ,
2892 2957 2969 3011 uti
3011 2958 3184 3012 visum
3230 2972 3333 3013 esr.

1758 3050 2010 3105 consilio.
2047 3048 2116 3100 At
2152 3048 2433 3101 enimvero
2461 3047 2718 3102 vecordes
2748 3042 2958 3113 Thasii,
2997 3058 3051 3102 et
3082 3049 3135 3103 in
3172 3048 3334 3103 rebus

1757 3141 1958 3195 divinis
1986 3139 2279 3209 peregrini,
2313 3155 2499 3193 casum
2549 3139 2738 3210 iniquo
2792 3137 2933 3194 ferre
2964 3139 3149 3194 animo
3175 3180 3190 3203 ,
3220 3140 3336 3210 ria-

1681 3230 1722 3287 C
1755 3234 1862 3289 culi
1908 3226 2265 3288 simulacrum
2307 3244 2585 3284 arcessere
2612 3269 2627 3293 ,
2678 3245 2867 3300 pugnas
2911 3238 3193 3299 repetere,
3233 3246 3333 3300 pn-

62 3378 69 3379 ,
140 3335 291 3381 διιεωο
315 3330 362 3383 in
391 3347 533 3385 mare
562 3331 849 3402 projicere.
902 3329 1147 3394 Frustra,
1184 3331 1322 3385 nihil
1361 3332 1503 3385 enim
1574 3339 1840 3400 egerunt:
1876 3328 2007 3389 imo,
2033 3342 2196 3396 quam
2248 3340 2367 3379 sese
2422 3323 2572 3394 gravi
2640 3326 2843 3381 scelere
2871 3324 3287 3381 obstrinxissent
3317 3364 3333 3389 ,

140 3409 244 3472 fame
290 3422 617 3489 postmodum
656 3420 881 3491 justitiaa
910 3422 1104 3476 divina:
1137 3423 1484 3486 administra,
1523 3437 1710 3475 eorum
1751 3422 1803 3473 in
1846 3419 2121 3489 regionem
2173 3416 2444 3481 immissa,
2475 3417 2657 3486 superi
2705 3418 2963 3472 docuere.
3004 3416 3329 3487 Quanquam

143 3514 202 3567 vix
238 3517 297 3569 illi
334 3519 483 3572 etiam
525 3528 641 3572 tum
687 3517 926 3572 divinam
999 3534 1294 3586 agnoscere
1338 3518 1671 3571 voluntatem
1742 3524 2059 3587 potuerunt.
2123 3515 2311 3584 itaque
2366 3523 2423 3566 tu
2477 3513 2566 3567 ille
2614 3513 2840 3575 deorum
2896 3513 3329 3570 humanissimus

140 3622 256 3675 opem
275 3627 405 3666 more
432 3621 521 3666 tuo
547 3609 960 3666 consulentibus
985 3610 1180 3675 tulisti,
1216 3611 1319 3665 hoc
1341 3610 1646 3665 versiculo:

139 3727 208 3794 Είς
223 3730 419 3799 πάτρην
441 3733 713 3803 φυγάδας
741 3733 1010 3804 κατάγων
1030 3733 1341 3801 Δήμητραν
1364 3732 1639 3802 ἀμήσεις.

147 3879 590 3955 Ἀλλόἰάὁὲλτεροι
623 3885 783 3939 πάλιν
830 3887 952 3949 τοὺς
981 3888 1280 3956 φεύγοντας
1324 3888 1643 3961 ἀνθρώπους

140 3970 275 4040 ᾤοντο,
301 3976 372 4027 ὅτι
395 3976 471 4029 δεῖ
495 3977 692 4041 αὐτοὺς
714 3979 1038 4032 κατακαλεῖν
1055 3996 1067 4009 ·
1093 3980 1281 4043 κακῶς
1318 3980 1539 4043 εἰδότες.
1579 3980 1642 4031 Τί

148 4061 218 4133 τὰρ
245 4064 296 4137 δὴ
318 4068 401 4121 καὶ
426 4070 571 4139 μέλει
600 4074 711 4134 τοῖς
753 4069 1324 4144 ἀφιλανθρωποτάτοις
1370 4071 1511 4133 θεοῖς
1550 4072 1643 4124 ἀν-

141 4153 319 4225 θρώπων
335 4163 630 4216 κατακαλου
640 4163 837 4234 μένων,
856 4164 1088 4236 ὅσονπερ
1109 4164 1440 4236 ἀνδριάντων
1460 4180 1473 4229 ;
1491 4164 1549 4215 Ἀ
1557 4163 1644 4235 μέ-

142 4264 196 4299 ιει
218 4252 342 4305 οὐδὲν
367 4256 453 4307 ἐπὶ
472 4256 646 4327 τούτῳ
676 4255 926 4328 ὠφελήθη
964 4259 997 4328 ἡ
1028 4258 1121 4327 γῆ,
1156 4255 1296 4309 ὥστε
1328 4255 1640 4310 παύσασθαι

143 4344 335 4398 δοκοῦσα
372 4350 416 4400 εἰ
444 4348 516 4419 μὴ
541 4349 652 4403 τῶν
681 4347 861 4417 σοφῶν
898 4350 992 4401 καὶ
1020 4347 1398 4419 ἐπισταμένων
1434 4366 1518 4411 τις
1550 4345 1643 4400 τὸν

142 4435 239 4483 ἰξίαν
259 4433 366 4489 νοῦν
405 4438 600 4508 συνῆκε
628 4480 642 4502 ,
675 4438 891 4509 φυγάδα
916 4434 1055 4491 εἶναι
1081 4437 1171 4492 τὸν
1212 4456 1640 4493 καταπεποντω-

1753 3727 1911 3798 232
1948 3722 2120 3779 Redde
2151 3724 2302 3777 modo
2354 3722 2619 3776 exsulibus
2669 3722 2932 3791 patriam,
2978 3722 3128 3866 (feres
3152 3724 3329 3791 ampla

3018 3804 3253 3848 metetur.

3018 3804 3253 3848 metetur.

1751 3888 1851 3945 Hic
1880 3904 2072 3959 nempe
2112 3902 2219 3942 non
2260 3886 2441 3940 minus
2481 3883 2696 3951 stolidi,
2733 3885 3068 3941 revocandos
3108 3888 3326 3943 exsules

1752 3997 1860 4037 non
1916 3982 2054 4036 alios
2099 3994 2221 4034 esse
2254 3992 2418 4049 quam
2469 3976 2720 4031 homines
2769 3975 3055 4045 putabant.
3109 3978 3323 4035 Insulae

1749 4084 1917 4123 vero:
1953 4067 2082 4139 quid
2115 4066 2256 4123 enim
2292 4065 2399 4120 diis
2450 4064 2866 4121 immanissimis
2912 4074 3126 4121 tantum
3176 4083 3321 4124 curae

1749 4163 1856 4217 sint
1886 4161 2137 4216 homines
2167 4160 2234 4214 ab
2255 4158 2449 4214 exsilio
2476 4158 2789 4223 revocandi,
2832 4167 3094 4229 quantum
3129 4158 3310 4231 imagi-

1750 4268 1846 4307 nes
1900 4249 2288 4306 restituendai?
2320 4248 2462 4319 Ergo
2509 4248 2681 4303 nihilo
2712 4256 2901 4317 postea
2946 4250 3170 4305 meliore
3204 4252 3319 4305 solo

1749 4344 1849 4407 uti,
1883 4341 2022 4395 nihil
2057 4355 2285 4411 usquam
2320 4340 2371 4393 vi
2409 4339 2583 4394 morbi
2620 4340 2972 4395 remittente:
3013 4340 3186 4395 donec
3225 4357 3313 4394 so-

1745 4434 1932 4487 lertior
1971 4432 2265 4503 quispiam,
2300 4431 2514 4485 acutius
2546 4432 2613 4485 de
2646 4446 2902 4502 superum
2933 4444 3109 4490 mente
3136 4435 3312 4503 conji-

144 4524 255 4580 ιένον
275 4528 559 4600 ἀνδριάντα.
594 4532 705 4585 Καὶ
729 4526 797 4603 ἦν
822 4531 1013 4594 οὕτως.
1040 4532 1189 4601 ’Δμα
1214 4530 1322 4603 γάρ
1344 4528 1635 4599 ἀνεστάθη,

1755 4526 1893 4581 ciens
1927 4567 1942 4590 ,
1991 4523 2199 4579 exsulis
2259 4523 2481 4578 nomine
2524 4523 2829 4578 demersam
2877 4524 3026 4579 illam
3078 4534 3313 4581 statuant

146 4614 202 4664 ui
225 4617 358 4681 εὐθὺς
388 4622 419 4691 ἡ
452 4623 545 4690 μὲν
572 4624 643 4693 γῆ
670 4622 982 4686 ἀνέϐαλλεν,
1016 4622 1065 4674 οἱ
1092 4621 1149 4674 δὲ
1179 4621 1413 4691 ἐκώμων
1452 4620 1638 4691 Δήμη-

142 4722 197 4773 τρι
212 4708 381 4765 λοιπόν.
412 4714 531 4777 Πῶς
557 4711 649 4769 οὖν
679 4717 738 4769 οὗ
772 4716 1045 4788 τεκμήρια
1072 4713 1246 4768 ταῦτά
1272 4715 1408 4767 εἰσιν
1432 4712 1635 4782 ἐναργῆ

142 4794 202 4861 τῆς
226 4797 523 4871 θεοπρεποῦς
552 4804 864 4876 ἀθλητικῆς,
894 4808 975 4861 ὅτι
1001 4806 1119 4858 ἐστί⁵
1144 4804 1495 4874 θεοτίμητοςς
1525 4802 1636 4855 Καὶ

138 4884 212 4954 γὰρ
237 4890 313 4941 καὶ
342 4892 425 4945 ἐπὶ
454 4894 744 4948 πεντάθλου
778 4895 1050 4967 ἀνδριάντι
1093 4894 1405 4966 ὑϐρισμένῳ
1447 4892 1636 4962 ἐμήνι-

137 4992 205 5031 παν
228 4982 269 5032 οἱ
290 4983 405 5049 θεοὶ,
438 4986 529 5039 καὶ
558 4989 753 5058 Λοκροὶ
779 4988 1070 5059 ἐπείνησαν
1097 4986 1184 5040 διὰ
1215 4985 1403 5047 τοῦτο,
1442 4984 1630 5053 ὥσπερ

132 5068 290 5137 Distat,
316 5076 409 5141 ἕως
436 5079 631 5143 αὐτοὺς
656 5080 843 5134 ἰάσατο
868 5079 1043 5148 λόγιον
1068 5079 1160 5133 σὺν
1192 5078 1313 5149 ἕχον
1350 5076 1520 5161 οῦτως
1542 5095 1555 5107 ο

1743 4618 1964 4688 intelligi
1990 4617 2337 4671 declarasset.
2380 4615 2445 4669 Et
2486 4630 2633 4669 vere.
2664 4613 2799 4669 Nam
2830 4616 2993 4671 simul
3019 4625 3181 4686 atque
3212 4631 3316 4672 suo

1743 4712 1973 4781 reposita
2005 4710 2124 4763 loco
2157 4707 2278 4770 fuit,
2309 4708 2615 4777 germinare
2648 4718 2790 4762 terra
2821 4710 3081 4764 continuo
3103 4749 3118 4773 ,
3169 4706 3316 4763 Tha-

1741 4806 1916 4873 siique
1941 4802 2195 4870 deinceps
2220 4816 2473 4866 agrorum
2506 4801 2753 4856 ubertate
2800 4801 3025 4869 gliscere
3055 4817 3119 4857 ac
3147 4801 3308 4855 luxu-

1740 4892 1882 4943 riare
1910 4895 2211 4958 coeperunt.
2257 4886 2392 4952 Quis
2416 4888 2532 4943 haec
2574 4904 2738 4959 porro
2784 4905 2893 4944 non
2932 4905 3030 4960 pro
3068 4891 3312 4949 certissi-

1739 4980 1842 5034 mis
1868 4978 2202 5049 argumentis
2240 4979 2457 5042 habeat,
2488 4995 2647 5050 quam
2677 4979 2800 5049 jure
2822 4996 2888 5034 ac
2913 4981 3109 5037 merito
3138 4980 3306 5038 divini

1739 5074 1973 5127 honores
1996 5070 2189 5124 divinae
2220 5072 2545 5126 athletarum
2578 5072 2627 5125 vi
2668 5081 2721 5125 et
2766 5071 3045 5129 industriae
3071 5073 3307 5128 debean-

138 5166 371 5226 lnr?Nam
419 5185 472 5229 et
517 5186 736 5244 propter
786 5176 1009 5230 alterius
1049 5174 1489 5246 quinquertionis
1540 5180 1773 5226 statuam
1833 5168 1968 5222 alias
2024 5165 2277 5221 violatam
2338 5181 2593 5222 exarsere
2629 5167 2727 5229 dii,
2756 5181 2855 5221 nec
2901 5166 3111 5221 minore
3145 5166 3302 5223 Locri

136 5271 357 5331 Drapterea
387 5285 543 5338 quam
585 5269 769 5325 Thasii
800 5270 945 5325 fame
987 5271 1325 5334 laborarunt,
1363 5272 1531 5325 donec
1568 5280 1622 5321 tu
1660 5278 1877 5336 quoque
1908 5262 2011 5316 hoc
2038 5276 2301 5330 responso
2334 5261 2694 5317 calamitatem
2724 5262 2930 5317 levares
2966 5278 2980 5316 :

137 5378 216 5429 ‘Er
232 5382 344 5450 τιμῇ
371 5384 469 5438 τὸν
490 5385 695 5456 ἄτιμον
718 5389 895 5455 ἔχων,
918 5387 1051 5440 τότε
1068 5384 1242 5454 γαῖαν
1276 5383 1547 5453 ἀρώσειςο

142 5488 292 5560 θὺῖὲρ
323 5494 505 5567 Λοκροὶ
531 5497 754 5568 ᾔσθοντο
794 5498 1030 5561 διανοίας
1067 5497 1218 5560 θείας
1262 5498 1561 5568 πρότερον,
1589 5496 1622 5565 ἢ

192 5651 209 5677 ⁸
230 5645 295 5696 lc.
325 5647 577 5712 ἀνέξεται.
657 5652 683 5691 δ
709 5652 791 5705 la.
822 5652 1129 5725 ἀπειλήσει.

196 5771 276 5843 (36)
310 5780 485 5846 Θασίῳ
514 5784 726 5851 πύκτῃ.
763 5782 1077 5854 'l'heagenes
1099 5785 1145 5839 is
1170 5784 1292 5839 fuit.

1729 5376 1904 5431 Redde
1936 5377 2092 5430 decus
2126 5374 2294 5440 laeso;
2324 5392 2464 5447 seges
2492 5377 2669 5445 ampla
2701 5385 2943 5445 sequetur
2975 5386 3237 5431 aratrum.

1730 5486 1840 5545 Nec
1876 5489 2019 5543 enim
2052 5488 2297 5543 divinum
2329 5487 2396 5543 iis
2428 5487 2715 5542 consilium
2747 5487 2996 5545 subolere
3030 5500 3154 5544 ante
3201 5502 3301 5560 po-
