3864 6386
533 291 636 344 599

1199 291 1468 347 EUSEBll
1510 289 1990 348 CAESARIENSIS
2024 293 2109 346 ορ

2222 293 2398 349 PARS
2433 294 2499 350 ll.
2542 326 2606 336 νε-
2641 295 3145 352 APOLOGETle--..
3635 309 3715 364 ιοο

532 408 654 472 iuit,
684 421 862 478 quam
897 409 1015 476 ejus
1051 416 1102 462 te
1130 413 1275 462 velut
1306 409 1654 478 interpretem
1685 425 1748 463 ac
1779 420 2109 479 sequestrem

2222 413 2280 464 σὲ
2305 413 2486 476 αὐτοῖς
2513 413 2704 466 τούτου
2731 412 2991 485 πρόξενον
3041 411 3311 481 γενέσθαι.
3367 413 3604 472 Εὐθυκλέα
3634 422 3718 494 t3?)

531 497 880 555 habuissent.
914 498 1123 569 Quippe
1146 498 1465 570 Eutliyclem
1509 499 1583 553 illi
1615 500 2111 570 quinquertionem,

529 589 685 658 quasi
727 605 956 646 munera
990 606 1020 645 a
1057 593 1245 661 patriae
1274 591 1522 646 hostibus
1551 593 1872 662 accepisset,
1906 592 1960 646 in
1994 591 2114 646 vin-

531 680 651 736 cula
690 681 1036 751 conjecerant
1060 699 1075 750 ;
1104 697 1204 737 nec
1232 697 1297 737 eo
1325 682 1565 737 contenti
1595 681 1648 736 in
1679 683 1872 753 ipsius,
1893 683 2113 739 demor-

531 770 611 825 tui
647 773 797 838 licet,
829 772 1098 842 imagines
1125 770 1376 840 injuriosi
1399 787 1618 843 quoque
1658 772 1898 827 fuerant.
1929 771 2112 827 Donec

539 866 720 937 superi
776 865 1038 920 facinoris
1083 864 1406 936 indignitate
1447 867 1804 940 commmoti,
1851 868 2111 938 gravissi-

539 974 685 1014 mam
737 958 807 1013 iis
839 957 1038 1012 famem
1085 957 1480 1023 immitterent,
1535 975 1643 1030 qua
1691 975 1825 1015 sane
1879 960 2111 1016 conlecti

537 1052 851 1122 periissem,
889 1049 992 1105 nisi
1019 1050 1142 1120 opis
1187 1050 1395 1120 aliquid
1429 1050 1498 1105 ab
1538 1067 1806 1121 responso
1836 1061 1932 1107 tuo
1960 1068 2113 1108 acce-

538 1143 790 1211 pissent,
823 1158 932 1212 quo
975 1141 1208 1198 altilium
1262 1142 1547 1198 hominum
1593 1143 1996 1199 observantiam
2043 1145 2111 1201 iis

538 1234 922 1303 praecipiebas,
958 1234 1054 1302 qui
1086 1249 1281 1305 nempe
1308 1235 1416 1291 diis
1448 1250 1556 1290 non
1590 1236 1774 1291 minus
1803 1237 2109 1306 placerent,

529 1341 699 1395 quam
731 1326 800 1378 ab
833 1325 1000 1394 pultis
1026 1323 1432 1382 confectoribus
1467 1326 1700 1396 saginati
1728 1327 1912 1382 boves.
1945 1326 2012 1381 Et
2047 1327 2111 1382 iis

534 1417 754 1485 quidem
801 1419 956 1474 caesis
985 1458 999 1482 ,
1051 1420 1364 1476 demulcere
1407 1437 1503 1476 vos
1547 1421 1820 1475 interdum
1861 1421 2111 1476 homines

535 1512 858 1582 plararcque
888 1522 1153 1582 possunt:
1181 1524 1434 1568 caeterum
1463 1513 1822 1568 nihilominus
1849 1529 1968 1581 vos,
2001 1514 2111 1568 imo

535 1605 698 1657 etiam
730 1605 904 1675 magis
931 1605 1214 1660 hominum
1250 1621 1412 1675 quam
1448 1605 1616 1660 boum
1647 1605 1977 1676 pinguedine
2013 1607 2112 1660 de-

537 1695 748 1762 loctari,
797 1696 881 1748 vel
937 1711 1002 1750 ex
1045 1709 1111 1749 eo
1144 1705 1395 1762 constet,
1439 1696 1584 1765 quod
1637 1695 1730 1750 ubi
1773 1696 1882 1750 duo
1937 1708 2112 1751 tresve

2219 504 2311 556 τὸν
2340 504 2634 558 πένταθλον
2661 504 2910 558 ἐνέϐαλον
2938 507 3018 567 εἰς
3043 503 3281 575 εἱρκτὴν,
3305 504 3634 577 αἰτιασάμενοι
3649 514 3723 564 αὐ-

2219 596 2310 648 τὸν
2343 596 2434 648 ἐπὶ
2470 598 2534 666 τῇ
2580 595 2796 667 πατρίδι
2846 596 3126 666 εἰληφέναι
3168 595 3350 664 δῶρα⁶
3397 597 3482 650 καὶ
3524 600 3574 652 οὐ
3599 603 3723 672 μόνον

2217 686 2395 749 τοῦτο,
2432 688 2566 741 ἀλλὰ
2595 689 2689 741 καὶ
2723 687 3104 752 ἀποθανόντος,
3145 689 3241 742 καὶ
3269 681 3406 743 οῦτοι
3426 691 3497 754 είς
3518 691 3604 755 τὰς
3620 695 3726 749 εἰκό-

2219 795 2316 840 νας
2343 776 2647 850 ἐξύϐριζον,
2683 778 2786 841 ἓως
2814 781 2862 830 οἱ
2893 777 3024 842 θεοὶ,
3059 779 3160 832 οὐκ
3181 779 3520 851 ἀνασχόμενοι
3549 781 3639 836 τῶν
3659 803 3723 853 γι.

2218 870 2478 938 νομένων,
2510 870 2798 938 ἐπαφῆκαν
2821 871 3000 932 αὐτοῖς
3027 870 3117 923 τὸν
3150 870 3435 942 κράτιστον
3459 871 3724 943 λιμόνοκᾶν

2220 961 2324 1014 ὑπὸ
2351 961 2510 1031 λιμοῦ
2543 961 2791 1015 διώλοντο
2817 960 2902 1025 ἂν,
2925 964 2972 1015 εί
3003 961 3077 1033 μὴ
3120 963 3153 1033 ή
3185 961 3334 1033 παρὰ
3367 961 3453 1016 σοῦ
3477 960 3590 1035 ἦλθε
3628 966 3725 1038 βοή-

2220 1053 2358 1115 θεια,
2381 1053 2633 1122 λέγουσα,
2651 1055 2732 1107 ὅτι
2750 1055 2831 1108 δεῖ
2854 1055 3049 1118 αὐτοὺς
3076 1056 3240 1126 τιμᾷν
3271 1054 3462 1125 ἄνδρας
3483 1075 3730 1127 πεφατνευρ

2221 1147 2434 1217 μένους,
2468 1146 2561 1211 οὓς
2581 1149 2630 1200 oi.
2652 1147 2764 1201 θεοὶ
2793 1148 3035 1216 φιλοῦσιν
3067 1149 3165 1219 οὐχ
3188 1145 3351 1222 ἦττον
3375 1150 3405 1220 ἢ
3427 1149 3510 1213 οὒς
3536 1153 3577 1203 oi
3603 1151 3728 1219 ἀλφι-

2217 1236 2422 1288 τοποιοὶ
2476 1237 2748 1288 πιαίνουσι
2803 1235 2966 1307 βοῦς⁹
3010 1237 3077 1291 δι’
3115 1231 3189 1290 ὧν
3229 1239 3373 1309 ὑμᾶς
3419 1238 3466 1290 οἱ
3509 1237 3732 1309 ἄνθρωποι

2217 1327 2386 1380 ἐνίοτε
2422 1327 2640 1392 θύοντες
2671 1328 2946 1382 πείθουσιν
2965 1345 2979 1358 ·
3013 1329 3112 1399 οὐχ
3131 1325 3294 1402 ἦττον
3336 1329 3457 1392 ἴσως
3480 1368 3494 1388 ,
3521 1328 3638 1382 ἀλλὰ
3663 1333 3734 1383 καὶ

2217 1419 2351 1473 πολὺ
2395 1421 2594 1490 μᾶλλον
2635 1422 2851 1493 παχέων
2897 1420 3032 1491 βοῶν
3062 1424 3111 1474 οἱ
3142 1423 3335 1491 παχεῖς
3383 1421 3630 1493 ἄνθρωποι
3663 1424 3733 1475 εὑ-

2218 1512 2531 1584 φραίνουσιν
2565 1514 2708 1585 ὑμᾶς
2734 1514 2942 1579 οὕτως,
2988 1514 3129 1567 ὥστε
3170 1515 3340 1568 ἐνίοτε
3375 1513 3464 1585 ὅλῃ
3500 1514 3632 1568 πόλει
3663 1515 3735 1568 καὶ

2217 1604 2321 1675 ὅλῳ
2349 1604 2490 1658 ἔθνει
2517 1605 2852 1677 ὀργίζεσθαι,
2879 1606 2996 1670 ἐνὸς
3019 1607 3051 1678 ἢ
3078 1607 3223 1660 δυοῖν
3262 1605 3574 1661 ἀδικούντων
3603 1606 3739 1660 ταῦτα

2215 1697 2284 1750 τὰ
2332 1695 2642 1768 θρέμματα.
2692 1699 2778 1762 Ὡς
2834 1698 2897 1769 δὴ
2945 1698 3173 1766 ὤφελες,
3221 1692 3265 1752 ὦ
3298 1698 3496 1770 μάντι,
3528 1697 3739 1768 ἀλείπτης

537 1787 802 1848 duntaxat
828 1785 934 1839 hoc
968 1784 1198 1839 altilium
1240 1800 1411 1854 genus
1453 1785 1724 1851 laeserint,
1757 1793 1873 1839 tum
1904 1785 2109 1856 integro

2222 1788 2346 1857 ἡμῖν
2372 1787 2493 1840 ἀντὶ
2529 1788 2771 1856 μάντεως
2803 1788 3079 1856 γενέσθαι,
3112 1789 3145 1860 ἣ
3181 1789 3276 1842 xui.
3315 1789 3503 1859 μάντις
3541 1788 3643 1858 ἅμα
3669 1790 3741 1841 καὶ

537 1892 933 1948 nonnunquam
971 1884 1066 1932 aut
1093 1877 1330 1947 Oppido,
1363 1886 1458 1932 aut
1499 1877 1702 1947 populo
1741 1877 1906 1931 irasci
1951 1877 2112 1931 vehe-

528 1970 778 2024 ‘tnentius
822 1978 877 2024 et
925 1984 1252 2024 succensere
1304 1968 1543 2025 soleatis.
1601 1968 1889 2024 Debuisses
1941 1984 2109 2039 ergo,

536 2064 680 2118 bone
709 2073 860 2118 vates
885 2105 899 2126 ,
944 2078 1052 2118 non
1078 2062 1193 2133 jam
1244 2071 1424 2130 vates,
1473 2065 1565 2119 sed
1604 2073 1799 2118 unctor
1835 2078 1987 2127 esse,
2019 2071 2114 2117 aut

536 2164 683 2212 certe
730 2164 925 2211 unctor
957 2155 1123 2210 simul
1145 2163 1304 2222 atquc
1328 2165 1477 2212 vates
1507 2197 1523 2223 ,
1558 2164 1616 2211 ut
1646 2155 1963 2224 Delphicum
2011 2155 2114 2209 ali-

537 2249 680 2319 quod
709 2251 786 2305 uti
815 2250 1121 2318 oraCulum,
1145 2250 1220 2305 ita
1251 2251 1596 2322 gymnasium
1629 2248 1972 2303 haberemus.
2001 2245 2113 2303 Nec

2216 1879 2515 1949 ἀλείπτης,
2563 1880 2628 1932 ἵν’
2726 1881 2913 1950 ὥσπερ
2953 1882 3284 1952 χρηστήριον
3329 1879 3594 1950 Δελφικὸν,
3633 1879 3742 1932 οὕτω

2217 1973 2312 2023 καὶ
2346 1973 2785 2044 γυμναστήριονί
2815 1974 2924 2026 Καὶ
2953 1973 3060 2044 γὰρ
3091 1974 3198 2026 οὐδ’
3228 1971 3503 2044 ἀλλότριον
3538 1967 3597 2042 ἦν
3632 1968 3741 2036 ἀγῶ-

2221 2082 2309 2128 νος
2337 2065 2576 2118 Πυθικοῦ
2595 2065 2829 2120 Πυθικὸν
2843 2063 3091 2120 εἶναικαὶ
3113 2065 3172 2119 τὸ
3187 2081 3252 2134 γυ
3257 2066 3595 2135 μναστήριον.
3608 2085 3624 2115 ι
3643 2060 3742 2114 Tou-

2216 2173 2327 2219 τοις
2353 2157 2659 2222 ἐπισυνὰξω
2692 2158 2787 2212 καὶ
2816 2157 2850 2212 ἆ
2878 2175 3040 2227 φησιν
3069 2157 3400 2228 ἐπελέγχων,
3433 2157 3505 2220 ὡς
3527 2155 3611 2210 καὶ
3647 2155 3744 2216 τοὺς

2215 2249 2508 2320 τυράννους
2534 2250 2850 2304 κολακεύειν
2876 2249 3129 2304 εἰώθασιν
3161 2252 3211 2302 οἱ
3239 2250 3368 2321 περὶ
3390 2243 3462 2304 ὧν
3485 2252 3512 2304 ὁ
3545 2248 3694 2317 λόγος.

536 2345 681 2399 enim
756 2362 787 2400 a
837 2345 1064 2418 Py'thico
1119 2349 1416 2402 certamine
1473 2346 1710 2400 alienum
1755 2352 1891 2410 erat,
1936 2345 2015 2398 uti
2063 2345 2404 2414 gymnasium
2455 2361 2674 2416 quoque
2727 2345 3012 2418 Pythicum
3068 2347 3346 2401 existeret.
3405 2365 3424 2398 ι
3475 2342 3656 2399 Verum
3698 2356 3746 2396 ea

535 2439 912 2508 superioribus
942 2441 1277 2511 ,‘opportune
1319 2438 1656 2509 subjunxero
1682 2480 1696 2504 ,
1741 2437 1942 2507 quibus
1989 2436 2130 2491 idem
2169 2438 2417 2507 tyrannis
2484 2438 2648 2492 etiam
2713 2437 2846 2508 ipsis
2872 2454 3005 2505 eos,
3039 2438 3104 2493 de
3150 2437 3350 2508 quibus
3400 2437 3570 2492 adhuc
3608 2433 3746 2504 loqui-

538 2553 686 2599 mur,
738 2537 873 2593 deos
895 2580 908 2601 ,
942 2535 1350 2592 adulationibus
1386 2536 1593 2606 palpari
1627 2535 1819 2590 solitos
1853 2532 2120 2602 coarguit.
2160 2531 2251 2587 Sic
2286 2533 2448 2600 igitur
2474 2534 2542 2588 de
2569 2531 2819 2604 Cypseio.

976 2635 1136 2706 233
1164 2632 1391 2689 CAPUT
1436 2631 1651 2685 XXXV.

699 2724 833 2778 Deos
859 2725 988 2793 ipsis
1022 2726 1184 2777 etiam
1217 2723 1462 2792 tyrannis
1488 2723 1702 2775 adulari
1729 2723 1934 2776 solitos.

534 2837 714 2908 Felix,
741 2840 830 2908 qui
851 2847 1102 2908 properat
1134 2847 1343 2890 nostras
1371 2838 1648 2908 subiturus
1666 2837 1721 2888 in
1745 2835 1907 2908 ades,

535 2905 790 2978 Cypselus
818 2905 1094 2974 AEacides,
1135 2911 1218 2961 cui
1247 2909 1432 2961 serviet
1462 2908 1576 2960 alta
1609 2905 1916 2960 Corinthus.

543 3043 560 3073 ι
603 3021 743 3092 Ergo
771 3020 982 3092 tyranni
1015 3035 1237 3090 quoque
1266 3019 1394 3088 ipsi,
1420 3033 1526 3072 non
1556 3017 1719 3072 modo
1751 3026 2108 3088 tyrannorum

531 3115 903 3179 insidiatores,
936 3112 1119 3168 felices
1143 3113 1296 3166 vobis
1330 3126 1393 3166 ac
1422 3111 1586 3173 beati,

535 3233 811 3304 Cypselus,
846 3230 1067 3283 exitium
1093 3227 1360 3298 quondam
1387 3227 1647 3295 pestisque
1673 3223 1942 3290 Corinthi,

535 3347 809 3416 simulque
855 3343 1193 3413 Melanippus
1246 3342 1336 3396 ille
1365 3382 1379 3402 ,
1428 3339 1520 3410 qui
1585 3339 1876 3394 Geloorum
1921 3338 2110 3392 urbem

535 3438 730 3509 opibus
776 3451 842 3492 ac
891 3435 1151 3490 felicitate
1195 3434 1517 3488 cumulavit.
1560 3434 1629 3486 At
1671 3434 1794 3502 quis
1852 3433 2066 3487 tandem
2094 3471 2108 3497 ,

535 3533 801 3588 scelerate
824 3530 1060 3594 daemon,
1087 3529 1133 3583 si
1164 3527 1288 3582 felix
1315 3526 1577 3598 Cypselus
1606 3537 1709 3593 est,
1735 3527 1946 3582 felicem
1975 3541 2113 3598 quo-

531 3640 644 3696 que
699 3622 1065 3688 Phalaridem,
1125 3619 1370 3674 moribus
1418 3619 1576 3689 plane
1616 3618 1915 3690 geminum.
1945 3616 2114 3673 fuisse

537 3723 695 3786 neget
719 3716 742 3769 ?
771 3714 952 3780 Quare
979 3713 1164 3767 verius
1195 3711 1383 3783 utique
1408 3712 1678 3767 caneretis
1708 3730 1720 3764 :

612 3827 679 3880 Et
716 3826 970 3880 Phalaris
999 3827 1151 3896 felix,
1185 3837 1232 3880 et
1265 3826 1596 3895 Melanippus
1623 3837 1796 3889 erant,

536 3901 680 3966 Quos
701 3899 882 3953 divina
914 3899 1070 3953 duces
1103 3899 1228 3952 olim
1256 3897 1528 3951 discordia
1556 3897 1740 3952 sensit.

536 3991 605 4048 Et
634 4007 803 4058 sane,
837 3991 1061 4046 memini
1097 4006 1186 4046 me
1229 3989 1526 4059 aliquando
1570 3990 1734 4044 molle
1782 4006 1845 4045 ac
1875 3991 2108 4044 solutum

537 4085 634 4138 abs
669 4091 722 4139 te
747 4084 814 4138 de
849 4081 1138 4138 Phalaride
1171 4098 1494 4152 responsum
1523 4083 1742 4145 audire,
1775 4096 1885 4152 quo
1931 4083 2110 4136 homi-

538 4189 662 4228 nem
687 4172 1022 4238 eelebrabas,
1060 4173 1206 4242 quod
1258 4172 1608 4228 insidiatores
1635 4173 1900 4241 quosdam
1947 4187 2108 4238 suos,

2738 2629 3132 2683 ΚΕΦΑΛΛΙΟΝ
3165 2627 3286 2682 ΛΕ’.

2399 2723 2517 2776 ’Ότι
2551 2722 2647 2776 καί
2680 2722 2823 2789 τοὺς
2848 2721 3185 2790 τυράννους
3226 2721 3606 2775 ἐκολάκευον.

2225 2837 2454 2904 Ὄλϐιος
2479 2831 2657 2903 οὗτος
2690 2835 2865 2904 ἀνὴρ,
2888 2834 2958 2901 ὃς
2978 2834 3124 2904 ἐμὸν
3153 2833 3341 2902 δόμον
3353 2830 3751 2904 ἐσκαταϐαίνει,

2219 2903 2501 2977 Κύψελος
2524 2903 2826 2974 Αἰακίδης,
2851 2903 3150 2970 ,ϐασιλεὺς
3169 2903 3430 2959 κλεινοῖο
3453 2903 3727 2971 Κορίνθου.

2222 3038 2244 3072 ι
2281 3020 2491 3074 Οὐκοῦν
2521 3021 2613 3074 καὶ
2638 3021 2688 3073 οἱ
2713 3019 2980 3091 τύραννοι,
3017 3019 3079 3071 οὐ
3112 3018 3272 3089 μόνον
3298 3017 3350 3070 οἱ
3383 3015 3491 3069 τῶν
3515 3011 3754 3084 τυράννων

2216 3113 2510 3176 ἐπίϐουλοι,

2215 3227 2512 3296 Κύψελος,
2541 3226 2608 3293 ὃς
2632 3226 2706 3295 δὴ
2747 3224 2947 3279 πολλὰ
2985 3224 3247 3292 Κορίνθῳ
3271 3222 3516 3292 πήματα
3543 3218 3728 3284 τεύξει,

2214 3340 2308 3393 καὶ
2351 3340 2704 3402 Μελάνιππος
2737 3339 2868 3409 (58),
2899 3341 2926 3392 ὁ
2949 3337 3118 3391 πολλὰ
3145 3336 3324 3406 ἀγαθὰ
3350 3340 3419 3409 τῇ
3447 3334 3658 3389 Γελώων
3677 3330 3757 3385 πό-

2214 3432 2295 3482 λει
2332 3429 2441 3498 (59)
2471 3429 2686 3492 τεύξας.
2723 3427 2845 3492 ΙΙῶς
2875 3429 2918 3481 δ’
2952 3429 3000 3479 εί
3033 3425 3279 3497 Κύψελος
3300 3428 3503 3490 δλϐιος,
3549 3420 3592 3480 ὧ
3621 3421 3758 3478 xand-

2212 3523 2422 3592 δαιμον,
2451 3523 2510 3574 οὐ
2547 3521 2640 3575 καὶ
2688 3519 2925 3590 Φάλαρις
2973 3519 3148 3583 ὄλϐιος
3171 3562 3186 3586 ,
3221 3521 3529 3590 ὁμότροπος
3568 3517 3637 3571 ὣν
3670 3515 3759 3568 Kr-

2212 3617 2392 3688 ψέλῳ;
2430 3617 2578 3668 Ὦστ’
2606 3615 2672 3669 ἂν
2701 3614 2925 3678 ἐκείνως
2958 3614 3176 3686 ἄμεινον
3212 3608 3353 3666 εἶναι
3389 3614 3546 3684 ὑμῖν

2288 3818 2620 3898 εὐδαίμων⁵
2635 3814 2893 3898 Φάλὶαρις
2921 3813 3050 3898 (ιο),
3081 3812 3176 3866 καὶ
3206 3811 3598 3898 ξΐελάνιππος
3647 3804 3760 3872 ἕφυι

2227 3891 2399 3955 Θείας
2433 3882 2723 3957 ἀ’]ηιτῆρες
2744 3882 2813 3937 ἐν
2843 3882 3170 3950 ἀνθρώποις
3204 3882 3535 3951 διχονοίας.

2218 3985 2464 4036 Ἤκουσα
2491 3979 2547 4032 δέ
2585 3996 2675 4031 σου
2709 3977 2800 4030 καὶ
2832 3974 3206 4044 διαλελυμένον
3246 3971 3500 4042 χρησμὸν
3543 3961 3761 4038 περὶτοῦ

2212 4072 2531 4144 Φαλάριδος,
2557 4068 2882 4122 ἐπαινοῦντα
2907 4068 3000 4119 καὶ
3022 4066 3263 4134 τιμῶντα
3287 4103 3300 4126 ,
3337 4063 3420 4116 ὅτι
3467 4059 3640 4114 λαϐὼν
3665 4057 3761 4107 ἑπι-

2215 4165 2563 4227 6ουλεύοντας
2596 4162 2823 4234 ᾐκίσατο
2855 4159 2953 4230 μὲν
2976 4158 3106 4229 (41),
3138 4154 3545 4227 καρτεροῦντας
3569 4152 3620 4204 δὲ
3648 4146 3764 4215 ἁγάο

537 4267 629 4321 ubi
669 4265 984 4336 aliquandiu
1033 4239 1167 4319 caedi
1189 4263 1450 4334 jussisset
1474 4303 1490 4328 ,
1523 4279 1618 4318 eos
1653 4239 1870 4317 tandem
1909 4262 1979 4316 ob
2023 4271 2107 4317 to--

2222 4276 2374 4332 μενος
2397 4257 2598 4326 ἀφῆκε.
2635 4254 2829 4320 Λοξίας
2863 4254 2955 4304 καὶ
2980 4253 3113 4312 Ζεὺς
3151 4248 3332 4318 πατὴρ
3358 4243 3625 4314 ἀναϐολὴν
3655 4239 3742 4309 ἐψη

2265 4352 2275 4359 .
2471 4348 2493 4359 Α
2585 4347 2595 4359 1
2729 4348 2750 4359 1
2799 4346 2857 4358 ι.
2932 4345 2954 4359 κ
3030 4345 3040 4356 ι
3090 4335 3196 4359 ne?
3263 4343 3281 4359 ,ε
3327 4333 3735 4359 νεκι,,ν..-ξ-.ιιι

537 4358 783 4413 let-antite
805 4355 1099 4424 singularis
1129 4355 1434 4425 exemplum
1464 4354 1765 4408 admiratus
1789 4351 2103 4407 dimisisset.

539 4451 738 4507 Loxias
767 4448 1050 4514 videlicet,
1085 4464 1150 4502 ac
1193 4446 1401 4516 Jupiter
1432 4456 1586 4516 pater
1622 4460 1805 4499 moras
1835 4443 2106 4500 Phalaridi

609 4576 635 4604 ι
662 4581 751 4632 περ.
783 4578 861 4614 τε.

608 4660 722 4742 (ἱῖῖ)
758 4657 1087 4712 Εὐθυκλέα.
1133 4657 1206 4710 De
1237 4657 1340 4711 hoc
1375 4655 1636 4726 Eulhycle
1681 4655 1942 4709 nihildum
1994 4671 2108 4709 tne-

538 4747 695 4787 mllll.

610 4800 720 4873 (58)
759 4798 872 4854 Καὶ
912 4799 1316 4873 Μελάνιππος.
1363 4795 1653 4873 Historiam
1697 4795 1958 4873 integram
2009 4793 2106 4848 da-

540 4863 672 4926 bunt
702 4863 846 4924 inter
881 4879 1105 4923 caeteros
1127 4911 1142 4934 ,
1191 4869 1484 4920 Athenaeus
1527 4867 1563 4934 l.
1598 4881 1690 4918 xm
1718 4904 1731 4926 ,
1763 4880 1816 4932 p.
1849 4863 1988 4928 602,
2041 4880 2106 4917 ex

542 4942 821 4997 Heraclide
867 4937 1112 5001 Pontico,
1133 4933 1198 4990 et
1224 4936 1497 4997 jElianus,
1524 4933 1649 4989 Var.
1681 4934 1884 4987 Histor.
1913 4935 2006 4988 lib.
2046 4951 2108 4999 ιι,

539 5029 659 5083 cap.
711 5009 921 5083 4,7Ased
963 5025 1085 5083 eum
1129 5009 1308 5078 aliqua
1355 5007 1629 5060 varietate.
1682 5003 1877 5060 Noster
1925 5014 2105 5059 autem

539 5081 809 5138 lleraclidi
827 5081 1059 5150 propior
1083 5088 1187 5134 est.

611 5153 723 5224 (39)
769 5145 1122 5224 Τῇζέλὼων
1151 5145 1826 5224 πόλει.,λίίτεςίΙἹΑΞηιξξάΓ
1858 5161 1916 5224 ιιι
1951 5162 1962 5196 :

611 5215 844 5292 Apparet
868 5219 1157 5292 Camarina
1187 5217 1392 5292 procul.
1426 5215 1900 5292 campiqueCeloi,

619 5288 972 5360 lnt'manisque
1008 5289 1157 5354 Gela,
1180 5288 1325 5360 ﬂuvii
1360 5290 1662 5360 cognomine
1687 5288 1854 5340 dicta.

539 5365 741 5419 Griecis
775 5356 935 5417 modo
967 5356 1213 5425 Γελαῖοι,
1266 5358 1426 5412 modo
1460 5356 1676 5419 Γελῶοι,
1711 5370 2104 5425 nonnunquam

537 5444 592 5488 et
622 5429 1118 5504 Felﬁvot,_Latinis
1149 5430 1262 5486 fere
1287 5427 1575 5504 Gelenses,
1603 5435 1711 5504 aut
1747 5427 1920 5504 Geloi.
1959 5427 2102 5481 Lon-

538 5496 760 5574 gissime
809 5501 1182 5574 latissimeque
1239 5499 1532 5574 patebant,
1597 5496 1780 5574 Gelani
1844 5497 1983 5574 inter
2049 5505 2104 5574 et

541 5566 816 5628 Naufriam
849 5586 1057 5635 amnes,
1085 5566 1214 5625 urbs
1239 5566 1354 5640 ipsa
1387 5581 1493 5622 tam
1526 5569 1726 5640 ampla,
1759 5575 1820 5620 ut
1846 5566 2103 5640 immanis

542 5665 568 5698 ιι
603 5642 828 5711 Virgilio
853 5640 995 5694 dicta
1024 5641 1114 5703 sit,
1151 5636 1422 5711 suuinque
1450 5653 1514 5711 ac
1535 5639 1822 5711 proprium
1858 5636 2105 5711 aliquan-

541 5717 629 5769 diu
662 5705 837 5783 régem
875 5711 1142 5765 habuerit.
1175 5711 1277 5764 Alii
1311 5711 1380 5765 ab
1409 5709 1492 5763 his
1525 5705 1687 5775 Gelae,
1726 5723 1819 5761 seu
1849 5705 2016 5776 .Geli,‘
2041 5705 2107 5759 de

2216 4352 2441 4422 φίσαντο
2470 4347 2699 4401 θανάτου
2720 4345 2997 4414 Φαλάριδι,
3019 4341 3134 4396 ἀνθ’
3165 4335 3239 4392 ὧν
3261 4339 3491 4410 ἡμέρως
3520 4333 3767 4404 Χαρίτωνι

2216 4420 2309 4492 καὶ
2339 4437 2674 4506 Μελανίππῳ
2704 4431 3068 4505 προσηνέχθη.
3110 4430 3247 4483 Ἀλλ’
3274 4424 3400 4497 εὖγε
3447 4442 3472 4468 ιι
3508 4437 3599 4482 καὶ
3640 4420 3763 4492 μόλις

2213 4653 2364 4722 quib:
2399 4646 2757 4722 inﬁt-1-02975
2788 4642 2919 4722 D_'._
3109 4709 3131 4722 .
3314 4708 3327 4721 .
3424 4707 3464 4722 ..

2285 4701 2762 4788 (initi-asinam»
2799 4713 3074 4788 φριᾳαρις.
3101 4708 3368 4788 _Ludit_in
3407 4704 3646 4788 disticho
3671 4701 3768 4788 ιιιρ,

2212 4777 2357 4862 quod
2383 4777 2453 4845 ad
2483 4777 2803 4862 perpetuam
2829 4777 3147 4862 Charitoms
3175 4787 3229 4836 et
3251 4777 3550 4847 Melanippi
3594 4777 3759 4829 amici-

2220 4853 2305 4917 tia:
2337 4853 2654 4915 memoriam
2686 4854 2878 4924 Pythia
2912 4853 3146 4914 fuderat,

2351 4930 2666 4996 Εὐδαίμων
2686 4915 2971 4996 Χῖιριτων.
2996 4924 3093 4996 καὶ
3116 4919 3512 4996 Μελάνιππος
3537 4915 3672 4986 ἔφυ,

2292 4984 3119 5068 θέίαςάεῖιιτῆιειῖἑφῖιέιερίοις
3145 4984 3498 5068 φιλόῖηῖοςέ
3533 4984 3584 5068 .”
3649 5053 3683 5068 ..
3715 5050 3745 5068 ,.

2215 5071 2307 5127 Sic
2331 5054 2472 5126 enim
2503 5054 2832 5120 Athenaeum
2860 5054 3124 5116 Observat
3149 5054 3344 5112 autem
3375 5058 3488 5127 hoc
3533 5057 3591 5127 in
3634 5054 3763 5110 disti-

2212 5126 2337 5206 cho,
2397 5146 2789 5210 pentametrum
2825 5133 3139 5210 hexametro
3178 5129 3415 5210 priorem
3455 5126 3642 5207 fuisse
3663 5165 3687 5210 ,Ι
3720 5131 3766 5210 ut

2213 5193 2309 5266 hic
2323 5193 2490 5266 etiam
2521 5207 2765 5260 videmus
2797 5222 2808 5257 :
2835 5202 2978 5272 quod
3002 5201 3151 5272 idem
3178 5193 3212 5253 2.
3243 5197 3522 5272 Dionysio
3535 5193 3766 5272 quodam

2212 5261 2551 5342 Atheniensi,
2583 5261 2946 5345 cognomento
2977 5269 3327 5345 Aineo,_s_uis
3370 5261 3425 5319 in
3465 5261 3758 5345 ﬁlégiis‘fa-

2211 5353 2456 5406 ctitatmn
2521 5335 2906 5410 ait,"tametsi
2958 5337 3106 5408 apud
3144 5335 3418 5395 {Eliattum
3463 5336 3771 5390 hexameter

2213 5413 2588 5483 praeminatur.

2285 5491 2396 5561 (4i)
2439 5488 2729 5561 ’ῌιιίσατο
2747 5480 2988 5561 pannulis
3013 5480 3325 5560 Alliena’us.
3353 5475 3420 5561 At
3455 5473 3779 5561 Elianolso—

2212 5545 2544 5616 lustarito
2573 5545 2826 5624 vapulat.
2873 5551 3211 5620 Melanippus
3241 5555 3431 5618 sponte
3483 5564 3546 5601 se
3576 5545 3772 5615 prodit,

2215 5632 2377 5687 ambo
2410 5623 2678 5699 pelluntur
2702 5640 2765 5679 ex
2798 5623 3005 5678 Sicilia.
