3978 6388
206 324 290 376 ιοι
1351 329 1674 384 PRASPAR.
1712 331 1763 385 E‘

1870 330 1968 390 NG.
2009 332 2134 386 LIB.
2181 333 2240 385 ν.

3333 329 3440 383 402

201 444 317 512 ἡμῖν
348 439 412 492 τὰ
439 440 684 512 περὶτοῦ
711 441 939 496 Θανάτου
975 445 1182 511 ἔδειξας
1213 449 1306 502 καὶ
1334 449 1434 518 τῆς
1467 450 1612 521 ζωῆς
1632 490 1647 516 ,
1681 452 1763 504 ὅτι

1871 453 2064 507 mortis
2118 453 2512 518 decreverunt,
2567 451 2712 520 quod
2755 451 2933 506 lenius
2986 450 3334 506 Charitonetn
3389 463 3443 504 et

200 528 465 584 κάλλιστόν
510 530 566 581 τί
617 532 761 584 ἐστιν
803 533 836 602 ἡ
883 533 1194 605 (inquit!
1228 536 1436 602 τούτοις
1467 539 1638 594 ἆπασι
1671 541 1765 595 καὶ

195 620 296 674 τόδε
323 621 689 690 προσκείσθω.

681 904 1078 960 ΚΕΦΑΛΑΙΟΝ
1131 909 1269 973 aqu

196 1015 302 1068 Ὅτι
340 1013 439 1067 καὶ
479 1014 605 1084 τὴν
629 1015 872 1086 ἄψυχον
900 1015 1062 1085 ὕλην
1092 1016 1295 1072 σέϐειν
1332 1019 1757 1088 προσέταττον.

197 1147 215 1180 ι
253 1127 430 1182 Ἀλλὰ
457 1128 565 1182 καὶ
618 1128 944 1198 Μηθύμνης
971 1129 1082 1201 (42)
1112 1130 1353 1198 ναέταις
1381 1132 1538 1187 πολὺ
1580 1133 1764 1188 λώϊον

189 1267 499 1336 Murde-
529 1268 746 1338 τιμῶσι
765 1271 1076 1326 Διονύσοιο
1106 1269 1395 1339 κάρηνον.
1447 1202 1657 1274 [ἔσται
1676 1245 1690 1268 ’

185 1385 365 1440 Θύουσι
394 1383 513 1454 γὰρ
548 1385 608 1438 αἱ
641 1385 826 1449 πόλεις
855 1385 949 1439 καὶ
981 1384 1201 1449 τελετὰς
1238 1385 1484 1455 ἄγουσιν,
1519 1388 1579 1441 ού
1607 1389 1766 1460 μόνον

187 1478 458 1550 φαλληνοῖς
480 1477 763 1531 Διονύσοιο
795 1479 1073 1551 καρήνοις,
1106 1477 1244 1532 ἀλλὰ
1271 1481 1364 1532 καί⁸
1399 1479 1641 1545 λιθίνοις,
1671 1482 1767 1535 καὶ

185 1573 454 1644 χαλκέοις,
511 1575 612 1627 καὶ
663 1573 935 1646 χρυσέοις.
977 1573 1088 1644 (45)
1121 1573 1196 1626 Οὐ
1246 1573 1406 1644 μόνον
1454 1573 1764 1646 φαλληνοῖς,

188 1664 308 1719 ἀλλὰ
333 1664 651 1728 καὶ;αὐτοῖς
677 1666 789 1727 τοῖς
827 1663 1144 1728 Διονυσίοις,
1172 1664 1267 1717 καὶ
1296 1663 1476 1727 ἄλλοις
1507 1666 1764 1737 παμπόλ-

1874 540 2239 611 Melanippum
2269 541 2539 597 habuerit.
2584 541 2653 594 At
2695 549 2751 596 tu
2786 542 2911 596 vitae
2941 542 3243 612 mortisque
3275 541 3445 596 ratio-

1868 649 1987 698 nes,
2021 635 2111 687 vix
2141 634 2291 699 licet,
2325 633 2584 702 praeclare
2613 643 2791 688 tamen
2821 633 3159 703 expressisti,
3187 633 3316 688 dum
3341 634 3444 686 hoc

1863 721 2010 777 facto
2055 723 2220 777 vitam
2264 723 2527 780 eximium
2582 723 2840 794 quiddam
2871 738 2994 779 esse
3012 721 3429 795 comprobasti.»

1854 815 2068 883 Quibus
2093 818 2348 874 omnibus
2373 818 2478 873 hoc
2507 829 2842 888 postremum
2872 816 3253 887 adjungamus.

2403 912 2633 968 CAPUT
2672 911 2913 968 XXXVI.

1900 1025 2034 1080 Illos
2061 1025 2220 1078 etiam
2241 1024 2491 1092 jussisse,
2522 1032 2578 1077 ut
2608 1024 2831 1077 materia
2862 1022 3103 1076 inanima
3132 1019 3414 1076 coleretur.

1875 1157 1893 1190 ι
1931 1138 2030 1192 Res
2055 1138 2151 1192 tibi
2187 1135 2504 1207 Methymna:
2533 1136 2738 1207 felicius
2771 1134 2943 1189 incola
2972 1135 3135 1202 cedet,

1873 1278 1930 1333 Si
1957 1279 2154 1332 Bacchi
2181 1287 2337 1348 caput
2362 1293 2427 1332 ea:
2462 1279 2611 1330 tereti
2641 1276 2946 1332 venerabere
2975 1275 3140 1345 ligno.

1866 1392 2076 1446 Passim
2126 1393 2326 1463 quippe
2370 1391 2660 1453 civitates,
2708 1406 2816 1444 non
2868 1390 3050 1459 lignea
3095 1387 3297 1451 modo,
3350 1384 3444 1439 sed

1868 1485 2032 1540 etiam
2063 1484 2295 1554 lapidea,
2327 1497 2489 1550 aerea,
2515 1497 2683 1536 aurea
2715 1479 2910 1535 Bacchi
2937 1481 3136 1549 capita,
3165 1475 3448 1534 sacriﬁciis

1869 1589 1933 1630 ac
1967 1574 2124 1630 statis
2155 1573 2512 1644 religionibus
2544 1581 2914 1627 venerantur:
2951 1571 3062 1625 imo
3100 1584 3208 1622 non
3247 1567 3444 1622 Bacchi

1872 1675 2081 1719 tantum
2115 1665 2292 1734 capita
2313 1705 2328 1727 ,
2360 1663 2455 1718 sed
2485 1663 2624 1718 alios
2655 1663 2816 1717 etiam
2848 1662 3137 1732 plerosque
3161 1659 3324 1726 deos,
3352 1659 3447 1727 qui

185 1759 283 1820 λοις
320 1755 648 1820 Ἡσιοδείοις
694 1755 857 1819 Θεοῖς.
918 1755 1052 1826 Τρὶς
1079 1753 1189 1825 γὰρ
1233 1754 1309 1817 ὡς
1339 1755 1555 1826 ἀληθῶς
1588 1755 1763 1826 μύριοὲ

1871 1759 2089 1815 Hesiodi
2165 1760 2365 1814 fabulis
2430 1758 2794 1813 celebrantur.
2859 1755 3150 1810 Enimvero
3225 1752 3446 1825 triginta

188 1855 308 1906 εἰσιν
337 1850 430 1904 ἐπὶ
461 1849 622 1920 χθονὶ
651 1848 1070 1921 πουλυῦοτείρῃ,
1095 1847 1196 1899 οὐκ
1224 1845 1502 1911 ἀθάνατοι,
1535 1846 1674 1900 ἀλλὰ
1697 1847 1768 1900 λί-

186 1942 305 1997 θινοι
332 1943 425 1995 καὶ
455 1938 665 2006 ξύλινοι
693 1940 948 1993 δεσπόται
980 1936 1315 2010 ἀνθρώπων·
1352 1938 1425 2002 οἳ,
1471 1939 1519 1991 εί
1552 1937 1766 2010 ἀνθρώ-

188 2051 290 2088 πων
311 2033 468 2104 ὓϐριν
498 2050 563 2086 τε
590 2032 683 2086 καὶ
711 2031 969 2102 εὐνομίην
1000 2028 1278 2101 ἐφεώρων,
1317 2030 1419 2083 οὐκ
1465 2029 1532 2083 ἂν
1577 2028 1769 2083 τοσοῦ-

186 2141 263 2186 τος
285 2123 424 2195 ἤρθη
465 2123 661 2194 λῆρος,
700 2121 842 2174 ὥστε
866 2120 958 2174 καὶ
981 2120 1080 2191 ἤδη
1107 2120 1202 2174 καὶ
1252 2121 1444 2191 μέχρις
1485 2119 1641 2190 ὑμῶν
1673 2136 1768 2172 κε-

186 2213 480 2286 χωρηκέναι
511 2213 582 2266 τὸ
606 2213 794 2277 κακὸν,
816 2211 1101 2266 ἐπιδιαϐὰν
1128 2214 1220 2266 καὶ
1249 2215 1328 2275 είς
1353 2211 1444 2264 τὸν
1465 2210 1766 2282 Ὄλυμπον,

189 2306 445 2376 ὄθιμρασὶ,
475 2305 633 2361 θεῶν
656 2305 794 2372 ἕδος
813 2305 1089 2375 ἀσφαλὲς
1122 2305 1254 2358 αἰεί.
1292 2305 1485 2358 Καίτοι
1516 2306 1562 2358 εί
1593 2307 1769 2375 ἀσφα-

188 2392 362 2469 λέςῆν,
387 2398 492 2450 οὑκ
518 2392 588 2469 ἦν
622 2396 881 2450 ἐπιϐατὸν
908 2396 1077 2468 λήρῳ,
1113 2395 1221 2449 οὐδ’
1245 2395 1311 2448 ἂν
1344 2389 1426 2460 εἷς
1456 2413 1541 2460 τις
1578 2397 1769 2468 Ὀλυμο-

190 2491 312 2543 πίων
337 2492 416 2554 είς
447 2489 614 2544 τοῦτο
639 2485 773 2561 ἦλθε
802 2488 1124 2561 παρανοίας,
1164 2487 1294 2540 ὥστ’
1318 2487 1527 2542 ἐλάϊνον
1561 2489 1768 2561 κορμὸν

189 2581 370 2635 θεῶσαι
390 2598 404 2611 ⁸
441 2580 504 2634 ὃν
545 2582 595 2634 οἱ
627 2580 973 2652 Μηθυμναῖοι
1001 2579 1246 2649 σαγήνης
1282 2578 1631 2650 ἐμπλακέντα
1654 2581 1768 2643 τοῖς

189 2672 335 2736 λίνοις
385 2673 746 2737 ἀνείλκυσαν,
795 2672 888 2726 καὶ
915 2672 1016 2738 δὶς,
1059 2673 1107 2726 εἰ
1132 2672 1333 2744 βούλει,
1363 2671 1456 2725 καὶ
1489 2673 1628 2743 τρὶς,
1671 2671 1767 2724 καὶ

192 2765 456 2829 πλεονάκις
504 2767 565 2818 ἐν
605 2764 684 2836 τῷ
711 2762 861 2835 αύτῷ
889 2763 1280 2835 σαγηνεύοντες
1324 2762 1601 2835 ἄνθρωποι
1623 2803 1637 2827 ,
1673 2763 1768 2816 καὶ

195 2855 245 2919 ἐξ
267 2857 469 2910 ἐκείνου
505 2859 591 2921 είς
622 2856 684 2909 τὸ
713 2854 948 2909 Διϐυκὸν
977 2853 1367 2919 ἐξοκείλαντες,
1408 2855 1515 2932 ούδ⁹
1563 2857 1642 2916 είς
1669 2853 1769 2924 τὴν

193 2941 281 3011 γῆν
311 2942 410 3009 ἔξω
425 2942 755 3006 ἐκϐαλόντες
787 2941 947 3004 αὐτόν
968 2959 981 2973 ·
1018 2943 1141 2995 ἐπεὶ
1164 2944 1265 2996 οὐκ
1293 2943 1385 3001 ἂν,
1410 2943 1484 3012 μὰ
1527 2942 1619 2995 τὸν
1647 2943 1768 2995 Διό-

195 3050 352 3099 νυσον,
382 3033 460 3088 ἔτι
485 3036 676 3099 αὐτοῖς
697 3033 975 3106 ἐνεπλάκη
998 3037 1108 3098 τοῖς
1129 3034 1314 3098 λίνοις.
1346 3034 1486 3087 Ἀλλ’
1514 3035 1572 3102 ἐξ
1596 3035 1766 3110 ἄκρου

1867 1852 2050 1923 plane,
2098 1867 2207 1906 non
2254 1851 2369 1921 jam
2400 1850 2826 1915 immortalium,
2874 1848 2966 1903 sed
3002 1847 3360 1918 Iapideorum,
3395 1855 3449 1900 et

1867 1944 2169 2015 ligneorum
2192 1943 2418 1998 humani
2441 1942 2655 2013 generis
2681 1940 3028 1996 dominorum
3056 1938 3245 2002 millia,
3263 1937 3447 1992 nutrix

1868 2033 2226 2089 animantium
2259 2043 2402 2089 terra
2430 2034 2830 2104 complectitur,
2860 2034 2952 2101 qui
2983 2031 3248 2100 profecto,
3281 2030 3327 2084 si
3354 2045 3449 2084 co.-

1868 2126 2180 2198 gnoscendo
2226 2126 2510 2181 hominum
2562 2125 2752 2181 sceleri
2781 2169 2797 2186 .
2844 2123 3064 2194 jurique
3111 2130 3446 2192 prmessent,

1870 2233 2149 2288 nunquam
2176 2234 2242 2274 eo
2270 2234 2536 2289 nugarum
2563 2219 2778 2273 vanitas
2801 2217 3152 2281 excrevisset,
3176 2215 3254 2270 uti
3287 2211 3451 2285 235

1870 2313 1936 2368 ad
1961 2328 2058 2368 vos
2105 2327 2280 2383 usque
2320 2311 2523 2366 malum
2571 2310 2918 2381 perveniret,
2965 2307 3194 2379 Olympo
3231 2321 3448 2375 quoque

1869 2414 2147 2476 superato,
2173 2405 2265 2459 ubi
2299 2404 2508 2470 divum,
2536 2399 2716 2458 aiunt:
2743 2401 2903 2458 Sedes
2924 2417 3110 2455 secura
3141 2416 3232 2470 per
3257 2414 3443 2455 aevum.

1869 2495 2002 2563 Quae
2035 2495 2302 2550 securitas
2334 2494 2380 2550 si
2413 2509 2539 2550 vere
2565 2495 2886 2564 jactaretur,
2917 2506 3090 2561 nugas
3122 2505 3316 2546 omnes
3353 2505 3453 2544 ex-

1867 2589 2146 2652 cluderet,
2201 2602 2301 2642 nec
2343 2585 2718 2658 Olympiorum
2763 2585 3054 2656 quisquam
3103 2597 3170 2638 eo
3215 2583 3452 2638 vesanim

1869 2678 2210 2740 devenisset,
2247 2685 2308 2730 ut
2355 2676 2640 2746 oleagineo
2667 2673 2882 2730 caudici
2918 2672 3259 2727 divinitatem
3306 2671 3452 2726 inse-

1868 2779 2031 2823 reret.
2103 2768 2260 2822 lllum
2329 2766 2528 2820 etenim
2599 2779 2813 2834 sagena:
2875 2765 3107 2834 plagulis
3176 2762 3448 2818 irretitum

1869 2859 2310 2929 Mctltymnenses
2335 2866 2706 2918 extraxerant,
2735 2856 2900 2925 idque
2924 2855 3092 2910 semel
3117 2856 3448 2925 iterumque,

1869 2950 1917 3006 si
1951 2950 2168 3018 placet,
2215 2947 2328 3002 imo
2359 2946 2524 3002 etiam
2579 2946 2738 3000 tertio
2762 2986 2778 3011 ,
2829 2944 2914 2998 vel
2949 2944 3148 3014 saepius
3195 2943 3451 2999 demissis

1868 3038 2122 3094 eumdem
2161 3037 2214 3092 in
2239 3038 2418 3092 locum
2451 3037 2658 3091 retibus
2701 3033 2983 3090 iecerant:
3031 3035 3158 3090 inde
3192 3049 3321 3089 vero
3359 3033 3450 3088 Li-

197 3125 529 3198 κεᾳαλοειδὴς
585 3129 614 3180 ὁ
647 3127 849 3198 κορμὸς
893 3101 1183 3197 (Ἄπολλον
1207 3165 1222 3188 ,
1252 3125 1402 3191 ξένου
1437 3125 1550 3197 (44)
1595 3101 1763 3179 καταο-

1871 3131 2068 3204 bycum
2115 3129 2168 3184 in
2219 3144 2370 3184 mare
2397 3129 2582 3190 delati,
2624 3142 2972 3197 nequaquam
3003 3142 3128 3180 eum
3162 3127 3216 3180 in
3247 3135 3447 3181 terram

200 3219 626 3292 σκευάσματοςί)
649 3220 702 3273 τί
733 3222 849 3272 ποτ’
875 3215 967 3274 οὖν
995 3220 1261 3290 ἔπραττεν
1295 3220 1354 3272 ἐν
1377 3219 1455 3290 τῷ
1504 3219 1761 3288 πελάγεις

198 3310 508 3385 ἀπορήσειεν
557 3312 622 3367 ἄν
659 3331 763 3376 τις.
811 3313 875 3366 Τί
917 3312 1028 3384 γὰρ
1075 3312 1203 3367 ἄλλο
1227 3311 1259 3383 ἢ
1286 3301 1551 3385 ἐκάθητοζ
1585 3311 1650 3383 νὴ
1671 3313 1763 3366 τὸν

199 3400 303 3464 Δία,
333 3403 623 3474 ἀναμένων
673 3404 778 3467 ἕως
823 3403 1100 3476 ἄνθρωποι
1146 3405 1460 3476 μαινόμενοι
1519 3405 1616 3476 (οὐ
1655 3404 1763 3476 γὰρ

201 3498 338 3568 φήσω
356 3500 437 3552 ὅτι
468 3499 571 3553 καὶ
599 3499 743 3564 θεοὶ)
782 3500 1190 3570 ἐγκυρήσαντες
1210 3495 1379 3567 αὐτῷ,
1406 3497 1467 3551 ού
1486 3497 1760 3560 Διοπετὲς,

203 3588 318 3642 ἀλλὰ
355 3590 822 3654 Ποσειδωνοπετὲς
865 3591 1201 3661 ἡγήσωνται,
1240 3589 1474 3643 κᾶπειτα
1525 3590 1602 3652 εἰς
1629 3587 1761 3640 ἄστυ

202 3680 565 3749 ἁπαγάγωσιν,
599 3681 786 3753 ὥσπερ
805 3681 926 3735 τινὰ
951 3680 1160 3752 ἀγαθὴν
1181 3678 1371 3750 τύχην,
1397 3680 1573 3750 κακὴν
1600 3676 1762 3733 οὖσαν

203 3769 263 3835 ὡς
293 3772 506 3843 ἀληθῶς
531 3815 546 3840 ,
575 3773 636 3826 οὐ
679 3771 869 3843 τύχην,
906 3772 1040 3825 ἀλλὰ
1067 3771 1353 3840 τυφεδόνα.
1387 3772 1455 3822 Ἢ
1480 3770 1579 3822 οὐκ
1605 3769 1762 3840 ἤρκει

207 3861 297 3932 ἂρα
316 3864 497 3926 αὐτοῖς
523 3862 730 3916 οἴκοθεν
755 3862 1085 3923 διολλύουσα,
1115 3860 1228 3913 ἀλλ’
1262 3860 1430 3930 αὐτὴν
1460 3859 1706 3928 ἐπέρωσέ
1737 3871 1761 3898 α

204 3969 256 4007 τε
282 3957 366 4009 καὶ
391 3957 780 4028 προσεπέτεινε
809 3953 1154 4024 θεοπληξίας,
1187 3952 1262 4016 ὡς
1295 3952 1360 4005 ἄν
1389 3969 1472 4014 τις
1500 3950 1674 4014 εῐποι,
1701 3952 1765 4003 ἐκ

204 4046 403 4117 Δελφῶν
429 4049 818 4119 μετάπεμπτος
839 4047 1098 4118 ἐπιθήκη.
1134 4063 1152 4095 ι
1183 4042 1420 4096 Τοιαῦτα
1450 4042 1545 4095 καὶ
1573 4043 1601 4094 ὁ
1623 4042 1767 4094 Οἰνό-

211 4153 344 4206 μαος.
384 4136 549 4192 Ἀλλὰ
573 4138 681 4209 γὰρ
714 4137 850 4209 μετὰ
889 4135 957 4190 τὰ
993 4134 1278 4207 εἰρημένα,
1329 4131 1569 4203 μεταϐὰς
1610 4127 1765 4195 αὖθις

208 4231 287 4284 ἐπὶ
302 4233 393 4305 τὴν
424 4235 495 4287 ἐκ
526 4232 722 4303 λογίων
755 4231 1070 4302 φιλοσοφίαν
1099 4229 1191 4284 τοῦ
1219 4229 1316 4301 τὴν
1338 4227 1457 4282 καθ’
1475 4228 1631 4300 ἡμῶν
1659 4228 1767 4281 δια.-

210 4321 348 4396 εολὴν
383 4326 756 4396 πεποιημένου
786 4365 800 4389 ,
837 4323 1105 4392 ἀνάγνωθι
1139 4325 1203 4375 ἐκ
1244 4321 1353 4374 τῶν
1389 4322 1519 4391 περὶ
1573 4322 1768 4390 εἱμαρ-

1868 3231 2241 3279 excusserant.
2282 3221 2340 3276 Id
2372 3220 2518 3275 enim
2561 3221 2606 3276 si
2653 3219 2952 3284 fecissent,
3007 3233 3117 3273 non
3159 3219 3274 3290 jam
3303 3258 3318 3283 ,
3355 3235 3451 3289 per

1869 3313 2165 3382 Bacchum,
2196 3314 2416 3370 easdem
2451 3312 2518 3368 ad
2543 3312 2790 3384 plagulas
2826 3310 3163 3367 adhaesisset.
3202 3311 3272 3365 At
3298 3312 3446 3366 enim

1870 3409 2078 3461 caudex
2106 3406 2161 3459 in
2192 3406 2388 3476 capitis
2420 3405 2655 3475 speciem
2695 3420 2724 3458 a
2757 3419 2978 3464 summo
3015 3403 3199 3473 stipite
3225 3403 3447 3458 confor-

1870 3510 2050 3554 matus
2087 3499 2233 3569 (rem
2258 3540 2274 3565 ,
2310 3514 2346 3553 ο
2387 3498 2609 3569 Apollo,
2651 3497 2944 3552 admodum
2982 3494 3354 3568 prodigiosam
3385 3497 3397 3549 !
3429 3497 3447 3564 )

1871 3588 2002 3659 quid
2047 3603 2232 3643 rarum
2281 3587 2334 3642 in
2387 3589 2574 3642 mari?
2616 3596 2824 3658 quierat
2877 3587 3112 3643 fortasse
3151 3587 3446 3658 quispiam.

1875 3679 2016 3746 Quid
2061 3696 2190 3736 vero
2236 3680 2421 3747 aliud,
2466 3680 2570 3736 nisi
2617 3690 2681 3734 ut
2719 3681 2918 3736 ibidem
2964 3679 3224 3750 jaceret?
3270 3677 3452 3734 Donec

1873 3771 2150 3826 enimvero
2173 3770 2363 3827 furiosi
2387 3771 2658 3839 homines,
2682 3772 2864 3844 (piget
2889 3772 3032 3827 enim
3065 3773 3196 3827 deos
3223 3771 3452 3840 dicere.)

1873 3861 1926 3914 in
1956 3875 2081 3916 eum
2113 3860 2440 3928 incidentes,
2475 3876 2583 3915 non
2623 3877 2653 3916 a
2682 3859 2815 3917 Jove
2852 3862 3152 3919 demissum
3190 3862 3406 3933 quidem
3434 3900 3448 3923 ,

1873 3952 1968 4008 sed
2019 3968 2050 4006 a
2112 3951 2362 4022 Neptuno
2419 3954 2681 4008 emissum
2731 3953 3452 4024 crederent,eumdemque

1873 4046 2221 4116 postmodum
2252 4047 2305 4100 in
2337 4046 2548 4109 urbem,
2583 4045 2856 4116 quoddam
2883 4046 3052 4102 veluti
3086 4045 3320 4102 fortuna:
3362 4047 3450 4100 ιω.

1875 4138 2030 4192 tioris
2072 4153 2229 4192 omen
2258 4179 2274 4203 ,
2324 4137 2672 4202 inveherent,
2725 4136 2997 4193 funestam
3047 4153 3107 4193 re
3145 4138 3295 4209 ipsa,
3341 4155 3452 4193 non

1874 4226 2175 4295 fortunam,
2203 4229 2294 4284 sed
2325 4227 2498 4283 facem
2528 4230 2681 4284 urbis
2708 4229 2971 4284 futuram.
3001 4228 3111 4285 Nec
3138 4231 3285 4284 enim
3318 4232 3451 4285 satis

1873 4320 2129 4374 videlicet
2161 4321 2226 4374 ad
2271 4320 2496 4377 exitium
2549 4321 2616 4376 iis
2648 4331 2766 4376 erat
2797 4321 3052 4376 intestina
3092 4322 3296 4392 pestis,
3340 4322 3448 4376 nisi

215 4416 362 4488 μένης
384 4417 481 4473 τοῦ
506 4417 709 4471 Πυθίου
744 4416 1010 4488 χρησμῶν
1029 4432 1042 4445 ·
1075 4416 1123 4467 εί
1148 4414 1221 4486 μὴ
1246 4413 1342 4467 καὶ
1370 4413 1452 4466 σο).
1478 4411 1628 4474 θείας
1670 4410 1763 4463 ἀλ-

1875 4411 2030 4466 novis
2057 4427 2176 4466 eam
2209 4413 2561 4468 incrementis
2590 4428 2655 4468 ac
2687 4413 2892 4468 viribus
2924 4414 3156 4469 incussae
3184 4413 3447 4468 divinitus

212 4507 396 4582 λότριος
428 4510 506 4565 ὢν
534 4511 816 4581 δυνάμεως
850 4509 931 4562 ἔτι
970 4507 1189 4578 μᾶλλον,
1225 4507 1252 4558 ὁ
1294 4508 1422 4578 περὶ
1462 4503 1570 4557 τῶν
1607 4503 1766 4576 θρυλ-

214 4599 464 4673 λονμένων
502 4603 852 4675 χρηστηρίων
911 4602 1261 4654 ὑποπεσεῖται
1297 4599 1472 4667 λόγος.

1871 4505 2043 4576 plaga:
2066 4505 2310 4559 accessio
2340 4503 2581 4575 Delphis,
2613 4513 2673 4560 ut
2704 4505 2777 4560 ita
2812 4505 3028 4576 loquar,
3062 4505 3327 4560 arcessita
3354 4520 3450 4558 cu-

1871 4596 2121 4649 mularet.
2158 4593 2484 4651 rl-lactenus
2509 4595 2844 4652 OEnomaus.
2883 4595 3039 4652 Nunc
3067 4612 3195 4653 vero
3227 4597 3295 4652 ad
3327 4611 3447 4652 eam

213 4710 380 4756 rursus
415 4701 764 4755 oraculorum
801 4697 1194 4767 philosOphiatn
1235 4694 1416 4749 animo
1456 4701 1510 4748 et
1553 4691 1882 4763 cogitatione
1927 4691 2226 4753 conversis,
2274 4707 2436 4760 quam
2489 4691 2789 4749 maledicus
2849 4693 2938 4749 ille
2992 4709 3177 4749 rerum
3236 4702 3450 4748 nostra-

217 4808 318 4849 nnn
353 4812 547 4853 censor
588 4795 931 4865 conscripsit,
971 4793 1168 4865 legesis
1218 4809 1283 4848 ex
1332 4792 1398 4847 iis
1442 4790 1717 4861 responsis
1754 4790 1957 4860 aliqua,
2002 4804 2131 4858 qua:
2172 4789 2238 4844 de
2297 4788 2409 4843 fato
2461 4787 2715 4858 Pythium
2754 4785 2991 4841 edidisse
3030 4794 3445 4841 commemorat.

216 4887 282 4944 Ac
303 4891 416 4948 vide
443 4906 576 4947 num
605 4890 868 4962 ejusmodi
921 4905 1140 4960 quoque
1168 4888 1263 4943 tibi
1294 4888 1504 4943 accidat
1530 4895 1642 4941 tota
1687 4887 1803 4940 haec
1837 4884 1904 4940 de
1932 4883 2152 4955 iactatis
2195 4883 2402 4954 pridem
2447 4882 2686 4938 oraculis
2739 4881 3059 4953 disputatio,
3095 4889 3156 4935 ut
3183 4895 3300 4936 eam
3327 4895 3446 4932 ma-

222 4984 292 5054 gis
318 4989 478 5043 etiam
506 5003 672 5058 quam
708 4985 1018 5057 superiores
1061 4984 1131 5040 ab
1163 4984 1311 5038 omni
1335 4985 1515 5039 divina
1546 4983 1744 5037 virtute
1782 4996 2007 5035 vacuam
2034 4981 2218 5034 haberi
2249 4990 2404 5050 putes
2425 4988 2695 5050 oportere.

276 5154 300 5184 ι
328 5145 406 5199 ῑσ.
443 5145 745 5216 ἐπέρρωσε.

241 5299 380 5383 με)
431 5305 617 5360 Ἀλλὰ
669 5304 768 5358 καὶ
811 5301 1160 5371 Μηθύμνης.
1220 5281 1457 5352 Consule
1505 5297 1766 5351 observa-

224 5380 391 5517 “ea?
414 5445 546 5502 Post
589 5445 873 5517 χρυσέοις,
925 5457 1030 5517 non
1063 5439 1249 5517 dubito
1303 5438 1434 5517 quin
1481 5437 1765 5517 legendum

226 5507 297 5567 sit‘
323 5507 378 5569 οὗ
430 5507 661 5588 μόνον”ὃ’
680 5513 760 5588 -αὗ
796 5507 906 5578 τοῖς
933 5510 1226 5588 Διονυσίοις
1249 5549 1264 5572 ,
1289 5508 1435 5588 ’ἀλλὰ
1467 5510 1565 5588 καί
1589 5507 1767 5588 ἄλλρις

227 5579 471 5656 παμπόλλ.
494 5629 510 5651 ,
539 5597 644 5641 etc.
676 5586 810 5640 Nam
857 5583 1127 5656 posterius
1157 5580 1410 5656 hoeloco
1442 5579 1729 5656 φαλληνοίς
1750 5618 1763 5638 ,

227 5649 658 5727 supervacaneum
711 5665 829 5722 est,
859 5649 1000 5711 'cum
1037 5653 1190 5724 prius
1236 5650 1465 5706 alterum
1515 5649 1765 5705 sufﬁciat.

1870 5294 2085 5377 Erroris
2131 5313 2314 5364 causa,
2350 5297 2410 5350 τὸ
2441 5298 2500 5349 οὺ
2534 5296 2714 5366 μόνον,
2746 5293 2913 5349 semel
2946 5293 3255 5362 iterumque
3287 5305 3428 5360 repa-

1867 5376 2054 5422 sttum.

1941 5438 2052 5506 (44)
2105 5439 2433 5502 Ἀπολλον,
2464 5436 2671 5506 ξένου,
2714 5434 2913 5506 Facilis
2954 5441 3071 5487 erat
3108 5430 3427 5501 conjectura

1867 5523 1989 5589 cum
2023 5503 2075 5561 in
2099 5523 2302 5564 excuso
2333 5509 2601 5578 legeretur
2634 5503 3012 5570 ’Δπολλοξένου
3031 5547 3045 5570 ,
3082 5516 3249 5570 sane,
3279 5516 3444 5573 quam

1868 5591 2079 5636 \‘IUOSB.
