3978 6388
237 336 332 391 409

1361 285 1687 386 PREI’AR:
1725 331 1978 389 EV'ANG.
2020 330 2148 386 LIB.
2206 330 2288 383 Vl.

3393 336 3500 390 410

241 458 379 507 Ὀττι
413 471 481 506 κε
513 453 814 522 δινιξσωσι
863 451 1073 519 μένειν
1111 451 1452 508 ἀσάλευτον
1483 453 1789 520 ἀτράκτοις

1932 453 2152 514 Annuit,
2192 462 2245 503 ut
2287 462 2425 503 rcrto
2457 452 2714 520 quidquid
2745 453 2839 504 sub
2880 450 3068 522 pollice
3102 453 3250 522 [usus

235 523 382 579 Αἶσα
439 525 550 593 γὰρ
621 521 701 595 ἦν
768 523 1066 590 (Solacia
1143 524 1385 592 χρόνοις
1452 525 1819 595 περικαλλέα

1493 592 1714 663 [σηκὸν

234 665 479 734 Πιφσῶν
507 665 784 735 αἱὼραισι
812 663 1174 719 διιπετέεσσι
1201 665 1482 734 δαμῆναι.
1511 686 1528 716 ι

232 848 286 900 ΕΞ
307 846 367 916 δὴ
391 839 486 896 οὖν
505 841 736 914 Μοιρῶν
762 841 1053 912 ἀτράκτοις
1084 841 1178 893 καὶ
1203 840 1311 892 τῶν
1341 838 1652 909 σεϐασμίων
1679 837 1817 890 θεῶν

227 940 272 990 οἱ
295 937 428 997 ναοὶ,
469 935 544 987 τά
566 951 630 987 τε
652 933 773 1004 ἱερά
793 933 972 986 αὐτῶν
999 931 1224 1003 δώματα
1253 932 1523 1002 δάμναται
1547 929 1814 1000 ζαπύροις

229 1032 536 1099 πωτήμασι,
574 1029 662 1090 τίς
690 1026 756 1079 ἂν
785 1027 863 1078 ἔτι
893 1027 1135 1079 λείποιτο
1160 1025 1314 1088 ἐλπὶς
1359 1025 1572 1095 θνητοῖς
1607 1020 1816 1094 ἀνθρώ-

229 1136 340 1181 ποις
371 1119 470 1187 τῆς
502 1117 621 1170 τῶν
653 1118 1028 1189 πεπρωμένων
1052 1118 1376 1186 ἀποφυγῆςς
1407 1117 1466 1168 Ei
1496 1115 1552 1168 δὲ
1579 1115 1673 1167 καὶ
1711 1129 1816 1183 μη-

223 1213 372 1282 δεμία
401 1211 467 1264 ὲκ
495 1210 642 1263 θεῶν
664 1211 898 1280 ὑπάρχοι
930 1209 1169 1282 βοήθεια,
1202 1208 1281 1278 δεῖ¹
1311 1208 1367 1261 δὲ
1393 1209 1450 1274 ἐξ
1479 1207 1717 1270 ἅπαντος

229 1407 502 1464 Τετλάναι
534 1410 814 1477 Μοιράων
856 1408 1235 1478 ἁμετάτροπα
1257 1408 1443 1474 δήνεα
1470 1406 1652 1477 θυμῷ,

217 1523 360 1595 Τίςή
396 1525 531 1596 περὶ
567 1526 698 1589 τοὺς
732 1526 886 1588 θεοὺς
915 1524 1120 1596 ματαία
1162 1523 1364 1594 σπουδή
1390 1541 1404 1589 ;
1442 1523 1586 1577 εἴποι
1616 1523 1679 1577 ἂν
1701 1540 1806 1586 τις.

220 1619 278 1670 Τί
297 1617 349 1670 δὲ
369 1617 452 1670 δεῖ
477 1617 672 1689 λοιϐῆς
693 1635 752 1670 τε
774 1617 998 1687 κνίσσης
1025 1634 1103 1679 τε,
1122 1615 1216 1670 καὶ
1239 1617 1298 1668 τὸ
1332 1619 1394 1669 ἐκ
1417 1615 1618 1669 τούτων
1641 1616 1810 1687 γέρας

217 1713 319 1773 τοῖς
355 1709 496 1780 μηδὲ
542 1710 754 1763 τούτων
815 1708 985 1775 ἀξίοις
1034 1707 1352 1778 ἀπονέμειν,
1407 1709 1454 1759 εἰ
1499 1707 1616 1759 κατ’
1653 1706 1805 1759 οὐδὲν

1943 522 2202 586 Volverit,
2258 523 2536 574 inuitatum
2593 533 2826 576 ntaneat.
2873 521 3070 591 Nempe
3104 521 3222 606 ’Ita’c
3263 540 3464 646 quoque

3208 604 3368 646 Itemu
3395 613 3427 646 a

3234 604 3299 645 τε»

1924 663 2144 716 Coelitus
2173 663 2377 731 illapsis
2410 664 2536 716 olim
2571 662 2906 718 succumbere
2938 663 3170 731 ﬂammis
3208 607 3427 665 [tempta

1922 732 2121 786 Fatum
2151 743 2285 788 erat.
2329 753 2347 786 ι

1921 845 1978 899 Si
2011 861 2142 915 ergo
2175 856 2336 915 prout
2379 846 2678 902 Parcarum
2723 846 2830 902 fusi
2881 849 3120 912 tulerint,
3164 846 3500 902 venerando-

1917 957 2040 994 rum
2091 955 2311 1010 quoque
2359 941 2585 995 deorum
2636 942 2870 1011 templa,
2924 956 3202 1012 sacrzeque
3251 940 3496 1010 ipsorum

1916 1032 2060 1086 aedes
2099 1033 2384 1102 igneorum
2426 1033 2702 1088 turbinum
2757 1035 2806 1088 vi
2854 1042 3204 1104 superantur,
3245 1047 3496 1102 quaenam

1916 1121 2174 1192 deinceps
2231 1123 2450 1176 miseris
2501 1124 2831 1178 mortalibus
2878 1121 3188 1178 declinandi
3231 1119 3325 1175 fati
3371 1133 3499 1188 spes

1917 1214 2125 1284 reliqua
2157 1231 2278 1270 esse
2317 1217 2517 1285 possit?
2561 1215 2726 1286 240
2759 1215 2913 1282 Quod
2947 1215 2991 1270 si
3025 1215 3142 1285 opis
3168 1229 3198 1268 a
3223 1213 3326 1268 diis
3360 1225 3501 1282 pra:-

1915 1313 2060 1361 terea
2101 1307 2235 1362 nihil
2266 1308 2603 1374 ostendetur,
2638 1310 2731 1363 sed
2782 1322 3006 1362 necesse
3033 1322 3261 1377 prorsus
3292 1307 3396 1359 erit

1914 1419 2112 1491 {Equis
2139 1423 2275 1492 ferre
2312 1423 2508 1477 animis
2540 1420 2836 1475 Parcarum
2887 1421 3152 1475 immobile
3195 1421 3402 1490 fatum:

1915 1537 2212 1604 Quorsum,
2234 1539 2380 1594 dicat
2406 1537 2625 1608 aliquis,
2651 1537 2767 1592 haec
2791 1548 2901 1592 tam
2935 1553 3338 1607 supervacanea
3369 1537 3496 1591 deo-

1913 1643 2034 1681 rum
2061 1627 2114 1681 in
2149 1628 2298 1682 cultu
2330 1627 2638 1698 diligentia?
2671 1642 2933 1699 quorsum
2969 1627 3207 1696 indignis
3236 1626 3318 1679 vel
3356 1626 3492 1680 liba-

1911 1721 2009 1788 tio,
2074 1721 2155 1776 vel
2208 1722 2389 1786 nidor,
2446 1738 2676 1792 quaeque
2727 1721 2891 1776 rebus
2933 1720 3052 1776 istis
3089 1720 3269 1775 inesse
3315 1719 3490 1774 fertur

219 1804 353 1872 ἡμᾶς
372 1801 614 1872 ὠφελεῖν
647 1802 928 1866 admittas;
993 1800 1146 1854 Ἐπεὶ
1179 1799 1311 1870 μηδὲ
1342 1799 1452 1852 τῶν
1473 1797 1691 1866 ἀγαθῶν
1723 1797 1789 1850 δο-

1911 1817 2118 1886 praemii
2167 1819 2308 1872 ratio
2351 1819 2644 1884 tribuatur,
2681 1819 2728 1875 si
2772 1819 2916 1874 nulla
2965 1835 3064 1874 nos
3113 1819 3167 1874 in
3212 1834 3268 1874 re
3294 1819 3489 1889 juvare

217 1897 376 1965 τῆρας
403 1895 624 1948 οἴεσθαι
649 1894 785 1965 χρῆν
818 1894 1036 1957 αὐτοὺς,
1061 1892 1251 1963 ἁλλ’ἥν
1284 1891 1377 1944 καὶ
1404 1892 1510 1942 τῶν
1543 1889 1802 1943 ἐναντίων

216 1986 520 2056 ὡμολόγουν
552 1986 756 2039 αἰτίαν.
786 1987 848 2039 Εἰ
870 1985 977 2056 γὰρ
1016 1985 1302 2056 πέπρωται
1349 1981 1656 2054 ἀνθρώποις
1690 1981 1801 2035 εἴτε

215 2096 261 2131 τι
283 2078 506 2146 ἀγαθὸν,
536 2079 652 2130 εἴτε
688 2095 742 2130 τι
792 2079 886 2130 καὶ
935 2076 1196 2137 ἐναντίον,
1235 2075 1388 2127 ἔσται
1439 2074 1498 2140 ἐξ
1533 2074 1801 2144 ἀνάγκης,

218 2171 301 2224 καὶ
332 2171 612 2243 παρέσται
655 2171 834 2232 τοῦτο,
888 2171 980 2222 καὶ
1010 2167 1369 2238 βουλομένων,
1419 2166 1513 2218 καὶ
1571 2165 1647 2237 μὴ
1693 2165 1802 2218 τῶν

219 2261 363 2316 θεῶν.
395 2261 591 2333 Μόνην
617 2260 726 2332 ἄρα
751 2261 850 2332 τὴν
889 2261 1131 2328 ἀνάγκην
1160 2257 1540 2329 θεραπευτέον,
1568 2256 1798 2328 σμικρὰ,

222 2353 491 2425 μᾶλλονδὲ
523 2354 587 2407 τὸ
648 2353 815 2425 μηθὲν
867 2352 1259 2424 φροντίσαντας
1305 2349 1414 2403 τῶν
1469 2348 1627 2412 θεῶν,
1663 2350 1798 2419 μήτε

217 2448 389 2500 λυπεῖν
410 2448 554 2517 μήτε
579 2446 889 2516 εὐεργετεῖν
915 2443 1249 2514 δυναμένων.
1276 2443 1339 2494 Εἰ
1361 2440 1416 2494 δὲ
1444 2441 1507 2513 δὴ
1535 2441 1642 2493 τῶν
1665 2442 1802 2494 Μοι-

223 2538 315 2610 ρῶν
343 2539 508 2610 μόνος
538 2541 568 2592 6
593 2538 689 2590 ἐπὶ
736 2538 951 2590 πάντων
993 2537 1276 2589 ἐπιστατεῖ
1303 2534 1454 2598 Θεὸς,
1493 2534 1587 2586 καὶ⁸
1635 2533 1797 2605 μόνος

218 2633 410 2686 τούτων
441 2633 686 2703 ὑπάρχει
734 2630 946 2703 κύριος’

1911 1909 2159 1978 possint?
2199 1910 2409 1982 Quippe
2444 1929 2510 1968 ne
2540 1915 2809 1969 bonorum
2846 1913 3064 1985 quidem
3107 1921 3352 1968 auctores
3391 1914 3491 1968 ha-

1905 2000 2020 2054 beri
2059 2001 2313 2067 debeant,
2364 2005 2456 2058 sed
2502 2005 2592 2060 illa
2635 2006 2816 2076 potius
2867 2021 3031 2075 quam
3080 2005 3322 2074 ipsorum
3355 2018 3491 2074 quo-

1904 2106 2012 2160 que
2071 2093 2336 2149 malorum
2383 2112 2613 2152 causam
2669 2113 2792 2152 esse
2849 2097 3178 2152 fatebantur.
3243 2096 3392 2150 'Nam
3439 2096 3484 2149 si

1907 2182 2074 2238 fatum
2111 2186 2233 2252 erit,
2284 2195 2343 2241 ut
2396 2189 2526 2258 quid
2564 2189 2878 2245 hominibus
2923 2206 3016 2244 seu
3067 2189 3193 2243 boni
3231 2203 3324 2242 seu
3354 2188 3482 2242 mali

1901 2275 2147 2344 eveniat;
2190 2276 2240 2331 id
2277 2279 2602 2334 necessitate
2645 2280 2882 2351 quadam
2930 2281 3164 2346 eveniet,
3214 2281 3483 2350 adeoque,

1902 2381 1999 2420 seu
2041 2368 2349 2424 volentibus
2395 2385 2492 2424 seu
2548 2371 2733 2426 invitis
2785 2373 2911 2435 diis,
2957 2372 3182 2426 omnino
3239 2370 3481 2425 futurum

1898 2455 2021 2509 erit.
2067 2455 2249 2528 itaque
2295 2475 2402 2514 una
2448 2461 2562 2532 jam
2603 2462 2842 2531 supersit
2887 2461 3113 2517 colenda
3148 2463 3483 2525 necessitas;

1896 2545 2146 2612 deorum,
2185 2551 2280 2620 qui
2318 2566 2493 2622 neque
2525 2567 2722 2608 nocere
2746 2569 2925 2624 neque
2965 2553 3223 2624 prodesse
3259 2559 3482 2623 queant,

1898 2635 1980 2688 vel
2026 2638 2221 2708 exigua
2276 2641 2361 2694 vel
2413 2642 2560 2697 nulla
2603 2659 2829 2713 prorsus
2876 2645 3123 2699 habenda
3172 2660 3326 2699 cura.
3386 2640 3484 2698 Sin

217 2739 381 2784 autem
423 2728 621 2786 Parcis
669 2743 888 2798 quoque
941 2735 1136 2796 praeest
1180 2743 1361 2781 rerum
1391 2727 1636 2781 omnium
1677 2727 1988 2785 moderator
2030 2732 2194 2802 Deus,
2236 2737 2392 2806 isque
2436 2753 2713 2793 summum
2751 2756 2894 2796 unus
2934 2741 2988 2795 in
3035 2756 3130 2795 eas
3176 2742 3335 2796 habet
3381 2743 3485 2796 im.

279 2839 410 2876 num
434 2842 448 2883 ;

279 2839 448 2883 num;

218 2839 372 2969 ς’ῗιῖσι
397 2915 509 2984 γὰρ
539 2913 895 2982 οὐρανίδαο,
953 2913 1106 2982 φησὶ,
1142 2910 1274 2977 Διὸς
1313 2911 1640 2984 κατένευσε
1687 2909 1793 2964 κά-

224 3055 366 3108 Ὀττι
389 3072 457 3108 κε
477 3054 778 3121 δινήσωσι
790 3053 998 3123 μένειν
1019 3054 1361 3108 ἀσάλευτον

221 3215 276 3266 Τί
299 3215 358 3287 δὴ
389 3218 514 3287 οὐχὶ
540 3216 720 3270 πάντα
756 3215 1125 3286 ὑπερθέμενος
1174 3215 1263 3266 τὸν
1294 3211 1666 3284 παμϐασιλέα,
1701 3212 1797 3265 καὶ

216 3309 306 3379 τῆς
333 3311 679 3381 εἱμαρμένης
701 3309 966 3376 δεσπότην
993 3307 1150 3376 μόνον
1170 3306 1300 3359 Θεὸν
1326 3303 1465 3360 εἶναι
1491 3305 1794 3375 ὁμολογεῖς,

223 3401 303 3452 καὶ
331 3401 490 3469 μόνον
517 3400 741 3468 ἀγαθῶν
768 3399 970 3469 δοτῆρα
1018 3399 1112 3449 καὶ
1142 3398 1361 3469 σωτῆρα
1385 3415 1400 3463 ;
1449 3399 1530 3450 ὅτι
1563 3397 1626 3468 δὴ
1651 3396 1797 3466 μόνῳ

220 3495 350 3565 αὐτῴ
376 3497 469 3549 καὶ
501 3495 539 3549 ἃ
563 3497 666 3566 φῂς
699 3496 954 3566 Μοιράων
983 3496 1337 3566 ἀμετάτροπα
1353 3495 1518 3566 δήνεα
1549 3494 1792 3565 τρέπειν.

221 3589 301 3640 καὶ
328 3587 718 3658 μεταλλάττειν
755 3587 960 3658 ῥᾴδιον·
993 3588 1068 3650 ὼς
1126 3587 1249 3658 μήτ’
1285 3586 1520 3660 ἀνάγκῃ,
1553 3588 1687 3659 μήτε
1720 3589 1798 3640 εί·-

224 3678 490 3748 μαρμένῃ,
517 3676 609 3729 τὸν
623 3675 700 3746 τῷ
724 3676 1062 3746 παμϐασιλεῖ
1088 3675 1206 3746 Θεῷ
1239 3675 1676 3746 καθωσιωμένον,
1702 3677 1794 3729 καὶ

223 3767 364 3836 μόνον
390 3769 557 3821 αὐτὸν
593 3767 916 3820 εὐσεϐοῦντα
938 3809 952 3832 ,
993 3768 1286 3822 δουλεύεινο
1310 3764 1397 3821 οἷα
1423 3768 1480 3822 δὲ
1511 3767 1792 3838 ἐλεύθερον

219 3859 303 3911 καὶ
331 3861 532 3923 παντὸς
572 3861 867 3930 ἀφειμένον
912 3861 1134 3932 δεσμοῦ,
1165 3863 1284 3924 ταῖς
1331 3860 1533 3922 ἐνθέοις
1563 3860 1655 3912 καὶ
1690 3876 1792 3911 σω-

219 3949 524 4020 τηριὼδεσιν
549 3952 884 4022 οἰκονομίαις
934 3951 1228 4015 ἀκωλύτως
1276 3949 1594 4020 ἐφέπεσθαι.
1651 3949 1790 4002 Ἀλλ’

219 4041 244 4092 6
275 4043 364 4111 μὲν
390 4043 601 4114 ἀληθὴς
635 4044 862 4098 τοιαῦτα
896 4044 1182 4116 προφαίνει
1231 4043 1408 4110 λόγος·
1463 4044 1491 4095 ό
1536 4041 1580 4094 δ’
1616 4041 1793 4113 ἔμπα-

216 4130 290 4184 λιν
325 4136 422 4207 δρα
478 4136 568 4190 διὰ
635 4135 796 4191 τίνων
858 4138 991 4207 φησὶ
1048 4135 1116 4189 τὰ
1166 4135 1266 4206 τῆς
1313 4135 1654 4206 εἱμαρμένης
1700 4132 1794 4186 λύ-

217 4227 372 4283 εσθαι.

733 4514 1129 4568 ΚΕΦΑΛΛΙΟΝ
1175 4514 1246 4568 Δ’.

220 4608 329 4664 ὀτι
345 4611 442 4666 διὰ
467 4611 718 4682 μαγείας
739 4609 888 4678 φασὶ
909 4607 979 4660 τὰ
1000 4605 1110 4674 τῆς
1133 4603 1488 4674 εἱμαρμένης
1506 4604 1776 4656 λύεσθαι.

281 4783 298 4814 ι
326 4765 616 4838 Δεηθὲντος
635 4765 742 4835 γάρ
767 4781 910 4826 τινος
939 4760 1335 4826 καταδέξασθαι
1372 4759 1526 4822 Θεὸν,
1555 4759 1726 4812 εἰπὼν
1751 4759 1780 4810 6

217 4855 350 4920 θεὸς.
378 4860 461 4912 ὃτι
486 4858 852 4930 ἁνεπιτήδειός
884 4858 998 4910 ἐστι
1021 4855 1107 4908 διὰ
1141 4854 1200 4906 τὸ
1233 4851 1338 4905 ὑπὸ
1367 4851 1582 4921 φύσεως
1607 4868 1776 4903 κατα-

219 4945 459 5012 δεδέσθαι,
483 4950 578 5003 καὶ
609 4949 696 5002 διὰ
727 4948 901 5010 τοῦτο,
956 4946 1436 5016 ὑποτροπιασμοὺς
1471 4942 1778 5013 ὑπαγορεύ-

217 5055 318 5104 σας,
340 5043 552 5111 ἐπάγει·

225 5330 368 5397 Ῥιπὴ
398 5333 509 5402 (48)
541 5331 818 5402 δαιμονίη
855 5331 962 5398 γὰρ
991 5330 1126 5402 fiala;
1165 5326 1553 5402 ἐπιδέδρομεν
1575 5327 1733 5393 ἀλκὴ

217 5403 365 5457 Σιιῐσι
413 5399 652 5472 γοναῖς(
693 5400 766 5468 ἇς
802 5414 828 5443 ι
889 5400 1004 5471 χρή
1047 5417 1120 5457 σε
1153 5399 1370 5470 φυγεῖν
1419 5399 1635 5539 tqlaqo't
1656 5415 1769 5466 μα-

1493 5485 1556 5537 γε
1581 5485 1694 5533 αις.

273 5576 293 5604 ³
327 5566 411 5621 iu.
443 5567 496 5635 ἦ.

275 5679 374 5750 (48)
413 5680 604 5750 Ῥιπή.
641 5680 875 5734 Omnino
925 5694 1120 5734 sensus
1167 5677 1352 5747 exigit,
1387 5677 1560 5750 utdvel
1607 5678 1762 5747 ριπή.

217 5747 478 5822 τρι-ἀλκή,
515 5747 576 5806 in
603 5752 762 5822 dandi
813 5765 940 5802 casu
992 5747 1535 5822 ponantur_:_malim
1583 5755 1763 5822 tamen

217 5819 352 5891 ῥιπῆ.
383 5817 486 5875 Nec
523 5822 699 5876 minus
745 5821 793 5872 in
834 5823 1002 5874 altero
1029 5837 1208 5882 versu,
1238 5818 1296 5870 τὸ
1331 5817 1406 5884 ἣν
1437 5818 1763 5886 putetulerim

1905 2910 2006 2966 llis
2033 2915 2247 2980 etenim,
2275 2915 2472 2987 inquit,
2498 2919 2676 2988 magni
2699 2917 2848 2974 Jovis
2875 2922 3062 2974 annuit
3088 2923 3260 2976 ardua
3283 2926 3476 2981 cervix.

1903 3045 1973 3123 (lt
2015 3057 2156 3100 certo
2196 3049 2454 3119 quidquid
2502 3052 2670 3106 volvat
2703 3053 2799 3106 sub
2839 3055 3027 3123 pollice
3055 3055 3227 3123 fusus,

1822 3137 1866 3198 ρ
1901 3116 2189 3171 Immotum
2208 3116 2455 3178 utan-eat.

1898 3208 2102 3275 Quidni
2131 3226 2262 3281 ergo
2292 3228 2453 3282 quem
2489 3221 2543 3266 tu
2582 3229 2763 3284 regem
2799 3217 3061 3280 universi,
3097 3233 3259 3287 supra
3293 3235 3474 3274 rerum

1897 3303 2145 3356 omnium
2192 3305 2417 3373 gradum
2457 3315 2511 3359 et
2556 3307 2836 3371 ordinem,
2883 3307 3162 3378 ipsiusque
3207 3311 3342 3364 adeo
3379 3311 3476 3365 fati

1897 3393 2177 3449 dominum
2207 3398 2518 3463 constituis,
2549 3399 2798 3452 eumdem
2829 3401 3005 3454 solum
3038 3417 3256 3471 quoque
3281 3402 3474 3469 Deum,

1895 3494 1949 3540 et
1984 3488 2250 3542 bonorum
2287 3498 2566 3543 auctorem
2631 3507 2822 3554 unum,
2875 3507 2938 3546 ac
2978 3505 3308 3548 servatorem
3353 3511 3476 3552 esse

1897 3579 2204 3635 conﬁteris?
2238 3583 2437 3651 quippe
2476 3583 2567 3652 qui
2609 3584 2761 3638 solus
2795 3584 2956 3639 etiam
2983 3586 3366 3656 immulahilia,
3395 3591 3473 3645 uti

1896 3689 2080 3740 vocas,
2135 3673 2429 3729 Parcarum
2489 3677 2708 3732 decreta
2754 3689 2967 3733 mutare
3006 3683 3218 3750 possit:
3274 3693 3330 3738 ut
3378 3687 3472 3754 qui

1896 3767 2062 3820 semel
2111 3767 2351 3821 universi
2404 3768 2513 3838 regi
2569 3779 2944 3835 consecratus,
2995 3789 3164 3826 unum
3214 3789 3338 3828 eum
3383 3791 3476 3832 co-

1896 3858 2007 3912 lere
2047 3860 2294 3927 cceperit,
2328 3859 2373 3914 is
2407 3875 2584 3929 neque
2620 3863 2930 3917 necessitati
2967 3863 3251 3934 deinceps,
3297 3883 3473 3938 neque

1897 3950 2006 4004 fato
2041 3952 2262 4018 serviat,
2315 3953 2407 4006 sed
2457 3962 2717 4022 tanquam
2762 3955 2916 4019 liber,
2959 3957 3217 4026 onmique
3259 3960 3470 4018 solutus

1895 4042 2132 4107 vinculo,
2167 4042 2367 4097 divinis
2400 4054 2609 4098 tantum
2649 4062 2712 4099 ac
2745 4046 3079 4101 salutaribus
3116 4049 3251 4103 citra
3300 4051 3466 4106 ullum

1896 4135 2343 4204 impedimentum
2381 4137 2592 4207 legibus
2621 4149 2672 4192 ct
2700 4139 2965 4194 institutis
3008 4140 3358 4210 obsequatur.
3401 4144 3470 4199 At

1895 4228 1996 4282 ista
2025 4229 2240 4298 quidem
2265 4246 2406 4283 veru:
2431 4231 2658 4284 rationis
2683 4231 2840 4285 docet
2863 4233 3178 4288 auctoritas.
3207 4234 3286 4290 Tu
3317 4253 3466 4306 vero,

1893 4320 2093 4390 quibus
2124 4322 2338 4375 tandem
2373 4323 2583 4377 artibus
2619 4325 2756 4378 idem
2791 4326 3149 4395 philosophus
3171 4327 3276 4381 vim
3319 4329 3465 4386 illam

1893 4411 1986 4466 fati
2032 4413 2168 4468 solvi
2209 4428 2370 4483 posse
2402 4415 2596 4479 tradat,
2633 4431 2845 4470 mecum
2884 4419 3118 4474 intuere.

2489 4506 2716 4563 CAPUT
2771 4507 2858 4566 IV.

1988 4595 2208 4664 Fatum,
2258 4608 2314 4651 ut
2364 4599 2567 4668 ipsimet
2607 4601 2863 4669 fatentur,
2910 4603 3132 4672 magicis
3163 4605 3364 4659 artibus

2513 4672 2644 4724 solvi
2675 4688 2842 4740 posse.

1966 4781 1982 4812 ι
2029 4761 2163 4815 Nam
2208 4777 2333 4816 cum
2377 4762 2516 4817 forte
2557 4763 2830 4832 quispiam
2873 4763 3205 4831 obsecraret,
3257 4767 3359 4822 sibi
3403 4778 3464 4823 ut

1887 4869 2089 4907 numen
2122 4854 2375 4922 excipere
2403 4853 2620 4920 liceret;
2655 4853 2799 4908 Deus
2826 4870 2948 4909 cum
2994 4853 3122 4909 huic
3154 4855 3231 4910 rei
3279 4857 3463 4911 minus

1888 4945 2172 5012 idoneum,
2206 4947 2351 5016 quod
2383 4956 2590 5001 natura:
2620 4948 2852 5004 vinculis
2879 4949 3208 5004 constrictus
3250 4958 3461 5004 tenere-

1884 5050 1993 5104 tur,
2045 5039 2196 5093 illum
2246 5055 2370 5093 esse
2411 5041 2780 5108 responderet,
2815 5057 2988 5110 eoque
3053 5049 3232 5096 certos
3298 5057 3459 5112 quos-

1881 5133 2003 5187 dam
2089 5134 2530 5200 procurationum
2599 5134 3079 5205 cxpiationumque
3151 5135 3290 5190 ritus
3352 5135 3455 5205 ipsi

1880 5225 2276 5294 prwscribcret,
2315 5225 2386 5278 ita
2440 5225 2752 5295 subiunxit:

2086 5336 2176 5391 Vis
2219 5338 2520 5411 divinaqu
2563 5339 2765 5411 pridem
2809 5355 2995 5408 magno
3036 5342 3224 5411 impete
3263 5343 3454 5395 victria:

1888 5409 2134 5461 Incubuit
2163 5410 2357 5480 generi.
2395 5409 2609 5480 Magica
2638 5410 2772 5462 hanc
2797 5411 2976 5480 fugere
3007 5409 3122 5465 arte
3161 5413 3356 5467 licebit.

1876 5676 1950 5740 τῷ
2000 5676 2098 5742 ᾶς·
2145 5677 2402 5747 agebatur
2455 5676 2621 5738 enim,
2673 5675 3127 5800 quemadmodum
3183 5677 3280 5730 iste
3335 5673 3440 5729 vim

1876 5748 2018 5800 illam
2053 5747 2314 5800 dmmonis
2341 5745 2543 5800 evitare
2581 5762 2643 5799 ac
2709 5746 2943 5800 eclinare
2981 5757 3180 5800 ηαστε-ι.

1876 5748 2018 5801 illam
2053 5745 2314 5802 dmufonis
2341 5745 2543 5800 evitare
2581 5762 2643 5799 ac
2673 5745 2943 5801 declinare
2981 5757 3180 5817 posset.
