3864 6386
360 362 462 421 411

1008 361 1281 419 EUSEBII
1320 362 1799 419 CA‘ZSARIENSIS
1834 363 1984 420 OPP.
2023 365 2202 422 PARS
2242 367 2305 423 11.
2347 400 2419 410 --
2444 368 2945 426 APOLOGETICA.

3518 371 3635 427 ΗΞ»

366 485 442 540 Ex
474 484 675 557 quibus
706 481 994 538 manifeste
1032 486 1280 552 proiecto
1310 490 1546 541 constat.
1575 481 1843 553 magicam
1878 482 1937 536 il-

2051 485 2116 537 St'
2136 479 2211 539 ὧν
2238 487 2330 540 καὶ
2355 487 2540 555 σαφῶς
2564 487 2876 559 δεδήλωται,
2904 488 2985 540 ὅτι
3017 488 3049 559 ἡ
3076 488 3275 558 μαγεία
3296 492 3355 543 ὲν
3377 489 3457 561 τῷ
3478 491 3625 546 λύειν

363 579 470 632 lam
514 589 710 643 artem,
743 591 867 647 quae
912 576 968 630 in
1012 574 1269 630 solvenda
1305 573 1398 628 fati
1451 577 1775 630 necessitate
1823 591 1939 630 ver-

362 680 534 734 satur,
563 671 633 724 ad
682 685 803 724 eam
857 675 1135 737 utcunque
1172 665 1575 733 declinandam,
1622 667 1937 723 hominibus

361 762 546 817 divino
577 776 805 817 munere
830 774 1147 816 concessam
1172 757 1365 813 fuisse.
1406 776 1424 809 ι
1464 758 1640 829 Atque
1668 759 1785 815 haec
1820 774 1941 813 ora-

364 856 442 912 tio
468 853 756 926 Porphyrii
794 862 907 909 tota
957 861 1062 918 est,
1107 866 1215 905 non
1245 865 1388 906 mea.
1438 849 1566 917 Sed,
1616 852 1710 922 qui
1749 862 1939 908 auctor

362 946 570 1004 homini
598 955 717 1003 erat
756 947 832 1001 uti
867 945 1094 1015 magicis
1134 945 1346 1001 artibus
1376 944 1474 1000 fati
1516 946 1626 1000 vim
1657 946 1938 1017 legemque

363 1042 618 1107 solveret,
660 1039 803 1095 idem
837 1054 960 1093 cum
1008 1035 1152 1093 Deus
1187 1046 1367 1105 esset,
1411 1036 1601 1107 quidni
1651 1036 1940 1107 prohibere

361 1138 559 1209 potuit,
596 1135 894 1207 quominus
940 1132 1092 1189 fatali
1141 1149 1304 1191 suum
1342 1134 1515 1204 ipsius
1542 1133 1799 1204 templum
1842 1132 1941 1187 ful-

361 1228 510 1284 mine
552 1226 912 1297 deﬂagraret?
960 1227 1077 1279 Imo
1119 1239 1269 1291 vero,
1326 1223 1419 1293 qui
1468 1221 1536 1277 ad
1577 1223 1937 1277 consectanda

362 1332 473 1373 non
520 1318 914 1389 philosophiae,
966 1316 1061 1373 sed
1103 1315 1294 1386 magiae
1358 1314 1540 1369 studia
1580 1314 1931 1378 cohortatur,

2044 579 2113 631 τὰ
2135 578 2235 649 τῆς
2270 580 2610 652 εἱμαρμένης
2637 581 2787 652 παρὰ
2815 581 2952 634 θεῶν
3002 581 3156 654 ἐδόθη
3185 586 3263 646 είς
3285 582 3346 636 τὸ
3373 584 3628 641 ὁπωσοῦν

2046 670 2248 741 ταύτην
2274 671 2665 743 παρατρέπειν.
2713 692 2733 724 ι
2762 670 2951 726 Ταῦτά
2975 690 3057 726 σοι
3084 675 3111 725 ὁ
3153 674 3482 746 Πορφύριος,
3523 676 3631 730 οὐκ

2046 762 2176 833 ἐγώ.
2218 764 2274 817 '0
2297 765 2478 833 τοίνυν
2508 763 2760 835 μαγείαις
2814 765 3096 836 παραινῶν
3130 765 3278 821 λύειν
3303 766 3374 821 τὰ
3413 768 3518 839 τῆς
3548 770 3629 822 εί-

2055 856 2361 927 μαρμένης,
2398 855 2536 920 πῶς,
2568 856 2730 919 αὐτὸς
2744 855 2875 919 Θεὸς
2902 857 2999 923 ὢν,
3029 857 3099 912 τὰ
3126 858 3460 930 πεπρωμένα
3484 860 3628 914 κατὰ

2046 948 2139 1001 τοῦ
2171 948 2301 1002 ίδίου
2330 947 2459 1003 ναοῦ
2491 949 2739 1020 κεραυνῷ
2758 949 3145 1022 πιμπραμένου
3172 952 3245 1025 μὴ
3299 951 3523 1018 Questa;
3570 953 3628 1006 ’0

2046 1037 2102 1091 δὲ
2139 1038 2203 1108 δὴ
2229 1038 2506 1109 μαγεύειν,
2537 1039 2671 1093 ἀλλὰ
2706 1039 2780 1112 μὴ
2809 1040 3114 1112 φιλοσοφεῖν
3163 1044 3485 1116 παρορμῶν,
3507 1044 3630 1107 πῶς

2045 1129 2145 1181 οὐκ
2166 1128 2231 1183 ἂν
2260 1130 2342 1201 εἴη
2360 1130 2517 1200 δῆλος
2538 1132 2720 1194 ὁποῖος
2750 1132 2824 1185 ὢν
2846 1135 3103 1204 τυγχάνει
3124 1133 3215 1188 τὸν
3237 1137 3436 1206 τρόπον
3456 1153 3470 1201 ;
3500 1135 3629 1189 Ἐπὶ

2050 1220 2185 1272 πᾶσι
2212 1219 2425 1285 τούτοις
2449 1224 2543 1275 καὶ
2586 1222 2897 1298 ψεύδεσθαιί
2923 1228 3051 1290 τοὺς
3076 1227 3229 1291 θεοὺς
3258 1230 3287 1281 ὁ
3310 1228 3475 1291 αὐτὸς
3493 1230 3629 1298 ὁμο·

2041 1312 2207 1381 λογεῖ.

361 1410 483 1481 ejus
517 1425 699 1467 mores
751 1410 970 1466 obscuri
1020 1426 1142 1467 esse
1175 1410 1271 1480 qui
1318 1407 1573 1479 possint?
1617 1407 1757 1473 Quid
1802 1406 1949 1478 quod
1987 1407 2136 1478 ipsos
2182 1419 2401 1476 quoque
2442 1407 2574 1462 deos
2612 1411 2851 1472 mentiri,
2894 1414 2980 1464 his
3038 1412 3217 1467 verbis
3263 1411 3589 1466 conﬁtetur?

974 1543 1202 1599 CAPUT
1245 1543 1311 1599 Υ.

734 1658 885 1730 Ipsos
921 1678 1119 1732 quoque
1156 1671 1296 1717 vates
1333 1662 1563 1716 mentiri.

442 1790 461 1823 ι
498 1770 603 1827 Sed
630 1774 918 1843 quoniam,
947 1774 1143 1843 inquit,
1175 1784 1486 1828 accuratam
1520 1782 1573 1827 et
1613 1770 1935 1842 exquisitam

368 1874 643 1921 astrorum
678 1877 879 1933 motus,
911 1881 974 1920 ac
1002 1865 1227 1935 proinde
1267 1864 1576 1919 futurorum
1610 1880 1675 1919 ex
1707 1878 1773 1917 eo
1811 1878 1943 1932 pen-

364 1956 612 2011 dentium
642 1958 1010 2029 cOgnitionem
1048 1956 1267 2027 assequi
1310 1972 1419 2011 non
1461 1958 1710 2011 homines
1747 1955 1944 2019 modo,

363 2048 458 2106 sed
492 2065 558 2103 ne
597 2049 908 2104 daemonum
944 2049 1162 2119 quidem
1207 2048 1453 2118 plerique
1496 2055 1760 2116 possunt;
1801 2046 1860 2100 fit
1889 2054 1948 2100 ut

363 2142 397 2195 ii
441 2156 680 2212 persaepe
740 2142 928 2197 multis
978 2142 1045 2197 de
1096 2141 1258 2196 rebus
1295 2140 1530 2198 consulti
1558 2142 1939 2196 mentiantur.»

366 2233 490 2289 Mox
522 2234 596 2290 ita
633 2234 819 2290 subdit
851 2253 865 2289 :
892 2234 1182 2292 «Etacrem
1202 2234 1424 2305 quidem
1457 2232 1851 2289 circumfusum
1891 2232 1943 2285 in

361 2343 528 2382 causa
558 2342 680 2383 esse
711 2327 887 2392 aiunt,
938 2329 1295 2396 quamobrem
1329 2326 1467 2381 falsa
1496 2326 1729 2381 edantur
1758 2340 1947 2379 oracu-

361 2420 434 2482 la,
472 2434 581 2473 non
631 2429 812 2474 autem
855 2428 1149 2489 przesentes
1193 2419 1327 2474 deos
1375 2429 1566 2488 sponte
1600 2417 1943 2473 mendacium

361 2522 625 2567 attexere.
663 2509 818 2581 Saepe
857 2511 1040 2581 itaque
1071 2512 1271 2567 falsum
1304 2513 1550 2567 dicturos
1583 2525 1643 2566 se
1674 2525 1796 2565 esse
1819 2524 1949 2579 pra:-

362 2603 637 2658 nuutiant.
692 2602 909 2659 Haerent
943 2604 1034 2658 isti
1062 2604 1440 2667 nihilominus,
1475 2613 1637 2674 atque
1663 2602 1805 2667 illos,
1837 2616 1945 2671 qua

361 2695 605 2762 stultitia,
620 2704 769 2760 sunt,
802 2696 887 2750 vel
914 2696 1116 2751 invitos
1139 2697 1472 2767 respondere.
1497 2703 1719 2766 cogunt.
1749 2694 1942 2763 Apollo

2583 1544 2973 1597 ΚΕΦΑΔΑΙΟΝ
2998 1546 3072 1599 E'.

2291 1658 2418 1711 Ὅτι
2452 1658 2552 1712 καὶ
2587 1659 2910 1727 ψεύδονται
2932 1661 3385 1730 μαντευόμενοι.

2124 1793 2140 1826 ι
2187 1774 2322 1827 Ἀλλ’
2353 1773 2452 1845 ἤδη
2480 1776 2572 1828 καὶ
2605 1775 2701 1847 τὴν
2730 1774 2930 1845 γνῶσιν
2957 1776 3059 1847 τῆς
3089 1776 3258 1848 φορᾶς
3276 1777 3373 1848 τὴν
3405 1776 3637 1848 ἀκριϐῆ,

2056 1867 2148 1920 καὶ
2179 1868 2278 1932 τὰς
2312 1871 2375 1922 ἐκ
2400 1868 2605 1922 τούτων
2632 1868 2931 1938 συμϐάσεις
2963 1869 3345 1940 ἀκατάληπτον
3379 1867 3518 1923 εἶναι
3544 1871 3641 1923 ἀν-

2051 1958 2309 2030 θρώποις,
2347 1962 2442 2015 καὶ
2466 1962 2527 2014 ού
2585 1961 2744 2032 μόνον
2770 1960 3002 2025 τούτοις,
3049 1961 3184 2014 ἀλλὰ
3227 1963 3320 2014 καί
3364 1978 3475 2014 τισι
3524 1962 3639 2015 τῶν

2049 2051 2360 2123 δαιμονίωνο
2394 2054 2517 2107 ὅθεν
2553 2054 2644 2107 καὶ
2676 2053 2963 2123 ψεύδονται
3013 2054 3140 2125 περὶ
3170 2054 3379 2107 πολλῶν
3424 2055 3642 2125 ἐρωτη-

2052 2144 2287 2209 θέντες.»
2326 2147 2550 2208 Τούτοις
2573 2144 2729 2210 αὖθις
2784 2147 3045 2216 ἐπιλέγει·
3089 2167 3106 2198 ι
3132 2148 3242 2201 Καὶ
3269 2148 3328 2200 τὸ
3374 2147 3641 2219 περιέχον

2051 2236 2359 2304 ἀναγκάζον
2418 2236 2588 2307 ψευδῆ
2632 2236 2876 2306 γίνεσθαι
2907 2235 2973 2289 τά
2998 2241 3243 2307 μαντεῖα,
3291 2238 3349 2289 ού
3375 2238 3501 2300 τοὺς
3532 2254 3644 2289 παι

2046 2327 2239 2397 ρόντας
2268 2327 2493 2389 ἑκόντας
2521 2327 2874 2401 προστιθέναι
2904 2327 2963 2380 τὸ
2984 2326 3196 2396 ψεῦδος.
3216 2328 3479 2392 Πολλάκις
3503 2328 3643 2397 γοῦν

2045 2419 2424 2491 προλέγουσιν,
2454 2421 2535 2473 ὅτι
2562 2419 2871 2491 ψεύσονται.
2890 2421 2954 2472 Οἱ
2984 2419 3040 2473 δὲ
3071 2420 3311 2490 μένουσι,
3336 2422 3428 2475 καὶ
3452 2420 3646 2491 λέγειν

2046 2509 2421 2577 ἀναγκάζουσι
2449 2510 2539 2563 διὰ
2566 2510 2663 2582 τὴν
2710 2509 2975 2581 ἀμαθίαν.
3031 2505 3169 2563 Eine:
3206 2510 3335 2580 γοῦν
3368 2513 3396 2565 ὁ
3437 2510 3643 2566 Ἀπόλ-

2045 2597 2153 2653 λων
2183 2600 2336 2665 ποτὲ,
2368 2601 2622 2671 τοιαύτης
2652 2600 2819 2674 οὔσης
2842 2602 2941 2673 τῆς
2968 2603 3371 2667 καταστάσεως,
3394 2602 3470 2667 ὡς
3500 2603 3667 2657 ὲδεὶον

2051 2689 2244 2763 ξαμεν,
2285 2695 2525 2765 πονηρᾶς
2550 2693 2645 2747 τοῦ
2671 2696 3039 2766 περιέχοντος·

360 2803 513 2851 sane,
548 2803 674 2844 cum
724 2787 996 2858 ejusmodi
1031 2787 1327 2857 aliquando
1379 2797 1546 2853 esset,
1596 2802 1763 2857 quam
1807 2794 1934 2838 ante
1983 2782 2399 2853 descripsimus,
2477 2786 2768 2841 ambientis
2826 2785 2950 2841 coeli
3014 2785 3296 2841 molestior
3333 2785 3645 2841 difﬁcilior.-

359 2898 468 2955 que
500 2892 816 2954 tempestas,
850 2884 996 2939 hunc
1019 2885 1078 2939 in
1105 2884 1329 2939 modum
1365 2884 1563 2939 cecinit
1593 2899 1605 2935 :

360 2998 448 3057 Ne
471 3018 550 3057 me
567 3000 712 3056 ultra
735 3001 971 3070 precibus
1004 3017 1195 3071 cogas;
1226 3018 1351 3057 nam
1393 3002 1531 3068 falsa
1567 3000 1840 3071 profabor.

363 3112 439 3168 Ac
463 3112 599 3166 nihil
621 3127 653 3167 a
697 3114 857 3169 nobis
881 3114 1087 3187 aﬂingi,
1122 3114 1208 3169 vel
1236 3115 1457 3170 oracula
1499 3114 1619 3186 ipsa
1652 3114 1814 3169 ﬁdem
1852 3112 1937 3167 fa-

360 3203 525 3258 cient.
557 3200 650 3258 Sic
678 3203 824 3258 enim
849 3212 1110 3261 evocatus
1137 3220 1169 3260 e
1194 3206 1301 3260 diis
1322 3204 1595 3275 quispiam
1622 3202 1934 3273 respondit:

362 3315 489 3388 Non
522 3316 672 3371 ‘todie
699 3317 820 3372 licet
858 3319 1035 3388 e/Iari,
1062 3319 1153 3388 qui
1177 3319 1355 3373 sidera
1386 3334 1595 3383 cursus,

363 3387 497 3460 Qua:
524 3388 669 3442 sedes
700 3387 962 3460 habeant;
995 3387 1082 3442 vis?
1103 3391 1290 3460 quippe
1317 3390 1503 3459 futura
1530 3388 1749 3443 canendi

366 3456 529 3511 Nunc
557 3460 717 3513 astris
758 3459 1046 3513 constricta
1078 3456 1274 3516 nianet.
1308 3456 1325 3512 ἰ

361 3569 504 3630 Tum
534 3573 609 3629 ita
639 3574 921 3631 concludit
963 3592 976 3630 :
1007 3593 1025 3625 ι
1068 3573 1185 3641 Qua
1218 3574 1478 3629 nimirum
1521 3590 1586 3629 ex
1618 3590 1785 3630 causa
1817 3588 1941 3629 ora-

362 3666 612 3723 culorum
641 3682 785 3737 szrpe
817 3666 1032 3721 vanitas
1065 3666 1284 3731 existat,
1317 3666 1580 3721 ostendit.
1620 3686 1638 3719 ι

882 3820 1045 3893 242
1071 3819 1302 3875 CAPUT
1333 3819 1419 3875 v1,

436 3935 639 4000 Quibus
679 3936 1005 4007 argumentis
1053 3944 1166 3990 tota
1205 3936 1307 4006 fati
1340 3937 1477 3990 ratio
1521 3938 1864 3992 convellatur.

434 4025 554 4083 Jam
594 4026 781 4093 credo,
819 4043 985 4098 quam
1014 4027 1083 4083 ab
1113 4029 1262 4083 omni
1297 4029 1580 4085 divinitate
1612 4046 1783 4085 vacua
1812 4029 1945 4086 deo-

366 4134 490 4173 rum
540 4119 762 4174 oracula
788 4117 1011 4183 fuerint,
1061 4120 1223 4189 plane
1280 4136 1344 4175 ac
1367 4120 1503 4175 citra
1549 4120 1941 4175 dubitationem

366 4211 533 4266 ullam
554 4209 831 4281 intelligis.
862 4208 1001 4264 Nam
1030 4211 1125 4280 qui
1154 4211 1266 4265 tieri
1299 4211 1492 4281 possit,
1523 4220 1581 4266 ut
1608 4211 1692 4265 vel
1717 4227 1944 4281 numen,

1964 2979 2009 3037 θ
2041 2997 2215 3052 faeie
2240 2998 2409 3065 βίην,
2446 2996 2662 3066 κάρτος
2688 3014 2752 3051 τε
2769 2998 2985 3067 λόγων·
3018 2997 3361 3067 ψευδηγόρα
3382 2997 3567 3061 λέξω.

2044 3113 2156 3166 Καὶ
2189 3113 2269 3164 ὅτι
2301 3112 2476 3166 ταῦτα
2503 3111 2676 3183 ἀληθῆ
2702 3114 2870 3176 ἐστιν,
2922 3113 3066 3182 ειπερ
3124 3112 3352 3183 ἔφαμεν,
3400 3112 3646 3183 δηλώσει

2045 3204 2115 3259 τὰ
2144 3204 2322 3274 λόγια.
2356 3205 2501 3277 Ἔφη
2529 3205 2660 3275 γοῦν
2694 3223 2779 3270 τις
2810 3206 3028 3279 κληθεὶς
3056 3204 3163 3260 τῶν
3188 3204 3346 3259 θεῶν’

2046 3317 2315 3390 Σήμερον
2345 3321 2457 3373 οὐκ
2480 3318 2714 3373 ἐπέοικε
2732 3319 2932 3390 λέγειν
2963 3320 3201 3390 ἄστρων
3224 3317 3387 3383 ὁδὸν,
3416 3318 3607 3390 εῑρειν

2050 3392 2110 3442 Θ*
2136 3388 2335 3457 ἕδραν-ο
2365 3390 2792 3460 ἀμαντοσύνης
2815 3387 2945 3461 ’γὰρ
3002 3391 3073 3444 ἐν
3098 3387 3357 3461 ἀστράσι
3389 3388 3509 3441 νῦν
3536 3404 3646 3441 πε-

3219 3458 3514 3531 [πέδηται.
3544 3480 3563 3511 ι

2048 3574 2159 3629 Καὶ
2195 3576 2458 3644 ἐπιλέγει·
2516 3594 2535 3626 ι
2566 3576 2811 3645 Πέφηνεν
2862 3575 2991 3645 ἄρα,
3041 3574 3204 3628 πόθεν
3260 3573 3524 3637 πολλάκις
3572 3574 3641 3626 τὸ

2047 3669 2245 3741 ψεῦδος
2299 3671 2633 3726 συνίσταται.
2667 3688 2688 3723 ι

2574 3825 2967 3885 ΚΕΦΑΛΑΙΟΝ
3013 3830 3104 3895 σε.

2134 3941 2643 3995 Ἀνασκευαστικὰ
2674 3941 2779 3995 τοῦ
2806 3942 2938 4010 περὶ
2967 3940 3323 4010 εἱμαρμένης
3353 3941 3565 4009 λόγου.

2124 4034 2267 4103 "Aput
2298 4048 2380 4085 σοι
2403 4032 2674 4084 πέπαυται
2710 4032 2891 4085 λοιπὸν
2937 4032 3003 4085 τὰ
3044 4032 3141 4102 τῆς
3170 4031 3469 4101 ἀμφιϐόλου
3498 4030 3643 4099 γνώ-

2055 4141 2182 4195 μης,
2211 4124 2292 4176 ὄτι
2319 4123 2485 4195 μηδέν
2516 4141 2569 4176 τι
2587 4118 2653 4195 ἧν
2672 4122 2810 4176 θεῖον
2832 4126 2888 4179 ὲν
2911 4126 3024 4187 τοῖς
3042 4122 3149 4177 τῶν
3179 4122 3317 4176 θεῶν
3342 4125 3638 4194 χρησμοῖς.

2052 4215 2177 4279 Πῶς
2207 4217 2313 4288 γάρ
2370 4233 2502 4269 ποτε
2533 4215 2594 4268 τὸ
2625 4215 2763 4269 θεῖον
2795 4214 3039 4284 ψεύσαιτ’
3085 4214 3170 4279 ἂν,
3214 4214 3313 4285 τὴν
3372 4213 3533 4282 φύσιν
3577 4214 3641 4266 ὃν

368 4304 513 4373 quod
550 4314 747 4360 natura
774 4320 873 4361 sua
916 4304 985 4359 ab
1018 4303 1171 4359 omni
1218 4304 1457 4359 vanitate
1499 4303 1808 4374 sejunctum
1838 4311 1937 4369 est,

2053 4308 2465 4378 ἀψευδέστατον,
2498 4309 2552 4363 εἴ
2578 4328 2641 4379 γε
2672 4308 2897 4379 ἀψευδὲς
2934 4309 2993 4361 τὸ
3026 4308 3208 4373 θεῖον;
3244 4308 3362 4370 πῶς
3408 4308 3465 4361 δὲ
3495 4308 3639 4376 ἀγα-

368 4396 416 4451 si
449 4395 668 4466 quidem
692 4394 961 4467 ejusmodi
991 4408 1194 4449 numen
1239 4408 1335 4463 per
1363 4410 1483 4449 sese
1514 4403 1597 4449 est
1616 4434 1631 4457 ,
1654 4394 1937 4465 aliquando

2052 4400 2369 4472 θὺςδαίμων
2395 4405 2513 4466 ταῖς
2546 4402 2917 4472 ψευδολογίαις
2967 4399 3270 4472 ἀπατήσειέ
3330 4416 3463 4452 ποτε
3507 4402 3641 4460 τοὺς

368 4487 706 4544 mentiatur?
743 4489 829 4543 vel
879 4487 1058 4544 bonus
1109 4488 1303 4559 genius
1346 4486 1647 4542 mendaciis
1694 4487 1747 4542 in
1798 4486 1937 4543 frau-

2052 4493 2402 4565 χρωμένουςς
2429 4494 2552 4557 Πῶς
2588 4494 2632 4545 δ’
2659 4493 2722 4546 ἂν
2753 4493 2839 4563 εἴη
2871 4494 3117 4564 κρεῖττον
3151 4489 3440 4562 ἀνθρώπου
3472 4491 3537 4544 τὸ
3567 4496 3638 4562 τῇ

366 4580 487 4635 dem
520 4596 637 4647 eos,
671 4595 703 4635 a
738 4580 936 4650 quibus
965 4582 1303 4646 consulatur,
1340 4580 1588 4635 inducat?
1615 4579 1750 4646 Quis
1784 4596 1937 4651 porro

2051 4583 2158 4637 τῶν
2192 4584 2405 4657 ἄστρων
2456 4586 2596 4655 φορᾷ
2656 4583 3059 4654 πεπεδημένον;
3125 4582 3331 4653 Θνητδς
3387 4583 3485 4654 μὲν
3542 4580 3640 4638 οὖν

367 4671 575 4742 aliquid
629 4672 851 4727 homine
898 4672 1077 4744 majus
1119 4671 1174 4726 id
1224 4670 1394 4727 fuisse
1436 4671 1752 4735 arbitretur,
1801 4670 1937 4740 quod

2051 4676 2211 4747 ἀνὴρ,
2252 4676 2509 4747 βραχεῖαν
2538 4676 2736 4746 ἀρετῆς
2769 4674 3005 4746 σπουδὴν
3039 4676 3511 4746 είσενεγκάμενος,
3546 4676 3643 4729 οὖ-

371 4775 646 4820 astrorum
682 4779 834 4821 mozu
871 4766 1229 4821 constrictum
1275 4765 1575 4820 teneretur?
1601 4763 1738 4818 Nam
1782 4765 1937 4817 homo

2052 4770 2169 4823 ποτ’
2200 4769 2265 4822 ἂν
2288 4769 2568 4838 ψεύσαιτο,
2585 4769 2814 4838 τάληθὲς
2844 4770 3113 4840 προτιμᾷν
3137 4768 3492 4840 προθέμενος,
3522 4768 3635 4823 οὐδ’

368 4859 612 4929 quidem,
664 4858 912 4915 mortalis
945 4859 1090 4922 licet,
1125 4857 1220 4928 qui
1271 4856 1433 4912 modo
1468 4858 1689 4912 virtutis
1738 4856 1941 4926 aliquid

367 4951 549 5007 studio
581 4950 804 5016 tribuat,
836 4952 984 5006 nulla
1019 4950 1072 5004 vi
1111 4950 1179 5005 ad
1210 4950 1579 5005 mentiendum
1609 4948 1804 5004 adduci
1835 4965 1941 5002 un-

363 5056 532 5114 quam
576 5042 796 5113 poterit,
854 5043 999 5113 quod
1035 5042 1204 5098 semel
1237 5044 1520 5097 veritatem
1570 5041 1720 5097 omni
1755 5042 1943 5097 condi-

366 5133 521 5189 tione
557 5134 829 5205 potiorem
867 5134 1067 5191 habere
1112 5135 1395 5191 statuerit:
1431 5151 1529 5189 nec
1561 5134 1674 5205 jam
1718 5134 1815 5190 fati
1844 5151 1941 5189 ne-

367 5226 679 5282 cessitatem
743 5236 1084 5283 astrorumve
1140 5238 1348 5283 motum
1399 5229 1626 5282 vanitati
1685 5236 1942 5297 prmtexct

2053 4857 2393 4928 εἱμαρμένης
2426 4856 2693 4926 ἀνάγκην,
2733 4855 2841 4907 οὐδ’
2865 4856 3076 4925 ἄστρων
3123 4856 3293 4926 φορὰν
3328 4856 3643 4910 αἰτιάσαιτο

2050 4950 2410 5020 ψευσάμενος·
2454 4947 2565 5001 ἀλλ’
2600 4948 2647 5000 εἰ
2670 4947 2767 5000 καὶ
2796 4946 2872 5017 τῷ
2903 4946 3112 5017 σώματι
3139 4946 3249 5018 πῦρ
3281 4964 3388 5010 τις,
3423 4948 3637 5020 ἢσίδη-

2054 5061 2147 5115 ρον
2170 5042 2488 5115 προσφέρει,
2511 5039 2844 5110 διαφθείρειν
2888 5038 3274 5106 ὲξὰναγκάζων
3326 5040 3418 5092 τὸν
3456 5040 3647 5113 ἀληθῆ.

2049 5135 2226 5204 λόγον.
2260 5134 2397 5189 ἀλλά
2438 5133 2532 5187 καὶ
2584 5130 2719 5202 πρὸς
2752 5130 2909 5183 τοῦτο
2956 5129 3427 5203 ἐλευθεροστομῶν
3480 5132 3639 5186 ἀντι-

2050 5227 2359 5298 φθέγξεται·

368 5332 516 5385 su‘at;
547 5330 601 5375 at
635 5321 813 5393 ignem
838 5321 967 5376 licet
1006 5322 1225 5391 corpori
1268 5331 1363 5377 aut
1394 5321 1597 5376 ferrum
1660 5320 1992 5390 admoveris,
2034 5339 2144 5395 quo
2212 5320 2390 5376 veraci
2431 5320 2628 5390 linguae
2670 5321 2778 5374 vim
2827 5318 3043 5385 atieras,
3091 5320 3255 5375 stabit
3284 5320 3373 5376 ille
3414 5332 3636 5387 contra,

368 5426 423 5471 et
471 5417 639 5473 libera
677 5419 1059 5489 constantique
1091 5434 1222 5473 voce
1249 5418 1617 5474 exclamabit:

444 5527 702 5601 Qccurrat
741 5530 900 5600 igtis,
942 5530 1154 5601 gladius
1176 5542 1418 5585 occurrat
1451 5548 1469 5585 :
1496 5546 1616 5584 seca
1645 5545 1663 5583 :

448 5598 622 5655 Exurc
653 5598 875 5670 corpus:
910 5598 1165 5669 sanguine
1190 5602 1457 5657 ardentem
1488 5602 1635 5656 sitim

2058 5534 2193 5585 Ἰτω
2210 5529 2327 5598 μὲν
2353 5528 2493 5595 πῦρ,
2521 5526 2621 5579 ἴτω
2641 5526 2718 5598 δὲ
2752 5525 3089 5598 φάσγανον*
3122 5524 3294 5594 τέμνε
3328 5526 3461 5596 (49),

2056 5596 2304 5655 Κάταιθε
2336 5597 2587 5665 σάρκας,
2626 5596 3008 5665 ἐμπλήσθητί
3027 5615 3145 5666 μου
3172 5598 3362 5650 πίνων

444 5738 555 5809 (49)
589 5741 712 5796 ’Ἱτω
729 5737 862 5810 μέν.
890 5738 1171 5797 Constabit
1198 5758 1409 5803 versus.
1438 5743 1482 5798 si
1531 5743 1758 5812 legetur,
1804 5744 1925 5795 Ἵτω

2051 5759 2076 5792 ν
2106 5737 2216 5795 οὖν
2239 5738 2376 5807 πῦρ,
2405 5736 2719 5810 φάσγανον
2747 5738 2795 5791 δ’
2827 5737 2949 5800 ἴτω,
2977 5735 3172 5803 τέμνε.
