3978 6388
220 355 308 408 ιὶὅ

214 474 491 552 gyan-6f
515 469 695 544 αἷμα·
728 480 952 552 ίτρᾴσςθε
983 480 1094 552 reip
1119 481 1274 535 κάτω
1296 484 1470 552 γαίης

216 545 397 621 Ἰαφυῗ
411 544 646 621 ἑστίᾳ»
678 544 830 621 ri???
844 544 1148 621 ,6t‘elb"éc
1169 544 1447 621 οὐράνὸὴ

211 615 345 684 Πρὶν
366 614 436 679 ἐξ
462 615 619 686 ἐμοῦ
651 614 860 692 άε7(5θ)
888 618 1029 674 θῶπ⁹
1059 614 1415 693 ἀπαντῆσαι
1433 614 1639 696 λόγον.

208 789 272 843 Τὸ
298 788 352 843 δέ
369 805 431 857 γε
452 788 769 846 λαοπλάνον
797 794 892 847 καὶ
918 794 1196 867 ἀπατηλὸν
1229 796 1504 866 δαιμόνιον
1542 801 1783 872 σκήπτε-

205 900 301 946 ται,
327 886 452 945 τοὺς
475 882 733 955 ἄφρονας
761 885 1138 958 σοφιζόμενον,
1180 889 1248 944 ἶν’
1269 891 1328 944 ὲν
1356 885 1436 955 οἷς
1471 890 1539 946 ἀν
1566 892 1665 963 τῆς
1687 891 1784 947 τοῦ

207 974 474 1045 μέλλοντος
508 979 882 1051 προρρήσεως
910 980 1231 1046 ἀποπίπτοι,
1278 984 1601 1057 καταφυγὴν
1633 984 1786 1058 αὐτῷ

202 1069 287 1138 τῆς
308 1067 534 1136 ἀλογίας
560 1071 673 1143 τὴν
701 1072 1042 1146 εἱμαρμένην
1074 1073 1370 1146 πορίζοιτο.
1401 1076 1589 1131 Πάντα
1640 1076 1684 1129 δ’
1706 1079 1786 1131 εἱο

205 1157 473 1229 μαρμένης
492 1158 592 1213 διὰ
622 1161 733 1216 τῶν
760 1161 1026 1234 χρησμῶν
1052 1163 1365 1235 ἀναρτήσας
1395 1167 1423 1218 ὁ
1443 1165 1671 1237 δαίμων,
1690 1167 1785 1220 καὶ

199 1252 252 1304 τὸ
276 1251 354 1321 ἐφ’
382 1253 518 1323 ἡμῖν
552 1252 628 1307 ὲκ
648 1253 751 1325 τῆς
782 1255 1247 1326 αὺτοπροαιρέτου
1271 1257 1537 1328 κινήσεως
1558 1256 1781 1321 ἀνελὼν,

200 1345 392 1415 ἀνάγκη
418 1343 479 1397 δὲ
507 1346 614 1400 καὶ
662 1346 823 1401 τοῦτο
846 1345 1280 1413 καταδουλώσας,
1303 1348 1401 1401 θέα
1422 1352 1501 1413 εἱς
1546 1344 1659 1403 οἷον
1686 1368 1785 1404 κα-

199 1436 296 1488 κῶν
321 1435 624 1509 δογμάτων
647 1439 863 1511 ὄλεθρον
886 1442 1012 1503 τοὺς
1064 1442 1209 1514 αὐτῷ
1238 1443 1591 1515 πειθομένους
1614 1462 1783 1500 κατα-

198 1528 463 1598 ϐέϐληκεν.
492 1530 563 1582 Ei
598 1531 710 1603 γὰρ
730 1532 947 1605 ἄστροις
990 1534 1084 1587 καὶ¹
1108 1536 1414 1610 εἱμαρμένῃ
1446 1538 1507 1590 οὐ
1553 1539 1687 1608 μόνα
1716 1539 1785 1592 τὰ

196 1616 361 1680 ἐκτὸς,
392 1617 540 1671 ἀλλά
578 1622 678 1674 καὶ
706 1621 801 1685 τὰς
827 1622 971 1675 κατά
1011 1622 1268 1695 λογισμὸν
1313 1626 1623 1698 προθυμίας
1651 1632 1783 1683 ἀνα-

197 1707 387 1770 θετέον,
420 1709 519 1761 καί
552 1727 641 1774 τις
673 1711 1045 1784 ἀπαραίτητος
1074 1716 1286 1786 ἀνάγκη
1314 1716 1411 1781 τάς
1438 1718 1783 1791 ἀνθρωπίνας

1378 364 1700 421 ΡΒᾸΞΡΑΒ.
1744 365 1997 424 EVANG.
2043 368 2168 423 LIB.
2216 370 2302 425 Vl.

3363 375 3466 432 ιιι

1816 489 1861 545 Δ
1957 484 2238 559 Bestiuyue
2260 499 2439 541 nostra
2465 504 2483 541 .'
2505 488 2681 542 sidera
2724 490 2779 541 in
2825 497 3021 542 terram
3048 488 3197 559 prius

1960 554 2251 629 {.aoentur,
2281 568 2402 611 ante
2434 559 2668 611 siderum
2703 559 2858 613 tellus
2900 554 3113 629 plagam

1958 624 2198 698 (evadet.
2226 644 2315 681 are
2352 645 2511 698 quam
2543 630 2638 683 tibi
2669 640 2850 684 nostra
2881 624 3091 684 excidat

1975 695 2081 750 Vox
2110 696 2220 750 ulla
2259 695 2510 753 mendax.

1886 812 1954 865 At
1980 811 2218 882 gentium
2251 812 2465 878 illusor,
2492 823 2546 869 et
2571 810 2847 869 fraudium
2877 814 3072 870 artifex
3098 816 3334 883 damon,
3360 817 3461 873 hoc

1885 904 2146 960 nimirum
2182 904 2376 961 callide
2431 907 2611 969 tinxit.
2651 923 2763 978 quo
2793 906 3012 963 facilius
3044 908 3254 964 insanis
3288 909 3465 964 homi—

1885 996 2050 1051 nibus
2077 997 2415 1067 imponeret;
2461 1008 2647 1069 atque,
2689 1000 2782 1055 ubi
2818 1016 2906 1057 res
2942 1002 3100 1057 aliter
3128 1016 3293 1073 quam
3328 1017 3465 1073 pra:-

1885 1087 2090 1143 dictum
2138 1088 2206 1144 ab
2246 1105 2312 1145 eo
2349 1087 2509 1157 foret,
2539 1091 2801 1159 eveniret,
2850 1092 2921 1147 ad
2955 1092 3128 1148 fatum
3171 1094 3465 1159 continuo,

1885 1179 2195 1252 perfugium
2222 1181 2327 1237 sibi
2352 1199 2418 1238 ac
2449 1192 2727 1255 receptum
2752 1193 2990 1255 pararet.
3013 1182 3133 1240 Jam
3162 1200 3315 1250 vero,
3335 1201 3462 1243 cum

1886 1273 2004 1344 ipse
2042 1274 2225 1328 omnia
2257 1275 2373 1330 suis
2430 1274 2540 1331 illis
2593 1278 2834 1333 oraculis
2886 1292 2955 1333 ex
2994 1276 3091 1333 fati
3139 1278 3462 1334 necessitate

1886 1367 2189 1437 suspendit,
2226 1376 2391 1439 atque
2440 1368 2492 1423 id
2527 1369 2717 1432 etiam,
2752 1371 2895 1439 quod
2930 1386 3030 1441 pro
3062 1371 3331 1427 libertatis
3365 1387 3460 1426 no-

1886 1467 2011 1511 stra?
2037 1465 2187 1511 motu
2222 1473 2286 1512 ac
2334 1466 2608 1528 potestate
2642 1460 2841 1526 agitur,
2880 1458 3128 1514 funditus
3162 1459 3463 1526 sublatum,

1884 1548 2072 1603 eadem
2103 1550 2362 1605 servitute
2386 1550 2745 1616 constrinxit;
2780 1551 2999 1614 videsis,
3024 1551 3273 1617 obsecro,
3297 1568 3461 1622 quam

1886 1642 1938 1695 in
1988 1642 2263 1697 exitialem
2307 1642 2622 1712 dogmatum
2669 1653 2875 1713 pestem
2933 1659 3059 1698 suos
3103 1643 3191 1698 ille
3227 1653 3455 1700 sectatm

1885 1749 1971 1789 res
2012 1735 2327 1805 conjecerit.
2370 1733 2505 1789 Nam
2558 1735 2601 1790 si
2637 1736 2806 1791 astris
2854 1745 3017 1806 atque
3059 1734 3193 1801 fato,
3230 1752 3338 1790 non
3368 1753 3458 1791 ex-

196 1796 498 1861 ὲκΰιάζεται
521 1800 776 1871 γνώμας,
811 1804 1089 1874 οἰχήσεταί
1115 1823 1197 1858 σοι
1232 1807 1540 1877 φιλοσοφία,
1564 1811 1767 1883 οίχήσε-

1886 1834 2164 1881 ternarum
2217 1828 2383 1882 modo
2425 1844 2632 1890 rerum,
2681 1828 2773 1883 sed
2818 1843 3006 1883 earum
3047 1828 3459 1909 etiamrcupidi‘

195 1904 271 1939 ται
294 1888 385 1941 καὶ
412 1890 699 1945 εὑσέϐειω
732 1892 852 1945 οὐδέ
891 1912 976 1957 τις
999 1890 1068 1965 ἦν
1085 1899 1196 1959 τοῖς
1224 1898 1531 1964 σπουδαίοις
1557 1900 1776 1968 ἔπαινος

195 1981 399 2053 ἀρετῆς,
434 1982 567 2037 οὐδέ
590 2002 677 2047 τις
697 1985 959 2055 θεοφιλία,
986 1989 1109 2041 οὐδὲ
1155 1990 1262 2044 τῶν
1322 1993 1381 2045 ἐν
1414 1994 1644 2065 ἀσκήσει
1678 1996 1775 2049 πό-

195 2074 527 2145 νωνκαρπὺς
577 2077 819 2143 ὲπάξιος,
866 2079 1115 2153 ἀνάγκης
1168 2085 1262 2136 καὶ
1290 2084 1629 2157 εἱμαρμένης
1677 2088 1775 2159 τὴν

193 2163 355 2216 αἰτίαν
381 2167 616 2220 πάντων
649 2169 1096 2243 ἀναδεδεγμένης.
1134 2175 1208 2226 Οὐ
1260 2176 1324 2247 δὴ
1384 2174 1476 2230 οὖν
1507 2181 1773 2251 προσήκει

194 2257 650 2328 καταμέμφεσθαι
697 2263 809 2324 τοῖς
852 2263 983 2333 περὶ
1039 2264 1128 2318 τὸν
1176 2264 1289 2336 βίον
1338 2266 1771 2339 πλημμελοῦσιν,

193 2348 298 2401 οὐδέ
325 2367 389 2417 γε
422 2353 545 2414 τοῖς
576 2351 798 2406 ἀσεϐέσι
832 2354 928 2407 καὶ
960 2356 1435 2428 ὲπιρῤητοτάτοις·
1496 2361 1610 2414 ἀλλ’
1652 2362 1771 2437 οὐδὲ

194 2442 305 2506 τοὺς
328 2443 667 2507 σπουδαίους
718 2444 1035 2516 θαυμάζειψ
1072 2448 1244 2521 ταύτῃ
1272 2450 1349 2515 δὲ,
1381 2451 1456 2516 ὡς
1496 2453 1655 2526 ἔφην,
1688 2457 1769 2508 ol—

194 2535 401 2603 χήσεται
431 2534 495 2587 τὺ
529 2534 676 2605 μέγα
721 2537 820 2607 τῆς
859 2538 1174 2609 φιλοσοφίας
1232 2541 1407 2606 κλέος,
1456 2544 1555 2598 οὐκ
1608 2546 1768 2600 αὑτο-

197 2627 507 2698 προαιρέτου
544 2628 781 2700 μελέτης
812 2630 906 2683 καὶ
941 2632 1247 2704 ἀσκήσεως,
1295 2634 1411 2688 ἀλλ’
1440 2636 1504 2690 ὲκ
1538 2638 1641 2709 τῆς
1660 2638 1769 2692 τῶν

195 2718 391 2789 ἀπρων
412 2719 668 2792 ἀνάγκης
697 2722 931 2794 ἀπηωρη
941 2723 1122 2793 μένον.
1151 2726 1289 2797 Ὅρα
1317 2723 1410 2781 οὖν
1435 2731 1514 2793 είς
1534 2725 1645 2783 οἷον
1671 2750 1768 2786 κα-

196 2811 293 2865 κῶν
311 2809 606 2882 δογμάτων
634 2812 790 2883 βυθὸν
820 2813 933 2886 (51)
975 2818 1023 2868 οἱ
1060 2816 1350 2888 θαυμάσιοι
1391 2819 1502 2874 θεοὶ
1532 2824 1765 2877 καταϐε-

196 2901 407 2972 6λήκασι
436 2904 584 2974 (52),
626 2906 719 2960 καὶ
746 2906 943 2976 σκέψαι
992 2907 1068 2971 ὡς
1111 2911 1190 2973 είς
1224 2911 1461 2965 ἀσωτίαν
1515 2914 1608 2967 καὶ
1655 2914 1768 2968 ἀδι-

198 2989 325 3053 κίαν,
356 2994 453 3047 καὶ
480 2994 625 3047 ἄλλα
654 2996 821 3067 μυρία
847 2995 993 3049 κακά
1025 3001 1285 3071 παρορμᾷ
1329 3000 1424 3055 καὶ
1468 3004 1765 3076 προτρέπει

194 3084 327 3136 τουτὶ
359 3083 421 3137 τὸ
446 3086 653 3157 δόγμα,
676 3087 991 3160 ἀνατροπὴν
1024 3088 1119 3142 τοῦ
1178 3091 1378 3157 παντὸς
1408 3092 1522 3164 βίου
1554 3095 1767 3168 ἀθρόως

1885 1925 2079 1981 latum,
2112 1934 2234 1986 quae
2265 1918 2463 1972 mentis
2493 1928 2547 1973 et
2573 1918 2947 1987 intelligentia:
2975 1919 3199 1973 ductum
3229 1934 3455 1990 sequun—

1885 2018 1991 2071 tur,
2038 2008 2323 2079 alliganda:
2365 2011 2605 2064 rationes
2651 2018 2834 2074 erunt,
2888 2010 2933 2065 si
2971 2010 3223 2065 humanae
3254 2012 3456 2082 cogita-

1882 2102 2058 2156 tiones
2085 2110 2250 2171 atque
2280 2102 2565 2157 sementim
2608 2102 2657 2155 vi
2695 2102 2930 2171 quadam
2975 2103 3326 2159 inexorabilis
3365 2119 3454 2159 ne-

1881 2192 2156 2249 cessitatis
2192 2203 2457 2264 agentur;
2500 2196 2647 2250 nulla
2690 2197 2805 2266 jam
2840 2196 3086 2266 profecto
3115 2198 3455 2267 philosophia

1881 2296 1983 2351 est,
2032 2287 2179 2341 nulla
2236 2287 2463 2359 religio;
2515 2288 2704 2357 probis
2754 2289 2871 2344 laus
2923 2305 2989 2343 ex
3039 2289 3239 2345 virtute
3275 2291 3454 2354 nulla;

1879 2378 2030 2433 nulla
2064 2378 2159 2432 Dei
2204 2378 2605 2443 benevolentia,
2641 2380 2825 2435 nullus
2856 2381 3092 2450 denique
3128 2380 3340 2436 fructus
3366 2396 3447 2436 su-

1879 2484 2188 2541 sceptorum
2227 2472 2477 2525 laborum
2523 2473 2871 2527 contentione
2922 2472 3145 2543 dignus,
3200 2489 3324 2529 cum
3373 2489 3443 2528 ne

1878 2565 2119 2618 cessitati
2151 2573 2315 2634 atque
2340 2563 2452 2619 fato
2483 2581 2663 2620 rerum
2693 2580 2876 2621 causa!
2900 2564 3145 2619 omnium
3179 2564 3459 2635 assignen-

1878 2661 1987 2709 tur.
2041 2652 2333 2709 Enimvero
2374 2670 2475 2710 nec
2514 2655 2781 2725 improbis
2816 2655 2977 2727 243
3024 2656 3281 2726 deinceps
3306 2697 3321 2721 ,
3363 2665 3451 2710 aut

1876 2746 2079 2817 impiis,
2125 2747 2481 2817 omniumque
2516 2748 2653 2803 adeo
2703 2750 2968 2805 scelerum
3005 2750 3343 2819 turpitudine
3376 2750 3450 2805 la-

1875 2838 2198 2893 borantibus
2246 2840 2681 2895 succensendum
2717 2841 2851 2908 erit;
2899 2856 3002 2896 nec
3050 2840 3270 2895 virtutis
3309 2856 3443 2895 ama

1876 2930 2087 2985 toribus
2133 2931 2311 2985 laudis
2355 2931 2654 3002 quidquam
2695 2933 3031 3003 honorisque
3078 2932 3452 2989 tribuendum.

1876 3019 1957 3075 Ex
1990 3036 2101 3091 quo
2141 3022 2386 3091 profecto
2419 3025 2689 3093 sequitur,
2726 3025 2873 3094 quod
2907 3033 3033 3080 ante
3069 3025 3341 3091 dicebam,
3370 3025 3447 3079 in-

1875 3129 2009 3185 gens
2037 3114 2171 3168 illud
2204 3116 2568 3187 philoSOphia:
2609 3116 2777 3173 decus
2816 3120 3144 3188 periturum,
3186 3119 3233 3176 si
3276 3127 3442 3174 astro

197 3176 681 3247 κατεργαζόμενον.
716 3179 779 3231 Et
803 3177 935 3247 γοῦν
966 3197 1049 3243 τις
1081 3181 1308 3236 αὐτόθεν
1350 3186 1630 3241 πιστεύσοι
1662 3190 1767 3253 τοῖς

1878 3220 1999 3259 rum
2030 3220 2097 3259 ex
2127 3206 2479 3272 necessitate,
2517 3222 2626 3262 non
2664 3224 2729 3263 ex
2762 3209 3070 3264 voluntaria
3100 3210 3445 3265 meditatione

197 3264 517 3335 θαυμαστοῖς
538 3269 645 3322 τῶν
669 3269 807 3322 θεῶν
838 3276 1125 3344 χρησμοῖς,
1152 3276 1233 3328 ὅτι
1273 3277 1333 3330 τὺ
1367 3277 1648 3350 ἀληθεύειν
1673 3280 1768 3335 καὶ

194 3356 249 3411 τὸ
277 3358 596 3427 ψεύδεσθαι,
631 3362 723 3415 καλ¹
753 3362 863 3433 (55)
892 3364 990 3435 οὐχ
1033 3366 1297 3441 ἡμέτερον
1334 3369 1493 3441 ἔργον
1514 3366 1605 3442 ἦν,
1632 3373 1768 3427 ἀλλά

195 3452 283 3522 τῆς
298 3456 677 3526 ἀπαραιτήτου
712 3458 1072 3531 εἱμαρμένης,
1090 3461 1183 3514 καὶ
1204 3464 1264 3516 τὸ
1289 3462 1462 3519 θέλειν
1486 3466 1579 3520 ἐπὶ
1605 3485 1769 3539 στρα-

196 3542 347 3608 τείαν,
376 3544 410 3617 ἢ
445 3547 542 3599 ἐπ’
574 3545 700 3601 ἀλλο
722 3565 774 3600 τι
804 3548 913 3603 τῶν
946 3551 1230 3622 πρακτέων
1253 3555 1449 3626 ὀρμᾷν,
1485 3557 1578 3610 καὶ
1606 3559 1667 3612 τὸ
1692 3560 1766 3631 μὴ

202 3631 358 3688 θέλειν
382 3635 452 3689 τά
482 3636 686 3691 τοιάδε·
712 3638 829 3701 πῶς
851 3640 950 3693 οὐκ
987 3640 1052 3694 ἂν
1078 3642 1384 3714 ἐθελήσειεν
1428 3648 1651 3717 ἀμελεῖν
1676 3651 1768 3707 καὶ

199 3728 634 3799 καταρρᾳθυμεῖν
656 3731 712 3782 ὲν
738 3730 909 3784 ἆπασι
926 3735 1039 3796 τοῖς
1076 3734 1150 3806 μὴ
1200 3735 1328 3790 ἀνευ
1380 3739 1641 3810 καμάτων
1674 3744 1767 3798 καὶ

199 3816 375 3884 πόνων,
397 3822 501 3875 καὶ
522 3822 620 3893 τῆς
648 3822 805 3893 ἡμῶν
832 3824 1008 3878 αὐτῶν
1045 3826 1351 3899 προθυμίας
1374 3833 1765 3904 κατορθοῦσθαι

197 3908 535 3981 δυναμένοις
576 3912 636 3965 Εἰ
666 3913 774 3985 γάρ
802 3914 860 3981 ἐξ
894 3915 1235 3989 εἱμαρμένης
1290 3920 1409 3973 τόδε
1450 3939 1500 3975 τι
1543 3925 1767 3996 γενήσε-

202 3998 308 4053 σθαι
354 4004 593 4074 νομίζοι,
636 4006 745 4058 εἴτε
793 4007 1089 4079 πονοίημεν
1137 4010 1299 4081 ἡμεῖς
1337 4014 1466 4083 περὶ
1515 4015 1644 4068 αὐτὸ
1671 4018 1766 4071 καὶ

202 4093 600 4166 σπουδάζοιμεν,
632 4097 740 4150 εἴτε
767 4099 859 4152 καὶ
887 4097 981 4169 μὴ,
1004 4101 1120 4164 πῶς
1143 4102 1242 4155 οὐκ
1275 4103 1341 4157 ἀν
1376 4122 1459 4168 τις
1488 4105 1763 4179 ἐθελήσειε

200 4182 249 4234 τὸ
284 4186 406 4255 ῥᾷον
450 4187 739 4257 αἱρεῖσθαι,
769 4193 964 4262 παρεὶς
1005 4192 1198 4247 ἑαυτὸν
1247 4195 1342 4248 καὶ
1392 4196 1631 4268 ἀμελῶν,
1687 4200 1764 4267 ὡς

199 4274 602 4349 ἑξεὶμαρμένης
639 4280 731 4332 καὶ
775 4282 1020 4354 ἀνάγκης
1055 4286 1419 4356 γενησομένου
1474 4289 1569 4343 τοῦ
1621 4309 1763 4364 πρα-

200 4366 550 4441 χθησομένους
590 4371 749 4425 Ὅθεν
775 4374 870 4426 καὶ
887 4374 1156 4442 λεγόντων
1195 4379 1344 4431 ἐστὶν
1384 4379 1615 4436 ἀκοῦσαι
1652 4384 1759 4438 τῶν

200 4459 412 4531 πολλῶν,
474 4464 556 4517 ὅτι
599 4464 728 4535 ἄρα,
778 4466 1161 4538 Πραχθήσεται
1190 4470 1369 4535 τοῦτο,
1421 4473 1535 4543 εἴγε
1566 4476 1759 4548 εἵμαρ-

1874 3296 2164 3368 studioque
2207 3298 2483 3369 pendebit.
2522 3298 2659 3355 Vide
2698 3316 2828 3373 ergo
2858 3317 3020 3371 quam
3059 3301 3114 3356 in
3150 3303 3447 3358 exitialium

1873 3385 2190 3455 dogmatum
2224 3389 2539 3457 voraginem
2583 3390 2812 3446 clientes
2856 3407 2989 3448 suos
3021 3393 3236 3463 egregia
3272 3395 3443 3449 numi-

1872 3494 1942 3533 na
1967 3479 2340 3550 conjecerint:
2378 3489 2544 3552 atque
2584 3491 2645 3538 ut
2678 3483 2947 3554 ejusmodi
2986 3486 3278 3549 sententia,
3318 3486 3444 3542 dum

1874 3570 1942 3626 ad
1991 3572 2324 3641 nequitiam,
2381 3574 2706 3644 injuriarum
2760 3575 3061 3644 licentiam,
3107 3577 3451 3648 aliorumque

1873 3662 2140 3718 malorum
2160 3664 2265 3717 vim
2292 3680 2355 3720 ac
2379 3665 2781 3721 multitudinem
2812 3665 3080 3721 infinitam
3110 3668 3453 3734 exstimulat,

1871 3754 1999 3809 vita:
2027 3754 2192 3810 simul
2223 3756 2495 3812 universae
2536 3759 2835 3827 perniciem
2883 3760 3128 3814 ultimam
3168 3758 3451 3815 moliatur.

1869 3844 2005 3900 Nam
2052 3847 2144 3901 ubi
2186 3848 2313 3918 quis
2360 3850 2530 3904 semel
2585 3851 2861 3921 praeclaris
2894 3852 3121 3907 deorum
3167 3861 3441 3921 permotus

1867 3938 2132 4004 oraculis,
2173 3939 2225 3993 in
2266 3940 2511 3995 animum
2546 3942 2821 3998 induxerit
2868 3958 3054 4010 suum,
3086 3958 3215 3997 vera
3244 3943 3439 4012 parite:

1869 4030 2115 4102 falsaque
2146 4032 2318 4103 loqui,
2350 4034 2687 4090 voluntatem
2736 4036 2803 4091 ad
2844 4035 3098 4091 militiam
3126 4033 3441 4105 adjungere,

1868 4132 1962 4177 aut
1990 4139 2107 4178 rem
2145 4124 2416 4194 ejusmodi
2444 4127 2683 4197 aliquam
2711 4129 2989 4199 persequi,
3024 4128 3109 4183 vel
3138 4135 3329 4182 contra
3360 4126 3437 4183 fu-

1866 4232 2013 4286 gere,
2067 4217 2423 4275 inexorabilis
2471 4220 2562 4275 fati
2600 4238 2743 4287 esse,
2809 4238 2919 4277 non
2964 4230 3164 4278 nostrae
3200 4233 3428 4293 potesta-

1865 4311 1969 4364 tis:
2003 4311 2128 4380 quis
2155 4328 2265 4365 non
2290 4328 2413 4371 eum
2437 4315 2701 4370 continuo
2728 4315 2927 4382 videat,
2961 4331 3301 4386 quaecunque
3324 4316 3439 4370 sine

1865 4402 2133 4458 molestiis
2168 4413 2333 4474 atque
2390 4405 2690 4471 laboribus,
2724 4418 3025 4479 nostraque
3058 4408 3191 4462 adeo
3218 4416 3436 4462 conten-

1865 4496 2010 4550 tione
2042 4496 2227 4565 perﬁci
2261 4513 2370 4552 non
2415 4508 2694 4568 poterunt,
2736 4499 2789 4553 iu
2824 4500 2893 4556 iis
2930 4501 3189 4556 omnibus
3228 4502 3437 4572 langui-

200 4551 275 4662 ἰαί
299 4572 405 4623 μοι·
429 4557 542 4619 καὶ,
560 4556 625 4607 Τί
648 4573 715 4627 με
745 4559 849 4630 χρὴ
880 4560 1138 4631 παρέχειν
1168 4564 1389 4635 ἐμαυτῷ
1422 4567 1758 4638 πράγματα;

2042 4551 2059 4565 .
2416 4551 2430 4568 .
2826 4551 2890 4556 η-
3046 4551 3187 4556 mu
3228 4551 3408 4572 mnu—-

1873 4585 1993 4639 dum
2045 4596 2099 4641 et
2142 4588 2369 4643 inertem
2419 4589 2691 4643 futurum?
2732 4589 2940 4646 Etenim
2987 4592 3080 4662 qui
3117 4603 3265 4647 certo
3303 4607 3435 4661 quo-

201 4641 368 4717 Είγάρ
422 4646 450 4700 ὀ
484 4648 579 4701 ἐπὶ
605 4650 892 4722 στρατείαν
922 4652 1105 4723 ὁρμῶν
1142 4654 1243 4708 οὐκ
1281 4658 1346 4709 ὲκ
1380 4659 1760 4729 προαιρέσεως

199 4734 381 4803 οἰκείας
404 4738 549 4793 τοῦτ’
570 4740 860 4813 ἔπραττεν,
884 4744 1238 4816 ἐλαυνόμενος
1279 4748 1337 4801 δὲ
1363 4750 1468 4802 ὑπὸ
1496 4752 1594 4823 τῆς
1625 4752 1758 4818 ἔξω·

200 4824 276 4881 θεν
325 4832 593 4904 ἀνάγκης,
646 4834 889 4907 δηλονότι
933 4836 1026 4890 καὶ
1075 4839 1168 4891 ἐπὶ
1222 4839 1477 4912 λῃστείαν
1515 4844 1627 4915 (54)
1666 4848 1760 4900 καὶ

198 4919 581 4994 τυμϐωρυχίας.
622 4927 717 4979 καὶ
744 4927 836 4980 ἐπὶ
873 4926 972 4991 τὰς
1024 4927 1188 4993 ἄλλας
1219 4930 1336 5002 ήτοι
1381 4934 1757 5007 ἀνοσιουργίας

199 5010 277 5063 καὶ
301 5014 616 5081 ἀκολασίας.
639 5016 670 5088 ἢ
696 5018 957 5089 κοσμίους
988 5020 1082 5074 καὶ
1135 5020 1421 5094 σώφρονας
1466 5027 1754 5099 ἐπιτηδεύ-

199 5116 313 5166 σειςο
333 5105 489 5160 τοῦτο
509 5106 619 5178 γάρ
653 5109 719 5162 ἂν
752 5110 836 5180 εἴη
896 5112 1187 5167 ἀκόλουθον
1222 5114 1300 5186 τῷ
1333 5117 1462 5187 περὶ
1485 5118 1755 5189 εἱμαρμέ-

198 5205 278 5279 γης
305 5193 462 5267 λόγῳ.
495 5198 620 5262 Πῶς
640 5194 734 5252 οὖν
767 5202 795 5252 ὁ
820 5200 992 5255 ταῦτα
1024 5204 1098 5275 μὴ
1135 5205 1195 5271 ἐξ
1227 5205 1391 5260 αὐτοῦ
1449 5206 1752 5279 ἡγούμενος

199 5277 459 5355 ἐγχειρεῖν,
494 5286 607 5339 ἀλλ’
637 5288 853 5359 ὑπὸτῆς
870 5290 1067 5358 ἔξωθεν
1104 5295 1374 5367 ἀνάγκης,
1409 5277 1749 5369 προσέξοιάν

200 5383 307 5425 ποτε
331 5375 408 5446 τῷ
434 5377 792 5446 νουθετοῦντι,
822 5382 916 5435 καὶ
962 5382 1266 5440 διδάσκοντι
1298 5386 1372 5458 μὴ
1406 5388 1599 5442 ἑαυτὸν
1631 5384 1747 5443 ἐπι-

223 5547 573 5664 i
596 5567 689 5608 σε.
727 5552 1154 5617 Rescribendum
1181 5560 1393 5617 videtur
1421 5563 1525 5630 σοί,
1555 5564 1746 5621 claris-

199 5634 597 5833 δ”ῗὲιξῗῗὲὲκ
626 5695 884 5760 Moutac.,
910 5699 1200 5773 βάραθρον.
1238 5700 1405 5771 Elige.

254 5761 335 5816 (32
388 5766 516 5818 Geel
562 5768 1099 5833 καταϐεϐλήκασιν.
1142 5771 1405 5826 Videtur:

254 5761 357 5833 (52)
388 5766 516 5818 Geel
562 5761 1103 5833 καταϐεὸλήὶροὲτινξ
1142 5761 1363 5826 Videtur
1395 5774 1739 5832 accusativus

200 5838 368 5901 mquis
413 5836 734 5904 desiderari,
784 5850 910 5908 puta
959 5843 1101 5912 ἡμᾶς
1152 5844 1275 5905 τοὺς
1317 5843 1742 5917 θεραπεύοντας,

1862 4677 1986 4732 dam
2018 4678 2129 4733 fato
2157 4681 2260 4735 hoc
2284 4682 2483 4738 illudve
2514 4683 2758 4737 futurum
2791 4685 2894 4740 sibi
2929 4688 3287 4755 persuaserit,
3322 4686 3437 4741 sive

1863 4770 2067 4840 aliquid
2103 4770 2207 4840 ipsi
2244 4788 2464 4842 quoque
2500 4774 2703 4829 laboris
2735 4785 2788 4829 et
2818 4774 3101 4831 industriae
3135 4776 3429 4831 contuleri-

1860 4875 2005 4925 mus,
2041 4861 2157 4916 sive
2186 4878 2326 4929 non;
2361 4880 2486 4917 eum
2528 4874 2581 4917 tu
2614 4864 2955 4921 facilioribus
2983 4865 3433 4935 mollioribusque

1856 4950 2101 5017 delectis,
2152 4967 2260 5007 non
2310 4954 2571 5010 dissolute
2638 4971 2702 5011 ac
2756 4957 3090 5027 negligenter
3160 4958 3431 5012 victurum

1854 5051 2041 5112 putas,
2104 5044 2260 5114 quasi
2304 5047 2612 5101 necessario
2656 5046 2899 5102 futurum
2948 5047 3079 5101 illud
3136 5048 3239 5114 sit,
3285 5046 3431 5117 quod

1854 5133 2125 5205 agendum
2160 5134 2362 5191 fuerit?
2394 5136 2460 5192 Et
2505 5153 2635 5194 vero
2686 5140 2978 5210 plerosque
3027 5150 3311 5210 propterea
3352 5140 3432 5198 sic

1853 5226 2002 5295 loqui
2035 5228 2251 5293 audias,
2278 5227 2396 5285 Fiet
2422 5229 2552 5285 illud
2589 5232 2833 5297 omnino,
2866 5232 2911 5288 si
2945 5232 3114 5287 fatum
3148 5233 3219 5287 ita
3247 5248 3427 5287 meum

1851 5318 2053 5373 tulerit.
2083 5318 2356 5388 Quorsum
2391 5332 2571 5377 autem
2610 5322 2813 5378 frustra
2848 5324 3113 5380 molesuls
3142 5326 3257 5396 ipse
3293 5326 3426 5379 mihi

1848 5410 1979 5464 sim?
2025 5410 2161 5466 Nam
2195 5414 2289 5483 qui
2322 5415 2570 5469 militiam
2608 5426 2847 5473 sectatus
2894 5426 2997 5483 est,
3043 5417 3091 5473 is
3139 5417 3184 5473 si
3224 5433 3332 5473 non
3360 5434 3427 5474 eo

1847 5577 1941 5691 iiut
1979 5569 2050 5623 al.
2086 5570 2294 5639 simile;
2327 5571 2440 5627 sive
2484 5573 2666 5643 potius
2700 5575 2949 5631 absolute
2987 5575 3225 5646 positum
3270 5578 3421 5633 intel-

1868 5655 2004 5691 mas.

1868 5655 2004 5709 ngas.

1918 5710 2026 5785 (ᾗ)
2054 5710 2163 5785 Καί
2196 5714 2330 5785 οὐχ.
2363 5713 2454 5785 Γρ.
2488 5713 2624 5768 tollit
2656 5716 2793 5770 istud
2821 5716 2935 5781 καί,
2972 5728 3135 5774 recte.

1925 5780 2033 5860 (ῆι)
2062 5782 2168 5835 Καὶ
2206 5783 2307 5835 ἐπὶ
2341 5780 2521 5851 λῄστ.
2566 5786 2713 5843 Alter
2746 5805 2773 5842 c
2812 5805 3087 5844 manuser.
3130 5790 3231 5860 leg.
3271 5789 3364 5843 καὶ
3396 5790 3421 5841 ὁ

1847 5852 1936 5907 ἐπὶ
1967 5851 2148 5925 lnam,
2186 5864 2350 5908 recte.
