3864 6386
499 327 606 380 415

1138 317 1410 376 EUSEBII
1448 316 1930 374 CAESARIENSIS
1973 314 2123 370 OPP.
2167 309 2346 364 PARS
2394 307 2457 362 li.
2501 333 2572 344 -
2611 297 3114 357 APOLOGETICA.
3621 296 3705 348 416

493 442 683 497 volens
718 454 782 494 ac
821 452 918 492 sua
957 452 1016 491 se
1048 445 1242 505 sponte
1274 435 1526 500 contulit,
1563 433 1655 488 sed
1698 442 1921 487 externa
1950 447 2079 498 qna-

2186 425 2376 478 διδόναι
2427 422 2636 475 ἔκδοτον
2683 421 2793 480 τοῖς
2844 410 3258 486 προειρημένοις
3283 428 3297 476 ;
3344 409 3494 464 Εἴποι
3533 411 3627 483 Ίξρ
3655 416 3708 464 ἀν

495 530 622 584 dam
656 529 984 585 necessitate
1011 527 1330 595 compulsus
1355 543 1371 592 ;
1404 526 1575 594 liquet
1605 527 1848 594 profecto
1878 523 1943 577 de
1969 540 2073 576 εει·-

498 620 629 676 teris
657 620 800 675 idem
826 618 1170 673 sentiendum
1210 633 1353 682 esse,
1393 617 1484 687 qui
1526 617 1611 671 vel
1643 614 1963 676 latrociniis,
1990 612 2073 667 vel

500 712 771 783 sepulcris
815 708 1156 770 ell‘odiendis,
1195 709 1276 763 vel
1309 707 1430 763 aliis
1468 707 1762 776 impietatis
1791 713 1954 774 atque
1987 705 2072 756 in-

503 805 877 876 temperantia:
912 803 1225 874 generibus,
1254 813 1347 856 aut
1382 803 1544 856 etiam
1582 802 1986 856 honestioribns
2013 815 2076 853 ac

503 896 819 952 sanioribus
865 894 1126 950 institutis
1172 910 1231 949 se
1265 894 1592 948 dediderint.
1647 891 1762 947 Hoc
1813 891 1956 945 enim
2008 906 2075 945 ex

504 986 606 1040 ista
661 985 753 1039 fati
808 987 1020 1039 ratione
1065 999 1410 1053 consequens
1447 985 1602 1052 plane
1647 993 1749 1038 est.
1797 982 1899 1048 Qui
1946 996 2076 1050 ergo

505 1075 675 1130 semei
734 1075 789 1128 in
841 1089 960 1128 eam
1015 1074 1270 1128 inductus
1323 1074 1636 1144 Opinionem
1691 1073 1885 1138 fuerit,
1944 1072 2078 1125 nihil

507 1168 737 1222 istorum
768 1182 866 1220 sua
898 1183 956 1220 se
989 1167 1270 1220 voluntate
1307 1167 1584 1235 persequi,
1629 1175 1866 1220 externa:
1892 1180 2080 1219 neces-

504 1258 650 1312 sitati
679 1259 962 1312 tribuenda
995 1274 1114 1312 esse
1147 1259 1364 1312 omnia:
1402 1259 1493 1327 qui
1524 1259 1638 1312 ﬁeri
1668 1259 1883 1328 poterit,
1913 1265 1972 1311 ut
1999 1273 2080 1311 se-

505 1367 582 1415 se,
623 1353 691 1404 ab
722 1352 789 1405 iis
826 1350 1208 1405 abstinendum
1244 1352 1486 1404 manenti
1521 1367 1583 1404 ac
1619 1351 1970 1421 praecipienti,
1997 1350 2080 1402 di-

503 1453 592 1499 cto
635 1443 943 1497 audientem
1004 1442 1280 1512 prirbeat?
1338 1440 1555 1496 Refer-et
1600 1443 1786 1512 utique
1825 1441 2078 1495 monitori

505 1552 629 1599 suo,
661 1536 1124 1605 quemadmodum
1172 1535 1480 1600 nonnullis,
1517 1535 1611 1604 qui
1649 1534 1915 1603 superiori
1963 1526 2082 1587 me-

507 1628 682 1682 moria
727 1625 935 1691 vixere,
975 1626 1222 1696 contigit,
1267 1627 1346 1680 Ad
1383 1626 1513 1694 quid
1546 1626 1661 1680 haec
1701 1633 1755 1678 tu
1793 1625 1925 1679 mihi
1958 1641 2079 1679 mo-

509 1719 646 1784 nita,
679 1717 822 1773 bone
864 1718 976 1770 vir?
1014 1716 1124 1772 Nec
1163 1719 1306 1772 enim
1348 1719 1619 1788 integrum
1663 1717 1797 1771 mihi
1829 1725 1913 1771 est
1943 1717 2082 1771 hanc

2178 517 2313 588 πρὸς
2337 515 2428 569 τὸν
2465 511 2838 570 νουθετοῦντα,
2891 506 2965 568 ὡς
3004 506 3098 557 καὶ
3153 503 3258 556 τῶν
3289 503 3387 572 πρὸ
3420 501 3565 572 ἡμῶν
3594 520 3711 555 τισιν

2175 613 2406 681 εἴρηταιο
2429 605 2493 658 Τί
2528 622 2616 674 με,
2643 597 2688 656 ὧ
2709 601 2804 656 ἀνθ
2815 617 2982 672 ρωπε,
3002 597 3268 658 νουθετεῖς
3284 612 3298 659 ;
3312 595 3490 648 Ταῦτα
3507 596 3603 667 γὰρ
3618 596 3710 665 (55)

2176 703 2236 756 οὐ
2262 702 2434 772 δήπου
2473 698 2618 750 ἐστὶν
2650 695 2733 748 ἐπ’
2759 694 2905 764 ἐμοὶ,
2933 692 2993 744 τὸ
3022 688 3374 761 μεταϐάλλειν
3416 687 3511 758 τὴν
3546 689 3713 759 προαί-

2181 810 2348 867 ρεσιν·
2407 791 2440 861 ἠ
2474 789 2582 860 γὰρ
2610 786 2916 857 εἱμαρμένη
2964 781 3385 854 προκατείληφε.
3424 779 3488 832 Τί
3526 775 3612 832 οῦν
3649 779 3717 831 δεῖ

2181 882 2530 938 συντετάσθαι
2559 878 2696 950 πρὸς
2727 877 2761 931 ἃ
2784 875 2904 930 οὐδὲ
2937 872 3330 946 προθυμεῖσθαι
3356 872 3648 944 δυνήσομαι,
3675 873 3714 923 εί

2182 977 2256 1048 μὴ
2291 973 2566 1029 καὶτοῦτο
2601 968 2965 1040 καθείμαρταί
3013 983 3137 1038 μοις
3194 964 3603 1035 Προθυμήσομαι
3649 963 3713 1023 δὲ,

2178 1069 2228 1120 εἰ
2259 1067 2645 1136 καθείμαρται,
2691 1060 2784 1114 καὶ
2836 1059 2963 1112 ἄνευ
3013 1058 3110 1128 τῆς
3143 1057 3242 1125 σῆς
3283 1053 3612 1116 διδασκαλίας
3630 1055 3718 1105 ὐπὸ

2177 1160 2280 1230 τῆς
2335 1156 2671 1229 εἱμαρμένης
2723 1152 3009 1223 ἀγόμενος.
3041 1149 3105 1202 Τί
3156 1145 3252 1201 οὐν
3312 1147 3480 1217 μάτην
3524 1145 3716 1199 σεαυτὸν

2181 1253 2452 1323 ἐνοχλεῖς;
2494 1248 2633 1301 Ἀλλ’
2667 1248 2715 1299 εί
2747 1245 2839 1298 καὶ
2871 1244 2930 1299 τό
2970 1259 3028 1294 σε
3063 1241 3347 1311 παραινεῖν
3382 1238 3490 1308 (56)
3537 1236 3623 1290 καὶ
3652 1236 3717 1289 δι-

2180 1343 2398 1396 δάσκειν
2428 1344 2620 1411 φήσεις
2652 1338 2795 1393 κατὰ
2854 1336 3099 1405 ἀνάγκην
3165 1329 3518 1385 ἐπιτελεῖσθαι
3566 1330 3636 1389 εἰς
3667 1329 3718 1379 τὺ

2183 1437 2464 1508 παραινεῖν
2499 1433 2593 1486 καὶ
2637 1431 2842 1484 πείθειν
2869 1429 2970 1498 ἐμὲ
2993 1424 3236 1479 τοιαῦτα·
3271 1420 3406 1474 ἀλλὰ
3451 1421 3547 1472 κάν
3572 1418 3718 1487 τούτῳ

2181 1527 2233 1580 τί
2257 1527 2362 1598 χρὴ
2393 1523 2745 1588 σπουδάζεινς
2772 1521 2915 1593 ἀργὴ
2943 1519 3050 1589 γὰρ
3079 1518 3173 1570 καὶ
3194 1513 3474 1584 ἀνωφελὴς
3501 1515 3533 1582 ἡ
3558 1512 3720 1582 παραί-

2182 1635 2352 1681 νεσις.
2384 1619 2446 1670 Ei
2473 1616 2581 1687 γὰρ
2605 1612 2859 1684 εἵμαρται
2917 1626 3027 1680 μοι,
3071 1605 3430 1676 φιλοπονήσω·
3465 1604 3511 1654 εί
3565 1601 3617 1654 δὲ
3659 1601 3717 1671 μὴ

2183 1709 2460 1780 εἵμαρται,
2489 1705 2720 1776 ματαίαν
2744 1699 3008 1754 ποιεῖσθαι
3037 1699 3132 1769 τὴν
3159 1695 3391 1764 σπουδὴν
3412 1691 3719 1763 ἀμφοτέρους

507 1814 744 1863 mentem
780 1807 1179 1876 consiliumque
1225 1816 1456 1872 mutare,
1507 1807 1727 1877 quando
1753 1807 1866 1873 jam
1909 1805 2077 1860 fatum

2186 1799 2540 1870 συμϐήσεται.
2569 1795 2692 1858 Πῶς
2721 1795 2775 1848 δέ
2806 1793 2889 1855 οὐ,
2921 1791 3118 1863 μᾶλλον
3158 1782 3576 1858 ἀποῤῥᾳθυμῶν,
3602 1783 3720 1835 εἴποι

507 1901 816 1970 occupavit.
846 1898 984 1966 Quid
1013 1916 1099 1954 me
1128 1915 1292 1969 porro
1321 1899 1475 1969 juvet
1501 1898 1852 1964 contendere,
1889 1898 1982 1953 ubi
2015 1915 2082 1954 ne

507 1992 732 2064 optandi
764 1992 983 2061 quidem
1021 1991 1254 2045 facultas
1289 1991 1686 2060 arbitriumque
1721 1991 2079 2060 relinquatur,

509 2084 616 2139 nisi
654 2093 844 2152 optare
874 2079 1047 2136 fatum
1081 2096 1302 2150 quoque
1329 2081 1462 2133 mihi
1496 2079 1592 2135 sit?
1625 2079 1836 2149 Optaho
1867 2097 1994 2134 vero
2033 2080 2079 2134 si

509 2175 678 2229 fatum
725 2175 848 2237 erit,
893 2182 952 2227 ut
999 2172 1134 2226 nihil
1174 2173 1478 2242 praecipias,
1519 2171 1682 2244 244
1729 2173 1956 2240 ipsamet
1988 2171 2081 2225 fati

510 2264 836 2319 necessitate
865 2264 1112 2317 adactus.
1149 2262 1258 2317 (Zur
1287 2278 1416 2332 ergo
1448 2261 1650 2316 frustra
1683 2265 1947 2316 molestus
1969 2261 2084 2330 ipse

510 2355 606 2410 tibi
635 2355 737 2410 es?
766 2353 930 2425 Urget
954 2354 1212 2407 nimirum
1247 2355 1434 2408 eadem
1476 2363 1526 2407 te
1557 2352 1877 2415 necessitas,
1921 2361 2083 2421 atque

511 2455 570 2501 ut
619 2447 724 2501 ista
763 2445 896 2499 mihi
948 2446 1201 2506 suadeas,
1255 2445 1480 2499 omnino
1522 2443 1686 2514 cogit.
1721 2442 1791 2496 At
1819 2458 2081 2512 quorsum

510 2540 614 2593 hac
655 2539 710 2592 in
763 2553 823 2608 re
863 2546 1072 2591 tantum
1115 2537 1316 2591 studii?
1348 2535 1518 2591 Cassa
1549 2536 1750 2605 quippe
1787 2543 1841 2589 et
1873 2534 2085 2588 inutilis

509 2631 820 2686 cohortatio
849 2641 938 2685 tua
972 2637 1074 2683 est.
1109 2627 1244 2683 Nam
1276 2630 1329 2682 in
1369 2643 1483 2683 rem
1520 2628 1750 2697 ipsemet
1774 2627 2083 2681 incumbam

510 2723 674 2785 ultro,
705 2724 753 2778 si
800 2722 970 2778 fatum
1010 2724 1141 2788 erit;
1193 2722 1276 2775 sin
1307 2730 1508 2784 autem,
1554 2719 1729 2773 inanis
1761 2729 1846 2772 est
1888 2719 2087 2773 utrius-

507 2831 618 2885 que
651 2816 950 2870 contentio.
985 2812 1183 2880 Quidni
1217 2819 1421 2874 autem,
1453 2810 1724 2864 dissoluto
1759 2809 1940 2878 potius
1967 2808 2086 2860 ani-

510 2922 623 2971 mo,
655 2906 750 2976 qui
795 2906 898 2961 hac
930 2907 1095 2962 semel
1138 2905 1378 2959 imbutus
1407 2903 1665 2972 opinione
1713 2901 1805 2966 sit,
1848 2901 1993 2955 hunc
2028 2900 2084 2953 in

512 3000 732 3054 modum
765 3000 1020 3070 loquatur
1047 3001 1160 3069 ipse
1191 3013 1413 3054 secum:
1441 2995 1569 3050 Mihi
1598 3010 1728 3049 vero
1763 3004 1971 3049 certum
2001 3001 2087 3048 est

511 3095 683 3148 labori
716 3109 960 3163 parcere,
996 3094 1314 3160 nullamque
1342 3091 1477 3144 mihi
1531 3088 1735 3141 frustra
1777 3088 2081 3142 molestiam

513 3185 811 3252 facessere;
847 3184 1153 3239 necessario
1194 3184 1363 3246 enim,
1399 3181 1664 3250 quidquid
1704 3181 1759 3234 in
1804 3180 1927 3236 fatis
1959 3181 2080 3243 erit,

511 3279 742 3334 eveniet.
776 3278 845 3330 At
877 3292 1008 3330 vero
1038 3277 1131 3346 qui
1164 3276 1241 3329 rei
1285 3275 1662 3342 cujuscunque
1714 3274 1797 3328 vel
1844 3274 2084 3328 studium

512 3370 878 3441 persequitur,
909 3369 989 3422 vel
1018 3375 1286 3436 praecepta
1322 3366 1520 3430 tradit;
1565 3367 1657 3434 qui
1693 3365 1934 3434 seipsum
1993 3375 2087 3418 aut

515 3463 679 3516 aliam
721 3460 1028 3530 quemlibet
1071 3457 1410 3520 adhortatur,
1448 3456 1526 3510 uti
1556 3457 1638 3509 vel
1682 3472 1888 3510 merent
1937 3468 2088 3527 gerat

512 3554 598 3607 vel
624 3553 778 3622 jussa
811 3551 1082 3619 negligat;
1124 3557 1404 3617 peccatum
1437 3556 1531 3601 aut
1567 3548 1818 3601 admittat
1864 3557 1958 3601 aut
2001 3547 2088 3603 fu-

515 3644 656 3715 giat;
703 3643 785 3696 vel
828 3651 1020 3711 arguat
1058 3641 1356 3709 improbos,
1405 3641 1484 3694 vel
1532 3642 1732 3709 probos
1771 3641 1930 3696 laude
1975 3641 2089 3696 alli-

515 3737 658 3791 ciat:
705 3737 772 3798 is,
806 3750 912 3788 non
942 3734 1118 3803 palam
1150 3743 1202 3786 et
1231 3742 1413 3802 aperte
1458 3733 1722 3787 libertatis
1767 3735 2089 3804 arhilriique

517 3831 688 3884 nostri
731 3829 1043 3883 facultatem
1078 3843 1141 3882 ac
1189 3836 1509 3898 potestatem
1545 3827 1824 3896 relinquit,
1866 3827 1960 3881 fati
1997 3843 2091 3880 no-

519 3938 642 3977 men
669 3922 716 3976 ei
746 3922 922 3976 solum
969 3935 1031 3974 ac
1056 3934 1240 3972 vocem
1275 3919 1547 3989 adjungit?
1584 3918 1813 3973 Perinde
1840 3918 2086 3983 omnino,

519 4026 580 4072 ut
612 4016 658 4070 si
701 4016 828 4085 quis
861 4015 1006 4068 illam
1041 4012 1169 4067 boni
1211 4020 1482 4074 naturam,
1511 4027 1640 4081 qua,
1679 4012 1782 4064 hoc
1827 4019 1970 4064 statu
2011 4025 2094 4063 re-

521 4124 664 4172 rum,
718 4108 921 4177 optime
967 4106 1272 4160 animantes
1331 4115 1626 4174 reguntur,
1685 4102 1813 4157 mali
1869 4104 2090 4158 nomine

520 4201 836 4272 appellaret.
878 4198 970 4254 Sic
999 4199 1168 4261 enim,
1197 4213 1320 4251 cum
1355 4198 1513 4266 plane
1549 4197 1869 4260 sentiamus,
1906 4196 1989 4250 vel
2023 4196 2090 4249 ad

518 4293 849 4350 erudiendos
890 4291 1114 4356 liberos,
1152 4290 1236 4343 vel
1299 4289 1365 4342 ad
1405 4290 1591 4359 plagas
1643 4288 1908 4358 improbis
1948 4303 2093 4342 man-

521 4380 682 4456 cipiis
708 4384 1048 4455 inﬂigendas,
1085 4385 1169 4439 vel
1199 4385 1264 4439 ad
1299 4383 1563 4454 quidlibet
1610 4381 1726 4436 sive
1768 4381 2092 4450 amplecten-

2181 1892 2248 1945 ἂν
2276 1891 2410 1961 πρὸς
2442 1888 2630 1942 ἑαυτὸν
2664 1889 2692 1940 6
2720 1884 2922 1954 ταύτην
2965 1883 3100 1953 ἔχων
3129 1881 3226 1951 τὴν
3258 1879 3436 1942 δόξαν,
3468 1877 3593 1942 Ἀγε
3639 1892 3720 1944 μη-

2179 1981 2364 2054 δαμῶς
2394 1981 2755 2050 φιλοπονήσω,
2796 1973 2927 2047 μηδέ
2978 1975 3151 2044 μάτην
3205 1969 3476 2040 ἐνοχλήσω
3509 1965 3719 2036 ὲμαυτῷς

2179 2076 2467 2144 γενήσεται
2496 2071 2606 2142 γὰρ
2633 2070 2692 2122 τὸ
2720 2067 2979 2138 εἱμαρτὸν
3033 2063 3091 2129 ἐξ
3145 2063 3409 2130 ἀνάγκης.
3453 2061 3508 2111 ’0
3537 2058 3587 2111 δὲ
3617 2058 3720 2126 περί

2179 2185 2232 2219 τι
2256 2161 2627 2233 σπουδάζωνῆ
2659 2163 2754 2215 καὶ
2785 2160 3071 2220 διδάσκων,
3106 2156 3139 2227 ἢ
3195 2154 3515 2226 προτρέπων
3561 2148 3721 2202 ἑαυτὸν

2181 2261 2213 2331 ἢ
2239 2258 2418 2320 ἄλλον,
2444 2256 2539 2310 καὶ
2565 2255 2627 2308 τὸ
2660 2251 2942 2306 πείθεσθαι
2973 2249 3067 2302 καὶ
3090 2248 3150 2300 τὸ
3201 2246 3274 2317 μὴ
3312 2243 3606 2306 πείθεσθαι,
3646 2243 3722 2292 καὶ

2181 2353 2240 2404 τὸ
2265 2349 2595 2420 ἁμαρτάνειν
2644 2345 2679 2418 ἢ
2739 2345 2832 2416 μὴ,
2857 2343 2918 2396 τό
2967 2359 3027 2394 τε
3077 2340 3333 2410 ἐπιτιμᾷν
3367 2339 3481 2399 τοῖς
3507 2332 3722 2404 ἁμαρτά-

2181 2459 2348 2508 νουσι,
2374 2441 2468 2495 καὶ
2491 2439 2553 2492 τὸ
2581 2439 2822 2490 ἐπαινεῖν
2850 2435 2978 2497 τοὺς
3027 2431 3448 2505 κατορθοῦντας,
3491 2427 3600 2490 πῶς
3641 2427 3722 2479 οὐκ

2181 2532 2425 2606 ἐναργῶς
2452 2531 2735 2601 ἐλέγχεται
2759 2527 2818 2582 τὸ
2845 2526 2940 2598 μὲν
2973 2525 3134 2597 ἔργον
3164 2520 3481 2578 καταλιπὼν
3506 2519 3592 2573 τοῦ
3616 2521 3722 2588 παρ’

2182 2629 2312 2697 ἡμῖν
2368 2624 2460 2678 καὶ
2500 2621 2592 2675 τοῦ
2629 2619 2996 2684 αὐτεξουσίου,
3048 2620 3108 2670 τὸ
3167 2615 3224 2668 δέ
3273 2613 3377 2684 τῆς
3421 2609 3724 2683 εἱμαρμένης

2181 2719 2353 2788 ὄνομα
2385 2715 2530 2785 αὐτῷ
2560 2715 2844 2768 συνάπτων
2882 2711 3076 2783 μόνον;
3117 2709 3326 2778 ’Ὠσπερ
3352 2708 3403 2759 εἰ
3438 2723 3519 2768 τις
3539 2703 3626 2773 τὴν
3647 2700 3722 2756 τοῦ

2184 2804 2388 2876 ἀγαθοῦ
2420 2804 2599 2874 φύσιν,
2626 2797 2693 2875 ἧς
2722 2801 2863 2856 κατά
2895 2800 2993 2872 τὴν
3036 2797 3336 2870 παρουσίαν
3391 2797 3586 2868 ἄριστα.
3622 2797 3726 2848 διοι-

2184 2901 2357 2951 κεῖται
2384 2897 2445 2950 τὸ
2480 2895 2637 2959 ζῶον,
2673 2892 2753 2963 τῷ
2782 2891 2874 2946 τοῦ
2899 2889 3070 2944 κακοῦ
3093 2889 3493 2961 προσαγορεύει
3518 2889 3724 2958 ὀνόματι.

2185 2987 2339 3042 Οὕτω
2365 2987 2474 3060 γάρ
2519 2987 2640 3040 ἐπεὶ
2686 2982 2932 3055 ἐναργῶς
2996 2979 3201 3034 ἑαυτῶν
3247 2978 3628 3049 αἰσθανόμεθα,
3669 2979 3726 3047 μὴ

2189 3080 2521 3152 βιαζομένων
2552 3078 2642 3132 ὐπ’
2667 3077 2832 3148 ἄλλης
2858 3075 3000 3139 τινὸς
3038 3073 3217 3135 αἰτίας
3271 3073 3330 3126 ἐν
3375 3073 3454 3143 τῷ
3492 3070 3729 3125 παιδεύειν

2186 3177 2312 3238 τοὺς
2334 3177 2487 3236 υἱεῖς,
2520 3172 2611 3226 καὶ
2638 3170 2915 3243 μαστίζειν
2943 3169 3068 3231 τοὺς
3090 3165 3307 3229 οἰκέτας
3331 3165 3726 3236 ἁμαρτάνοντας,

2187 3269 2280 3321 καὶ⁴
2315 3269 2372 3318 ἐν
2401 3265 2479 3336 τῷ
2510 3264 2623 3316 τόδε
2655 3281 2706 3316 τι
2735 3260 3040 3332 βούλεσθαι,
3073 3259 3167 3312 καὶ
3197 3260 3270 3330 μὴ
3304 3257 3602 3329 βούλεσθαι,
3636 3253 3728 3308 ἀλλ’

2187 3358 2487 3421 αὐτοτελῶς
2514 3359 2577 3410 ἐκ
2601 3355 2699 3426 τῆς
2727 3354 2860 3416 ἰδίας
2887 3351 3133 3416 ἐξουσίας
3163 3353 3242 3414 είς
3266 3350 3368 3413 τὰς
3395 3348 3637 3410 τοιαύτας
3663 3363 3731 3399 κι-

2187 3454 2370 3523 νήσεις
2399 3449 2831 3520 ἀφικνουμένων,
2864 3445 3169 3516 ἁμαρτάνοι
3200 3443 3265 3496 ἂν
3318 3445 3347 3496 6
3394 3442 3564 3495 ταῦτα
3586 3440 3728 3507 λέγων

2187 3543 2430 3614 γίνεσθαι
2489 3541 2610 3595 καθ’
2649 3538 3008 3610 εἱμαρμένην,
3047 3535 3181 3607 πρὸς
3212 3533 3289 3605 τῷ
3329 3534 3619 3605 παραλύειν
3638 3530 3729 3602 (57)

2186 3639 2284 3702 τάς
2312 3655 2369 3690 τε
2398 3635 2553 3708 ἡμῶν
2582 3633 2759 3688 αὐτῶν
2800 3631 3127 3704 προθυμίας,
3183 3627 3276 3683 καὶ
3325 3628 3428 3692 τάς
3459 3630 3537 3691 είς
3574 3626 3731 3686 ἄλλους

2188 3730 2477 3799 γινομένας
2505 3725 2877 3799 παρακλήσεις
2909 3722 3004 3776 καὶ
3031 3721 3397 3791 νουθετήσεις,
3422 3720 3480 3786 ἐξ
3527 3713 3595 3772 ὧν
3618 3715 3732 3788 ὁρῶς

2193 3841 2290 3896 μεν
2320 3823 2550 3894 μάλιστα
2577 3816 2985 3890 κατορθούμενα
3017 3814 3085 3867 τά
3129 3813 3235 3866 τῶν
3282 3811 3581 3884 ἀνθρώπων
3618 3809 3733 3878 πρά-

2189 3933 2394 3988 γματα.
2426 3915 2534 3967 Καὶ
2563 3913 2666 3984 μὴν
2699 3910 2792 3963 καὶ
2842 3909 3039 3978 νόμους
3087 3905 3382 3976 ἀνατρέποι
3433 3904 3496 3957 ἂν
3542 3896 3730 3964 οὐτοςὸ

2189 4009 2363 4077 λόγος,
2392 4007 2515 4068 τοὺς
2555 4002 2648 4056 τοῦ
2672 3999 3040 4072 συμφέροντος
3093 3998 3277 4050 ἕνεκεν
3316 3995 3616 4068 ἀνθρώποις
3640 4009 3732 4046 κει-

2195 4101 2404 4172 μένους.
2441 4097 2503 4149 Τί
2530 4096 2638 4164 γὰρ
2659 4093 2738 4146 δεῖ
2770 4090 3122 4164 προστάττειν
3153 4088 3184 4158 ἣ
3243 4086 3601 4159 ἀπαγορεύειν
3640 4085 3732 4145 τοῖς

2192 4193 2280 4261 ὑφ’
2317 4191 2505 4261 ἐτέρας
2541 4187 2785 4256 ἀνάγκης
2815 4182 3276 4254 κατεσχημένοις;
3309 4180 3429 4233 ἀλλ’
3477 4179 3589 4232 οὐδὲ
3630 4177 3732 4236 τοὺς

2193 4283 2602 4354 ἁμαρτάνοντας
2641 4274 3112 4348 δεήσεικολάζειν,
3145 4273 3217 4343 μὴ
3260 4272 3412 4343 παρὰ
3459 4271 3553 4341 τὴν
3592 4265 3730 4336 αὐτὴν

2193 4375 2374 4429 αἰτίαν
2417 4369 2830 4443 ἡμαρτηκότας,
2882 4366 3002 4419 οὐδέ
3039 4368 3150 4428 τοῖς
3177 4364 3244 4417 τά
3303 4363 3562 4417 κάλλιστα
3590 4359 3731 4431 πράτ-

521 4479 676 4544 dum,
708 4477 824 4533 sive
849 4477 1228 4547 rejiciendum,
1259 4491 1372 4530 non
1403 4475 1627 4528 alterius
1663 4488 1764 4527 nos
1790 4488 1968 4528 causa:
2004 4487 2084 4526 ne-

2195 4484 2341 4520 τουσι
2373 4464 2537 4535 τιμάς
2580 4459 2892 4528 ἀπονέμειν,
2931 4450 3006 4510 ὧν
3060 4455 3322 4526 ἑκάτερον
3353 4451 3547 4522 πολλὴν
3584 4447 3731 4502 αἰτίαν

520 4571 776 4626 cessitate
817 4570 962 4640 cogi,
1014 4570 1108 4624 sed
1155 4582 1384 4639 prorsus
1430 4564 1740 4619 voluntario
1785 4574 1987 4619 nostra:
2030 4563 2090 4616 li-

521 4661 745 4718 bertatis
794 4663 998 4732 impetu
1046 4662 1112 4716 ad
1154 4661 1269 4714 haec
1313 4658 1581 4713 similiave
1632 4657 1861 4712 consilia
1916 4654 2085 4710 ferri:

519 4767 706 4809 errare
783 4755 831 4810 is
891 4754 1085 4808 merito
1165 4751 1389 4822 fallique
1455 4758 1764 4815 censeatur,
1817 4749 1905 4818 qui
1976 4748 2088 4802 haec

519 4845 705 4902 omnia
740 4843 852 4900 fato
884 4846 1120 4915 quodam
1147 4845 1263 4901 ﬁeri
1301 4845 1528 4898 dixerit:
1577 4857 1687 4913 quo
1730 4855 1839 4896 non
1872 4849 2092 4896 conten-

522 4934 726 4990 tionem
751 4935 917 4991 modo
941 4936 1294 5004 studiumque
1321 4941 1592 4997 nostrum,
1626 4931 1718 4986 sed
1747 4932 1884 4986 alios
1921 4930 2087 4985 etiam

521 5027 604 5083 vel
628 5027 949 5083 cohortandi
980 5027 1064 5082 vel
1093 5025 1479 5082 commonendi
1503 5025 1612 5078 vim
1648 5040 1712 5080 ac
1753 5024 2088 5079 voluntatem

521 5117 803 5189 infringat,
850 5134 957 5190 qua
1005 5128 1183 5174 tamen
1235 5117 1447 5172 ratione
1483 5116 1828 5187 potissimum
1872 5130 1960 5170 res
1998 5115 2094 5169 ho-

521 5212 732 5266 minum
763 5211 1014 5268 videmus
1057 5212 1194 5266 bene
1241 5209 1580 5279 feliciterque
1625 5208 1935 5263 succedere.
1967 5205 2086 5262 Jam

593 5345 704 5417 (55)
743 5346 932 5417 Ταῦτα
956 5345 1083 5415 γάρ.
1112 5344 1313 5408 Malim,
1339 5342 1496 5398 τοῦτο
1526 5341 1652 5411 γάρ,
1684 5340 1927 5412 sequitur
1945 5343 2088 5394 enim

521 5417 581 5471 τὸ
605 5416 988 5471 μεταϐάλλειν.

657 5434 988 5469 εταοαΛΛειν.

595 5434 703 5558 (ἓϐ)
721 5487 872 5558 Ἀλλ’
893 5489 945 5540 εὶ
965 5487 1062 5539 καὶ
1077 5487 1143 5538 τό
1158 5502 1231 5540 σε
1253 5482 1582 5553 παραινεῖν.
1604 5482 1796 5558 Totum
1815 5481 2093 5558 hoc_mem:

523 5549 698 5612 brum'
719 5557 906 5611 abesse
936 5566 1137 5624 posset,
1164 5571 1287 5610 eum
1321 5549 1656 5624 praecesserit
1680 5549 2091 5624 παραινεῖνᾼκαὶ

523 5628 817 5682 διδάσκειν.
856 5619 961 5680 Sed
1013 5619 1337 5680 Graecorum
1391 5626 1505 5678 haec
1547 5619 1924 5694 περισσολογία
1965 5619 2084 5685 fuit,

522 5700 684 5753 etiam
719 5697 1065 5765 σοφωτάτων.
1094 5697 1413 5765 Cuiusmodi
1441 5695 1580 5765 apud
1607 5692 1880 5765 Platonem
1912 5692 2089 5765 ipsum

522 5761 805 5842 pleraque,
834 5766 1062 5838 singulis
1117 5761 1190 5820 in'
1217 5765 1426 5836 paginis
1447 5761 1567 5830 [ὲκ
1602 5762 1913 5834 περιουσίας
1951 5761 2093 5816 dicta

2194 4557 2538 4628 παρέσχηκεν
2565 4555 2646 4616 εἰς
2676 4549 2972 4620 ἀναστολὴν
2994 4548 3208 4610 ἀδικίας
3257 4546 3350 4598 καὶ
3402 4547 3483 4608 είς
3516 4539 3730 4598 εὐποιίας

2192 4649 2533 4721 ἑτοιμότητα.
2570 4645 2730 4698 Ἀλλὰ
2765 4643 2858 4698 καὶ
2881 4641 2979 4712 τὴν
3010 4639 3146 4712 πρὸς
3191 4637 3253 4690 τὸ
3285 4637 3440 4690 Θεῖον
3485 4631 3731 4687 εὐσέϐειαν

2191 4741 2483 4812 ἁνατρέποι
2511 4737 2691 4808 arma:
2728 4738 2760 4807 ἡ
2783 4735 2931 4801 δόξα,
2997 4733 3111 4800 εἴγε
3170 4730 3336 4802 μηδὲν
3384 4731 3514 4801 ἡμῖν
3538 4728 3564 4779 6
3588 4723 3700 4785 Θεὸς
3719 4761 3730 4779 .

2195 4833 2328 4904 μηδὲ
2360 4832 2463 4903 μὴν
2491 4828 2643 4882 αὐτοὶ
2696 4829 2744 4880 οἱ
2778 4825 2942 4878 τῶνδε
2978 4821 3314 4895 χρησμῳδοὶ,
3366 4822 3490 4891 μήτ’
3530 4813 3730 4886 εὐχομέ-

2190 4941 2328 4986 νοις,
2398 4922 2518 4994 μήτ’
2571 4916 2854 4973 εὐσεϐοῦσι
2919 4914 3313 4985 συμϐάλλονται
3421 4907 3730 4982 εἱμαρμένης

2193 5017 2455 5086 ἀνάγκαις
2488 5011 2906 5083 πεπεδημένοις.
2933 5009 3005 5060 Τὸ
3055 5008 3110 5060 δὲ
3131 5006 3285 5072 δίκην
3313 5005 3536 5074 ἀψύχων
3578 5000 3726 5066 λέγειν

2192 5109 2455 5164 κινεῖσθαι
2485 5107 2652 5178 ἡμᾶς,
2679 5103 2802 5174 τῇδε
2839 5102 2932 5155 καὶ¹
2962 5099 3088 5171 τῇδε
3138 5097 3239 5151 ὑπό
3272 5112 3416 5159 τινος
3451 5092 3636 5158 ἔξωθεν
3659 5089 3730 5141 δν-

2191 5203 2406 5272 νάμεως
2456 5193 3080 5270 νευροσπαστουμένους,
3136 5192 3214 5254 εἰς
3268 5190 3328 5242 τὸ
3376 5189 3461 5240 ἐπ’
3496 5185 3728 5250 ἀνάγκαις

2194 5352 2454 5393 τρυρτιεὶε.

2257 5355 2563 5476 Ῑίὲςῗὶῗῖρὸς
2593 5421 2670 5476 τῳ
2698 5404 2916 5476 παραλ-
2942 5398 3167 5476 Ριθειῖυε
3185 5395 3496 5476 ,νίδθτῗηωλ

2192 5463 2325 5548 παρ.
2358 5463 2555 5548 ᾉιιίῌεῖ
2577 5463 2711 5546 πρὸς
2858 5472 3153 5548 retinetur,
3185 5463 3464 5548 legendum
3499 5463 3726 5548 putarint:

2194 5535 2328 5619 πρός
2352 5547 2408 5600 δὲ
2440 5546 2536 5616 τῷ,
2567 5535 2631 5619 αι’
2659 5535 2799 5597 nona
2818 5543 2946 5619 inde
2969 5538 3225 5619 periti-(ins
3253 5538 3496 5616 ineatur;
3522 5535 3728 5619 lunai-1.110

2195 5594 2336 5688 iiii};
2357 5594 2839 5688 'liogi"é:§&y'gaéa_.
2873 5594 3068 5665 minori
3097 5604 3438 5688 distinctione
3469 5613 3598 5668 opus
3628 5594 3724 5648 fue-

2195 5689 2284 5743 rit.
2316 5677 2472 5742 Prior
2501 5677 2682 5742 tamen
2709 5683 3023 5754 conjectura
3051 5679 3222 5750 magis
3246 5677 3432 5748 placet.
