3978 6388
205 355 298 409 ll?

1355 355 1678 411 PRIEPAR.
1718 355 1974 413 EVANG.
2011 357 2138 413 LIB.
2182 358 2270 414 Vl.

3335 358 3441 416 HS

203 473 438 541 ἐθελῆσαι
463 471 596 526 τάδε
632 474 848 544 πρᾶξαι,
882 474 972 527 καὶ
1006 473 1222 526 ἑλέσθαι
1249 473 1398 543 παρά
1449 469 1764 544 προαίρεσιν

1871 473 2018 542 ipsas
2048 490 2267 546 quoque
2293 475 2437 546 leges
2462 475 2530 530 ad
2563 475 2848 531 hominum
2895 471 3184 528 utilitatem
3217 481 3269 528 et
3298 488 3446 528 eom-

200 564 368 632 Ξτερα,
393 561 510 624 πῶς
538 563 646 615 οὐκ
677 564 740 617 ἂν
763 564 849 632 εἴη
879 563 1087 626 ἀναιδὲς
1113 564 1208 616 κα)⁸
1243 562 1764 634 ἀναισχυντότατον;

202 653 411 725 ἐπείπερ
434 656 689 728 ἐναργῶς
717 656 1084 728 αἰσθανόμεθα
1106 657 1316 711 ἑαυτῶν
1339 659 1583 729 ἡμετέρᾳ
1622 659 1764 729 ὁρμῇ

199 748 281 799 καὶ
313 747 523 816 κινήσει
550 748 682 802 τάδε
714 747 838 802 τινὰ
863 747 1348 821 προθυμουμένων,
1377 751 1472 802 καὶ
1499 748 1765 819 ἀμελούν-

198 855 290 892 των
312 837 471 892 πάλιν
499 840 716 893 ἑαυτῶν
743 839 1274 910 ἀντιλαμϐανόμεθα,
1315 842 1409 893 καὶ
1456 841 1606 911 παρά
1638 839 1769 894 ταύ-

197 948 283 999 την
308 930 405 1000 τὴν
433 932 624 984 αἰτίαν
676 931 1104 1004 κατορθούντων,
1150 931 1183 1002 ἢ
1222 931 1296 1002 μὴ
1336 931 1764 1002 κατορθούντων,

196 1025 278 1077 καὶ
306 1022 362 1087 ἐξ
381 1021 609 1086 οὐδενὸς
635 1023 822 1097 ἑτέρου
851 1023 1202 1094 βιαζομένων·
1228 1022 1363 1076 ἀλλά
1383 1023 1451 1076 τά
1489 1024 1587 1096 μὲν
1611 1025 1766 1076 ἑκου-

197 1117 283 1185 cii?
310 1114 507 1188 γνώμῃ
528 1115 890 1187 αἱρουμένων,
915 1114 981 1168 τὰ
1005 1113 1063 1167 δὲ
1087 1115 1412 1183 φευγόντων,
1454 1116 1546 1169 καί
1573 1133 1769 1186 παραι-

193 1208 455 1280 τουμὲνων
485 1209 556 1260 ὲκ
581 1208 685 1278 τῆς
713 1206 870 1278 ἡμῶν
894 1206 1072 1260 αὐτῶν
1103 1208 1494 1280 προαιρέσεως.
1533 1207 1690 1262 Οὕτω
1711 1209 1768 1262 δὲ

192 1305 286 1372 ἄρα
309 1301 552 1373 ἐναργὴς
581 1296 649 1371 ἦν
669 1301 697 1352 ὀ
726 1299 819 1352 τοῦ
841 1300 1192 1354 αύθεκουσίου
1211 1300 1387 1370 λόγος,
1403 1302 1544 1356 ὥστε
1569 1301 1768 1372 ὁμοίως

190 1392 257 1462 τῷ
287 1393 469 1460 ἀλγεῖν
503 1395 605 1447 καὶ
629 1392 704 1464 τῷ
731 1391 974 1461 ἣδεσθαι,
1015 1394 1207 1464 καὶτῷ
1251 1394 1370 1448 τόδε
1395 1413 1446 1448 τι
1494 1397 1648 1466 ὁρᾷν,
1673 1394 1768 1448 καὶ¹

189 1486 282 1538 τίδ’
308 1485 556 1547 ἀκούειν,
584 1487 646 1539 οὐ
673 1487 1035 1558 συλλογισμῷ,
1062 1487 1177 1540 ἀλλ’
1216 1487 1465 1556 ἐνεργείᾳ.
1491 1486 1769 1555 καταλαμ-

190 1576 490 1646 ϐανομένων
528 1577 669 1649 (58)”
723 1578 1106 1632 συναισθέσθαι
1136 1577 1345 1630 ἑαυτῶν
1378 1575 1439 1642 ἐξ
1485 1577 1642 1648 ἡμῶν
1670 1579 1770 1631 αύ-

190 1671 286 1721 τῶν
307 1671 398 1723 καὶ
436 1669 547 1738 τῆς
582 1671 855 1743 ἡμετέρας
910 1670 1102 1742 βουλῆς
1163 1669 1478 1742 ὁρμώντων,
1518 1670 1612 1722 καὶ
1639 1670 1766 1724 τάδε

189 1758 296 1810 τινὰ
319 1760 689 1830 αἱρουμένων,
717 1761 840 1814 τινὰ
883 1760 939 1814 δὲ
989 1761 1502 1832 ἀποστρεφομένων⁸
1537 1758 1677 1812 ὥστε
1706 1759 1766 1824 ἐξ

191 1851 410 1913 ἅπαντος
429 1852 492 1904 τὸ
515 1852 826 1924 ἐλεύθερον,
852 1853 944 1905 καὶ
969 1853 1028 1906 τὸ
1059 1851 1402 1916 αὐτεξούσιον
1422 1852 1520 1921 τῆς
1551 1853 1609 1904 ἑν
1631 1853 1763 1923 ἡμῖν

190 1944 394 2014 λογικῆς
416 1947 514 1997 καὶ
551 1948 743 2017 νοερᾶς
765 1945 978 2014 φύσεως
1020 1945 1241 2008 ἐνδίκως
1273 1942 1672 2014 ὁμολογεῖσθαι.
1699 1943 1761 1996 Εἰ

190 2037 237 2088 δὲ
274 2039 363 2089 καὶ
406 2039 571 2107 παρὰ
623 2038 939 2110 προαίρεσιν
991 2037 1160 2109 μυρία
1213 2036 1579 2107 συμϐαίνοντα
1631 2037 1762 2106 ἡμῖν

190 2129 302 2190 τοὺς
353 2128 592 2192 πολλοὺς
627 2130 735 2183 τῶν
789 2129 1091 2201 ἀνθρώπων
1134 2129 1412 2201 ταράττει,
1466 2127 1761 2198 διαιρετέον

192 2219 406 2274 ἐνταῦθα
436 2222 542 2292 τὴν
588 2223 693 2274 τῶν
720 2223 776 2274 ὲν
809 2215 890 2284 οἷς
920 2222 1086 2291 ἐσμεν
1115 2219 1296 2287 φύσιν,
1332 2196 1427 2272 καὶ
1457 2218 1548 2271 τὸν
1583 2217 1760 2286 λόγον,

191 2313 295 2365 καθ’
325 2314 382 2366 όν
407 2313 481 2365 τὰ
515 2314 620 2366 οὐκ
642 2316 876 2384 ἐφ’ὴμῖν
908 2314 1137 2382 γίνεται,
1175 2310 1590 2382 ἐπιθεωρητέον.
1609 2310 1764 2364 Οὕτω

192 2406 286 2474 γὰρ
313 2405 404 2457 καὶ
455 2405 671 2459 τούτων
719 2407 779 2458 τὸ
808 2407 978 2459 αἴτιον
1009 2397 1167 2469 οὔτις
1203 2403 1395 2471 ἄλογος
1447 2402 1761 2467 ἀναδέξεται

193 2497 506 2569 εἱμαρμένη,
546 2498 701 2566 λόγος
730 2498 786 2552 δὲ
819 2497 980 2551 πάλιν
1009 2496 1164 2559 ἄλλος
1206 2496 1306 2566 τῆς
1335 2494 1442 2547 τῶν
1471 2494 1606 2548 ὅλων
1631 2512 1762 2566 προ-

192 2586 322 2651 νοίας
344 2590 767 2662 ἀπηρτημένος.
811 2590 936 2662 Φέρ’
963 2585 1056 2643 οὖν
1085 2586 1360 2658 ἐπιμελῶς
1386 2585 1445 2639 τὸ
1472 2585 1761 2657 πρόϐλημα

195 2681 631 2752 ἐπισκεψώμεθα.

1867 565 2090 620 modum
2119 568 2400 622 institutas
2431 569 2546 622 lucc
2584 567 2772 637 opinio
2821 566 3135 622 labefactat.
3167 564 3303 621 Nam
3352 568 3444 622 cui

1868 666 1926 712 tu
1960 659 2130 724 bono,
2161 669 2259 714 aut
2298 659 2535 728 imperes
2581 658 2649 712 iis
2679 659 2982 728 quidpiam,
3014 667 3109 712 aut
3143 665 3316 726 vetes,
3347 659 3443 727 qui

1863 751 1977 822 jam
2006 751 2112 805 alia
2151 749 2437 806 constricti
2485 749 2814 804 necessitate
2852 751 3178 805 teneantur?
3203 749 3316 805 lmo
3344 765 3446 806 nec

1867 844 2155 900 hominum
2182 843 2390 900 scelera
2423 844 2620 914 punire
2646 852 2922 912 oporteat,
2953 845 3154 914 quippe
3193 845 3286 914 qui
3322 858 3446 914 pro-

1867 944 1986 1006 pter
2007 935 2253 991 eamdem
2281 951 2503 990 causam
2529 935 2807 1006 peccarint
2840 935 2974 989 nihil
3001 955 3013 989 :
3054 951 3154 991 nec
3189 951 3284 992 eos
3318 951 3446 991 con-

1870 1038 1979 1097 tra,
2017 1029 2109 1100 qui
2145 1030 2404 1100 praeclare
2431 1044 2490 1084 se
2523 1029 2812 1097 gesserint,
2843 1029 3146 1084 honoribus
3184 1030 3445 1100 praemiis-

1867 1136 1975 1191 que
2018 1122 2258 1190 donare;
2307 1121 2454 1192 quod
2501 1129 2792 1191 utrumque
2828 1131 3008 1176 tamen
3047 1137 3170 1176 cum
3221 1122 3287 1176 ad
3337 1122 3443 1176 im-

1869 1212 2197 1282 probitatem
2238 1213 2622 1277 coercendam,
2674 1222 2788 1268 tum
2836 1213 2902 1267 ad
2943 1214 3292 1268 excitandum
3332 1215 3442 1268 vir-

1871 1306 2000 1361 tutis
2023 1305 2287 1372 studium,
2315 1307 2571 1360 momenti
2595 1320 2809 1374 semper
2832 1321 2895 1360 ac
2922 1305 3118 1360 virium
3145 1305 3439 1374 plurimum

1869 1396 2082 1451 habuit.
2118 1396 2270 1452 Adde
2309 1396 2624 1464 religionem
2668 1412 2733 1451 ac
2767 1395 3019 1465 pietatem
3056 1395 3109 1449 in
3157 1394 3325 1449 Deum
3356 1411 3444 1451 ea-

1869 1488 1992 1542 dem
2035 1489 2300 1544 sententia
2348 1505 2524 1551 ruere,
2572 1488 2615 1542 si
2667 1503 2769 1542 nec
2811 1485 2951 1541 Deus
2994 1488 3128 1554 ipse.
3165 1501 3266 1541 nec
3310 1487 3443 1541 vati-

1868 1582 2138 1637 ciniorum
2173 1582 2400 1635 istorum
2439 1589 2714 1644 auctores,
2748 1579 2908 1650 245
2938 1581 3096 1634 nobis
3131 1581 3230 1634 hac
3269 1580 3442 1634 semel

1871 1675 1966 1729 fati
1995 1675 2318 1730 necessitate
2345 1673 2621 1741 obligatis,
2657 1674 2909 1738 precibus
2938 1674 3062 1727 licet
3092 1689 3156 1728 ac
3190 1673 3440 1741 religioni

1869 1781 2091 1836 operam
2122 1770 2332 1830 demus,
2371 1769 2606 1836 praesidii
2639 1767 2935 1835 quidquam
2965 1774 3058 1818 aut
3087 1764 3438 1819 emolumenti

1867 1856 2116 1911 conferre
2149 1858 2378 1928 possint.
2428 1857 2536 1914 Nos
2588 1875 2750 1928 porro
2800 1873 2951 1911 more
2999 1857 3278 1910 brutorum
3319 1857 3440 1910 ani-

1869 1949 2156 2014 mantium,
2204 1951 2311 2004 huc
2343 1951 2579 2020 illucque
2617 1951 2776 2016 trahi,
2818 1959 3041 2005 externa
3091 1951 3162 2016 vi,
3213 1950 3442 2020 quibus.

1867 2041 1991 2094 dam
2025 2044 2179 2110 quasi
2208 2040 2430 2097 funibus
2463 2044 2845 2103 eireumaetos,
2893 2051 2952 2095 ut
2980 2042 3085 2096 alia
3132 2042 3442 2098 necessario

1870 2131 2050 2187 facere
2079 2133 2331 2197 velimus,
2364 2134 2468 2188 alia
2499 2144 2687 2188 contra
2721 2149 2938 2189 sensum
2972 2144 3316 2202 mentemque
3341 2148 3442 2190 no-

1872 2234 2043 2279 stram
2068 2225 2354 2294 eligamus,
2389 2226 2477 2279 cui
2520 2240 2628 2279 non
2663 2226 3104 2295 indignissimum
3139 2241 3200 2280 ac
3235 2225 3442 2295 torpis-

1871 2316 2071 2370 simum
2125 2316 2250 2385 jure
2286 2316 2570 2370 videatur?
2617 2319 2853 2370 maxime
2892 2333 3015 2372 cum
3056 2334 3156 2374 nos
3211 2319 3278 2373 ad
3334 2319 3442 2374 alia

1870 2414 2065 2474 sponte
2095 2407 2330 2475 quadam
2372 2407 2682 2478 impetuque
2709 2417 2896 2462 nostro
2940 2407 3066 2462 ferri
3098 2409 3402 2464 sentiamus
3425 2449 3441 2473 ,

1869 2493 1974 2547 alia
2008 2510 2201 2550 rursus
2235 2511 2358 2550 cum
2405 2498 2753 2568 negligimus,
2798 2499 2969 2553 nostri
3007 2507 3121 2552 tum
3164 2499 3267 2568 ipsi
3304 2514 3442 2569 quo-

1868 2601 1975 2653 que
2006 2585 2210 2640 domini
2260 2599 2648 2662 compotesque
2695 2607 3047 2656 maneamus;
3093 2591 3338 2668 adeoque
3385 2592 3439 2646 in

1867 2693 2034 2733 causa
2072 2679 2265 2746 simus,
2302 2684 2658 2750 quamobrem
2693 2683 2927 2739 feliciter
2953 2684 3107 2754 quid,
3157 2693 3252 2737 aut
3281 2699 3442 2738 secus

195 2774 408 2840 eveniat,
432 2789 564 2828 cum
593 2776 676 2829 vis
699 2774 916 2830 aliunde
940 2773 1087 2828 nulla
1111 2773 1270 2828 nobis
1325 2771 1602 2835 all'eratur,
1653 2781 1815 2841 atque
1857 2771 1969 2826 haec
2017 2772 2093 2826 uti
2149 2785 2400 2843 optamus
2447 2777 2612 2842 ultro,
2675 2777 2755 2831 sic
2802 2777 2891 2831 illa
2954 2777 3196 2832 vicissim
3254 2777 3442 2831 eadem

197 2869 336 2936 plane
389 2871 665 2938 libertate,
721 2881 815 2926 aut
857 2870 1200 2942 defugiamus
1247 2870 1490 2935 omnino,
1539 2877 1634 2922 aut
1678 2884 1744 2922 ex
1809 2877 1961 2937 parte
2014 2869 2396 2924 detrectemus.
2435 2871 2500 2924 Et
2531 2887 2659 2926 vero
2693 2883 2804 2926 tam
2842 2883 2990 2928 certa
3048 2873 3209 2928 nobis
3253 2873 3440 2942 explo-

199 2973 402 3031 rataque
439 2974 527 3019 est
563 2966 677 3020 haec
715 2965 926 3018 arbitrii
961 2963 1131 3018 nostri
1166 2962 1326 3026 ratio,
1382 2971 1444 3017 ut
1477 2962 1699 3032 perinde
1743 2977 1808 3016 ac
1847 2962 1977 3015 dum
2030 2970 2125 3016 aut
2167 2963 2414 3018 dolemus
2445 2965 2570 3033 ipsi,
2605 2975 2699 3020 aut
2743 2965 3014 3031 laetamur,
3057 2974 3150 3020 aut
3194 2966 3442 3020 videmus

200 3057 481 3128 quidpiam,
521 3069 621 3114 aut
665 3060 938 3124 audimus,
973 3060 1024 3114 id
1071 3073 1101 3112 a
1148 3059 1308 3113 nobis
1346 3073 1406 3112 re
1451 3058 1588 3128 ipsa,
1641 3071 1750 3112 non
1806 3057 2219 3113 ratiocinatione
2253 3060 2359 3114 ulla
2419 3046 2630 3131 percipi
2677 3063 2962 3126 sentimus,
2996 3062 3070 3116 ita
3122 3077 3222 3116 nos
3251 3070 3443 3130 sponte

199 3151 520 3222 consilioque
562 3162 752 3208 nostro
797 3152 943 3221 duci,
974 3167 1040 3208 ac
1083 3152 1307 3207 delectis
1348 3152 1649 3218 nonnullis,
1694 3151 1764 3207 ab
1817 3152 1940 3207 aliis
2000 3152 2296 3210 abhorrere
2361 3156 2680 3212 sentiamus.
2721 3155 2972 3222 Prorsus,
3006 3166 3065 3211 ut
3103 3156 3251 3211 illam
3295 3156 3444 3210 arbi-

201 3247 277 3306 trii
336 3258 688 3317 potestatem,
760 3264 928 3319 penes
982 3257 1235 3302 naturam
1283 3247 1425 3302 hanc
1491 3257 1734 3302 nostram
1777 3248 1991 3302 ratione
2043 3258 2098 3305 et.
2139 3249 2494 3321 intelligentia
2539 3236 2817 3322 praeditam
2860 3267 3004 3316 esse,
3072 3249 3229 3304 fateri
3278 3263 3444 3303 nemo

200 3357 295 3398 nor.
339 3345 557 3401 debeat.
593 3345 688 3400 Sin
727 3355 908 3400 autem
966 3346 1109 3416 quod
1167 3343 1379 3398 inﬁnita
1418 3360 1635 3414 quoque
1667 3343 1827 3398 nobis
1886 3354 2082 3414 praeter
2126 3346 2422 3402 voluntatis
2471 3347 2796 3418 consiliique
2833 3348 3097 3402 rationem
3154 3344 3438 3407 eveniant,

203 3431 248 3486 id
277 3433 558 3491 hominum
615 3438 812 3507 vulgus
878 3437 1191 3508 perturbat;
1253 3445 1368 3491 tum
1431 3453 1562 3492 vero
1600 3445 1654 3491 et
1700 3435 2083 3508 distinguenda
2135 3440 2576 3510 secernendaque
2629 3455 2811 3495 rerum
2860 3441 3098 3506 illarum,
3139 3439 3192 3493 in
3241 3437 3442 3508 quibus

202 3541 500 3595 versamur,
548 3538 741 3583 natura
786 3529 910 3594 erit,
958 3537 1012 3582 et
1051 3529 1141 3582 illa
1188 3528 1352 3583 simul
1394 3527 1536 3583 ratio
1602 3526 2018 3590 consideranda,
2085 3544 2180 3598 per
2237 3544 2399 3598 quam
2455 3545 2518 3584 ea
2563 3531 2715 3594 liant,
2772 3545 2894 3598 qua:
2932 3529 3183 3597 potestati
3240 3534 3445 3580 nostra:

205 3617 447 3675 subducta
481 3621 614 3674 sint.
656 3619 748 3676 Sic
789 3620 933 3674 enim
987 3619 1259 3688 eiusmodi
1301 3634 1519 3690 quoque
1568 3633 1749 3671 rerum
1826 3632 2050 3672 causam
2119 3634 2225 3672 non
2273 3621 2514 3674 absurdo
2559 3618 2691 3683 fato,
2742 3619 2834 3672 sed
2885 3618 3040 3672 alteri
3093 3617 3322 3672 consilio
3372 3631 3442 3670 ex

204 3712 362 3767 divina
397 3729 485 3770 res
530 3715 581 3768 in
610 3729 801 3769 omnes
824 3713 1167 3768 Providentia
1215 3729 1506 3784 suspenso,
1546 3713 1886 3767 tribuendam
1934 3722 1989 3767 et
2043 3715 2426 3784 assignandam
2489 3730 2614 3770 esse
2665 3715 2954 3770 constabit.
2981 3716 3093 3784 Age
3117 3729 3268 3784 ergo,
3298 3727 3442 3783 quee-

207 3810 416 3864 stionem
452 3811 615 3864 istam
659 3808 945 3876 diligenter
975 3809 1339 3863 excutiamus.

267 3905 440 3959 Πάντα
492 3906 588 3976 μὲν
635 3904 847 3975 ἀθρόως
913 3907 978 3958 ἐκ
1019 3905 1153 3958 Θεοῦ
1200 3904 1456 3976 προνοίας
1513 3899 1650 3957 εἷναί
1701 3919 1758 3954 τε

1935 3900 2178 3955 Primum
2215 3901 2432 3970 quidem
2470 3901 2666 3954 divinze
2694 3899 3055 3954 Providentire
3104 3907 3270 3964 nutu,
3312 3913 3432 3953 cum

208 3996 286 4047 καὶ
309 3995 655 4059 διοικεῖσθαι,
707 3997 755 4048 οί
808 3995 906 4064 τῆς
959 3995 1192 4067 ἀληθοῦς
1250 3996 1530 4059 εὐσεϐείας
1573 3994 1762 4064 θεσμοὶ

1868 4010 2008 4059 esse,
2045 4005 2157 4046 tum
2193 3993 2304 4062 regi
2342 3993 2503 4047 simul
2550 3993 2826 4054 universa,
2861 4008 3000 4045 verae
3040 3992 3320 4062 religionis
3351 3992 3424 4047 de

206 4089 613 4161 διαγορεύουσιν·
641 4089 741 4161 ἤδη
776 4089 832 4142 δὲ
869 4091 990 4144 κατ’
1033 4085 1172 4152 εἶδος
1217 4089 1360 4152 ἰδίως
1404 4089 1609 4141 ἕκαστα
1654 4086 1762 4138 τῶν

1868 4097 2009 4142 creta
2053 4086 2324 4140 sanciunt.
2369 4085 2492 4140 Jam
2538 4101 2687 4150 vero,
2730 4101 2850 4154 qua:
2885 4086 3020 4139 liunt
3069 4085 3304 4155 singula,
3339 4099 3439 4155 pro

210 4183 565 4252 γιγνομένων,
621 4182 690 4234 τά
741 4184 838 4252 μὲν
884 4182 996 4248 ἕξει
1052 4182 1186 4250 (59),
1239 4181 1307 4234 τὰ
1352 4179 1408 4233 δὲ
1462 4180 1640 4248 φύσει,
1695 4179 1764 4231 τὰ

1868 4197 1961 4236 sua
1995 4193 2226 4249 qumque
2258 4193 2322 4232 ac
2351 4181 2610 4248 peculiari
2661 4178 2858 4242 forma,
2892 4179 3020 4232 dum
3067 4178 3171 4231 alia
3218 4177 3436 4248 quidem

208 4272 255 4323 δὲ
286 4276 419 4347 ὁρμῇ
452 4275 546 4327 καὶ
599 4276 893 4346 φαντασίᾳ,
944 4275 1013 4328 τὰ
1064 4274 1121 4326 δὲ
1168 4273 1412 4344 λογισμῷ
1439 4273 1532 4326 καί
1585 4271 1760 4343 οἰκείᾳ

1868 4274 2072 4337 habitu,
2113 4272 2216 4326 alia
2276 4283 2491 4336 natura,
2529 4286 2831 4340 rursusque
2887 4270 2990 4324 alia
3027 4271 3227 4339 impetu
3274 4279 3438 4339 atque

211 4366 365 4435 κρίσει
395 4383 456 4419 τε
499 4368 590 4418 καὶ
644 4369 956 4438 προαιρέσει
999 4366 1311 4436 κινούμενα·
1345 4367 1440 4418 καὶ
1498 4364 1634 4419 ἀλλα
1665 4365 1764 4435 μὲν

1868 4382 2050 4428 sensu,
2081 4366 2184 4420 alia
2223 4381 2352 4421 vero
2400 4363 2832 4426 ratiocinatione,
2865 4378 2930 4417 ac
2969 4361 3196 4431 judicio,
3230 4376 3437 4430 suaque

212 4457 330 4510 κατὰ
361 4457 767 4530 προηγούμενον
801 4457 956 4526 λόγον
996 4458 1312 4528 γιγνόμενα,
1342 4457 1505 4528 ἔτερα
1532 4457 1588 4509 δὲ
1642 4456 1761 4508 κατ’

1868 4458 1999 4510 adeo
2035 4467 2225 4526 sponte
2255 4455 2590 4524 arbitrioque
2625 4463 2944 4509 moventur:
2987 4453 3225 4521 dumque
3277 4453 3434 4508 simi-

213 4550 670 4622 ἱπισυμῦεδηκότα
702 4554 813 4614 τοῖς
839 4551 1262 4622 προηγουμένως
1297 4551 1564 4618 γεγονόσι,
1592 4549 1764 4602 ποικί-

1868 4550 1986 4604 liter
2025 4550 2127 4603 alia
2164 4549 2431 4619 superiori
2459 4547 2692 4618 quadam
2722 4555 2776 4600 et
2806 4546 3002 4616 prazvia
3035 4545 3242 4600 ratione
3277 4546 3432 4607 ﬁunt,

213 4639 294 4704 λην
323 4643 413 4697 καὶ
438 4641 766 4714 πολύτροπον
786 4641 885 4712 τὴν
914 4641 1006 4694 τοῦ
1040 4640 1237 4704 παντὸς
1269 4641 1631 4712 συνεστήσατο
1656 4640 1764 4692 δια-

1868 4642 1968 4695 alia
1997 4641 2156 4695 modo
2177 4640 2518 4709 superiorum
2555 4637 2661 4690 vim
2699 4653 2763 4692 ac
2788 4638 3010 4690 ductum
3043 4643 3432 4704 consequente,

214 4735 482 4807 κόσμησιν,
540 4736 753 4805 ἑκάστῳ
781 4735 928 4804 γένει
963 4733 1072 4786 τῶν
1106 4734 1276 4786 ὄντων
1322 4732 1456 4785 ἰδίαν
1493 4733 1586 4785 καὶ
1612 4734 1764 4800 ἀφω-

1868 4735 2071 4788 variam
2113 4750 2176 4788 ac
2213 4733 2565 4802 multiplicem
2614 4731 2776 4799 hujus
2809 4730 3049 4784 universi
3081 4729 3317 4798 speciem
3343 4742 3436 4782 or-

217 4828 454 4898 ρισμένην
478 4827 600 4880 τινὰ
633 4827 845 4896 φύσεως
881 4825 1228 4896 κατασκευὴν
1261 4824 1355 4876 τοῦ
1380 4823 1486 4876 τῶν
1521 4824 1656 4876 ὅλων
1679 4826 1760 4877 αἱ-

1868 4838 2165 4895 natumque
2208 4825 2544 4888 conllaruut;
2594 4838 2718 4876 cum
2765 4830 2953 4874 auctor
2996 4819 3240 4875 omnium
3279 4819 3436 4873 moli-

213 4917 307 4970 τίον
330 4920 722 4990 διανείμαντος.
776 4920 944 4991 Σχολῇ
985 4919 1081 4990 μὲν
1133 4915 1225 4971 οὖν
1262 4935 1344 4982 τις
1374 4917 1464 4968 τὸν
1508 4915 1761 4988 περὶτῶν

1868 4926 2056 4987 torque
2098 4915 2239 4971 Deus
2277 4931 2432 4970 suam
2479 4914 2701 4967 cuilibet
2747 4926 2926 4965 rerum
2976 4911 3159 4981 generi
3201 4909 3438 4980 singula-

216 5013 364 5070 ἄλλων
395 5015 652 5081 διεξέλθοι
701 5015 880 5082 λόγον’
929 5015 1018 5068 τὸν
1051 5014 1106 5067 δὲ
1138 5013 1265 5080 περὶ
1297 5011 1392 5065 τοῦ
1416 5009 1760 5075 αὐτεξουσίου

1868 5026 2088 5080 remque
2155 5019 2360 5063 natura:
2427 5005 2795 5062 conditionem
2834 5003 3160 5056 attribuerit.
3205 5003 3284 5056 Ac
3328 5016 3436 5056 cae-

219 5109 327 5177 ῥᾷον
343 5109 643 5180 καταμάθοι
665 5107 731 5161 ἂν
755 5102 875 5160 ὧδε.
919 5107 1070 5158 Ἐπεὶ⁹
1119 5104 1192 5176 μὴ
1234 5103 1516 5175 μονογενὲς
1548 5121 1600 5156 τι
1629 5101 1763 5173 χρῆ-

1868 5113 2104 5156 terarum
2141 5101 2356 5171 quidem
2380 5100 2486 5152 vim
2524 5105 2688 5166 atque
2721 5093 2985 5147 rationem
3022 5091 3247 5161 exsequi
3276 5106 3432 5147 com-

222 5218 300 5268 με,
332 5203 450 5274 μηδ’
477 5202 540 5254 ἑκ
573 5201 701 5270 μιᾶς
755 5197 1024 5262 συνεστὼς
1058 5197 1270 5266 φύσεως
1325 5196 1581 5266 τυγχάνει
1631 5192 1706 5245 ὢν
1734 5193 1761 5245 ὁ

1870 5197 2137 5266 plectique
2190 5192 2405 5248 dilIieile
2457 5191 2650 5258 fuerit;
2693 5188 2900 5244 arbitrii
2955 5200 3084 5240 vero
3129 5185 3432 5238 libertatem

219 5291 496 5362 ἅνθρωπος,
529 5293 592 5345 ὲκ
618 5290 834 5344 δυοῖνδὲ
861 5289 1114 5342 ἐναντίων
1157 5287 1339 5359 εἴληχε
1385 5285 1482 5358 τὴν
1516 5284 1758 5346 σύνοδον,

1869 5257 2016 5341 hunc
2049 5257 2116 5338 in
2160 5285 2380 5338 modum
2422 5282 2726 5343 ostendere,
2769 5279 2928 5347 longe
2979 5274 3219 5329 facilius.
3271 5271 3436 5343 246

224 5381 444 5452 σώματος
471 5383 562 5436 καὶ
586 5381 784 5452 ψυχῆς
821 5380 914 5432 τοῦ
952 5381 1047 5451 μὲν
1099 5379 1239 5431 κατά
1295 5376 1636 5447 συμϐεϐηκὸς
1665 5374 1759 5444 ὀρ-

1868 5379 2002 5433 Cum
2034 5379 2194 5432 homo
2221 5391 2328 5429 non
2365 5391 2452 5430 res
2482 5389 2586 5428 una
2617 5372 2862 5443 quaedam
2891 5370 2962 5426 sit
2988 5377 3149 5437 atque
3179 5365 3432 5436 simplex,

1868 5557 2026 5626 φύσις
2069 5565 2413 5626 opponuntur
2454 5573 2465 5608 :
2505 5568 2624 5626 meo
2654 5551 2880 5626 judicio,
2915 5549 3054 5626 quod
3094 5546 3284 5626 tb‘pév
3321 5543 3432 5597 ἔξει

1864 5617 2126 5680 κινεῖσθαὶ
2144 5617 2157 5626 ’
2179 5627 2248 5680 sit
2286 5628 2343 5678 ἑν
2369 5627 2478 5688 τοῖς
2508 5617 2740 5691 ἀλόγοις,
2771 5621 2830 5675 τὸ
2858 5617 2997 5675 κατὰ
3031 5617 3332 5691 συνήθειαν,
3377 5634 3434 5667 τι

1861 5715 1988 5751 vero
2030 5697 2223 5766 φύσει,
2272 5696 2380 5750 ἀπὸ
2421 5689 2800 5764 ταύτομάτου,
2834 5693 2926 5746 καὶ
2976 5689 3157 5753 καθὼς
3203 5690 3434 5743 ἕκαστον
3496 5731 3501 5751 ;

1861 5773 2120 5820 πέσυκεν.

281 5557 375 5628 (58)
407 5556 1044 5628 Καταλαμϐανομένων.
1078 5555 1237 5609 Forte
1265 5553 1473 5628 legend.
1498 5554 1762 5628 sitatam:

222 5622 657 5712 λαμϐανομένοις,
682 5637 742 5682 ut
767 5622 1054 5682 conveniat
1102 5641 1224 5680 cum
1270 5622 1648 5694 praecedentib.
1685 5622 1763 5692 τῷ

255 5714 305 5746 Αν
499 5717 528 5749 ⁸.

223 5713 250 5745 α
281 5712 628 5836 (ιῐξθΐῖἓμὲν
653 5767 793 5830 ἔξει.
839 5767 1010 5832 ”Εξις,
1044 5777 1099 5820 ut
1135 5763 1444 5836 πολύσημόν
1487 5780 1537 5815 τι
1556 5805 1573 5836 ,ν
1591 5765 1680 5836 _sic
1711 5775 1764 5818 et

222 5834 464 5909 8:a;6pm;
514 5834 904 5908 ἀντικείμενον.
952 5836 1062 5892 Hoc
1122 5834 1335 5902 quidem
1397 5838 1514 5889 loco
1553 5834 1664 5898 ἕξις
1709 5848 1759 5889 et
