3864 6386
476 291 580 346 ειο

1078 288 1352 346 EUSEBll
1392 287 1873 345 CESARIENSIS
1906 286 2057 342 OPP.
2102 285 2284 341 PARS
2322 287 2387 340 Il.
2430 316 2500 326 —--
2534 280 3039 339 APOLOGETICA.

3628 277 3738 333 uo

479 417 575 463 aut
616 407 775 464 unica
818 417 1012 462 natura
1054 416 1338 468 constans,
1377 408 1469 462 sed
1510 422 1576 461 ex
1606 407 1837 462 duarum
1884 422 1949 461 ac
1977 406 2053 461 di-

2159 408 2319 476 γάνου
2349 408 2413 477 τῇ
2442 404 2585 476 ψυχῇ
2619 403 2927 474 δεδεμένου,
2950 402 3050 472 τῆς
3070 400 3126 454 δὲ
3165 400 3357 471 νοερᾶς
3383 398 3575 462 οὐσίας
3602 397 3747 452 κατά

480 517 796 566 Versarum,
846 502 1092 570 corporis
1134 500 1392 554 nimirum
1440 509 1492 554 et
1554 501 1759 568 animi,
1798 502 2058 557 societate

481 594 749 661 conﬂata;
795 604 851 648 et
897 608 1097 662 corpus
1150 590 1369 661 quidem
1418 592 1624 655 animo,
1676 602 1938 664 tanquam
1970 593 2056 647 in-

483 697 868 751 strumentum,
896 685 1283 757 consequentia
1317 686 1557 755 quadam
1589 685 1904 755 alligatum;
1942 685 2055 755 spi-

484 779 658 833 ritalis
708 794 837 832 vero
869 779 1288 848 intelligensque
1335 787 1553 840 natura,
1599 778 1652 831 vi
1697 776 1959 846 principis
1990 777 2056 831 il-

483 871 588 926 lius
647 869 875 924 rationis
914 870 1149 923 existat:
1182 883 1415 937 cumque
1452 868 1679 923 alterum
1721 869 1934 922 ratione
1968 884 2058 922 ca-

483 969 619 1027 reat,
659 960 825 1016 altera
866 959 1092 1028 praedita
1123 959 1229 1025 sit;
1268 958 1497 1012 alterum
1526 958 1932 1027 corruptionem
1968 973 2059 1028 pa-

481 1054 665 1117 tiatur,
717 1052 887 1106 altera
930 1051 1188 1116 minime;
1239 1060 1517 1120 postremo
1551 1051 1781 1104 alterum
1829 1050 2058 1105 mortale

482 1145 572 1207 sit,
607 1145 775 1199 altera
817 1144 1172 1199 immortalis:
1206 1158 1271 1197 ac
1293 1141 1524 1212 proinde
1549 1157 1747 1211 corpus
1775 1142 1905 1196 illud
1936 1142 2059 1196 bru-

484 1238 552 1293 tis
588 1237 959 1292 animantibus
994 1235 1158 1290 afﬁne
1183 1250 1247 1290 ac
1280 1234 1554 1305 geminum
1587 1234 1908 1301 habeamus,
1938 1234 2059 1289 ani-

481 1342 629 1380 mum
655 1338 866 1391 contra,
907 1343 1031 1380 cum
1063 1327 1396 1395 intelligente
1422 1325 1829 1394 immortalique
1860 1336 2056 1381 natura

480 1420 716 1487 quadam
744 1419 910 1473 veluti
937 1420 1262 1490 cognatione
1288 1418 1641 1488 conjunctum
1666 1436 1680 1472 :
1712 1419 1910 1473 mirum
1938 1434 2059 1489 pro.

482 1510 624 1566 feclo
669 1526 778 1564 non
831 1522 935 1569 est.
984 1512 1028 1564 si
1055 1512 1330 1578 geminum
1378 1511 1547 1564 hocce
1590 1526 1830 1580 germen,
1871 1522 2059 1580 utpote

481 1604 716 1674 duplicis
753 1614 965 1660 naturae
1013 1605 1400 1661 communione
1438 1614 1824 1675 temperatum,
1854 1604 2055 1674 duplici

492 1712 708 1765 quoque
738 1697 925 1762 vitam,
954 1710 1140 1767 'caque
1176 1696 1412 1763 diversa,
1461 1698 1674 1751 ratione
1717 1696 2052 1750 conformet:

484 1797 543 1841 ut
576 1790 739 1841 modo
774 1787 1020 1857 corporis
1054 1798 1263 1842 naturae
1304 1787 1528 1851 serviat,
1564 1787 1723 1841 modo
1750 1786 2053 1841 libertatem
2088 1770 2128 1823 Β

484 1880 655 1949 partis
703 1879 990 1934 divinioris
1024 1878 1300 1948 propriam
1339 1880 1765 1948 complectatur;
1813 1879 2056 1947 adeoque

485 1973 645 2027 timui
675 1972 727 2025 in
754 1972 1035 2037 servitute,
1071 1970 1235 2026 simul
1264 1970 1317 2024 in
1344 1969 1595 2024 libertate
1618 1977 1885 2030 versetur,
1915 1968 2059 2023 hanc

483 2081 510 2117 τι
542 2060 675 2129 Deo,
719 2078 857 2133 quas
887 2063 957 2115 ob
991 2078 1189 2117 causas
1222 2062 1337 2131 ipse
1369 2062 1537 2123 novit,
1586 2063 1833 2131 corporis
1862 2060 2058 2115 animi-

480 2171 587 2224 que
600 2155 1040 2225 conjunctionem
1064 2154 1339 2208 sortitum.
1356 2152 1556 2220 Quare,
1579 2154 1830 2224 quisquis
1853 2169 1915 2208 ea
1938 2170 2059 2223 quae

481 2246 733 2314 corporis
760 2254 854 2298 aut
890 2244 1059 2298 animi
1102 2251 1314 2300 natura:
1343 2246 1697 2311 conveniunt,
1731 2244 1825 2299 fati
1852 2245 2058 2299 abusus

485 2337 729 2403 nomine,
776 2336 1091 2391 necessitati
1139 2345 1399 2407 tanquam
1449 2352 1630 2393 causa:
1668 2337 1979 2407 subjecerit,
2012 2338 2057 2392 is

483 2426 728 2500 profecto
755 2444 785 2483 a
816 2444 941 2484 vera
971 2427 1337 2499 appellatione
1382 2429 1672 2485 aberrarit.
1704 2427 1840 2483 Nam
1878 2430 1925 2484 si
1958 2446 2059 2484 nec

482 2518 578 2575 fati
623 2520 942 2575 necessitati
972 2521 1190 2575 obviam
1220 2521 1288 2576 iri
1316 2530 1513 2591 potest,
1550 2533 1604 2577 et
1644 2537 1767 2592 quae
1798 2531 1906 2576 tam
1936 2537 2059 2577 cor-

484 2613 625 2681 pori,
656 2627 821 2682 quam
866 2612 1052 2667 animo
1091 2622 1301 2667 natura:
1330 2613 1453 2683 jure
1499 2614 1820 2681 debeantur,
1850 2623 2056 2684 partem

482 2717 624 2772 saepe
680 2701 975 2757 maximam
1045 2701 1295 2772 impediri
1365 2702 1588 2757 solent:
1653 2702 1700 2757 si
1742 2718 1933 2758 rursus
1977 2704 2060 2755 in-

481 2794 632 2848 tinita
665 2791 831 2864 prope
864 2793 971 2848 alia
1011 2794 1356 2849 extrinsecus
1384 2795 1662 2859 eveniunt,
1704 2810 1827 2865 quae
1868 2805 2061 2865 praeter

483 2897 735 2943 naturam
768 2903 899 2942 casu
941 2888 1179 2957 quodam
1216 2888 1460 2942 animum
1511 2902 1824 2957 corpusque
1874 2902 2064 2941 conse-

480 2989 755 3049 quantur;
789 2978 961 3033 fatum
1000 2988 1053 3034 et
1081 2988 1333 3034 naturam
1380 2980 1521 3034 idem
1555 2995 1678 3035 esse
1717 2981 1842 3049 quis
1886 2980 2060 3050 putet?

2160 500 2249 551 τὸν
2280 501 2685 570 προηγούμενον
2714 496 3027 565 ὑποστάσης
3056 493 3228 560 λόγον’
3251 492 3344 546 καὶ
3369 490 3464 544 τοῦ
3496 490 3598 563 μὲν
3620 489 3751 544 ἀλό-

2161 610 2280 661 γου,
2305 594 2401 663 τῆς
2429 592 2485 645 δὲ
2519 590 2745 659 λογικῆς
2773 588 3167 659 τυγχανούσης
3200 586 3295 639 καὶ
3323 584 3486 639 πάλιν
3510 582 3606 638 τοῦ
3648 584 3749 654 μὶν

2160 683 2422 754 φθαρτοῦ,
2440 685 2538 754 τῆς
2560 685 2617 737 δὲ
2643 678 2939 754 ἀφθάρτοψ
2970 679 3065 733 καὶ
3092 678 3320 749 θατέρου
3344 675 3565 747 θνητοῦ,
3589 676 3753 729 θατέ-

2161 792 2259 847 ρας
2288 774 2343 827 δὲ
2371 774 2661 828 ἀθανάτου·
2694 773 2823 827 ὥσθ’
2848 773 2994 843 ἡμᾶς
3026 771 3188 840 θηρσὶ
3214 768 3311 840 μὲν
3346 768 3567 836 ἀλόγοις
3590 766 3754 820 ἀδελο

2160 867 2258 936 φὸν
2284 868 2467 939 φέρειν
2489 868 2550 920 τὸ
2576 867 2758 938 σῶμα,
2774 865 2949 936 ψυχὴν
2975 864 3033 917 δὲ
3056 867 3120 934 τῇ
3148 862 3338 931 λογικῇ
3368 861 3463 913 xu‘t
3486 858 3752 926 ἀθανάτῳ

2161 958 2319 1028 φύσει
2344 960 2598 1031 συγγενῆ
2634 957 2806 1031 ταύτῃ
2828 974 2911 1010 τοι
2955 956 3102 1019 εἰκὸς
3124 955 3185 1007 τὸ
3222 952 3409 1023 διφυὲς
3438 952 3589 1004 τουτὶ
3610 950 3752 1020 βλίο

2160 1069 2364 1123 στημα,
2398 1052 2578 1120 διττῆς
2612 1051 2705 1104 ἆτε
2755 1049 2969 1119 φύσεως
3002 1044 3419 1116 κεκοινωνηκὸς,
3455 1041 3620 1113 διττῷ
3652 1042 3759 1094 καὶ

2157 1142 2395 1214 διαφόρῳ
2421 1142 2480 1195 τὸ
2530 1140 2629 1211 ζῇν
2673 1140 2996 1193 ἀπευθύνειν
3051 1138 3258 1209 τρόπῳ·
3289 1136 3411 1189 τοτὲ
3444 1135 3543 1205 μὲν
3582 1131 3758 1202 φύσει

2161 1233 2409 1304 σώματος
2436 1231 2710 1292 δουλεῦον,
2735 1231 2857 1283 τοτὲ
2880 1230 2937 1283 δὲ
2964 1231 3029 1299 τῇ
3060 1227 3306 1296 θειοτέρα
3339 1225 3503 1296 μοίρᾳ
3529 1223 3632 1294 τὴν
3682 1224 3760 1275 οἱα

2159 1329 2311 1382 κείαν
2341 1325 2718 1396 ἀσπαζόμενον
2748 1322 3075 1394 ἐλευθερίανο
3114 1321 3188 1383 ὡς
3231 1320 3324 1373 καὶ
3370 1317 3558 1370 δοῦλον
3604 1311 3756 1371 εἶναι

2156 1422 2247 1475 τὸν
2272 1420 2434 1474 αὐτὸν
2480 1419 2573 1472 καὶ
2631 1416 2937 1485 ἐλεύθερον,
2978 1413 3236 1485 τοιαύτην
3286 1410 3406 1465 τινὰ
3454 1410 3611 1482 παρὰ
3655 1410 3757 1464 τοῦ

2157 1513 2313 1578 Θεοῦ,
2335 1513 2401 1567 δι’
2426 1510 2520 1576 οὒς
2546 1509 2653 1565 οἶδε
2685 1510 2879 1579 λόγους
2906 1507 3086 1572 αὐτὸς,
3118 1503 3539 1576 κεκληρωμένον
3565 1502 3760 1573 ψυχῆς

2158 1607 2253 1661 καὶ
2284 1605 2534 1677 σώματος
2564 1601 2864 1675 ἐπιμιξίαν.
2893 1602 2955 1653 Εἰ
2984 1600 3048 1669 δὴ
3089 1596 3181 1653 οὖν
3208 1616 3293 1662 τις
3321 1597 3390 1651 τὰ
3416 1597 3562 1651 κατά
3584 1597 3765 1665 φύσιν

2158 1698 2275 1770 ἦτοι
2300 1697 2393 1751 τοῦ
2423 1696 2673 1768 σώματος
2701 1696 2733 1766 ἢ
2760 1695 2851 1747 καὶ
2878 1693 2977 1765 τῆς
2998 1692 3195 1762 ψυχῆς,
3246 1688 3594 1761 εἱμαρμένης
3635 1687 3761 1739 ὀνό-

2161 1808 2289 1861 ματι
2308 1787 2610 1861 χρώμενος,
2648 1787 2739 1838 ὑπ’
2763 1784 2938 1838 αἰτίαν
2962 1783 3209 1853 ἀνάγκης
3253 1779 3613 1841 καταϐάλλοι,
3640 1779 3763 1831 δια-

2162 1882 2356 1954 μάρτοι
2378 1881 2443 1934 ἂν
2468 1881 2566 1951 τῆς
2589 1878 2797 1942 οἰκείας
2823 1876 3218 1950 προσηγορίας.
3249 1872 3312 1927 Ei
3338 1872 3446 1943 γὰρ
3471 1871 3764 1942 εἱμαρμέ-

2158 1993 2253 2046 νης
2277 1975 2520 2045 ἀνάγκης
2546 1990 2630 2036 τις
2650 1969 2717 2045 ἦν
2748 1969 3046 2033 ἀκώλυτος,
3096 1967 3264 2021 πολλά
3311 1966 3367 2019 δὲ
3397 1966 3509 2019 τῶν
3534 1964 3619 2036 τῷ
3654 1964 3761 2018 σώ-

2162 2086 2289 2139 ματι
2312 2067 2407 2121 καὶ
2428 2070 2493 2138 τῇ
2520 2065 2664 2141 ψυχῇ
2693 2063 2834 2117 κατά
2855 2062 3015 2133 φύσιν
3046 2062 3357 2133 προσόντων
3382 2055 3763 2128 παραποδίζε-

2157 2179 2267 2222 ται,
2299 2158 2468 2231 μυρία
2488 2174 2547 2210 τε
2576 2155 2773 2221 ἔξωθεν
2795 2153 2929 2208 ἄλλα
2958 2152 3194 2221 συναντᾷ
3224 2148 3376 2221 παρά
3411 2147 3577 2217 φύσιν
3604 2146 3762 2199 κατά

2157 2272 2209 2306 τι
2240 2250 2583 2323 συμϐεϐηκὸς
2626 2248 2721 2302 καὶ
2767 2247 2912 2318 ψυχῇ
2943 2245 3035 2300 καὶ
3095 2243 3309 2314 σώματι
3357 2240 3760 2312 παρεπόμενα⁸

2160 2345 2279 2409 πῶς
2310 2344 2376 2398 ἂν
2407 2343 2491 2413 εἴη
2538 2341 2733 2395 ταύτὸν
2765 2338 3075 2411 εἱμαρμένη
3132 2336 3227 2389 καὶ
3277 2333 3476 2404 φύσιςς
3536 2333 3609 2385 Ei.
3644 2330 3766 2401 γὰρ

2157 2435 2574 2509 ἀπαράλλακτόν
2607 2449 2770 2503 φασιν
2796 2429 2936 2485 εἶναι
2991 2429 3089 2499 τὴν
3115 2427 3481 2499 εἱμαρμένην,
3506 2425 3613 2479 καὶ
3686 2425 3764 2495 μὴ

2158 2528 2414 2583 δύνασθαί
2437 2544 2487 2580 τι
2516 2527 2643 2597 παρ’
2678 2522 2846 2594 αὐτὴν
2874 2522 3116 2591 γίνεσθαι
3167 2520 3441 2591 (ἀνάγκην
3455 2519 3583 2590 ,γὰρ
3610 2512 3763 2572 εἶναι

2158 2618 2603 2693 ἀπαραίτητον),
2655 2614 2827 2669 πολλά
2866 2614 2943 2679 δὲ,
2994 2614 3068 2677 ὡς
3095 2613 3252 2684 ἔφην,
3293 2612 3442 2683 παρά
3482 2610 3556 2663 τὰ
3607 2612 3766 2663 κατά

2160 2714 2322 2785 φύσιν
2354 2712 2448 2765 καὶ
2473 2710 2616 2781 ψυχῇ
2645 2708 2740 2762 καὶ
2772 2705 2985 2777 σώματι
3013 2704 3433 2775 συμϐαίνει,οὐκ
3463 2702 3535 2755 ἂν
3567 2701 3767 2772 ὀρθῶς

2158 2824 2243 2870 τις
2270 2804 2545 2875 ὀνομάζοι,
2573 2801 2766 2854 ταύτὸν
2788 2794 2926 2852 εἶναι
2956 2797 3129 2865 λέγων
3155 2796 3496 2868 εἱμαρμένην
3526 2794 3634 2847 καὶ
3668 2797 3771 2862 φύ-

2161 2916 2264 2953 σιν.
2287 2896 2487 2951 Γένοιτ’
2519 2895 2585 2948 ἂν
2610 2889 2703 2946 οὖν
2727 2891 2837 2945 τῶν
2887 2891 3056 2944 ὄντων
3081 2893 3138 2943 ὲν
3172 2892 3302 2960 ἡμῖν
3344 2887 3414 2941 τά
3470 2885 3579 2958 μὲν
3608 2888 3769 2940 κατὰ

2159 2989 2416 3060 λογισμὸν
2447 2988 2542 3041 καὶ
2589 2986 2909 3058 προαίρεσιν
2963 2984 3061 3053 τὴν
3096 2982 3186 3050 ὑφ’
3211 2980 3366 3052 ἡμῶν
3416 2978 3533 3049 (60)
3562 2981 3769 3048 γιγνό-

483 3071 540 3125 Si
568 3071 712 3126 enim
744 3082 838 3125 aut
876 3071 1048 3125 fatum
1083 3071 1192 3125 ullo
1231 3072 1392 3127 modo
1424 3072 1710 3135 declinari,
1745 3080 1838 3125 aut
1862 3080 2054 3141 praeter

2163 3098 2319 3153 μενα,
2347 3074 2436 3132 οἷα
2459 3079 2528 3132 τά
2559 3077 2700 3131 κατὰ
2759 3075 2921 3146 φύσιν
2944 3074 3143 3146 ψυχῆς,
3193 3072 3262 3126 τὰ
3308 3072 3363 3125 δὲ
3411 3070 3559 3125 κατά
3586 3071 3770 3141 φύσιν

484 3164 615 3218 illud
659 3164 775 3218 ﬁeri
809 3164 1108 3234 quidquam
1153 3179 1313 3234 posse
1350 3172 1568 3233 negent,
1611 3165 1755 3233 quod
1804 3164 2054 3218 inexora-

482 3257 605 3311 bilis
648 3256 721 3311 sit
771 3257 1102 3312 neccssitas:
1144 3265 1199 3310 et
1252 3257 1487 3326 plurima
1533 3265 1740 3322 tamen,
1772 3257 1849 3310 uti
1898 3256 2049 3323 dixi,

480 3348 667 3401 animo
706 3348 1032 3417 corporique
1071 3356 1270 3415 praeter
1313 3356 1563 3400 naturam
1617 3347 1875 3400 eveniunt
1904 3365 1917 3399 :
1943 3363 2057 3416 per-

483 3453 665 3507 peram
703 3454 835 3493 sane
870 3438 1082 3505 fecerit,
1114 3439 1209 3509 qui
1254 3454 1423 3492 unum
1456 3439 1711 3507 idemque
1756 3436 1867 3493 fato
1896 3450 2057 3492 natu-

482 3544 664 3599 raeque
700 3544 897 3584 nomen
929 3530 1205 3585 indiderit.
1232 3528 1543 3595 Enimvero,
1588 3541 1648 3585 ut
1686 3546 1898 3595 eorum,
1934 3548 2056 3601 qua:

483 3622 641 3677 nobis
669 3623 875 3688 insunt,
920 3624 1024 3678 alia
1055 3625 1264 3679 ratione
1298 3625 1635 3694 consilioque
1676 3624 1809 3679 ﬁant
1844 3635 2052 3692 nostro,

480 3712 791 3783 cujusmodi
816 3724 966 3780 sunt,
991 3730 1331 3784 quacunque
1354 3732 1479 3770 cum
1506 3715 1673 3769 animi
1702 3725 1894 3770 natura
1919 3731 2053 3770 con-

481 3807 726 3872 veniunt,
769 3806 876 3861 alia
914 3815 1077 3877 prout
1116 3807 1368 3876 corporis
1412 3818 1605 3862 natura
1641 3808 1911 3878 postulat;
1950 3809 2052 3863 alia

480 3898 698 3953 demum
728 3902 964 3971 utrique,
984 3900 1189 3965 animo,
1218 3900 1463 3969 inquam,
1488 3900 1812 3970 corporique
1834 3900 1914 3955 sic
1938 3916 2056 3955 eve—

483 3992 655 4055 niant,
694 4000 753 4045 ut
785 4008 907 4047 cum
959 3992 1192 4046 aliarum
1236 4008 1417 4045 rerum
1466 4002 1659 4046 natura
1705 3993 2050 4048 cohazreant:

482 4094 661 4138 tamen
701 4099 799 4139 nec
827 4099 891 4139 ea
931 4100 1050 4153 qum
1077 4086 1142 4139 ad
1190 4084 1357 4137 animi
1381 4083 1691 4151 arbitrium,
1720 4100 1821 4139 nec
1842 4100 1905 4139 ea
1933 4100 2053 4154 qua:

483 4173 728 4244 corporis
764 4176 829 4229 ad
884 4186 1136 4229 naturam
1186 4174 1477 4244 pertinent,
1519 4175 1629 4229 imo
1680 4190 1780 4228 nec
1824 4190 1887 4229 ea
1930 4190 2053 4244 quae

482 4280 611 4320 casu
667 4266 991 4335 contingunt
1035 4266 1399 4331 extrinsecus,
1455 4282 1633 4321 causa:
1692 4281 1805 4320 suae
1858 4266 2053 4319 merito

481 4356 713 4411 subduci
763 4365 988 4425 queant.
1017 4356 1164 4411 Idem
1207 4355 1353 4410 enim
1402 4356 1491 4411 ille
1528 4356 1692 4422 Deus,
1743 4356 1837 4426 qui
1883 4354 2052 4410 totius

2158 3172 2252 3225 τοῦ
2280 3171 2552 3243 σώματος,
2592 3170 2660 3222 τὰ
2683 3169 2739 3221 δὲ
2763 3168 2972 3232 τούτοις
3006 3169 3102 3238 μὲν
3156 3164 3564 3237 συμϐεϐηκότα,
3602 3165 3765 3236 ψυχῇ

2158 3264 2300 3333 λέγω
2338 3266 2433 3317 καὶ
2462 3262 2694 3334 σώματι,
2728 3262 2935 3333 ἑτέροις
2956 3261 3012 3314 δὲ
3040 3258 3436 3329 συντελούμενα
3464 3256 3626 3311 κατὰ
3655 3256 3767 3326 φύ-

2161 3369 2264 3408 σιν⁶
2298 3354 2413 3407 ἀλλ’
2446 3354 2569 3406 οὕτε
2584 3354 2683 3423 τῆς
2708 3352 2889 3423 ψυχῆς
2917 3351 2976 3404 τὸ
3001 3350 3084 3419 ἐφ’
3114 3352 3265 3420 ἡμῖν,
3290 3348 3413 3402 οὒτε
3436 3346 3535 3401 τοῦ
3559 3347 3771 3418 σώμαι

2156 3463 2246 3509 τος
2284 3447 2345 3498 τὸ
2379 3446 2518 3499 κατὰ
2548 3444 2727 3512 φύσιν,
2761 3444 2882 3498 οὐδὲ
2917 3443 3024 3515 μὴν
3051 3443 3157 3497 τῶν
3188 3440 3384 3508 ἔξωθεν
3420 3441 3480 3495 τὸ
3513 3442 3677 3495 κατά
3706 3444 3771 3495 τὸ

2160 3538 2527 3609 συμϐεϐηκὸς,
2560 3536 2801 3600 ¹ἐνδίκους
2829 3537 2893 3589 ἄν
2924 3554 3007 3600 τις
3056 3536 3351 3606 ἀποστεροί
3403 3533 3499 3587 τὸν
3543 3534 3763 3589 αἴτιον.

2157 3631 2287 3693 Θεὸς
2316 3631 2425 3701 γὰρ
2455 3629 2637 3692 αὐτὸς,
2667 3631 2695 3683 δ
2734 3628 2842 3682 τῶν
2895 3627 3051 3690 ὅλων,
3085 3628 3178 3680 καὶ
3202 3625 3308 3678 τῶν
3336 3626 3420 3695 ἐφ’
3458 3627 3636 3697 ἡμῖν,
3665 3628 3769 3680 καὶ

2157 3720 2263 3773 τῶν
2317 3720 2457 3773 κατά
2506 3719 2689 3787 φύσιν,
2740 3720 2834 3772 καὶ
2880 3718 2987 3771 τῶν
3048 3718 3189 3771 κατά
3239 3715 3594 3788 συμϐεϐηκὸς
3662 3719 3768 3790 δη-

2161 3813 2415 3886 μιουργὸς
2476 3811 2550 3866 ὢν
2626 3812 3028 3881 ἀποπέφανται.
3106 3811 3347 3865 Καθόλου
3424 3810 3539 3884 γὰρ
3625 3816 3768 3885 περὶ

2158 3904 2374 3958 πάντων
2413 3903 2711 3957 ἀκουστέον
2744 3902 2849 3973 τῆς
2896 3901 3079 3956 ἐνθέου
3132 3900 3373 3971 Γραφῆς,
3408 3899 3490 3963 τὸ,
3542 3903 3767 3967 Αὐτές

2156 3993 2348 4056 εἶπεν.
2369 3997 2466 4050 καὶ
2486 3994 2918 4065 ἐγεννήθησαν
2935 3992 3117 4058 αὐτὸς
3142 3992 3504 4057 ἐνετείλατο,
3538 3994 3654 4046 καὶ
3710 3994 3767 4043 ἑ-

2152 4083 2960 4161 κτίσθῃσαν,ἁποφηναμένης’
2980 4080 3121 4151 mea;
3131 4077 3223 4134 οὖν
3249 4083 3602 4155 βουλομένοις
3622 4088 3766 4141 ποτέ,

2152 4198 2296 4245 τινα,
2319 4180 2484 4252 ἕτερα
2535 4178 2686 4249 παρὰ
2727 4178 2824 4250 τὴν
2857 4176 3135 4251 ἡμετέραν
3160 4175 3383 4247 γνώμην
3418 4177 3763 4247 συμϐαίνει,

2155 4269 2531 4341 ὑπομνηστέον
2557 4268 2771 4329 αὐτοὺς,
2794 4266 2869 4330 ὡς
2919 4267 3027 4337 ἄρα
3058 4264 3201 4319 τοῦτ’
3227 4260 3295 4336 ἦν
3329 4266 3509 4318 ἐκεῖνο
3535 4265 3613 4318 τὸ
3638 4267 3759 4320 διτ-

2153 4362 2242 4415 τὸν
2265 4362 2359 4415 καὶ
2393 4360 2709 4431 ἑτερογενὲς
2734 4360 2831 4429 τῆς
2864 4360 2922 4411 ὲν
2953 4360 3083 4429 ἡμῖν
3111 4358 3453 4428 συμπλοκῆς,
3505 4355 3673 4427 λέγω
3695 4360 3765 4428 δὴ

482 4449 745 4515 universi,
775 4463 965 4503 eorum
1011 4462 1231 4517 quoque
1267 4448 1452 4511 simul,
1494 4463 1617 4518 qua:
1656 4464 1752 4502 seu
1784 4447 2052 4503 libertatis

2159 4454 2248 4508 καὶ
2304 4453 2482 4525 ψυχῆς
2508 4452 2603 4505 xui.
2665 4449 2938 4521 σώματος’
2982 4451 3112 4520 παρ’
3139 4450 3168 4502 δ
3219 4450 3311 4504 καὶ
3339 4448 3523 4520 ψυχῆς
3556 4449 3762 4511 οὐσία,

481 4547 684 4594 nostra:
719 4547 867 4603 sunt,
907 4554 1002 4592 seu
1034 4547 1262 4602 naturae,
1311 4555 1406 4593 seu
1456 4554 1639 4605 casus,
1668 4537 1829 4610 247
1862 4546 2053 4592 auctor

480 4630 725 4684 omnium
762 4627 1092 4697 molitorque
1137 4627 1464 4683 celebratur.
1514 4626 1650 4683 Nam
1687 4630 1818 4682 illud
1853 4628 2051 4682 divinae

484 4718 778 4788 Scriptura:
806 4718 873 4772 de
902 4718 1047 4771 nulla
1098 4733 1156 4771 re
1213 4734 1316 4773 non
1349 4719 1723 4787 accipiendum
1769 4727 1892 4772 est:
1931 4716 2053 4787 Ipse

480 4812 642 4875 dixit,
670 4820 718 4864 et
743 4810 887 4879 facta
915 4818 1069 4872 sunt;
1104 4810 1396 4872 mandavit,
1426 4819 1474 4862 et
1500 4821 1680 4863 creata
1704 4820 1822 4862 sunt
1847 4809 1913 4861 ⁸⁸.
1943 4807 2051 4863 Ita-

483 4934 613 4988 que,
644 4917 691 4974 si
721 4915 942 4987 quando
979 4916 1139 4971 nobis
1173 4926 1320 4971 certa
1360 4916 1608 4986 quaedam
1652 4914 2049 4985 expetentibus,

484 5026 590 5081 alia
641 5034 840 5095 praeter
885 5024 1219 5079 voluntatem
1265 5021 1553 5087 eveniant,
1595 5022 1889 5075 admonere
1936 5030 2051 5075 tum

483 5132 586 5203 ipsi
621 5146 725 5185 nos
755 5129 1038 5193 debemus,
1069 5128 1201 5183 illud
1230 5128 1487 5181 nimirum
1517 5140 1661 5189 esse,
1686 5124 1923 5195 duplicis
1949 5123 2053 5178 hu-

476 5233 566 5301 jus
612 5240 814 5287 nostrae
844 5231 1182 5300 diversasque
1223 5237 1450 5295 natura,
1492 5227 1760 5299 corporis,
1798 5228 2046 5297 inquam,

480 5337 761 5408 animique
802 5338 1226 5403 commercium;
1271 5351 1382 5407 quo
1421 5335 1533 5399 ﬁat,
1576 5336 1653 5389 uti
1691 5345 1745 5388 et
1793 5334 2045 5399 animus,

480 5442 571 5511 qui
620 5453 814 5498 natura
862 5443 1122 5515 spiritalis
1155 5459 1219 5499 ac
1260 5443 1472 5498 ratione
1517 5441 1774 5512 praeditus
1816 5448 1920 5505 est,
1964 5440 2047 5494 in-

481 5548 651 5602 iantili
686 5551 863 5603 adhuc
894 5566 991 5619 per
1024 5560 1274 5604 naturam
1307 5564 1537 5619 corpore
1570 5547 1815 5600 inclusus
1842 5556 2039 5615 praeter

552 5645 596 5675 ”
619 5642 761 5697 Psal.
789 5658 959 5710 xxx",
993 5646 1047 5701 9.

2153 4540 2251 4613 τὴν
2282 4540 2441 4610 φύσιν
2490 4534 2625 4592 οὖσα
2669 4537 2833 4610 νοερά
2881 4537 2975 4591 xui.
3029 4536 3240 4608 λογικὴ,
3308 4538 3364 4589 ὲν
3411 4536 3764 4608 νηπιάζοντι

2153 4631 2294 4688 κατά
2323 4630 2483 4701 φύσιν
2516 4628 2727 4701 σώματι
2755 4629 2908 4700 παρά
2942 4626 3102 4698 φύσιν
3158 4626 3297 4698 αὐτὴ
3327 4626 3516 4699 χώραν
3541 4627 3762 4699 ἀλόγου

2157 4721 2463 4793 μετείληφε*
2500 4721 2594 4774 καὶ
2618 4719 2762 4783 νοῦς,
2796 4721 2823 4772 ὁ
2854 4720 3166 4789 φρονήσεως
3203 4718 3424 4781 οἰκεῖος,
3479 4719 3763 4792 ἀφραίνει

2153 4813 2412 4876 πολλάκις
2440 4813 2583 4868 κατά
2603 4830 2656 4864 τι
2690 4809 3053 4881 συμϐεϐηκὸς,
3082 4810 3455 4883 παρατραπεὶς
3479 4813 3541 4863 ἐν
3576 4813 3765 4885 ὕπερ-

2153 4905 2493 4968 ϐαλλούσαις,
2531 4904 2684 4975 φέρε,
2709 4903 2956 4973 σώματος
2990 4902 3341 4973 ἀρρωστίαις.
3379 4899 3672 4967 Πολλάκις
3699 4906 3760 4956 δὲ

2152 5000 2247 5052 καὶ
2274 4998 2470 5070 γῆρας,
2496 4996 2721 5049 ἐπελθὸν
2752 4994 2964 5066 σώματι
3019 4992 3164 5047 κατά
3196 4992 3379 5061 φύσιν,
3426 4992 3544 5046 τῶν
3603 4998 3760 5050 κατά

2151 5089 2250 5161 τὴν
2278 5089 2462 5160 ἀκμὴν
2487 5086 2923 5161 κατορθωμάτων
2973 5084 3072 5156 τὴν
3102 5084 3337 5138 διάνοιαν
3363 5084 3761 5157 ἀπεστέρησε,

2151 5181 2252 5251 τῆς
2282 5181 2474 5250 νοερᾶς
2497 5179 2673 5250 ψυχῆς
2718 5178 2777 5231 τὸ
2805 5177 3022 5247 λογικὸν
3053 5176 3201 5249 παρά
3235 5176 3394 5246 φύσιν
3424 5177 3757 5249 ἀμϐλῦναν.

2155 5274 2336 5327 Αἰκίαι
2364 5273 2406 5325 δ’
2432 5269 2496 5327 αὖ
2526 5272 2707 5335 πάλιν,
2756 5272 2850 5325 καὶ
2895 5270 3183 5342 ἀλγηδόνες
3237 5269 3513 5341 σώματος,
3539 5273 3760 5345 πηρώ-

2156 5381 2269 5429 σεις
2303 5382 2359 5417 τε
2388 5363 2759 5435 ἐπισυμϐἄσαι
2784 5361 2935 5435 παρά
2960 5362 3143 5432 φύσιν,
3166 5363 3227 5416 τὸ
3249 5361 3623 5416 αὐθεκούσιον
3649 5366 3761 5433 τῆς

2152 5454 2329 5526 ψυχῆς
2358 5454 2510 5527 παρά
2556 5455 2616 5508 τὸ
2658 5453 3006 5526 συμϐεϐηκὸς
3054 5452 3393 5525 ὲξενίκησαν,
3449 5452 3761 5518 ὲνδούσαις

2152 5549 2269 5611 ταῖς
2310 5546 2564 5618 ἀλγηδόσι
2592 5546 2679 5599 διὰ
2702 5548 2801 5618 τὴν
2826 5546 2960 5617 πρὸς
2987 5544 3048 5599 τὸ
3086 5544 3243 5615 σῶμα
3284 5544 3638 5617 συμπλοκήν
3673 5549 3760 5611 ὡς

548 5736 655 5809 (60)
697 5738 813 5807 Ὑφ’
856 5736 1041 5807 ἡμῶν.
1087 5738 1315 5793 Dubium
1363 5754 1467 5793 non
1512 5748 1591 5791 est
1618 5778 1631 5801 ,
1664 5736 1792 5807 quin
1829 5738 2033 5808 legend.

2175 5738 2257 5809 ἐφ’
2289 5738 2439 5807 ἡμῖν,
2476 5736 2748 5805 quomodo
2780 5736 2872 5791 alt.
2906 5750 3181 5790 manuscr.
