3978 6388
215 350 299 405 ιει

1368 356 1691 417 ΡΒΕΡΑΒ.
1736 364 1988 423 EVANG.
2029 368 2159 424 LIB.
2200 368 2288 425 Vl.

3362 388 3468 445 ιεε

210 469 507 522 ἁλίσκεσθαι
540 469 662 541 (61)
687 473 881 543 δεσμὸν
906 472 1148 543 ἄφυκτον
1176 475 1430 547 ἐμποδὼν
1473 481 1744 553 προϐεϐλῆ

1847 525 1853 544 .
1883 494 2135 542 naturam
2174 489 2289 559 ipse
2332 505 2513 556 suam,
2558 492 2611 547 in
2646 496 2861 553 ratione
2893 502 3205 583 carentium
3233 523 3464 564 numero

205 562 409 632 σθαιτῷ
434 565 583 616 κατὰ
600 565 781 637 ψυχὴν
806 566 1096 639 ἐλευθέρῳ,
1139 572 1262 625 τοτὲ
1291 572 1388 642 μὲν
1410 575 1510 646 τὴν
1552 576 1648 629 τοῦ
1675 576 1781 629 σώ-

205 674 355 725 ματος
383 656 572 725 φύσιν,
601 659 724 712 τοτὲ
759 659 815 713 δὲ
849 660 921 713 τὰ
954 661 1113 726 ἐκτὸς
1162 666 1644 737 ὲπισυμϐαἰνοντα,
1672 664 1781 721 Ἦν

188 750 247 801 δὲ
270 748 369 818 ἄρα
399 751 497 801 καὶ
520 749 587 801 τὸ
610 752 711 821 τῆς
736 753 818 819 ἐφ’
847 755 977 823 ἡμῖν
1014 756 1389 829 προαιρέσεως
1412 758 1491 821 εἰς
1522 758 1779 814 τοσοῦτον

196 838 313 911 ἧκον
341 839 573 909 ἀρετῆς,
612 843 709 894 καὶ
736 842 940 912 ἰσχύος,
967 844 1043 908 ὡς
1069 846 1401 901 ἀντιϐαίνειν
1433 848 1525 902 ἐπὶ
1568 848 1778 902 πολλῶν

194 931 400 1000 τολμᾷν,
444 934 544 984 καὶ
574 933 881 1003 ἀντιλέγειν
904 938 970 1007 τῇ
999 953 1059 989 τε
1082 937 1174 990 τοῦ
1212 937 1463 1009 σώματος
1498 941 1655 1010 φύσει
1683 942 1775 995 καὶ

191 1026 290 1086 rei;
322 1021 523 1086 ἔξωθεν
566 1025 1081 1096 ὲπισυμϐαίνουσιν.
1120 1029 1185 1082 Ἠ
1216 1029 1315 1101 μέν
1349 1048 1412 1099 γε
1446 1030 1540 1084 τοῦ
1588 1030 1774 1103 σώμα-

189 1131 269 1177 τος
289 1114 446 1183 φύσις
477 1116 581 1168 ἐπὶ
627 1118 734 1171 τῶν
795 1120 1120 1191 ἀφροδισίων
1152 1123 1329 1195 ὁρμὴν
1354 1123 1446 1176 τὸν
1482 1124 1651 1196 ἄνδρα
1684 1143 1777 1179 κα-

189 1204 273 1257 λείυ
303 1208 333 1276 ἡ
363 1206 420 1259 δὲ
444 1206 629 1279 ψυχὴ,
660 1208 801 1278 λόγῳ
831 1210 1070 1283 σώφρονι
1118 1213 1333 1283 χαλινὸν
1356 1216 1667 1286 ἐμϐαλοῦσα
1696 1217 1774 1288 τῷ

188 1299 356 1360 πάθει,
403 1300 685 1370 κρείττων
742 1302 1067 1358 καθίσταται
1098 1307 1197 1377 τῆς
1238 1306 1332 1359 τοῦ
1382 1307 1633 1378 σώματος
1667 1309 1771 1379 φύ-

182 1408 328 1455 σεως.
364 1392 477 1444 Καὶ
504 1393 679 1446 πάλιν
704 1396 735 1465 ὴ
765 1396 884 1465 μὲν,
940 1401 1153 1469 πεινῇν,
1204 1398 1299 1451 καὶ⁸
1347 1400 1526 1472 διψῆν,
1562 1406 1655 1457 καὶ
1692 1408 1774 1474 ῥι-

186 1484 320 1547 γοῦν,
348 1485 445 1537 καὶ
480 1484 558 1538 τὰ
586 1485 817 1541 τοιαῦτα
845 1488 1380 1561 προσαναγκάζουσα
1399 1493 1530 1563 (6‘2),
1557 1496 1647 1549 ἐπὶ
1671 1497 1770 1562 τὰς

182 1576 305 1627 κατὰ
334 1574 499 1643 φύσιν
525 1577 829 1649 θεραπείας
869 1598 929 1634 τε
963 1583 1057 1635 καὶ
1091 1582 1404 1655 πληρώσεις
1436 1588 1762 1659 παρακαλεῖ·

182 1667 277 1734 ἠδὲ
310 1669 667 1739 προαίρεσις,
696 1671 875 1740 λόγοις
931 1676 1204 1747 σώφροσιν
1233 1677 1643 1744 ἁναπεισθείσα,
1673 1683 1767 1735 καί

180 1775 315 1820 τινας
333 1760 656 1831 ἀσκητικάς
680 1764 993 1835 προτροπὰς
1026 1767 1393 1835 αὐθεκουσίως
1407 1771 1760 1843 ἀγαπήσασα,

180 1852 537 1925 πολυημέροις
562 1857 805 1921 ἀσιτίαις
854 1859 948 1911 καὶ
1004 1863 1320 1932 καρτερίαις
1353 1868 1761 1938 παρακρούεται

176 1944 262 2014 τὴν
282 1945 372 1998 τοῦ
399 1947 663 2018 σώματος
682 1950 863 2019 φύσιν,
883 1952 1051 2023 ἀρετῇ
1076 1954 1335 2026 λογισμοῦ
1359 1957 1589 2029 κρίνασα
1604 1960 1762 2014 τοῦτο

180 2041 261 2091 καὶ
289 2039 548 2110 ἑλομένη.
581 2042 693 2095 Kal.
722 2040 791 2096 αὖ
826 2044 1041 2116 πάλινή
1074 2047 1173 2117 μὲν
1204 2048 1346 2102 κατὰ
1372 2051 1533 2120 φύσιν
1560 2054 1760 2120 πάσαις

176 2136 371 2204 ἡδοναῖς
401 2138 593 2209 χαίρει
619 2139 713 2191 καὶ
744 2142 810 2211 τῇ
840 2139 959 2211 λείᾳ
1008 2141 1116 2194 τῶν
1160 2144 1450 2215 σωμάτων,
1477 2149 1509 2218 ἡ
1536 2148 1591 2201 δὲ
1623 2167 1755 2221 προ-

178 2230 369 2299 cipiat;
393 2233 610 2303 ἀρετῆς
654 2234 922 2306 ἐπιθυμίᾳ
972 2235 1063 2289 τὸν
1098 2237 1354 2291 ἐπίπονον
1401 2241 1496 2293 καὶ
1551 2246 1757 2314 τραχὺν

178 2322 442 2387 ἱππάσατο
476 2323 619 2392 βίον.
654 2325 773 2377 Εἰσὶ
794 2326 852 2378 δὲ
872 2327 921 2379 οἳ
954 2328 1047 2380 καί
1077 2329 1170 2381 ἐπὶ
1215 2330 1278 2382 τὸ
1307 2335 1490 2403 χεῖρον
1522 2335 1758 2406 τραπέν-

170 2431 271 2476 τες,
305 2415 650 2487 μετήλλαξαν
706 2416 804 2489 τὴν
850 2420 1087 2489 φυσικὴν
1119 2421 1317 2492 χρῆσιν
1368 2425 1447 2489 εἰς
1476 2424 1573 2497 τὴν
1606 2430 1755 2500 παρὰ

179 2506 339 2571 εύσιν,
375 2508 615 2579 ἄρσενες
644 2510 701 2562 ἐν
730 2509 922 2581 ἄρσεσι
953 2511 1051 2581 τὴν
1079 2512 1465 2583 ἀσχημοσύνην
1491 2533 1755 2589 κατεργα-

181 2596 391 2667 ζόμενοι.
425 2599 625 2663 Οὕτως
650 2602 756 2673 ἄρα
789 2604 884 2656 καὶ
916 2604 982 2673 τῇ
1013 2603 1171 2673 φύσει
1206 2605 1267 2657 οὐ
1302 2607 1444 2660 κατά
1472 2609 1648 2664 πάντα
1675 2613 1753 2664 ὲν-

174 2690 367 2745 ξέδωσιν
425 2693 455 2744 ὁ
511 2692 797 2764 λογισμὸς,
829 2698 1023 2766 κρατεί
1046 2696 1103 2749 δὲ
1133 2698 1192 2750 ὲν
1236 2698 1530 2766 πλείστοις,
1558 2703 1634 2766 ῶς
1656 2705 1751 2757 καὶ

180 2785 457 2850 κρατεῖται,
488 2785 593 2838 καὶ
653 2786 773 2839 τοτὲ
824 2786 925 2857 μὲν
978 2787 1141 2852 αὐτὸς
1173 2790 1316 2859 ἄγει,
1345 2793 1465 2847 τοτὲ
1494 2794 1551 2847 δὲ
1588 2795 1750 2860 αὐτὸς

174 2875 367 2939 ἄγεται*
388 2873 466 2939 ὡς
486 2877 597 2930 καλ⁸
624 2876 728 2948 πρὸ
752 2876 902 2949 ὥρας
924 2876 1036 2930 ἔσθ’
1055 2880 1178 2933 ὅποι
1204 2884 1391 2953 χερσὶν
1412 2886 1747 2941 ἐπισπᾶσθαι

174 2980 259 3035 την
277 2966 600 3039 ἀπαλλαγὴν
652 2969 746 3023 τοῦ
799 2970 1071 3042 σώματος,
1123 2973 1211 3026 ὅτε
1253 2974 1314 3027 τὸ
1352 2974 1450 3047 ζῇν
1494 2978 1640 3050 αὐτῷ
1671 2981 1745 3051 μὴ

178 3054 425 3122 λυσιτελὲς
462 3059 706 3132 κριθείη.
731 3061 793 3113 Εἰ
820 3062 917 3132 μὲν
945 3058 1037 3116 οὖν
1065 3065 1202 3135 πρὸς
1229 3064 1396 3138 μόνην
1420 3068 1520 3139 τὴν
1540 3072 1745 3126 οἰκείαν

176 3147 253 3199 τοῦ
280 3147 537 3219 σώματος
561 3151 721 3221 φύσιν
749 3156 777 3206 ὁ
801 3156 909 3218 πᾶς
938 3154 1087 3225 ἀγὼν
1114 3152 1181 3227 ἦν
1205 3158 1376 3229 αὐτῷ,
1418 3161 1643 3233 μέτριος
1675 3166 1742 3219 ἂν

174 3234 413 3307 imbro;-
453 3244 583 3296 ἐπεὶ
616 3244 671 3296 δὲ
703 3243 801 3315 τὴν
833 3245 1132 3311 πολιτείαν,
1164 3251 1256 3302 καὶ
1294 3250 1384 3303 τὸν
1429 3255 1486 3305 ἐν
1535 3254 1742 3327 ἀνθρώ-

178 3346 279 3391 ποις
299 3329 405 3399 βίον
426 3332 455 3383 ό
480 3332 618 3396 Θεὸς
645 3334 793 3405 αὑτῷ
825 3335 1027 3405 μεταξὺ
1062 3337 1269 3391 πολλῶν
1313 3343 1737 3416 καταϐέϐληται,

172 3418 385 3489 ὼςμετά
408 3422 621 3494 θηρίων
673 3427 767 3478 καὶ
815 3426 1059 3498 ἑρπετῶν
1108 3430 1348 3497 ἰοϐόλων,
1401 3434 1458 3486 ὲν
1494 3435 1645 3507 μέσῳ
1678 3456 1738 3491 τε

177 3511 324 3579 πυρὸς
347 3513 438 3564 καὶ
477 3513 689 3579 ὓδατος,
714 3515 876 3587 ἀέρος
908 3534 967 3570 τε
1000 3517 1091 3571 τοῦ
1123 3537 1188 3572 πε
1201 3522 1492 3601 ριέχοντος,
1520 3528 1611 3579 καὶ
1632 3528 1739 3583 τῶν

178 3603 228 3673 ὲν,
247 3604 439 3670 τούτοις
479 3606 649 3661 ἅπασι
675 3609 1146 3681 παρηλλαγμένων
1186 3615 1280 3667 καὶ
1306 3616 1576 3689 διαφόρων
1633 3620 1737 3691 φύ-

177 3708 293 3746 σεων
307 3697 401 3760 τὰς
420 3698 709 3770 διατριϐάς
747 3702 1096 3772 πεποιῆσθαιο
1124 3705 1350 3769 εἰκότως
1388 3710 1533 3780 αὐτῷ
1563 3712 1593 3781 ἡ
1624 3714 1736 3766 δια-

181 3782 303 3856 μὶχη
335 3789 426 3841 καὶ
467 3791 499 3861 ἡ
525 3790 774 3853 ἔνστασις
798 3791 859 3843 οὐ
893 3792 1029 3865 πρὸς
1062 3794 1161 3865 τὴν
1195 3796 1404 3851 οἰκείαν
1435 3801 1593 3870 μόνον
1616 3805 1735 3858 ἐστὶ

180 3878 254 3929 κπιί
275 3884 627 3953 συνημμένην
654 3884 949 3957 αὐτόνομον
977 3886 1136 3956 φύσιν
1162 3888 1254 3941 τοῦ
1286 3888 1555 3962 σώματος,
1599 3895 1733 3950 ἀλλά

178 3970 253 4022 καὶ
286 3973 411 4044 πρὸς
473 3976 640 4046 μυρία
678 3976 745 4030 τά
769 3978 924 4042 ὲκτὸς
946 3979 1353 4052 συμϐεϐηκότα,
1387 3976 1461 4037 ὧν
1491 3987 1549 4039 ὲν
1581 3988 1730 4059 μέσῳ

180 4060 230 4133 ζῇ
259 4065 284 4116 ὁ
305 4066 393 4119 τὸν
416 4066 612 4139 θνητὸν
651 4068 763 4139 βίον
789 4069 1071 4139 διεξάγων,
1118 4072 1258 4126 ὥστε
1280 4075 1374 4129 καὶ
1396 4077 1532 4149 πρὸς
1557 4079 1729 4134 ταῦτα

179 4157 431 4226 καρτερῶς
454 4157 719 4229 ἀντέχειν,
746 4160 943 4213 Πολλαὶ
976 4162 1103 4229 γοῦν
1124 4175 1148 4203 α
1168 4163 1259 4215 καί
1278 4166 1492 4221 τοιῶνδε
1516 4171 1728 4241 τροφῶν

180 4241 359 4309 φύσεις,
406 4247 503 4301 καὶ
554 4248 754 4301 τοιαίδε
818 4250 1149 4322 συγκράσεις
1202 4252 1295 4307 τοῦ
1349 4257 1724 4327 περιέχοντος,

179 4337 376 4406 κρυμῶν
396 4352 457 4392 τε
493 4342 773 4411 ἐπιφοραὶ,
818 4343 912 4395 καὶ
955 4342 1211 4415 φλογμῶν
1239 4348 1547 4412 ἐκκαύσεις.
1575 4351 1723 4405 πλεῖ-

182 4426 263 4479 στά
282 4445 336 4481 τε
357 4430 495 4485 ἄλλα
519 4432 658 4485 κατά
684 4449 833 4496 τινας
866 4434 1100 4498 οἰκείους
1126 4436 1317 4505 λόγους
1344 4440 1586 4509 φυσικῶς
1625 4442 1723 4513 μὲν

1887 588 2206 633 censeatur:
2241 590 2296 636 et
2333 598 2508 647 mens,
2552 586 2710 655 cujus
2755 591 2975 660 propria
3019 595 3305 662 prudentia
3344 609 3465 665 est,

1886 670 2073 739 aliquo
2117 687 2360 743 persmpe
2408 690 2539 731 casu
2587 678 2798 739 deliret.
2842 683 2971 738 dum
3021 701 3141 741 eam
3188 691 3466 758 graviores

1884 760 2154 830 praecipue
2189 764 2439 833 corporis
2478 767 2653 821 morbi
2686 783 2784 823 sua
2821 772 2886 826 de
2919 775 3047 828 sede
3084 790 3324 836 movent.
3361 780 3460 839 Se-

1882 863 2073 905 nectus
2108 854 2223 922 ipsa
2259 870 2500 927 quoque,
2539 871 2833 932 postquam
2872 877 3081 923 natura:
3116 871 3309 927 ordine
3338 889 3460 930 cor—

1881 958 1983 1011 pus
2012 943 2229 1007 invasit,
2266 956 2503 1003 mentem
2533 952 2600 1006 iis
2627 955 2864 1011 solertiae
2898 956 3286 1032 facultatisque
3327 964 3455 1021 viri-

1880 1030 2002 1095 bus,
2033 1033 2232 1102 quibus
2266 1051 2365 1105 per
2409 1038 2673 1109 integram
2709 1045 2888 1103 adhuc
2911 1058 3123 1104 aetatem
3152 1030 3458 1111 ﬂorentem-

1879 1139 1984 1191 que
2012 1128 2328 1194 praestabat,
2354 1132 2593 1199 spoliare
2627 1136 2785 1202 solet,
2815 1149 2870 1193 et
2906 1141 3158 1209 rationis,
3192 1161 3314 1215 quae
3342 1156 3453 1204 tota

1876 1215 2139 1283 spiritalis
2171 1218 2341 1272 animi
2386 1229 2489 1286 est,
2524 1232 2720 1291 praeter
2754 1237 3028 1294 naturam,
3068 1232 3241 1287 aciem
3274 1246 3456 1290 retun-

1874 1306 2020 1360 dere.
2051 1307 2194 1374 Quin
2228 1310 2393 1364 etiam
2424 1313 2598 1384 plagae
2619 1315 2949 1389 doloresque
2972 1324 3239 1391 corporis,
3274 1342 3450 1383 mem-

1873 1396 2209 1470 brorumque
2262 1402 2700 1471 debilitationes,
2767 1427 2891 1480 quae
2940 1424 3138 1483 praeter
3193 1427 3449 1477 naturam

1872 1489 2224 1559 contingunt,
2260 1508 2391 1549 casu
2439 1496 2559 1565 ipso
2587 1497 2909 1571 plerumque
2942 1505 3110 1558 animi
3144 1505 3446 1566 libertatem

1869 1592 2199 1648 expugnant,
2233 1587 2365 1638 dum
2414 1585 2461 1639 is
2504 1589 2756 1658 corporis
2797 1592 3055 1648 societate
3094 1595 3296 1663 victus,
3327 1614 3447 1655 mo-

1869 1670 2040 1727 lestiis
2076 1690 2297 1746 quoque
2328 1678 2718 1751 doloribusque
2754 1683 2922 1739 cedit:
2962 1702 3188 1757 prorsus
3214 1699 3274 1745 ut
3331 1707 3447 1748 cer-

1870 1772 1983 1819 tum
2029 1766 2081 1820 id
2128 1769 2583 1841 exploratumque
2642 1773 2949 1842 habeatur;
3008 1780 3233 1836 liberam
3291 1784 3441 1841 illam

1866 1858 2032 1912 animi
2062 1857 2398 1927 facultatem,
2432 1866 2629 1933 partim
2671 1877 2866 1923 natura
2919 1875 3187 1942 corporis,
3239 1878 3437 1945 partim

1862 1948 1951 2012 iis,
1984 1965 2107 2020 qua:
2144 1953 2487 2009 extrinsecus
2532 1957 2807 2026 accidunt,
2842 1963 3079 2031 quodam
3122 1968 3281 2035 quasi
3316 1969 3438 2023 vin‘

1860 2041 2002 2106 culo,
2029 2044 2175 2113 quod
2218 2046 2411 2101 evitari
2455 2060 2709 2117 nequeat,
2741 2052 3077 2123 impeditam,
3106 2068 3160 2114 et
3201 2061 3439 2116 constri-

1858 2141 2000 2186 ctam
2033 2136 2227 2189 teneri.
2259 2135 2583 2209 Quanquam
2608 2144 2879 2213 ejusmodi
2909 2147 3154 2218 profecto
3181 2168 3323 2222 saepe
3351 2163 3437 2209 est

1857 2222 2071 2278 arbitrii
2113 2228 2286 2281 nostri
2331 2229 2505 2286 virtus
2551 2242 2715 2303 atque
2757 2236 2947 2303 robur,
2980 2250 3038 2293 ut
3072 2241 3125 2295 in
3157 2242 3433 2316 plerisque

1856 2312 2040 2378 rebus,
2070 2323 2123 2370 et
2145 2328 2351 2373 natura:
2377 2324 2644 2392 corporis,
2673 2336 2724 2380 et
2759 2332 3175 2388 occurrentibus
3210 2334 3433 2391 aliunde

1854 2407 2075 2463 casibus
2103 2423 2378 2480 opponere
2409 2428 2532 2470 sese
2594 2430 2659 2469 ac
2697 2418 2952 2475 reluctari
2977 2422 3191 2478 audeat.
3222 2425 3432 2500 Quippe

1852 2498 2128 2555 hominem
2154 2504 2300 2557 enim
2339 2505 2406 2559 ad
2442 2522 2625 2564 rerum
2664 2526 3016 2568 venerearum
3062 2520 3427 2586 appetentiam

1852 2588 2099 2660 corporis
2133 2605 2326 2650 natura
2376 2598 2574 2655 trahit:
2625 2603 2844 2659 animus
2891 2620 3022 2661 vero
3057 2613 3430 2679 temperantia

1853 2682 2076 2737 ductum
2132 2694 2186 2739 et
2237 2690 2529 2746 consilium
2581 2704 2840 2761 secutus,
2895 2697 3096 2769 injecto
3142 2702 3426 2772 cupiditati

1852 2769 2029 2839 freno,
2078 2779 2327 2845 corporis
2353 2788 2604 2837 naturam
2636 2784 3009 2858 impetumque
3050 2769 3267 2863 frangit.
3325 2793 3428 2851 Ea-

1849 2862 1970 2917 dem
2004 2863 2165 2931 fame,
2192 2868 2301 2937 siti,
2336 2870 2537 2941 frigore
2569 2883 2664 2930 aut
2691 2880 2901 2935 caeteris
2934 2882 2989 2936 id
3017 2862 3195 2954 genus
3214 2884 3428 2941 incom~

1848 2957 2023 3014 modis
2074 2959 2203 3015 dum
2247 2972 2402 3033 urget
2444 2980 2509 3021 ac
2561 2971 2777 3038 premit,
2820 2973 2888 3026 ad
2930 2988 2993 3028 ea
3043 2992 3165 3045 qua:
3216 2988 3426 3036 natura:

1846 3051 2197 3120 conveniant,
2250 3056 2585 3125 exquirenda
2634 3063 2911 3131 remedia,
2967 3069 3212 3139 satisque
3244 3073 3421 3129 ventri

1847 3138 2175 3215 faciendum,
2221 3147 2499 3204 hominem
2537 3152 2759 3208 excitat.
2806 3153 3070 3214 Voluntas
3110 3138 3298 3217 contra
3329 3179 3419 3219 se-

1847 3237 2154 3295 verioribus
2185 3241 2419 3298 adducta
2454 3247 2783 3313 rationibus,
2813 3259 2867 3305 ct
2891 3253 3163 3323 religiosis
3189 3256 3418 3327 quibus-

1843 3328 1967 3383 dam
2002 3331 2475 3391 cohortationibus
2512 3348 2706 3407 sponte
2749 3347 3040 3415 susceptis,
3074 3349 3311 3406 nativam
3348 3351 3416 3406 il-

1843 3420 1949 3475 lam
1998 3426 2247 3494 corporis
2300 3428 2650 3497 cupiditatem
2692 3433 2932 3505 plurium
2994 3441 3155 3493 etiam
3203 3442 3414 3498 dierum

1842 3511 2019 3566 inedia
2054 3515 2451 3588 tolerantiaque
2480 3521 2669 3586 vincit,
2718 3524 2783 3579 ad
2818 3541 2937 3581 eam
2988 3531 3328 3589 subeundam
3361 3535 3415 3589 vi

1842 3606 2298 3675 ratiocinationis,
2326 3626 2391 3666 ac
2421 3623 2613 3684 suopte
2638 3614 2899 3673 instinctu
2927 3623 3265 3695 consilioque
3287 3642 3415 3697 per-

1840 3707 2009 3751 mota.
2049 3696 2315 3754 Similiter
2356 3711 2548 3758 natura
2586 3721 2685 3761 sua
2726 3723 2925 3779 corpus
2960 3715 3108 3767 omni
3155 3696 3409 3787 volupta-

1840 3800 1951 3844 tum
1978 3806 2194 3861 genere,
2223 3809 2287 3847 ac
2310 3794 2413 3849 levi
2437 3798 2699 3869 mollique
2723 3817 3011 3872 corporum
3043 3812 3409 3869 commotione

1834 3883 2153 3939 delectatur.
2192 3885 2357 3957 2&8
2406 3887 2475 3941 At
2506 3890 2760 3947 voluntas
2809 3894 2992 3948 studio
3040 3897 3255 3954 virtutis
3300 3901 3407 3954 im-

1832 3976 1991 4045 pulsa
2023 3976 2241 4032 diliicile
2283 3990 2448 4051 atque
2493 3997 2748 4052 asperum
2800 3986 2923 4041 vitae
2969 4004 3140 4055 genus
3192 3993 3405 4063 arripit.

1830 4064 1949 4121 Jam
1985 4069 2375 4125 veroexistunt
2442 4073 2605 4127 etiam
2645 4076 2936 4145 aliquando
2980 4082 3246 4145 nonnulli,
3281 4084 3405 4155 qui,

1833 4157 1886 4211 in
1912 4158 2067 4228 pejus
2097 4160 2449 4233 deteriusque
2469 4165 2729 4233 prolapsi,
2758 4168 3058 4223 naturalem
3084 4186 3244 4226 usum
3275 4189 3401 4229 cum

1829 4265 1916 4313 eo,
1954 4266 2115 4321 quem
2159 4252 2380 4308 horreat
2413 4266 2628 4325 natura,
2660 4270 3016 4327 commutent,
3066 4279 3244 4321 mares
3275 4283 3399 4322 cum

1829 4344 2072 4399 maribus
2129 4345 2337 4400 libidini
2389 4346 2704 4404 foedissimae
2756 4350 3119 4424 indulgentes.
3150 4355 3225 4412 Ita
3261 4360 3403 4415 ratio

1828 4450 1937 4489 non
1971 4450 2184 4507 semper
2225 4446 2433 4494 naturae
2461 4442 2621 4508 cedit,
2651 4442 2744 4497 sed
2792 4442 2844 4496 in
2882 4445 3159 4516 plerisque
3193 4449 3394 4515 vincit,

175 4518 461 4590 κινούμενα,
494 4522 844 4594 συμϐατικῶς
897 4525 953 4579 δὲ
1000 4528 1133 4597 ἡμῖν
1176 4531 1605 4600 προσπίπτοντα,
1630 4535 1724 4587 τά-

1850 4527 2210 4599 nterdumque
2239 4531 2496 4596 vincitur,
2528 4548 2591 4586 ac
2626 4534 2788 4588 modo
2813 4537 3001 4603 trahit,
3038 4540 3201 4596 modo
3231 4542 3397 4599 vicis-

178 4625 317 4681 ραχον
345 4615 405 4669 οὐ
434 4615 528 4669 τὸν
547 4616 778 4687 τυχόντα
814 4616 893 4688 τῷ
912 4619 1034 4672 καθ’
1072 4622 1220 4691 ἡμᾶς
1261 4622 1589 4695 αὑτεξουσίῳ
1633 4625 1722 4680 διὰ

176 4701 256 4769 τὴν
280 4706 407 4777 πρὸς
430 4706 492 4759 τὸ
539 4706 697 4778 σῶμα
739 4708 1058 4781 συμπλοκὴν
1105 4709 1439 4781 παρέσχηκε,
1484 4713 1583 4784 τῆς
1612 4712 1720 4766 τῶν

178 4792 425 4868 ἡμετέρων
454 4798 721 4870 σωμάτων
758 4798 972 4869 φύσεως
1008 4799 1108 4865 τὰς
1159 4800 1267 4855 τῶν
1306 4801 1501 4867 ἔξωθεν
1532 4805 1721 4875 ἐπιφο-

180 4883 257 4950 ρὰς
281 4889 372 4960 οὐχ
392 4890 786 4962 ὑπομενούσης,
812 4892 1189 4965 κρατουμένης
1217 4893 1274 4946 δὲ
1296 4896 1389 4948 καὶ
1413 4896 1720 4970 νικωμένης

179 4974 263 5027 ὑπὸ
298 4979 397 5032 τῶν
436 4980 590 5044 ἐκτὸς
634 4981 774 5034 κατά
798 4980 960 5052 φύσιν
1008 4984 1213 5037 οἰκείαν
1265 4983 1713 5056 ἐπιτελουμένων.

177 5062 314 5120 Πάλιν
343 5087 401 5122 τε
446 5067 534 5132 αὖ,
590 5071 778 5144 ἐπειδὴ
818 5073 953 5143 μετὰ
991 5074 1258 5127 πλείστων
1298 5075 1507 5148 ἀνδρῶν
1534 5078 1717 5131 ποιού-

181 5157 289 5220 μεθα
316 5161 409 5225 τὰς
438 5162 739 5235 διατριϐὰς,
762 5166 812 5216 οί
862 5164 918 5217 δὲ
967 5166 1061 5220 καὶ
1096 5166 1254 5219 αὐτοὶ
1289 5167 1390 5237 τῆς
1419 5170 1543 5239 ἴσης
1583 5171 1716 5241 ἡμῖν

176 5245 392 5317 λαχόντες
429 5255 632 5321 οὐσίας,
679 5256 740 5308 τὸ
789 5255 874 5326 ἐφ’
903 5257 1034 5327 ἡμῖν
1083 5257 1264 5321 αὐτοῖς
1302 5260 1394 5313 ἐπὶ
1444 5260 1545 5331 τῆς
1580 5261 1715 5327 ἰδίας

161 5394 166 5433 ,
237 5374 258 5402 ι
285 5366 373 5438 Γρ.
402 5368 525 5422 add.
556 5369 679 5439 ἤδη.

231 5453 321 5537 (6.1)
362 5459 771 5537 Ἀβίρ-κεσθιξι.-
793 5462 847 5537 I_d
887 5472 988 5527 est,
1021 5464 1336 5537 ἐλέγχεσθαι
1358 5508 1371 5531 ,
1402 5467 1709 5537 φαίνεσθαι,

181 5521 606 5621 ἀςπλοδείκχύεσθὲιι,
645 5531 898 5621 τῶλλόγῳ
930 5521 1197 5621 αἰρείσθξι
1217 5576 1231 5600 ,
1261 5521 1371 5621 vel,
1498 5521 1710 5621 ἀνάγκη

181 5593 473 5719 ελέγγᾶεσθαι.
504 5593 638 5653 Nam
674 5593 703 5654 ό
732 5593 886 5671 λόγος
917 5593 1078 5676 αἱρεῖ,
1121 5607 1170 5659 id
1197 5593 1300 5671 est,
1334 5593 1472 5661 ταιίξ)
1501 5593 1711 5661 contini:

181 5663 259 5719 άτέ
318 5670 486 5719 νάγκη
539 5670 774 5719 ὲλέγνει-
804 5676 1094 5719 necessaria
1143 5677 1409 5719 fntpmlnm
1455 5688 1530 5719 ριὶ
1605 5678 1710 5719 Ηρ..

178 5670 259 5724 at;
285 5670 487 5741 ἀνάγκη
539 5670 775 5741 ἐλέγχει,
804 5670 1094 5729 necessario
1140 5677 1411 5743 fatendum
1455 5688 1553 5732 est.
1586 5678 1710 5756 ~He-

182 5736 314 5789 Iodot.
340 5739 430 5791 lib.
470 5755 528 5800 ll,
563 5755 614 5802 ι).
644 5742 745 5795 114
778 5742 835 5797 D.
863 5746 915 5802 τί.
944 5743 1046 5796 Τὸν
1075 5745 1130 5797 δὲ
1155 5746 1217 5802 δὴ
1250 5748 1493 5802 ποταμὸν
1520 5766 1707 5802 τουτον

182 5736 314 5789 Iodot.
340 5739 430 5791 lib.
470 5736 528 5800 it,
562 5755 614 5810 ι).
640 5736 745 5795 ΗΔ
778 5742 835 5797 D.
863 5746 915 5805 τί,
944 5743 1046 5796 Τὸν
1075 5736 1226 5867 δὲ’δέ
1250 5748 1493 5817 ποταμὸν
1520 5747 1706 5802 τοῦτον

172 5803 243 5855 τὸν
265 5810 756 5880 παραῤῥέοντα,καὶ
785 5814 1039 5887 ὲτέαρχον
1068 5832 1189 5869 συνε
1231 5817 1417 5871 άλλετο
1450 5815 1586 5872 εἷναι
1618 5822 1706 5872 τὸν

1824 4620 1927 4674 sim
1966 4620 2200 4675 trahitur
2236 4639 2250 4677 :
2303 4624 2438 4678 adeo
2458 4634 2517 4679 ut
2551 4626 2594 4679 si
2629 4627 2850 4695 quando
2885 4630 3245 4698 perniciosam
3277 4633 3395 4689 fore

1821 4710 1989 4765 vitam
2020 4712 2258 4779 duxerit,
2287 4714 2541 4772 homines
2566 4718 2681 4788 ipsa
2717 4735 3110 4793 nonnunquam
3129 4727 3393 4784 manibus

1821 4802 2068 4871 corporis
2094 4819 2213 4860 sese
2249 4805 2481 4863 vinculis
2512 4818 2639 4864 ante
2671 4819 2887 4881 tempus
2941 4814 3196 4883 expedire
3225 4832 3391 4875 cone-

1819 4901 1930 4948 tur.
1961 4893 2306 4968 Quanquam,
2348 4899 2393 4954 si
2438 4915 2562 4955 cum
2606 4903 2826 4972 propria
2852 4904 3116 4961 duntaxat
3145 4910 3389 4980 corporis

1818 4994 2012 5041 natura
2044 4986 2359 5044 luctandum
2388 4990 2493 5062 ipsi
2544 4992 2703 5061 foret,
2748 4996 2958 5055 modica
2986 5010 3134 5055 certe
3160 5003 3380 5074 quidem

1817 5085 1965 5133 esset
1996 5079 2101 5134 ista
2140 5082 2435 5138 contentio.
2470 5083 2627 5142 Nunc
2661 5097 2873 5157 autem,
2922 5107 3046 5147 cum
3098 5092 3241 5151 Deus
3273 5094 3379 5151 hu-

1817 5184 1993 5225 mante
2025 5170 2147 5225 vitae
2179 5171 2439 5241 rationes,
2468 5191 2594 5231 cum
2628 5179 2750 5234 aliis
2780 5181 3053 5252 plerisque
3073 5225 3089 5250 ,
3134 5185 3210 5239 uti
3256 5201 3380 5240 cum

1818 5261 1946 5316 feris
1984 5263 2373 5336 venenatisque
2429 5271 2794 5339 serpentibus,
2839 5274 3160 5345 conjunctas
3207 5276 3258 5332 ei
3319 5293 3383 5332 ac

1812 5468 2019 5547 Νεῖλον·
2037 5472 2129 5547 καὶ
2145 5472 2210 5543 δὴ
2226 5472 2319 5525 καὶ
2336 5474 2363 5525 ὁ
2378 5473 2535 5547 λόγος
2548 5473 2939 5547 οθτωςαίρέει,
2955 5475 3007 5530 id
3030 5486 3131 5542 est,
3155 5487 3268 5547 tum
3289 5495 3379 5534 ra-

1813 5540 1889 5593 tio
1919 5540 2522 5632 etiarnipsa’cbonvincit;
2546 5543 2689 5632 Idem
2727 5540 2947 5632 ibid:‘p.
2987 5547 3090 5603 109
3107 5540 3378 5632 Ἧνάν

1810 5625 1862 5660 τι
1909 5610 2145 5687 τοιουτον
2183 5613 2364 5677 οὐδὲν,
2392 5614 2531 5687 ὼςᾼή
2576 5614 2787 5687 ἀνάγκη
2832 5610 3062 5687 ehi-{uer
3095 5618 3375 5687 Ejusmodi

1809 5690 1939 5731 esset
1967 5681 2119 5759 nihil,
2139 5694 2194 5735 ut
2217 5681 3105 5759 ηεοεδεᾳζὶαειἀπρδεώιτικήῖαιὶο
3133 5681 3342 5759 probat.

1882 5750 2001 5831 (ίξὴ
2018 5752 2615 5831 Προᾳᾳναγκάζουσοι.
2645 5754 2805 5831 Fgrte
2831 5750 3042 5831 legend.
3070 5750 3380 5831 προσαναγ-

1808 5818 2092 5886 κασθεῖσα,
2112 5823 2215 5877 nisi
2232 5818 2527 5881 subaudias
2549 5825 2609 5879 τὸ
2642 5825 2822 5898 σῶμα,
2849 5818 2933 5885 ν’ἑι
2953 5829 3044 5885 τὸν
3068 5818 3370 5901 ἄνθρωπον.
