3864 6386
567 303 676 374 ἐει

1172 312 1440 370 EUSEBll
1473 309 1949 367 CESARIENSIS
1987 309 2138 366 ΟΡΡ.
2185 308 2368 364 PARS
2399 309 2460 364 ll.
2502 341 2570 350 ——
2617 309 3117 367 APOLOGETICA.
3661 324 3738 378 ιρι

577 434 867 507 permistas
895 447 1018 488 esse
1050 431 1317 486 voluerit:
1350 445 1474 484 cum
1511 429 1654 484 inter
1687 429 1887 499 ignem,
1922 444 2136 499 aquam,

2247 428 2495 494 ἐξουσίας
2522 429 2908 501 ἀποφέρονται,
2968 430 3229 503 ἐλευθέρα
3251 433 3316 502 τῇ
3353 431 3488 501 σφῶν
3527 435 3738 509 χρώμενα

576 536 630 582 ct
664 524 1060 582 circumfusum
1111 535 1328 585 aerem,
1381 520 1613 589 illasque
1655 531 1882 575 naturas
1931 535 2145 582 omnes,

578 631 686 673 tam
736 618 917 672 varias
960 625 1176 682 tamque
1221 612 1570 682 multiplices,
1613 627 1737 682 qua:
1787 613 1979 667 iisdem
2039 613 2147 666 ele-

575 711 772 765 mentis
806 708 1170 772 continentur,
1201 704 1385 759 sedem
1428 704 1530 775 ipsi
1559 703 2008 774 domiciliumque
2036 713 2147 758 sta-

576 800 736 854 tuerit
763 816 775 850 :
809 799 1008 851 mirum
1037 794 1278 864 profecto
1309 809 1417 847 non
1445 804 1548 860 est,
1592 794 1638 848 si
1683 809 1791 847 non
1833 795 1993 848 modo
2019 810 2144 849 cum

575 892 794 963 propria
821 889 1222 958 conjunctaque
1247 901 1435 940 secum
1467 886 1712 954 ejusdem
1757 885 2002 956 corporis
2039 902 2141 939 na-

575 999 718 1048 tura,
773 1000 894 1054 qum.
938 981 1051 1036 suis
1107 979 1318 1049 legibus
1357 979 1474 1048 ipsa
1511 977 1665 1043 vivit,
1709 991 1873 1046 grave
1910 991 1975 1030 ac
2009 976 2146 1030 ditii-

572 1078 675 1134 cile
703 1086 972 1132 certamen
1021 1074 1219 1135 instet,
1261 1086 1454 1126 verum
1493 1070 1657 1124 etiam
1704 1084 1829 1123 cum
1871 1071 2144 1124 sexcentis

577 1167 700 1220 aliis
729 1164 1070 1219 extrinsecus
1117 1160 1518 1230 ingruentibus,
1557 1159 1698 1212 inter
1734 1174 1857 1228 qua:
1895 1159 2142 1213 mortalis

575 1262 740 1312 homo
810 1257 1028 1316 vivere.
1081 1250 1745 1322 summaquefitolerantia
1792 1250 1901 1303 vim
1950 1265 2142 1304 eorum

573 1350 843 1403 Sustinerc
871 1355 1115 1416 cogatur.
1148 1344 1438 1398 Enimvero
1480 1351 1630 1398 certa
1663 1355 1881 1411 quoque
1921 1351 2032 1396 tum
2063 1343 2144 1396 ci-

571 1442 762 1494 borum
803 1437 1164 1507 quorumdam
1195 1443 1423 1499 natura,
1473 1441 1585 1486 tttm
1628 1431 1750 1486 coeli
1793 1433 2136 1500 temperatio;

571 1533 652 1585 vis
679 1532 806 1585 item
834 1529 1096 1597 frigorum
1123 1538 1397 1596 (estusque
1420 1524 1755 1596 ﬂagrantior,
1784 1523 1996 1592 aliaque
2021 1537 2132 1592 per-

570 1625 761 1686 multa,
795 1631 850 1674 nt
878 1622 1182 1690 peculiares
1215 1618 1479 1687 quasdam
1514 1626 1832 1684 naturreque
1866 1629 1979 1669 suae
2008 1629 2137 1683 pro-

574 1717 719 1784 prias
749 1714 981 1768 habeant
1011 1697 1190 1765 motus
1216 1711 1297 1764 sui
1333 1711 1592 1774 rationes,
1621 1709 1750 1763 dum
1799 1718 1976 1762 tamen
2005 1722 2133 1761 casu

2249 519 2567 592 προαιρέσει
2592 520 2763 593 ταύτῃ
2782 521 2944 576 πάλιν
2967 523 3192 586 εἰκότως
3211 524 3303 576 καὶ
3320 528 3431 588 ταῖς
3453 527 3620 598 ἑτέρων
3639 535 3739 600 γνῶ.

2252 629 2379 680 μαις
2425 611 2846 682 ὐποκεισόμεθα,
2894 611 2990 664 τοῦ
3031 612 3209 666 αὐτῶν
3235 614 3444 666 ἐκείνων
3463 619 3740 684 αὐτεξουσὶου

2247 698 2348 757 ὧδέ
2381 721 2498 769 πως
2521 707 2654 776 ἡμῖν
2687 707 2828 760 κατὰ
2877 706 2970 761 τοῦ
3013 705 3264 777 σώματος
3295 707 3325 776 ἢ
3359 709 3473 780 περὶ
3504 711 3586 782 τὴν
3608 714 3742 784 ψυχὴν

2247 797 2548 868 χρωμένου.
2590 799 2800 870 Ὥσπερ
2848 799 2956 868 γὰρ
3013 795 3046 865 ἠ
3105 797 3200 850 τοῦ
3257 797 3488 868 σώματος
3513 803 3640 872 ἡμῶν
3667 806 3742 873 φό-

2248 905 2330 951 σις
2360 890 2576 942 νικᾶται
2623 889 2881 952 πολλάκις
2917 889 3055 959 πρὸς
3096 887 3204 941 τῶν
3252 888 3440 954 ἔξωθεν
3477 891 3742 947 ὑποπιπτόν-

2244 996 2384 1044 των,
2448 979 2619 1044 οὐτως
2682 975 2832 1034 ἐστὶν
2894 981 2985 1033 ὅτε
3035 981 3129 1033 καὶ
3188 981 3509 1052 προαίρεσις,
3550 984 3633 1037 ὑπὸ
3665 1004 3741 1057 μυ-

2247 1072 2376 1143 ρίων
2399 1071 2596 1137 ἔξωθεν
2641 1072 2996 1143 ἐνοχλουμένη
3041 1073 3428 1144 προαιρέσεων,
3480 1075 3744 1148 αὐτεξουσίῳ

2242 1164 2434 1237 γνώμῃ
2470 1165 2774 1230 πεισθεῖσα,
2812 1165 3010 1236 ἑαυτὴν
3035 1169 3150 1228 τοῖς
3179 1164 3374 1231 ἔξωθεν
3400 1165 3745 1222 ἐπιδίδωσι-καὶ

2241 1259 2363 1310 τοτὲ
2395 1259 2493 1328 μὲν
2524 1258 2747 1328 βελτίων
2767 1298 2780 1320 ,
2825 1259 2947 1311 τοτὲ
2984 1258 3042 1311 δὲ
3077 1258 3276 1328 χείρων
3319 1259 3646 1312 ἀποτελεῖται·
3667 1256 3744 1314 οἶδε

2241 1351 2351 1422 γάρ
2373 1349 2628 1402 συνουσία
2658 1349 2831 1420 φαύλη
2859 1349 3138 1412 κακύνειν,
3166 1349 3356 1421 ὥσπερ
3387 1346 3448 1404 αὖ
3487 1351 3624 1404 πάλιν
3653 1356 3745 1406 τού-

2240 1439 2450 1492 ναντίον
2465 1440 2636 1491 ποιεῖν
2654 1439 2908 1509 ἀμείνους
2921 1438 3028 1492 τῶν
3060 1439 3238 1493 καλῶν
3260 1440 3460 1509 ὁμιλία.
3495 1443 3749 1509 Φθείρουσι

2240 1532 2350 1602 γὰρ
2374 1531 2488 1599 ἢθη
2513 1532 2748 1600 χρηστὰ
2800 1531 3023 1598 ὁμιλίαι
3068 1532 3252 1585 κακαί
3293 1531 3436 1599 (65)·
3481 1531 3641 1605 ὥσπερ
3679 1532 3748 1588 οὖν

2240 1626 2332 1678 καὶ
2363 1625 2591 1689 σώζουσι
2620 1623 2923 1694 βελτιοῦσαι
2939 1623 3050 1676 τῶν
3070 1623 3292 1691 ἀγαθῶν
3312 1626 3368 1678 αἱ
3394 1627 3652 1678 συνουσίαι.
3669 1629 3750 1680 Καὶ

2239 1717 2414 1786 λόγοις
2450 1719 2546 1788 μὲν
2580 1720 2612 1788 ὴ
2647 1718 2836 1788 λογικὴ
2860 1719 2961 1787 τῆς
2990 1717 3169 1787 ψυχῆς
3195 1715 3422 1788 δύναμις
3463 1718 3561 1771 τῶν
3599 1719 3749 1785 ἔξωθεν

573 1782 674 1864 nos
711 1807 994 1870 invadunt,
1030 1804 1493 1874 perturbationem
1528 1801 1764 1855 libertati
1801 1809 2003 1854 nostrm
2029 1816 2135 1854 non

2247 1808 2741 1878 ἐπισυμϐαινόντων
2770 1801 2874 1860 ὧδὲ
2907 1824 3020 1870 πως
3051 1808 3145 1859 καὶ
3189 1806 3316 1877 τῇδε
3355 1806 3588 1876 φέρεται*
3620 1805 3751 1875 ἰσχύει

571 1900 848 1970 vulgarem
891 1895 1084 1950 all‘erre
1120 1895 1316 1956 solent,
1369 1901 1589 1963 propter
1624 1892 1814 1946 initam
1863 1892 1965 1948 sibi
2011 1898 2134 1947 cum

569 2004 800 2060 corpore
849 1990 1187 2051 societatem,
1224 1987 1381 2056 cujus
1429 1996 1619 2040 natura
1661 2001 1844 2039 rerum
1886 1995 2137 2038 externa-

573 2099 691 2138 rum
717 2083 952 2152 impetus
975 2080 1117 2136 ferre
1139 2095 1246 2133 non
1270 2088 1466 2149 potest,
1495 2077 1587 2132 sed
1615 2078 1683 2132 ab
1709 2077 1776 2131 iis
1803 2092 1964 2146 saepe,
1995 2083 2136 2129 tam-

571 2175 674 2230 etsi
706 2186 914 2230 natura:
941 2190 1053 2230 sua:
1087 2174 1140 2228 vi
1181 2174 1330 2237 (iant,
1372 2173 1596 2226 omnino
1650 2185 1956 2241 superatur.
1994 2169 2136 2223 Prae-

573 2278 740 2335 terea,
775 2268 1036 2339 quoniam
1077 2266 1270 2334 degere
1297 2281 1396 2320 nos
1422 2273 1640 2334 oportet
1665 2265 1984 2333 versarique
2011 2279 2134 2318 cum

573 2359 862 2428 plurimis,
910 2357 1056 2427 iique
1101 2358 1332 2412 similem
1383 2364 1585 2410 nostra:
1624 2354 1802 2409 sortiti
1848 2363 2133 2422 naturam,

571 2452 718 2522 quod
771 2460 975 2506 nostrai
1009 2449 1282 2504 facultatis
1324 2457 1436 2513 est,
1481 2463 1580 2502 sua
1614 2446 1716 2516 ipsi
1756 2445 2009 2500 auferunt
2035 2461 2134 2516 po-

572 2551 786 2610 testate,
819 2542 1030 2597 arbitrii
1064 2541 1148 2596 sui
1179 2541 1427 2596 libertate
1459 2539 1543 2594 usi
1571 2554 1585 2592 :
1615 2539 1674 2592 lit
1705 2538 1890 2601 etiam,
1924 2547 1982 2591 ut
2009 2538 2137 2592 alie-

575 2651 656 2690 nae
688 2636 854 2690 simul
883 2634 1148 2688 voluntati
1181 2633 1627 2695 succumbamus,
1658 2630 1786 2684 dum
1822 2629 1936 2698 ipsa
1979 2630 2138 2684 nobis

574 2731 722 2785 hunc
767 2730 822 2784 in
864 2729 1084 2783 modum
1114 2727 1198 2782 vel
1238 2741 1464 2797 corpore
1511 2725 1594 2781 Vel
1643 2726 1990 2780 animotcnus
2037 2724 2136 2779 ab-

572 2824 761 2878 utitur.
795 2821 1258 2888 Quemadmodum
1286 2821 1428 2875 enim
1456 2819 1524 2874 ab
1561 2818 1628 2874 iis
1651 2834 1772 2888 quae
1799 2818 2137 2872 extrinsecus

570 2915 848 2980 eveniunt,
902 2913 1147 2982 corporis
1196 2927 1337 2982 saepe
1381 2911 1552 2966 nostri
1621 2921 1814 2964 natura
1869 2910 2133 2976 vincitur,

572 3005 647 3059 ita
694 3005 945 3059 voluntas
994 3005 1110 3074 ipsa
1155 3017 1547 3073 nonnunquam
1604 3002 1870 3057 sexcentis
1905 3001 2136 3055 aliorum

571 3097 922 3165 opinionibus
985 3095 1384 3164 sententiisque
1452 3094 1684 3164 iactata,
1765 3103 1957 3163 sponte
2011 3093 2136 3147 licet

572 3186 736 3258 249
759 3185 1095 3255 arbitrioque
1121 3199 1254 3248 suo,
1288 3182 1552 3237 voluntati
1582 3191 1761 3235 tamen
1802 3179 2136 3234 obseeundat

571 3279 779 3333 alienae.
819 3276 897 3331 lta
933 3277 1124 3330 melior
1167 3275 1283 3345 ipsa
1313 3274 1493 3338 modo,
1525 3273 1688 3327 modo
1716 3273 1950 3326 deterior
1968 3270 2136 3325 ellici-

572 3380 678 3425 tur.
721 3366 1093 3439 lmprobornm
1122 3367 1265 3420 enim
1289 3364 1680 3420 consuetudine
1709 3364 1898 3418 vitium
1928 3372 2140 3418 contra-

574 3460 789 3524 himus,
837 3457 1293 3529 quemadmodum
1318 3454 1583 3512 elﬁcimur
1611 3455 1905 3524 proborum
1939 3470 2040 3509 usu
2073 3469 2138 3510 ac

572 3553 830 3607 societate
875 3549 1147 3604 meliores.
1217 3547 1570 3616 Corrumpunt
1605 3547 1744 3600 enim
1781 3561 1948 3598 mores
1979 3545 2135 3598 bonos

570 3642 830 3713 colloquia
863 3639 1003 3694 mala
1017 3640 1061 3672 ³ο
1087 3658 1101 3694 :
1134 3637 1355 3710 perinde
1379 3637 1654 3700 nimirum,
1674 3636 1751 3690 uti
1777 3635 2013 3688 virorum
2043 3635 2139 3688 bo-

571 3749 765 3788 norum
797 3746 1121 3803 congressus
1164 3730 1419 3784 virtutem
1463 3727 1620 3782 nobis
1649 3726 1852 3796 pariter
1877 3726 2136 3779 salutem-

571 3837 678 3892 que
707 3821 980 3877 conciliat.
1041 3818 1262 3882 Verum,
1294 3827 1356 3871 ut
1397 3817 1565 3871 animi
1594 3814 1825 3871 facultas
1854 3814 1943 3868 illa
1973 3815 2138 3868 ratio-

572 3916 657 3970 nis
693 3929 953 3984 compos,
1007 3911 1199 3967 alienis
1246 3925 1387 3980 saepe
1436 3909 1616 3964 verbis
1645 3918 1808 3978 atque
1833 3907 2135 3961 rationibus

572 4006 679 4060 huc
723 4005 960 4073 illucque
1003 4011 1248 4058 versetur
1296 4020 1310 4055 :
1347 4001 1516 4055 vineit
1566 4009 1749 4054 tamen
1798 4015 1896 4054 sua
1941 3998 2137 4051 virtute

573 4109 994 4165 nonnunquam,
1065 4094 1283 4163 vlmque
1348 4093 1506 4162 plane
1561 4091 1799 4146 divinam
1857 4090 2132 4154 ostendit;

571 4189 785 4259 quoties
827 4189 1090 4241 adversus
1139 4194 1391 4240 externos
1441 4184 1676 4239 assultus
1729 4196 1916 4236 omnes
1965 4179 2134 4234 obﬁr—

574 4287 716 4329 mata
747 4315 762 4340 ,
823 4283 1250 4344 cunctornmque
1300 4275 1468 4328 libera
1505 4272 1740 4344 quadam
1796 4272 2135 4341 ingenuaqne

571 4367 874 4424 constantia
909 4366 1126 4430 victrix,
1172 4365 1308 4419 nihil
1339 4381 1563 4434 nsquam
1613 4365 1808 4418 virium
1854 4364 2134 4419 remittens

2242 1900 2298 1953 δὲ
2332 1901 2490 1954 πάλιν
2514 1900 2690 1952 οἰκεία
2717 1900 2808 1952 καὶ
2840 1898 3063 1968 λογικῆς
3086 1898 3275 1960 οὐσίας
3297 1897 3488 1968 ἁρετὴ,
3527 1897 3613 1950 καὶ
3641 1896 3750 1948 θείαν

2242 1991 2317 2054 ὡς
2368 1990 2582 2062 άληθῶς
2620 1991 2714 2043 καὶ
2766 1989 2972 2059 θεοειδῆ
3003 1988 3100 2059 τὴν
3144 1988 3374 2056 δύναμιν
3421 1988 3749 2040 ἐπιδείκνυται·

2242 2085 2322 2136 ὅτι
2349 2093 2374 2121 α
2407 2083 2542 2154 πρὸς
2576 2081 2752 2135 πάντα
2773 2081 2840 2134 τά
2868 2082 3024 2146 ἐκτὸς
3052 2081 3373 2152 ἀντέχουσα,
3400 2081 3488 2134 καὶ
3529 2081 3587 2133 τὰ
3619 2080 3752 2133 πάντα

2245 2175 2510 2248 ἐλευθέρῳ
2545 2177 2850 2247 φρονήματι
2877 2173 3247 2245 ὑπερνικῶσα,
3273 2173 3409 2244 πρὸς
3437 2172 3572 2226 οὐδὲν
3587 2172 3668 2242 τῆς
3700 2173 3754 2222 οἰ-

2243 2269 2394 2332 κείας
2429 2269 2630 2340 ἀρετῆς
2673 2266 2937 2338 ὐφιεμένη
2958 2308 2972 2331 ,
3009 2265 3320 2334 φιλοσοφεῖν
3355 2263 3751 2336 παρεσκεύασται.

2245 2361 2384 2414 Ὅσα
2405 2376 2469 2427 γε
2496 2358 2599 2429 μὴν
2637 2357 2745 2429 (64)
2779 2359 3051 2428 ὀλιγωρεῖ,
3081 2357 3185 2409 ὐπὸ
3206 2357 3316 2409 τῶν
3340 2356 3582 2427 χειρόνων
3602 2353 3658 2406 τὰ
3674 2352 3755 2424 χεί-

2246 2468 2402 2523 ριστα
2432 2449 2747 2513 διατίθεται,
2770 2448 2958 2519 ὥσπερ
2985 2443 3077 2500 οὖν
3105 2447 3198 2500 καὶ
3229 2445 3522 2516 βελτιοῦται
3555 2445 3639 2514 τῆς
3658 2443 3756 2494 ἔσω-

2244 2544 2334 2598 θεν
2369 2542 2711 2613 τυγχάνουσα
2756 2539 3093 2611 ὲπιμελείας.
3125 2541 3191 2592 Τί
3232 2539 3338 2610 χρὴ
3361 2540 3532 2608 λέγειν
3563 2539 3644 2590 ἐπὶ
3664 2535 3755 2588 τού-

2241 2653 2374 2699 τοις,
2395 2635 2471 2698 ὡς
2503 2634 2597 2687 καὶ
2631 2632 2793 2703 φοραὶ
2839 2633 2934 2686 καὶ
2985 2629 3205 2701 άφορίαι
3253 2630 3470 2682 τοιῶνδε
3512 2627 3672 2698 ψυχῶν
3690 2625 3756 2678 καὶ

2245 2727 2530 2798 σωμάτων,
2556 2723 2698 2777 κατά
2721 2741 2843 2777 τινα
2863 2723 3198 2796 περίπτωσιν
3220 2723 3435 2785 οίκείως
3461 2723 3524 2792 τῇ
3553 2718 3635 2773 τοῦ
3654 2735 3756 2770 παν·

2242 2819 2332 2882 τὸς
2359 2817 2622 2885 διοικήσει
2656 2813 3088 2884 συντελούμεναι,
3115 2808 3198 2882 ,εὖ
3227 2803 3289 2864 τε
3325 2812 3419 2864 καὶ
3459 2810 3619 2882 ὀρθῶς
3641 2809 3758 2878 ἐχου-

2246 2925 2334 2961 σαι
2369 2907 2448 2977 τῷ
2474 2909 2655 2970 παντὶ,
2679 2907 2934 2977 πλείστην
2954 2905 3085 2977 ὅσην
3112 2908 3224 2968 τοῖς
3248 2906 3393 2958 κατὰ
3427 2904 3598 2974 μέρος,
3619 2900 3696 2954 καὶ
3712 2899 3758 2966 δὴ

2243 3001 2459 3062 καὶτοῖς
2479 3000 2563 3068 ἐφ’
2584 3003 2712 3070 ἡμῖν
2731 2999 2985 3061 παντοίας
3001 2998 3266 3068 κινήσεως
3292 2996 3601 3069 περιουσίαν
3614 2995 3761 3058 ἀπειρ-

2241 3093 2507 3160 γάσαντο;
2539 3092 2679 3144 nam
2729 3090 2786 3143 δὲ
2841 3089 3069 3144 καθόλου
3121 3090 3235 3151 τοῖς
3261 3085 3422 3150 οὖσι,
3457 3088 3564 3148 τοῖς
3586 3101 3637 3136 τε
3662 3090 3759 3150 παρ’

2238 3186 2385 3255 ἡμᾶς
2412 3182 2734 3252 γινομένοις,
2766 3183 2860 3236 καὶ
2885 3183 3034 3253 παρὰ
3057 3181 3153 3253 τὴν
3189 3180 3466 3252 ἡμετέραν
3491 3176 3666 3240 αἰτίαν,
3694 3171 3761 3228 καὶ

2237 3279 2351 3339 τοῖς
2379 3274 2576 3340 ἔξωθεν
2601 3273 2744 3327 κατὰ
2773 3272 3116 3345 συμϐεϐηκὸς
3132 3271 3371 3336 ἐπιοῦσι,
3406 3274 3517 3333 τοῖς
3550 3287 3605 3322 τε
3643 3281 3760 3335 φυσι-

2237 3367 2348 3431 κῶς
2378 3365 2805 3436 ὲνεργουμένοις,
2845 3363 2943 3434 μία
2975 3362 3256 3434 παναλκὴς
3282 3365 3381 3417 καὶ
3415 3358 3763 3427 παντοδύναμος

2238 3461 2518 3512 ἐπιστατεῖ
2545 3460 2578 3528 ἡ
2606 3456 2693 3510 διὰ
2710 3456 2925 3509 πάντων
2952 3455 3394 3527 ὲπιπορευομένη
3409 3454 3500 3510 τοῦ
3524 3450 3644 3507 Θεοῦ
3665 3448 3762 3519 πρό-

2237 3567 2376 3613 νοια,
2410 3551 2443 3621 ἢ
2475 3549 2570 3602 καὶ
2600 3548 2667 3601 τὰ
2701 3548 2928 3601 πλεῖστα
2962 3547 3258 3619 θειοτέροις
3292 3551 3426 3619 ἡμῖν
3465 3563 3521 3600 τε
3558 3545 3765 3615 ἀρρήτοις

2237 3643 2510 3711 οἰκονομεῖ
2557 3639 2755 3707 λόγοις,
2813 3639 3045 3709 εὐηνίως
3103 3638 3164 3692 τὸ
3220 3640 3333 3692 πᾶν
3383 3631 3762 3703 διακυϐερνῶσι.

2239 3734 2406 3786 πολλά
2435 3750 2494 3785 τε
2547 3731 2770 3785 καὶτῶν
2798 3733 2940 3785 κατὰ
2963 3731 3122 3801 φύσιν
3168 3732 3260 3784 ἐπὶ
3294 3732 3358 3786 τὸ
3383 3731 3644 3804 προσῆκον
3683 3726 3764 3784 τοῖς

2237 3831 2447 3899 καιροῖς
2480 3826 2988 3898 μετασκευάζουσα,
3047 3827 3388 3897 συνεργοῦσά
3425 3844 3483 3879 τε
3536 3825 3622 3877 καὶ
3659 3837 3763 3887 συμ-

2238 3920 2548 3990 πράττουσα
2577 3921 2691 3982 τοῖς
2719 3919 2803 3988 ἐφ’
2834 3921 2986 3989 ἡμῖν,
3013 3920 3108 3971 καὶ
3149 3923 3260 3981 τοῖς
3291 3921 3452 3984 ἐκτὸς
3478 3917 3630 3971 πάλιν
3658 3929 3765 3982 σαμ-

2236 4014 2477 4066 ϐαίνουσι
2503 4014 2598 4084 τὴν
2632 4013 2854 4066 δέουσαν
2890 4013 3042 4079 τάξιν
3066 4015 3443 4084 ἁπονέμουσα.
3487 4011 3680 4065 Τούτων
3706 4007 3765 4064 εἰς

2235 4105 2358 4176 τρία
2402 4104 2588 4157 τοῦτον
2624 4104 2965 4175 διῃρημένων
2988 4104 3077 4158 τὸν
3128 4105 3359 4176 τρόπον,
3415 4104 3496 4168 εἷς
3540 4119 3595 4157 τε
3620 4101 3678 4154 τὲ
3701 4095 3764 4164 ἐφ’

2233 4199 2386 4267 ἡμῖν.
2423 4197 2518 4250 καὶ
2563 4195 2630 4249 τὰ
2678 4195 2818 4250 κατὰ
2860 4196 3022 4265 φύσιν
3082 4198 3372 4267 γινόμενα,
3434 4197 3502 4249 τά
3559 4211 3614 4246 τε
3659 4188 3765 4243 κατὰ

2236 4287 2580 4358 συμϐεϐηκὸς
2603 4329 2617 4352 ,
2653 4288 2869 4341 πάντων
2912 4306 2972 4341 τε
3022 4291 3105 4357 ἐφ’
3129 4290 3225 4342 ἕνα
3257 4289 3419 4358 λόγον
3458 4288 3548 4340 τὸν
3585 4288 3641 4338 ὲκ
3661 4277 3766 4336 θεοῦ

2237 4380 2430 4452 βουλῆς
2462 4381 3043 4452 ἀνακεφαλαιουμένων
3065 4399 3077 4412 ·
3115 4383 3352 4453 οὐδαμοῦ
3388 4382 3486 4453 μὲν
3511 4383 3540 4434 ό
3575 4378 3686 4448 περὶ
3716 4375 3767 4425 εἰ-

573 4474 794 4514 suarum
819 4497 833 4521 ,
869 4458 934 4511 ad
964 4464 1182 4512 strenue
1212 4457 1700 4526 phil050pliandum
1753 4471 1874 4511 sese
1907 4471 2130 4525 compa-

2242 4472 2523 4542 μαρμένης
2538 4472 2718 4544 χώραν
2740 4471 2850 4536 ἕξει
2877 4473 3052 4541 λόγος.
3079 4473 3296 4526 Γένοιτο
3325 4473 3371 4526 δ’
3397 4473 3464 4527 ἂν
3486 4473 3608 4542 ἡμῖν
3637 4469 3766 4537 εὑρη·

573 4558 674 4604 rat.
729 4548 884 4615 Quod
919 4548 1157 4604 studium
1193 4548 1322 4602 dum
1362 4549 1477 4617 ipsa
1508 4549 1748 4619 negligit,
1780 4564 1810 4602 a
1850 4549 2133 4603 deteriori-

573 4643 674 4696 bus
703 4642 932 4712 pessime
977 4641 1164 4696 haberi
1206 4640 1451 4710 aliieique
1475 4642 1640 4705 solet;
1677 4641 2132 4710 quemadmodum

571 4734 839 4789 exteriore
870 4735 1015 4788 cultu
1050 4734 1312 4804 perpolita
1337 4773 1352 4798 ,
1405 4734 1628 4802 majoris
1664 4733 1716 4786 in
1749 4733 1863 4787 dies
1897 4733 2134 4802 probita-

576 4827 644 4880 tis
672 4825 980 4881 accessione
1010 4827 1335 4880 cumulatur.
1354 4824 1493 4893 Quid
1518 4839 1680 4894 porro
1711 4839 2135 4880 commemorare

575 4919 798 4982 attinet,
836 4926 895 4971 ut
935 4926 1206 4971 certorum
1248 4917 1606 4987 quorumdam
1653 4925 1707 4970 et
1746 4916 2050 4968 animorum
2083 4923 2136 4968 et

573 5024 862 5077 corporum
893 5019 987 5063 aut
1008 5018 1334 5079 proventus,
1365 5017 1458 5062 aut
1483 5008 1726 5078 penuria,
1755 5008 1968 5062 tametsi
2003 5023 2132 5060 casu

574 5099 810 5166 quodam
841 5103 906 5152 ad
937 5099 1173 5155 universi
1211 5099 1652 5169 gubernationem
1703 5099 1919 5169 proprie
1949 5097 2133 5153 confe-

577 5200 676 5254 rat,
714 5189 940 5260 ejusque
974 5190 1149 5244 ordini
1180 5191 1434 5260 praaclare
1458 5190 1686 5246 omnino
1711 5191 2014 5256 conveniat,
2045 5199 2131 5244 ta-

643 5283 686 5313 ³⁰
714 5280 734 5335 l
759 5283 881 5338 Cor.
913 5297 1002 5350 xv,
1028 5283 1117 5338 53.

648 5387 672 5414 ει
712 5369 798 5422 ἴσ.
827 5369 936 5423 ὅτε.

646 5464 754 5536 (65)
795 5467 1036 5535 Ὀμιλίαι
1084 5469 1279 5526 κακαί.
1342 5467 1455 5523 Hoc
1500 5467 1780 5522 Menandri
1829 5467 2130 5530 versiculo,

573 5545 668 5598 τας
697 5539 1002 5602 συνουσίας,
1031 5541 1265 5609 proprie,
1297 5540 1392 5593 καὶ
1423 5538 1521 5602 τὰς
1554 5539 1963 5609 συμπεριφορὰς
1990 5539 2130 5609 Αναξ-

575 5610 745 5678 stulus
785 5607 1047 5678 intelligit.
1082 5607 1242 5664 Recte
1280 5619 1456 5663 tamen
1497 5607 1695 5676 vulgat.
1740 5607 1989 5677 interpr.,
2024 5607 2132 5678 corl-

572 5675 786 5748 loquia;
819 5675 1123 5734 fiunt-enim
1167 5679 1254 5733 διὰ
1296 5679 1467 5747 λόγων
1508 5675 1963 5748 ροιίεεὶιηυιη,ἀὶ
1999 5677 2131 5748 πρὸς

571 5746 831 5818 ἀλλήλους
856 5749 1058 5816 ὁμιλίαι
1085 5768 1098 5803 :
1135 5766 1233 5804 nec
1262 5746 1376 5803 alio
1406 5746 1523 5802 lere
1559 5749 1664 5802 telo
1693 5748 1906 5818 gravius
1937 5746 2131 5801 tenerze

574 5818 745 5871 adhuc
785 5828 836 5872 et
883 5820 1095 5873 illibata:
1145 5829 1370 5885 mentes,
1422 5836 1582 5891 quam
1627 5819 1837 5890 procaci
1884 5819 2131 5873 oratiOne

2239 4563 2371 4634 μένη
2408 4564 2500 4615 καὶ
2528 4565 2559 4632 ἡ
2591 4563 2742 4633 παρὰ
2783 4566 2893 4628 τοῖς
2940 4563 3152 4627 πολλοῖς
3177 4563 3532 4636 άποῳυμένη
3566 4561 3656 4630 τῆς
3692 4574 3757 4609 κα·

2235 4655 2358 4716 κίας
2377 4653 2546 4724 πηγὴ,
2575 4655 2632 4706 ἐν
2657 4654 2832 4707 οὐδενὶ
2865 4655 2960 4725 μὲν
2982 4653 3163 4726 χώραν
3190 4655 3395 4725 ἔχουσα
3415 4654 3524 4709 τῶν
3550 4649 3674 4707 κατὰ
3693 4647 3756 4716 φά

2237 4761 2340 4808 σιν,
2371 4744 2482 4797 οὐτ’
2529 4748 2585 4798 ἐν
2616 4744 2882 4816 σώμασιν,
2911 4745 3022 4798 οὐτ’
3058 4748 3115 4800 ὲν
3138 4747 3352 4811 οὐσίαις
3393 4742 3765 4815 πνευματικαῖς,

2235 4839 2426 4892 πολλοῦ
2450 4839 2530 4892 δεῖ
2553 4837 2663 4908 (65)
2704 4839 2761 4890 ὲν
2784 4841 2895 4903 τοῖς
2922 4837 3062 4892 κατὰ
3095 4838 3447 4909 συμϐεϐηκὸς
3471 4835 3656 4902 ἔξωθεν
3676 4833 3763 4883 ἑπι-

2232 4933 2566 5002 γινομένοις·
2621 4930 2868 5001 εὑρεθείη
2905 4930 2949 4982 δ’
2987 4929 3054 4983 ἂν
3088 4932 3147 4983 ὲν
3187 4927 3324 5001 μόνῃ
3371 4931 3440 4999 τῇ
3488 4928 3584 4997 τῆς
3626 4920 3765 4992 ψυχῆς

2234 5022 2672 5094 αὐτοπροαιρέτῳ
2731 5026 2939 5093 κινήσει
2991 5021 3084 5075 καὶ
3126 5022 3182 5073 ἐν
3215 5019 3393 5091 ταύτῃ
3420 5020 3522 5090 οὐχ
3539 5018 3620 5070 ὅτε
3659 5008 3768 5065 κατὰ

2235 5111 2393 5182 φύσιν
2427 5112 2711 5182 βαδίζουσα
2733 5111 2830 5182 τὴν
2860 5110 3074 5164 εὐθεῖαν
3103 5110 3298 5174 όδεύει,
3330 5110 3452 5163 ἀλλ’
3481 5109 3568 5161 ὅτε
3588 5106 3673 5175 τῆς
3692 5101 3767 5171 βα⁵

2236 5204 2446 5274 σιλικῆς
2485 5205 2723 5257 ὲκστᾶσα
2745 5202 2924 5275 οἰκείᾳ
2952 5202 3144 5274 γνώμῃ
3166 5200 3263 5273 τὴν
3294 5199 3450 5275 παρὰ
3491 5198 3640 5270 φύσιν
3665 5191 3766 5264 τρέ-

2234 5472 2609 5525 vulnerantur.
2641 5469 2758 5536 Qua
2785 5470 2850 5524 de
2878 5486 2936 5523 re
2969 5467 3110 5524 infra
3139 5468 3415 5538 pluribus,
3453 5465 3545 5522 ubi
3583 5477 3643 5538 et
3670 5455 3768 5538 Pla'

2235 5553 2379 5599 tunc,
2407 5541 2473 5594 de
2501 5531 2749 5593 habendo
2783 5539 3087 5594 fabularum
3120 5531 3543 5607 carminumque
3565 5531 3762 5607 delectu.

2304 5611 2414 5676 (64)
2447 5613 2594 5662 Ὅσα
2626 5628 2690 5679 γε
2723 5609 2868 5677 μὴν.
2901 5610 2959 5664 Si
2992 5611 3142 5664 locus
3175 5611 3385 5678 integer
3436 5605 3540 5669 est,
3572 5605 3664 5658 ὅσα
3688 5608 3768 5666 Po‘

2233 5681 2360 5740 suit,
2391 5696 2487 5747 pro
2515 5679 2633 5732 καθ’
2664 5681 2762 5733 ὅσα
2787 5680 2866 5734 vel
2895 5679 3017 5732 καθ’
3047 5680 3190 5744 ὅσον,
3221 5679 3270 5734 id
3294 5688 3383 5734 est
3413 5686 3678 5746 quatenus.

2303 5750 2412 5819 (63)
2439 5750 2678 5803 Πολλοῦ
2702 5748 2809 5804 δεῖ.
2836 5751 2914 5803 ita
2942 5750 3278 5818 reposuimus
3304 5764 3372 5806 ex
3399 5748 3494 5803 alt.
3525 5751 3763 5800 manusca

2231 5837 2351 5876 cum
2388 5831 2509 5876 ante
2541 5819 2602 5890 δή
2634 5836 2911 5890 perperam
2941 5821 3229 5889 legeretur.
