3864 6386
158 321 231 376 ΗΞ

157 450 294 495 estut,
331 429 442 500 αὕτη
480 427 673 497 ἑαυτῆς
733 428 1053 482 καθεστῶσα
1116 432 1300 502 κυρία.

153 526 260 580 τοῦτο
279 525 413 594 γέρας
435 521 695 591 ἐξαίρετον
719 523 867 592 παρά
898 523 1032 576 Θεοῦ
1063 522 1320 588 λαϐοῦσα,
1363 523 1620 596 ἐλευθέρα

151 618 215 672 καὶ
237 614 530 683 αὐτοκράτωρ
558 614 834 683 τυγχάνει,
859 613 959 683 τῆς
984 615 1191 678 οἰκείας
1210 616 1386 686 ὁρμῆς
1417 616 1476 668 τὸ
1503 633 1622 686 κρι-

147 709 279 776 τήριον
301 706 364 766 εἰς
391 702 569 773 ἑαυτὴν
590 703 1006 774 ἀναδεδειγμένη
1027 704 1137 773 (66)
1161 721 1175 734 ·
1206 705 1366 775 νόμος
1391 704 1445 758 δὲ
1481 705 1622 768 θεῖος

145 799 240 868 αὐτῇ
267 793 642 864 συνεζευγμένος
672 795 813 847 κατὰ
847 795 1006 863 φύσιν
1027 796 1345 868 λαμπτῆρος
1388 798 1484 852 καὶ
1512 815 1622 867 φω-

145 893 284 963 στῆρος
305 889 432 959 δίκην
461 890 718 956 ὲπιφωνεῖ
737 888 947 941 ἔνδοθεν
974 889 1200 960 ύπηχῶν
1236 892 1372 961 αὐτῇ
1417 893 1511 944 καί⁸
1542 891 1623 943 λέ-

142 998 241 1050 γων·
271 979 379 1049 ’θεῷ
404 979 639 1049 βασιλικῇ
691 980 962 1051 πορεύσῃ,
994 980 1094 1032 οῦκ
1143 982 1410 1045 ἐκκλινεῖς
1448 982 1618 1049 δεξιά,

140 1076 222 1127 οὐδὲ
250 1074 470 1143 ἀριστερά
490 1091 502 1102 ·
539 1072 825 1143 βασιλικὴν
857 1073 954 1144 τὴν
989 1073 1128 1127 κατὰ
1160 1074 1250 1127 τὸν
1284 1074 1440 1146 ὀρθὸν
1467 1075 1620 1144 λόγον

139 1165 296 1237 τορείαν
313 1159 431 1218 εἰναι
457 1165 740 1218 διδάσκων.
775 1165 973 1217 Τοῦτον
1002 1166 1110 1237 γάρ
1140 1167 1331 1240 ἁπάσῃ
1361 1167 1502 1238 ψυχῇ
1529 1185 1622 1236 φυ·

137 1258 238 1311 ciwa
257 1259 391 1326 νόμον
419 1256 604 1326 βοηθὸν
629 1259 766 1327 αὐτῇ
792 1257 884 1309 κα)⁸
908 1256 1192 1328 σύμμαχον
1219 1259 1311 1312 ἐπὶ
1343 1258 1450 1311 τῶν
1475 1277 1618 1331 πρα-

136 1349 254 1400 κτέων
277 1347 411 1399 ὁτῶν
440 1347 573 1399 ὅλων
606 1348 942 1417 Δημιουργὸς
982 1350 1322 1419 ὑπεστήσατο
1345 1367 1358 1379 ⁸
1393 1349 1479 1402 διὰ
1524 1351 1620 1420 μὲν

131 1439 191 1491 τοῦ
214 1439 360 1507 νόμου,
381 1439 472 1508 τὴν
497 1438 712 1491 εὐθεῖαν
731 1439 863 1510 αὐτῇ
901 1439 1235 1510 παραδείξας
1265 1441 1411 1503 ὁδὸν,
1444 1441 1531 1495 διά
1563 1442 1619 1494 δὲ.

129 1529 317 1598 τῆςαύτῇ
361 1529 733 1600 δεδωρημένης
773 1530 1117 1594 αὑτεξουσίου
1155 1531 1463 1603 ἐλευθερίας
1519 1532 1620 1605 τὴν

126 1621 200 1672 τῶν
216 1621 488 1691 κρειττόνων
516 1623 732 1693 αἰρεσιν
768 1623 990 1676 ἐπαίνου
1017 1625 1111 1678 καὶ
1155 1625 1427 1696 ἀποδοχῆς
1462 1626 1619 1692 ἀξίαν

127 1713 352 1781 ἀποφήνας,
377 1712 544 1783 γερῶν
581 1731 638 1766 τε
662 1715 754 1766 καὶ
781 1714 1042 1784 μειζόνων
1071 1716 1340 1778 ἐπάθλων.
1362 1716 1470 1769 τῶν
1525 1717 1617 1770 ἐπὶ

122 1805 199 1864 τοῖς
228 1806 659 1875 κατορθουμένοις,
690 1808 766 1859 ὃτι
802 1806 875 1876 μὴ
900 1807 1271 1877 βεϐιασμένως
1289 1848 1304 1871 9
1335 1807 1528 1880 γνώμῃ
1560 1807 1617 1860 δὲ

123 1894 371 1965 αὑτεξονσίῳ
404 1898 705 1969 κατώρθου,
737 1898 911 1968 παρὸν
943 1899 1036 1951 καὶ
1082 1899 1177 1969 τὴν
1214 1899 1461 1953 ἐναντίαν
1499 1898 1613 1951 ἑλέ-

124 1987 205 2039 σθαι
221 2005 232 2016 ·
252 1989 311 2051 ὡς
331 1990 554 2058 ,ἔμπαλιν
581 1991 677 2061 τὴν
697 1993 764 2044 τά
788 1992 1036 2062 χείριστα
1054 1990 1314 2062 ἑλομένην
1329 1990 1497 2060 ψόγου
1520 1991 1613 2044 καὶ

128 2079 323 2147 τιμωρίας
366 2076 490 2132 εἶναι
533 2080 727 2146 ἀξίαν,
779 2082 873 2134 ἆτε
903 2082 1078 2152 οἰκείᾳ
1128 2083 1338 2152 κινήσει
1377 2082 1470 2134 τοῦ
1516 2083 1612 2152 μὲν

121 2168 218 2221 κατὰ
252 2170 383 2238 φύσιν
419 2172 586 2242 νόμου
613 2173 1100 2244 παραμελήσασαν,
1131 2173 1327 2235 κακίας
1349 2172 1406 2225 δὲ
1439 2173 1612 2244 ἀρχὴν

119 2263 183 2312 καὶ
204 2262 347 2331 πηγὴν
369 2265 836 2334 ἀπογεννήσασαν,
873 2265 1087 2332 φαύλως
1123 2281 1181 2316 τε
1209 2266 1374 2335 ἑαυτῇ
1408 2281 1611 2335 κεχρη-

119 2353 249 2423 μένην,
269 2357 352 2408 οὐκ
381 2357 455 2408 ἔτι
480 2359 629 2420 τινος
670 2357 866 2424 ἔξωθεν
904 2359 1177 2428 ἀνάγκης,
1215 2357 1327 2410 ἀλλ’
1374 2357 1433 2421 ἐξ
1465 2357 1612 2410 ἐλευ-

117 2443 230 2513 Θέρας
247 2446 442 2517 γνώμης
466 2465 525 2500 τε
553 2451 650 2500 καὶ
675 2448 928 2518 κρίσεως.
954 2449 1109 2501 Αἰτία
1133 2449 1197 2519 δὴ
1218 2448 1311 2501 τοῦ
1335 2449 1607 2519 ἑλομένου,

116 2530 205 2596 Θεὸς
224 2537 441 2599 ἀναίτιος.
470 2536 613 2590 Οὔτε
648 2538 756 2608 γάρ
785 2537 944 2606 φύσιν
970 2537 1178 2607 φαύλην
1197 2541 1225 2590 ὁ
1261 2537 1392 2600 Θεὸς
1423 2537 1608 2608 εἰργά-

115 2626 334 2683 sumebas
351 2644 407 2694 γε
429 2628 613 2698 ψυχῆς
641 2628 851 2682 οὐσίαν.
890 2627 1103 2698 Ἀγαθῷ
1144 2627 1252 2698 γάρ
1285 2628 1435 2681 οὐδὲν
1472 2628 1609 2699 πλὴν

111 2715 237 2783 ἀγαθὰ
252 2718 582 2790 δημιουργεῖν
611 2718 793 2790 Θέμις.
836 2719 1059 2788 Ἀγαθὸν
1092 2719 1148 2771 δὲ
1182 2721 1287 2772 πᾶν
1317 2720 1345 2771 ὃ
1375 2736 1427 2772 τι
1470 2719 1611 2772 κατὰ

111 2809 242 2875 φύσιν·
278 2813 405 2882 ψυχῇ
427 2813 481 2865 δὲ
514 2813 674 2883 πάσῃ
700 2813 892 2882 λογικῇ
930 2811 1070 2864 κατὰ
1102 2813 1261 2880 φύσιν
1288 2813 1517 2885 πάρεστι
1549 2812 1609 2865 τὸ

110 2901 376 2966 αὐτεξούσιον
400 2905 609 2972 ἀγαθὸν
633 2945 648 2968 ,
684 2906 776 2957 καὶ
805 2904 964 2957 τοῦτο
1009 2905 1095 2956 ἐπ’
1134 2903 1352 2973 ἀγαθῶν
1402 2904 1609 2976 αἱρέσει

108 2995 408 3062 γεγενημένον.
447 2995 678 3057 Φαύλως
711 2995 767 3047 δὲ
799 2995 886 3048 ὅτε
918 2995 1178 3066 πράττει,
1215 2995 1274 3048 οὐ
1311 2997 1410 3066 τὴν
1449 2994 1608 3064 φύσιν

108 3086 336 3139 αἰτιατέον·
378 3089 434 3139 οὐ
473 3089 591 3159 γάρ
624 3086 763 3140 κατὰ
785 3087 947 3155 φύσιν
968 3127 981 3151 ,
1017 3089 1167 3158 παρὰ
1195 3087 1356 3156 φύσιν
1387 3088 1444 3141 δὲ
1471 3089 1606 3158 αὐτῇ

105 3177 259 3241 γίνεται
273 3180 326 3232 τὸ
351 3172 570 3248 φαῦλον,
609 3179 984 3250 προαιρέσεως
1008 3180 1087 3243 ὂν,
1118 3180 1230 3233 ἀλλ’
1255 3179 1375 3250 οὐχὶ
1395 3178 1608 3249 φύσεως
1637 3173 1678 3230 C

108 3264 235 3333 ἔργον.
261 3261 321 3337 ᾮ
345 3269 446 3340 γὰρ
473 3272 659 3341 παρῆν
689 3269 918 3340 δύναμις
941 3272 1038 3341 τῆς
1061 3271 1300 3340 τάγαθοῦ
1325 3271 1606 3342 αἱρέσεως,

104 3357 165 3408 ὅτε
189 3361 246 3429 μὴ
263 3360 399 3414 τοῦτο
419 3363 616 3425 είλετο,
672 3362 813 3416 ἑκὼν
835 3364 890 3416 δὲ
912 3365 971 3417 τὸ
989 3367 1230 3435 κρεῖττον
1261 3363 1606 3435 ἀπεστράφη,

103 3451 169 3502 τοῦ
192 3453 390 3524 χείρονος
420 3456 834 3525 μεταποιηθεὶς,
867 3457 952 3520 τίς
985 3456 1051 3510 ἂν
1075 3456 1251 3526 τούτῳ
1283 3457 1446 3520 τόπος
1478 3457 1611 3509 ἀπο-

105 3543 232 3611 ςντῆς
255 3547 467 3600 λείποιτο
493 3549 599 3617 τῆς
633 3547 838 3610 οἰκείας
868 3548 1026 3618 αἰτίῳ
1066 3548 1396 3601 καταστάντι
1432 3548 1608 3610 νόσου,

105 3631 169 3682 τοῦ
185 3650 231 3685 τε
254 3638 510 3706 συμφύτου
537 3638 730 3708 νόμου,
765 3638 1008 3708 σωτῆρος
1041 3632 1130 3691 οἷα
1158 3639 1254 3692 καὶ
1295 3638 1479 3709 ἰατροῦ
1511 3656 1610 3691 πα-

105 3727 428 3799 ραμελῆσυτη
479 3731 537 3783 Ὁ
567 3730 634 3800 δὴ
670 3729 874 3783 τούτων
913 3731 1164 3786 ἁπάντων
1211 3732 1412 3802 μηδένα
1455 3732 1610 3800 λόγον

105 3818 372 3888 ποιούμενος,
398 3822 650 3892 ἀνάγκης
681 3839 742 3874 τε
768 3823 861 3875 καὶ
889 3822 1106 3892 ἄστρων
1145 3824 1319 3894 φορᾶς
1361 3823 1609 3893 ἀναρτῶν

103 3907 149 3960 τὰ
180 3911 354 3975 πάντα,
383 3913 480 3984 τῆς
509 3929 572 3965 τε
612 3913 722 3965 τῶν
751 3913 1254 3985 πλημμελουμένων
1304 3913 1610 3984 ἀνθρώποις

103 3998 290 4066 ἀτοπίας,
311 4005 381 4075 μὴ
410 4006 468 4072 ἐξ
493 4007 658 4077 ἡμῶν
685 4001 824 4059 εἶναι
858 4007 1082 4074 φάσκων
1100 4005 1169 4058 τά
1195 4005 1364 4070 αἴτια,
1403 4004 1514 4058 ἀλλ’
1545 4007 1610 4058 ὲκ

101 4089 171 4158 τῆς
191 4093 245 4146 τὰ
278 4097 443 4152 πάντα
482 4097 743 4169 κινούσης
769 4098 1069 4168 δυνάμεως,
1121 4097 1238 4160 πῶς
1268 4097 1368 4150 οὐκ
1399 4097 1611 4150 ἀνόσιον

104 4184 170 4232 καὶ
187 4184 386 4258 δυσσεϐῆ
407 4189 671 4260 λογισμὸν
695 4189 938 4259 εἰσφέροι
961 4187 1060 4252 ἄν;
1092 4186 1216 4240 Εἴτε
1238 4185 1344 4258 γάρ
1369 4186 1609 4256 αὐτόμα-

102 4287 166 4324 τον
182 4278 256 4328 καὶ
269 4279 589 4350 ἀπρονόητον
613 4279 734 4348 θείη
769 4280 866 4350 τὴν
897 4278 990 4332 τοῦ
1007 4279 1206 4341 παντὸς
1241 4277 1432 4348 φοράνν
1463 4277 1612 4344 έλέῗ·

103 4368 196 4429 κατ’
227 4367 283 4421 ἂν
325 4371 396 4434 ὡς
423 4371 653 4424 αὐτόθεν
698 4369 875 4435 ἄθεος,
906 4369 1043 4440 πρὸς
1073 4369 1152 4440 τῷ
1189 4369 1283 4422 καὶ
1323 4369 1611 4422 ἀϐλεπτεῖν

105 4458 195 4526 περὶ
211 4459 291 4530 τὴν
309 4462 576 4533 πάνσοφον
593 4463 859 4533 ἁρμονίαν
882 4462 975 4514 καὶ
1004 4461 1101 4531 τὴν
1121 4460 1228 4513 τῶν
1256 4460 1394 4513 ὅλων
1427 4459 1610 4514 διάτα-

107 4542 177 4609 ξιν,
197 4544 244 4602 εὖ
266 4553 350 4604 καὶ
376 4557 430 4606 ὲν
460 4554 653 4624 κόσμῳ
680 4554 780 4623 τὴν
825 4553 891 4606 δι’
926 4550 1117 4612 αἰῶνος
1154 4551 1365 4621 κίνησιν
1407 4552 1608 4604 ἀνακυ-

106 4636 338 4712 κλουμένην
360 4661 373 4673 ο
403 4644 512 4697 εἴτε
534 4644 673 4698 Θεοῦ
698 4643 952 4712 πρόνοιαν
975 4643 1130 4709 ἄγειν
1151 4641 1249 4694 καὶ
1266 4647 1329 4709 φε
1341 4658 1472 4711 ρειν,
1491 4642 1613 4694 ἐπι-

107 4737 264 4785 στατεῖν
283 4752 335 4787 τε
368 4739 521 4802 πᾶσι,
563 4736 658 4790 καὶ
684 4735 940 4804 πανσὸφῳ
979 4733 1120 4803 λόγῳ
1149 4732 1370 4785 διοικεῖν
1419 4732 1614 4803 ὁμολο-

106 4820 233 4890 γήσει,
267 4825 361 4878 ούδ⁹
398 4826 541 4879 οὕτω
567 4825 661 4878 τοῦ
695 4823 991 4888 δυσσεϐοῦς
1021 4823 1330 4892 ἐκπέφευγε
1355 4823 1454 4892 τὴν
1488 4823 1616 4875 ἀτο-

108 4911 198 4962 πίαν
232 4927 279 4955 ι’
318 4918 495 4988 ἐπειδὴ
534 4917 646 4970 τῶν
688 4919 744 4969 ὲν
787 4914 1094 4986 ἀνθρώποις
1153 4912 1617 4985 ἁμαρτανομένων

108 5001 195 5065 τώς
211 5007 291 5074 μὲν
317 5007 765 5080 πλημμελοῦντας
785 5005 1028 5070 ἀπολύει,
1053 5006 1128 5069 ὡς
1160 5005 1323 5077 μηδὲν
1355 5003 1461 5057 τῶν
1487 5004 1608 5056 ἀτό-

112 5108 191 5146 πων
216 5098 265 5162 ἐξ
287 5101 475 5164 οἰκείας
494 5098 724 5170 γνώμης
747 5097 1260 5168 διαπεπραγμένους
1284 5136 1299 5159 ,
1339 5097 1529 5164 ἀνάγει
1554 5095 1611 5148 δὲ

111 5188 179 5255 τήν
207 5194 352 5247 αἰτίαν
384 5195 492 5249 τῶν
546 5194 733 5248 κακῶν
780 5193 872 5246 ἐπὶ
922 5190 1020 5262 τὴν
1064 5189 1289 5242 καθόλου
1334 5189 1608 5258 πρόνοιαν,

116 5277 296 5350 ἀτιέγκην
319 5287 477 5356 αὐτὴν
500 5286 596 5338 καὶ
615 5283 950 5356 εἱμαρμένην
979 5279 1284 5343 ἀποκαλῶν,
1308 5280 1400 5331 καὶ
1432 5279 1618 5347 πάσης

119 5367 183 5437 τῆς
211 5373 256 5422 ἐν
287 5376 581 5449 ἀνθρώποις
640 5374 1025 5446 αἰσχρουργίας
1075 5373 1168 5424 καὶ
1200 5369 1609 5442 ἀρῥητοποιίας,

119 5455 330 5533 ὡμίπητός
353 5483 408 5518 τε
440 5467 537 5519 καὶ
571 5465 876 5535 μιαιφονίας
896 5462 1074 5515 αἰτίαν
1096 5455 1231 5515 εἶναι
1267 5459 1460 5528 λέγων.
1503 5459 1614 5513 Καὶ

169 5581 188 5611 ⁸
205 5575 270 5628 ἰσ.
295 5581 480 5638 αἰτίαν.

127 5685 250 5804 allii)
278 5692 755 5813 ὲζαεεδειτμένη.
795 5690 872 5745 Ita
926 5701 1138 5742 omnes.
1211 5682 1417 5741 Sensus
1455 5692 1640 5739 tamen

183 5771 284 5813 βαιο.
319 5781 455 5813 λυσα.
919 5767 932 5774 ⁸

183 5767 367 5826 ρωαδοῦ
375 5781 455 5816 σα.
919 5767 932 5774 ⁸

367 5860 632 5921 Parnm.
678 5861 798 5921 Gn.
840 5854 1008 5918 XXI.

1213 314 1536 369 PRzEPAR.
1581 312 1836 368 EVANG.
1874 312 2000 367 LIB.
2047 311 2131 367 Vl.

1376 431 1625 486 Ἐπειδὰν
1656 438 1698 490 Α
1729 447 1850 484 men
1881 445 2003 484 cum
2041 429 2270 501 singulis
2295 428 2561 499 partibus,
2615 437 2728 482 tum
2761 427 2825 482 iis
2854 443 3069 500 quoque
3113 431 3276 490 rebus

1625 4714 1632 4726 ’
1703 4711 1798 4776 cit,

3193 313 3294 367 4211

1721 536 1842 589 quae
1876 520 2148 574 facultatis
2174 535 2237 574 ac
2264 520 2548 588 potestatis
2581 530 2778 572 nostra:
2804 531 2961 586 sunt,
3006 522 3294 576 incredibi-

1721 609 1824 663 lem
1861 625 2002 678 saepe
2026 610 2179 663 alii-rt
2204 608 2522 662 mutationis
2555 619 2768 662 aestum.
2792 609 3058 664 Caeterum
3083 615 3294 669 cunctis

1721 703 1944 757 omnino
1970 703 2150 766 rebus,
2170 719 2263 757 seu
2296 704 2524 757 consilio
2558 703 2686 756 liant
2712 704 3056 774 impulsuque
3082 715 3292 771 nostro,

1722 810 1818 850 seu
1853 795 2075 849 fortuito
2113 795 2329 851 aliunde
2366 797 2702 866 contingant,
2740 813 2834 852 seu
2865 798 3096 868 denique
3129 807 3292 854 natu-

1724 887 1889 942 ralem
1926 887 2158 942 habeant
2186 897 2338 942 ortus
2367 889 2448 942 sui
2480 889 2764 953 rationem,
2785 903 2997 944 summa
3021 907 3129 946 una
3154 907 3292 962 pra:-

1722 989 2024 1050 potensque
2078 979 2170 1034 Dei
2219 981 2552 1049 providentia
2608 983 2953 1048 moderatur,
2999 999 3120 1054 qua:
3166 1001 3292 1040 cum

1723 1071 1908 1125 omnia
1941 1078 2218 1140 permeet,
2253 1079 2367 1124 tum
2403 1070 2634 1140 plurima
2675 1071 3036 1126 divinioribus
3065 1073 3292 1141 quibus-

1722 1164 1846 1218 dam
1900 1164 2237 1227 rationibus,
2291 1173 2620 1233 captumque
2661 1174 2907 1219 nostrum
2957 1163 3290 1236 fugientibus

1722 1243 2084 1320 administrat,
2124 1270 2359 1324 cumque
2405 1256 2519 1310 suis
2552 1255 2714 1310 veluti
2758 1255 2982 1312 habenis
3021 1257 3287 1312 obsecun-

1718 1345 1854 1402 dans
1896 1349 1998 1402 boc
2032 1351 2343 1403 universum
2384 1366 2446 1404 ac
2493 1351 2723 1404 ﬂexibile
2773 1352 3004 1418 habeat,
3047 1365 3159 1408 tum
3198 1369 3287 1409 res

1715 1445 1878 1500 etiam
1912 1447 2196 1518 plerasque
2230 1450 2504 1505 naturales
2536 1450 2601 1504 ad
2636 1451 2814 1504 varias
2861 1459 3164 1520 temporum
3195 1471 3290 1510 oc-

1715 1544 1962 1600 casiones
1997 1547 2147 1616 lingit
2176 1562 2240 1601 ac
2284 1557 2492 1614 mutat,
2521 1549 2700 1619 itaque
2739 1551 2990 1618 potestati
3035 1551 3290 1605 arbitrio-

1719 1650 1826 1707 que
1865 1643 2056 1689 nostro
2101 1634 2345 1688 subditas
2380 1634 2582 1687 auxilio
2622 1642 2898 1701 promovet
2927 1648 3062 1700 suo,
3096 1642 3155 1689 ut
3191 1634 3277 1700 iis,

1653 1777 1694 1831 Β
1719 1743 1839 1799 quae
1883 1726 2221 1781 extrinsecus
2266 1725 2542 1788 eveniunt,
2583 1740 2739 1778 suum
2777 1740 2994 1795 quoque
3028 1726 3204 1782 locum
3230 1736 3284 1782 et

1717 1829 2142 1876 consentaneum
2180 1818 2425 1873 ordinem
2475 1817 2752 1872 attribuat.
2825 1817 2959 1872 Cum
3002 1833 3130 1889 ergo
3178 1820 3281 1874 tria

1719 1911 1832 1966 haec
1863 1925 2042 1964 rerum
2073 1923 2269 1980 genera
2305 1916 2631 1972 statuantur,
2660 1917 2717 1961 ut
2744 1907 2864 1962 aliae
2885 1917 3067 1962 nostra
3100 1923 3162 1963 ex
3189 1925 3283 1962 vo-

1718 2005 1924 2059 luntate
1953 2005 2223 2075 pendeant
2246 2043 2260 2066 .
2297 2003 2414 2058 alia:
2445 2012 2603 2073 prout
2632 2012 2824 2057 natura
2864 2004 3131 2072 postulat,
3168 2003 3285 2058 alia:

1717 2096 1951 2166 denique
1977 2095 2204 2151 fortuito
2238 2095 2511 2160 eveniant,
2529 2095 2824 2165 eademque
2841 2094 3002 2149 simul
3031 2095 3094 2150 ad
3119 2110 3282 2149 unam

1717 2199 1886 2254 divini
1926 2198 2140 2254 consilii
2187 2199 2454 2252 rationem
2505 2196 2770 2252 universa:
2812 2207 3164 2264 revocentur;
3206 2199 3286 2251 lo-

1717 2307 1816 2346 cus
1845 2292 2004 2361 plane
2022 2291 2202 2344 nullus
2220 2287 2330 2344 fato
2355 2287 2694 2358 relinquatur
2721 2301 2942 2343 necesse
2967 2298 3072 2344 est.
3115 2288 3287 2355 Quin-

1717 2384 1878 2438 etiam
1913 2383 2114 2438 fontem
2164 2382 2279 2453 jam
2313 2381 2463 2435 illum
2493 2380 2852 2451 improbitatis
2880 2381 3212 2444 noverimus,
3254 2397 3286 2437 a

1716 2475 1986 2545 plerisque
2011 2473 2266 2528 omnibus
2293 2472 2598 2542 ignoratum
2617 2510 2632 2535 ,
2668 2473 2761 2541 qui
2798 2487 2923 2526 cum
2947 2487 3046 2526 nec
3076 2472 3130 2525 in
3161 2487 3286 2527 cor-

1716 2580 1943 2636 porum,
1982 2579 2080 2620 nec
2127 2564 2182 2618 in
2227 2563 2552 2632 spiritalium
2598 2563 3025 2618 substantiarum
3062 2574 3278 2631 natura,

1715 2658 1886 2713 multo
1918 2657 2099 2711 minus
2127 2657 2180 2709 in
2216 2656 2303 2723 iis,
2350 2671 2472 2727 quae
2498 2655 2842 2710 extrinsecus
2874 2653 3150 2720 accidunt,
3179 2669 3281 2724 po-

1716 2759 1852 2813 situs
1883 2759 1986 2823 sit;
2023 2757 2290 2826 reliquum
2335 2764 2438 2819 est,
2489 2763 2549 2809 ut
2596 2754 2649 2807 in
2676 2753 2846 2807 libero
2871 2761 3079 2809 tantum
3111 2755 3278 2810 animi

1716 2865 1878 2906 sensu
1911 2848 2072 2918 250
2116 2857 2372 2918 motuque
2397 2848 2696 2916 reperiatur
2726 2867 2739 2904 :
2770 2863 2871 2903 nec
2901 2859 3080 2903 tamen
3103 2889 3117 2913 ,
3149 2848 3277 2902 dum

1716 2951 1966 2996 naturam
1997 2953 2250 3008 secutus,
2303 2951 2504 2995 rectam
2553 2941 2755 2996 insistit
2809 2941 2988 3006 viam,
3034 2941 3127 2995 sed
3166 2950 3279 2994 tum

1715 3036 2011 3098 duntaxat,
2059 3049 2184 3089 cum
2219 3049 2250 3087 a
2281 3034 2426 3103 regio
2471 3032 2760 3088 deﬂectens
2806 3032 3034 3099 itinere,
3088 3042 3281 3102 suopte

1715 3127 2001 3194 arbitratu,
2038 3127 2114 3181 uti
2137 3126 2278 3196 juris
2308 3125 2396 3180 ille
2435 3126 2520 3180 sui
2550 3140 2768 3194 suaeque
2790 3123 3068 3194 potestatis
3095 3133 3196 3190 est,
3225 3124 3278 3178 in

1711 3220 1939 3273 alienam
1971 3235 2002 3273 a
2030 3227 2221 3273 natura
2255 3218 2499 3272 semitam
2530 3216 2763 3271 deerrat.
2803 3215 3110 3280 Enimvero,
3153 3231 3278 3270 cum

1710 3309 1971 3363 eximium
2017 3310 2121 3364 hoc
2155 3325 2184 3363 a
2216 3309 2326 3363 Deo
2364 3318 2418 3364 et
2452 3306 2726 3379 singulare
2752 3323 2952 3362 munus
2990 3307 3277 3377 acceperit,

1711 3413 1770 3454 ut
1801 3400 2103 3455 libertatem
2144 3415 2208 3454 ac
2258 3415 2532 3454 summum
2581 3400 2637 3454 in
2683 3413 2742 3454 se
2787 3398 2960 3469 ipsam
2990 3400 3276 3469 imperium

1711 3493 2015 3556 obtineret;
2058 3500 2306 3547 motuum
2356 3491 2576 3561 quidem
2602 3506 2824 3546 suorum
2854 3491 3094 3546 rationes
3121 3490 3278 3546 habet

1711 3597 1810 3637 suo
1841 3598 1906 3636 ex
1930 3583 2154 3639 arbitrio
2196 3582 2513 3653 judicioque
2555 3584 2852 3652 pendentes
2903 3600 2917 3636 :
2967 3582 3058 3637 sed
3097 3591 3277 3636 tamen

1710 3673 1890 3727 divina
1922 3673 2008 3727 lex
2048 3688 2173 3727 cum
2205 3672 2418 3739 eodem,
2451 3673 2687 3728 naturali
2729 3672 2964 3745 quadam
2995 3673 3276 3739 societate,

1701 3777 1965 3848 lampadis
2002 3778 2175 3831 instar
2208 3775 2451 3846 facisque
2489 3775 2796 3846 conjuncta,
2836 3775 3094 3829 inclamat
3134 3776 3263 3829 sub-

1695 3874 1821 3930 inde
1858 3892 1922 3931 ac
1960 3885 2146 3931 monet
2178 3875 2426 3941 interius,
2467 3877 2542 3929 uti
2581 3875 2726 3945 regia
2764 3874 2979 3930 incedat
3017 3875 3124 3939 via,
3165 3891 3265 3931 nec

1695 3977 1763 4031 ad
1794 3976 2072 4032 sinistram
2115 3984 2209 4030 aut
2233 3976 2508 4030 dexteram
2536 3975 2803 4030 ullatenus
2834 3975 3088 4040 declinet,
3118 3974 3261 4029 viam

1695 4067 1839 4122 hanc
1872 4067 2098 4137 regiam,
2138 4076 2523 4136 congruentem
2563 4075 2616 4120 et
2647 4075 3063 4120 consentaneam
3104 4074 3266 4119 recta:

1696 4159 1892 4213 rationi
1922 4158 2063 4212 viam
2094 4172 2215 4212 esse
2241 4157 2464 4211 docens;
2498 4153 2703 4226 Quippe
2737 4155 3036 4210 naturalem
3062 4155 3264 4208 hancce

1695 4250 1892 4320 legem,
1921 4265 2025 4320 qua
2056 4250 2171 4304 suis
2201 4249 2254 4302 in
2285 4249 2588 4303 actionibus
2619 4257 2878 4312 uteretur,
2909 4247 3106 4300 animae
3139 4245 3258 4299 cui-

1699 4341 1830 4396 libet
1867 4350 2123 4410 tanquam
2168 4339 2582 4402 auxiliatricem,
2629 4338 2864 4393 universi
2912 4336 3132 4392 molitor
3166 4334 3268 4387 im-

1699 4432 1897 4502 pressit
1930 4447 1944 4483 :
1989 4441 2150 4502 atque
2183 4431 2279 4498 ita,
2312 4431 2765 4500 quemadmodum
2817 4429 2980 4498 hujus
3014 4427 3064 4480 vi
3107 4426 3263 4494 legis.

1640 4519 1902 4576 Drectam
1946 4522 2048 4591 ipsi
2097 4521 2238 4575 viam
2283 4523 2760 4587 eommonstravit,
2809 4523 2888 4577 sic
2934 4521 3093 4591 plena
3141 4519 3269 4579 illa.

1705 4627 1870 4682 quam
1907 4611 2082 4666 eidem
2121 4611 2426 4676 concessit,
2466 4612 2781 4680 integraque
2818 4611 3068 4665 libertate
3103 4608 3271 4678 perru-

1822 4712 1901 4768 uti
1929 4723 2109 4765 rerum
2131 4704 2415 4761 meliorum
2446 4699 2687 4754 delectus
2717 4708 2825 4748 non
2863 4691 3023 4745 laude
3055 4692 3264 4738 tantum

1700 4815 1755 4862 et
1802 4800 2230 4875 approbatione,
2279 4793 2374 4849 sed
2423 4786 2782 4859 amplioribus
2819 4782 3016 4846 etiam,
3059 4776 3269 4879 ubiores

1704 4868 1961 4970 praeclare
1989 4890 2264 4953 cessisset,
2279 4884 2515 4956 praemiis
2539 4881 2733 4951 dignus
2761 4884 2931 4940 esset;
2963 4868 3109 4942 quod
3135 4868 3269 4925 citra

1707 4989 1821 5054 vim
1839 4998 2137 5063 ullam,pro
2159 4990 2422 5045 arbitratu
2451 4982 2787 5052 consilioque
2813 4991 2914 5033 suo
2942 4983 3088 5030 recte
3115 4984 3271 5040 agere

1710 5090 2012 5152 statuisset,
2041 5100 2164 5139 cum
2194 5092 2376 5136 tamen
2404 5075 2736 5132 contrarium
2760 5079 2945 5140 optare
2967 5064 3270 5152 potuisset:

1710 5150 2009 5248 contraque
2045 5171 2376 5228 deteriorum
2423 5162 2672 5221 clectioni
2713 5157 3035 5228 vituperatio
3064 5150 3271 5221 suppli-

1711 5271 1965 5338 ciumque
1989 5264 2295 5324 deberetur,
2319 5257 2462 5329 quod
2486 5257 2538 5310 in
2569 5269 2687 5311 eam
2715 5261 2905 5319 suopte
2933 5255 3067 5300 nutu
3095 5252 3272 5338 spreta

1710 5335 1921 5416 natura:
1968 5360 2082 5428 lege
2140 5354 2410 5416 ferretur,
2457 5363 2522 5402 ac
2587 5361 2707 5400 sese
2751 5352 3031 5413 perperam
3082 5335 3274 5394 abusa,

1711 5455 1860 5509 nulla
1899 5427 2236 5508 extrinsecus
2295 5441 2618 5500 necessitate
2663 5447 2924 5508 cogente,
2970 5429 3062 5485 sed
3107 5427 3274 5481 libero

1712 5677 1986 5750 postulare
2035 5671 2268 5736 videtur,
2301 5626 2736 5740 ,dvuﬁeﬁaypévrj,
2788 5661 2892 5716 hoc
2944 5665 3062 5720 est,
3094 5651 3276 5708 Θεόοεν

2977 5815 3050 5877 ιιι
