3864 6386
477 330 582 383 427

1073 326 1161 385 EU
1173 328 1342 383 SEBll
1377 329 1485 384 Cgﬁ
1495 327 1850 384 SARIENSIS
1878 327 2026 385 OPP.

2163 331 2248 386 BS
2287 330 2352 386 11.
2393 361 2463 373 -
2505 325 3006 385 APOLOGETECA.

3620 313 3722 370 6‘28

480 444 637 510 plane
672 457 833 497 sensu
871 451 1033 512 atque
1057 443 1297 512 judicio,
1335 445 1695 514 improbitatis
1743 447 1858 515 ipsa
1893 455 2053 514 caput

2159 447 2237 510 τίς
2260 447 2324 501 ἂν
2350 446 2434 518 εἴη
2469 447 2657 500 τούτου
2680 444 2944 515 δυσσεϐὴς
2971 440 3127 502 ἄλλος
3160 435 3271 507 (67)
3290 474 3303 496 ,
3334 433 3427 488 τὸν
3459 430 3567 485 τῶν
3593 430 3727 483 ὅλων

479 535 791 604 Ιὶηιιοιηίιιιε
823 537 1071 594 aperiret.
1115 535 1251 589 Tota
1275 551 1402 605 ergo
1430 537 1584 605 culpa
1615 535 1901 606 deligentis
1943 548 2044 601 est,

478 627 624 680 nulla
653 627 766 681 Dei.
808 625 991 696 Neque
1020 627 1164 680 enim
1196 643 1419 696 pravam
1452 626 1615 693 Deus,
1649 637 1742 682 aut
1770 637 2046 692 naturam,

477 728 574 774 aut
605 719 774 773 animi
805 719 1164 774 substantiam
1193 722 1520 789 procreavit.
1577 720 1710 775 Nam
1735 722 1911 776 bonus
1936 721 2049 790 ipse

479 826 604 864 cum
628 812 735 875 sit,
773 811 936 865 ullius
975 826 1098 864 eum
1128 812 1203 864 rei
1232 851 1246 874 ,
1279 811 1383 866 nisi
1433 813 1571 866 bona
1603 829 1821 882 quoque
1863 812 2045 873 fuerit,

481 913 756 960 auctorem
788 918 907 958 esse
935 903 1085 958 nefas
1105 913 1206 958 est.
1226 903 1435 958 Bonum
1470 905 1522 959 id
1555 920 1717 959 omne
1754 919 1917 974 porro
1943 913 2046 971 est,

481 995 742 1066 quidquid
771 1010 801 1048 a
840 1003 1033 1048 natura
1070 1006 1154 1049 est
1205 1013 1218 1049 :
1271 995 1490 1050 cuilibet
1533 1003 1714 1050 autem
1753 993 1936 1048 animo
1961 1010 2051 1048 ra-

487 1090 632 1143 tione
665 1087 888 1156 prazdito
931 1087 1195 1142 libertatis
1230 1098 1282 1141 et
1311 1088 1520 1142 arbitrii
1563 1089 1764 1141 bonum
1799 1102 1828 1140 a
1858 1097 2048 1141 natura

485 1182 644 1244 inest,
675 1195 774 1234 nec
801 1179 966 1232 alium
994 1181 1058 1233 ad
1091 1180 1452 1249 ﬁnem,quam
1484 1180 1550 1234 ad
1582 1180 1706 1234 boui
1733 1178 2049 1236 electionem

483 1272 739 1325 inditum.
781 1269 965 1340 Neque
999 1285 1126 1322 vero
1147 1309 1160 1331 ,
1193 1285 1354 1337 prava
1379 1285 1501 1323 cum
1534 1269 1778 1338 sequitur
1803 1309 1816 1331 ,
1845 1278 2051 1322 natura:

484 1364 870 1433 assignandum
907 1363 954 1416 id
983 1373 1092 1426 est;
1115 1379 1236 1417 cum
1268 1363 1368 1432 ipsi
1392 1377 1616 1432 pravum
1649 1377 1754 1415 non
1775 1376 1804 1414 a
1837 1369 2050 1425 natura,

486 1455 577 1509 sed
610 1465 802 1523 praeter
840 1462 1088 1507 naturaru
1117 1453 1413 1523 contingat,
1446 1461 1634 1520 utpote
1667 1451 1810 1520 quod
1863 1450 2052 1502 volun-

490 1547 616 1600 tatis
647 1562 785 1614 opus
814 1546 904 1608 sit,
936 1560 1042 1599 non
1078 1554 1302 1599 naturas.
1366 1543 1468 1597 Cui
1495 1542 1636 1596 enim
1673 1540 1892 1610 Optandi
1924 1540 2051 1594 boni

486 1638 569 1690 vis
597 1646 649 1690 et
676 1635 903 1690 facultas
941 1635 1089 1695 insit,
1122 1636 1167 1689 is
1197 1635 1240 1688 si
1271 1634 1492 1688 minime
1514 1633 1799 1703 optaverit,
1825 1631 1870 1686 si
1894 1647 2054 1700 repu-

487 1727 648 1780 diatis
693 1735 886 1795 sponte
930 1727 1266 1792 melioribus,
1312 1725 1581 1780 deteriora
1605 1731 1842 1780 sectatus
1867 1722 2050 1788 fuerit,

2155 538 2304 601 Θεὸν,
2341 539 2501 592 αὐτὸν
2524 539 2587 609 δὴ
2617 539 2706 590 τὸν
2731 535 2956 606 ποιητὴν
2982 534 3076 586 καὶ
3102 527 3429 601 δημιουργὸν
3458 523 3611 577 τοῦδε
3635 519 3727 573 τοῦ

2156 630 2354 692 παντὸς
2380 631 2636 698 εἰσάγων,
2668 629 2975 696 ἐπάναγκες
3006 621 3392 692 ἐκϐιαζόμενον
3420 615 3570 669 τόνδε
3605 613 3729 683 μὲν,

2155 721 2254 772 οὐκ
2283 721 2530 774 ἐθέλοντα
2553 720 2787 784 ἀσεϐεῖν,
2809 718 2965 771 τοῦτο
2993 716 3269 787 πράττειν,
3294 713 3387 766 καὶ
3409 708 3569 764 ἄθεον
3593 703 3734 760 εἶναι

2156 813 2274 863 κατ’
2320 813 2564 881 ἀνάγκην
2587 852 2601 875 ,
2638 811 2730 863 καὶ
2765 812 2843 872 εἰς
2865 807 3053 861 ἑαυτὸν
3084 804 3431 875 βλάσφημον·
3469 797 3628 851 τόνδε
3656 795 3733 857 δὲ.

2155 898 2211 950 ὃν
2243 900 2405 962 αὐτὸς
2451 899 2546 970 τὴν
2602 899 2760 968 φύσιν
2815 898 3020 968 ἄρρενα
3072 895 3470 964 συνεστήσατο,
3499 889 3736 956 πάσχειν

2157 990 2310 1058 παρά
2333 990 2490 1059 φύσιν
2513 992 2579 1043 τὰ
2629 989 2880 1061 θηλειῶν,
2923 989 2981 1042 οὐ
3015 987 3156 1041 κατά
3190 984 3529 1056 προαίρεσιν,
3603 997 3739 1032 κατ-

2155 1083 2566 1154 ηναγκασμένον
2597 1083 2651 1135 δὲ
2684 1083 2820 1152 πρὸς
2853 1079 3044 1134 αὑτοῦ·
3073 1081 3167 1132 καὶ
3211 1077 3366 1131 ἄλλον
3412 1072 3742 1143 ἀνδροφόνον

2157 1171 2418 1240 γίνεσθαι,
2447 1173 2520 1244 μὴ
2554 1171 2702 1244 παρὰ
2724 1174 2823 1241 τὴν
2846 1171 3050 1222 οἰκείαν
3080 1167 3331 1237 γνώμην,
3364 1165 3454 1217 ὑπ’
3485 1162 3742 1228 ἀνάγκης

2157 1263 2213 1316 δὲ
2248 1265 2599 1335 ἐλαυνόμενον
2624 1264 2717 1316 τοῦ
2743 1263 2909 1326 Θεοῦ;
2945 1263 3020 1326 ὡς
3055 1261 3174 1332 μηδ’
3214 1260 3446 1326 εὐλόγως
3493 1256 3742 1326 ἐπιμέμ-

2159 1357 2350 1425 φεσθαι
2372 1360 2485 1420 τοῖς
2511 1355 2921 1427 πλημμελοῦσιν
2942 1372 2954 1384 ο
2985 1354 3095 1407 ἀλλ’
3125 1355 3241 1424 ἦτοι
3286 1352 3421 1422 μηδὲ
3473 1349 3743 1421 ἁμαρτή-

2162 1466 2305 1519 ματα
2340 1449 2493 1501 ταῦτ’
2520 1445 2659 1502 εἶναι
2706 1447 2990 1519 ἡγεῖσθαι,
3037 1449 3069 1517 ἢ
3112 1447 3219 1498 τῶν
3246 1444 3430 1497 κακῶν
3475 1444 3748 1496 ἁπάντων

2160 1538 2391 1610 ποιητὴν
2413 1535 2551 1592 εἶναι
2572 1540 2661 1592 τὸν
2693 1539 2822 1590 Θεὸν
2847 1537 3259 1607 ἀποφαίνεσθαι.
3292 1536 3413 1589 Εἴτε
3440 1537 3552 1604 γάρ
3574 1534 3749 1595 αὐτὸς

2159 1634 2270 1694 τοῖς
2295 1633 2457 1683 πᾶσιν
2489 1628 2793 1700 ὲπιπαρὼν,
2823 1629 2914 1682 καὶ
2952 1628 3020 1680 τά
3061 1628 3237 1680 πάντα
3267 1628 3408 1700 ὀρῶν
3429 1668 3444 1693 ,
3475 1628 3571 1680 καὶ
3602 1627 3748 1680 πάν-

2160 1740 2266 1776 των
2305 1721 2538 1786 ἀκούων,
2569 1721 2740 1774 ταῦτα
2766 1721 3024 1792 πράττειν
3045 1721 3361 1788 ἀναγκάζοι,
3385 1720 3495 1772 εἴτε
3527 1720 3636 1790 τὴν
3655 1719 3750 1772 τοῦ

487 1837 648 1891 quem
697 1821 811 1890 ipse
842 1819 1058 1874 tandem
1101 1819 1369 1888 reliquum
1411 1818 1607 1871 haheat
1654 1817 1940 1886 ell‘ugiendi
1972 1818 2052 1871 lo-

2159 1815 2351 1876 παντὸς
2380 1813 2550 1885 φορὰν
2571 1856 2584 1879 ,
2617 1814 2709 1866 καὶ
2747 1813 2846 1882 τὴν
2869 1812 3078 1865 τοιάνδε
3119 1811 3226 1864 τῶν
3275 1812 3489 1883 ἄστρων
3523 1811 3750 1882 κίνησιν

488 1927 636 1973 cum,
671 1910 764 1980 qui
796 1921 849 1964 et
874 1910 1185 1964 intestinum
1232 1909 1336 1963 sibi
1362 1909 1613 1962 morbum
1643 1908 1863 1973 crearit,
1895 1916 1949 1961 et
1983 1909 2055 1961 in-

489 2011 668 2054 natam
693 1999 794 2054 sihi
831 1999 1024 2070 legem,
1060 1999 1281 2068 perinde
1312 2014 1376 2052 ac
1405 2006 1736 2052 servatorem
1765 1999 2050 2067 quemdam

488 2091 870 2162 medicumque
906 2091 1243 2162 neglexerit?
1293 2090 1554 2160 Quisquis
1584 2106 1712 2161 ergo
1734 2132 1749 2156 ,
1785 2092 1930 2144 nulla
1959 2092 2055 2144 ho-

489 2201 609 2238 rum
639 2185 883 2237 omnium
919 2184 1099 2238 habita
1148 2184 1389 2247 ratione,
1435 2199 1499 2236 ex
1535 2185 1852 2238 necessitate
1875 2183 2054 2252 potius

489 2290 552 2344 ac
598 2274 836 2328 siderum
881 2274 1237 2327 conversione
1282 2282 1477 2327 cuncta
1512 2273 1816 2342 suspendit,
1855 2273 2057 2342 quique

489 2379 676 2418 eorum
696 2406 710 2429 ,
755 2381 877 2433 qua:
906 2365 973 2418 ab
1001 2365 1314 2419 hominibus
1345 2373 1668 2433 peccantur,
1714 2366 2058 2434 pravitatem,

490 2455 649 2525 251
689 2471 796 2510 non
825 2456 936 2526 jam
969 2457 1161 2522 nobis,
1197 2456 1289 2511 sed
1321 2456 1371 2510 vi
1412 2457 1626 2510 cuidam
1679 2471 1743 2510 ac
1788 2457 2060 2526 potestati,

489 2564 594 2618 qua
623 2561 911 2604 moventur
937 2549 1117 2604 omnia
1137 2590 1151 2614 ,
1187 2550 1528 2604 tribuendam
1575 2565 1696 2604 esse
1724 2549 1912 2614 docet;
1941 2550 2064 2618 quis

490 2657 599 2695 non
625 2641 942 2712 ﬂagitiosam
972 2642 1040 2696 ab
1068 2656 1133 2696 eo
1161 2641 1492 2711 impiamque
1533 2641 1853 2695 sententiam
1884 2639 2061 2694 invehi

491 2732 967 2788 arbitreturiNam
991 2734 1104 2787 sive
1129 2750 1260 2787 casu
1291 2748 1353 2786 ac
1381 2743 1582 2786 temere
1616 2733 1719 2786 hoc
1751 2731 2061 2785 universum

2157 1905 2317 1968 αὐτὸς
2367 1905 2570 1958 τούτων
2600 1903 2886 1974 ποιητικὴν
2928 1905 3023 1957 καὶ
3053 1904 3454 1974 ἀναγκαστικὴν
3498 1905 3753 1974 ὑπεστή-

2160 2012 2288 2049 σατο
2307 2013 2320 2024 ·
2351 1998 2379 2049 6
2408 1997 2470 2049 τὸ
2499 1996 2698 2049 τοιόνδε
2733 1997 3004 2066 συστήσας
3048 1995 3278 2067 ὄργανον
3299 2037 3313 2058 ,
3355 1997 3446 2048 καὶ
3485 1994 3591 2064 τὴν
3644 1995 3751 2047 τῶν

2159 2089 2493 2162 Θηρωμένων
2524 2089 2727 2157 παγίδα
2774 2088 3256 2160 μηχανησάμενος,
3289 2087 3372 2158 εἴη
3416 2087 3481 2139 ἂν
3521 2087 3700 2148 αὐτὸς
3725 2087 3755 2140 6

2159 2186 2252 2236 καὶ
2283 2182 2389 2234 τῶν
2413 2182 2779 2250 ἁλισκομένων
2802 2181 2990 2244 αἴτιος.
3019 2180 3129 2233 Εἶτ’
3152 2176 3244 2232 οὖν
3277 2179 3438 2242 αὐτὸς
3464 2178 3598 2232 καθ’
3633 2180 3780 2232 tctu-=

2157 2275 2266 2337 τὸν,
2299 2274 2396 2326 εἴτ’
2423 2270 2515 2326 οὖν
2539 2273 2698 2326 πάλιν
2724 2273 2884 2336 αὐτὸς
2911 2272 3000 2326 διά
3023 2289 3166 2335 τινος
3193 2271 3358 2340 ἄλλης
3391 2270 3530 2341 πρὸς
3574 2271 3754 2324 αὑτοῦ

2160 2365 2620 2436 μεμηχανημένης
2648 2364 2912 2436 ἀνάγκης,
2935 2365 3062 2427 τοὺς
3105 2364 3205 2417 οὐκ
3245 2362 3526 2424 ἐθέλοντας
3565 2356 3756 2415 τοῖσδε

2157 2461 2267 2520 τοῖς
2290 2459 2478 2518 κακοῖς
2503 2455 2839 2526 περιϐάλλοι,
2876 2455 3039 2518 αὐτὸς
3070 2455 3134 2507 ἂν
3160 2454 3268 2524 εἴη,
3304 2454 3398 2506 καί
3426 2454 3529 2505 οὐκ
3559 2453 3754 2516 ἄλλος,

2159 2552 2187 2604 6
2226 2549 2440 2603 πάντων
2493 2547 2678 2602 κακῶν
2733 2548 3042 2620 ποιητικός·
3072 2548 3164 2600 καὶ
3203 2549 3301 2599 οὐκ
3333 2547 3407 2600 ἔτ’
3435 2546 3502 2599 ἂν
3530 2549 3596 2599 ὲν
3628 2547 3755 2618 δίκῃ

2169 2639 2502 2713 ἡμαρτηκὼς
2552 2640 2747 2708 λέγοιτ’
2788 2640 2853 2693 ἂν
2891 2642 2918 2692 6
2967 2639 3282 2710 ἄνθρωπος,
3314 2638 3426 2691 ἀλλ’
3473 2640 3504 2691 6
3553 2637 3756 2690 τούτου

2171 2734 2398 2803 ποιητὴς
2443 2732 2597 2795 Θεός.
2628 2731 2738 2784 Καὶ
2763 2732 2846 2794 τίς
2876 2730 2942 2785 ἂν
2969 2729 3156 2783 τούτου
3201 2730 3391 2800 γένοιτ’
3446 2729 3517 2782 ἂν
3559 2729 3758 2800 ἕτερος

497 2824 699 2877 moveri
737 2833 955 2890 statuet,
987 2835 1343 2893 praeterquam
1377 2823 1522 2892 quod
1554 2824 1604 2877 in
1638 2823 2053 2893 exquisitissirm

2171 2822 2346 2891 λόγων
2388 2822 2752 2884 ἀσεϐέστατος
2777 2839 2791 2887 ;

493 2917 585 2972 illo
614 2927 878 2972 concentu
903 2960 918 2983 ,
970 2933 1034 2974 ac
1063 2934 1243 2972 rerum
1288 2920 1664 2973 universarum
1705 2917 1923 2979 ordine,
1963 2916 2054 2986 qui
2094 2925 2298 2971 motum
2330 2917 2442 2986 ipse
2471 2932 2630 2971 suum
2661 2932 2726 2970 ex
2759 2917 2905 2971 omni
2963 2932 3078 2972 aevo
3115 2932 3327 2973 summa
3384 2931 3512 2971 cum
3549 2932 3749 2986 aequa-

490 3009 700 3063 bilitate
741 3009 1041 3073 convertit,
1080 3008 1304 3062 omnino
1349 3010 1621 3073 crecutiet;
1657 3007 1891 3061 divinam
1943 3007 2048 3060 hoc
2087 3008 2202 3076 ipso
2269 3017 2518 3060 naturam
2563 3008 2720 3076 plane
2785 3009 3083 3063 sustulerit.
3137 3007 3261 3064 Sive
3307 3008 3491 3064 divina
3534 3008 3746 3064 Provi-

491 3101 672 3154 dentia
720 3099 858 3153 ﬂecti
909 3101 1128 3169 regique
1171 3099 1354 3153 orbem
1379 3140 1393 3165 ,
1428 3114 1658 3167 eamque
1699 3114 1807 3151 non
1851 3099 2059 3152 cunctis
2100 3097 2259 3152 modo
2285 3113 2517 3167 praresse
2543 3100 2724 3154 rebus.
2745 3099 2836 3153 sed
2890 3100 3035 3169 ipsas
3077 3114 3294 3169 quoque
3332 3099 3756 3168 sapientissimo

491 3195 722 3247 consilio
777 3194 1044 3248 moderari
1075 3193 1331 3247 fatebitur
1376 3210 1390 3246 :
1432 3209 1498 3246 ne
1527 3195 1606 3247 sic
1645 3193 1860 3261 quidem
1892 3193 2183 3260 impietatis
2231 3194 2436 3247 crimen
2499 3193 2764 3264 effugerit,
2807 3209 2930 3248 cum
2977 3203 3030 3248 et
3067 3195 3136 3248 ab
3170 3195 3237 3249 iis
3267 3191 3599 3260 sceleribus,
3633 3212 3760 3265 quae

492 3283 633 3336 inter
659 3285 904 3338 homines
931 3285 1090 3352 vulgo
1117 3284 1532 3338 committuntur
1556 3325 1570 3349 ,
1605 3292 1852 3338 auctores
1887 3286 2055 3352 ipsos,
2095 3283 2252 3352 quasi
2283 3285 2414 3338 nihil
2461 3285 2528 3338 ab
2567 3285 2633 3338 iis
2674 3294 2861 3354 suapte
2911 3286 3186 3341 voluntate
3219 3298 3502 3356 peccetur,
3540 3288 3760 3344 immu-

493 3389 590 3428 nes
622 3391 685 3429 ac
728 3375 924 3430 liberos
966 3391 1088 3430 esse
1137 3376 1293 3441 velit;
1345 3385 1401 3430 et
1441 3375 1704 3430 malorum
1738 3391 1956 3430 causam
2001 3375 2052 3428 in
2091 3391 2435 3430 communem
2482 3376 2627 3431 illam
2672 3378 3138 3448 universalemque
3165 3377 3568 3433 Providentiam
3623 3397 3761 3435 con-

493 3465 650 3531 ferat,
684 3467 1019 3521 necessitatis
1045 3483 1164 3520 earn
1197 3466 1397 3538 fatique
1447 3467 1700 3533 nomine,
1742 3467 2090 3522 obscenitatis
2131 3468 2308 3522 omnis
2348 3480 2510 3538 atque
2539 3469 2762 3540 ﬂagitii,
2803 3472 2945 3539 quod
2981 3471 3048 3524 ab
3089 3471 3399 3525 hominibus
3457 3476 3752 3544 suseipia-

493 3567 603 3623 tur,
645 3558 978 3614 crudelitatis
1039 3559 1178 3613 idem
1220 3574 1284 3614 ac
1329 3560 1606 3630 parricidii
1657 3559 1858 3613 fontem
1927 3575 2048 3616 esse
2104 3561 2418 3618 defendens.
2476 3563 2644 3633 Cujus
2687 3579 2814 3618 vero
2860 3564 3035 3633 major
3078 3564 3326 3634 impietas
3377 3581 3500 3620 esse
3549 3570 3762 3637 possit,

494 3664 659 3718 quam
696 3649 837 3718 ejus,
871 3651 966 3720 qui
991 3665 1171 3704 rerum
1203 3650 1445 3704 omnium
1470 3660 1849 3720 praepotentem
1875 3649 2064 3718 Deum,
2089 3652 2286 3720 ipsum,
2317 3653 2561 3722 inquam,
2589 3655 2824 3710 universi
2867 3656 3203 3709 conditorem
3262 3665 3316 3710 et
3374 3657 3754 3714 architectum

494 3741 736 3805 inducat,
768 3742 920 3795 alteri
977 3742 1195 3811 quidem
1237 3742 1564 3812 impietatem
1613 3743 1906 3808 aversanti,
1940 3752 1998 3796 ut
2060 3744 2295 3813 impius,
2341 3754 2503 3815 atque
2539 3747 2592 3800 in
2657 3763 2716 3803 se
2749 3749 2958 3815 ipsum,
3008 3748 3154 3802 omni
3190 3747 3450 3818 religione
3497 3751 3752 3817 sublata,

493 3835 921 3890 contumeliosus
965 3835 1064 3900 sit,
1112 3836 1490 3889 necessitatem
1537 3833 1878 3898 aﬂ‘erentern;
1930 3833 2194 3896 alterum,
2235 3849 2395 3904 quem
2461 3836 2575 3904 ipse
2619 3848 2809 3891 natura
2859 3853 3060 3894 marem
3114 3839 3434 3908 procreavit,
3500 3841 3570 3895 ad
3627 3858 3762 3896 mu-

491 3927 681 3980 liebria
713 3936 904 3995 praeter
932 3935 1178 3978 naturam
1202 3964 1216 3988 ,
1263 3940 1369 3978 non
1404 3925 1741 3988 voluntarie,
1792 3923 1887 3978 sed
1940 3925 2087 3978 illata
2129 3924 2202 3990 vi,
2245 3925 2525 3981 subeunda
2565 3937 2844 3996 cogentem
2890 3947 2904 3982 :
2960 3929 3187 3984 alterum
3225 3931 3497 4000 denique,
3543 3935 3620 3988 ad
3658 3934 3764 3988 ho-

493 4025 700 4073 tninum
727 4021 922 4084 caedes,
956 4019 1182 4072 invitum
1211 4017 1353 4080 licet,
1382 4017 1641 4073 divinitus
1665 4018 2063 4087 impellentem?
2102 4019 2178 4073 Ex
2221 4035 2286 4074 eo
2322 4022 2520 4090 quippe
2551 4037 2894 4092 consequens
2931 4026 3155 4080 omnino
3217 4024 3411 4091 fuerit,
3459 4043 3634 4082 nemo
3699 4039 3762 4084 ut

495 4110 636 4177 illos,
666 4110 757 4178 qui
781 4109 1049 4178 ejusmodi
1072 4123 1193 4162 sese
1217 4108 1498 4163 maleticiis
1559 4109 1974 4174 obstrinxerim,
2041 4124 2303 4165 accusare
2340 4113 2531 4166 merito
2580 4113 2784 4182 possit;
2835 4115 2926 4170 sed
2973 4115 3183 4184 potius,
3235 4127 3294 4170 ut
3323 4118 3407 4171 vel
3467 4118 3574 4173 ista
3643 4137 3760 4176 non

488 4207 600 4278 jam
634 4213 976 4274 peccatorum
1021 4201 1074 4254 in
1120 4202 1239 4256 loco
1270 4193 1602 4268 habeantur,
1645 4203 1729 4256 vel
1764 4201 1906 4256 Deus
1935 4203 2050 4272 ipse
2087 4204 2352 4258 malorum
2378 4207 2623 4261 omnium
2658 4221 2850 4262 auctor
2872 4219 3178 4265 censeatur.
3220 4209 3355 4266 Nam
3420 4213 3537 4268 sive
3601 4231 3755 4286 pne—

493 4315 618 4354 sens
651 4299 763 4367 ipse
796 4297 957 4351 rebus
984 4296 1196 4351 intersit
1219 4297 1495 4363 omnibus,
1523 4297 1702 4351 omnia
1729 4297 1930 4361 videat,
1994 4300 2180 4352 audiat
2233 4302 2437 4365 omnia,
2508 4304 2777 4374 simulque
2827 4306 2894 4360 ad
2939 4321 3002 4360 ea
3047 4309 3250 4362 sc'lera
3304 4310 3563 4365 mortales
3640 4312 3768 4366 adi-

492 4401 622 4461 gat:
657 4392 770 4446 sive
797 4389 1204 4444 conversionem
1237 4389 1496 4450 universi.
1529 4397 1913 4457 astrorumque
1950 4399 2154 4442 motum
2219 4392 2444 4459 ipsemet
2509 4393 2780 4462 ejusmodi
2825 4400 3197 4462 constituerit,
3251 4400 3341 4452 cui
3385 4409 3466 4454 tot
3532 4405 3762 4457 maleﬁ-

492 4487 701 4542 ciorum
749 4482 1044 4537 necessitas
1081 4481 1342 4536 debeatur
1390 4499 1404 4535 :
1457 4481 1549 4550 qui
1599 4483 1703 4534 tale
1744 4481 2058 4535 conﬂavcrit
2097 4482 2543 4549 instrumentum.
2609 4499 2661 4544 et
2717 4493 2996 4561 capiendis
3063 4494 3460 4566 induendisque
3505 4500 3759 4558 homini-

491 4585 594 4639 bus
627 4584 878 4650 laqueum
908 4578 1253 4634 machinatus
1282 4579 1372 4639 sit,
1407 4578 1454 4632 is
1485 4576 1727 4647 profecto
1758 4591 1856 4631 cur
1917 4578 2078 4632 iidem
2117 4579 2458 4646 irretiantur,
2486 4598 2652 4639 causa
2714 4587 2802 4650 sit,
2840 4603 3062 4643 necesse
3093 4597 3194 4644 est.
3257 4591 3442 4661 Itaque
3507 4609 3605 4649 seu
3644 4613 3749 4666 per

490 4691 611 4732 sese
635 4674 796 4740 Deus,
831 4688 927 4727 seu
952 4673 1058 4726 alia
1087 4671 1297 4741 quavis,
1323 4686 1484 4740 quam
1544 4671 1760 4724 molitus
1793 4671 1908 4738 ipse
1937 4669 2121 4735 fuerit,
2161 4675 2505 4743 necessitate,
2558 4679 2643 4733 his
2721 4680 2878 4733 malis
2922 4681 3117 4735 invitos
3172 4684 3540 4752 constringat;
3602 4704 3759 4746 unus

491 4769 607 4838 ipse
634 4767 812 4838 plane,
847 4767 987 4820 alius
1045 4779 1226 4830 nemo,
1287 4774 1606 4818 cunctorum
1653 4765 1921 4818 malorum
1973 4767 2303 4822 architectus
2358 4770 2678 4826 habeatur:
2738 4789 2839 4827 nec
2879 4773 2990 4843 jam
3041 4776 3334 4831 sceleratus
3386 4777 3552 4834 homo
3595 4780 3756 4849 jure.

490 4865 582 4918 sed
613 4865 732 4934 ejus
754 4870 1065 4933 procreator
1083 4859 1294 4915 dicatur
1313 4859 1477 4914 Deus.
1502 4859 1661 4931 252
1694 4857 1812 4927 Quo
1837 4860 2051 4930 quidem
2093 4864 2358 4919 orationis
2384 4882 2580 4936 genere
2610 4869 2882 4938 quodnam
2923 4869 3072 4924 aliud
3103 4871 3325 4940 impium
3396 4877 3572 4945 magis
3622 4893 3756 4934 esse

489 4960 691 5028 queat?

559 5055 771 5110 Maneat
802 5055 963 5124 igitur
983 5096 998 5122 ,
1028 5054 1121 5126 qui
1149 5053 1318 5108 fatum
1343 5054 1609 5109 invexerit
1634 5094 1648 5118 ,
1685 5055 1754 5109 ab
1787 5069 1852 5109 eo
1885 5054 2050 5109 Deum

2241 5058 2298 5111 Ὀ
2353 5056 2415 5126 δὴ
2463 5052 2555 5109 οὖν
2608 5056 2947 5128 εἱμαρμένην
3003 5056 3237 5124 εἰσάγων
3295 5055 3558 5128 ἄντικρυς
3607 5057 3757 5111 Θεὸν

487 5151 749 5202 continuo
804 5147 1004 5218 Deique
1052 5147 1445 5217 providentiam
1507 5147 1751 5205 funditus
1800 5151 2056 5204 extermi-

487 5241 605 5294 nari
636 5260 648 5294 :
689 5240 935 5309 perinde,
970 5249 1026 5292 ut
1064 5240 1154 5309 qui
1185 5238 1353 5293 Deum
1391 5241 1554 5296 rebus
1584 5242 1809 5310 praeﬁcit
1838 5241 2058 5295 univcr-

487 5333 587 5394 sis,
619 5348 835 5386 omnem
861 5334 906 5388 is
938 5350 1042 5387 una
1072 5336 1209 5389 tollit
1242 5335 1335 5388 l'ati
1391 5337 1678 5388 rationem.
1739 5335 2057 5400 Enimvero,

487 5430 582 5474 aut
611 5420 754 5477 Deus
775 5432 826 5476 et
847 5423 1016 5477 fatum
1046 5425 1184 5478 idem
1217 5435 1396 5490 erunt,
1428 5434 1523 5479 aut
1545 5426 1773 5479 alterum
1796 5427 1861 5480 ab
1891 5427 2059 5479 altero

485 5513 867 5582 distinguetur.
894 5512 1011 5567 Jan)
1046 5526 1102 5568 ut
1128 5515 1266 5569 idem
1297 5517 1425 5581 sint,
1455 5517 1571 5570 fieri
1604 5518 1753 5571 nullo
1781 5519 1940 5571 modo
1965 5533 2058 5587 po-

557 5667 664 5734 (67)
712 5666 1024 5739 Δῃσσεὸὴς
1069 5667 1288 5739 ἄλλος,
1329 5680 1432 5724 etc.
1483 5670 1719 5724 Omnino
1767 5671 2050 5739 legendum

485 5737 730 5802 videtur,
757 5735 1172 5809 δυσσεϐέστερος
1224 5738 1398 5802 ἄλλος,
1429 5739 1519 5793 τοῦ
1556 5740 1662 5793 τῶν
1712 5735 1848 5793 ὅλων
1897 5741 2049 5806 θεόν,

2157 5151 2249 5204 καὶ
2290 5149 2423 5202 θεοῦ
2466 5149 2719 5221 πρόνοιαν
2772 5149 2984 5214 ἐξωοεί’
3029 5149 3217 5220 ὥσπερ
3259 5151 3289 5202 6
3327 5149 3418 5202 τὸν
3463 5150 3595 5204 Θεὸν
3654 5155 3761 5222 ἑφ-

2158 5240 2308 5304 ιστὰς
2369 5243 2480 5303 τοῖς
2524 5242 2686 5294 πᾶσιν
2736 5240 2909 5293 ἀνέλοι
2964 5240 3028 5293 ἂν
3071 5241 3162 5294 τὸν
3215 5241 3343 5314 περὶ
3399 5245 3760 5317 εἱμαρμένης

2154 5330 2327 5398 λόγον.
2385 5331 2454 5381 Ἦ
2512 5329 2619 5399 γάρ
2660 5328 2858 5382 ταύτὸν
2918 5327 2982 5382 ἂν
3043 5329 3125 5399 εἴη
3163 5331 3190 5381 6
3234 5329 3367 5392 Θεὸς
3406 5330 3502 5383 καὶ
3551 5333 3760 5401 εἱμαρ-

2162 5425 2316 5495 μένη,
2349 5423 2380 5494 ἢ
2409 5422 2635 5492 θάτερον
2666 5420 2890 5483 διεστὼς
2920 5421 3108 5492 ἑτέρου
3153 5422 3360 5474 Ταύτὸν
3387 5423 3488 5493 μὲν
3517 5420 3610 5477 οὖν
3644 5426 3759 5478 οὐκ

2165 5516 2229 5570 ἂν
2251 5516 2476 5584 γένοιτο.
2508 5516 2569 5567 Εἰ
2589 5514 2696 5585 γὰρ
2720 5515 2818 5586 τὴν
2835 5515 3173 5586 εἱμαρμένην
3198 5513 3386 5585 εἱρμὸν
3406 5532 3527 5570 τινα
3552 5517 3760 5572 αἰτιῶν

2163 5679 2265 5722 etc.
2301 5669 2356 5720 ln
2411 5666 2516 5721 ﬁne
2567 5675 2748 5720 autem
2803 5666 3053 5727 membri,
3103 5665 3436 5734 εἰσάγοντος,
3467 5679 3633 5735 quam
3668 5665 3758 5721 le-

2165 5743 2396 5794 ctionem
2429 5739 2483 5790 in
2519 5736 2780 5792 vertendo
2812 5747 3032 5792 secutus
3065 5751 3208 5790 sum.
