3864 6386
195 385 271 440 ιὲθ

1281 371 1598 430 ΡῐῖίΕΡᾹῐῖ.
1647 374 1894 433 E‘t'ANG.
1939 377 2065 465 ΜΒ.
2112 379 2194 435 Vl.

3259 387 3364 441 £50

191 499 292 556 εἷναί
314 514 464 567 φασιν,
493 495 582 548 ἀπ’
607 493 804 558 αἰῶνος
838 495 1204 566 ἁπαραϐἀτως
1234 499 1326 550 καὶ
1347 500 1665 568 ἀμετακινή-

1785 506 1908 554 test.
1967 497 2099 553 Nam
2131 500 2175 554 si
2213 499 2381 555 fatum
2427 500 2621 555 seriem
2653 499 2944 570 quamdam
2993 517 3113 557 esse
3146 503 3361 566 volunt.

189 593 330 655 τωςὲκ
348 590 433 657 τῆς
464 587 563 639 τῶν
603 588 870 659 οὐρανίων
912 588 1124 658 ἄστρων
1153 591 1322 659 φορᾶς
1356 590 1682 660 καθήκοντα,

187 685 271 745 πῶς
290 683 338 733 οὐ
365 680 581 749 πρότερα
603 678 668 731 ἂν
697 679 782 749 εἴη
807 680 902 750 τῆς
938 680 1274 750 εἱμαρμένης
1295 681 1362 734 τὰ
1400 683 1686 751 σωματικὰ
1729 673 1738 683 ’

186 773 367 841 στοιχεῖα
389 813 400 834 ,
429 767 482 833 ἐξ
519 763 591 821 ὧν
618 769 712 821 καὶ
740 770 808 820 τὰ
837 770 1062 839 οὐράνια
1094 768 1440 838 συνέστηκεν,
1483 763 1556 821 ὧν
1586 770 1684 838 τὴν

182 862 455 932 εἱμαρμένην
488 859 832 930 συμϐεϐηκός
872 878 924 912 τι
963 859 1271 929 σύμπτωμα
1311 860 1456 928 λέγοι
1495 862 1558 914 ἄν
1601 877 1685 923 τις

178 955 348 1014 εἰκότως
367 971 379 1017 ;
400 954 499 1006 Καὶ
523 952 639 1015 πῶς
665 952 729 1005 ἂν
752 953 946 1006 ταύτὸν
977 954 1060 1023 εἴη
1093 953 1153 1006 τὸ
1194 953 1536 1024 συμϐεϐηκὸς
1571 958 1683 1019 τοῖς

177 1049 402 1119 στοιχείοις
440 1046 514 1116 τῷ
554 1046 647 1098 ἐπὶ
693 1046 907 1098 πάντων
941 1045 1094 1116 Θεῷς
1134 1047 1182 1098 εί
1219 1046 1282 1115 δὴ
1329 1047 1398 1098 τὰ
1444 1049 1681 1116 στοιχεῖα

173 1141 309 1210 ﬂuxa
332 1140 414 1190 ita".
433 1138 597 1205 ἄλογα
627 1137 767 1189 κατὰ
796 1136 893 1206 τὴν
916 1136 1120 1188 οἰκείαν
1156 1136 1532 1207 ἐπιθεωρεῖται
1576 1136 1678 1206 φύ-

171 1249 246 1294 σιν,
269 1234 292 1284 ό
314 1230 362 1284 δὲ
381 1230 504 1292 Θεὸς
531 1230 636 1295 ἔξω
672 1229 936 1298 σωμάτων
964 1227 1208 1298 αὑτοζωὴ
1241 1230 1332 1280 καὶ
1361 1229 1522 1297 σοφία
1548 1246 1680 1297 τυγ-

165 1325 278 1393 live:
298 1322 387 1385 ὢν,
411 1321 505 1390 τῆς
529 1320 591 1385 ἐξ
620 1321 786 1373 αὑτοῦ
812 1321 1173 1391 δημιουργίας
1198 1325 1308 1384 τοῖς
1331 1339 1387 1373 τε
1414 1322 1553 1374 κατᾶ
1584 1323 1678 1392 μέ·-

164 1433 233 1486 ρος
253 1414 500 1482 στοιχείοις
526 1416 622 1467 καὶ
648 1417 714 1484 τῇ
737 1413 841 1466 τῶν
863 1413 996 1466 ὅλων
1024 1413 1381 1484 διακοσμήσει
1417 1413 1513 1485 τὴν
1541 1415 1676 1467 ἀπό-

160 1509 304 1560 λαυσιν
327 1506 673 1578 δωρούμενος.
722 1507 795 1558 Οὐ
822 1508 1013 1559 ταύτὸν
1061 1506 1168 1578 ἄρα
1193 1508 1322 1571 Θεὸς
1355 1509 1445 1560 καὶ
1480 1511 1675 1581 εἱμαρ-

163 1599 280 1670 μένη.
301 1600 356 1651 Εἰ
378 1599 428 1650 δὲ
453 1599 513 1669 δὴ
538 1600 747 1671 ἕτερον,
774 1598 997 1670 πότερον
1036 1603 1307 1671 κρεῖττον;
1356 1600 1492 1652 Ἀλλ’
1520 1601 1674 1654 οὐδὲν

156 1691 224 1750 τοῦ
248 1691 359 1742 Θεοῦ
400 1691 651 1756 κάλλιον,
689 1691 808 1742 οὐδέ
850 1708 899 1742 τι
942 1690 1398 1762 δυναμικώτερον.
1464 1692 1671 1745 Οὐκοῦν

156 1783 366 1850 κρατήσει
404 1783 493 1832 καὶ
536 1780 819 1850 περιέσται
858 1779 951 1833 τοῦ
1000 1782 1260 1852 χείρονος,
1293 1783 1324 1854 ἦ
1372 1784 1668 1854 συγχωρῶν

151 1872 376 1941 κακοποιῴ
409 1871 678 1939 τυγχανού
691 1887 756 1943 σῃ
783 1874 847 1941 τῇ
884 1872 1211 1944 εἱμαρμένῃ,
1239 1874 1400 1936 αὐτὸς
1429 1875 1492 1927 ἂν
1517 1877 1670 1945 ὲφέλ-
1701 1862 1742 1916 Β

154 1980 265 2015 κοιτο
281 1963 366 2033 τὴν
389 1965 591 2028 αἰτίαν,
614 1964 693 2028 ὃς,
724 1964 947 2026 δυνατὸς
973 1963 1046 2016 ὣν
1085 1967 1324 2034 ἐπισχεῖν
1367 1967 1463 2038 τὴν
1501 1986 1667 2022 κακο-

150 2055 265 2106 ῃιον
285 2056 534 2126 ἀνάγκην,
571 2057 672 2109 οὐκ
701 2055 921 2126 ἐποίησε
949 2055 1137 2119 τοῦτο,
1169 2057 1339 2126 ἀνῆκε
1381 2059 1435 2112 δὲ
1472 2059 1668 2129 ἄφετον

149 2147 216 2196 ἐπὶ
234 2146 356 2218 λύμῃ
380 2147 470 2198 καὶ
493 2147 764 2217 διαφθορᾷ
783 2146 888 2199 τῶν
908 2147 1178 2214 ἁπάντων,
1209 2149 1405 2219 μᾶλλον
1428 2150 1481 2204 δὲ
1509 2153 1668 2216 αὐτὸς

146 2239 267 2291 τοίτο
293 2241 604 2310 εἰργάσατο,
633 2242 680 2291 εἰ
707 2239 770 2309 δὴ
791 2241 1006 2293 πάντων
1024 2241 1115 2292 καὶ
1139 2242 1304 2310 αὐτῆς
1330 2244 1668 2315 εἱμαρμένης

147 2330 323 2399 ποιητὴς
349 2331 438 2382 καὶ
465 2330 801 2401 δημιουργὸς
823 2330 1113 2398 εἰσάγοιτο.
1149 2333 1209 2385 Εἰ
1238 2333 1280 2384 δ’
1310 2334 1480 2398 οὐδεὶς
1518 2335 1667 2406 αὑτῷ

142 2419 259 2487 λόγος
281 2423 369 2492 τῆς
406 2423 498 2476 τοῦ
531 2423 737 2486 παντὸς
773 2423 1086 2488 διατάξεως,
1133 2424 1307 2478 ἀθέων
1344 2422 1498 2489 αὖθις
1539 2428 1667 2480 ἁνα-

142 2513 288 2579 κύψειε
311 2514 472 2586 φωνὴ,
510 2516 654 2585 πρὸς
675 2517 740 2586 ἣν
766 2515 863 2579 τὰς
894 2516 1061 2578 ἀκοὰς
1093 2517 1474 2571 ἀποκλειστέον
1503 2561 1517 2585 ,
1566 2521 1666 2591 τῆς

139 2603 279 2656 ἐνθέου
306 2607 550 2679 προνοίας
581 2609 672 2660 καὶ
700 2607 976 2677 δυνάμεως
997 2607 1239 2680 ἐναργῶς
1263 2610 1666 2685 ἀποφαινούσης

139 2697 292 2767 ἑαυτὴν
324 2699 381 2750 ἐκ
410 2717 467 2752 τε
509 2698 624 2752 τῶν
666 2699 892 2752 καθόλου
926 2701 1213 2768 πανσόφων
1268 2701 1361 2753 καὶ
1406 2688 1664 2773 τέχνικῶν

133 2788 568 2858 ἀποτελεσμάτων,
607 2790 668 2843 ἐκ
712 2808 767 2842 τε
803 2791 910 2842 τῶν
943 2791 1063 2844 καθ’
1095 2793 1239 2862 ἡμᾶς
1285 2794 1666 2864 ἀναμφιλόγως

133 2877 204 2944 τὴν
222 2878 487 2949 ἐλευθέραν
518 2880 622 2932 καὶ
649 2880 988 2943 αὐτεξούσιον
1012 2881 1110 2951 τῆς
1135 2881 1356 2952 λογικῆς
1381 2886 1556 2955 ψυχῆς
1576 2885 1665 2938 δύ-

131 2985 255 3036 ναμιν
303 2971 859 3040 παραδεικνυμένωνο
903 2970 1023 3023 καθ’
1059 2973 1163 3043 ἢν,
1213 2975 1390 3027 καίτοι
1457 2977 1663 3048 μυρίων

129 3058 283 3123 ἔξωθεν
310 3062 562 3131 ἐμποδὼν
606 3065 671 3133 τῇ
704 3080 761 3114 τε
807 3062 897 3115 τοῦ
948 3063 1194 3134 σώματος
1250 3065 1408 3133 φύσει
1445 3071 1564 3132 ταῖς
1601 3084 1662 3122 τε

127 3151 235 3203 κατὰ
266 3155 587 3225 προαίρεσιν
631 3155 716 3222 ἐφ’
740 3155 1108 3226 ἡμόμόρμαῖς,
1135 3157 1275 3210 κατὰ
1303 3175 1354 3210 τι
1388 3158 1661 3230 συμϐεϐη-
1689 3199 1732 3258 C

126 3243 197 3306 ab;
212 3247 676 3316 προσπιπτόντων,
703 3248 849 3317 ὅμως
882 3247 1016 3318 πρὸς
1042 3249 1258 3302 ἅπαντα
1277 3251 1374 3320 τῆς
1407 3252 1545 3305 κατὰ
1561 3251 1664 3322 ψυ-

122 3335 200 3404 χὴν
224 3337 403 3410 ἀρετῆς
419 3339 478 3392 τὸ
505 3337 798 3408 ἐλεύθερον
826 3339 1059 3409 ἀντέχει,
1090 3341 1301 3411 ἄμαχον
1331 3342 1423 3394 καὶ
1457 3343 1659 3414 ἀήττη-

123 3429 256 3480 τςντὸ
275 3431 351 3496 ἐφ’
381 3433 516 3501 ἡμῖν
558 3430 674 3483 τῶν
717 3429 894 3483 καλῶν
929 3430 1026 3502 τὴν
1055 3432 1266 3502 αἵρεσιν
1291 3433 1664 3505 ἐπιδεικνύμε-

123 3534 204 3571 νον.
229 3520 380 3574 Τοῦτο
401 3523 458 3575 δὲ
488 3522 732 3593 μάλιστα
762 3524 854 3577 καὶ
884 3524 912 3575 ό
961 3522 1150 3593 παρὼν
1195 3524 1384 3595 καιρὸς
1419 3524 1518 3594 τῆς
1568 3525 1660 3579 τοῦ

120 3608 327 3681 Euripo;
347 3614 502 3682 ἡμῶν
525 3613 894 3683 εὐαγγελικῆς
918 3613 1262 3676 διδασκαλίας
1281 3614 1461 3685 ἔργοις
1483 3616 1662 3680 αὐτοῖς

122 3705 476 3772 παρεστήσατο.
511 3706 642 3756 ’Ὁτι
672 3703 780 3774 γὰρ
799 3703 967 3756 ταῦτα
1005 3704 1078 3775 μὴ
1096 3705 1255 3774 ψόφοι
1277 3708 1370 3758 καὶ
1406 3706 1536 3760 κενά
1568 3709 1663 3779 ῥή-

121 3809 248 3856 ματα,
276 3795 501 3866 πάρεστί
527 3813 613 3848 σοι
655 3797 744 3848 τὸν
774 3796 882 3848 τῶν
914 3795 1178 3849 θεοσεὸῶν
1223 3798 1407 3866 ἀγῶνα
1451 3798 1662 3851 ἐπιϐλέ-

117 3878 208 3945 εᾷιι,
233 3884 317 3934 καί
354 3885 592 3936 συνιδεῖν
638 3887 763 3946 τοὺς
795 3886 1111 3958 προαιρέσει
1161 3887 1498 3958 αὑθεκουσίῳ
1536 3889 1662 3952 τοὺς

118 3972 273 4034 τιή-μους
312 3977 417 4027 τῶν
461 3977 611 4047 ὑπὲρ
653 3975 928 4040 εὐσεϐείας
973 3977 1150 4031 ἄθλων
1173 3979 1656 4049 ἀναδεδεγμένους·

115 4062 185 4125 οὓς
208 4066 312 4117 καθ’
331 4068 456 4137 ὅλης
485 4070 589 4136 τῆς
624 4069 924 4140 ἀνθρώπων
943 4061 1264 4142 οἰκουμένης
1290 4073 1458 4142 μυρία
1479 4071 1656 4144 πλήθη

122 4153 350 4226 Ἑλλήνων
394 4177 455 4212 τε
503 4162 603 4212 καὶ
647 4159 935 4233 βαρϐάρων
976 4161 1283 4226 ὲνεδέξατο,
1334 4163 1512 4225 πάσας
1562 4164 1658 4234 μὲν

115 4247 364 4318 προθύμως
390 4251 492 4313 τὰς
546 4250 693 4303 κατὰ
724 4250 815 4303 τοῦ
862 4250 1111 4322 σώματος
1166 4253 1532 4321 ὑπομείναντα
1575 4255 1659 4305 αἰ-

111 4340 225 4400 κίας,
246 4344 343 4394 πᾶν
367 4343 425 4395 δὲ
458 4344 714 4412 βασάνων
745 4337 880 4405 εἶδος
901 4343 1110 4414 φαιδρῷ
1132 4343 1208 4414 τῷ
1230 4343 1506 4416 προσώπῳ
1521 4343 1659 4396 διελ-

112 4428 253 4492 θὲντα,
280 4436 368 4486 καὶ
402 4435 562 4498 τέλος
593 4433 952 4504 πολυτρόποις
990 4436 1231 4506 σχήμασι
1268 4434 1364 4506 τὴν
1416 4436 1522 4489 ἀπὸ
1563 4434 1657 4488 τοῦ

1791 605 2098 660 nexumque
2124 608 2437 656 causarum,
2466 601 2615 646 certo
2640 601 2799 662 atque
2824 602 3138 649 constanter
3162 609 3226 647 ex
3255 610 3364 650 ca:-

1788 682 2002 736 lcstium
2035 692 2304 738 astrorum
2339 685 2691 739 conversione
2722 684 3063 754 pendentem,
3097 686 3226 756 quis
3254 704 3362 740 non

1786 774 1967 842 priora
2000 773 2110 827 fato
2145 776 2261 844 ipso
2283 784 2548 830 elementa
2575 792 2696 831 esse
2737 777 3033 847 intelligat,
3067 793 3133 832 ex
3166 779 3364 847 quibus

1785 867 2026 920 carlestia
2056 883 2286 936 corpora
2321 868 2551 922 conﬂata
2581 869 2721 933 sint,
2750 885 2984 937 quorum
3011 885 3142 923 sane
3179 867 3366 924 fortui-

1784 967 1895 1010 tum
1943 959 2229 1027 quemdam
2273 974 2462 1013 casum
2511 975 2633 1015 esse
2684 960 2887 1027 fatum,
2938 961 3116 1030 quivis
3167 962 3362 1031 opinor

1783 1048 1978 1102 merito
2028 1049 2267 1116 dixerit?
2322 1049 2476 1115 Quod
2521 1058 2699 1104 autem
2743 1053 3025 1107 clementis
3074 1053 3356 1109 fortuitum

1781 1149 1884 1206 est,
1913 1141 2052 1194 idem
2085 1141 2215 1194 illud
2249 1157 2312 1196 ae
2336 1151 2719 1211 prarpotcntem
2749 1144 2987 1199 universi
3017 1144 3184 1200 Deum
3212 1162 3354 1213 esse,

1780 1233 1903 1301 quis
1943 1233 2126 1302 putet?
2183 1232 2459 1288 Elemenla
2512 1236 2746 1304 quippe,
2802 1245 2996 1291 natura
3046 1254 3178 1304 sua,
3229 1255 3353 1292 cum

1779 1327 1960 1378 anima
1989 1334 2102 1378 tum
2132 1327 2338 1380 ratione
2368 1337 2586 1391 carent;
2619 1337 2673 1381 at
2700 1327 2842 1383 Deus
2867 1338 2920 1384 ct
2956 1331 3024 1384 ab
3049 1332 3196 1384 omni
3230 1347 3354 1386 cor-

1779 1419 1929 1487 poris
1977 1419 2326 1473 concretione
2373 1419 2673 1490 scjunctus,
2705 1432 2757 1475 et
2784 1423 2888 1475 vita
2919 1439 3013 1492 per
3051 1439 3170 1478 sese
3201 1441 3353 1494 qua:-

1777 1508 1900 1561 dam
1933 1525 1996 1564 ac
2021 1509 2285 1580 sapientia
2310 1523 2412 1578 est,
2447 1511 2698 1582 idemque
2731 1529 2834 1567 non
2868 1516 3097 1584 singulis
3141 1527 3350 1572 tantum

1773 1602 2077 1668 elementis,
2125 1603 2218 1658 sed
2249 1605 2415 1660 totius
2458 1605 2619 1659 etiam
2649 1607 3020 1661 universitatis
3053 1608 3354 1676 pulchritu-

1773 1694 1910 1756 dini,
1940 1694 2021 1750 vis
2051 1694 2105 1748 in
2135 1696 2471 1764 procreando
2494 1711 2606 1750 sua:
2627 1697 2838 1766 copiam
2870 1697 3016 1753 facit.
3056 1696 3173 1752 Non
3205 1699 3346 1754 idem

1774 1800 1903 1855 ergo
1933 1792 2061 1840 sunt
2089 1784 2256 1840 fatum
2302 1795 2464 1856 atque
2503 1786 2663 1843 Deus.
2732 1788 2827 1842 Sin
2859 1798 3037 1842 autem
3071 1789 3347 1844 diversum

1771 1876 1976 1946 aliquid
2013 1892 2041 1930 a
2075 1876 2186 1933 Deo
2233 1877 2405 1932 fatum
2434 1888 2532 1941 est,
2581 1889 2765 1933 utrum
2812 1881 3006 1935 melius
3032 1881 3351 1952 quidpiam?

1769 1966 1839 2021 At
1882 1967 1990 2021 Deo
2013 2008 2027 2032 ,
2062 1984 2158 2022 nec
2190 1969 2385 2024 melius
2431 1971 2728 2040 quidquam
2753 2013 2768 2036 ,
2804 1987 2902 2026 nec
2936 1972 3210 2041 potentius
3241 1982 3344 2028 est.

1769 2057 1876 2111 Aut
1900 2058 2068 2126 igitur
2094 2058 2274 2112 vincet
2320 2058 2409 2113 ille
2452 2059 2873 2129 superabitque,
2909 2061 3052 2130 quod
3084 2061 3346 2117 humilius

1769 2157 1872 2213 est,
1896 2157 1990 2202 aut
2021 2149 2066 2204 si
2099 2147 2212 2204 fato
2247 2151 2515 2204 malorum
2545 2151 2843 2206 architecto
2869 2152 3344 2222 cesserit,culpam

1769 2239 1885 2309 ipse
1935 2249 2102 2294 totam
2152 2241 2476 2306 sustinebit,
2529 2241 2622 2310 qui
2653 2257 2774 2295 cum
2804 2242 3064 2295 artilicem
3099 2243 3225 2296 mali
3253 2258 3346 2298 ne-

1769 2331 2076 2386 cessitatcm
2112 2330 2361 2386 inhibere
2392 2339 2596 2401 posset,
2634 2348 2742 2387 non
2773 2331 2957 2386 fecerit
2989 2342 3166 2387 tamen
3189 2371 3204 2398 ,
3249 2333 3343 2387 sed

1767 2437 1883 2475 cam
1913 2423 2092 2492 potius
2122 2423 2174 2476 in
2203 2423 2448 2478 omnium
2496 2433 2702 2493 pestem
2752 2433 2919 2491 atque
2950 2422 3245 2492 perniciem
3279 2423 3344 2477 li-

1768 2513 1893 2566 bere
1922 2515 2158 2583 grassari
2186 2514 2533 2584 permiserit,
2587 2529 2680 2568 seu
2712 2514 2894 2568 verius
2924 2513 2974 2567 id
3007 2514 3236 2583 ipsemet
3265 2512 3344 2568 fe-

1766 2603 1921 2669 cerit,
1953 2604 2219 2674 siquidem
2247 2605 2295 2659 is
2339 2614 2392 2658 et
2420 2619 2600 2658 rerum
2637 2605 2906 2665 omnium,
2930 2613 2982 2657 et
3011 2603 3182 2673 ipsius
3208 2618 3345 2674 quo-

1765 2711 1870 2765 que
1895 2695 1988 2750 lati
2014 2706 2201 2751 auctor
2229 2713 2294 2752 ac
2317 2697 2542 2751 molitor
2570 2697 2850 2752 habeatur.
2892 2693 3027 2751 Nam
3061 2698 3106 2752 si
3132 2697 3198 2752 de
3224 2696 3346 2751 uni-

1764 2788 1908 2842 versi
1953 2789 2456 2851 administratione,
2491 2789 2599 2843 Deo
2640 2805 2844 2859 susque
2884 2789 3092 2858 deque;
3119 2804 3223 2843 vox
3258 2788 3346 2843 de-

1765 2897 1875 2934 nuo
1899 2879 2189 2948 impiorum
2226 2879 2476 2943 exsistat,
2531 2879 2617 2933 cui
2651 2891 2830 2934 tamen
2865 2881 3216 2936 occludenda:
3244 2897 3343 2934 auo

1766 2985 1852 3024 res
1882 2970 2032 3023 illico
2062 2978 2225 3035 sunt;
2276 2985 2399 3024 cum
2427 2985 2548 3024 sese
2578 2970 2761 3024 divina
2787 2971 2870 3025 vis
2901 2987 2965 3025 ac
2994 2970 3343 3025 Providentia

1765 3061 1911 3114 clare
1945 3061 2291 3129 spectandam
2345 3061 2633 3122 exhibeat,
2690 3070 2741 3115 et
2789 3060 3041 3116 universe
3085 3061 3344 3130 operibus

1765 3150 2068 3204 admirabili
2091 3151 2250 3220 plane
2275 3151 2506 3204 consilio
2533 3149 2865 3220 solertiaque
2892 3148 3167 3218 perfectis,
3193 3160 3246 3207 et
3273 3150 3344 3205 iis

1764 3241 2134 3310 proprie,quae
2160 3239 2317 3294 nobis
2346 3239 2638 3308 conjuncta
2666 3255 2791 3294 cum
2823 3239 2952 3303 sint,
2974 3247 3087 3292 tum
3114 3239 3340 3296 liberam

1762 3346 1973 3402 suoque
2007 3333 2327 3401 gaudentem
2356 3331 2480 3400 jure
2507 3331 2675 3384 animi
2703 3331 2914 3385 ratione
2939 3329 3146 3400 praediti
3177 3329 3345 3386 facul-

1761 3433 1926 3477 tatem
1963 3424 2240 3478 evidenter
2267 3424 2586 3477 ostendunt.
2628 3422 2746 3488 Qua
2787 3423 3004 3494 quidem
3038 3423 3153 3476 lieri
3177 3422 3338 3488 solet,

1762 3525 1820 3569 ut
1845 3516 2056 3569 inﬁnita
2111 3515 2235 3569 licet
2285 3515 2650 3582 extrinsecus,
2689 3525 2783 3570 aut
2822 3525 3027 3570 natura;
3071 3516 3340 3585 corporis,

1763 3614 1856 3659 aut
1903 3605 2172 3674 susceptis
2213 3605 2354 3658 ultro
2393 3606 2631 3661 motibus
2676 3607 3060 3676 impedimenta
3114 3606 3342 3662 fortuito

1762 3714 1881 3754 sese
1917 3699 2197 3768 objiciant,
2248 3698 2502 3754 omnibus
2549 3708 2726 3754 tamen
2769 3700 2938 3754 libera
2966 3701 3140 3756 virtus
3169 3702 3340 3756 animi

1760 3795 2076 3842 constanter
2129 3786 2382 3853 obsistat,
2418 3788 2784 3843 voluntariam
2818 3790 2944 3844 boni
2991 3792 3338 3858 electionem,

1761 3885 1961 3932 nostrae
1993 3875 2276 3946 cujusdam
2318 3879 2603 3946 potestatis
2640 3894 2763 3934 esse
2786 3920 2800 3944 ,
2844 3896 2966 3949 quae
2992 3880 3137 3936 vinci
3169 3898 3342 3951 expu-
3404 3899 3411 3906 '

1759 3970 2022 4040 gnarique
2050 3983 2158 4022 non
2183 3969 2375 4038 possit,
2406 3970 2715 4025 ostendens.
2745 3970 2904 4042 253
2932 3973 3110 4042 Atque
3141 3973 3191 4027 id
3216 3990 3342 4044 pro-

1758 4060 1931 4125 fecto,
1973 4061 2057 4114 vel
2098 4061 2202 4116 hoc
2231 4061 2411 4130 ipsum
2454 4064 2780 4136 evangelicae
2809 4066 3117 4122 Servatoris
3163 4071 3338 4124 nostri

1757 4153 2021 4207 doctrina:
2087 4160 2302 4221 tempus
2357 4168 2414 4206 re
2461 4153 2586 4223 ipsa
2641 4155 2877 4210 maxime
2939 4159 3334 4227 comprobavit.

1757 4243 1998 4314 Quippe,
2025 4259 2094 4299 ne
2121 4256 2176 4298 tu
2205 4244 2308 4298 ista
2339 4242 2478 4299 torte
2510 4246 2799 4302 verborum
2845 4251 3060 4303 inanem
3095 4251 3333 4306 sonitum

1757 4341 2036 4395 existimes
2061 4382 2075 4407 ,
2117 4355 2228 4395 uno
2267 4348 2486 4410 aspectu
2532 4341 3004 4396 sanctissimorum
3033 4353 3333 4414 martyrum

1757 4433 2188 4498 dimicationem,
2221 4448 2524 4504 eorumque
2552 4433 2750 4488 seriem
2794 4436 2991 4490 intueri
3018 4444 3173 4504 potes
3192 4475 3208 4502 ,
3236 4436 3331 4506 qui

111 4521 319 4590 abpatng
352 4526 510 4578 λύσιν
553 4526 656 4595 τῆς
686 4526 862 4595 ψυχῆς
894 4526 1185 4589 ἀσπαστῶς
1227 4527 1652 4598 καταδεξάμενα.

1764 4536 1947 4596 suopte
1974 4527 2200 4580 arbitrio
2225 4535 2599 4595 susceptorum
2628 4539 2726 4595 pro
2745 4526 2946 4596 pietate
2971 4527 3330 4583 certaminum

112 4611 194 4664 Καὶ
219 4617 313 4686 μὴν
344 4618 525 4680 οὐδεὶς
551 4617 786 4670 ἐνταῦθα
807 4618 958 4686 λόγος
982 4618 1285 4690 ἐπιτρέψειε
1319 4617 1416 4690 τὴν
1458 4622 1653 4692 εἱμαρ-

111 4705 244 4777 μένην
265 4710 566 4763 αἰτιᾶσθαι.
603 4709 715 4762 Ποῦ
745 4711 850 4782 γάρ
881 4727 961 4764 σοι
984 4712 1047 4763 ὲκ
1073 4711 1280 4782 μακροῦ
1309 4712 1504 4775 αἰῶνος
1542 4730 1652 4765 τοι-

111 4797 234 4850 ούσδε
282 4801 524 4872 ἀθλητὰς
577 4801 856 4865 εὐσεϐείας
903 4803 1133 4874 ἤνεγκεν
1189 4805 1222 4874 η
1276 4803 1385 4856 τῶν
1440 4805 1653 4875 ἄστρων
1729 4797 1738 4806 ’

110 4891 253 4959 φορὴ
279 4894 346 4945 Ἦ
373 4895 509 4948 πότε
543 4895 574 4946 ό
603 4893 708 4946 τῶν
741 4893 1038 4965 ἀνθρώπιον
1080 4894 1225 4964 βίος,
1271 4894 1376 4962 πρὸ
1418 4894 1519 4964 τῆς
1559 4894 1651 4947 τοῦ

110 4977 317 5051 Σωτῆρος
338 4984 500 5054 ἡμῶν
531 4986 616 5046 εἰς
648 4984 852 5047 πάντας
878 4982 1198 5054 ἀνθρώπους
1226 4983 1652 5056 καταϐληθείσης

106 5069 431 5140 διδασκαλίας,
467 5076 683 5129 τοιόνδε
717 5075 1082 5147 προϐἑὸληται
1117 5075 1238 5130 καθ’
1265 5077 1390 5148 ὅλης
1413 5077 1513 5146 τῆς
1553 5077 1650 5129 ἀνο

108 5159 301 5230 cybum
319 5169 654 5240 οἰκουμένης
686 5167 901 5236 ἀγῶνα;
929 5169 1036 5221 Ποῦ
1057 5169 1114 5221 δὲ
1147 5170 1356 5223 τοιωνδὶ
1385 5170 1556 5238 λόγων
1579 5172 1650 5224 δι-

106 5250 379 5322 δασκάλων,
430 5259 830 5330 δεισιδαίμονος
882 5261 982 5331 μὲν
1030 5260 1236 5332 πλάνης
1284 5263 1645 5333 ἀναιρετικὸν,

109 5343 200 5407 ἐνὸς
237 5348 286 5401 δὲ
314 5352 406 5404 τοῦ
440 5353 543 5404 ἐπὶ
587 5353 800 5406 πάντων
843 5351 976 5406 Θεοῦ
1021 5353 1271 5422 γνώσεως
1320 5355 1643 5422 διδακτικὸν,

109 5432 269 5492 ἅπασιν
288 5443 624 5514 ἀνθρώποις,
650 5445 873 5515 Ἕλλησί
899 5463 958 5498 τε
985 5448 1078 5500 καὶ
1109 5447 1403 5518 βαρϐάροις
1423 5487 1436 5510 ,
1478 5450 1507 5502 ὁ
1537 5451 1646 5512 πᾶς

109 5529 209 5580 αἰὼν
247 5535 434 5604 ﬁve-{xz
462 5554 478 5602 ;
511 5537 616 5601 Τίς
643 5537 699 5590 δὲ
722 5536 781 5601 ἐξ
807 5537 1001 5602 αἰῶνος
1033 5539 1141 5592 τών
1180 5540 1343 5594 πάλαι
1383 5541 1644 5612 ἀοιδίμων

112 5623 264 5689 ain.
289 5627 569 5701 βάρϐαρος
593 5629 625 5700 ἢ
653 5629 868 5700 Ἕλλην,
901 5631 1110 5684 τοιᾶσδέ
1148 5649 1278 5684 ποτε
1299 5632 1506 5706 ἠξιώθη
1564 5635 1641 5686 εἰ·

112 5720 362 5788 Ἁρμένης,
387 5723 465 5787 ὡς
493 5725 584 5786 εἰς
616 5722 704 5775 τὸν
731 5722 1016 5793 σύμπαντα
1057 5725 1259 5794 κόσμον
1287 5725 1518 5796 διαφανῆ
1551 5743 1646 5778 κα-

107 5808 317 5878 ςχττῆηι
353 5812 445 5867 τὸν
495 5813 598 5866 ὑπ’
644 5813 806 5866 αὑτοῦ
859 5814 1227 5885 προϐληθέντα
1266 5814 1442 5883 λόγον,
1501 5832 1641 5884 γνω-

1759 4616 1973 4671 labores
2021 4616 2287 4671 maximos
2317 4616 2718 4686 subierezquos
2757 4617 2973 4686 quidem
3014 4617 3332 4674 innumera-

1758 4706 1882 4761 bilis
1918 4715 2030 4761 toto
2058 4705 2259 4775 passim
2290 4705 2442 4767 orbe,
2470 4713 2578 4759 tam
2606 4705 2961 4761 barbarorum
2987 4722 3150 4777 quam
3182 4707 3331 4764 Grae-

1755 4813 1943 4852 corum
2012 4797 2302 4851 multitudo
2367 4797 2654 4862 sustinuit;
2713 4814 2833 4866 quae
2894 4815 3016 4853 cum
3077 4800 3332 4856 alacriter

1755 4906 1946 4946 omnes
2001 4890 2244 4959 corporis
2309 4889 2586 4944 cruciatus
2641 4890 2962 4956 tolerasset,
3014 4907 3079 4946 ac
3130 4909 3326 4964 genera

1755 4990 2150 5037 tormentorum
2191 4981 2375 5036 omnia
2413 4981 2576 5036 hilari
2618 4983 2767 5036 vultu
2807 4983 3170 5050 exhausisset,
3210 4992 3324 5039 tum

1751 5075 1959 5129 variam
2005 5073 2240 5145 denique
2267 5116 2283 5140 ,
2323 5089 2388 5129 ac
2434 5075 2614 5144 specie
2651 5073 2936 5144 formaque
2970 5075 3322 5146 multiplicem

1751 5167 1920 5221 animi
1960 5167 2316 5236 corporisque
2344 5166 2763 5222 dissolutionem
2800 5167 3125 5237 perlibenter
3166 5182 3326 5222 exce-

1750 5261 1846 5331 pit.
1889 5260 2009 5328 Quo
2033 5261 2252 5330 quidem
2283 5261 2337 5315 in
2375 5277 2592 5333 genere,
2634 5259 2745 5316 fato
2779 5275 3000 5316 causam
3042 5261 3324 5330 assignare

1749 5352 1889 5406 ratio
1919 5352 2066 5406 nulla
2096 5351 2354 5419 patiatur.
2421 5348 2554 5405 Nam
2588 5351 2679 5406 ubi
2718 5349 2930 5405 tandem
2953 5388 2968 5412 ,
3017 5358 3072 5402 ut
3101 5364 3166 5403 ex
3199 5349 3323 5403 lon-

1747 5446 1973 5514 gissima
2003 5445 2265 5499 memoria
2298 5456 2528 5513 repetas,
2557 5443 2826 5513 ejusmodi
2854 5443 3070 5513 pietatis
3090 5443 3324 5499 athletas

1747 5538 1987 5593 siderum
2036 5538 2324 5593 conversio
2371 5536 2636 5606 protulit?
2673 5535 2968 5606 Ecquando
2996 5536 3319 5606 priusquam

1746 5639 1973 5684 cunctas
1999 5631 2106 5685 late
2129 5630 2379 5684 nationes
2413 5627 2718 5683 Servatoris
2742 5629 2914 5683 nostri
2937 5628 3182 5682 doctrina
3202 5643 3324 5697 per-

1746 5723 1994 5788 vasisset,
2023 5722 2291 5792 ejusmodi
2314 5722 2421 5774 vita
2449 5721 2734 5776 hominum
2771 5721 3022 5776 universa
3053 5729 3167 5775 toto
3198 5737 3324 5789 pas-

1744 5816 1845 5872 sim
1874 5817 2005 5872 orbe
2049 5826 2322 5872 certamen
2366 5812 2643 5872 exhibuit?
2687 5814 2981 5886 Ecquando
3007 5813 3322 5885 disciplina-
