3864 6386
531 344 591 398 3|
1135 342 1408 398 EUSEBil
1445 341 1930 400 CESARIENSIS
1969 343 2120 402 OPP.
2165 345 2351 402 PARS
2389 345 2454 402 11.
2496 377 2568 390 --
2605 345 3114 404 APOLOGETICA.

3655 353 3760 408 £52

494 479 614 517 rum
643 459 909 531 ejusmodi
943 461 1186 516 scholam
1215 463 1402 527 ullam,
1431 479 1552 534 quae
1575 479 1698 518 cum
1731 461 2054 535 superstitio

2173 465 2367 520 σθέντα
2395 484 2452 519 τε
2477 467 2638 540 μέχρι
2679 469 2772 520 καὶ
2805 469 2913 520 τῶν
2957 466 3240 539 ἐσχατιῶν,
3285 468 3376 520 καὶ
3421 466 3557 520 θεοῦ
3605 468 3760 535 δόξαν

494 570 614 606 sum
655 569 900 607 errorem
948 554 1293 617 convelleret,
1346 563 1457 607 tum
1512 555 1674 610 unius
1719 557 2068 626 praepotentis

494 645 586 698 Dri
620 645 984 714 cognitionem
1017 648 1253 709 doceret,
1272 645 1542 700 universis
1563 646 1896 714 hominibus,
1922 647 2069 702 Cra:—

490 738 681 807 cisquc
715 737 918 807 pariter
967 751 1030 790 ac
1069 736 1349 799 barbaris,
1396 737 1651 806 superius
1704 747 1850 790 retro
1895 753 2069 791 aevum

489 811 736 898 aperuit?
771 826 972 896 Ecquis
1003 841 1168 897 porro
1204 827 1631 883 clarissimorum
1662 828 1790 881 olim
1832 845 1896 882 ex
1923 829 2070 882 omni

489 928 710 974 :etatum
742 919 1000 974 memoria
1025 918 1354 988 sapientum,
1391 934 1484 974 seu
1517 920 1784 974 barbarus
1827 920 1938 983 ille,
1974 937 2066 974 seu

489 1011 711 1068 Grzeeus
739 1011 920 1075 fuerit,
947 1011 1216 1080 ejusmodi
1244 1027 1486 1080 unquam
1517 1010 1686 1064 fatum
1714 1012 1940 1066 sortitus
1965 1022 2069 1079 est,

490 1113 546 1157 ut
577 1101 830 1173 profecta:
873 1103 972 1157 abs
1009 1118 1131 1157 sese
1171 1103 1436 1158 doctrinae
1465 1103 1642 1157 lucem
1689 1104 1754 1157 ad
1791 1113 2070 1160 extremos

487 1211 662 1267 usque
691 1195 842 1250 orbis
874 1195 1113 1250 universi
1141 1197 1274 1250 lines
1315 1204 1660 1266 propagaret,
1695 1193 1900 1265 Deique
1925 1197 2068 1267 apud

485 1305 612 1355 eos,
659 1289 751 1358 qui
800 1288 975 1343 sacris
1016 1287 1210 1342 initiati
1244 1288 1360 1343 suis
1385 1295 1600 1353 essent,
1649 1304 1844 1342 nomen
1887 1290 1987 1343 sibi
2016 1300 2070 1344 et

486 1380 798 1452 Opinionem
839 1379 1217 1450 compararet?
1257 1377 1412 1444 Quod
1442 1379 1485 1431 si
1519 1387 1596 1433 tot
1625 1394 1689 1432 ac
1731 1387 1877 1432 tanta
1919 1381 2067 1434 nullo

487 1487 726 1542 unquam
765 1482 1031 1540 tempore,
1060 1471 1141 1524 vel
1174 1469 1288 1524 lieri
1318 1469 1608 1538 quisquam
1643 1469 1794 1535 vidit,
1820 1471 1901 1525 vel
1926 1471 2067 1525 facta

484 1563 721 1629 audivit;
751 1578 940 1617 eorum
968 1577 1099 1629 ergo
1128 1576 1291 1616 causa
1321 1576 1492 1615 nexus
1525 1560 1613 1613 ille
1643 1576 1936 1615 causarum
1966 1579 2062 1616 ne-

484 1655 623 1711 cessi
653 1670 824 1724 asque
848 1669 954 1709 non
986 1653 1105 1707 fuit.
1148 1652 1302 1719 Quod
1327 1653 1471 1705 enim
1505 1651 1882 1722 eamdemjam
1909 1653 2062 1716 olim,

483 1745 670 1800 eadem
697 1755 1008 1800 recurrente
1037 1745 1272 1798 siderum
1299 1743 1678 1807 conversione,
1699 1758 1852 1799 ortus
1875 1746 2065 1814 pleris-

2174 559 2324 630 παρὰ
2377 563 2488 622 τοῖς
2540 560 2686 631 αὐτῷ
2736 560 3181 631 καθωσιωμένοις
3227 560 3568 632 κτήσασθαις
3613 561 3676 614 Εἰ
3704 561 3762 614 δὲ

2172 651 2342 704 ταῦτα
2367 652 2425 719 ἐξ
2451 651 2645 716 αἰῶνος
2676 653 2785 707 οὔτ’
2806 649 2894 725 ἦν,
2932 653 3056 706 οὔτε
3095 653 3350 722 γέγονεν,
3398 651 3522 706 οὔτε
3569 654 3762 717 ἀκοαῖς

2171 749 2433 818 ἧκουσται
2454 765 2466 778 ·
2514 749 2614 801 οὐκ
2643 744 2710 818 ἦν
2742 749 2849 820 ἄρα
2889 750 3078 820 εἱρμὸς
3108 749 3295 804 αἰτιῶν
3339 750 3430 802 καὶ
3457 748 3676 818 ἀνάγκη
3705 749 3764 800 τὸ

2170 840 2376 893 τούτων
2411 841 2602 895 αἴτιον.
2632 843 2807 898 Πάλαι
2836 843 2946 913 γὰρ
2975 843 3038 897 ἂν
3077 843 3166 897 διὰ
3201 843 3301 914 τῆς
3342 843 3511 913 αὐτῆς
3558 843 3765 894 ἁνακυο

2171 931 2416 1002 κλήσεως
2438 934 2530 986 καὶ
2557 937 2858 1006 περιφορᾶς
2877 935 2985 989 τῶν
3017 935 3228 1006 ἄστρων
3254 934 3426 997 οὐδεὶς
3458 929 3524 1004 ἦν
3565 933 3765 1002 φθόνος

2171 1027 2263 1079 καὶ
2285 1026 2477 1090 ἄλλους
2503 1027 2602 1097 τῆς
2634 1028 2804 1098 αὐτῆς
2827 1031 3009 1098 τυχεῖν
3032 1027 3296 1096 γενέσεώς
3324 1045 3383 1080 τε
3435 1028 3527 1080 καὶ
3558 1027 3764 1097 εἱμαρ-

2173 1119 2358 1190 μένης.
2401 1121 2494 1174 Ἐκ
2521 1124 2676 1184 ποίας
2705 1121 2759 1174 δὲ
2791 1122 2897 1193 ἄρα
2930 1121 3266 1192 εἱμαρμένης
3297 1124 3324 1174 ὁ
3486 1120 3766 1190 ἡμέτερος

2168 1211 2359 1282 Σωτὴρ
2398 1212 2529 1275 Θεὸς
2555 1213 2836 1281 ἐπιφανεὶς
2859 1213 2979 1266 καθ’
2997 1213 3123 1283 ὅλης
3153 1214 3251 1282 τῆς
3273 1213 3597 1283 οἰκουμένης
3629 1215 3765 1281 ἀνη-

2168 1301 2424 1370 γόρευται
2445 1319 2457 1331 ’
2483 1306 2530 1355 οἱ
2559 1303 2613 1356 δὲ
2647 1304 2815 1358 πάλαι
2843 1303 3217 1374 νενομισμένοι
3248 1303 3398 1374 παρά
3433 1321 3489 1356 τε
3525 1304 3764 1373 Ἕλλησι

2167 1392 2262 1444 καὶ
2297 1391 2591 1465 βαρϐάροις
2627 1393 2738 1448 θεοὶ
2760 1395 3129 1467 καθῄρηνται;
3166 1397 3259 1448 καὶ
3307 1396 3405 1448 οἰκ
3447 1396 3625 1461 ἄλλως
3670 1415 3770 1449 κα-

2168 1481 2428 1554 θῄρηνται
2451 1485 2484 1556 ῆ
2507 1485 2593 1538 διὰ
2627 1488 2724 1557 τῆς
2749 1487 2840 1541 τοῦ
2873 1489 2994 1540 νέου
3025 1488 3160 1541 Θεοῦ
3183 1489 3564 1555 διδασκαλίαςς
3620 1492 3766 1545 Ποία

2165 1575 2210 1627 δ’
2245 1577 2421 1629 αὐτῶν
2447 1590 2471 1618 ο
2503 1579 2810 1650 εἱμαρμένη
2839 1579 2970 1633 Θεὸν
3001 1581 3331 1652 δημιουργὸν
3367 1584 3628 1637 ἁπάντων
3673 1586 3769 1638 πᾶ-

2169 1683 2250 1719 σιν
2276 1667 2582 1739 ἀνθρώποις
2603 1671 2984 1742 κατήγγειλεν,
3021 1673 3358 1745 εἱμαρμένην
3400 1675 3455 1726 δέ
3503 1678 3577 1746 μὴ
3621 1671 3766 1729 εἶναι

2169 1761 2333 1828 φάναι
2363 1761 2733 1832 ἐξηνάγκασε;
2767 1764 2873 1817 Καὶ
2910 1764 3085 1835 πῶςὴ
3126 1767 3432 1837 εἱμαρμένη
3479 1767 3557 1838 μὴ
3618 1764 3766 1823 εἶναι

483 1852 589 1906 que
615 1835 819 1906 fatique
858 1837 1123 1889 rationem
1159 1834 1458 1899 invideret,
1500 1849 1727 1904 prorsus
1755 1844 1873 1889 erat
1901 1837 2054 1890 nihil.

2168 1853 2366 1922 ἑαυτὴν
2392 1853 2573 1922 λέγειν
2596 1873 2655 1908 τε
2691 1856 2784 1910 καὶ
2814 1859 3028 1927 φρονεῖν
3057 1834 3338 1923 itidem-ro;
3373 1834 3436 1911 Τί
3481 1834 3628 1913 δὲόἱ
3668 1862 3768 1932 τῆς

485 1924 587 1980 Sed
619 1942 731 1997 quo
765 1935 943 1980 tamen
979 1924 1110 1990 fato,
1152 1924 1407 1978 Servator
1433 1933 1620 1979 noster
1651 1923 1794 1980 Deus
1821 1936 1941 1996 post
1963 1927 2063 1980 ad-

483 2032 704 2076 ventum
731 2036 890 2076 suum
919 2019 1048 2073 orbe
1081 2029 1192 2074 toto
1216 2030 1568 2074 consecratus
1589 2031 1705 2084 est;
1730 2035 1868 2089 quos
1891 2020 2061 2075 Graeci

483 2115 690 2182 pridem
727 2127 792 2166 ac
833 2103 1053 2166 barbari
1104 2111 1233 2164 deos
1281 2111 1615 2178 habuerant,
1659 2111 1859 2166 sublati
1895 2114 2064 2167 sunt?

485 2221 583 2260 nec
627 2205 782 2258 aliter
835 2219 997 2272 quam
1049 2203 1175 2256 novi
1220 2199 1472 2256 Numinis
1517 2202 1767 2258 doctrina
1819 2203 2065 2260 sublati?

481 2299 765 2366 Quodnam
801 2311 964 2367 porro
999 2295 1193 2358 fatum,
1241 2305 1468 2351 cunctos
1493 2296 1741 2351 homines
1769 2295 1938 2351 Deum
1976 2313 2064 2352 re-

483 2406 602 2445 rum
645 2404 766 2444 esse
803 2389 1108 2444 molitorem
1159 2387 1405 2442 omnium
1454 2388 1678 2457 docuit,
1725 2388 1897 2444 fatum
1941 2405 2062 2445 esse

484 2481 692 2536 nullum
727 2480 964 2550 proliteri
996 2479 1208 2548 coegit?
1233 2478 1333 2543 Qui
1365 2477 1481 2531 lieri
1520 2478 1727 2548 potuit,
1767 2488 1824 2529 ut
1853 2490 1920 2529 ex
1955 2475 2057 2528 ho-

485 2580 692 2636 minum
736 2595 830 2634 ore
866 2579 1028 2636 simul
1059 2589 1114 2634 et
1160 2577 1488 2649 cogitatione
1527 2576 1698 2632 fatum
1736 2577 1830 2631 fati
1873 2576 1924 2631 vi
1958 2576 2061 2631 tol-

482 2678 717 2736 leretur?
747 2677 888 2746 Quid
939 2695 1130 2732 eorum
1175 2679 1465 2734 multitudo
1506 2685 1691 2741 tanta,
1727 2676 1820 2747 qui
1859 2690 2056 2746 genera

477 2779 837 2832 certaminum
875 2776 1056 2831 omnia
1087 2815 1102 2838 ,
1153 2790 1252 2846 pro
1280 2774 1444 2846 254
1466 2773 1795 2829 Christiana:
1837 2775 2058 2844 pietatis

475 2869 848 2937 doctrinaeque
897 2865 1252 2933 defensione,
1305 2882 1429 2922 eum
1477 2865 1855 2937 superioribus
1911 2879 2058 2922 retro

475 2961 692 3016 saeculis
719 2960 960 3024 subiere,
991 2968 1104 3013 tum
1135 2967 1292 3013 aetate
1315 2974 1534 3028 quoque
1563 2968 1754 3014 nostra
1779 2959 2058 3014 subeunt?

478 3050 598 3108 Uno
625 3052 876 3107 videlicet
900 3065 1091 3106 omnes
1115 3051 1414 3121 eodemque
1449 3051 1560 3107 fato
1587 3053 1698 3107 nati
1731 3063 1875 3118 sunt,
1907 3055 2052 3123 quod

472 3155 528 3200 et
559 3146 682 3200 illos
711 3144 886 3199 eidem
915 3142 1167 3198 instituto
1212 3141 1581 3212 doctrinaeque
1616 3144 1972 3214 manciparit,
2001 3156 2054 3200 et

2164 1946 2258 1998 τοῦ
2283 1947 2535 2019 Σωτῆρος
2569 1949 2724 2019 ἡμῶν
2757 1949 3012 2013 εὐσεϐοῦς
3043 1949 3204 2003 ἕνεκα
3232 1950 3580 2016 διδασκαλίας
3627 1972 3766 2005 παν-

2163 2036 2338 2098 τοίους
2357 2036 2550 2100 ἄθλους
2577 2037 2808 2090 ἔκπαλαι
2833 2039 3214 2107 ἠγωνισμένοι,
3244 2039 3337 2093 καὶ
3371 2041 3543 2093 εἰσέτι
3593 2041 3768 2114 δεῦρο

2162 2128 2502 2193 διαθλοῦντες
2528 2147 2542 2196 ;
2580 2131 2708 2200 μιᾶς
2733 2131 2838 2200 ἄρα
2868 2130 2962 2183 καὶ
2990 2131 3088 2200 τῆς
3108 2131 3275 2200 αὐτῆς
3301 2131 3488 2201 ἔτυχον
3532 2133 3763 2204 μοίρας,

2161 2218 2234 2282 ὡς
2269 2219 2357 2288 ὑφ’
2383 2220 2461 2272 ἐνὶ
2484 2219 2624 2290 λόγῳ
2656 2221 2750 2274 καὶ
2774 2220 3089 2292 διδασκαλίᾳ
3119 2221 3451 2293 δουλωθῆναι
3478 2264 3493 2287 ,
3537 2225 3685 2294 μίαν
3707 2241 3762 2277 τε

2159 2313 2384 2385 γνώμην
2414 2315 2507 2368 καὶ
2531 2313 2849 2384 προαίρεσιν
2877 2313 3235 2379 ἐνδείξασθαι,
3269 2317 3361 2367 καὶ
3395 2315 3579 2386 ψυχῆς
3634 2319 3764 2388 ἀρε-

2157 2404 2258 2476 τὴν
2287 2404 2435 2474 μίαν,
2468 2403 2564 2456 ’ένα
2593 2420 2652 2455 τε
2680 2405 2775 2457 καὶ
2799 2403 2890 2456 τὸν
2914 2403 3075 2456 αὑτὸν
3101 2403 3457 2471 ἀναδέξασθαι
3494 2406 3646 2476 βίον,
3671 2409 3764 2460 καὶ

2157 2493 2314 2562 λόγον
2343 2493 2627 2564 ἀγαπῆσαι
2649 2493 2738 2547 τὸν
2763 2495 2946 2557 αὐτὸν,
2969 2495 3069 2558 τάς
3099 2512 3159 2548 τε
3188 2495 3354 2559 αὑτὰς
3383 2498 3761 2568 ἀγαπητικῶς

2160 2585 2446 2656 ὑπομεῖναι
2476 2586 2503 2626 b
2531 2587 2710 2649 πάσας
2769 2585 2837 2639 δι’
2881 2586 3127 2640 ἔνστασιν
3161 2588 3465 2656 εὐσεϐείαςς
3517 2593 3642 2645 Καὶ
3681 2593 3762 2655 τίς

2159 2675 2226 2732 ἂν
2249 2677 2405 2748 ὀρθὸς
2429 2676 2584 2731 τοῦτο
2611 2678 2983 2749 συγχωρήσειε
3006 2678 3182 2748 λόγος,
3211 2680 3364 2745 νέους
3391 2682 3536 2735 κατὰ
3562 2685 3759 2745 ταὺτὸ,

2157 2769 2251 2821 καὶ
2277 2769 2606 2840 πρεσϐύτας,
2636 2769 2730 2822 καὶ
2760 2771 2868 2821 πᾶν
2896 2769 3093 2842 μέτρον
3117 2773 3354 2842 ἡλικίας,
3399 2775 3668 2845 ἀρρένων
3705 2793 3760 2828 τε

2157 2860 2250 2912 καὶ
2283 2859 2509 2932 θηλειῶν
2539 2861 2692 2931 γένη,
2721 2861 2908 2929 φύσεις
2935 2880 2993 2914 τε
3023 2862 3311 2937 βαρϐάρων
3333 2867 3570 2938 ἀνδρῶν,
3617 2872 3762 2922 οἰκε-

2153 2950 2262 3004 τῶν
2283 2951 2417 3022 ὁμοῦ
2466 2954 2559 3006 καὶ
2587 2952 2924 3024 ἐλευθερίων,
2949 2953 3144 3022 λογίων
3192 2972 3253 3008 τε
3293 2956 3384 3008 καὶ
3410 2958 3675 3022 παιδείας
3700 2961 3762 3012 ἀι

2159 3046 2422 3115 μετέχων,
2453 3046 2552 3098 οὐκ
2573 3047 2629 3098 ἐν
2643 3047 2814 3116 γωνία
2847 3047 2969 3116 γῆς,
2995 3047 3102 3100 οὐδ’
3120 3048 3224 3102 ὑπὸ
3251 3049 3422 3102 τοῖσδε
3435 3055 3760 3123 γενομένων

2153 3138 2267 3200 τοῖς
2291 3137 2531 3208 ἄστροις,
2553 3135 2678 3191 καθ’
2707 3138 2834 3209 ὅλης
2851 3138 2907 3191 δέ
2932 3139 3029 3210 τῆς
3061 3138 3361 3209 ἀνθρώπων
3391 3142 3757 3216 οἰκουμένης,

473 3237 720 3294 eamdem
750 3235 819 3290 ab
853 3234 962 3290 illis
998 3233 1320 3289 sententiam
1358 3248 1424 3288 ac
1451 3233 1783 3288 voluntatem
1833 3251 2054 3304 expres-

2157 3228 2494 3300 εἱμαρμένης
2524 3228 2738 3302 ἀνάγκῃ
2768 3229 2932 3299 φάναι
2958 3229 3380 3301 βεϐιασμένους,
3420 3233 3580 3286 τόνδε
3639 3237 3760 3288 τινα

473 3330 639 3394 serit;
692 3327 815 3381 illos
855 3325 1092 3393 denique
1131 3339 1242 3379 non
1288 3325 1353 3379 ad
1400 3325 1832 3395 amplectendam
1873 3328 2058 3383 solum

471 3421 721 3476 eamdem
770 3417 895 3472 vitae
934 3431 1264 3486 morumque
1314 3419 1613 3485 rationem,
1655 3419 1746 3474 sed
1783 3421 1947 3474 etiam
1987 3421 2052 3476 ad

471 3514 693 3570 eosdem
739 3513 966 3568 omnino
1009 3512 1286 3567 cruciatus
1336 3511 1618 3582 religionis
1647 3513 2054 3584 pr0pugnandie

470 3609 644 3680 gratia
675 3603 1351 3673 sustinendosimpulerit.
1394 3602 1590 3674 Ecqum
1616 3605 1856 3667 tandem,
1886 3605 1931 3659 si
1967 3621 2050 3659 re-

472 3708 556 3754 cta
583 3697 746 3752 modo
773 3697 875 3760 sit,
912 3696 1052 3750 ratio
1084 3694 1252 3758 ferat,
1288 3695 1363 3749 uti
1400 3697 1633 3765 juvenes
1676 3697 1839 3752 simul
1889 3706 2052 3768 atque

470 3803 631 3845 senes
655 3829 670 3854 ,
707 3786 1024 3856 nullamque
1069 3785 1207 3840 adeo
1257 3800 1366 3840 non
1416 3795 1627 3841 tetatem
1656 3826 1670 3851 ,
1705 3802 1883 3842 mares
1923 3788 2049 3842 item

468 3880 674 3952 pariter
697 3894 762 3934 ac
796 3877 1049 3942 feminas,
1096 3885 1173 3931 tot
1204 3877 1562 3932 barbarorum
1603 3893 1821 3946 genera,
1863 3893 2050 3934 servos

467 3987 620 4042 :eque
647 3986 711 4026 ac
736 3970 962 4035 liberos,
984 3969 1228 4024 eruditos
1259 3969 1420 4024 simul
1449 3968 1594 4023 etab
1627 3970 1772 4023 omni
1799 3970 2049 4026 doctrina

467 4064 781 4134 imparatos,
807 4077 915 4116 non
940 4061 994 4116 in
1026 4061 1210 4130 aliquo
1245 4068 1512 4114 terrarum
1550 4059 1770 4130 angulo,
1795 4075 1905 4114 non
1936 4076 2042 4116 cer-

465 4159 538 4216 tis
578 4157 905 4228 quibusdam
950 4157 1052 4211 sub
1084 4155 1246 4210 astris
1293 4153 1674 4224 sideribusque
1709 4162 1902 4219 natos,
1952 4153 2047 4208 sed

466 4252 598 4308 orbe
625 4250 829 4321 passim
859 4249 1136 4312 universo,
1173 4257 1394 4303 coactos
1425 4261 1549 4302 esse
1591 4245 1742 4302 dicas
1773 4254 2043 4301 recentem

465 4337 758 4408 quemdam
788 4337 953 4391 ritum
991 4337 1182 4407 patriis
1211 4335 1464 4390 omnibus
1490 4334 1784 4399 anteferre,
1812 4345 2043 4392 mortem

464 4429 812 4502 praepotentis
847 4429 1010 4484 unius
1041 4427 1133 4483 Dei
1161 4443 1328 4483 causa
1351 4428 1580 4483 libenter
1631 4427 1922 4493 sustinere,
1954 4445 2042 4484 re-

463 4523 726 4580 ctissimis
761 4522 828 4577 de
857 4521 1164 4574 animorum
1219 4520 1627 4575 immortalitate
1656 4519 1926 4590 dogmatis
1955 4521 2040 4575 in-

462 4615 719 4683 l‘ormari,
756 4624 810 4670 et
833 4613 1232 4685 philosophiam
1266 4628 1581 4682 expressam
1607 4614 1894 4682 operibus.
1927 4628 2034 4666 non

459 4711 642 4766 verbis
671 4709 1054 4766 adumbratam
1097 4705 1381 4776 proﬁteri?
1439 4703 1537 4759 Vel
1585 4721 1761 4760 caecus
1790 4704 2034 4775 profecto

458 4805 640 4859 videat
681 4800 984 4871 disciplinae
1008 4801 1122 4854 lirec
1145 4809 1198 4853 et
1227 4797 1590 4853 institutionis
1618 4812 1770 4864 esse,
1810 4813 1919 4852 non
1952 4797 2035 4850 ul-

457 4895 566 4951 lius
592 4892 966 4956 necessitatis,
1002 4891 1247 4960 adeoque
1278 4887 1568 4944 manil‘csta
1596 4888 1889 4944 voluntatis
1911 4888 2035 4957 jure

457 4987 662 5044 utentis
705 5001 835 5049 suo,
879 4985 1170 5053 liberaeque
1213 4981 1492 5036 facultatis
1518 4990 1862 5052 argumenta.
1904 4980 2035 5035 Pos-

456 5097 570 5137 sem
607 5079 859 5150 equidem
885 5076 1157 5131 sexeentis
1179 5075 1302 5128 aliis
1330 5075 1534 5130 hancce
1563 5074 1920 5144 quaestionem
1945 5089 2031 5126 ra-

455 5173 698 5228 tionibus
738 5172 1044 5236 illustrare,
1078 5167 1353 5237 plerisque
1389 5178 1569 5221 tamen
1607 5169 1709 5222 hoc
1753 5167 1874 5222 loco
1905 5182 2039 5236 prae-

2155 3320 2262 3373 τῶν
2289 3319 2558 3392 πατρῴων
2603 3322 2859 3376 ἁπάντων
2902 3323 3238 3394 προτιμῆσαι
3289 3322 3465 3392 λόγον,
3506 3329 3612 3379 καὶ
3669 3328 3757 3380 τὸν

2155 3413 2296 3483 ὑπὲρ
2337 3413 2620 3477 εὐσεϐείας
2671 3413 2788 3478 ἐνὸς
2814 3413 2908 3467 τοῦ
2944 3415 3038 3466 ἐπὶ
3077 3415 3292 3468 πάντων
3329 3416 3466 3468 Θεοῦ
3515 3418 3757 3473 θάνατον

2155 3503 2512 3574 ἁγαπητικῶς
2538 3505 2752 3558 ἑλέσθαι
2775 3545 2788 3567 ,
2813 3505 2885 3558 τά
2905 3523 2966 3559 τε
2997 3508 3126 3577 περὶ
3148 3506 3328 3577 ψυχῆς
3355 3507 3675 3574 ἀθανασίας
3696 3507 3752 3563 εὖ

2157 3594 2299 3664 μάλα
2326 3595 2571 3666 δόγματα
2598 3596 2967 3660 παιδεύεσθαι,
2996 3599 3088 3650 καὶ
3113 3597 3424 3669 φιλοσοφίαν
3456 3600 3521 3652 οὑ
3563 3602 3671 3673 τὴν
3699 3607 3756 3657 ἐν

2151 3685 2348 3754 λόγοις,
2378 3687 2477 3758 τὴν
2505 3687 2562 3740 δὲ
2594 3687 2660 3740 δι’
2695 3687 2872 3759 ἔργων
2901 3690 3271 3761 προτιμῆσαι;
3309 3689 3498 3744 Ταῦτα
3529 3694 3651 3766 γὰρ
3688 3696 3752 3748 ἂν

2151 3776 2234 3849 εἴη
2264 3777 2331 3831 τὰ
2354 3779 2448 3831 κα)⁵
2468 3778 2653 3850 τυφλῷ
2681 3779 2836 3851 δῆλα,
2861 3781 2936 3844 ὡς
2969 3780 3225 3852 οὐδεμιᾶς
3263 3781 3534 3852 ἀνάγκης,
3560 3786 3750 3857 μαθή-

2153 3866 2289 3932 σεώς
2317 3885 2374 3921 τε
2417 3879 2438 3908 ε
2475 3869 2569 3923 καὶ
2594 3869 2942 3935 διδασκαλίας
2973 3874 3148 3926 οἰκεῖα
3168 3872 3446 3943 τυγχάνει,
3481 3876 3752 3930 αὑθεκου-

2151 3960 2266 4014 σίου
2289 3959 2513 4030 γνώμης
2543 3962 2636 4015 καὶ
2660 3963 3030 4038 προαιρέσεως
3047 3964 3336 4035 ἐλευθέρας
3368 3965 3581 4038 ἐναργῆ
3612 3985 3744 4037 τυγο

2148 4052 2378 4123 χάνοντα
2405 4039 2840 4125 παραδείγματαξ
2877 4055 2915 4107 Γ
2919 4057 3092 4109 ένοιτο
3141 4057 3186 4110 δ’
3228 4057 3295 4110 ἂν
3333 4059 3428 4111 καὶ
3460 4058 3606 4112 ἄλλα
3651 4061 3745 4113 τοῦ

2148 4144 2530 4217 προϐλήματος
2570 4147 2950 4218 παραστατικὰ
2983 4148 3169 4218 μυρία·
3201 4143 3276 4202 ὧν
3302 4149 3370 4204 τὰ
3396 4150 3570 4204 πολλὰ
3612 4171 3748 4224 παρ-

2145 4239 2244 4305 εὶς,
2269 4239 2430 4301 αὐτὸς
2459 4237 2557 4308 μὲν
2592 4242 2705 4302 τοῖς
2738 4241 3050 4311 εἰρημένοις
3097 4241 3542 4314 ἀρκεσθήσομαι·
3576 4247 3665 4298 σοὶ
3689 4247 3747 4300 δὲ

2145 4331 2206 4383 τὸ
2240 4331 2332 4383 σὸν
2359 4330 2696 4402 ἀνάγνωσμα
2723 4330 2831 4385 τῶν
2857 4333 3034 4402 σοφῶν
3062 4351 3171 4386 σου
3219 4335 3526 4404 φιλοσόφων
3567 4355 3746 4392 κατα-

2145 4422 2312 4493 λείψω
2338 4426 2578 4488 σκοπεῖν,
2611 4425 2686 4488 ὡς
2713 4425 2778 4479 ἂν
2811 4425 3002 4496 μάθοις
3032 4427 3154 4481 ὅσον
3189 4427 3296 4498 ἄρα
3329 4429 3435 4481 τῶν
3466 4446 3742 4500 χρησμῳ-

2142 4514 2246 4569 δῶν
2303 4533 2394 4569 σου
2433 4516 2571 4570 θεῶν
2619 4517 2923 4589 σοφώτερος
2960 4513 3028 4588 ἦν
3063 4519 3156 4570 καὶ
3183 4517 3407 4588 βελτίων
3444 4521 3744 4592 ἄνθρωπος

2141 4612 2169 4664 ὁ
2190 4611 2316 4674 τοὺς
2341 4609 2678 4682 θαυμασίους
2705 4611 2990 4683 χρησμοὺς
3015 4609 3227 4679 ψευδεῖς
3268 4612 3612 4684 ἀπελέγχων,
3644 4618 3740 4670 καὶ

2141 4703 2233 4757 τὸν
2265 4704 2462 4758 Πύθιον
2495 4705 2678 4767 αὐτὸν,
2723 4707 2808 4775 ἐφ’
2841 4701 2920 4769 οἷς
2954 4706 3152 4778 ἔχρησε
3194 4707 3322 4778 περὶ
3363 4710 3738 4784 εἱμαρμένης,

2142 4797 2537 4868 ἐπιῤῥαπίζων.
2566 4799 2762 4852 ’Ἄκουε
2787 4799 2829 4850 δ’
2852 4795 2944 4852 οὖν
2963 4796 3119 4863 αὖθις
3136 4799 3229 4853 τοῦ
3245 4805 3346 4872 τὴν
3359 4802 3468 4855 τῶν
3485 4803 3741 4870 Ferietur

2142 4892 2333 4960 φορὰν
2362 4890 2423 4942 τὸ
2463 4892 2660 4946 οἰκεῖον
2695 4891 3128 4963 ἐπονομάσαντος
3151 4893 3492 4965 σύγγραμμα
3515 4937 3528 4959 ,
3559 4897 3641 4960 ὡς
3674 4894 3713 4950 εἲ

2146 4981 2291 5052 μάλα
2320 4982 2552 5053 νεανικῷ
2577 4984 2882 5054 φρονήματι
2903 4983 2996 5038 τὸν
3019 4984 3216 5037 πλάνον
3243 4985 3351 5040 τῶν
3380 4987 3615 5052 ποῌῶν,
3639 4994 3736 5044 καὶ

2144 5075 2308 5128 αὑτοῦ
2341 5092 2404 5143 γε
2429 5075 2523 5128 τοῦ
2565 5076 2896 5141 ’Λπόλλωνος
2921 5077 3337 5150 ἐπανορθοῦται,
3384 5079 3453 5133 δι’
3483 5074 3559 5136 ὧν
3592 5084 3737 5155 γρά-

2147 5184 2236 5236 φει
2269 5167 2392 5221 τάδε
2423 5168 2564 5222 κατὰ
2590 5168 2753 5234 λέξιν.

453 5264 754 5329 termissis,
787 5264 1052 5318 hactenus
1077 5259 1254 5314 allatis
1301 5267 1589 5315 contentus
1627 5276 1743 5316 ero.
1804 5259 1962 5326 Quod
2019 5269 2294 5329 superest,
2343 5261 2496 5331 juvat
2533 5263 2791 5318 nonnulla
2822 5263 2950 5331 tibi,
2997 5274 3183 5335 utpote
3207 5267 3461 5337 propria,
3504 5276 3558 5324 et
3623 5271 3738 5325 tuis
3825 5281 3827 5289 '

453 5362 562 5415 illis
606 5360 943 5429 sapientibus
983 5355 1322 5428 philosophis
1370 5356 1594 5426 legenda
1641 5356 2166 5426 contemplandaque
2218 5357 2565 5427 relinquere,
2617 5369 2675 5413 ut
2733 5359 3034 5432 intelligas,
3093 5371 3358 5430 quantum
3403 5364 3740 5418 numinibus
3823 5397 3825 5405 ε

451 5457 562 5510 tuis
584 5455 931 5509 oraculorum
959 5453 1276 5507 cantoribus
1301 5452 1466 5505 homo
1493 5466 1600 5506 non
1622 5453 1890 5522 sapientia
1934 5463 2167 5518 tantum,
2213 5453 2306 5507 sed
2334 5454 2497 5507 etiam
2528 5455 2840 5525 integritate
2883 5455 3211 5524 praestiterit,
3250 5455 3343 5525 qui
3393 5472 3518 5512 cum
3572 5473 3735 5527 egre-

452 5549 539 5617 gia
572 5546 826 5601 vaticinia
857 5545 1128 5601 mendacii
1171 5555 1226 5601 et
1271 5543 1530 5599 vanitatis
1581 5555 1877 5615 argueret,
1917 5556 2029 5600 tum
2071 5547 2250 5616 ipsum
2285 5562 2505 5619 quoque
2547 5547 2801 5619 Pythium
2869 5548 2940 5604 ob
2996 5563 3060 5604 ea
3085 5589 3101 5615 ,
3150 5564 3272 5620 quae
3296 5549 3364 5605 de
3389 5549 3502 5606 fato
3528 5550 3732 5618 edidit,

538 5824 566 5854 ι
595 5815 680 5869 ισ.
707 5811 880 5883 αὖθις.
959 5818 1092 5874 ὶυτον.
1128 5819 1266 5874 deest
1300 5819 1585 5891 βασάνους.
1667 5831 1688 5860 ε
1724 5820 1809 5874 Ia.
1835 5819 1914 5877 δέ.
