3864 6386
151 370 232 424 437

1272 371 1592 427 ΡΒᾸΞΡΑΒ.
1639 374 1888 431 EVANG.
1931 376 2057 432 ΗΒ.
2105 375 2186 431 γι.

3222 375 3322 429 ιόε

145 486 230 554 γὰρ
248 483 386 542 οἶδεν,
427 483 536 536 οὔτ’
559 485 604 535 εί
625 484 741 538 ἔστι
792 501 844 537 τι
875 486 1038 548 αὐτὸς
1063 487 1384 557 τοπαράπαν
1407 529 1421 551 ,
1456 489 1576 541 οὕτε
1611 491 1656 542 εί

1765 491 1869 545 hoc
1894 492 2012 560 ipso
2043 491 2412 561 potissimum,
2436 489 2582 558 quod
2615 489 2667 544 in
2702 488 2956 544 manibus
2979 493 3080 551 est,
3110 497 3325 556 negotio

141 577 310 630 οἴκοθεν
330 575 620 637 ἐλαύνεται,
659 575 768 630 οὔτ’
803 580 850 630 εί
885 578 1066 631 οἶκαδε
1110 579 1383 648 ἐπιθυμεῖ.
1440 579 1576 632 Ἀλλ’
1610 584 1658 634 εί

142 667 506 738 καὶμαίνεταιὸ
545 668 871 738 Ἀλκμαίων,
911 670 1002 722 καὶ
1044 670 1259 723 ὑπονοεῖ
1294 671 1362 724 τὰ
1401 671 1476 743 μὴ
1506 671 1656 737 ὄντα,

139 764 223 828 ὅγε
248 761 421 822 Πύθιος
443 761 504 812 οὺ
540 762 822 831 μαίνεταιο
861 760 994 831 μηδὲ
1025 760 1146 829 λέγε
1179 761 1382 824 οὕτως·

1763 584 2099 636 statuimus?
2138 583 2390 638 Omnino.
2425 581 2534 636 Nee
2563 583 2705 636 enim
2753 579 2899 635 aliud
2943 593 3008 632 eo
3046 579 3126 632 vel
3168 594 3325 646 supe.

1763 677 1901 740 rius,
1948 679 2029 731 vel
2079 679 2377 749 antiquius.
2433 677 2514 732 vel
2563 677 2665 731 (ide
2715 676 2931 745 dignius
2971 688 3092 729 esse
3141 682 3323 742 queat.

1767 767 1936 823 Secus
1961 770 2129 835 enim,
2153 771 2364 825 desinat
2389 771 2441 824 in
2474 779 2747 840 posterum
2771 769 3041 822 Alcmaeon
3068 775 3119 820 te
3142 763 3325 818 nescio

141 855 265 924 quis,
296 853 568 908 interfecta
608 863 820 917 matre,
853 854 1019 910 domo
1055 857 1281 925 pulsus,
1313 859 1539 929 ejusque
1583 868 1760 916 tamen
1809 864 2059 933 cupidus,
2113 865 2332 936 Delphis
2382 867 2694 922 convenire.
2743 864 2900 934 257
2945 862 3173 932 Quippe,
3227 875 3326 914 nec

139 960 284 1003 utrum
314 949 508 1018 aliquid
547 950 662 1018 ipse
689 951 914 1004 omnino
957 952 1063 1016 sit,
1110 968 1209 1006 nec
1255 963 1436 1008 utrum
1488 955 1649 1011 domo
1685 958 1932 1026 pellatur,
1971 975 2071 1015 nec
2131 971 2311 1015 utrum
2375 961 2617 1031 ejusdem
2656 960 2888 1027 cupidus
2924 958 3016 1019 sit,
3050 955 3321 1016 intelligit.

136 1043 189 1095 At
217 1041 341 1092 enim
385 1040 525 1094 furat
553 1041 827 1096 Alcmaeon
861 1041 1003 1108 licet,
1038 1059 1265 1114 quaeque
1300 1045 1445 1100 nulla
1479 1057 1646 1114 sunt,
1687 1051 1870 1104 animo
1907 1053 2012 1106 sibi
2064 1052 2266 1121 ﬁngat:
2329 1069 2435 1108 non
2469 1052 2601 1107 furit
2649 1051 2864 1119 quidem
2931 1047 3175 1114 Pythius.
3214 1045 3325 1099 lmo

134 1147 238 1185 cave
265 1141 314 1183 tu
341 1146 553 1198 quoque
581 1131 632 1183 id
665 1132 712 1184 ei
743 1133 988 1198 occinas,

133 1249 326 1302 Νέστον
347 1245 531 1318 δίζηαι
566 1248 823 1315 πατρίην
845 1249 910 1314 ἐς
934 1248 1107 1318 γαῖαν
1142 1251 1372 1304 ἱκέσθαι

141 1318 276 1386 ’.ιμρι
311 1317 605 1384 Ἀρκαδίῃ.

131 1434 236 1486 Οὖδὲ
267 1434 361 1505 γὰρ
387 1428 545 1485 οἷσθά
571 1451 686 1496 πως
717 1433 772 1485 εἴ
788 1430 848 1485 σέ
871 1450 951 1496 τις
972 1433 1150 1504 ἐρωτᾷ
1178 1434 1317 1505 ἀμφὶ
1346 1437 1651 1508 Ἀρκαδίης.

128 1525 212 1576 oio"
240 1527 281 1575 εξ
313 1525 369 1575 σὺ
390 1519 438 1575 εἷ
469 1525 497 1575 6
526 1522 899 1594 ἐρωτώμενος,
935 1525 1028 1577 καὶ
1057 1524 1234 1593 λέγειν
1260 1525 1396 1596 ἔχων
1426 1529 1550 1598 περὶ
1582 1521 1656 1580 ὧν

127 1630 192 1675 τις
215 1615 388 1682 ἐρωτᾷ.
423 1613 578 1682 Μηδὲ
604 1614 923 1683 Χρύσιππος
949 1613 1056 1684 ἀρα
1101 1617 1130 1666 6
1173 1613 1270 1685 τὴν
1315 1616 1656 1685 ἡμιδουλείαν

129 1703 338 1769 εἰσάγων,
365 1705 391 1755 6
417 1721 467 1754 τι
504 1704 641 1756 ποτέ
671 1703 782 1774 (74)
823 1705 967 1756 ἐστιν
994 1705 1126 1758 αὐτὸ
1157 1704 1332 1771 τοῦτο,
1365 1707 1656 1760 ἀπαντάτω

127 1796 187 1856 εἰς
211 1794 293 1863 τὴν
323 1794 500 1856 στοὰν,
534 1793 661 1864 μηδ’
684 1793 876 1846 οἰέσθω
898 1794 1304 1864 ἀπαντήσεσθαι
1353 1798 1476 1859 τοὺς
1507 1797 1654 1866 βλεν-

1770 1256 1843 1310 Tu
1881 1257 2103 1311 reditum
2131 1257 2184 1310 in
2206 1258 2435 1325 patriam
2467 1257 2599 1310 votis
2627 1254 2974 1325 ﬂagrantibus
3010 1267 3180 1322 urges,

1776 1327 1964 1382 Versus
1997 1328 2300 1382 Arcadiam.

1761 1437 1895 1492 Nam
1935 1455 2001 1492 ne
2033 1439 2148 1508 ipse
2177 1439 2393 1508 quidem
2445 1439 2731 1511 intelligis,
2766 1445 2889 1493 tene
2919 1437 3206 1508 quisquam
3258 1435 3325 1490 de

1763 1529 1998 1582 Arcadia
2035 1528 2304 1590 consulat,
2339 1529 2385 1582 is
2418 1544 2482 1582 ne
2512 1543 2678 1598 porro
2710 1527 2786 1582 sis
2808 1567 2821 1590 ,
2854 1525 2943 1596 qui
2984 1523 3280 1580 consulitur
3305 1561 3323 1588 ,

1764 1620 2058 1686 habeasne,
2086 1620 2230 1688 quod
2261 1635 2377 1674 eam
2411 1619 2462 1672 in
2492 1635 2626 1684 rem,
2656 1636 2760 1690 qua
2795 1619 2860 1672 de
2886 1617 3025 1671 alius
3049 1614 3282 1670 consulit
3307 1654 3323 1678 ,

1763 1708 2110 1777 respondeas.
2149 1706 2369 1762 Desinat
2394 1707 2554 1759 etiam
2585 1707 2940 1777 Chrysippus,
2973 1705 3018 1758 is
3043 1704 3134 1773 qui
3165 1703 3326 1756 dimi-

1762 1798 1966 1852 diatam
2005 1799 2211 1852 invehit
2245 1801 2581 1861 servitutem,
2625 1814 2747 1851 cum
2791 1797 2842 1850 id
2882 1798 3055 1865 ipsum
3101 1809 3325 1864 prorsus

126 1885 222 1946 νοῦς
270 1885 522 1946 ἐκείνους,
564 1884 642 1948 ὡς
693 1885 854 1937 αὑτὸν
895 1885 1292 1956 ἀκουσομένους
1335 1886 1425 1938 τὸν
1456 1885 1651 1940 Οὖτιν·

1760 1890 1990 1960 ignoret,
2020 1889 2074 1942 in
2107 1889 2394 1943 Porticunt-
2429 1889 2720 1952 ventitare,
2753 1903 2852 1940 nec
2877 1887 3064 1940 eodem
3097 1885 3325 1939 hlennos

129 1977 232 2046 μηδὲ
258 1977 602 2029 ὃιατεινέσθω
636 1978 762 2047 περὶ
797 1977 1023 2048 μηδενὸς
1054 1977 1348 2040 καταστὰς,
1388 1979 1523 2050 πρὸς
1556 1980 1652 2049 μὲν

134 2069 437 2137 ’Δρκεσίλαον
454 2069 726 2137 παρόντα,
750 2068 884 2138 πρὸς
899 2068 955 2120 δὲ
983 2068 1294 2138 Ἐπίκουρον
1313 2069 1371 2121 οὐ
1394 2071 1648 2140 παρόντα·

124 2161 164 2212 τί
190 2161 278 2228 γάρ
308 2161 446 2211 ἐστιν
481 2161 510 2211 6
547 2157 918 2228 Ἀρκεσίλαος,
944 2157 996 2208 τί
1025 2157 1080 2209 δὲ
1108 2159 1136 2210 6
1181 2159 1518 2229 Ἐπίκουρος,
1543 2160 1573 2228 ἢ
1604 2158 1657 2210 τί

127 2252 296 2320 ﬁrmi,
327 2251 358 2319 ἧ
402 2249 454 2301 τί
483 2251 532 2301 οἱ
574 2249 681 2300 νέοι
701 2289 714 2310 ,
757 2249 788 2318 ἢ
826 2249 907 2312 τίς
930 2246 957 2297 ὁ
978 2247 1159 2309 Οὖτις,
1201 2247 1310 2300 οὔτ’
1338 2244 1498 2313 οἶδεν,
1531 2250 1652 2302 οὒτε

125 2333 208 2398 οἷος
243 2339 460 2391 εἰδέναι·
534 2337 674 2390 πολὺ
706 2337 1103 2408 γάριπρότερον
1146 2337 1253 2389 οὐδ’
1308 2341 1354 2390 εἰ
1393 2339 1550 2402 αὑτός
1603 2340 1653 2391 τί

125 2425 403 2482 ἐστὶνοῖδεν.
451 2429 597 2480 Ἀλλ’
631 2429 732 2480 οὐκ
773 2427 1022 2492 ἀνέξεσθε
1061 2426 1182 2480 οὔτε
1225 2428 1417 2497 ὑμεῖς,
1459 2428 1579 2480 οὕτε
1626 2432 1654 2482 6

126 2521 432 2590 Δημὰκριτος,
459 2523 511 2572 εἰ
539 2518 690 2586 λέγοι
719 2536 798 2582 τις
821 2518 1017 2571 ταῦτα·
1049 2519 1108 2570 οὑ
1139 2519 1246 2588 γὰρ
1287 2515 1422 2571 εἶναι
1472 2521 1654 2572 πιστό-

124 2628 244 2680 tif/1V
293 2613 482 2683 μέτρον
517 2608 584 2665 οὗ
613 2611 788 2679 λέγω⁸
832 2610 938 2663 οὐδ’
974 2613 1020 2662 εί
1041 2610 1185 2662 δοκεῖ
1213 2613 1304 2663 καὶ
1355 2611 1486 2665 ἄλλα
1534 2611 1654 2664 τινὰ

124 2698 434 2772 εἷναι,τοὺτῳ
464 2703 604 2772 γοῦν
665 2703 1030 2774 παρισωθείη·
1086 2703 1117 2773 ἢ
1169 2703 1504 2775 παρισωθείη
1556 2705 1654 2774 μὲν

125 2796 517 2865 ἇν,·5περῦἀλλοι
549 2796 605 2848 δὲ
637 2797 734 2848 οὐκ
765 2796 842 2849 ἄν.
873 2795 1078 2846 Οὐκοῦν
1110 2796 1327 2865 φήσειεν
1365 2795 1427 2848 ἄν
1457 2812 1570 2859 τις,
1610 2791 1654 2849 ὦ

125 2888 382 2958 Δημόκριτε
406 2932 420 2954 ,
460 2889 565 2940 καὶ
598 2889 660 2939 σὺ
681 2927 695 2949 ,
727 2881 771 2939 ὧ
800 2886 1108 2957 Χρύσιππε,
1161 2887 1254 2939 καὶ
1288 2887 1372 2949 σὺ,
1399 2880 1443 2939 ὦ
1472 2887 1651 2956 μάντι,

126 2974 274 3047 ἐπειδὴ
297 2979 658 3045 ἀγανακτεῖτε
705 2976 864 3037 εἴτις
908 2975 1157 3044 ἐθελήσαι
1198 2975 1525 3046 παρελέσθαι
1560 2976 1656 3047 τὴν

125 3069 245 3136 ὑμῶν
274 3068 444 3120 αὐτῶν
471 3065 760 3134 ἀντίληψιν
779 3082 792 3094 ο
823 3065 883 3117 οὐ
913 3064 1021 3135 γὰρ
1041 3065 1120 3116 ἕτι
1149 3064 1245 3128 τὰς
1285 3064 1480 3128 πολλάς
1520 3065 1659 3117 ὲκεί-

126 3176 197 3221 νας
225 3158 419 3227 βίϐλους
459 3153 636 3211 εἶναι·
681 3156 812 3226 φέρε
847 3157 938 3208 καὶ
967 3158 1126 3226 ἡμεῖς
1162 3157 1655 3228 ἀνταγανακτήσω-

127 3267 216 3317 μεν.
243 3251 298 3300 Τί
324 3250 383 3317 δή
413 3265 553 3302 ποτε
578 3264 592 3312 ;
634 3247 760 3300 ἔνθα
786 3247 882 3316 μὲν
907 3246 970 3299 ἂν
995 3248 1120 3316 ΰμῖν
1142 3246 1292 3316 δοκῇ,
1319 3245 1470 3300 ἔσται
1496 3245 1655 3298 τοῦτο

126 3342 196 3392 καί
219 3341 522 3393 πιστότατον
550 3339 642 3391 καὶ
671 3337 1040 3410 πρεσϐύτατον
1063 3354 1074 3366 ·
1102 3337 1224 3389 ἔνθα
1250 3338 1293 3389 δ’
1326 3337 1390 3390 ἂν
1416 3338 1487 3408 μὴ
1506 3338 1656 3407 δοκῇ,

123 3429 582 3483 ηταδεσιιαστεῦσαί
631 3428 740 3498 (75)
783 3445 834 3479 τι
878 3427 1101 3496 λεληθὸς
1147 3427 1312 3480 αὐτοῦ
1353 3428 1657 3498 εἱμαρμένη

125 3524 432 3589 πεπρωμένη,
471 3517 741 3589 διαφορὰν
767 3517 979 3586 ἑκάστῳ
1009 3517 1161 3587 ὑμῶν
1184 3517 1378 3586 έχουσα
1397 3556 1410 3580 ,
1450 3515 1526 3585 τῷ
1562 3516 1661 3585 μὲν

125 3611 172 3660 ὲκ
197 3610 333 3674 Θεοῦ,
361 3611 437 3681 τῷ
469 3610 532 3662 δὲ
568 3611 631 3660 ἐκ
662 3611 760 3679 τῆς
789 3608 896 3660 τῶν
922 3609 1130 3679 μικρῶν
1153 3608 1373 3660 ἐκείνων
1396 3608 1660 3676 σωμάτων

124 3700 206 3752 τῶν
228 3706 531 3774 σερομένων
561 3702 731 3764 κάτω,
777 3703 868 3753 καὶ
907 3700 1360 3770 ἀναπαλλομένων
1389 3701 1499 3752 ἄνω
1519 3740 1532 3762 ,
1568 3700 1661 3751 καὶ

127 3794 585 3862 περιπλεκομένων,
613 3793 707 3845 καὶ
739 3791 1118 3860 διαλυομένων,
1153 3791 1245 3844 καὶ
1285 3791 1657 3861 διισταμένων,

127 3885 198 3935 tu".
217 3884 650 3953 παρατιθεμένων
683 3882 740 3946 ἐξ
765 3884 1006 3951 ἀνάγκης
1032 3899 1046 3945 ;
1087 3883 1215 3936 Ἰδοὺ
1248 3881 1357 3953 γὰρ
1397 3876 1442 3950 ᾧ
1475 3885 1662 3954 τρόπῳ

127 3976 249 4041 ἡμῶν
281 3977 449 4028 αὐτῶν
497 3973 926 4043 ἀντειλήμμεθα,
958 3973 1129 4044 τούτῳ
1156 3974 1248 4026 καὶ
1275 3973 1380 4026 τῶν
1431 3975 1487 4028 ὲν
1529 3977 1662 4045 ἡμῖν

1683 3212 1724 3270 C

129 4067 415 4136 αὐθαιρέτων
443 4070 542 4120 καὶ
578 4067 785 4135 βιαίων.
818 4068 890 4118 Οὐ
920 4067 1110 4137 λέληθε
1147 4067 1202 4119 δὲ
1251 4069 1399 4138 ἡμᾶς
1436 4069 1558 4120 ὅσον
1603 4069 1661 4121 τὸ

129 4160 292 4225 μεταξῦ
316 4159 402 4212 τοῦ
431 4161 668 4230 βαδίζειν
702 4160 792 4212 καὶ
838 4158 931 4210 τοῦ
960 4160 1220 4226 ἄγεσθαι,
1257 4161 1376 4212 οὐδὲ
1408 4161 1529 4212 ὅσον
1563 4160 1656 4212 τοῦ

129 4250 353 4316 αἱρεῖσθαι
381 4253 474 4303 καὶ
507 4251 601 4302 τοῦ
637 4249 1055 4317 ἀναγκάζεσθαι.
1084 4243 1262 4330 *ωε
1296 4251 1456 4302 ἕνεκα
1483 4251 1656 4303 ταῦτα

130 4340 431 4409 πῳτῆνεγκα
469 4341 549 4412 τῷ
578 4341 722 4412 λόγῳ
745 4358 759 4406 ;
786 4342 869 4393 ὅτι
888 4358 943 4392 σε
977 4341 1308 4409 ἐκπέφευγεν
1333 4383 1346 4404 ,
1381 4336 1425 4394 ὧ
1465 4343 1646 4412 μάντι,

129 4422 184 4480 ὧν
204 4431 358 4502 κύριοί
394 4433 560 4503 ἐσμεν
597 4435 773 4502 ἡμεῖς,
801 4433 893 4484 καὶ
923 4433 951 4484 6
973 4432 1040 4484 τά
1075 4431 1248 4484 πάντα
1274 4429 1449 4494 εἰδὼς,
1487 4431 1662 4484 ταῦτά

1755 1980 1875 2032 illos
1915 1980 2218 2048 bardosque
2272 1987 2524 2033 venturos
2571 1987 2746 2048 putet,
2788 1974 3027 2031 Neminis
3071 1976 3323 2029 audiendi

1754 2085 1918 2123 causa
1959 2086 1972 2122 :
2005 2083 2104 2123 nec
2125 2069 2235 2138 jam
2269 2067 2378 2122 lixo
2405 2070 2569 2138 gradu
2591 2111 2606 2135 ,
2650 2078 2742 2122 aut
2774 2077 3034 2137 praesente
3061 2082 3184 2119 cum
3220 2068 3324 2118 Ar.

1755 2160 1939 2223 cesila,
1991 2161 2072 2214 vel
2119 2175 2242 2212 cum
2280 2157 2511 2228 Epicuro
2540 2159 2762 2212 absente
2801 2158 3032 2212 luctetur
3063 2175 3074 2209 :
3106 2158 3324 2225 quando

1757 2253 1822 2314 is,
1854 2251 1986 2321 quid
2024 2260 2118 2305 aut
2137 2249 2429 2316 Arcesilas,
2467 2259 2560 2304 aut
2599 2248 2900 2320 Epicurus,
2934 2248 3044 2301 imo
3075 2249 3200 2317 quid
3233 2255 3328 2299 aut

1754 2341 2021 2406 Porticus,
2070 2342 2198 2411 quid
2248 2342 2652 2407 adolescentes,
2702 2341 2831 2409 quid
2869 2340 3033 2396 Nemo
3075 2339 3188 2406 ipse
3231 2339 3324 2400 sit,

1755 2451 1856 2490 nec
1897 2435 2175 2506 intelligit,
2221 2450 2320 2490 nec
2372 2434 2666 2504 intelligere
2697 2433 2920 2486 omnino
2945 2441 3153 2501 potest;
3199 2445 3325 2484 nam

1754 2526 1899 2594 quod
1953 2526 2123 2605 multo
2169 2526 2319 2594 prius
2383 2534 2500 2590 est,
2552 2525 2694 2580 sitne
2737 2523 2962 2593 ipsemet
2993 2521 3230 2592 aliquid,
3261 2536 3330 2574 ne

1757 2616 1860 2669 hoc
1901 2616 2117 2684 quidem
2162 2619 2328 2669 novit.
2380 2615 2449 2669 At
2495 2615 2795 2668 orationem
2828 2612 2986 2666 istam
3018 2626 3192 2679 neque
3231 2625 3331 2664 vos

1755 2706 1981 2769 scilicet,
2002 2719 2176 2774 neque
2214 2703 2554 2758 Democritus
2581 2703 2716 2757 ferat
2752 2721 2764 2756 :
2803 2703 2944 2772 quod
2976 2703 3078 2755 alia
3109 2702 3328 2764 certior,

1753 2812 1815 2851 ea
1847 2812 2008 2866 quam
2051 2798 2280 2864 protuli,
2333 2796 2495 2864 hujus
2540 2794 2872 2849 testimamlae
2904 2794 2978 2847 rei
3015 2793 3152 2847 latio
3184 2793 3330 2845 nulla

1755 2904 1877 2943 esse
1906 2889 2108 2957 possit;
2145 2897 2238 2941 aut
2273 2888 2316 2941 si
2351 2888 2468 2941 aliae
2499 2896 2752 2956 praeterea
2779 2885 2888 2939 sint
2910 2926 2922 2947 ,
2975 2900 3097 2939 cum
3129 2884 3215 2937 illa
3247 2894 3331 2938 ιαμ

1758 2996 1878 3034 men
1907 2982 2109 3049 aequari
2136 2991 2438 3050 nequeant;
2467 2989 2559 3033 aut
2590 2978 2635 3032 si
2665 2978 2828 3031 etiam
2869 2977 3072 3046 aequari
3102 2977 3328 3046 possint,

1756 3088 1875 3125 eam
1909 3082 2054 3126 certe
2083 3071 2296 3141 quidem
2323 3086 2578 3140 superare
2606 3085 2714 3124 non
2746 3069 2976 3139 possint.
3021 3067 3139 3122 Jatn
3176 3083 3325 3130 vero,

1758 3164 1902 3217 dicat
1940 3164 2157 3232 aliquis,
2194 3178 2227 3217 ο
2255 3161 2559 3218 Democrite
2579 3201 2594 3226 ,
2626 3171 2791 3231 tuque
2815 3176 2848 3216 o
2875 3161 3174 3232 Chrysippe
3195 3200 3209 3223 ,
3242 3171 3330 3215 tu-

1761 3268 1886 3321 que,
1916 3253 2050 3306 adeo
2083 3252 2226 3306 bone
2257 3260 2424 3318 vates,
2459 3252 2502 3303 si
2533 3249 2655 3319 quis
2687 3263 3028 3304 communem
3055 3248 3202 3300 illum
3236 3263 3332 3299 vo-

1763 3343 1843 3396 bis
1876 3358 2096 3396 sensum
2150 3359 2212 3397 ac
2257 3344 2532 3397 notionem
2568 3341 2776 3409 eripere
2823 3348 3145 3402 conaretur,
3193 3339 3332 3392 indi-

1760 3436 2058 3508 gnaremini
2084 3476 2098 3498 ,
2135 3451 2236 3489 nec
2262 3435 2406 3488 enim
2436 3435 2485 3488 id
2512 3434 2622 3503 jatn
2656 3442 2827 3496 esset,
2862 3431 3130 3500 ingentem
3170 3431 3331 3485 istam

1761 3529 1944 3583 nescio
1974 3545 2134 3598 quam
2165 3528 2427 3582 librorum
2469 3525 2850 3596 supellectilem
2896 3525 3103 3594 eripere
3134 3543 3148 3579 :
3187 3525 3332 3579 indi-

1762 3637 1989 3691 gnemur
2023 3620 2185 3689 igitur
2211 3619 2373 3673 etiam
2415 3633 2533 3673 nos.
2577 3617 2714 3684 Quid
2744 3616 2929 3670 enim?
2958 3617 3050 3670 ubi
3084 3616 3236 3671 vobis
3261 3618 3334 3670 ita

1763 3712 1938 3764 visum
1973 3712 2105 3776 erit,
2137 3710 2502 3765 certissimum
2541 3709 2641 3764 hoc
2671 3709 2918 3763 videlicet
2959 3707 3208 3777 idemque
3233 3724 3335 3761 an-

1763 3803 2132 3872 tiquissimum
2185 3812 2562 3870 argumentum
2613 3800 2745 3864 erit;
2797 3799 2888 3854 ubi
2951 3809 3131 3854 autem
3176 3815 3334 3854 secus

1761 3895 2163 3959 existimabitis,
2197 3904 2309 3948 tum
2337 3908 2403 3946 eo
2429 3894 2702 3962 potentius
2724 3893 2824 3946 erit
2851 3892 3125 3948 occultqu
3152 3894 3335 3946 nescio

1761 3987 1912 4056 quid,
1950 3985 2148 4052 fatalis,
2185 3987 2427 4054 inquam,
2464 3983 2552 4036 illa
2577 3984 2896 4048 necessitas,
2937 3981 3116 4054 quade
3151 3997 3218 4037 ne
3249 3998 3337 4035 vo-

1762 4081 1844 4134 bis
1875 4080 2092 4148 quidem
2130 4078 2270 4130 inter
2299 4092 2395 4129 vos
2422 4075 2571 4144 ipsos
2594 4075 2875 4140 convenit;
2905 4089 3029 4128 cum
3053 4074 3193 4130 alius
3213 4089 3334 4129 eam

1761 4189 1822 4227 ex
1853 4173 2034 4225 divino
2060 4169 2292 4223 Numine
2314 4209 2328 4230 ,
2377 4169 2517 4224 alius
2543 4184 2609 4222 ex
2638 4167 2878 4223 minimis
2905 4168 3010 4222 illis
3034 4182 3335 4238 corpuscu-

1764 4265 1828 4318 lis
1862 4264 2093 4332 pcndere
2121 4260 2265 4323 velit,
2282 4275 2403 4329 quae
2426 4244 2586 4312 modo
2609 4258 2862 4312 deorsum
2889 4257 3154 4323 ferantur,
3173 4258 3332 4313 modo

1765 4445 1903 4497 inter
1951 4458 2070 4497 sese
2115 4441 2279 4511 paulo
2334 4450 2457 4494 ante
2497 4439 2808 4503 commissa,
2845 4439 3007 4510 paulo
3043 4449 3163 4509 post
3198 4439 3334 4494 diri»

131 4538 177 4587 γε
201 4526 283 4577 οὐκ
307 4525 367 4578 ἂν
403 4527 621 4596 εἰδείης,
655 4519 731 4580 ὧν
763 4525 830 4578 τά
863 4525 1136 4594 πείσματα
1175 4525 1410 4596 ἀνῆπται
1453 4527 1516 4578 ἐκ
1563 4527 1656 4596 τῆς

1766 4548 2012 4600 mantur;
2045 4551 2110 4591 ac
2138 4532 2380 4589 vicissim
2407 4532 2677 4602 disjuncta
2701 4535 2848 4604 prius
2873 4551 2994 4590 cum
3020 4541 3220 4598 essent,
3247 4547 3338 4586 ne-

133 4611 359 4684 ἡμετέρας
392 4617 719 4686 βουλήσεως.
760 4615 905 4687 Αὕτη
933 4616 989 4668 δέ
1017 4633 1079 4684 γε
1122 4617 1372 4684 ἐφαίνετο
1409 4617 1509 4670 οὐκ
1547 4615 1658 4670 ὀλί-

133 4718 219 4769 γων
242 4702 361 4758 οὖσα
392 4707 730 4776 πραγμάτων
758 4708 925 4776 ἀρχή·
958 4707 1018 4759 ὃν
1048 4707 1104 4760 δὲ
1151 4710 1182 4776 ἡ
1213 4707 1352 4777 ἀρχὴ
1379 4749 1394 4769 ,
1439 4709 1557 4777 ἥτις
1593 4704 1660 4778 ἦν

134 4793 215 4844 τῶν
237 4797 359 4863 μετά
381 4797 555 4850 ταῦτα
581 4798 749 4860 αἰτία,
779 4798 1134 4867 ἐκπέφευγεν,
1161 4795 1301 4869 ἦπού
1333 4816 1396 4866 γε
1430 4799 1498 4851 τὰ
1526 4800 1662 4870 μετά

135 4884 208 4954 τὴν
235 4888 389 4960 ἀρχὴν
414 4890 580 4960 εἰδείη
609 4891 671 4943 ἂν
715 4883 888 4953 οὗτος.
927 4891 1299 4960 Ἀναίσχυντος
1337 4892 1534 4962 δηλαδὴ
1575 4905 1597 4932 α
1634 4894 1662 4945 6

137 4977 254 5047 Λιῖῳ
292 4983 808 5052 προμαντευόμενος,
857 4984 936 5035 ὅτι
970 4984 1128 5035 αὑτὸν
1161 4985 1446 5043 ἀποκτενεῖ
1481 4985 1510 5035 6
1535 4986 1657 5053 φύς.

142 5066 334 5137 Ἔμελλε
367 5074 461 5143 γάρ
491 5091 592 5125 που
633 5075 660 5125 6
704 5077 805 5142 φὺς
849 5074 1035 5146 κύριος
1075 5073 1289 5126 ἔσεσθαι
1326 5075 1422 5145 τῆς
1469 5073 1660 5126 ἑαυτοῦ

143 5156 426 5231 βουλήσεως·
459 5169 550 5219 καὶ
575 5166 696 5220 οὔτε
725 5185 807 5229 τις
871 5167 1138 5222 Ἀπόλλων
1161 5210 1175 5233 ,
1224 5167 1346 5221 οὗτε
1389 5185 1471 5230 τις
1497 5167 1660 5221 αὑτοῦ

143 5246 392 5324 ὑπέρτερος
421 5257 744 5320 ἐξικνεῖσθαι
770 5259 971 5322 ἱκανὸς,
1009 5259 1128 5312 οὐδὲ
1173 5260 1266 5330 μιᾷ
1294 5258 1547 5328 δυνάμει,
1587 5251 1661 5312 ὧν

143 5341 218 5393 οὒκ
263 5345 394 5400 ἔστιν
437 5348 559 5402 οὔτε
607 5350 874 5420 ὖπαρξις,
919 5350 1042 5406 οὔτε
1092 5352 1358 5420 γενέσεως
1424 5351 1659 5420 ἀνάγκη·

198 5488 220 5515 ⁸
253 5497 332 5548 π).
363 5481 447 5553 δή.

199 5588 294 5671 (74.).
321 5595 384 5671 'O_
410 5613 498 5671 _tt_
525 5597 686 5671 ποτέ.
720 5597 1051 5671 Addendunr
1081 5597 1309 5671 videtur,
1351 5598 1450 5671 οὐκ
1487 5596 1661 5663 εἰδώς,

153 5662 424 5743 auliliquid
456 5667 658 5743 simile;
690 5669 888 5743 alioqui
918 5668 1162 5743 pendebit
1199 5670 1481 5743 sententia.

161 5791 177 5806 ‘
205 5729 294 5798 (75)
315 5729 891 5806 Καταδυναστεῦσὶιι.
920 5729 1154 5790 Alterius
1186 5755 1288 5791 tus.
1317 5739 1471 5792 lectio
1497 5755 1664 5792 κατα-

157 5803 476 5874 ενναστεύσει,
519 5818 816 5877 opportune
849 5808 1059 5878 supplet
1104 5809 1364 5878 quidquid
1412 5809 1511 5863 hoc
1542 5807 1662 5864 loco

1762 4627 1998 4682 cessario
2045 4625 2388 4696 postmodum
2449 4625 2901 4694 conjungantur?
2960 4625 3167 4680 Etenim
3224 4640 3333 4692 quo

1762 4734 1862 4772 nos
1896 4719 1994 4787 ipsi
2033 4718 2194 4771 modo
2229 4719 2494 4774 sentimus
2527 4728 2690 4788 atque
2720 4717 3115 4787 cognoscimus,
3143 4719 3332 4771 eodem

1761 4812 1918 4879 plane
1945 4811 2010 4864 de
2040 4811 2202 4864 rebus
2236 4811 2336 4876 iis,
2386 4827 2506 4880 qure
2559 4819 2654 4863 aut
2703 4809 3008 4863 volentibus
3053 4809 3207 4864 nobis
3241 4818 3336 4862 aut

1764 4901 1947 4956 invitis
1975 4901 2253 4965 eveniunt,
2281 4905 2587 4956 statuimus.
2654 4899 2836 4970 Neque
2864 4915 2962 4955 nos
2989 4900 3227 4970 profecto
3255 4899 3336 4952 la-

1763 5001 1868 5056 tet,
1928 5001 2192 5061 quantum
2243 4992 2384 5046 inter
2427 5008 2549 5046 eum
2616 4993 2706 5062 qui
2761 5002 2950 5062 sponte
2993 4992 3233 5057 incedat,
3282 5003 3335 5046 et

1765 5099 1888 5136 eum
1951 5083 2045 5151 qui
2099 5091 2310 5151 agatur,
2342 5091 2602 5152 quantum
2640 5083 2780 5136 inter
2812 5099 2932 5136 eum
2973 5083 3063 5152 qui
3104 5090 3246 5151 optet
3271 5099 3334 5138 ac

1763 5174 1982 5240 deligat,
2015 5182 2067 5225 et
2099 5186 2222 5224 eum
2261 5170 2352 5240 qui
2391 5180 2639 5240 cogatur,
2679 5171 2910 5223 intersit.
2941 5168 3211 5234 Quorsum
3238 5185 3335 5221 au-

1764 5273 1869 5316 tem
1902 5263 2016 5317 haec
2043 5264 2217 5318 oratio
2250 5263 2513 5332 pertinet?
2552 5261 2718 5331 258
2760 5259 2913 5330 Fugit
2953 5271 3006 5315 te
3053 5261 3332 5325 nimirum,

1761 5353 1903 5408 bone
1946 5365 2128 5418 vates,
2187 5371 2432 5425 quamam
2484 5355 2690 5410 arbitrii
2738 5354 2906 5407 nostri
2945 5355 3332 5422 potestatisque

1765 5597 2015 5667 mutilum
2069 5599 2234 5651 videri
2292 5607 2492 5667 posset.
2528 5595 2901 5651 Theodoretus
2945 5611 3094 5658 vero,
3143 5594 3235 5667 lib.
3275 5611 3328 5650 vr

1763 5665 1840 5718 De
1877 5669 2096 5721 curand.
2149 5665 2319 5722 Gra'c'.
2361 5670 2562 5735 ασθαι..
2606 5667 2695 5722 ubi
2747 5667 3127 5736 disputationis
3169 5665 3336 5733 hujus

1764 5737 2082 5820 particulam
2127 5739 2354 5806 inserit,
2389 5739 2444 5792 in
2479 5739 2727 5807 prazsenti
2772 5739 2918 5809 legit,
2954 5738 3071 5792 ἐκεῖ
3101 5737 3348 5793 καταευα

1764 5821 1987 5861 ναστευε
1997 5826 2032 5862 ι.

3637 4259 3797 4297 θέλ-ρ.

1763 4331 1949 4405 contra
1993 4351 2275 4404 vibrentur
2319 4364 2568 4414 sursum,
2601 4358 2764 4416 atque
2792 4347 3059 4417 ejusmodi
3101 4348 3240 4415 sint,
3275 4358 3335 4402 ut
3388 4331 3638 4440 κῗιγλχιρί
3666 4348 3794 4450 Ζ-γ·
