3864 6386
529 355 632 412 459

1165 354 1437 411 EUSEBII
1477 354 1954 413 CIESARIENSIS
1993 353 2145 410 OPP.
2195 351 2372 408 PARS
2407 351 2469 407 ll.
2508 383 2577 393 --
2614 346 3116 407 APOLOGETICA.
3637 349 3722 395 nu

524 472 656 532 sint,
685 474 849 540 titque
878 469 987 538 ilic,
1018 469 1112 540 qui
1136 479 1333 525 cuncta
1366 470 1528 535 nosti,
1553 487 1621 525 ne
1643 471 1731 525 illa
1757 472 1976 542 quidem
2009 487 2102 526 no-

2220 471 2425 522 Ἐκεῖνο
2448 466 2557 537 γὰρ
2601 465 2664 537 δὴ
2697 465 2760 517 τὺ
2800 457 3326 528 καταγελαστότατον
3370 456 3634 514 ἁπάντων.
3678 457 3726 510 τὸ

523 568 614 631 sti,
642 581 762 635 quae
787 573 974 620 nostra
1006 580 1071 620 ex
1104 565 1380 619 voluntate
1415 573 1543 619 sunt
1586 567 1910 635 quibusdam
1937 568 2097 637 quasi

521 658 744 712 funibus
793 657 1110 726 catenisque
1161 672 1446 726 suspensa.
1500 659 1664 728 Atqui
1713 674 1896 714 rerum
1949 659 2097 714 illam

519 758 681 816 caput
707 762 771 801 ac
797 746 1123 816 principium
1164 761 1288 802 esse
1328 757 1564 812 constat,
1615 763 1748 804 sane
1770 765 1878 804 non
1901 765 2100 820 pauca-

520 857 641 893 rum
670 859 684 894 :
718 854 878 909 quem
912 847 1090 894 autem
1119 853 1333 904 eorum,
1383 855 1506 909 quae
1534 851 1723 909 postea
1749 855 2094 912 consequan-

520 940 630 996 tur,
667 930 992 1001 principium
1017 939 1073 985 et
1096 945 1262 986 causa
1286 931 1471 996 lateat,
1497 933 1545 988 is
1575 933 1846 1000 videlicet,
1879 951 2001 1004 quae
2033 951 2099 992 ex

519 1022 711 1076 eodem
755 1020 907 1076 fonte
952 1020 1236 1089 oriuntur,
1292 1022 1571 1094 intelligat.
1641 1023 1930 1094 impudens
1970 1041 2101 1098 ergo

522 1113 645 1178 fuit,
677 1113 930 1184 quisquis
965 1114 1098 1170 Laio
1122 1115 1392 1184 praedixit,
1417 1131 1541 1172 eum
1567 1131 1597 1170 a
1615 1117 1727 1172 lilio
1751 1117 2098 1175 interfectum

523 1205 610 1259 iri.
663 1203 929 1262 Dominus
953 1206 1102 1262 enim
1132 1205 1427 1262 voluntatis
1456 1222 1568 1262 suae
1597 1207 1740 1264 ﬁlius
1765 1210 1864 1264 iste
1886 1208 2102 1266 futurus

520 1302 670 1362 erat;
708 1311 808 1350 nec
842 1295 986 1352 ullus
1033 1305 1128 1352 aut
1175 1297 1386 1368 Apollo,
1431 1307 1525 1354 aut
1552 1298 1802 1370 Apolline
1829 1301 2098 1370 superior,

520 1399 608 1440 res
641 1400 733 1441 eas
757 1385 808 1440 vi
837 1387 945 1441 ulla
996 1388 1184 1442 rimari
1216 1389 1561 1458 scrutarique
1591 1398 1807 1459 potest,
1855 1406 1976 1461 qua:
2002 1406 2103 1445 nec

521 1478 632 1532 sint
677 1479 831 1549 ipsae,
875 1494 974 1534 nec
1018 1480 1182 1534 ullam
1229 1491 1384 1538 ortus
1434 1482 1519 1537 sui
1566 1482 1950 1538 necessitatem
2006 1483 2104 1538 lia—

519 1570 700 1626 beant.
723 1563 856 1626 Nam
884 1571 1014 1626 illud
1040 1572 1259 1642 quidem
1286 1574 1530 1629 omnium
1555 1574 1790 1630 maxime
1813 1575 2102 1630 ridiculum

521 1672 626 1727 est,
679 1664 823 1734 quod
854 1664 1017 1720 iidem
1062 1675 1115 1720 et
1164 1665 1367 1735 aliquid
1403 1667 1459 1721 in
1490 1667 1773 1722 hominum
1799 1683 1920 1724 esse
1946 1676 2099 1739 pote»

495 1754 683 1822 'state,
735 1765 789 1811 et
832 1758 1028 1812 seriem
1067 1767 1246 1812 tamen
1295 1774 1605 1830 nexumque
1649 1774 1941 1815 causarum
1982 1774 2104 1814 esse

2205 562 2402 632 μίγμα,
2447 559 2543 612 καὶ
2566 560 2599 628 ἡ
2637 557 2870 618 σύνοδος,
2896 553 2990 606 τοῦ
3022 550 3115 605 καὶ
3140 549 3231 603 ἐπὶ
3259 547 3664 619 τοῖςὰνθρώποις
3685 565 3728 601 τι

2201 648 2360 718 εἶναι,
2382 652 2475 706 καὶ
2501 650 2689 722 εἱρμὸν
2721 647 2869 700 οὐδὲν
2897 641 3059 717 ἦττον
3085 638 3243 696 εἶναι.
3268 638 3729 711 Προσεοικὲναιγὰρ

2200 745 2380 808 αὐτὸν,
2430 743 2506 806 ὡς
2555 742 2803 810 λέγουσιν
2858 739 2908 792 οἱ
2943 734 3272 806 σοφώτεροι,
3321 732 3396 802 τῷ
3445 730 3731 802 Εὐριπιδείῳ

2201 837 2364 907 λόγῳ.
2393 833 2671 888 Τεκνῶσαι
2708 832 2807 903 μὲν
2836 832 2946 903 γὰρ
2979 827 3230 897 ἐθελῆσαι
3258 823 3346 878 τὸν
3373 823 3548 886 Λάϊον,
3573 821 3729 892 κύριον

2201 929 2341 986 εἶναι
2369 931 2461 984 τὸν
2483 928 2668 989 Λάϊον,
2691 926 2784 979 καὶ
2803 923 2977 993 τούτῳ
2993 933 3018 962 α
3049 916 3438 988 ἐκπεφευγέναι
3454 916 3547 985 τὴν
3572 915 3621 967 Ἀ
3631 914 3734 966 πολ-

2201 1022 2400 1076 λωνίαν
2445 1019 2567 1088 ὄψιν
2594 1035 2606 1047 ⁸
2640 1014 2968 1070 τεκνώσαντι
3023 1012 3066 1064 δ’
3104 1009 3254 1080 αὐτῷ
3279 1010 3482 1062 ἐπεῖναι
3523 1006 3732 1077 ἀνάγκην

2203 1115 2443 1184 ἄφυκτον
2473 1111 2575 1164 ὐπὸ
2606 1108 2697 1162 τοῦ
2729 1107 2924 1177 φύντος
2954 1103 3113 1157 αὐτὸν
3141 1101 3448 1156 ἀποθανεῖν.
3474 1097 3640 1160 Οὕτως
3659 1095 3734 1150 οὖν

2202 1207 2299 1278 τὴν
2333 1207 2422 1259 ἐπὶ
2449 1204 2526 1275 τῷ
2551 1202 2794 1274 μέλλοντι
2817 1199 3061 1268 ἀνάγκην
3085 1195 3340 1266 παρέχειν
3359 1191 3437 1263 τῷ
3465 1190 3634 1262 μάντει
3656 1189 3734 1260 τὴν

2203 1298 2295 1352 τοῦ
2328 1294 2689 1366 γενησομένου
2725 1290 3101 1364 προαίσθησιν.
3128 1284 3235 1340 Ἶίν
3263 1285 3317 1338 δέ
3343 1301 3444 1337 που
3485 1283 3572 1336 καὶ
3599 1284 3623 1334 ὀ
3653 1283 3734 1349 φὺς

2202 1394 2302 1462 τῆς
2334 1391 2468 1451 ἰδίας
2495 1386 2798 1458 βουλήσεως
2828 1383 3034 1454 κύριος,
3065 1379 3252 1451 ῶσπερ
3283 1377 3310 1429 ὁ
3342 1373 3539 1445 φύσας·
3567 1374 3648 1424 καὶ
3673 1371 3734 1436 ὡς

2205 1485 2407 1545 ἐκεῖνος
2434 1479 2525 1533 τοῦ
2550 1477 2816 1532 τεκνῶσαι
2854 1474 2944 1528 καὶ
2974 1471 3069 1544 μὴ,
3097 1470 3267 1532 οὕτως
3312 1462 3463 1528 οὗτος
3505 1464 3591 1516 τοῦ
3627 1465 3738 1517 ἀπο-

2205 1576 2408 1629 κτεῖναι
2460 1573 2554 1626 καὶ
2609 1571 2706 1641 μή.
2765 1565 2998 1620 Τοιαῦτα
3039 1564 3094 1616 δὲ
3139 1562 3291 1632 ὐμῶν
3325 1559 3393 1613 τὰ
3428 1555 3736 1628 μαντεύματα

2205 1666 2384 1719 πάντα
2403 1680 2416 1694 ⁶
2453 1665 2546 1716 καὶ
2571 1663 2598 1714 6
2637 1658 2974 1731 Εὐριπίδειος
3003 1655 3112 1728 (76)
3150 1651 3418 1705 Ἀπόλλων
3440 1648 3574 1703 τοῦτ’
3597 1648 3739 1699 ἐκεῖνα.

2204 1754 2272 1828 ἦν
2295 1757 2322 1810 ὂ
2351 1757 2556 1824 ἔλεγεν,
2588 1752 2667 1806 τό·

519 1850 834 1906 defendant.
883 1850 1092 1922 Quippe
1125 1853 1268 1907 hunc
1317 1853 1460 1908 enim
1486 1894 1502 1920 ,
1534 1863 1594 1910 ut
1635 1869 1826 1908 eorum
1863 1853 2251 1924 sapientissimi
2284 1852 2558 1915 dictitant,
2598 1863 2723 1902 cum
2779 1842 3055 1914 Euripidis
3115 1839 3428 1894 narratione
3459 1849 3737 1912 congruere.

521 1943 655 1996 Nam
690 1952 751 1996 ut
784 1941 950 1999 Laius
982 1945 1187 2014 prolem
1230 1946 1508 2016 suscipere
1551 1947 1748 2010 vellet,
1791 1947 1844 2002 id
1876 1947 2096 2018 quidem
2151 1947 2203 2001 in
2242 1945 2362 2000 Laii
2423 1950 2687 2013 potestate
2728 1940 2894 1994 situm
2947 1935 3147 1996 fuisse,
3181 1932 3327 2003 quod
3359 1941 3534 1985 tamen
3582 1928 3740 1996 Apollo

523 2054 632 2091 non
657 2039 923 2118 .vitlerit:
961 2040 1007 2093 si
1061 2056 1190 2094 vero
1218 2041 1538 2109 susciperet,
1591 2051 1706 2096 tum
1740 2041 1879 2110 ejus,
1929 2042 2023 2111 qui
2058 2050 2395 2105 nasceretur,
2432 2036 2687 2092 manilius
2726 2033 2902 2102 ipsum
2943 2026 3261 2124 inexorabili
3296 2024 3610 2124 necessitate
3645 2034 3742 2088 per-

521 2115 723 2187 iturum
767 2152 792 2196 ε,
822 2133 1004 2203 itaque
1045 2145 1219 2188 vatem
1256 2150 1324 2188 ex
1357 2133 1525 2188 futuri
1578 2135 1938 2203 necessitate,
1967 2134 2087 2204 ejus
2139 2129 2520 2204 praesentiendi
2552 2128 2659 2183 vim
2701 2141 2767 2180 ac
2811 2123 3120 2178 facultatem
3154 2118 3424 2173 hausisse.
3463 2115 3614 2184 Atqui
3651 2127 3737 2164 non

524 2227 706 2282 minus
751 2242 883 2282 sane
929 2227 1075 2284 ﬁlius
1123 2228 1418 2286 voluntatis
1468 2245 1581 2285 suae
1613 2230 1904 2294 dominus,
1941 2245 2105 2300 quam
2167 2238 2341 2300 pater,
2387 2233 2505 2281 erat
2537 2243 2551 2278 :
2615 2222 2856 2290 adeoque
2887 2229 2996 2273 tam
3034 2218 3240 2284 integra
3273 2212 3516 2284 parentis
3555 2210 3601 2265 ei
3631 2209 3741 2263 libe-

520 2333 687 2387 raque
732 2319 938 2386 caedes,
1006 2335 1170 2391 quam
1220 2322 1313 2376 ﬁlii
1367 2323 1671 2392 procreatio
1717 2324 1926 2393 parenti
1978 2322 2098 2377 fuit.
2140 2324 2317 2393 Atque
2379 2316 2695 2388 hujusmodi
2735 2322 2864 2370 sunt
2921 2310 3283 2366 divinationes
3332 2315 3520 2362 vestra:
3562 2317 3742 2358 omnes.

522 2414 632 2470 Nec
663 2417 908 2474 melioris
935 2427 1078 2473 ποίεε
1105 2417 1227 2484 fuit,
1265 2422 1407 2489 quod
1439 2420 1587 2476 hunc
1613 2420 1669 2474 in
1699 2420 1920 2475 modum
1943 2418 2266 2490 Euripideus
2289 2416 2480 2487 Apollo
2507 2411 2804 2482 respondit,

417 2557 440 2566 --
523 2530 635 2584 Tua
657 2534 824 2586 omnis
850 2534 960 2586 alto
982 2536 1233 2600 sanguine
1262 2535 1467 2589 natabit
1492 2537 1700 2589 domus.

519 2641 728 2712 Quippe
758 2645 947 2699 oculos
975 2645 1078 2699 snbi
1111 2645 1363 2701 videlicet
1397 2645 1539 2701 ﬁlius
1569 2663 1684 2702 suis
1710 2646 1825 2718 ipse
1847 2648 2100 2703 manibus

517 2734 817 2790 eﬂ‘ossurus
876 2747 1026 2804 erat,
1091 2740 1284 2807 partim
1335 2749 1704 2795 maternarum
1765 2742 2098 2810 nuptiarum,

520 2829 714 2896 partim
744 2829 862 2898 ejus
887 2846 1050 2900 quam
1081 2831 1183 2886 sibi
1213 2831 1518 2901 aeuigmatis
1557 2833 1829 2888 solutione
1860 2835 2102 2903 peperis-

519 2928 601 2972 set
629 2920 931 2990 tyrannidis
964 2920 1284 2990 iodignitate
1331 2923 1642 2978 stimulatus
1689 2941 1702 2977 :
1755 2923 1948 2978 deinde
1980 2940 2101 2978 mu-

521 3018 627 3062 tum
676 3009 970 3063 liberorum
1019 3009 1263 3079 ejusdem
1309 3011 1515 3072 caedes,
1563 3011 1634 3065 ob
1684 3010 1906 3065 alterius
1933 3025 2101 3079 regno

521 3101 661 3171 pulsi
686 3103 960 3167 exsilium,
982 3102 1206 3158 alterius
1224 3105 1480 3172 regnandi
1502 3103 1881 3172 cupiditatem,
1909 3102 2102 3157 simul-

518 3209 625 3262 que
659 3193 728 3248 ob
749 3195 955 3250 exsulis
989 3196 1205 3264 nuptias
1240 3195 1398 3265 Argis
1423 3203 1753 3261 'contractas,
1783 3203 2102 3265 septemque

519 3285 719 3339 ducum
749 3286 1104 3340 ridiculorum
1137 3287 1367 3341 classem
1402 3304 1467 3342 ac
1496 3287 1924 3351 dimicationem,
1968 3302 2102 3342 con-

521 3388 811 3433 secuturae.
847 3375 1158 3440 Enimvero,
1197 3394 1318 3432 cum
1355 3379 1408 3432 in
1462 3379 1612 3433 varia
1647 3378 1893 3449 imperia,
1923 3378 2104 3433 diver-

522 3487 719 3542 sasque
743 3473 1051 3541 provincias
1075 3472 1330 3541 disjuncti
1359 3489 1423 3527 ac
1447 3472 1604 3528 divisi
1634 3481 1835 3535 essent,
1859 3472 1953 3543 qui
1983 3480 2100 3527 tan-

521 3562 641 3616 dem
694 3564 777 3617 vel
826 3578 889 3619 ca
933 3579 1096 3618 nosse
1139 3564 1397 3634 potuisti,
1431 3564 1512 3618 vel
1552 3564 1722 3620 series
1767 3565 1858 3618 illa
1900 3580 2105 3621 nexus-

521 3669 626 3722 que
675 3669 963 3708 causarum
1019 3656 1206 3710 eatlem
1257 3658 1396 3709 inter
1446 3671 1566 3711 sese
1613 3656 1908 3728 colligare?
1965 3655 2100 3712 Nam

522 3744 567 3797 si
634 3743 875 3815 (Edipus
944 3745 1028 3800 sui
1096 3761 1312 3815 quoque
1377 3746 1518 3815 juris
1599 3762 1723 3801 cum
1794 3755 1972 3813 esset,
2027 3763 2106 3801 re-

2130 2521 2172 2575 Β
2198 2533 2307 2588 Καὶ
2331 2531 2450 2597 πᾶς
2476 2529 2585 2594 σὸς
2613 2525 2773 2592 οἶκος
2789 2524 3050 2595 ,ϐήσεται
3074 2520 3148 2574 δι’
3177 2520 3444 2588 αἵματος.

2204 2651 2325 2703 Ὅτι
2351 2648 2598 2719 πήρωσις
2627 2641 2905 2716 μενέσται
2955 2637 3267 2708 αὐτοχειρία
3311 2637 3406 2689 τοῦ
3455 2634 3634 2703 φύντος
3670 2629 3742 2682 ἐπὶ

2201 2741 2364 2812 γάμῳ
2394 2738 2618 2810 μητρὸς,
2649 2735 2744 2789 καὶ
2773 2730 3050 2804 τυραννίδι
3073 2731 3141 2802 ἢν
3170 2727 3478 2800 παρέλαϐεν
3523 2725 3601 2778 ἐπ’
3636 2721 3743 2776 alvi-

2202 2847 2408 2902 γματος
2449 2827 2600 2880 λύσει
2624 2843 2637 2855 ο
2694 2823 2899 2879 παίδων
2932 2819 2988 2873 δὲ
3018 2818 3397 2888 ἁλληλοκτόνοι
3447 2814 3640 2884 σφαγαὶ
3670 2812 3743 2863 ἐπὶ

2203 2923 2348 2991 φυγῇ
2392 2919 2489 2989 μὲν
2533 2919 2598 2970 ἐκ
2621 2915 2722 2985 τῆς
2763 2913 2937 2984 ἀρχῆς
2981 2909 3074 2963 τοῦ
3110 2909 3333 2980 ἐτέρου,
3375 2908 3470 2960 τοῦ
3499 2905 3551 2958 δὲ
3591 2904 3741 2973 ἑτέρω

2203 3007 2484 3079 πλεονεξία
2510 3009 2603 3061 καὶ
2635 3005 2798 3077 γάμῳ
2818 3003 2910 3057 τοῦ
2933 3001 3168 3072 φυγάδος
3189 3002 3246 3052 ὲν
3267 3000 3485 3070 νΑργει,
3505 2997 3593 3049 καὶ
3611 2993 3744 3079 στόλῳ

2205 3101 2524 3176 στρατηγῶν
2567 3096 2705 3150 ἑπτὰ
2739 3093 3177 3164 καταγελάστων,
3226 3091 3324 3143 κα).
3373 3087 3624 3159 συμϐολῇ.
3668 3078 3745 3176 ’θν

2203 3174 2295 3248 ἐπ).
2322 3191 2521 3254 πολλὰς
2568 3187 2742 3260 ἀρχὰς
2780 3186 2875 3240 καὶ
2919 3184 3167 3249 ἐξουσίας
3206 3179 3612 3253 διαιρουμένων,
3652 3174 3742 3237 πῶς

2204 3287 2269 3341 ἂν
2357 3303 2438 3339 σοι
2462 3280 2870 3350 ὲξεπίστασθαι,
2889 3278 2921 3350 ἢ
2940 3279 2968 3331 6
2989 3276 3177 3349 εἱρμὸς
3211 3274 3422 3328 συνδεῖν
3449 3271 3674 3360 δύναιτο)
3692 3267 3743 3360 lii

2202 3355 2400 3448 yitpnau'i
2432 3373 2545 3445 (77)
2575 3371 2762 3443 κύριος
2786 3368 2860 3421 ὢν
2895 3369 2968 3438 μὴ
3002 3363 3264 3436 ἐϐουλήθη
3289 3364 3562 3434 τυραννεῖν
3588 3361 3613 3412 6
3635 3355 3746 3410 Οἰδί-

2205 3484 2366 3530 πουςσ
2419 3465 2452 3537 ἢ
2507 3462 2662 3518 τοῦτο
2694 3459 2975 3532 βουληθεὶς
3017 3458 3112 3510 καὶ
3159 3453 3396 3526 πράξας,
3447 3454 3628 3522 γαμεῖν
3668 3448 3745 3517 τὴν

2217 3558 2492 3625 Ἰοκάστην
2522 3555 2580 3608 οὐ
2611 3551 2972 3625 προείλετοοῆ
3001 3551 3187 3621 γήμας
3207 3547 3281 3618 μὴ
3311 3545 3624 3612 ὲτετύφωτο,
3647 3537 3744 3610 μηδ’

2202 3640 2269 3715 ἦν
2302 3642 2574 3713 δύσθυμος
2600 3642 2692 3694 καὶ
2714 3640 3060 3710 δυσάρεστος,
3087 3635 3203 3699 πῶς
3231 3636 3297 3688 ἂν
3320 3635 3388 3688 τὰ
3417 3633 3536 3687 καθ’
3575 3632 3742 3684 ἕκαστα

2205 3732 2452 3804 ἐπράχθη
2477 3750 2489 3799 ;
2521 3731 2638 3796 πῶς
2672 3731 2715 3784 δ’
2738 3731 2803 3784 ἂν
2824 3730 2931 3783 τῶν
2955 3726 3246 3798 ὀφθαλμῶν
3269 3725 3476 3795 ﬁxi/ato;
3511 3721 3616 3784 πῶς
3634 3719 3672 3772 δ’
3693 3717 3744 3771 ἂν
3786 3750 3793 3756 ς

523 3849 688 3905 gnum
716 3847 984 3904 occupare
1018 3835 1314 3898 noluisset;
1364 3845 1458 3890 aut
1505 3836 1548 3890 si
1589 3836 1850 3892 voluisset
1883 3837 2100 3907 quidem

2205 3830 2317 3890 τοῖς
2366 3827 2550 3878 παισὶν
2601 3823 2918 3894 ἐπηράσατο
2947 3820 3042 3892 τὴν
3092 3819 3384 3890 Εὐριπίδου
3420 3817 3510 3870 καὶ
3558 3814 3644 3884 τὴν
3667 3809 3743 3880 σὴν

2301 3919 2308 3921 .
2458 3918 2466 3921 .
2592 3915 2666 3921 -..Α
2814 3914 2823 3921 .
3007 3912 3018 3921 ι
3110 3910 3130 3921 -ι
3276 3910 3288 3921 ι
3426 3912 3438 3921 ι
3560 3906 3571 3920 ο
3687 3901 3738 3921 ..ι

523 3946 588 3985 ac
637 3931 800 3986 simul
838 3941 1193 4003 occupasset,
1249 3933 1390 3987 idem
1435 3944 1614 3989 tamen
1646 3933 1923 3992 Joeastam
1976 3953 2108 3990 uxo-

525 4037 637 4074 rem
715 4037 822 4076 non
882 4034 1156 4093 optasset;
1192 4033 1286 4078 aut
1336 4025 1380 4079 si
1426 4040 1489 4079 ea
1534 4026 1758 4095 insuper
1806 4042 1976 4081 uxore
2002 4027 2106 4080 du-

522 4122 648 4176 cta,
710 4128 1050 4183 nequaquam
1117 4127 1293 4170 tamen
1355 4117 1690 4186 {egritudinis
1738 4118 2108 4188 molestiaeque

527 4205 576 4257 vi
623 4215 776 4259 actus
816 4205 868 4259 in
907 4205 1144 4260 furorem
1182 4216 1345 4277 atque
1393 4208 1662 4262 insaniam
1711 4207 1935 4274 fuisset;
1970 4225 2106 4279 quo-

527 4298 690 4352 modo
725 4299 932 4369 reliqua
958 4301 1211 4370 deinceps
1237 4311 1528 4356 consecuta
1571 4302 1790 4356 essent?
1830 4305 2106 4373 quomodo

603 4466 628 4497 α
657 4455 743 4508 ῖσ.
774 4454 952 4509 τοῦτο.

597 4611 707 4682 (76)
742 4613 852 4666 Καὶ
888 4616 920 4684 d
956 4613 1351 4684 Εὐριπίδειος.
1389 4615 1637 4684 Trajecta
1684 4617 1929 4672 nonnihil
1980 4633 2105 4672 ora-

529 4684 639 4752 tio;
682 4683 984 4752 simplicior
1026 4683 1206 4738 futura
1228 4727 1242 4744 .
1292 4687 1335 4740 si
1371 4683 1593 4746 diceret.
1629 4688 1722 4740 καὶ
1753 4688 1894 4741 τοῦτ’
1929 4690 2105 4743 ἐκεῖνο

523 4749 610 4822 ἦν,
665 4752 693 4805 ὃ
741 4749 924 4826 ἔλεγεν
970 4753 998 4805 6
1032 4753 1374 4826 Εὐριπίδειος
1431 4757 1722 4810 Ἀπόλλων.
1776 4757 1879 4813 Sed
1915 4759 2102 4814 istlwec

525 4833 725 4897 amant
764 4825 964 4897 Attici,
1017 4825 1268 4897 ac_'_saepe
1312 4841 1434 4880 cum
1473 4828 1658 4897 aliquo
1702 4829 2102 4897 perspicuitatis

525 4893 787 4965 periculo.
820 4895 1141 4962 Cujusmodi
1182 4893 1309 4949 sunt
1353 4899 1494 4965 apud
1543 4893 1843 4951 Aristidem
1867 4899 2103 4954 maxime

525 4964 950 5037 quamplurima,
997 4980 1117 5037 qua:
1151 4965 1205 5018 in
1250 4964 1496 5037 errorem
1537 4968 1829 5037 aliquando
1859 4970 2103 5024 solertis-

525 5035 696 5110 simos
728 5034 1050 5110 interpretes
1079 5035 1430 5110 induxerunt.
1457 5036 1584 5092 Tale
1612 5034 1714 5102 est,
1739 5038 1884 5110 φέρε
1906 5042 2100 5104 εἰπεῖν,

526 5104 652 5186 illud
697 5119 760 5188 e‘x
804 5103 1202 5188 Pa‘nfzt/lena‘ico
1238 5121 1255 5159 :
1295 5107 1556 5188 Ἔπειτα,
1605 5111 1652 5160 εἰ
1698 5103 1938 5188 μὲνμῂ,
1976 5103 2102 5188 πρλὲ

525 5173 631 5250 λῶν
665 5175 758 5250 καὶ
781 5175 1006 5250 ῌκαλῶν,
1034 5176 1137 5250 ’καὶ
1173 5177 1423 5250 μεγάλων
1463 5177 1629 5250 ὄντων
1673 5173 1932 5250 οὐμενοῦν
1978 5179 2101 5232 οὐτε

525 5243 908 5320 ἀπαριθμῆσαι
957 5243 1188 5320 ῥᾳδίων,
1223 5243 1648 5320 οὕτεμετρῆσαι
1685 5243 1956 5312 δυ’νατῶν,
2001 5251 2106 5304 τῶν

526 5319 604 5394 εἰς
630 5315 900 5402 τοσοῦτον,
1053 5318 1207 5402 πέλιν
1241 5315 1511 5402 ῄρκόῖεωνς,
1539 5315 1597 5373 ἓν
1630 5339 1688 5402 τε
1715 5321 1806 5373 καὶ
1834 5320 2012 5383 τοῦτο,
2047 5321 2107 5374 τὸ

527 5384 646 5478 τῶεέ
666 5385 839 5470 λόγων
960 5383 1222 5478 liquidos);
1241 5383 1340 5441 οὐκ
1391 5389 1455 5444 ἂν
1491 5391 1618 5478 ἴσως
1662 5391 1899 5478 ἥρμοττε
1935 5408 2108 5478 παρα-

527 5408 634 5436 των
668 5408 839 5452 Λογων
872 5408 939 5460 ην
985 5408 1206 5454 αγαυον,
1241 5408 1340 5441 ουκ
1391 5408 1455 5444 αν
1492 5408 1618 5454 ισως
1662 5408 1899 5478 ηρμοττε
1935 5409 2010 5444 πα
2052 5409 2106 5445 α-

527 5455 1035 5532 κινδυνεύεινλ-ἀλγ
1071 5461 1346 5532 ἐᾷν-ὂπως
1391 5461 1506 5512 ποτ’
1549 5457 1660 5532 εἶχε
1705 5479 1772 5514 τα
1818 5461 1916 5530 τῆς
1947 5408 2106 5532 δόξης

526 5525 690 5594 αὐτῇ.
724 5525 848 5581 Hace
875 5525 1141 5584 Canteru's
1176 5530 1250 5582 ita
1286 5532 1460 5584 reddit
1494 5550 1505 5584 :
1535 5525 1746 5596 Deinde,
1779 5533 1825 5584 si
1871 5525 1961 5584 nec
1990 5525 2105 5586 me-

530 5612 671 5664 gna.
707 5612 797 5648 nec
839 5598 1005 5651 multa
1052 5611 1252 5666 essent,
1285 5601 1542 5672 facileque
1587 5603 1681 5655 sub
1733 5617 2006 5672 numerum
2054 5609 2103 5653 ρι

534 5681 840 5744 mensuram
863 5672 1104 5744 caderent
1142 5687 1223 5729 en,
1258 5688 1374 5739 qua:
1405 5671 1607 5724 tantum
1631 5673 1785 5725 decus
1810 5671 2101 5744 attulerunt

535 5738 771 5794 ririzali:
825 5738 877 5787 in
932 5739 1097 5808 iisque
1147 5738 1550 5795 numerarentur
1599 5744 1757 5795 etiam
1814 5742 2096 5806 orationes,

537 5821 636 5859 ttun
690 5821 817 5860 εδδ-ιιι
868 5812 1002 5878 quod
1053 5813 1307 5863 audacius
1349 5811 1786 5881 periclitaremur,
1835 5825 1920 5866 aut
1957 5812 2095 5866 urbis

2210 3919 2379 3990 ἀράν;
2407 3918 2476 3970 τά
2495 3934 2554 3968 τε
2586 3915 2711 3986 ἑξῆς
2737 3914 2937 3966 τούτων
2968 3912 3086 3964 τίνα
3107 3910 3170 3964 ἂν
3195 3910 3396 3983 τρόπον
3423 3906 3662 3977 ἐγεγόνει,
3684 3901 3740 3973 μὲ

2211 4007 2490 4080 προτέρων
2520 4004 2706 4059 αἰτιῶν
2738 4003 3072 4074 γιγνομὲνων
3094 4017 3107 4064 ;
3133 4001 3165 4070 ἢ
3193 4001 3256 4052 σὺ
3286 3999 3342 4052 τί
3369 4000 3496 4070 περ).
3519 3996 3614 4049 τῶν
3641 3991 3742 4064 μελ-

2209 4100 2406 4153 λόντων
2440 4099 2619 4166 λέγειν
2648 4097 2910 4166 ὴδύνασο;
2949 4093 3116 4148 Πάλιν
3140 4093 3182 4144 δ’
3210 4088 3300 4155 αὖ,
3331 4093 3380 4143 εἰ
3412 4089 3686 4162 συμῦἁντες
3702 4083 3740 4135 οε

2209 4189 2394 4251 παῖδες
2428 4187 2544 4257 ἅμα
2565 4185 2903 4238 ὲὸασίλευον·
2939 4185 2972 4256 ἦ
3008 4186 3054 4236 εἰ
3082 4181 3398 4252 συνθέμενοι
3445 4179 3585 4250 παρὰ
3610 4176 3742 4248 μέρος

2208 4281 2399 4351 ἔμενον
2434 4281 2526 4333 ἐπὶ
2554 4283 2663 4341 τοῖς
2699 4277 3074 4349 συγκειμένοις
3094 4293 3109 4307 ·
3139 4276 3171 4348 ἢ
3207 4277 3254 4329 εἰ
3278 4276 3306 4328 6
3335 4273 3613 4336 ἀπελαθεὶς
3629 4270 3741 4339 ἔγνω

2208 4624 2390 4677 laudes
2426 4633 2794 4674 tractaremus.
2825 4620 2957 4686 Qua:
2997 4635 3212 4690 vereor,
3250 4637 3318 4674 ne
3349 4620 3504 4690 plane
3541 4617 3636 4690 sint
3663 4628 3740 4690 att-

2207 4695 2372 4749 eturis
2425 4693 2590 4746 menti
2645 4679 2938 4746 contraria.
2981 4679 3311 4746 OlTensionis
3349 4679 3537 4753 causa,
3575 4687 3629 4740 τὸ
3651 4679 3738 4754 μή.

2205 4765 2349 4833 quod
2402 4764 2490 4817 ille
2542 4778 2664 4816 cum
2725 4761 2935 4814 πολλῶν
2982 4761 3150 4813 ὄντων
3204 4763 3500 4833 contexuit,
3527 4773 3661 4833 cum,
3691 4763 3739 4833 ut

2205 4829 2478 4906 existimo,
2513 4834 2578 4886 all
2613 4833 2670 4885 ἓν
2704 4849 2755 4906 τι
2788 4833 2932 4901 quod
2976 4833 3242 4906 sequitur,
3289 4831 3476 4884 referri
3509 4829 3735 4906 debuerit.

2203 4904 2302 4966 lta,
2335 4895 2479 4972 quod
2529 4895 2834 4970 negandum
2881 4895 3068 4965 esset,-
3093 4903 3420 4967 allirmatur;
3462 4895 3737 4972 quadamt-

2205 4969 2463 5028 mandum
2503 4969 2748 5039 negatur.
2784 4972 3042 5039 Equidem
3092 4973 3167 5024 ita
3199 4973 3380 5025 malim
3409 4988 3422 5023 :
3458 4969 3656 5039 Deinde,
3676 4969 3735 5017 si-

2204 5047 2416 5116 quidem
2465 5044 2518 5097 in
2569 5037 2774 5116 multis,
2817 5037 2984 5111 iisque
3025 5043 3323 5116 praeclaris,
3367 5054 3417 5116 et
3462 5038 3734 5116 ingentibus,

2204 5113 2419 5186 quisque
2456 5131 2543 5168 nec
2577 5113 2736 5180 facile
2768 5113 3035 5186 numerari
3054 5154 3069 5176 ,
3094 5129 3185 5186 nec
3217 5131 3311 5182 pro
3341 5114 3589 5186 dignitate
3613 5113 3736 5186 testi-

2209 5179 2344 5238 inuri
2381 5179 2602 5254 possint,
2642 5201 2857 5257 qumque
2896 5183 3075 5257 urbem
3107 5185 3173 5235 ad
3217 5179 3345 5257 eam
3376 5179 3734 5257 (niiplitudinem

2211 5250 2586 5325 provenerunt;
2633 5250 2728 5307 lioc
2772 5250 2938 5307 etiam
2983 5254 3291 5322 eloquentia:
3329 5251 3515 5305 bonum
3559 5250 3735 5303 minime

2211 5338 2505 5380 censeretur
2534 5341 2551 5378 :
2585 5325 2870 5377 absurdum
2903 5325 3146 5391 fortassis
3183 5333 3345 5384 esset.
3382 5334 3564 5376 temere
3597 5327 3734 5391 certa:

2211 5399 2368 5450 minis
2396 5397 2560 5469 hujus
2592 5395 2762 5447 aleam
2789 5384 2984 5469 subire,
3029 5395 3494 5469 sat_iusque__forel,
3539 5404 3643 5469 qua:
3678 5384 3731 5469 ad

2208 5469 2373 5536 ipsius
2439 5468 2646 5519 laudem
2697 5466 2979 5534 pertinent,
3029 5465 3342 5517 cuicuimodi
3391 5468 3512 5527 sint,
3566 5465 3732 5513 intacta

2209 5538 2516 5608 relinquere.
2590 5606 2598 5608 Α
2726 5601 2753 5608 _
2817 5603 2840 5608 ᾼ
2896 5603 2941 5608 __
3024 5605 3036 5608 _
3127 5606 3134 5608 ξ
3221 5605 3229 5608 ,
3377 5604 3388 5608 _
3465 5602 3523 5608 _-
3592 5599 3621 5608 ..
3718 5591 3726 5608 ς

2281 5600 2390 5682 (77)
2441 5608 2510 5682 lii
2541 5606 2648 5676 γὰρ
2677 5601 2775 5660 αὖ.
2806 5603 2943 5682 Quid
2993 5605 3038 5658 si
3078 5606 3139 5682 si
3173 5605 3279 5676 γὰρ
3328 5600 3728 5682 αὐτρύἳιοὶὶοιμξι

2209 5675 2596 5748 οιιὶηικύριος,
2652 5692 2758 5729 non
2809 5679 2888 5748 sui
2949 5678 3143 5748 magis.
3193 5675 3350 5746 quam
3398 5675 3728 5737 alterius,p0-

2209 5759 2407 5803 tentem
2437 5745 2501 5801 ad
2532 5750 2808 5803 dominum
2846 5745 3132 5816 signiﬁcat.
