3978 6388
205 344 288 400 ιιι

1338 331 1664 388 ΡΒᾹΞΡΑΒ.
1707 328 1957 386 EVANG.
2002 328 2132 384 LIB.
2171 327 2260 385 Vl.

3336 327 3445 383 450

205 453 466 527 Θαυμάζειν
494 451 741 518 ἔπεισιν,
766 452 814 505 εί
864 449 1093 505 τοιαῦτα
1130 449 1302 518 λέγων
1351 450 1451 502 ούκ
1493 448 1756 520 ᾐσθάνετο

1865 444 2302 514 συγκεκλῶσθαι,
2351 441 2498 513 quod
2535 457 2645 497 uno
2690 441 2856 496 veluti
2902 455 3292 510 commumque
3335 453 3447 497 sta.

198 556 275 623 τῆς
303 544 686 620 ματαιολογίας
740 545 840 615 τῆς
887 543 1103 598 ἑαυτοῦ.
1146 545 1326 596 Ἔστω
1385 543 1492 615 γὰρ
1525 541 1752 606 ταύταις

195 649 289 707 ταῖς
312 640 530 701 ἐννοίαις
559 637 948 708 κεχρημένους
971 637 1098 700 τοὺς
1138 634 1475 706 ἀνθρώπους,
1505 634 1626 688 καθ’
1660 633 1754 698 οὓς

192 738 321 798 αὑτὴ
352 729 704 801 ἐτυμολογεῖ,
730 730 797 783 τά
842 729 1081 799 ὀνόματα
1138 726 1410 781 τεθεῖσθαι
1463 725 1530 778 τά
1575 725 1756 779 ἐκκεί-

192 844 319 899 ana,
350 822 686 886 δοξάζοντας
717 821 785 873 τὸ.
830 820 1006 873 πάντα
1053 819 1434 890 κατειληφέναι
1479 815 1753 888 εἱμαρμέ-

187 939 282 988 νην,
314 917 399 970 καὶ
423 913 811 983 ἀμεταθέτους
851 908 988 964 εἶναι
1016 910 1113 974 τὰς
1139 911 1199 975 ἐξ
1240 910 1433 973 αἰῶνος
1463 925 1756 980 προκατει-

186 1007 433 1080 λημμένας
465 1005 587 1075 (90)
650 1006 712 1057 ἐν
748 1005 876 1056 πᾶσι
909 1005 1020 1065 τοῖς
1073 997 1192 1055 οὖσί
1223 1017 1282 1052 τε
1327 1000 1420 1053 καὶ
1451 998 1756 1069 γινομένοις

184 1101 362 1160 αἰτίοις.
393 1095 456 1148 Τί
490 1090 593 1147 οὖν
636 1093 970 1155 ἀκολουθεῖς,
1003 1086 1047 1145 ὦ
1069 1091 1381 1162 Χρύσιππε,
1403 1090 1604 1152 πάσαις
1634 1091 1756 1151 ταῖς

183 1193 268 1245 τῶν
294 1188 600 1260 ἀνθρώπων
634 1188 848 1252 δόξαιςς
881 1187 974 1240 καὶ
1007 1184 1230 1255 οὐδεμία
1253 1201 1333 1236 σοι
1364 1183 1492 1254 περὶ
1544 1181 1755 1244 οὐδενὸς

185 1286 396 1354 gain-.1:
425 1279 845 1349 διεψευσμένη;
914 1276 1073 1329 Ἀλλά
1111 1275 1311 1338 πάντες
1366 1277 1466 1345 τῆς
1498 1272 1755 1342 ἀληθείας

181 1370 265 1423 dat
321 1366 696 1436 θεωρητικοίς
734 1367 857 1428 Πῶς
907 1361 998 1418 οὖν
1049 1364 1238 1417 οὐδένα
1289 1363 1393 1435 φῂς
1448 1362 1752 1434 ἄνθρωπον,

180 1462 224 1525 3,;
245 1459 354 1529 οὐχὶ
392 1457 702 1528 μαίνεσθαί
739 1475 819 1510 σοι
841 1457 987 1509 δοκεῖ
1011 1456 1128 1509 κατ’
1166 1455 1276 1507 ἴσον
1319 1454 1548 1526 Ὀρέστῃ
1579 1471 1636 1506 τε
1665 1454 1756 1507 καὶ

189 1552 520 1622 Ἀλκμαίωνι,
551 1550 704 1621 ¹πλὴν
744 1549 836 1604 τοῦ
868 1549 1068 1617 σοφοῦ;
1117 1548 1213 1601 ’ἐνα
1275 1546 1332 1600 δὲ
1363 1547 1394 1618 ἢ
1438 1546 1530 1599 δύο
1564 1546 1757 1617 μόνους

181 1651 265 1718 φῂς
295 1648 489 1714 σοφοὺς
511 1647 831 1714 γεγονέναι,
871 1647 997 1709 τοὺς
1048 1645 1104 1698 δὲ
1136 1645 1328 1708 ἄλλους
1347 1643 1413 1696 δι’
1445 1642 1756 1714 ἀφροσύνην

183 1742 350 1809 ἐπίσης
379 1742 493 1802 τοῖς
528 1739 964 1812 προειρημένοις
1001 1738 1335 1810 μεμηνέναι;
1369 1737 1494 1801 Πῶς
1521 1737 1578 1790 δὲ
1624 1737 1755 1790 ἀνα-

182 1831 440 1895 σκευάζεις
468 1831 668 1886 αὐτῶν
702 1831 801 1895 τὰς
823 1831 979 1898 δόξας
999 1830 1214 1894 ἐκείνας
1249 1829 1325 1894 ὡς
1375 1827 1758 1901 διημαρτημές

183 1943 278 1987 νας,
308 1919 416 1976 οἷον
451 1923 557 1987 τὰς
587 1925 724 1994 περὶ
754 1923 1006 1986 πλούτου,
1040 1925 1132 1976 καὶ
1186 1922 1364 1994 δόξης,
1401 1922 1495 1976 καὶ
1553 1938 1754 1994 τυραν-

181 2016 316 2078 νίδος,
347 2015 590 2068 καθόλου
628 2035 692 2069 τε
739 2015 955 2087 ἡδονῆς,
992 2017 1134 2088 ειπερ
1168 2016 1348 2085 ἀγαθά
1408 2015 1755 2086 νενομίκασιν

184 2108 506 2170 οίπλεῖστοιζ
536 2107 674 2171 Πῶς
701 2107 758 2160 δὲ
780 2108 907 2172 τοὺς
958 2108 1241 2178 κειμένους
1287 2108 1485 2178 νόμους
1515 2108 1759 2179 ἡμαρτῆ-

183 2200 284 2252 σθαι
300 2201 401 2270 φῂς
437 2200 723 2264 ἅπαντας,
748 2201 840 2253 καὶ
869 2201 968 2263 τὰς
1014 2199 1282 2263 πολιτείας
1304 2216 1318 2266 ;
1371 2199 1402 2271 ἢ
1429 2199 1516 2252 διὰ
1537 2199 1588 2252 τί
1614 2199 1756 2270 πλῆ-

189 2291 262 2353 θος
280 2291 555 2344 τοσούτων
617 2291 840 2360 βιϐλίων
894 2290 1256 2361 συνέγραψας,
1287 2293 1335 2344 εί
1370 2291 1495 2362 περὶ
1532 2290 1756 2361 μηδενὸς

186 2381 307 2456 εἶχον
331 2389 377 2439 οἱ
411 2387 710 2458 ἄνθρωποι
742 2385 899 2453 δόξας
951 2387 1438 2459 διημαρτημέναςς
1495 2388 1570 2440 Οὐ
1623 2388 1754 2459 γὰρ,

189 2480 293 2531 ὅταν
317 2479 410 2549 μὲν
444 2480 636 2534 ταύτά
669 2497 752 2532 σοι
783 2480 1300 2553 δοξάζωσινλόρθῶς
1323 2473 1537 2553 φρονεῖν
1561 2481 1758 2544 αὐτοὺς

189 2571 425 2638 φήσομεν,
449 2570 593 2624 ὅταν
649 2571 707 2624 δὲ
738 2571 993 2643 διάφορα,
1035 2571 1339 2642 μαίνεσθαι.
1388 2572 1609 2643 Πρῶτον
1659 2572 1757 2643 μὲν

190 2662 276 2732 γὰρ
298 2661 411 2714 οὐδὲ
446 2664 514 2716 σὺ
547 2665 664 2735 φῂς
697 2665 860 2734 σοφὸν
893 2659 1032 2718 εἶναι
1062 2664 1306 2728 σεαυτὸν,
1352 2665 1548 2736 μήτιγε
1574 2665 1753 2735 ἡμεῖς,

191 2755 261 2808 ἵνα
285 2757 572 2828 κριτήριον
629 2757 910 2828 ποιώμεθα
941 2757 1035 2810 τοῦ
1062 2757 1243 2821 καλῶς
1295 2775 1426 2810 ποτε
1474 2757 1582 2826 (91)
1618 2756 1757 2809 ἐκεί-

189 2864 288 2910 νους
318 2852 564 2920 φρονεῖν,
601 2849 680 2920 τῷ
709 2851 783 2921 μὴ
813 2852 879 2920 τῇ
907 2852 971 2920 σῇ
996 2849 1122 2922 δόξῃ
1145 2849 1488 2921 συνδραμεῖν
1520 2849 1686 2902 ἔπειτ’
1707 2849 1754 2901 εί

191 2937 438 2992 καὶτοῦτο
461 2935 532 3011 ἦν
567 2941 789 3011 ἀληθὲς,
825 2942 876 2995 τί
916 2941 1094 3010 λέγειν
1123 2943 1290 3013 ἐχρῆν
1318 2941 1601 3012 μαίνεσθαι
1624 2942 1758 2994 πάν-

190 3045 269 3093 τας
297 3031 510 3104 ἐπίσης,
559 3034 661 3087 καὶ
688 3035 827 3104 οὐχὶ,
864 3033 1001 3088 καθὸ
1047 3036 1142 3105 μὲν
1170 3036 1450 3104 ἐφαίνοντο
1475 3035 1645 3088 ταύτά
1677 3051 1757 3087 σοι

191 3121 500 3188 δοξάζοντες,
531 3126 685 3179 κατὰ
714 3126 870 3180 τοῦτο
919 3127 1116 3191 αὐτοὺς
1169 3129 1432 3191 ἐπαινεῖν,
1465 3127 1540 3190 ὡς
1595 3126 1756 3198 ὀρθοῦ

191 3229 310 3277 τινος
338 3216 536 3288 ὲπειλη
554 3218 809 3288 μμένους·
845 3217 980 3271 καθὸ
1037 3217 1094 3271 δὲ
1146 3217 1462 3286 διεφώνουν,
1507 3217 1756 3290 ἁμαρτά-

195 3307 498 3371 νειναύτοὺς
573 3308 1012 3380 ύπολαμϐάνειν;
1062 3309 1381 3380 Μαρτύριον
1440 3309 1621 3380 μέντοι
1659 3312 1758 3379 τῆς

197 3396 421 3466 ἀληθείας
456 3400 652 3454 ἱκανὸν
683 3402 930 3471 ἡγεῖσθαι
954 3401 1014 3454 τὸ
1033 3401 1222 3456 δοκοῦν
1244 3400 1491 3464 ἐκείνοις·
1525 3400 1643 3453 οὐδὲ
1671 3400 1760 3453 οὖ-

199 3503 286 3550 τως
301 3491 460 3561 ἐχρῆν
486 3492 658 3561 φύσει
680 3492 812 3562 (92),
849 3494 944 3547 καὶ
987 3493 1058 3564 μὴ
1090 3491 1665 3565 μαίνεσθαι,καθάπερ
1694 3493 1757 3545 σὺ

197 3576 299 3640 οἴει,
325 3581 456 3636 ἀλλά
487 3582 633 3636 πολύ
659 3599 721 3651 γε
769 3583 1136 3653 ἀφεστηκέναι
1184 3584 1376 3653 σοφίας
1420 3585 1526 3648 πᾶς
1580 3584 1644 3637 ἄν
1676 3601 1760 3647 τις

200 3670 547 3742 ὁμολογήσειε.
616 3675 843 3739 Γελοίως
875 3672 967 3729 οὖν
1030 3677 1226 3730 καὶσὺ
1291 3678 1470 3749 χρήσῃ
1523 3678 1758 3747 μάρτυσι

199 3761 378 3828 τούτοις
401 3766 490 3820 διὰ
523 3769 628 3836 τῆς
657 3766 855 3830 θέσεως
907 3767 1012 3820 τῶν
1037 3767 1339 3844 ὀνομάτων,
1377 3764 1472 3830 οὒς
1522 3765 1670 3819 οὐδὲν
1693 3765 1759 3820 ἂν

205 3856 318 3909 κατά
339 3874 398 3924 γε
451 3858 675 3912 σύνεσιν
725 3859 950 3913 σεαυτοῦ
1001 3861 1204 3930 φήσαις
1245 3859 1540 3930 διαφέρειν
1583 3858 1631 3909 εί
1684 3858 1758 3929 μὴ

205 3945 292 4013 ἄρα
311 3947 430 4011 τοὺς
459 3948 526 4013 ἐξ
584 3949 758 4021 ἀρχῆς
791 3951 1049 4021 θεμένους
1101 3950 1274 4005 ταῦτα
1301 3949 1371 4003 τὰ
1395 3950 1636 4022 ὀνόματα
1675 3966 1762 4002 σο-

207 4040 314 4104 φοὺς
335 4035 471 4095 εἶναι
504 4042 876 4114 συμϐέϐηκεν,
905 4043 1042 4115 ὅπερ
1063 4043 1312 4114 οὐδαμῶς
1335 4043 1505 4110 δεῖξαι
1530 4042 1755 4113 δυνήσῃ.

214 4127 349 4184 Ἀλλά
371 4133 481 4205 γὰρ
509 4133 743 4188 δεδόσθω
766 4151 846 4188 σοι
865 4133 1010 4187 τοῦθ’
1031 4135 1202 4198 οὕτως
1229 4134 1392 4206 ἔχειν,
1415 4135 1508 4188 καὶ
1550 4132 1619 4186 τὰ
1643 4133 1761 4186 ὀνό-

210 4239 327 4290 ματα
349 4227 538 4280 ἐκεῖνα
561 4226 803 4280 τίθεσθαι
829 4268 844 4291 ,
894 4228 970 4292 ὡς
996 4230 1060 4282 σὺ
1127 4228 1326 4299 βούλει,
1356 4227 1455 4290 τὰς
1485 4225 1760 4298 σημασίας

207 4315 387 4384 έχοντα.
416 4321 521 4374 καὶ
549 4320 622 4392 μὴ
645 4321 786 4374 κατά
817 4320 973 4388 δόξας
1000 4321 1215 4392 ψευδεῖς
1248 4321 1311 4375 τὸ
1335 4320 1570 4375 τοιοῦτον
1598 4334 1758 4388 γεγο-

207 4408 346 4466 νέναι.
377 4414 488 4467 Ποῦ
540 4415 718 4467 τοίνυν
766 4414 831 4468 δι’
861 4412 1040 4467 αὐτῶν
1089 4415 1411 4485 σημαίνεται
1467 4411 1535 4466 τὰ
1581 4412 1761 4465 πάντα

1857 540 2005 592 mine
2029 538 2189 592 ducta
2209 551 2564 604 connexaque
2581 534 2765 589 omnia
2792 533 2922 598 sint,
2941 544 2993 587 et
3019 549 3187 588 unum
3212 534 3446 604 aliquem

1858 632 2140 702 proprium
2169 647 2233 684 ac
2255 629 2589 699 singularem
2625 643 2849 682 cursum
2880 637 2933 682 et
2956 627 3162 681 exitum
3190 627 3444 682 habeam.

1856 723 2035 792 Atque
2067 723 2150 776 his
2175 721 2555 790 similibusque
2580 721 2740 790 nugis
2761 759 2776 782 ,
2799 735 2919 773 eam
2945 735 3003 773 se
3031 718 3124 773 fati
3150 718 3450 774 necessita-

1858 823 1992 878 tem,
2020 829 2142 882 quae
2168 815 2329 868 rebus
2354 813 2613 866 omnibus
2636 813 2970 871 dominetur.
3017 811 3320 868 confecisse
3347 827 3450 880 pu-

1857 913 1953 959 tat.
2002 905 2130 958 Mihi
2158 921 2286 960 vero
2309 905 2468 975 plane
2496 906 2682 959 mirari
2709 904 2873 976 264
2897 906 3063 970 subit,
3091 906 3450 976 quemadmo-

1857 997 1986 1051 dum
2017 997 2154 1068 ipse,
2208 997 2338 1051 dum
2365 997 2464 1050 ista
2491 997 2716 1062 diceret,
2763 1012 2926 1066 quam
2966 997 3148 1051 inania
3173 1012 3450 1067 quamque

1857 1088 2052 1144 frivola
2077 1090 2304 1156 diceret,
2336 1105 2443 1144 non
2469 1091 2721 1145 senserit.
2770 1089 2898 1144 Esto
2924 1091 3067 1144 cnim
3092 1131 3107 1156 ,
3136 1091 3326 1146 demus
3352 1107 3449 1146 eos

1857 1189 1996 1247 tum,
2043 1196 2183 1252 quos
2215 1182 2271 1234 in
2296 1182 2977 1236 eruendis'notationibus
3022 1183 3131 1238 illis
3174 1185 3446 1253 sequitur,

1857 1271 2144 1327 hominum
2194 1288 2390 1328 sensus
2434 1283 2488 1327 et
2532 1272 2890 1343 cogitationes
2916 1273 3104 1341 fuisse,
3151 1291 3274 1330 cum
3301 1276 3448 1345 ejus-

1857 1365 2005 1418 modi
2033 1364 2350 1419 nominibus
2375 1373 2656 1419 uterentur
2676 1407 2690 1430 ,
2738 1365 2880 1433 quod
2908 1364 3018 1418 fato
3045 1368 3214 1420 teneri
3240 1369 3446 1434 omnia,

1857 1465 1909 1510 et
1933 1455 2302 1510 immutabiles
2329 1471 2395 1510 ex
2421 1455 2569 1509 omni
2594 1470 2708 1509 aevo
2736 1471 2914 1509 rerum
2941 1472 3129 1510 earum
3155 1499 3170 1523 ,
3219 1474 3450 1528 quaeque

1858 1557 2005 1613 sunt,
2051 1563 2284 1618 quaeque
2326 1546 2484 1612 ﬁunt,
2533 1547 2741 1616 positas
2788 1554 2913 1601 ante
2953 1562 3018 1602 ac
3039 1548 3292 1604 deﬁnitas
3327 1565 3448 1606 esse

1857 1655 2052 1694 causas
2103 1647 2376 1708 putarent.
2427 1637 2702 1705 Quorsum
2729 1653 2878 1709 ergo,
2905 1639 3227 1711 Chrysippe,
3253 1657 3444 1697 omnes

1863 1731 1957 1785 tibi
1987 1731 2269 1786 hominum
2296 1723 2584 1801 opiniones
2609 1731 2910 1801 probantur
2931 1732 2954 1785 ?
2975 1748 3074 1786 cur
3096 1733 3230 1788 falsa
3257 1736 3364 1788 ullo
3391 1738 3443 1789 in

1788 1821 1830 1879 Β
1859 1838 2054 1892 genere
2100 1823 2313 1878 videtur
2361 1824 2556 1877 nulla?
2598 1823 2736 1878 Num
2786 1837 2973 1876 verum
3013 1824 3297 1880 arbitraris
3334 1842 3444 1880 non

1857 1916 2138 1986 pervidere
2168 1917 2478 1972 neminem?
2499 1917 2611 1970 Cur
2635 1932 2784 1986 ergo,
2811 1928 3006 1988 praster
3029 1934 3198 1972 unum
3227 1920 3444 1988 sapien-

1858 2016 1990 2075 tem,
2038 2011 2352 2063 mortalium
2400 2009 2676 2064 neminem
2723 2025 2833 2064 non
2870 2011 3094 2081 perinde
3117 2020 3176 2065 ut
3199 2010 3448 2065 Orestem

1859 2109 1950 2155 aut
1975 2101 2340 2157 Alcmaeonem
2389 2101 2571 2156 furere
2617 2102 2934 2158 existimas?
2975 2102 3276 2172 sapientem
3315 2119 3447 2157 vero

1857 2205 1966 2245 non
1993 2192 2094 2247 nisi
2116 2208 2282 2246 unum
2302 2201 2394 2246 aut
2411 2192 2642 2246 alterum
2661 2192 3205 2264 exstitisse,reliquos
3230 2208 3444 2257 omnes,

1857 2298 1968 2337 non
1993 2284 2200 2338 minore
2223 2299 2388 2353 quam
2410 2283 2602 2337 ambos
2630 2283 2753 2338 illos
2776 2283 2990 2339 insania
3017 2285 3281 2352 tenerigac
3305 2285 3449 2340 labo-

1858 2390 1981 2430 rare
2022 2375 2142 2430 vis?
2193 2373 2428 2440 Deinde,
2479 2374 2942 2444 quemadmodum
2990 2375 3277 2445 Opiniones
3325 2376 3448 2431 illas

1859 2476 2116 2537 tanquam
2162 2465 2330 2522 falsas
2376 2466 2598 2530 evertis,
2643 2481 2782 2536 quas
2806 2467 2872 2520 de
2895 2467 3112 2536 Opibus,
3148 2468 3213 2521 de
3252 2467 3446 2538 gloria,

1857 2561 1923 2616 de
1948 2560 2201 2630 imperio,
2249 2561 2427 2630 deque
2471 2559 2620 2612 omni
2655 2559 2951 2628 voluptatis
2982 2575 3179 2630 genere
3213 2561 3447 2615 imbibe-

1858 2663 2004 2716 ruut,
2051 2667 2189 2722 quas
2227 2667 2317 2706 res
2357 2651 2411 2704 in
2450 2649 2610 2705 bouis
2647 2651 2892 2720 plerique
2914 2650 3446 2721 ducunt?quorsum

1857 2745 2003 2815 leges
2045 2759 2258 2809 omnes,
2304 2744 2597 2813 omniaque
2665 2744 3197 2811 rerumpublicarum
3243 2759 3448 2814 genera

1856 2851 2140 2906 perperam
2186 2835 2435 2890 instituta
2464 2851 2588 2890 esse
2611 2834 2892 2891 defendis?
2945 2845 3040 2890 aut
3065 2837 3110 2890 si
3137 2837 3282 2890 nulla
3309 2836 3361 2889 in
3389 2852 3448 2891 re

1857 2943 2014 2982 secus
2040 2925 2287 2980 homines
2315 2925 2390 2979 illi
2415 2924 2748 2991 sentiebant,
2776 2939 3039 2994 quorsum
3066 2932 3144 2976 tot
3167 2923 3447 2978 volumina

1860 3017 2276 3088 conscripsisti?
2319 3015 2505 3087 Neque
2527 3017 2672 3071 enim
2697 3058 2712 3084 ,
2739 3017 2968 3086 opinor,
2997 3031 3188 3085 sapere
3213 3025 3328 3069 tum
3353 3017 3449 3070 de-

1861 3128 2010 3166 mum
2038 3126 2133 3166 eos
2154 3111 2476 3177 dixerimus,
2525 3125 2649 3165 cum
2675 3110 2742 3164 ad
2768 3109 3080 3178 opinionem
3131 3124 3249 3162 sese
3295 3117 3446 3162 tuam

1861 3203 2230 3273 adjunxerint,
2282 3203 2375 3258 ubi
2422 3215 2603 3257 autem
2647 3202 2716 3256 ab
2738 3218 2798 3255 ea
2842 3201 3212 3266 discesserint,
3239 3199 3442 3256 furere.

1860 3291 2103 3347 Primum
2149 3293 2317 3358 enim,
2365 3293 2665 3362 sapientem
2713 3307 2782 3347 ne
2827 3301 2883 3346 tu
2930 3291 3150 3361 quidem
3182 3291 3356 3360 ipsum
3393 3300 3447 3346 te

1859 3384 2188 3453 pronuntias
2210 3425 2224 3447 ,
2267 3384 2466 3438 nedum
2509 3383 2926 3453 pronuntiemus
2949 3382 3073 3451 ipsi,
3104 3391 3163 3436 ut
3183 3398 3250 3436 ex
3273 3397 3337 3436 eo
3361 3398 3446 3435 re-

1859 3487 1946 3534 cte
1971 3478 2089 3531 illos
2116 3477 2388 3531 interdum
2417 3476 2950 3546 sentirejudicemus
2969 3518 2984 3542 ,
3030 3476 3175 3545 quod
3200 3489 3319 3531 sese
3345 3475 3447 3528 ali-

1859 3569 2078 3638 quando
2105 3568 2171 3622 ad
2197 3577 2347 3622 tuam
2391 3567 2717 3624 sententiam
2762 3577 3071 3638 aggregent.
3113 3565 3348 3630 Deinde,
3385 3573 3446 3620 ut

1860 3659 1916 3714 id
1939 3675 2157 3730 quoque
2184 3676 2374 3715 verum
2402 3661 2492 3725 sit,
2519 3661 2653 3731 quid
2677 3674 2902 3723 necesse
2926 3661 3028 3715 fuit
3053 3661 3275 3716 insanos
3297 3661 3445 3729 pari-

1860 3760 1942 3807 ter
1966 3767 2030 3806 ac
2055 3751 2378 3821 simpliciter
2417 3767 2609 3808 omnes
2634 3754 2943 3825 appellare?
2984 3754 3116 3824 quin
3147 3763 3203 3807 tu
3218 3748 3321 3808 eos
3344 3768 3445 3823 po-

1861 3844 1990 3906 tius,
2034 3853 2303 3912 quatenus
2351 3844 2407 3898 in
2453 3846 2664 3912 eadem,
2713 3863 2818 3917 qua
2844 3856 2923 3913 tu,
2965 3847 3232 3903 sententia
3259 3861 3443 3901 versa-

1860 3936 2077 3999 bantur,
2129 3935 2393 3992 laudabas
2441 3946 2701 4008 tanquam
2731 3940 2863 3994 recti
2887 3955 2953 3994 ac
2973 3940 3084 3994 veri
3124 3939 3330 4010 aliquid
3354 3954 3442 3994 se-

1860 4036 2016 4083 cutos
2063 4044 2077 4082 :
2125 4035 2398 4096 quatenus
2426 4045 2556 4085 vero
2578 4031 2646 4084 ab
2667 4045 2732 4086 ea
2774 4031 3189 4100 discrepabant,
3238 4032 3442 4085 erroris

1859 4135 1954 4176 eos
1977 4137 2041 4175 ac
2064 4121 2330 4188 stultitiae,
2376 4121 2422 4176 si
2462 4122 2536 4177 ita
2560 4123 2870 4188 videbatur,
2917 4123 3218 4193 arguebas?
3267 4123 3443 4178 Testi—

1860 4215 2106 4268 monium
2130 4214 2348 4284 quidem
2375 4215 2623 4271 veritatis
2660 4215 2916 4271 idoneum
2942 4228 2995 4271 et
3022 4217 3358 4286 exploratum
3387 4216 3439 4270 id

1859 4307 2083 4372 habere,
2131 4306 2277 4377 quod
2303 4307 2376 4361 ita
2400 4308 2681 4372 sentirent,
2733 4307 2786 4362 id
2811 4323 2940 4363 vero
2968 4309 3012 4365 si
3039 4325 3147 4364 non
3174 4309 3436 4376 insanire,

1861 4397 2007 4466 quod
2037 4406 2090 4450 tu
2116 4397 2184 4452 de
2211 4397 2320 4452 illis
2343 4398 2650 4465 existimas,
2676 4399 2867 4454 saltem
2895 4400 2963 4454 ab
2988 4400 3136 4454 omni
3170 4401 3438 4470 sapientia

208 4502 518 4570 ἁπαξαπλῶς
569 4506 690 4560 καθ’
717 4507 1061 4580 εἱμαρμένην
1092 4504 1254 4572 εἶναι,
1291 4508 1385 4561 καὶ
1415 4507 1488 4578 μὴ
1525 4506 1596 4575 (εἱ
1626 4503 1754 4576 ἄραι)

1861 4503 2089 4557 prorsus
2119 4487 2357 4542 alienum
2386 4505 2507 4544 esse
2532 4505 2691 4546 nemo
2716 4507 2820 4545 non
2842 4491 2965 4562 jure
2988 4492 3237 4548 fateatur.
3288 4494 3442 4548 Ridi-

208 4595 348 4650 ταῦτα
377 4601 518 4670 μόνα
566 4595 641 4654 ὧν
701 4603 847 4654 ἐστιν
900 4602 1246 4673 εἱμαρμένη;
1281 4602 1346 4654 "0
1392 4617 1450 4652 τε
1511 4599 1619 4670 γὰρ
1648 4597 1756 4650 τῶν

210 4688 397 4761 Μ⁰⁵ρῶ“⁴
422 4693 682 4765 ἀριθμὸς,
717 4695 810 4747 καὶ
843 4695 909 4749 τὰ
954 4695 1194 4767 ὀνόματα
1238 4693 1436 4756 αὐτῶν,
1476 4694 1569 4747 καὶ
1599 4695 1627 4745 ὁ
1660 4691 1758 4761 τῆς

211 4777 430 4850 Κλωθοῦς
455 4786 748 4857 ἄτρακτος,
783 4787 878 4840 καὶ
912 4787 972 4842 τδ
992 4786 1391 4857 ἐπειλημμένον
1414 4786 1561 4858 αὐτῷ
1585 4791 1755 4862 νῆμα,

212 4871 286 4923 καὶ
304 4873 356 4926 τὸ
378 4876 704 4948 ὲπίκλωσμα
742 4877 951 4943 τούτου,
982 4878 1075 4932 καὶ
1102 4879 1200 4931 ὃσα
1255 4877 1480 4932 τοιαῦτα
1508 4879 1641 4932 ἄλλα
1673 4880 1760 4934 λέ-

271 5024 364 5096 (90)
385 5033 1000 5104 Προξξπτειλημμένας,
1023 5042 1124 5088 etc.
1145 5036 1248 5099 An,
1269 5043 1326 5088 ut
1350 5035 1485 5089 alter
1507 5052 1570 5089 ex
1600 5052 1756 5104 mss_.,

215 5099 814 5173 προκαταϐεϐλημέναςῗ
847 5104 993 5173 Elige
1017 5148 1030 5166 ,
1063 5106 1191 5158 dum
1242 5121 1474 5171 reponas
1521 5121 1583 5160 ex
1631 5099 1756 5161 cod.

214 5165 362 5247 αἰτίας
403 5185 504 5247 pro
550 5165 765 5247 αἰτίοις.
807 5165 1356 5247 Προξαταῆᾴλλεσθαι
1402 5176 1501 5247 τὴν
1552 5177 1754 5243 αἰτίαν,

217 5243 283 5289 est
308 5243 773 5320 προύποτίθεσθαι,
811 5245 1238 5320 προῦποστῆνοιι,
1280 5243 1674 5320 προϋπάρχειν·
1702 5257 1759 5302 at

218 5312 824 5388 apertasalapﬁvsseat,
850 5312 931 5388 est
955 5312 1410 5388 προδιορίςεσθάι,
1439 5312 1657 5388 praecipi
1694 5336 1756 5373 ac

215 5381 436 5456 prtuliuiri
469 5381 817 5456 :jutrumque
851 5381 1162 5456 Stoicorum
1211 5387 1404 5454 dogma
1427 5381 1456 5450 ,’
1478 5381 1629 5456 prius
1676 5398 1754 5442 ta-

222 5460 316 5501 men
351 5451 449 5507 hoc
498 5455 616 5509 loco
645 5451 849 5508 malim.
887 5453 1095 5509 Causas
1126 5457 1248 5510 illas
1286 5451 1498 5512 Tullius
1540 5469 1755 5511 antece-

220 5521 402 5586 dentes,
438 5534 802 5596 antegressas,
842 5527 1180 5595 praepositas,
1214 5529 1547 5596 antepositas
1574 5531 1752 5582 nomi-

221 5599 316 5669 nat,
330 5609 442 5669 quin
469 5595 898 5669 προηγούμεναι,
924 5607 1016 5669 aut
1042 5595 1645 5669 προκαταϐεϐλημέναι.

276 5659 368 5743 (9})
397 5659 744 5733 Τοιῗκάξλῶξι
771 5683 935 5743 ποτε.
978 5659 1097 5743 ᾼιιί
1123 5659 1647 5743 καλῶς-ηιυιὲηιίυῐη
1697 5669 1754 5724 in

222 5738 504 5811 κακῷςρυι
548 5738 801 5811 sequenti
848 5739 1096 5811 membro
1142 5740 1354 5811 negatio
1409 5743 1483 5811 μή
1541 5756 1752 5809 εκριιηο

225 5802 374 5864 senda.
402 5802 730 5864 Utrumlibet
772 5807 900 5874 ﬁat,
935 5807 1010 5879 τῷ
1039 5810 1185 5880 quod
1210 5802 1572 5881 negationem
1603 5802 1749 5865 illam

1863 4579 2017 4634 culus
2044 4595 2171 4649 ergo
2193 4595 2273 4646 es,
2311 4580 2440 4634 dum
2465 4590 2631 4636 testes
2655 4598 2749 4637 eos
2774 4584 2843 4638 ab
2865 4584 3130 4654 ejusmodi
3156 4585 3440 4638 numinum

1862 4670 2212 4739 impositione
2235 4672 2446 4738 laudas,
2481 4673 2678 4742 quibus
2704 4681 2883 4728 tamen
2925 4675 3060 4729 nihil
3086 4691 3323 4745 unquam
3346 4676 3440 4744 ju-

1862 4763 2005 4818 dicio
2031 4764 2222 4818 saltem
2249 4765 2646 4835 prudentiaque
2685 4769 2956 4822 concedas
2983 4786 2995 4820 :
3027 4767 3131 4824 nisi
3160 4783 3285 4823 vero
3305 4810 3318 4834 ,
3344 4768 3441 4837 qui

1861 4857 1930 4912 ab
1953 4857 2109 4912 initio
2160 4874 2333 4929 genus
2359 4859 2463 4914 hoc
2485 4861 2766 4915 nominum
2813 4861 2977 4916 rebus
3015 4862 3134 4917 istis
3176 4862 3439 4925 indidere.

1860 5038 2136 5115 praecedit,
2167 5040 2491 5115 mendosum
2524 5052 2628 5108 est,
2660 5043 2892 5114 ejusque
2918 5044 3037 5098 loco
3068 5043 3437 5115 reponendum

1859 5109 1939 5171 τό,
1976 5124 2099 5162 cum
2131 5110 2300 5164 altero
2327 5127 2602 5167 manuscr.

1932 5179 2039 5249 (9‘2)
2098 5179 2234 5252 οὐδ’
2272 5181 2472 5252 οὕτως
2525 5183 2715 5251 ἐχρῆν
2766 5185 2965 5252 φύσει.
3027 5183 3278 5238 Μεηιιυῐῐι
3345 5185 3434 5238 hic

1861 5265 2155 5319 agnoscere
2177 5250 2336 5306 facile
2363 5261 2475 5315 est;
2504 5250 2688 5307 tollere
2711 5250 2943 5309 dillicile.
2973 5253 3083 5308 Nec
3104 5259 3436 5310 membrame

1861 5320 2030 5374 hilum
2061 5321 2272 5394 juvant.
2306 5319 2426 5394 Una
2463 5322 2756 5378 Montacut.
2793 5341 2890 5394 pro
2924 5325 3084 5394 φύσει
3118 5325 3244 5392 legit
3278 5325 3433 5394 φησί,

1864 5395 1967 5444 hoc
2028 5389 2322 5464 I_Ii__fallor,
2381 5393 2570 5464 vitium
2637 5389 2813 5464 auget.
2870 5389 3007 5460 Quid
3065 5395 3110 5448 si
3166 5389 3438 5450 iiesci'ibaé

1861 5470 1977 5537 tur,_
2001 5461 2120 5514 ούδέ
2151 5463 2230 5515 vel
2255 5463 2356 5537 ούκ
2395 5461 2538 5533 ἔχειν
2568 5461 2734 5537 τοῦτο
2757 5465 2950 5534 φύσιν,
2983 5467 3076 5519 καὶ
3118 5467 3165 5517 εί
3205 5466 3280 5537 μὴ
3316 5467 3442 5537 μαίς

1859 5530 2073 5607 πίεσθαι,
2105 5541 2212 5607 etc_.
2260 5530 2597 5607 Notutiiest,
2640 5530 2932 5607 φύσινούκ
2973 5536 3137 5607 ἔχειν,
3181 5530 3437 5591 divit-1:05

1859 5601 2087 5654 ἄτοπον
2148 5599 2342 5665 εἶναι,
2406 5604 2499 5656 καὶ
2567 5599 2868 5671 ἀπεοικός.
2944 5599 3032 5663 Ita"
3084 5599 3436 5663 Demostheni.

1863 5671 2078 5751 Olynth.
2113 5671 2351 5751 II_,_'A)O_t'
2382 5673 2497 5751 οὔτί
2529 5675 2768 5751 εὔλογον,
2813 5676 2924 5751 opt”
2957 5679 3078 5751 ἕχον
3107 5680 3234 5751 ’ἐστὶ
3281 5679 3443 5749 φύσιν

1859 5741 2015 5818 τούτό
2042 5760 2125 5811 γε.
2153 5742 2410 5818 ljerodot.
2445 5744 2537 5818 lib.
2567 5762 2630 5809 ιι,
2660 5741 2796 5818 Ἕνα
2828 5748 2956 5803 ὄντα
2987 5741 3074 5818 ille
3107 5741 3333 5805 Hercule
3363 5751 3441 5804 lo-

1858 5814 2085 5882 quitur),
2116 5814 2233 5878 πῶς
2264 5814 2424 5884 φύσιν
2454 5815 2566 5885 ἔχει
2601 5815 2801 5883 πολλὰς
2847 5814 3115 5892 μυριάδας
3150 5820 3440 5889 φονεῦσαι;
