3864 6386
503 303 601 362 851

1141 303 1412 359 EUSEBII
1449 302 1930 361 CAESARIENSIS
1967 303 2122 361 OPP.
2163 304 2346 362 PARS
2386 302 2450 361 11.
2491 338 2560 349 -
2597 306 3113 366 APOLOGETICA.

3634 322 3724 375 ιιι).

500 425 772 494 sapientes
795 423 956 479 iidem
987 438 1117 480 casu
1141 423 1326 494 aliquo
1354 423 1590 490 fuerint;
1621 423 1673 478 id
1697 424 1844 494 quod
1863 432 1920 480 tu
1949 440 2081 480 nun-

2187 443 2340 494 γεται
2374 428 2429 480 ἐν
2457 426 2718 491 ἐκείνοις,
2767 427 3103 482 ἐνδείκνυται
3169 431 3230 484 τὸ
3273 431 3611 503 ἀπαράϐατον
3653 442 3730 494 καί

500 535 664 590 quam
697 519 1024 575 ostenderis.
1090 515 1291 572 Verum
1341 517 1500 571 detur
1531 516 1694 570 etiam
1733 517 1856 583 hoc,
1892 533 2088 585 quam-

499 628 607 683 que
634 611 902 678 defendis,
937 627 1001 666 ea
1032 610 1347 665 nominibus
1391 607 1552 680 265
1601 609 1707 664 illis
1758 610 2088 681 signiﬁcatio

500 705 795 770 tribuatur,
825 720 924 759 nec
951 718 1138 758 errore
1158 701 1434 772 opinionis
1459 702 1570 755 ullo
1596 699 1801 756 factum
1829 703 1970 756 istud
2003 701 2090 757 fu-

499 797 624 852 erit.
661 796 948 863 Quomodo
974 804 1152 849 tamen
1177 794 1361 848 omnia
1386 810 1611 864 prorsus
1637 793 1748 849 fato
1777 795 1892 849 fieri
1927 796 2091 866 signi-

502 891 694 955 ficant,
741 907 806 946 ac
855 906 962 945 non
1001 889 1183 958 potius
1226 889 1308 959 (si
1366 905 1474 959 qua
1528 890 1812 944 nominum
1857 889 2088 944 istorum

503 982 585 1037 vis
644 981 764 1051 est)
819 996 880 1035 ea
939 980 1319 1034 tantummodo
1375 995 1498 1050 quae
1553 979 1649 1034 fati
1699 981 1817 1051 lege
1873 990 2091 1035 tenean-

501 1077 628 1130 tur?
674 1073 810 1129 Nam
836 1085 888 1128 et
924 1073 1220 1128 Parcarum
1261 1089 1547 1137 numerus,
1593 1073 1946 1143 ipsarumque
1987 1089 2088 1128 no-

391 1171 408 1184 '
501 1169 670 1231 mina,
705 1176 758 1222 et
780 1167 1066 1221 Clothonis
1091 1166 1268 1231 fusus,
1296 1155 1733 1234 et‘glomeratum
1790 1167 1844 1219 in
1908 1181 1974 1220 eo
2029 1165 2090 1218 li-

500 1260 634 1327 lum,
669 1261 925 1330 ductique
966 1275 1032 1314 ex
1075 1275 1139 1313 eo
1183 1260 1431 1314 staminis
1474 1259 1793 1324 necessitas,
1844 1267 1897 1314 et
1937 1275 2090 1329 quae-

501 1369 717 1422 cunque
767 1353 1042 1406 adduntur
1066 1361 1350 1422 prieterea,
1396 1362 1605 1407 certum
1633 1352 1770 1407 forte
1795 1353 2087 1422 quemdam

502 1455 665 1513 atque
689 1459 751 1498 es
781 1445 928 1499 omni
955 1445 1256 1498 aeternitate
1300 1452 1486 1514 aptum
1543 1460 1834 1499 causarum
1864 1446 2004 1499 inter
2032 1460 2090 1500 se

502 1552 700 1591 nexum
729 1536 796 1590 iis
818 1536 874 1588 in
903 1536 1067 1590 rebus
1093 1535 1402 1600 ostendant,
1430 1550 1551 1605 (μιαε
1575 1535 1884 1590 necessario
1908 1536 1990 1590 vel
2017 1537 2087 1589 ita

501 1629 655 1694 fiant,
702 1629 786 1684 vel
834 1629 990 1682 aliter
1021 1629 1220 1683 habere
1264 1643 1373 1682 non
1400 1628 1632 1697 possint.
1689 1628 2004 1697 Cujusmodi
2033 1638 2088 1682 ut

500 1737 621 1776 esse
667 1721 952 1790 plerasque
996 1719 1303 1786 fateamur;
1353 1736 1694 1791 quaecunque
1737 1728 1917 1775 tamen
1967 1722 2087 1791 ejus

499 1811 828 1868 conditionis
855 1829 961 1867 non
989 1820 1137 1876 sunt,
1183 1813 1251 1868 iis
1276 1813 1527 1868 homines
1550 1813 1746 1883 partim
1774 1812 2084 1868 moderato-

501 1921 590 1960 res
606 1915 964 1976 auctoresque
989 1907 1119 1960 deos
1143 1906 1530 1971 attribuerunt,
1562 1911 1760 1978 partim
1789 1925 1890 1966 nos
1911 1909 2080 1980 ipsos,

500 1998 697 2068 partim
751 2009 1024 2060 naturam,
1099 2007 1262 2068 atque
1320 1997 1598 2053 fortunam
1652 2014 1849 2054 causas
1893 2017 2080 2056 earum

499 2091 750 2160 proprias
792 2105 912 2144 csse
954 2091 1266 2146 voluerunt.
1305 2089 1384 2144 Ac
1408 2088 1640 2144 fortunae
1664 2090 1885 2159 quidem
1917 2102 1974 2144 ut
2001 2091 2083 2144 in-

499 2182 749 2238 stabilem
784 2181 1191 2251 volubilemque
1236 2191 1470 2244 motum,
1500 2192 1757 2252 perpetua
1782 2185 2083 2237 mutatione

501 2271 856 2341 conjunctum
882 2271 1252 2336 ostenderent,
1285 2286 1517 2341 eamque
1559 2288 1740 2327 rerum
1770 2273 2085 2326 inconstan-

499 2364 632 2416 tiam
667 2362 963 2417 siinulacro
997 2362 1236 2432 quodam
1284 2361 1711 2426 adumbrarent,
1761 2361 2080 2418 insidentem

500 2455 661 2525 globo
708 2455 981 2508 fortunam
1013 2469 1350 2523 expressere.
1406 2439 1546 2520 Quid
1573 2456 1616 2509 si
1644 2469 1710 2508 ne
1735 2455 1839 2509 ista
1863 2455 2080 2525 quidem

500 2546 643 2616 apud
688 2546 939 2600 homines
989 2546 1094 2599 ﬁxa
1141 2546 1366 2599 omnino
1393 2557 1621 2616 rataque
1645 2547 1895 2600 videntur
1921 2548 2086 2602 esse?

501 2646 563 2693 ut
583 2637 729 2692 enim
762 2652 959 2693 causas
1012 2637 1287 2693 interdum
1314 2637 1693 2707 principiaque
1736 2639 2082 2704 conturbent,

498 2747 731 2804 quaeque
776 2731 858 2785 vel
905 2730 1038 2796 fato,
1065 2731 1146 2786 vel
1171 2747 1302 2785 casu
1346 2731 1505 2793 fiunt,
1555 2745 1618 2784 ea
1645 2731 1831 2786 divino
1853 2730 2086 2786 Numine

501 2823 617 2878 ﬁeri
654 2823 1022 2889 arbitrentur;
1051 2837 1172 2892 qua:
1217 2837 1348 2876 vero
1393 2821 1606 2876 arbitrii
1655 2824 1831 2876 nostri
1878 2823 2085 2877 viribus

498 2914 825 2979 eﬂiciuntur,
871 2916 1058 2969 eadem
1113 2914 1224 2968 fato
1271 2913 1600 2984 assignanda
1646 2921 1836 2983 putent
1886 2933 1899 2968 :
1952 2916 2084 2985 quin

499 3007 766 3078 principia
792 3016 971 3061 tamen
998 3008 1182 3062 omnia
1210 3008 1374 3062 rebus
1403 3007 1537 3076 ipsis
1559 3008 1739 3061 inesse
1771 3008 2082 3077 opinentur,

2191 517 2250 582 ἐξ
2297 519 2489 582 αἰῶνος
2546 518 2786 590 καθῆκον
2838 521 2947 572 τῶν
3003 520 3215 583 αἰτιῶν,
3266 523 3362 577 ὅσα
3393 525 3586 580 οὑτωσὶ
3625 547 3733 584 κατ-

2187 615 2530 684 ηνάγκασται
2561 613 2836 682 γενέσθαι,
2872 615 2965 667 καὶ
3011 615 3110 668 ὅσα
3143 614 3319 680 ἄλλως
3343 618 3484 687 ἔχειν
3523 622 3734 675 κεκώλυ-

2189 722 2298 757 ται.
2329 704 2507 757 Πολλὰ
2527 705 2569 758 δ’
2601 704 2666 757 ἂν
2693 705 2776 776 εἴη
2808 704 2874 758 τὰ
2903 705 3146 758 τοιαῦτα·
3175 706 3280 760 ὅσα
3309 707 3362 760 δὲ
3393 709 3490 778 οὐχ
3521 710 3650 764 οὕτω
3672 715 3718 780 γί

2190 811 2360 856 νεται,
2388 793 2592 847 τούτων
2629 795 2738 848 τισὶ
2767 793 2865 864 μὲν
2894 796 2943 847 οἱ
2985 794 3259 866 ἅνθρωποι
3311 797 3463 861 θεοὺς
3491 800 3729 872 διοικητὰς

2191 887 2283 939 καὶ
2312 885 2674 958 δημιουργοὺς
2701 889 3068 958 ἐπεφήμισαν·
3115 889 3276 942 τινῶν
3306 889 3362 942 δέ
3394 892 3540 961 ἡμᾶς
3562 895 3730 959 αὐτοὺς

2190 979 2393 1041 αἰτίους
2433 978 2718 1031 ὑπέλαϐον·
2751 979 2926 1032 ἄλλων
2952 979 3008 1032 δέ
3032 975 3098 1033 αὖ
3133 981 3296 1034 πάλιν
3323 982 3419 1053 τὴν
3443 983 3616 1052 φύσιν,
3659 987 3713 1039 ἄλ

2189 1071 2295 1125 λων
2323 1071 2418 1142 τὴν
2449 1069 2638 1142 τύχην·
2670 1068 2738 1144 ἦς
2767 1071 2826 1124 τὸ
2867 1073 3230 1142 εὐμετάϐολον
3271 1076 3363 1128 καὶ
3395 1077 3634 1142 ἄστατον,
3659 1082 3731 1133 καὶ

2190 1161 2283 1215 νῦν
2318 1163 2414 1232 μὲν
2453 1162 2614 1227 οὕτω,
2646 1162 2740 1216 νῦν
2780 1164 2837 1217 δέ
2877 1164 3046 1229 οὕτως
3107 1165 3227 1236 ἔχον
3280 1167 3606 1234 ἐνδείξασθαι
3636 1171 3725 1240 βουο

2189 1255 2424 1324 λόμενοι,
2459 1257 2976 1330 εἰδωλοποιήσαντες
3007 1259 3066 1312 τὸ
3094 1261 3244 1312 ποιὸν
3267 1261 3425 1314 τοῦτο
3459 1261 3734 1336 σύμπτωμα

2188 1347 2296 1399 τῶν
2330 1349 2691 1420 πραγμάτων,
2721 1350 2814 1402 ἐπὶ
2845 1351 3079 1421 σφαίρας
3128 1351 3423 1422 βεϐηκυῖαν
3459 1353 3554 1424 τὴν
3595 1356 3735 1426 τύχην

2189 1442 2415 1509 ἔδειξαν.
2453 1445 2521 1496 Ἢ
2549 1443 2668 1513 οὐχὶ
2692 1443 2748 1496 δέ
2792 1441 3104 1509 δεδόξασται
3140 1443 3290 1515 παρὰ
3318 1447 3433 1509 τοῖς
3460 1446 3734 1517 ἀνθρώποις

2190 1537 2283 1589 καὶ
2315 1536 2520 1602 mina;
2550 1538 2657 1590 Καὶ
2683 1537 2790 1607 γὰρ
2812 1536 2897 1589 ἀεί
2932 1553 3061 1589 ποτε
3093 1536 3201 1608 (95)
3247 1538 3659 1609 συνταράττουςι
3683 1540 3737 1594 τὰ

2189 1629 2358 1691 αἴτια,
2385 1630 2479 1682 καὶ
2513 1631 2613 1682 ὅσα
2645 1629 2744 1699 μὲν
2769 1627 2889 1680 καθ’
2913 1628 3275 1700 εἱμαρμένην,
3333 1631 3368 1701 ἢ
3429 1631 3565 1684 κατὰ
3592 1633 3737 1704 τύχην

2189 1718 2414 1786 γίνεται,
2439 1718 2611 1772 ταῦτα
2637 1720 2700 1771 ἐκ
2733 1718 2882 1782 Θείας
2913 1718 3193 1788 δυνάμεως
3231 1720 3481 1788 γίνεσθαι
3519 1723 3738 1792 νομίζου-

2189 1827 2291 1861 σιν·
2316 1810 2416 1862 δσα
2435 1809 2492 1862 δέ
2520 1811 2648 1879 παρ’
2684 1807 2850 1878 ἡμᾶς,
2878 1809 3053 1862 ταῦτα
3083 1808 3202 1862 καθ’
3225 1809 3582 1881 εἱμαρμένην.
3621 1811 3736 1864 Ἀλλ’

2185 1900 2264 1952 ὅτι
2293 1916 2356 1967 γε
2382 1900 2558 1952 πάντα
2579 1899 2645 1952 τὰ
2669 1901 2815 1954 αἴτια
2836 1899 3012 1954 ταῦτα
3041 1900 3096 1951 ἐν
3129 1902 3240 1962 τοῖς
3281 1896 3403 1953 οὖσι
3444 1912 3470 1940 ι
3513 1899 3735 1964 δοξάζου-

2187 2009 2260 2055 σι,
2287 1991 2446 2044 παντί
2472 2009 2573 2044 που
2600 1991 2776 2064 δῆλον.
2821 1993 2983 2045 Ὥστε
3031 1991 3151 2044 ούδέ
3194 1991 3292 2055 τὰς
3315 1991 3428 2045 τῶν
3467 1992 3737 2062 ἀνθρώπων

2187 2086 2501 2157 ὑπολήψεις,
2528 2085 2648 2138 οὐδὲ
2700 2086 2797 2150 τὰς
2827 2085 3003 2150 θέσεις
3035 2086 3142 2138 τῶν
3189 2087 3451 2138 τοιούτων
3490 2087 3737 2156 ὀνομάτων

2188 2181 2596 2250 συμμαρτυρεῖν
2658 2181 2724 2250 τῇ
2795 2179 3119 2250 Χρυσίππου
3192 2177 3318 2251 δόξῃ
3386 2177 3730 2249 συμϐέϐηκεδ

2186 2274 2406 2336 Τούτοις
2440 2273 2566 2344 ἑξῆς
2624 2271 2889 2340 ἐπιλέγει·
2951 2290 2969 2322 ι
3005 2271 3092 2323 Ἐν
3149 2271 3246 2340 μὲν
3294 2265 3391 2324 οὖν
3441 2270 3518 2340 τῷ
3566 2270 3737 2340 πρώτῃ

2187 2367 2322 2434 Περὶ
2356 2364 2715 2436 εἱμαρμένης
2755 2363 2962 2434 βιϐλίῳ,
2997 2363 3272 2421 τοιαύταις
3317 2363 3464 2416 τισὶν
3493 2362 3737 2428 ἀποδείξε-

2188 2475 2270 2510 σιν
2300 2457 2592 2529 κέχρηται·
2626 2460 2682 2510 ἐν
2707 2457 2763 2509 δὲ
2813 2455 2890 2525 τῷ
2921 2455 3154 2527 δευτέρῳ
3209 2454 3358 2507 λύειν
3417 2458 3659 2526 πειρᾶται
3682 2453 3735 2506 τὰ

2187 2549 2495 2602 ἀκολουθεῖν
2528 2549 2787 2602 δοκοῦντα
2815 2548 2989 2602 ἄτοπα
3017 2547 3094 2618 τῷ
3120 2547 3263 2618 λόγῳ
3295 2546 3480 2601 πάντα
3504 2563 3738 2619 κατηναγ-

2187 2639 2387 2693 κάσθαι
2420 2639 2649 2708 λέγοντι,
2699 2639 2841 2710 ἅπερ
2867 2641 2960 2691 καὶ
2995 2640 3156 2710 ἡμεῖς
3205 2641 3326 2692 κατ’
3362 2639 3537 2710 ἀρχὰς
3593 2639 3738 2691 ἐτίθε-

2191 2750 2307 2803 μεν·
2337 2727 2448 2785 οἷον
2496 2732 2557 2784 τὸ
2593 2731 2932 2803 ἀναιρεῖσθαι
2953 2731 3019 2783 δι’
3048 2732 3213 2784 αὑτοῦ
3241 2732 3339 2803 τὴν
3379 2730 3440 2797 ἐξ
3469 2731 3617 2803 ἡμῶν
3655 2731 3738 2784 αύ-

2185 2824 2292 2878 τῶν
2343 2823 2649 2895 προθυμίαν
2710 2825 2837 2894 περὶ
2854 2822 3056 2891 ψόγους
3111 2840 3170 2875 τε
3205 2824 3299 2876 καὶ
3342 2823 3618 2889 ἐπαίνους,
3659 2825 3736 2877 καὶ

2187 2921 2522 2994 προτροπὰς,
2556 2923 2650 2974 καὶ
2704 2921 2862 2974 πάνθ’
2903 2923 3003 2974 ὅσα
3050 2921 3202 2994 παρὰ
3238 2923 3337 2993 τὴν
3369 2921 3642 2992 ἡμετέραν
3666 2919 3736 2971 al-

2186 3016 2306 3070 τίαν
2337 3016 2597 3086 γινόμενα
2651 3015 2922 3084 φαίνεται.
2953 3015 3120 3084 Φησὶν
3151 3011 3245 3068 οὖν
3301 3016 3360 3067 ἐν
3407 3013 3486 3084 τῷ
3533 3013 3738 3083 δευτέρῳ

501 3114 661 3154 nemo
707 3116 814 3154 non
850 3100 1013 3154 videt.
1077 3099 1258 3165 Quare
1296 3114 1366 3152 ne
1406 3099 1715 3154 communis
1741 3099 1829 3152 illa
1865 3101 2081 3169 quidem

2190 3105 2378 3176 βιϐλίῳ
2399 3105 2458 3158 τὸ
2486 3105 2581 3176 μὲν
2615 3104 2673 3171 ἐξ
2720 3104 2879 3176 ἡμῶν
2934 3103 3105 3157 πολλὰ
3133 3103 3382 3173 γίνεσθαι
3407 3103 3562 3174 δῆλον
3600 3097 3736 3164 εἶναι,

496 3191 783 3246 hominum
817 3191 1168 3256 existimatio,
1191 3191 1275 3245 vel
1300 3189 1567 3260 ejusmodi
1592 3191 1875 3245 nominum
1908 3193 2083 3262 impo-

497 3284 625 3338 sitio
656 3283 942 3354 Chrysippi
975 3283 1258 3337 sententia:
1286 3282 1631 3352 suffragatur.
1668 3301 1688 3334 ι
1747 3282 1958 3351 Quibus
1985 3285 2082 3338 de-

499 3377 688 3447 inceps
736 3377 808 3430 ita
849 3377 1033 3430 subdit
1076 3394 1088 3429 :
1123 3393 1140 3425 ι
1172 3376 1250 3429 Ac
1277 3376 1452 3445 primo
1481 3376 1732 3445 quidem,
1765 3377 1964 3446 inquit,
2006 3377 2084 3432 De

500 3469 602 3540 fati
656 3468 963 3522 necessitate
1001 3467 1160 3533 libro,
1210 3468 1264 3522 id
1305 3483 1478 3537 genus
1527 3467 2085 3523 demonstrationibus

499 3561 672 3615 utitur
717 3578 729 3614 :
779 3559 1019 3614 secundo
1048 3568 1226 3612 autem
1261 3559 1497 3614 absurda
1544 3559 1636 3613 illa
1671 3559 1880 3614 diluere
1914 3577 2084 3615 cona-

502 3660 627 3716 tur,
680 3666 801 3719 quze
832 3665 899 3705 ex
941 3665 1005 3704 ea
1049 3648 1302 3718 opinione
1326 3688 1342 3714 ,
1393 3664 1515 3719 quae
1545 3651 1727 3703 omnia
1762 3651 2086 3705 necessitate

501 3742 847 3812 constringit,
898 3743 1291 3810 consequentia
1322 3741 1636 3806 videantur,
1672 3756 1792 3809 qua:
1818 3757 1916 3795 nos
1949 3756 2087 3810 quo-

501 3850 609 3905 que
650 3835 754 3889 sub
807 3834 1192 3904 disputationis
1243 3833 1406 3903 hujus
1455 3833 1670 3888 initium
1731 3834 2017 3903 posuimus
2069 3853 2081 3888 :

500 3925 732 3994 exempli
763 3940 928 3979 causa
983 3924 1096 3978 tolli
1122 3921 1368 3978 funditus
1393 3938 1540 3989 eum,
1575 3923 1670 3992 qui
1702 3938 1732 3976 e
1764 3924 1922 3977 nobis
1952 3924 2086 3993 ipsis

499 4015 736 4080 exsistit,
763 4015 1022 4084 impetum
1043 4054 1059 4079 ,
1087 4029 1184 4069 seu
1210 4014 1477 4082 vituperet
1501 4014 1770 4083 quispiam
1794 4054 1809 4078 ,
1843 4029 1939 4068 seu
1967 4015 2088 4068 lau-

499 4110 609 4175 det,
637 4123 732 4163 seu
769 4107 1105 4174 cohortetur,
1137 4121 1234 4163 seu
1267 4106 1395 4175 quid
1423 4105 1568 4159 aliud
1597 4121 1788 4174 eorum
1810 4105 1924 4170 fiat,
1957 4121 2066 4175 quo

499 4214 622 4254 rum
648 4214 813 4253 causa
844 4213 965 4253 esse
991 4198 1396 4254 consuevimus.
1434 4197 1618 4268 Itaque
1651 4197 1790 4252 libro
1823 4198 2088 4269 secundo,

500 4290 670 4344 multa
713 4289 932 4358 quidem
960 4289 1115 4342 nobis
1146 4289 1462 4344 auctoribus
1494 4287 1608 4342 fieri
1631 4327 1649 4354 ,
1683 4297 1848 4357 atque
1891 4288 1942 4342 id
1966 4305 2089 4358 per-

501 4381 750 4449 spicuum
771 4393 910 4442 esse,
939 4378 1080 4432 ultro
1102 4377 1303 4432 fatetur
1330 4397 1344 4432 :
1379 4379 1566 4433 eadem
1595 4387 1776 4434 tamen
1806 4381 2085 4434 communi

570 4527 596 4556 ι
619 4517 701 4571 ἷσ.
736 4512 861 4566 add.
890 4509 1049 4567 εἶναι.
1125 4513 1154 4553 ι)
1174 4513 1258 4566 ἵσ.
1287 4513 1389 4568 del.
1413 4516 1482 4568 εί.

573 4643 682 4716 (95)
723 4644 832 4696 Ἀεί
855 4660 1029 4716 ποτε,
1049 4643 1283 4716 Omnino
1316 4645 1520 4698 εἴποτε
1553 4661 1748 4701 sensus
1797 4648 2070 4716 postulat;

499 4715 746 4787 sequitur
793 4718 937 4768 enim
986 4715 1098 4768 ἀλλ’
1128 4717 1206 4768 ὅτι
1229 4733 1314 4784 γε,
1357 4727 1461 4770 etc.
1491 4716 1636 4786 quod
1685 4715 1866 4772 minus
1900 4721 2075 4787 possit

498 4801 624 4842 cum
652 4785 758 4848 ἀεί,
795 4787 1105 4839 convenire.

572 4854 1238 4927 (94)A£t)]‘xa0€tﬂdp00t,
1271 4866 1376 4908 etc.
1423 4857 1787 4926 Sophisticam
1827 4857 1986 4921 hanc,
2020 4868 2073 4914 et

503 4925 855 4998 ματαιολόγον
907 4926 1192 4998 Chrysippi
1238 4930 1512 4998 rationein
1582 4929 1783 4982 diserte
1862 4927 2074 4985 Tullius

498 4996 728 5064 explicat
782 4998 874 5049 lib.
913 4996 983 5048 De
1019 4998 1163 5064 fato,
1199 4997 1288 5050 ubi
1340 4998 1454 5052 hzec
1505 4999 1643 5051 inter
1673 5008 1906 5053 caetera:
1945 5000 2073 5055 [laxe

502 5069 661 5140 ratio,
698 5067 871 5140 inquit
910 5067 1099 5137 (ἀργός
1127 5068 1212 5120 ille
1229 5067 1421 5140 λόγος,
1463 5079 1520 5121 nt
1546 5069 1881 5140 Chrysippus
1914 5086 2074 5125 voca.

500 5137 621 5200 bat;
661 5137 902 5208 sederat
946 5152 1070 5191 vere
1116 5139 1180 5189 ad
1229 5137 1478 5191 Proteum
1511 5137 2073 5208 hune'eonstringen-

500 5205 816 5281 dum,_p.a't)t_a
841 5208 1056 5276 ἐνεργός
1083 5225 1182 5281 τις,
1214 5209 1305 5260 καὶ
1324 5209 1759 5281 Αένεργητικός),η
1782 5205 2071 5280 Chrysippo

501 5278 913 5344 reprelieitlitur.
949 5279 1205 5341 Quasdam
1251 5279 1387 5330 enim
1427 5278 1576 5336 sunt,
1605 5278 1800 5348 induit,
1835 5278 2070 5336 iii—rebus

499 5348 783 5418 simplicia,
819 5349 1059 5418 qna'rlam
1098 5349 1362 5418 copulata.
1409 5348 1644 5418 Simplex
1670 5360 1784 5402 est:
1817 5371 1834 5401 ι
1880 5350 2066 5404 Morie-

502 5426 588 5467 tur
618 5434 674 5489 ρο
705 5417 788 5468 die
835 5417 1099 5474 Socrates.
1149 5439 1166 5468 ι
1205 5417 1377 5484 Huic,
1419 5417 1531 5472 sive
1556 5421 1680 5489 quid
1730 5421 1930 5488 fecerit,
1965 5423 2070 5476 sive

501 5503 603 5539 non
635 5487 836 5560 fecerit,
871 5490 1050 5560 [initus
1079 5498 1154 5541 est
1182 5491 1437 5560 moriendi
1464 5487 1592 5544 dies.
1627 5492 1690 5542 Λι
1717 5487 1762 5543 si
1793 5492 1869 5544 ita
1900 5492 2068 5560 fatum

501 5560 643 5630 sint
683 5555 1198 5630 Nasceturlﬁdtpns
1234 5558 1365 5612 Laio
1401 5580 1416 5611 ι
1446 5577 1548 5614 non
1577 5563 1769 5629 poterit
1803 5555 1930 5627 dici,
1964 5565 2070 5615 sive

503 5627 660 5701 fuerit
692 5625 854 5678 Laius
889 5625 1006 5680 cunt
1037 5629 1270 5688 muliere.
1313 5633 1418 5683 sive
1445 5648 1545 5685 non
1578 5625 1774 5701 fuerit;
1821 5625 2070 5701 copulata

499 5698 640 5772 enim
681 5712 757 5748 res
797 5708 892 5762 est,
931 5701 1328 5772 et_confatalis.
1371 5703 1447 5754 sic
1483 5698 1622 5755 enirn
1670 5698 1900 5772 appellat
1941 5705 2069 5764 (hoc

501 5766 679 5834 ipsum
729 5776 810 5821 cst
869 5769 1008 5838 quod
1065 5769 1148 5822 hic
1206 5769 1568 5841 Diogenianus
1627 5766 2070 5846 αἱΓσυγκαθει-

2170 4645 2429 4716 papam).
2495 4644 2676 4717 Pergit
2716 4665 2728 4699 :
2775 4644 2832 4700 Si
2887 4656 3021 4699 esset
3065 4645 3264 4717 dictum
3307 4660 3324 4697 :
3361 4664 3380 4717 ι

2182 3197 2304 3250 οὐδὲ
2331 3197 2388 3250 δέ
2414 3192 2574 3268 ἦττον
2604 3194 3072 3266 συγκαθειμὸῳθαι
3097 3196 3207 3266 (94)
3235 3196 3326 3248 κει)⁸
3373 3195 3548 3248 ταῦτα
3571 3197 3629 3264 τῇ
3650 3192 3738 3245 τῶν

2183 3291 2319 3345 ὅλων
2349 3290 2630 3362 διοικήσει·
2665 3291 2927 3362 κέχρηταί
2967 3307 3027 3342 τε
3051 3288 3464 3360 παραδείγμασι
3509 3285 3739 3345 τοιούτοις

2184 3381 2313 3433 τισί.
2343 3381 2416 3433 Τὸ
2458 3380 2567 3452 γὰρ
2621 3380 2694 3451 μὴ
2739 3379 3076 3443 ἀπολεῖσθαι,
3127 3380 3279 3448 φησὶ,
3326 3377 3622 3447 θοιμάτιον,
3658 3373 3738 3442 οὐχ

2185 3471 2372 3535 ἁπλῶς
2407 3472 2762 3544 καθείμαρτο,
2789 3473 2924 3527 ἀλλὰ
2956 3471 3095 3541 μετὰ
3125 3470 3217 3524 τοῦ
3252 3469 3631 3540 φυλάττεσθαι·
3661 3467 3740 3520 καί

2185 3565 2244 3619 τὸ
2276 3567 2340 3618 ἐκ
2378 3563 2484 3617 τῶν
2539 3565 2814 3636 πολεμίων
2865 3563 3206 3636 σωθήσεσθαι
3233 3561 3388 3614 τόνδε
3443 3563 3583 3622 τινὰ,
3623 3558 3738 3631 μετὰ

2185 3656 2278 3710 τοῦ
2305 3656 2415 3727 (95)
2451 3656 2670 3726 φεύγειν
2714 3657 2874 3712 αὑτὸν
2902 3657 3028 3720 τοὺς
3058 3654 3370 3726 πολεμίους·
3403 3655 3498 3708 καὶ
3531 3654 3588 3707 τὸ
3611 3651 3739 3722 γενέ-

2189 3747 2309 3800 σθαι
2343 3747 2556 3811 παῖδας,
2603 3747 2739 3817 μετὰ
2781 3747 2873 3800 τοῦ
2900 3745 3182 3818 βούλεσθαι
3216 3749 3497 3800 κοινωνεῖν
3525 3741 3736 3813 γυναικί.

2191 3841 2397 3908 Ὥσπερ
2422 3839 2549 3908 γὰρ,
2573 3839 2755 3909 φησὶν,
2793 3838 2886 3891 sib
2905 3883 2918 3900 ,
2952 3836 3198 3904 λέγοντός
3227 3851 3370 3898 τινος
3424 3834 3738 3905 Ἡγήσαρχον

2187 3933 2276 3986 τὸν
2307 3931 2516 4002 πύκτην
2536 3929 2916 3998 ἐξελεύσεσθαι
2959 3930 3053 3982 τοῦ
3102 3929 3308 3998 ἀγῶνος
3341 3927 3564 3991 πάντως
3591 3925 3738 3992 ἁπλῇ-υ

2187 4014 2334 4085 κτον,
2363 4023 2576 4083 ἀτόπως
2603 4021 2667 4075 ἄν
2702 4039 2786 4084 τις
2811 4020 2963 4090 ἠξίου
2994 4020 3251 4073 καθιέντα
3301 4019 3406 4082 τὰς
3443 4021 3626 4089 χεῖρας
3663 4014 3739 4066 τὸν

2200 4115 2543 4185 Ἡγήσαρχον
2589 4113 2698 4184 (96)
2766 4113 3055 4184 μάχεσθαι,
3113 4113 3233 4166 ἐπεὶ
3295 4113 3572 4182 ἄπληκτον
3599 4106 3737 4162 αὑτὸν

2187 4206 2438 4260 ἀπελθεῖν
2465 4205 2815 4277 καθείμαρτο,
2837 4205 2930 4258 τοῦ
2953 4205 3050 4276 τὴν
3071 4205 3338 4274 ἀπόφασιν
3373 4201 3737 4274 ποιησαμένου,

2188 4299 2274 4352 διὰ
2305 4299 2403 4370 τὴν
2429 4299 2818 4370 περιττοτέραν
2876 4296 3194 4370 τάνθρώπου
3236 4297 3374 4367 πρὸς
3401 4295 3464 4348 τὸ
3492 4293 3562 4366 μὴ
3592 4292 3738 4359 πλήτ-

2189 4389 2374 4444 τεσθαι
2402 4389 2666 4462 φυλακὴν,
2700 4389 2858 4443 τοῦτο
2900 4390 3165 4453 εἰπόντος·
3199 4387 3342 4442 οὕτω
3395 4389 3492 4441 καὶ
3537 4387 3622 4439 ἐπὶ
3645 4381 3738 4435 τῶν

3451 4641 3737 4697 Luctabitur

2177 4713 2436 4786 Olympiis
2485 4713 2631 4780 Milo',
2670 4735 2686 4766 ι
2731 4726 2779 4769 et
2829 4717 3040 4784 referret
3091 4716 3281 4786 aliquis
3335 4716 3472 4786 (hoc
3500 4713 3732 4786 est,xas’

2175 4783 2552 4856 ἀνθυποφορᾶιν
2588 4783 2990 4854 συλλογίζοιτο),
3023 4804 3041 4836 ‹
3082 4783 3219 4856 Ergo
3247 4787 3351 4856 sive
3381 4784 3617 4838 habuerit
3653 4783 3733 4834 ad-

2174 4855 2486 4922 versari-uni,
2517 4859 2623 4910 sive
2657 4875 2757 4911 non
2808 4858 3071 4920 habuerit,
3119 4855 3433 4920 luctabitur,
3469 4875 3486 4906 ι
3517 4860 3731 4908 erraret:

2175 4929 2417 5002 estenim
2444 4928 2770 5002 copulatum,
2801 4927 3115 5002 luctabitur,
3141 4935 3267 5002 quia
3308 4928 3422 4980 sine
3454 4922 3730 5002 adversario

2176 4998 2324 5051 nulla
2361 5000 2578 5051 luctatio
2603 5008 2698 5051 est.
2734 4998 2923 5053 Omnes
2950 4999 3112 5066 igitur
3140 4999 3292 5050 istius
3319 4998 3729 5066 generisrcaptic-

2176 5085 2263 5122 nes
2307 5069 2484 5122 eodem
2534 5069 2686 5120 modo
2738 5063 3092 5130 refelluntur:
3129 5087 3147 5117 ι
3203 5063 3336 5122 δὶυέ
3362 5079 3419 5119 tu
3451 5063 3729 5119 adhibueris

2176 5138 2458 5203 medicum,
2491 5139 2596 5191 sive
2624 5155 2724 5190 non
2751 5137 3074 5199 adhibueris,
3111 5137 3461 5195 convalesces,
3494 5155 3512 5186 ι
3546 5133 3727 5202 captio-

2174 5225 2326 5272 sum;
2367 5219 2471 5262 tant
2507 5210 2644 5261 enim
2681 5219 2755 5262 est
2787 5208 2971 5276 fatale,
3004 5208 3262 5260 medicum
3301 5207 3566 5261 adhibere.
3589 5216 3727 5276 qnam

2175 5279 2548 5334 convalescere.
2582 5277 2730 5342 Haec,
2770 5274 2825 5331 ut
2857 5279 2992 5338 dixi,
3029 5279 3320 5347 confatalia
3369 5277 3463 5330 ille
3496 5274 3720 5343 appellat.

2246 5350 2354 5419 (95)
2387 5351 2546 5404 Μετὰ
2575 5349 2700 5403 τοῦ.
2745 5347 2821 5403 lta
2855 5358 2997 5403 recte
3046 5364 3150 5403 ms.
3181 5349 3361 5402 Altera
3405 5347 3589 5410 editio,
3619 5357 3724 5414 per-

2174 5435 2380 5504 verse»
2413 5420 2555 5504 e51?
2587 5419 2666 5474 τάι

2246 5488 2354 5557 t96)
2413 5487 2802 5559 'Hriiaapzor.
2848 5487 3056 5560 Pngilis
3115 5489 3279 5555 huius
3327 5491 3469 5560 inter
3493 5493 3724 5560 _ca_cteros

2173 5555 2795 5614 Pausanias'honorilice
2823 5555 3088 5619 meminit.
3132 5561 3346 5614 Ἠλιακ.
3381 5559 3457 5611 B'.
3492 5555 3723 5610 Tritaeen-

2173 5645 2286 5682 sein
2318 5631 2466 5683 illum
2502 5628 2652 5696 facit,
2686 5629 3026 5684 llannostrati
3065 5631 3258 5692 lilium,
3285 5644 3444 5699 quem
3480 5627 3625 5682 testis
3651 5629 3717 5676 est

2174 5701 2404 5769 publicis
2431 5711 2665 5770 quatuor
2709 5701 3099 5757 certaminibus
3143 5698 3350 5757 nobiles
3393 5698 3720 5768 insignesque

2173 5772 2383 5841 palmas
2417 5771 2687 5827 retulisse.
