3864 6386
139 359 212 413 ί55

1204 343 1525 401 ΡΒᾸΕΡΑΒ.
1570 342 1822 399 EVANG.
1865 343 1993 398 LIB.
2047 344 2133 401 Vl.

3205 344 3310 399 454

138 479 267 533 ἀλλων
290 475 401 545 ἔχει.
435 471 601 527 Πολλά
628 470 733 542 γάρ
761 468 1020 524 δύνασθαι
1078 481 1103 511 ι
1150 470 1401 539 γενέσθαι
1465 469 1629 540 χωρὶς

1737 468 1848 523 fato
1877 485 1940 523 ex
1973 467 2212 524 universi
2254 466 2725 523 administratione
2758 479 2880 538 apta
2913 484 3031 525 esse
3063 485 3312 541 nexaque

136 570 203 622 τοῦ
226 569 299 620 καὶ
324 567 449 637 qui;
478 563 777 633 βούλεσθαι,
828 565 925 617 καὶ
965 562 1352 631 ὲκτενεστάτην
1408 578 1470 629 γε
1496 562 1623 632 περὶ

135 661 235 715 αὑτὰ
258 657 525 730 προθυμίαν
547 673 606 708 τε
637 658 730 708 καὶ
760 653 995 725 σπουδὴν
1048 654 1395 725 ἐκφέρεσθαι,
1437 652 1622 722 ἐπειδὴ

137 753 235 822 μετὰ
250 751 429 811 τούτου,
460 749 640 817 φησὶν,
691 748 831 801 αὐτά
855 747 1104 816 γενέσθαι
1126 745 1477 816 καθείμαρτυ.
1512 744 1623 796 Πά-

132 845 189 896 λιν
208 838 278 894 οὖν
300 840 549 893 κάνταῦθα
580 839 877 910 θαυμάσειε
901 857 981 902 τις
1015 837 1334 909 τάνθρώπου
1366 837 1423 889 τὸ
1452 836 1625 890 ἀθεώ-

132 952 249 1006 ρητον
280 934 359 986 καὶ
394 931 811 1000 άνεπιλὸγιστον,
864 933 959 984 καὶ¹
1008 932 1114 983 τῶν
1154 929 1449 1002 ἐναργειῶν
1491 929 1619 995 (97),

129 1025 195 1076 xz".
218 1024 296 1091 τῆς
328 1022 423 1073 τῶν
450 1023 593 1075 ἰδίων
624 1023 795 1091 λόγων
849 1022 1257 1085 άνακολουθίας.
1298 1019 1463 1093 Οἶμαι
1491 1022 1620 1093 γάρ,

127 1118 200 1175 δτι,
227 1116 441 1183 καθάπερ
480 1115 539 1167 τὸ
566 1114 895 1185 καλούμενον
934 1115 1139 1183 γλυκὺ,
1180 1115 1256 1186 τῷ
1309 1115 1623 1185 καλουμένῳ

126 1208 257 1278 πικρῷ
282 1207 605 1277 συμϐέϐηκεν
633 1208 1020 1262 ἐναντιώτατον
1054 1204 1213 1271 εἶναι,
1250 1207 1328 1277 τῷ
1356 1225 1413 1259 τε
1445 1206 1623 1277 λευκῷ

124 1304 164 1355 τὸ
186 1304 337 1372 μέλαν,
364 1303 448 1355 καὶ
474 1301 549 1371 τῷ
578 1301 770 1373 ψυχρῷ
801 1302 861 1353 τὸ
885 1301 1102 1372 θερμόν·
1130 1301 1330 1353 οὑτωσὶ
1358 1300 1414 1351 δὲ
1449 1301 1541 1352 καὶ
1564 1299 1623 1353 τὸ

123 1397 349 1467 παρ’ήμάς
363 1394 433 1464 τῷ
465 1394 586 1447 καθ’
614 1394 976 1464 εἱμαρμένην·
1036 1395 1090 1446 εί
1111 1411 1174 1462 γε
1208 1393 1327 1446 καθ’
1352 1394 1622 1464 εἱμαρμέ-

120 1505 186 1555 νην
205 1489 281 1557 μὲν
303 1489 468 1539 ἐκεῖνα
500 1486 684 1539 καλεῖν
721 1486 1065 1556 προείληφεν,
1096 1486 1195 1538 ὅσα
1239 1486 1332 1538 καὶ
1390 1486 1623 1538 ἑκόντων

119 1577 231 1646 ἡμῶν
252 1578 329 1629 καὶ
354 1578 587 1631 ἀκόντων
635 1578 852 1641 πάντως
913 1578 1137 1646 γίνεται·
1200 1577 1328 1647 παρ’
1386 1579 1532 1647 ἡμᾶς
1564 1577 1621 1629 δὲ

116 1672 187 1722 ὅτι
205 1673 254 1722 ἐκ
279 1669 358 1723 τοῦ
392 1670 708 1733 σπουδάζειν
742 1670 887 1739 ἡμᾶς
917 1670 1010 1721 καὶ
1037 1671 1280 1739 ἐνεργεῖν
1338 1670 1429 1720 ἐπὶ
1470 1668 1621 1731 τέλος

117 1761 297 1829 ἔρχεται,
322 1761 350 1830 ἦ
376 1762 518 1831 παρὰ
546 1762 606 1815 τὸ
630 1762 851 1832 ἀμελεῖν
883 1762 975 1814 καὶ
1001 1761 1263 1832 ῥᾳθυμεῖν
1310 1761 1409 1813 οὐκ
1440 1762 1619 1813 ἐπιτε-

115 1852 255 1903 λεῖται.
294 1854 403 1905 Ἐάν
436 1853 617 1905 τοίνυν
642 1856 706 1905 ὲκ
735 1852 829 1905 τοῦ
859 1851 1181 1915 σπουδάζειν
1222 1852 1321 1923 ἐμὲ
1346 1851 1623 1921 θοιμάτιον

116 1944 336 2011 φυλάττειν
366 1948 536 1999 ἐκεῖνο
568 1944 829 2016 σώζηται,
860 1947 951 1997 καὶ
1006 1947 1070 1999 ὲκ
1096 1944 1190 1998 τοῦ
1240 1943 1521 2015 βούλεσθαι
1554 1947 1620 2015 τῇ

114 2037 277 2099 γυναικὶ
299 2035 608 2107 πλησιάζειν
635 2037 701 2090 τά
730 2039 895 2091 τέκνα
923 2037 1161 2106 γίνηται,
1186 2038 1281 2089 καὶ
1303 2038 1366 2089 ἐκ
1388 2036 1481 2088 τοῦ
1511 2035 1627 2105 βού-

116 2120 249 2173 italia:
270 2122 469 2191 φεύγειν
502 2126 633 2187 τοὺς
689 2126 981 2196 πολεμίους
1016 2126 1077 2178 τὸ
1143 2125 1217 2197 μὴ
1265 2126 1624 2197 ἀποθνήσκειν

115 2212 177 2265 ὑπ’
202 2214 370 2280 αὐτῶν,
397 2217 487 2268 καὶ
519 2219 585 2269 ἐκ
626 2216 719 2270 τοῦ
770 2217 1130 2288 διαμάχεσθαι
1160 2218 1297 2287 πρὸς
1330 2218 1419 2270 τὸν
1458 2219 1624 2271 ἀντα-

114 2306 316 2375 γωνιστὴν
364 2307 644 2378 ἀνδρείως,
691 2308 1049 2376 φυλάττεσθαί
1100 2326 1160 2361 τε
1192 2308 1354 2362 αὑτοῦ
1398 2310 1495 2372 τὰς
1518 2309 1625 2362 τῶν

115 2394 257 2466 χειρῶν
287 2398 550 2463 ἐπιϐολὰς,
582 2400 644 2453 τὸ
680 2399 956 2471 ἄπληκτον
992 2402 1054 2453 ὲκ
1079 2400 1171 2453 τοῦ
1214 2400 1423 2469 ἀγῶνος
1450 2399 1626 2453 ἀπαλ-

115 2489 357 2545 ὶ..ὶςσεσθαι’
398 2496 512 2557 πῶς
534 2496 597 2547 τὸ
649 2496 767 2548 καθ’
798 2497 1138 2568 εἱμαρμένην
1194 2496 1425 2550 ἐνταῦθα
1456 2497 1626 2569 σωθή-

118 2586 327 2647 σεταιςΕί
360 2587 456 2655 μὲν
500 2589 611 2660 γὰρ
677 2591 795 2642 κατ’
829 2592 1045 2660 ἐκείνην
1089 2588 1260 2642 ταῦτα
1315 2588 1623 2660 συμϐαίνει,

117 2678 361 2747 παρ’ἡμᾶς
408 2681 506 2733 οὐκ
554 2680 623 2733 ἂν
683 2681 892 2749 λέγοιτο
945 2680 1286 2751 συμϐαίνεινο
1330 2682 1380 2733 εί
1406 2680 1462 2733 δὲ
1494 2680 1625 2752 παρ’

113 2767 233 2835 ἡμᾶς,
254 2769 339 2822 οὐκ
372 2770 433 2823 ἂν
470 2776 593 2824 κατ’
620 2773 832 2844 ἐκείνην
864 2772 1084 2844 δηλαδὴ,
1111 2772 1197 2825 διὰ
1248 2772 1310 2825 τὸ
1366 2774 1440 2844 μὴ
1468 2772 1627 2825 δύναο

114 2858 200 2911 σθαι
220 2863 516 2932 συνδραμεῖν
546 2862 723 2916 ταῦτα
783 2864 1049 2935 ἀλλήλοις.
1103 2864 1260 2917 Ἀλλὰ
1323 2867 1451 2936 παρ’
1478 2866 1627 2935 ἡμᾶς

114 2948 185 3022 μὲν
207 2952 351 3015 ἔσται,
393 2955 549 3024 φησι,
622 2955 1083 3025 περιειλημμένου
1140 2956 1321 3026 μέντοι
1370 2956 1463 3008 τοῦ
1494 2957 1625 3029 παρ’

113 3046 218 3111 ἡμᾶς
236 3046 324 3096 ὑπὸ
342 3048 435 3115 τῆς
465 3046 831 3116 εἱμαρμένης.
869 3046 975 3097 Καὶ
1010 3045 1144 3110 πῶς,
1180 3046 1383 3116 εἴποιμ’
1414 3046 1501 3110 ἂν,
1531 3063 1628 3099 πε-

115 3135 465 3206 ριειλημμένου;
492 3136 545 3199 εί
572 3153 639 3204 γε
668 3136 760 3189 καὶ
792 3137 852 3188 τὸ
885 3136 1171 3205 φυλάττειν
1209 3136 1506 3208 θοιμάτιον,
1531 3137 1623 3191 καὶ
1650 3167 1692 3224 C

112 3230 154 3279 τὸ
181 3230 237 3298 μὴ
286 3229 603 3298 φυλάττειν,
665 3229 771 3282 ἀπὸ
818 3232 913 3301 τῆς
970 3228 1217 3293 ἐξουσίας
1271 3230 1480 3297 ἐγίνετο
1526 3229 1624 3299 τῆς

112 3319 383 3389 ἐμῆςοῦτω
431 3322 543 3391 γάρ
595 3322 690 3374 καὶ
734 3320 827 3373 τοῦ
864 3318 1131 3384 σώζεσθαι
1181 3321 1339 3373 τοῦτο
1389 3321 1628 3391 δηλονότι

111 3414 250 3483 κύριος
283 3414 341 3467 ἂν
364 3414 479 3485 εἵην
512 3414 647 3483 ἐγώ.
680 3414 788 3467 Καὶ
816 3411 876 3477 ἐξ
902 3415 1070 3484 αὐτῆς
1102 3414 1158 3467 δὲ
1197 3417 1295 3485 τῆς
1323 3414 1627 3485 διαστολῆς,

112 3508 157 3575 ἦν
186 3510 382 3558 ποιεῖται
426 3506 775 3579 Χρύσιππος,
806 3505 965 3574 δῆλον
1014 3506 1221 3573 γίνεται
1269 3506 1629 3559 ἀπολελύσθαι

112 3598 182 3666 τῆς
201 3600 512 3669 εἱμαρμένης
549 3599 650 3669 τὴν
679 3600 808 3668 παρ’
834 3599 983 3667 ἡμᾶς
1015 3598 1211 3650 αἰτίαν.
1248 3598 1630 3669 Καθείμαρται

113 3688 206 3759 γὰρ,
255 3692 392 3759 φησι,
448 3690 693 3760 σωθῆναι
726 3688 1022 3758 θοιμάτιον,
1059 3690 1105 3739 εί
1138 3688 1424 3757 φυλάττοις
1450 3688 1626 3741 τοῦτο·

112 3784 181 3832 καὶ
201 3783 368 3845 mih;
397 3782 641 3843 ἔσεσθαι,
682 3782 729 3833 εί
763 3780 856 3832 καὶ
888 3782 951 3834 σὺ
983 3780 1320 3851 βουληθείης’
1345 3781 1518 3844 ἄλλως
1552 3781 1627 3845 δὲ,

117 3874 169 3944 μὴ
194 3874 247 3927 ἂν
272 3876 475 3930 ἔσεσθαί
500 3894 553 3929 τι
582 3875 807 3931 τούτων.
863 3876 986 3929 Ἐπὶ
1029 3876 1085 3929 δὲ
1137 3876 1244 3929 τῶν
1279 3875 1383 3928 ὑπὸ
1432 3875 1529 3944 τῆς
1557 3876 1632 3926 εί-

118 3972 346 4043 μιρμένης
370 3971 931 4044 προκατειλημμένων
965 3972 1063 4024 οὐκ
1096 3969 1161 4024 ἄν
1196 3987 1326 4023 ποτε
1372 3969 1634 4038 ὑποτιμή-

117 4078 200 4113 ass:
217 4067 466 4129 τοιαύταις
486 4064 855 4137 χρησαίμεθα.
882 4060 1089 4119 Οὐκοῦν
1116 4065 1144 4103 δ
1177 4080 1355 4134 φαμεν
1380 4063 1631 4132 τεθνήξε-

118 4153 207 4207 σθαι
226 4157 381 4210 πάντα
406 4158 714 4230 ἄνθρωπον,
749 4156 935 4209 είτόδε
974 4173 1027 4208 τι
1079 4156 1304 4223 γένοιτο’
1347 4154 1419 4225 μὴ
1456 4154 1634 4225 τεθνή-

118 4244 257 4305 ξεσθαι
283 4248 350 4314 δὲ,
384 4252 429 4302 εί
474 4250 549 4321 μὴ
584 4250 816 4318 γένοιτο’
871 4248 983 4302 ἀλλ’
1031 4247 1216 4310 ἁπλῶς
1258 4245 1629 4316 τεθνήξεσθαι,

118 4338 191 4389 κᾶν
211 4341 365 4394 ὁτιοῦν
388 4344 522 4415 πρὸς
551 4345 613 4396 τὸ
642 4343 715 4413 μὴ
742 4341 1103 4411 ἀποθνήσκειν
1148 4339 1374 4393 καθόλου
1408 4339 1629 4409 γίνοιτο.

119 4430 168 4481 Ἣ
188 4432 246 4503 μὴ
282 4434 563 4507 ἀλγηδόνος
612 4436 828 4489 ἔσεσθαι
886 4434 1131 4487 δεκτικὸν
1176 4434 1457 4505 ἄνθρωπόν
1489 4450 1629 4497 τινα,

1654 1827 1695 1881 Β

1728 561 2029 615 contendit.
2072 560 2248 630 Atque
2282 560 2328 613 is
2356 560 2541 614 hocin
2576 576 2806 631 genere,
2841 561 3152 628 hujusmodi
3186 563 3309 633 qui-

1726 652 1953 707 busdam
1998 654 2257 723 exemplis
2286 653 2476 707 utitur.
2522 651 2657 707 Nam
2702 663 2760 708 ut
2805 655 2929 724 quis
2966 665 3169 709 vestem
3199 670 3307 710 non

1725 744 1959 808 amittat,
2003 745 2199 815 inquit,
2225 746 2387 816 266
2431 746 2748 816 simpliciter
2793 748 2845 800 in
2902 746 3015 801 fato
3069 765 3177 801 non
3207 757 3310 815 est,

1726 837 1817 891 sed
1844 852 1905 891 ea
1934 835 2151 891 demum
2198 839 2529 901 conditione,
2563 838 2604 893 si
2631 838 2913 909 diligenter
2943 855 3061 892 eam
3092 856 3313 895 conser—

1727 938 1852 983 vet:
1889 930 1989 995 sic,
2044 940 2101 984 ut
2127 947 2267 985 unus
2300 932 2497 1001 aliquis
2527 948 2593 985 ex
2626 932 2862 985 hostium
2899 934 3151 988 manibus
3176 934 3314 989 libe-

1725 1033 1903 1085 retur,
1954 1023 1997 1075 si
2031 1023 2192 1077 modo
2216 1024 2283 1077 ab
2311 1024 2378 1079 iis
2405 1024 2507 1077 sibi
2534 1034 2721 1078 caveat
2749 1043 2760 1077 :
2795 1025 2906 1089 sic,
2950 1035 3008 1079 ut
3031 1027 3155 1094 quis
3181 1027 3314 1081 libe-

1726 1128 1817 1167 ros
1856 1114 2153 1184 suscipiat,
2200 1116 2243 1169 si
2271 1117 2473 1170 versari
2500 1126 2679 1171 tamen
2710 1133 2832 1172 cum
2863 1135 3031 1172 uxore
3056 1121 3311 1175 voluerit.

1726 1204 2195 1270 Quemadmodum
2240 1210 2421 1272 enim,
2468 1210 2679 1278 inquit.
2717 1211 2952 1264 absurde
2994 1210 3194 1266 laceret
3220 1212 3313 1281 qui

1726 1295 2129 1366 Hegesarchum
2178 1302 2433 1370 pugilem,
2490 1303 2635 1369 quod
2665 1317 2789 1355 eum
2826 1318 3052 1371 prorsus
3084 1304 3311 1357 illaesum

1724 1408 1754 1447 e
1781 1395 2079 1449 certamine
2120 1396 2492 1449 discessurum
2543 1396 2828 1457 audiisset,
2883 1395 3137 1449 demissis
3163 1395 3314 1463 alije-

1724 1484 1934 1555 ctisque
1964 1486 2217 1539 manibus
2250 1502 2491 1555 pugnare
2518 1487 2707 1550 vellet,
2760 1486 3202 1557 quandoquidem
3233 1486 3313 1541 fa-

1725 1586 1838 1631 tum
1866 1576 1934 1629 ab
1968 1577 2113 1629 omni
2147 1591 2267 1629 eum
2298 1576 2450 1645 plaga
2498 1592 2751 1630 securum
2786 1587 3069 1647 praestaret
3117 1595 3131 1631 :
3186 1594 3310 1632 cum

1726 1669 1793 1734 is,
1826 1668 1984 1738 cujus
2012 1684 2074 1722 ea
2104 1683 2204 1720 vox
2235 1678 2400 1730 esset,
2445 1669 2495 1721 id
2522 1677 2727 1722 tantum
2754 1670 2823 1721 ob
2853 1669 3119 1738 insignem
3149 1680 3313 1738 atque

1727 1759 2051 1828 singularem
2110 1758 2347 1812 hominis
2398 1758 2451 1811 in
2496 1758 2831 1813 declinandis
2868 1759 3065 1813 ictibus
3104 1759 3314 1813 cautio-

1726 1866 1848 1903 nem
1870 1892 1884 1913 ,
1924 1849 2165 1903 futurum
2212 1850 2458 1903 dixisset.
2523 1848 2598 1903 lla
2625 1850 2833 1904 eteteris
2858 1850 2910 1903 in
2936 1851 3098 1905 rebus
3122 1852 3311 1905 eodem

1725 1941 1884 2009 plane
1934 1940 2095 1994 modo
2144 1940 2639 2009 philosophandum
2668 1956 2807 1994 esse.
2867 1940 3312 2011 Quippe,multa

1724 2032 1903 2102 plane,
1956 2032 2059 2087 nisi
2088 2042 2140 2086 et
2172 2050 2231 2085 ea
2263 2034 2514 2098 velimus,
2545 2042 2598 2086 et
2626 2033 2678 2085 in
2704 2034 2893 2087 eadem
2934 2035 3198 2088 acerrima
3231 2034 3311 2088 si-

1726 2126 1838 2179 mul
1871 2128 2218 2181 contentione
2250 2143 2313 2181 ac
2346 2128 2827 2182 vehementissimo
2869 2131 3050 2184 studio
3100 2132 3315 2183 incum—

1725 2216 1919 2271 bamus
1940 2256 1955 2281 ,
1997 2216 2113 2271 ﬁeri
2146 2217 2294 2270 nullo
2327 2218 2488 2271 modo
2532 2233 2694 2288 posse
2715 2260 2729 2283 ,
2783 2228 2973 2289 utpote
3000 2237 3119 2289 quze
3143 2220 3311 2273 latum

1727 2310 1797 2365 sit
1838 2326 1961 2365 cum
2009 2326 2071 2364 ea
2124 2320 2336 2365 tantum
2372 2312 2685 2365 conditione
2732 2310 2870 2365 ﬁeri.
2913 2311 3011 2365 Hic
3043 2328 3168 2366 vero
3191 2313 3316 2381 quis

1727 2418 1833 2455 non
1870 2402 2068 2456 iterum
2118 2403 2482 2458 inconsultam
2515 2412 2567 2457 et
2592 2404 2829 2472 ineptam
2870 2404 3107 2457 hominis
3141 2404 3318 2473 philo-

1727 2496 1998 2563 sophiam,
2031 2496 2116 2549 vel
2158 2497 2230 2550 ob
2272 2496 2569 2550 novitatem
2618 2495 2994 2563 probationum
3021 2498 3106 2549 vel
3134 2498 3201 2549 ob
3226 2512 3317 2551 ar-

1724 2594 2105 2653 gumentorum
2152 2586 2442 2640 discidium
2482 2585 2606 2654 jure
2633 2585 2897 2639 miretur?
2942 2584 3203 2655 Equidem
3236 2587 3317 2641 sic

1725 2676 2000 2741 existimo,
2022 2677 2189 2729 nihilo
2216 2676 2390 2745 magis
2416 2676 2578 2729 rebus
2607 2676 2832 2745 iis,quaz
2858 2674 2970 2729 lato
3007 2679 3165 2743 liunt,
3185 2692 3311 2731 cum

1728 2766 1816 2831 iis,
1862 2783 1985 2835 qua:
2030 2776 2217 2821 nostra
2262 2782 2328 2819 ex
2373 2768 2650 2821 voluntate
2682 2772 2935 2836 pendent,
2968 2784 3130 2835 quam
3170 2768 3315 2823 dulci

1727 2876 1851 2915 cum
1882 2859 2101 2922 acerbo,
2136 2858 2217 2911 vel
2243 2857 2400 2927 nigro
2430 2873 2554 2911 cum
2588 2859 2730 2923 albo,
2754 2859 2836 2913 vel
2864 2859 3043 2913 calido
3068 2876 3194 2914 cum
3224 2861 3319 2915 fri-

1728 2952 1854 3023 gido
1887 2954 2197 3005 convenire.
2258 2949 2396 3004 Nam
2447 2960 2505 3004 ut
2539 2966 2601 3004 ea
2648 2950 2758 3005 fato
2801 2952 3069 3021 assignari
3100 2953 3317 3024 vulgata

1730 3052 1955 3105 notione
1996 3049 2207 3116 solent,
2253 3066 2375 3119 qua:
2418 3050 2650 3103 velimus
2699 3049 3001 3105 nolimusve
3038 3050 3200 3114 ﬁant;
3236 3051 3318 3107 sic

1730 3146 2014 3216 potestatis
2047 3161 2109 3199 ea
2146 3156 2347 3199 nostrae
2388 3152 2701 3209 censentur,
2755 3159 2877 3212 qua:
2904 3145 2985 3198 vel
3020 3146 3198 3200 studio
3232 3146 3316 3200 la-

1732 3240 1973 3308 boreque
2005 3246 2195 3291 nostro
2227 3238 2598 3307 perducantur
2629 3236 2694 3289 ad
2726 3236 2909 3302 linem,
2940 3237 3023 3289 vel
3052 3237 3319 3306 negligen-

1732 3330 1804 3383 tia
1840 3338 2025 3383 nostra
2062 3326 2375 3396 imperfecta
2426 3336 2762 3381 remaneant.
2830 3324 2885 3379 Si
2920 3342 3048 3395 ergo
3086 3338 3314 3395 vestem,

1732 3422 1877 3491 quod
1903 3421 2133 3490 diligens
2169 3419 2221 3471 in
2254 3434 2317 3473 ea
2341 3420 2709 3475 conservanda
2740 3418 2954 3483 luerim,
2981 3434 3086 3471 non
3113 3419 3271 3475 amisi
3299 3439 3311 3474 :

1732 3515 1775 3568 si
1808 3515 1905 3567 abs
1935 3528 2021 3566 me
2045 3512 2199 3567 liberi
2226 3512 2622 3580 suscipiuntur,
2652 3510 2796 3580 qu'od
2829 3526 2940 3563 rem
2970 3510 3167 3565 habere
3192 3528 3315 3567 cum

1731 3625 1901 3663 uxore
1926 3608 2187 3661 voluerim
2218 3606 2298 3659 :si
2333 3607 2476 3675 quod
2508 3605 2641 3658 mihi
2672 3604 2739 3658 ab
2766 3604 3014 3658 hostibus
3055 3606 3313 3673 caverim,

1731 3716 1920 3753 eorum
1950 3699 2201 3752 manibus
2228 3712 2335 3751 non
2370 3696 2549 3750 interii
2578 3714 2590 3749 :
2625 3695 2668 3750 si
2691 3697 2833 3765 quod
2864 3695 3074 3750 fortiter
3095 3713 3158 3752 ac
3184 3707 3319 3753 ιιι-οι

1732 3807 1840 3844 nue
1872 3806 1995 3845 cum
2023 3788 2340 3843 adversario
2373 3787 2715 3851 certaverim,
2768 3786 2993 3855 ejusque
3028 3789 3319 3857 petitiones

1732 3897 1923 3935 omnes
1953 3879 2195 3951 diligenti
2214 3880 2465 3933 cautione
2490 3878 2767 3941 eluserim,
2796 3877 2986 3931 eodem
3014 3882 3318 3936 certamine

1732 3974 1850 4028 sine
1882 3974 2036 4043 plaga
2081 3972 2372 4026 defunctus
2419 3986 2539 4025 sum
2574 3988 2587 4023 :
2618 3970 2710 4039 qui
2740 3969 2890 4023 locus
2924 3969 2977 4022 in
3026 3970 3129 4039 his,
3153 3972 3318 4029 rebus

1734 4065 1843 4119 lato
1878 4063 2244 4134 relinquitur?
2298 4062 2589 4116 Enimvero
2618 4060 2661 4116 si
2699 4059 2810 4114 fato
2838 4060 2952 4115 haec
2979 4062 3162 4116 omnia
3190 4078 3319 4117 con-

1734 4158 1970 4226 tingunt,
2003 4156 2190 4210 eadem
2237 4157 2286 4208 vi
2324 4163 2509 4209 nostra
2558 4152 2851 4222 contigisse
2888 4168 3047 4206 nemo
3079 4154 3201 4222 jure
3235 4153 3319 4207 di—

1734 4251 1873 4303 xerit
1920 4268 1932 4303 :
1969 4249 2053 4302 sin
2097 4258 2277 4302 autem
2330 4247 2381 4301 vi
2426 4255 2634 4309 nostra,
2681 4244 2850 4298 latum
2885 4244 3127 4313 profecto
3154 4244 3318 4299 simul

1733 4341 2076 4406 excludatur,
2120 4340 2264 4409 quod
2311 4338 2520 4393 nullum
2568 4338 2706 4391 inter
2743 4352 2861 4391 sese
2885 4337 2995 4390 duo
3039 4338 3140 4390 ista
3167 4352 3319 4391 com-

1737 4433 1998 4489 mercium
2028 4432 2228 4486 habere
2268 4430 2499 4500 possint.
2542 4429 2675 4494 Imo,
2714 4429 2910 4498 inquit,
2957 4430 3007 4482 vi
3038 4429 3199 4483 simul
3223 4445 3317 4483 vo-

119 4522 195 4573 xiv
215 4527 313 4579 ταδὶ
357 4528 610 4599 πράσσοι·
659 4528 793 4581 ἀλλὰ
846 4529 998 4581 πάντ’
1032 4527 1313 4597 ἄνθρωπον
1348 4526 1629 4596 ἀλγηδόνος

1740 4526 1963 4581 luutatis
2008 4534 2209 4578 nostrte
2246 4523 2409 4589 lient,
2440 4523 2584 4592 quod
2612 4538 2675 4577 ea
2720 4523 2801 4575 vis
2842 4520 3181 4593 facultasque
3215 4537 3316 4577 no-

122 4611 222 4669 εἶναι
240 4619 487 4684 δεκτικὸν,
521 4622 615 4673 ἐάν
643 4639 699 4674 τε
750 4620 1023 4692 βούληται,
1057 4620 1149 4673 ἐάν
1179 4637 1237 4671 τε
1270 4622 1364 4690 μή.
1399 4620 1509 4672 Καὶ
1537 4619 1635 4671 ὅσα

266 4712 471 4777 οὑτωσὶ,
536 4714 631 4767 καὶ
682 4713 756 4783 μὴ
809 4712 1001 4775 ἄλλως,
1063 4711 1204 4781 ἔχειν
1251 4710 1633 4783 καθείμαρται.

127 4800 249 4855 Ὥστε
276 4806 360 4858 καὶ
388 4819 409 4845 ε
444 4807 503 4859 τὸ
531 4806 783 4877 γενέσθαι
810 4806 927 4858 τόδε
964 4823 1018 4857 τι
1046 4804 1337 4873 ἀναγκαῖόν
1368 4807 1535 4867 ἐστιν,
1590 4805 1637 4856 εἰ

128 4890 458 4969 βουληθείημεν
482 4903 663 4971 ἡμεῖς,
687 4900 859 4962 ἄλλως
889 4899 967 4962 δὲ,
1010 4900 1151 4970 οὐχί·
1184 4898 1435 4969 φανερὸν,
1466 4899 1546 4951 ὅτι
1579 4896 1638 4949 τὸ

127 4986 237 5052 ἡμᾶς
267 4990 570 5063 βουληθῆναί
602 5010 655 5044 τι
689 4994 781 5045 καὶ
812 4992 885 5063 μὴ
920 4990 1241 5061 βουληθῆναι
1268 4992 1357 5042 ὑπ’
1388 4989 1641 5059 οὐδεμιᾶς

128 5076 277 5148 ἐτέρας
303 5085 467 5147 αἰτίας
495 5084 905 5154 προκατείχετο,
939 5083 1050 5135 ἀλλ’
1072 5078 1139 5152 ἦν
1182 5080 1551 5145 αὐτεξούσιον.
1580 5081 1641 5133 Εί

128 5167 171 5219 t2:
190 5172 315 5225 trino
334 5176 807 5245 άκατανάγκαστον
834 5172 920 5247 ἦν,
951 5176 1042 5228 καὶ
1063 5175 1121 5228 τὺ
1143 5174 1393 5242 γενέσθαι
1413 5173 1529 5225 τόδε
1569 5190 1643 5236 τι,

132 5258 266 5331 ἰῆλον,
294 5266 359 5329 ὡς
396 5269 489 5321 ἀπ’
522 5269 714 5331 αἰῶνος
742 5268 801 5327 οὗ
840 5266 1248 5338 προκατείχετο-
1279 5266 1327 5316 εί
1362 5266 1435 5335 μή
1470 5282 1522 5317 τι
1553 5264 1646 5315 καὶ

134 5355 231 5407 αὐτὸ
256 5360 306 5411 τὸ
335 5360 605 5430 βούλεσθαι
638 5361 925 5431 φυλάττειν
946 5359 1241 5429 θοιμάτιον,
1271 5358 1303 5429 ἢ
1343 5357 1417 5427 μὴ
1462 5357 1645 5427 βούλε-

186 5479 203 5507 ³
229 5490 301 5539 γρ.
336 5473 404 5545 μὴ
430 5474 543 5527 δύν.

622 5476 649 5514 ι»
682 5491 768 5543 πρ.
802 5471 1013 5525 οὔκουν.
1091 5481 1112 5509 ο
1145 5469 1230 5523 ῖσ.
1266 5469 1333 5521 εί.

188 5598 275 5675 (97)
314 5611 412 5663 Καὶ
464 5609 579 5662 τῶν
621 5606 952 5677 ἐνναργειῶν.
1000 5604 1249 5677 Vereor,_
1281 5615 1337 5659 ut
1390 5604 1635 5677 ist:e_vel

142 5673 402 5748 ChrySippi.
439 5684 517 5733 vel
554 5673 860 5748 Diogeniani
896 5678 1174 5748 ὲνάργιιαι
1208 5674 1636 5748 sint_adinodum

144 5744 354 5814 ἐνιργεξ.
380 5749 502 5804 llihi
524 5744 736 5820 quidem
767 5744 1117 5820 subobscure!)
1146 5754 1291 5800 sunt.
1322 5744 1639 5820 Existimavi

146 5822 280 5869 tamen
322 5834 479 5876 r-ovas
519 5816 1029 5875 liominissrationes
1064 5818 1145 5873 sic
1189 5816 1467 5887 appellari,
1502 5829 1639 5883 quas

1740 4628 1851 4674 stra
1880 4619 1997 4687 ipso
2024 4630 2239 4686 quoque
2267 4612 2377 4668 fato
2400 4614 2587 4667 clausa
2625 4622 2889 4667 teneatur.
2934 4612 3069 4679 Ain,
3114 4612 3203 4666 tu?
3240 4620 3319 4665 te-

1742 4711 1970 4763 neatur!
2024 4705 2127 4773 Qui
2178 4706 2294 4759 lieri
2347 4705 2558 4774 possit?
2604 4720 2729 4758 nam
2773 4705 2818 4758 si
2858 4713 3062 4758 vestem
3108 4714 3161 4759 et
3190 4720 3319 4758 con-

1743 4817 1999 4865 servare,
2050 4808 2105 4854 et
2156 4814 2262 4851 non
2327 4813 2692 4864 conservare,
2752 4796 3017 4851 libertatis
3076 4797 3316 4851 arbitrii-

1743 4910 1849 4962 que
1887 4893 1991 4946 mei
2032 4901 2114 4946 est
2159 4910 2170 4945 :
2211 4902 2356 4945 certe
2394 4899 2455 4944 ut
2492 4891 2676 4944 eadem
2742 4899 3111 4952 conservetur,
3157 4890 3316 4960 267

1745 4988 1799 5039 in
1856 5000 1975 5038 mea
2046 5000 2261 5054 quoque
2318 4992 2583 5053 potestate
2634 4982 2796 5035 situm
2855 4988 2955 5035 est.
3015 4978 3117 5033 Sed
3171 4982 3316 5035 enim

1746 5076 2030 5129 manifeste
2087 5075 2169 5127 vel
2218 5090 2283 5127 ex
2349 5074 2462 5141 ipsa
2506 5070 2787 5141 Chrysippi
2848 5069 3194 5124 distinctione
3233 5084 3317 5123 se-

1747 5169 1963 5236 quitur,
2022 5168 2425 5220 antecedentem
2478 5164 2531 5215 in
2594 5163 2751 5215 nobis
2796 5174 3016 5213 causam
3067 5160 3135 5212 ab
3169 5158 3317 5212 omni

1748 5259 1859 5314 fato
1890 5260 2112 5313 liberam
2138 5275 2202 5312 ac
2233 5258 2469 5313 solutam
2496 5270 2633 5309 esse.
2661 5252 2890 5321 Quippe,
2917 5258 3121 5304 vestem
3148 5249 3314 5315 enim,

1751 5353 1947 5423 inquit,
1985 5352 2299 5407 conservari
2350 5349 2519 5402 fatum
2568 5356 2679 5408 est,
2724 5345 2768 5398 si
2815 5359 2932 5397 eam
2978 5342 3314 5408 servaveris;

1745 5605 1860 5671 ipse
1908 5615 2244 5673 perspicuas»
2272 5600 2535 5658 crederet,
2585 5604 2839 5673 tanquam
2879 5610 2947 5673 ex
3002 5593 3315 5673 quotidiana

1746 5667 1928 5726 rerum
1959 5683 2011 5727 et
2032 5667 2411 5739 exemplorum
2460 5683 2562 5725 usu
2594 5668 3036 5737 experientiaquz
3068 5667 3315 5736 improm-

1746 5753 1887 5813 ptas.
