3864 6386
1494 202 1549 217 θ’

519 299 627 357 ιεε
1153 298 1422 358 EUSEBII
1461 302 1941 362 CESARIENSIS
1982 306 2132 362 OPP.
2176 307 2363 366 PARS
2400 308 2465 365 Il.
2506 340 2576 352 ——
2612 307 3114 372 APOLOGETICA.
3636 326 3728 383 ιδσ

527 414 732 486 suscipi
769 415 865 471 abs
900 422 955 471 te
988 416 1214 482 liberos,
1248 419 1295 474 si
1325 420 1590 477 volueris:
1629 436 1810 487 secus,
1840 432 2053 480 neutrul

2200 427 2344 493 σθαι,
2376 428 2527 500 παρά
2549 446 2671 482 τινα
2719 430 3081 503 εἱμαρμένην,
3115 434 3209 487 καὶ
3254 452 3394 490 κατα
3424 436 3588 489 αἰτίαν
3618 439 3726 503 {Erb-

526 510 662 564 fieri.
698 512 765 564 At
787 511 840 564 in
872 511 959 576 iis,
983 528 1106 581 quae
1129 511 1225 566 fati
1255 514 1557 571 necessitas
1587 525 1929 585 occupasset,
1967 533 2052 572 cur

2203 519 2292 573 θεν
2326 520 2636 589 ἀναγκαίαν
2682 523 2906 589 ἐγίνετο.
2969 525 3107 577 Ἀλλ’
3157 525 3295 579 οὑτω
3326 527 3500 580 τέλεον
3548 531 3577 599 ἡ
3626 536 3729 604 παρ’

524 602 823 658 ditionibus
851 604 970 657 istis
1001 621 1280 674 nunquam
1319 614 1617 661 uteremur.
1649 606 1757 662 Nec
1797 609 1942 663 enim
1983 626 2050 664 mc

2204 615 2345 684 ἡμᾶς
2372 613 2748 684 ὲξουσιαστικὴ
2771 616 2996 686 δύναμις
3034 618 3334 689 ἀναιρεῖται
3356 660 3370 682 ,
3426 622 3514 674 καὶ
3556 624 3643 675 οὑκ
3669 624 3730 679 ἔτι

524 694 758 748 riturum
794 695 1089 763 quemlibet
1121 698 1397 751 hominem
1453 698 1710 767 dicimus,
1750 701 1797 755 si
1823 702 1973 771 .quid
2012 702 2050 757 f:

2204 703 2426 768 σώζοιτο
2458 704 2523 758 ἂν
2556 705 2832 776 θοιμάτιον
2867 709 3016 779 παρά
3064 711 3162 779 τὴν
3220 712 3393 765 αἰτίαν
3420 713 3514 784 τὴν
3540 715 3730 789 sptth

526 798 675 843 etum
710 788 843 853 erit;
880 804 985 841 non
1012 790 1362 855 moriturum,
1392 790 1437 844 si
1462 789 1665 846 factum
1698 809 1807 847 non
1832 794 1969 848 erit:
2006 810 2052 851 se

2206 796 2545 851 ἀπολλύοιτο*
2576 798 2655 850 διὸ
2688 800 2781 851 καὶ
2829 800 2946 871 εἴην
3004 802 3068 855 ἂν
3117 803 3227 872 ἐγὼ
3277 805 3369 857 καὶ
3404 806 3732 877 ἀπολλυμένου

526 882 685 951 plane
718 898 780 935 ac
814 884 1135 951 simpliciter
1173 884 1523 951 moriturum,
1568 886 1833 955 quidquid
1881 887 2052 942 demus

2209 888 2411 950 τούτου,
2444 889 2585 941 κατὰ
2609 890 2764 956 λόγον
2785 890 2848 943 ἂν
2871 893 3189 963 ὲπιτίμητος
3213 908 3237 935 α
3272 896 3423 967 (ἄλλη
3459 898 3561 967 γὰρ
3580 900 3689 953 ἄλλο
3715 903 3735 941 h

524 973 591 1027 ad
627 983 854 1027 mortem
907 976 1252 1029 dcvitandam
1310 977 1514 1031 factum
1564 980 1686 1033 erit.
1731 978 1842 1034 Nec
1894 992 2042 1035 eertu

2212 996 2287 1042 τις
2323 978 2601 1032 ἀπώλλυεν
2632 980 2846 1045 αἰτία,),
2881 984 2971 1035 καὶ
3011 983 3315 1054 σωζομένου
3344 988 3499 1039 πάλιν
3526 989 3738 1059 οὐδαμῶς

526 1066 782 1134 aliquem,
816 1065 861 1119 si
898 1066 1001 1119 huc
1026 1066 1228 1121 illudve
1263 1067 1473 1133 fecerit,
1506 1070 1572 1123 ab
1601 1070 1748 1123 omni
1779 1069 1966 1125 dolore
1996 1071 2052 1125 in

2211 1070 2607 1141 ἐπαινούμενος,
2637 1072 2717 1124 ὅτι
2752 1073 2882 1143 μηδὲ
2908 1073 3065 1127 τοῦτο
3094 1076 3420 1147 εἰργαζόμην
3450 1077 3570 1147 ἐγώ.
3599 1081 3660 1133 Σὺ
3677 1083 3737 1145 δὲ,

528 1174 746 1212 munem
807 1157 1083 1222 futurum;
1123 1168 1177 1212 at
1215 1160 1555 1228 simpliciter,
1592 1161 1865 1215 hominem
1915 1178 2054 1231 quen

2214 1163 2278 1226 ὡς
2302 1164 2472 1217 σῶσαι
2501 1165 2676 1219 πάντα
2708 1166 3019 1237 δυνάμενος,
3056 1169 3227 1234 οὑτως
3281 1172 3548 1223 ἀνετείνου
3580 1172 3649 1242 τῷ
3673 1173 3740 1225 λό-

528 1251 678 1313 lihet,
709 1250 839 1303 velit
887 1250 1043 1313 nolit,
1082 1252 1253 1305 dolori
1286 1268 1406 1306 esse
1448 1253 1768 1307 obnoxium.
1818 1253 1995 1323 Atque
2032 1254 2054 1307 i‘

2215 1271 2339 1324 γῳ.»
2375 1254 2560 1309 Ταῦτα
2594 1256 2691 1326 μὲν
2723 1260 2751 1310 ὁ
2805 1258 3170 1329 προδηλωθεὶς
3209 1260 3362 1330 ἀνήρ.
3423 1261 3665 1331 Συνήᾳθω
3697 1264 3741 1317 δὲ

525 1341 591 1395 de
638 1341 848 1395 caeteris
897 1343 1170 1405 omnibus,
1213 1359 1334 1411 quae
1376 1344 1479 1397 hoc
1522 1344 1706 1409 modo,
1753 1360 1861 1398 non
1921 1345 2049 1399 alite

2216 1348 2413 1410 τούτοις
2444 1349 2535 1401 καὶ
2574 1349 2641 1400 τὰ
2671 1350 2778 1401 ἀπὸ
2836 1350 2942 1403 τῶν
2982 1352 3327 1424 Ἀλεξάνδρου
3375 1353 3467 1405 τοῦ
3534 1355 3742 1425 Ἀφροδι-

526 1433 727 1487 habere
762 1449 879 1488 sese
931 1432 1101 1486 fatum
1133 1446 1235 1488 est.
1280 1434 1459 1499 Quare
1496 1436 1542 1489 si
1596 1436 1805 1505 aliquid
1858 1436 1974 1491 fieri
2011 1454 2052 1490 ni

2216 1439 2385 1502 τιέως,
2418 1438 2607 1509 ἀνδρὸς
2636 1436 2692 1492 εὖ
2753 1441 2898 1510 μάλα
2929 1441 3219 1512 διαφανοῦς
3243 1446 3301 1497 ὲν
3328 1447 3440 1506 τοῖς
3468 1445 3600 1497 κατὰ
3624 1446 3742 1513 φιλο-

526 1540 677 1579 cessc
708 1536 816 1590 est,
855 1526 1015 1579 modo
1055 1525 1106 1579 id
1153 1526 1427 1593 velimus;
1484 1542 1644 1583 secus
1692 1538 1897 1596 autem,
1941 1529 2048 1583 min

2216 1528 2397 1596 σοφίαν
2427 1528 2624 1596 λόγοις,
2656 1529 2713 1591 ὃς
2747 1531 2839 1583 καὶ
2871 1530 3032 1594 αὐτὸς
3055 1534 3111 1585 ὲν
3126 1536 3231 1596 τοῖς
3263 1534 3397 1600 Περὶ
3430 1536 3742 1601 εἱμαρμένης

526 1634 643 1671 me:
682 1618 851 1687 liquet
883 1619 1127 1682 omnino,
1184 1631 1241 1673 ut
1292 1620 1422 1675 illud
1474 1622 1653 1690 ipsum
1697 1631 1794 1677 aut
1840 1622 2052 1677 vellemt

2217 1620 2425 1672 τοιαῖσδ’
2452 1622 2722 1691 ἐχρήσατο
2751 1624 2952 1690 φωναῖς
2986 1625 3065 1687 εἰς
3102 1625 3409 1694 ἀνασκευὴν
3459 1624 3549 1676 τοῦ
3579 1624 3743 1695 δόγμα-

529 1718 623 1765 aut
655 1714 945 1777 nollemus,
994 1730 1216 1769 causam
1260 1715 1423 1769 aliam
1485 1716 1893 1771 antecedentem
1935 1715 2104 1770 fuisse
2206 1731 2317 1777 τος.

526 1805 765 1869 nullam;
804 1807 897 1861 sed
935 1816 1227 1877 utrumque
1267 1824 1492 1877 prorsus
1524 1811 1577 1863 in
1611 1820 1797 1864 nostra
1846 1819 2115 1880 potestate
2150 1810 2336 1863 situm.
2377 1808 2532 1875 Quod
2581 1808 2630 1863 si
2656 1807 2801 1861 nulla
2833 1808 2885 1862 id
2915 1809 3235 1863 necessitate
3289 1810 3633 1864 constrictum
3653 1820 3746 1888 est,

528 1908 587 1951 ut
628 1900 757 1953 certi
802 1903 963 1954 etiam
1000 1902 1203 1970 aliquid
1250 1902 1363 1965 fiat,
1418 1912 1788 1973 autegressam
1848 1919 1915 1958 ex
1953 1902 2252 1957 aeternitate
2311 1916 2529 1957 causam
2589 1903 2791 1955 nullam
2847 1917 2967 1957 esse
3000 1912 3246 1956 constat:
3305 1904 3412 1957 nisi
3448 1902 3597 1967 forte,
3630 1904 3745 1971 quad

524 1998 729 2043 vestem
777 2006 1101 2045 conservare
1136 2001 1230 2045 aut
1266 1992 1597 2050 voluerimus
1632 2005 1728 2049 aut
1770 1994 2129 2058 uoluerimus,
2174 1993 2278 2047 hoc
2326 1995 2501 2062 ipsum
2540 1992 2650 2047 fato
2680 1994 2934 2063 quodam,
2987 2004 3039 2048 et
3083 2008 3262 2049 causa:
3312 1995 3543 2064 alicujus
3578 1995 3746 2048 extrin-

526 2102 684 2142 secus
716 2097 1044 2158 antegressze
1072 2091 1393 2146 necessitate
1423 2090 1627 2146 factum
1661 2093 1895 2147 dicatur.
1929 2091 2115 2160 Atqui,
2160 2088 2403 2145 funditus
2459 2090 2561 2146 hoc
2607 2092 2768 2145 modo
2800 2090 3074 2145 facultatis
3102 2100 3156 2145 et
3204 2091 3414 2145 arbitrii
3447 2091 3610 2145 nostri
3638 2092 3747 2144 ratio

525 2185 848 2239 tolleretur:
882 2201 983 2239 nec
1012 2186 1124 2254 jam
1163 2188 1215 2240 in
1250 2203 1336 2242 me
1364 2190 1529 2244 vestis
1561 2198 1655 2243 aut
1684 2190 2085 2255 conservandae,
2128 2196 2223 2241 aut
2261 2188 2567 2242 amittendae
2587 2203 2755 2242 causa
2803 2188 3178 2241 antecederet:
3228 2187 3474 2256 adeoque
3525 2195 3580 2239 ut
3608 2187 3745 2251 omni,

530 2278 610 2332 vel
647 2294 712 2332 ea
763 2278 995 2349 perdita,
1066 2282 1486 2350 reprehensione
1524 2286 1721 2340 merito
1769 2300 2007 2339 carerem
2060 2283 2184 2354 (alia
2236 2285 2378 2338 enim
2431 2285 2768 2338 extrinsecus
2806 2283 3031 2354 jactura:
3074 2298 3239 2338 causa
3283 2282 3647 2353 praefuisset):
3687 2285 3748 2337 sic

527 2373 717 2428 eadem
752 2379 1095 2439 conservata;
1127 2376 1285 2431 laude
1321 2379 1467 2431 nulla
1497 2379 1697 2449 dignus
1730 2395 1929 2441 essem,
1962 2378 2107 2449 quod
2144 2394 2239 2448 per
2292 2394 2377 2433 mc
2402 2387 2722 2433 conservata
2776 2394 2880 2433 non
2915 2378 3127 2433 fuisset.
3176 2376 3256 2433 Tu
3291 2394 3445 2443 vero,
3481 2378 3682 2447 perinde
3704 2388 3747 2433 ut

536 2466 585 2521 si
625 2467 741 2521 haec
786 2468 970 2522 omnia
1014 2469 1303 2525 defendere
1362 2488 1469 2524 una
1519 2487 1730 2541 posses,
1772 2473 1845 2527 ita
1891 2472 2134 2526 oratione
2171 2471 2519 2526 contendisti.
2552 2491 2570 2523 ι
2603 2470 2727 2527 llaec
2756 2471 3139 2542 Diogenianus.
3196 2469 3314 2524 Jam
3358 2486 3489 2525 vero
3541 2472 3746 2539 superio-

525 2563 678 2618 ribus
716 2564 823 2619 illis
870 2564 1235 2620 Alexandrum
1272 2568 1668 2637 Aphrodiseum
1708 2569 2089 2639 adjuugamus,
2126 2566 2220 2637 qui
2253 2576 2306 2621 et
2361 2568 2475 2638 ipse
2530 2568 2683 2623 libris
2735 2568 2823 2634 iis,
2855 2583 2992 2636 quos
3050 2568 3125 2620 De
3158 2566 3270 2635 fato
3311 2567 3502 2634 edidit,
3549 2568 3677 2621 hunc
3706 2566 3746 2620 in

540 2659 764 2713 modum
808 2661 1134 2715 sententiam
1169 2663 1327 2715 istam
1361 2663 1683 2719 confutavit.

1040 2755 1204 2825 263
1233 2754 1462 2811 CAPUT
1492 2757 1585 2813 ιχ.
2142 2766 2184 2821 n

2142 2766 2184 2821 Β
2740 2751 3136 2805 ΚΕΦΑΛΑΙΟΝ
3182 2751 3257 2805 e'.

644 2842 723 2898 De
752 2845 952 2913 eodem,
993 2864 1057 2900 ea:
1089 2848 1382 2901 Alexandri
1420 2850 1735 2919 Aphrodisei
1766 2852 1991 2921 scriptis.

2221 2848 2345 2901 Ἔτι
2377 2842 2639 2912 περὶτοῦ
2669 2842 2851 2895 αὐτοῦ
2890 2842 3005 2895 ἀπὸ
3069 2841 3186 2894 τῶν
3230 2841 3620 2910 Ἀλεξάνδρου
3665 2840 3747 2895 τοῦ

2783 2912 3216 2981 Ἀςτροδισιέωᾳ

604 3023 620 3055 ε
668 3004 895 3073 Eorum,
935 3006 1133 3076 inquit,
1167 3008 1437 3072 omnium,
1467 3023 1588 3076 qua:
1619 3008 1786 3074 fiunt,
1842 3004 2102 3075 principia

2282 3025 2301 3058 ι
2334 3006 2629 3076 Διαιρεῖται
2664 3004 2719 3056 δὲ
2752 3003 2819 3056 τὰ
2856 3003 2963 3056 τῶν
2992 3003 3289 3073 γινομένων
3344 3004 3497 3057 αἴτια
3549 3005 3622 3067 είς
3646 3002 3745 3073 τρο-

528 3097 582 3151 iu
613 3109 869 3167 quatuor,
898 3108 955 3152 ut
988 3100 1205 3153 divinus
1238 3100 1551 3154 Aristoteles
1571 3100 1777 3165 docuit,
1811 3114 2054 3154 causarul

2219 3115 2339 3161 mu;
2368 3097 2555 3151 αἰτιῶν
2589 3096 2878 3166 τέσσαρας,
2915 3095 3098 3160 καθὼς
3162 3099 3190 3150 ὁ
3223 3096 3367 3160 θεῖος
3410 3095 3745 3167 Ἀριστοτέλης

527 3203 723 3257 genera
754 3189 1090 3243 dividuntur.
1132 3189 1535 3259 Principiorum
1565 3192 1708 3244 enim
1743 3192 1844 3244 alia
1883 3192 1989 3244 vim
2022 3208 2051 3245 e

2220 3191 2427 3260 Ξέδειχε.
2464 3188 2583 3240 Τῶν
2621 3188 2730 3258 γὰρ
2768 3188 2953 3239 αἰτίων
2982 3187 3048 3239 τὰ
3096 3187 3193 3257 μὲν
3219 3186 3333 3239 ἔστι
3378 3186 3595 3257 ποιητὰ,
3622 3184 3746 3237 τὰδὲ

524 3276 763 3341 ficiendi,
807 3278 910 3331 alia
940 3279 1185 3332 materia:
1215 3280 1481 3333 rationem
1518 3280 1737 3333 habent.
1771 3278 1866 3333 llis
1895 3280 2050 3334 acced

2218 3282 2333 3353 ὅλης
2367 3282 2629 3350 ἐπέχοντα
2659 3280 2833 3348 λόγον.
2867 3281 3023 3332 Ἔστι
3077 3279 3134 3332 δέ
3164 3297 3248 3343 τις
3292 3282 3350 3333 ὲν
3402 3281 3580 3340 αὑτοῖς
3615 3276 3744 3345 καὶὴ

526 3384 695 3423 causa
734 3368 1000 3430 forrnalis,
1041 3384 1105 3422 ac
1140 3379 1334 3437 praater
1364 3371 1484 3423 illas
1514 3381 1643 3435 tres,
1682 3380 1936 3438 quartum
1962 3385 2052 3439 qut

2218 3376 2344 3429 ιατά
2376 3370 2511 3436 εἶδος
2538 3373 2703 3426 αἰτίαο
2745 3373 2893 3444 παρά
2946 3373 3001 3424 δὲ
3028 3372 3125 3436 τὰς
3174 3375 3320 3443 τρεῖς
3354 3372 3555 3435 ταύτας
3578 3368 3744 3431 αἰτίας,

528 3478 633 3531 que
663 3462 1009 3531 principium,
1034 3462 1175 3524 finis,
1209 3463 1454 3531 inquam,
1479 3463 1637 3532 cujus
1663 3464 1832 3532 gratia
1851 3462 1929 3524 fit,
1949 3478 2054 3532 quo

2218 3468 2348 3520 ἔστιν
2383 3469 2439 3519 ὲν
2479 3466 2661 3527 αὑτοῖς
2706 3466 2873 3518 αἴτιον
2898 3465 2990 3518 καὶ
3019 3465 3189 3528 τέλος,
3230 3457 3290 3516 οῦ
3350 3465 3511 3535 χάριν
3544 3463 3599 3516 τὸ
3626 3460 3744 3530 γινόο

527 3553 775 3620 efficitur,
826 3555 1102 3609 numerari
1132 3554 1310 3610 debet.
1342 3556 1420 3608 Ac
1451 3563 1528 3608 tot
1551 3556 1767 3624 quidem
1807 3555 2053 3624 principit

2218 3574 2363 3609 LEVO‘J
2390 3556 2614 3625 γίνεται.
2654 3555 2763 3609 Καὶ
2796 3553 3051 3608 τοσαῦται
3090 3556 3184 3625 μὲν
3214 3556 3269 3607 αἱ
3312 3556 3423 3608 τῶν
3463 3556 3637 3608 αἰτίων
3660 3552 3744 3605 δια·

528 3658 651 3695 rum
704 3646 1022 3700 discrimina
1074 3655 1217 3701 recte
1268 3653 1603 3701 statuuntur.
1652 3643 1924 3713 Quidquid
1954 3646 2054 3697 enin

2216 3650 2382 3720 ιοοραί.
2409 3651 2475 3702 "0
2504 3665 2554 3701 τι
2589 3649 2695 3718 γάρ
2730 3647 2794 3700 ἂν
2827 3648 2998 3700 αἴτιον
3117 3664 3279 3710 τινος,
3317 3648 3428 3700 ὑπό
3480 3666 3531 3700 τι
3572 3646 3742 3699 τούτων

528 3744 607 3799 rei
640 3743 1018 3810 cujuscunque
1044 3738 1370 3809 principium
1404 3746 1506 3799 est,
1540 3738 1680 3790 idem
1713 3741 1778 3791 ad
1806 3752 2054 3791 causarm

2216 3740 2303 3792 τῶν
2331 3739 2517 3793 αἰτιῶν
2539 3756 2601 3807 γε
2630 3738 2999 3809 εὑρεθήσεται.
3026 3737 3133 3790 Καλ⁵
3171 3738 3277 3809 γὰρ
3305 3740 3355 3791 εἰ
3395 3738 3471 3809 μὴ
3509 3737 3667 3791 πάντα
3689 3736 3742 3787 τὰ

530 3836 757 3891 istarum
798 3834 1033 3901 aliquam
1066 3832 1337 3899 pertinere
1366 3828 1625 3899 reperies.
1668 3825 1827 3895 Nam,
1876 3838 1934 3882 ut
1978 3844 2056 3897 qu:

2214 3830 2457 3900 γινόμενα
2488 3830 2755 3883 τοσούτων
2784 3830 2973 3882 αἰτιῶν
3001 3829 3191 3893 δεῖται,
3226 3829 3363 3882 ἀλλὰ
3416 3830 3486 3883 τά
3531 3846 3589 3898 γε
3606 3812 3740 3879 πλεί-

528 3928 684 3990 fiunt,
718 3936 796 3979 tot
825 3924 1007 3979 causis
1044 3940 1150 3976 non
1184 3922 1459 3991 indigeant
1502 3920 1723 3985 omnia;
1760 3936 1881 3990 qua:
1917 3931 2054 3977 tame

2212 3936 2336 3972 mw
2371 3919 2600 3989 δεόμενα
2629 3920 2727 3989 οὑχ
2750 3918 3065 3986 ὑπερϐαίνει
3095 3918 3183 3971 τὸν
3210 3919 3500 3990 εἰρημένον
3522 3916 3738 3989 ἀριθμόν.

529 4019 775 4090 pluribus
805 4016 1065 4084 indigent,
1104 4029 1166 4067 ea
1195 4028 1474 4082 nunquam
1519 4012 1854 4082 assignatum
1902 4028 2055 4065 nume

2214 4009 2602 4081 Γνωριμωτέρα
2624 4009 2666 4061 δ’
2698 4009 2762 4062 ἂν
2796 4009 2973 4061 αὑτῶν
3012 4012 3043 4079 ἡ
3089 4009 3318 4080 διαφορὰ
3354 4010 3578 4076 γένοιτο,
3606 4009 3647 4059 εί
3668 4005 3740 4058 ἐπὶ

531 4127 652 4165 rum
684 4115 966 4179 superant.
1006 4105 1203 4159 Verum
1250 4104 1514 4158 illustrior
1544 4105 1726 4157 futura
1772 4112 1855 4158 est
1904 4120 2053 4156 earn:

2213 4103 2639 4174 παραδείγματος
2670 4121 2810 4167 τινος
2836 4105 2942 4157 τῶν
2966 4104 3264 4173 γινομένων
3317 4101 3560 4173 ὁραθείη.
3593 4100 3739 4151 Ἔστω

528 4199 860 4257 diversitatis
901 4199 1061 4262 ratio,
1101 4199 1145 4252 si
1179 4198 1231 4249 iu
1271 4206 1420 4250 certo
1447 4192 1684 4261 quodam
1719 4208 1932 4255 eorum,
1975 4208 2054 4261 qu;

2211 4195 2260 4265 Ξὴ
2292 4194 2375 4246 ἐπ’
2415 4195 2727 4265 ἀνδριάντος
2772 4197 2904 4266 ἡμῖν
2961 4197 2994 4265 ἡ
3036 4194 3143 4248 τῶν
3206 4193 3397 4248 αἰτίων
3454 4191 3737 4260 δεικνυμένη

532 4293 687 4358 fiunt,
732 4291 979 4360 exemplo
1020 4297 1291 4344 cernetur.
1318 4284 1557 4340 Exsistat
1589 4300 1716 4354 ergo
1759 4298 1787 4337 a
1836 4284 1994 4337 nobis
2038 4283 2052 4336 i

2210 4286 2473 4357 ῑιαίρεσις.
2504 4285 2610 4338 Τοῦ
2645 4286 2699 4338 δὲ
2731 4286 3039 4358 ἀνδριάντος
3066 4285 3140 4348 ὼς
3169 4285 3265 4355 μὲν
3290 4283 3568 4354 ποιητικὸν
3597 4281 3736 4333 αἴτιον

531 4391 731 4445 statua,
772 4381 1160 4452 principiorum
1201 4380 1359 4432 allata
1408 4379 1703 4433 distinctio.
1743 4375 1948 4430 Statua:
1994 4376 2057 4446 igi

2210 4378 2223 4429 5
2258 4379 2491 4447 ποιήσας
2524 4377 2788 4447 τεχνίτης,
2816 4378 2875 4431 ὃν
2899 4376 3331 4447 ἀνδριαντοποιὸν
3362 4375 3643 4446 καλοῦμεν·
3678 4371 3736 4430 ὡς

530 4488 619 4533 tur
657 4476 894 4532 efficiens
932 4472 1257 4544 principium
1285 4470 1478 4524 artifex
1516 4471 1629 4539 ipse
1653 4478 1755 4533 est,
1787 4484 1945 4538 quem
1974 4483 2056 4538 ρι’(

2208 4467 2249 4520 se
2281 4467 2377 4536 ῦλη
2418 4468 2445 4518 ὁ
2474 4466 2826 4536 ὑποκείμενος
2858 4466 3076 4536 χαλκὸς,
3108 4466 3141 4537 ἢ
3170 4464 3334 4529 λίθος,
3361 4466 3394 4536 ἢ
3424 4466 3454 4519 ὃ
3485 4466 3534 4518 τί
3560 4464 3603 4515 τ’
3637 4452 3734 4531 ἂνῇ

529 4584 709 4641 pterea
760 4567 1088 4623 statuarium
1140 4565 1508 4633 appellamus:
1554 4562 1793 4631 ejusdem
1844 4562 2055 4615 materia

2204 4559 2254 4611 τὸ
2280 4559 2383 4611 ὑπὸ
2406 4556 2498 4610 τοῦ
2521 4557 2763 4627 τεχνίτου
2794 4556 3253 4628 σχηματιζόμενον
3271 4556 3415 4609 κατὰ
3440 4556 3535 4642 τὴγ
3550 4553 3730 4622 τέχνην·

528 4680 622 4726 aes,
650 4662 793 4732 quod
831 4660 930 4713 arti
965 4657 1272 4727 subjicitur,
1303 4665 1397 4709 aut
1426 4655 1583 4721 lapis,
1616 4663 1711 4707 aut
1760 4653 1905 4707 aliud
1943 4652 2054 4721 ejus

2206 4650 2367 4702 ιίτιον
2399 4647 2505 4720 γὰρ
2535 4649 2629 4700 καὶ
2661 4648 2817 4700 τοῦτο
2848 4648 2940 4701 τοῦ
2985 4649 3265 4717 γεγονέναι
3288 4665 3348 4701 τε
3387 4648 3481 4701 καὶ
3504 4641 3635 4698 εἶναι
3663 4641 3732 4692 τὸν

530 4754 675 4810 modi
706 4751 931 4822 aliquid,
959 4750 1101 4819 quod
1126 4749 1261 4803 artis
1300 4764 1364 4801 ex
1393 4746 1844 4816 prmceptionibus
1873 4744 2056 4798 confor

2204 4740 2504 4811 ἀνδριάντα.
2538 4742 2693 4792 Ἐστι
2733 4739 2906 4792 δὲκαὶ
2937 4739 2997 4792 τὸ
3035 4738 3191 4804 εἶδος,
3247 4740 3305 4793 τὸ
3338 4741 3399 4797 ὲν
3445 4738 3523 4809 τῷ
3553 4739 3730 4822 ὑποκει-

528 4856 706 4898 metur
733 4862 743 4895 :
774 4820 896 4895 nam
924 4840 973 4893 id
998 4853 1212 4908 quoque
1238 4847 1428 4890 statuae
1453 4835 1743 4890 exsistendi
1771 4834 2054 4903 principiut

2203 4832 2343 4902 μένῳ
2374 4829 2546 4900 τούτῳ
2574 4830 2863 4899 γενόμενον
2904 4829 3008 4882 ὑπὸ
3062 4829 3155 4882 τοῦ
3185 4828 3455 4899 τεχνίτου,
3510 4826 3597 4879 καὶ
3623 4820 3729 4875 αὐτὸ

527 4943 631 4987 est.
668 4931 886 4985 Accedit
929 4930 1143 4997 utrique
1185 4927 1379 4987 forma,
1416 4941 1537 4994 quae
1566 4925 1633 4978 ab
1674 4924 1879 4977 artifice
1912 4923 2053 4992 subje

2196 4922 2284 4974 τοῦ
2316 4921 2623 4993 ἀνδριάντος
2650 4920 2837 4972 αἴτιον.
2858 4919 2946 4971 Διὸ
2967 4915 3103 4981 εἶδός
3126 4920 3239 4971 ἐστι
3272 4914 3585 4985 δισκεῦον,ἢ
3604 4915 3722 4965 ἀχον

529 5034 668 5077 ctam
705 5022 756 5074 in
784 5021 1062 5073 materiam
1095 5017 1388 5080 inducitur,
1421 5031 1649 5084 qumque
1677 5015 1879 5083 pariter
1901 5024 2055 5068 statui

2199 5012 2358 5076 τίζον,
2393 5013 2425 5083 ἢ
2464 5014 2546 5064 ἐπ’
2604 5012 2761 5066 ἄλλου
2820 5012 2962 5074 τινὸς
2998 5011 3300 5081 ὡρισμένου
3333 5011 3619 5079 σχήματος.
3668 5003 3725 5055 Οὐ

526 5114 853 5182 principium
884 5123 985 5167 est.
1029 5110 1207 5176 Quare
1240 5108 1323 5161 vel
1355 5107 1564 5161 discum
1597 5106 1869 5174 jacientis,
1896 5106 1974 5159 vel
2000 5106 2052 5174 ja

2196 5106 2351 5176 μόνον
2382 5105 2439 5157 δὲ
2466 5104 2640 5157 ταῦτα
2670 5104 2765 5173 τῆς
2795 5102 2886 5155 τοῦ
2941 5102 3251 5173 ἀνδριάντος
3280 5102 3541 5169 γενέσεως
3583 5094 3722 5147 αἴτια·

527 5203 762 5257 culautis
795 5203 846 5254 in
872 5216 1099 5265 morem,
1130 5198 1173 5252 si
1204 5196 1433 5251 formam
1469 5204 1699 5265 spectes,
1724 5196 1807 5249 vel
1826 5194 1930 5248 alia
1956 5210 2053 5264 qua

2196 5195 2303 5249 ἀλλ’
2334 5195 2478 5248 ἔστιν
2517 5194 2724 5257 οὐδενὸς
2752 5194 2859 5246 τῶν
2908 5195 3094 5246 αἰτίων
3124 5195 3222 5266 τῆς
3274 5194 3538 5261 γενέσεως
3587 5190 3722 5243 αὑτοῦ

530 5294 655 5348 libet
692 5293 949 5363 peculiari
991 5289 1361 5359 singularique
1400 5287 1569 5357 figura
1604 5287 1954 5340 simulacrum
1994 5301 2056 5340 ex

2193 5286 2437 5359 δεύτερον
2456 5288 2517 5340 τὸ
2555 5287 2724 5350 τέλος,
2749 5282 2807 5339 οὗ
2836 5286 2993 5358 χάριν
3022 5287 3231 5355 γέγονε,
3258 5286 3531 5338 τουτέστιν
3558 5284 3587 5353 ἦ
3613 5278 3719 5349 τιμὴ

529 5400 777 5455 pressum
808 5394 907 5439 est.
931 5382 1039 5436 Nec
1073 5383 1174 5435 ista
1208 5381 1381 5436 solum
1406 5380 1700 5433 conflanda:
1723 5389 1916 5433 statuae
1938 5379 2055 5447 prin

2192 5396 2355 5441 τινος,
2386 5379 2417 5449 ἢ
2462 5381 2537 5441 εἱς
2570 5378 2699 5430 Θεὸν
2730 5378 2977 5431 εὐσέϐειά
3000 5396 3100 5441 τις.
3133 5380 3291 5431 Ἀνευ
3328 5379 3437 5449 γάρ
3469 5378 3562 5445 τῆς
3578 5369 3718 5426 τοιαύ-

528 5475 667 5542 cipia
699 5483 858 5540 sunt;
902 5474 1033 5526 nulli
1069 5472 1335 5541 siquidem
1376 5485 1585 5529 eorum.
1624 5469 1727 5522 hoc
1774 5468 1826 5521 in
1870 5482 2054 5536 genere

2193 5487 2291 5538 της
2317 5436 2493 5532 αἰτίας
2510 5470 2616 5522 οὐδ’
2642 5468 2706 5522 ἂν
2737 5470 2834 5539 τὴν
2863 5470 3036 5540 ἀρχὴν
3054 5470 3082 5520 ὁ
3109 5469 3327 5540 ἀνδριὰς
3353 5436 3591 5536 γέγονεν.
3625 5464 3716 5515 Ὀν-

527 5566 652 5621 finis
682 5566 767 5619 ille
799 5566 959 5627 cedit,
991 5565 1147 5634 cujus
1181 5563 1353 5633 gratia
1386 5562 1729 5627 elaboratur;
1775 5560 2053 5630 cujusmod

2251 5578 2296 5612 ›ν
2316 5560 2490 5614 τοίνυν
2529 5560 2794 5614 τοσούτων
2826 5561 2932 5615 τῶν
2984 5562 3190 5626 αἰτίων,
3232 5561 3321 5613 καὶ
3365 5560 3462 5630 τὴν
3501 5558 3625 5629 πρὸς
3651 5554 3729 5609 ἆλ⁴
3768 5610 3777 5621 .

525 5656 608 5711 vel
638 5655 917 5719 cujusdam
951 5656 1144 5720 honor,
1164 5655 1242 5708 vel
1264 5669 1388 5723 erga
1421 5651 1588 5706 Deum
1616 5652 1802 5724 religio
1832 5662 1932 5709 est.
1961 5651 2051 5709 lla:

2191 5651 2326 5725 ληλα
2356 5654 2615 5725 διαφορὰν
2667 5655 2895 5725 ἐχόντων
2939 5652 3231 5725 γνώριμον,
3264 5654 3357 5724 τὴν
3412 5649 3717 5722 είμςειρμιέντὶ11

595 5760 620 5789 ι
656 5749 742 5805 τσ.
771 5748 1171 5821 ἀνεπιτίμητος.
1244 5749 1273 5789 δ
1308 5750 1393 5805 ἷσ.
1430 5748 1632 5803 ἄλλοτε.
