3864 6386
591 288 699 344 459

1233 289 1505 347 EUSEBII
1543 291 2033 352 CESARIENSIS
2071 295 2221 353 OPP.
2263 296 2446 354 PARS
2478 295 2542 352 ll.
2582 328 2653 339 —
2688 293 3192 354 APOLOGETICA.
3380 256 3383 263 Ι
3677 303 3756 361 460

583 416 748 458 causa
786 402 936 468 ﬁant,
980 412 1095 458 tum
1146 404 1339 461 iisdem
1396 421 1527 461 vero
1580 407 1711 463 dum
1755 408 1830 464 ita
1872 408 2031 476 ﬁunt,
2076 412 2136 467 Sit

2258 414 2490 482 γονέναιο
2522 414 2603 469 διὸ
2624 416 2683 469 ὲν
2708 416 2819 477 τοῖς
2844 411 3009 466 ἓνεκά
3044 430 3137 465 του
3180 410 3477 482 γινομένοις
3521 413 3757 485 ἀναγκαῖον

582 508 839 569 tanquam
863 499 990 554 ﬁnis
1015 501 1235 570 quidam
1264 500 1318 555 id
1347 508 1621 565 occurrat,
1650 502 1795 571 quod
1832 511 2031 557 temere
2062 518 2154 557 ca-

582 604 757 659 suque
797 590 913 645 ﬁeri
959 590 1175 646 dicitur.
1215 589 1424 656 Quibus
1467 592 1612 646 hunc
1662 592 1714 646 in
1772 594 1990 647 modum
2019 609 2151 648 cou-

581 681 806 743 stitutis,
859 692 1019 753 atque
1048 682 1325 745 omnibus,
1357 697 1476 752 quae
1512 682 1669 748 ﬁunt,
1702 683 1803 737 hos
1838 684 1892 737 in
1928 684 2152 739 ordines

582 789 647 829 ac
691 789 890 843 genera
920 774 1252 840 distributis,
1287 773 1533 844 sequitur
1568 775 1843 845 deinceps,
1883 776 1959 829 uti
1988 792 2150 846 quam

581 866 647 921 ad
681 866 1075 936 principiorum
1106 865 1458 922 efﬁcientium
1503 866 1733 922 classem
1776 868 2021 923 revocari
2066 868 2148 923 fa-

580 967 694 1013 tum
722 956 916 1013 debeat
945 957 1250 1013 videamus.
1287 955 1482 1011 Utrum
1516 957 1679 1028 igitur
1706 958 1771 1011 ad
1795 972 2006 1023 eorum,
2031 975 2152 1029 quae

581 1051 785 1107 nullius
825 1053 899 1106 rei
935 1067 1101 1107 causa
1141 1052 1315 1107 ﬁunt?
1345 1067 1413 1106 an
1448 1052 1631 1122 potius
1670 1051 1722 1105 id
1770 1055 1931 1122 plane
1959 1054 2151 1109 absur-

580 1146 707 1200 dum
741 1144 1010 1211 videatur,
1059 1160 1182 1199 cum
1231 1153 1287 1199 et
1325 1137 1441 1198 lati‘
1474 1144 1694 1198 nomine
1745 1144 1812 1198 ad
1856 1143 2018 1199 ﬁnem
2051 1145 2138 1199 ali.

579 1252 739 1307 quem
801 1237 1197 1308 designandum
1246 1244 1563 1292 constanter
1612 1237 1690 1290 uti
1747 1236 2053 1303 soleamus,
2095 1247 2150 1292 et

579 1329 741 1384 ﬁnem
773 1329 951 1400 ipsum
987 1329 1100 1384 fato
1149 1328 1446 1400 contigisse
1490 1328 1783 1383 dicamus?
1823 1327 2008 1397 Itaque
2051 1344 2147 1383 su-

578 1431 778 1489 perest,
819 1430 878 1477 ut
935 1422 990 1476 in
1048 1421 1119 1476 iis
1155 1420 1326 1475 fatum
1370 1427 1714 1484 numeretur,
1756 1434 1879 1489 qua:
1917 1419 2147 1489 alicujus

577 1513 750 1584 gratia
779 1512 936 1567 ﬁunt.
967 1531 986 1564 ι
1022 1510 1149 1566 ΠιΒο
1174 1512 1395 1567 totidem
1418 1512 1597 1567 verbis
1612 1512 1932 1578 Alexander,
1950 1513 2146 1583 quibus

577 1605 881 1675 explicatis,
919 1603 1205 1658 conﬁrmat
1238 1604 1432 1658 deinde
1494 1605 1745 1674 pluribus
1788 1604 1959 1659 fatum
1999 1605 2142 1661 aliud

578 1710 702 1750 esse
737 1694 892 1759 nihil,
936 1710 1100 1764 quam
1155 1710 1276 1764 quae
1328 1705 1523 1749 natura
1572 1696 1727 1758 ﬁunt,
1776 1697 1922 1765 quod
1959 1683 2022 1751 in‘
2054 1698 2140 1764 iis,

577 1802 700 1857 qua:
718 1786 1034 1857 provisione
1058 1795 1246 1841 nostra
1283 1786 1626 1857 consilioque
1654 1788 1988 1857 perﬁcimus,
2012 1804 2144 1842 nus-

580 1896 743 1950 quam
778 1894 1004 1949 ea,quae
1035 1877 1128 1932 fati
1162 1880 1381 1949 propria
1407 1889 1510 1939 est.
1545 1880 1839 1934 necessitas
1864 1890 2139 1950 appareat.

579 1969 740 2026 Addit
780 1979 1062 2041 praeterea,
1112 1986 1301 2024 eorum
1357 1971 1779 2040 quamplurima,
1829 1987 1949 2041 quae
1988 1981 2146 2026 natu-

575 2076 695 2117 ram
730 2068 1063 2131 sequuntur,
1093 2061 1344 2115 obicibus
1389 2061 1715 2130 quibusdam
1746 2061 2000 2128 inhiberi,
2026 2078 2146 2131 quae

575 2162 774 2223 praeter
806 2163 1060 2208 naturam
1104 2154 1289 2209 vocari
1323 2154 1555 2218 soleant,
1591 2155 2048 2225 quemadmodum
2090 2157 2143 2210 in

577 2244 646 2299 iis
687 2259 808 2314 qua:
838 2254 956 2299 arte
1006 2244 1172 2310 ﬁunt,
1208 2254 1405 2315 prazter
1454 2255 1622 2301 artem
1659 2249 1914 2317 pleraque
1953 2247 2144 2302 dicun-

576 2345 686 2392 tur.
720 2338 875 2404 Quod
911 2338 957 2393 si
1001 2337 1167 2393 semel
1208 2348 1406 2407 prater
1440 2347 1691 2393 naturain
1730 2338 1844 2393 ﬁeri
1884 2339 2143 2394 nonnulla

575 2428 813 2495 dabitur,
845 2430 1002 2485 detur
1030 2430 1192 2484 etiam
1236 2446 1433 2499 praeter
1463 2429 1633 2485 fatum
1675 2433 1863 2486 eadem
1897 2432 2011 2487 ﬁeri
2044 2448 2137 2487 ne-

574 2540 725 2580 cesse
747 2533 851 2589 est,
887 2526 933 2579 si
965 2524 1231 2595 quidquid
1256 2534 1470 2579 natura:
1503 2525 1778 2591 tribuitur,
1801 2526 1932 2580 illud
1963 2527 2140 2596 ipsum

578 2618 682 2675 est,
709 2610 853 2680 quod
883 2610 995 2665 fato
1034 2613 1148 2665 ﬁeri
1182 2612 1398 2667 dicitur.
1438 2630 1456 2661 ι
1489 2610 1552 2664 Et
1580 2624 1780 2678 corpus
1820 2607 2037 2677 quidem
2067 2605 2143 2657 vi-

575 2703 789 2766 demus,
827 2703 1023 2772 inquit,
1056 2703 1200 2773 quod
1230 2705 1333 2759 hoc
1364 2703 1521 2756 illove
1554 2702 1715 2755 modo
1745 2715 1775 2754 a
1806 2708 1999 2753 natura
2028 2710 2147 2752 sese

575 2795 794 2861 habeat,
831 2795 1036 2851 morbis
1058 2796 1221 2849 etiam
1249 2803 1412 2865 atque
1442 2792 1602 2848 morti
1632 2805 1732 2862 pro
1756 2788 1987 2844 naturali
2016 2796 2145 2842 tem-

574 2889 854 2958 peratione
879 2888 1176 2943 obnoxium
1225 2888 1362 2941 ﬁeri.
1394 2885 1717 2954 Quanquam
1752 2899 1820 2937 ne
1847 2881 1900 2935 id
1926 2879 2144 2951 quidem

572 2981 628 3037 in
658 2982 912 3037 omnibus
938 2997 1004 3036 ex
1034 2995 1212 3051 aequo,
1252 2979 1333 3034 vel
1383 2976 1691 3032 necessario
1728 2975 1906 3030 locum
1940 2973 2142 3027 habet:

570 3075 718 3147 quod
746 3073 1018 3145 ejusmodi
1052 3073 1272 3128 habitus
1301 3071 1496 3142 partim
1539 3080 1668 3124 cura
1708 3076 1761 3123 et
1790 3066 1990 3132 studio,
2017 3080 2145 3136 par-
2165 3101 2207 3160 ο

568 3168 667 3226 tim
726 3167 1026 3223 mutatione
1063 3167 1274 3232 victus,
1328 3164 1522 3233 partim
1565 3161 1898 3217 medicorum
1943 3173 2145 3229 prisce-

566 3261 876 3334 ptionibus,
909 3260 1105 3329 partim
1142 3257 1377 3326 denique
1405 3255 1591 3309 divino
1623 3252 1854 3309 consilio
1900 3249 2144 3321 superari

566 3364 751 3426 queat.
798 3354 939 3408 Idem
981 3351 1143 3406 etiam
1183 3351 1237 3406 in
1279 3349 1464 3403 animo
1498 3363 1599 3402 usu
1645 3344 1830 3400 venire
1876 3343 2045 3410 solet,
2084 3350 2144 3397 ut

565 3454 762 3516 praeter
801 3443 1128 3513 singularem
1155 3449 1364 3494 naturae
1402 3438 1507 3491 vim
1537 3445 1590 3491 et
1623 3434 2011 3499 conditionem,
2043 3448 2140 3488 va-

563 3536 661 3594 riae
679 3536 1024 3606 singulorum
1072 3532 1262 3603 agendi
1297 3530 1621 3600 vivendique
1657 3528 1915 3591 rationes,
1942 3525 2138 3595 partim

559 3628 951 3686 exercitatione
986 3636 1148 3695 atque
1175 3625 1443 3690 doctrina,
1481 3621 1676 3693 partim
1712 3617 2136 3689 sapientioribus

557 3721 805 3778 consiliis
854 3719 1105 3775 meliores
1159 3719 1310 3772 ﬁant.
1370 3718 1557 3785 Itaque
1619 3729 1743 3769 cum
1797 3712 1864 3767 de
1917 3711 2139 3765 Socrate

562 3815 887 3884 philosopho
922 3810 1166 3882 Zopyrus
1206 3807 1643 3879 Pliysiognomon
1683 3803 1860 3858 aliena
1886 3800 2132 3872 quaedam

555 3917 611 3963 et
654 3906 945 3977 plurimum
1005 3920 1033 3957 a
1091 3902 1329 3953 Socratis
1369 3900 1619 3953 instituto
1662 3897 1896 3965 vitaeque
1939 3908 2135 3964 genere

562 3980 927 4050 discrepantia
957 3980 1302 4050 conjecisset,
1351 3994 1529 4050 eaque
1577 3981 1643 4035 de
1675 3996 1862 4043 causa,
1908 3983 2021 4035 risu
2063 3981 2131 4036 ab

560 4069 629 4125 iis
660 4071 755 4141 qui
795 4085 919 4126 cum
962 4069 1187 4126 Socrate
1231 4079 1409 4138 erant,
1456 4079 1715 4141 exceptus
1753 4081 1930 4137 esset,
1969 4088 2132 4144 nega-

558 4160 637 4214 vit
662 4158 913 4217 Socrates
940 4162 1209 4232 Zopyrum
1238 4159 1381 4226 falli;
1417 4160 1576 4215 talem
1601 4161 1745 4215 enim
1776 4176 1897 4216 sese
1922 4171 2131 4218 naturae

560 4252 718 4322 271
756 4252 807 4307 vi
837 4250 1077 4307 futurum
1107 4267 1248 4319 esse,
1285 4252 1389 4307 nisi
1419 4252 1776 4321 philosophiae
1803 4253 1999 4308 studiis
2032 4270 2129 4309 ua-

559 4354 695 4399 turae
734 4344 864 4399 vitia
909 4353 1238 4414 superasset.
1284 4342 1504 4414 iAtque
1532 4342 1839 4411 linjusmodi
1870 4358 1933 4399 ea
1979 4354 2127 4411 sunt,

2255 505 2459 560 τιθέναι
2489 505 2588 578 τὴν
2620 505 3015 578 εἱμαρμένην.»
3051 501 3236 557 Ταῦτα
3288 503 3464 567 αὐτοῖς
3504 505 3697 575 ῥήμασιν
3739 513 3759 563 ὁ

2257 595 2626 667 προδηλωθεὶς
2655 595 2793 667 ἀνὴρ
2821 593 3029 658 διελὼν,
3080 592 3170 647 διὰ
3210 593 3463 648 πλειόνων
3508 597 3618 664 ἑξῆς
3665 616 3758 653 συν-

2256 688 2466 761 ίστησιν
2502 688 2612 741 οὐδ’
2633 687 2761 743 ἄλλο
2795 705 2847 741 τι
2879 684 3138 758 εἶναιτὴν
3156 685 3491 758 εἱμαρμένην
3514 689 3545 758 ἢ
3573 690 3633 743 τὰ
3655 694 3762 746 κατὰ

2253 780 2412 849 φύσιν
2431 779 2707 850 γινόμενα·
2741 779 2816 850 μὴ
2844 778 2954 851 γὰρ
2974 778 3032 831 ὲν
3070 779 3183 840 τοῖς
3229 776 3370 830 κατὰ
3411 776 3639 850 λογισμὸν
3660 782 3761 851 ἡμέο

2250 887 2428 942 τερον,
2462 870 2718 925 καὶκατὰ
2742 869 2938 941 τέχνην
2988 868 3441 940 ἐπιτελουμένοις,
3473 869 3564 941 τὴν
3594 872 3678 940 τῆς
3706 875 3763 926 εί-

2254 963 2539 1034 μαρμένης
2571 962 2818 1034 ἀνάγκην
2847 960 3283 1033 ὲπιθεωρεῖσθαι.
3310 963 3446 1034 Φησὶ
3471 961 3523 1015 δὲ
3545 963 3639 1016 τῶν
3658 967 3763 1019 κατὰ

2251 1051 2410 1120 φύσιν
2436 1052 2661 1106 πλεῖστα
2693 1050 3076 1123 ἐμποδίζεσθαι
3127 1050 3463 1122 συμϐαίνειν,
3503 1050 3537 1106 ἃ
3573 1054 3655 1105 καὶ
3693 1071 3766 1108 κα-

2250 1141 2454 1196 λεῖσθαι
2490 1144 2643 1216 παρὰ
2694 1143 2873 1214 φύσιν,
2923 1142 3113 1215 ὥσπερ
3166 1143 3263 1195 καὶ
3291 1144 3348 1195 ὲν
3402 1146 3510 1206 τοῖς
3543 1144 3664 1197 κατὰ
3693 1145 3766 1216 τὴν

2247 1233 2441 1305 τέχνην
2474 1236 2541 1289 τὰ
2575 1235 2725 1308 παρὰ
2780 1237 2877 1306 τὴν
2908 1234 3104 1305 τέχνην
3154 1233 3426 1303 λέγεσθαι.
3479 1234 3540 1287 Et
3582 1235 3632 1289 δὲ
3665 1235 3768 1300 ὅλως

2248 1326 2399 1399 παρὰ
2429 1327 2489 1380 τὸ
2516 1327 2659 1381 κατὰ
2710 1326 2871 1397 φύσιν
2917 1326 3126 1396 γίνεταί
3184 1345 3324 1392 τινα,
3372 1327 3559 1396 γένοιτ’
3608 1328 3663 1382 ἂν
3696 1330 3767 1383 καὶ

2248 1416 2400 1487 παρὰ
2420 1418 2518 1489 τὴν
2543 1420 2903 1490 εἱμαρμένην,
2932 1420 3090 1491 εἴπερ
3136 1418 3205 1471 τὰ
3236 1419 3377 1472 κατὰ
3429 1419 3601 1487 φύσιν,
3630 1420 3767 1474 ταῦτά

2247 1507 2362 1560 ἐστι
2423 1508 2493 1561 τὰ
2526 1509 2646 1563 καθ’
2675 1509 3041 1581 εἱμαρμένην,
3077 1528 3097 1561 ι
3145 1508 3391 1581 Ὀρῶμεν
3441 1509 3583 1578 γοῦν,
3620 1512 3765 1581 φησὶν,

2246 1598 2326 1651 ὅτι
2372 1600 2544 1653 καὶτὸ
2588 1601 2765 1670 σῶμα,
2817 1601 2895 1670 τῷ
2962 1600 3166 1654 τοιόνδε
3219 1601 3251 1671 ἢ
3288 1600 3485 1654 τοιόνδε
3537 1596 3660 1655 εἷναι
3695 1602 3770 1671 τὴν

2248 1690 2428 1760 φύσιν,
2464 1693 2520 1744 ὲν
2574 1691 2739 1755 νόσοις
2787 1691 2881 1744 καὶ
2934 1690 3162 1763 φθοραῖς
3194 1691 3501 1755 ἀκολούθως
3524 1695 3586 1762 τῇ
3609 1695 3770 1762 φυσικῇ

2249 1782 2577 1835 καταστάσει
2606 1783 2833 1850 γίνεται.
2868 1785 2943 1838 Οὐ
2971 1784 3077 1855 μὴν
3104 1784 3305 1855 ὁμοίως
3334 1784 3427 1837 ἐπὶ
3449 1784 3771 1843 πάντωνωίιὸὲ

2247 1873 2304 1938 ἐξ
2333 1873 2593 1941 ἀνάγκηςο
2654 1874 2836 1927 ἱκαναὶ
2894 1873 3001 1945 γὰρ
3055 1873 3351 1945 ἐκκροῦσαι
3411 1872 3653 1935 παλλακις
3697 1872 3771 1942 τὴν

2244 1963 2447 2017 τοιάνδε
2476 1962 2586 2029 ἕξιν
2647 1965 2980 2033 ἐπιμέλειαι,
3043 1966 3137 2019 καὶ
3179 1966 3310 2036 βίων
3369 1964 3773 2032 ύπαλλαγα“ι,καὶ

2244 2053 2567 2128 προστάξεις
2602 2058 2820 2128 ἰατρῶν,
2876 2058 2970 2111 καὶ
3003 2059 3328 2131 συμὸουλίαι
3386 2059 3543 2113 θεῶν.
3579 2058 3772 2113 Κατὰδὲ

2242 2146 2333 2199 τὸν
2360 2148 2521 2201 αὐτὸν
2566 2149 2764 2220 τρόπον
2802 2150 2895 2202 καὶ
2938 2151 3033 2203 ἐπὶ
3069 2151 3169 2221 τῆς
3217 2151 3397 2222 ψυχῆς
3446 2150 3591 2224 εὖροι
3631 2168 3701 2215 τις
3726 2150 3773 2204 ἂν

2245 2236 2397 2309 παρὰ
2428 2239 2527 2311 τὴν
2554 2239 2786 2310 φυσικὴν
2817 2242 3164 2314 κατασκευὴν
3190 2242 3485 2314 διαφόρους
3533 2246 3591 2296 ὲν
3606 2243 3775 2313 ἑκάστῳ

2245 2331 2592 2401 προαιρέσεις
2641 2333 2734 2385 καὶ
2778 2332 3006 2404 πράξεις
3065 2333 3158 2386 καὶ
3201 2333 3372 2404 βίους,
3426 2333 3486 2399 ἐξ
3539 2335 3775 2407 ἀσκήσεως

2245 2420 2341 2473 καὶ
2373 2421 2480 2474 ἀπὸ
2509 2421 2865 2493 μαθημάτων,
2901 2425 2995 2477 καὶ
3036 2424 3144 2478 ἀπὸ
3168 2423 3341 2494 λόγων
3366 2425 3674 2498 κρειττόνων
3693 2427 3776 2496 βεὶρ

2241 2513 2557 2583 τιουμένων.
2587 2516 2845 2580 Εἰπόντος
2877 2516 3006 2584 γοῦν
3070 2534 3198 2570 ποτε
3241 2517 3336 2571 τοῦ
3382 2517 3774 2590 Φυσιογνωμονθς

2244 2606 2372 2677 περὶ
2400 2606 2492 2659 τοῦ
2527 2607 2847 2677 Σωκράτους
2871 2608 2964 2662 τοῦ
2991 2608 3279 2678 φιλοσόφου
3328 2610 3508 2664 ἄτοπὰ
3548 2629 3679 2675 τινα,
3706 2610 3775 2662 καὶ

2242 2696 2489 2751 πλεῖστον
2539 2699 2823 2767 ἀφεστῶτα
2889 2699 2990 2771 τῆς
3061 2701 3439 2773 προαιρέσεως
3496 2701 3649 2756 αὐτοῦ
3703 2702 3775 2771 τῆς

2240 2788 2381 2842 κατὰ
2426 2788 2515 2842 τὸν
2550 2788 2683 2859 βίον,
2735 2791 2830 2844 καὶ
2864 2791 2956 2844 ἐπὶ
3002 2791 3210 2856 τούτοις
3244 2793 3349 2846 ὑπὸ
3379 2794 3486 2848 τῶν
3524 2794 3642 2864 περὶ
3690 2794 3777 2845 Σω-

2240 2877 2449 2949 κράτην
2496 2879 2966 2948 καταγελωμένου,
3027 2878 3177 2932 οὐδὲν
3218 2874 3376 2933 εἶπεν
3436 2882 3465 2932 ὀ
3527 2878 3776 2950 Σωκράτης

2241 2966 2503 3035 ἐσφάλθαι
2532 2967 2622 3020 τὸν
2651 2966 2928 3040 Ζώπυρον·
2959 2964 3028 3039 ἦν
3059 2967 3168 3039 γὰρ
3194 2966 3260 3021 ἂν
3281 2966 3547 3032 τοιοῦτος,
3574 2968 3684 3020 ὅσον
3711 2967 3779 3017 ἐπὶ

2240 3061 2305 3129 τῇ
2331 3058 2509 3128 φύσει,
2545 3061 2592 3112 εί
2623 3059 2699 3131 μὴ
2722 3059 2810 3113 διὰ
2830 3061 2927 3132 τὴν
2960 3060 3023 3112 ὲκ
3045 3059 3361 3129 φιλοσοςςίας
3407 3059 3634 3130 ἄσκησιν
3656 3057 3779 3128 ἀμεε-

2239 3167 2344 3204 νων
2376 3150 2475 3220 τῆς
2500 3150 2711 3220 φύσεως
2735 3151 3009 3220 ἐγένετο.»
3044 3152 3152 3206 Καὶ
3200 3151 3427 3205 τοιαῦτα
3459 3152 3557 3223 μὲν
3580 3151 3643 3204 τὰ
3670 3148 3779 3203 κατὰ

2239 3242 2420 3313 φύσιν,
2443 3242 2479 3296 ἃ
2507 3243 2599 3297 καὶ
2637 3243 2804 3314 μηδέν
2849 3260 2983 3315 φησι
3034 3244 3312 3314 διαφέρειν
3344 3245 3458 3299 τῶν
3480 3243 3779 3314 καθέἱμαρ-

2240 3335 2406 3406 μένην
2429 3352 2442 3365 ·
2468 3334 2539 3388 τὰ
2567 3335 2622 3389 δὲ
2653 3334 2759 3388 ἀπὸ
2790 3334 2959 3406 τύχης
3005 3335 3248 3398 τοιαῦτα,
3307 3337 3439 3393 ὅταν
3489 3336 3642 3390 ἄλλου
3667 3333 3780 3396 τινὸς

2236 3428 2394 3499 χάριν
2421 3427 2696 3499 γενομένῳ
2728 3429 2834 3481 τινλ⁸
2891 3429 2964 3500 μὴ
3013 3427 3172 3481 τοῦτο
3227 3430 3545 3502 ἀπαντήσῃ,
3571 3423 3627 3482 οὗ
3654 3428 3780 3498 χάριν

2235 3519 2471 3587 ἐγένετο,
2520 3519 2646 3573 ἄλλο
2674 3520 2733 3573 δέ
2771 3538 2823 3573 τι
2850 3520 2988 3591 ὅπερ
3019 3520 3116 3592 τὴν
3160 3521 3336 3593 ἀρχὴν
3367 3520 3495 3574 οὐδὲ
3538 3519 3779 3591 ἠλπίζετο.

2234 3611 2515 3683 Θησαυρόν
2539 3628 2599 3664 τε
2643 3611 2752 3683 γάρ
2786 3628 2950 3683 φησιν
2981 3612 3090 3666 ἀπὸ
3130 3612 3298 3685 τύχης
3330 3615 3623 3685 εὑρηκέναι
3665 3610 3779 3673 τινὰ,

2232 3703 2359 3755 ὅταν
2389 3703 2548 3757 ἄλλου
2580 3702 2740 3775 χάριν
2794 3702 3060 3776 ὀρύσσων,
3096 3703 3231 3758 ἀλλὰ
3270 3704 3348 3777 μὴ
3407 3705 3505 3759 τοῦ
3550 3702 3781 3775 θησαυρὸν

2233 3796 2432 3867 εὑρεῖν,
2463 3794 2723 3868 θησαυρῷ
2746 3795 3040 3867 περιπέσῃ.
3076 3797 3185 3849 Καὶ
3211 3796 3273 3848 τὸ
3298 3796 3568 3870 ἀργύριον
3593 3795 3691 3850 ἀπὸ
3711 3792 3782 3845 τύ-

2233 3904 2334 3957 χης
2364 3886 2684 3958 κεκομίσθαι
2715 3887 2835 3942 τινὰ
2867 3888 3136 3956 λέγουσιν,
3187 3890 3316 3944 ὅταν
3361 3892 3447 3954 εἰς
3479 3891 3577 3962 τὴν
3611 3886 3781 3958 ἀγορὰν

2233 3979 2509 4050 προελθὼν
2541 3978 2700 4034 ἄλλου
2721 3979 2867 4043 τινὸς
2914 3980 3097 4052 χάριν,
3122 3982 3388 4053 ἀργύριον
3434 3983 3609 4054 ἔχοντι
3658 3996 3783 4050 περι-

2233 4070 2413 4125 πεσὼν
2461 4072 2538 4144 τῷ
2583 4074 2832 4148 χρεώστῃ
2862 4076 2921 4129 τὸ
2950 4074 3298 4145 ὀφειλόμενον
3358 4074 3605 4146 λήψαιτο.
3642 4072 3783 4127 Καὶό

2234 4162 2395 4225 ἵππος
2421 4163 2477 4217 δὲ
2527 4164 2848 4236 αὐτομάτως
2900 4166 3012 4220 τισὶ
3057 4165 3271 4235 λέγεται
3333 4167 3625 4229 σεσῶσθαι,
3680 4167 3783 4218 ὅταν

2230 4255 2435 4326 τροφῆς
2466 4254 2565 4325 μὲν
2595 4256 2791 4322 ἐλπίδι,
2845 4257 2877 4329 ἢ
2927 4258 3086 4313 ἄλλου
3137 4259 3282 4321 τινὸς
3332 4260 3520 4331 χάριν,
3559 4258 3782 4327 ἀποεΡᾶγῃ

2231 4344 2356 4407 τοὺς
2384 4345 2711 4415 κατέχοντας
2732 4348 2915 4412 αὑτὸν,
2946 4349 3235 4421 ἀπαντήσῃ
3279 4348 3338 4402 δὲ
3370 4351 3543 4404 αὐτοῦ
3575 4353 3637 4420 τῇ
3663 4351 3778 4417 φυγῇ

552 4451 679 4506 quae
711 4446 960 4491 naturam
994 4443 1298 4504 sequuntur
1317 4475 1332 4499 ,
1363 4450 1593 4505 quaeque
1620 4434 1754 4488 nihil
1784 4436 1853 4489 ab
1881 4436 1982 4503 iis,
2006 4453 2128 4508 qua:

2238 4437 2323 4489 καὶ
2351 4436 2429 4507 τῷ
2458 4438 2642 4510 δρόμῳ
2671 4441 2730 4493 τὸ
2756 4442 2867 4505 τοῖς
2896 4441 3184 4504 δεσπόταις
3218 4446 3562 4513 περιπεσεῖν.
3594 4436 3683 4495 Ὧν
3711 4438 3779 4492 οὗ·

554 4525 669 4581 fato
715 4527 871 4593 ﬁunt,
919 4524 1140 4582 diﬁ‘erre
1185 4526 1481 4581 contendit.
1521 4525 1653 4591 Quae
1689 4541 1818 4581 vero
1846 4542 1975 4583 casu
2008 4528 2123 4584 ﬁeri

554 4619 847 4683 dicuntur,
891 4619 957 4675 de
1003 4619 1073 4673 iis
1105 4619 1177 4674 ita
1210 4616 1398 4674 statuit
1434 4634 1448 4671 :
1479 4628 1537 4671 ut
1560 4619 1635 4682 si,
1679 4633 1798 4672 cum
1829 4620 1957 4690 quid
1989 4619 2125 4674 alte—

554 4711 672 4766 rius
694 4711 772 4766 rei
797 4710 968 4782 gratia
1002 4709 1171 4777 ﬁeret,
1203 4709 1386 4763 minus
1407 4708 1458 4762 id
1492 4707 1613 4777 ipsi,
1640 4709 1796 4779 cujus
1825 4711 1998 4781 gratia
2029 4711 2123 4766 ﬁe»

550 4801 668 4867 ibat,
699 4801 1018 4867 occurrerit,
1070 4801 1165 4856 sed
1208 4799 1355 4853 aliud
1386 4798 1687 4869 quidpiam,
1717 4801 1861 4870 quod
1899 4810 2123 4856 eventu-

548 4907 675 4948 rum
722 4892 879 4947 initio
921 4907 1083 4947 nemo
1135 4895 1416 4964 cOgitaret.
1479 4892 1570 4949 Sic
1620 4894 1688 4949 ab
1734 4908 1799 4949 eo
1844 4893 2120 4948 inventum

546 5000 679 5042 casu
702 4985 1017 5041 thesaurum
1042 5000 1163 5040 esse
1185 4985 1522 5055 pronuntiat,
1545 4985 1659 5055 qui,
1688 5001 1813 5040 cum
1834 4984 1942 5039 alio
1968 5000 2122 5051 pror-

544 5070 644 5132 s'us
671 5092 834 5147 quam
866 5076 1174 5133 inveniendi
1215 5077 1451 5132 thesauri
1498 5079 1678 5133 animo
1710 5076 1891 5133 fodere
1919 5078 2118 5146 cmpis-

547 5176 649 5231 set,
698 5167 754 5221 iu
797 5167 1112 5223 thesaurum
1168 5167 1437 5222 inciderit.
1480 5167 1742 5222 Similiter
1793 5182 1925 5222 casu
1972 5181 2121 5222 rece—

542 5266 691 5326 ptam
725 5258 796 5314 ab
824 5274 888 5315 eo
915 5258 1225 5331 pecuniam,
1250 5260 1340 5329 qui
1376 5275 1498 5313 cum
1524 5259 1628 5315 alia
1652 5267 1831 5314 mente
1856 5258 1908 5312 in
1936 5256 2116 5312 forum

543 5350 816 5416 venisset,
843 5349 1088 5406 incidens
1118 5350 1170 5403 in
1199 5350 1518 5416 debitorem,
1550 5350 1643 5421 qui
1669 5358 1989 5419 priesentem
2021 5349 2116 5404 ha-

541 5439 691 5494 beret
719 5441 1026 5510 pecuniam,
1056 5444 1126 5496 ab
1153 5456 1240 5508 eo,
1275 5441 1418 5512 quod
1447 5441 1549 5496 sibi
1566 5441 1875 5506 deberetur,
1889 5456 2115 5510 accepe-

539 5531 627 5583 rit.
668 5528 812 5597 Quin
835 5541 891 5586 et
920 5547 1049 5587 casu
1077 5536 1287 5587 salvum
1315 5550 1344 5588 a
1372 5534 1701 5604 quibusdam
1732 5550 1930 5604 equum
1959 5537 2112 5592 illum

537 5620 643 5676 (lici
676 5623 1043 5687 cousuevisse,
1079 5625 1166 5678 cui
1196 5640 1317 5679 eum
1346 5634 1443 5679 aut
1487 5626 1667 5695 pabuli
1711 5641 1824 5696 spe,
1855 5636 1950 5681 aut
1976 5629 2112 5684 alte-

536 5729 652 5769 rius
676 5714 965 5784 cujuslibet
1010 5717 1085 5770 rei
1116 5718 1354 5787 appetitu
1381 5759 1395 5783 ,
1429 5734 1552 5774 cum
1576 5735 1642 5774 ex
1664 5735 1851 5775 eorum
1876 5760 1890 5785 ,
1921 5736 1952 5775 a
1987 5723 2108 5791 qui-

606 5818 630 5848 ι
655 5807 738 5866 ἵσ.
775 5807 1026 5883 ὁποτέρᾳ.

2230 4546 2337 4589 τως
2368 4531 2619 4599 ἐχόντων,
2651 4533 2764 4585 οὐδὲ
2813 4532 2983 4586 ταῦτα
3030 4533 3095 4587 ἂν
3127 4535 3211 4605 εἴη
3269 4534 3396 4587 καθ’
3454 4534 3781 4607 εἱμαρμένην.

2229 4620 2340 4672 Καὶ
2360 4621 2529 4692 ἄδηλα
2555 4622 2612 4675 δέ
2642 4623 2755 4676 ἐστί
2786 4642 2905 4678 τινα
2946 4630 3093 4683 αἴτια
3132 4625 3464 4698 ἀνθρωπίνῳ
3491 4622 3779 4696 λογισμῷ,ἇ

2228 4710 2372 4763 κατά
2392 4727 2544 4773 τινας
2561 4711 2911 4777 ἀντιπαθείας
2934 4714 3177 4782 γίνεσθαι
3198 4719 3580 4783 πεπίστευται,
3599 4723 3780 4788 ἀγνοου-

2232 4800 2398 4870 μένης
2429 4802 2525 4873 τῆς
2580 4803 2775 4867 αἰτίας,
2830 4805 2897 4858 δι’
2920 4805 2985 4876 ἢν
3032 4808 3261 4876 γίνεται·
3315 4814 3482 4866 ὁποῖα
3539 4810 3778 4884 περίαπτά

2227 4908 2347 4945 τινα
2367 4897 2538 4946 ποιεῖν
2564 4895 2941 4966 προείληπται,
2975 4899 3231 4971 οὐδεμίαν
3269 4902 3497 4973 εὔλογον
3533 4907 3622 4959 καὶ
3643 4903 3779 4958 πιθα-

2226 4984 2321 5056 νὴν
2350 4986 2527 5040 αἰτίαν
2547 4987 2641 5040 τοῦ
2673 4987 2844 5042 ταῦτα
2884 4994 3055 5045 ποιεῖν
3104 4992 3313 5063 ἔχοντα,
3340 4995 3425 5051 ἔτι
3454 4997 3513 5050 δὲ
3541 4996 3777 5052 ἐπαοιδαὶ.

2226 5078 2319 5130 καὶ
2349 5077 2595 5132 τοιαῦταί
2648 5097 2791 5144 τινες
2825 5087 3174 5153 μαγγανεῖαι.
3211 5086 3433 5141 Τούτων
3468 5089 3580 5163 γὰρ
3615 5090 3777 5159 ὁμολο-

2224 5169 2400 5235 γεῖται
2429 5169 2527 5239 μὲν
2557 5170 2661 5225 ὑπὸ
2694 5173 2912 5227 πάντων
2944 5174 3136 5245 ἄδηλος
3161 5171 3297 5231 εἶναι
3341 5181 3373 5248 ἡ
3410 5181 3583 5235 αἰτία·
3607 5180 3679 5233 διὸ
3703 5179 3777 5228 καὶ

2222 5260 2631 5331 ἀναιτιολόγητα
2680 5263 2928 5332 λέγουσιν
2971 5269 3132 5321 αὐτά·
3185 5270 3351 5323 πολλὰ
3386 5272 3435 5325 δ’
3470 5269 3609 5327 εἶναι
3654 5268 3778 5340 παρᾶ

2220 5351 2900 5427 ταῦτα,κα“ιὲνδεχομένως,
2916 5360 3009 5412 καὶ
3032 5361 3266 5433 ὁπότερα
3282 5375 3307 5404 ι
3332 5364 3495 5435 ἔτυχε
3528 5364 3774 5433 γινόμενι.

2220 5441 2257 5496 ἃ
2282 5443 2400 5497 οὐδὲ
2435 5444 2586 5501 ταῦτ’
2616 5446 2682 5500 ἂν
2714 5449 2797 5519 εἴη
2826 5450 2946 5503 καθ’
2978 5453 3337 5527 εἱμαρμένην.
3368 5458 3679 5526 Λέγεταιδὲ
3710 5458 3779 5507 ὲν-

2219 5534 2522 5606 δεχομένως
2550 5539 2791 5606 γίνεσθαι
2822 5540 3016 5605 ταῦτα,
3071 5546 3157 5614 ἐφ’
3189 5540 3263 5598 ὧν
3308 5548 3405 5600 καὶ
3438 5549 3503 5602 τὸ
3552 5552 3623 5619 μὴ
3650 5546 3779 5615 γενέ-

2221 5626 2342 5680 σθαι
2373 5626 2554 5699 χώραν
2578 5629 2708 5700 ἔχει,
2738 5631 2812 5695 ὡς
2838 5635 2931 5687 καὶ
2952 5635 3083 5689 αὐτὸ
3114 5637 3173 5690 τὸ
3201 5638 3438 5710 ὁπότερα
3468 5640 3624 5710 ἔτυχε
3655 5638 3779 5705 λεγό-

2221 5737 2397 5791 μενον,
2430 5723 2572 5773 ποιεῖ
2590 5722 2881 5794 γνώριμον,
2909 5721 3032 5780 υἷον
3056 5727 3115 5780 τὸ
3148 5730 3360 5801 κινῆσαί
3390 5749 3446 5785 τι
3477 5735 3586 5786 τῶν
3604 5725 3777 5787 ἑαυτοῦ
