3864 6386
173 395 248 449 561

1238 395 1554 450 PRAEPAR.
1599 396 1850 453 EVANG.
1890 398 2015 453 LIB.
2056 399 2142 452 Ἦ.

3249 401 3354 455 εδει

168 511 331 585 μερῶν,
352 513 433 565 καὶ
453 511 547 582 τὴν
574 511 837 581 τυχοῦσαν
863 513 955 567 τοῦ
987 515 1254 586 τραχήλου
1285 533 1352 568 πε
1362 517 1666 588 ριστροφὴν,

1793 521 1891 575 bus
1915 509 2219 582 tenebatur,
2246 519 2496 572 manibus
2523 517 2838 589 aufugisset,
2870 518 2919 570 in
2949 516 3070 586 fuga
3096 517 3210 585 ipsa
3232 533 3356 572 cur-

165 604 446 674 καίτὴντοῦ
493 605 752 657 δακτύλου
814 605 1055 669 ἔκτασιν,
1100 607 1192 659 καὶ
1254 606 1315 658 τὸ
1365 608 1566 679 ἐπᾶραι
1613 610 1680 662 τά

162 696 377 766 βλέφαρα,
403 697 492 748 καὶ
521 696 609 748 τὸν
637 696 996 766 καθεζόμενον
1030 697 1244 766 στῆσαι,
1269 698 1478 752 καὶτὸν
1511 699 1683 752 κινού-

161 804 284 856 μενον
310 787 587 857 ἠρεμῆσαι,
621 788 712 840 καὶ
761 788 852 839 τὸν
885 786 1149 839 λαλοῦντα
1181 787 1424 856 σιγῆσαι,
1463 791 1555 842 καὶ
1588 791 1680 842 ἐπὶ

159 878 323 950 μυρίων
350 877 489 948 εὖροι
519 895 604 940 τις
631 879 695 931 ἂν
725 879 952 948 δύναμίν
986 897 1104 930 τινα
1137 879 1547 950 ἐνυπάρχουσαν
1567 881 1676 935 τῶν

155 970 361 1021 ἐναντίων
388 969 658 1038 δεκτικὴν,
688 969 722 1022 ἃ
756 971 854 1022 οὐκ
891 971 955 1024 ἂν
984 971 1192 1037 γένοιτο
1231 971 1289 1035 ἐξ
1317 971 1674 1043 εἱμαρμένης·

152 1060 204 1113 τὰ
223 1060 313 1130 γὰρ
338 1060 390 1126 ἐξ
421 1061 593 1130 αὐτῆς
641 1062 701 1114 οὐ
727 1062 941 1133 δέχεται
993 1064 1088 1116 τοῦ
1126 1066 1183 1116 ἐν
1217 1056 1259 1131 ᾧ
1283 1067 1396 1117 ἐστι
1433 1065 1493 1117 τὸ
1526 1067 1678 1118 ἐναν-

151 1155 252 1206 τίον.
286 1153 428 1206 Ἀλλὰ
465 1155 558 1205 καὶ
585 1154 645 1206 τὸ
671 1154 1018 1224 βουλεύεσθαι
1049 1155 1142 1207 τὸν
1172 1155 1452 1227 ἄνθρωπον
1474 1157 1572 1208 ούκ
1598 1158 1677 1219 εἰς

151 1247 293 1316 μάτην
315 1247 450 1316 αὐτῷ
475 1247 733 1317 ὑπάρχει*
761 1243 828 1318 ἦν
853 1248 896 1300 δ’
920 1247 985 1300 ἂν
1014 1249 1093 1310 είς
1117 1249 1288 1318 μάτην
1313 1248 1672 1318 βουλευτικὸς,

148 1337 183 1387 εξ
209 1335 256 1399 ἐξ
283 1337 511 1406 ἀνάγκης
547 1338 783 1408 ἔπραττε
834 1337 902 1390 τά
952 1338 1316 1408 πραττόμενα.
1353 1339 1490 1391 Ἀλλ’
1513 1341 1671 1409 ἐναρ-

147 1427 231 1494 γῶς
252 1429 477 1495 φαίνεται
530 1429 640 1482 τῶν
682 1429 855 1483 ἄλλων
912 1427 1065 1494 ζώων
1114 1432 1142 1482 ὁ
1200 1429 1483 1502 ἄνθρωπος
1519 1432 1676 1500 μόνος

146 1519 268 1572 τοῦτο
289 1521 423 1591 παρὰ
449 1521 549 1590 τῆς
598 1523 810 1590 φύσεως
870 1521 1007 1592 ἔχων
1038 1523 1218 1585 πλέον,
1259 1523 1320 1575 τὸ
1376 1523 1449 1593 μὴ
1477 1526 1675 1592 ὁμοίιος

146 1612 330 1675 ἐκείνοις
379 1618 496 1675 ταῖς
547 1615 868 1682 φαντασίαις
923 1614 1170 1674 ’ἐπε-σθαι,
1229 1614 1344 1668 ἀλλ’
1378 1614 1519 1683 ἔχειν
1568 1614 1676 1666 τῶν

147 1707 539 1775 πφσπιπτόντων
567 1707 761 1778 κριτὴν
782 1707 873 1759 τὸν
905 1707 1077 1775 λόγον·
1181 1706 1478 1779 χρώμενος,
1507 1709 1552 1760 εί
1578 1707 1675 1778 μὲν

145 1796 453 1866 ἐξεταζόμενα
499 1799 567 1850 τὰ
596 1799 988 1867 ιραντασθέντα,
1022 1795 1108 1852 οἷα
1142 1801 1240 1869 τὴν
1271 1801 1444 1872 ἀρχὴν
1479 1801 1670 1873 ἐφάνη,

1782 625 1954 679 suque
1984 610 2339 678 contingeret,
2393 621 2449 662 ut
2486 610 2538 662 in
2577 625 2704 663 suos
2731 609 2845 678 ipse
2871 609 3125 663 dominos
3153 609 3356 664 incide-

1781 710 1880 755 ret.
1935 699 2116 765 Quare
2167 714 2326 754 nemo
2376 702 2477 752 ista
2532 698 2643 752 fato
2685 699 2808 767 jure
2865 699 3135 753 tribuerit.
3186 697 3355 753 Porro

1779 799 1925 843 certa
1955 804 2134 843 rerum
2162 789 2521 858 quarumdam
2551 788 2811 858 principia
2832 796 2959 842 sunt
2987 790 3237 842 humana:
3268 804 3355 841 ra-

1781 881 1910 934 tioiii
1945 895 2167 949 prorsus
2191 880 2442 942 obscura,
2477 895 2596 949 qum
2622 879 2764 949 quod
2795 896 2981 933 earum
3011 895 3176 934 causa
3200 880 3351 949 igno-

1780 984 1946 1037 retur,
1981 973 2277 1042 antipathia
2301 973 2532 1040 quadam
2565 973 2782 1027 evenire
2809 973 3124 1027 creduntur.
3162 971 3354 1040 Cujus-

1778 1065 1922 1116 modi
1957 1081 2018 1118 ea
2045 1074 2170 1119 sunt
2199 1079 2320 1134 qure
2354 1063 2607 1118 amuletis
2635 1063 2961 1134 quibusdam
2998 1063 3113 1117 fieri
3149 1063 3354 1118 invete-

1777 1165 1892 1210 rata
1919 1157 2102 1226 opinio
2136 1166 2239 1220 est,
2287 1172 2412 1212 cum
2460 1155 2653 1210 idonea
2700 1156 3003 1226 similisque
3033 1171 3160 1209 vero
3185 1171 3351 1210 causa

1776 1248 1858 1302 vis
1887 1247 2101 1300 illorum
2137 1247 2426 1302 effectricis
2456 1247 2722 1316 assignari
2761 1248 2904 1300 nulla
2935 1247 3124 1316 possit.
3193 1245 3352 1302 Tales

1774 1353 1991 1407 quoque
2019 1347 2146 1390 sunt
2177 1337 2479 1400 cautiones,
2515 1346 2829 1406 cmteraeque
2860 1337 2909 1389 id
2939 1351 3108 1405 genus
3135 1336 3348 1404 praesti-

1776 1433 1891 1502 giae.
1959 1431 2092 1486 Nam
2155 1433 2385 1488 istorum
2439 1433 2683 1487 omnium
2735 1433 2948 1503 ignotas
2991 1449 3110 1488 esse
3154 1449 3350 1488 causas

1776 1537 1934 1574 nemo
1977 1538 2084 1576 non
2128 1521 2358 1587 fatetur,
2417 1523 2716 1593 eademque
2745 1535 3024 1593 propterea
3060 1525 3352 1578 ἀναιτιολό-

1775 1626 1948 1681 γητα,
1980 1612 2082 1668 hoc
2116 1623 2229 1675 est,
2281 1613 2550 1684 ejusmodi
2599 1629 2830 1684 quorum
2881 1615 3136 1684 eXplieari
3184 1631 3347 1669 causa

1779 1717 1882 1756 non
1932 1705 2136 1769 possit,
2175 1705 2332 1774 vulgo
2368 1705 2642 1759 dicuntur.
2685 1706 2764 1759 Ad
2810 1705 2922 1759 hzec
2956 1706 3210 1776 pleraque
3240 1715 3350 1760 sta-

1776 1795 1879 1847 tuit
1918 1805 2203 1865 utramque
2257 1797 2309 1849 in
2355 1807 2560 1866 partem
2620 1797 2928 1866 promiscue
2959 1799 3345 1866 contingentia,

143 1890 212 1941 tu".
237 1889 351 1952 ἐστι,
377 1890 825 1957 συγκατατίθεται
855 1895 918 1962 τῇ
946 1891 1234 1962 φαντασία,
1262 1892 1354 1944 καὶ
1375 1893 1514 1945 οὕτω
1547 1893 1666 1964 μέτ-

1775 1901 1929 1956 quae,
1963 1897 2120 1954 prout
2165 1903 2252 1942 res
2282 1888 2494 1952 tulerit,
2528 1888 2817 1949 eveniant,
2856 1904 2975 1957 qua:
3005 1889 3096 1942 fati
3131 1905 3346 1958 quoque

143 1993 250 2028 εισιν
299 1978 448 2030 αὑτῶ
489 1981 536 2030 εί
563 1979 621 2032 δὲ
648 1979 835 2033 ἀλλοῖα
861 1980 1127 2048 φαίνεται,
1177 1983 1277 2035 οὐκ
1329 1983 1408 2034 ἔτι
1460 1983 1672 2054 ἔμεινεν

143 2067 212 2117 ἐπὶ
235 2067 314 2136 τῆς
338 2069 679 2138 προλήψεως,
710 2069 1024 2137 ἐλέγξαντος
1055 2071 1193 2124 αὐτὰ
1235 2071 1328 2124 τοῦ
1365 2072 1542 2140 λόγου,
1586 2073 1673 2126 διὰ

142 2163 187 2214 τὸ
213 2164 692 2233 συμὸουλεύσασθαι
727 2166 853 2235 περὶ
896 2166 1093 2220 αὐτῶν.
1143 2167 1514 2238 Βουλευόμεθα
1543 2169 1670 2236 γοῦν

144 2253 238 2322 περὶ
265 2253 445 2322 μόνων,
472 2248 546 2306 ὧν
575 2254 851 2325 δυνάμεθα
909 2258 1186 2326 πράττειν’
1235 2261 1282 2312 εί
1341 2259 1398 2311 δέ
1431 2277 1558 2312 ποτε
1596 2262 1668 2332 μὴ

143 2341 507 2415 βουλευσάμενοι
570 2347 926 2418 πράττοιμεν,
975 2349 1233 2412 πολλάκις
1283 2350 1666 2421 μεταεάοοῦμεν,

141 2435 210 2486 καὶ
228 2437 533 2507 μεμφόμεθα
565 2440 778 2500 ἐαυτοῖς
799 2439 898 2508 τῆς
935 2440 1212 2502 ἀϐουλίας.
1257 2442 1412 2494 ’Λλλὰ
1446 2443 1550 2496 κᾶν
1578 2442 1669 2496 άλ-

139 2526 233 2589 im;
280 2530 466 2600 ἴδωμεν
515 2531 762 2594 ἀϐούλως
817 2532 1174 2604 πράττοντας,
1218 2533 1554 2606 ἐγκαλοῦμεν
1593 2536 1668 2600 ὡς

140 2617 528 2689 ἁμαρτήσαντας,
552 2621 812 2689 ἀξιοῦμέν
840 2638 900 2674 τε
956 2623 1274 2692 συμϐούλοις
1321 2624 1495 2678 τοῖσδε
1533 2624 1667 2696 χρῆ-

140 2708 246 2771 σθαι,
271 2710 337 2772 ῶς
367 2713 446 2778 ἐρ’
469 2714 605 2782 ἡμῖν
636 2713 802 2765 ὄντων
834 2712 939 2765 τῶν
974 2715 1248 2768 τοιούτοιν.
1292 2716 1412 2768 Ὅτι
1444 2715 1500 2766 δὲ
1544 2713 1668 2782 ψευ-

137 2796 209 2869 δὴς
234 2795 288 2869 ἦν
310 2801 477 2854 αὐτῶν
507 2805 537 2856 ό
568 2805 698 2874 περὶ
727 2804 1067 2874 εἱμαρμένης
1113 2804 1290 2874 λόγος,
1322 2805 1503 2859 ἱκανὸν
1525 2823 1666 2876 μαρ-

136 2888 280 2958 τύριον
304 2893 362 2945 τὸ
389 2894 510 2964 μηδ’
542 2896 746 2958 αὐτοὺς
797 2897 923 2959 τοὺς
982 2897 1294 2968 προστάτας
1320 2898 1482 2951 αὐτοῦ
1512 2897 1668 2952 δύνα-

137 2979 229 3033 σθαι
249 2984 512 3038 πείθεσθαι
539 2989 656 3049 τοῖς
703 2988 792 3039 ὑπ’
823 2987 999 3040 αὐτῶν
1044 2988 1376 3060 λεγομένοις.
1420 2991 1529 3042 Καὶ
1559 2989 1668 3062 γὰρ

136 3076 521 3148 καὶπῳτρέπειν
551 3078 649 3131 καὶ
675 3079 944 3133 διδάσκειν
971 3080 1414 3148 ἐπαγγέλλονται,
1434 3080 1526 3134 καὶ
1543 3096 1670 3150 μαν-

136 3162 296 3231 Θὰνειν,
311 3169 399 3222 καὶ
421 3171 776 3224 παιδεύεσθαι
806 3189 870 3224 συ
879 3171 1282 3242 μδουλεύουσιν,
1302 3172 1667 3242 ἐπιτιμῶσίτε

135 3258 205 3307 καὶ
226 3259 601 3330 ἐπιπλήττουσι
635 3266 747 3327 τοῖς
770 3263 828 3316 οὐ
853 3263 920 3316 τὰ
965 3265 1307 3336 προσήκοντα
1325 3263 1545 3336 δρῶσιν,
1591 3264 1666 3326 ὡς

135 3350 243 3402 κατὰ
266 3358 579 3426 προαίρεσιν
609 3356 743 3408 ἰδίαν
767 3358 1190 3429 ἁμαρτάνουσιν.
1221 3357 1382 3410 ’Λλλὰ
1411 3359 1504 3410 καὶ
1534 3374 1666 3427 συγ-

133 3442 386 3513 γράμματα
412 3447 645 3500 πλεῖστα
677 3448 1077 3514 καταλείπουσι,
1116 3449 1182 3501 δι’
1210 3445 1284 3502 ὢν
1310 3447 1517 3515 ἀξιοῦσι
1543 3467 1668 3503 παι-

132 3531 336 3587 δεύεσθαι
363 3539 486 3600 τοὺς
513 3539 693 3602 νέους.
731 3540 1068 3593 Ἐπαύσαντο
1111 3540 1153 3594 δ’
1178 3540 1242 3594 ἂν
1288 3541 1388 3610 τῆς
1446 3543 1504 3594 ἐν
1555 3543 1666 3604 τοῖς

132 3620 272 3690 λόγοις
314 3629 623 3700 φιλοτιμίας
665 3634 713 3684 εί
763 3631 1082 3704 προσέσχον,
1110 3633 1191 3685 ὅτι
1219 3634 1311 3685 καὶ
1341 3632 1666 3705 συγγνώμης

132 3713 299 3778 ἀξιοῦσι
314 3723 429 3784 τοὺς
446 3723 722 3785 ἀκουσίως
738 3724 1173 3794 ἁμαρτάνοντας,
1195 3725 1319 3788 τοὺς
1336 3725 1391 3778 δέ
1408 3725 1662 3788 ἐκουσίω,

134 3807 535 3880 πλημμελοῦντας
552 3814 825 3878 κολάσεως
845 3816 1028 3881 ἀξίους
1043 3812 1178 3868 εἷναί
1198 3817 1454 3885 spuma;
1473 3819 1556 3869 ἐπ’
1576 3819 1668 3870 αὖ.

1692 3213 1735 3272 C

133 3905 218 3962 τοὶς
235 3903 452 3973 δηλονότι
470 3909 565 3960 τοῦ
594 3925 654 3960 τε
682 3909 1015 3979 ἁμαρτάνειν
1041 3909 1133 3961 καὶ
1162 3909 1253 3962 τοῦ
1290 3909 1362 3980 μὴ
1393 3910 1660 3980 κειμένου.

135 3995 260 4049 ὀπε
276 3999 358 4052 καὶ
380 4001 499 4053 κατ’
530 4001 731 4064 αὐτοὺς
756 4003 1094 4073 ἀναιρεῖσθαι
1114 4005 1210 4073 τὴν
1238 4003 1297 4067 ἐξ
1324 4004 1663 4074 εἱμαρμένης

136 4087 352 4163 ἀνάγκην,
372 4093 723 4147 συνίστασθαι
753 4095 808 4148 δὲ
826 4096 966 4148 κατὰ
988 4096 1055 4163 ιρύ
1066 4113 1144 4148 σιν
1169 4098 1298 4166 ἡμῖν
1331 4097 1590 4166 ὑπάρχειν
1604 4095 1663 4147 τὸ

136 4188 447 4254 αὐτεξούσιον·
500 4189 644 4262 μετὰ
673 4190 767 4243 τοῦ
799 4191 1027 4243 πλεῖστα
1058 4187 1195 4243 εἷναι
1247 4193 1339 4244 καὶ
1364 4191 1432 4244 τά
1472 4191 1544 4262 μὴ
1575 4192 1660 4260 ἐφ’

136 4278 251 4346 ἡμῖν,
265 4280 438 4352 ὥσπερ
454 4284 521 4335 τὰ
537 4282 680 4335 κατά
699 4281 876 4350 φύσιν,
891 4283 982 4334 καὶ
998 4281 1065 4334 τὰ
1079 4283 1141 4334 ἐκ
1156 4281 1342 4352 τύχης,
1357 4282 1518 4351 ἕτερα
1536 4282 1662 4335 ὅντα

135 4373 205 4423 καὶ
224 4377 343 4429 αὐτὰ
375 4377 524 4447 παρα
583 4377 672 4428 τὸν
703 4377 801 4446 τῆς
847 4377 1199 4448 ἐἱμαρμένης
1257 4376 1433 4443 λόγον,
1481 4375 1661 4440 καθὼς

137 4462 476 4529 προδέδεικται.
502 4465 723 4517 Τούτων
770 4467 898 4535 ἡμῖν
929 4465 1035 4517 ἀπὸ
1069 4465 1334 4517 πλείστων
1369 4467 1661 4534 ἐπιτετμη-

1774 1975 2082 2030 uecessitati
2131 1975 2477 2031 subducenda
2525 1985 2679 2046 putat
2729 1981 2934 2032 omnia.
2991 1977 3065 2032 Ea
3100 1994 3262 2049 porro
3291 1979 3343 2031 in

1773 2077 2062 2138 utramque
2106 2077 2311 2138 partem
2345 2070 2711 2139 coutingentia
2757 2080 3022 2125 vocantur
3042 2113 3056 2136 ,
3086 2087 3206 2141 qua:
3235 2080 3344 2124 tam

1771 2175 1877 2212 non
1903 2160 2017 2214 fieri
2055 2171 2298 2230 possunt,
2325 2178 2486 2231 quam
2510 2162 2648 2228 fieri,
2669 2160 3128 2231 quemadmodum
3159 2177 3225 2215 ex
3253 2177 3340 2226 eo,

1770 2253 1915 2321 quod
1941 2255 2174 2319 additur,
2212 2265 2373 2323 prout
2403 2270 2486 2308 res
2513 2254 2718 2317 tulerit,
2757 2253 3093 2324 intelligitur.
3153 2252 3346 2306 Exem-

1769 2346 1840 2414 pli
1877 2362 2043 2400 causa
2089 2356 2295 2416 partem
2345 2345 2592 2416 corporis
2621 2345 2860 2414 aliquam
2894 2359 3144 2410 movere,
3175 2345 3348 2398 cervi-

1767 2446 1859 2486 ces
1890 2442 2090 2488 temere
2130 2435 2234 2487 huc
2279 2434 2474 2489 illucve
2518 2443 2856 2499 convertere,
2904 2434 3132 2504 digitum
3160 2443 3347 2487 exten-

1766 2525 1913 2588 dere,
1944 2526 2128 2581 tollere
2159 2527 2468 2595 supercilia,
2502 2535 2647 2581 stare
2670 2540 2794 2580 cum
2825 2536 2948 2579 ante
2974 2526 3189 2580 sederes
3211 2565 3224 2587 ,
3253 2534 3347 2579 aut

1766 2634 1890 2673 cum
1935 2620 2082 2687 prius
2124 2621 2416 2674 movereris
2440 2662 2454 2686 ,
2491 2620 2791 2690 quiescere,
2825 2628 2919 2672 aut
2969 2627 3180 2680 tacere,
3217 2633 3340 2671 cuin

1766 2720 1889 2765 ante
1924 2712 2260 2780 loquereris:
2295 2712 2509 2781 aliaque
2541 2719 2793 2766 sexcenta
2818 2726 2832 2762 :
2855 2711 3056 2780 quibus
3089 2711 3141 2764 in
3169 2711 3346 2764 omni-

1767 2803 1868 2856 bus
1901 2818 2024 2858 cum
2057 2803 2163 2855 vim
2207 2805 2497 2872 quamdam
2537 2818 2800 2871 agnoscas
2839 2803 3125 2858 contrariis
3170 2803 3346 2857 susci-

1766 2893 1975 2964 piendis
2008 2895 2292 2956 idoneam,
2341 2903 2453 2947 tum
2502 2909 2629 2947 vero
2673 2893 2765 2948 fati
2811 2895 3012 2947 nullam
3056 2895 3342 2963 invenias;

1767 2989 1911 3058 quod
1960 3004 2081 3057 qua:
2112 2987 2218 3042 fato
2255 2987 2425 3052 fiunt,
2477 2987 2529 3040 id
2579 2987 2854 3056 suscipere
2879 3029 2892 3052 ,
2952 2989 3002 3040 in
3037 3003 3144 3057 quo
3179 2989 3342 3043 simul

1766 3081 1927 3135 etiam
1963 3080 2232 3135 contrario
2261 3078 2414 3132 locus
2445 3086 2546 3145 est,
2583 3078 2733 3130 nullo
2759 3077 2919 3131 modo
2953 3078 3180 3146 possint.
3221 3075 3341 3130 Jain

1769 3188 1895 3226 vero
1921 3171 2252 3227 deliberandi
2277 3182 2422 3226 certe
2457 3168 2884 3238 consulendique
2922 3168 3175 3222 facultate
3199 3183 3342 3238 prae--

1766 3265 1913 3320 ditus
1936 3265 2097 3319 homo
2117 3263 2319 3318 frustra
2347 3278 2454 3316 non
2475 3271 2576 3328 est,
2605 3270 2854 3331 essetque
2879 3269 3082 3326 tamen,
3113 3261 3157 3314 si
3184 3260 3343 3330 quid-

1765 3358 1895 3428 quid
1937 3357 2076 3427 agit,
2122 3365 2304 3426 ageret
2342 3355 2684 3409 necessitate.
2735 3351 3026 3407 Enimvero
3052 3353 3214 3421 272
3248 3353 3339 3406 uni

1767 3452 1894 3513 hoc,
1923 3450 2068 3520 quod
2103 3451 2276 3504 oculis
2307 3450 2439 3519 ipsis
2469 3456 2704 3510 tenetur,
2761 3445 2962 3499 homini
2993 3460 3101 3515 prm
3132 3445 3340 3500 czeteris

1766 3541 2136 3596 animantibus
2165 3541 2424 3594 eximium
2457 3555 2521 3593 ac
2550 3537 2826 3609 singulare
2870 3545 3064 3590 natura
3095 3534 3338 3602 donavit,

1767 3635 1842 3688 uti
1878 3648 1985 3688 non
2012 3634 2286 3703 quomodo
2334 3633 2440 3687 illis
2488 3649 2588 3685 usu
2631 3631 2810 3696 venit,
2849 3630 3060 3684 oblatas
3089 3629 3341 3684 sensibus

1767 3727 2120 3794 impulsiones
2165 3735 2558 3794 consequatur,
2603 3723 2696 3778 sed
2743 3724 2796 3776 in
2823 3723 2925 3788 iis,
2959 3738 3080 3792 quze
3108 3721 3338 3776 subinde

1765 3826 2104 3888 contingunt,
2138 3815 2648 3883 rationisjudicium
2679 3813 2934 3867 adhibere
2963 3813 3156 3882 possit.
3214 3811 3334 3879 Quo

1763 3910 1892 3963 dum
1924 3910 2037 3978 ipse
2062 3907 2252 3972 utitur,
2282 3907 2327 3960 si
2361 3901 2483 3975 Quae
2512 3921 2674 3960 sensu
2705 3915 2758 3959 et
2786 3905 3116 3974 cogitatione
3146 3919 3334 3973 perce-

1763 4001 1881 4070 pit,
1937 4000 2124 4054 eadem
2176 4013 2408 4053 excussa
2449 3996 2799 4067 diligentius,
2859 3997 3165 4066 eujusmodi
3220 3998 3332 4052 visa

1762 4102 1937 4157 erant,
1976 4092 2244 4161 ejusmodi
2283 4108 2337 4144 re
2364 4090 2480 4159 ipsa
2509 4105 2631 4154 esse
2670 4089 2986 4159 comperiat,
3017 4089 3072 4142 in
3103 4089 3332 4158 phanta-

1764 4183 2084 4252 siaejudicio
2110 4182 2429 4251 acquiescit,
2484 4195 2655 4248 caque
2691 4179 3056 4248 persequitur.
3112 4177 3209 4232 Sin
3238 4194 3332 4232 ca-

1761 4277 1882 4330 dem
1915 4275 2071 4329 aliter
2111 4289 2171 4327 se
2215 4273 2414 4326 habere
2441 4271 2734 4340 intelligat,
2774 4285 2882 4323 non
2915 4270 3080 4324 limret
3111 4270 3164 4323 iu
3197 4283 3333 4338 prm-

1761 4376 1913 4438 cepta
1955 4366 2280 4436 cogitatione
2325 4365 2562 4427 diutius,
2614 4363 2758 4432 quod
2803 4377 2990 4415 eorum
3043 4360 3328 4415 falsitatem

1761 4459 1898 4512 ratio
1947 4457 2184 4510 adhibita
2230 4455 2628 4510 consultatione
2669 4452 3104 4521 deprehenderit.
3168 4450 3328 4520 Atqui

139 4551 293 4616 μένων.
322 4555 394 4624 τῷ
415 4555 583 4609 πολὺν
609 4551 748 4608 εἶναι
775 4557 864 4607 τὸν
895 4557 1022 4625 περὶ
1067 4554 1161 4607 τοῦ
1206 4554 1547 4620 αὐτεξουσίου
1575 4555 1655 4608 λό-

1766 4549 1828 4602 de
1853 4547 2013 4602 rebus
2039 4555 2246 4600 tantum
2280 4546 2366 4611 iis,
2402 4561 2522 4615 quae
2546 4544 2658 4598 fieri
2684 4560 2711 4596 a
2745 4545 2901 4598 nobis
2936 4553 3182 4615 possunt,
3207 4560 3332 4598 con-

137 4655 208 4705 γον
225 4644 272 4694 ἐν
295 4648 397 4708 τοῖς
433 4645 554 4698 καθ’
585 4648 731 4716 ἡμᾶς
776 4645 1058 4715 δόγμασιν·
1104 4639 1147 4712 ᾧ
1189 4645 1414 4697 καὶτῶν
1448 4644 1660 4712 φιλοσό-

262 4737 582 4810 συνέδραμον
636 4739 694 4791 αἱ
743 4737 1132 4809 παρατεθεῖσαι
1177 4739 1371 4806 φωναὶ,
1419 4740 1528 4799 τοῖς
1563 4737 1660 4807 μὲν

139 4824 227 4875 καθ’
252 4829 383 4897 ἡμᾶς
403 4829 570 4892 θείοις
602 4829 922 4900 γράμμασιν
957 4829 1445 4900 ἐπιμαρτυροῦσαι,
1480 4829 1578 4892 τὰς
1603 4828 1659 4881 δὲ

142 4918 236 4986 περὶ
261 4921 608 4991 εἱμαρμένης,
647 4921 708 4973 ού
741 4921 898 4990 μόνον
943 4919 1050 4973 τῶν
1090 4921 1296 4973 πολλῶν
1337 4920 1655 4993 ἀνθρώπων,

141 5006 242 5061 ἀλλὰ
257 5013 339 5063 καὶ
365 5014 472 5065 τῶν
493 5013 829 5084 χρησμῳδῶν
880 5012 988 5065 τῶν
1018 5011 1345 5082 θαυμαστῶν
1392 5012 1527 5066 θεῶν
1560 5012 1657 5075 τὰς

141 5094 259 5163 δέξας
278 5103 477 5170 ψευδεῖς
491 5105 659 5170 οὔσας
687 5105 1102 5174 άπελέγχουσαι’
1146 5105 1238 5158 καὶ
1276 5103 1381 5156 τῶν
1412 5106 1504 5176 μὲν
1525 5103 1658 5175 πρὸς

141 5192 234 5252 τοὺς
254 5197 511 5261 γενναίους
563 5200 842 5268 χρησμοὺς
872 5195 1231 5266 κυνικώτερον
1263 5196 1654 5260 ἀποτεθέντων,

142 5275 290 5332 τῶνδὲ
321 5285 446 5354 πρὸς
478 5289 606 5348 τοὺς
638 5285 980 5354 θαυμαστοὺς
1022 5285 1344 5354 φιλοσόφους
1374 5286 1524 5357 παρὰ
1549 5287 1656 5340 τῶν

146 5369 284 5435 αὑτάς
327 5377 610 5447 γιωρίμων
658 5377 1078 5448 ἀντειρημένων·
1143 5375 1257 5445 ὥρα
1316 5377 1409 5428 καὶ
1459 5376 1564 5430 τῶν
1598 5377 1654 5445 ἐξ

144 5461 438 5536 ἀστρολογίας
495 5471 631 5540 πρὸς
680 5471 804 5532 τοὺς
845 5467 1242 5531 Χαλδαῖζοντας
1296 5467 1402 5520 τῶν
1435 5468 1530 5538 τὴν
1561 5487 1656 5522 κα-

148 5553 344 5625 κότεχνον
371 5562 569 5632 ταύτην
623 5561 870 5631 γοητείαν
911 5561 985 5623 ὡς
1038 5563 1094 5612 ἐν
1151 5560 1304 5630 μέρει
1337 5561 1654 5630 μαθήματος

148 5642 568 5722 ἐπαγγελλομένων
589 5656 712 5716 τοὺς
731 5653 918 5721 λόγους
951 5651 1370 5720 ἐπισκέψασθαιο
1407 5651 1654 5724 παραθή-

153 5753 272 5807 σομαι
293 5745 343 5796 δέ
378 5764 454 5798 σοι
485 5749 578 5799 καὶ
598 5747 762 5799 τῶνδε
789 5747 886 5808 τὰς
915 5743 1216 5810 ἀποδείξεις
1248 5743 1306 5808 ἐξ
1343 5744 1530 5815 ἀνδρὸς
1554 5744 1653 5796 Σύ·-

153 5842 221 5892 Ρσυ
245 5834 324 5901 μὲν
347 5837 403 5888 τὸ
425 5838 596 5903 γένος,
650 5837 734 5889 ἐπ’
760 5837 924 5906 ἄκρον
955 5835 1011 5887 δὲ
1069 5834 1166 5904 τῆς
1197 5832 1503 5903 Χαλδαῐκῆς
1533 5835 1651 5886 ἐπι-

1764 4635 2107 4690 sultationem
2155 4635 2524 4699 instituimus;
2575 4648 2713 4702 quas
2754 4633 2798 4685 si
2833 4634 3050 4702 quando
3090 4635 3328 4702 neglecta

1761 4728 2147 4783 deliberatione
2180 4725 2490 4787 fecerimus,
2528 4727 2840 4794 paenitentia
2886 4743 3025 4795 smpe
3063 4726 3209 4780 ducti
3253 4739 3330 4779 te-

1761 4820 2026 4875 meritatis
2072 4818 2175 4890 ipsi
2203 4833 2302 4872 nos
2331 4833 2394 4871 ac
2427 4819 2667 4872 stultitia:
2701 4833 3042 4872 accusamus.
3107 4818 3250 4883 lino,
3283 4819 3327 4872 si

1759 4913 1897 4967 alios
1927 4926 2145 4981 quoque
2168 4909 2314 4963 nullo
2339 4910 2404 4962 ad
2434 4925 2520 4964 res
2554 4909 2790 4978 agendas
2821 4909 3048 4963 consilio
3072 4910 3328 4963 accedere

1759 5005 2062 5065 videamus,
2096 5018 2210 5066 eos,
2242 5001 2401 5071 quasi
2434 5001 2728 5069 peccarint,
2769 4999 3158 5068 reprehendere
3189 5000 3330 5052 sole-

1759 5114 1880 5152 mus
1900 5137 1914 5158 ,
1964 5097 2171 5164 hosque
2215 5103 2308 5147 aut
2353 5094 2473 5147 illos
2502 5093 2784 5148 consulere
2817 5092 3066 5146 volumus
3089 5132 3102 5156 ,
3130 5093 3327 5163 quippe

1758 5189 1849 5260 qui
1902 5204 1988 5243 res
2038 5186 2156 5240 illas
2199 5194 2381 5239 nostra
2416 5185 2467 5237 iu
2502 5193 2764 5254 potestate
2807 5183 2938 5237 sitas
2969 5197 3086 5236 esse
3123 5183 3327 5237 sentia-

1756 5298 1898 5336 mus.
1959 5281 2224 5334 Czrlerum
2274 5293 2437 5348 quam
2491 5292 2623 5328 vana
2656 5275 2725 5328 sit
2753 5290 2938 5329 eorum
2966 5274 3031 5328 de
3063 5273 3171 5329 fato
3203 5291 3326 5328 sen-

1757 5379 1942 5441 tentia,
1975 5377 2060 5431 vel
2086 5392 2150 5431 ex
2183 5391 2244 5430 eo
2267 5373 2555 5428 manifeste
2577 5373 2756 5442 quivis
2783 5372 3066 5442 intelligat,
3085 5372 3225 5440 quod
3259 5388 3324 5425 ne

1757 5469 1857 5537 ipsi
1883 5468 2096 5537 quidem
2123 5467 2240 5536 ejus
2273 5475 2567 5518 assertores
2604 5465 2830 5517 decretis
2861 5464 3180 5533 placitisquc
3210 5463 3324 5516 suis

1753 5563 2126 5629 obtemperare
2176 5559 2402 5628 possint.
2462 5555 2593 5609 Nam
2639 5566 2690 5609 ct
2723 5557 3026 5611 hortatores
3060 5574 3118 5611 se
3143 5559 3323 5611 docto-

1754 5665 1948 5719 resque
1972 5649 2290 5718 profitentur
2309 5688 2324 5710 ,
2356 5646 2586 5714 aliisque
2615 5656 2866 5700 auctores
2890 5656 3052 5714 sunt,
3077 5662 3135 5702 ut
3159 5649 3321 5702 dism-

1754 5744 1895 5813 plina
1920 5742 2119 5797 erudiri
2155 5758 2275 5797 sese
2302 5740 2695 5811 informarique
2725 5742 3030 5811 patiantur,
3079 5743 3321 5812 adeoque

1753 5837 1984 5907 graviter
2035 5850 2128 5892 eos
2163 5851 2226 5890 ac
2256 5834 2602 5890 vehementer
2644 5835 2962 5902 increpant.
3013 5837 3102 5902 qui
3147 5835 3321 5891 oflieio
