3864 6386
531 361 629 418 471

1160 356 1433 414 EUSEBII
1472 350 1948 410 CASSARIENSlS
1986 345 2133 402 OPP.
2178 346 2357 401 PARS
2389 344 2452 401 ll.
2494 374 2564 386 -—
2596 336 3093 398 APOLOGETICA.
3633 332 3720 387 ΗΞ.

531 477 733 545 ingenti
760 474 938 545 specie
967 482 1129 542 atque
1156 484 1349 541 pompa
1379 486 1390 522 :
1421 466 1619 522 czedem
1652 479 1826 534 usque
1853 462 1987 517 adeo
2016 460 2082 513 in-

2192 454 2332 512 πάνυ
2359 459 2670 525 ἀγανακτεῖ·
2696 456 2724 508 ὁ
2751 454 2806 507 δὲ
2834 453 2907 515 ὡς
2933 445 3317 522 ἁρσενοκοίτης
3354 441 3719 514 λοιδορούμενος

530 569 885 641 temperantia
926 568 1192 627 laborant.
1243 572 1303 617 ut
1349 574 1473 616 cum
1515 559 1688 615 servis
1726 558 1887 612 etiam
1935 564 2095 624 atque

528 659 825 731 peregrinis
860 659 1166 730 promiscue
1214 662 1576 711 consuescant
1609 671 1622 704 :
1656 665 1754 704 nec
1787 649 1951 703 ullam
1978 661 2097 716 pro-

526 758 709 819 pterea
760 750 1001 804 virorum
1060 746 1411 802 oﬁ‘cnsiouem
1470 752 1565 797 aut
1617 739 2091 811 reprehensionem

526 844 903 905 extimescunt,
940 850 1121 909 utpote
1170 837 1367 909 quibus
1410 838 1540 905 ipsa:
1589 848 1753 904 prope
1808 830 2094 885 dominen-

527 943 633 987 tur.
672 930 855 1001 Neque
886 941 1086 993 tamen,
1106 930 1392 1000 opinor,in
1420 926 1823 982 Bactrianarum
1848 920 2091 976 omnium

528 1025 814 1078 mulierum
848 1033 966 1077 ortu
997 1062 1010 1085 ,
1056 1021 1234 1077 Venus
1276 1021 1364 1074 illa
1400 1020 1647 1089 iocorum
1682 1031 1745 1070 ac
1775 1014 2089 1069 deliciarum

526 1128 737 1179 amans,
765 1112 901 1167 coelo
931 1113 983 1165 in
1017 1112 1213 1176 medio,
1248 1125 1311 1165 ac
1347 1109 1461 1165 suis
1484 1110 1537 1162 in
1563 1107 1783 1170 ﬁnibus,
1808 1120 1931 1160 cum
1960 1101 2092 1155 Jove

526 1201 688 1263 simul
719 1218 783 1258 ac
810 1202 978 1256 Marte
1023 1202 1381 1272 congreditur.
1446 1198 1501 1253 ln
1536 1198 1733 1253 Arabia
1755 1204 1809 1250 et
1833 1194 2089 1258 Osroene,

524 1308 645 1345 cum
682 1292 931 1347 adulterii
983 1293 1188 1346 crimen
1239 1292 1291 1344 in
1342 1289 1660 1344 mulieribus
1706 1286 1935 1357 capitale
1986 1294 2087 1351 est,

524 1393 635 1436 tum
672 1383 785 1453 ipsa
821 1399 1040 1454 quoque
1070 1383 1309 1453 suspicio
1339 1396 1553 1452 pmnam
1576 1379 1755 1435 habet.
1791 1377 1848 1431 ln
1871 1376 2088 1431 Parthia

523 1476 685 1530 simul
710 1487 764 1531 et
790 1477 1067 1540 Armenia,
1103 1476 1351 1546 vulgares
1376 1472 1597 1544 quidem
1624 1470 1909 1527 homicidae
1953 1481 2088 1522 non-

524 1582 801 1636 nunquam
834 1582 863 1621 a
893 1566 1190 1636 judicibus,
1220 1563 1490 1618 interdum
1520 1579 1550 1616 a
1576 1577 1839 1617 caesorum
1864 1558 2085 1630 propin-

522 1658 647 1727 quis
694 1671 866 1713 morte
918 1658 1241 1727 puniuntur.
1278 1655 1335 1709 Si
1375 1656 1497 1725 quis
1532 1669 1660 1709 vero
1698 1662 1791 1707 aut
1836 1668 2083 1720 uxorem,

521 1758 615 1803 aut
648 1748 865 1805 fratrem
898 1749 1083 1805 liberis
1110 1748 1302 1801 orbum
1327 1789 1340 1811 ,
1385 1756 1478 1801 aut
1509 1760 1748 1801 sororem
1778 1746 2080 1814 innuptam,

2197 548 2387 602 ἑαυτὸν
2406 547 2610 601 ἐκδικεί
2633 549 2793 616 μέχρι
2826 542 2919 596 καὶ¹
2966 540 3146 608 φόνου·
3176 554 3251 590 πα
3259 539 3307 605 ρ’
3332 534 3544 605 Ἕλλησι
3568 535 3619 587 δὲ
3642 535 3722 587 καὶ

2193 641 2242 691 οἱ
2273 640 2424 708 σοφοὶ
2451 637 2756 709 ἐρωμένους
2779 635 2991 705 ἔχοντες
3020 631 3079 683 οὺ
3134 628 3406 698 ψέγονται.
3452 627 3537 678 Ἐν
3558 627 3616 695 τῇ
3638 625 3723 677 aii-

2193 733 2257 801 τῇ
2299 728 2551 798 Ἀνατολῇ
2583 724 2943 797 ὑϐριζόμενοι,
2973 721 3066 774 ἐὰν
3090 717 3423 788 γνωσθῶσιν,
3452 716 3551 769 ὑπὸ
3594 715 3724 768 ἁδελ-

2196 823 2329 892 φῶν,
2366 822 2398 894 ἦ
2430 821 2697 892 πατέρων,
2725 819 2820 872 καὶ
2846 812 3132 883 ’συγγενῶν
3167 809 3493 881 φονεύονται,
3526 806 3611 860 καὶ
3644 823 3725 859 τα-

2192 913 2298 985 φῆς
2330 913 2593 984 προδήλου
2623 911 2722 964 οὐκ
2747 907 3040 975 ἀξιοῦνται.
3061 904 3216 975 Παρὰ
3246 902 3302 955 δὲ
3330 900 3543 961 Γάλλοις
3565 901 3608 951 oi
3634 897 3725 951 νέοι

2191 1002 2491 1075 γαμοῦνται
2518 1002 2654 1073 μετὰ
2686 997 3016 1071 παρρησίας,
3050 996 3110 1049 ού
3144 995 3310 1064 ψόγον
3334 991 3488 1044 τοῦτο
3512 987 3725 1060 ήγούμι-

2192 1113 2271 1149 νοι
2294 1093 2383 1146 διὰ
2402 1093 2493 1147 τὸν
2521 1093 2648 1165 παρ’
2667 1092 2849 1153 αὐτοῖς
2903 1090 3087 1159 νόμον.
3126 1085 3235 1139 Kal
3276 1084 3337 1137 οὐ
3392 1079 3605 1134 δυνατόν
3629 1081 3728 1132 ἐστι

2192 1186 2396 1248 πάντας
2419 1186 2544 1247 τοὺς
2584 1184 2641 1235 ὲν
2668 1181 2887 1252 Γαλλίᾳ,
2915 1179 3085 1241 οὕτως
3139 1176 3313 1238 ἀθέως
3352 1168 3726 1243 ὑϐριζομένους,

2190 1278 2370 1347 λαχεῖν
2396 1281 2451 1330 ἐν
2483 1278 2602 1338 ταῖς
2643 1273 2886 1342 γενέσεσι
2942 1269 3229 1340 Φωσφόρον
3291 1263 3407 1337 μεθ’
3453 1261 3641 1332 Ἑρμοῦ
3681 1264 3728 1316 ἐν

2188 1368 2356 1431 οἴκοις
2384 1368 2589 1439 Κρόνου
2612 1368 2708 1419 καὶ
2741 1364 2905 1437 ὁρίοις
2928 1364 3119 1425 Ἄρεος
3144 1359 3415 1419 δύνοντας.
3463 1356 3548 1407 Ἐν
3588 1355 3730 1424 Βρετ-

2188 1460 2346 1530 τανίᾳ
2369 1458 2552 1512 πολλοὶ
2602 1457 2791 1528 ἄνδρες
2840 1455 2967 1525 μίαν
2993 1454 3224 1522 γυναῖκα
3252 1449 3482 1519 ἕχουσιψ
3506 1446 3562 1499 ὲν
3601 1444 3655 1498 δὲ
3671 1445 3727 1516 τῇ

2190 1550 2400 1622 Παρθίᾳ
2439 1550 2630 1603 πολλαὶ
2682 1549 2933 1617 γυναῖκες
2959 1544 3057 1599 ’ἐνα
3108 1542 3292 1615 ἄνδρα,
3322 1542 3417 1594 καὶ
3448 1542 3607 1593 πᾶσαι
3636 1556 3727 1593 σω-

2187 1641 2443 1713 φρονοῦσι
2502 1640 2816 1710 πειθόμεναι
2863 1636 3009 1709 αὐτῷ
3063 1635 3204 1690 κατὰ
3256 1633 3348 1687 τὸν
3396 1633 3573 1704 νόμον.
3601 1632 3728 1686 Δὶδὲ

2201 1732 2494 1803 Ἀμαζόνες
2517 1734 2688 1786 πᾶσαι
2729 1731 2924 1802 ἄνδρας
2971 1730 3070 1782 οὐκ
3120 1728 3354 1798 ἔχουσιν,
3417 1724 3531 1778 ἀλλ’
3568 1724 3636 1787 ὡς
3674 1723 3730 1775 τὰ

523 1850 618 1895 aut
641 1840 833 1908 ﬁlium,
870 1851 963 1895 aut
987 1840 1151 1894 ﬁliam
1180 1838 1470 1904 occiderit,
1505 1843 1726 1892 accusat
1754 1850 1914 1889 nemo
1941 1853 1953 1888 :
1985 1836 2082 1888 hoc

2189 1822 2358 1891 ἄλογα
2382 1823 2516 1886 ζῶα,
2541 1820 2686 1887 ἆπαξ
2706 1819 2798 1873 τοῦ
2833 1819 2982 1881 ἔτους
3011 1818 3138 1888 περὶ
3169 1815 3266 1886 τὴν
3311 1810 3531 1884 ἐαρινὴν
3564 1811 3729 1879 ἰσημε-

521 1933 664 1987 euim
695 1940 754 1986 ut
779 1932 939 1987 liceat
986 1941 1132 1986 certa
1175 1931 1499 2001 populorum
1556 1929 1784 1983 istorum
1819 1927 1934 1997 lege
1957 1940 2087 1979 cau-

524 2034 636 2080 tum
664 2035 747 2081 est
781 2045 793 2080 :
825 2042 946 2080 cum
976 2025 1116 2094 apud
1144 2024 1360 2078 Graecos
1397 2033 1451 2077 et
1473 2021 1750 2076 Romanos
1781 2020 2087 2075 acerbiores

522 2118 783 2173 adversus
837 2117 1264 2188 propinquorum
1320 2125 1373 2170 et
1419 2115 1656 2169 amnium
1716 2112 2087 2167 interfectores

520 2224 695 2278 poenae
720 2209 1029 2264 constituta:
1052 2210 1179 2264 sint.
1233 2208 1389 2277 Apud
1414 2206 1575 2262 Atros
1593 2246 1607 2270 ,
1645 2207 1737 2276 qui
1765 2206 1844 2259 vel
1869 2205 2088 2259 obolare

520 2300 797 2371 quidpiam
834 2301 1049 2356 furatus
1075 2300 1214 2366 erit,
1260 2299 1559 2369 lapidatur;
1590 2298 1730 2367 apud
1756 2296 1977 2350 Bactros
2008 2295 2087 2350 le-

519 2394 689 2449 tioris
732 2393 859 2448 furti
915 2408 1041 2448 reus
1067 2392 1409 2461 conspuitur,
1432 2389 1571 2460 apud
1599 2388 1875 2442 Romanos
1897 2387 2086 2441 verbe-

520 2493 690 2541 ratur.
754 2484 1034 2555 Ejusmodi
1077 2485 1274 2555 quippe
1301 2483 1445 2554 leges
1474 2482 1542 2537 ab
1582 2482 1649 2537 iis
1686 2481 1906 2536 sancitre
1934 2488 2080 2535 sunt.

519 2573 602 2628 Ab
658 2572 933 2643 Euphrate
985 2574 1146 2628 ﬂuvio
1195 2572 1263 2628 ad
1322 2572 1597 2627 Oceanum
1661 2586 1836 2640 usque
1893 2584 2085 2624 versus

519 2663 1031 2734 Orientem,quibus
1063 2664 1145 2718 vel
1167 2664 1443 2719 homicidii
1477 2663 1559 2716 vel
1592 2661 1718 2715 furti
1750 2660 1953 2715 crimen
1984 2659 2084 2713 im-

517 2756 776 2828 pingitur,
811 2773 916 2812 non
943 2756 1175 2828 graviter
1203 2757 1494 2811 admodum
1525 2769 1590 2808 ac
1620 2754 1842 2807 moleste
1866 2751 2081 2807 ferunt:

518 2857 575 2902 at
607 2849 805 2919 quibus
849 2850 1089 2904 mascula
1136 2847 1320 2903 Venus
1368 2848 1656 2916 objicitur,
1702 2847 1738 2898 ii
1785 2846 2081 2899 voluntaria

518 2954 664 3010 srepe
711 2949 886 2996 morte
915 2941 1263 3011 turpitudinis
1307 2940 1670 3009 suspicionem
1704 2939 2035 2992 ulciscuntur
2067 2956 2079 2989 :

518 3047 641 3088 cum
670 3034 811 3103 apud
840 3033 1078 3095 Graecos.
1110 3048 1323 3087 amores
1356 3048 1485 3087 suos
1519 3032 1738 3095 habere,
1769 3046 1835 3083 ne
1870 3030 2083 3098 sapien-

518 3127 663 3181 tibus
686 3126 906 3197 quidem
930 3126 1065 3195 ipsis
1089 3125 1287 3195 probro
1314 3124 1490 3178 detur.
1545 3123 1602 3177 In
1627 3124 1811 3178 eodem
1842 3122 2080 3186 Oriente,
2108 3147 2151 3202 ο

517 3217 717 3286 quibus
748 3218 984 3272 oblatum
1012 3226 1257 3286 stuprum
1288 3214 1482 3279 fuerit,
1525 3214 1596 3279 ii,
1626 3223 1902 3283 comperta
1934 3229 2022 3278 re,
2052 3230 2080 3267 a

517 3309 800 3372 fratribus,
828 3317 923 3363 aut
950 3308 1284 3376 parentibus,
1311 3318 1404 3361 aut
1427 3306 1668 3377 cognatis
1690 3320 1797 3359 non
1827 3306 2085 3360 occidun-

519 3408 607 3452 tur
631 3399 826 3463 modo,
859 3397 952 3452 sed
980 3396 1139 3466 27⁸1
1172 3397 1332 3449 etiam
1364 3393 1597 3464 sepulcri
1622 3393 1826 3449 honore
1848 3395 2082 3463 spolian--

518 3498 627 3542 tur.
659 3489 813 3558 Apud
840 3489 1022 3543 Gallos
1052 3497 1229 3541 autem
1260 3487 1629 3540 adolescentes
1659 3487 1871 3556 publice
1897 3502 1961 3542 ac
1994 3503 2081 3542 se-

518 3595 649 3637 cure
697 3583 933 3645 nubunt,
975 3592 1072 3635 nec
1118 3590 1270 3650 turpe
1310 3580 1547 3642 facinus,
1587 3576 1676 3631 cui
1726 3577 1914 3645 patriae
1949 3578 2081 3651 legis

519 3672 890 3740 patrocinatur
917 3671 1233 3736 auctoritas,
1283 3671 1635 3727 arbitrantur.
1693 3670 1876 3740 Neque
1902 3679 2082 3726 tamen

520 3761 635 3815 tieri
669 3760 910 3829 profecto
938 3770 1130 3830 potest,
1183 3770 1242 3815 ut
1287 3770 1552 3831 quotquot
1580 3762 1634 3817 in
1662 3761 1851 3817 Galliis
1874 3776 1941 3818 eo
1963 3777 2082 3819 sese

519 3853 722 3923 ﬂagitio
745 3862 855 3908 tam
883 3853 1122 3923 projecta
1162 3868 1281 3908 cum
1313 3853 1643 3922 impudentia
1687 3854 2077 3923 contaminant,

520 3946 554 3998 ii
582 3960 684 4000 suo
708 3945 762 3998 in
793 3953 911 3999 ortu
945 3943 1238 4015 Vesperum
1263 3960 1454 4001 omnes
1477 3985 1491 4007 ,
1538 3946 1592 3999 in
1623 3946 1846 4002 Saturni
1874 3948 2081 4004 aedibus

518 4032 812 4104 Martisque
839 4033 1038 4089 ﬁnibus
1058 4049 1181 4088 cum
1216 4032 1481 4089 Mercurio
1524 4033 1868 4091 Occidentem
1903 4038 2079 4093 sortiti

518 4126 647 4179 sint.
713 4125 769 4179 In
821 4125 1096 4180 Britannia
1130 4126 1312 4195 plures
1350 4126 1448 4181 viri
1478 4142 1701 4181 uxorem
1736 4130 1987 4191 unicam;
2024 4130 2077 4183 in

518 4217 736 4273 Parthia
771 4220 944 4271 virum
978 4218 1199 4274 unicum
1235 4217 1418 4287 plures
1452 4235 1649 4275 uxores
1690 4219 1916 4288 habent;
1961 4237 2082 4292 quae

518 4322 696 4365 tamen
727 4319 873 4366 caste
899 4326 1087 4366 omnes
1114 4311 1322 4373 vivunt,
1337 4312 1670 4381 eique,quod
1697 4312 1771 4366 ita
1802 4312 1916 4383 lege
1946 4329 2075 4369 san-

512 4405 683 4459 citum
713 4412 817 4465 est,
851 4402 1237 4471 obtemperant.
1304 4404 1605 4458 Amazones
1655 4414 1841 4459 contra
1867 4405 2074 4461 nullum

2192 1916 2333 1986 ρίαν,
2379 1913 2798 1983 ὑπερϐαίνουσαι
2831 1912 2956 1973 τοὺς
3009 1908 3174 1971 ἰδίους
3220 1908 3401 1977 ὄρους,
3444 1902 3730 1957 κοινωνοῦσι

2186 2009 2298 2068 τοῖς
2327 2003 2717 2076 πλησιοχώροις
2751 2002 2940 2073 ἑορτήν
2990 2017 3109 2054 τινα
3157 1997 3361 2067 ταύτην
3414 1994 3726 2066 ἡγουμένοις.

2200 2096 2289 2162 Ἐξ
2310 2092 2382 2151 ὧν
2409 2095 2869 2166 συλλαμϐάνουσαι
2894 2091 3306 2164 ὑποστρέφουσι,
3325 2090 3422 2142 καὶ
3449 2087 3730 2155 ἀναγκαίως

2187 2192 2244 2244 ἐν
2277 2191 2357 2242 ἐνὶ
2389 2188 2564 2262 καιρῷ
2596 2188 2985 2240 ἀποκυΐσκουσι
3014 2182 3153 2237 κατὰ
3174 2183 3265 2235 τὸν
3290 2182 3389 2252 τῆς
3426 2180 3630 2249 φύσεως
3660 2178 3732 2229 νό-

2188 2300 2305 2353 μον’
2334 2282 2428 2336 καὶ
2480 2283 2606 2344 τοὺς
2668 2278 2762 2350 μὲν
2810 2275 3176 2347 γεννωμένους
3207 2276 3444 2346 ἄρρενας
3487 2274 3729 2343 ῥίπτουσι,

2185 2373 2284 2436 τὰς
2306 2374 2362 2425 δὲ
2387 2372 2605 2442 θηλείας
2638 2368 3017 2439 ἀνατρέψουσι.
3069 2364 3367 2436 Πολεμικαί
3405 2364 3468 2417 τέ
3510 2364 3628 2423 εἱσι,
3653 2361 3728 2413 καὶ

2185 2462 2497 2533 γυμνασίων
2530 2458 2940 2533 προνοούμεναι.
2987 2455 3192 2527 Ἐρμῆς
3241 2453 3383 2525 μετὰ
3443 2452 3731 2523 Ἀφροδίτης

2185 2558 2244 2607 ὲν
2266 2554 2437 2615 οἴκοις
2478 2552 2677 2624 Ἐρμοῦ
2703 2553 2848 2603 ποιεῖ
2878 2549 3139 2611 πλάστας,
3166 2548 3258 2601 καὶ
3282 2545 3623 2617 ζωγράιρους,
3652 2542 3729 2597 καὶ

2184 2645 2529 2715 τραπεζίτας·
2551 2646 2607 2696 ἐν
2633 2643 2800 2705 οἴκοις
2824 2641 2881 2694 δὲ
2915 2639 3232 2711 Ἀφροδίτης
3264 2638 3558 2709 μυρεψοὺς,
3581 2635 3612 2707 ἢ
3640 2653 3732 2703 gan-

2185 2733 2435 2795 νασκοὺς,
2468 2733 2561 2785 καὶ
2583 2731 2882 2800 ὑποκριτὰς
2916 2728 3256 2800 ποιημάτων.
3313 2727 3422 2781 Καὶ
3449 2726 3595 2797 παρὰ
3622 2724 3719 2776 Ταῖ-

2183 2826 2292 2885 νοῖς
2324 2822 2452 2891 (λιιι),
2481 2821 2573 2876 καὶ
2592 2822 2942 2893 Σαρακηνοῖς,
2972 2821 3064 2873 καὶ
3100 2820 3157 2872 έν
3184 2821 3250 2889 τῇ
3274 2818 3525 2888 ἀνωτέρα
3557 2813 3729 2884 Λιϐύῃ,

2184 2912 2275 2965 καὶ
2308 2912 2456 2982 παρὰ
2488 2908 2748 2982 Μαύροις,
2781 2909 2874 2962 καὶ
2897 2908 3045 2978 παρὰ
3074 2911 3183 2971 τοῖς
3213 2907 3364 2977 παρὰ
3386 2906 3447 2959 τὸ
3470 2906 3633 2975 στόμα
3652 2903 3729 2955 τοῦ

2195 3002 2443 3055 Ὠκεανοῦ
2474 3001 2710 3071 Νομάσι,
2746 3000 2837 3052 καὶ
2872 3002 2928 3053 ὲν
2953 3002 3018 3070 τῇ
3053 2997 3293 3070 ὲξωτέρᾳ
3335 2997 3629 3069 Γερμανίᾳ,
3653 2995 3730 3047 καὶ

2183 3094 2239 3145 ὲν
2270 3095 2335 3163 τῇ
2370 3091 2613 3161 ἀνω-,τέρα
2637 3089 2941 3161 Σαρματίᾳ,
2989 3088 3083 3141 καὶ
3126 3089 3183 3140 ὲν
3224 3090 3287 3157 τῇ
3312 3086 3540 3158 Σκυθία,
3578 3084 3658 3138 καὶ
3683 3084 3730 3135 ἐν

2186 3184 2318 3236 πᾶσι
2352 3184 2462 3245 τοῖς
2490 3180 2547 3246 ἐξ
2573 3181 2847 3253 ἀρκτικῶν
2883 3180 3062 3251 μερῶν
3083 3178 3176 3232 τοῦ
3198 3179 3402 3232 Πόντου
3426 3178 3600 3232 ἔθνεσι
3621 3218 3635 3241 ,
3653 3175 3730 3229 καὶ

2184 3273 2281 3346 ὅλῃ
2302 3276 2367 3344 τῇ
2407 3272 2754 3343 Ἀλανία,καὶ
2794 3270 3063 3341 Ἀλϐανίᾳ,
3100 3272 3192 3323 καὶ
3228 3271 3447 3342 Ὡτηνῇ,
3493 3269 3584 3322 καὶ
3610 3268 3728 3320 Σαυ-

2182 3365 2292 3436 νίᾳ,
2311 3365 2403 3416 καὶ
2424 3365 2481 3416 ὲν
2506 3365 2693 3435 Χρυσῇ
2716 3363 2815 3415 οὐκ
2840 3362 2982 3417 ἔστιν
3044 3364 3169 3417 ἰδεῖν
3201 3363 3261 3415 ού
3308 3360 3656 3435 τραπεζίτην.
3679 3358 3729 3411 οὐ

2184 3455 2443 3524 πλάστην,
2475 3454 2535 3506 οὐ
2570 3452 2874 3524 ζωγράφον,
2910 3453 3008 3506 οὐκ
3040 3452 3417 3525 ἀρχιτέκτονα,
3471 3452 3532 3504 οὐ
3554 3448 3731 3519 γεωμέ·

2181 3562 2337 3617 τρην,
2367 3546 2428 3597 οὐ
2460 3543 2764 3613 φωνασκδν,
2794 3544 2893 3615 οὐχ
2932 3545 3228 3615 ὑποκριτὴν
3269 3543 3607 3614 ποιημάτων,
3631 3537 3728 3592 ἀλλ’

2168 3636 2466 3711 ,ἐστέρηται
2493 3636 2522 3689 ό
2544 3634 2642 3706 τῆς
2666 3635 2757 3689 τοῦ
2793 3634 2993 3707 Ἐρμοῦ
3019 3636 3230 3706 καὶτῆς
3259 3633 3579 3705 Ἀφροδίτης
3602 3634 3731 3701 ἐνερ-

2181 3728 2334 3798 γείας
2360 3728 2557 3799 τρόπος
2606 3731 2663 3779 ὲν
2694 3726 2798 3796 δλῳ
2826 3727 2901 3798 τῷ
2932 3726 3115 3797 κύκλῳ
3166 3726 3340 3796 τούτῳ
3372 3726 3472 3796 τῆς
3499 3721 3729 3793 οἰκουμέ-

2180 3839 2294 3893 νης.
2323 3823 2384 3875 Οἱ
2418 3820 2589 3891 Μῆδοι
2619 3820 2817 3883 πάντες
2837 3822 2945 3882 τοῖς
2975 3818 3112 3890 μετὰ
3144 3817 3379 3888 σπουδῆς
3398 3816 3729 3888 τρεφομένοις

2180 3911 2305 3965 κυσὶ
2336 3912 2458 3975 τοὺς
2480 3912 2705 3982 νεκροὺς
2729 3909 2807 3963 ἔτι
2841 3910 3175 3981 ἐμπνέοντας
3200 3907 3619 3982 παραϐάλλουσιο
3649 3905 3729 3959 καὶ

2179 4007 2237 4060 οὐ
2267 4006 2463 4068 πάντες
2495 4006 2589 4057 σὺν
2620 4006 2684 4074 τῇ
2712 4003 2873 4075 Μήνῃ
2893 4002 2982 4055 τὸν
3001 4003 3172 4073 “Apso.
3195 4000 3532 4072 ὲιρημερινῆς
3553 4012 3580 4040 ι
3595 3997 3728 4067 γενέ-

2183 4115 2319 4160 σεως
2349 4098 2406 4148 ὲν
2438 4094 2698 4167 Καρκίνῳ
2725 4094 2829 4146 ὑπὸ
2873 4093 2975 4163 γῆν
3030 4092 3262 4163 ἔχουσιν.
3327 4092 3482 4145 Ἰνδοὶ
3512 4092 3630 4153 τοὺς
3649 4105 3726 4142 νε-

2181 4189 2344 4257 κροὺς
2371 4186 2604 4248 καίουσι,
2639 4183 2755 4256 μεθ’
2784 4179 2856 4238 (Inv
2886 4184 3231 4252 συγκαίουσιν
3276 4183 3509 4247 ἑκούσας
3538 4182 3631 4244 τὰς
3649 4198 3730 4248 γυ-

2180 4280 2387 4340 ναῖκας’
2418 4278 2510 4329 καὶ
2543 4277 2603 4329 οὐ
2633 4275 2801 4347 δήπου
2829 4276 2997 4329 πᾶσαι
3023 4277 3079 4327 αἱ
3125 4275 3411 4345 καιόμεναι
3442 4274 3608 4339 ζῶσαι
3658 4272 3727 4325 Ιν-

2181 4370 2285 4424 δῶν
2309 4374 2564 4438 γυναῖκες
2596 4370 2807 4440 ἔχουσιν
2834 4370 2939 4423 ὑπὸ
2972 4370 3073 4440 γῆν
3107 4370 3198 4423 ἐπὶ
3240 4371 3558 4442 νυκτερινῆς
3593 4367 3729 4436 γενέ·

516 4495 657 4564 apud
695 4510 753 4551 se
793 4496 972 4548 virum
1007 4495 1314 4562 patiuntur,
1366 4497 1456 4549 sed
1509 4496 1793 4550 brutarum
1843 4496 2082 4552 animan-

2187 4478 2317 4527 σεως
2354 4464 2447 4516 σὺν
2484 4465 2637 4534 Ἄρει
2666 4463 2754 4516 τὸν
2790 4463 2978 4517 ’Ἥλιον
3015 4466 3072 4517 ἐν
3093 4464 3299 4527 Λέοντι,
3327 4463 3499 4533 ὁρίοις
3536 4462 3724 4532 Ἄρεος.

482 4614 485 4615 ν
518 4588 650 4641 tium
684 4587 814 4652 ritu,
852 4586 1015 4641 semel
1049 4588 1340 4655 quotannis
1385 4588 1527 4642 circa
1571 4604 1793 4643 vernum
1838 4590 2079 4660 aequino-

515 4677 706 4741 ctium,
742 4675 931 4745 patriis
978 4690 1208 4745 egressae
1255 4676 1473 4741 ﬁnibus,
1510 4692 1621 4732 rem
1672 4694 1796 4733 cum
1832 4678 2079 4735 ﬁnitimis

519 4768 751 4831 habent,
786 4767 878 4837 qui
910 4777 1121 4835 tempus
1158 4767 1288 4821 illud
1339 4768 1597 4823 solemnis
1623 4770 1902 4839 cujusdam
1954 4770 2079 4827 festi

517 4857 637 4911 loco
687 4858 909 4912 ducunt.
998 4856 1361 4912 Revertantur
1414 4860 1760 4928 postmodum
1818 4871 2079 4933 concepto

590 4981 616 5007 οι
641 4967 725 5022 ἷσ.
749 4970 867 5038 erga;
880 4966 1122 5039 μερινῆς.

591 5077 701 5145 (ιο)
732 5078 895 5145 [Ιαρὰ
932 5077 1178 5143 Ταῖνοῒς,
1205 5086 1308 5132 etc.
1336 5075 1447 5132 Iiac
1481 5078 1547 5134 de
1574 5096 1630 5135 re
1659 5081 1732 5135 ita
1757 5081 2025 5138 Caesarius
2058 5097 2073 5132 ι

519 5147 687 5220 Παρὰᾷ
722 5148 777 5200 δὲ
814 5147 1111 5220 ΑῊλείοις,Δ
1135 5149 1228 5200 καὶ
1262 5148 1594 5220 Σαρακηνοϊς
1635 5150 1727 5203 καὶ
1767 5155 1878 5214 τοῖς
1923 5155 1981 5204 ὲν
2011 5154 2072 5220 τῇ

519 5216 765 5291 ῥινωτέρᾳ
778 5218 989 5291 ῌΛιξᾶύῃ,
1034 5218 1125 5291 καὶ
1158 5216 1590 5291 Μαύροις,κατά
1617 5221 1740 5283 τοὺς
1773 5222 1956 5291 ⁴ὴῖόνας
1985 5216 2057 5276 κά

517 5286 681 5363 δχθας
698 5286 804 5363 ξ.ιοῦ
840 5286 1622 5363 Ὠκεανούποταμοῦ-οἰκοῦσι,
1646 5291 1737 5343 καὶ
1768 5286 1824 5345 ἐν
1856 5295 1920 5363 τῇ
1951 5292 2080 5357 ἐξω-

516 5360 651 5432 τέρα
699 5358 1119 5432 Ιξερμανία,ᾼκαὶ
1153 5360 1208 5432 έν
1260 5358 1609 5432 ἀνωτέρᾳ
1650 5358 1948 5432 Σαρματίᾷ,
1988 5366 2080 5417 καὶ

446 5460 449 5463 -
516 5426 829 5503 Σκυθία,
867 5426 960 5481 καῖ
997 5430 1055 5503 ἐν
1101 5428 1233 5503 πᾶσι
1266 5426 1377 5491 τοῖς
1417 5426 1701 5503 ἐξωτικοίς
1723 5426 1951 5503 Α’μέρεσι,
1986 5434 2079 5503 τοῦ

516 5496 710 5575 Πίντου
747 5482 972 5575 ἔθνεσιν,
1003 5496 1101 5575 ούχ
1143 5492 1253 5551 οἷόν
1286 5482 1373 5575 τε⁷
1397 5482 1580 5575 εὑρεῖν

518 5566 780 5639 πλάστην,
878 5569 1163 5639 ζωγράφον
1185 5609 1198 5630 ,
1248 5570 1349 5639 ούκν
1386 5566 1759 5639 ἀρχιτέκτονα,
1799 5573 1860 5625 οὐ
1899 5566 2079 5639 φωναὶ

516 5637 792 5721 axem-.051
822 5637 1119 5721 ὑποκριτὴν
1151 5637 1488 5707 ποιημάτων,
1525 5639 1599 5703 ὡς
1634 5643 1761 5709 παρ’
1797 5637 1944 5712 ἡμῖν.
1982 5642 2080 5696 llic

531 5706 726 5757 Γαϊνῶν
760 5706 977 5759 mentio
1002 5708 1170 5767 nuila.
1203 5706 1295 5759 sed
1327 5723 1513 5762 eorum
1565 5711 1616 5763 in
1662 5706 1847 5765 locum
1871 5712 2078 5766 sull‘ccti

516 5784 644 5829 sunt
686 5776 901 5828 Ἡλεῖος.
938 5776 1011 5831 De
1058 5777 1328 5845 prioribus
1375 5779 1445 5832 ita
1493 5779 1831 5850 Stephanus,
1866 5783 2080 5835 Τάῖννοι

2179 4551 2472 4622 Γερμανῶν
2533 4554 2582 4604 oi
2658 4551 2896 4604 πλεῖστοι
2971 4552 3307 4621 ἀγχονιμαίῳ
3396 4552 3551 4624 μόρῳ
3608 4551 3725 4603 ἀποσ

2180 4643 2487 4714 θνήσκουσι,
2522 4643 2613 4695 καὶ
2639 4644 2699 4695 οὐ
2727 4642 2940 4706 πάντως
2960 4642 3020 4695 τὺ
3071 4642 3268 4713 πλῆθος
3300 4642 3411 4694 τῶν
3454 4637 3725 4712 Γερμανῶν

2178 4734 2275 4805 τὴν
2298 4733 2522 4804 σελήνην
2552 4734 2645 4786 καὶ
2672 4733 2768 4806 τὴν
2795 4732 2940 4803 ὥραν
2975 4731 3443 4803 μεσολαὸουμένας
3474 4730 3579 4785 ὑπὸ
3603 4728 3725 4798 Κρά.

2178 4842 2267 4877 νου
2293 4825 2383 4877 καὶ
2434 4825 2626 4895 ’Ἄρεος
2655 4824 2784 4893 ἔχει.
2820 4824 2989 4877 Παντὶ
3024 4823 3185 4889 ἔθνει,
3221 4824 3312 4876 καὶ
3350 4826 3500 4896 πάσῃ
3543 4820 3721 4892 ἡμέρᾳ,

2179 4917 2273 4967 καὶ
2298 4916 2458 4967 παντὶ
2480 4915 2628 4986 τόπῳ
2663 4914 2775 4987 (ll)
2798 4916 2896 4985 τῆς
2928 4914 3191 4983 γενέσεως
3229 4914 3521 4984 γεννῶνται
3540 4913 3723 4984 ἄνθρω-

2180 5094 2284 5151 (sic
2328 5092 2470 5164 enim
2506 5092 2711 5164 scribit)
2754 5090 2902 5164 ἔθνος
2939 5092 3046 5164 ἀπὸ
3075 5093 3182 5148 τῶν
3223 5089 3719 5164 Σαρακηνῶνηπρρς

2183 5162 2526 5233 μεσημϐρίαν
2546 5204 2560 5225 ,
2586 5161 2660 5226 ὡς
2695 5160 2997 5227 Οὐλπιανὸς
3028 5166 3085 5217 ὲν
3124 5160 3483 5233 Ἂραϐὶκοῖξ,
3515 5162 3605 5215 καὶ
3628 5160 3718 5214 Οὐ-

2183 5180 2526 5284 μεσημυριαν
2546 5204 2560 5225 ,
2586 5181 2660 5226 ως
2701 5180 2997 5227 υυΑπιανος
3028 5180 3085 5217 εν
3128 5180 3483 5232 Ἀραοικοις,
3515 5180 3605 5215 και
3628 5180 3718 5214 uu-

2181 5232 2363 5354 Edwtoq
2438 5248 2465 5282 ν
2505 5233 2823 5314 Ἀραόικῶνς
2848 5233 3099 5354 δευτῐρῳ.
3125 5232 3236 5288 Nec
3266 5235 3395 5289 satis
3430 5234 3565 5314 noti,
3598 5246 3719 5298 quos

2227 5304 2339 5354 leos
2371 5301 2641 5354 Ctesarlus
2679 5313 2939 5354 nominat.
3027 5311 3142 5354 orte
3172 5304 3296 5354 τοὺς
3329 5303 3435 5354 ἀπὸ
3464 5320 3560 5354 της
3595 5298 3718 5353 Ἡλί-

2227 5304 2339 5357 leos
2371 5298 2641 5373 Czesarius
2679 5303 2939 5373 nominat.
2986 5298 3142 5357 Forte
3172 5304 3296 5368 τοὺς
3329 5303 3435 5356 ἀπὸ
3464 5304 3560 5373 τῆς
3595 5298 3718 5373 Ἡλί-

2179 5370 2266 5446 eo;
2309 5372 2578 5446 intelligit,
2620 5388 2783 5441 quam
2839 5371 3178 5446 Stephanus,
3210 5373 3343 5446 πρὸς
3370 5377 3435 5445 τῇ
3471 5368 3719 5441 Αἰγυπτίᾳ

2193 5441 2461 5512 Ὀλυμπία
2488 5445 2674 5496 urbem
2708 5458 2829 5512 esse
2858 5442 2933 5496 ait

2252 5509 2360 5585 (ll)
2390 5509 2776 5585 Παντὶςόπῳ.
2809 5511 2991 5585 Longe
3019 5514 3200 5568 malim
3229 5514 3429 5585 τρόπῳ,
3460 5509 3715 5585 praecessit

2181 5580 2529 5651 οηὶιιιπαντὶ
2582 5581 2744 5647 ἔθνει,
2778 5580 3110 5651 quodetiam
3138 5585 3249 5638 fere
3264 5580 3709 5637 'locum'includit.

2182 5650 2383 5722 Deinde
2430 5653 2550 5718 quis
2582 5652 2686 5722 fita
2742 5650 3019 5722 loQuatur,
3067 5655 3228 5707 παντὶ
3277 5656 3424 5708 τόπω
3473 5651 3713 5721 γενέσεως

2183 5720 2470 5786 γεννῶνται
2506 5721 2599 5775 ἄνθ
2607 5738 2794 5792 ρωποι.
