3864 6386
215 331 292 384 475
1301 327 1618 382 ΡΠΛΞΡΑΠ.
1662 323 1916 381 EVANG.
1958 325 2086 380 LIB.
2131 325 2219 381 Vl.
3276 323 3377 376 474

210 463 291 500 ποι·
315 444 480 516 κρατεῖ
499 443 549 496 δὲ
576 446 630 496 ἐν
657 444 858 518 ἑκάστῃ
895 445 1058 518 μοίρα
1083 446 1190 500 τῶν
1224 448 1519 519 ἀνθρώπιον
1543 449 1664 518 νόμι

1769 487 1776 506 ,
1808 445 1938 510 fetu,
1973 446 2268 516 eodemque
2321 445 2628 499 necessario
2661 454 2922 513 tempore,
2958 452 3120 512 prout
3152 443 3235 496 lex
3289 459 3383 496 na-

207 540 274 588 καὶ
307 536 423 597 Ξθος,
450 534 530 587 διὰ
551 534 609 585 τὸ
636 535 974 598 αὐτεξούσιον
1003 535 1096 590 τοῦ
1133 537 1436 608 ἀνθρώπου.
1465 539 1572 591 Καὶ
1605 539 1704 590 οὐκ

202 629 437 696 ἀναγκάζει

200 742 273 782 ειν,
298 722 321 789 ﬁ
349 720 457 782 τοὺς
506 721 829 791 Βραχμᾶνας
875 725 1226 792 κρεοφαγεῖν,
1255 722 1286 790 ἢ
1319 724 1441 783 τοὺς
1487 722 1701 792 Πέρσας

197 814 411 882 ἁθεμίτως
438 813 506 882 μὴ
530 816 745 883 γαμεῖν,
784 813 818 883 ἥ
862 815 985 875 τοὺς
1026 813 1218 874 Ἰνδοὺς
1251 815 1322 884 μὴ
1358 815 1625 876 καίεσθαι,
1665 815 1697 886 ἦ

192 907 286 967 τοὺς
308 905 498 975 Μήδους
531 905 604 976 μὴ
656 906 928 960 ἐσθίεσθαι
955 908 1060 960 ὑπὸ
1109 908 1306 972 κυνῶν,
1340 908 1371 978 ἣ
1410 909 1533 969 τοὺς
1561 907 1700 978 Πάρ-

189 998 358 1068 θ;·.ςμὴ
379 997 722 1068 πολιιγαμεῖν,
755 1000 785 1069 ἧ
829 1000 928 1062 τὰς
959 1000 1016 1051 ὲν
1064 1004 1127 1071 τῇ
1171 1001 1567 1070 Μεσοποταμίᾳ
1599 1017 1696 1068 γυ-

185 1093 332 1150 ναῖκας
361 1091 426 1159 μὴ
454 1094 768 1159 σωρρονεῖν,
803 1093 834 1159 ἣ
861 1093 984 1154 τοὺς
1014 1092 1278 1161 ’Έλληνας
1318 1093 1390 1163 μὴ
1422 1093 1694 1162 γυμνάζε-

185 1180 274 1232 σθαι
305 1183 505 1248 γυμνοῖς
549 1185 662 1244 τοῖς
722 1181 984 1250 σώμασιν,
1033 1182 1064 1254 ἦ
1100 1185 1224 1246 τοὺς
1287 1184 1587 1254 Ῥωμαίους
1620 1183 1692 1254 μὴ

179 1271 416 1341 encaeni-
455 1273 578 1335 τους
632 1273 864 1335 Γάλλους
893 1273 963 1343 μὴ
995 1276 1307 1344 γαμεῖσθαι.
1362 1278 1393 1347 ἢ
1453 1276 1521 1329 τὰ
1560 1275 1691 1330 ἀλλα

176 1361 373 1432 βάρϐαρα
400 1361 535 1430 ἔθνη.
566 1365 685 1427 ταῖς
733 1364 837 1416 ὑπὸ
891 1365 997 1419 τῶν
1061 1365 1326 1428 Ἑλλήνων
1372 1367 1690 1438 λεγομέναις

772 1455 929 1519 Ἀλλ’,
997 1457 1071 1520 ὡς
1119 1459 1408 1529 προεῖπον,
1463 1459 1689 1513 ἕκαστον

515 628 722 695 γένεσις
742 631 866 693 τοὺς
906 631 1085 700 Σῆρας
1116 631 1188 700 μὴ
1237 630 1481 694 θέλοντας
1514 630 1703 698 φονεύ-

172 1453 366 1514 Μούσαις
411 1459 703 1507 κοινωνεῖν.

169 1547 300 1607 Ξῖνος,
324 1549 407 1598 καὶ
433 1548 660 1609 ἕκαστος
694 1548 798 1601 τῶν
819 1548 1120 1620 ἀνθρώπων
1152 1551 1348 1621 χρῆται
1393 1555 1456 1623 τῇ
1493 1553 1687 1607 ἑαυτοῦ

167 1640 409 1709 ἐὶευθερία,
441 1641 514 1702 ὡς
545 1640 793 1709 βούλεται
849 1642 942 1694 καὶ
975 1643 1062 1695 ὅτε
1107 1643 1376 1711 βούλεται,
1425 1645 1518 1697 καὶ
1566 1646 1687 1698 δου-

1044 1737 1066 1750 ἢ

164 1731 273 1784 λέξει
298 1736 351 1802 τῇ
380 1733 582 1798 γενέσει
615 1735 709 1786 καὶ
734 1737 797 1803 τῇ
830 1733 1007 1802 φύσει,
1040 1737 1104 1788 δι’
1134 1738 1199 1807 ἢν
1231 1738 1534 1808 περίκειται
1562 1739 1684 1809 σάρ-

1809 547 1942 592 turze
1974 538 2100 600 fert,
2161 538 2322 592 simul
2353 552 2542 590 omnes
2571 537 2790 606 pariunt
2821 555 2832 589 :
2861 536 2953 590 sed
2985 535 3238 604 projeetis
3266 551 3383 588 ma-

1806 631 1978 691 ribus,
2012 630 2155 683 solas
2182 629 2486 698 suscipiunt
2521 629 2778 698 aluntque
2808 627 3056 681 feminas.
3122 625 3258 678 Sunt
3282 641 3381 680 au-

1805 736 1910 778 tem
1942 722 2212 776 bellicosa:
2246 737 2454 786 omnes,
2487 730 2538 774 et
2586 721 2638 774 in
2681 720 2826 773 omni
2853 718 3255 773 exercitationis
3289 736 3377 787 ge-

1802 831 1931 870 nere
1953 817 2224 885 przeeipuo
2255 817 2436 870 studio
2466 831 2704 883 curaque
2733 799 3053 868 versantur:
3095 811 3214 866 Jam
3245 810 3378 864 Mer-

1799 908 2010 961 curium
2047 906 2228 960 ferunt
2257 908 2372 962 suis
2409 909 2461 961 in
2507 908 2716 961 aedibus
2769 921 2891 961 cum
2924 905 3129 960 Venere
3157 919 3377 974 congre-

1797 1000 2032 1053 dientem
2066 1000 2280 1053 lictores
2301 1039 2317 1062 ,
2350 999 2584 1070 pictores
2608 1040 2622 1061 ,
2654 1000 3085 1062 nummularios;
3117 1009 3170 1052 at
3198 999 3249 1051 in
3283 997 3377 1051 Ve-

1797 1092 2194 1156 neriszedibus,
2247 1093 2660 1160 unguentarios,
2701 1093 3028 1161 plmnascos,
3083 1091 3373 1146 histriones

1795 1184 2022 1238 allicere.
2056 1183 2216 1253 Atqui
2251 1186 2389 1253 apud
2421 1183 2622 1239 Tainos
2649 1195 2700 1238 et
2729 1183 3052 1245 Saracenos,
3085 1198 3147 1236 ac
3174 1193 3280 1235 tam
3319 1183 3370 1235 in

1795 1275 2073 1344 superiore
2108 1274 2296 1346 Libya,
2334 1292 2496 1343 quam
2531 1277 2671 1345 apud
2703 1276 2938 1336 Mauros,
2966 1292 3064 1329 nec
3093 1291 3198 1328 non
3229 1274 3368 1345 apud

1792 1361 2064 1419 Nomadas
2087 1364 2242 1426 illos,
2274 1365 2364 1434 qui
2394 1365 2593 1418 Oceani
2625 1368 2824 1419 ostium
2859 1367 3146 1430 accolunt,
3179 1366 3371 1419 simul-

1790 1471 1896 1524 que
1921 1465 2029 1510 tam
2066 1457 2120 1510 in
2149 1459 2418 1512 exteriore
2444 1458 2760 1520 Germania,
2816 1473 2977 1526 quam
3010 1459 3061 1510 in
3098 1458 3368 1512 Sarmatia

1790 1547 2092 1616 superiore,
2151 1549 2369 1618 Scythia
2428 1565 2668 1617 quoque,
2718 1565 2781 1602 ac
2830 1549 3041 1603 αξιοι-15
3089 1549 3369 1615 omnibus,

1788 1653 1909 1706 quae
1934 1639 1999 1691 ad
2031 1639 2479 1708 septentrionales
2521 1638 2676 1692 Ponti
2707 1651 2890 1708 partes
2922 1640 3165 1693 habitant
3197 1641 3372 1710 genti-

1787 1729 1921 1795 bus;
1959 1730 2182 1800 insuper
2231 1741 2338 1784 tota
2393 1733 2594 1800 passim
2626 1732 2813 1784 Alauia
2837 1775 2851 1797 ,
2883 1733 3105 1786 Albania
3129 1775 3141 1797 ,
3175 1732 3366 1800 Otene,

162 1823 318 1889 11,773“,
366 1825 455 1893 μὲν
504 1825 579 1888 ώς
633 1826 900 1894 βούλεται,
1061 1828 1117 1880 δὲ
1165 1829 1238 1892 ώς
1293 1829 1367 1900 μὴ
1413 1830 1658 1900 βούλεται

1791 1819 2027 1884 Saunia,
2061 1833 2112 1876 et
2136 1838 2298 1875 aurea
2324 1821 2697 1884 Chersoneso,
2731 1839 2904 1890 neque
2941 1825 3364 1878 numnutlarimn

161 1914 364 1983 Πανταχῆ
393 1916 496 1986 γὰρ
555 1917 651 1970 καὶ
703 1920 758 1969 έν
795 1921 955 1971 παντὶ
991 1919 1129 1972 ἔθνει
1158 1923 1262 1974 εἰσὶ
1315 1922 1559 1975 πλούσιοι
1588 1923 1680 1976 καὶ

161 2009 356 2079 πένητες,
390 2010 481 2062 καὶ
511 2010 774 2080 ἄρχοντες
803 2012 894 2064 καὶ
947 2013 1256 2083 ἀρχόμενοι,
1295 2016 1386 2067 καὶ
1434 2015 1680 2086 ἐῤῥωμέ-

155 2117 212 2150 νοι
231 2102 305 2151 καὶ
327 2099 622 2164 νοσοῦντες,
658 2102 884 2163 ἕκαστος
913 2103 1049 2154 κατα
1100 2105 1223 2165 τους
1269 2105 1366 2172 τῆς
1415 2106 1678 2172 γενέσεως

154 2191 276 2242 αὑτοῦ
306 2191 548 2263 κλῇρους.
619 2191 826 2256 Ταῦτα,
862 2187 905 2245 ὦ
940 2194 1265 2264 Βαρδισάνη,
1302 2197 1483 2266 ἄκρως
1531 2198 1676 2265 ἡμᾶς

153 2281 349 2345 πέπεικε,
377 2285 513 2355 φημὶ
545 2283 717 2354 αὐτῷ.
754 2287 815 2337 Οἱ
854 2286 909 2338 δὲ
937 2287 1256 2358 ἀστρονόμοι
1293 2289 1422 2356 φασὶ
1450 2289 1547 2358 τὴν
1573 2289 1675 2358 γῆν

149 2374 304 2442 ’τε-ἑτῃν
349 2378 676 2447 μεμερίσθαι
735 2381 812 2442 εἰς
865 2379 1006 2432 ἑπτὰ
1034 2379 1292 2449 κλίματα,
1346 2381 1439 2432 καὶ
1489 2382 1675 2451 ἄρχειν

147 2469 325 2521 ἑκάστου
363 2469 625 2540 κλίματος
653 2472 747 2524 ’ένα
770 2471 878 2523 τῶν
919 2472 1056 2524 ἑπτὰ
1112 2471 1373 2541 ἀστέρων·
1411 2473 1504 2524 καί
1551 2474 1676 2535 τους

144 2559 374 2631 διαςῶφυς
406 2563 604 2632 νόμους
624 2564 697 2634 μὴ
731 2566 854 2627 τοὺς
881 2563 1198 2636 ἀνθρώπους
1223 2564 1522 2617 τεθεικέναι
1557 2566 1674 2617 έαυ-

143 2655 240 2714 τοῖς.
273 2654 370 2705 ἀλλ’
396 2655 633 2707 ἑκάστου
689 2657 945 2727 ἄρχοντος
981 2657 1292 2720 πλεονάζειν
1343 2657 1402 2710 τὸ
1461 2659 1671 2729 θέλημα

204 2749 251 2816 τῇ
274 2747 364 2817 ίδία
396 2747 570 2818 χώρα,
599 2749 659 2800 ὃν
689 2749 852 2818 νόμον
909 2749 1254 2818 νενομίκασιν
1294 2750 1342 2800 οἱ
1369 2750 1671 2820 κρατούμε-

139 2857 209 2890 νοι.
239 2842 574 2911 Ἀπεκρίνατο
601 2841 713 2910 (19.)
749 2844 864 2894 ούκ-
893 2841 1097 2913 ἀληθὴς
1129 2844 1160 2912 ὴ
1191 2842 1477 2912 ἀπόκρισις
1507 2843 1665 2913 αύτη,

137 2923 392 2986 ὧψίλιππε.
415 2934 476 2986 ΕΞ
503 2933 620 3005 γὰρ
647 2933 1002 3005 καὶδιῄρηται
1027 2936 1060 3005 ἡ
1083 2935 1377 3006 οἰκουμένη
1405 2938 1486 2999 είς
1525 2938 1663 3010 μέρη

136 3024 257 3084 ἑπτα,
285 3025 387 3077 ἀλλ’
415 3021 506 3078 οὖν
535 3043 601 3094 γε
635 3027 691 3077 ἐν
726 3027 824 3096 μιᾷ
887 3026 1062 3098 μερίδι
1113 3027 1437 3098 εὑρίσκομεν
1467 3030 1665 3094 πολλάς

133 3117 338 3190 διαφορὰς
363 3120 564 3190 νόμων.
600 3121 734 3173 Οὐδὲ
761 3120 869 3191 γὰρ
893 3121 1034 3174 ἐπτά
1067 3122 1219 3193 νόμοι
1247 3123 1352 3176 εἰσὶ
1375 3124 1514 3177 κατὰ
1538 3128 1662 3189 τοὺς
1691 3142 1732 3197 (ζ

133 3211 235 3262 ἑπτὰ
253 3212 490 3282 ἀστέρας,
513 3212 640 3264 οὐδὲ
668 3211 874 3265 δώδεκα
903 3212 1045 3265 κατά
1065 3213 1132 3265 τὰ
1151 3212 1334 3278 ζώδια,
1366 3215 1484 3269 οὐδὲ
1519 3235 1666 3287 τρια-

131 3301 324 3367 κονταὲξ,
349 3303 487 3356 κατὰ
521 3304 654 3361 τοὺς
682 3303 938 3366 δεκανους
962 3303 1094 3372 (15),
1123 3304 1258 3358 ἀλλά
1288 3307 1488 3379 μυρίοι.
1520 3309 1664 3380 Μνη-

130 3394 327 3460 μονεύειν
365 3413 424 3449 τε
477 3395 726 3465 ὀφείλετε
781 3390 858 3449 ὧν
914 3398 1194 3465 προεῖπον,
1252 3399 1333 3451 ὅτι
1387 3400 1558 3453 καὶέν
1582 3402 1662 3454 ἐνὶ

127 3487 320 3556 κλίματι,
369 3490 459 3542 καὶ
492 3493 552 3543 έν
617 3491 714 3560 μιᾷ
765 3489 918 3561 χώρα
987 3491 1094 3543 τῶν
1164 3491 1338 3543 Ἰνδῶν
1386 3494 1521 3545 εἰσιν
1566 3494 1659 3546 ἀν-

125 3579 419 3651 Θρωπυσάγοι
489 3583 683 3646 Ἰνδοὶ,
748 3583 840 3636 καί
911 3584 1048 3636 εἰσιν
1115 3585 1163 3637 οἱ
1217 3584 1475 3655 ἐμψύχων
1556 3587 1662 3640 ἀπ-

125 3673 352 3741 εχόμενοι·
422 3677 518 3728 καὶ
587 3676 667 3727 ὅτι
723 3676 771 3727 οἱ
826 3676 1164 3742 Μαγουσαῖοι
1244 3678 1342 3729 οὐκ
1407 3678 1464 3730 ὲν
1521 3678 1660 3749 Περ-

124 3765 201 3817 σίδι
249 3768 372 3841 μόνῃ
421 3767 523 3831 τὰς
583 3768 886 3841 θυγατέρας
924 3769 1232 3840 γαμοῦσιν,
1293 3769 1429 3823 ἀλλὰ
1470 3771 1564 3824 καὶ
1599 3771 1658 3824 ἐν

122 3860 246 3912 παντὶ
279 3860 428 3922 ἔθνει,
460 3863 598 3914 ὅπου
633 3861 697 3914 ἀν
726 3863 990 3933 οἰκήσωσι
1011 3903 1025 3926 ,
1062 3863 1186 3926 τοὺς
1228 3862 1335 3915 τῶν
1377 3862 1658 3932 προγόνων

122 3950 428 4016 ςυλάσσοντες
461 3953 684 4023 νόμους,
725 3952 818 4005 καὶ
847 3953 954 4006 τῶν
983 3952 1298 4024 μυστηρίων
1349 3953 1528 4006 αὐτῶν
1560 3953 1656 4019 τάς

118 4041 309 4105 τελετάς.
347 4045 503 4098 Ἀλλὰ
549 4045 644 4098 καὶ
678 4045 847 4099 πολλὰ
882 4045 1134 4118 βάρϐαρα
1185 4046 1311 4117 ἔθνη
1365 4047 1656 4112 κατελέξαο

121 4151 212 4202 μεν,
233 4137 293 4188 τά
313 4155 365 4190 τε
392 4140 520 4192 ὄντα
544 4138 602 4190 ὲν
635 4156 772 4209 μεση
783 4138 972 4210 μϐρίᾳ,
998 4140 1088 4192 καὶ
1112 4140 1282 4202 δύσει,
1316 4140 1408 4193 καί
1423 4140 1650 4212 ἀνατολῇ

117 4227 189 4277 καὶ
213 4228 399 4299 ἄρκτῳ,
429 4229 710 4282 τουτέστιν
738 4233 795 4283 ἐν
819 4231 1091 4302 διαφόροις
1123 4230 1347 4300 κλίμασι
1369 4273 1382 4295 ,
1423 4233 1496 4304 μὴ
1533 4249 1654 4303 μετ-

116 4316 268 4385 έχοντα
306 4322 608 4393 Ἐρμαῖκῆς
673 4324 998 4392 ἐπιστήμης.
1033 4324 1215 4385 Πόσοι,
1247 4322 1526 4393 νομίζετε,
1562 4342 1650 4376 σο-

118 4411 184 4476 eo".
211 4413 378 4483 ἄνδρες
419 4416 742 4485 παρήγαγον
764 4414 888 4475 τους
917 4413 1101 4477 κακῶς
1122 4414 1402 4484 κειμένους
1430 4416 1645 4486 νόμουςς

117 4504 235 4556 πόσοι
264 4506 314 4558 δὲ
345 4507 494 4577 νόμοι
531 4507 636 4560 ὑπὸ
661 4508 757 4578 τῆς
788 4506 1016 4576 ἀπορίας
1048 4507 1423 4578 κατελύθησαν
1444 4509 1646 4573 ;επόσοι
1681 4515 1721 4568 D

117 4592 339 4660 βασιλεῖς,
391 4600 765 4669 κρατήσαντες
802 4597 967 4650 ἐθνῶν
989 4639 1003 4661 ,
1039 4600 1356 4671 παρήγαγον
1386 4601 1508 4665 τοὺς
1538 4603 1641 4672 πρὸ

114 4685 255 4738 αὐτῶν
282 4689 488 4758 νόμους,
516 4689 608 4741 καὶ
643 4688 821 4740 έθεντο
845 4689 969 4750 τους
999 4688 1196 4753 ίδίουςς
1226 4691 1316 4742 καὶ
1341 4691 1512 4754 οὐδεὶς
1535 4691 1640 4745 τῶν

115 4774 311 4846 ἀστέρων
340 4779 583 4832 ἀπώλεσε
609 4779 668 4831 τὸ
704 4779 830 4832 ἴδιον
857 4779 1043 4850 κλίμα.
1083 4781 1221 4844 Χθὲς
1271 4784 1316 4834 οἱ
1357 4783 1635 4852 Ῥωμαῖοι,

115 4865 189 4935 τῆς
227 4870 462 4938 Ἀραϐίας
491 4873 863 4941 κρατήσαντες
885 4911 898 4932 ,
935 4873 1060 4935 τοὺς
1095 4873 1202 4924 τῶν
1237 4873 1525 4945 βαρϐάρων
1556 4876 1638 4928 νό-

117 4973 219 5022 μους
241 4960 480 5029 ἤλλαξαν.
518 4963 746 5014 Ἔπεται
777 4963 885 5032 γὰρ
908 4962 968 5014 τὸ
998 4962 1341 5026 αὐτεξούσιον
1371 4963 1448 5034 τῷ
1506 4966 1636 5018 αύτ-

115 5047 311 5120 εξουσίῳ.
340 5053 410 5106 Τὸ
454 5053 509 5106 δὲ
532 5053 824 5122 δυνάμενον
860 5057 1040 5106 πεῖσαι
1085 5057 1177 5108 καὶ
1216 5056 1342 5118 τοὺς
1379 5057 1636 5121 ἀπίστους

116 5137 365 5212 ἐκθήσομαι
407 5146 556 5216 ύμῖν.
624 5145 862 5198 Ἰουδαῖοι
923 5146 1124 5209 πάντες
1172 5149 1221 5200 οἱ
1265 5148 1352 5200 διὰ
1392 5149 1634 5213 Μωσέως

113 5225 339 5302 δεξάμενοι
366 5236 546 5305 νόμον,
575 5237 700 5298 τοὺς
727 5235 1096 5306 γεννωμένους
1115 5237 1347 5309 ἄρρενας
1370 5239 1560 5302 παῖδας
1577 5241 1633 5291 ἐν

113 5324 162 5390 τῇ
189 5324 324 5399 ὀγδόῃ
342 5329 520 5400 ἡμέρα
537 5329 862 5399 αἱμάσσουσι
892 5329 1328 5400 περιτέμνοντες,
1351 5331 1450 5384 οὐκ
1475 5331 1631 5384 ἀστέ-

166 5524 254 5591 (lii
287 5529 671 5596 Ἀπεκρίνατο.
705 5530 912 5594 Aliena,
951 5547 1135 5596 credo,
1162 5549 1284 5587 vox.
1314 5532 1451 5598 Quid
1483 5535 1626 5589 enim

114 5604 192 5650 ρει,
215 5598 476 5668 ἀπόκρισις
518 5600 883 5669 ἁπεκρίνατο;
912 5618 973 5656 ea
1024 5604 1068 5657 si
1106 5605 1298 5665 aberit,
1338 5605 1517 5659 clarus
1548 5605 1629 5659 iu-

114 5670 320 5732 tegvrque
346 5673 508 5724 locus.

168 5735 476 5815 il5)_lian’z__
509 5740 1008 5815 τοὶ-ςχδεκανρύς.
1058 5741 1272 5812 Utique.
1333 5744 1621 5800 Duodecim

120 5817 225 5856 :uun
272 5811 317 5860 in
369 5812 581 5866 zodiaco
636 5811 993 5883 signazsigni
1047 5811 1308 5884 cujusque
1360 5826 1538 5884 partes
1594 5833 1622 5870 a

1785 1914 1953 1966 ullum
1989 1915 2197 1979 videas,
2231 1931 2404 1984 neque
2438 1916 2709 1978 lictorem,
2745 1931 2917 1983 neque
2945 1915 3201 1984 pictorem
3232 1957 3245 1979 ,
3275 1933 3367 1972 ne-

1781 2021 1886 2074 que
1914 2006 2269 2061 architectum
2301 2048 2314 2071 ,
2347 2023 2520 2076 neque
2557 2016 2883 2076 geotnctraln
2906 2049 2919 2070 ,
2957 2023 3128 2076 neque
3161 2008 3365 2076 phona-

1782 2112 1957 2162 scum,
1985 2113 2158 2166 neque
2189 2097 2512 2151 histrionem
2549 2117 2561 2149 :
2607 2097 2698 2151 sed
2738 2097 2942 2150 ambitu
2974 2097 3064 2150 illo
3095 2109 3360 2151 terrarum

1785 2190 2064 2254 universo,
2121 2191 2201 2243 vis
2253 2189 2352 2243 ista
2400 2188 2650 2243 Mercurii
2695 2188 3030 2259 Venerisque
3068 2190 3212 2243 nulla
3256 2203 3359 2244 est.

1779 2284 1918 2339 Medi
1947 2299 2139 2339 omnes
2167 2283 2416 2348 canibus,
2451 2299 2590 2354 quos
2622 2284 2826 2354 ingenti
2858 2285 3010 2338 alunt
3037 2285 3234 2348 studio,
3264 2284 3362 2338 ad-

1779 2378 1884 2432 huc
1940 2379 2202 2448 spirantia
2263 2378 2715 2431 moribundorum
2769 2394 2999 2447 corpora
3055 2377 3361 2446 objiciunt;

1778 2485 1952 2539 neque
1978 2481 2156 2524 tamen
2187 2487 2377 2525 omnes
2407 2473 2587 2525 lunam
2617 2481 2778 2540 atque
2801 2469 3024 2523 Martem
3055 2471 3106 2523 in
3128 2470 3362 2537 Cancro,

1774 2563 1954 2617 diurni
1987 2573 2140 2618 ortus
2171 2563 2430 2632 praesides
2479 2564 2581 2616 sub
2612 2572 2808 2617 terram
2846 2563 3104 2616 habuere.
3160 2561 3273 2615 lndi
3309 2571 3364 2616 et

1773 2665 2113 2707 mortuorum
2161 2654 2447 2719 cadavera,
2477 2662 2531 2708 et
2559 2654 2776 2707 illorum
2828 2669 3026 2707 uxores
3072 2653 3214 2706 ultro
3241 2667 3362 2706 sese

1771 2747 2056 2800 oll‘ereutes
2080 2746 2410 2800 comburunt
2438 2765 2450 2799 :
2482 2761 2656 2814 neque
2685 2755 2886 2810 tamen,
2905 2754 3174 2815 quotquot
3219 2745 3359 2812 apud

1771 2839 1890 2893 illos
1945 2839 2080 2891 vivae
2128 2838 2388 2892 mulieres
2445 2838 2864 2903 comburuntur,
2935 2837 3115 2890 Solem
3168 2851 3358 2890 omnes

1770 2929 1966 2985 Leonis
1999 2931 2052 2984 in
2086 2931 2296 2986 tedibus
2320 2971 2334 2995 ,
2381 2929 2680 2998 Martisque
2711 2928 2945 2995 ﬁnibus,
2996 2927 3098 2981 sub
3155 2937 3354 2980 terram

1768 3039 1890 3077 cum
1923 3023 2113 3077 eodem
2144 3021 2316 3078 Marte
2359 3021 2738 3091 eonjnnctum,
2767 3029 2891 3074 ortu
2938 3029 3208 3074 nocturno
3237 3035 3358 3074 sor-

1769 3116 1876 3168 tita:
1913 3125 2060 3169 sunt.
2101 3115 2354 3170 Germani
2388 3115 2656 3185 plerique,
2701 3115 2887 3170 fractis
2915 3115 3109 3184 laqueo
3136 3113 3356 3169 cervici-

1770 3209 1870 3262 bus
1903 3208 2070 3278 278
2094 3208 2406 3262 moriuntur
2439 3226 2451 3262 :
2485 3223 2585 3263 nec
2613 3217 2794 3264 tamen
2816 3208 3212 3264 Germanorum
3243 3209 3355 3264 uti-

1768 3316 1872 3367 que
1903 3301 2197 3355 multitudo
2247 3309 2396 3355 tanta
2418 3343 2433 3366 ,
2467 3301 2650 3355 lunam
2683 3301 2984 3370 horamque
3029 3302 3284 3357 nascendi
3319 3317 3358 3356 α

1769 3392 2006 3444 Saturno
2033 3392 2312 3463 Marteque
2344 3395 2694 3464 interceptam
2722 3393 2922 3449 habere
2943 3395 3138 3464 potuit.
3168 3391 3352 3449 Enim-

1763 3499 1892 3537 vero
1915 3486 2176 3554 quotidie,
2193 3487 2454 3556 omnique
2480 3487 2738 3543 nascendi
2759 3488 3131 3557 genere,apud
3157 3503 3350 3544 omnes

1761 3582 2012 3649 populos,
2043 3593 2344 3638 nascuntur
2372 3584 2654 3648 homines;
2687 3583 2915 3637 vincunt
2939 3583 3143 3652 ubique
3164 3592 3345 3637 tamen

1764 3673 2045 3727 hominum
2078 3675 2318 3743 ipsorum
2349 3675 2514 3745 leges.
2560 3690 2765 3740 mores,
2787 3675 3128 3743 liberumque
3156 3673 3350 3728 volun-

1762 3765 1887 3818 tatis
1920 3765 2228 3819 arbitrium.
2264 3765 2452 3835 ltaque
2480 3783 2577 3821 nec
2607 3765 2768 3821 Seres
2803 3764 2869 3819 ad
2902 3763 3216 3828 homicidia,
3247 3779 3348 3819 nec

1760 3854 2125 3910 Braehmanes
2151 3853 2217 3908 ad
2243 3870 2394 3908 esum
2449 3856 2723 3920 carnium,
2760 3869 2861 3909 nec
2890 3853 3070 3909 Persa:
3095 3854 3162 3908 ad
3192 3853 3344 3909 ince-

1758 3948 1858 4002 stis
1887 3947 2092 4017 nuptiis
2116 3947 2526 4014 abstinendum,
2555 3963 2656 4002 nec
2686 3947 2800 4001 ludi
2825 3947 2891 4002 ad
2920 3961 3112 4016 rogum
3141 3944 3347 4015 fugien-

1755 4042 1923 4108 dum,
1975 4056 2076 4096 nec
2123 4041 2258 4096 Medi
2305 4041 2373 4095 ad
2423 4056 2623 4095 canum
2671 4040 2863 4094 dentes
2888 4037 3208 4103 evitandus,
3243 4053 3344 4093 nec

1754 4132 1940 4186 Parthi
2005 4134 2069 4188 ad
2124 4150 2356 4188 uxorum
2390 4131 2742 4187 multitudine
2770 4128 3182 4196 absdnendum,
3240 4144 3343 4186 nec

1753 4223 2158 4294 Mesopotamiae
2223 4224 2480 4278 mulieres
2551 4223 2618 4278 ad
2666 4220 3183 4290 intemperantiam,
3239 4235 3342 4275 nec

1752 4315 1923 4370 Οτιεοί
1961 4317 2028 4368 ad
2064 4317 2428 4386 repudiandas
2477 4313 2749 4368 nudorum
2800 4328 3095 4383 corporum
3130 4313 3341 4368 exerci-

1755 4409 2009 4471 tationes,
2059 4423 2160 4461 nec
2212 4406 2442 4460 Romani
2491 4406 2558 4459 ad
2609 4405 2900 4474 imperium
2938 4404 3333 4474 abjiciendum,

1753 4517 1853 4556 nec
1882 4502 2019 4555 Galli
2054 4503 2120 4554 ad
2153 4500 2466 4569 fugiendum
2498 4499 2844 4553 muliebrium
2876 4502 3185 4566 nuptiarum
3222 4506 3337 4551 tur-

1750 4590 2069 4659 pitudinem,
2098 4606 2197 4643 nee
2233 4589 2456 4657 reliquae
2487 4589 2740 4642 nationes
2770 4587 3038 4652 barbarae,
3064 4586 3132 4640 ad
3162 4585 3337 4640 Musa-

1747 4695 1868 4732 rum
1904 4680 2062 4747 (quas
2089 4680 2258 4734 Graeci
2306 4679 2528 4750 vocant)
2561 4679 3036 4744 consuetudinem,
3069 4688 3222 4734 ortus
3247 4677 3331 4734 sui

1747 4769 2075 4837 conditione,
2096 4771 2274 4824 invita:
2305 4770 2662 4839 nolentesque
2687 4780 2975 4840 coguntur.
3011 4767 3117 4824 Sed
3141 4785 3333 4839 quem-

1745 4863 2036 4916 admodum
2067 4873 2192 4917 aute
2212 4863 2474 4928 diximus,
2503 4862 2728 4932 singula:
2756 4863 3025 4927 nationes,
3054 4862 3332 4918 homines-

1745 4963 1850 5017 que
1880 4947 2100 5015 singuli,
2130 4964 2225 5001 sua
2268 4948 2369 5017 ipsi
2399 4949 2669 5013 libertate,
2702 4948 2791 5002 ubi
2828 4948 3149 5018 quotiesque
3184 4949 3330 5003 libu-

1743 5037 1865 5101 erit,
1893 5047 2122 5091 utuntur
2172 5056 2185 5091 :
2242 5039 2457 5094 tametsi
2490 5041 2687 5108 partim
2717 5040 2971 5094 nascendi
2999 5039 3328 5104 conditioni,

1742 5134 1938 5203 partim
1966 5144 2174 5188 natura:
2205 5136 2439 5205 quisque
2475 5151 2608 5198 sum,
2627 5150 2749 5204 qua:
2779 5149 2880 5188 suo
2909 5149 3182 5204 quemque
3207 5150 3327 5189 cor-

1740 5241 1872 5296 pore
1900 5226 2112 5290 induit,
2145 5226 2322 5281 libens
2365 5242 2757 5295 nonnunquam
2786 5234 2949 5296 atque
2978 5226 3164 5281 volens
3185 5268 3198 5292 ,
3235 5225 3323 5279 iu-

1742 5318 1954 5374 terdum
1985 5319 2177 5373 nolens
2209 5326 2262 5373 et
2293 5318 2494 5374 invitus
2548 5319 2900 5387 obtemperet.
2960 5316 3168 5389 Quippe
3197 5319 3320 5374 ubi-

1739 5535 2093 5606 genelhliacis
2137 5535 2359 5604 triginta
2409 5535 2718 5606 constituta:
2755 5550 2768 5585 :
2807 5548 2870 5606 ac
2917 5543 3026 5590 tres
3058 5537 3116 5606 _in
3151 5537 3315 5592 deeu-

1737 5604 1849 5660 rias
1882 5607 2120 5671 tributze,
2169 5620 2400 5676 quarum
2449 5605 2725 5674 principes
2754 5644 2768 5668 ,
2793 5604 3005 5669 decani,
3053 5604 3314 5662 Romanae

1735 5693 1800 5728 ex
1845 5677 2052 5732 militia:
2098 5693 2199 5734 usu
2248 5675 2555 5743 nominati;
2591 5688 2784 5732 omnes
2834 5678 3061 5746 proinde
3092 5680 3315 5749 triginta

1736 5762 1848 5801 Sex.
