3864 6386
536 327 646 383 475
1169 322 1440 381 EUSEBll
1478 316 1960 378 CESABIENSIS
1991 314 2062 372 OE

2200 310 2364 367 PARS
2398 311 2460 367 11.
2504 342 2574 353 -
2611 304 3113 366 APOLOGETICA.
3648 304 3726 358 iis

536 458 644 513 que
675 451 940 496 terrarum
964 482 978 505 ,
1012 449 1174 512 atque
1216 441 1356 511 apud
1385 453 1576 494 omnes
1606 436 1830 491 omnino
1861 433 2061 504 populo

2221 444 2311 497 ρος
2351 425 2650 498 παρουσίαν
2702 422 3081 492 ἀναμένοντες,
3133 420 3195 473 οὐ
3237 416 3485 490 κλίματος
3513 416 3728 483 ’ἐξουσίαν

536 508 731 588 divites
759 535 961 603 pariter
990 543 1043 588 et
1077 508 1286 602 inopes,
1341 530 1633 600 principes,
1668 516 2062 597 principibusqi

2211 520 2601 592 ἐκτρεπόμενοι
2633 517 2768 589 (id),
2800 517 2899 586 οὐχ
2938 514 3042 568 ὑπὸ
3070 513 3233 583 νόμου
3278 508 3545 583 ἀλλοτρίας
3584 514 3729 584 χώρας

537 626 777 691 subditi,
830 627 1102 688 valentes,
1143 623 1460 692 morbisque
1506 621 1683 675 vexati
1740 624 2063 689 reperiuntut

2210 613 2465 683 ἀγόμενοι
2485 628 2496 641 ’
2537 611 2652 663 ἀλλ’
2685 608 2795 680 εἴτε
2825 608 2882 661 ὲν
2925 606 3093 677 Συρία
3135 603 3484 675 τυγχάνουσιν
3506 646 3519 669 ,
3557 604 3651 656 εἴτε
3684 605 3728 658 ἐν

535 726 697 787 prout
722 727 878 770 ortus
908 717 1173 784 cujusque
1197 728 1319 768 sors
1347 721 1401 767 et
1425 711 1565 765 ratio
1594 708 1794 763 tulerit.
1838 705 1983 771 Haec,
2019 707 2061 760 ir

2208 704 2429 773 Γαλλίᾳ,
2459 701 2569 755 εἴτε
2598 704 2654 754 ὲν
2699 700 2917 772 Ἰταλίᾳ,
2951 698 3060 751 εἴτε
3093 698 3148 749 ὲν
3197 695 3432 758 Ἑλλάδι,
3463 695 3493 766 ἦ
3536 696 3586 747 ἐν
3614 696 3730 767 Παρ-

534 824 735 877 quam,
768 821 799 859 ο
833 804 1136 860 Bardesaue
1157 845 1172 869 ,
1208 803 1373 873 hujus
1419 802 1553 856 mihi
1596 798 1877 855 sententiae
1911 797 2060 851 verit:

2207 794 2315 868 θίᾳ,
2352 796 2385 868 ἢ
2425 797 2556 850 ὅπου
2594 795 2660 849 ἂν
2693 789 2829 857 ὦσι,
2865 793 3024 847 τοῦτο
3049 789 3312 845 ποιοῦσιν.
3346 791 3509 863 Ὅπερ
3530 791 3615 843 οὐκ
3640 791 3730 846 ἐστι

533 910 639 955 ten:
670 900 885 955 abunde
923 897 1265 968 persuadent.
1328 897 1398 949 At
1441 897 1583 950 enim
1633 893 1929 951 astronomi
1972 890 2059 945 Tet

2204 890 2344 943 κατὰ
2373 889 2587 957 γένεσιν
2610 905 2621 917 ⁸
2651 889 2710 941 οὐ
2738 888 2843 958 γάρ
2868 887 3121 939 δύνανται
3148 883 3349 947 πάντες
3384 882 3602 936 Ἰουδαῖοι
3627 884 3729 954 μίαν

532 1008 648 1047 rant
693 992 844 1046 aiunt
876 990 927 1043 in
963 998 1168 1058 septem
1200 988 1417 1042 climata
1461 988 1691 1042 divisam
1719 1000 1874 1050 esse,
1901 983 2058 1053 quibu

2203 981 2412 1050 γένεσιν
2445 980 2613 1051 ἔχειν.
2673 978 2833 1033 Ἀλλὰ
2874 978 2968 1031 καὶ
3010 977 3075 1029 δι’
3108 975 3330 1047 ἡμερῶν
3371 974 3502 1027 ὲπτά
3546 976 3729 1042 πάντες,

531 1083 761 1152 singulis
792 1082 989 1151 singuli
1034 1082 1264 1151 planetae
1292 1081 1511 1150 praesint
1545 1097 1558 1133 :
1593 1079 1665 1132 ita
1697 1077 1941 1132 diversas
1979 1076 2057 1129 illa

2204 1074 2332 1126 ὅπου
2371 1072 2435 1126 ἂν
2464 1067 2617 1136 ὦσιν,
2664 1070 2925 1142 ἀργοῦσιν
2963 1071 3026 1121 ἐκ
3064 1067 3264 1130 παντὸς
3308 1065 3497 1137 ἔργου·
3532 1068 3614 1120 καὶ
3633 1066 3730 1123 οὔτε

530 1171 600 1226 ah
645 1171 958 1225 hominibus
1006 1172 1211 1239 positas
1254 1180 1307 1225 et
1345 1170 1668 1224 constitutas
1702 1168 1845 1239 leges
1871 1183 1979 1221 nou
2016 1166 2053 1220 [ι

2204 1162 2493 1220 ὁδεύουσιν,
2523 1160 2646 1214 οὗτε
2669 1160 2800 1232 πυρὶ
2832 1159 3095 1231 χρῶνται.
3131 1156 3265 1211 Οὔτε
3300 1156 3582 1225 ἀναγκάζει
3606 1160 3635 1230 ὴ
3659 1158 3730 1228 γέ-

529 1263 659 1326 isse,
685 1263 778 1317 sed
809 1263 1095 1334 principiis
1122 1264 1390 1333 cujusque
1416 1262 1612 1317 sideris
1639 1262 1970 1315 voluntatem
1998 1276 2055 1315 su

2203 1271 2343 1318 νεσις
2389 1254 2673 1318 Ἰουδαῖον,
2717 1253 2777 1305 οὐ
2810 1252 2993 1304 κτίσαι
3023 1245 3189 1313 οἷκον,
3219 1251 3278 1302 οὐ
3314 1247 3626 1316 καταλῦσαι,
3652 1253 3729 1307 οὐκ

527 1352 580 1407 in
607 1353 829 1422 regione
850 1354 1143 1420 dominari,
1171 1369 1334 1425 quam
1360 1354 1480 1408 loco
1507 1353 1640 1423 legis
1667 1351 1973 1415 habuerint,
2001 1366 2053 1420 qt

2204 1345 2555 1416 ἐργάσασθαι,
2582 1346 2643 1398 οὐ
2680 1345 2947 1414 πωλῆσαι,
2976 1343 3077 1397 οὐκ
3104 1342 3373 1414 ἀγοράσαι
3402 1345 3515 1406 ταῖς
3537 1343 3730 1414 ἡμέραις

525 1444 645 1514 ejus
672 1446 900 1514 imperio
927 1462 990 1500 ac
1017 1446 1225 1500 ditione
1252 1454 1559 1499 teneantur.
1631 1441 1831 1497 Verum
1864 1442 1936 1509 id,
1968 1440 2051 1495 Phi

2204 1438 2289 1491 τοῦ
2332 1438 2607 1491 Σαϐϐάτου
2626 1479 2640 1503 ,
2693 1437 2869 1491 καίτοι
2912 1437 2969 1489 ἐν
2994 1440 3060 1509 τῇ
3087 1437 3223 1508 αὐτῇ
3253 1435 3436 1508 ἡμέρα
3461 1436 3730 1506 γεννώντων

523 1534 688 1605 lippe,
721 1536 858 1591 falso
886 1536 1265 1605 respondetur.
1302 1534 1436 1587 Nam
1473 1547 1532 1588 ut
1557 1535 1748 1588 demus
1773 1534 1958 1588 orbem
1988 1544 2049 1588 tet

2209 1528 2474 1581 Ἰουδαίων
2500 1528 2595 1581 καὶ
2622 1528 2994 1599 γεννωμένων,
3030 1528 3125 1580 καὶ
3157 1526 3471 1589 νοσούντων,
3512 1528 3598 1579 καὶ
3621 1529 3730 1582 ἀπο-

522 1644 709 1684 rarum
737 1637 942 1699 septem
972 1629 1024 1683 in
1054 1638 1235 1698 partes
1258 1628 1607 1682 distributum
1641 1641 1794 1693 esse;
1835 1642 2048 1697 magnut

2201 1621 2536 1692 θνησκόντων
2561 1639 2573 1652 ·
2610 1621 2783 1675 ταῦτα
2803 1620 2910 1692 γάρ
2931 1621 3031 1674 οὐκ
3049 1619 3127 1672 ἔτι
3151 1620 3267 1672 ἐστὶ
3289 1618 3384 1672 τοῦ
3409 1618 3727 1684 αὐτεξουσίου.

521 1719 608 1773 vel
652 1734 761 1774 una
802 1727 1010 1774 tantum
1042 1720 1094 1772 in
1126 1727 1279 1788 parte
1320 1718 1500 1789 legum
1537 1717 1827 1773 discrimen
1851 1732 2047 1789 agnosc

2208 1714 2297 1766 Ἐν
2329 1715 2394 1784 τῇ
2426 1713 2595 1785 Συρίᾳ
2624 1713 2718 1766 καὶ
2742 1714 2801 1765 ὲν
2821 1717 2887 1785 τῇ
2935 1714 3199 1783 Ὀσροηνῇ
3231 1712 3590 1765 ἀπεκὸπτοντο
3631 1713 3730 1767 πολ·

520 1825 667 1865 mus.
711 1808 822 1866 Nec
846 1812 989 1866 enim
1030 1811 1103 1867 uti
1135 1811 1365 1881 planetae
1394 1820 1620 1880 septem,
1649 1819 1850 1879 septem
1875 1825 2046 1879 quoqr

2203 1806 2274 1857 λοι
2294 1807 2358 1875 τῇ
2399 1803 2526 1876 Ῥέᾳ
2552 1823 2565 1832 ·
2602 1805 2690 1858 καὶ
2716 1806 2774 1857 ἐν
2803 1805 2970 1876 τούτῳ
3001 1806 3098 1875 μιᾷ
3129 1806 3267 1877 ῥοπῇ
3294 1804 3324 1856 6
3354 1803 3592 1874 βασιλεὺς
3623 1804 3729 1857 *Αδ-

518 1901 697 1969 leges;
755 1916 855 1957 nec
911 1917 1010 1971 pro
1056 1901 1337 1972 signorum
1390 1901 1597 1955 zodiaci
1632 1915 1859 1954 numero
1888 1900 2044 1953 duodt

2205 1912 2363 1966 γαρος
2398 1896 2649 1950 ἐκέλευσε
2681 1896 2789 1952 τῶν
2835 1895 3294 1965 ἀποκοπτομένων
3342 1895 3408 1948 τὰ
3441 1896 3601 1949 αἰδοῖα
3628 1897 3731 1949 ἀπο-

517 1993 659 2060 cim;
686 2009 804 2061 nec,
830 2003 965 2064 quot
989 1994 1088 2064 ipsi
1112 1994 1350 2049 decanos
1381 2003 1610 2063 ponunt,
1657 2008 1749 2048 sex
1802 2000 2043 2047 tantunu

2205 1987 2486 2041 κόπτεσθαι
2519 1989 2614 2043 καὶ
2640 1988 2739 2052 τὰς
2773 1992 2960 2061 χεῖρας
2979 2006 2992 2019 ο
3024 1989 3117 2042 καὶ
3150 1987 3334 2041 ἔκτοτε
3360 1987 3530 2051 οὐδεὶς
3566 1989 3731 2042 ἀπεκό-

518 2083 761 2152 triginta,
790 2085 880 2139 sed
911 2099 1135 2153 prorsus
1161 2084 1387 2139 infinitae
1417 2096 1794 2139 numerantur.
1857 2082 2044 2153 Quippe

2205 2079 2326 2149 ζιατο
2353 2081 2409 2132 ὲν
2434 2083 2498 2151 τῇ
2562 2081 2848 2153 Ὀσροηνῇ.
2890 2081 2954 2133 Τί
2996 2081 3053 2134 δὲ
3088 2080 3317 2151 ἐροῦμεν
3366 2080 3490 2151 περὶ
3521 2080 3608 2150 τῆς
3646 2081 3731 2133 τῶν

513 2176 831 2231 meminisse
881 2193 979 2233 ves
1034 2193 1221 2231 eorum
1275 2193 1395 2247 quae
1442 2192 1606 2247 supra
1636 2175 1907 2239 diximus,
1936 2191 2039 2245 opo

2204 2171 2530 2243 Χριστιανῶν
2574 2173 2870 2245 αἱρέσεως,
2902 2168 2971 2244 ἧς
3010 2175 3172 2243 ἡμεῖς
3211 2174 3260 2224 oi
3291 2171 3537 2237 δοξασταὶ
3581 2171 3730 2224 πολλοὶ.

512 2267 647 2321 tehit
696 2286 709 2322 :
761 2266 962 2322 Eodem
1016 2269 1069 2322 in
1126 2270 1372 2335 climate,
1427 2285 1645 2339 unoque
1701 2269 1979 2324 ludiarum
2032 2269 2038 2321 i

2204 2261 2337 2325 ἱντες
2362 2263 2454 2316 καὶ
2477 2264 2535 2316 ἐν
2561 2263 2837 2335 διαφόροις
2868 2263 3065 2332 ἀνέστη
3074 2279 3172 2334 μεν
3194 2262 3472 2333 κλίμασιν,
3512 2265 3564 2317 ἐν
3599 2265 3730 2318 παντὶ

511 2367 732 2425 tractu,
788 2358 948 2416 ludos
1004 2360 1142 2415 alios
1199 2376 1362 2428 esse,
1411 2361 1520 2431 qui
1557 2360 1819 2415 carnibus
1858 2374 2037 2415 vescai

2204 2352 2327 2407 ίθνει
2358 2356 2451 2408 καὶ
2478 2355 2723 2427 κλίματι,
2755 2356 2954 2419 οἵτινες
2987 2356 3171 2409 πολλοὶ
3201 2356 3355 2419 ὄντες
3375 2396 3390 2420 ,
3425 2357 3503 2409 ἐνὶ
3543 2356 3730 2427 ὀνόματι

512 2460 603 2509 tur
669 2451 965 2521 humanis,
1021 2454 1198 2519 alios,
1252 2454 1345 2523 qui
1409 2456 1478 2508 ab
1526 2453 1674 2508 omni
1733 2469 1913 2508 rerum
1967 2469 2033 2507 an

2201 2441 2530 2514 ιεκλήμεθα;
2560 2446 2668 2498 Καὶ
2688 2444 2813 2498 οὔτε
2850 2446 2899 2499 οἱ
2933 2446 2991 2499 ἐν
3025 2445 3240 2517 Παρθίᾳ
3267 2447 3576 2518 Χριστιανοὶ
3595 2446 3727 2500 πολυ-

510 2556 786 2600 malarum
860 2561 958 2601 esu
1019 2545 1328 2601 abstineant
1394 2563 1409 2600 :
1484 2544 1785 2614 Maguszeos
1847 2560 1955 2599 non
2027 2544 2036 2598 i

2201 2534 2441 2605 γαμοῦσι,
2466 2536 2672 2608 Πάρθοι
2694 2537 3049 2608 ὑπάρχοντες,
3079 2537 3190 2590 οὗθ’
3225 2540 3272 2590 οἱ
3312 2540 3374 2591 ὲν
3416 2540 3588 2610 Μηδίᾳ
3627 2542 3727 2591 κυσὶ

508 2635 675 2706 279
700 2633 924 2691 Perside
953 2643 1159 2689 tantum
1194 2634 1331 2689 filias
1353 2650 1550 2689 uxores
1565 2636 1781 2697 ducere.
1810 2636 1904 2688 sed
1920 2636 2034 2689 etia:

2203 2628 2592 2699 παραϐάλλουσι
2630 2632 2757 2694 τοὺς
2786 2631 3047 2703 νεκρούς·
3094 2634 3192 2703 οὐχ
3225 2634 3273 2685 οἱ
3310 2634 3371 2685 ὲν
3412 2633 3618 2705 Περσίδι
3659 2651 3729 2701 γα-

508 2727 818 2797 ubicunque
852 2727 1066 2796 degant,
1090 2737 1339 2796 acceptas
1368 2741 1398 2780 a
1423 2727 1723 2796 majoribus
1763 2726 1936 2796 leges,
1959 2742 2034 2781 eo:

2203 2719 2341 2773 ιοῦσι
2364 2720 2463 2784 τὰς
2487 2720 2790 2795 θυγατέρας
2823 2724 3029 2787 αὐτῶν,
3054 2724 3261 2796 Πέρσαι
3295 2726 3480 2789 ὄντες·
3519 2726 3575 2778 σὺ
3607 2724 3729 2796 παρά

507 2819 738 2889 demque
773 2819 1155 2890 mysteriorum
1191 2819 1326 2872 ritus
1372 2832 1436 2874 ac
1464 2819 1817 2874 caremonias
1843 2818 2033 2873 retinet

2203 2812 2444 2885 Mx‘cpm;
2474 2815 2569 2868 καὶ
2627 2816 2848 2881 Γάλλοις
2889 2817 3166 2889 φθείρουσι
3215 2820 3339 2883 τοὺς
3383 2819 3620 2889 γάμους“
3653 2820 3729 2888 οὐχ

510 2919 611 2964 tes.
656 2908 849 2964 Multus
880 2926 1092 2980 quoque
1114 2911 1484 2966 recensuimus
1514 2910 1781 2967 barbaras
1807 2920 2036 2967 natione:

2200 2905 2229 2955 »ἱ
2262 2905 2319 2958 ὲν
2342 2906 2599 2978 Αἰγύπτῳ
2652 2908 3013 2980 θρησκεύουσι
3043 2911 3135 2963 τὸν
3171 2911 3337 2963 Ἀπιν
3362 2951 3378 2974 ,
3410 2912 3442 2981 ἢ
3476 2910 3562 2963 τὸν
3600 2909 3726 2973 κύνα,

507 2999 576 3054 ad
628 3002 941 3067 meridiem,
984 3015 1282 3066 occasum,
1317 3001 1611 3067 orientem,
1652 3001 2033 3072 septentrione:

2202 2995 2210 3064 ι
2240 2993 2327 3047 τὸν
2351 2997 2574 3065 τράγον,
2602 2998 2635 3069 ἦ
2663 2998 2936 3070 αἴλουρον.
2976 3000 3112 3052 Ἀλλ’
3140 3001 3273 3053 ὅπου
3308 3000 3468 3063 εἰσὶν,
3511 2998 3623 3053 οὔτε
3646 2999 3728 3052 ὑπὸ

507 3091 825 3157 incolentes,
864 3093 967 3148 hoc
986 3104 1076 3149 est
1102 3096 1156 3148 in
1182 3095 1333 3149 varia
1365 3094 1582 3149 climata
1607 3093 2033 3163 dissipatas,apu

2199 3080 2284 3135 τῶν
2307 3085 2490 3147 κακῶς
2517 3088 2784 3157 κειμένων
2817 3088 2997 3160 νόμων
3028 3092 3122 3144 καὶ
3173 3090 3311 3145 ἐθῶν
3340 3092 3590 3147 νικῶνται
3608 3109 3620 3123 ’
3649 3096 3725 3163 οὐχ

502 3198 640 3253 quas
693 3185 902 3240 nullum
938 3195 1119 3242 exstet
1149 3185 1511 3241 Mercuriana:
1535 3185 1674 3239 artis
1704 3184 2028 3253 doctrinaequ

2199 3175 2210 3244 ᾗ
2235 3174 2280 3244 (1
2292 3175 2345 3243 5)
2377 3176 2480 3230 ὑπὸ
2501 3178 2607 3233 τῶν
2634 3179 2818 3250 ἀρχῶν
2850 3182 3293 3255 πρυτανευομὲνη
3318 3184 3529 3253 γένεσις
3568 3186 3725 3248 αὐτοὺς

505 3277 821 3347 vestigium.
849 3274 968 3330 Jam
1007 3292 1157 3341 vero,
1195 3292 1360 3346 quam
1392 3276 1595 3331 multos
1621 3275 1901 3331 exstitisse
1927 3278 2031 3331 virc

2199 3266 2477 3334 ὶναγκάζει
2499 3273 2612 3333 τοῖς
2636 3271 2836 3343 ἀπειρη
2847 3274 3033 3343 μένοις
3054 3278 3245 3339 κακοῖς
3272 3275 3379 3328 ὑπὸ
3399 3276 3491 3329 τοῦ
3517 3275 3725 3329 διδασκά-

504 3367 778 3436 sapientes
833 3368 1057 3435 putatis,
1102 3367 1197 3436 qui
1251 3368 1399 3435 leges
1428 3379 1713 3435 perperam
1747 3366 2030 3420 constituta

2195 3374 2266 3409 ,ου
2298 3358 2477 3413 αὐτῶν
2505 3362 2757 3433 χρῆσθαι.
2793 3365 2953 3435 Νὸσῳ
2982 3365 3057 3432 δὲ,
3091 3368 3183 3420 καὶ
3216 3368 3400 3440 πενίᾳ,
3428 3369 3519 3422 καὶ
3544 3368 3721 3431 πάθεσι,

503 3455 840 3510 immutariut
868 3454 1024 3511 ⁸ἶΙιιιο
1066 3471 1228 3525 quam
1263 3455 1444 3509 multa:
1476 3456 1644 3525 leges,
1695 3455 1778 3509 vel
1811 3455 2022 3509 consilii

2195 3449 2269 3501 nl.
2295 3455 2415 3513 ταῖς
2448 3454 2834 3525 νομιζομέναις
2875 3457 3123 3529 ἀτιμίαις
3163 3460 3499 3516 ὑπόκεινται.
3547 3463 3721 3531 Ὠσπερ

500 3547 588 3602 vel
621 3563 801 3602 rerum
834 3549 1017 3616 inopia
1063 3548 1414 3603 ceuciderunt
1442 3548 1465 3601 ?
1491 3564 1650 3618 quam
1688 3548 1839 3601 multi
1892 3562 2026 3617 rege:

2195 3539 2280 3610 ’ἀρ
2302 3543 2329 3593 6
2353 3541 2636 3615 ἐλεύθερος
2668 3547 2824 3618 ήμῶν
2850 3546 3137 3620 ἄνθρωπος
3172 3551 3446 3607 δουλεύειν
3471 3554 3565 3607 οὐκ
3586 3554 3721 3621 ἀναγο

500 3639 782 3695 debellatis
811 3641 1074 3711 victisque
1092 3642 1405 3696 nationibus
1418 3657 1585 3695 novas
1600 3642 1696 3711 ipsi
1719 3642 2026 3712 propriasqu

2193 3631 2395 3697 ιάζεται
2425 3675 2438 3697 ,
2485 3635 2587 3690 κᾶν
2619 3637 2960 3711 ἀναγκασθῇ,
3014 3640 3334 3694 ἀνθίσταται
3372 3647 3483 3707 τοῖς
3518 3644 3719 3710 ἀναγκά-

497 3731 666 3802 leges,
720 3734 1017 3800 antiquatis
1075 3734 1368 3803 prioribus,
1416 3733 1833 3803 imposuerunt?
1883 3732 2023 3803 Nequ

2192 3725 2381 3785 ζουσιψ
2410 3726 2582 3791 οὕτως
2602 3728 2720 3782 οὐδὲ
2743 3729 2772 3781 6
2803 3731 3125 3802 φαινόμενος
3143 3734 3300 3806 ἡμῶν
3328 3734 3511 3799 δοῦλος
3543 3734 3718 3805 άνθρω·

498 3835 678 3880 tamen
706 3842 809 3880 suo
831 3827 1046 3881 climate
1063 3827 1395 3897 planetarum
1425 3826 1564 3881 ullus
1584 3826 1807 3882 excidit.
1834 3824 2024 3881 Romat

2190 3830 2270 3876 τος
2300 3814 2400 3886 τῆς
2433 3817 2713 3889 ὑποταγῆς
2743 3819 3029 3889 ἐκφεύγειν
3062 3823 3261 3894 ῥαδίως
3281 3824 3523 3879 δύναται.
3552 3826 3607 3878 Εἰ
3633 3824 3716 3895 γὰρ

495 3918 720 3973 subacta
773 3920 1168 3975 nudiustertius
1229 3919 1455 3984 Arabia,
1508 3920 1868 3975 barbarorum
1923 3920 2021 3990 legt

2188 3905 2348 3960 τάντα
2375 3907 2677 3980 ἐδυνάμεθα
2696 3951 2711 3975 ,
2748 3913 2910 3982 ἡμεῖς
2945 3913 3010 3967 ἂν
3032 3910 3173 3986 ἦμεν
3212 3917 3273 3968 τὸ
3303 3919 3446 3981 πᾶν,
3476 3918 3548 3981 ὥς
3575 3934 3644 3978 τε,
3680 3917 3714 3967 εξ

495 4011 855 4066 sustulerunt.
885 4010 1172 4080 imperium
1207 4012 1350 4067 enim
1402 4028 1580 4067 rerum
1616 4020 1855 4081 potestas
1883 4013 2021 4067 omni

2186 3997 2336 4067 ιηδὲν
2364 3999 2689 4072 ἐδυνάμεθα,
2720 4003 2892 4056 ἄλλων
2914 4001 3074 4075 ἦμεν,
3099 4007 3174 4069 ὡς
3198 4012 3477 4079 προεῖπον,
3522 4010 3712 4081 ὄργανα,

495 4117 585 4156 um
618 4102 947 4173 licentiaque
966 4105 1340 4172 consequitur.
1372 4104 1478 4159 Sed
1499 4105 1654 4175 juvat
1684 4105 1817 4159 illud
1848 4104 2021 4159 aﬂ'errt

2189 4087 2261 4140 ιαὶ
2286 4089 2382 4159 οὐχ
2415 4090 2643 4146 ἑαυτῶν.
2687 4092 2819 4146 Θεοῦ
2857 4094 2900 4146 δ’
2924 4094 3303 4162 ἐπινεύσαντος
3340 4102 3515 4155 πάντα
3546 4097 3715 4153 δυνατὰ

493 4193 634 4261 quod
661 4193 745 4248 vel
781 4195 1076 4249 incredulis
1102 4194 1259 4249 ﬁdem
1286 4193 1469 4251 faciat.
1496 4195 1672 4251 Judaei
1696 4213 1886 4253 omnes
1907 4196 1999 4267 qui

2185 4178 2255 4230 ιαὶ
2280 4179 2651 4249 ἀνεμπόδιστα
2667 4198 2681 4213 ·
2724 4186 2789 4255 τῇ
2824 4184 2932 4255 γὰρ
2962 4185 3172 4240 ἐκείνου
3198 4187 3452 4261 βουλήσει
3478 4192 3617 4245 οὐδὲν
3636 4192 3711 4243 ἀν-

491 4282 861 4356 Moyselegem
886 4297 1231 4356 acceperunt,
1261 4286 1495 4344 infantes
1520 4289 1788 4344 masculos
1815 4297 1940 4343 ante
1970 4303 2017 4343 οι

2182 4271 2405 4332 τιστῆναι
2438 4272 2692 4327 δύναται·
2724 4276 2818 4329 καὶ
2856 4276 2963 4349 γὰρ
2984 4278 3053 4330 τὰ
3084 4279 3343 4336 δοκοῦντα
3372 4283 3708 4342 ἀνθίστασθαι,

491 4386 673 4434 tavum
711 4384 780 4435 ab
826 4388 951 4435 ortu
974 4381 1120 4435 diem
1154 4382 1577 4438 circumcisione
1606 4393 1914 4438 cruentaut.
1944 4389 2017 4450 Qu

2184 4361 2323 4414 ιύτοῦ
2355 4364 2590 4433 χρηστοῦ
2622 4365 2791 4431 ὄντος,
2832 4368 2926 4419 xui.
2956 4371 3372 4442 συγχωροῦντος
3407 4375 3600 4444 ἑκάστῃ
3631 4373 3710 4441 φύ-

487 4472 703 4542 quidem
741 4474 793 4528 in
826 4490 884 4529 re
910 4490 1008 4530 nec
1036 4476 1230 4531 sideris
1284 4477 1625 4544 praesentiam
1656 4477 1800 4532 illius
1834 4492 2013 4547 exspet

2180 4468 2242 4505 te:
2273 4453 2416 4525 ἔχειν
2440 4455 2535 4528 τὴν
2561 4456 2795 4529 ἰδιότητα
2819 4461 2911 4513 καὶ
2931 4460 2992 4514 τὸ
3012 4462 3360 4528 αὐτεξούσιον
3380 4466 3474 4519 τοῦ
3500 4466 3706 4537 θελήμα-

2180 4562 2250 4573 .--
2298 4546 2608 4573 :...m.._.._..-
2670 4571 2680 4573 _
2715 4553 2925 4573 m--u,~,,
2956 4572 2959 4573 ,
3057 4556 3080 4573 Α
3124 4556 3137 4573 ι
3176 4555 3242 4573 νυ
3408 4560 3463 4573 .n
3498 4560 3511 4573 ι
3582 4559 3618 4573 αι
3647 4557 3665 4573 ι

488 4573 627 4632 tant,
661 4581 761 4621 nec
791 4568 920 4622 certi
953 4568 1187 4622 climatis
1222 4568 1329 4622 vim
1366 4584 1430 4623 ac
1462 4568 1585 4634 jura
1624 4570 1919 4635 declinant,
1956 4587 2014 4625 ne

2180 4562 2269 4609 :o;,
2296 4546 2631 4603 ἀνθίσταται.
2668 4571 2686 4602 ι
2715 4553 2965 4608 Τοσαῦτα
2998 4556 3092 4608 καὶ
3115 4556 3143 4607 6
3174 4555 3365 4628 Σύρος.
3408 4560 3551 4623 Ἑνὸς
3581 4559 3626 4612 δὲ
3644 4557 3706 4610 ἔτι

486 4657 712 4713 alterius
753 4659 993 4727 regionis
1043 4659 1252 4730 legibus
1296 4660 1380 4730 agi
1420 4675 1480 4715 se
1524 4660 1824 4729 patiuntur.
1871 4661 2012 4731 ltaqu

2178 4638 2455 4731 ινησθεὶς,
2500 4645 2827 4715 περιγράψω
2878 4647 2970 4701 τὸν
3015 4649 3192 4717 λόγον.
3241 4650 3494 4704 Ἐπειδὰν
3522 4652 3620 4722 γὰρ
3650 4660 3704 4700 τα

486 4765 584 4805 seu
638 4751 692 4805 in
723 4749 902 4823 Syria,
939 4767 1030 4807 seu
1059 4751 1113 4806 in
1152 4752 1347 4817 Gallia,
1393 4769 1485 4808 seu
1541 4753 1594 4807 in
1643 4753 1815 4819 Italia,
1867 4768 1963 4808 seu
1999 4755 2012 4807 i

2177 4729 2260 4783 ιὲν
2296 4730 2404 4783 ἀπὸ
2430 4732 2535 4786 τῶν
2568 4733 2767 4800 ἔξωθεν
2799 4738 3146 4809 γραμμάτων
3173 4741 3466 4815 αὐτάρκως
3495 4741 3703 4814 παρατὲ-

485 4841 712 4907 Graecia,
749 4859 844 4899 seu
879 4845 930 4897 in
962 4844 1203 4911 Parthia,
1233 4845 1400 4902 verbo
1423 4845 1732 4917 ubicunque
1749 4854 2011 4901 versentut

2175 4822 2352 4888 ίειται,
2378 4824 2554 4881 λείπει
2579 4827 2635 4881 δὲ
2672 4828 2741 4882 τὰ
2772 4831 2881 4884 ἀπὸ
2900 4831 3009 4885 τῶν
3042 4833 3203 4904 ἱερῶν
3236 4837 3603 4909 γραμμάτων,
3642 4826 3701 4889 ὧν

483 4950 687 4989 morem
714 4935 962 4991 eumdem
998 4939 1249 4991 retinent.
1290 4936 1347 4991 Id
1398 4947 1576 4992 autem
1625 4939 1880 4992 nascendi
1922 4953 2009 4992 eor

2172 4914 2219 4987 ἰὴ
2246 4916 2337 4970 καὶ
2370 4918 2608 4987 μάλιστα
2654 4922 2786 4991 ἡμῖν
2823 4922 2906 4975 δεῖ
2935 4925 3016 4986 είς
3047 4926 3146 4996 τὴν
3177 4927 3276 4997 τῆς
3319 4924 3698 4999 Εὐαγγελικῆς

481 5024 741 5080 ditionem
770 5026 1013 5096 profecto
1038 5042 1145 5082 non
1172 5029 1434 5097 sequitur,
1457 5044 1582 5083 cum
1608 5044 1715 5082 una
1745 5027 1915 5083 Judaei
1938 5044 2000 5097 pa

2169 5007 2517 5076 ὶποδείξεως
2549 5014 3086 5083 Προπαρασκευὴν,
3126 5012 3185 5070 εὖ
3209 5016 3274 5069 ἂν
3320 5017 3430 5090 ἔχοι
3469 5020 3556 5073 καὶ
3594 5016 3695 5071 τάδε

483 5112 584 5165 sim
634 5128 824 5169 omnes
875 5115 1169 5185 eademque
1212 5116 1384 5171 teneri
1439 5132 1545 5171 nou
1595 5118 1825 5186 possint.
1856 5118 2009 5172 lideu

2168 5100 2508 5164 ιποπτεῦσαι,
2542 5104 2617 5167 ὡς
2639 5104 2704 5158 ἀν
2736 5106 2879 5159 κατὰ
2903 5108 3066 5178 μηδὲν
3088 5109 3117 5160 6
3149 5109 3305 5175 λόγος
3351 5112 3575 5165 ἐλλείποι
3606 5108 3694 5162 τῶν

483 5200 790 5271 ubicunque
833 5203 1053 5276 degant,
1108 5207 1342 5276 septimo
1395 5224 1614 5279 quoque
1664 5209 1752 5264 die
1800 5210 1871 5264 ab
1898 5225 2009 5264 omr

2166 5192 2231 5255 εἰς
2262 5193 2323 5246 τὸ
2346 5194 2638 5265 πρόόλημα
2666 5196 3069 5269 θεωρουμένων.
3106 5201 3267 5255 Ὅθεν
3288 5202 3350 5275 δὴ
3383 5205 3475 5257 καὶ
3493 5203 3606 5256 τάδε
3628 5218 3692 5254 σοι

481 5303 709 5357 prorsus
735 5307 899 5361 opere
926 5305 1121 5353 vacant
1152 5313 1342 5351 omnes
1376 5315 1390 5362 ;
1437 5299 1681 5368 adeoque
1715 5314 1782 5354 ne
1804 5300 1905 5355 iter
1928 5317 2007 5370 ψη

2166 5284 2298 5355 σαφῆ
2340 5289 2686 5359 καταστήσω.
2718 5289 2791 5342 06
2839 5289 2946 5361 μὴν
2987 5286 3097 5355 οἷός
3140 5295 3189 5347 τ’
3241 5296 3305 5352 ἂν
3351 5294 3465 5366 εἴης
3502 5293 3692 5364 γυμνῶν

481 5381 603 5434 dcm
628 5384 951 5453 suscipiunt,
983 5397 1074 5441 aut
1104 5388 1212 5459 igni
1240 5396 1487 5444 utuntur.
1523 5388 1600 5444 Ita
1630 5389 1852 5446 Judzcus
1889 5407 2007 5446 nem

2165 5379 2363 5431 ῖπαῖειν
2387 5379 2498 5433 τῶν
2527 5380 2684 5453 ἱερῶν
2715 5382 2931 5450 λογίων,
2955 5384 3022 5437 τὰ
3048 5386 3218 5440 πολλά
3255 5386 3691 5459 συνεσκιασμένως

506 5557 1168 5651 ςιέἓθζξίεῗιίεἰέμετῖοι·
1195 5564 1473 5651 ,Μειέθυειηι
1515 5568 1914 5651 ἐντρεπίμενοιν
1949 5571 2032 5651 θεά

2160 5572 2321 5651 etiam
2347 5591 2426 5651 _eo
2453 5575 2583 5651 __sub
2638 5576 2857 5651 climate
2909 5578 3181 5650 degentes,
3212 5582 3353 5651 quod
3388 5582 3455 5636 ab
3482 5582 3567 5634 illo
3595 5579 3686 5633 cir-

622 5644 821 5718 om-ues
833 5626 1232 5718 inclamabant.
1264 5636 1495 5718 Montac.
1524 5626 1763 5718 suggerii
1786 5626 2042 5712 ἐντρεπό-
2146 5626 2502 5699 cunieidendi
2516 5626 3353 5718 Roiﬁﬁé‘nu‘iﬁﬁii,‘ibé‘Jiﬁ"
3374 5626 3685 5708 dimicui-

476 5714 633 5820 ςενοι
654 5739 668 5753 -
690 5706 1011 5768 (Ἀθηναίη,
1041 5706 1279 5774 religiose
1322 5706 1671 5763 observantes.
1719 5708 1829 5766 Nec
1864 5706 2042 5765 tamen
2147 5723 2356 5771 stanter
2379 5731 2444 5770 ac
2472 5725 2729 5786 perpetuo
2762 5718 3016 5773 retinere.
3086 5706 3099 5718 ’
3174 5706 3185 5718 ’
3379 5706 3387 5708 ἡ
3417 5734 3421 5737 τ

509 5769 860 5820 κτοεπόιιενοι
913 5789 1075 5820 sensu
1126 5784 1276 5820 narpt
1322 5793 1335 5820 ε
1383 5780 1537 5820 (ιηθαί
1603 5780 1739 5820 dimi
1827 5780 2040 5820 Δῐιηιαηιει
2221 5784 2333 5820 nm
2360 5788 2481 5820 nr...
2514 5788 2551 5820 ατ.
2606 5787 2794 5820 unum.
2822 5788 2933 5820 anno
2966 5790 2997 5820 ,λ

509 5769 860 5842 κτρεπόμενοι
913 5789 1076 5829 sensu
1126 5769 1277 5831 caret
1322 5793 1335 5829 :
1383 5780 1539 5849 quasi
1603 5780 1776 5850 dicat,
1825 5780 2035 5838 Judzeos

1494 5780 1539 5834 si
1603 5780 1776 5850 dicat,
1825 5780 2041 5838 Iudaeos
2164 5769 2169 5771 ⁷
2220 5769 2485 5857 (tsjoex'
2514 5769 3017 5861 ήῖιιοιίυείοῡθῖήζ
