  <div class='ocr_page' id='page_1' title='image "/cluster/home/n/w/nwhite01/storage/ocr_20150623/21/hvd.32044073501165/252.png"; bbox 0 0 3978 6388; ppageno 0'>
   <div class='ocr_carea' id='block_1_1' title="bbox 207 340 1750 402">
    <p class='ocr_par' dir='ltr' id='par_1_1' title="bbox 207 340 1750 400">
     <span class='ocr_line' id='line_1_1' title="bbox 207 340 1750 400; baseline 0.003 -6"><span class='ocrx_word' id='word_1_1' title='bbox 207 340 286 394; x_wconf 73' lang='lat' dir='ltr'><strong>lii</strong></span> <span class='ocrx_word' id='word_1_2' title='bbox 1339 343 1666 400; x_wconf 65' lang='grc' dir='ltr'><strong>ῬΒιΕΡΑΒ.</strong></span> <span class='ocrx_word' id='word_1_3' title='bbox 1709 344 1750 398; x_wconf 84' lang='lat' dir='ltr'><strong>E</strong></span> 
     </span>
    </p>
   </div>
   <div class='ocr_carea' id='block_1_2' title="bbox 1858 340 2261 402">
    <p class='ocr_par' dir='ltr' id='par_1_2' title="bbox 1858 343 2261 402">
     <span class='ocr_line' id='line_1_2' title="bbox 1858 343 2261 402; baseline 0 -2"><span class='ocrx_word' id='word_1_4' title='bbox 1858 343 1960 401; x_wconf 86' lang='lat' dir='ltr'><strong>NG.</strong></span> <span class='ocrx_word' id='word_1_5' title='bbox 2002 344 2132 401; x_wconf 86' lang='lat' dir='ltr'><strong>LIB.</strong></span> <span class='ocrx_word' id='word_1_6' title='bbox 2174 345 2261 402; x_wconf 78' lang='lat' dir='ltr'><strong>Vl.</strong></span> 
     </span>
    </p>
   </div>
   <div class='ocr_carea' id='block_1_3' title="bbox 3322 338 3429 398">
    <p class='ocr_par' dir='ltr' id='par_1_3' title="bbox 3322 338 3429 398">
     <span class='ocr_line' id='line_1_3' title="bbox 3322 338 3429 398; baseline 0.028 -3"><span class='ocrx_word' id='word_1_7' title='bbox 3322 338 3429 398; x_wconf 62' lang='lat'><strong>$78.</strong></span> 
     </span>
    </p>
   </div>
   <div class='ocr_carea' id='block_1_4' title="bbox 201 460 1750 540">
    <p class='ocr_par' dir='ltr' id='par_1_4' title="bbox 201 460 1750 540">
     <span class='ocr_line' id='line_1_4' title="bbox 201 460 1750 540; baseline 0.006 -27"><span class='ocrx_word' id='word_1_8' title='bbox 201 460 663 530; x_wconf 59' lang='grc' dir='ltr'>πῳενηνεγμένων</span> <span class='ocrx_word' id='word_1_9' title='bbox 691 480 706 493; x_wconf 87' lang='grc'><strong>·</strong></span> <span class='ocrx_word' id='word_1_10' title='bbox 741 465 923 537; x_wconf 81' lang='grc' dir='ltr'>διόπερ</span> <span class='ocrx_word' id='word_1_11' title='bbox 956 465 1065 534; x_wconf 80' lang='grc' dir='ltr'><strong>ἐ.γὼ</strong></span> <span class='ocrx_word' id='word_1_12' title='bbox 1105 483 1188 519; x_wconf 91' lang='grc' dir='ltr'><strong>σοι</strong></span> <span class='ocrx_word' id='word_1_13' title='bbox 1219 467 1308 520; x_wconf 75' lang='grc' dir='ltr'>τὸν</span> <span class='ocrx_word' id='word_1_14' title='bbox 1352 469 1598 540; x_wconf 77' lang='grc' dir='ltr'><strong>ἑρμηνέα</strong></span> <span class='ocrx_word' id='word_1_15' title='bbox 1635 467 1750 521; x_wconf 77' lang='grc' dir='ltr'>τοῦ·</span> 
     </span>
    </p>
   </div>
   <div class='ocr_carea' id='block_1_5' title="bbox 1858 460 3426 540">
    <p class='ocr_par' dir='ltr' id='par_1_5' title="bbox 1863 465 3426 530">
     <span class='ocr_line' id='line_1_5' title="bbox 1863 465 3426 530; baseline -0.002 -6"><span class='ocrx_word' id='word_1_16' title='bbox 1863 468 2082 524; x_wconf 88' lang='lat' dir='ltr'><strong>Sabbati</strong></span> <span class='ocrx_word' id='word_1_17' title='bbox 2114 470 2303 525; x_wconf 90' lang='lat' dir='ltr'><strong>diebus</strong></span> <span class='ocrx_word' id='word_1_18' title='bbox 2329 468 2394 522; x_wconf 91' lang='lat' dir='ltr'><strong>ad</strong></span> <span class='ocrx_word' id='word_1_19' title='bbox 2413 467 2634 522; x_wconf 89' lang='lat' dir='ltr'><strong>domum</strong></span> <span class='ocrx_word' id='word_1_20' title='bbox 2660 468 2742 523; x_wconf 93' lang='lat' dir='ltr'><strong>vel</strong></span> <span class='ocrx_word' id='word_1_21' title='bbox 2769 466 3163 530; x_wconf 61' lang='lat' dir='ltr'><strong>mdilicandam,</strong></span> <span class='ocrx_word' id='word_1_22' title='bbox 3195 465 3278 520; x_wconf 89' lang='lat' dir='ltr'><strong>vel</strong></span> <span class='ocrx_word' id='word_1_23' title='bbox 3327 467 3426 521; x_wconf 83' lang='lat' dir='ltr'><strong>de-</strong></span> 
     </span>
    </p>
   </div>
   <div class='ocr_carea' id='block_1_6' title="bbox 195 550 1756 631">
    <p class='ocr_par' dir='ltr' id='par_1_6' title="bbox 195 550 1756 631">
     <span class='ocr_line' id='line_1_6' title="bbox 195 550 1756 631; baseline 0.006 -27"><span class='ocrx_word' id='word_1_24' title='bbox 195 571 270 604; x_wconf 73' lang='grc' dir='ltr'><strong>τιν</strong></span> <span class='ocrx_word' id='word_1_25' title='bbox 295 565 318 591; x_wconf 80' lang='grc' dir='ltr'><strong>ι</strong></span> <span class='ocrx_word' id='word_1_26' title='bbox 340 554 788 625; x_wconf 78' lang='grc' dir='ltr'>παραστήσομαι.</span> <span class='ocrx_word' id='word_1_27' title='bbox 823 550 895 609; x_wconf 63' lang='lat' dir='ltr'><strong>Si}</strong></span> <span class='ocrx_word' id='word_1_28' title='bbox 926 557 1048 610; x_wconf 83' lang='grc' dir='ltr'><strong>δἐἰ</strong></span> <span class='ocrx_word' id='word_1_29' title='bbox 1081 557 1154 630; x_wconf 85' lang='grc' dir='ltr'>μὴ</span> <span class='ocrx_word' id='word_1_30' title='bbox 1198 562 1308 622; x_wconf 85' lang='grc' dir='ltr'>τοῖς</span> <span class='ocrx_word' id='word_1_31' title='bbox 1346 560 1616 631; x_wconf 83' lang='grc' dir='ltr'>κρείττοσι</span> <span class='ocrx_word' id='word_1_32' title='bbox 1659 561 1756 631; x_wconf 83' lang='grc' dir='ltr'><strong>βα-</strong></span> 
     </span>
    </p>
   </div>
   <div class='ocr_carea' id='block_1_7' title="bbox 196 642 1761 724">
    <p class='ocr_par' dir='ltr' id='par_1_7' title="bbox 196 642 1761 724">
     <span class='ocr_line' id='line_1_7' title="bbox 196 642 1761 724; baseline 0.003 -23"><span class='ocrx_word' id='word_1_33' title='bbox 196 647 405 701; x_wconf 77' lang='grc' dir='ltr'>σκαίνειν</span> <span class='ocrx_word' id='word_1_34' title='bbox 437 644 487 704; x_wconf 74' lang='grc' dir='ltr'><strong>δ,</strong></span> <span class='ocrx_word' id='word_1_35' title='bbox 512 642 685 700; x_wconf 77' lang='grc' dir='ltr'>οἶσθά</span> <span class='ocrx_word' id='word_1_36' title='bbox 714 667 809 702; x_wconf 83' lang='grc' dir='ltr'><strong>που</strong></span> <span class='ocrx_word' id='word_1_37' title='bbox 835 650 925 702; x_wconf 78' lang='grc' dir='ltr'>τὸν</span> <span class='ocrx_word' id='word_1_38' title='bbox 952 650 1137 721; x_wconf 74' lang='grc' dir='ltr'>ἄνδρα,</span> <span class='ocrx_word' id='word_1_39' title='bbox 1165 653 1398 722; x_wconf 78' lang='grc' dir='ltr'>Χριστοῦ</span> <span class='ocrx_word' id='word_1_40' title='bbox 1429 655 1526 724; x_wconf 84' lang='grc' dir='ltr'><strong>μὲν</strong></span> <span class='ocrx_word' id='word_1_41' title='bbox 1553 653 1761 718; x_wconf 83' lang='grc' dir='ltr'>Θιάσοις</span> 
     </span>
    </p>
   </div>
   <div class='ocr_carea' id='block_1_8' title="bbox 193 736 1758 810">
    <p class='ocr_par' dir='ltr' id='par_1_8' title="bbox 193 736 1758 810">
     <span class='ocr_line' id='line_1_8' title="bbox 193 736 1758 810; baseline 0.003 -18"><span class='ocrx_word' id='word_1_42' title='bbox 193 739 335 792; x_wconf 81' lang='grc' dir='ltr'>εξσέτι</span> <span class='ocrx_word' id='word_1_43' title='bbox 366 737 526 808; x_wconf 78' lang='grc' dir='ltr'>δεῦρο</span> <span class='ocrx_word' id='word_1_44' title='bbox 562 740 867 810; x_wconf 78' lang='grc' dir='ltr'>χορεύοντα</span> <span class='ocrx_word' id='word_1_45' title='bbox 895 742 960 794; x_wconf 87' lang='grc' dir='ltr'><strong>δι’</strong></span> <span class='ocrx_word' id='word_1_46' title='bbox 997 736 1070 795; x_wconf 83' lang='grc' dir='ltr'>ὧν</span> <span class='ocrx_word' id='word_1_47' title='bbox 1101 744 1420 797; x_wconf 81' lang='grc' dir='ltr'>ἀπολέλοιπε</span> <span class='ocrx_word' id='word_1_48' title='bbox 1453 745 1628 797; x_wconf 79' lang='grc' dir='ltr'>πόνων</span> <span class='ocrx_word' id='word_1_49' title='bbox 1652 762 1664 774; x_wconf 87' lang='grc'><strong>·</strong></span> <span class='ocrx_word' id='word_1_50' title='bbox 1697 745 1758 797; x_wconf 73' lang='grc' dir='ltr'><strong>οὐ</strong></span> 
     </span>
    </p>
   </div>
   <div class='ocr_carea' id='block_1_9' title="bbox 195 828 1760 904">
    <p class='ocr_par' dir='ltr' id='par_1_9' title="bbox 195 828 1760 904">
     <span class='ocr_line' id='line_1_9' title="bbox 195 828 1760 904; baseline 0.006 -25"><span class='ocrx_word' id='word_1_51' title='bbox 195 832 283 901; x_wconf 60' lang='grc' dir='ltr'>μὴν</span> <span class='ocrx_word' id='word_1_52' title='bbox 310 828 422 880; x_wconf 69' lang='grc' dir='ltr'>οὐδὲ</span> <span class='ocrx_word' id='word_1_53' title='bbox 455 831 573 892; x_wconf 77' lang='grc' dir='ltr'>τοῖς</span> <span class='ocrx_word' id='word_1_54' title='bbox 602 831 766 894; x_wconf 74' lang='grc' dir='ltr'>ἐκτὸς</span> <span class='ocrx_word' id='word_1_55' title='bbox 793 833 1028 900; x_wconf 79' lang='grc' dir='ltr'>ἀγνῶτα,</span> <span class='ocrx_word' id='word_1_56' title='bbox 1061 834 1129 886; x_wconf 82' lang='grc' dir='ltr'><strong>δι’</strong></span> <span class='ocrx_word' id='word_1_57' title='bbox 1156 835 1221 904; x_wconf 77' lang='grc' dir='ltr'>ἣν</span> <span class='ocrx_word' id='word_1_58' title='bbox 1264 835 1620 889; x_wconf 76' lang='grc' dir='ltr'>ἐπιδέδεικται</span> <span class='ocrx_word' id='word_1_59' title='bbox 1666 838 1760 890; x_wconf 70' lang='grc' dir='ltr'>καὶ</span> 
     </span>
    </p>
   </div>
   <div class='ocr_carea' id='block_1_10' title="bbox 192 920 1754 997">
    <p class='ocr_par' dir='ltr' id='par_1_10' title="bbox 192 920 1754 997">
     <span class='ocr_line' id='line_1_10' title="bbox 192 920 1754 997; baseline 0.004 -22"><span class='ocrx_word' id='word_1_60' title='bbox 329 921 391 974; x_wconf 75' lang='grc' dir='ltr'><strong>τὰ</strong></span> <span class='ocrx_word' id='word_1_61' title='bbox 418 920 593 978; x_wconf 80' lang='grc' dir='ltr'>τῶνδε</span> <span class='ocrx_word' id='word_1_62' title='bbox 642 925 938 995; x_wconf 80' lang='grc' dir='ltr'>μαθήματα</span> <span class='ocrx_word' id='word_1_63' title='bbox 976 926 1301 997; x_wconf 75' lang='grc' dir='ltr'>φιλοτιμίαν.</span> <span class='ocrx_word' id='word_1_64' title='bbox 1345 927 1549 994; x_wconf 65' lang='grc' dir='ltr'>Σκέψαι</span> <span class='ocrx_word' id='word_1_65' title='bbox 1586 929 1631 982; x_wconf 79' lang='grc' dir='ltr'><strong>δ’</strong></span> <span class='ocrx_word' id='word_1_66' title='bbox 1664 923 1754 981; x_wconf 73' lang='grc' dir='ltr'><strong>οὖν</strong></span> 
     </span>
    </p>
   </div>
   <div class='ocr_carea' id='block_1_11' title="bbox 187 1015 1751 1087">
    <p class='ocr_par' dir='ltr' id='par_1_11' title="bbox 187 1015 1751 1087">
     <span class='ocr_line' id='line_1_11' title="bbox 187 1015 1751 1087; baseline 0.001 -18"><span class='ocrx_word' id='word_1_67' title='bbox 187 1018 272 1070; x_wconf 77' lang='grc' dir='ltr'><strong>ὅσα</strong></span> <span class='ocrx_word' id='word_1_68' title='bbox 291 1031 345 1066; x_wconf 82' lang='grc' dir='ltr'><strong>τε</strong></span> <span class='ocrx_word' id='word_1_69' title='bbox 373 1015 465 1066; x_wconf 78' lang='grc' dir='ltr'><strong>καὶ</strong></span> <span class='ocrx_word' id='word_1_70' title='bbox 495 1015 672 1068; x_wconf 82' lang='grc' dir='ltr'>ὁποῖα</span> <span class='ocrx_word' id='word_1_71' title='bbox 693 1017 750 1068; x_wconf 80' lang='grc' dir='ltr'>ἐν</span> <span class='ocrx_word' id='word_1_72' title='bbox 782 1019 893 1079; x_wconf 80' lang='grc' dir='ltr'>τοῖς</span> <span class='ocrx_word' id='word_1_73' title='bbox 917 1020 1002 1082; x_wconf 81' lang='grc' dir='ltr'>εις</span> <span class='ocrx_word' id='word_1_74' title='bbox 1031 1016 1145 1084; x_wconf 75' lang='grc' dir='ltr'><strong>τὴν</strong></span> <span class='ocrx_word' id='word_1_75' title='bbox 1186 1019 1441 1071; x_wconf 74' lang='grc' dir='ltr'>Γένεσιν</span> <span class='ocrx_word' id='word_1_76' title='bbox 1476 1018 1751 1087; x_wconf 72' lang='grc' dir='ltr'>ἐξηγητιο</span> 
     </span>
    </p>
   </div>
   <div class='ocr_carea' id='block_1_12' title="bbox 189 1107 1755 1182">
    <p class='ocr_par' dir='ltr' id='par_1_12' title="bbox 189 1107 1755 1182">
     <span class='ocr_line' id='line_1_12' title="bbox 189 1107 1755 1182; baseline 0.001 -22"><span class='ocrx_word' id='word_1_77' title='bbox 189 1109 298 1172; x_wconf 77' lang='grc' dir='ltr'>κοῖς</span> <span class='ocrx_word' id='word_1_78' title='bbox 324 1108 350 1158; x_wconf 77' lang='grc' dir='ltr'><strong>ὁ</strong></span> <span class='ocrx_word' id='word_1_79' title='bbox 379 1107 701 1176; x_wconf 75' lang='grc' dir='ltr'><strong>Θαυμάσιος</strong></span> <span class='ocrx_word' id='word_1_80' title='bbox 761 1108 1038 1180; x_wconf 75' lang='grc' dir='ltr'>Ὠριγένης</span> <span class='ocrx_word' id='word_1_81' title='bbox 1080 1109 1206 1182; x_wconf 76' lang='grc' dir='ltr'>περὶ</span> <span class='ocrx_word' id='word_1_82' title='bbox 1243 1112 1339 1181; x_wconf 77' lang='grc' dir='ltr'>τῆς</span> <span class='ocrx_word' id='word_1_83' title='bbox 1391 1110 1755 1182; x_wconf 80' lang='grc' dir='ltr'><strong>προκειμένης</strong></span> 
     </span>
    </p>
   </div>
   <div class='ocr_carea' id='block_1_13' title="bbox 194 1199 1758 1274">
    <p class='ocr_par' dir='ltr' id='par_1_13' title="bbox 194 1199 1758 1274">
     <span class='ocr_line' id='line_1_13' title="bbox 194 1199 1758 1274; baseline -0.001 -18"><span class='ocrx_word' id='word_1_84' title='bbox 194 1199 477 1263; x_wconf 63' lang='grc' dir='ltr'>ὒπῠθέσεως</span> <span class='ocrx_word' id='word_1_85' title='bbox 527 1199 805 1274; x_wconf 75' lang='grc' dir='ltr'>διείληφε,</span> <span class='ocrx_word' id='word_1_86' title='bbox 828 1203 920 1256; x_wconf 73' lang='grc' dir='ltr'><strong>καὶ</strong></span> <span class='ocrx_word' id='word_1_87' title='bbox 944 1204 1089 1266; x_wconf 80' lang='grc' dir='ltr'>ὅπως</span> <span class='ocrx_word' id='word_1_88' title='bbox 1117 1201 1388 1272; x_wconf 70' lang='grc' dir='ltr'>ἐφώδευσε</span> <span class='ocrx_word' id='word_1_89' title='bbox 1410 1203 1501 1256; x_wconf 80' lang='grc' dir='ltr'><strong>τὸν</strong></span> <span class='ocrx_word' id='word_1_90' title='bbox 1536 1203 1660 1273; x_wconf 76' lang='grc' dir='ltr'>περὶ</span> <span class='ocrx_word' id='word_1_91' title='bbox 1681 1204 1758 1254; x_wconf 82' lang='grc' dir='ltr'><strong>εἱ-</strong></span> 
     </span>
    </p>
   </div>
   <div class='ocr_carea' id='block_1_14' title="bbox 189 1291 666 1362">
    <p class='ocr_par' dir='ltr' id='par_1_14' title="bbox 189 1291 666 1362">
     <span class='ocr_line' id='line_1_14' title="bbox 189 1291 666 1362; baseline 0.01 -19"><span class='ocrx_word' id='word_1_92' title='bbox 189 1291 448 1362; x_wconf 77' lang='grc' dir='ltr'>μαρμένης</span> <span class='ocrx_word' id='word_1_93' title='bbox 473 1293 666 1361; x_wconf 82' lang='grc' dir='ltr'>λόγον.</span> 
     </span>
    </p>
   </div>
   <div class='ocr_carea' id='block_1_15' title="bbox 1864 559 3422 626">
    <p class='ocr_par' dir='ltr' id='par_1_15' title="bbox 1864 559 3422 626">
     <span class='ocr_line' id='line_1_15' title="bbox 1864 559 3422 626; baseline -0.002 -12"><span class='ocrx_word' id='word_1_94' title='bbox 1864 561 2213 626; x_wconf 87' lang='lat' dir='ltr'><strong>moliendam,</strong></span> <span class='ocrx_word' id='word_1_95' title='bbox 2240 561 2306 615; x_wconf 92' lang='lat' dir='ltr'><strong>ad</strong></span> <span class='ocrx_word' id='word_1_96' title='bbox 2330 561 2708 624; x_wconf 90' lang='lat' dir='ltr'><strong>laborandum,</strong></span> <span class='ocrx_word' id='word_1_97' title='bbox 2732 559 3093 624; x_wconf 83' lang='lat' dir='ltr'><strong>vendendum,</strong></span> <span class='ocrx_word' id='word_1_98' title='bbox 3111 559 3422 622; x_wconf 89' lang='lat' dir='ltr'><strong>emendum,</strong></span> 
     </span>
    </p>
   </div>
   <div class='ocr_carea' id='block_1_16' title="bbox 1859 651 3425 722">
    <p class='ocr_par' dir='ltr' id='par_1_16' title="bbox 1859 651 3425 722">
     <span class='ocr_line' id='line_1_16' title="bbox 1859 651 3425 722; baseline -0.001 -16"><span class='ocrx_word' id='word_1_99' title='bbox 1859 662 2017 707; x_wconf 88' lang='lat' dir='ltr'><strong>ortus</strong></span> <span class='ocrx_word' id='word_1_100' title='bbox 2037 653 2368 707; x_wconf 92' lang='lat' dir='ltr'><strong>necessitate</strong></span> <span class='ocrx_word' id='word_1_101' title='bbox 2409 653 2645 722; x_wconf 91' lang='lat' dir='ltr'><strong>adigitur</strong></span> <span class='ocrx_word' id='word_1_102' title='bbox 2677 670 2690 706; x_wconf 91' lang='lat'>:</span> <span class='ocrx_word' id='word_1_103' title='bbox 2730 667 2851 705; x_wconf 89' lang='lat' dir='ltr'><strong>cum</strong></span> <span class='ocrx_word' id='word_1_104' title='bbox 2891 663 3066 706; x_wconf 90' lang='lat' dir='ltr'><strong>tamen</strong></span> <span class='ocrx_word' id='word_1_105' title='bbox 3102 667 3166 705; x_wconf 90' lang='lat' dir='ltr'><strong>eo</strong></span> <span class='ocrx_word' id='word_1_106' title='bbox 3194 651 3308 721; x_wconf 90' lang='lat' dir='ltr'><strong>ipso</strong></span> <span class='ocrx_word' id='word_1_107' title='bbox 3338 651 3425 705; x_wconf 89' lang='lat' dir='ltr'><strong>die</strong></span> 
     </span>
    </p>
   </div>
   <div class='ocr_carea' id='block_1_17' title="bbox 1859 743 3422 814">
    <p class='ocr_par' dir='ltr' id='par_1_17' title="bbox 1859 743 3422 814">
     <span class='ocr_line' id='line_1_17' title="bbox 1859 743 3422 814; baseline -0.001 -19"><span class='ocrx_word' id='word_1_108' title='bbox 1859 744 2061 812; x_wconf 83' lang='lat' dir='ltr'><strong>passim</strong></span> <span class='ocrx_word' id='word_1_109' title='bbox 2089 753 2346 814; x_wconf 86' lang='lat' dir='ltr'><strong>generent</strong></span> <span class='ocrx_word' id='word_1_110' title='bbox 2382 754 2541 812; x_wconf 88' lang='lat' dir='ltr'><strong>atque</strong></span> <span class='ocrx_word' id='word_1_111' title='bbox 2580 755 2906 809; x_wconf 86' lang='lat' dir='ltr'><strong>nascantur,</strong></span> <span class='ocrx_word' id='word_1_112' title='bbox 2938 752 3200 811; x_wconf 64' lang='lat' dir='ltr'><strong>aegrotent</strong></span> <span class='ocrx_word' id='word_1_113' title='bbox 3225 743 3422 812; x_wconf 88' lang='lat' dir='ltr'><strong>passim</strong></span> 
     </span>
    </p>
   </div>
   <div class='ocr_carea' id='block_1_18' title="bbox 1860 835 3421 906">
    <p class='ocr_par' dir='ltr' id='par_1_18' title="bbox 1860 835 3421 906">
     <span class='ocr_line' id='line_1_18' title="bbox 1860 835 3421 906; baseline -0.001 -16"><span class='ocrx_word' id='word_1_114' title='bbox 1860 837 2270 906; x_wconf 86' lang='lat' dir='ltr'><strong>morianturquc</strong></span> <span class='ocrx_word' id='word_1_115' title='bbox 2300 835 2468 890; x_wconf 63' lang='lat' dir='ltr'><strong>Judzni</strong></span> <span class='ocrx_word' id='word_1_116' title='bbox 2507 855 2518 890; x_wconf 96' lang='lat'>:</span> <span class='ocrx_word' id='word_1_117' title='bbox 2552 838 2692 906; x_wconf 88' lang='lat' dir='ltr'><strong>quod</strong></span> <span class='ocrx_word' id='word_1_118' title='bbox 2729 839 2829 891; x_wconf 84' lang='lat' dir='ltr'><strong>ista</strong></span> <span class='ocrx_word' id='word_1_119' title='bbox 2863 853 3202 906; x_wconf 80' lang='lat' dir='ltr'><strong>nequaquam</strong></span> <span class='ocrx_word' id='word_1_120' title='bbox 3238 852 3303 891; x_wconf 81' lang='lat' dir='ltr'><strong>ex</strong></span> <span class='ocrx_word' id='word_1_121' title='bbox 3351 837 3421 889; x_wconf 83' lang='lat' dir='ltr'><strong>li-</strong></span> 
     </span>
    </p>
   </div>
   <div class='ocr_carea' id='block_1_19' title="bbox 1860 927 3422 1001">
    <p class='ocr_par' dir='ltr' id='par_1_19' title="bbox 1860 927 3422 1001">
     <span class='ocr_line' id='line_1_19' title="bbox 1860 927 3422 1001; baseline -0.001 -18"><span class='ocrx_word' id='word_1_122' title='bbox 1860 929 2065 983; x_wconf 73' lang='lat' dir='ltr'><strong>bertate</strong></span> <span class='ocrx_word' id='word_1_123' title='bbox 2109 930 2394 999; x_wconf 80' lang='lat' dir='ltr'><strong>pendeant.</strong></span> <span class='ocrx_word' id='word_1_124' title='bbox 2442 929 2497 982; x_wconf 92' lang='lat' dir='ltr'><strong>In</strong></span> <span class='ocrx_word' id='word_1_125' title='bbox 2550 931 2705 1001; x_wconf 84' lang='lat' dir='ltr'><strong>Syria</strong></span> <span class='ocrx_word' id='word_1_126' title='bbox 2755 931 3026 1000; x_wconf 90' lang='lat' dir='ltr'><strong>quondam</strong></span> <span class='ocrx_word' id='word_1_127' title='bbox 3077 940 3128 984; x_wconf 91' lang='lat' dir='ltr'><strong>et</strong></span> <span class='ocrx_word' id='word_1_128' title='bbox 3181 927 3422 984; x_wconf 86' lang='lat' dir='ltr'><strong>Osroene</strong></span> 
     </span>
    </p>
   </div>
   <div class='ocr_carea' id='block_1_20' title="bbox 1857 1020 3420 1090">
    <p class='ocr_par' dir='ltr' id='par_1_20' title="bbox 1857 1020 3420 1090">
     <span class='ocr_line' id='line_1_20' title="bbox 1857 1020 3420 1090; baseline 0.003 -17"><span class='ocrx_word' id='word_1_129' title='bbox 1857 1021 2143 1090; x_wconf 90' lang='lat' dir='ltr'><strong>plerosque</strong></span> <span class='ocrx_word' id='word_1_130' title='bbox 2197 1020 2328 1090; x_wconf 90' lang='lat' dir='ltr'><strong>Opis</strong></span> <span class='ocrx_word' id='word_1_131' title='bbox 2358 1022 2408 1075; x_wconf 91' lang='lat' dir='ltr'><strong>in</strong></span> <span class='ocrx_word' id='word_1_132' title='bbox 2447 1023 2708 1076; x_wconf 82' lang='lat' dir='ltr'><strong>honorem</strong></span> <span class='ocrx_word' id='word_1_133' title='bbox 2760 1023 3003 1076; x_wconf 88' lang='lat' dir='ltr'><strong>abscindi</strong></span> <span class='ocrx_word' id='word_1_134' title='bbox 3061 1024 3226 1076; x_wconf 78' lang='lat' dir='ltr'><strong>moris</strong></span> <span class='ocrx_word' id='word_1_135' title='bbox 3264 1034 3420 1077; x_wconf 87' lang='lat' dir='ltr'><strong>erat:</strong></span> 
     </span>
    </p>
   </div>
   <div class='ocr_carea' id='block_1_21' title="bbox 1857 1112 3422 1184">
    <p class='ocr_par' dir='ltr' id='par_1_21' title="bbox 1857 1112 3422 1184">
     <span class='ocr_line' id='line_1_21' title="bbox 1857 1112 3422 1184; baseline 0.004 -23"><span class='ocrx_word' id='word_1_136' title='bbox 1857 1125 2041 1164; x_wconf 88' lang='lat' dir='ltr'><strong>verum</strong></span> <span class='ocrx_word' id='word_1_137' title='bbox 2072 1129 2190 1165; x_wconf 89' lang='lat' dir='ltr'><strong>cum</strong></span> <span class='ocrx_word' id='word_1_138' title='bbox 2223 1121 2439 1180; x_wconf 86' lang='lat' dir='ltr'><strong>repente</strong></span> <span class='ocrx_word' id='word_1_139' title='bbox 2467 1112 2719 1180; x_wconf 77' lang='lat' dir='ltr'><strong>jussisset</strong></span> <span class='ocrx_word' id='word_1_140' title='bbox 2763 1130 2854 1167; x_wconf 80' lang='lat' dir='ltr'><strong>rex</strong></span> <span class='ocrx_word' id='word_1_141' title='bbox 2898 1113 3166 1184; x_wconf 83' lang='lat' dir='ltr'><strong>Abgarus,</strong></span> <span class='ocrx_word' id='word_1_142' title='bbox 3202 1123 3264 1168; x_wconf 89' lang='lat' dir='ltr'><strong>ut</strong></span> <span class='ocrx_word' id='word_1_143' title='bbox 3300 1113 3422 1184; x_wconf 91' lang='lat' dir='ltr'><strong>qui-</strong></span> 
     </span>
    </p>
   </div>
   <div class='ocr_carea' id='block_1_22' title="bbox 1856 1203 3424 1272">
    <p class='ocr_par' dir='ltr' id='par_1_22' title="bbox 1856 1203 3424 1272">
     <span class='ocr_line' id='line_1_22' title="bbox 1856 1203 3424 1272; baseline 0.003 -16"><span class='ocrx_word' id='word_1_144' title='bbox 1856 1203 1959 1257; x_wconf 92' lang='lat' dir='ltr'><strong>bus</strong></span> <span class='ocrx_word' id='word_1_145' title='bbox 1995 1204 2234 1257; x_wconf 86' lang='lat' dir='ltr'><strong>abscissa</strong></span> <span class='ocrx_word' id='word_1_146' title='bbox 2271 1204 2499 1257; x_wconf 88' lang='lat' dir='ltr'><strong>verenda</strong></span> <span class='ocrx_word' id='word_1_147' title='bbox 2559 1216 2776 1272; x_wconf 88' lang='lat' dir='ltr'><strong>essent,</strong></span> <span class='ocrx_word' id='word_1_148' title='bbox 2810 1207 2876 1261; x_wconf 91' lang='lat' dir='ltr'><strong>iis</strong></span> <span class='ocrx_word' id='word_1_149' title='bbox 2902 1207 3062 1261; x_wconf 86' lang='lat' dir='ltr'><strong>etiam</strong></span> <span class='ocrx_word' id='word_1_150' title='bbox 3106 1223 3297 1262; x_wconf 89' lang='lat' dir='ltr'><strong>manus</strong></span> <span class='ocrx_word' id='word_1_151' title='bbox 3326 1209 3424 1261; x_wconf 81' lang='lat' dir='ltr'><strong>ab-</strong></span> 
     </span>
    </p>
   </div>
   <div class='ocr_carea' id='block_1_23' title="bbox 1855 1296 3428 1366">
    <p class='ocr_par' dir='ltr' id='par_1_23' title="bbox 1855 1296 3428 1366">
     <span class='ocr_line' id='line_1_23' title="bbox 1855 1296 3428 1366; baseline 0 -16"><span class='ocrx_word' id='word_1_152' title='bbox 1855 1296 2253 1359; x_wconf 86' lang='lat' dir='ltr'><strong>sciuderentur,</strong></span> <span class='ocrx_word' id='word_1_153' title='bbox 2288 1312 2444 1350; x_wconf 86' lang='lat' dir='ltr'><strong>nemo</strong></span> <span class='ocrx_word' id='word_1_154' title='bbox 2492 1312 2548 1350; x_wconf 90' lang='lat' dir='ltr'><strong>se</strong></span> <span class='ocrx_word' id='word_1_155' title='bbox 2598 1297 2848 1366; x_wconf 83' lang='lat' dir='ltr'><strong>deinceps</strong></span> <span class='ocrx_word' id='word_1_156' title='bbox 2901 1307 3009 1352; x_wconf 91' lang='lat' dir='ltr'><strong>tota</strong></span> <span class='ocrx_word' id='word_1_157' title='bbox 3055 1299 3294 1354; x_wconf 84' lang='lat' dir='ltr'><strong>Osroene</strong></span> <span class='ocrx_word' id='word_1_158' title='bbox 3331 1302 3428 1354; x_wconf 76' lang='lat' dir='ltr'><strong>ab-</strong></span> 
     </span>
    </p>
   </div>
   <div class='ocr_carea' id='block_1_24' title="bbox 184 1386 3422 1459">
    <p class='ocr_par' dir='ltr' id='par_1_24' title="bbox 184 1386 3422 1459">
     <span class='ocr_line' id='line_1_24' title="bbox 184 1386 3422 1459; baseline 0.001 -18"><span class='ocrx_word' id='word_1_159' title='bbox 184 1387 342 1441; x_wconf 83' lang='lat' dir='ltr'><strong>scidit.</strong></span> <span class='ocrx_word' id='word_1_160' title='bbox 371 1386 515 1450; x_wconf 87' lang='lat' dir='ltr'><strong>Quid</strong></span> <span class='ocrx_word' id='word_1_161' title='bbox 547 1403 721 1455; x_wconf 90' lang='lat' dir='ltr'><strong>porro</strong></span> <span class='ocrx_word' id='word_1_162' title='bbox 743 1388 807 1443; x_wconf 93' lang='lat' dir='ltr'><strong>de</strong></span> <span class='ocrx_word' id='word_1_163' title='bbox 837 1389 1271 1444; x_wconf 89' lang='lat' dir='ltr'><strong>Christianorum</strong></span> <span class='ocrx_word' id='word_1_164' title='bbox 1318 1389 1564 1444; x_wconf 86' lang='lat' dir='ltr'><strong>instituto</strong></span> <span class='ocrx_word' id='word_1_165' title='bbox 1623 1389 1888 1453; x_wconf 88' lang='lat' dir='ltr'><strong>dicemus,</strong></span> <span class='ocrx_word' id='word_1_166' title='bbox 1937 1389 2092 1458; x_wconf 87' lang='lat' dir='ltr'><strong>cujus</strong></span> <span class='ocrx_word' id='word_1_167' title='bbox 2127 1404 2227 1443; x_wconf 89' lang='lat' dir='ltr'><strong>nos</strong></span> <span class='ocrx_word' id='word_1_168' title='bbox 2293 1397 2590 1444; x_wconf 88' lang='lat' dir='ltr'><strong>sectatores</strong></span> <span class='ocrx_word' id='word_1_169' title='bbox 2657 1399 2711 1444; x_wconf 90' lang='lat' dir='ltr'><strong>et</strong></span> <span class='ocrx_word' id='word_1_170' title='bbox 2772 1391 2989 1459; x_wconf 88' lang='lat' dir='ltr'><strong>plurimi</strong></span> <span class='ocrx_word' id='word_1_171' title='bbox 3028 1400 3080 1445; x_wconf 89' lang='lat' dir='ltr'><strong>et</strong></span> <span class='ocrx_word' id='word_1_172' title='bbox 3108 1391 3336 1446; x_wconf 73' lang='lat' dir='ltr'><strong>diversis</strong></span> <span class='ocrx_word' id='word_1_173' title='bbox 3371 1393 3422 1445; x_wconf 93' lang='lat' dir='ltr'><strong>in</strong></span> 
     </span>
    </p>
   </div>
   <div class='ocr_carea' id='block_1_25' title="bbox 187 1483 3426 1557">
    <p class='ocr_par' dir='ltr' id='par_1_25' title="bbox 187 1483 3426 1557">
     <span class='ocr_line' id='line_1_25' title="bbox 187 1483 3426 1557; baseline 0.002 -22"><span class='ocrx_word' id='word_1_174' title='bbox 187 1493 323 1536; x_wconf 72' lang='lat' dir='ltr'><strong>terra:</strong></span> <span class='ocrx_word' id='word_1_175' title='bbox 354 1483 616 1550; x_wconf 65' lang='lat' dir='ltr'><strong>partibus</strong></span> <span class='ocrx_word' id='word_1_176' title='bbox 643 1485 986 1549; x_wconf 81' lang='lat' dir='ltr'><strong>exstitimus,</strong></span> <span class='ocrx_word' id='word_1_177' title='bbox 1026 1485 1119 1554; x_wconf 89' lang='lat' dir='ltr'><strong>qui</strong></span> <span class='ocrx_word' id='word_1_178' title='bbox 1151 1495 1329 1539; x_wconf 84' lang='lat' dir='ltr'><strong>tamen</strong></span> <span class='ocrx_word' id='word_1_179' title='bbox 1360 1485 1411 1538; x_wconf 94' lang='lat' dir='ltr'><strong>in</strong></span> <span class='ocrx_word' id='word_1_180' title='bbox 1447 1483 1594 1540; x_wconf 88' lang='lat' dir='ltr'><strong>omni</strong></span> <span class='ocrx_word' id='word_1_181' title='bbox 1631 1500 1752 1538; x_wconf 90' lang='lat' dir='ltr'><strong>cum</strong></span> <span class='ocrx_word' id='word_1_182' title='bbox 1793 1500 1988 1553; x_wconf 81' lang='lat' dir='ltr'><strong>genere</strong></span> <span class='ocrx_word' id='word_1_183' title='bbox 2042 1493 2155 1538; x_wconf 91' lang='lat' dir='ltr'><strong>tum</strong></span> <span class='ocrx_word' id='word_1_184' title='bbox 2191 1484 2408 1538; x_wconf 83' lang='lat' dir='ltr'><strong>climate</strong></span> <span class='ocrx_word' id='word_1_185' title='bbox 2469 1501 2576 1539; x_wconf 88' lang='lat' dir='ltr'><strong>uno</strong></span> <span class='ocrx_word' id='word_1_186' title='bbox 2640 1500 2829 1539; x_wconf 88' lang='lat' dir='ltr'><strong>omnes</strong></span> <span class='ocrx_word' id='word_1_187' title='bbox 2860 1489 3160 1557; x_wconf 85' lang='lat' dir='ltr'><strong>eodemque</strong></span> <span class='ocrx_word' id='word_1_188' title='bbox 3206 1489 3426 1543; x_wconf 88' lang='lat' dir='ltr'><strong>nomine</strong></span> 
     </span>
    </p>
   </div>
   <div class='ocr_carea' id='block_1_26' title="bbox 183 1572 3422 1646">
    <p class='ocr_par' dir='ltr' id='par_1_26' title="bbox 183 1572 3422 1646">
     <span class='ocr_line' id='line_1_26' title="bbox 183 1572 3422 1646; baseline 0.003 -21"><span class='ocrx_word' id='word_1_189' title='bbox 183 1572 408 1640; x_wconf 82' lang='lat' dir='ltr'><strong>appellati</strong></span> <span class='ocrx_word' id='word_1_190' title='bbox 452 1575 716 1628; x_wconf 86' lang='lat' dir='ltr'><strong>sumus?</strong></span> <span class='ocrx_word' id='word_1_191' title='bbox 765 1576 928 1646; x_wconf 77' lang='lat'><strong>280</strong></span> <span class='ocrx_word' id='word_1_192' title='bbox 985 1576 1274 1632; x_wconf 85' lang='lat' dir='ltr'><strong>Enimvero</strong></span> <span class='ocrx_word' id='word_1_193' title='bbox 1317 1592 1417 1630; x_wconf 91' lang='lat' dir='ltr'><strong>nec</strong></span> <span class='ocrx_word' id='word_1_194' title='bbox 1471 1576 1521 1629; x_wconf 92' lang='lat' dir='ltr'><strong>in</strong></span> <span class='ocrx_word' id='word_1_195' title='bbox 1550 1574 1771 1631; x_wconf 82' lang='lat' dir='ltr'><strong>Parthia</strong></span> <span class='ocrx_word' id='word_1_196' title='bbox 1804 1576 2122 1639; x_wconf 82' lang='lat' dir='ltr'><strong>Christiani,</strong></span> <span class='ocrx_word' id='word_1_197' title='bbox 2184 1574 2369 1630; x_wconf 83' lang='lat' dir='ltr'><strong>Parthi</strong></span> <span class='ocrx_word' id='word_1_198' title='bbox 2407 1576 2548 1639; x_wconf 88' lang='lat' dir='ltr'><strong>licet,</strong></span> <span class='ocrx_word' id='word_1_199' title='bbox 2611 1578 2856 1646; x_wconf 89' lang='lat' dir='ltr'><strong>pluribus</strong></span> <span class='ocrx_word' id='word_1_200' title='bbox 2891 1587 3116 1634; x_wconf 87' lang='lat' dir='ltr'><strong>utuntur</strong></span> <span class='ocrx_word' id='word_1_201' title='bbox 3141 1581 3422 1645; x_wconf 81' lang='lat' dir='ltr'><strong>uxoribus,</strong></span> 
     </span>
    </p>
   </div>
   <div class='ocr_carea' id='block_1_27' title="bbox 186 1665 3425 1741">
    <p class='ocr_par' dir='ltr' id='par_1_27' title="bbox 186 1665 3425 1741">
     <span class='ocr_line' id='line_1_27' title="bbox 186 1665 3425 1741; baseline 0.002 -20"><span class='ocrx_word' id='word_1_202' title='bbox 186 1684 270 1722; x_wconf 85' lang='lat' dir='ltr'><strong>nec</strong></span> <span class='ocrx_word' id='word_1_203' title='bbox 297 1667 346 1720; x_wconf 91' lang='lat' dir='ltr'><strong>in</strong></span> <span class='ocrx_word' id='word_1_204' title='bbox 378 1665 559 1721; x_wconf 72' lang='lat' dir='ltr'><strong>Media</strong></span> <span class='ocrx_word' id='word_1_205' title='bbox 621 1670 1002 1727; x_wconf 78' lang='lat' dir='ltr'><strong>defunctorum</strong></span> <span class='ocrx_word' id='word_1_206' title='bbox 1056 1688 1285 1740; x_wconf 89' lang='lat' dir='ltr'><strong>corpora</strong></span> <span class='ocrx_word' id='word_1_207' title='bbox 1329 1672 1556 1726; x_wconf 90' lang='lat' dir='ltr'><strong>canibus</strong></span> <span class='ocrx_word' id='word_1_208' title='bbox 1616 1671 1904 1741; x_wconf 87' lang='lat' dir='ltr'><strong>objiciunt,</strong></span> <span class='ocrx_word' id='word_1_209' title='bbox 1941 1687 2039 1726; x_wconf 90' lang='lat' dir='ltr'><strong>nec</strong></span> <span class='ocrx_word' id='word_1_210' title='bbox 2101 1671 2156 1724; x_wconf 91' lang='lat' dir='ltr'><strong>in</strong></span> <span class='ocrx_word' id='word_1_211' title='bbox 2203 1671 2442 1737; x_wconf 86' lang='lat' dir='ltr'><strong>Perside,</strong></span> <span class='ocrx_word' id='word_1_212' title='bbox 2486 1671 2664 1727; x_wconf 76' lang='lat' dir='ltr'><strong>Persa:</strong></span> <span class='ocrx_word' id='word_1_213' title='bbox 2689 1673 2832 1734; x_wconf 90' lang='lat' dir='ltr'><strong>licet,</strong></span> <span class='ocrx_word' id='word_1_214' title='bbox 2897 1672 3030 1728; x_wconf 81' lang='lat' dir='ltr'><strong>filias</strong></span> <span class='ocrx_word' id='word_1_215' title='bbox 3096 1689 3292 1729; x_wconf 72' lang='lat' dir='ltr'><strong>uxores</strong></span> <span class='ocrx_word' id='word_1_216' title='bbox 3326 1677 3425 1727; x_wconf 87' lang='lat' dir='ltr'><strong>du-</strong></span> 
     </span>
    </p>
   </div>
   <div class='ocr_carea' id='block_1_28' title="bbox 183 1762 3424 1835">
    <p class='ocr_par' dir='ltr' id='par_1_28' title="bbox 183 1762 3424 1835">
     <span class='ocr_line' id='line_1_28' title="bbox 183 1762 3424 1835; baseline 0.002 -24"><span class='ocrx_word' id='word_1_217' title='bbox 183 1769 295 1812; x_wconf 88' lang='lat' dir='ltr'><strong>cunt</strong></span> <span class='ocrx_word' id='word_1_218' title='bbox 322 1776 336 1822; x_wconf 92' lang='lat'><strong>;</strong></span> <span class='ocrx_word' id='word_1_219' title='bbox 394 1775 497 1814; x_wconf 91' lang='lat' dir='ltr'><strong>nec</strong></span> <span class='ocrx_word' id='word_1_220' title='bbox 520 1763 673 1831; x_wconf 87' lang='lat' dir='ltr'><strong>apud</strong></span> <span class='ocrx_word' id='word_1_221' title='bbox 723 1762 948 1819; x_wconf 87' lang='lat' dir='ltr'><strong>Bactros</strong></span> <span class='ocrx_word' id='word_1_222' title='bbox 978 1774 1071 1818; x_wconf 89' lang='lat' dir='ltr'><strong>aut</strong></span> <span class='ocrx_word' id='word_1_223' title='bbox 1102 1763 1288 1818; x_wconf 85' lang='lat' dir='ltr'><strong>Gallos</strong></span> <span class='ocrx_word' id='word_1_224' title='bbox 1315 1763 1627 1833; x_wconf 89' lang='lat' dir='ltr'><strong>nuptiarum</strong></span> <span class='ocrx_word' id='word_1_225' title='bbox 1683 1763 2019 1815; x_wconf 75' lang='lat' dir='ltr'><strong>honestatem</strong></span> <span class='ocrx_word' id='word_1_226' title='bbox 2074 1774 2128 1814; x_wconf 88' lang='lat' dir='ltr'><strong>et</strong></span> <span class='ocrx_word' id='word_1_227' title='bbox 2170 1762 2290 1830; x_wconf 85' lang='lat' dir='ltr'><strong>jura</strong></span> <span class='ocrx_word' id='word_1_228' title='bbox 2355 1763 2770 1829; x_wconf 85' lang='lat' dir='ltr'><strong>contaminant;</strong></span> <span class='ocrx_word' id='word_1_229' title='bbox 2795 1779 2891 1818; x_wconf 91' lang='lat' dir='ltr'><strong>nec</strong></span> <span class='ocrx_word' id='word_1_230' title='bbox 2920 1764 2971 1817; x_wconf 94' lang='lat' dir='ltr'><strong>iu</strong></span> <span class='ocrx_word' id='word_1_231' title='bbox 3004 1763 3236 1835; x_wconf 57' lang='lat' dir='ltr'><strong>{Egypto</strong></span> <span class='ocrx_word' id='word_1_232' title='bbox 3265 1765 3424 1833; x_wconf 83' lang='lat' dir='ltr'><strong>Apin,</strong></span> 
     </span>
    </p>
   </div>
   <div class='ocr_carea' id='block_1_29' title="bbox 184 1857 3427 1928">
    <p class='ocr_par' dir='ltr' id='par_1_29' title="bbox 184 1857 3427 1928">
     <span class='ocr_line' id='line_1_29' title="bbox 184 1857 3427 1928; baseline 0.001 -18"><span class='ocrx_word' id='word_1_233' title='bbox 184 1871 375 1920; x_wconf 81' lang='lat' dir='ltr'><strong>canem,</strong></span> <span class='ocrx_word' id='word_1_234' title='bbox 413 1857 639 1912; x_wconf 84' lang='lat' dir='ltr'><strong>hircum</strong></span> <span class='ocrx_word' id='word_1_235' title='bbox 674 1857 900 1914; x_wconf 87' lang='lat' dir='ltr'><strong>felemve</strong></span> <span class='ocrx_word' id='word_1_236' title='bbox 942 1860 1149 1914; x_wconf 89' lang='lat' dir='ltr'><strong>colunt.</strong></span> <span class='ocrx_word' id='word_1_237' title='bbox 1187 1863 1288 1924; x_wconf 89' lang='lat' dir='ltr'><strong>Ita,</strong></span> <span class='ocrx_word' id='word_1_238' title='bbox 1348 1860 1656 1928; x_wconf 77' lang='lat' dir='ltr'><strong>ubicunque</strong></span> <span class='ocrx_word' id='word_1_239' title='bbox 1716 1859 1934 1927; x_wconf 81' lang='lat' dir='ltr'><strong>degant,</strong></span> <span class='ocrx_word' id='word_1_240' title='bbox 1984 1872 2082 1911; x_wconf 89' lang='lat' dir='ltr'><strong>nec</strong></span> <span class='ocrx_word' id='word_1_241' title='bbox 2142 1857 2318 1925; x_wconf 86' lang='lat' dir='ltr'><strong>legum</strong></span> <span class='ocrx_word' id='word_1_242' title='bbox 2385 1872 2710 1927; x_wconf 87' lang='lat' dir='ltr'><strong>morumque</strong></span> <span class='ocrx_word' id='word_1_243' title='bbox 2746 1858 3134 1912; x_wconf 89' lang='lat' dir='ltr'><strong>sceleratorum</strong></span> <span class='ocrx_word' id='word_1_244' title='bbox 3164 1859 3427 1927; x_wconf 82' lang='lat' dir='ltr'><strong>improbi-</strong></span> 
     </span>
    </p>
   </div>
   <div class='ocr_carea' id='block_1_30' title="bbox 185 1951 3426 2026">
    <p class='ocr_par' dir='ltr' id='par_1_30' title="bbox 185 1951 3426 2026">
     <span class='ocr_line' id='line_1_30' title="bbox 185 1951 3426 2026; baseline 0.002 -23"><span class='ocrx_word' id='word_1_245' title='bbox 185 1959 277 2004; x_wconf 82' lang='lat' dir='ltr'><strong>tate</strong></span> <span class='ocrx_word' id='word_1_246' title='bbox 308 1951 630 2017; x_wconf 81' lang='lat' dir='ltr'><strong>vincuntur,</strong></span> <span class='ocrx_word' id='word_1_247' title='bbox 685 1969 786 2009; x_wconf 92' lang='lat' dir='ltr'><strong>nec</strong></span> <span class='ocrx_word' id='word_1_248' title='bbox 840 1955 906 2009; x_wconf 91' lang='lat' dir='ltr'><strong>ad</strong></span> <span class='ocrx_word' id='word_1_249' title='bbox 963 1955 1226 2026; x_wconf 82' lang='lat' dir='ltr'><strong>ﬂagitium</strong></span> <span class='ocrx_word' id='word_1_250' title='bbox 1279 1955 1486 2018; x_wconf 87' lang='lat' dir='ltr'><strong>ullum,</strong></span> <span class='ocrx_word' id='word_1_251' title='bbox 1536 1955 1884 2024; x_wconf 67' lang='lat' dir='ltr'><strong>prmeeptoris</strong></span> <span class='ocrx_word' id='word_1_252' title='bbox 1935 1952 2016 2006; x_wconf 88' lang='lat' dir='ltr'><strong>sui</strong></span> <span class='ocrx_word' id='word_1_253' title='bbox 2075 1953 2284 2022; x_wconf 88' lang='lat' dir='ltr'><strong>legibus</strong></span> <span class='ocrx_word' id='word_1_254' title='bbox 2332 1953 2716 2018; x_wconf 90' lang='lat' dir='ltr'><strong>interdictum,</strong></span> <span class='ocrx_word' id='word_1_255' title='bbox 2777 1956 3032 2009; x_wconf 85' lang='lat' dir='ltr'><strong>nascendi</strong></span> <span class='ocrx_word' id='word_1_256' title='bbox 3097 1956 3426 2010; x_wconf 87' lang='lat' dir='ltr'><strong>conditionis</strong></span> 
     </span>
    </p>
   </div>
   <div class='ocr_carea' id='block_1_31' title="bbox 183 2047 3427 2122">
    <p class='ocr_par' dir='ltr' id='par_1_31' title="bbox 183 2047 3427 2122">
     <span class='ocr_line' id='line_1_31' title="bbox 183 2047 3427 2122; baseline 0.001 -20"><span class='ocrx_word' id='word_1_257' title='bbox 183 2064 238 2102; x_wconf 79' lang='lat' dir='ltr'><strong>ex</strong></span> <span class='ocrx_word' id='word_1_258' title='bbox 273 2047 582 2118; x_wconf 88' lang='lat' dir='ltr'><strong>principum</strong></span> <span class='ocrx_word' id='word_1_259' title='bbox 615 2062 888 2106; x_wconf 81' lang='lat' dir='ltr'><strong>aStrorum</strong></span> <span class='ocrx_word' id='word_1_260' title='bbox 926 2053 1154 2122; x_wconf 87' lang='lat' dir='ltr'><strong>imperio</strong></span> <span class='ocrx_word' id='word_1_261' title='bbox 1213 2060 1458 2122; x_wconf 90' lang='lat' dir='ltr'><strong>nutuque</strong></span> <span class='ocrx_word' id='word_1_262' title='bbox 1507 2052 1792 2119; x_wconf 79' lang='lat' dir='ltr'><strong>descripta:</strong></span> <span class='ocrx_word' id='word_1_263' title='bbox 1831 2052 1881 2104; x_wconf 93' lang='lat' dir='ltr'><strong>vi</strong></span> <span class='ocrx_word' id='word_1_264' title='bbox 1921 2052 2247 2122; x_wconf 83' lang='lat' dir='ltr'><strong>adiguntur;</strong></span> <span class='ocrx_word' id='word_1_265' title='bbox 2307 2051 2447 2105; x_wconf 92' lang='lat' dir='ltr'><strong>idem</strong></span> <span class='ocrx_word' id='word_1_266' title='bbox 2481 2061 2683 2116; x_wconf 87' lang='lat' dir='ltr'><strong>tamen,</strong></span> <span class='ocrx_word' id='word_1_267' title='bbox 2721 2053 2953 2116; x_wconf 86' lang='lat' dir='ltr'><strong>morbis,</strong></span> <span class='ocrx_word' id='word_1_268' title='bbox 2996 2054 3242 2121; x_wconf 81' lang='lat' dir='ltr'><strong>egestati,</strong></span> <span class='ocrx_word' id='word_1_269' title='bbox 3278 2052 3427 2107; x_wconf 90' lang='lat' dir='ltr'><strong>cala-</strong></span> 
     </span>
    </p>
   </div>
   <div class='ocr_carea' id='block_1_32' title="bbox 185 2144 3424 2220">
    <p class='ocr_par' dir='ltr' id='par_1_32' title="bbox 185 2144 3424 2220">
     <span class='ocr_line' id='line_1_32' title="bbox 185 2144 3424 2220; baseline 0.001 -23"><span class='ocrx_word' id='word_1_270' title='bbox 185 2144 443 2198; x_wconf 77' lang='lat' dir='ltr'><strong>mitatibus</strong></span> <span class='ocrx_word' id='word_1_271' title='bbox 468 2157 526 2199; x_wconf 91' lang='lat' dir='ltr'><strong>et</strong></span> <span class='ocrx_word' id='word_1_272' title='bbox 560 2149 934 2210; x_wconf 89' lang='lat' dir='ltr'><strong>contumeliis,</strong></span> <span class='ocrx_word' id='word_1_273' title='bbox 987 2158 1047 2204; x_wconf 89' lang='lat' dir='ltr'><strong>ut</strong></span> <span class='ocrx_word' id='word_1_274' title='bbox 1099 2150 1262 2220; x_wconf 80' lang='lat' dir='ltr'><strong>vulgo</strong></span> <span class='ocrx_word' id='word_1_275' title='bbox 1320 2149 1681 2219; x_wconf 89' lang='lat' dir='ltr'><strong>appellantur,</strong></span> <span class='ocrx_word' id='word_1_276' title='bbox 1742 2149 1963 2202; x_wconf 80' lang='lat' dir='ltr'><strong>obnoxii</strong></span> <span class='ocrx_word' id='word_1_277' title='bbox 2022 2158 2169 2203; x_wconf 88' lang='lat' dir='ltr'><strong>sunt.</strong></span> <span class='ocrx_word' id='word_1_278' title='bbox 2204 2147 2673 2213; x_wconf 84' lang='lat' dir='ltr'><strong>Quemadmodum</strong></span> <span class='ocrx_word' id='word_1_279' title='bbox 2727 2149 2869 2202; x_wconf 90' lang='lat' dir='ltr'><strong>enim</strong></span> <span class='ocrx_word' id='word_1_280' title='bbox 2911 2149 3076 2202; x_wconf 91' lang='lat' dir='ltr'><strong>homo</strong></span> <span class='ocrx_word' id='word_1_281' title='bbox 3109 2147 3195 2200; x_wconf 86' lang='lat' dir='ltr'><strong>ille</strong></span> <span class='ocrx_word' id='word_1_282' title='bbox 3220 2156 3424 2212; x_wconf 87' lang='lat' dir='ltr'><strong>noster,</strong></span> 
     </span>
    </p>
   </div>
   <div class='ocr_carea' id='block_1_33' title="bbox 185 2239 3428 2314">
    <p class='ocr_par' dir='ltr' id='par_1_33' title="bbox 185 2239 3428 2314">
     <span class='ocr_line' id='line_1_33' title="bbox 185 2239 3428 2314; baseline 0.001 -22"><span class='ocrx_word' id='word_1_283' title='bbox 185 2255 323 2310; x_wconf 84' lang='lat' dir='ltr'><strong>quem</strong></span> <span class='ocrx_word' id='word_1_284' title='bbox 349 2239 589 2296; x_wconf 91' lang='lat' dir='ltr'><strong>liberum</strong></span> <span class='ocrx_word' id='word_1_285' title='bbox 619 2259 742 2299; x_wconf 87' lang='lat' dir='ltr'><strong>esse</strong></span> <span class='ocrx_word' id='word_1_286' title='bbox 775 2245 1047 2312; x_wconf 88' lang='lat' dir='ltr'><strong>volumus,</strong></span> <span class='ocrx_word' id='word_1_287' title='bbox 1087 2257 1176 2299; x_wconf 90' lang='lat' dir='ltr'><strong>aut</strong></span> <span class='ocrx_word' id='word_1_288' title='bbox 1223 2246 1276 2299; x_wconf 92' lang='lat' dir='ltr'><strong>in</strong></span> <span class='ocrx_word' id='word_1_289' title='bbox 1335 2246 1652 2300; x_wconf 84' lang='lat' dir='ltr'><strong>servitutem</strong></span> <span class='ocrx_word' id='word_1_290' title='bbox 1680 2260 1788 2298; x_wconf 93' lang='lat' dir='ltr'><strong>non</strong></span> <span class='ocrx_word' id='word_1_291' title='bbox 1825 2243 2056 2314; x_wconf 87' lang='lat' dir='ltr'><strong>cogitur,</strong></span> <span class='ocrx_word' id='word_1_292' title='bbox 2091 2253 2183 2297; x_wconf 79' lang='lat' dir='ltr'><strong>aut</strong></span> <span class='ocrx_word' id='word_1_293' title='bbox 2235 2245 2280 2297; x_wconf 90' lang='lat' dir='ltr'><strong>si</strong></span> <span class='ocrx_word' id='word_1_294' title='bbox 2331 2254 2550 2314; x_wconf 85' lang='lat' dir='ltr'><strong>urgetur</strong></span> <span class='ocrx_word' id='word_1_295' title='bbox 2582 2243 2876 2306; x_wconf 90' lang='lat' dir='ltr'><strong>interdum,</strong></span> <span class='ocrx_word' id='word_1_296' title='bbox 2915 2243 3023 2296; x_wconf 91' lang='lat' dir='ltr'><strong>vim</strong></span> <span class='ocrx_word' id='word_1_297' title='bbox 3081 2242 3428 2297; x_wconf 84' lang='lat' dir='ltr'><strong>aﬂ‘ereutibus</strong></span> 
     </span>
    </p>
   </div>
   <div class='ocr_carea' id='block_1_34' title="bbox 187 2335 3426 2412">
    <p class='ocr_par' dir='ltr' id='par_1_34' title="bbox 187 2335 3426 2412">
     <span class='ocr_line' id='line_1_34' title="bbox 187 2335 3426 2412; baseline 0.002 -26"><span class='ocrx_word' id='word_1_298' title='bbox 187 2335 390 2396; x_wconf 86' lang='lat' dir='ltr'><strong>resistit,</strong></span> <span class='ocrx_word' id='word_1_299' title='bbox 421 2337 496 2390; x_wconf 91' lang='lat' dir='ltr'><strong>ita</strong></span> <span class='ocrx_word' id='word_1_300' title='bbox 533 2348 736 2392; x_wconf 90' lang='lat' dir='ltr'><strong>noster</strong></span> <span class='ocrx_word' id='word_1_301' title='bbox 766 2339 861 2394; x_wconf 90' lang='lat' dir='ltr'><strong>hic</strong></span> <span class='ocrx_word' id='word_1_302' title='bbox 898 2340 1084 2405; x_wconf 88' lang='lat' dir='ltr'><strong>homo,</strong></span> <span class='ocrx_word' id='word_1_303' title='bbox 1120 2341 1213 2412; x_wconf 91' lang='lat' dir='ltr'><strong>qui</strong></span> <span class='ocrx_word' id='word_1_304' title='bbox 1244 2341 1351 2396; x_wconf 89' lang='lat' dir='ltr'><strong>sub</strong></span> <span class='ocrx_word' id='word_1_305' title='bbox 1396 2351 1678 2411; x_wconf 88' lang='lat' dir='ltr'><strong>aspectum</strong></span> <span class='ocrx_word' id='word_1_306' title='bbox 1733 2340 1898 2406; x_wconf 90' lang='lat' dir='ltr'><strong>cadit,</strong></span> <span class='ocrx_word' id='word_1_307' title='bbox 1946 2356 2139 2394; x_wconf 80' lang='lat' dir='ltr'><strong>servus</strong></span> <span class='ocrx_word' id='word_1_308' title='bbox 2193 2339 2310 2408; x_wconf 86' lang='lat' dir='ltr'><strong>ipse</strong></span> <span class='ocrx_word' id='word_1_309' title='bbox 2344 2355 2467 2394; x_wconf 91' lang='lat' dir='ltr'><strong>cum</strong></span> <span class='ocrx_word' id='word_1_310' title='bbox 2515 2341 2608 2406; x_wconf 88' lang='lat' dir='ltr'><strong>sit,</strong></span> <span class='ocrx_word' id='word_1_311' title='bbox 2646 2339 2976 2408; x_wconf 85' lang='lat' dir='ltr'><strong>obsequendi</strong></span> <span class='ocrx_word' id='word_1_312' title='bbox 3017 2339 3426 2393; x_wconf 82' lang='lat' dir='ltr'><strong>uecesssitatem</strong></span> 
     </span>
    </p>
   </div>
   <div class='ocr_carea' id='block_1_35' title="bbox 187 2429 3426 2506">
    <p class='ocr_par' dir='ltr' id='par_1_35' title="bbox 187 2429 3426 2506">
     <span class='ocr_line' id='line_1_35' title="bbox 187 2429 3426 2506; baseline 0.002 -23"><span class='ocrx_word' id='word_1_313' title='bbox 187 2429 312 2484; x_wconf 87' lang='lat' dir='ltr'><strong>haud</strong></span> <span class='ocrx_word' id='word_1_314' title='bbox 356 2430 518 2487; x_wconf 81' lang='lat' dir='ltr'><strong>facile</strong></span> <span class='ocrx_word' id='word_1_315' title='bbox 587 2435 865 2490; x_wconf 87' lang='lat' dir='ltr'><strong>declinare</strong></span> <span class='ocrx_word' id='word_1_316' title='bbox 908 2445 1104 2506; x_wconf 90' lang='lat' dir='ltr'><strong>potest.</strong></span> <span class='ocrx_word' id='word_1_317' title='bbox 1162 2438 1408 2506; x_wconf 88' lang='lat' dir='ltr'><strong>Quippe.</strong></span> <span class='ocrx_word' id='word_1_318' title='bbox 1456 2438 1498 2492; x_wconf 91' lang='lat' dir='ltr'><strong>si</strong></span> <span class='ocrx_word' id='word_1_319' title='bbox 1549 2445 1752 2492; x_wconf 69' lang='lat' dir='ltr'><strong>nostra:</strong></span> <span class='ocrx_word' id='word_1_320' title='bbox 1787 2445 1978 2490; x_wconf 87' lang='lat' dir='ltr'><strong>cuncta</strong></span> <span class='ocrx_word' id='word_1_321' title='bbox 2039 2435 2323 2505; x_wconf 89' lang='lat' dir='ltr'><strong>potestatis</strong></span> <span class='ocrx_word' id='word_1_322' title='bbox 2370 2443 2589 2502; x_wconf 86' lang='lat' dir='ltr'><strong>essent,</strong></span> <span class='ocrx_word' id='word_1_323' title='bbox 2622 2435 2754 2488; x_wconf 92' lang='lat' dir='ltr'><strong>nihil</strong></span> <span class='ocrx_word' id='word_1_324' title='bbox 2812 2449 2917 2488; x_wconf 93' lang='lat' dir='ltr'><strong>non</strong></span> <span class='ocrx_word' id='word_1_325' title='bbox 2946 2448 3426 2504; x_wconf 86' lang='lat' dir='ltr'><strong>essemus;quem—</strong></span> 
     </span>
    </p>
   </div>
   <div class='ocr_carea' id='block_1_36' title="bbox 190 2525 3428 2595">
    <p class='ocr_par' dir='ltr' id='par_1_36' title="bbox 190 2525 3428 2595">
     <span class='ocr_line' id='line_1_36' title="bbox 190 2525 3428 2595; baseline -0.001 -16"><span class='ocrx_word' id='word_1_326' title='bbox 190 2525 456 2580; x_wconf 83' lang='lat' dir='ltr'><strong>admodum</strong></span> <span class='ocrx_word' id='word_1_327' title='bbox 502 2527 552 2583; x_wconf 89' lang='lat' dir='ltr'><strong>si</strong></span> <span class='ocrx_word' id='word_1_328' title='bbox 626 2529 860 2595; x_wconf 88' lang='lat' dir='ltr'><strong>positum</strong></span> <span class='ocrx_word' id='word_1_329' title='bbox 907 2545 971 2584; x_wconf 88' lang='lat' dir='ltr'><strong>ac</strong></span> <span class='ocrx_word' id='word_1_330' title='bbox 1003 2531 1166 2585; x_wconf 89' lang='lat' dir='ltr'><strong>situm</strong></span> <span class='ocrx_word' id='word_1_331' title='bbox 1206 2532 1261 2586; x_wconf 90' lang='lat' dir='ltr'><strong>in</strong></span> <span class='ocrx_word' id='word_1_332' title='bbox 1291 2531 1448 2586; x_wconf 91' lang='lat' dir='ltr'><strong>nobis</strong></span> <span class='ocrx_word' id='word_1_333' title='bbox 1473 2541 1620 2586; x_wconf 90' lang='lat' dir='ltr'><strong>esset</strong></span> <span class='ocrx_word' id='word_1_334' title='bbox 1670 2530 1827 2594; x_wconf 90' lang='lat' dir='ltr'><strong>nihil,</strong></span> <span class='ocrx_word' id='word_1_335' title='bbox 1866 2530 2118 2593; x_wconf 88' lang='lat' dir='ltr'><strong>aliorum,</strong></span> <span class='ocrx_word' id='word_1_336' title='bbox 2144 2542 2204 2584; x_wconf 89' lang='lat' dir='ltr'><strong>ut</strong></span> <span class='ocrx_word' id='word_1_337' title='bbox 2237 2538 2364 2584; x_wconf 84' lang='lat' dir='ltr'><strong>ante</strong></span> <span class='ocrx_word' id='word_1_338' title='bbox 2392 2529 2526 2594; x_wconf 77' lang='lat' dir='ltr'><strong>dixi,</strong></span> <span class='ocrx_word' id='word_1_339' title='bbox 2569 2527 2876 2583; x_wconf 85' lang='lat' dir='ltr'><strong>administri</strong></span> <span class='ocrx_word' id='word_1_340' title='bbox 2915 2542 3184 2590; x_wconf 89' lang='lat' dir='ltr'><strong>essemus,</strong></span> <span class='ocrx_word' id='word_1_341' title='bbox 3215 2526 3428 2592; x_wconf 86' lang='lat' dir='ltr'><strong>nonju-</strong></span> 
     </span>
    </p>
   </div>
   <div class='ocr_carea' id='block_1_37' title="bbox 188 2615 3422 2696">
    <p class='ocr_par' dir='ltr' id='par_1_37' title="bbox 188 2615 3422 2696">
     <span class='ocr_line' id='line_1_37' title="bbox 188 2615 3422 2696; baseline 0.001 -28"><span class='ocrx_word' id='word_1_342' title='bbox 188 2615 253 2669; x_wconf 87' lang='lat' dir='ltr'><strong>ris</strong></span> <span class='ocrx_word' id='word_1_343' title='bbox 276 2617 462 2670; x_wconf 91' lang='lat' dir='ltr'><strong>nostri.</strong></span> <span class='ocrx_word' id='word_1_344' title='bbox 518 2621 594 2674; x_wconf 85' lang='lat' dir='ltr'><strong>At</strong></span> <span class='ocrx_word' id='word_1_345' title='bbox 626 2633 898 2678; x_wconf 87' lang='lat' dir='ltr'><strong>annuente</strong></span> <span class='ocrx_word' id='word_1_346' title='bbox 922 2625 1051 2691; x_wconf 87' lang='lat' dir='ltr'><strong>Deo,</strong></span> <span class='ocrx_word' id='word_1_347' title='bbox 1081 2625 1200 2680; x_wconf 82' lang='lat' dir='ltr'><strong>ﬁeri</strong></span> <span class='ocrx_word' id='word_1_348' title='bbox 1231 2635 1424 2681; x_wconf 90' lang='lat' dir='ltr'><strong>cuncta</strong></span> <span class='ocrx_word' id='word_1_349' title='bbox 1457 2635 1706 2696; x_wconf 85' lang='lat' dir='ltr'><strong>possunt,</strong></span> <span class='ocrx_word' id='word_1_350' title='bbox 1743 2626 1991 2694; x_wconf 84' lang='lat' dir='ltr'><strong>impediri</strong></span> <span class='ocrx_word' id='word_1_351' title='bbox 2021 2625 2176 2679; x_wconf 91' lang='lat' dir='ltr'><strong>nihil.</strong></span> <span class='ocrx_word' id='word_1_352' title='bbox 2209 2625 2335 2693; x_wconf 87' lang='lat' dir='ltr'><strong>Ejus</strong></span> <span class='ocrx_word' id='word_1_353' title='bbox 2357 2625 2500 2678; x_wconf 91' lang='lat' dir='ltr'><strong>enim</strong></span> <span class='ocrx_word' id='word_1_354' title='bbox 2530 2624 2794 2678; x_wconf 86' lang='lat' dir='ltr'><strong>voluntati</strong></span> <span class='ocrx_word' id='word_1_355' title='bbox 2845 2639 2933 2678; x_wconf 92' lang='lat' dir='ltr'><strong>res</strong></span> <span class='ocrx_word' id='word_1_356' title='bbox 2989 2623 3256 2677; x_wconf 87' lang='lat' dir='ltr'><strong>obsistere</strong></span> <span class='ocrx_word' id='word_1_357' title='bbox 3279 2621 3422 2674; x_wconf 89' lang='lat' dir='ltr'><strong>nulla</strong></span> 
     </span>
    </p>
   </div>
   <div class='ocr_carea' id='block_1_38' title="bbox 187 2717 3426 2790">
    <p class='ocr_par' dir='ltr' id='par_1_38' title="bbox 187 2717 3426 2790">
     <span class='ocr_line' id='line_1_38' title="bbox 187 2717 3426 2790; baseline 0.002 -26"><span class='ocrx_word' id='word_1_358' title='bbox 187 2721 358 2780; x_wconf 88' lang='lat' dir='ltr'><strong>potest,</strong></span> <span class='ocrx_word' id='word_1_359' title='bbox 388 2729 514 2768; x_wconf 89' lang='lat' dir='ltr'><strong>cum</strong></span> <span class='ocrx_word' id='word_1_360' title='bbox 576 2731 640 2770; x_wconf 90' lang='lat' dir='ltr'><strong>ea</strong></span> <span class='ocrx_word' id='word_1_361' title='bbox 692 2733 812 2788; x_wconf 75' lang='lat' dir='ltr'><strong>quae</strong></span> <span class='ocrx_word' id='word_1_362' title='bbox 861 2735 1252 2790; x_wconf 86' lang='lat' dir='ltr'><strong>nonnunquam</strong></span> <span class='ocrx_word' id='word_1_363' title='bbox 1289 2721 1542 2776; x_wconf 91' lang='lat' dir='ltr'><strong>videntur</strong></span> <span class='ocrx_word' id='word_1_364' title='bbox 1593 2721 1877 2785; x_wconf 74' lang='lat' dir='ltr'><strong>obsistere,</strong></span> <span class='ocrx_word' id='word_1_365' title='bbox 1915 2720 1966 2772; x_wconf 87' lang='lat' dir='ltr'><strong>id</strong></span> <span class='ocrx_word' id='word_1_366' title='bbox 2016 2728 2241 2774; x_wconf 89' lang='lat' dir='ltr'><strong>eatenus</strong></span> <span class='ocrx_word' id='word_1_367' title='bbox 2294 2719 2454 2773; x_wconf 79' lang='lat' dir='ltr'><strong>modo</strong></span> <span class='ocrx_word' id='word_1_368' title='bbox 2513 2717 2733 2780; x_wconf 85' lang='lat' dir='ltr'><strong>faciant,</strong></span> <span class='ocrx_word' id='word_1_369' title='bbox 2778 2728 3050 2788; x_wconf 87' lang='lat' dir='ltr'><strong>quatenus</strong></span> <span class='ocrx_word' id='word_1_370' title='bbox 3095 2733 3246 2772; x_wconf 90' lang='lat' dir='ltr'><strong>suam</strong></span> <span class='ocrx_word' id='word_1_371' title='bbox 3309 2717 3426 2787; x_wconf 90' lang='lat' dir='ltr'><strong>ipse</strong></span> 
     </span>
    </p>
   </div>
   <div class='ocr_carea' id='block_1_39' title="bbox 187 2811 3418 2887">
    <p class='ocr_par' dir='ltr' id='par_1_39' title="bbox 187 2811 3418 2887">
     <span class='ocr_line' id='line_1_39' title="bbox 187 2811 3418 2887; baseline 0.001 -29"><span class='ocrx_word' id='word_1_372' title='bbox 187 2816 367 2862; x_wconf 64' lang='lat' dir='ltr'><strong>naturae</strong></span> <span class='ocrx_word' id='word_1_373' title='bbox 412 2811 651 2866; x_wconf 84' lang='lat' dir='ltr'><strong>cuilibet</strong></span> <span class='ocrx_word' id='word_1_374' title='bbox 708 2815 1124 2884; x_wconf 70' lang='lat' dir='ltr'><strong>praerogativam</strong></span> <span class='ocrx_word' id='word_1_375' title='bbox 1182 2815 1554 2887; x_wconf 82' lang='lat' dir='ltr'><strong>integramque</strong></span> <span class='ocrx_word' id='word_1_376' title='bbox 1626 2815 1924 2870; x_wconf 84' lang='lat' dir='ltr'><strong>voluntatis</strong></span> <span class='ocrx_word' id='word_1_377' title='bbox 1979 2814 2287 2869; x_wconf 87' lang='lat' dir='ltr'><strong>libertatem</strong></span> <span class='ocrx_word' id='word_1_378' title='bbox 2353 2828 2449 2882; x_wconf 94' lang='lat' dir='ltr'><strong>pro</strong></span> <span class='ocrx_word' id='word_1_379' title='bbox 2515 2827 2613 2867; x_wconf 88' lang='lat' dir='ltr'><strong>sua</strong></span> <span class='ocrx_word' id='word_1_380' title='bbox 2663 2813 2996 2882; x_wconf 87' lang='lat' dir='ltr'><strong>benignitate</strong></span> <span class='ocrx_word' id='word_1_381' title='bbox 3050 2811 3340 2865; x_wconf 85' lang='lat' dir='ltr'><strong>concessit.</strong></span> <span class='ocrx_word' id='word_1_382' title='bbox 3400 2829 3418 2860; x_wconf 77' lang='grc' dir='ltr'><strong>ι</strong></span> 
     </span>
    </p>
   </div>
   <div class='ocr_carea' id='block_1_40' title="bbox 187 2899 3422 2981">
    <p class='ocr_par' dir='ltr' id='par_1_40' title="bbox 187 2899 3422 2981">
     <span class='ocr_line' id='line_1_40' title="bbox 187 2899 3422 2981; baseline 0.003 -31"><span class='ocrx_word' id='word_1_383' title='bbox 187 2899 338 2968; x_wconf 77' lang='lat' dir='ltr'><strong>Atque</strong></span> <span class='ocrx_word' id='word_1_384' title='bbox 391 2903 664 2962; x_wconf 87' lang='lat' dir='ltr'><strong>hactenus</strong></span> <span class='ocrx_word' id='word_1_385' title='bbox 718 2907 889 2979; x_wconf 85' lang='lat' dir='ltr'><strong>Syrus</strong></span> <span class='ocrx_word' id='word_1_386' title='bbox 934 2909 1042 2965; x_wconf 90' lang='lat' dir='ltr'><strong>ille.</strong></span> <span class='ocrx_word' id='word_1_387' title='bbox 1110 2911 1221 2981; x_wconf 84' lang='lat' dir='ltr'><strong>Ego</strong></span> <span class='ocrx_word' id='word_1_388' title='bbox 1254 2927 1403 2978; x_wconf 86' lang='lat' dir='ltr'><strong>vero,</strong></span> <span class='ocrx_word' id='word_1_389' title='bbox 1451 2922 1740 2981; x_wconf 81' lang='lat' dir='ltr'><strong>postquam</strong></span> <span class='ocrx_word' id='word_1_390' title='bbox 1799 2927 1960 2965; x_wconf 77' lang='lat' dir='ltr'><strong>unius</strong></span> <span class='ocrx_word' id='word_1_391' title='bbox 2015 2910 2192 2964; x_wconf 88' lang='lat' dir='ltr'><strong>adhuc</strong></span> <span class='ocrx_word' id='word_1_392' title='bbox 2227 2909 2596 2963; x_wconf 77' lang='lat' dir='ltr'><strong>testimonium</strong></span> <span class='ocrx_word' id='word_1_393' title='bbox 2660 2909 2987 2977; x_wconf 71' lang='lat' dir='ltr'><strong>produxero,</strong></span> <span class='ocrx_word' id='word_1_394' title='bbox 3023 2907 3149 2961; x_wconf 89' lang='lat' dir='ltr'><strong>huic</strong></span> <span class='ocrx_word' id='word_1_395' title='bbox 3175 2907 3422 2974; x_wconf 89' lang='lat' dir='ltr'><strong>disputa-</strong></span> 
     </span>
    </p>
   </div>
   <div class='ocr_carea' id='block_1_41' title="bbox 188 2991 3424 3073">
    <p class='ocr_par' dir='ltr' id='par_1_41' title="bbox 188 2991 3424 3073">
     <span class='ocr_line' id='line_1_41' title="bbox 188 2991 3424 3073; baseline 0.003 -31"><span class='ocrx_word' id='word_1_396' title='bbox 188 2991 482 3050; x_wconf 83' lang='lat' dir='ltr'><strong>tionilinem</strong></span> <span class='ocrx_word' id='word_1_397' title='bbox 523 2999 826 3068; x_wconf 88' lang='lat' dir='ltr'><strong>imponam.</strong></span> <span class='ocrx_word' id='word_1_398' title='bbox 875 3000 1330 3073; x_wconf 85' lang='lat' dir='ltr'><strong>Quandoquidem</strong></span> <span class='ocrx_word' id='word_1_399' title='bbox 1379 3019 1523 3057; x_wconf 77' lang='lat' dir='ltr'><strong>enim</strong></span> <span class='ocrx_word' id='word_1_400' title='bbox 1557 3003 1772 3057; x_wconf 80' lang='lat' dir='ltr'><strong>abunde</strong></span> <span class='ocrx_word' id='word_1_401' title='bbox 1810 3001 2055 3071; x_wconf 82' lang='lat' dir='ltr'><strong>profanis</strong></span> <span class='ocrx_word' id='word_1_402' title='bbox 2102 3001 2280 3054; x_wconf 89' lang='lat' dir='ltr'><strong>adhuc</strong></span> <span class='ocrx_word' id='word_1_403' title='bbox 2307 3016 2337 3054; x_wconf 92' lang='lat' dir='ltr'><strong>e</strong></span> <span class='ocrx_word' id='word_1_404' title='bbox 2365 3000 2558 3054; x_wconf 87' lang='lat' dir='ltr'><strong>litteris</strong></span> <span class='ocrx_word' id='word_1_405' title='bbox 2599 3001 2906 3060; x_wconf 81' lang='lat' dir='ltr'><strong>hausimus.</strong></span> <span class='ocrx_word' id='word_1_406' title='bbox 2957 2998 3182 3068; x_wconf 88' lang='lat' dir='ltr'><strong>solaque</strong></span> <span class='ocrx_word' id='word_1_407' title='bbox 3210 2998 3424 3052; x_wconf 79' lang='lat' dir='ltr'><strong>divina-</strong></span> 
     </span>
    </p>
   </div>
   <div class='ocr_carea' id='block_1_42' title="bbox 189 3090 3425 3164">
    <p class='ocr_par' dir='ltr' id='par_1_42' title="bbox 189 3090 3425 3164">
     <span class='ocr_line' id='line_1_42' title="bbox 189 3090 3425 3164; baseline 0.002 -24"><span class='ocrx_word' id='word_1_408' title='bbox 189 3102 290 3140; x_wconf 86' lang='lat' dir='ltr'><strong>rum</strong></span> <span class='ocrx_word' id='word_1_409' title='bbox 319 3090 619 3146; x_wconf 86' lang='lat' dir='ltr'><strong>auctoritas</strong></span> <span class='ocrx_word' id='word_1_410' title='bbox 649 3103 915 3162; x_wconf 88' lang='lat' dir='ltr'><strong>superest,</strong></span> <span class='ocrx_word' id='word_1_411' title='bbox 948 3110 1068 3164; x_wconf 71' lang='lat' dir='ltr'><strong>qua:</strong></span> <span class='ocrx_word' id='word_1_412' title='bbox 1112 3104 1259 3150; x_wconf 89' lang='lat' dir='ltr'><strong>certe</strong></span> <span class='ocrx_word' id='word_1_413' title='bbox 1289 3095 1505 3164; x_wconf 90' lang='lat' dir='ltr'><strong>quidem</strong></span> <span class='ocrx_word' id='word_1_414' title='bbox 1538 3093 1606 3148; x_wconf 89' lang='lat' dir='ltr'><strong>ad</strong></span> <span class='ocrx_word' id='word_1_415' title='bbox 1651 3094 1792 3149; x_wconf 92' lang='lat' dir='ltr'><strong>hanc</strong></span> <span class='ocrx_word' id='word_1_416' title='bbox 1831 3092 2126 3164; x_wconf 72' lang='lat' dir='ltr'><strong>prrcsertim</strong></span> <span class='ocrx_word' id='word_1_417' title='bbox 2178 3091 2508 3162; x_wconf 63' lang='lat' dir='ltr'><strong>Evangelicw</strong></span> <span class='ocrx_word' id='word_1_418' title='bbox 2563 3093 3024 3146; x_wconf 64' lang='lat' dir='ltr'><strong>demonstrationis</strong></span> <span class='ocrx_word' id='word_1_419' title='bbox 3071 3092 3425 3163; x_wconf 68' lang='lat' dir='ltr'><strong>Prwparatio.</strong></span> 
     </span>
    </p>
   </div>
   <div class='ocr_carea' id='block_1_43' title="bbox 189 3177 3420 3257">
    <p class='ocr_par' dir='ltr' id='par_1_43' title="bbox 189 3177 3420 3257">
     <span class='ocr_line' id='line_1_43' title="bbox 189 3177 3420 3257; baseline 0.004 -30"><span class='ocrx_word' id='word_1_420' title='bbox 189 3192 283 3228; x_wconf 75' lang='lat' dir='ltr'><strong>item</strong></span> <span class='ocrx_word' id='word_1_421' title='bbox 307 3177 673 3248; x_wconf 86' lang='lat' dir='ltr'><strong>desideratur,</strong></span> <span class='ocrx_word' id='word_1_422' title='bbox 722 3199 937 3252; x_wconf 67' lang='lat' dir='ltr'><strong>aequum</strong></span> <span class='ocrx_word' id='word_1_423' title='bbox 976 3201 1108 3240; x_wconf 91' lang='lat' dir='ltr'><strong>sane</strong></span> <span class='ocrx_word' id='word_1_424' title='bbox 1156 3197 1632 3257; x_wconf 89' lang='lat' dir='ltr'><strong>opportunumque</strong></span> <span class='ocrx_word' id='word_1_425' title='bbox 1688 3187 1874 3251; x_wconf 81' lang='lat' dir='ltr'><strong>fuerit,</strong></span> <span class='ocrx_word' id='word_1_426' title='bbox 1918 3185 1969 3239; x_wconf 90' lang='lat' dir='ltr'><strong>in</strong></span> <span class='ocrx_word' id='word_1_427' title='bbox 2027 3199 2122 3238; x_wconf 89' lang='lat' dir='ltr'><strong>eas</strong></span> <span class='ocrx_word' id='word_1_428' title='bbox 2159 3200 2377 3254; x_wconf 90' lang='lat' dir='ltr'><strong>quoque</strong></span> <span class='ocrx_word' id='word_1_429' title='bbox 2417 3184 2702 3253; x_wconf 86' lang='lat' dir='ltr'><strong>diligenter</strong></span> <span class='ocrx_word' id='word_1_430' title='bbox 2753 3185 2993 3248; x_wconf 87' lang='lat' dir='ltr'><strong>intueri,</strong></span> <span class='ocrx_word' id='word_1_431' title='bbox 3047 3185 3183 3238; x_wconf 88' lang='lat' dir='ltr'><strong>nihil</strong></span> <span class='ocrx_word' id='word_1_432' title='bbox 3215 3194 3272 3238; x_wconf 93' lang='lat' dir='ltr'><strong>ut</strong></span> <span class='ocrx_word' id='word_1_433' title='bbox 3299 3201 3420 3240; x_wconf 90' lang='lat' dir='ltr'><strong>om-</strong></span> 
     </span>
    </p>
   </div>
   <div class='ocr_carea' id='block_1_44' title="bbox 192 3273 3421 3352">
    <p class='ocr_par' dir='ltr' id='par_1_44' title="bbox 192 3273 3421 3352">
     <span class='ocr_line' id='line_1_44' title="bbox 192 3273 3421 3352; baseline 0.002 -28"><span class='ocrx_word' id='word_1_434' title='bbox 192 3273 302 3326; x_wconf 83' lang='lat' dir='ltr'><strong>nino</strong></span> <span class='ocrx_word' id='word_1_435' title='bbox 329 3274 694 3345; x_wconf 88' lang='lat' dir='ltr'><strong>desideretur,</strong></span> <span class='ocrx_word' id='word_1_436' title='bbox 726 3280 870 3350; x_wconf 91' lang='lat' dir='ltr'><strong>quod</strong></span> <span class='ocrx_word' id='word_1_437' title='bbox 937 3281 1003 3335; x_wconf 84' lang='lat' dir='ltr'><strong>ad</strong></span> <span class='ocrx_word' id='word_1_438' title='bbox 1061 3291 1328 3351; x_wconf 65' lang='lat' dir='ltr'><strong>susceptm</strong></span> <span class='ocrx_word' id='word_1_439' title='bbox 1377 3283 1698 3352; x_wconf 68' lang='lat' dir='ltr'><strong>qumstionis</strong></span> <span class='ocrx_word' id='word_1_440' title='bbox 1743 3281 2190 3352; x_wconf 87' lang='lat' dir='ltr'><strong>disceptationem</strong></span> <span class='ocrx_word' id='word_1_441' title='bbox 2258 3279 2543 3349; x_wconf 82' lang='lat' dir='ltr'><strong>pertineat.</strong></span> <span class='ocrx_word' id='word_1_442' title='bbox 2580 3278 2769 3348; x_wconf 85' lang='lat' dir='ltr'><strong>Itaque</strong></span> <span class='ocrx_word' id='word_1_443' title='bbox 2812 3295 2879 3332; x_wconf 83' lang='lat' dir='ltr'><strong>ex</strong></span> <span class='ocrx_word' id='word_1_444' title='bbox 2915 3279 3018 3332; x_wconf 86' lang='lat' dir='ltr'><strong>illis</strong></span> <span class='ocrx_word' id='word_1_445' title='bbox 3047 3279 3211 3333; x_wconf 91' lang='lat' dir='ltr'><strong>etiam</strong></span> <span class='ocrx_word' id='word_1_446' title='bbox 3261 3279 3421 3349; x_wconf 77' lang='lat' dir='ltr'><strong>hujus</strong></span> 
     </span>
    </p>
   </div>
   <div class='ocr_carea' id='block_1_45' title="bbox 188 3363 3420 3445">
    <p class='ocr_par' dir='ltr' id='par_1_45' title="bbox 188 3363 3420 3445">
     <span class='ocr_line' id='line_1_45' title="bbox 188 3363 3420 3445; baseline 0.003 -30"><span class='ocrx_word' id='word_1_447' title='bbox 188 3363 269 3417; x_wconf 89' lang='lat' dir='ltr'><strong>tibi</strong></span> <span class='ocrx_word' id='word_1_448' title='bbox 317 3368 570 3424; x_wconf 90' lang='lat' dir='ltr'><strong>veritatis</strong></span> <span class='ocrx_word' id='word_1_449' title='bbox 599 3381 920 3441; x_wconf 85' lang='lat' dir='ltr'><strong>argumenta</strong></span> <span class='ocrx_word' id='word_1_450' title='bbox 973 3376 1272 3444; x_wconf 83' lang='lat' dir='ltr'><strong>producere</strong></span> <span class='ocrx_word' id='word_1_451' title='bbox 1301 3377 1488 3430; x_wconf 89' lang='lat' dir='ltr'><strong>statui.</strong></span> <span class='ocrx_word' id='word_1_452' title='bbox 1525 3375 1630 3429; x_wconf 90' lang='lat' dir='ltr'><strong>Sed</strong></span> <span class='ocrx_word' id='word_1_453' title='bbox 1679 3379 1940 3445; x_wconf 89' lang='lat' dir='ltr'><strong>quoniam</strong></span> <span class='ocrx_word' id='word_1_454' title='bbox 1999 3389 2278 3430; x_wconf 87' lang='lat' dir='ltr'><strong>sacrorum</strong></span> <span class='ocrx_word' id='word_1_455' title='bbox 2323 3373 2701 3439; x_wconf 86' lang='lat' dir='ltr'><strong>oraculorum,</strong></span> <span class='ocrx_word' id='word_1_456' title='bbox 2747 3373 2792 3427; x_wconf 92' lang='lat' dir='ltr'><strong>si</strong></span> <span class='ocrx_word' id='word_1_457' title='bbox 2855 3373 3000 3427; x_wconf 86' lang='lat' dir='ltr'><strong>unde</strong></span> <span class='ocrx_word' id='word_1_458' title='bbox 3061 3383 3420 3441; x_wconf 77' lang='lat' dir='ltr'><strong>ponerentur,</strong></span> 
     </span>
    </p>
   </div>
   <div class='ocr_carea' id='block_1_46' title="bbox 189 3467 3426 3543">
    <p class='ocr_par' dir='ltr' id='par_1_46' title="bbox 189 3467 3426 3543">
     <span class='ocr_line' id='line_1_46' title="bbox 189 3467 3426 3543; baseline 0.002 -29"><span class='ocrx_word' id='word_1_459' title='bbox 189 3475 381 3517; x_wconf 83' lang='lat' dir='ltr'><strong>sensum</strong></span> <span class='ocrx_word' id='word_1_460' title='bbox 417 3476 769 3538; x_wconf 88' lang='lat' dir='ltr'><strong>mentemque</strong></span> <span class='ocrx_word' id='word_1_461' title='bbox 816 3486 1009 3540; x_wconf 91' lang='lat' dir='ltr'><strong>capere</strong></span> <span class='ocrx_word' id='word_1_462' title='bbox 1053 3489 1158 3527; x_wconf 93' lang='lat' dir='ltr'><strong>non</strong></span> <span class='ocrx_word' id='word_1_463' title='bbox 1230 3488 1439 3542; x_wconf 89' lang='lat' dir='ltr'><strong>posses,</strong></span> <span class='ocrx_word' id='word_1_464' title='bbox 1475 3473 1617 3543; x_wconf 91' lang='lat' dir='ltr'><strong>quod</strong></span> <span class='ocrx_word' id='word_1_465' title='bbox 1670 3472 1782 3527; x_wconf 77' lang='lat' dir='ltr'><strong>fere</strong></span> <span class='ocrx_word' id='word_1_466' title='bbox 1819 3472 2024 3525; x_wconf 86' lang='lat' dir='ltr'><strong>umbris</strong></span> <span class='ocrx_word' id='word_1_467' title='bbox 2053 3470 2378 3540; x_wconf 78' lang='lat' dir='ltr'><strong>quibusdam</strong></span> <span class='ocrx_word' id='word_1_468' title='bbox 2439 3469 2674 3522; x_wconf 88' lang='lat' dir='ltr'><strong>involuta</strong></span> <span class='ocrx_word' id='word_1_469' title='bbox 2712 3467 3095 3538; x_wconf 81' lang='lat' dir='ltr'><strong>proferantur,</strong></span> <span class='ocrx_word' id='word_1_470' title='bbox 3124 3482 3312 3521; x_wconf 91' lang='lat' dir='ltr'><strong>eorum</strong></span> <span class='ocrx_word' id='word_1_471' title='bbox 3339 3467 3426 3522; x_wconf 81' lang='lat' dir='ltr'><strong>in-</strong></span> 
     </span>
    </p>
   </div>
   <div class='ocr_carea' id='block_1_47' title="bbox 189 3563 3424 3632">
    <p class='ocr_par' dir='ltr' id='par_1_47' title="bbox 189 3563 3424 3632">
     <span class='ocr_line' id='line_1_47' title="bbox 189 3563 3424 3632; baseline 0.002 -23"><span class='ocrx_word' id='word_1_472' title='bbox 189 3566 448 3628; x_wconf 88' lang='lat' dir='ltr'><strong>terpretem</strong></span> <span class='ocrx_word' id='word_1_473' title='bbox 484 3564 750 3620; x_wconf 84' lang='lat' dir='ltr'><strong>adducam</strong></span> <span class='ocrx_word' id='word_1_474' title='bbox 804 3567 858 3619; x_wconf 93' lang='lat' dir='ltr'><strong>in</strong></span> <span class='ocrx_word' id='word_1_475' title='bbox 915 3567 1171 3621; x_wconf 86' lang='lat' dir='ltr'><strong>medium.</strong></span> <span class='ocrx_word' id='word_1_476' title='bbox 1205 3567 1286 3622; x_wconf 89' lang='lat' dir='ltr'><strong>Tu</strong></span> <span class='ocrx_word' id='word_1_477' title='bbox 1343 3583 1471 3622; x_wconf 89' lang='lat' dir='ltr'><strong>vero</strong></span> <span class='ocrx_word' id='word_1_478' title='bbox 1494 3609 1508 3631; x_wconf 94' lang='lat'><strong>,</strong></span> <span class='ocrx_word' id='word_1_479' title='bbox 1545 3568 1649 3621; x_wconf 87' lang='lat' dir='ltr'><strong>nisi</strong></span> <span class='ocrx_word' id='word_1_480' title='bbox 1685 3566 1822 3621; x_wconf 88' lang='lat' dir='ltr'><strong>forte</strong></span> <span class='ocrx_word' id='word_1_481' title='bbox 1860 3565 2270 3620; x_wconf 87' lang='lat' dir='ltr'><strong>sublinnoribus</strong></span> <span class='ocrx_word' id='word_1_482' title='bbox 2294 3565 2400 3618; x_wconf 92' lang='lat' dir='ltr'><strong>illis</strong></span> <span class='ocrx_word' id='word_1_483' title='bbox 2429 3564 2699 3618; x_wconf 85' lang='lat' dir='ltr'><strong>mentibus</strong></span> <span class='ocrx_word' id='word_1_484' title='bbox 2728 3563 2956 3627; x_wconf 81' lang='lat' dir='ltr'><strong>invides,</strong></span> <span class='ocrx_word' id='word_1_485' title='bbox 2987 3563 3262 3617; x_wconf 88' lang='lat' dir='ltr'><strong>hominem</strong></span> <span class='ocrx_word' id='word_1_486' title='bbox 3291 3579 3424 3632; x_wconf 80' lang='lat' dir='ltr'><strong>pro-</strong></span> 
     </span>
    </p>
   </div>
   <div class='ocr_carea' id='block_1_48' title="bbox 191 3655 3422 3734">
    <p class='ocr_par' dir='ltr' id='par_1_48' title="bbox 191 3655 3422 3734">
     <span class='ocr_line' id='line_1_48' title="bbox 191 3655 3422 3734; baseline 0.001 -25"><span class='ocrx_word' id='word_1_487' title='bbox 191 3655 246 3708; x_wconf 91' lang='lat' dir='ltr'><strong>be</strong></span> <span class='ocrx_word' id='word_1_488' title='bbox 293 3664 448 3726; x_wconf 91' lang='lat' dir='ltr'><strong>nosti,</strong></span> <span class='ocrx_word' id='word_1_489' title='bbox 510 3661 604 3730; x_wconf 92' lang='lat' dir='ltr'><strong>qui</strong></span> <span class='ocrx_word' id='word_1_490' title='bbox 657 3673 716 3715; x_wconf 93' lang='lat' dir='ltr'><strong>ut</strong></span> <span class='ocrx_word' id='word_1_491' title='bbox 779 3663 866 3718; x_wconf 88' lang='lat' dir='ltr'><strong>hic</strong></span> <span class='ocrx_word' id='word_1_492' title='bbox 913 3665 1089 3719; x_wconf 78' lang='lat' dir='ltr'><strong>adhuc</strong></span> <span class='ocrx_word' id='word_1_493' title='bbox 1124 3665 1266 3720; x_wconf 89' lang='lat' dir='ltr'><strong>inter</strong></span> <span class='ocrx_word' id='word_1_494' title='bbox 1315 3665 1520 3721; x_wconf 76' lang='lat' dir='ltr'><strong>Christi</strong></span> <span class='ocrx_word' id='word_1_495' title='bbox 1561 3675 1750 3728; x_wconf 70' lang='lat' dir='ltr'><strong>cmtus,</strong></span> <span class='ocrx_word' id='word_1_496' title='bbox 1791 3679 2037 3734; x_wconf 88' lang='lat' dir='ltr'><strong>operum,</strong></span> <span class='ocrx_word' id='word_1_497' title='bbox 2074 3677 2191 3731; x_wconf 75' lang='lat' dir='ltr'><strong>qute</strong></span> <span class='ocrx_word' id='word_1_498' title='bbox 2227 3662 2310 3714; x_wconf 87' lang='lat' dir='ltr'><strong>sui</strong></span> <span class='ocrx_word' id='word_1_499' title='bbox 2357 3670 2612 3729; x_wconf 85' lang='lat' dir='ltr'><strong>tanquam</strong></span> <span class='ocrx_word' id='word_1_500' title='bbox 2659 3659 2860 3713; x_wconf 89' lang='lat' dir='ltr'><strong>vicaria</strong></span> <span class='ocrx_word' id='word_1_501' title='bbox 2916 3659 3155 3726; x_wconf 89' lang='lat' dir='ltr'><strong>reliquit,</strong></span> <span class='ocrx_word' id='word_1_502' title='bbox 3210 3673 3314 3712; x_wconf 92' lang='lat' dir='ltr'><strong>usu</strong></span> <span class='ocrx_word' id='word_1_503' title='bbox 3368 3667 3422 3712; x_wconf 88' lang='lat' dir='ltr'><strong>et.</strong></span> 
     </span>
    </p>
   </div>
   <div class='ocr_carea' id='block_1_49' title="bbox 189 3751 3420 3824">
    <p class='ocr_par' dir='ltr' id='par_1_49' title="bbox 189 3751 3420 3824">
     <span class='ocr_line' id='line_1_49' title="bbox 189 3751 3420 3824; baseline 0 -20"><span class='ocrx_word' id='word_1_504' title='bbox 189 3757 502 3811; x_wconf 84' lang='lat' dir='ltr'><strong>tractatione</strong></span> <span class='ocrx_word' id='word_1_505' title='bbox 549 3769 833 3824; x_wconf 86' lang='lat' dir='ltr'><strong>versatur,</strong></span> <span class='ocrx_word' id='word_1_506' title='bbox 866 3760 938 3814; x_wconf 91' lang='lat' dir='ltr'><strong>ita</strong></span> <span class='ocrx_word' id='word_1_507' title='bbox 988 3776 1089 3813; x_wconf 90' lang='lat' dir='ltr'><strong>nec</strong></span> <span class='ocrx_word' id='word_1_508' title='bbox 1121 3758 1438 3814; x_wconf 89' lang='lat' dir='ltr'><strong>hominibus</strong></span> <span class='ocrx_word' id='word_1_509' title='bbox 1489 3774 1518 3811; x_wconf 91' lang='lat' dir='ltr'><strong>a</strong></span> <span class='ocrx_word' id='word_1_510' title='bbox 1569 3757 1772 3812; x_wconf 89' lang='lat' dir='ltr'><strong>nostris</strong></span> <span class='ocrx_word' id='word_1_511' title='bbox 1810 3757 1971 3810; x_wconf 88' lang='lat' dir='ltr'><strong>etiam</strong></span> <span class='ocrx_word' id='word_1_512' title='bbox 2028 3754 2225 3807; x_wconf 90' lang='lat' dir='ltr'><strong>ritibus</strong></span> <span class='ocrx_word' id='word_1_513' title='bbox 2271 3752 2484 3814; x_wconf 89' lang='lat' dir='ltr'><strong>alienis,</strong></span> <span class='ocrx_word' id='word_1_514' title='bbox 2529 3759 2748 3820; x_wconf 86' lang='lat' dir='ltr'><strong>prOpter</strong></span> <span class='ocrx_word' id='word_1_515' title='bbox 2787 3766 3079 3814; x_wconf 85' lang='lat' dir='ltr'><strong>summam,</strong></span> <span class='ocrx_word' id='word_1_516' title='bbox 3119 3751 3296 3820; x_wconf 88' lang='lat' dir='ltr'><strong>quain</strong></span> <span class='ocrx_word' id='word_1_517' title='bbox 3335 3767 3420 3807; x_wconf 82' lang='lat' dir='ltr'><strong>co-</strong></span> 
     </span>
    </p>
   </div>
   <div class='ocr_carea' id='block_1_50' title="bbox 191 3843 3421 3919">
    <p class='ocr_par' dir='ltr' id='par_1_50' title="bbox 191 3843 3421 3919">
     <span class='ocr_line' id='line_1_50' title="bbox 191 3843 3421 3919; baseline 0 -23"><span class='ocrx_word' id='word_1_518' title='bbox 191 3858 290 3896; x_wconf 87' lang='lat' dir='ltr'><strong>rum</strong></span> <span class='ocrx_word' id='word_1_519' title='bbox 319 3862 538 3918; x_wconf 88' lang='lat' dir='ltr'><strong>quoque</strong></span> <span class='ocrx_word' id='word_1_520' title='bbox 600 3849 914 3918; x_wconf 87' lang='lat' dir='ltr'><strong>disciplinas</strong></span> <span class='ocrx_word' id='word_1_521' title='bbox 963 3851 1259 3915; x_wconf 90' lang='lat' dir='ltr'><strong>incubuit,</strong></span> <span class='ocrx_word' id='word_1_522' title='bbox 1305 3851 1733 3912; x_wconf 86' lang='lat' dir='ltr'><strong>contentionem,</strong></span> <span class='ocrx_word' id='word_1_523' title='bbox 1795 3848 2014 3919; x_wconf 87' lang='lat' dir='ltr'><strong>ignotus</strong></span> <span class='ocrx_word' id='word_1_524' title='bbox 2069 3854 2171 3899; x_wconf 90' lang='lat' dir='ltr'><strong>est.</strong></span> <span class='ocrx_word' id='word_1_525' title='bbox 2210 3843 2341 3898; x_wconf 71' lang='lat' dir='ltr'><strong>Vide</strong></span> <span class='ocrx_word' id='word_1_526' title='bbox 2383 3844 2564 3913; x_wconf 83' lang='lat' dir='ltr'><strong>igitur.</strong></span> <span class='ocrx_word' id='word_1_527' title='bbox 2618 3843 3067 3911; x_wconf 83' lang='lat' dir='ltr'><strong>quemadmndum</strong></span> <span class='ocrx_word' id='word_1_528' title='bbox 3117 3843 3421 3913; x_wconf 88' lang='lat' dir='ltr'><strong>quibusque</strong></span> 
     </span>
    </p>
   </div>
   <div class='ocr_carea' id='block_1_51' title="bbox 190 3935 3422 4016">
    <p class='ocr_par' dir='ltr' id='par_1_51' title="bbox 190 3935 3422 4016">
     <span class='ocr_line' id='line_1_51' title="bbox 190 3935 3422 4016; baseline -0.002 -25"><span class='ocrx_word' id='word_1_529' title='bbox 190 3940 348 3992; x_wconf 56' lang='lat' dir='ltr'><strong>verbis</strong></span> <span class='ocrx_word' id='word_1_530' title='bbox 374 3941 639 4012; x_wconf 86' lang='lat' dir='ltr'><strong>Origenes</strong></span> <span class='ocrx_word' id='word_1_531' title='bbox 672 3945 830 4014; x_wconf 81' lang='lat'><strong>281</strong></span> <span class='ocrx_word' id='word_1_532' title='bbox 864 3945 944 3998; x_wconf 92' lang='lat' dir='ltr'><strong>vir</strong></span> <span class='ocrx_word' id='word_1_533' title='bbox 967 3945 1055 4000; x_wconf 89' lang='lat' dir='ltr'><strong>ille</strong></span> <span class='ocrx_word' id='word_1_534' title='bbox 1091 3946 1384 4016; x_wconf 86' lang='lat' dir='ltr'><strong>singularis</strong></span> <span class='ocrx_word' id='word_1_535' title='bbox 1413 3945 1518 4000; x_wconf 90' lang='lat' dir='ltr'><strong>hac</strong></span> <span class='ocrx_word' id='word_1_536' title='bbox 1546 3954 1657 4000; x_wconf 88' lang='lat' dir='ltr'><strong>tota</strong></span> <span class='ocrx_word' id='word_1_537' title='bbox 1700 3944 1768 3999; x_wconf 89' lang='lat' dir='ltr'><strong>de</strong></span> <span class='ocrx_word' id='word_1_538' title='bbox 1808 3957 1866 3997; x_wconf 86' lang='lat' dir='ltr'><strong>re</strong></span> <span class='ocrx_word' id='word_1_539' title='bbox 1920 3940 2037 3997; x_wconf 89' lang='lat' dir='ltr'><strong>suis</strong></span> <span class='ocrx_word' id='word_1_540' title='bbox 2065 3941 2119 3992; x_wconf 80' lang='lat' dir='ltr'><strong>in</strong></span> <span class='ocrx_word' id='word_1_541' title='bbox 2159 3937 2381 3992; x_wconf 85' lang='lat' dir='ltr'><strong>Genesin</strong></span> <span class='ocrx_word' id='word_1_542' title='bbox 2431 3935 2834 3991; x_wconf 77' lang='lat' dir='ltr'><strong>Commentariis</strong></span> <span class='ocrx_word' id='word_1_543' title='bbox 2879 3944 3104 3994; x_wconf 88' lang='lat' dir='ltr'><strong>statuat,</strong></span> <span class='ocrx_word' id='word_1_544' title='bbox 3154 3935 3422 4004; x_wconf 89' lang='lat' dir='ltr'><strong>istamque</strong></span> 
     </span>
    </p>
   </div>
   <div class='ocr_carea' id='block_1_52' title="bbox 193 4029 1540 4105">
    <p class='ocr_par' dir='ltr' id='par_1_52' title="bbox 193 4029 1540 4105">
     <span class='ocr_line' id='line_1_52' title="bbox 193 4029 1540 4105; baseline 0.006 -23"><span class='ocrx_word' id='word_1_545' title='bbox 193 4029 249 4083; x_wconf 84' lang='lat' dir='ltr'><strong>de</strong></span> <span class='ocrx_word' id='word_1_546' title='bbox 274 4031 374 4086; x_wconf 88' lang='lat' dir='ltr'><strong>fato</strong></span> <span class='ocrx_word' id='word_1_547' title='bbox 394 4035 820 4104; x_wconf 84' lang='lat' dir='ltr'><strong>disputationem</strong></span> <span class='ocrx_word' id='word_1_548' title='bbox 849 4053 954 4104; x_wconf 93' lang='lat' dir='ltr'><strong>qua</strong></span> <span class='ocrx_word' id='word_1_549' title='bbox 990 4037 1199 4091; x_wconf 78' lang='lat' dir='ltr'><strong>ratione</strong></span> <span class='ocrx_word' id='word_1_550' title='bbox 1229 4047 1540 4105; x_wconf 85' lang='lat' dir='ltr'><strong>pertractct.</strong></span> 
     </span>
    </p>
   </div>
   <div class='ocr_carea' id='block_1_53' title="bbox 684 4127 1230 4181">
    <p class='ocr_par' dir='ltr' id='par_1_53' title="bbox 684 4127 1230 4181">
     <span class='ocr_line' id='line_1_53' title="bbox 684 4127 1230 4181; baseline 0.005 -3"><span class='ocrx_word' id='word_1_551' title='bbox 684 4128 1077 4180; x_wconf 75' lang='grc' dir='ltr'><strong>ΚΕΦΑΛΑΙΟΝ</strong></span> <span class='ocrx_word' id='word_1_552' title='bbox 1127 4127 1230 4181; x_wconf 78' lang='grc' dir='ltr'><strong>ῘΑ’.</strong></span> 
     </span>
    </p>
   </div>
   <div class='ocr_carea' id='block_1_54' title="bbox 203 4231 1746 4312">
    <p class='ocr_par' dir='ltr' id='par_1_54' title="bbox 203 4231 1746 4312">
     <span class='ocr_line' id='line_1_54' title="bbox 203 4231 1746 4312; baseline 0.006 -26"><span class='ocrx_word' id='word_1_553' title='bbox 203 4231 282 4301; x_wconf 82' lang='grc' dir='ltr'><strong>Ὦς</strong></span> <span class='ocrx_word' id='word_1_554' title='bbox 302 4239 391 4290; x_wconf 80' lang='grc' dir='ltr'>καὶ</span> <span class='ocrx_word' id='word_1_555' title='bbox 428 4237 552 4312; x_wconf 64' lang='grc' dir='ltr'>ἀπο</span> <span class='ocrx_word' id='word_1_556' title='bbox 589 4237 696 4305; x_wconf 79' lang='grc' dir='ltr'><strong>τῆς</strong></span> <span class='ocrx_word' id='word_1_557' title='bbox 743 4239 861 4292; x_wconf 68' lang='grc' dir='ltr'><strong>τῶν</strong></span> <span class='ocrx_word' id='word_1_558' title='bbox 893 4241 1067 4295; x_wconf 72' lang='grc' dir='ltr'>θείων</span> <span class='ocrx_word' id='word_1_559' title='bbox 1107 4241 1363 4309; x_wconf 53' lang='grc' dir='ltr'><strong>Γραρῶν</strong></span> <span class='ocrx_word' id='word_1_560' title='bbox 1402 4243 1746 4312; x_wconf 69' lang='grc' dir='ltr'><strong>ἑξηγήσεὼς</strong></span> 
     </span>
    </p>
   </div>
   <div class='ocr_carea' id='block_1_55' title="bbox 343 4311 1560 4381">
    <p class='ocr_par' dir='ltr' id='par_1_55' title="bbox 343 4311 1560 4381">
     <span class='ocr_line' id='line_1_55' title="bbox 343 4311 1560 4381; baseline 0.006 -21"><span class='ocrx_word' id='word_1_561' title='bbox 343 4326 403 4362; x_wconf 77' lang='grc' dir='ltr'><strong>τε</strong></span> <span class='ocrx_word' id='word_1_562' title='bbox 433 4311 533 4361; x_wconf 81' lang='grc' dir='ltr'>καὶ</span> <span class='ocrx_word' id='word_1_563' title='bbox 569 4311 915 4378; x_wconf 49' lang='grc' dir='ltr'>μαρτυρίας,</span> <span class='ocrx_word' id='word_1_564' title='bbox 961 4313 1028 4364; x_wconf 75' lang='grc' dir='ltr'>ἐκ</span> <span class='ocrx_word' id='word_1_565' title='bbox 1063 4312 1180 4364; x_wconf 81' lang='grc' dir='ltr'><strong>τῶν</strong></span> <span class='ocrx_word' id='word_1_566' title='bbox 1215 4311 1560 4381; x_wconf 70' lang='grc' dir='ltr'><strong>Ὠριγένους.</strong></span> 
     </span>
    </p>
   </div>
   <div class='ocr_carea' id='block_1_56' title="bbox 258 4485 1818 4584">
    <p class='ocr_par' dir='ltr' id='par_1_56' title="bbox 258 4485 1818 4584">
     <span class='ocr_line' id='line_1_56' title="bbox 258 4485 1818 4584; baseline 0.031 -48"><span class='ocrx_word' id='word_1_567' title='bbox 258 4487 436 4558; x_wconf 76' lang='grc' dir='ltr'>«Περὶ</span> <span class='ocrx_word' id='word_1_568' title='bbox 470 4485 563 4540; x_wconf 75' lang='grc' dir='ltr'>τοῦ</span> <span class='ocrx_word' id='word_1_569' title='bbox 602 4489 680 4551; x_wconf 82' lang='grc' dir='ltr'>εις</span> <span class='ocrx_word' id='word_1_570' title='bbox 709 4491 908 4560; x_wconf 74' lang='grc' dir='ltr'>σημεῖα</span> <span class='ocrx_word' id='word_1_571' title='bbox 951 4491 1232 4559; x_wconf 72' lang='grc' dir='ltr'>γεγονέναι</span> <span class='ocrx_word' id='word_1_572' title='bbox 1274 4492 1400 4555; x_wconf 59' lang='grc' dir='ltr'><strong>τοὺς</strong></span> <span class='ocrx_word' id='word_1_573' title='bbox 1427 4492 1740 4562; x_wconf 72' lang='grc' dir='ltr'><strong>φωστῆρας’</strong></span> <span class='ocrx_word' id='word_1_574' title='bbox 1778 4530 1818 4584; x_wconf 88' lang='lat' dir='ltr'><strong>B</strong></span> 
     </span>
    </p>
   </div>
   <div class='ocr_carea' id='block_1_57' title="bbox 196 4575 1742 4654">
    <p class='ocr_par' dir='ltr' id='par_1_57' title="bbox 196 4575 1742 4654">
     <span class='ocr_line' id='line_1_57' title="bbox 196 4575 1742 4654; baseline 0.004 -28"><span class='ocrx_word' id='word_1_575' title='bbox 196 4575 277 4636; x_wconf 69' lang='grc' dir='ltr'><strong>οὐκ</strong></span> <span class='ocrx_word' id='word_1_576' title='bbox 306 4577 491 4640; x_wconf 75' lang='grc' dir='ltr'>ἄλλους</span> <span class='ocrx_word' id='word_1_577' title='bbox 533 4577 682 4648; x_wconf 78' lang='grc' dir='ltr'>ἡλίου</span> <span class='ocrx_word' id='word_1_578' title='bbox 721 4579 814 4632; x_wconf 73' lang='grc' dir='ltr'><strong>καὶ</strong></span> <span class='ocrx_word' id='word_1_579' title='bbox 845 4579 1090 4651; x_wconf 71' lang='grc' dir='ltr'>σελήνης,</span> <span class='ocrx_word' id='word_1_580' title='bbox 1123 4583 1214 4634; x_wconf 71' lang='grc' dir='ltr'><strong>καὶ</strong></span> <span class='ocrx_word' id='word_1_581' title='bbox 1235 4581 1341 4634; x_wconf 83' lang='grc' dir='ltr'>τῶν</span> <span class='ocrx_word' id='word_1_582' title='bbox 1367 4583 1582 4654; x_wconf 82' lang='grc' dir='ltr'>ἄστρων</span> <span class='ocrx_word' id='word_1_583' title='bbox 1610 4597 1742 4649; x_wconf 81' lang='grc' dir='ltr'><strong>τυγ-</strong></span> 
     </span>
    </p>
   </div>
   <div class='ocr_carea' id='block_1_58' title="bbox 195 4665 1738 4739">
    <p class='ocr_par' dir='ltr' id='par_1_58' title="bbox 195 4665 1738 4739">
     <span class='ocr_line' id='line_1_58' title="bbox 195 4665 1738 4739; baseline 0.003 -21"><span class='ocrx_word' id='word_1_584' title='bbox 195 4665 450 4734; x_wconf 81' lang='grc' dir='ltr'>χάνοντας,</span> <span class='ocrx_word' id='word_1_585' title='bbox 475 4668 584 4719; x_wconf 81' lang='grc' dir='ltr'><strong>τῶν</strong></span> <span class='ocrx_word' id='word_1_586' title='bbox 613 4667 815 4739; x_wconf 72' lang='grc' dir='ltr'>σφόδρα</span> <span class='ocrx_word' id='word_1_587' title='bbox 837 4669 1278 4737; x_wconf 81' lang='grc' dir='ltr'>ἀναγκαιοτάτων</span> <span class='ocrx_word' id='word_1_588' title='bbox 1306 4672 1421 4724; x_wconf 77' lang='grc' dir='ltr'>ἐστὶ</span> <span class='ocrx_word' id='word_1_589' title='bbox 1449 4670 1738 4725; x_wconf 78' lang='grc' dir='ltr'>διαλαϐεῖν·</span> 
     </span>
    </p>
   </div>
   <div class='ocr_carea' id='block_1_59' title="bbox 197 4756 1743 4832">
    <p class='ocr_par' dir='ltr' id='par_1_59' title="bbox 197 4756 1743 4832">
     <span class='ocr_line' id='line_1_59' title="bbox 197 4756 1743 4832; baseline 0.003 -25"><span class='ocrx_word' id='word_1_590' title='bbox 197 4756 247 4807; x_wconf 71' lang='grc' dir='ltr'><strong>οὐ</strong></span> <span class='ocrx_word' id='word_1_591' title='bbox 270 4758 416 4827; x_wconf 77' lang='grc' dir='ltr'>μόνον</span> <span class='ocrx_word' id='word_1_592' title='bbox 447 4758 614 4812; x_wconf 77' lang='grc' dir='ltr'>ἐθνῶν</span> <span class='ocrx_word' id='word_1_593' title='bbox 637 4758 743 4811; x_wconf 82' lang='grc' dir='ltr'><strong>τῶν</strong></span> <span class='ocrx_word' id='word_1_594' title='bbox 776 4759 876 4829; x_wconf 74' lang='grc' dir='ltr'><strong>τῆς</strong></span> <span class='ocrx_word' id='word_1_595' title='bbox 905 4759 1138 4830; x_wconf 80' lang='grc' dir='ltr'>Χριστοῦ</span> <span class='ocrx_word' id='word_1_596' title='bbox 1173 4760 1406 4824; x_wconf 81' lang='grc' dir='ltr'>πίστεως</span> <span class='ocrx_word' id='word_1_597' title='bbox 1451 4759 1743 4832; x_wconf 68' lang='grc' dir='ltr'>ἀλλοτρίων</span> 
     </span>
    </p>
   </div>
   <div class='ocr_carea' id='block_1_60' title="bbox 202 4848 1740 4924">
    <p class='ocr_par' dir='ltr' id='par_1_60' title="bbox 202 4848 1740 4924">
     <span class='ocr_line' id='line_1_60' title="bbox 202 4848 1740 4924; baseline 0.004 -25"><span class='ocrx_word' id='word_1_598' title='bbox 202 4848 554 4921; x_wconf 65' lang='grc' dir='ltr'>σφαλλομένων</span> <span class='ocrx_word' id='word_1_599' title='bbox 585 4853 664 4913; x_wconf 83' lang='grc' dir='ltr'><strong>εἰς</strong></span> <span class='ocrx_word' id='word_1_600' title='bbox 695 4851 784 4903; x_wconf 71' lang='grc' dir='ltr'><strong>τὴν</strong></span> <span class='ocrx_word' id='word_1_601' title='bbox 811 4851 936 4922; x_wconf 67' lang='grc' dir='ltr'>περὶ</span> <span class='ocrx_word' id='word_1_602' title='bbox 960 4853 1058 4923; x_wconf 80' lang='grc' dir='ltr'><strong>τῆς</strong></span> <span class='ocrx_word' id='word_1_603' title='bbox 1091 4851 1431 4924; x_wconf 76' lang='grc' dir='ltr'>εἱμαρμένης</span> <span class='ocrx_word' id='word_1_604' title='bbox 1459 4853 1641 4916; x_wconf 88' lang='grc' dir='ltr'>τόπον,</span> <span class='ocrx_word' id='word_1_605' title='bbox 1679 4855 1740 4922; x_wconf 81' lang='grc' dir='ltr'>τῇ</span> 
     </span>
    </p>
   </div>
   <div class='ocr_carea' id='block_1_61' title="bbox 196 4939 1740 5028">
    <p class='ocr_par' dir='ltr' id='par_1_61' title="bbox 196 4939 1740 5028">
     <span class='ocr_line' id='line_1_61' title="bbox 196 4939 1740 5028; baseline 0.003 -37"><span class='ocrx_word' id='word_1_606' title='bbox 196 4939 287 4992; x_wconf 80' lang='grc' dir='ltr'><strong>τῶν</strong></span> <span class='ocrx_word' id='word_1_607' title='bbox 308 4943 650 5014; x_wconf 77' lang='grc' dir='ltr'>καλουμένων</span> <span class='ocrx_word' id='word_1_608' title='bbox 683 4944 1044 5028; x_wconf 70' lang='grc' dir='ltr'>πλανωμένων</span> <span class='ocrx_word' id='word_1_609' title='bbox 1077 4945 1318 5016; x_wconf 79' lang='grc' dir='ltr'>ἀστέρων</span> <span class='ocrx_word' id='word_1_610' title='bbox 1363 4944 1585 5016; x_wconf 81' lang='grc' dir='ltr'>ἐπιλογῇ</span> <span class='ocrx_word' id='word_1_611' title='bbox 1631 4946 1740 5016; x_wconf 78' lang='lat' dir='ltr'><strong>(lii)</strong></span> 
     </span>
    </p>
   </div>
   <div class='ocr_carea' id='block_1_62' title="bbox 197 5031 1740 5107">
    <p class='ocr_par' dir='ltr' id='par_1_62' title="bbox 197 5031 1740 5107">
     <span class='ocr_line' id='line_1_62' title="bbox 197 5031 1740 5107; baseline 0.005 -26"><span class='ocrx_word' id='word_1_612' title='bbox 197 5031 312 5103; x_wconf 72' lang='grc' dir='ltr'>πρὸς</span> <span class='ocrx_word' id='word_1_613' title='bbox 341 5035 468 5097; x_wconf 69' lang='grc' dir='ltr'>τοὺς</span> <span class='ocrx_word' id='word_1_614' title='bbox 500 5036 557 5090; x_wconf 80' lang='grc' dir='ltr'><strong>ὲν</strong></span> <span class='ocrx_word' id='word_1_615' title='bbox 599 5034 678 5105; x_wconf 79' lang='grc' dir='ltr'><strong>τῷ</strong></span> <span class='ocrx_word' id='word_1_616' title='bbox 719 5034 966 5104; x_wconf 77' lang='grc' dir='ltr'>ζωδιακῷ</span> <span class='ocrx_word' id='word_1_617' title='bbox 1000 5035 1217 5088; x_wconf 76' lang='grc' dir='ltr'>πάντων</span> <span class='ocrx_word' id='word_1_618' title='bbox 1250 5037 1428 5100; x_wconf 75' lang='grc' dir='ltr'>αὐτοῖς</span> <span class='ocrx_word' id='word_1_619' title='bbox 1455 5035 1740 5107; x_wconf 78' lang='grc' dir='ltr'>νομιζομέ-</span> 
     </span>
    </p>
   </div>
   <div class='ocr_carea' id='block_1_63' title="bbox 195 5126 1742 5200">
    <p class='ocr_par' dir='ltr' id='par_1_63' title="bbox 195 5126 1742 5200">
     <span class='ocr_line' id='line_1_63' title="bbox 195 5126 1742 5200; baseline 0.004 -25"><span class='ocrx_word' id='word_1_620' title='bbox 195 5139 283 5176; x_wconf 84' lang='grc' dir='ltr'><strong>νων</strong></span> <span class='ocrx_word' id='word_1_621' title='bbox 303 5126 613 5197; x_wconf 75' lang='grc' dir='ltr'>συμϐαίνειν</span> <span class='ocrx_word' id='word_1_622' title='bbox 642 5127 749 5179; x_wconf 84' lang='grc' dir='ltr'><strong>τῶν</strong></span> <span class='ocrx_word' id='word_1_623' title='bbox 778 5127 870 5179; x_wconf 70' lang='grc' dir='ltr'>ἐπὶ</span> <span class='ocrx_word' id='word_1_624' title='bbox 895 5128 992 5198; x_wconf 78' lang='grc' dir='ltr'><strong>τῆς</strong></span> <span class='ocrx_word' id='word_1_625' title='bbox 1023 5127 1146 5197; x_wconf 76' lang='grc' dir='ltr'><strong>γῆς,</strong></span> <span class='ocrx_word' id='word_1_626' title='bbox 1181 5128 1272 5180; x_wconf 71' lang='grc' dir='ltr'><strong>καὶ</strong></span> <span class='ocrx_word' id='word_1_627' title='bbox 1311 5129 1417 5181; x_wconf 83' lang='grc' dir='ltr'><strong>τῶν</strong></span> <span class='ocrx_word' id='word_1_628' title='bbox 1451 5127 1580 5200; x_wconf 69' lang='grc' dir='ltr'>περὶ</span> <span class='ocrx_word' id='word_1_629' title='bbox 1613 5128 1742 5181; x_wconf 68' lang='lat' dir='ltr'><strong>Ex:-</strong></span> 
     </span>
    </p>
   </div>
   <div class='ocr_carea' id='block_1_64' title="bbox 198 5215 1740 5288">
    <p class='ocr_par' dir='ltr' id='par_1_64' title="bbox 198 5215 1740 5288">
     <span class='ocr_line' id='line_1_64' title="bbox 198 5215 1740 5288; baseline 0.002 -23"><span class='ocrx_word' id='word_1_630' title='bbox 198 5228 300 5266; x_wconf 86' lang='grc' dir='ltr'>στον</span> <span class='ocrx_word' id='word_1_631' title='bbox 320 5216 637 5288; x_wconf 82' lang='grc' dir='ltr'>ἀνθρώπων,</span> <span class='ocrx_word' id='word_1_632' title='bbox 667 5216 805 5286; x_wconf 74' lang='grc' dir='ltr'>τάχα</span> <span class='ocrx_word' id='word_1_633' title='bbox 825 5216 880 5274; x_wconf 76' lang='grc' dir='ltr'><strong>δὲ</strong></span> <span class='ocrx_word' id='word_1_634' title='bbox 906 5216 1000 5268; x_wconf 75' lang='grc' dir='ltr'><strong>καὶ</strong></span> <span class='ocrx_word' id='word_1_635' title='bbox 1031 5215 1237 5284; x_wconf 76' lang='grc' dir='ltr'>ἀλόγων</span> <span class='ocrx_word' id='word_1_636' title='bbox 1271 5215 1421 5281; x_wconf 78' lang='grc' dir='ltr'>ζώων</span> <span class='ocrx_word' id='word_1_637' title='bbox 1441 5234 1454 5247; x_wconf 77' lang='grc'><strong><em>⁸</em></strong></span> <span class='ocrx_word' id='word_1_638' title='bbox 1474 5215 1608 5270; x_wconf 78' lang='grc' dir='ltr'>ἀλλὰ</span> <span class='ocrx_word' id='word_1_639' title='bbox 1632 5215 1740 5284; x_wconf 79' lang='grc' dir='ltr'>γὰρ</span> 
     </span>
    </p>
   </div>
   <div class='ocr_carea' id='block_1_65' title="bbox 197 5305 1740 5379">
    <p class='ocr_par' dir='ltr' id='par_1_65' title="bbox 197 5305 1740 5379">
     <span class='ocr_line' id='line_1_65' title="bbox 197 5305 1740 5379; baseline 0.002 -22"><span class='ocrx_word' id='word_1_640' title='bbox 197 5305 274 5358; x_wconf 72' lang='grc' dir='ltr'><strong>καὶ</strong></span> <span class='ocrx_word' id='word_1_641' title='bbox 325 5308 528 5361; x_wconf 82' lang='grc' dir='ltr'>πολλῶν</span> <span class='ocrx_word' id='word_1_642' title='bbox 577 5308 684 5360; x_wconf 86' lang='grc' dir='ltr'><strong>τῶν</strong></span> <span class='ocrx_word' id='word_1_643' title='bbox 737 5306 1156 5360; x_wconf 79' lang='grc' dir='ltr'>πεπιστευκέναι</span> <span class='ocrx_word' id='word_1_644' title='bbox 1211 5308 1740 5379; x_wconf 76' lang='grc' dir='ltr'>ὑπολαμϐανομένων</span> 
     </span>
    </p>
   </div>
   <div class='ocr_carea' id='block_1_66' title="bbox 200 5399 1740 5474">
    <p class='ocr_par' dir='ltr' id='par_1_66' title="bbox 200 5399 1740 5474">
     <span class='ocr_line' id='line_1_66' title="bbox 200 5399 1740 5474; baseline -0.001 -22"><span class='ocrx_word' id='word_1_645' title='bbox 200 5402 627 5471; x_wconf 78' lang='grc' dir='ltr'>περισπωμένων,</span> <span class='ocrx_word' id='word_1_646' title='bbox 679 5403 754 5472; x_wconf 83' lang='grc' dir='ltr'>μὴ</span> <span class='ocrx_word' id='word_1_647' title='bbox 804 5404 911 5472; x_wconf 83' lang='grc' dir='ltr'>ἄρα</span> <span class='ocrx_word' id='word_1_648' title='bbox 950 5406 1288 5474; x_wconf 65' lang='grc' dir='ltr'>ἠνάγκασται</span> <span class='ocrx_word' id='word_1_649' title='bbox 1341 5402 1408 5454; x_wconf 70' lang='grc' dir='ltr'>τὰ</span> <span class='ocrx_word' id='word_1_650' title='bbox 1440 5399 1740 5472; x_wconf 78' lang='grc' dir='ltr'>ἀνθρώπων</span> 
     </span>
    </p>
   </div>
   <div class='ocr_carea' id='block_1_67' title="bbox 196 5492 1740 5566">
    <p class='ocr_par' dir='ltr' id='par_1_67' title="bbox 196 5492 1740 5566">
     <span class='ocr_line' id='line_1_67' title="bbox 196 5492 1740 5566; baseline -0.004 -18"><span class='ocrx_word' id='word_1_651' title='bbox 196 5492 494 5564; x_wconf 77' lang='grc' dir='ltr'>πράγματα,</span> <span class='ocrx_word' id='word_1_652' title='bbox 527 5495 620 5548; x_wconf 77' lang='grc' dir='ltr'><strong>καὶ</strong></span> <span class='ocrx_word' id='word_1_653' title='bbox 655 5496 934 5566; x_wconf 77' lang='grc' dir='ltr'>ἀμήχανον</span> <span class='ocrx_word' id='word_1_654' title='bbox 981 5496 1154 5558; x_wconf 80' lang='grc' dir='ltr'>ἄλλως</span> <span class='ocrx_word' id='word_1_655' title='bbox 1181 5493 1465 5563; x_wconf 79' lang='grc' dir='ltr'>γενέσθαι,</span> <span class='ocrx_word' id='word_1_656' title='bbox 1510 5493 1544 5562; x_wconf 82' lang='grc' dir='ltr'><strong>ἢ</strong></span> <span class='ocrx_word' id='word_1_657' title='bbox 1589 5492 1664 5555; x_wconf 84' lang='grc' dir='ltr'><strong>ὡς</strong></span> <span class='ocrx_word' id='word_1_658' title='bbox 1691 5493 1740 5543; x_wconf 79' lang='grc' dir='ltr'>οἱ</span> 
     </span>
    </p>
   </div>
   <div class='ocr_carea' id='block_1_68' title="bbox 249 5607 1242 5680">
    <p class='ocr_par' dir='ltr' id='par_1_68' title="bbox 249 5607 1242 5680">
     <span class='ocr_line' id='line_1_68' title="bbox 249 5607 1242 5680; baseline 0.006 -22"><span class='ocrx_word' id='word_1_659' title='bbox 249 5615 272 5644; x_wconf 78' lang='grc' dir='ltr'><strong>ι</strong></span> <span class='ocrx_word' id='word_1_660' title='bbox 333 5607 418 5661; x_wconf 66' lang='lat' dir='ltr'><strong>Io‘.</strong></span> <span class='ocrx_word' id='word_1_661' title='bbox 447 5607 670 5662; x_wconf 81' lang='grc' dir='ltr'>τούτων.</span> <span class='ocrx_word' id='word_1_662' title='bbox 743 5607 771 5647; x_wconf 71' lang='grc' dir='ltr'><strong>ι)</strong></span> <span class='ocrx_word' id='word_1_663' title='bbox 798 5610 881 5664; x_wconf 84' lang='grc' dir='ltr'><strong>ἷσ.</strong></span> <span class='ocrx_word' id='word_1_664' title='bbox 915 5609 1242 5680; x_wconf 78' lang='grc' dir='ltr'>βασκαίνεις.</span> 
     </span>
    </p>
   </div>
   <div class='ocr_carea' id='block_1_69' title="bbox 2448 4113 2816 4169">
    <p class='ocr_par' dir='ltr' id='par_1_69' title="bbox 2448 4113 2816 4169">
     <span class='ocr_line' id='line_1_69' title="bbox 2448 4113 2816 4169; baseline 0 0"><span class='ocrx_word' id='word_1_665' title='bbox 2448 4113 2674 4169; x_wconf 79' lang='lat' dir='ltr'><strong>CAPUT</strong></span> <span class='ocrx_word' id='word_1_666' title='bbox 2724 4113 2816 4169; x_wconf 74' lang='lat' dir='ltr'><strong>XI.</strong></span> 
     </span>
    </p>
   </div>
   <div class='ocr_carea' id='block_1_70' title="bbox 1848 4229 3418 4302">
    <p class='ocr_par' dir='ltr' id='par_1_70' title="bbox 1848 4229 3418 4302">
     <span class='ocr_line' id='line_1_70' title="bbox 1848 4229 3418 4302; baseline -0.004 -14"><span class='ocrx_word' id='word_1_667' title='bbox 1848 4234 2162 4288; x_wconf 78' lang='lat' dir='ltr'><strong>Divinarum</strong></span> <span class='ocrx_word' id='word_1_668' title='bbox 2230 4247 2431 4302; x_wconf 82' lang='lat' dir='ltr'><strong>quoque</strong></span> <span class='ocrx_word' id='word_1_669' title='bbox 2496 4229 2898 4299; x_wconf 84' lang='lat' dir='ltr'><strong>Scripturarum</strong></span> <span class='ocrx_word' id='word_1_670' title='bbox 2970 4229 3418 4302; x_wconf 68' lang='lat' dir='ltr'><strong>attctorit_ate_ac</strong></span> 
     </span>
    </p>
   </div>
   <div class='ocr_carea' id='block_1_71' title="bbox 1918 4298 3418 4370">
    <p class='ocr_par' dir='ltr' id='par_1_71' title="bbox 1918 4298 3418 4370">
     <span class='ocr_line' id='line_1_71' title="bbox 1918 4298 3418 4370; baseline -0.005 -12"><span class='ocrx_word' id='word_1_671' title='bbox 1918 4298 2370 4370; x_wconf 45' lang='lat' dir='ltr'><strong>testimonio&#39;fati</strong></span> <span class='ocrx_word' id='word_1_672' title='bbox 2440 4303 2541 4354; x_wconf 77' lang='lat' dir='ltr'><strong>vim</strong></span> <span class='ocrx_word' id='word_1_673' title='bbox 2598 4298 2800 4354; x_wconf 75' lang='lat' dir='ltr'><strong>munem</strong></span> <span class='ocrx_word' id='word_1_674' title='bbox 2859 4301 3103 4367; x_wconf 75' lang='lat' dir='ltr'><strong>refutari.</strong></span> <span class='ocrx_word' id='word_1_675' title='bbox 3166 4299 3248 4351; x_wconf 80' lang='lat' dir='ltr'><strong>Ea:</strong></span> <span class='ocrx_word' id='word_1_676' title='bbox 3295 4298 3418 4354; x_wconf 81' lang='lat' dir='ltr'><strong>Ori-</strong></span> 
     </span>
    </p>
   </div>
   <div class='ocr_carea' id='block_1_72' title="bbox 1913 4392 2052 4445">
    <p class='ocr_par' dir='ltr' id='par_1_72' title="bbox 1913 4392 2052 4445">
     <span class='ocr_line' id='line_1_72' title="bbox 1913 4392 2052 4445; baseline 0 -18"><span class='ocrx_word' id='word_1_677' title='bbox 1913 4392 2052 4445; x_wconf 44' lang='lat' dir='ltr'><strong>gene.</strong></span> 
     </span>
    </p>
   </div>
   <div class='ocr_carea' id='block_1_73' title="bbox 1923 4480 3416 4549">
    <p class='ocr_par' dir='ltr' id='par_1_73' title="bbox 1923 4480 3416 4549">
     <span class='ocr_line' id='line_1_73' title="bbox 1923 4480 3416 4549; baseline 0.001 -17"><span class='ocrx_word' id='word_1_678' title='bbox 1923 4500 1940 4532; x_wconf 76' lang='grc' dir='ltr'><strong>ι</strong></span> <span class='ocrx_word' id='word_1_679' title='bbox 1976 4481 2129 4549; x_wconf 85' lang='lat' dir='ltr'><strong>Quod</strong></span> <span class='ocrx_word' id='word_1_680' title='bbox 2152 4483 2240 4537; x_wconf 87' lang='lat' dir='ltr'><strong>hic</strong></span> <span class='ocrx_word' id='word_1_681' title='bbox 2276 4483 2524 4545; x_wconf 80' lang='lat' dir='ltr'><strong>habetur,</strong></span> <span class='ocrx_word' id='word_1_682' title='bbox 2553 4481 2751 4549; x_wconf 88' lang='lat' dir='ltr'><strong>inquit,</strong></span> <span class='ocrx_word' id='word_1_683' title='bbox 2785 4480 3096 4543; x_wconf 79' lang='lat' dir='ltr'><strong>luminaria,</strong></span> <span class='ocrx_word' id='word_1_684' title='bbox 3131 4495 3252 4548; x_wconf 76' lang='lat' dir='ltr'><strong>quze</strong></span> <span class='ocrx_word' id='word_1_685' title='bbox 3285 4494 3416 4533; x_wconf 85' lang='lat' dir='ltr'><strong>sane</strong></span> 
     </span>
    </p>
   </div>
   <div class='ocr_carea' id='block_1_74' title="bbox 1848 4571 3414 4644">
    <p class='ocr_par' dir='ltr' id='par_1_74' title="bbox 1848 4571 3414 4644">
     <span class='ocr_line' id='line_1_74' title="bbox 1848 4571 3414 4644; baseline -0.001 -18"><span class='ocrx_word' id='word_1_686' title='bbox 1848 4574 1952 4628; x_wconf 90' lang='lat' dir='ltr'><strong>alia</strong></span> <span class='ocrx_word' id='word_1_687' title='bbox 1988 4590 2094 4628; x_wconf 90' lang='lat' dir='ltr'><strong>non</strong></span> <span class='ocrx_word' id='word_1_688' title='bbox 2151 4585 2298 4637; x_wconf 91' lang='lat' dir='ltr'><strong>sunt,</strong></span> <span class='ocrx_word' id='word_1_689' title='bbox 2331 4590 2494 4644; x_wconf 89' lang='lat' dir='ltr'><strong>quam</strong></span> <span class='ocrx_word' id='word_1_690' title='bbox 2529 4574 2634 4635; x_wconf 87' lang='lat' dir='ltr'><strong>sol,</strong></span> <span class='ocrx_word' id='word_1_691' title='bbox 2670 4573 2798 4626; x_wconf 90' lang='lat' dir='ltr'><strong>luna</strong></span> <span class='ocrx_word' id='word_1_692' title='bbox 2857 4583 3162 4641; x_wconf 78' lang='lat' dir='ltr'><strong>czrteraque</strong></span> <span class='ocrx_word' id='word_1_693' title='bbox 3216 4571 3414 4637; x_wconf 90' lang='lat' dir='ltr'><strong>sidera,</strong></span> 
     </span>
    </p>
   </div>
   <div class='ocr_carea' id='block_1_75' title="bbox 1849 4665 3418 4736">
    <p class='ocr_par' dir='ltr' id='par_1_75' title="bbox 1849 4665 3418 4736">
     <span class='ocr_line' id='line_1_75' title="bbox 1849 4665 3418 4736; baseline 0 -18"><span class='ocrx_word' id='word_1_694' title='bbox 1849 4675 2102 4736; x_wconf 88' lang='lat' dir='ltr'><strong>tanquam</strong></span> <span class='ocrx_word' id='word_1_695' title='bbox 2135 4668 2288 4736; x_wconf 84' lang='lat' dir='ltr'><strong>signa</strong></span> <span class='ocrx_word' id='word_1_696' title='bbox 2320 4667 2566 4736; x_wconf 77' lang='lat' dir='ltr'><strong>quaedam</strong></span> <span class='ocrx_word' id='word_1_697' title='bbox 2601 4681 2722 4720; x_wconf 87' lang='lat' dir='ltr'><strong>esse</strong></span> <span class='ocrx_word' id='word_1_698' title='bbox 2754 4665 3046 4729; x_wconf 71' lang='lat' dir='ltr'><strong>consﬁtuta</strong></span> <span class='ocrx_word' id='word_1_699' title='bbox 3081 4703 3094 4726; x_wconf 93' lang='lat'><strong>,</strong></span> <span class='ocrx_word' id='word_1_700' title='bbox 3121 4665 3170 4717; x_wconf 90' lang='lat' dir='ltr'><strong>id</strong></span> <span class='ocrx_word' id='word_1_701' title='bbox 3198 4680 3326 4718; x_wconf 92' lang='lat' dir='ltr'><strong>vero</strong></span> <span class='ocrx_word' id='word_1_702' title='bbox 3361 4673 3418 4718; x_wconf 87' lang='lat' dir='ltr'><strong>ut</strong></span> 
     </span>
    </p>
   </div>
   <div class='ocr_carea' id='block_1_76' title="bbox 1846 4755 3417 4829">
    <p class='ocr_par' dir='ltr' id='par_1_76' title="bbox 1846 4755 3417 4829">
     <span class='ocr_line' id='line_1_76' title="bbox 1846 4755 3417 4829; baseline 0 -17"><span class='ocrx_word' id='word_1_703' title='bbox 1846 4759 2130 4828; x_wconf 83' lang='lat' dir='ltr'><strong>diligenter</strong></span> <span class='ocrx_word' id='word_1_704' title='bbox 2151 4760 2469 4829; x_wconf 81' lang='lat' dir='ltr'><strong>explicetur,</strong></span> <span class='ocrx_word' id='word_1_705' title='bbox 2489 4760 2538 4812; x_wconf 91' lang='lat' dir='ltr'><strong>iu</strong></span> <span class='ocrx_word' id='word_1_706' title='bbox 2570 4759 2760 4828; x_wconf 85' lang='lat' dir='ltr'><strong>primis</strong></span> <span class='ocrx_word' id='word_1_707' title='bbox 2790 4759 3156 4812; x_wconf 90' lang='lat' dir='ltr'><strong>necessarium</strong></span> <span class='ocrx_word' id='word_1_708' title='bbox 3183 4767 3283 4812; x_wconf 90' lang='lat' dir='ltr'><strong>est.</strong></span> <span class='ocrx_word' id='word_1_709' title='bbox 3307 4755 3417 4812; x_wconf 77' lang='lat' dir='ltr'><strong>Nec</strong></span> 
     </span>
    </p>
   </div>
   <div class='ocr_carea' id='block_1_77' title="bbox 1846 4848 3416 4919">
    <p class='ocr_par' dir='ltr' id='par_1_77' title="bbox 1846 4848 3416 4919">
     <span class='ocr_line' id='line_1_77' title="bbox 1846 4848 3416 4919; baseline 0.001 -18"><span class='ocrx_word' id='word_1_710' title='bbox 1846 4849 1990 4902; x_wconf 89' lang='lat' dir='ltr'><strong>enim</strong></span> <span class='ocrx_word' id='word_1_711' title='bbox 2021 4859 2205 4919; x_wconf 87' lang='lat' dir='ltr'><strong>gentes</strong></span> <span class='ocrx_word' id='word_1_712' title='bbox 2251 4851 2355 4904; x_wconf 66' lang='lat' dir='ltr'><strong>illa:</strong></span> <span class='ocrx_word' id='word_1_713' title='bbox 2389 4851 2582 4912; x_wconf 90' lang='lat' dir='ltr'><strong>modo,</strong></span> <span class='ocrx_word' id='word_1_714' title='bbox 2618 4865 2736 4918; x_wconf 62' lang='lat' dir='ltr'><strong>quae</strong></span> <span class='ocrx_word' id='word_1_715' title='bbox 2761 4863 2789 4900; x_wconf 90' lang='lat' dir='ltr'><strong>a</strong></span> <span class='ocrx_word' id='word_1_716' title='bbox 2822 4849 3022 4902; x_wconf 83' lang='lat' dir='ltr'><strong>Christi</strong></span> <span class='ocrx_word' id='word_1_717' title='bbox 3071 4848 3176 4902; x_wconf 83' lang='lat' dir='ltr'><strong>ﬁde</strong></span> <span class='ocrx_word' id='word_1_718' title='bbox 3227 4849 3416 4903; x_wconf 66' lang='lat' dir='ltr'><strong>alienae</strong></span> 
     </span>
    </p>
   </div>
   <div class='ocr_carea' id='block_1_78' title="bbox 1847 4939 3414 5012">
    <p class='ocr_par' dir='ltr' id='par_1_78' title="bbox 1847 4939 3414 5012">
     <span class='ocr_line' id='line_1_78' title="bbox 1847 4939 3414 5012; baseline -0.001 -17"><span class='ocrx_word' id='word_1_719' title='bbox 1847 4951 1997 5007; x_wconf 90' lang='lat' dir='ltr'><strong>sunt,</strong></span> <span class='ocrx_word' id='word_1_720' title='bbox 2030 4943 2094 4996; x_wconf 91' lang='lat' dir='ltr'><strong>ad</strong></span> <span class='ocrx_word' id='word_1_721' title='bbox 2119 4959 2262 5005; x_wconf 88' lang='lat' dir='ltr'><strong>eum,</strong></span> <span class='ocrx_word' id='word_1_722' title='bbox 2294 4944 2382 5012; x_wconf 90' lang='lat' dir='ltr'><strong>qui</strong></span> <span class='ocrx_word' id='word_1_723' title='bbox 2409 4943 2473 4995; x_wconf 86' lang='lat' dir='ltr'><strong>de</strong></span> <span class='ocrx_word' id='word_1_724' title='bbox 2504 4942 2612 4995; x_wconf 78' lang='lat' dir='ltr'><strong>fato</strong></span> <span class='ocrx_word' id='word_1_725' title='bbox 2641 4942 2962 5001; x_wconf 74' lang='lat' dir='ltr'><strong>instituitur,</strong></span> <span class='ocrx_word' id='word_1_726' title='bbox 3037 4943 3212 4995; x_wconf 90' lang='lat' dir='ltr'><strong>locum</strong></span> <span class='ocrx_word' id='word_1_727' title='bbox 3240 4939 3414 4994; x_wconf 70' lang='lat' dir='ltr'><strong>oﬂ‘en—</strong></span> 
     </span>
    </p>
   </div>
   <div class='ocr_carea' id='block_1_79' title="bbox 1847 5032 3417 5102">
    <p class='ocr_par' dir='ltr' id='par_1_79' title="bbox 1847 5032 3417 5102">
     <span class='ocr_line' id='line_1_79' title="bbox 1847 5032 3417 5102; baseline 0 -16"><span class='ocrx_word' id='word_1_728' title='bbox 1847 5032 2004 5096; x_wconf 93' lang='lat' dir='ltr'><strong>dunt,</strong></span> <span class='ocrx_word' id='word_1_729' title='bbox 2053 5035 2198 5102; x_wconf 89' lang='lat' dir='ltr'><strong>quod</strong></span> <span class='ocrx_word' id='word_1_730' title='bbox 2235 5049 2353 5102; x_wconf 68' lang='lat' dir='ltr'><strong>quae</strong></span> <span class='ocrx_word' id='word_1_731' title='bbox 2387 5033 2438 5086; x_wconf 94' lang='lat' dir='ltr'><strong>in</strong></span> <span class='ocrx_word' id='word_1_732' title='bbox 2472 5035 2630 5087; x_wconf 87' lang='lat' dir='ltr'><strong>terris</strong></span> <span class='ocrx_word' id='word_1_733' title='bbox 2662 5033 2919 5086; x_wconf 88' lang='lat' dir='ltr'><strong>eveniunt</strong></span> <span class='ocrx_word' id='word_1_734' title='bbox 2953 5032 3156 5096; x_wconf 89' lang='lat' dir='ltr'><strong>omnia,</strong></span> <span class='ocrx_word' id='word_1_735' title='bbox 3189 5045 3417 5100; x_wconf 63' lang='lat' dir='ltr'><strong>qumque</strong></span> 
     </span>
    </p>
   </div>
   <div class='ocr_carea' id='block_1_80' title="bbox 1851 5123 3417 5194">
    <p class='ocr_par' dir='ltr' id='par_1_80' title="bbox 1851 5123 3417 5194">
     <span class='ocr_line' id='line_1_80' title="bbox 1851 5123 3417 5194; baseline 0 -17"><span class='ocrx_word' id='word_1_736' title='bbox 1851 5123 2093 5194; x_wconf 89' lang='lat' dir='ltr'><strong>singulos</strong></span> <span class='ocrx_word' id='word_1_737' title='bbox 2134 5125 2199 5178; x_wconf 89' lang='lat' dir='ltr'><strong>ad</strong></span> <span class='ocrx_word' id='word_1_738' title='bbox 2250 5125 2535 5185; x_wconf 87' lang='lat' dir='ltr'><strong>homines,</strong></span> <span class='ocrx_word' id='word_1_739' title='bbox 2594 5125 2704 5177; x_wconf 91' lang='lat' dir='ltr'><strong>imo</strong></span> <span class='ocrx_word' id='word_1_740' title='bbox 2752 5140 2872 5192; x_wconf 73' lang='lat' dir='ltr'><strong>qua:</strong></span> <span class='ocrx_word' id='word_1_741' title='bbox 2927 5123 2992 5176; x_wconf 86' lang='lat' dir='ltr'><strong>ad</strong></span> <span class='ocrx_word' id='word_1_742' title='bbox 3039 5124 3224 5177; x_wconf 83' lang='lat' dir='ltr'><strong>brutas</strong></span> <span class='ocrx_word' id='word_1_743' title='bbox 3276 5138 3417 5192; x_wconf 90' lang='lat' dir='ltr'><strong>quo-</strong></span> 
     </span>
    </p>
   </div>
   <div class='ocr_carea' id='block_1_81' title="bbox 1847 5215 3413 5285">
    <p class='ocr_par' dir='ltr' id='par_1_81' title="bbox 1847 5215 3413 5285">
     <span class='ocr_line' id='line_1_81' title="bbox 1847 5215 3413 5285; baseline 0 -17"><span class='ocrx_word' id='word_1_744' title='bbox 1847 5232 1952 5285; x_wconf 78' lang='lat' dir='ltr'><strong>que</strong></span> <span class='ocrx_word' id='word_1_745' title='bbox 2013 5216 2261 5271; x_wconf 77' lang='lat' dir='ltr'><strong>fortassis</strong></span> <span class='ocrx_word' id='word_1_746' title='bbox 2303 5218 2604 5271; x_wconf 86' lang='lat' dir='ltr'><strong>animantes</strong></span> <span class='ocrx_word' id='word_1_747' title='bbox 2645 5217 2951 5285; x_wconf 87' lang='lat' dir='ltr'><strong>pertinent,</strong></span> <span class='ocrx_word' id='word_1_748' title='bbox 2997 5232 3059 5269; x_wconf 88' lang='lat' dir='ltr'><strong>ca</strong></span> <span class='ocrx_word' id='word_1_749' title='bbox 3115 5215 3413 5277; x_wconf 84' lang='lat' dir='ltr'><strong>stellarum,</strong></span> 
     </span>
    </p>
   </div>
   <div class='ocr_carea' id='block_1_82' title="bbox 1847 5307 3412 5386">
    <p class='ocr_par' dir='ltr' id='par_1_82' title="bbox 1847 5307 3412 5386">
     <span class='ocr_line' id='line_1_82' title="bbox 1847 5307 3412 5386; baseline -0.001 -25"><span class='ocrx_word' id='word_1_750' title='bbox 1847 5324 1982 5378; x_wconf 89' lang='lat' dir='ltr'><strong>quas</strong></span> <span class='ocrx_word' id='word_1_751' title='bbox 2017 5319 2264 5364; x_wconf 83' lang='lat' dir='ltr'><strong>errantes</strong></span> <span class='ocrx_word' id='word_1_752' title='bbox 2289 5321 2504 5371; x_wconf 83' lang='lat' dir='ltr'><strong>vocant,</strong></span> <span class='ocrx_word' id='word_1_753' title='bbox 2532 5325 2680 5386; x_wconf 87' lang='lat' dir='ltr'><strong>_cum</strong></span> <span class='ocrx_word' id='word_1_754' title='bbox 2727 5309 2814 5370; x_wconf 90' lang='lat' dir='ltr'><strong>iis,</strong></span> <span class='ocrx_word' id='word_1_755' title='bbox 2869 5323 2989 5379; x_wconf 69' lang='lat' dir='ltr'><strong>qua:</strong></span> <span class='ocrx_word' id='word_1_756' title='bbox 3017 5308 3085 5362; x_wconf 90' lang='lat' dir='ltr'><strong>ad</strong></span> <span class='ocrx_word' id='word_1_757' title='bbox 3131 5307 3412 5362; x_wconf 88' lang='lat' dir='ltr'><strong>zodiacum</strong></span> 
     </span>
    </p>
   </div>
   <div class='ocr_carea' id='block_1_83' title="bbox 1847 5401 3416 5469">
    <p class='ocr_par' dir='ltr' id='par_1_83' title="bbox 1847 5401 3416 5469">
     <span class='ocr_line' id='line_1_83' title="bbox 1847 5401 3416 5469; baseline 0 -14"><span class='ocrx_word' id='word_1_758' title='bbox 1847 5403 2268 5467; x_wconf 65' lang='lat' dir='ltr'><strong>adhaerescunt,</strong></span> <span class='ocrx_word' id='word_1_759' title='bbox 2328 5401 2600 5456; x_wconf 83' lang='lat' dir='ltr'><strong>sideribus</strong></span> <span class='ocrx_word' id='word_1_760' title='bbox 2651 5401 3027 5469; x_wconf 84' lang='lat' dir='ltr'><strong>complexione</strong></span> <span class='ocrx_word' id='word_1_761' title='bbox 3077 5401 3310 5467; x_wconf 86' lang='lat' dir='ltr'><strong>quadam</strong></span> <span class='ocrx_word' id='word_1_762' title='bbox 3364 5410 3416 5455; x_wconf 81' lang='lat' dir='ltr'><strong>et</strong></span> 
     </span>
    </p>
   </div>
   <div class='ocr_carea' id='block_1_84' title="bbox 1848 5491 3414 5562">
    <p class='ocr_par' dir='ltr' id='par_1_84' title="bbox 1848 5491 3414 5562">
     <span class='ocr_line' id='line_1_84' title="bbox 1848 5491 3414 5562; baseline -0.001 -14"><span class='ocrx_word' id='word_1_763' title='bbox 1848 5495 2253 5562; x_wconf 87' lang='lat' dir='ltr'><strong>comparatione</strong></span> <span class='ocrx_word' id='word_1_764' title='bbox 2311 5493 2424 5548; x_wconf 81' lang='lat' dir='ltr'><strong>ﬁeri</strong></span> <span class='ocrx_word' id='word_1_765' title='bbox 2478 5493 2858 5547; x_wconf 78' lang='lat' dir='ltr'><strong>arbitremur:</strong></span> <span class='ocrx_word' id='word_1_766' title='bbox 2893 5492 2985 5546; x_wconf 88' lang='lat' dir='ltr'><strong>sed</strong></span> <span class='ocrx_word' id='word_1_767' title='bbox 3036 5507 3223 5546; x_wconf 90' lang='lat' dir='ltr'><strong>eorum</strong></span> <span class='ocrx_word' id='word_1_768' title='bbox 3251 5491 3414 5546; x_wconf 87' lang='lat' dir='ltr'><strong>etiam</strong></span> 
     </span>
    </p>
   </div>
   <div class='ocr_carea' id='block_1_85' title="bbox 254 5716 3411 5794">
    <p class='ocr_par' dir='ltr' id='par_1_85' title="bbox 254 5716 3411 5794">
     <span class='ocr_line' id='line_1_85' title="bbox 254 5716 3411 5794; baseline -0 -23"><span class='ocrx_word' id='word_1_769' title='bbox 254 5719 928 5794; x_wconf 21' lang='grc' dir='ltr'><strong>(16)-Έπιλογῇανρνιί.</strong></span> <span class='ocrx_word' id='word_1_770' title='bbox 971 5725 1192 5792; x_wconf 89' lang='lat' dir='ltr'><strong>perinde</strong></span> <span class='ocrx_word' id='word_1_771' title='bbox 1243 5740 1306 5779; x_wconf 90' lang='lat' dir='ltr'><strong>ac</strong></span> <span class='ocrx_word' id='word_1_772' title='bbox 1358 5725 1403 5777; x_wconf 90' lang='lat' dir='ltr'><strong>si</strong></span> <span class='ocrx_word' id='word_1_773' title='bbox 1465 5724 1731 5794; x_wconf 85' lang='lat' dir='ltr'><strong>legeretur</strong></span> <span class='ocrx_word' id='word_1_774' title='bbox 1790 5723 2080 5793; x_wconf 82' lang='grc' dir='ltr'>ὲπιπΑοκῇ,</span> <span class='ocrx_word' id='word_1_775' title='bbox 2122 5738 2242 5792; x_wconf 86' lang='lat' dir='ltr'><strong>quae</strong></span> <span class='ocrx_word' id='word_1_776' title='bbox 2285 5736 2390 5776; x_wconf 75' lang='lat' dir='ltr'><strong>vox</strong></span> <span class='ocrx_word' id='word_1_777' title='bbox 2440 5720 2666 5776; x_wconf 88' lang='lat' dir='ltr'><strong>habetur</strong></span> <span class='ocrx_word' id='word_1_778' title='bbox 2729 5719 2899 5788; x_wconf 85' lang='lat' dir='ltr'><strong>infra,</strong></span> <span class='ocrx_word' id='word_1_779' title='bbox 2936 5735 3055 5792; x_wconf 88' lang='lat' dir='ltr'><strong>pag.</strong></span> <span class='ocrx_word' id='word_1_780' title='bbox 3099 5719 3225 5785; x_wconf 69' lang='lat'><strong>283,</strong></span> <span class='ocrx_word' id='word_1_781' title='bbox 3261 5716 3411 5788; x_wconf 68' lang='grc' dir='ltr'>παρὰ</span> 
     </span>
    </p>
   </div>
   <div class='ocr_carea' id='block_1_86' title="bbox 199 5785 1316 5866">
    <p class='ocr_par' dir='ltr' id='par_1_86' title="bbox 199 5785 1316 5866">
     <span class='ocr_line' id='line_1_86' title="bbox 199 5785 1316 5866; baseline 0.01 -27"><span class='ocrx_word' id='word_1_782' title='bbox 199 5785 274 5854; x_wconf 72' lang='grc' dir='ltr'>τὴν</span> <span class='ocrx_word' id='word_1_783' title='bbox 303 5785 501 5846; x_wconf 78' lang='grc' dir='ltr'>τούτων</span> <span class='ocrx_word' id='word_1_784' title='bbox 533 5785 685 5863; x_wconf 63' lang='grc' dir='ltr'>πρδξ</span> <span class='ocrx_word' id='word_1_785' title='bbox 705 5785 984 5866; x_wconf 72' lang='grc' dir='ltr'>ἀλλήλους’</span> <span class='ocrx_word' id='word_1_786' title='bbox 999 5794 1316 5865; x_wconf 77' lang='grc' dir='ltr'>ἐπιπλοκὴ-ν.</span> 
     </span>
    </p>
   </div>
  </div>
