3864 6386
586 286 690 342 479
1220 290 1489 379 EUSEBII
1528 291 2003 349 C/ESARlENSlS
2040 294 2190 349 OPP.

2230 293 2410 351 PARS
2447 294 2511 351 il.
2553 326 2623 334 ——
2660 291 3159 350 APOLOGETICA.
3682 293 3757 350 480

586 406 862 473 permulti,
895 408 987 478 qui
1020 408 1352 466 Christiana:
1409 411 1530 467 fidei
1596 422 1892 469 sectatores
1934 430 1998 469 ac
2029 431 2128 485 pro

2258 417 2485 488 ἀστέρες
2516 416 2656 470 κατά
2690 417 2815 479 τοὺς
2842 415 3131 486 διαφόρους
3161 410 3555 483 σχηματισμοὺς
3590 410 3757 462 ἐπιτέλο

580 497 811 555 fessores
846 501 1135 570 habentur,
1191 517 1467 575 anguntur
1504 505 1732 569 animis,
1784 521 1851 561 ne
1899 506 2154 562 humana:

583 606 669 644 res
698 594 832 646 adeo
863 597 1187 651 necessitate
1223 606 1533 661 teneantur,
1564 608 1621 652 ut
1648 599 1824 664 aliter,
1857 616 2020 670 quam
2055 616 2149 654 va-

581 684 695 738 rius
741 699 1012 738 astrorum
1061 688 1199 741 situs
1249 698 1302 742 et
1348 687 1865 757 collocatiojubeat,
1899 690 2012 744 ﬁeri
2044 707 2150 746 non

580 782 803 848 possint.
843 782 959 848 Qua
991 783 1206 851 quidem
1234 800 1298 839 ex
1332 785 1588 852 opinione
1614 801 1962 856 consequens
2011 788 2144 841 illud

577 880 681 929 est.
712 882 770 925 ut
801 872 1046 929 funditus
1103 875 1403 930 voluntatis
1448 885 1649 930 nostra:
1679 878 1761 932 vis
1810 877 2151 949 facultasque

581 962 818 1028 tollatur,
855 964 1123 1032 simulque
1152 967 1380 1035 proinde
1408 967 1528 1021 laus
1567 968 1747 1023 omnis
1779 985 1844 1024 ac
1875 970 2143 1040 vitupera-

579 1055 675 1121 tio,
705 1072 999 1126 rerumque
1025 1058 1104 1111 vel
1140 1060 1532 1128 approbatione
1553 1061 1838 1131 dignarum
1861 1063 1940 1116 vel
1966 1079 2149 1132 reprc-

574 1143 860 1211 hcnsione,
892 1147 1208 1201 discrimen.
1247 1147 1368 1204 llaec
1408 1166 1569 1220 porro
1619 1152 1829 1205 sublata
1882 1152 1927 1206 si
1981 1154 2146 1206 semel

573 1244 753 1299 erunt,
782 1250 1073 1295 evanescat
1100 1242 1304 1310 pariter
1364 1257 1589 1298 necesse
1623 1253 1729 1309 est,
1760 1244 2030 1315 quidquid
2080 1246 2146 1299 de

568 1328 760 1397 judicii
794 1330 960 1385 divini
990 1333 1249 1401 aequitate
1301 1335 1559 1405 jactatur,
1590 1336 1882 1391 concidant
1930 1339 2013 1392 vel
2064 1338 2146 1392 in-

573 1430 790 1476 tentata:
816 1424 1093 1478 sceleratis
1117 1441 1400 1494 pinnarum
1430 1444 1495 1483 ac
1529 1429 1922 1499 suppliciorum
1958 1431 2141 1495 minae,

573 1517 654 1571 vel
686 1519 952 1587 promissa
1003 1521 1249 1576 melioris
1280 1524 1677 1594 sanctiorisque
1706 1526 1827 1582 vita:
1871 1527 2146 1596 professo-

571 1608 722 1663 ribus
751 1610 935 1679 gloria:
966 1628 1029 1666 ac
1057 1612 1329 1668 felicitatis
1364 1616 1583 1684 prtemia
1613 1634 1626 1679 ;
1661 1617 1793 1671 nihil
1822 1621 1967 1672 enim
2000 1621 2139 1673 isto-

571 1713 690 1752 rum
715 1700 968 1769 deinceps
994 1718 1119 1756 cum
1153 1704 1365 1759 ratione
1400 1707 1507 1760 liet.
1530 1706 1664 1771 lino,
1694 1709 1738 1761 si
1767 1709 1891 1778 quis
1920 1702 2137 1772 etetera,

568 1809 689 1862 quae
716 1808 781 1846 ex
810 1794 1053 1860 ejusdem
1086 1797 1395 1850 sententia:
1426 1798 1473 1849 vi
1503 1800 1812 1854 efﬁciuntur
1840 1843 1854 1867 ,
1898 1812 2142 1871 spectare

570 1883 731 1947 volet,
769 1900 877 1938 non
933 1885 1110 1938 inanis
1141 1891 1385 1955 profecto
1412 1888 1609 1951 solum,
1650 1905 1711 1944 ac
1740 1906 2140 1960 supervacanea

570 1975 699 2030 tides
733 1986 919 2031 nostra
950 1976 1131 2031 futura
1161 1979 1251 2043 sit,
1277 1980 1368 2033 sed
1400 1997 1466 2035 ne
1501 1981 1615 2051 ipse
1637 1983 1855 2052 quidem
1876 1984 2139 2039 adventus

565 2068 791 2132 Christi,
859 2076 1077 2140 totaque
1126 2071 1213 2124 illa
1256 2088 1350 2126 seu
1406 2072 1560 2144 legis,
1623 2090 1717 2129 seu
1755 2076 2138 2144 prophetarum

566 2160 893 2222 (economia,
925 2170 978 2214 et
1028 2162 1394 2229 apostolorum
1430 2163 1480 2216 in
1512 2165 1814 2219 excitandis
1853 2167 2132 2220 constabi-

564 2251 867 2321 liendisque
905 2253 1105 2307 Christi
1142 2254 1231 2307 Dei
1273 2253 1549 2321 Ecclesiis,
1601 2268 1856 2326 suscepta
1910 2270 2135 2315 conten-

567 2342 663 2404 tio,
698 2344 777 2396 vel
812 2345 1045 2398 nihilum
1068 2345 1378 2413 profecerit.
1410 2346 1524 2402 Nisi
1555 2359 1758 2414 tamen,
1782 2352 1951 2420 ipsius
1970 2353 2133 2407 etiam

558 2433 766 2490 Christi
795 2452 902 2490 non
937 2438 1098 2493 modo
1132 2439 1391 2493 nascendi
1415 2442 1705 2504 rationem,
1738 2444 1831 2498 sed
1866 2445 2130 2514 quidquid

562 2534 823 2596 pratterea
875 2529 960 2583 vel
989 2529 1179 2599 egerit,
1216 2531 1299 2583 vel
1337 2532 1540 2597 tulerit,
1582 2548 1700 2586 eam
1737 2534 1790 2587 in
1825 2537 2135 2589 conversio-

562 2619 647 2673 nis
680 2628 954 2673 astrorum
989 2622 1363 2676 necessitatem
1395 2624 1635 2691 projecta
1672 2625 1954 2680 hominum
1998 2628 2132 2682 isto—

561 2726 679 2764 rum
710 2713 990 2766 temeritas
1033 2712 1298 2782 illigabit:
1344 2716 1565 2782 perinde
1598 2717 1866 2783 videlicet,
1895 2720 2051 2788 quasi
2088 2722 2133 2775 is

476 2856 483 2865 ,
556 2803 627 2857 ab
657 2804 927 2859 sideribus
961 2804 1066 2858 vim
1105 2806 1251 2859 illam
1283 2822 1463 2862 rerum
1504 2807 1931 2873 admirabilium,
1965 2825 2073 2865 non
2100 2827 2129 2865 a

561 2894 673 2948 Deo
728 2905 1162 2965 cunctorumque
1225 2897 1454 2953 Parente
1504 2901 1797 2969 acceperit.
1854 2902 2023 2971 Cujus
2063 2919 2130 2957 ex

553 2986 721 3057 282
754 2987 1020 3041 orationis
1058 2989 1328 3058 impietate
1381 2990 1514 3044 illud
1571 2993 1839 3062 sequitur,
1882 3003 1942 3047 ut
1966 3003 2128 3063 quot-

553 3089 689 3148 quot
716 3079 954 3133 divinam
992 3080 1150 3135 ﬁdem
1201 3081 1653 3152 amplectunctur,
1694 3083 1762 3137 ad
1796 3083 1945 3138 illam
1985 3085 2126 3140 sidet-
2153 3105 2195 3162 ο

556 3184 680 3224 rum
710 3185 902 3226 omnes
930 3172 1256 3243 impulsione
1299 3175 1599 3244 rapiantur.
1632 3174 1741 3247 Ego
1766 3191 1894 3232 vero
1921 3179 2122 3247 qum-si—

557 3265 692 3318 erim
721 3280 786 3319 ex
815 3265 882 3320 iis
910 3266 1257 3335 perlibenter,
1286 3266 1415 3337 quid
1449 3268 1669 3322 tandem
1692 3277 1912 3322 secutus
1939 3270 2039 3324 hac
2068 3270 2122 3324 in

557 3354 747 3409 mundi
783 3355 1065 3410 molitione
1131 3355 1272 3409 Deus
1326 3354 1525 3419 fuerit,
1558 3365 1617 3410 ut
1644 3372 1711 3409 ex
1737 3371 1799 3409 ea
1855 3357 2120 3421 virorum,

553 3443 649 3511 qui
686 3444 738 3494 in
768 3456 834 3495 eo
864 3442 1088 3512 degunt,
1127 3442 1490 3508 multitudine,
1540 3443 1630 3497 alii
1660 3443 1805 3498 nulla
1838 3460 1935 3498 sua
1966 3446 2122 3514 culpa

555 3530 838 3585 muliebris
889 3532 1105 3586 veneris
1182 3531 1568 3600 turpitudinem
1620 3539 1972 3600 paterentur;
2029 3532 2122 3586 alii

552 3621 732 3677 ferino
776 3623 936 3693 plane
964 3622 1094 3688 ritu,
1128 3622 1271 3691 quod
1305 3622 1437 3676 tales
1459 3623 1607 3692 ipsos
1620 3622 1855 3678 ediceret
1884 3623 2120 3679 universi

555 3714 699 3768 hunc
724 3714 778 3768 in
811 3715 1031 3769 modum
1062 3731 1092 3769 a
1120 3714 1229 3769 Deo
1246 3714 1527 3768 constituti
1551 3714 1783 3784 impetus
1812 3722 1975 3785 atque
1991 3730 2120 3771 con-

553 3807 755 3872 versio,
782 3807 1073 3862 teterrimis
1103 3822 1221 3863 sese
1246 3805 1650 3876 dirissimisque
1682 3805 2004 3872 sceleribus,
2058 3815 2120 3861 ut

554 3895 864 3951 homicidiis
921 3912 985 3952 ac
1040 3896 1288 3966 piraticis
1340 3894 1768 3965 praedationibus
1817 3896 2122 3951 dederent?

551 3988 874 4057 Quanquam
903 3990 1033 4060 quid
1061 3990 1252 4043 attinet
1280 3990 1422 4043 hanc
1448 4003 1479 4041 a
1510 3987 1689 4053 nobis,
1744 3987 1813 4043 de
1860 3990 2025 4045 rebus
2052 3989 2121 4046 iis

548 4096 671 4151 qua:
695 4081 775 4136 vel
809 4081 1125 4137 hominibus
1149 4082 1429 4146 eveniunt,
1456 4082 1539 4135 vel
1564 4081 1633 4136 ab
1655 4080 1847 4135 iisdem
1887 4095 2122 4150 peccan-

552 4181 658 4237 tur,
689 4188 917 4244 quaaque
951 4189 1173 4244 prorsus
1220 4174 1446 4229 infinita:
1479 4182 1609 4231 sunt
1643 4213 1658 4236 ,
1695 4171 2118 4242 disputationem

549 4264 779 4328 institui,
816 4279 958 4334 quos
987 4264 1285 4334 praesertim
1315 4265 1585 4335 dogmatis
1616 4264 1777 4319 istius
1819 4272 2118 4318 assertores

545 4357 768 4426 egregii,
803 4357 931 4409 dum
950 4356 1018 4409 ab
1044 4357 1192 4410 omni
1220 4357 1376 4427 culpa
1403 4358 1651 4422 liberant,
1682 4355 1951 4411 malorum
1977 4371 2120 4425 qua:-

543 4466 651 4518 qne
682 4450 938 4504 scelerate
957 4449 1092 4504 liunt
1115 4449 1356 4503 omnium
1374 4448 1484 4505 Deo
1506 4465 1730 4506 causam
1791 4448 2111 4519 assignant?
2144 4445 2183 4499 D

543 4544 784 4610 Quorum
812 4544 855 4599 si
881 4543 1146 4606 nonnulli,
1184 4552 1243 4597 ut
1270 4542 1361 4597 Dei
1393 4558 1617 4598 causam
1649 4543 2114 4607 tuerivideantur,

543 4635 745 4687 bonum
776 4634 1062 4704 quemdam
1096 4633 1323 4688 alterum
1354 4650 1476 4689 esse
1503 4635 1711 4700 dicent,
1741 4650 1977 4704 eumque
2025 4651 2113 4689 re-

542 4741 661 4778 rum
713 4725 940 4778 istarum
973 4724 1175 4779 fontem
1207 4742 1328 4781 esse
1362 4742 1424 4781 ac
1455 4727 1784 4796 principium
1814 4727 2111 4796 negabunt,

540 4817 683 4886 quod
715 4818 806 4871 uni
841 4818 1106 4887 duntaxat
1135 4834 1312 4872 rerum
1345 4830 1653 4873 creatarnm
1691 4819 1930 4875 molitori
1959 4818 2110 4873 simi-

539 4910 613 4967 lia
642 4910 929 4965 tribuenda
966 4911 1159 4977 velint;
1190 4912 1447 4981 primum,
1480 4929 1548 4969 ne
1578 4913 1659 4968 sic
1682 4914 1924 4983 quidem,
1959 4912 2107 4981 quod

538 4999 642 5071 ipsi
694 5002 1112 5091 voluntujustus
1150 5014 1207 5057 ut
1262 5004 1352 5058 ille
1392 5005 1501 5071 sit,
1536 5005 1787 5060 efﬁcient.
1821 5004 2107 5073 Quomodo

535 5095 681 5148 enim
717 5110 877 5163 quem
936 5104 1016 5148 tot
1077 5096 1344 5149 malorum
1382 5106 1660 5165 parentem
1713 5097 1951 5152 fatentur
2003 5097 2104 5167 ipsi

535 5183 994 5253 qtmquc,justum
1014 5186 1260 5240 eumdem
1287 5202 1410 5240 esse
1438 5186 1560 5256 jure
1590 5189 1892 5257 meritoque
1918 5187 2105 5243 defen-

534 5272 664 5325 dant
691 5273 713 5325 ?
758 5273 958 5329 Deinde
987 5275 1116 5343 quid
1146 5276 1383 5330 sentiant
1406 5276 1504 5346 ipsi
1541 5279 1605 5332 de
1637 5294 1717 5340 se,
1750 5277 2105 5347 quaerendum

536 5378 603 5416 ex
638 5364 743 5418 illis
771 5374 873 5419 est.
910 5365 1100 5420 Utrum
1143 5383 1264 5422 sese
1299 5378 1573 5423 astrorum
1595 5370 1953 5424 conversione
1968 5370 2107 5423 obli-

535 5464 691 5524 gatos
738 5471 879 5520 esse,
910 5473 978 5511 an
1011 5459 1234 5525 liberos,
1260 5469 1422 5528 atque
1449 5458 1741 5529 ejusmodi,
1800 5461 1940 5531 apud
1969 5477 2108 5531 quos

609 5579 637 5607 “
664 5586 777 5637 713-.
808 5572 1220 5643 μακαριότητες.
1321 5573 1349 5612 ιι
1376 5572 1459 5628 ἵσ.
1486 5572 1716 5643 ψεκτῶς.

2176 1766 2214 1819 Β

2255 508 2456 563 λουσιν.
2486 509 2718 560 ’Ἐπεται
2747 507 2802 561 δὲ
2828 508 2941 568 τοῖς
2972 504 3144 558 ταῦτα
3168 501 3565 573 δογματίζουσιν
3584 502 3634 567 ἐξ
3658 502 3759 557 ὅλων

2251 596 2313 650 τὸ
2342 598 2426 667 ἐφ’
2457 598 2588 668 ἡμῖν
2620 597 2892 666 ἀναιρεῖν·
2921 591 3110 663 διόπερ
3151 594 3244 645 καὶ
3274 590 3484 644 ἔπαινον
3511 592 3595 643 καὶ
3616 591 3759 658 ψόγον,

2252 690 2344 743 καὶ
2368 689 2594 761 πράξεις
2623 686 2944 749 ἀποδεκτὰς,
2982 684 3143 738 πάλιν
3164 701 3222 736 τε
3269 679 3335 737 αὖ
3370 683 3581 751 ψεκτάς.
3625 684 3761 753 Ἀπερ

2251 784 2299 835 εί
2330 781 2500 843 οὕτως
2545 779 2654 849 ἔχει
2676 819 2691 841 ,
2736 779 2804 833 τὰ
2845 781 2943 849 τῆς
2973 776 3387 848 κεκηρυγμένης
3409 775 3497 827 τοῦ
3524 776 3641 827 Θεοῦ
3669 778 3760 847 κρί-

2252 893 2387 939 σεως
2412 874 2637 943 οἴχεται,
2670 874 2761 926 καὶ
2797 871 3014 925 ἀπειλαὶ
3056 870 3191 941 πρὸς
3249 872 3373 932 τοὺς
3411 871 3761 940 ἡμαρτηκότας,

2248 965 2319 1029 ὡς
2371 964 2897 1035 κολασθησομένους·
2941 962 3095 1033 τιμαί
3144 979 3201 1015 τε
3243 957 3309 1014 αὖ
3360 962 3491 1032 πρὸς
3532 961 3643 1023 τοὺς
3678 965 3763 1026 τοῖς

2251 1059 2551 1131 κρείττοσιν
2599 1060 2821 1120 ἑαυτοὺς
2865 1054 3297 1118 ἐπιδεδωκότας,
3345 1055 3434 1107 καὶ
3485 1055 3765 1124 μακαριότη-

2246 1170 2337 1217 τος
2359 1164 2417 1192 δ’
2463 1151 2613 1205 οὐδὲν
2647 1152 2754 1222 γὰρ
2789 1150 2867 1203 ἔτι
2906 1148 3109 1202 τούτων
3134 1147 3368 1215 εὐλόγως
3406 1145 3549 1198 ἔσται
3588 1147 3764 1215 γενόμε-

2246 1261 2355 1306 νον,
2385 1244 2477 1296 καὶ
2517 1244 2564 1295 εἰ
2584 1242 2652 1295 τά
2685 1241 2953 1295 ἀκόλουθά
2980 1257 3063 1303 τις
3087 1238 3284 1309 ἑαυτῷ,
3329 1239 3412 1307 ἐφ’
3448 1233 3525 1301 οἷς
3557 1237 3764 1308 δογματί-

2245 1335 2348 1400 ζει,
2378 1335 2583 1405 βλέποι,
2626 1336 2773 1405 καὶὴ
2802 1335 2983 1397 πίστις
3000 1334 3152 1387 ἔσται
3178 1330 3403 1402 ματαία,
3432 1331 3465 1400 ἦ
3495 1347 3549 1383 τε
3572 1330 3762 1401 Χριστοῦ

2244 1428 2509 1498 ἐπιδημία
2534 1428 2686 1480 οὐδὲν
2708 1427 2968 1493 ἀνύουσα,
2995 1426 3089 1479 καὶ
3119 1428 3268 1479 πᾶσα
3295 1427 3328 1495 ἡ
3384 1423 3472 1477 διά
3512 1424 3660 1493 νόμου
3691 1424 3765 1478 καὶ

2244 1522 2536 1592 προφητῶν
2582 1520 2894 1593 οἰκονομία,
2944 1517 3178 1589 κάματοί
3222 1534 3280 1569 τε
3315 1516 3613 1570 ἀποστόλων
3657 1516 3766 1588 ὑπὲρ

2242 1611 2335 1665 τοῦ
2372 1612 2638 1683 συστῆσαι
2672 1612 2771 1675 τὰς
2796 1611 2882 1665 διά
2904 1610 3138 1683 Χριστοῦ
3168 1608 3264 1662 τοῦ
3288 1609 3423 1662 Θεοῦ
3464 1609 3763 1679 Ἐκκλησίσςο

2244 1703 2291 1753 εἰ
2322 1702 2395 1773 μὴ
2427 1702 2534 1773 ἄρα
2573 1701 2667 1754 καὶ
2704 1701 2938 1772 Χριστὸς
2967 1699 3107 1753 κατά
3145 1699 3274 1762 τοὺς
3312 1698 3454 1752 οὕτω
3483 1698 3763 1769 τολμῶντας,

2245 1791 2347 1844 ὑπὸ
2373 1790 2470 1861 τὴν
2504 1791 2748 1862 ἀνάγκην
2772 1790 2868 1861 τῆς
2899 1790 3007 1842 τῶν
3046 1791 3260 1861 ἄστρων
3299 1794 3557 1857 κινήσεως
3585 1788 3667 1859 τὴν
3698 1789 3767 1857 γέ-

2242 1900 2386 1935 νεσιν
2415 1883 2759 1953 ἀνειληφέναι
2790 1883 3100 1952 γενόμενος,
3121 1883 3295 1936 πάντα
3324 1882 3605 1951 πεποιήκοι
3631 1899 3678 1933 τε
3694 1882 3766 1933 καὶ

2243 1974 2423 2037 πάθοι,
2461 1976 2515 2027 οῦ
2541 1974 2635 2025 τοῦ
2678 1973 2812 2027 Θεοῦ
2847 1976 2940 2027 καὶ
2964 1974 3179 2045 Πατρός
3212 1974 3320 2027 τῶν
3356 1975 3489 2027 ὅλων
3524 1972 3658 2042 αὐτῷ
3692 1973 3765 2036 τὰς

2240 2063 2577 2136 παραδόξους
2607 2066 2863 2136 δυνάμεις
2888 2066 3274 2137 δωρησαμένου
3306 2112 3312 2121 .
3355 2066 3489 2119 ἀλλά
3514 2064 3613 2116 τῶν
3639 2066 3764 2118 ἀστέ-

2242 2179 2370 2232 ρων.
2418 2154 2512 2224 υἷς
2540 2160 2718 2225 ἀθέοις
2747 2162 2840 2214 καὶ
2872 2162 3091 2213 ἀσεϐέσι
3114 2161 3441 2230 τυγχάνουσι
3480 2158 3643 2225 λόγοις
3664 2158 3763 2209 ἀκο-

2237 2252 2413 2306 λουθεῖ
2442 2253 2535 2305 καὶ
2586 2252 2648 2306 τὸ
2689 2255 2816 2317 τοὺς
2866 2254 3217 2314 πιστεύοντας
3264 2252 3370 2305 ὑπὸ
3414 2251 3520 2304 τῶν
3564 2251 3765 2318 ἀστέρων

2236 2346 2535 2417 ἀγομένους
2560 2348 2836 2400 πιστεύειν
2871 2349 2950 2411 είς
2999 2346 3131 2400 Θεὸν
3174 2346 3451 2413 λέγεσθαι.
3507 2342 3765 2412 Πυθοίμεθι

2235 2437 2278 2490 δ’
2313 2438 2378 2491 ἂν
2405 2439 2602 2501 αὐτῶν,
2625 2439 2677 2491 τί
2697 2442 2725 2491 6
2753 2440 2885 2502 Θεὸς
2914 2439 3234 2510 βουλόμενος
3252 2436 3492 2490 τοιοῦτον
3520 2435 3674 2489 ἐποίει
3695 2435 3765 2487 κό-

2236 2546 2391 2600 σμον,
2446 2531 2512 2583 ἵν’
2536 2533 2583 2583 οἱ
2628 2531 2723 2601 μὲν
2764 2534 2821 2584 ὲν
2853 2531 3002 2600 αὐτῷ
3044 2529 3233 2603 ἄνδρες
3262 2529 3417 2593 ὄντες
3444 2528 3509 2580 τὰ.
3538 2525 3764 2595 γυναικῶν

2235 2619 2533 2689 πάσχωσιν,
2560 2619 2810 2689 οὐδαμῶς
2836 2620 3047 2683 ἑαυτοῖς
3083 2621 3246 2673 αἴτιοι
3278 2618 3383 2688 τῆς
3413 2617 3676 2686 ἀσελγείας
3698 2635 3767 2685 γε-

2232 2710 2518 2779 γενημένοι
2535 2726 2549 2740 ·
2580 2710 2755 2781 ἓτεροι
2778 2710 2855 2774 δὲ,
2888 2710 3093 2781 ἀγρίων
3120 2709 3274 2774 ζώων
3302 2708 3628 2763 κατάστασιν
3653 2708 3767 2777 εἰλη-

2232 2801 2414 2870 φότες,
2460 2800 2539 2871 τῷ
2571 2801 2669 2872 τὴν
2703 2801 2871 2872 φορὰν
2896 2801 2988 2854 τοῦ
3041 2802 3240 2864 παντὸς
3289 2799 3563 2862 τοιούτους
3607 2799 3765 2862 αὐτοὺς

2231 2893 2610 2962 πεποιηκέναι,
2637 2892 2725 2946 διὰ
2755 2893 2816 2946 τὸ
2838 2893 2928 2946 τὸν
2950 2893 3082 2947 Θεὸν
3122 2893 3267 2947 οὕτω
3310 2892 3689 2965 κεκοσμηκέναι
3720 2890 3766 2943 τὸ

2230 2987 2358 3047 πᾶν,
2389 2986 2716 3041 ἐπιδιδόασιν
2742 2988 2939 3051 αὐτοὺς
2963 2988 3263 3059 ὠμοτάτοις
3288 2990 3384 3042 κα.)⁸
3409 2989 3607 3060 σφόδρα
3625 2988 3765 3041 dm

2230 3074 2466 3147 θρώποις
2516 3076 2834 3148 πράγμασιν
2855 3119 2869 3143 ,
2898 3078 3273 3149 ἀνδροφονίαις
3303 3080 3402 3134 καὶ
3437 3079 3763 3152 πειρατείιιιςς

2230 3167 2337 3219 Καὶ
2377 3168 2431 3220 τί
2470 3166 2553 3221 δεῖ
2577 3168 2754 3237 λέγειν
2798 3170 2943 3241 ἡμᾶς
2986 3171 3111 3242 περὶ
3156 3170 3264 3224 τῶν
3312 3171 3699 3242 συμϐαινόντων
3720 3171 3764 3222 ὲν

2223 3258 2551 3331 ἀνθρώποις,
2596 3261 2690 3313 καὶ
2745 3260 3203 3332 ἁμαρτανομένων
3248 3264 3340 3316 ὑπ’
3387 3264 3564 3318 αὐτῶν
3599 3263 3764 3335 μυρίων

2223 3353 2365 3405 ὃσων
2390 3352 2785 3421 τυγχανόντων,
2818 3352 3068 3417 οὕστινας
3102 3356 3151 3408 οί
3193 3354 3301 3408 τῶν
3343 3356 3601 3425 γενναίων
3665 3371 3765 3427 προ-

2222 3441 2504 3512 ϊστάμενοι
2524 3441 2725 3495 τούτων
2754 3443 2927 3511 λόγων
2949 3444 3275 3509 ἀπολύοντες
3306 3446 3508 3509 παντὸς
3531 3444 3764 3515 ἐγκλήμαο

2221 3547 2333 3595 τος,
2373 3530 2451 3602 τῷ
2480 3531 2599 3604 Θεῷ
2624 3533 3039 3604 προσγράφουσι
3087 3535 3306 3588 πάντων
3346 3536 3457 3590 τῶν
3486 3536 3656 3590 κακῶν
3694 3535 3764 3588 καὶ

2220 3624 2467 3695 ψευκτῶς
2489 3625 2516 3663 b
2536 3626 2920 3699 πραττομένων
2934 3626 3034 3699 τὴν
3049 3628 3226 3681 αἰτίαν
3247 3644 3261 3693 ;
3302 3628 3431 3681 Ἐὰν
3449 3628 3507 3681 δέ
3533 3646 3662 3692 τινες
3677 3627 3762 3695 (Π)

2220 3714 2418 3781 αὐτῶν,
2442 3716 2517 3778 ὡς
2542 3698 2965 3788 ἀπολογούμενοι
2986 3719 3115 3789 περὶ
3144 3718 3301 3787 Θεοῦ,
3333 3720 3523 3792 ἕτερον
3549 3720 3637 3791 μὲν
3656 3714 3763 3771 εἶναι

2220 3806 2419 3875 λέγωσι
2442 3805 2534 3860 τὸν
2566 3807 2788 3876 ἀγαθὸν,
2808 3808 3020 3874 οὐδενὸς
3041 3808 3246 3863 τούτων
3267 3809 3463 3882 ἔχοντα
3485 3811 3578 3881 τὴν
3604 3809 3759 3880 ἀρχὴν,

2219 3897 2295 3971 τῷ
2322 3898 2380 3954 δὲ
2412 3899 2739 3971 Δημιουργῷ
2784 3900 3001 3954 πάντων
3032 3900 3102 3955 τὰ
3137 3901 3364 3957 τοιαῦτα
3414 3903 3759 3975 προσάπτων

2221 3991 2433 4064 πρῶτον
2466 3992 2585 4064 μὲν,
2614 3993 2723 4045 οὐδ’
2752 3992 2827 4058 ὡς
2867 3992 3170 4064 βούλονται,
3218 3993 3536 4067 δυνήσονται
3580 3994 3761 4049 ἀποδειο

2219 4080 2429 4146 κνύναι,
2454 4081 2535 4135 ὅτι
2565 4082 2682 4135 ἐστὶ
2703 4082 2908 4147 δίκαιος
2927 4100 2941 4114 ·
2972 4084 3088 4149 πῶς
3112 4084 3221 4156 γὰρ
3253 4087 3281 4138 6
3320 4085 3587 4139 τοσούτων
3610 4081 3761 4139 κακῶν

2219 4172 2339 4225 κατ’
2372 4171 2568 4235 αὐτοὺς
2597 4172 2783 4243 πατὴρ
2809 4173 3043 4241 εὐλόγως
3065 4172 3397 4244 χρηματίζοι
3424 4174 3623 4235 δίκαιος
3640 4169 3760 4236 ﬁsti-

2218 4280 2374 4335 τερον
2401 4263 2478 4328 δὲ,
2511 4264 2638 4336 περὶ
2665 4265 2844 4317 αὐτῶν
2875 4265 2927 4318 τί
2951 4282 3081 4317 ποτε
3113 4266 3398 4337 φήσουσιν,
3451 4263 3757 4331 ὲξεταστέονς

2220 4357 2453 4428 Πότερον
2507 4358 2818 4412 ὑπόκεινται
2853 4360 2917 4430 τῇ
2953 4361 3095 4431 φορᾷ
3123 4359 3232 4412 τῶν
3261 4360 3529 4432 ἀστέρων,
3568 4358 3598 4430 ἢ
3630 4357 3758 4428 ἠλευ-

2214 4448 2498 4520 θέρωνται,
2525 4449 2617 4502 καὶ
2646 4451 2703 4503 ὲν
2735 4450 2812 4521 τῷ
2831 4450 2930 4522 βίῳ
2953 4450 3331 4522 τυγχάνοντες,
3365 4453 3516 4506 οὐδὲν
3545 4448 3756 4523 ἐνεργού-

2219 4557 2377 4610 μενον
2399 4542 2479 4604 εἰς
2497 4541 2724 4605 ἑαυτοὺς
2745 4541 2958 4612 ἔχουσιν
2998 4543 3238 4610 ὲκεῖθεν;
3286 4546 3348 4597 Εἰ
3402 4545 3503 4616 μὲν
3540 4544 3639 4615 γάρ
3674 4543 3757 4611 9f,-

2217 4648 2397 4684 σουσιν
2421 4632 2739 4686 ὑποκεῖσθαι
2767 4637 2880 4696 τοῖς
2912 4633 3151 4705 ἄστροις,
3177 4635 3363 4707 δῆλον,
3402 4638 3487 4690 ὃτι
3528 4635 3593 4688 τὰ
3614 4635 3755 4703 ἄστρα

2214 4723 2273 4775 τὸ
2304 4724 2492 4793 νοῆσαι
2528 4725 2708 4789 αὐτοῖς
2737 4726 2895 4779 τοῦτο
2932 4727 3241 4799 ἐχαρίσατο,
3278 4729 3374 4781 καὶ
3401 4731 3431 4782 6
3453 4724 3755 4799 Δημιουργὺς

2218 4815 2605 4887 ὑποϐεϐληκὼς
2637 4818 2787 4872 ἔσται
2817 4818 2904 4872 διὰ
2933 4821 3029 4890 τῆς
3061 4819 3154 4873 τοῦ
3185 4821 3383 4885 παντὸς
3403 4824 3658 4892 κινήσεως
3681 4816 3752 4870 τὸν

2214 4907 2369 4976 λόγον
2394 4908 2484 4961 τὸν
2519 4909 2647 4980 περὶ
2679 4910 2773 4963 τοῦ
2814 4911 3070 4981 ἀνωτέρω
3107 4913 3597 4985 ἀναπεπλασμένου
3622 4908 3749 4969 Θεοῦ,

2212 5003 2349 5075 ὅπερ
2370 5005 2431 5057 οῦ
2467 5004 2743 5075 βούλονται
2767 5024 2779 5035 ·
2814 5009 2861 5060 εί
2898 5007 2954 5061 δὲ
2983 5008 3426 5080 ἀποκρινοῦνται,
3449 5010 3531 5062 ὅτι
3552 5004 3648 5071 ἔξω
3666 5002 3750 5055 τῶν

2211 5093 2389 5163 νόμων
2435 5094 2769 5165 τυγχάνουσι
2809 5095 2901 5149 τοῦ
2946 5098 3283 5169 Δημιουργοῦ
3318 5099 3427 5152 τῶν
3472 5098 3611 5153 κατὰ
3648 5094 3750 5157 τοὺς

2212 5186 2468 5257 ἀστέρας,
2506 5187 2592 5240 ἵνα
2628 5188 2701 5259 μὴ
2735 5189 3009 5257 ἀπόφασις
3092 5192 3151 5243 τὸ
3177 5191 3464 5263 λεγόμενον
3484 5192 3572 5246 ὑπ’
3602 5187 3749 5242 αὐτῶν

2210 5279 2615 5345 ἀναπόδεικτος,
2646 5281 3059 5354 πειραθήτωσαν
3105 5287 3251 5356 ἡμᾶς
3285 5286 3575 5359 προσάγειν
3608 5284 3747 5346 ἀναγ-

2211 5369 2634 5441 καστικώτερον,
2666 5371 2928 5443 διαφορὰν
2964 5374 3328 5445 παριστάντες
3360 5375 3452 5427 νοῦ
3480 5389 3616 5434 τινος
3637 5371 3745 5423 ὑπο·

2210 5461 2461 5526 κειμένου
2485 5464 2696 5533 γενέσει
2727 5464 2820 5517 καὶ
2853 5466 3162 5538 εἱμαρμένῃ
3190 5467 3283 5519 καὶ
3309 5467 3492 5538 ἐτέρου
3519 5462 3620 5519 ἀπὸ
3647 5458 3746 5515 τού·

607 5682 713 5765 (17.)
757 5684 898 5765 Ἐξιν
943 5685 1010 5741 δέ
1041 5705 1217 5755 τινες.
1267 5688 1360 5753 Εἰς
1402 5689 1528 5753 τοὺς
1572 5687 1904 5762 Μανιχαίους
1934 5688 2128 5744 αίνίττε

2248 5733 2264 5762 ,
2298 5692 2393 5765 qui
2426 5693 2692 5751 mundum
2729 5695 2876 5752 hunc
2907 5712 3016 5752 non
3038 5696 3191 5761 boni,
3218 5695 3312 5753 sed
3346 5694 3472 5751 mali
3508 5692 3599 5748 Dei
3626 5704 3739 5759 opus

532 5769 655 5811 esse
678 5756 821 5827 jacta
830 5756 974 5811 baut.
