3864 6386
147 398 219 455 481

1241 386 1557 441 ΡιὶίΕΡᾹῐὶ.
1598 387 1846 444 EVANG.
1891 391 2015 444 LIB.
2063 391 2148 445 Vl.

3205 393 3308 446 483

143 531 220 565 των
240 507 496 577 ἐλευθέρου.
525 505 692 575 Δῆλον
723 505 833 577 γὰρ
876 509 991 559 ἐστι
1025 507 1149 570 τοὺς
1186 505 1456 566 τοιούτους
1502 509 1519 576 (
1532 507 1632 576 18),

1743 509 1842 564 hac
1892 513 1942 562 in
1980 521 2112 574 vita,
2148 510 2279 562 nihil
2310 509 2532 562 omnino
2563 521 2744 563 motus
2782 507 2870 562 ille
2895 507 3062 577 possit
3099 509 3122 562 ?
3153 507 3304 562 Obli-

141 607 213 662 ὅτι,
234 603 357 667 λόγον
379 598 757 668 ἀπαιτηθέντες
783 599 979 653 διδόναι
1016 602 1226 665 αὐτοῖς,
1272 601 1521 670 οὐδαμῶς
1547 602 1636 654 δυ-

139 700 346 762 νήσονται.
378 690 509 759 Πρὸς
533 691 588 741 δὲ
628 694 737 753 τοῖς
771 691 1079 761 εἰρημένοις
1114 693 1206 744 καὶ
1230 693 1386 761 εὐχαὶ
1431 692 1633 763 παρέλ-

140 803 250 837 item
271 784 423 853 μάτην
452 782 1028 852 παραλαμϐανόμεναι.
1057 784 1117 835 Et
1149 785 1254 854 γὰρ
1293 785 1637 852 κατηνάγκα-

141 893 226 928 παι
249 874 348 926 τάδε
374 871 484 924 τινα
511 872 783 939 γενέσθαι,
809 874 903 926 καὶ
932 875 979 925 οἱ
1011 874 1238 943 ἀστέρες
1264 872 1414 925 ποιοῦ
1428 891 1528 935 σιν,
1555 874 1638 925 ού-

134 968 195 1018 δὲν
231 965 275 1016 δὲ
308 963 440 1032 παρᾶ
484 964 580 1034 τὴν
620 964 822 1016 τούτων
853 965 986 1035 πρὸς
1037 964 1296 1034 ἀλλήλους
1335 965 1635 1036 ἐπιπλοκὴν

133 1061 295 1111 δύναται
315 1056 569 1124 γενέσθαι,
602 1057 732 1109 Θεὸν
761 1057 1057 1124 ἀλογίστως
1081 1058 1334 1127 ἀξιοῦμεν
1364 1059 1485 1110 τάδε
1516 1059 1636 1112 τινὰ

133 1152 226 1218 ημῖν
247 1148 580 1218 δωρήσασθαι.
617 1150 725 1200 Καὶ
758 1149 808 1200 τί
847 1149 937 1201 ἐπὶ
966 1148 1145 1200 πλεῖον
1195 1148 1451 1219 μηκύνειν
1481 1148 1636 1215 λόγον

227 1241 524 1310 παριστάντα
553 1240 614 1293 τὸ
652 1242 845 1304 ἀσεϐὲς
869 1241 961 1294 τοῦ
981 1242 1462 1313 καθημαξευμένου
1497 1243 1633 1296 ἀϐα-

131 1333 333 1393 σανίστως
351 1332 489 1401 παρὰ
521 1335 635 1395 τοῖς
663 1334 874 1406 πολλοῖς
905 1333 1028 1404 περὶ
1060 1335 1394 1405 εἱμαρμένης
1430 1335 1632 1399 τόπου;

127 1422 322 1490 Δύτὰρκη
348 1421 448 1492 γὰρ
479 1425 558 1483 εἰς
592 1424 918 1495 ὑπογραφὴν
945 1426 1036 1477 καὶ
1063 1425 1130 1477 τὰ
1161 1427 1445 1497 εἰρημένα.
1466 1427 1634 1479 Πόθεν

184 1515 477 1578 ἐξετάζοντες
504 1516 585 1577 τὸ,
630 1535 647 1566 ι
681 1519 962 1570 Ἔστωσαν
987 1521 1064 1580 είς
1098 1522 1296 1589 σημεῖα
1332 1520 1378 1570 οί
1423 1520 1635 1590 φωστῆ-

126 1623 207 1675 μς,
241 1606 364 1657 »ἐπὶ
410 1606 578 1660 ταῦτα
628 1607 998 1678 ἐληλύθαμεν,
1032 1611 1256 1672 ἑαυτοὺς
1307 1611 1632 1681 ὑπομνήσεω-

126 1700 274 1766 Οἱ
297 1698 648 1767 μανθάνοντες
676 1701 802 1771 περί
825 1719 980 1752 τινων
1004 1701 1196 1770 ἀληθῆ,
1219 1703 1335 1772 ἦτοι
1372 1702 1634 1754 αὐτόπται

123 1791 199 1842 τῶν
235 1792 544 1861 πραγμάτων
577 1794 882 1863 γενόμενοι,
929 1793 1315 1861 ἀποφαίνονται
1365 1794 1486 1846 τάδε
1517 1796 1635 1848 τινὰ

1740 609 1894 669 gates
1917 600 1960 652 si
1994 599 2328 664 fatebuntur,
2363 600 2502 653 hunc
2528 600 2634 654 illis
2655 599 2898 669 profecto
2923 610 3066 654 astra
3087 617 3306 671 quoque

1739 708 1959 746 sensum
1991 692 2366 761 impresset‘ittt
2397 711 2408 745 :
2445 693 2686 760 adeoque
2711 708 2903 745 novatn
2931 694 2997 746 de
3029 697 3309 762 superiore

1739 801 1838 838 suo
1902 785 2201 853 fictitioque
2264 782 2371 837 Deo
2423 793 2678 846 mentem,
2719 783 2879 852 hujus
2950 785 3308 837 conversione

1739 877 1945 943 mundi,
1983 893 2115 930 suus
2148 876 2255 941 ille,
2281 875 2423 945 quod
2453 877 2551 945 ipsi
2611 885 2830 945 negant,
2865 876 3196 930 architectus
3233 878 3308 930 in-

1733 968 1943 1036 jeeeril.
1974 967 2066 1020 Sin
2099 976 2279 1020 autem
2305 968 2422 1035 ejus
2447 983 2504 1021 se
2527 968 2768 1029 minime,
2815 984 2949 1038 quas
3003 980 3147 1021 astra
3193 971 3308 1022 vol-

1739 1070 1891 1122 vunt,
1942 1060 2150 1128 legibus
2187 1060 2358 1112 teneri
2399 1059 2820 1128 respondebunt,
2870 1061 2919 1112 id
2952 1077 3017 1112 ne
3047 1060 3115 1113 ab
3147 1061 3209 1112 iis
3239 1069 3309 1114 te-

1737 1166 1885 1204 mere
1919 1151 2096 1219 negari
2128 1151 2430 1215 videantur,
2462 1151 2652 1217 majori
2679 1150 2864 1219 utique
2903 1151 2949 1202 vi
2987 1151 3303 1218 suffragium

1740 1241 1813 1295 illi
1842 1254 2084 1296 nosuum
2118 1252 2436 1311 extorquere
2462 1241 2841 1304 tlehenl,certo
2868 1241 3182 1295 discrimine
3201 1243 3306 1295 duo

1739 1333 1876 1387 inter
1907 1334 2166 1386 mentium
2195 1348 2395 1400 genera
2417 1334 2734 1398 constituto,
2753 1349 2980 1400 quarum
3013 1334 3131 1384 alia:
3155 1342 3306 1386 ortus

1737 1425 1943 1496 fatique
1973 1427 2354 1481 necessitatem
2372 1427 2551 1479 subire
2570 1434 2855 1493 cogantur,
2878 1423 2994 1476 alia:
3011 1423 3303 1493 defugiant.

1738 1517 1848 1573 Hac
1879 1519 2024 1572 enim
2061 1536 2117 1572 se
2151 1519 2447 1588 qumstiotte
2481 1518 2718 1587 profecto
2756 1533 3028 1586 nunquam
3064 1517 3303 1584 explica-

1738 1613 1890 1666 bunt.
1920 1611 1998 1664 Ad
2029 1612 2142 1665 inec
2192 1626 2381 1678 preces
2418 1626 2480 1663 ac
2507 1619 2629 1662 vota
2679 1626 3013 1676 nuncupare,
3058 1625 3310 1677 superva-

1737 1720 1962 1758 Caneum
2017 1705 2171 1774 plane
2227 1706 2303 1756 lit.
2338 1705 2466 1756 lVam
2500 1703 2543 1756 si
2579 1703 2690 1755 luce
2723 1703 2877 1754 illave
2926 1702 3040 1755 fieri
3089 1717 3306 1754 necesse

1737 1808 1840 1860 est,
1868 1798 2116 1867 hancque
2139 1807 2283 1850 astta
2313 1798 2688 1851 necessitatem
2730 1797 2980 1862 atl'etunt,
3015 1798 3174 1868 283
3209 1814 3304 1850 nec

125 1881 286 1946 ύγειῶς,
310 1884 362 1933 τὸ
393 1883 561 1945 πάθος
596 1885 691 1935 καὶ
723 1884 820 1953 τὴν
853 1883 1128 1953 ἐνέργειαν
1162 1883 1267 1934 τῶν
1290 1885 1631 1936 πεπονθότων

1739 1887 1893 1940 aliter
1948 1903 2105 1956 quam
2136 1904 2322 1941 eorum
2376 1899 2555 1941 mutua
2615 1886 2918 1956 complexio
2949 1887 3153 1956 jnheat,
3191 1889 3303 1942 tieri

124 1973 523 2043 ἧένεργησαντων
572 1975 920 2044 θεασάμενοι,
953 1975 985 2045 ἢ
1021 1975 1469 2042 ἀπαγγελλόντων
1523 1976 1629 2028 τῶν

121 2066 308 2135 οὐδαμὰ
331 2069 510 2119 αἰτίων
537 2071 653 2130 τοῖς
673 2069 1060 2138 γεγενημένοις
1103 2069 1460 2133 ἀκούσαντες,
1505 2071 1628 2123 τάδε

120 2158 204 2209 τινα
237 2158 568 2225 γινώσκουσιν
601 2159 714 2230 (19)
750 2160 1145 2232 (ύπεξηρήσθω
1188 2161 1243 2212 δὲ
1283 2160 1375 2213 νῦν
1422 2160 1514 2214 τοῦ
1549 2161 1632 2213 λό-

119 2269 186 2317 γου
209 2252 254 2302 τό
272 2250 512 2304 δύνασθαι
544 2253 677 2314 τοὺς
696 2252 1020 2322 δεδρακότας
1057 2252 1087 2321 ἢ
1155 2252 1484 2315 πεπονθότας
1507 2294 1520 2314 ν
1555 2253 1631 2306 δι-

119 2343 383 2412 ηγουμένους
415 2342 447 2395 ἃ
478 2343 828 2415 δεδράκασιν,
863 2345 894 2414 ἢ
925 2345 1249 2398 πεπόνθασιν
1268 2387 1282 2413 ,
1316 2347 1525 2413 ἐνάγειν
1553 2348 1628 2410 είς

117 2434 262 2498 γνῶσιν
291 2437 388 2487 τῶν
417 2436 829 2507 πεπραγμένων
864 2437 952 2488 τὸν
991 2436 1064 2507 μὴ
1098 2437 1626 2507 παρατετυχηκότα).

127 2526 212 2576 Ἐὰν
227 2523 302 2578 οὖν
324 2529 350 2579 ὁ
367 2528 753 2598 διδασκόμενος
777 2530 880 2581 ὑπὸ
908 2528 998 2581 τοῦ
1032 2528 1291 2600 μηδαμῶς
1324 2529 1495 2582 αἰτίου
1525 2529 1630 2582 τῶν

118 2618 347 2684 γινομένων
366 2619 424 2671 τὸ
449 2619 576 2672 τάδε
605 2619 728 2671 τινὰ
760 2619 934 2671 τοῖσδε
971 2622 1285 2688 γεγονέναι,
1335 2619 1366 2690 ἢ
1420 2621 1629 2690 συμϐή-

118 2710 272 2768 τίτθαι,
394 2710 689 2781 διακρίνων
719 2712 827 2779 ('20)
849 2753 863 2774 ,
885 2712 965 2763 ὅτι
986 2713 1045 2763 ού
1078 2711 1290 2775 πάντως
1317 2711 1343 2761 ὁ
1367 2713 1629 2764 διδάσκων

1387 2807 1501 2858 ἐστι

115 2804 205 2872 περί
225 2821 345 2866 τινος
373 2804 445 2867 ὡς
484 2805 782 2874 γενομένου
807 2806 838 2874 ἢ
867 2805 1147 2874 ἐσομένου,
1180 2806 1352 2866 oti—.26;
1387 2807 1501 2858 ἐστι
1537 2805 1628 2858 τοῦ

113 2893 156 2944 τὸ
179 2897 370 2964 πρᾶγμα
397 2896 601 2948 τοιόνδε
631 2914 682 2947 τι
712 2897 997 2965 τυγχάνειν
1019 2915 1031 2925 ο
1062 2899 1304 2968 οἰήσεται
1334 2900 1422 2951 τὸν
1450 2918 1630 2970 παρα-

117 2988 322 3055 πήσαντα
347 2989 468 3058 περὶ
504 2987 607 3040 τοῦ
643 2989 764 3040 τάδε
792 2989 912 3040 τινὰ
944 2991 1221 3057 γεγονέναι
1244 3030 1257 3053 ,
1294 2991 1326 3060 ἦ
1354 2991 1475 3044 τάδε
1511 2991 1629 3044 τινὰ

113 3078 303 3143 ἔσεσθαι,
346 3081 741 3149 πεποιηκέναι,
780 3079 812 3149 ἦ
850 3083 1090 3151 ποιήσειν
1122 3083 1188 3136 τὰ
1228 3083 1354 3151 περὶ
1385 3077 1456 3135 ὧν
1490 3083 1631 3135 διδα-

115 3186 214 3232 σκει,
243 3174 463 3242 οἰήσεται
494 3172 550 3223 δὲ
599 3171 837 3240 δηλονότι
882 3172 1250 3240 ἐσφαλμένως.
1297 3173 1385 3235 Ὠς
1429 3174 1626 3236 εἴτις,

113 3261 292 3330 ἐντυχὼν
323 3265 636 3333 προφητικῇ
667 3261 828 3332 βίϐλῳ
865 3262 1202 3336 προδηλούσῃ
1234 3264 1300 3315 τα
1329 3266 1456 3334 περὶ
1498 3264 1628 3316 Ἰού-
1658 3224 1696 3275 C

109 3352 268 3404 δαντὺν
291 3354 568 3424 προδότην,
617 3354 833 3423 νομίσαι
871 3353 1054 3423 μαθὼν
1081 3355 1139 3406 τὸ
1171 3356 1454 3425 ἐσόμενον,
1489 3356 1629 3426 όρῶν

111 3444 206 3496 αὐτὸ
224 3447 656 3517 ἀποτελούμενον,
693 3448 790 3516 τὴν
813 3446 991 3515 βίϐλον
1027 3449 1202 3500 αἰτίαν
1237 3445 1374 3502 εἶναι
1421 3450 1536 3501 τόδε
1577 3467 1628 3501 τι

108 3538 325 3603 versui-ut.
375 3538 640 3609 ὕστερον,
674 3539 794 3590 ἐπεὶ
847 3539 952 3590 ἀπὸ
983 3539 1080 3607 τῆς
1113 3540 1292 3608 βίϐλου
1345 3542 1628 3611 μεμάθηκε

109 3630 155 3681 1'3
179 3632 262 3684 ὑπὸ
293 3633 378 3685 τοῦ
426 3633 601 3685 ’ἰούδα
639 3632 1057 3702 πραχθησόμενα
1099 3633 1350 3704 ὖστερον’
1397 3636 1428 3704 ἢ
1472 3635 1630 3687 πάλιν

111 3724 164 3791 μὴ
187 3725 264 3793 τὴν
285 3723 455 3793 βίδλον
486 3724 752 3777 ὑπολάϐοι
785 3720 920 3775 εἶναι
954 3726 1153 3787 αἰτίαν,
1192 3725 1325 3778 ἀλλὰ
1357 3727 1446 3778 τὸν
1484 3727 1632 3798 πρῶ-

110 3830 173 3864 τον
192 3816 447 3884 γρὲᾲαντα
474 3816 669 3885 αὐτὴν,
701 3817 732 3886 ἧ
768 3816 857 3869 τὸν
884 3817 1271 3888 ὲνεργήσαντα,
1296 3817 1425 3889 φέρε
1459 3820 1632 3870 εἰπεῖν

109 3905 172 3957 τὸν
195 3907 321 3959 Θεόν.
359 3908 574 3978 ’Ὠσπερ
603 3908 659 3959 δὲ
689 3907 904 3960 ἐπὶτῶν
937 3909 1065 3978 περὶ
1086 3909 1178 3961 τοῦ
1222 3909 1389 3962 Ἰούδα
1423 3927 1633 3980 προφη-

109 4005 352 4072 τεδομένων
389 4005 550 4056 αὑταὶ
582 4003 636 4055 αἱ
676 4001 848 4065 λέξεις
898 4003 1278 4073 ἑξεταζόμεναι
1312 4004 1631 4074 ἐμφαίνουσι

109 4095 173 4148 τὸν
201 4097 312 4148 Θεὸν
338 4096 569 4166 ποιητὴν
609 4095 680 4166 μὴ
710 4098 985 4164 γεγονέναι
1015 4095 1111 4166 τῆς
1149 4094 1241 4146 τού
1289 4094 1456 4147 Ἰούδα
1496 4112 1629 4166 προ-

109 4187 263 4250 ὼσίας,
292 4189 418 4242 ἀλλὰ
445 4190 608 4258 μόνον
638 4188 992 4258 δεδηλωκέναι
1020 4188 1404 4258 προεγνωκότα
1433 4188 1500 4240 τὰ
1527 4188 1631 4240 ἀπὸ

109 4280 180 4348 τῆς
202 4281 362 4334 τούτου
412 4283 613 4344 κακίας
662 4280 1082 4350 πραχθησόμενα
1124 4279 1274 4350 παρὰ
1320 4280 1416 4350 τὴν
1467 4279 1629 4333 αύτοῦ

111 4373 243 4424 αἰτίαν
265 4392 276 4403 ·
302 4373 467 4434 οὕτως
501 4375 552 4425 εἰ
577 4390 662 4434 τις
688 4372 991 4441 ἐμϐαθύναι
1020 4371 1097 4441 τῷ
1148 4371 1288 4442 λόγῳ
1325 4373 1416 4425 τοῦ
1449 4390 1633 4444 προει-

111 4460 218 4515 δέναι
248 4464 304 4516 τὰ
333 4466 501 4517 πάντα
539 4464 629 4515 τὸν
664 4463 816 4527 Θεὸν,
856 4464 948 4516 καὶ
981 4466 1090 4527 τοῖς
1118 4465 1174 4516 ἐν
1202 4459 1280 4527 οἷς
1311 4460 1419 4517 οἷον
1450 4465 1630 4518 ἐνετύ-

1735 1979 2026 2048 quidquatn
2064 1991 2238 2049 [)OICSt
2271 2019 2286 2042 ,
2319 1980 2420 2033 hoc
2449 1989 2541 2032 aut
2579 1979 2705 2032 illttd
2741 1981 2839 2034 ahs
2884 1979 2992 2032 Deo
3017 1979 3306 2048 impetrare

1734 2070 1853 2123 sine
1895 2071 2100 2124 ratione
2158 2072 2556 2124 contendimus.
2608 2071 2712 2123 Sed
2753 2085 3012 2140 quorsum
3058 2071 3304 2140 pluribus

1733 2163 2037 2214 communis
2065 2161 2225 2230 hujus
2257 2163 2325 2216 de
2362 2161 2472 2214 fato
2519 2161 2624 2214 loci
2657 2202 2671 2225 ,
2718 2177 2877 2231 quem
2906 2161 3304 2214 inconsiderate

1733 2255 1927 2325 vulgus
1954 2255 2128 2308 adhuc
2152 2256 2430 2308 hominum
2459 2255 2624 2317 trivit,
2659 2255 2994 2323 impietatem
3023 2258 3305 2323 persequi-

1736 2350 1896 2398 mur‘!
1942 2345 2071 2400 Eam
2126 2349 2324 2415 quippe
2369 2347 2634 2414 superiori
2687 2347 2935 2400 oratione
2985 2346 3304 2400 informasse

1734 2444 1933 2489 satest.
1994 2434 2110 2488 Jam
2145 2451 2292 2500 vero,
2323 2452 2444 2490 cum
2465 2437 2640 2489 loeutn
2672 2436 2820 2489 illum
2847 2439 3300 2506 expenderetuus,

1739 2546 1756 2576 ‹
1795 2527 1915 2578 Sint
1945 2527 1995 2578 in
2031 2528 2184 2597 signa
2212 2527 2521 2591 luminaria,
2545 2546 2561 2577 ι
2620 2527 3078 2596 quemadmodum
3104 2529 3156 2580 itt
3176 2543 3296 2579 eam

1733 2621 2150 2689 diSpttlationem
2178 2621 2379 2686 delapsi
2410 2619 2696 2683 fuerimus,
2722 2620 2881 2674 nobis
2901 2621 2951 2672 in
2983 2622 3302 2673 tut-tuorlaut

1733 2728 2070 2766 revocetnus.
2103 2711 2204 2775 Qui
2239 2711 2321 2763 vel
2354 2711 2534 2779 aliqua
2557 2710 2622 2763 de
2650 2727 2705 2763 re
2744 2711 2853 2764 veri
2900 2727 2957 2764 ea
2989 2711 3113 2764 aliis
3146 2711 3304 2779 quid-

1733 2805 1874 2874 piam
1929 2805 2251 2875 intelligunt,
2283 2806 2364 2856 vel
2401 2805 2613 2872 ipsimet
2652 2803 2728 2855 rei
2777 2812 2939 2870 gesta:
2996 2803 3190 2856 oculati
3227 2812 3304 2854 te-

1733 2905 1842 2950 stes
1887 2895 2120 2958 fuerunt,
2169 2896 2199 2948 ii
2227 2894 2471 2963 profecto
2513 2908 2623 2944 rem
2679 2894 2891 2961 aperire
2924 2894 3132 2946 sincere
3164 2894 3303 2946 inte-

1731 3003 1933 3057 greque
1967 2997 2190 3056 possunt
2223 3005 2234 3039 :
2293 2987 2492 3054 quippe
2514 2986 2628 3054 qui,
2669 2985 2748 3036 vel
2778 2985 2918 3052 quod
2947 3001 3138 3050 passus
3166 2983 3302 3036 alter

1732 3078 1913 3140 fuerit,
1939 3079 2022 3131 vel
2051 3078 2192 3147 quod
2226 3079 2363 3130 idetn
2389 3074 2695 3144 perfecerit,
2729 3087 2820 3128 aut
2849 3077 3022 3129 oculis
3053 3077 3149 3143 ipsi
3183 3076 3300 3129 suis

1733 3171 2068 3240 usurpariut,
2117 3179 2210 3223 aut
2249 3170 2479 3223 aliorum
2509 3170 2598 3238 qui
2642 3179 2818 3221 tamen
2845 3171 2918 3220 rei
2958 3184 3178 3221 causam
3207 3168 3301 3220 de-

1732 3263 1909 3316 derint
1934 3263 2155 3323 nttllatu.
2209 3263 2720 3314 commemoratione
2759 3269 3084 3328 acceperint.
3115 3264 3130 3326 (
3165 3259 3299 3311 Illud

1731 3357 1873 3408 enim
1906 3371 2036 3409 sane
2070 3358 2386 3408 omittamus
2419 3393 2434 3416 ,
2470 3353 2584 3406 fieri
2631 3368 2789 3421 posse
2814 3391 2829 3414 ,
2867 3363 2924 3404 ut
2967 3351 3059 3419 qui
3094 3351 3300 3420 aliquid

1731 3444 1812 3496 vel
1837 3444 1981 3512 passi
2019 3443 2220 3496 fuerint
2249 3484 2262 3503 ,
2298 3443 2378 3496 vel
2406 3442 2652 3505 fecerint,
2689 3456 2783 3494 eos
2811 3441 2996 3503 etiam,
3035 3440 3125 3507 qui
3162 3455 3299 3508 prte-

1734 3546 1917 3588 sentes
1949 3551 2053 3588 non
2084 3534 2450 3598 interfuerint,
2490 3533 2804 3587 narratione
2849 3531 2951 3601 ipsi
2996 3546 3091 3583 sua
3137 3531 3304 3585 totius

1735 3627 1785 3678 in
1856 3626 1933 3678 rei
1985 3627 2347 3694 cognitionem
2425 3626 2776 3692 adducant.)
2835 3621 2890 3675 Si
2951 3623 3074 3690 quis
3127 3637 3253 3690 ergo
3287 3661 3301 3687 ι

1737 3731 2023 3792 postquam
2064 3721 2196 3774 certi
2253 3720 2452 3788 aliquid
2510 3729 2602 3772 aut
2635 3719 2884 3770 evenisse
2938 3715 3298 3784 quihusdam,

1733 3825 1827 3868 aut
1881 3825 2200 3869 eventurum
2247 3827 2365 3864 csse
2398 3851 2413 3875 ,
2459 3811 2527 3864 ab
2583 3811 2675 3864 illo
2723 3811 2812 3878 qui
2851 3808 2966 3875 ejus
3002 3823 3165 3860 causa
3195 3820 3302 3858 non

1733 3910 1803 3963 sit
1838 3948 1854 3970 ,
1907 3907 2184 3960 auditione
2248 3904 2550 3972 acceperit,
2593 3918 2698 3955 non
2749 3903 2950 3969 cogitet
3020 3899 3162 3969 apud
3220 3913 3302 3964 se,

1734 4000 1984 4069 quisquis
2036 4013 2148 4052 rem
2211 3997 2512 4066 quatnlihet
2577 4004 2671 4047 aut
2712 4004 2918 4062 gestam
2982 4008 3103 4046 esse
3139 4032 3154 4055 ,
3211 3998 3307 4045 aut

1733 4102 1943 4161 gestum
1991 4092 2056 4145 iri
2109 4093 2298 4144 doceat
2330 4130 2343 4153 ,
2406 4106 2513 4142 tton
2571 4104 2692 4141 cum
2751 4087 3010 4140 continuo
3059 4085 3302 4154 ejusdem

1743 4185 1820 4238 rei
1858 4200 2078 4240 causam
2113 4199 2231 4238 esse
2262 4184 2341 4237 :is
2361 4199 2513 4245 sane,
2543 4182 2850 4252 quicunque
2879 4180 2958 4234 vel
2987 4179 3305 4232 factumali-

1732 4278 1859 4346 quid
1917 4277 1999 4329 vel
2057 4276 2298 4329 futurum
2352 4291 2470 4328 esse
2519 4275 2777 4342 aperiet,
2838 4273 2904 4325 ab
2967 4276 3156 4326 eodem
3209 4279 3304 4325 ant

1733 4372 2033 4439 profectum
2091 4370 2220 4421 illud
2277 4367 2761 4437 autprofetztnrnm
2790 4365 3120 4434 opinabitur,
3167 4363 3301 4415 falso

1735 4471 1912 4515 tamen
1945 4461 2275 4529 Opinahitur.
2324 4458 2498 4512 Veluti
2530 4459 2573 4512 si
2598 4459 2742 4528 quis,
2779 4459 2864 4511 ubi
2900 4473 2964 4510 ex
2986 4455 3300 4526 prophetico

114 4572 223 4609 πωσε
243 4559 330 4628 τῆς
349 4559 540 4612 ἑαυτοῦ
565 4557 924 4630 προγνώσεως
944 4560 1068 4622 τοὺς
1107 4561 1295 4627 λόγους
1315 4599 1328 4619 ,
1367 4561 1631 4630 κατανοή-

1737 4553 2028 4616 volumine,
2073 4552 2215 4620 quod
2247 4549 2395 4603 Jutlte
2432 4552 2724 4620 proditoris
2765 4551 2941 4604 scelus
2963 4549 3301 4614 exitiumque

117 4661 178 4698 σαι
202 4649 274 4710 ἄν,
304 4651 380 4702 δτι
401 4650 520 4702 οὔτε
546 4653 573 4703 ό
605 4651 871 4720 πωγνοῦς
901 4650 1116 4714 παντως
1141 4651 1310 4714 αἴτιος
1347 4652 1454 4702 τῶν
1497 4670 1629 4721 προ-

113 4745 432 4812 εγνωσμένων,
453 4743 576 4795 οὔτε
608 4743 676 4795 τὰ
696 4745 818 4805 τοὺς
838 4743 1039 4806 τύπους
1061 4743 1165 4795 τῶν
1188 4743 1356 4811 λόγων
1378 4745 1472 4813 τῆς
1502 4761 1632 4815 προ-

115 4829 315 4895 γνώσεως
354 4834 442 4886 τοῦ
480 4833 885 4906 προεγνωκότος
918 4831 1202 4902 δεξάμενα.
1248 4835 1368 4884 ’Ὁτι
1414 4835 1509 4902 μὲν
1539 4830 1629 4886 οὖν

115 4921 292 4977 ἕκαστον
312 4925 414 4977 τῶν
441 4925 713 4996 ἐσομένων
741 4925 845 4994 πρὸ
873 4924 1064 4977 πολλοῦ
1093 4921 1229 4978 οἶδεν
1261 4928 1290 4978 ὀ
1323 4926 1451 4987 Θεὸς
1471 4943 1630 4995 γενη-

118 5014 312 5084 σόμενον,
345 5021 434 5072 καὶ
464 5020 631 5090 χωρὶς
667 5020 763 5090 μὲν
795 5017 1016 5089 Γραφῆς
1041 5018 1260 5071 αὐτόθεν
1305 5019 1367 5070 ἐκ
1408 5019 1504 5088 τῆς
1547 5020 1629 5069 ἐν·

117 5108 228 5172 νοίας
247 5111 333 5180 τῆς
366 5113 492 5182 περὶ
517 5111 650 5164 Θεοῦ
681 5111 841 5181 δῆλον
866 5109 943 5180 τῷ
969 5110 1198 5162 συνιέντι
1232 5108 1444 5179 ἀξίωμα
1473 5109 1630 5162 δυνά-

173 5361 260 5434 (18)
289 5361 474 5429 Δῆλον
500 5362 608 5434 γάρ
635 5363 764 5416 ἐστι
807 5363 946 5428 τοὺς
987 5361 1310 5434 τοιούτους.
1345 5359 1507 5434 Forte
1536 5362 1631 5415 de-

123 5426 293 5486 lendum
338 5426 518 5488 fuerit'
545 5426 666 5495 τοὺς
712 5426 1001 5495 τοιούτους.
1033 5431 1144 5484 Nisi
1178 5432 1445 5492 dicamus,
1489 5432 1634 5487 hunc

125 5507 435 5573 accusativum
470 5520 565 5573 pro
591 5505 924 5556 nominativo
952 5513 1294 5573 usurpatum,
1331 5513 1389 5554 ut
1420 5501 1472 5555 itt
1509 5518 1632 5556 ver-

126 5569 273 5624 borum
320 5569 609 5628 activorum
669 5569 1228 5627 constrttt'rtionetiet'i
1283 5573 1460 5637 solet;
1497 5589 1546 5625 v.
1575 5582 1627 5636 g.

129 5653 218 5693 cum
246 5644 411 5699 dicunt
451 5642 563 5698 οἶδα
607 5646 714 5712 γάρ
745 5661 823 5705 σε,
858 5645 938 5696 ὅτι
968 5641 1122 5694 τοῦτο
1153 5643 1432 5712 ἐποίησας,
1470 5651 1522 5695 et
1557 5645 1632 5696 si-

131 5712 257 5784 tnilia.
283 5695 430 5769 Prius
457 5695 631 5769 tamen
648 5695 823 5776 “illud,
847 5695 986 5781 apud
1033 5695 1368 5782 antiquiores
1393 5695 1464 5766 “et
1489 5695 1630 5767 clas-

130 5792 255 5852 βίαις,
277 5800 474 5846 vereor,
503 5795 556 5838 nt
583 5786 739 5838 facile
769 5785 1020 5852 reperias.

179 5851 266 5920 (l9)
297 5855 426 5909 Τάδε
454 5857 582 5909 τινὰ
609 5851 1027 5923 γινώσκουσιν.
1062 5852 1185 5908 ιιωε
1228 5853 1452 5908 omnino
1491 5871 1629 5922 παρ-

1738 4643 2326 4714 pt-zediceret,futuram
2379 4645 2542 4696 totius
2573 4645 2646 4696 rei
2674 4643 2870 4696 seriem
2919 4641 3297 4703 intellexisset,

1737 4733 1978 4802 adeoque
2011 4752 2132 4788 cum
2161 4734 2274 4787 suis
2301 4732 2501 4786 factum
2529 4735 2704 4802 ipsum
2761 4733 2938 4786 oculis
2978 4734 3299 4793 intueretur,

1738 4825 1875 4877 idem
1910 4825 1964 4877 in
1991 4824 2238 4877 volumen
2273 4823 2530 4878 facinoris
2561 4839 2781 4877 causam
2815 4838 3032 4877 omnem
3056 4823 3302 4890 culpatu-

1736 4933 1840 4987 que
1866 4917 2138 4971 conferret
2174 4938 2184 4971 :
2217 4926 2328 4978 aut,
2357 4917 2399 4969 si
2430 4917 2612 4969 minus
2658 4916 2908 4968 volumen
2931 4955 2944 4976 ,
2978 4931 3098 4967 eum
3135 4923 3297 4978 certe,

1739 5024 1767 5061 a
1801 5026 1906 5079 quo
1941 5011 2172 5078 primum
2224 5009 2595 5077 conscriptum
2655 5008 2779 5062 illud
2822 5017 2994 5074 esset,
3044 5019 3134 5062 aut
3176 5023 3302 5061 vere

1739 5103 1905 5158 Deum
1933 5105 2127 5172 ipsum,
2156 5103 2313 5171 cujus
2344 5102 2571 5170 impulsu
2623 5117 2685 5156 ac
2725 5103 2945 5155 nomine
2992 5100 3301 5170 prodiisset,

1737 5360 1911 5412 έλκειν
1943 5358 2219 5423 existimo,
2255 5377 2376 5415 Clllll
2407 5361 2517 5428 jam
2573 5359 2734 5429 paulo
2771 5368 2896 5414 ante
2945 5361 3306 5429 praecesserit,

1736 5430 2124 5497 ἀποφαίνονται
2156 5431 2279 5483 τάδε
2313 5433 2433 5485 τινὰ
2463 5431 2658 5499 ύγειῶς
2679 5449 2690 5460 ’
2727 5441 2816 5484 aut
2867 5431 2911 5484 si
2945 5430 3058 5484 luce
3087 5447 3307 5501 quoque

1739 5502 1956 5569 retineri
2006 5502 2207 5569 placet.
2244 5504 2586 5555 scribendum
2624 5510 2748 5555 ante
2777 5501 2939 5556 fuerit
2970 5503 3062 5556 καὶ
3095 5501 3156 5556 τὸ
3198 5503 3303 5556 πάο

1736 5568 1846 5633 θος,
1873 5583 1974 5624 etc.

1807 5643 1914 5708 (20)
1945 5643 2284 5708 Ataxplrwr.
2325 5643 2440 5712 Γρ..
2466 5642 2747 5712 διακρίνοι,
2785 5643 2929 5710 quod
2962 5643 3132 5713 magis
3178 5660 3293 5713 pr0~

1737 5726 1806 5782 oo
1837 5730 1849 5764 :
1883 5713 2083 5780 alioqui
2118 5729 2241 5766 mox
2276 5723 2396 5782 post
2437 5714 2665 5766 alterum
2695 5715 2958 5781 οἰήσεται,
2994 5726 3085 5768 aut
3111 5713 3167 5766 δέ
3200 5715 3296 5768 tol-

1736 5781 1951 5856 lenitum
1985 5784 2226 5856 videtur,
2267 5781 2360 5837 aut
2403 5786 2725 5840 sumendum
2764 5800 2860 5853 pro
2903 5785 2988 5856 δή,
3025 5787 3165 5855 quod
3199 5787 3302 5840 hoc

1736 5853 1854 5907 loco
1882 5854 2062 5907 minus
2086 5855 2338 5920 placeret.
