3864 6386
161 361 241 417 485

1268 357 1589 414 PREPAB.
1632 359 1883 418 EVANG.
1924 361 2053 419 LIB.
2097 363 2186 421 Vl.

3229 373 3338 429 486

161 481 432 555 συνεργήσας
467 485 528 553 τῇ
576 483 826 554 οἰκοδομῇ
875 481 968 536 τοῦ
1014 480 1142 537 ναοῦ
1164 524 1178 548 ,
1233 484 1506 555 γενομένῳ
1543 484 1648 556 (28)

1759 486 1904 552 tatis,
1951 503 2072 556 qua:
2117 491 2422 546 celebratur
2453 491 2506 546 in
2543 491 2704 552 Ju‘da.
2763 493 2827 547 Et
2870 491 3113 548 ascendit
3145 493 3336 555 altare,

158 576 264 628 κατὰ
284 577 390 637 τοὺς
413 574 625 644 χρόνους
654 575 862 645 Ἐαδρα
882 615 895 637 ,
926 575 1099 627 ταῦτα
1145 576 1272 645 περὶ
1314 574 1498 646 Κύρου
1547 577 1664 628 ὀνο-

158 667 283 737 μαπὶ
303 664 670 738 πρνίερητεύεται
690 683 702 694 ·
745 685 762 716 1
795 664 948 718 Οὕτω
980 665 1124 732 λέγει
1147 666 1348 738 Κύριος
1373 668 1402 719 ὁ
1431 665 1563 730 Θεὸς
1584 665 1662 737 τῷ

154 756 322 828 Χριςτῷ
349 772 437 826 μω
470 756 654 827 Κύρῳ,
703 751 764 810 οὗ
817 760 1094 830 ἐκράτησα
1123 759 1224 828 τῆς
1269 759 1444 823 δεξιᾶς
1474 759 1659 822 αὐτοῦ,

152 848 389 900 ἐπακοῦσαι
421 847 720 918 ἔμπροσθεν
743 850 905 902 αὑτοῦ
931 851 1078 921 ἔθνη,
1108 851 1200 904 καὶ
1224 852 1375 921 ἰσχὺν
1397 850 1660 920 βασιλέων

149 938 364 1008 διαρρήξω
387 937 490 1003 (‘29)
514 954 526 966 °
552 938 748 1002 ἀνοξξω
776 939 1084 1012 ἔμπροσθεν
1121 941 1287 994 αὐτοῦ
1319 941 1512 1012 θύρας,
1565 941 1660 995 καὶ

149 1030 271 1081 πᾶλαι
294 1032 347 1082 οὐ
375 1031 900 1101 συγκλεισθήσονται.
945 1032 1083 1100 Ἐγὼ
1117 1033 1419 1104 ἔμπροσθέν
1452 1051 1546 1086 σου
1570 1050 1661 1086 πο-

149 1120 373 1191 ρεὺςομαι,
411 1123 500 1173 καὶ
525 1121 625 1191 ὄρη
663 1122 775 1192 (50)
809 1123 1019 1193 ὁμαλιῶ
1042 1140 1054 1152 ·
1086 1123 1254 1194 θύρας
1299 1124 1504 1194 χαλκᾶς
1538 1143 1658 1180 συν-

143 1214 289 1284 τρίψω,
326 1214 410 1266 καὶ
457 1213 686 1283 μοχλοὺς
742 1215 995 1286 σιδηροῦς
1024 1217 1336 1271 συνθλάςω·
1386 1220 1480 1272 καὶ
1503 1217 1656 1271 δώσω

141 1321 200 1356 σοι
237 1304 512 1376 θησαυροὺς
572 1307 900 1368 σκοτεινοὺς,
965 1308 1338 1379 ἀποκρύφους,
1391 1311 1656 1380 ἀοράτους

138 1395 286 1459 mag.»
315 1412 406 1459 σοι,
444 1398 528 1448 ἴνα
557 1396 717 1466 γνῷς,
755 1399 835 1450 ὅτι
864 1397 974 1466 ἐγὼ
1002 1399 1205 1469 Κύριος
1249 1403 1277 1453 ὁ
1311 1401 1442 1464 Θεὸς
1462 1442 1475 1465 ,
1505 1404 1532 1454 ὁ
1558 1421 1654 1455 κα-

137 1487 213 1539 λῶν
237 1489 284 1540 τὸ
307 1489 463 1558 ὄνομα
496 1505 620 1553 σου,
659 1488 789 1550 θεὸς
823 1491 1060 1562 Ἰσραήλ.
1094 1493 1318 1545 Ἕνεκεν
1345 1493 1437 1546 τοῦ
1469 1495 1655 1558 παιδός

137 1598 211 1649 μου
243 1580 410 1632 Ἰακὼὸ
441 1582 532 1634 καὶ
577 1581 796 1653 Ἰσραὴλ
841 1583 934 1635 τοῦ
966 1583 1221 1636 ἐκλεκτοῦ
1265 1602 1367 1655 μου
1407 1585 1517 1654 ἐγὼ
1555 1605 1654 1640 κα-

134 1673 237 1726 λέςω
264 1692 312 1726 σε
338 1674 409 1744 τῷ
437 1674 660 1745 ὀνόματί
692 1692 805 1739 σου,
839 1676 933 1730 καὶ
966 1676 1326 1748 προσδέξομαί
1375 1697 1432 1731 σε
1482 1681 1646 1750 (51).1

134 1765 280 1832 Σίὲὧς
304 1766 399 1837 γάρ
425 1768 517 1819 καὶ
541 1768 606 1820 ἐκ
622 1765 823 1820 τούτων
847 1767 1160 1839 δεδήλωται,
1181 1772 1262 1823 ὅτι
1285 1770 1373 1824 διὰ
1393 1771 1484 1824 τὸν
1499 1773 1646 1837 λαὸν,

131 1857 171 1908 ὃν
191 1859 535 1929 εὐηργέτησεν,
555 1863 585 1932 εδ
609 1859 811 1933 Κύριος
836 1864 864 1914 ὁ
886 1861 1018 1924 Θεὸς
1047 1863 1120 1933 μὴ
1155 1862 1473 1931 γινώακοντι
1503 1865 1649 1936 αὐτῴ

132 1950 200 2019 τὴν
241 1951 343 2004 καθ’
401 1953 690 2023 Ἐϐραίους
753 1954 1061 2008 θεοσέϐειαν
1117 1955 1426 2026 ἐδωρήσατο
1482 1955 1650 2009 ἐθνῶν

131 2040 329 2092 πλεύνων
366 2039 544 2111 ἄρξαι.
583 2043 692 2096 Καὶ
717 2043 831 2096 ἔστι
862 2042 1034 2097 ταῦτα
1069 2043 1259 2114 μαθεῖν
1289 2047 1380 2098 καὶ
1407 2045 1512 2098 ἀπὸ
1544 2046 1650 2098 τῶν

138 2132 347 2200 Ἑλλήνων
369 2132 473 2184 τῶν
511 2135 947 2205 ἀναγραψάντων
969 2135 1033 2188 τὰ
1068 2136 1198 2206 περὶ
1222 2136 1312 2188 τὸν
1346 2155 1650 2207 προφητευ-

131 2222 247 2275 θέντα
271 2223 453 2294 Κῦρον.
493 2225 620 2278 Ἔτι
644 2226 702 2278 δὲ
729 2226 822 2279 καὶ
853 2227 909 2278 ἐν
932 2225 1009 2296 τῷ
1041 2225 1258 2296 Δανιὴλ,
1299 2227 1648 2284 Βαϐυλωνίων

131 2313 457 2382 {tanaim-away:
490 2317 639 2380 τότε,
673 2317 748 2388 τῷ
773 2318 1243 2388 Ναϐουχοδονόσορ
1270 2319 1572 2372 δείκνυνται
1593 2322 1647 2372 αἱ

129 2406 328 2475 talpa/1'.
355 2407 625 2477 βασιλεῖαι
655 2411 773 2479 μετ’
804 2409 984 2462 αὐτόν.
1011 2411 1322 2463 Δείκνυνται
1347 2410 1402 2462 δὲ
1430 2409 1516 2463 διὰ
1549 2411 1649 2480 τῆς

129 2500 299 2563 εἰκόνος,
338 2501 556 2571 χρυσίου
591 2503 690 2573 μὲν
720 2503 819 2573 τῆς
853 2502 1207 2556 Βαϐυλωνίων
1242 2503 1416 2571 ἀρχῆς
1455 2503 1650 2574 ὀνομα-

129 2589 322 2662 ζομένης,
355 2595 624 2667 ἀργυρίου
669 2596 725 2649 δὲ
770 2596 871 2665 τῆς
911 2596 1170 2667 Περσῶν,
1217 2594 1416 2665 χαλκοῦ
1457 2596 1510 2649 δὲ
1550 2597 1649 2666 τῆς

126 2688 406 2751 Μακεῶνων,
440 2691 666 2762 σιδήρου
696 2690 750 2742 δὲ
784 2691 880 2761 τῆς
925 2689 1228 2760 Ῥωμαίων.
1261 2691 1367 2742 Καὶ
1396 2689 1558 2743 πάλιν
1591 2692 1648 2742 ὲν

202 2781 322 2850 αὐτῷ
341 2784 598 2855 προφήτῃ
623 2783 690 2834 τὰ
722 2782 848 2852 περὶ
880 2783 1100 2853 Δαρεῖον
1137 2783 1230 2834 καὶ
1285 2781 1646 2852 Ἁλέξανδρον,

125 2874 194 2923 καὶ
235 2877 341 2937 τοὺς
386 2875 659 2945 τέσσαρας
711 2874 980 2944 διαδόχους
1013 2873 1124 2943 (52)
1165 2871 1510 2943 Ἀλεξάνδρου
1552 2873 1648 2927 τοῦ

125 2963 386 3017 Μακεῶνων
421 2966 710 3036 βασιλέως,
741 2967 834 3020 καὶ
863 2966 1194 3036 Πτολεμαῖον
1220 2966 1330 3036 (55)
1361 2966 1451 3019 τὸν
1481 2966 1648 3034 Αἰγύ-

126 3071 224 3107 πτου
250 3055 467 3126 ἄρξαντα
485 3100 500 3122 ,
532 3058 629 3110 τὸν
658 3057 1082 3128 ἐπικαλούμενον
1110 3056 1305 3124 Δαγὼν
1334 3057 1444 3126 (54)
1466 3097 1480 3119 ,
1509 3057 1649 3110 οὕτω

125 3149 497 3218 προφητεύεται·
535 3168 554 3199 1
590 3149 828 3202 Καὶξδου
863 3149 1061 3219 τράγος
1106 3147 1275 3216 αἰγῶν
1315 3149 1512 3219 ἤρχετο
1543 3149 1650 3202 ἀπὸ

123 3239 230 3303 λιϐὸς
261 3241 978 3312 ὲπὶπρόσωπονπὰσηςτῆς
1011 3243 1149 3312 γῆς·
1205 3241 1297 3293 καὶ
1345 3240 1422 3311 τῷ
1461 3242 1647 3311 τράγῳ

123 3331 246 3402 κέρας
267 3335 358 3387 ἀνὰ
395 3336 539 3388 μέσα
599 3333 707 3386 τῶν
731 3333 1046 3405 ὀφθαλμῶν.
1097 3333 1203 3385 Καὶ
1230 3328 1389 3386 ἦλθεν
1419 3333 1522 3398 ἓως
1553 3334 1645 3387 τοῦ

1676 3175 1717 3230 C

174 3489 207 3520 ³¹
225 3489 278 3543 111
303 3491 424 3561 Reg.
461 3509 560 3557 xu,
605 3492 693 3546 52.
769 3491 812 3523 ³³
843 3490 910 3544 lll
939 3490 1066 3561 Reg.
1102 3505 1222 3557 xm,
1246 3490 1294 3546 l.

174 3647 261 3720 (£8)
298 3648 625 3718 Γενομένῳ.
668 3646 916 3720 Legend.
973 3645 1185 3700 videtur
1233 3645 1532 3718 γενομένῃ,
1589 3659 1648 3704 ιιι

124 3721 358 3772 conveniat
386 3736 508 3774 cum
538 3719 818 3788 οἰκοδομῇ.

175 3788 261 3856 (‘29)
301 3790 490 3859 Ἰσχὺν
517 3784 835 3854 βασιλέὧν
862 3784 1176 3859 διαῤῥήξω.
1212 3784 1454 3855 Vulgat.,
1486 3788 1648 3842 dorsa

125 3855 262 3939 regunt
302 3855 529 3937 vertam,
573 3882 740 3932 Πηεκ
781 3855 968 3930 13³3⁸772
1011 3879 1191 3928 unci.
1247 3867 1378 3934 Quae
1436 3872 1646 3926 utrovis

126 3943 250 3994 modo
291 3944 655 4012 interpreteris
706 3944 851 4004 licet,
896 3941 1098 3993 lumbos
1145 3941 1306 4012 dorsa
1332 3957 1508 4010 regum
1534 3942 1645 3995 δοι-

125 4027 240 4076 tam;
267 4017 339 4067 vel
368 4009 527 4068 luinb.
581 4031 689 4081 reg.
728 4024 976 4081 relegam.
1018 4010 1246 4063 nudabo.
1282 4009 1525 4064 Priorem
1558 4028 1644 4066 se-

127 4082 210 4135 cuti
250 4083 610 4154 Septuaginta,
645 4099 742 4152 per
786 4083 1012 4154 lumbos.
1066 4082 1233 4154 robur
1287 4092 1340 4134 et
1375 4083 1646 4135 fortitudi-

127 4167 217 4205 nem
277 4151 579 4209 intellexere
612 4151 658 4214 :7
697 4153 1047 4222 posteriorem
1107 4151 1355 4220 vulgatus
1412 4153 1642 4217 maluit,

127 4231 236 4290 terga
266 4226 397 4278 enim
429 4237 641 4278 vertere
670 4223 832 4287 hosti,
864 4222 1069 4275 nudare
1101 4231 1204 4274 est.

177 4312 264 4379 (ὅθ)
296 4316 447 4381 Ὄρη.
477 4313 720 4382 angat,
747 4313 1023 4382 gloriosos,
1056 4310 1217 4364 llehr.
1257 4318 1461 4368 av-n-m
1485 4329 1498 4376 ;
1525 4327 1646 4379 ηοω

125 4396 201 4434 vox
230 4389 422 4438 tametsi
460 4402 488 4438 a
532 4381 930 4437 recentioribus
970 4381 1206 4435 Hebraeis
1236 4397 1332 4443 pro
1358 4382 1556 4448 di/ﬁcili
1593 4392 1644 4435 et

127 4452 289 4522 obliqua
312 4456 389 4508 via
415 4466 687 4512 sumatur,
724 4470 848 4507 cum
882 4463 1057 4505 tamen
1091 4453 1159 4504 sit
1205 4467 1268 4522 ex
1313 4452 1488 4504 radice
1514 4459 1639 4514 11:1,

127 4520 221 4589 qua
255 4529 474 4579 decorem
522 4536 578 4579 et
625 4525 851 4594 gloriam
899 4530 1076 4586 sonat,
1127 4520 1351 4594 dubium
1404 4537 1509 4573 non
1560 4532 1643 4575 est
1675 4530 1719 4585 l)

127 4596 225 4666 quin
255 4599 442 4664 optime
481 4591 738 4666 gloriosos
780 4594 1063 4666 significet,
1100 4607 1238 4660 quos
1285 4591 1447 4644 etiam
1481 4608 1634 4644 mon-

129 4663 228 4716 tium
255 4663 459 4721 nomine
482 4663 837 4735 Septuaginta
870 4663 1196 4730 intelligunt.

179 4754 267 4821 (31)
308 4755 409 4807 Καὶ
455 4751 1000 4822 προσδέξομαίνσε.
1043 4748 1330 4822 Itaiidem
1383 4745 1658 4822 Septuag.,

130 4818 299 4893 Vulgat.
344 4818 551 4888 autem,
598 4818 888 4876 assimilavi
939 4830 1006 4872 te.
1062 4819 1222 4872 Hebr.
1259 4828 1418 4901 ᾟΣΝ.
1469 4818 1640 4869 lladix

129 4924 218 4979 Γᾶ),
253 4918 291 4971 si
329 4916 721 4970 recentioribus
770 4912 1009 4966 Hebraeis
1041 4911 1172 4963 ﬁdes
1206 4919 1318 4973 est,
1350 4907 1637 4979 signiﬁcat.

132 4978 390 5040 subobscure
420 4988 654 5039 indicare
688 4995 781 5038 aut
813 4980 1094 5051 appellare,
1126 4981 1280 5047 quasi
1312 4978 1640 5051 αἰνίττεσθαι

133 5055 235 5124 πρὸς
258 5075 380 5110 τινα.
418 5057 522 5111 Sed
559 5057 740 5109 malim
773 5050 1100 5124 l‘lieronymo
1131 5051 1369 5124 credere,
1407 5050 1497 5116 qui
1533 5065 1638 5124 non

135 5120 261 5180 sémel
300 5131 430 5182 hanc
479 5142 667 5181 vocem
727 5125 916 5184 reddit,
965 5120 1292 5180 ossimitare,
1341 5121 1636 5188 prtesertim

135 5209 228 5268 cum
253 5199 391 5268 longe
434 5199 503 5253 sit
540 5195 835 5256 illustrius,
865 5193 1036 5268 certis_
1063 5199 1214 5268 tanto
1256 5199 1379 5268 ante
1423 5204 1640 5268 ac_p_er-

136 5266 294 5332 Spicuis
335 5259 735 5322 characteribus
782 5269 978 5334 Cyrum
1027 5260 1330 5334 iufprmari,
1374 5259 1640 5334 (ια-11111110

137 5327 383 5409 assimilare
412 5340 698 5408 signiﬁcat,
722 5327 883 5406 quain
911 5331 1163 5409 ἀμυδρῶς
1208 5327 1662 5409 ὑπομηνύεοθαι.’

138 5404 252 5461 Adde
290 5403 516 5479 proxime
562 5403 762 5479 dictum
814 5421 952 5468 esse,
984 5403 1160 5454 vocavi
1189 5412 1236 5479 te
1267 5403 1472 5452 nomine
1503 5408 1591 5450 tuo
1620 5414 1638 5451 :

141 5479 249 5541 quod
272 5473 422 5533 multo
441 5489 522 5533 est
549 5477 952 5547 ἐναργέστερον,
980 5473 1400 5547 quantoliscure
1430 5478 1636 5547 tantum

141 5549 387 5613 appellare;
415 5565 535 5617 quae
576 5541 815 5617 μείωςις,
844 5541 970 5618 1111(
993 5541 1188 5618 prioris
1222 5541 1498 5618 sentcntiae
1535 5541 1638 5618 1111-

143 5610 232 5669 fuit]
269 5610 512 5688 quantum
562 5610 891 5686 infringeret.
939 5610 1286 5688 Septuaginta
1333 5610 1474 5679 quod
1515 5610 1640 5688 atti-

145 5695 227 5768 net,
262 5680 435 5757 legisse
479 5680 884 5768 videnturvmp,
913 5680 1054 5756 quod
1089 5691 1191 5745 est,
1237 5697 1425 5743 emere,
1463 5680 1638 5749 possi-

145 5752 575 5830 derELnonautem
605 5769 725 5830 Iug.
929 5752 946 5756 ’
1250 5821 1260 5830 _
1525 5820 1535 5830 .
1622 5819 1632 5830 ο

196 5824 282 5896 (53)
331 5828 621 5896 Τέσσαρας
671 5826 1004 5896 διαδόχους,
1058 5823 1119 5877 111
1177 5821 1320 5876 enim
1379 5821 1635 5891 praecipui

1765 581 1907 644 quod
1949 578 2074 631 fecit
2135 579 2186 633 in
2243 581 2448 646 Bethel,
2498 593 2558 637 ut
2615 583 3143 647 immolaretvitulis
3205 601 3340 652 quas

1765 666 2060 722 labricatus
2115 668 2289 724 fuerat
2315 672 2380 725 ³².
2419 691 2437 723 1
2481 672 2543 728 Et
2587 675 2748 743 paulo
2810 684 2932 744 post
2971 693 2984 729 :
3027 693 3046 726 1
3083 674 3148 729 Et
3212 689 3337 729 etee

1769 757 1854 810 vir
1900 758 1992 814 Dei
2045 761 2193 816 venit
2239 764 2306 817 de
2355 764 2514 831 Juda,
2584 767 2636 821 in
2704 785 2956 824 sermone
3012 768 3245 831 Domini,
3280 768 3334 820 in

1763 849 1967 914 Bethel,
2016 851 2304 908 Jeroboam
2357 865 2534 911 stante
2566 874 2728 928 super
2766 861 2954 926 altare,
2985 870 3040 914 et
3103 860 3227 914 thus
3250 859 3336 928 ja-

1760 941 1955 993 ciente.
2016 941 2082 996 Et
2146 944 2465 999 exclamavit
2511 958 2696 1002 contra
2762 951 2932 1003 altare
2976 950 3029 1003 111
3083 965 3335 1003 sermone

1760 1031 1999 1099 Domini,
2040 1045 2093 1089 et
2139 1038 2246 1091 ait:
2300 1039 2507 1107 Altare,
2557 1042 2746 1107 altare,
2804 1043 2915 1096 haec
2982 1044 3113 1097 dicit
3154 1043 3334 1096 Domi-

1759 1141 1908 1180 nus:
1955 1127 2088 1182 Ecee
2138 1130 2280 1184 lilius
2348 1145 2603 1187 nascetur
2666 1136 2850 1188 domui
2907 1135 3094 1198 David,
3149 1135 3330 1190 Josias

1758 1220 1996 1283 nomine,
2031 1231 2084 1273 et
2147 1222 2451 1277 immolabit
2496 1242 2658 1294 super
2687 1236 2738 1280 te
2769 1229 3079 1281 sacerdotes
3144 1228 3329 1282 excel-

1758 1322 1965 1372 sorum,
2008 1310 2099 1380 qui
2141 1313 2366 1366 nuncin
2403 1323 2453 1367 te
2500 1315 2656 1368 thura
2713 1318 3067 1382 S'ICCClldUlll,
3095 1327 3148 1370 et
3205 1334 3329 1372 ossa

1755 1401 2048 1455 hominum
2106 1417 2271 1473 super
2328 1417 2376 1459 te
2419 1407 2697 1461 ineendet.
2748 1408 3011 1478 Deditque
3038 1412 3087 1464 in
3127 1411 3215 1465 illa
3243 1413 3331 1467 die

1755 1491 1992 1560 signum,
2053 1495 2241 1550 dicens
2283 1515 2297 1550 :
2337 1496 2449 1552 Hoc
2492 1501 2596 1552 erit
2636 1499 2871 1568 signum,
2926 1503 3070 1572 quod
3118 1503 3329 1557 locutus

1753 1591 1833 1637 est
1891 1583 2186 1640 Dominus:
2247 1585 2385 1642 Ecce
2434 1588 2604 1644 altare
2647 1591 2942 1654 scindetur,
2973 1600 3027 1645 et
3081 1591 3328 1647 effunde-

1755 1686 1842 1728 tur
1895 1676 2099 1744 adeps,
2143 1677 2235 1746 qui
2294 1678 2345 1729 in
2397 1693 2460 1729 eo
2514 1687 2596 1729 est
2637 1677 2694 1729 ³³.
2751 1695 2768 1726 1
2811 1677 2888 1730 Ae
2926 1677 3113 1744 paucis
3163 1678 3331 1730 inter-

1751 1767 1941 1836 jectis,
1985 1770 2154 1822 altare
2200 1770 2543 1837 disruptum,
2584 1769 2923 1837 effusumque
2963 1771 3172 1839 adipem
3213 1786 3332 1825 esse

1755 1871 2024 1924 narratur,
2085 1861 2229 1929 quod
2287 1863 2498 1930 signum
2541 1861 2592 1914 in
2645 1875 2896 1914 sermone
2938 1859 3150 1914 Domini
3207 1877 3332 1930 pro-

1755 1954 1914 2022 pheta
1965 1953 2204 2008 dederat.
2251 1953 2512 2007 Similitcr
2559 1952 2700 2022 apud
2749 1951 2965 2016 Isaiam,
3007 1953 3100 2021 qui
3145 1954 3331 2009 multis

1755 2057 1880 2101 ante
1925 2049 2289 2118 captivitatem
2337 2046 2717 2118 Babylonicam
2765 2047 2926 2100 annis
2972 2046 3207 2110 vixerat,
3264 2047 3331 2100 de

1755 2139 1898 2207 Cyro
1925 2139 2212 2194 Persarum
2247 2154 2406 2208 rege,
2449 2140 2543 2209 qui
2593 2146 2743 2192 tanto
2783 2137 3148 2206 captivitatem
3183 2139 3329 2192 illam

1755 2233 2038 2286 intervallo
2092 2242 2313 2288 secutus
2368 2243 2491 2299 est,
2551 2232 2750 2302 quippe
2818 2230 2909 2300 qui
2979 2231 3332 2284 instaurando

1755 2319 1954 2388 templo
1998 2318 2073 2379 (id
2133 2321 2276 2389 quod
2331 2320 2386 2373 in
2434 2320 2620 2375 Esdrae
2651 2331 2862 2392 tempus
2926 2323 3136 2394 incidit)
3193 2339 3323 2393 epe-

1752 2427 1868 2465 ram
1918 2412 2130 2465 navarit
2180 2428 2378 2478 suam;
2423 2413 2493 2466 ita
2547 2415 2868 2469 nominatim
2897 2418 3321 2485 prtenuntiatum

1753 2504 1919 2558 habes
1964 2519 1979 2556 :
2054 2523 2072 2554 1
2107 2502 2231 2559 l-lzec
2264 2505 2392 2560 dicit
2449 2505 2712 2562 Dominus
2763 2509 2970 2563 christo
2994 2525 3116 2564 meo
3157 2509 3321 2580 Cyro,

1750 2598 1904 2666 cujus
1969 2598 2298 2666 apprehendi
2373 2601 2675 2664 dexteram,
2733 2611 2790 2656 ut
2848 2603 3136 2671 subjiciam
3199 2611 3323 2655 ante

1750 2686 1941 2739 faciem
1984 2687 2102 2755 ejus
2171 2697 2382 2757 gentes,
2419 2699 2474 2744 et
2522 2689 2897 2746 fortitudinem
2947 2692 3152 2763 Regum
3201 2709 3322 2762 per-

1750 2778 1981 2849 fringam
2035 2798 2048 2834 :
2095 2780 2332 2850 aperiam
2396 2797 2581 2836 coram
2647 2798 2713 2837 eo
2766 2783 2987 2854 januas,
3051 2796 3103 2839 et
3154 2795 3323 2854 porta:

1751 2885 1857 2922 non
1949 2869 2287 2924 cluulentur.
2371 2870 2484 2942 Ego
2561 2880 2686 2926 ante
2738 2881 2787 2926 te
2833 2872 2940 2939 ibo,
2995 2882 3048 2927 et
3112 2883 3322 2927 mortles

1750 2960 1912 3031 285
1980 2962 2338 3031 complanabo
2388 2981 2400 3016 :
2457 2973 2641 3031 portas
2702 2979 2870 3018 aereas
2915 2973 3216 3029 conteram,
3265 2971 3321 3018 et

1751 3066 1929 3110 vectes
1992 3055 2198 3108 ferreos
2258 3054 2621 3126 confringant.
2660 3056 2723 3108 Et
2749 3058 2889 3110 dabo
2914 3059 3008 3111 tibi
3034 3058 3318 3112 thesauros

1753 3146 2138 3209 absconditos,
2195 3147 2479 3213 occultos,
2537 3148 2833 3202 invisibiles
2881 3149 3117 3217 aperiam
3197 3147 3315 3211 tibi,

1755 3249 1815 3293 ut
1880 3241 2020 3294 scias
2075 3240 2202 3309 quia
2245 3256 2345 3309 ego
2399 3241 2661 3297 Dominus
2729 3241 2891 3307 Deus,
2931 3241 3022 3310 qui
3056 3256 3191 3295 voco
3220 3255 3320 3296 110-

1749 3347 1874 3386 men
1945 3341 2121 3400 tuum,
2167 3331 2309 3390 Deus
2358 3335 2548 3389 Israel.
2615 3333 2839 3404 Propter
2872 3349 3088 3389 servum
3135 3348 3314 3388 meum

1749 3637 2360 3711 quatuor,_Ptolem:eus
2391 3638 2521 3711 Lagi
2547 3638 2708 3706 ﬁlius,
2735 3639 2825 3711 qu_i
2855 3637 3185 3711 Egyptum;
3219 3639 3316 3696 Se-

1749 3711 1934 3782 leucus
1973 3708 2212 3782 Nicator,
2261 3708 2645 3782 s_eu_Nicau_or,
2676 3708 2766 3779 qui
2800 3708 3171 3782 Babyloniam,
3209 3711 3316 3767 Me—

1747 3780 1912 3851 diam,
1949 3795 2011 3834 ac
2038 3780 2229 3833 deinde
2264 3777 2473 3848 Syriam
2497 3798 2510 3840 ;
2539 3777 2864 3851 Antigonus,
2894 3777 2986 3850 qui
3014 3783 3313 3851 prtecipuas

1747 3849 1892 3902 Asia:
1928 3860 2137 3917 partes;
2185 3858 2238 3902 et
2279 3847 2576 3917 Antipater.
2617 3850 2707 3916 qui
2755 3847 3122 3904 Macedoniam
3173 3847 3316 3908 obti-

1748 3928 1909 3972 nuit:
1957 3919 2116 3988 cujus
2165 3922 2282 3973 loco
2335 3921 2426 3972 alii
2480 3919 2826 3988 Philippum,
2881 3922 2994 3974 sive
3034 3922 3310 3976 Aridarum

1747 3991 2034 4042 Alexandri
2069 3991 2285 4043 fratrem
2316 3989 2609 4044 sulIicinnt.

1816 4061 1926 4128 (55)
1972 4060 2080 4112 Καὶ
2129 4059 2512 4128 Πτολεμαῖον.
2561 4058 2677 4112 Non
2739 4059 2895 4114 video
2957 4062 3310 4130 quamobrem

1747 4130 2025 4198 Origenes,
2061 4139 2181 4199 post
2210 4140 2444 4199 quatuor
2479 4131 2598 4183 illos
2621 4131 2907 4184 Alexandri
2940 4146 3308 4200 succeSsores,

1746 4200 2017 4254 Ptolennei
2052 4217 2297 4254 seorsum
2330 4201 2655 4263 meminerit,
2683 4217 2807 4254 cum
2844 4217 2984 4255 unus
3013 4218 3042 4254 e
3075 4215 3312 4270 quatuor

1749 4271 1927 4323 fuerit.
1963 4270 2077 4323 Nisi
2123 4271 2280 4334 forte,
2325 4286 2491 4325 cornu
2538 4271 2664 4323 illud
2700 4271 2982 4324 robustum
3009 4280 3062 4325 et
3087 4274 3308 4340 grande,

1746 4342 1903 4410 cujus
1933 4342 2072 4394 infra
2111 4344 2342 4405 mentio,
2370 4340 2718 4393 Ptoleuneum
2761 4356 2881 4394 esse
2911 4343 3177 4409 putaverit
3206 4361 3218 4396 :
3253 4345 3307 4397 in

1746 4429 1854 4480 quo
1891 4411 2045 4480 longe
2077 4427 2200 4466 cum
2234 4412 2302 4464 ab
2343 4413 2692 4479 interpretum
2721 4413 2964 4481 on‘tuium
2997 4427 3183 4475 sensu,
3214 4415 3308 4481 qui

1745 4482 2074 4535 Antiochum
2110 4481 2473 4551 Epiphanem,
2501 4481 2748 4535 Antiochi
2798 4480 2975 4550 Magni
3019 4484 3186 4535 liliutn
3220 4480 3310 4534 ac-

1746 4553 1971 4620 cipiunt,
2013 4562 2127 4605 ι11111
2176 4555 2244 4605 ab
2291 4554 2544 4605 historica
2581 4553 2802 4604 veritate
2845 4553 3162 4605 diSrederet.
3203 4553 3308 4606 Ta-

1747 4624 1924 4692 metsi.
1977 4623 2119 4690 quod
2173 4622 2520 4691 Septuaginta
2565 4639 2730 4676 cornu
2778 4621 2992 4692 ἰσχυρόν
3032 4623 3304 4685 dixerunt,

1746 4693 1795 4744 id
1840 4691 2199 4762 Hieronymus
2247 4695 2507 4744 modicum
2549 4692 2797 4753 reddidit,
2841 4691 3004 4746 Hebr.
3051 4701 3303 4754 St‘CultlS,

1743 4770 2004 4826 n-pyrm,
2040 4765 2182 4830 quod
2221 4779 2344 4816 vere
2387 4778 2611 4831 parvum
2653 4763 2782 4831 quid
2836 4762 3174 4816 modicumve
3219 4779 3308 4816 so-

1745 4841 1854 4885 nat.
1891 4831 1994 4886 Sed
2036 4849 2134 4885 cur
2181 4832 2530 4902 Septuaginta
2578 4833 2890 4884 robustum?
2929 4831 3159 4885 Tantum
3214 4848 3306 4887 oc-

1743 4903 1933 4967 currit,
1978 4902 2279 4956 litterarum
2321 4903 2602 4957 metathesi
2623 4941 2637 4965 ,
2662 4910 2803 4986 Vny,
2836 4917 2977 4969 szepe
3013 4903 3152 4956 idem
3181 4919 3300 4957 esse

1742 4995 1885 5062 quod
1927 4994 2170 5046 roborare
2198 5010 2215 5047 :
2245 4994 2371 5047 lude
2400 5001 2563 5075 'Y'l'w,
2589 4994 2691 5046 hoc
2715 5003 2796 5046 est
2819 4992 3083 5059 robustus,
3108 4993 3305 5047 violen-

1744 5100 1826 5141 tus
1858 5103 1874 5139 :
1902 5096 2168 5171 Nvt-.31:
2206 5088 2382 5152 robur,
2409 5104 2472 5142 ac
2508 5087 2620 5142 fere
2647 5087 2949 5139 violentum.
2993 5083 3162 5138 Porro
3193 5089 3305 5139 Au-

1743 5181 1957 5234 tiochus
1985 5179 2308 5248 Epiphanes,
2344 5181 2499 5232 initio
2524 5194 2654 5232 sane
2688 5177 2952 5242 modicus,
2982 5179 3181 5245 quippe
3209 5195 3303 5247 qn.

1743 5251 1954 5304 Seleuci
1992 5252 2155 5303 frater
2202 5261 2328 5304 natu
2381 5253 2558 5301 minor
2604 5257 2774 5311 esset,
2823 5262 2886 5300 ac
2920 5250 3144 5316 proinde
3181 5252 3304 5300 vivo

1742 5330 2106 5390 regnanteque
2149 5321 2314 5374 fratre
2342 5321 2707 5383 dclitesccret;
2743 5329 2799 5370 at
2827 5333 2892 5370 eo
2933 5317 3168 5383 sublato,
3203 5321 3305 5370 mi-

1741 5407 1859 5443 rum
1889 5393 1941 5443 in
1970 5391 2187 5444 modum
2221 5393 2407 5445 crevit.

1813 5461 1919 5539 (54)
1961 5462 2462 5539 ’Ἐξαικαλούμενον
2493 5457 2719 5539 Argyripa
2764 5456 2980 5525 Repone
3008 5457 3192 5539 Λαγώ,
3220 5458 3300 5510 vel

1741 5529 1945 5597 Λαγοῦ.
2003 5530 2186 5584 Dictus
2235 5534 2378 5584 enim
2429 5541 2511 5582 est
2555 5529 2902 5592 Ptolemaeus,
2944 5541 3050 5580 non
3101 5529 3299 5597 Lagus,

1741 5604 1834 5654 sed
1871 5601 2023 5670 Lagi,
2050 5616 2170 5670 sup.
2206 5601 2383 5666 ﬁlius;
2414 5600 2624 5652 tametsi
2652 5599 2991 5670 Macedones,
3025 5607 3083 5652 ut
3115 5600 3302 5667 scribit

1743 5668 2040 5725 Pausanias
2080 5668 2133 5723 in
2173 5673 2359 5724 Atticis
2401 5673 2520 5738 (nec
2559 5670 2701 5724 enim
2740 5669 2789 5720 id
2824 5668 3049 5740 ipsemet
3079 5670 3298 5740 ἱστορεῖ)

1740 5740 1970 5810 Philippi
2000 5741 2291 5795 Alexandri
2324 5743 2493 5809 patris
2515 5741 2684 5794 111111111
2709 5754 2829 5793 esse
2852 5739 3112 5803 dicerent,
3143 5739 3300 5808 cujus

1740 5823 1911 5867 mater
1937 5820 2146 5866 uterum
2171 5812 2348 5867 adhuc
2378 5820 2594 5883 gestans
2625 5812 2769 5881 Lago
2794 5811 3086 5880 nupsisset.
