3864 6386
554 353 659 409 487

1189 347 1464 407 EUSEBII
1499 343 1984 405 CIESARIENSIS
2019 343 2169 401 OPP.
2212 343 2394 399 PARS
2431 341 2495 398 ll.
2534 373 2604 384 --
2639 341 3152 401 APOLOGETICA.
3656 349 3742 406 488

550 473 738 540 lat-ob,
771 482 827 529 et
846 472 1012 530 lsrael
1041 472 1271 528 electum
1304 487 1509 535 meum,
1534 485 1637 541 ego
1692 469 1900 525 vocabo
1924 478 1975 523 te
2030 482 2125 521 no-

2229 463 2386 537 κριοῦ
2419 463 2488 517 τά
2510 464 2718 534 κέρατα
2750 462 2982 533 ἔχοντος,
3013 455 3074 516 οὗ
3116 457 3256 515 εἶδον
3301 462 3525 527 ἑστῶτος
3568 462 3755 522 ἐνώπιον

552 566 698 622 mine
729 573 841 632 tuo,
876 575 929 620 et
964 565 1257 634 suscipiam
1303 572 1354 618 te
1386 563 1452 617 “.
1497 582 1515 616 ›
1561 562 1639 617 Ex
1681 563 1749 616 iis
1800 561 1943 615 enim
2000 561 2127 629 qui-

549 656 634 711 vis
665 671 891 726 prorsus
923 655 1205 725 intelligat,
1243 654 1444 726 Cyrum
1490 656 1545 709 in
1593 655 1713 726 ejus
1756 654 1941 725 populi
1998 669 2126 724 gra-

552 749 704 812 tiam,
735 764 895 817 quem
934 758 1013 804 tot
1045 748 1325 802 beneficiis
1358 748 1634 812 aﬂ‘ecerat,
1679 759 1739 802 ut
1772 746 2124 801 Hebraeorum

549 840 805 909 pietatem
861 855 927 893 ac
982 840 1298 910 religionem
1352 838 1657 907 ignoraret,
1703 853 1733 891 a
1785 837 1896 891 Deo
1945 847 2125 891 tamen

550 927 790 996 gentium
822 927 1181 997 plurimarum
1219 928 1509 997 imperium
1538 928 1837 996 accepisse.
1873 929 2052 997 Atque
2073 926 2126 981 id

551 1020 864 1075 Graecorum
897 1022 1083 1087 etiam,
1114 1021 1208 1091 qui
1233 1036 1319 1075 res
1350 1019 1501 1091 Cyri,
1529 1037 1691 1088 quem
1727 1022 1987 1091 propheta
2036 1033 2126 1073 ce-

551 1112 705 1176 cinit,
734 1114 1013 1168 memoria:
1046 1114 1426 1183 prodiderunt,
1469 1112 1687 1169 auferre
1731 1114 1933 1183 possis.
1983 1112 2125 1179 Quin

550 1205 716 1262 etiam
762 1204 905 1275 apud
953 1205 1250 1267 Danielem,
1301 1220 1412 1275 quo
1466 1214 1705 1275 tempore
1732 1203 2124 1276 Babylonicum

550 1296 782 1352 florebat
838 1296 1169 1367 imperium,
1221 1293 1749 1352 Nabuchodonosori
1815 1295 2125 1351 futurorum

550 1386 809 1457 deinceps
843 1388 1196 1457 imperiorum
1220 1386 1404 1443 oblata
1437 1389 1648 1458 species
1670 1397 1773 1443 est.
1804 1388 1952 1443 Auro
1975 1389 2130 1459 quip-

550 1495 618 1550 pe
648 1479 1092 1551 Babyloniorum,
1126 1480 1419 1535 Persarum
1471 1490 1717 1550 argeuto,
1770 1480 2127 1536 Macedonum

550 1587 680 1639 aere,
706 1570 854 1627 ferro
881 1573 1119 1639 denique
1170 1571 1547 1628 Romanorum
1580 1573 1990 1642 significabatur
2026 1574 2129 1628 im-

551 1664 784 1735 perium.
821 1664 898 1718 Ac
928 1680 1121 1719 rursus
1158 1664 1300 1719 idem
1338 1665 1599 1735 propheta
1642 1664 1710 1719 de
1759 1664 1921 1719 Dario
1965 1666 2128 1720 simul

2224 556 2320 611 τοῦ
2358 556 2543 610 υύϐἀλ
2569 555 2704 626 (55),
2734 556 2828 608 καὶ
2867 554 3067 627 ἔδραμε
3094 555 3228 626 πρὸς
3252 554 3409 608 αὐτὸν
3450 555 3654 609 ἐνώπιον
3678 560 3755 629 τῆς

2229 649 2412 720 ἰσχύος
2461 649 2649 703 αὐτοῦ.
2709 650 2819 702 Καὶ
2872 645 3009 702 εἶδον
3065 649 3227 701 αὐτὸν
3262 647 3526 717 φθάνοντα
3572 649 3755 714 ἓωςτοῦ

2225 740 2402 812 κριοῦ,
2441 742 2535 794 καὶ
2590 739 2896 812 ἐξηγριώθη
2926 739 3062 810 πρὸς
3106 741 3289 804 αὐτὸν,
3338 742 3431 793 κού⁸
3474 741 3647 794 ἔπαισε
3687 743 3757 798 τὸν

2224 834 2398 906 κριὸν,
2430 836 2524 888 καὶ
2573 834 2891 906 συνέτριψεν
2929 834 3214 904 ἀμφότερα
3254 832 3324 887 τά
3372 834 3568 905 κέρατα
3605 835 3756 901 αὐτοῦ,

2226 927 2319 981 καὶ
2342 927 2441 980 οὐκ
2461 923 2529 997 ἦν
2564 928 2716 998 ἰσχὺς
2743 926 2821 997 τῷ
2841 927 2982 997 κριῴ
3005 926 3195 996 στῆναι
3222 926 3450 980 ἐνώπιον
3485 927 3652 989 αὐτοῦ,
3684 928 3759 981 καὶ

2225 1016 2447 1089 ἔρριψεν
2466 1017 2627 1071 αὑτὸν
2654 1016 2746 1069 ἐπὶ
2775 1017 2871 1087 τὴν
2898 1016 3025 1086 γῆν,
3057 1016 3151 1069 καὶ
3206 1015 3568 1085 συνεπάτησεν
3603 1015 3755 1068 αὐτόν*

2227 1109 2316 1163 καὶ
2352 1108 2451 1162 οὐκ
2473 1104 2541 1179 ἦν
2561 1109 2589 1160 ὁ
2617 1106 2998 1180 ἐξαιρούμενος
3030 1107 3118 1160 τὸν
3145 1107 3300 1177 κριὸν
3329 1108 3390 1159 ὲκ
3417 1106 3586 1177 χειρὸς
3607 1108 3757 1161 αὐτοῦ.

2226 1200 2336 1253 Kal.
2384 1202 2412 1253 ὁ
2444 1200 2647 1272 τράγος
2689 1198 2796 1252 τῶν
2848 1198 3018 1268 αἰγῶν
3060 1196 3403 1270 έμεγαλύνθη
3436 1198 3537 1261 ’ἐως
3568 1198 3755 1271 σφόδρα·

2226 1293 2321 1346 καὶ
2370 1294 2427 1345 ὲν
2450 1292 2528 1364 τῷ
2561 1292 2777 1364 ἰσχῦσαι
2806 1293 2988 1357 αὑτὸν,
3026 1292 3312 1364 συνετρίϐη
3346 1291 3406 1345 τὸ
3434 1292 3592 1363 κέρας
3629 1292 3760 1345 αὐτοῦ

2224 1384 2287 1438 τὸ
2310 1384 2452 1455 μέγα
2468 1401 2482 1416 ’
2515 1386 2608 1439 καὶ
2635 1385 2802 1456 ἀνέϐη
2830 1386 2993 1457 ἕτερα
3026 1385 3231 1457 κέρατα
3258 1386 3512 1439 ὑποκάτω
3536 1384 3681 1437 αὐτοῦ
3701 1386 3761 1447 εἰς

2226 1477 2353 1539 τοὺς
2383 1476 2655 1547 redeam
2685 1478 2919 1548 ἀνέμους
2940 1477 3036 1531 τοῦ
3064 1477 3317 1549 οὐρανοῦ.
3347 1478 3457 1529 Καὶ
3483 1478 3544 1529 ἐκ
3570 1475 3653 1529 τοῦ
3671 1477 3762 1539 ἑνὸς

2230 1566 2451 1639 ἐξῆλθεν
2490 1570 2658 1641 κέρας
2680 1569 2738 1622 ἓν
2769 1570 3006 1640 ἰσχυρὸν,
3043 1571 3136 1624 καὶ
3155 1569 3498 1639 ἐμεγώύνθη
3534 1569 3761 1639 περισσὰ

2228 1662 2366 1734 πρὸς
2390 1661 2481 1714 τὸν
2510 1661 2662 1713 νότον
2686 1661 2781 1714 καὶ
2817 1662 2914 1733 τὴν
2934 1660 3084 1715 δύσιν
3114 1659 3245 1730 (56).
3291 1679 3310 1709 ι
3344 1659 3410 1711 Τί
3435 1659 3490 1711 δὲ
3519 1659 3593 1712 δεῖ
3622 1657 3764 1726 λέγειν

552 1766 608 1812 et
635 1758 964 1823 Alexandro,
999 1773 1098 1813 nec
1128 1774 1236 1812 non
1267 1759 1334 1813 de
1364 1767 1602 1828 quatuor
1625 1758 1915 1812 Alexandri
1949 1756 2125 1813 Mace-

2228 1755 2328 1819 τάς
2360 1756 2489 1827 περὶ
2522 1754 2758 1827 Χριστοῦ
2780 1755 3147 1827 προφητείας,
3173 1748 3284 1807 οἷον
3338 1752 3501 1805 τόπον
3544 1751 3763 1820 γενέσεως

553 1849 758 1904 donum
788 1850 930 1920 regis
956 1850 1390 1915 successoribus,
1423 1850 1649 1919 ipsoque
1678 1848 1991 1913 Ptolemaeo,
2032 1851 2125 1920 qui

2228 1849 2392 1904 αὐτοῦ
2426 1847 2693 1921 Βηθλεὲμ,
2726 1849 2819 1901 καὶ
2852 1848 3017 1901 τόπον
3040 1847 3351 1917 ἀνατροφῆς
3374 1843 3537 1899 αὐτοῦ
3556 1843 3763 1914 Νάζαρα,

555 1937 774 2010 Egypti
801 1954 1027 2009 regnum
1059 1940 1250 2005 tenuit,
1288 1939 1486 2009 cuique
1536 1939 1665 2010 Lagi
1701 1949 2125 2010 cognomentum

2231 1942 2327 1996 καὶ
2355 1943 2434 2005 εἰς
2463 1940 2735 2010 Αἴγυπτον
2767 1938 3134 2012 ἀναχώρησιν,
3166 1939 3259 1993 καὶ
3290 1937 3571 2008 τεράστια,
3596 1936 3629 1989 ἃ
3651 1937 3767 1988 ἐποί-

554 2028 676 2092 fuit,
727 2028 997 2097 ejusmodi
1044 2027 1264 2098 reliquit
1293 2029 1578 2085 oraculum
1632 2046 1646 2081 :
1703 2048 1722 2081 ι
1763 2028 1901 2085 Ecce
1945 2038 2125 2085 autem

2231 2050 2353 2105 ησε,
2387 2034 2482 2086 καὶ
2514 2034 2635 2087 τίνα
2663 2033 2863 2104 τρόπον
2893 2031 2997 2085 ὑπὸ
3039 2030 3208 2085 Ἰούδα
3251 2030 3347 2082 τοῦ
3380 2032 3461 2094 είς
3513 2027 3766 2098 ἀποστολὴν

556 2120 744 2175 hircus
806 2135 1097 2189 caprarum
1154 2122 1404 2176 veniebat
1477 2122 1546 2176 ab
1607 2122 1907 2189 occidente,
1964 2138 2125 2191 super

2231 2125 2568 2197 κεκλημένου
2593 2125 2853 2198 προεδόθη
2881 2141 2894 2190 ;
2919 2126 3103 2179 Πάντα
3124 2124 3231 2196 γὰρ
3260 2124 3436 2177 ταῦτα
3469 2120 3656 2192 σημεῖά
3680 2121 3766 2171 ἐστι

556 2210 748 2268 faciem
822 2213 991 2268 t0tius
1058 2221 1247 2279 terrae;
1276 2222 1331 2268 et
1370 2213 1519 2268 venit
1571 2229 1744 2284 usque
1788 2214 1853 2268 ad
1902 2214 2125 2271 arietem

2232 2218 2333 2290 τῆς
2357 2218 2450 2271 τοῦ
2478 2217 2612 2271 Θεοῦ
2639 2217 3018 2286 προγνώσεως.
3060 2215 3219 2268 Ἀλλά
3240 2216 3333 2268 καὶ
3362 2214 3526 2278 αὐτὸς
3553 2215 3580 2266 ὁ
3597 2211 3764 2281 Σωτὴρ,

554 2304 709 2365 illum
762 2315 1076 2368 cornutum,
1108 2314 1163 2360 et
1220 2305 1403 2360 hircus
1469 2306 1703 2360 habebat
1756 2321 1927 2360 cornu
1985 2307 2125 2361 inter

2238 2326 2259 2359 σ
2294 2310 2480 2372 Ὅταν,
2537 2308 2733 2379 φησιν,
2788 2307 2933 2378 ἴδητε
2962 2306 3337 2377 κυκλουμένην
3383 2305 3490 2358 ὑπὸ
3520 2304 3767 2374 στρατοπέ-

555 2394 749 2449 oculos
812 2410 979 2459 suos,
1020 2409 1178 2465 quem
1214 2396 1457 2450 videram
1527 2406 1761 2451 stantem
1805 2406 1931 2452 ante
1965 2396 2122 2463 Ubal,

2231 2400 2333 2454 δων
2358 2400 2455 2471 τὴν
2494 2398 2867 2470 Ἰερουσαλὴμ,
2898 2398 3021 2451 τότε
3043 2396 3351 2466 γνώσεσθε,
3392 2396 3476 2449 ὅτι
3523 2395 3766 2465 ἢγγιγενή

554 2495 609 2541 et
655 2489 900 2543 cucurrit
967 2489 1034 2542 ad
1082 2503 1208 2542 eum
1256 2489 1313 2542 in
1359 2488 1564 2558 impetu
1620 2488 1957 2544 fortitudinis
1988 2505 2121 2545 suae.

2231 2492 2510 2563 ἐρήμωσις
2539 2490 2726 2561 αὐτῆς.
2773 2510 2794 2543 ι
2831 2491 3068 2562 Προεῖπε
3108 2490 3217 2560 γὰρ
3279 2488 3347 2542 τὸ
3402 2487 3618 2559 ὕστερον
3660 2503 3767 2557 συμ-

553 2576 623 2633 Ει
653 2579 761 2634 vidi
804 2594 927 2635 eum
959 2581 1360 2649 pervenientem
1399 2595 1574 2650 usque
1641 2582 1708 2635 ad
1757 2581 2007 2648 arietem,
2071 2590 2125 2638 et

2232 2583 2486 2656 ϐεϐηκὸς,
2540 2584 2602 2637 τὸ
2658 2583 2809 2647 τέλος
2866 2585 2963 2655 τῆς
3014 2583 3375 2653 κατασκαφῆς
3440 2579 3765 2655 Ἰερουσαλήμ.

555 2670 809 2728 eﬂeratus
850 2681 935 2727 est
980 2674 1033 2725 in
1074 2686 1222 2737 eum,
1276 2680 1331 2725 et
1377 2673 1646 2741 percussit
1697 2674 1946 2741 arietem,
2013 2684 2066 2728 et
2134 2677 2457 2731 comminuit
2519 2678 2628 2731 duo
2687 2692 2891 2731 cornua
2959 2676 3100 2745 ejus,
3165 2687 3217 2730 et
3263 2690 3374 2728 non
3414 2681 3621 2745 poterat
3658 2673 3768 2727 aries

555 2764 810 2818 resistere
879 2763 951 2828 ei,
1002 2778 1239 2833 cumque
1286 2778 1412 2817 eum
1467 2764 1707 2818 misisset
1757 2764 1810 2818 in
1883 2774 2106 2829 terram,
2178 2768 2519 2821 conculcavit
2583 2787 2597 2821 :
2649 2776 2703 2822 et
2762 2781 2924 2820 nemo
2950 2766 3142 2835 quibat
3181 2765 3417 2819 liberare
3487 2763 3691 2817 arietem
3719 2762 3768 2814 de

555 2871 723 2910 manu
798 2855 937 2926 ejus.
1014 2855 1211 2911 Hircus
1267 2867 1449 2911 autem
1522 2872 1810 2926 caprarum
1888 2874 2118 2929 magnus
2182 2857 2359 2914 factus
2412 2869 2496 2914 est
2548 2860 2712 2914 nimis
2771 2877 2784 2913 :
2833 2873 3069 2927 cumque
3120 2858 3405 2917 crevisset,
3451 2854 3668 2909 fractum
3709 2862 3768 2905 est

553 2950 726 3006 cornu
785 2950 906 3021 ejus
952 2966 1210 3021 maguum
1260 2969 1274 3004 :
1321 2961 1375 3006 et
1421 2961 1540 3006 orta
1584 2963 1714 3006 sunt
1776 2952 1883 3006 alia
1954 2967 2160 3007 cornua
2200 2952 2386 3007 subter
2438 2952 2570 3007 illud
2604 2968 2701 3022 per
2756 2961 2993 3022 quatuor
3043 2960 3235 3003 ventos
3274 2949 3424 3003 creti.
3455 2947 3531 3001 De
3582 2959 3677 2999 uno
3696 2959 3766 2997 au-

554 3053 662 3099 tem
729 3059 797 3099 ex
856 3046 934 3101 eis
970 3060 1250 3114 egressum
1303 3055 1387 3101 est
1427 3062 1599 3102 cornu
1655 3063 1824 3101 unum
1878 3047 2035 3112 forte,
2086 3056 2142 3102 et
2189 3049 2391 3104 factum
2437 3057 2522 3103 est
2575 3047 2778 3118 grande
2812 3047 2966 3101 valde
2999 3056 3188 3101 contra
3246 3039 3767 3109 meridiem,etocci-

552 3141 769 3196 dentem
793 3139 859 3195 ³⁸.
922 3161 941 3194 ι
1005 3141 1145 3207 Quid
1196 3140 1286 3196 hic
1331 3150 1720 3211 prophetarum
1778 3142 1844 3197 de
1891 3143 2112 3197 Christo
2156 3142 2276 3214 ipso
2323 3158 2486 3198 voces
2540 3152 2595 3196 et
2634 3141 2855 3196 oracula
2893 3140 3354 3195 commemorem?
3402 3137 3478 3192 De
3532 3134 3758 3191 Bethlebe-

554 3249 666 3300 mo,
728 3234 820 3288 ubi
852 3245 1035 3302 natus,
1087 3237 1154 3289 de
1202 3238 1528 3298 Nazaretho,
1586 3251 1681 3292 um
1732 3238 1997 3293 educatus
2044 3247 2155 3305 est;
2199 3239 2660 3309 quemadmodum
2710 3240 2765 3292 in
2815 3237 3108 3309 JEgyptum
3158 3237 3469 3300 secesserit,
3507 3249 3620 3303 qua:
3645 3231 3771 3284 mira-

554 3326 673 3380 cula
719 3327 1028 3397 perfecerit,
1071 3330 1346 3396 quomodo
1378 3330 1543 3401 286
1591 3329 1764 3397 Judar,
1827 3347 1989 3400 quem
2058 3334 2432 3402 apostolorum
2496 3334 2550 3387 in
2604 3348 2897 3387 numerum
2951 3340 3293 3402 aggregarat,
3351 3326 3627 3398 perfidiam
3671 3336 3765 3393 pro-

553 3418 925 3489 ditionemque
968 3420 1234 3474 subierit?
1277 3419 1488 3487 Quibus
1538 3436 1605 3476 ex
1665 3422 1922 3477 omnibus
1980 3435 2126 3478 certe
2164 3424 2384 3493 quidem
2422 3424 2655 3479 illustria
2710 3424 2908 3478 divinat
2956 3421 3312 3492 praenotionis
3371 3427 3672 3490 argumenta
3694 3414 3770 3468 du-

554 3523 776 3569 cuntur.
809 3516 1032 3570 Accedit
1057 3516 1172 3585 ipsa
1207 3531 1425 3586 quoque
1451 3516 1758 3572 Servatoris
1794 3519 2118 3585 auctoritas,
2159 3518 2289 3572 dum
2359 3520 2433 3574 ita
2490 3519 2731 3589 loquitur
2753 3537 2800 3572 :t
2848 3516 2990 3572 Cum
3040 3516 3286 3570 videritis
3314 3513 3688 3568 circumdatam
3716 3505 3765 3562 ab

552 3612 882 3667 exercitibus
968 3610 1324 3678 Hierusalem,
1393 3624 1522 3669 tunc
1593 3614 1803 3682 scietis,
1879 3614 2010 3685 quia
2088 3615 2545 3685 appropinquavit
2610 3614 2881 3669 desolatio
2930 3615 3049 3683 ejus
3080 3611 3146 3665 ³⁸.
3202 3630 3220 3663 ι
3269 3609 3371 3665 His
3431 3610 3572 3665 enim
3625 3602 3765 3660 verbis

554 3707 684 3777 quid
738 3708 992 3777 deinceps
1044 3707 1288 3762 futurum
1332 3718 1517 3775 esset,
1564 3709 1668 3765 hoc
1734 3719 1817 3764 est
1863 3726 2181 3781 supremum
2239 3709 2720 3783 Hierosolymitani
2786 3710 2987 3765 excidii
3055 3710 3217 3762 linem
3291 3707 3607 3774 exitumque
3660 3714 3764 3771 pra!-

557 3799 717 3854 dixit.

629 3912 649 3944 ι
695 3892 814 3947 .lam
853 3910 999 3957 vero,
1031 3895 1288 3965 quoniam
1328 3897 1470 3952 hanc
1500 3899 1555 3952 in
1605 3898 1713 3954 Deo
1740 3900 2114 3969 praenoscendi
2143 3920 2187 3979 α

556 3983 667 4037 vim
707 3984 871 4039 certis
905 3985 1084 4039 adhuc
1126 3988 1463 4056 argumentis
1513 3990 1874 4056 ostendimus,
1919 3991 2123 4060 juverit

554 4074 832 4144 deinceps,
863 4077 1320 4145 quemadmodum
1364 4088 1510 4132 astra
1545 4079 1825 4149 signorum
1866 4082 1987 4136 loco
2038 4084 2122 4137 iu-

557 4167 744 4222 stituta
769 4168 900 4233 sint,
925 4169 1216 4238 explicare.
1244 4170 1608 4224 Statuendum
1653 4172 1817 4243 igitur
1849 4176 1902 4228 in
1931 4176 2123 4243 primis

554 4271 659 4327 est,
695 4262 964 4333 ejusmodi
1012 4261 1283 4318 sideribus
1331 4265 1665 4336 assignatum
1722 4282 1786 4321 ac
1837 4267 2122 4322 deﬁnitum

628 4421 675 4455 “
711 4421 814 4477 lsa.
854 4436 977 4486 χεν,
1003 4422 1025 4475 l
1056 4436 1206 4492 seqq.
1282 4423 1329 4454 ³⁸
1370 4423 1503 4478 Dan.
1531 4439 1649 4489 vin,
1672 4424 1705 4479 5
1727 4439 1879 4495 seqq.

629 4584 740 4656 ('55)
785 4583 1056 4637 Ἐνὼπιον
1098 4583 1204 4636 τοῦ
1226 4582 1440 4656 Οὺϐᾴλ.
1472 4581 1570 4638 llic
1600 4592 1652 4637 et
1670 4599 1811 4639 vers.
1843 4584 1876 4638 5
1899 4583 2128 4653 Septua-

559 4645 1073 4735 gitila'llebraicam
1115 4679 1299 4735 vocem
1341 4645 1494 4735 5318‘
1534 4663 1929 4735 retinuere,qui
1965 4645 2123 4719 versu

559 4732 797 4789 secundo
823 4743 1114 4797 verterant,
1156 4734 1246 4786 ἐπὶ
1278 4735 1375 4803 τῆς
1408 4732 1580 4801 πύλης
1606 4733 1791 4793 Οὐλαῖ,
1821 4748 1931 4801 quo
1960 4735 2125 4803 modo

558 4804 871 4876 Hieronym.
923 4802 1357 4876 superiporlam,
1404 4805 1505 4866 vel,
1546 4814 1675 4876 ante
1714 4813 1919 4876 partem
1973 4802 2122 4876 Illai,

559 4877 651 4944 qui
683 4873 860 4930 tamen
894 4891 1033 4930 vers.
1075 4875 1128 4937 5,
1173 4874 1418 4943 paludem
1464 4874 1695 4944 reddere
1744 4874 1951 4928 maluit.
1991 4873 2131 4944 Ergo

560 4943 852 5013 utrumque
905 4961 1005 4997 vox
1062 4945 1150 4998 illa
1204 4945 1562 5013 signiﬁcabat,
1609 4943 1857 5012 paludem
1892 4960 1986 4998 seu
2025 4943 2129 5012 [lit-

560 5021 720 5078 vium,
750 5017 889 5069 unde
922 5014 1166 5069 fortassis
1193 5015 1415 5084 paludes
1446 5014 1511 5066 iis
1541 5015 1592 5066 in
1620 5016 1864 5082 partibus
1892 5015 2127 5068 exsiste-

559 5098 698 5149 rent,
733 5096 786 5140 et
815 5099 1046 5155 portam,
1086 5100 1193 5153 qua
1239 5085 1435 5138 fluvius
1484 5094 1957 5155 rectaApeterettrr.
1998 5084 2127 5138 Flu-

558 5158 678 5211 vius
725 5153 829 5211 bie'
862 5154 979 5210 Ulai
1026 5155 1207 5225 (quem
1263 5155 1445 5208 nescio
1484 5169 1588 5225 cur
1629 5153 1867 5208 Graecor.
1900 5153 2121 5225 Biblior.

561 5225 777 5296 Regior.
807 5224 1241 5296 interpresjvers.
1262 5225 1296 5278 2
1319 5225 1370 5276 in
1384 5224 1579 5296 atrium
1600 5225 1931 5296 mutaverit),
1951 5224 2125 5279 Plinio

558 5293 666 5352 lib:
683 5314 755 5360 vI,
781 5312 900 5364 cap.
924 5293 1014 5358 27,
1049 5294 1281 5356 Enlwus,
1315 5293 1455 5364 allini
1481 5309 1609 5348 sane
1633 5295 1911 5349 vocabulo.

632 5367 741 5437 (56)
770 5363 876 5421 Καὶ
923 5365 1037 5434 τὴν
1077 5364 1274 5437 δύσιν.
1316 5363 1570 5437 Septuag.
1608 5365 1856 5437 interpr"
1884 5364 2036 5419 νότον
2068 5374 2121 5419 et

557 5434 730 5503 δύσιν,
758 5437 1000 5491 inserunt
1029 5437 1123 5489 καὶ
1156 5436 1292 5506 πρὸς
1322 5434 1603 5505 ἀνατολήν.
1647 5434 1957 5506 llierouym.
1991 5437 2119 5488 item

558 5451 728 5503 ουσιν,
758 5451 1000 5491 inserunt
1029 5451 1123 5489 και
1156 5451 1292 5506 προς
1322 5451 1603 5505 ανατοΑην.
1647 5451 1957 5559 ιιιθτοιὸιιη.
1991 5451 2114 5488 item

558 5525 624 5562 ex
654 5506 795 5561 Hebr
842 5519 957 5575 post
994 5506 1283 5571 meridiem,
1318 5506 1493 5568 addit,
1524 5513 1578 5559 et
1611 5515 1794 5557 contra
1878 5507 2114 5568 rientem,

558 5579 702 5647 quod
736 5577 921 5645 utique
953 5578 1255 5647 addendum
1297 5577 1393 5647 hic
1426 5576 1606 5629 fuerit.
1637 5575 2117 5647 Autiochus_enim

560 5644 894 5718 Epiphanes,
957 5645 1303 5700 Ptolemaeum
1333 5646 1821 5718 _Philometoretu,
1895 5644 2116 5718 [Egypti

562 5715 761 5797 regem,
812 5715 1054 5797 adeoque
1095 5726 1270 5797 totam,
1308 5715 1599 5797 [Egy‘ptum
1625 5757 1640 5782 ,
1685 5732 1818 5797 quae
1846 5716 1982 5797 πρὸς
2016 5717 2113 5785 τὴν

558 5786 776 5851 Συρίαν,
806 5786 1173 5842 meridionalis
1194 5796 1297 5852 est,
1332 5786 1590 5853 pertinaci
1624 5786 1915 5842 acerbitate
1949 5802 2114 5840 vexa-

2296 3921 2314 3951 ι
2340 3896 2817 3968 ’Δποδεδειγμένου
2842 3868 3017 3949 τοίνυν
3042 3895 3172 3965 ἡμῖν
3191 3893 3317 3962 περὶ
3336 3890 3432 3946 τοῦ
3452 3886 3764 3962 προγνώστην

2231 3990 2368 4048 εἶναι
2388 3994 2478 4047 τὸν
2499 3991 2653 4055 Θεὸν,
2682 3993 2782 4045 οὐκ
2808 3990 3070 4063 ἀκαίρως,
3096 3985 3600 4058 ἴναδιηγησώμεθα,
3623 3982 3717 4042 πῶς
3733 3979 3763 4029 al

2228 4087 2453 4157 ἀστέρες
2484 4086 2721 4153 γίνονται
2749 4085 2827 4146 είς
2868 4086 3085 4154 σημεῖα.
3132 4081 3369 4151 Νοητέον
3403 4081 3529 4139 τοὺς
3572 4073 3762 4142 ἀστέρας

2227 4178 2370 4232 οὕτω
2398 4178 2654 4249 τετάχθαι
2686 4176 2970 4239 κινεῖσθαι,
3003 4174 3526 4243 ὲναντιοςρορούντων
3561 4168 3656 4220 τῶν
3690 4180 3760 4213 xz-

2229 4272 2505 4343 λονμένων
2552 4271 2918 4341 πλανωμένων
2948 4272 3061 4334 τοῖς
3092 4267 3416 4329 ἀπλανέσιν,
3479 4264 3562 4317 ἵνα
3602 4257 3760 4329 σημεῖα

1953 4425 2000 4455 ³⁸
2033 4422 2164 4480 Luc.
2201 4442 2277 4491 XI,
2304 4424 2394 4480 ‘20.

2234 4594 2312 4646 vit
2348 4612 2360 4646 :
2390 4603 2502 4647 tum
2527 4590 2801 4646 Orientem
2841 4605 3054 4651 versus,
3080 4589 3147 4661 Ain
3177 4586 3471 4661 Persidem
3487 4583 3761 4661 vicinasque

2231 4663 2440 4719 Persidi
2494 4663 2740 4732 regiones
2771 4647 3051 4715 incubuit;
3074 4659 3178 4713 Sed
3212 4661 3336 4732 loco
3378 4656 3475 4732 τοῦ
3509 4652 3654 4732 ξτρὸς

2233 4752 2369 4797 σιν,
2406 4726 2923 4801 ἰίὶρηιἯίυτοηγηιη
2964 4741 3013 4784 et
3061 4726 3682 4804 contra__[ortiludi_nent,:
3717 4733 3756 4804 Ill

2236 4792 2399 4858 Hebr.
2429 4813 2547 4864 ’13.
2584 4817 2705 4871 qua:
2733 4792 2860 4863 vo'x,
2893 4816 3016 4856 cum
3052 4803 3213 4869 vulgo
3248 4792 3470 4871 illustre
3499 4792 3682 4871 aliquid
3709 4802 3757 4839 ac

2234 4875 2376 4929 votis
2410 4868 2661 4929 omnibus
2704 4872 3060 4941 expetendum
3092 4868 3397 4939 signiﬁcare
3420 4868 3639 4941 dicatur,
3668 4869 3756 4912 tum

2234 4946 2397 5000 etiam
2445 4936 2797 5015 utplurimum
2857 4940 3062 5015 διιὼυῴ
3110 4936 3386 5015 tribuitur.
3437 4936 3756 5015 Hie-rony'tttltlg

2235 5014 2476 5080 εὐδοξίαν
2509 5000 2673 5067 ’ίιιδω
2728 5012 2833 5066 hoc
2885 5014 3003 5067 loco
3052 5011 3334 5073 intellexit,
3377 5023 3501 5081 qua:
3532 5000 3755 5081 ξὶιιιιμιξιτί

2231 5103 2298 5140 ex
2353 5076 2670 5140 fortitudine
2722 5083 3015 5150 colligitur,
3057 5076 3577 5152 quamqueludmis
3607 5076 3753 5152 divina

2230 5158 2393 5210 etiam
2424 5157 2622 5209 virtute
2651 5153 2817 5230 septis
2846 5146 3287 5230 attribuii._Qui:d
3324 5150 3369 5204 si
3409 5146 3753 5230 duo-hee?

2228 5235 2284 5279 et
2333 5235 2469 5291 my,
2500 5241 2608 5278 non
2654 5224 2805 5278 vocis
2833 5225 3016 5288 modo,
3047 5223 3141 5278 sed
3185 5224 3349 5277 etiam
3378 5221 3752 5291 sigtrilicalw"IS

2156 5298 2199 5350 D
2229 5285 2542 5351 allinitatem
2596 5294 2833 5362 aliquam
2882 5303 2935 5347 et
2967 5285 3751 5354 communionem[Hieronymo

2228 5378 2411 5419 notam
2446 5364 2727 5419 habuere?
2750 5361 2994 5417 Judazam
3026 5377 3212 5432 porro,
3245 5362 3565 5432 Antiochus,
3596 5364 3648 5407 υι
3672 5362 3749 5432 ηρέ

2228 5437 2501 5491 tissimum
2549 5444 2651 5497 est,
2700 5434 2960 5488 inusitato
3003 5430 3187 5487 furore
3233 5431 3486 5490 vastavit,
3530 5435 3675 5498 atque
3702 5430 3749 5498 ⁵ιη

2226 5507 2458 5574 ipsomet
2506 5504 2739 5573 templo,
2772 5501 2921 5558 Jovis
2967 5503 3198 5575 Olympii
3243 5505 3456 5576 signum
3486 5497 3748 5576 collocavit.

2224 5564 2364 5641 Quid
2400 5564 2746 5646 Septuaginta
2798 5576 2970 5630 secuti
3020 5564 3175 5647 έίηί,Δ
3209 5564 3643 5647 ευιῖι-ῥυσινθμὶά
3666 5568 3748 5647 ιε).

2224 5635 2558 5701 occidentem
2580 5635 2879 5709 vcrterunt,
2920 5660 3028 5699 non
3077 5635 3212 5699 satis
3250 5642 3505 5715 intelligo.
3534 5635 3727 5715 Hier???

2222 5717 2365 5790 lyma
2418 5727 2563 5772 certe
2606 5702 3016 5786 (ιιιὶιίθωίπρός
3055 5732 3119 5785 γε
3150 5715 3249 5790 τὴν
3286 5702 3502 5785 Συρίαν,
3534 5702 3747 5764 occiden-

2224 5788 2379 5843 talior
2404 5796 2505 5843 est.
