3864 6386
138 357 216 410 689
1228 362 1546 420 ΡΒᾹΞΡΑΒ.
1591 365 1620 418 Ε

1723 364 1846 420 .NG.
1892 367 2019 423 LIB.
2069 368 2154 423 VI.

3224 387 3329 443 490

134 473 214 526 ἀπὸ
232 471 311 525 τοῦ
330 474 684 544 σχηματισμοῦ
714 476 821 529 τῶν
849 479 1116 550 ἀστέρων,
1140 480 1357 534 πάντων
1383 483 1491 535 τῶν
1516 501 1620 554 περ

1746 500 1868 540 esse
1892 497 2124 554 motum,
2158 499 2219 544 ut
2260 505 2383 562 qua:
2408 492 2649 546 errantia
2679 496 2840 566 vulgo
2874 499 3152 568 dicuntur,
3186 507 3326 561 viam

132 566 310 616 ἕκαστον
333 566 634 634 γινομένων,
667 571 760 622 καὶ
785 570 892 622 τῶν
911 572 1140 626 καθόλου
1175 573 1539 645 λαμσάνοντες
1560 594 1643 644 γι-

131 655 388 722 νώσκωσιν,
421 659 539 729 οὐχὶ
580 663 628 713 οἱ
676 663 994 734 ἄνθρωποι(
1015 667 1193 738 πολλῷ
1234 669 1342 739 γὰρ
1376 669 1560 740 μεῖζον
1608 672 1640 742 ἢ

129 749 237 801 κατὰ
261 749 524 820 ἄνθρωπον
549 751 611 805 τὸ
629 753 886 810 δύνασθαι
915 758 1057 812 κατὰ
1082 759 1336 830 ἀλήθειαν
1367 762 1643 834 ἐκλαμϐά-

126 858 210 894 νειν
228 841 316 894 ἀπὺ
331 843 421 912 τῆς
448 845 713 915 κινήσεως
739 847 846 900 τῶν
875 850 1122 922 ἀστέρων
1153 853 1222 906 τὰ
1251 855 1377 925 περὶ
1411 856 1639 908 ἑκάστου

123 933 204 985 τῶν
244 933 499 987 ὀτιποτοῦν
551 939 976 1013 ἐνεργούντωνῆ
1009 944 1324 1014 πασχόντων
1359 953 1399 1014 ),
1434 947 1549 1000 ἀλλ’
1583 949 1639 1000 αἰ

121 1024 337 1092 δυνάμεις,
369 1025 432 1089 ἃς
460 1028 757 1097 ἀναγκαῖον
792 1031 878 1084 διὰ
915 1034 1086 1089 πολλὰ
1116 1035 1290 1090 ταῦτα
1328 1038 1636 1106 γινώσκειν,

120 1117 175 1178 ὡς
196 1117 307 1169 κατὰ
334 1117 557 1188 δύναμιν
584 1121 672 1174 διὰ
696 1123 802 1175 τῶν
828 1124 957 1195 ἑξῆς
989 1125 1255 1198 δείξομεν.
1289 1129 1546 1194 Συνέντες
1579 1132 1637 1185 δὲ

119 1211 152 1260 oi
178 1207 410 1279 ἅνθρωποι
455 1209 519 1263 ἐκ
570 1229 732 1266 τινων
767 1219 1068 1288 τηρήσεων,
1100 1219 1132 1290 ἢ
1161 1220 1252 1273 καὶ
1285 1222 1348 1274 ὲκ
1383 1221 1640 1277 διδασκα-

119 1301 208 1361 lix;
245 1300 472 1366 ἀγγέλων
514 1302 614 1373 τὴν
658 1306 789 1359 ἰδίαν
822 1308 973 1372 τάξιν
1013 1313 1475 1384 παραϐεϐηκότων
1497 1355 1512 1378 ,
1545 1318 1637 1370 καὶ

117 1388 357 1458 ἐπὶτῇτοῦ
399 1392 592 1458 γένους
642 1396 798 1466 ήμῶν
842 1401 1092 1474 ἐπιτριόῇ
1129 1402 1455 1470 διδαξάντων
1507 1409 1637 1478 περὶ

115 1480 269 1533 τούτων
303 1483 434 1546 τινὰ,
471 1486 737 1558 ᾠήθησαν
766 1493 890 1556 τοὺς
913 1494 1006 1563 ἀφ’
1038 1489 1114 1548 ὧν
1152 1496 1222 1548 τὰ
1261 1502 1461 1568 σημεῖα
1499 1500 1637 1554 οἷον·

113 1588 176 1623 ται
194 1572 475 1642 λαμϐάνειν,
509 1580 723 1645 αἰτίους
752 1585 1014 1657 ὑπάρχειν
1039 1590 1264 1655 τούτων,
1291 1590 1325 1645 ἃ
1351 1595 1635 1664 σημαίνειν

110 1666 130 1715 ὀ
159 1664 282 1731 λόγος
304 1670 428 1736 φησί
448 1687 461 1699 ·
493 1673 628 1743 περὶ
662 1669 736 1726 ὧν
770 1677 863 1729 καὶ
893 1680 1071 1732 αὐτῶν
1099 1722 1113 1745 ,
1153 1682 1226 1746 ὡς
1274 1686 1332 1737 ὲν
1374 1688 1629 1760 ἐπιτομῇ,

110 1756 212 1808 κατὰ
253 1757 463 1831 δύναμιν
511 1767 938 1841 ἐπιμελέστερον
986 1772 1190 1838 εὐθέως
1236 1756 1628 1849 διαληψόμεθα.

1746 577 1867 632 fixis
1894 579 2003 634 illis
2034 591 2198 651 atque
2231 585 2616 642 constantibus
2656 589 2817 658 plane
2863 597 3198 653 contrariam
3241 609 3324 653 te-

1746 679 1929 724 neant.
1964 669 2021 726 ld
2047 673 2194 742 quod
2220 689 2286 729 eo
2317 677 2552 732 consilio
2593 677 2794 736 factum
2829 694 2932 747 cst,
2963 696 3022 741 ut
3069 703 3136 744 ex
3172 694 3324 748 vario

1741 769 2015 816 astrorum
2061 765 2191 832 situ,
2234 780 2576 839 eorum,qua9
2609 774 2806 841 partim
2839 776 3090 848 singulis,
3127 786 3321 848 partim

1742 849 1794 903 in
1847 852 2164 910 universum
2204 859 2482 926 eveniunt,
2538 861 2691 932 signa
2741 868 2992 935 quaedam
3043 871 3320 940 hauriant,

1743 956 1852 995 non
1886 943 2001 1012 jam
2036 945 2289 1003 homines
2327 960 2476 1004 certe
2508 953 2728 1021 quidem
2759 955 2847 1027 (cx
2875 959 2965 1013 illa
3000 963 3146 1018 enim
3177 967 3322 1020 side-

1740 1049 1860 1087 rum
1893 1040 2276 1108 conversione,
2307 1043 2571 1114 quidquid
2603 1057 2698 1102 aut
2723 1047 2920 1104 facturi
2955 1054 3157 1125 singuli
3183 1059 3315 1124 sinl,

1739 1133 1829 1178 aut
1860 1128 2099 1196 passuri,
2127 1145 2250 1186 vere
2288 1148 2352 1187 ac
2369 1143 2518 1188 certo
2547 1136 2870 1209 intelligere,
2902 1157 3083 1213 opera:
3105 1158 3190 1202 est
3213 1150 3318 1203 liu-

1739 1231 1932 1272 manas
1955 1220 2104 1275 vires
2137 1221 2296 1292 longe
2321 1226 2664 1298 multumque
2693 1235 3051 1306 superantis),
3090 1241 3183 1293 sed
3220 1258 3318 1295 na-

1738 1316 1874 1362 turae
1903 1309 2006 1364 illae
2031 1314 2369 1382 superiores,
2401 1334 2538 1386 quas
2573 1321 2822 1389 pluribus
2854 1339 2989 1381 sane
3020 1327 3087 1382 de
3132 1334 3319 1387 causis

1735 1413 1854 1453 eam
1891 1399 1945 1455 in
1980 1405 2345 1474 cognitionem
2372 1410 2555 1464 venire
2581 1427 2803 1469 necesse
2827 1425 2934 1479 est,
2963 1419 3039 1471 uti
3062 1421 3317 1493 deinceps

1735 1505 1834 1560 pro
1882 1504 2046 1562 capta
2097 1510 2286 1553 nostro
2319 1499 2846 1561 demonstrabimus.
2902 1509 3165 1569 Homines
3219 1530 3318 1570 au-

1737 1591 1865 1648 tem,
1895 1586 2042 1654 quod
2096 1591 2359 1645 nonnulla
2405 1593 2458 1647 id
2486 1609 2679 1664 genus,
2714 1599 2796 1652 vel
2840 1601 3316 1663 observationibus

1734 1678 2086 1747 quibusdam,
2112 1684 2196 1738 vel
2220 1686 2560 1756 angelorum,
2593 1691 2688 1760 qui
2721 1709 2845 1747 cum
2883 1711 3015 1754 suos
3042 1699 3144 1768 ipsi
3176 1701 3313 1756 fines

1736 1769 2117 1837 trausilierint,
2159 1783 2272 1829 tum
2306 1779 2525 1847 generis
2573 1781 2627 1835 in
2675 1786 2846 1839 nostri
2874 1789 3171 1858 perniciem
3207 1792 3324 1848 ista.

108 1848 401 1917 Πῳκείσεται
421 1855 604 1911 τοίνυν
628 1858 803 1912 ταῦτα
823 1861 892 1914 τὰ
916 1865 1274 1938 προϐλήματα
1293 1884 1306 1898 ·
1331 1870 1476 1934 Πῶς,
1501 1889 1620 1943 προ·

1735 1861 2044 1931 docuerint,
2085 1865 2474 1926 informatione
2503 1860 2826 1944 didicerint;
2886 1895 3076 1936 eorum
3122 1883 3311 1952 simul,

107 1939 292 2002 τνὼστου
317 1941 462 2007 ὄντος
505 1945 567 2010 ἐξ
600 1949 797 2015 αἰῶνος
830 1952 922 2005 τοῦ
943 1954 1077 2007 Θεοῦ
1107 1958 1232 2028 περὶ
1255 1957 1362 2013 τῶν
1387 1960 1476 2029 ὑφ’
1507 1962 1631 2017 ἑκά-

109 2047 198 2083 στου
227 2035 539 2104 πράττεσθαι
569 2041 964 2113 νομιζομένων,
1000 2047 1060 2100 τὺ
1094 2049 1178 2119 ἐφ’
1210 2051 1340 2121 ἡμῖν
1365 2051 1592 2118 σώζεται
1613 2071 1628 2086 °

107 2124 185 2175 Καὶ
207 2126 306 2178 τίνα
326 2129 522 2200 τρόπον
553 2133 606 2185 οἱ
640 2135 866 2205 ἀστέρες
888 2137 987 2192 οὔκ
1017 2142 1120 2194 είσι
1152 2145 1425 2211 ποιητικοὶ
1448 2145 1553 2199 τῶν
1574 2149 1631 2201 ἐν

105 2216 376 2287 ἀνθρώποις,
423 2229 758 2296 σημαντικοί
794 2229 851 2282 δὲ
879 2230 1057 2300 μόνον.
1105 2235 1214 2288 Καὶ
1238 2237 1319 2288 ὅτι
1353 2238 1629 2310 ἄνθρωποι

103 2310 173 2376 τὴν
195 2314 297 2382 περὶ
330 2314 534 2370 τούτων
564 2319 769 2387 γνῶσιν
800 2322 1042 2394 ἀκριϐῶς
1076 2324 1220 2395 ἔχειν
1249 2328 1309 2380 οὗ
1353 2329 1626 2395 δύνανταιν

222 2399 489 2473 δυνάμεσιν
520 2408 827 2478 ἀνθρώπων
877 2414 1149 2485 κρείττοσι
1183 2417 1253 2470 τὰ
1296 2424 1496 2490 σημεῖα
1539 2421 1630 2475 ἔκ-

104 2505 247 2543 κειται.
275 2495 362 2557 Τίς
393 2498 504 2568 γὰρ
527 2501 562 2570 ἡ
589 2502 739 2554 αἰτία
770 2503 862 2556 τοῦ
895 2504 963 2558 τὰ
991 2510 1194 2579 σημεῖα
1222 2509 1312 2562 τὸν
1359 2512 1490 2566 Θεὸν
1533 2533 1628 2567 πε-

104 2582 324 2650 ποιηκέναι
353 2587 433 2650 εἰς
456 2589 667 2655 γνῶσιν
690 2592 794 2644 τῶν
822 2593 1125 2666 δυνάμεων,
1158 2601 1415 2672 τέταρτον
1450 2604 1628 2671 ἐξετα-

102 2671 314 2742 σῠήσεται.
346 2679 452 2732 Καὶ
479 2682 666 2735 τοίνυν
703 2683 898 2755 ἴδωμεν
925 2687 987 2741 τὸ
1020 2691 1234 2761 πρῶτον
1255 2733 1268 2756 ,
1311 2694 1447 2766 ὅπερ
1470 2697 1626 2752 εὐλα-

100 2760 298 2830 Ειτθέντες
331 2769 512 2824 πολλοὶ
538 2773 653 2826 τῶν
694 2775 981 2848 Ἑλλήνων,
1013 2760 1246 2852 οἰόμενοι
1279 2760 1626 2859 κατηναγκά-

99 2856 263 2912 σθαιτά
291 2865 619 2936 πράγματα,
655 2872 749 2922 καὶ
781 2872 844 2924 τὸ
870 2874 954 2942 ἐφ’
991 2876 1122 2946 ἡμῖν
1153 2879 1417 2951 μηδαμῶς
1453 2883 1622 2946 σώζε-

97 2949 202 3016 σθαι,
226 2955 268 3008 εί
295 2957 320 3008 6
342 2956 470 3022 Θεὸς
501 2962 871 3031 προγινώσκει
899 2966 969 3019 τὰ
1003 2969 1286 3038 μέλλοντα,
1305 2949 1516 3040 ήάσεόὲς
1540 2977 1626 3031 δόο

95 3058 181 3109 1p:
201 3047 485 3119 ἐτόλμησαν
501 3053 868 3120 ἀναδέξασθαι
901 3058 1119 3128 μᾶλλον,
1148 3063 1180 3133 ἢ
1218 3066 1513 3134 προσέσθαι
1540 3069 1619 3133 τὸ,

95 3131 149 3195 ὥς
166 3153 300 3204 φασιν
326 3143 542 3208 ἐκεῖνοι,
572 3145 783 3212 ἔνδοξον
815 3149 916 3218 μὲν
950 3153 1076 3222 περὶ
1109 3152 1264 3219 Θεοῦ,
1290 3157 1547 3228 άναιροῦν
1565 3160 1621 3213 δὲ

94 3227 142 3316 τό
158 3230 223 3296 ἐφ’
247 3232 384 3301 ήμίν,
411 3238 508 3288 καὶ
533 3237 627 3290 διὰ
655 3239 812 3292 τοῦτο
844 3241 1060 3296 ἔπαινον
1091 3247 1183 3298 καὶ
1211 3247 1396 3316 ψόγον,
1421 3227 1533 3303 ﬁxa}.
1561 3253 1622 3306 τὸ

94 3315 171 3368 τῶν
194 3320 378 3389 ἀρετῶν
405 3325 740 3392 ἀπόδεκτον,
776 3331 883 3384 τῶν
915 3350 975 3386 τε
1003 3336 1209 3389 κακιῶν
1237 3337 1457 3408 ψεκτόν.
1513 3344 1622 3397 Καί

94 3424 242 3475 eam,
282 3416 327 3466 εἰ
375 3417 434 3480 ἐξ
467 3419 670 3482 αἰῶνος
709 3420 850 3490 ἔγνω
875 3427 903 3476 ὁ
926 3424 1056 3489 Θεὸς
1087 3429 1236 3482 τόνδε
1270 3433 1389 3486 τινὰ
1427 3435 1622 3506 ἀδική-

95 3514 192 3560 σειν.
221 3506 301 3557 καὶ
332 3509 452 3561 τάδε
473 3512 704 3582 ποιῆσαι
730 3515 1063 3587 ἀδικήματα,
1090 3520 1324 3594 ἀψευδὴς
1354 3525 1410 3578 δὲ
1436 3527 1624 3598 ήγνῶ-

92 3607 150 3653 εις
167 3596 239 3647 τοῦ
259 3597 404 3666 θεοῦ,
434 3605 530 3656 καὶ
554 3605 774 3670 πάντως
795 3607 948 3661 ἔσται
969 3610 1151 3677 ἄδικος
1180 3619 1419 3688 ποιήσων
1441 3631 1467 3660 ιι
1493 3620 1618 3674 τάδε

92 3682 138 3733 τὰ
161 3686 470 3761 ἀδικήματα,
510 3699 540 3748 ό
581 3698 822 3762 τοιοῦτος
854 3698 994 3756 εἶναι
1038 3709 1458 3780 πρπωραμένος
1479 3730 1492 3742 ·
1527 3715 1620 3766 καὶ

91 3775 309 3848 ἀμήχανον
340 3787 412 3855 μὴ
461 3788 748 3860 ἀδικήσειν
795 3793 957 3848 αὑτὸν
980 3835 995 3860 ,
1026 3799 1472 3868 κατηνάγκασται
1504 3805 1564 3857 τὸ
1592 3805 1618 3844 δ

91 3867 309 3942 ἀδικήσειν
336 3879 530 3945 αὑτὸν,
585 3884 678 3936 καὶ
707 3885 968 3941 ἀδύνατον
997 3889 1150 3945 ἔσται
1184 3893 1312 3946 ἄλλο
1332 3913 1382 3948 τι
1413 3897 1616 3968 πρᾶξαι

89 3960 206 4014 ωιτιν
241 3968 270 4036 ἦ
311 3970 443 4043 ὅπερ
475 3973 504 4025 ὁ
563 3973 699 4038 Θεὸς
731 3976 890 4045 ἔγνω.
929 3981 992 4034 Ei
1021 3982 1078 4036 δὲ
1108 3984 1367 4039 ἀδύνατον
1413 3960 1616 4043 mea

91 4054 245 4121 πρὶξσι
275 4061 449 4127 αὐτὸν,
479 4065 662 4130 οὐδεὶς
681 4068 738 4122 δὲ
765 4070 1030 4126 ἀδύνατον
1058 4074 1131 4144 μὴ
1168 4077 1395 4147 ποιήσας
1417 4079 1616 4148 ψεκτός

89 4141 187 4209 ἔστι,
218 4150 375 4223 μάτην
404 4156 715 4229 αἰτιώμεθα
744 4163 870 4225 τοὺς
898 4141 1135 4229 ἀδίκους,
1166 4141 1352 4221 ante:
1377 4141 1472 4224 τοῦ
1496 4141 1613 4226 άδίιί

88 4247 156 4284 κου
182 4239 261 4290 καὶ
286 4241 388 4294 τῶν
417 4244 776 4317 ἀδικημάτων
803 4250 1123 4321 ἐπέρχονται
1153 4254 1247 4307 καὶ
1274 4257 1365 4309 ἐπὶ
1389 4257 1460 4309 τὰ
1479 4257 1613 4312 ἄλλα

87 4322 411 4401 ἁμαρτήματα.
450 4333 588 4391 Εἶτα
620 4341 683 4392 ὲκ
710 4341 803 4394 τοῦ
833 4344 1073 4398 ἐναντίου
1115 4348 1207 4400 καὶ
1244 4348 1311 4401 τά
1345 4359 1366 4384 ο
1398 4349 1613 4420 νομιζό-

91 4431 188 4479 μενα
223 4427 643 4499 κατόρθωμα-ια’
691 4432 786 4485 καί
819 4450 981 4501 φασιν
1031 4436 1340 4490 ἀκολουθεῖν
1373 4438 1433 4491 τὸ
1461 4437 1487 4478 ἀ
1521 4440 1612 4493 τὸν

1733 1973 1966 2027 quorum
1997 1962 2450 2032 significationem
2477 1968 2545 2023 iis
2571 1967 2852 2041 Scriptura
2885 1977 3096 2043 tribuit,
3123 1991 3314 2036 aucto-

1733 2061 1820 2100 res
1853 2048 1976 2104 illos
2002 2065 2124 2105 esse
2155 2063 2508 2122 putaverunt,
2557 2074 2588 2112 a
2610 2061 2810 2129 quibus
2841 2079 2903 2117 ea
2939 2081 3000 2120 se
3027 2070 3312 2140 percipere

1731 2137 1885 2206 signa
1920 2141 2233 2198 credebant.
2259 2143 2375 2212 Qua
2403 2147 2470 2202 de
2493 2165 2550 2203 re
2574 2154 2886 2208 summatim
2910 2163 3125 2229 quoque
3148 2137 3312 2231 paulo

1731 2239 1872 2299 post,
1905 2233 1999 2287 sed
2029 2249 2215 2290 tamen
2272 2253 2371 2307 pro
2424 2251 2610 2296 nostra
2647 2242 2908 2303 facultate
2936 2251 3227 2322 diligenter
3254 2266 3312 2312 et

1730 2335 1986 2380 accurate
2013 2326 2440 2398 disputabimus.
2485 2333 2660 2404 Atque
2689 2339 2805 2394 Ι]ωο
2850 2353 3013 2398 erunt
3047 2348 3311 2415 quaestio-

1730 2417 1815 2472 nis
1855 2417 2119 2474 instituta:
2151 2424 2359 2492 capita.
2407 2424 2508 2491 Qui
2558 2429 2673 2482 ﬁeri
2725 2433 2921 2501 possit,
2971 2443 3029 2490 ut
3072 2453 3198 2493 cum
3245 2456 3310 2497 ea

1727 2524 1850 2578 qua:
1879 2525 1909 2564 a
1943 2527 2161 2582 quoque
2193 2514 2311 2568 fieri
2342 2529 2637 2574 censentur
2665 2523 2874 2591 omnia,
2897 2541 2963 2580 ex
2988 2530 3138 2583 omni
3162 2531 3307 2587 Deus

1727 2601 2028 2657 teternitate
2062 2607 2411 2672 praenoverit,
2449 2622 2546 2660 sua
2589 2618 2768 2664 tamen
2815 2613 3081 2669 voluntati
3110 2625 3309 2672 nostra:

1727 2695 1810 2750 vis
1843 2705 2193 2767 potestasque
2227 2709 2495 2754 servetur.
2526 2700 2816 2768 Quomodo
2843 2721 3024 2762 rerum
3061 2709 3304 2775 illarum,

1726 2802 1848 2858 quae
1875 2789 2157 2844 hominum
2193 2792 2377 2861 generi
2401 2794 2678 2860 eveniunt,
2703 2797 2857 2866 signa
2879 2799 3100 2868 quidem
3126 2801 3306 2857 sidera

1727 2878 1856 2941 sint,
1899 2894 2079 2934 caus:e
2125 2896 2254 2935 vero
2299 2882 2542 2937 minime.
2598 2883 2964 2950 Quamobrem
3012 2900 3217 2945 certam
3253 2901 3308 2948 ct

1723 2969 2049 3038 exquisitam
2083 2971 2332 3026 homines
2359 2973 2676 3028 earumdem
2717 2991 2898 3030 rerum
2933 2978 3301 3049 mgnitionem

1724 3060 1924 3115 habere
1950 3076 2059 3114 non
2083 3063 2319 3130 possint,
2358 3064 2449 3118 sed
2475 3066 2688 3120 naturis
2719 3066 2958 3122 humana
2996 3070 3299 3140 superiori-

1724 3154 1826 3208 bus
1851 3155 2129 3224 proposita
2161 3156 2313 3224 signa
2345 3157 2433 3210 illa
2463 3158 2592 3211 sint.
2631 3156 2767 3212 Nam
2807 3175 3072 3229 quorsum
3109 3163 3300 3218 iisdem

1724 3261 1787 3300 ex
1843 3246 2014 3316 signis
2045 3246 2252 3316 aliquid
2305 3257 2529 3303 naturas
2565 3249 2685 3303 illas
2715 3250 3048 3318 cognitionis
3080 3251 3306 3310 haurire

1722 3335 1978 3401 voluerit,
2006 3346 2202 3405 quarto
2240 3337 2462 3391 demum
2494 3337 2614 3392 loco
2645 3353 2978 3408 qumremus.
3009 3340 3305 3398 Ordiamur

1722 3444 1751 3482 a
1783 3429 1982 3498 primo,
2010 3430 2065 3483 in
2091 3445 2199 3498 quo
2230 3429 2358 3484 dum
2385 3432 2659 3486 cautiores
2686 3447 2808 3488 esse
2842 3430 3160 3491 Graecorum
3185 3438 3303 3506 ple-

1723 3520 1878 3590 rique
1906 3521 2124 3586 vellent,
2159 3523 2416 3593 quodque
2451 3524 2498 3577 si
2532 3524 2643 3579 Deo
2673 3523 2985 3582 futurorum
3027 3532 3300 3599 praenolio

1721 3613 2074 3677 tribueretur,
2098 3615 2206 3668 vim
2236 3616 2401 3670 rebus
2433 3615 2620 3670 inferri
2653 3627 2927 3687 putarent,
2957 3634 3022 3676 ac
3048 3621 3304 3677 volunta-

1723 3702 1791 3755 tis
1823 3710 2026 3754 nostra:
2049 3703 2175 3771 jura
2199 3703 2412 3766 violari,
2439 3705 2708 3760 nefarium
2735 3708 3077 3780 impiumque
3102 3711 3304 3781 dogma

1719 3792 1999 3861 suscipere
2037 3807 2262 3857 temere,
2299 3795 2462 3865 287
2497 3805 2662 3866 quam
2714 3799 2947 3854 alterum
3003 3801 3134 3856 illud
3171 3818 3301 3874 pro-

1718 3881 1850 3936 bare
1875 3885 2210 3948 maluerunt,
2234 3887 2382 3956 quod
2418 3891 2525 3942 Deo
2563 3890 2809 3960 quidem,
2837 3901 2896 3946 ut
2929 3893 3033 3963 ipsi
3064 3893 3304 3964 loquun-

1718 3984 1828 4038 tur,
1853 3976 2037 4046 gloria:
2058 3977 2296 4044 cederet,
2328 3995 2518 4034 verum
2546 3982 2758 4036 arbitrii
2790 3983 2965 4038 nostri
2995 3984 3107 4038 vim
3143 3995 3198 4040 et
3221 3985 3300 4040 fa-

1717 4067 1972 4121 cultatem
2011 4079 2298 4136 everteret,
2331 4071 2607 4142 simulque
2653 4075 2886 4144 proinde
2920 4091 3142 4132 omnem
3175 4093 3302 4134 cum

1716 4159 1876 4212 laude
1910 4162 2385 4230 vituperationem,
2414 4174 2468 4219 et
2497 4165 2764 4236 quidquid
2796 4175 2892 4220 aut
2934 4178 3018 4223 est
3050 4170 3302 4240 comple-

1715 4253 1970 4306 ctendum
2008 4253 2062 4307 in
2097 4255 2316 4321 virtute,
2348 4265 2442 4310 aut
2491 4257 2546 4310 in
2593 4258 2725 4311 vitio
2764 4259 3298 4328 reprehendendum.

1716 4341 2029 4410 Enimvero,
2059 4347 2105 4400 si
2141 4347 2286 4401 hunc
2315 4358 2409 4402 aut
2437 4349 2590 4404 illum
2625 4351 2766 4404 Deus
2791 4349 3123 4419 injuriosum
3151 4349 3302 4405 futu-

1715 4453 1858 4502 rum,
1886 4439 1931 4493 si
1960 4438 2060 4493 has
2089 4451 2180 4495 aut
2217 4441 2338 4495 illas
2387 4441 2619 4511 injurias
2648 4441 2932 4497 illaturum
2983 4459 3052 4497 ex
3084 4445 3300 4498 aeterni-

89 4507 183 4606 θεόν
205 4516 262 4567 τά
286 4519 542 4587 μέλλοντα
573 4527 974 4596 προεγνωκέναι
999 4528 1078 4599 τῷ
1112 4540 1136 4568 ο
1163 4530 1517 4601 μὴδύνασθαι
1544 4532 1611 4587 τὰ

1723 4541 1827 4586 late
1857 4533 2132 4602 cognovit,
2165 4549 2267 4588 nec
2313 4507 2742 4604 falli'prmuotio
2770 4536 2956 4590 divina
2990 4543 3170 4606 potest
3203 4553 3217 4590 :
3253 4537 3301 4590 is

87 4597 148 4663 ἐφ’
171 4604 279 4672 ἡμῖν
306 4609 594 4674 σώζεσθαι.
639 4615 782 4685 Πρὸς
804 4615 897 4678 οὓς
919 4597 1175 4683 λεκτέον,
1194 4597 1276 4672 ὃτι
1304 4619 1607 4676 ἐπιϐάλλων

87 4689 228 4759 ὀθεὸς
253 4703 312 4770 τῇ
344 4703 484 4775 ἀρχῇ
513 4704 615 4775 τῆς
649 4710 1033 4778 κοσμοποιίας,
1069 4711 1282 4776 οὐδενὸς
1309 4713 1552 4767 ἀναιτίου
1582 4712 1602 4751 ί

87 4789 330 4854 τινυμένου,
363 4796 752 4866 ἐπιπορεύεται
781 4799 862 4870 τῷ
899 4800 974 4872 νῷ
1010 4802 1252 4857 ἕκαστον
1267 4805 1378 4858 τῶν
1406 4807 1602 4875 ἐσομέ-

87 4890 176 4941 νων,
203 4882 324 4953 ὀρῶν
346 4925 359 4949 ,
388 4887 469 4940 ὅτι
489 4928 504 4953 ,
531 4889 656 4942 ἐπεὶ
700 4891 817 4944 τόδε
851 4892 1061 4962 γέγονε,
1093 4895 1209 4949 τόδε
1241 4897 1432 4951 ἕπεται
1455 4916 1470 4931 ο
1505 4899 1602 4953 ἐὰν

148 4969 333 5041 γένηται
351 4977 468 5031 τόδε
505 4979 570 5032 τὸ
591 4981 878 5052 ἑπόμενον,
911 4984 1028 5038 τόδε
1049 4987 1364 5042 ἀκολουθεῖ·
1391 4983 1450 5044 οὗ
1468 4991 1600 5044 ὐπο-

89 5055 400 5124 στᾶντος,τόδε
419 5067 576 5122 ἕσται
593 5088 608 5100 ο
633 5074 726 5124 καὶ
742 5073 882 5127 οὕτω
903 5075 1064 5148 μέχρι
1095 5078 1281 5143 τέλους
1319 5080 1428 5133 τῶν
1459 5100 1600 5154 πρα-

87 5149 259 5212 γμάτων
284 5158 679 5231 ἐπιπορευθεὶς,
713 5159 852 5218 οἶδεν
871 5166 908 5220 ἃ
939 5168 1112 5233 ἔσται,
1142 5171 1202 5222 οὐ
1235 5172 1448 5237 πάντως
1470 5174 1599 5229 ἑκά-

90 5249 167 5308 πῳ
197 5244 287 5297 τῶν
311 5255 724 5324 γινωσκομένων
766 5257 939 5322 αἴτιος
991 5259 1082 5312 τοῦ
1136 5261 1268 5315 αὐτὸ
1329 5264 1597 5336 συμϐῆναι

88 5335 325 5427 ῗυτᾏάνων.
377 5344 588 5418 -οσπερ
632 5347 741 5419 γὰρ
769 5349 824 5402 εἴ
856 5367 980 5413 τις,
1026 5351 1165 5423 ὁρῶν
1205 5371 1328 5407 τινα
1375 5355 1463 5410 διὰ
1496 5335 1596 5427 μὲν

92 5417 270 5514 ﬁnitimi
310 5417 590 5506 προπετῆ,
619 5417 788 5493 διὰδὲ
814 5441 912 5513 τὴν
945 5417 1274 5514 προπέτειαν
1297 5417 1596 5514 ἀλογίστως

93 5511 363 5604 ίτιϐτιίνοντα
387 5529 504 5582 ὀδοῦ
534 5532 843 5604 ὀλισθηρᾶς,
864 5511 958 5588 καὶ
980 5511 1275 5592 καταλάσοι
1311 5511 1592 5594 πεσεῖσθαι

91 5601 396 5684 ὸλισθήσαντα.
426 5625 548 5694 οὐχί⁵
579 5601 749 5691 αἴτιος
777 5627 870 5681 τοῦ
890 5629 1103 5683 ὀλίσθου
1126 5631 1317 5702 ἐκείνῳ
1343 5632 1589 5700 γίνεται·

142 5789 161 5818 ι
180 5781 245 5834 τοι,
270 5787 354 5839 καὶ
384 5791 560 5862 ποιήσι,
674 5793 702 5830 b
732 5791 815 5844 τσ,
851 5792 952 5864 γὰρ
981 5793 1058 5847 τό.
1138 5811 1157 5832 ⁶
1185 5794 1271 5847 ῑσ.
1309 5793 1466 5850 κάπί.

307 5911 492 5974 Pan.
527 5915 640 5976 Gn.
680 5916 856 5978 XXI.

1543 5796 1568 5837 ἀ
1597 5795 1682 5852 ῑσ.
1711 5795 1810 5868 τῷ.

1716 4624 1982 4694 profecto,
2014 4642 2176 4696 quem
2217 4626 2489 4695 ejusmodi
2537 4626 2655 4681 fore
2685 4629 3022 4698 praeviderit,
3064 4637 3119 4682 et
3149 4625 3296 4695 inju--

1713 4717 1894 4773 riosus
1934 4718 2162 4773 omnino
2213 4716 2432 4772 futurus
2457 4727 2562 4784 est,
2605 4729 2659 4773 et
2687 4721 2825 4774 tales
2854 4719 3088 4789 injurias
3116 4718 3299 4772 illatu-

1709 4825 1806 4864 rus
1841 4829 1853 4863 :
1887 4809 2133 4879 adeoque
2181 4809 2298 4864 ﬁeri
2349 4811 2501 4864 nullo
2542 4812 2708 4866 modo
2753 4821 2956 4882 potest,
2991 4820 3052 4865 ut
3087 4811 3156 4865 ab
3189 4809 3296 4863 illis

1709 4901 1927 4971 injuriis
1953 4903 2246 4969 abstineat,
2276 4919 2400 4958 cum
2442 4912 2497 4958 et
2544 4906 2610 4958 ad
2639 4921 2734 4960 cas
2761 4904 3076 4960 inferendas
3106 4919 3297 4959 neces-

1707 4996 1869 5050 sitate
1895 4995 2160 5066 rapiatur,
2188 5011 2289 5050 nec
2311 4996 2458 5050 aliud
2487 4997 2556 5051 ab
2581 5012 2647 5051 eo
2682 4997 2984 5067 quidquam
3017 4995 3130 5050 fieri
3161 5010 3292 5065 pos-

1706 5088 1798 5153 sit,
1822 5103 1989 5156 quam
2011 5089 2155 5157 quod
2184 5086 2430 5142 futurum
2469 5087 2614 5142 Deus
2652 5103 2776 5142 csse
2806 5087 3142 5156 cognoverit.
3169 5083 3289 5138 Jam

1705 5179 1749 5234 si
1785 5180 1932 5233 aliud
1973 5195 2201 5249 prorsus
2229 5194 2389 5250 agere
2421 5180 2559 5234 nihil
2606 5187 2804 5250 potest,
2843 5193 2942 5232 nec
2992 5178 3289 5247 quisquam

1699 5271 1824 5342 jure
1848 5270 2211 5341 vituperatur,
2240 5271 2386 5340 quod
2420 5270 2473 5325 id
2502 5286 2615 5326 non
2647 5269 2857 5336 fecerit,
2883 5268 3031 5340 quod
3067 5267 3182 5323 ﬁeri
3219 5269 3288 5324 ab

1704 5377 1771 5416 eo
1802 5377 1910 5416 non
1952 5361 2149 5432 potuit,
2195 5362 2444 5416 homines
2490 5360 2793 5430 injuriosos
2824 5357 3032 5414 frustra
3074 5359 3288 5414 calum-

1705 5455 1943 5509 niamur.
1982 5453 2189 5509 Deinde
2236 5468 2364 5509 vero
2394 5454 2464 5509 ab
2513 5453 2801 5524 injuriosis
2852 5462 2907 5509 et
2957 5451 3174 5522 injuriis
3218 5451 3285 5504 ad

1703 5551 1897 5598 caetera
1925 5552 2274 5614 peccatorum
2309 5559 2506 5614 genera
2541 5543 2768 5614 gradum
2815 5543 3043 5599 faciunt.
3087 5540 3224 5596 Tum
3254 5557 3285 5594 a

1701 5635 2000 5702 contrario,
2054 5635 2120 5691 de
2147 5635 2216 5690 iis
2246 5649 2461 5705 quoque
2489 5633 2677 5701 rebus,
2708 5650 2832 5705 quae
2873 5635 3132 5705 praeclare
3166 5630 3284 5688 fieri

1889 5805 1916 5834 ο
1944 5797 2027 5851 τσ.
2052 5797 2130 5851 τό.
2213 5796 2236 5837 ί
2265 5815 2354 5868 π).
2387 5797 2650 5860 ἀναιτίας.

2821 5925 2896 5983 16
