3864 6386
589 347 692 407 49!

1222 345 1498 403 EUSEBII
1537 343 2021 401 CaESARlENSIS
2058 343 2209 400 OPP.
2256 343 2438 399 PARS
2475 343 2538 399 ll.
2580 375 2649 386 --
2689 343 3195 402 APOLOGETICA.
3679 355 3754 410 199,

589 468 925 538 honesteque
952 465 1258 530 videantur,
1287 465 1451 522 simili
1484 465 1695 519 ratione
1718 471 1966 518 statuunt
1994 481 2007 517 :
2037 471 2149 516 tan-

2258 460 2399 514 οῦτω
2447 463 2663 533 νοητέον
2695 463 2786 516 τὸν
2834 463 2969 516 Θεὸν
2993 503 3008 527 ,
3051 462 3438 534 προεωρακότα
3467 467 3617 533 ὁποῖος
3652 470 3759 527 ἔσται

586 559 827 626 demque
849 554 1202 616 concludunt,
1229 553 1276 609 si
1307 552 1418 608 Deo
1447 555 1616 608 semel
1653 553 1964 609 futurorum
2014 569 2155 624 pra:-

586 649 740 704 notio
771 645 1124 710 concedatur,
1156 644 1368 699 arbitrii
1399 646 1572 699 nostri
1605 655 1927 716 potestatem
1981 646 2157 700 conti-

585 756 697 796 nuo
727 740 972 794 funditus
997 756 1120 794 esse
1145 739 1460 794 tollendam.
1491 738 1704 805 Quibus
1733 740 1836 794 hoc
1864 738 2026 793 modo
2070 756 2157 793 re-

586 831 962 900 spondendum
989 829 1092 883 erit
1113 848 1126 884 :
1149 828 1310 894 Deus,
1343 828 1489 898 quod
1515 829 1661 884 nulla
1691 845 1775 884 res
1802 845 2024 883 causam
2047 845 2156 884 non

587 924 782 978 habeat
838 923 1101 992 aliquam,
1149 921 1279 976 dum
1334 922 1438 976 sub
1491 922 1668 990 ipsum
1717 921 1864 976 orbis
1897 922 2155 976 moliendi

583 1017 935 1086 principium.
969 1014 1152 1069 futura
1197 1015 1475 1085 sigillatim
1508 1014 1694 1068 omnia
1725 1023 1902 1068 mente
1933 1030 2158 1084 percur-

587 1109 676 1167 rit.
712 1108 857 1161 videt
881 1089 1047 1174 illico,
1071 1108 1116 1162 si
1143 1106 1344 1161 factum
1375 1107 1477 1161 hoc
1499 1106 1622 1170 erit,
1660 1106 1790 1160 illud
1824 1105 2052 1175 proinde
2075 1122 2160 1159 se-

584 1210 872 1265 cuturum;
903 1199 1048 1268 quod
1103 1199 1194 1254 ubi
1228 1198 1521 1260 exstiterit,
1555 1198 1773 1252 tertium
1802 1214 1868 1252 ex
1897 1213 1963 1251 eo
1995 1198 2122 1268 quid
2143 1227 2158 1236 -

582 1290 706 1343 dam
735 1298 924 1358 aptum
960 1287 1114 1354 fore;
1148 1289 1250 1342 hoc
1277 1288 1407 1342 item
1435 1288 1479 1342 si
1515 1289 1751 1358 positum
1783 1287 1906 1354 erit,
1939 1297 1992 1340 et
2022 1303 2158 1341 con-

585 1398 820 1451 sequens
850 1382 980 1436 illud
1006 1379 1251 1434 futurum
1291 1397 1304 1433 :
1331 1381 1514 1450 itaque
1543 1381 1611 1435 ad
1645 1395 1826 1434 rerum
1851 1379 2015 1434 linem
2043 1394 2161 1433 om-

583 1473 737 1525 nium
767 1471 1079 1540 c0gnitione
1127 1471 1409 1544 perducta,
1450 1471 1720 1540 quidquid
1775 1469 2020 1523 futurum
2077 1477 2160 1524 est

582 1563 839 1632 intelligit
885 1581 898 1616 :
952 1577 1052 1616 nec
1101 1571 1282 1616 tamen
1339 1561 1634 1630 cujuslibet
1661 1561 1887 1614 omnino
1918 1560 2020 1626 rei,
2061 1576 2159 1615 cur

582 1654 688 1708 hoc
719 1654 880 1708 illove
897 1654 1060 1708 modo
1076 1653 1312 1718 eveniat,
1335 1669 1504 1708 causa
1523 1652 1787 1708 dicendus
1814 1659 1917 1707 est.
1951 1651 2156 1718 Quem-

582 1744 876 1799 admodum
930 1746 1098 1809 enim,
1151 1746 1197 1801 si
1267 1760 1430 1816 quem
1480 1743 1750 1814 imperitia
1804 1744 2155 1799 temerarium

2263 551 2511 617 ἕκαστος,
2547 555 2641 606 καὶ
2674 553 2771 618 τὰς
2805 554 2980 617 αἰτίας
3010 554 3102 606 τοῦ
3144 554 3380 607 τοιοῦτον
3417 557 3557 610 αὑτὸν
3594 560 3753 618 ἔσεσθαι

2263 643 2522 715 καθορᾷν,
2555 644 2648 697 καὶ
2689 646 2769 698 ὅτι
2813 645 3190 716 ἁμαρτήσεται
3230 645 3390 708 τάδε,
3435 645 3465 718 ἢ
3499 652 3758 722 κατορθώσει

2262 735 2406 788 τάδε.
2440 737 2550 788 Καὶ
2595 738 2643 789 εί
2682 735 2785 807 χρὴ
2833 737 3041 804 λέγειν,
3079 737 3140 788 ού
3167 737 3265 808 τὴν
3311 737 3595 808 πρόγνωσιν
3631 745 3762 797 αἰτίαν

2263 826 2372 880 τῶν
2401 827 2698 897 γινομένων
2727 828 2820 896 (ού
2873 827 2984 896 γὰρ
3012 829 3313 898 ἐφάπτεται
3346 828 3433 881 τοῦ
3465 838 3764 905 προεγνωσμέ-

2264 934 2356 970 νου
2384 918 2832 990 άμαρτησομένου
2879 920 2907 971 ὁ
2935 919 3088 982 Θεὸς,
3129 921 3254 972 ὅταν
3312 921 3623 994 ἁμαρτάνῃ),
3671 927 3764 980 am

2266 1009 2695 1080 παραδοξότερον
2726 1011 2842 1081 μὲν,
2877 1009 3072 1081 ἀληθὲς
3106 1012 3162 1065 δέ
3190 1012 3448 1084 ἐροῦμεν,
3493 1017 3547 1068 τὸ
3575 1019 3765 1089 ἐσόμενον

2265 1101 2436 1154 αἴτιον
2457 1099 2550 1154 τοῦ
2585 1101 2792 1153 τοιάνδε
2837 1097 2977 1154 εἶναι
3010 1102 3108 1173 τὴν
3149 1104 3278 1174 περὶ
3315 1105 3472 1158 αὐτοῦ
3503 1108 3760 1178 πρόγνωσιν.

2265 1194 2338 1245 Οὐ
2373 1192 2482 1264 γάρ
2511 1193 2632 1246 ἐπεὶ
2661 1195 2951 1262 ἔγνωσται,
2990 1197 3194 1264 γίνεται
3222 1237 3236 1258 ,
3281 1197 3394 1250 ἀλλ’
3439 1200 3546 1251 ἐπεὶ
3583 1202 3767 1268 γίνεσθαι

2264 1282 2510 1354 ἔμελλεν,
2551 1284 2840 1354 ἔγνωσται.
2873 1288 3166 1360 Διαστο).ῆς
3191 1289 3247 1341 δὲ
3283 1290 3466 1344 δεῖται.
3501 1292 3555 1344 Εἰ
3583 1293 3662 1361 μὲν
3695 1296 3769 1364 γὰρ

2263 1375 2324 1428 τὸ
2345 1393 2365 1428 ς
2394 1376 2614 1439 πάντως
2635 1377 2786 1430 ἔσται
2828 1397 2846 1430 ι
2873 1378 3015 1432 οὕτω
3035 1397 3119 1443 τις
3151 1381 3458 1452 ἐρμηνεύει,
3485 1383 3552 1446 ὡς
3583 1386 3766 1456 ἀνάγκην

2265 1469 2404 1523 εἶναι
2430 1471 2680 1540 γενέσθαι
2710 1471 2770 1524 τὸ
2803 1473 3272 1544 προεγνωσμένων,
3305 1475 3366 1526 ού
3397 1475 3620 1546 διδόαμεν
3648 1479 3767 1548 αὐτῷ.

2264 1563 2337 1616 Οὐ
2363 1563 2472 1635 γάρ
2503 1563 2755 1634 ἐροῦμεν,
2789 1565 2910 1617 ἐπεὶ
2942 1564 3317 1636 προέγνωσται
3360 1566 3545 1621 Ἰούδαν
3571 1570 3770 1641 προδότην

2263 1655 2537 1722 γενέσθαι,
2566 1655 2648 1707 ὅτι
2675 1657 2825 1708 πᾶσα
2847 1656 3057 1726 ἀνάγκη
3082 1652 3150 1726 ἦν
3183 1656 3384 1711 Ἰούδαν
3414 1657 3648 1728 προδότην
3670 1663 3773 1728 γενέ·

2267 1744 2410 1798 σθαι.
2455 1746 2542 1798 Ἐν
2590 1745 2718 1813 γοῦν
2758 1749 2879 1808 ταῖς
2926 1748 3054 1817 περὶ
3101 1747 3195 1800 τοῦ
3269 1747 3438 1800 Ἰούδα
3490 1751 3773 1819 προφητείαις

581 1855 646 1894 ac
667 1839 997 1910 praecipitem
1033 1854 1152 1894 esse
1181 1841 1391 1901 videas,
1427 1853 1602 1908 eaque
1625 1839 1932 1893 temeritate
1955 1839 2149 1909 impul-

2263 1836 2496 1907 μέμψεις
2523 1839 2616 1890 καὶ
2651 1840 2975 1910 κατηγορίαι
3009 1839 3100 1892 τοῦ
3146 1839 3320 1893 Ἰούδα
3362 1842 3773 1913 ἀναγεγραμμέναι

583 1946 705 1984 sum
737 1930 946 1984 lubrico
969 1945 1090 1984 sese
1116 1929 1292 1983 itineri
1319 1930 1683 1996 committere,
1706 1943 1765 1984 ut
1787 1945 1912 1984 eum
1941 1930 2155 1985 labente

583 2022 913 2092 fallenteque
947 2022 1176 2092 vestigio
1205 2021 1482 2075 ruiturum
1518 2020 1808 2092 intelligas,
1843 2022 1943 2090 ipsi
1971 2031 2150 2077 tamen

581 2115 949 2185 prolapsiouis
995 2129 1161 2168 causa
1217 2128 1326 2167 non
1368 2129 1448 2168 es.
1484 2111 1562 2168 Ita
1617 2114 1776 2184 plane
1808 2115 2152 2170 sentiendum

581 2216 685 2270 est,
723 2205 854 2271 Deo,
888 2205 1034 2276 quod
1068 2205 1378 2274 cujusmodi
1405 2205 1638 2276 quisque
1672 2206 1743 2260 sit
1767 2205 1986 2261 futurus
2011 2222 2150 2276 pra:-

581 2297 796 2360 viderit,
822 2312 1019 2352 causas
1075 2298 1238 2350 etiam
1272 2297 1630 2365 quamobrem
1666 2297 1934 2366 ejusmodi
1964 2296 2035 2352 sit
2069 2297 2154 2352 fu-

581 2395 760 2454 turus,
792 2402 1023 2457 quasque
1053 2386 1123 2440 ab
1149 2402 1212 2441 eo
1249 2386 1335 2441 vel
1375 2387 1623 2456 improbe
1655 2387 1738 2441 vel
1768 2388 2025 2456 praeclare
2060 2405 2153 2458 ge-

582 2479 747 2533 renda
789 2479 918 2544 sint,
952 2493 1073 2534 esse
1104 2487 1406 2548 perspecta.
1441 2478 1640 2548 Atque,
1692 2488 1751 2532 ut
1779 2479 1968 2545 libere,
2006 2480 2150 2550 quod

579 2587 669 2625 res
699 2581 801 2636 cst,
833 2572 1176 2640 eloquamur,
1227 2587 1334 2626 non
1395 2569 1488 2626 Dei
1539 2571 1702 2625 modo
1757 2573 2146 2642 praenotionem

580 2675 762 2715 rerum
800 2676 1022 2716 causam
1057 2677 1164 2714 non
1192 2676 1314 2716 esse
1357 2660 1480 2732 (nec
1527 2663 1674 2715 enim
1701 2677 1862 2732 quem
1896 2675 2151 2732 peccatu-

578 2769 700 2807 rum
732 2753 874 2808 Deus
899 2769 1021 2808 esse
1059 2754 1327 2823 praevidit,
1363 2770 1487 2809 eum
1534 2757 1662 2810 dum
1705 2772 1763 2811 re
1795 2757 1910 2826 ipsa
1942 2767 2148 2826 peccat,

577 2847 645 2900 ad
676 2845 888 2901 facinus
915 2847 1072 2916 quasi
1106 2863 1271 2902 manu
1303 2848 1568 2920 deducit),
1594 2850 1687 2904 sed
1718 2850 1907 2915 etiam,
1938 2852 2083 2920 quod
2119 2868 2150 2906 a

575 2937 855 2993 communi
899 2953 1062 2993 sensu
1124 2937 1390 2993 remotius
1444 2939 1687 3009 quidem,
1718 2940 1812 2994 sed
1844 2956 2032 2994 verum
2069 2950 2150 2996 ta-

575 3045 700 3084 men
732 3039 836 3096 est,
873 3030 924 3084 id
951 3030 1130 3099 ipsum
1155 3031 1302 3099 quod
1333 3028 1579 3082 futurum
1603 3032 1693 3093 sit,
1721 3030 1988 3096 ejusmodi
2012 3049 2150 3101 pra:-

575 3123 813 3177 notionis
839 3131 1063 3176 Causam
1092 3136 1231 3176 esse.
1253 3119 1439 3191 Neque
1465 3123 1633 3192 288
1659 3111 1803 3176 enim
1830 3124 2034 3179 idcirco
2065 3126 2144 3189 tit,

573 3215 719 3285 quod
753 3214 999 3268 futurum
1023 3229 1144 3268 esse
1170 3223 1559 3283 cognoscatur,
1585 3215 1679 3268 sed
1715 3216 1860 3285 quod
1899 3215 2143 3270 futurum

575 3308 667 3372 sit,
696 3306 900 3361 idcirco
932 3305 1175 3360 futurum
1206 3320 1328 3362 esse
1359 3309 1728 3377 cognoscitur.
1768 3308 1887 3376 Quo
1925 3311 2145 3381 quidem

574 3401 629 3454 in
661 3416 881 3469 genere,
914 3401 1267 3455 distinctione
1295 3415 1433 3470 opus
1469 3410 1568 3456 est.
1606 3399 1740 3455 Nam
1777 3418 1823 3456 ει
1856 3406 2001 3474 quod
2025 3421 2145 3458 om-

573 3493 706 3544 nino
742 3490 988 3544 futurnm
1023 3491 1245 3555 dicitur,
1283 3493 1333 3544 id
1379 3493 1450 3546 ita
1486 3493 1611 3562 quis
1645 3494 1896 3564 accipiat,
1921 3498 2146 3566 perinde

571 3596 636 3636 ac
676 3581 723 3635 si
773 3582 918 3650 quod
957 3582 1245 3652 prmvisum
1283 3594 1384 3649 est,
1413 3584 1632 3638 evenire
1664 3600 1886 3640 necesse
1913 3589 2003 3654 sit,
2041 3589 2146 3644 hoc

571 3691 701 3730 vero
733 3675 958 3728 minime
991 3675 1207 3729 (ianuis.
1244 3674 1354 3730 Nec
1387 3678 1555 3742 enim,
1604 3679 1749 3748 quod
1787 3680 2011 3748 praevisa
2049 3679 2146 3734 Ju-

571 3769 655 3823 dte
712 3769 948 3839 proditio
1000 3769 1183 3834 fuerit,
1239 3768 1436 3824 Iudam
1494 3781 1778 3842 propterea
1831 3777 2142 3829 necessario

572 3859 903 3929 proditorem
937 3860 1106 3915 fuisse
1139 3863 1511 3918 concedimus.
1566 3863 1880 3927 Enimvero,
1943 3867 2143 3935 quibus

570 3954 626 4006 in
661 3951 1054 4021 prophetarum,
1093 3954 1330 4008 oraculis
1365 3953 1606 4010 futurum
1656 3955 1808 4011 Judre
1837 3958 2015 4012 scelus
2042 3974 2142 4013 ex-

567 4042 846 4114 primitur,
899 4043 1090 4098 iisdcm
1153 4045 1395 4099 hominis
1445 4047 1740 4102 incessitur
1789 4049 2142 4119 carpiturque

568 4134 912 4203 improbitas,
946 4145 1107 4204 atque
1141 4139 1386 4190 omnium
1413 4138 1464 4190 in
1492 4139 1666 4193 oculis
1698 4140 1993 4209 indignitas
2024 4142 2143 4210 ejus

569 4229 944 4297 probrumque
979 4229 1305 4284 traducitur.
1355 4229 1459 4297 Qui
1498 4233 1543 4284 si
1591 4231 1659 4285 ad
1697 4232 2058 4301 proditionem
2093 4233 2141 4286 vi

567 4335 633 4374 ac
676 4320 999 4374 necessitate
1033 4331 1337 4389 raperetur,
1373 4340 1470 4378 nec
1504 4325 1730 4394 reliquis
1761 4327 2022 4395 apostolis
2047 4342 2143 4397 per

567 4425 690 4465 eam
725 4411 922 4466 similis
955 4427 1076 4466 esse
1105 4422 1317 4480 posset,
1367 4415 1517 4468 omni
1549 4414 1795 4484 profecto
1821 4416 2050 4472 crimine
2080 4433 2143 4473 ac

2261 1932 2386 1994 εἰσὶ,
2421 1931 2582 1983 παντί
2614 1949 2690 2002 τῳ
2713 1933 3043 2002 παριστᾶσαι
3072 1931 3132 1984 τὸ
3164 1930 3364 2000 ψεκτὸν
3408 1933 3579 1986 αὑτοῦ.
3604 1935 3694 1985 Οὐκ
3728 1935 3773 1986 ἂν

2258 2024 2316 2078 δὲ
2352 2023 2518 2092 ψόγος
2546 2022 2695 2092 αύτῴ
2742 2025 3106 2094 προσήπτετο,
3149 2025 3196 2076 εί
3235 2024 3537 2092 ἐπάναγκες
3573 2024 3774 2095 προδότης

2256 2111 2344 2187 ἧν,
2369 2117 2462 2169 καὶ⁵
2493 2115 2567 2186 μὴ
2592 2114 2870 2184 ἀνεδέχετο
2921 2115 3030 2186 (57)
3078 2115 3240 2167 αὐτὸν
3266 2116 3448 2186 ὅμοιον
3491 2120 3591 2179 τοῖς
3624 2117 3774 2179 λοιποῖς

2257 2205 2571 2267 ἀποστόλοις
2611 2203 2883 2271 γενέσθαι.
2924 2205 3065 2275 Ὅρα
3091 2204 3147 2256 δὲ
3171 2206 3218 2256 εἰ
3269 2205 3344 2276 μὴ
3386 2205 3548 2260 ταῦτα
3576 2205 3771 2276 δηλοῦται

2252 2296 2319 2350 δι’
2352 2291 2428 2351 ὧν
2462 2295 2900 2368 παραθησόμεθα
2933 2298 3112 2367 ῥητῶν
3141 2297 3311 2362 οὕτως
3350 2299 3602 2370 ἐχόντων·
3626 2321 3641 2350 ι
3665 2300 3772 2369 Μηδὲ

2253 2389 2536 2461 γενηθήτω
2577 2389 2880 2460 οἰκτίρμων
2932 2392 3044 2451 τοῖς
3089 2390 3345 2459 ὀρφανοῖς
3392 2392 3578 2456 αὑτοῦ,
3613 2393 3702 2445 ἀνθ’
3725 2385 3775 2444 ὧν

2252 2482 2350 2535 οὐκ
2371 2481 2612 2552 ἐμνήσθη
2637 2482 2857 2552 ποιῆσαι
2876 2481 3046 2544 ἕλεος.
3076 2483 3184 2534 Καὶ
3211 2485 3528 2548 κατεδίωξεν
3548 2485 3772 2555 ἄνθρωπον

2253 2574 2460 2644 πένητα
2491 2573 2583 2626 καὶ
2618 2574 2850 2643 πτωχὸν,
2877 2573 2968 2626 καὶ
3015 2576 3482 2646 κατανενυγμένον
3521 2581 3582 2649 τῇ
3612 2577 3776 2648 καρδίᾳ.

2251 2665 2345 2719 τοῦ
2368 2665 2676 2719 θανατῶσαι
2720 2667 2832 2733 (58)
2850 2683 2862 2695 ·
2903 2667 2996 2718 κα)⁸
3023 2667 3277 2736 ἠγάπησε
3302 2668 3561 2740 κατάραν,
3589 2671 3667 2722 καὶ
3691 2668 3775 2736 ἥξει

2251 2757 2400 2828 αὐτῷ
2421 2774 2434 2787 ·
2472 2758 2566 2811 καὶ
2595 2758 2692 2810 οὐκ
2720 2757 2983 2829 ἠθέλησεν
3015 2759 3284 2828 εὐλογίαν,
3318 2761 3415 2812 καὶ
3463 2760 3776 2833 μακρυνθὴτε-

2249 2864 2338 2900 ται
2367 2848 2460 2900 ἀπ’
2491 2847 2677 2900 αὐτοῦ.
2729 2867 2748 2900 ο
2787 2848 2849 2899 Εἰ
2882 2847 2937 2900 δέ
2980 2865 3063 2910 τις
3095 2849 3418 2919 διηγήσεται
3474 2851 3530 2902 τὸ
3561 2867 3578 2900 ι
3608 2850 3772 2910 πάντως

2251 2939 2404 2993 ἔσται
2439 2959 2457 2990 ι
2484 2939 2623 2992 κατὰ
2651 2939 2712 2992 τὸ
2742 2941 3028 3010 σημαίνειν
3063 2942 3215 3006 αὐτὸ,
3237 2942 3434 3010 λέγων,
3456 2944 3533 2996 ὃτι
3569 2942 3777 3011 έσταιμὲν

2249 3029 2375 3084 τάδε
2404 3031 2542 3093 τινὰ,
2572 3031 2842 3101 ἐνεδέχετο
2875 3031 2931 3084 δὲ
2959 3032 3051 3084 καὶ
3078 3033 3278 3104 ἑτέρως
3303 3034 3778 3102 γενέσθαι,τοῦτοὼς

2251 3122 2447 3192 ἀληθὲς
2482 3123 2894 3194 συγχωροῦμεν.
2934 3125 3036 3176 Τὸν
3073 3127 3169 3195 μὲν
3209 3128 3318 3198 γὰρ
3353 3128 3486 3180 Θεὸν
3507 3129 3597 3180 οὐκ
3620 3127 3777 3195 ἐνδέχε-

2201 3201 2215 3220 ⁴
2247 3229 2337 3264 ται
2369 3211 2694 3281 ψεύσασθαι,
2732 3213 3006 3285 ἐνδέχεται
3050 3215 3106 3268 δὲ
3152 3217 3280 3288 περὶ
3318 3219 3429 3270 τῶν
3480 3219 3777 3290 ἐνδεχομένων

2249 3304 2502 3373 γενέσθαι
2532 3306 2626 3358 καὶ
2652 3304 2724 3377 μὴ
2755 3307 3007 3375 γενέσθαι
3033 3309 3297 3379 φρονῆσαι
3330 3313 3392 3364 τὸ
3414 3313 3648 3382 γενέσθαι
3675 3309 3774 3363 αὑτὰ

2249 3397 2344 3449 καὶ
2380 3396 2454 3468 μὴ
2479 3397 2750 3466 γενέσθαι.
2787 3399 3125 3472 Σαφέστερον
3154 3401 3209 3454 δὲ
3257 3403 3419 3458 τοῦτο
3468 3404 3676 3477 ἐροῦμεν
3709 3401 3774 3454 οῦ-

2246 3509 2384 3555 τως·
2432 3493 2493 3545 Εί
2540 3492 2812 3563 ἐνδέχεται
2859 3491 3056 3544 Ἰούδαν
3105 3487 3244 3547 εἶναι
3297 3495 3587 3550 ἀπόστολον
3623 3496 3776 3565 ὁμοίως

2249 3583 2472 3654 Πέτρῳ,
2517 3584 2792 3653 ἐνδέχεται
2842 3581 2932 3635 τὸν
2965 3581 3096 3635 Θεὸν
3123 3584 3311 3654 νοῆσαι
3354 3589 3482 3658 περὶ
3505 3587 3592 3640 τοῦ
3633 3587 3774 3646 Ἰούδα..

2246 3674 2326 3726 ὅτι
2357 3675 2511 3743 μενεῖ
2536 3673 2830 3736 ἀπόστολος
2853 3673 3051 3743 ὁμοίως
3073 3673 3285 3747 Πέτρῳ.
3309 3677 3373 3730 El
3403 3678 3654 3749 ἐνδέχεται
3684 3677 3772 3730 Ἰού-

2245 3765 2341 3818 δαν
2376 3763 2643 3835 προδότην
2664 3765 2940 3833 γενέσθαι,
2979 3765 3251 3834 ἐνδέχεται
3282 3769 3377 3821 τὸν
3411 3769 3540 3823 Θεὸν
3568 3769 3775 3841 φρονῆσαι

2246 3858 2372 3928 περὶ
2404 3856 2592 3919 αὐτοῦ,
2628 3858 2709 3910 ὅτι
2733 3857 3000 3929 προδότης
3025 3857 3199 3912 ἔσται.
3220 3860 3282 3913 Εἰ
3313 3861 3372 3916 δὲ
3398 3863 3643 3934 προδότης
3662 3863 3773 3913 ἔσται

2257 3948 2475 4012 Ἰούδας,
2506 3951 2533 4001 ό
2565 3949 2696 4013 Θεὸς
2727 3953 2792 4020 τῇ
2819 3949 3125 4019 προγνώσει
3155 3952 3322 4006 αὑτοῦ
3365 3954 3473 4008 τῶν
3511 3952 3771 4026 προειρημέ-

2244 4058 2348 4093 νων
2399 4041 2763 4111 ἐνδεχομένων
2809 4042 2904 4096 δύο
2941 4046 3269 4113 γεγονότων,
3324 4046 3422 4100 τοῦ
3458 4044 3586 4100 εἶναι
3628 4044 3718 4116 (59)
3735 4047 3776 4095 ἐν

2244 4132 2392 4204 αὐτῷ
2416 4134 2476 4186 τὸ
2502 4134 2698 4206 ἀληθὲς
2729 4137 3141 4206 προγινώσκων,
3166 4141 3543 4212 προγνώσεται
3569 4141 3648 4194 τὸν
3682 4137 3777 4192 Ἰού-

2243 4222 2338 4276 δαν
2369 4224 2632 4294 προδότην
2667 4226 2952 4293 γενέσθαιο
2985 4227 3043 4280 τὸ
3077 4229 3132 4282 δὲ
3163 4231 3290 4301 περὶ
3323 4227 3385 4286 οὗ
3420 4234 3451 4303 ἡ
3482 4232 3685 4301 γνῶσις,
3712 4232 3774 4281 ἐνο

2243 4313 2459 4385 δέχεται
2487 4317 2582 4368 καὶ
2609 4316 2812 4386 ἑτέρως
2834 4319 3111 4386 γενέσθαι.
3152 4322 3260 4374 Καὶ
3286 4321 3437 4392 λέγοι
3469 4324 3531 4377 ἂν
3566 4325 3597 4395 ἡ
3624 4321 3777 4392 γνῶσις

2245 4405 2338 4458 τοῦ
2368 4406 2524 4470 Θεοῦ,
2552 4408 2633 4460 ὅτι
2669 4409 2942 4478 ἐνδέχεται
2970 4411 3070 4481 μὲν
3095 4412 3245 4466 τόνδε
3275 4415 3398 4469 τόδε
3423 4417 3629 4486 ποιῆσαι
3647 4455 3659 4479 ,
3678 4411 3776 4466 tm

565 4501 770 4571 probro
805 4511 1042 4556 vacaret.
1087 4501 1218 4557 Vide
1241 4518 1393 4574 ergo,
1441 4520 1570 4560 num
1621 4506 1672 4559 id
1708 4506 1885 4576 ipsum
1923 4507 2142 4562 disertis

2253 4499 2339 4551 καὶ
2367 4499 2426 4551 τὸ
2450 4499 2706 4552 ἐναντίον.
2757 4501 3153 4573 Ἐνδεχομένων
3197 4505 3252 4558 δὲ
3288 4508 3636 4579 ἀμφοτέρων,
3669 4500 3773 4563 οἶδα.

566 4592 718 4646 hisce
741 4593 1015 4662 Propheta
1063 4595 1450 4664 conceptisque
1474 4595 1658 4650 verbis
1692 4596 1901 4665 aperiat
1931 4614 1943 4650 :
1981 4616 1999 4646 ι
2032 4595 2144 4652 Nec

565 4685 657 4747 sit,
689 4686 782 4756 qui
840 4686 1164 4740 misereatur
1199 4687 1417 4757 pupillis
1457 4688 1603 4756 ejus,
1635 4703 1733 4758 pro
1761 4705 1828 4744 eo
1854 4691 1999 4756 quod
2037 4708 2142 4745 non

563 4785 647 4830 est
716 4779 1031 4833 recordatus
1098 4778 1275 4834 facere
1330 4779 1780 4834 misericordiam.
1845 4781 1912 4836 Et
1964 4799 2150 4852 perse-

563 4877 725 4922 cutus
779 4879 862 4924 est
922 4871 1197 4924 hominem
1253 4872 1505 4939 inopem,
1571 4882 1624 4927 et
1693 4873 2031 4938 mendicum,
2094 4886 2147 4930 et

564 4947 1172 5030 compunctum-corde
1236 4965 1582 5019 ntortilicarc.
1634 4963 1699 5019 Et
1731 4966 1921 5020 dilexit
1975 4969 2145 5023 male~

638 5165 748 5237 (57)
778 5165 1698 5241 ’_Ar86ézsto._FacilisAemendatio
1719 5179 1818 5235 est,
1849 5169 2142 5241 ἐνεδέχετο.

565 5235 679 5290 Hoc
712 5235 856 5290 enim
887 5238 1112 5310 verbum
1139 5237 1205 5291 iis
1237 5239 1472 5310 maxime
1504 5239 1581 5310 de
1625 5240 1791 5293 rebus
1825 5235 2144 5310 usurpatur,

564 5321 687 5372 quae
723 5316 1014 5381 utramque
1063 5307 1138 5381 in
1163 5317 1369 5376 partem
1400 5309 1460 5372 ἐξ
1489 5309 1606 5362 ἴσου
1647 5313 1866 5365 evenire
1892 5307 2144 5381 possunt,

564 5384 626 5428 ut
648 5376 826 5446 paulo
863 5387 986 5442 post
1013 5377 1234 5446 szepius.

636 5443 748 5515 (58)
784 5447 893 5520 Τοῦ
924 5443 1280 5520 dav-aiebam.
1311 5446 1511 5520 Supple
1537 5450 1717 5503 ἕνεκα.
1749 5449 1906 5518 Quod
1939 5451 1991 5505 in
2023 5452 2148 5506 Vul-

563 5524 688 5588 gata
720 5516 882 5588 paulo
911 5519 1235 5583 obscurius,
1267 5530 1316 5572 et
1361 5516 1730 5588 compunctum
1770 5516 1924 5575 corde
1957 5525 2146 5576 morti-

562 5587 744 5662 ﬁcure.
782 5585 966 5662 Itaque
993 5599 1117 5662 post
1151 5590 1370 5662 καρδία,
1399 5599 1454 5644 et
1477 5585 1666 5656 'corde,
1695 5593 2002 5647 adhibenda
2034 5595 2148 5647 vir-

563 5656 690 5723 gula
731 5665 814 5710 est
845 5673 860 5709 :
903 5656 1246 5734 signiﬁcatur
1279 5656 1458 5734 enim,
1487 5677 1613 5734 eum
1659 5663 1760 5719 hoc
1802 5664 1986 5734 animo
2017 5681 2144 5734 per-

563 5735 812 5804 seculnm
853 5742 975 5807 esse
1024 5729 1299 5790 hominem
1333 5732 1520 5789 dolore
1553 5732 1670 5804 jam
1719 5729 2050 5802 confectum,
2092 5756 2150 5802 ιιι

536 5801 615 5850 ‘ci
646 5801 806 5852 vitam
838 5801 1087 5869 eriperet.

2253 4590 2332 4642 ὅτι
2362 4589 2486 4645 τάδε
2517 4591 2753 4661 ποιήσει.
2796 4595 2873 4646 Οὐ
2902 4593 3010 4666 γὰρ
3038 4595 3226 4666 ὥσπερ
3251 4600 3280 4651 ό
3303 4598 3436 4662 Θεὸς
3461 4600 3595 4652 εἴποι
3619 4596 3777 4660 ἂν,οὐκ

2250 4681 2518 4751 ἐνδέχεται
2544 4682 2694 4735 τόνδε
2717 4683 2837 4737 τινά
2869 4685 2958 4737 τὸν
2984 4685 3268 4759 ἄνθρωπον
3295 4691 3518 4761 πτῆναι,
3541 4688 3666 4742 οῦτω
3680 4702 3779 4757 xm-

2251 4772 2408 4840 σμὸν,
2445 4773 2579 4843 φέρε
2635 4777 2829 4839 εἰπεῖν,
2866 4778 2994 4848 περί
3024 4795 3168 4842 τινος
3216 4780 3395 4845 διδοὺς
3443 4785 3579 4853 ἐρεῖ,
3607 4783 3675 4832 ὅτι
3705 4778 3778 4828 οὐκ

2249 4863 2519 4932 ἐνδέχεται
2553 4865 2701 4919 τόνδε
2738 4871 3101 4940 σωφρονῆσαι.
3135 4873 3378 4943 Δύναμις
3407 4875 3504 4946 μὲν
3524 4876 3623 4945 γὰρ
3643 4872 3776 4936 πάντη

2248 4955 2350 5008 οὐκ
2378 4955 2491 5009 ἔστι
2521 4956 2615 5010 τοῦ
2645 4959 2844 5030 πτῆναι
2878 4961 3129 5034 ούδαμῶς
3151 4967 3208 5018 ἐν
3229 4965 3308 5036 τῷ
3332 4966 3616 5039 ἀνθρώπῳ,
3661 4963 3776 5016 δύνα-

2320 5178 2429 5249 (59)
2470 5180 2578 5234 Τοῦ
2606 5176 2776 5235 εἶναι,
2808 5181 3194 5241 Subobscurus
3221 5186 3394 5242 locus.
3439 5190 3520 5241 An
3565 5183 3772 5240 mutanda

2247 5246 2528 5304 distinctio
2562 5260 2681 5329 _est,
2728 5260 2782 5306 et
2831 5253 2938 5329 tot]
2967 5251 3128 5329 Δεἶναι
3165 5273 3288 5312 cum
3340 5257 3678 5329 ἐνδεχομένων
3718 5255 3771 5305 ila

2249 5321 2695 5399 construendum,
2748 5331 2808 5376 ut
2837 5326 3236 5399 subintelligas
3281 5321 3569 5399 xcitpw'a'el
3617 5329 3771 5399 ἑνεκα)

2248 5389 2329 5442 Au
2381 5392 2454 5462 ita
2506 5393 2685 5459 potius
2753 5395 3054 5449 ordinanda
3110 5389 3420 5454 sénten‘tia?
3489 5402 3544 5456 Ὀ
3566 5398 3680 5459 Θεὸς
3722 5396 3770 5462 τῇ

2250 5461 2554 5541 προγνώσει
2599 5462 2782 5541 αὑτοῦ,
2829 5469 2886 5516 ἐν
2933 5466 3080 5537 αύτῷ
3105 5468 3165 5541 τὸ
3205 5469 3402 5539 ἀληθὲς
3438 5461 3774 5541 προγινώσκων

2246 5527 2340 5582 τοῦ
2373 5527 2519 5609 εἶναὶ
2565 5532 2670 5609 τῷν
2714 5552 3005 5608 προειρημ.
3052 5527 3224 5609 ἐνδεχ.
3268 5527 3313 5594 δ’,
3348 5527 3630 5608 γεγον.Ἀιι
3658 5536 3774 5609 deni:

2248 5615 2372 5670 que,
2422 5602 2516 5656 τοῦ
2571 5599 2724 5658 εἶναι
2756 5599 3026 5677 ἐυιιὶἱίίιπ,
3085 5599 3203 5676 pro.
3227 5609 3319 5664 τοῦ
3360 5599 3563 5677 ’όιλτοςκ
3603 5608 3671 5662 vel
3703 5601 3773 5656 τοῦ

2249 5679 2545 5807 ἐσημᾷνου
2609 5685 2970 5758 πράγματος.
3052 5677 3247 5750 Elige;
3311 5691 3638 5751 postremum
3697 5679 3774 5730 hoc

2251 5769 2338 5807 ma
2368 5772 2442 5807 ul.
2520 5804 2540 5807 _.

2251 5769 2442 5810 malui.
2520 5804 2540 5807 _.
