3864 6386
557 374 662 428 495
1159 375 1429 433 EUSEBll
1471 375 1948 431 CESARIENSlS
1984 376 2135 432 OPP.
2178 375 2356 431 PARS
2396 374 2457 429 ll.
2500 404 2571 415 --—
2612 375 3113 432 APOLUGETICA.
3681 381 3765 436 £96

558 505 622 543 ea
659 487 963 554 laetarique
985 487 1122 543 nolit
1150 507 1163 543 :
1195 490 1369 543 calcat
1390 491 1633 544 eamdem
1671 491 1829 556 alter,
1860 494 2004 561 quod
2033 493 2112 545 ad-

2236 508 2393 561 τητος
2419 490 2510 542 καὶ
2544 489 2751 553 τὲισεως
2788 490 3031 552 πλείονος
3064 489 3223 560 χρεία
3252 489 3384 559 πρὸς
3416 489 3475 542 τὸ
3504 489 3654 543 καλὸν
3693 495 3766 546 καὶ

555 580 802 651 junctam
838 581 888 635 ei
929 589 989 634 ut
1039 581 1334 651 plurimum
1382 581 1779 650 turpitudinem
1828 583 1969 637 ferre
2019 598 2112 637 nor

2238 578 2437 647 ἀγαθὸν
2457 578 2707 648 γενέσθαι
2732 597 2743 609 ⁸
2782 580 3297 651 προκαταληφθεῐσα
3331 580 3385 632 δὲ
3418 583 3450 652 ἡ
3490 582 3674 650 γνῶσις
3695 586 3767 638 τοῦ

560 672 752 740 possit.
778 672 856 726 At:
879 672 1082 725 nullam
1114 688 1337 741 prorsus
1358 688 1389 725 a
1421 664 1606 727 divina
1639 674 1998 744 praenotione,
2034 690 2112 727 re-

2234 671 2450 734 πάντως
2501 671 2664 725 καλὸν
2715 672 2808 724 καὶ
2864 671 3065 739 ἀγαθὸν
3095 670 3381 738 γενέσθαι,
3426 673 3769 745 ὑπεκλύειτὴν

556 764 662 819 bus
694 763 785 828 iis,
815 779 956 834 quas
992 763 1272 833 prtevidet,
1328 765 1708 819 necessitatem
1744 766 1972 835 imponi,
2006 782 2112 819 cun

2230 763 2485 834 ἄσκησιν.
2516 764 2714 834 Διόπερ
2744 764 3127 834 συμφερόντως
3165 764 3265 816 οὐκ
3297 766 3449 834 ἴσμεν
3494 768 3542 817 εἰ
3589 766 3768 834 ἀγαθοὶ,

557 856 935 925 superioribus
962 856 1320 925 argumentis,
1348 864 1461 910 tum
1486 856 1592 911 hoc
1627 857 1851 926 insuper
1873 858 2106 931 efficitur

2232 854 2353 906 οὔτε
2382 857 2427 907 εἰ
2471 855 2698 926 πονηροὶ
2759 854 3015 925 ἐσόμεθα,
3077 856 3228 908 Ἐπεὶ
3272 856 3328 909 δὲ
3370 859 3771 929 εἰρήκαμεν,ὃτι

554 950 701 1018 quod
735 950 790 1003 in
821 948 994 1004 sacris
1025 948 1227 1017 passim
1252 947 1447 1003 litteris
1473 949 1748 1018 propheta:
1770 950 1836 1003 ad
1862 950 2112 1019 pmniten

2232 944 2618 1014 ἀπετύφλωσεν
2651 946 2801 1015 ἡμᾶς
2836 947 2971 1017 πρὸς
2999 944 3067 999 τὰ
3100 946 3357 1016 μέλλοντα
3384 950 3411 1001 ό
3434 947 3582 1011 Θεὸς,
3615 948 3771 1017 ζητού-

555 1042 687 1094 tiam
724 1039 975 1094 homines
1007 1040 1287 1093 cohortari
1316 1039 1635 1108 jubeantur,
1672 1041 1834 1109 idque
1882 1041 2107 1109 perinde

2235 1037 2393 1108 μενόν
2430 1055 2480 1089 τι
2518 1036 2679 1108 ῥητὸν
2716 1037 2823 1090 ἀπὸ
2867 1038 2967 1106 τῆς
3029 1038 3237 1103 Ἐξόδου
3276 1040 3376 1108 ὅρα
3402 1079 3416 1101 ,
3452 1041 3498 1092 εἰ
3536 1039 3773 1110 δυνάμεθα

555 1148 620 1184 ac
654 1132 697 1185 si
726 1141 909 1183 utrum
938 1130 973 1185 ii
1005 1131 1282 1185 meliorem
1321 1131 1388 1185 ad
1420 1130 1628 1203 frugem
1665 1147 1784 1186 sese
1835 1132 2101 1202 recepturi

2231 1128 2371 1181 οὕτω
2420 1130 2744 1199 σαφηνίσαι·
2785 1149 2802 1179 ι
2847 1130 2943 1193 Τίς
2976 1131 3196 1201 ἐποίησε
3227 1131 3507 1199 δύσκωφον
3530 1173 3542 1193 ,
3580 1134 3663 1186 καὶ
3690 1154 3774 1188 κω-

556 1239 623 1275 an
674 1223 791 1277 suis
832 1222 885 1277 in
936 1223 1236 1278 sceleribus
1284 1224 1483 1278 haesuri
1535 1238 1698 1293 porro
1750 1240 1813 1279 ac
1848 1225 2108 1295 perstitur

2231 1222 2351 1288 φὺν,
2393 1221 2486 1273 καὶ
2536 1220 2833 1290 βλέποντα,
2867 1222 2959 1275 καὶ
2990 1222 3221 1290 τυφλόν;
3259 1224 3357 1275 οὐκ
3394 1223 3503 1291 ἐγὼ
3535 1226 3714 1296 Κύριος
3752 1229 3774 1280 ό

554 1316 685 1376 sint,
721 1314 1017 1385 ignoraret.
1055 1312 1147 1370 Sic
1178 1316 1318 1384 apud
1350 1314 1640 1368 Jeremiam
1674 1315 1924 1378 habetur,
1960 1334 1977 1364 ι
2004 1312 2110 1369 For

2230 1313 2397 1378 Θεόςς
2434 1334 2451 1365 ι
2493 1315 2579 1367 ἵνα
2608 1314 2698 1366 τὸν
2728 1314 2889 1366 αὑτὸν
2922 1315 3015 1367 καὶ
3042 1314 3240 1382 τυφλὸν
3282 1317 3374 1369 καὶ
3418 1315 3669 1385 βλέποντα
3696 1338 3773 1371 πε-

553 1406 693 1459 sitan
765 1406 1008 1470 audient,
1065 1416 1117 1460 et
1180 1420 1341 1478 agent
1405 1407 1803 1476 pmniteutiam.
1858 1427 1875 1458 ι
1936 1404 2112 1477 Neque

2232 1404 2475 1476 ποιηκὼς
2564 1422 2576 1433 ·
2606 1404 2868 1474 βλέποντα
2893 1405 2990 1474 μὲν
3008 1405 3143 1476 πρὸς
3160 1406 3225 1459 τὰ
3250 1408 3593 1474 ἐνεστηκότα,
3614 1409 3774 1477 τυφλὸν

558 1496 728 1562 enim,
775 1497 942 1565 quod,
987 1496 1224 1550 audituri
1262 1496 1369 1551 sint
1392 1512 1581 1563 necne,
1628 1498 1809 1552 minus
1843 1497 2105 1569 intelligat

2230 1496 2286 1549 δὲ
2314 1496 2451 1567 πρὸς
2486 1496 2554 1548 τὰ
2592 1496 2871 1567 μέλλοντα.
2906 1496 2978 1549 Τὸ
2998 1498 3107 1567 γὰρ
3142 1498 3268 1569 περὶ
3286 1498 3377 1550 τοῦ
3397 1498 3775 1567 δυσκώεξουμαὶ

554 1587 757 1642 idcirco
792 1590 939 1642 hunc
972 1588 1023 1643 in
1057 1590 1279 1643 modum
1339 1589 1453 1658 ipse
1506 1589 1769 1658 loquitur,
1809 1608 1826 1639 ι
1868 1588 2112 1644 Forsitan

2230 1587 2415 1656 κωφοῦ
2444 1627 2457 1651 ,
2506 1589 2565 1639 οὑ
2600 1588 2693 1640 τοῦ
2730 1587 2993 1657 παρόντος
3036 1589 3229 1660 καιροῦ
3257 1590 3631 1661 διηγήσασθαι.
3677 1594 3773 1644 Ὅτι

551 1680 795 1746 audient,
855 1690 908 1734 et
965 1689 1127 1751 agent
1184 1680 1582 1751 ptnnitentiam,
1639 1699 1658 1732 ι
1714 1682 1808 1736 sed
1865 1690 1924 1735 ut
1980 1682 2112 1735 illan

2234 1680 2415 1750 μέντοι
2437 1697 2500 1749 γε
2528 1679 2735 1733 πολλῶν
2762 1681 2870 1732 τῶν
2898 1682 2979 1748 ἐφ’
2997 1683 3128 1752 ἡμῖν
3158 1683 3304 1735 αἴτια
3338 1682 3561 1735 πλεῖστα
3581 1684 3679 1736 τῶν
3698 1688 3776 1740 οὐκ

551 1773 959 1842 quodammodo
994 1790 1176 1843 parem
1208 1776 1262 1827 in
1298 1782 1587 1841 utramque
1637 1780 1870 1841 partem,
1898 1772 2005 1825 vim
2041 1771 2112 1826 fa-

2231 1770 2315 1839 ἐφ’
2348 1772 2478 1841 ἡμῖν
2509 1773 2645 1833 ἐστι,
2682 1773 2776 1824 καὶ
2802 1774 2964 1842 ἡμεῖς
2988 1773 3394 1844 ὁμολογήσομεν
3418 1795 3431 1807 ·
3458 1769 3531 1829 ὧν
3559 1776 3628 1848 μὴ
3653 1795 3776 1845 γενο.

550 1866 814 1919 cultatutn
840 1865 926 1919 his
956 1864 1135 1919 verbis
1166 1866 1419 1920 ostendat
1446 1883 1458 1918 :
1487 1880 1553 1918 ne
1576 1865 1669 1933 qui
1696 1864 1809 1933 jam
1842 1874 1966 1917 ante
1990 1880 2112 1935 pra:-

2232 1861 2430 1930 μένων,
2464 1861 2607 1930 λέγω
2643 1864 2699 1915 δὲ
2734 1864 2841 1915 τῶν
2872 1866 2969 1918 οὑκ
2995 1866 3078 1933 ἐφ’
3109 1869 3261 1935 ἡμῖν,
3300 1868 3400 1919 οὐκ
3446 1868 3510 1920 ἂν
3539 1870 3654 1923 τάδε
3680 1871 3778 1927 τινὰ

552 1958 793 2012 notionis
825 1957 945 2029 ejus
988 1958 1369 2012 certitudinem
1407 1956 1704 2022 audierint,
1734 1957 1769 2010 ii
1802 1956 2036 2026 proinde
2063 1972 2112 2012 at

2232 1954 2338 2007 τῶν
2362 1955 2445 2023 ἐφ’
2468 1956 2596 2025 ἡμῖν
2626 1956 2941 2026 ἐπράττετο.
2995 1960 3228 2029 Πράττει
3270 1960 3379 2030 (44)
3426 1962 3482 2015 δὲ
3531 1964 3644 2015 τάδε
3682 1966 3777 2019 τινὰ

550 2052 596 2104 si
627 2060 681 2105 et
713 2066 775 2107 ea
817 2052 1199 2105 necessitatem
1228 2048 1472 2115 inferret,
1506 2064 1607 2103 nec
1639 2047 1925 2102 meliorem
1958 2048 2121 2103 vitam

550 2140 841 2196 instituere
895 2142 1105 2196 arbitrii
1157 2141 1297 2196 foret
1346 2141 1453 2205 sui,
1520 2140 1736 2195 animos
1772 2140 2028 2210 deinceps
2062 2156 2127 2195 ac

549 2248 701 2303 spem
730 2248 947 2291 omnem
977 2233 1258 2302 abjiciant,
1283 2232 1599 2301 adeoqucin
1629 2242 1916 2302 peccatum
1942 2233 2012 2287 ab
2035 2233 2123 2287 illa

547 2326 941 2395 propemodum
975 2325 1344 2394 impellantur.
1375 2324 1578 2378 Deinde
1601 2339 1751 2385 vero,
1778 2339 1846 2377 ne
1873 2325 1965 2395 qui
1991 2323 2121 2378 dum

546 2415 838 2483 prrevisum
874 2430 970 2471 eos
1008 2417 1207 2469 bonum
1242 2415 1453 2481 lateret,
1507 2428 1686 2483 pugna
1737 2429 1862 2468 cum
1919 2416 2124 2483 impro-

545 2507 714 2561 bitate
747 2516 1023 2578 suscepta,
1051 2508 1218 2562 vitam
1254 2522 1321 2561 ex
1346 2507 1565 2563 virtutis
1606 2523 1799 2561 norma
1834 2508 2121 2561 instituere

544 2599 872 2667 potuissent,
927 2613 1022 2653 eos
1078 2601 1201 2653 talis
1246 2607 1437 2653 contra
1468 2599 1733 2668 prtenotio
1780 2598 2122 2653 remissiores

546 2703 611 2741 ac
638 2688 929 2743 solutiores
952 2690 1168 2750 efficiat,
1195 2689 1340 2758 quod
1370 2688 1500 2741 dum
1542 2688 1701 2756 plane
1732 2686 1940 2740 bonum
1988 2686 2119 2740 illud

2232 2045 2339 2097 τῶν
2389 2046 2475 2114 ἐφ’
2523 2048 2654 2116 ἡμῖν
2704 2048 2970 2103 ἀκόλουοα
3030 2051 3203 2104 τοῖσδε
3269 2055 3382 2115 τοῖς
3429 2056 3775 2125 προεγνωσμέ-

2234 2153 2341 2200 νοις
2380 2138 2513 2207 (45),
2542 2139 2641 2191 οὐκ
2672 2140 2755 2208 ἐφ’
2786 2142 2916 2210 ἡμῖν
2942 2141 3051 2210 (46)
3089 2143 3437 2215 ἐνδεχομένου
3463 2146 3554 2198 τοῦ
3580 2149 3662 2199 ἐπὶ
3691 2150 3777 2211 ταῖς

2232 2230 2417 2293 αὐτοῖς
2466 2232 2969 2302 προεγνωσμένοις,
3016 2234 3108 2285 καὶ
3136 2235 3297 2305 ἕτερα
3332 2237 3571 2306 πρᾶξαι,
3622 2240 3777 2306 παρ’ἃ

2233 2322 2565 2392 πράττομεν.
2598 2323 2659 2374 Εἰ
2689 2321 2743 2374 δέ
2776 2341 2857 2387 τις
2885 2325 3037 2395 ζητεῖ
3062 2327 3121 2379 τὸ
3152 2328 3236 2396 ἐφ’
3261 2330 3393 2399 ἡμῖν
3423 2332 3776 2403 ἀπολελυμένον

2230 2408 2368 2465 εἶναι
2395 2414 2488 2466 τοῦ
2520 2416 2739 2482 παντὸς,
2770 2416 2908 2469 ὥστε
2935 2418 3007 2489 μὴ
3025 2418 3110 2471 διὰ
3131 2420 3255 2473 τάδε
3282 2424 3405 2475 τινὰ
3435 2424 3776 2494 συμὸεὸηκότι

2231 2504 2359 2574 ἡμῖν
2394 2508 2539 2575 ἡμᾶς
2573 2508 2843 2576 αἱρεῖσθαι
2864 2509 3011 2573 τάδε,
3043 2511 3391 2583 ἐπιλέλησται
3420 2516 3619 2585 κόσμου
3646 2518 3776 2588 μέρος

2228 2597 2322 2661 ὣν,
2352 2601 2444 2652 κα)⁹
2468 2601 2930 2674 ὲμπεριεχὸμενος
2956 2604 3258 2677 ἀνθρώπων
3292 2608 3551 2681 κοινωνίᾳ
3596 2610 3679 2663 καὶ
3704 2609 3775 2662 τοῦ

2230 2707 2296 2742 πε
2308 2692 2600 2761 ριέχοντος.

544 2781 789 2837 futurum
840 2792 1115 2853 putarent,
1155 2782 1353 2837 minori
1413 2792 1697 2853 propterea
1735 2796 1858 2835 cum
1887 2790 2109 2852 peccato
2148 2784 2315 2838 animi
2368 2790 2717 2845 contentione
2746 2800 3069 2862 pugnarent.
3127 2793 3218 2849 Sic
3274 2795 3425 2849 enim
3458 2796 3572 2864 ipsa
3600 2812 3779 2866 praeno-

544 2875 619 2928 tio
652 2876 896 2929 futurum
952 2891 1171 2945 quoque
1204 2876 1405 2929 bonum
1443 2876 1747 2945 impediret.
1798 2873 2163 2940 Quamobrem
2202 2878 2292 2947 qui
2326 2880 2511 2933 orbem
2553 2884 2869 2938 universum
2906 2888 3177 2957 prcecipuo
3225 2904 3412 2943 rerum
3448 2891 3590 2944 bono
3622 2891 3774 2944 mode-

542 2982 695 3025 ratur
727 2970 894 3035 Deus,
928 2971 1068 3026 idem
1102 2987 1204 3027 nos
1235 2972 1511 3041 sapienter
1541 2972 1768 3025 omnino
1824 2972 2023 3026 futuris
2056 2971 2109 3025 in
2150 2974 2312 3027 rebus
2374 2991 2547 3031 caecos
2579 2994 2700 3033 esse
2760 2982 2953 3036 voluit.
3004 2981 3201 3036 Earum
3240 2985 3391 3040 enim
3424 2988 3676 3057 cognitio,
3716 2986 3775 3040 uti

546 3082 796 3123 nosuum
834 3069 1098 3123 adversus
1152 3067 1554 3137 improbitatem
1622 3066 1883 3136 impetum
1939 3068 2415 3139 constantiamque
2450 3071 2745 3142 frangeret,
2806 3076 2879 3129 ita
2945 3076 3075 3131 dum
3103 3089 3246 3133 certa
3269 3082 3489 3150 fixaque
3522 3082 3772 3141 videretur,

541 3162 703 3233 longe
746 3178 846 3216 nos
873 3162 1036 3217 citius
1068 3168 1231 3230 atque
1282 3158 1519 3222 facilius,
1568 3160 1717 3212 omni
1768 3159 2117 3214 contentione
2156 3160 2385 3230 abjecta,
2438 3165 2663 3221 sceleris
2722 3168 2775 3220 in
2818 3168 3159 3224 dominatum
3193 3186 3256 3225 ac
3287 3183 3616 3241 potestatem
3639 3174 3776 3227 addu-

544 3268 712 3312 ceret.
747 3257 863 3312 lmo
897 3266 1204 3328 pugnarent
1244 3256 1347 3310 ista
1418 3270 1628 3321 secum,
1666 3262 1727 3308 ut
1788 3254 1929 3308 idem
1984 3263 2038 3309 et
2074 3257 2276 3325 probus
2337 3260 2612 3327 evaderet,
2660 3272 2715 3316 et
2766 3264 2929 3334 290
2973 3274 3122 3319 certo
3166 3266 3401 3335 probum
3462 3284 3520 3323 se
3568 3267 3773 3321 futurum

539 3370 662 3410 esse
689 3363 1007 3424 praenosset.
1038 3350 1175 3406 Nam
1219 3367 1343 3407 cum
1370 3360 1565 3421 praeter
1624 3366 1710 3415 ea,
1754 3366 1875 3420 qua:
1916 3350 2075 3406 nobis
2126 3352 2298 3407 indita
2358 3364 2508 3419 sunt,
2558 3372 2756 3427 magno
2814 3362 3038 3428 insuper
3090 3360 3157 3413 ad
3208 3361 3470 3416 virtutem
3517 3362 3773 3432 parandam

539 3460 605 3501 ac
630 3446 939 3500 vehementi
995 3453 1191 3499 conatu
1222 3457 1359 3513 opus
1412 3443 1727 3507 habeamus,
1751 3451 1865 3496 tum
1891 3451 2155 3513 occupata
2175 3446 2345 3499 semel
2377 3446 2479 3500 ista
2511 3448 2725 3504 virtutis
2759 3458 2911 3504 certo
2935 3450 3129 3505 futura:
3152 3461 3533 3522 przeceptaque
3554 3452 3772 3522 cognitio,

540 3541 651 3594 vim
710 3541 1116 3596 exercitationis
1169 3555 1389 3593 omnem
1444 3539 1710 3594 debilitat.
1778 3537 1853 3593 Ita
1903 3540 2132 3609 probine
2196 3539 2367 3597 futuri
2419 3545 2592 3600 simus
2662 3563 2729 3600 an
2779 3546 3034 3617 improbi,
3106 3565 3328 3604 summo
3378 3561 3569 3620 utique
3620 3559 3772 3605 nostro

539 3634 688 3689 bono
748 3635 1090 3706 ignoramus.
1156 3635 1262 3689 Sed
1308 3634 1568 3705 quoniam
1626 3636 1814 3689 divino
1862 3637 2093 3693 consilio
2148 3637 2353 3693 factum
2388 3656 2510 3696 esse
2558 3642 2822 3706 diximus,
2871 3652 2930 3697 ut
2978 3645 3143 3697 rebus
3190 3645 3243 3698 in
3302 3645 3509 3701 futuris
3560 3648 3772 3701 excutia-

540 3746 687 3796 mus,
736 3733 994 3787 videnum
1025 3731 1149 3786 inde
1181 3731 1432 3786 fortassis
1490 3731 1618 3786 huic
1671 3729 1847 3786 Exodi
1909 3734 2201 3802 quaestioni
2242 3735 2380 3790 lucis
2429 3752 2459 3789 a
2508 3737 2666 3793 nobis
2722 3738 2927 3809 aliquid
2977 3738 3157 3793 afferri
3202 3741 3402 3809 possit.
3454 3760 3474 3793 ι
3516 3740 3643 3807 Quis
3674 3739 3772 3792 fecit

539 3830 884 3883 surdastrum
935 3844 1000 3883 ac
1049 3828 1298 3891 surdum,
1363 3828 1631 3883 videntem
1692 3838 1749 3883 et
1809 3830 2050 3884 caecum?
2120 3828 2313 3885 Nonne
2367 3847 2468 3902 ego
2526 3831 2790 3889 Dominus
2848 3834 2989 3889 Deus
3012 3836 3095 3888 ³⁸2
3132 3855 3149 3887 ι
3192 3834 3261 3889 Ut
3330 3854 3537 3892 caecum
3608 3838 3772 3907 pariter

539 3938 604 3978 ac
638 3924 774 3979 bene
825 3924 1103 3978 oculatum
1156 3924 1261 3977 hoc
1310 3938 1476 3978 sensu
1537 3924 1733 3978 fecisse
1775 3924 2010 3989 dicatur,
2059 3925 2113 3979 iu
2154 3927 2512 3995 praesentibus
2561 3930 2862 3992 oculatum,
2906 3945 3108 3985 caecum
3147 3930 3199 3984 in
3238 3931 3463 3989 futuris.
3508 3931 3633 3987 Nam
3672 3944 3770 3984 sur-

541 4019 711 4074 dastri
737 4020 958 4090 quidem
1017 4020 1278 4090 surdique
1336 4020 1601 4075 rationem
1666 4035 1730 4074 ac
1783 4021 2077 4075 discrimen
2130 4023 2438 4091 exquirere,
2490 4023 2655 4092 hujus
2704 4025 2809 4080 loci
2863 4041 2969 4079 non
3018 4033 3123 4080 est.
3159 4024 3516 4097 Quanquam,
3571 4026 3767 4097 plurima

540 4129 692 4177 sane,
720 4131 841 4184 quae
867 4117 1009 4185 juris
1037 4116 1209 4170 nostri
1262 4130 1371 4169 non
1429 4125 1578 4181 sunt,
1639 4115 1938 4169 multorum
1988 4117 2152 4170 etiam
2191 4132 2313 4186 qua:
2340 4127 2527 4173 nostra
2566 4118 2619 4172 in
2654 4128 2920 4188 potestate
2967 4120 3095 4182 sint,
3148 4136 3372 4174 causam
3406 4122 3665 4175 interdum
3696 4132 3766 4169 es-

540 4226 620 4278 sr,
659 4208 891 4264 fatemur
916 4210 1016 4279 ipsi
1040 4224 1259 4279 quoque
1289 4228 1301 4263 :
1336 4225 1399 4264 ac
1437 4219 1723 4279 propterea
1755 4210 1860 4263 nisi
1887 4225 1971 4269 ea.
2004 4210 2107 4265 hoc
2143 4220 2246 4275 est,
2307 4210 2362 4264 in
2425 4226 2548 4281 qua:
2599 4213 2881 4282 potestatis
2914 4228 2977 4266 ac
3012 4211 3154 4281 juris
3203 4213 3473 4267 habemus
3509 4213 3654 4271 nihil,
3686 4226 3765 4262 an-

541 4303 867 4367 tecederent,
899 4317 967 4357 ne
1018 4302 1133 4358 hate
1161 4302 1379 4372 quidem
1447 4313 1543 4357 aut
1598 4302 1687 4355 illa
1740 4312 1994 4356 secutura
2030 4318 2173 4369 esse,
2213 4320 2335 4373 quae
2396 4314 2582 4359 nostra
2620 4315 2799 4358 tamen
2832 4320 2897 4359 ex
2932 4305 3180 4359 libertate
3230 4307 3490 4375 pendent.
3535 4304 3764 4359 Caeterum

537 4400 611 4455 ita
635 4400 852 4469 quidem
885 4414 1072 4454 eorum
1098 4399 1379 4461 nonnulla,
1404 4413 1527 4468 qua:
1561 4396 1614 4451 in
1647 4397 1804 4450 nobis
1828 4396 1930 4450 sita
1978 4406 2125 4459 sunt,
2167 4397 2295 4462 alia,
2351 4413 2473 4465 quae
2530 4398 2817 4468 potestatis
2865 4407 3062 4451 nostra:
3115 4413 3225 4451 non
3278 4409 3430 4462 sunt,
3485 4409 3763 4467 antegressa

535 4503 983 4565 consequuntur;
1046 4502 1106 4547 ut
1159 4493 1227 4545 iis
1271 4492 1434 4546 etiam
1500 4490 1852 4562 antegressis,
1890 4504 1917 4542 a
1967 4489 2125 4543 nobis
2165 4499 2360 4558 praeter
2409 4506 2493 4554 ea,
2555 4507 2678 4560 qua:
2737 4492 2895 4554 fiunt,
2946 4490 3062 4544 fieri
3117 4507 3340 4560 quoque
3392 4492 3499 4544 alia
3559 4490 3759 4560 possint.

534 4586 690 4652 Quod
747 4585 794 4639 si
850 4586 956 4639 erit
987 4584 1284 4654 quispiam,
1334 4599 1427 4653 qui
1488 4581 1789 4637 voluntatis
1840 4590 2043 4636 nostra:
2076 4581 2185 4634 vim
2226 4598 2290 4636 ac
2338 4593 2654 4651 potestatem
2704 4586 2839 4637 adeo
2886 4582 3033 4636 nulla
3089 4598 3214 4637 cum
3277 4584 3538 4637 universo
3570 4581 3765 4649 conjun-

533 4680 711 4733 ctione
750 4679 919 4733 teneri
961 4679 1124 4743 volet,
1180 4687 1238 4732 ut
1286 4679 1392 4733 hoc
1445 4686 1541 4732 aut
1596 4677 1750 4740 illud,
1818 4678 1963 4747 quod
1999 4686 2145 4731 certa
2185 4678 2435 4747 quadam
2486 4678 2901 4741 antecesserint,
2967 4678 3091 4747 eligi
3124 4695 3155 4732 a
3196 4678 3352 4733 nobis
3387 4678 3650 4732 interdum
3682 4690 3760 4743 op—

532 4770 744 4839 tarique
772 4778 931 4838 neget
992 4788 1004 4824 :
1075 4768 1122 4822 is
1155 4768 1399 4838 profecto
1452 4784 1512 4823 se
1558 4768 1745 4821 mundi
1781 4776 1988 4836 partem
2038 4782 2159 4822 esse
2199 4769 2401 4825 oblitus
2458 4771 2583 4834 erit,
2637 4786 2703 4825 ac
2749 4786 2871 4826 sese
2922 4771 3205 4825 hominum
3252 4771 3650 4833 communione,
3700 4776 3763 4818 ιο-

533 4860 755 4927 tiusqne
783 4857 1102 4911 circumfusi
1136 4857 1279 4912 aeris
1308 4857 1519 4911 ambitu
1554 4857 1845 4911 contineri.

602 4954 679 5007 Ac
714 4954 846 5006 mihi
879 4954 1098 5017 quidem
1132 4968 1233 5023 pro
1288 4952 1392 5007 loci
1453 4952 1621 5021 hujus
1651 4952 1862 5007 ratione
1895 4952 2109 5007 modice

2298 4949 2551 5019 Μετρίως
2601 4949 2698 5020 μὲν
2752 4944 2844 5002 οὖν
2887 4948 2963 5011 ὡς
3010 4950 3069 5002 ὲν
3118 4950 3350 5019 ἐπιτομῇ
3400 4944 3553 5019 οἶμαι
3597 4944 3757 5000 ἀποδεο

534 5046 736 5109 adhuc,
784 5046 1054 5115 quasique
1104 5044 1428 5114 compendio
1458 5050 1865 5099 demonstrasse
1897 5044 2107 5109 videor,

535 5139 668 5193 nihil
701 5140 928 5193 omnino
983 5140 1145 5193 rebus
1196 5139 1264 5192 iis
1296 5155 1433 5207 quas
1462 5139 1811 5208 praenoverit,
1860 5154 1891 5191 a
1923 5137 2109 5192 divina

535 5233 871 5299 praenotione
898 5232 1209 5287 necessitati
1240 5230 1453 5285 afferri.
1487 5231 1745 5300 Deinceps
1779 5231 1833 5285 id
1858 5246 2107 5301 agamus,

604 5345 647 5376 ³⁸
676 5345 847 5401 Exod.
886 5363 961 5410 Iv,
998 5346 1077 5401 Η.

606 5457 717 5528 (Η)
750 5458 1015 5524 Πράττει.
1060 5458 1158 5511 Vix
1203 5458 1392 5512 dubito
1436 5456 1565 5526 quin
1601 5456 1880 5525 scripserit
1917 5455 2104 5527 Orige-

532 5545 651 5599 nes,
700 5530 1029 5599 πράττεται,
1087 5538 1291 5583 cumet
1340 5543 1535 5582 sensus
1586 5528 1688 5581 hoc
1735 5529 2008 5596 postulet,
2050 5538 2104 5580 et

530 5598 752 5671 ἀμέσως
784 5610 905 5671 ante
933 5600 1149 5662 dixerit,
1184 5600 1499 5671 ἐπραττετο.

605 5668 716 5738 (45)
765 5668 893 5733 Τοῖς
941 5667 1472 5739 προεγνωσλιένοις.
1519 5667 1651 5734 Quae
1702 5683 1805 5721 vox
1853 5667 2100 5735 sequenti

605 5688 716 5738 μοι
766 5688 893 5733 νιοίς
941 5688 1084 5736 προε
1162 5688 1472 5739 ωσμενοις.
1519 5688 1651 5734 una:
1702 5688 1805 5721 vox
1853 5688 2100 5735 sequenll

531 5754 690 5793 versu
744 5740 1023 5806 repetitur.
1066 5688 1225 5793 ιιῖζιυι
1273 5750 1454 5793 tamen
1502 5740 1788 5807 utrobique
1839 5753 2101 5809 προγενοο

532 5810 733 5878 μένοις,
769 5821 827 5864 ut
862 5809 1089 5865 habetur
1134 5812 1185 5863 in
1221 5811 1313 5864 alt.
1350 5826 1453 5864 ms.
1508 5825 1632 5865 cum
1685 5809 1845 5865 modo
1886 5808 2097 5862 dictum

2217 5040 2423 5112 δεῖχθαι
2447 5083 2461 5107 ,
2508 5042 2568 5093 τὸ
2599 5041 2696 5111 τὴν
2732 5042 3041 5112 πρόγνωσιν
3072 5040 3161 5093 τοῦ
3195 5041 3329 5093 Θεοῦ
3380 5043 3456 5112 μὴ
3496 5036 3625 5093 εἶναι
3656 5052 3759 5089 κατ-

2216 5132 2626 5204 αναγκαστικὴν
2642 5132 2749 5185 τῶν
2775 5135 3244 5207 προεγνωσμένων
3275 5134 3513 5197 πάντως.
3552 5133 3673 5202 Φέρε
3694 5128 3753 5189 ὁὲν

2216 5219 2611 5290 ἀγωνισώμευα
2654 5224 2747 5274 καὶ
2789 5224 2917 5294 περὶ
2958 5222 3051 5276 τοῦ
3090 5223 3213 5285 τοὺς
3259 5224 3496 5295 ἀστέρας
3530 5217 3756 5295 μηδαμῶς

2207 5462 2390 5523 fuerit,
2417 5452 2493 5513 ὧν
2521 5457 2595 5528 μὴ
2620 5457 2945 5528 γενομένων.

2280 5531 2390 5599 (46)
2446 5527 2592 5582 Οὐκ
2618 5528 2710 5597 ἐφ’
2754 5527 2923 5597 ἡμῖν.
2955 5527 3335 5602 ΔΙεῖιιριιιιαειιᾶιι
3396 5531 3612 5602 negatio
3650 5530 3742 5602 est,

2211 5602 2413 5670 alioqui
2467 5610 2521 5654 et
2576 5609 2843 5652 sententia
2898 5599 3034 5653 falsa
3088 5598 3270 5666 esset,
3315 5611 3367 5655 et
3411 5601 3481 5652 ab
3528 5598 3744 5665 Origenis

2209 5682 2390 5726 mente
2416 5685 2640 5739 prorsus
2681 5670 2856 5722 aliena
2892 5687 2905 5723 :
2943 5670 3099 5736 falsa,
3132 5672 3259 5740 quia
3286 5671 3584 5740 libertatem
3613 5679 3742 5721 ever.

2210 5753 2375 5809 teret;
2406 5737 2601 5805 aliena,
2636 5741 2764 5810 quia
2791 5740 3091 5796 libertatem
3119 5737 3259 5797 hanc
3287 5752 3469 5797 tuetur
3495 5737 3739 5809 Origenes.
