3864 6386
149 345 224 400 ιεη

1215 343 1538 402 Demeas.
1582 323 1834 406 EVANG.
1871 347 1996 405 LIB.
2036 349 2122 405 v1.

1811 275 1832 300 0

3206 349 3308 404 £98

145 456 246 513 εἶναι
269 459 537 529 ποιητικοὺς
576 456 685 510 τῶν
723 460 780 512 ὲν
816 459 1153 532 ἀνθρώποις,
1184 465 1551 534 σημαντικοὺς
1579 465 1634 518 δὲ

1740 476 1798 522 ιιι
1830 483 1896 522 ne
1923 467 2109 523 stellas
2136 465 2356 537 quidem
2400 465 2547 536 ipsas
2584 479 2766 520 rerum
2802 464 3164 520 humanarum
3196 463 3307 514 uilo

147 552 280 620 μόνον.
310 549 460 615 Σαφὲς
497 547 558 619 δὴ
582 589 595 609 ,
628 550 732 611 ὃτι,
765 551 812 602 εί
833 549 919 603 ὅδε
961 568 1046 613 τις
1069 553 1098 604 ό
1121 555 1499 624 σχηματισμὸς
1528 554 1635 607 τῶν

145 641 330 713 ἀστέρων
357 641 618 708 ποιητικὸς
648 640 922 710 νομίζοιτο
952 642 1121 696 τῶνδέ
1150 661 1309 697 τινων
1341 644 1450 697 τῶν
1486 661 1632 713 γινο-

143 735 272 803 μένων
294 732 400 802 περὶ
417 732 518 784 τῶν
548 731 849 803 ἀνθρώπων
877 734 988 803 (67)
1015 735 1188 804 (ἔστω
1216 735 1322 808 γὰρ
1359 737 1484 806 περὶ
1510 737 1634 789 τού-

140 843 206 877 του
226 824 300 877 νῦν
317 823 568 894 ζητεῖσθαι
600 825 689 878 τὸν
716 825 926 898 λόγον),
953 827 1053 880 ούκ
1074 825 1138 880 ἂν
1163 829 1192 880 ὁ
1225 829 1480 901 σήμερον,
1502 830 1633 902 φέρε

138 919 290 978 εἰπεῖν,
331 916 599 987 γενόμενος
661 917 1039 989 σχηματισμὸς
1103 919 1230 989 περὶ
1283 920 1432 974 τόνδε
1478 920 1636 974 δύνα-

137 1024 201 1058 ται
223 1006 416 1059 νοεῖσθαι
459 1009 809 1080 πεποιηκέναι
845 1009 913 1062 τὰ
951 1009 1362 1081 παρεληλυθότα
1407 1011 1474 1066 δι’
1519 1012 1636 1066 ἓτε-

136 1118 201 1171 ρον
241 1100 349 1169 με).
413 1102 523 1154 Πᾶν
573 1103 681 1174 γὰρ
735 1105 796 1156 τὸ
843 1103 1053 1167 ποιοῦν,
1107 1104 1478 1177 πρεσϐύτερον
1534 1105 1629 1159 τοῦ

135 1193 446 1262 πεποιημένου.
511 1195 674 1247 Ὅσον
742 1194 798 1248 δὲ
852 1195 946 1248 ἐπὶ
1001 1198 1115 1260 τοῖς
1175 1196 1461 1267 μαθήμασι
1526 1197 1634 1250 τῶν

132 1285 179 1338 τὰ
237 1283 428 1338 τοιαῦτα
498 1286 984 1358 ἐπαγγελλομένων
1014 1329 1030 1355 ,
1122 1289 1471 1360 πρεσϐύτερα
1538 1288 1632 1342 τοῦ

137 1375 438 1445 σχηματισμοῦ
481 1377 839 1449 προλένεσθαι
890 1379 1168 1450 νομίζεται
1227 1382 1355 1454 περὶ
1385 1381 1512 1444 τοὺς
1541 1383 1634 1435 ἀν·-

132 1465 340 1535 θρὼπους.
402 1467 851 1537 Ἐπαγγέλλονται
895 1473 1025 1543 γάρ,
1070 1472 1219 1525 τόνδε
1259 1472 1384 1526 τινὰ
1433 1475 1634 1544 τρόπον

219 1555 342 1624 ὥραν
379 1557 630 1623 λαϐόντες
675 1561 825 1614 τοῦδε.
857 1561 950 1614 τοῦ
987 1561 1274 1633 ἀνθρώπου
1299 1602 1314 1626 ,
1355 1564 1634 1634 καταλαμ-

129 1647 264 1702 ϐάνειν
313 1650 416 1713 πῶς
467 1651 696 1716 ἕκαστος
765 1653 873 1705 τῶν
930 1653 1296 1724 πλανωμένων
1350 1655 1492 1708 κατὰ
1536 1656 1636 1709 κάο

127 1740 252 1803 θετον,
277 1741 303 1810 ἦ
331 1742 482 1810 τῆσδε
533 1745 635 1812 τῆς
691 1744 884 1814 μοίρας
929 1744 1024 1798 τοῦ
1085 1744 1297 1809 ζωδίου,
1342 1745 1516 1817 ἢτῶν
1575 1747 1634 1798 ἐν

125 1827 220 1897 αὐτῇ
265 1826 454 1881 λεπτῶν
475 1847 488 1860 θ
538 1833 634 1883 καὶ
685 1834 836 1895 ποῖος
865 1833 1041 1904 ἀστὴρ
1071 1832 1164 1886 τοῦ
1191 1832 1454 1897 ζωδιακοῦ
1489 1836 1630 1889 κατὰ
1661 1833 1700 1887 Β

122 1916 189 1968 τοῦ
218 1919 500 1972 ἀνατολικοῦ
528 1920 822 1991 ἐτύγχανεν
853 1922 1148 1992 ὁρίζοντος,
1186 1923 1337 1986 ποῖός
1394 1941 1452 1976 τε
1487 1924 1628 1978 κατὰ

124 2007 189 2060 τοῦ
213 2009 418 2077 δυτικοῦ,
445 2013 538 2065 καὶ
578 2012 661 2075 τίς
695 2014 832 2066 κατὰ
858 2013 952 2067 τοῦ
1005 2015 1504 2086 μεσουρανήματος,
1535 2016 1630 2069 καὶ

122 2100 181 2161 τίς
194 2103 306 2153 κατὰ
332 2102 419 2155 τοῦ
478 2106 912 2176 ἀντιμεσουρανή
922 2123 1104 2176 ματος.
1155 2107 1265 2160 Καὶ
1326 2107 1465 2160 ὲπάν
1496 2107 1629 2160 θῶσι

124 2190 214 2254 τοὺς
237 2192 462 2264 ἀστέρας,
499 2194 597 2259 οὓς
629 2197 904 2267 νομίζουσι
934 2198 1145 2261 ἑαυτοῖς
1182 2198 1629 2268 ἐσχηματικέναι,

123 2284 223 2336 κατὰ
252 2285 326 2338 τὸν
361 2287 548 2359 καιρὸν
606 2289 702 2359 τῆς
754 2287 846 2341 τοῦ
879 2289 1050 2353 δεῖνος
1093 2289 1358 2358 γενέσεως
1386 2291 1631 2360 ἐσχημα-

121 2377 344 2446 τισμένους
368 2380 591 2444 οὑτωσὶ,
639 2380 715 2451 τῷ
748 2382 925 2453 χρόνῳ
980 2383 1078 2454 τῆς
1120 2380 1436 2446 ἀποτάξεως
1467 2394 1492 2424 α
1533 2381 1627 2435 τοῦ

121 2471 212 2538 περὶ
236 2463 287 2523 οὗ
311 2473 622 2536 σκοποῦσιν,
653 2474 713 2526 οὺ
751 2476 909 2544 μόνον
946 2475 1014 2528 τὰ
1061 2475 1315 2545 μέλλοντα
1350 2474 1630 2539 ἐξετάζον·

123 2573 197 2621 σιν,
220 2560 331 2614 ἀλλά
358 2563 448 2614 καὶ
475 2563 544 2615 τὰ
576 2563 1008 2634 παρεληλυθότα,
1041 2564 1134 2615 καὶ
1167 2562 1237 2615 τὰ
1277 2561 1383 2632 πρὸ
1411 2562 1509 2632 τῆς
1533 2578 1626 2629 γε-

121 2650 270 2715 νέσεως
292 2653 375 2706 καὶ
400 2654 501 2723 τῆς
530 2657 743 2724 σπορᾶς
762 2653 856 2707 τοῦ
894 2653 1020 2726 περὶ
1043 2648 1104 2708 οὗ
1149 2653 1304 2722 λόγος
1333 2655 1630 2724 γεγενημέ-

119 2756 198 2791 νον’
221 2745 329 2813 περὶ
356 2745 585 2814 πατρὸς,
625 2746 866 2809 ποταπὸς
901 2743 975 2797 ὢν
1004 2743 1286 2814 τυγχάνει,
1318 2743 1566 2805 πλούσιος
1593 2743 1626 2814 ἢ

117 2832 257 2902 πένης,
289 2834 573 2906 ὁλόκληρος
624 2835 687 2888 τὸ
735 2835 894 2905 σῶμα
920 2834 952 2906 ἦ
998 2833 1377 2904 σεσινωμένος,
1405 2831 1466 2885 τὺ
1495 2827 1628 2902 ἦθος

119 2922 287 2991 βελτίων
317 2926 348 2997 ἢ
396 2928 620 2999 χείρων,
655 2928 917 2998 ἀκτήμων
959 2925 994 2997 ἢ
1057 2927 1440 2997 πολυκτήμων,
1469 2925 1628 2995 τήνδε

115 3014 185 3083 τὴν
210 3016 378 3086 πρᾶξιν
404 3018 436 3089 ἦ
468 3019 634 3089 τήνδε
658 3018 816 3089 ἔχων·
851 3020 918 3071 τὰ
975 3019 1019 3072 δ’
1049 3018 1188 3072 αὐτὰ
1222 3019 1317 3072 καὶ
1368 3018 1496 3088 περὶ
1529 3017 1629 3087 τῆς

119 3110 290 3179 μητρὸς,
313 3112 401 3163 καὶ
438 3112 568 3183 περὶ
605 3112 989 3183 πρεσϐυτέρων
1031 3111 1294 3181 ἀδελφῶν,
1340 3108 1434 3162 ἐὰν
1461 3109 1631 3179 τύχω-

118 3199 336 3264 σινὸντες.
377 3203 559 3256 Ἔστω
599 3203 656 3256 δὲ
707 3204 853 3273 ἡμᾶς
911 3204 1002 3255 ἐπὶ
1020 3202 1113 3255 τοῦ
1161 3201 1426 3273 παρόντος
1464 3217 1632 3272 προσ·
1659 3183 1703 3243 c

117 3289 248 3344 (εσθαι
283 3294 468 3357 αὐτοὺς
496 3293 944 3364 καταλαμϐάνειν
985 3293 1055 3346 τὰ
1073 3295 1130 3346 ὲν
1153 3293 1233 3364 τῷ
1260 3292 1410 3361 τόπῳ
1435 3290 1630 3362 ἀληθῆ,

114 3383 208 3452 tripl
229 3379 280 3438 οὗ
315 3385 402 3439 καὶ
427 3385 597 3439 αὐτοῦ
640 3386 866 3458 ὕστερον
919 3385 1184 3457 δείξομεν,
1232 3387 1313 3438 ὅτι
1344 3385 1441 3455 οὐχ
1463 3383 1632 3446 οὕτως

115 3475 210 3542 έχῖι·
237 3477 546 3548 πευσόψεθα
582 3478 762 3531 τοίνυν
802 3477 911 3531 τῶν
966 3477 1460 3548 ὑπολαμϐανόντων
1505 3493 1634 3530 κατ-

111 3569 392 3638 ηεαγκὰσθαι
421 3569 526 3623 ὑπὸ
563 3569 675 3622 τῶν
696 3569 908 3640 ἄστρων
936 3570 1006 3622 τὰ
1036 3569 1144 3622 τῶν
1162 3567 1460 3640 ἀνθρώπων
1495 3569 1634 3640 πρά-

113 3676 278 3727 rgum,
331 3664 447 3717 τίνα
516 3663 720 3737 τρόπον
788 3663 816 3715 ό
869 3661 1102 3733 σήμερον
1171 3659 1551 3731 σχηματισμὸς
1605 3659 1633 3710 ό

113 3754 269 3809 τςιόσδε
291 3756 503 3810 δύναται
544 3753 902 3825 πεποιηκέναι
934 3753 1003 3808 τὰ
1031 3752 1301 3825 πρεσϐύτε
1313 3769 1398 3824 ρα.
1431 3752 1494 3804 El
1523 3749 1634 3822 γὰρ

113 3843 232 3898 τοῦτο
277 3848 568 3919 ἀμήχανον,
603 3847 774 3901 καθ’ὂ
815 3846 877 3916 δὴ
921 3846 1003 3899 ὅτι
1068 3845 1176 3917 (49)
1222 3844 1535 3916 εὑρίσκεται
1573 3844 1634 3896 τὸ

114 3938 208 4007 περὶ
229 3938 322 3991 τῶν
357 3939 741 4012 πρεσϐυτέρων
770 3937 860 3992 τοῦ
889 3939 1080 4008 χρόνου
1109 3937 1326 4009 ἀληθὲς,
1357 3935 1528 4006 σαφὲς
1573 3936 1634 3988 τὸ

115 4032 169 4100 μὴ
191 4033 281 4105 (50)
310 4036 664 4104 πεποιηκέναι
699 4034 823 4098 τοὺς
875 4034 1110 4106 ἀστέρας
1159 4034 1354 4086 οὑτωσὶ
1380 4031 1634 4102 κινουμέ-

113 4140 204 4187 νους
225 4125 275 4178 έν
302 4127 509 4199 ούρανῷ
538 4129 607 4180 τὰ
631 4124 1037 4197 παρεληλυθότα
1070 4126 1164 4178 καὶ
1209 4123 1496 4194 γενόμενα,
1528 4121 1634 4193 πρὸ

111 4215 180 4266 τοῦ
201 4216 351 4283 οὕτως
366 4218 510 4297 ἔχειν
535 4217 752 4280 αὐτούς.
785 4218 848 4270 Et
884 4217 940 4269 δὲ
983 4215 1138 4268 τοῦτο
1190 4216 1330 4285 τάχα
1356 4217 1384 4268 ό
1413 4215 1628 4286 προσιέο

113 4323 236 4373 μενος
281 4308 559 4380 ἀληθεύειν
598 4309 816 4373 αὐτοὺς,
851 4307 1147 4377 ἐπιστήσας
1179 4306 1290 4378 (51)
1346 4308 1457 4368 τοῖς
1506 4306 1634 4376 περὶ⁷

112 4397 189 4448 τῶν
225 4400 504 4469 μελλόντων
534 4401 866 4471 λεγομένοις,
889 4399 1003 4468 ὲρεῖ
1033 4397 1317 4468 ἀληθεύειν
1349 4397 1546 4460 αὐτοὺς
1569 4395 1631 4449 οὐ

1737 563 1901 616 modo
1953 576 2169 625 eausas,
2207 560 2299 614 sed
2346 575 2535 613 earum
2578 567 2790 612 tantum
2852 559 3006 626 signa
3059 558 3306 626 quaedam

1734 666 1856 705 esse
1881 650 2257 705 ostendamus.
2282 648 2524 704 Primum
2567 649 2731 718 igitur
2773 648 2824 702 id
2879 648 3035 717 plane
3070 658 3307 706 constat.

1736 751 1798 798 ut
1845 753 2054 797 certqu
2110 741 2401 811 quemdam
2452 741 2732 795 stellarum
2784 740 2974 804 situm,
3027 749 3303 794 certarum

1735 849 1953 904 quoque
1982 849 2185 896 rerum,
2212 847 2334 902 quae
2361 832 2427 886 ad
2473 831 2748 886 hominem
2807 831 3135 902 pertineant,
3178 845 3309 884 eau-

1735 941 1851 982 sam
1875 940 1997 980 esse
2030 924 2221 979 demus
2243 923 2391 994 (nam
2445 923 2513 978 de
2566 923 2670 976 hoc
2718 921 3186 991 inpraesentiarum
3223 919 3308 973 in-

1735 1020 1926 1074 stituta
1956 1017 2185 1086 quaestio
2217 1015 2330 1085 sit),
2366 1014 2460 1086 qui
2496 1025 2678 1068 tamen
2717 1015 2978 1068 hodierna
3023 1013 3130 1076 die,
3157 1011 3303 1066 verbi

1735 1109 1930 1180 gratia,
1960 1116 2110 1162 certo
2144 1106 2363 1161 cuidam
2389 1104 2597 1158 homini
2626 1119 2813 1158 earum
2848 1105 2986 1157 situs
3014 1102 3301 1164 exstiterit,

1734 1202 1983 1256 eumdem
2019 1214 2200 1254 rerum
2234 1212 2422 1252 earum
2452 1210 2673 1252 causam
2706 1210 2828 1248 esse
2861 1195 3010 1248 nullo
3029 1194 3190 1248 modo
3209 1209 3306 1263 po-

1736 1293 1928 1358 tuisse,
1960 1307 2083 1362 qua:
2110 1293 2161 1346 in
2196 1291 2303 1344 alio
2345 1290 2626 1360 quopiam,
2664 1287 2856 1343 aliisve
2898 1288 3147 1358 pluribus
3192 1287 3304 1356 jam

1735 1393 1860 1438 ante
1891 1383 2236 1454 contigerint.
2271 1380 2546 1449 Quidquid
2600 1380 2745 1434 enim
2799 1379 2946 1434 aliud
3004 1378 3189 1440 edicit.
3242 1393 3308 1432 eo

1733 1475 1880 1544 quod
1934 1475 2162 1529 cﬂicitur
2223 1472 2374 1542 prius
2441 1485 2564 1525 esse
2637 1469 2813 1524 debet.
2885 1470 3046 1541 Atqui
3115 1485 3305 1525 eorum

1735 1569 2020 1638 praeceptis
2059 1607 2075 1630 ,
2144 1565 2237 1636 qui
2311 1575 2482 1619 artem
2564 1561 2726 1618 istam
2795 1563 3115 1634 proﬁtentur
3157 1603 3171 1627 ,
3252 1563 3306 1618 id

1734 1673 1950 1726 quoque
2005 1655 2120 1711 fieri
2185 1670 2347 1725 posse
2402 1655 2563 1724 vulgo
2619 1663 2845 1724 putant,
2909 1661 2969 1708 ut
3019 1669 3143 1723 qua:
3206 1655 3301 1707 tali

1735 1748 1892 1817 29],
1936 1747 2040 1802 situ
2071 1745 2250 1816 priora
2285 1754 2432 1806 sunt,
2462 1743 2530 1798 de
2582 1743 2893 1797 hominibus
2921 1744 3299 1812 praedicantur.

1730 1839 1936 1908 Quippe
1970 1839 2072 1893 sibi
2103 1838 2246 1892 enim
2280 1837 2384 1892 hoc
2415 1835 2502 1892 isti
2530 1843 2775 1898 sumunt,
2807 1844 2866 1889 ut
2897 1835 2984 1888 ubi
3017 1835 3183 1890 semel
3213 1835 3308 1887 lio—

1731 1945 1845 1982 ram
1875 1927 2037 1982 unius
2091 1926 2322 1996 alicujus
2368 1926 2603 1980 hominis
2630 1925 2958 1994 singularem
2994 1935 3140 1980 certo
3169 1941 3306 1993 quo-

1728 2021 1851 2075 dam
1887 2018 2047 2074 modo
2067 2017 2540 2087 deprehenderint,
2565 2015 2903 2084 exploratum
2929 2015 3030 2084 ipsi
3045 2015 3305 2069 continuo

1731 2111 1986 2177 habeant,
2014 2125 2238 2180 ecquem
2267 2108 2333 2163 ad
2375 2107 2819 2179 perpendiculum
2853 2105 3088 2160 siderum
3115 2121 3304 2160 errau-

1731 2205 1864 2257 tium
1897 2201 2179 2272 quodlibet
2199 2201 2362 2255 situm
2400 2199 2453 2254 in
2485 2199 2587 2254 hac
2612 2199 2770 2254 illave
2799 2197 2938 2268 signi
2973 2207 3142 2267 parte,
3172 2215 3300 2268 par-

1730 2295 1908 2365 lisque
1950 2294 2175 2351 minutis
2226 2295 2531 2359 obtineret;
2585 2293 2854 2361 simulque
2898 2290 3173 2360 quodnam
3213 2306 3305 2346 zo-

1728 2391 1869 2446 diaci
1922 2400 2130 2446 astrum
2167 2390 2221 2444 in
2281 2388 2532 2444 orientali
2579 2389 2879 2451 horizonte,
2922 2386 3197 2455 quodnam
3251 2385 3303 2436 in

1729 2482 2054 2538 occidentali
2075 2490 2404 2544 versaretur.
2431 2495 2677 2551 quaenam
2693 2479 2820 2534 item
2845 2477 3081 2532 medium
3103 2475 3306 2529 utrius-

1729 2590 1836 2644 que
1864 2572 2228 2642 hemisphaerii
2261 2572 2456 2626 caelum
2489 2570 2715 2625 adversa
2765 2569 3036 2640 positione
3071 2581 3304 2635 occupa-

1728 2672 1868 2719 rent.
1897 2663 2071 2732 Atque
2097 2662 2184 2716 ubi
2210 2663 2393 2717 stellas
2413 2677 2526 2728 eas,
2559 2676 2790 2731 quarum
2831 2659 2933 2715 sibi
2962 2658 3145 2714 animo
3172 2660 3306 2728 ligu-

1729 2769 1847 2808 ram
1881 2757 2131 2812 videntur
2163 2764 2218 2810 et
2234 2754 2576 2810 collationem
2627 2752 2975 2813 informasse.
3013 2750 3118 2806 hoc
3145 2751 3304 2804 illove

1731 2847 1836 2902 situ
1885 2849 1988 2903 sub
2043 2847 2274 2917 alicujus
2304 2856 2484 2902 ortum
2535 2844 2704 2901 fuisse
2768 2851 3098 2915 posuerunt;
3128 2853 3241 2897 tum
3267 2843 3302 2895 ii

1729 2953 1860 2993 vero
1887 2954 1952 2993 ex
1982 2939 2072 2992 illo
2124 2938 2243 3008 ipso
2299 2947 2562 3008 tempore,
2609 2951 2719 3007 quo
2744 2937 2924 2990 editus
2968 2935 3023 2988 iu
3048 2935 3224 2988 lucem
3259 2933 3305 2987 is

1730 3041 1835 3098 est,
1865 3032 2022 3102 cujus
2069 3031 2238 3086 fatum
2300 3032 2588 3094 rimantur,
2630 3047 2737 3084 non
2772 3029 2956 3084 futura
2997 3027 3182 3090 modo,
3211 3027 3304 3081 sed

1731 3124 1893 3178 etiam
1922 3123 2212 3192 praeterita,
2245 3137 2472 3194 quaaque
2500 3121 2740 3192 ejusdem
2769 3129 2822 3176 et
2851 3129 3028 3175 ortum
3059 3128 3304 3174 etsatum

1733 3216 2142 3281 antecesserint,
2169 3215 2510 3284 conjiciunt:
2545 3212 2758 3283 qualem
2819 3211 2934 3281 ipse
2962 3218 3166 3280 patrem
3209 3209 3307 3262 lia-

1734 3309 1890 3373 beat;
1927 3308 2146 3363 divitem
2195 3323 2264 3362 an
2295 3317 2533 3372 tenuem,
2567 3305 2761 3377 integri
2793 3303 3057 3374 corporis,
3089 3318 3156 3356 an
3187 3317 3308 3354 mu-

1735 3400 1848 3466 tili;
1875 3399 2032 3454 bouis
2047 3414 2114 3453 an
2139 3399 2296 3453 malis
2318 3398 2596 3462 moribus;
2623 3393 2872 3464 amplaue
2897 3409 2964 3447 an
2989 3401 3219 3463 augusta
3249 3407 3306 3444 re

1734 3490 2024 3556 familiari;
2051 3491 2153 3545 hoc
2181 3505 2250 3544 an
2301 3489 2432 3544 illud
2465 3487 2806 3556 complexum
2838 3484 2958 3539 vita:
2990 3499 3160 3554 genus
3186 3499 3199 3532 :
3230 3482 3307 3536 si-

1733 3585 1990 3654 miliaque
2015 3594 2122 3638 tam
2161 3583 2228 3638 de
2279 3592 2473 3646 matre,
2522 3595 2684 3650 quam
2715 3579 2782 3633 de
2828 3577 3108 3641 fratribus,
3133 3575 3177 3631 si
3208 3577 3300 3645 qui

1735 3675 1863 3740 sint,
1886 3684 2012 3729 natu
2045 3675 2347 3743 majoribus
2373 3671 2673 3742 inquirunt.
2699 3667 2808 3726 Nos
2837 3684 2987 3732 vero,
3018 3677 3076 3722 ut
3110 3669 3302 3721 demus

1735 3768 1948 3821 interim
1998 3766 2164 3836 (quod
2223 3765 2399 3835 ipsum
2434 3772 2612 3818 tamen
2653 3760 2774 3816 falsi
2807 3769 2994 3825 postea
3042 3774 3306 3828 coargue-

1737 3858 1902 3928 mus),
1952 3858 2218 3928 exquisite
2257 3858 2324 3911 ab
2364 3857 2430 3910 iis
2455 3864 2622 3909 totam
2671 3853 2815 3908 illaut
2847 3852 2982 3911 situs
3031 3861 3306 3906 astrorum

1735 3951 1947 4021 locique
1963 3951 2224 4005 rationem
2258 3948 2426 4004 teneri
2453 3963 2638 4017 posse,
2687 3960 3001 4014 quaeramus
3028 3960 3092 3998 ex
3124 3943 3193 3998 iis
3221 3952 3304 3996 ta-

1736 4057 1880 4107 men,
1910 4042 2000 4111 qui
2031 4040 2191 4094 rebus
2220 4039 2474 4094 humanis
2490 4039 2597 4092 vim
2629 4053 2659 4090 a
2683 4035 2956 4092 sideribus
2983 4034 3161 4088 ali'erri
3199 4048 3306 4102 pu-

1735 4144 1871 4201 tant,
1922 4134 2015 4203 qui
2061 4133 2276 4187 tandem
2330 4131 2628 4186 hodiernus
2658 4131 2761 4184 iste
2795 4129 2932 4184 situs
2954 4142 3134 4182 rerum
3169 4136 3306 4181 tem-

1733 4243 1864 4300 pore
1899 4227 2239 4296 superiorum
2270 4241 2435 4284 causa
2485 4240 2608 4280 esse
2641 4224 2834 4293 possit.
2867 4221 3000 4276 Nam
3035 4220 3086 4274 id
3119 4220 3164 4275 si
3189 4219 3305 4273 ﬁeri

1735 4322 1885 4376 nullo
1910 4321 2072 4375 modo
2105 4327 2301 4388 potest,
2319 4315 2560 4386 profecto
2593 4317 2778 4380 etiam,
2803 4314 2930 4368 dum
2965 4314 3031 4368 iis
3056 4312 3122 4366 de
3143 4310 3305 4364 rebus

1733 4415 1845 4468 veri
1875 4411 2154 4482 quidpiam
2210 4411 2505 4471 invenitur,
2569 4408 2726 4475 plane
2756 4420 3095 4474 consequens
3116 4413 3217 4467 est,
3249 4410 3307 4455 ut

113 4487 168 4556 τῷ
190 4494 336 4545 ποιεῖν
362 4495 486 4556 τοὺς
541 4492 799 4561 ἀστέρας,
855 4489 991 4544 ἀλλὰ
1014 4487 1092 4560 τῷ
1121 4488 1408 4561 σημαίνειν
1449 4488 1628 4559 μόνον.

1735 4505 2078 4576 przesensliic
2095 4512 2367 4558 astrorum
2403 4503 2456 4556 in
2491 4501 2632 4557 coelo
2657 4508 2860 4564 motus,
2892 4513 3013 4567 quae
3031 4497 3144 4566 jam
3181 4504 3306 4549 ante

122 4580 214 4633 Ἐὰν
240 4583 287 4636 δέ
311 4602 389 4647 τις
420 4587 605 4655 φάσκῃ
637 4584 706 4637 τὰ
751 4583 848 4654 μὲν
897 4580 1302 4653 παρεληλυθότα
1346 4580 1421 4652 μὴ
1461 4582 1628 4634 ποιεῖν

113 4674 207 4736 τοὺς
230 4675 466 4747 ἀστέρας,
494 4677 632 4730 ἀλλὰ
657 4675 848 4738 ἄλλους
909 4673 1005 4744 μὲν
1056 4673 1464 4743 σχηματισμοὺς
1505 4673 1631 4736 τοὺς

112 4767 184 4835 τῆς
210 4771 412 4824 ἐκείνων
440 4773 697 4841 γνώσεως
739 4770 942 4832 αἰτίους
976 4769 1277 4836 γεγονέναι·
1325 4769 1416 4822 τὸν
1451 4769 1507 4822 δὲ
1536 4767 1630 4822 νῦν

114 4865 440 4934 σχηματισμὸν
500 4862 911 4933 σεσημαγκέναι
961 4861 1140 4932 μόνον,
1173 4861 1241 4915 τὰ
1297 4860 1477 4932 μέντοι
1506 4860 1632 4932 μέλ-

142 4984 160 5011 ·
181 4973 249 5028 τσ.
275 4976 594 5043 ἀποτέξεως.

166 5084 258 5167 (ξτ)
287 5090 571 5167 Περι-τῶς·
595 5087 1404 5167 ρνθρὼπων..Ποεριίιιςηιίιιρι
1446 5089 1631 5145 existi-

116 5157 215 5276 m:
245 5159 494 5282 περὲτέεί
523 5160 844 5232 ἄνθρωπον,
896 5160 975 5214 vel
1025 5159 1149 5223 τοὺς
1199 5157 1536 5230 ἀνθρώπους,
1574 5169 1632 5215 ut

187 5243 209 5279 τ
234 5244 326 5282 περ
372 5247 401 5282 τ
434 5245 545 5282 νοε.

117 5231 347 5298 messapi.
372 5231 545 5285 τόνδε.

168 5296 254 5366 (48)
287 5296 357 5351 Δι’
399 5301 622 5369 ἕτερον.
674 5300 770 5355 llic
817 5316 1030 5366 quoque
1075 5301 1228 5353 alter.
1259 5314 1362 5352 ms.
1411 5309 1630 5355 secutus

117 5379 228 5431 sunt,
265 5369 347 5447 ubi
391 5373 524 5447 περὶ
571 5372 789 5447 ἐτέρους
836 5371 1058 5447 legitur,
1087 5371 1424 5447 qIIi__senstts
1472 5370 1631 5447 longe

119 5438 479 5494 convenientior'
499 5452 602 5496 est.
636 5438 743 5496 Nec
782 5438 924 5495 enim
953 5442 1018 5495 de
1060 5438 1306 5508 pluribus
1339 5438 1437 5508 hic,
1475 5438 1631 5494 sche—

120 5508 337 5562 matismis
367 5512 495 5580 agit,
525 5513 616 5566 sed
649 5512 716 5566 de
759 5527 866 5565 uno
917 5507 1122 5565 tantum
1146 5549 1161 5573 ,
1204 5523 1363 5578 quem
1397 5507 1628 5576 plurium

120 5588 166 5623 ac
206 5581 573 5644 pmteritorum
620 5591 909 5636 eventuum
945 5595 1164 5636 causam
1208 5594 1328 5635 esse
1360 5590 1541 5650 negat,
1573 5589 1632 5634 ut

119 5657 167 5695 ει
186 5651 507 5714 ενιιιιθηιῑιιιιε
535 5652 815 5704 maniieste
848 5659 1079 5705 constat.

174 5715 263 5798 (ιςῃ
284 5721 410 5798 Καθ’
435 5720 467 5775 ὃ
497 5721 577 5787 δὴ
600 5721 707 5798 ὅτι.
737 5720 842 5798 _Pro
867 5720 986 5774 καθ’
1018 5723 1046 5798 ξ
1078 5738 1130 5774 τι
1196 5723 1284 5794 δή,
1315 5722 1462 5795 quod
1493 5720 1631 5776 forte

124 5790 467 5846 rescribendum
495 5801 598 5858 est,
624 5794 824 5848 clarius
849 5801 990 5848 certe
1018 5790 1174 5850 iuret.

1731 4600 2091 4670 Cornigerum,
2122 4610 2288 4667 quam
2330 4593 2600 4665 ejusmodi
2629 4592 2795 4647 situm
2840 4589 3165 4652 obtinerent,
3200 4586 3309 4641 etii-

1731 4706 1851 4745 cere
1874 4703 1978 4742 non
2007 4687 2260 4757 potuerit.
2289 4683 2382 4740 Sin
2415 4683 2612 4753 aliquis
2659 4681 2798 4737 forte
2829 4681 2954 4742 erit,
2983 4679 3076 4748 qui
3098 4678 3165 4732 ad
3215 4691 3307 4730 ve-

1732 4779 1942 4833 ritatem
1966 4777 2034 4832 iis
2061 4777 2166 4830 huc
2196 4776 2248 4830 in
2298 4788 2493 4844 genere
2540 4768 2973 4832 concedendum,
3007 4782 3188 4822 rerum
3222 4765 3305 4818 [ιι-

1734 4879 1975 4924 turarum
2003 4867 2460 4938 praesensionibus
2513 4864 2814 4920 adducatur
2843 4878 2857 4925 ;
2896 4859 3169 4914 fatendum
3204 4857 3304 4926 ipsi

1805 5089 1916 5154 (50)
1948 5086 2143 5155 Σαφὲς
2176 5084 2242 5139 τὸ
2268 5083 2374 5154 μή.
2407 5084 2480 5137 Ita
2503 5077 3074 5155 distingttendumfuit
3102 5077 3166 5155 τὸ
3213 5093 3306 5128 σα-

1731 5148 1828 5229 φές
1861 5161 1928 5213 ah
1957 5148 2171 5229 ἀληθές.
2199 5148 2348 5225 quod
2402 5148 2906 5224 pracedit,”alioqui
2941 5148 3307 5216 ἁσαιρέστατος

1732 5227 1888 5286 locus
1915 5230 2003 5282 hic
2037 5227 2248 5281 fuisset.

1804 5301 1914 5371 (51)
1945 5293 2750 5371 ἘπιστήσαςηΒεροιιθιιιιιιφ
2797 5291 3049 5371 existimo
3077 5289 3305 5371 έπιιστήτ

1733 5359 1843 5437 σαί,
1873 5359 2072 5437 alioqui
2121 5359 2226 5420 non
2266 5359 2456 5437 s'olutn'
2484 5367 2544 5419 τὸ
2589 5367 2642 5418 el
2667 5363 2754 5426 δέ,
2791 5363 2934 5430 quod
2963 5359 3185 5437 periodi
3221 5366 3307 5437 est

1731 5427 2357 5501 ἱιιὶι,ἷιιιη,’ἀναπόδοτον
2405 5435 2647 5490 futurum
2711 5427 2832 5496 est’;
2884 5427 2985 5487 sed
3030 5431 3192 5485 etiam
3244 5427 3307 5481 τὸ

1729 5511 1868 5580 ἐρεῖ,
1900 5510 2043 5580 quod
2093 5510 2358 5576 sequitur,
2393 5508 2458 5561 ad
2491 5505 2904 5580 Agettethliaemn
2935 5501 3301 5580 defensorem,

1732 5572 1861 5636 n'on'
1894 5572 1968 5648 a'd,
2010 5572 2436 5648 oppugnatorem
2485 5576 2768 5648 Urigeuem
2816 5572 3134 5648 pertinebit;
3177 5585 3301 5623 cum

1731 5663 1909 5706 tamen
1941 5642 2203 5719 Origenes
2242 5665 2350 5703 non
2399 5649 2540 5719 hanc
2583 5642 2966 5719 ipsi__per'ses_e
2993 5642 3302 5719 orationem

1732 5722 2011 5782 attribuat,
2042 5714 2141 5774 sed
2187 5736 2306 5775 eam
2349 5717 2531 5789 potius
2564 5731 2626 5771 ex
2672 5716 2818 5772 illius
2861 5714 3114 5786 Opinione
3148 5726 3306 5766 secu-

1735 5802 1788 5848 tu
1798 5807 1909 5846 ram
1941 5790 2086 5846 velit.
