3864 6386
544 341 650 397 499

1198 345 1467 405 EUSEBII
1506 345 1991 404 CESARIENSIS
2029 347 2176 404 OPP.
2215 347 2396 405 PARS
2434 349 2499 404 ll.
2547 381 2616 390 —
2655 347 3154 406 APOLOGETICA.
3666 352 3748 406 500

546 473 748 524 tamen,
777 475 964 516 verum
994 463 1184 520 abillis
1209 479 1275 519 eo
1297 465 1650 534 praenuntiari
1685 473 1918 529 tantum,
1966 473 2112 535 quod

2221 467 2376 520 λοντα
2402 467 2691 537 δηλοῦσθαι
2751 465 2859 520 ἀπὸ
2890 466 2983 520 τοῦ
3029 465 3374 537 ἐνεστηκότος
3416 466 3749 537 σχηματισμοῦ

542 548 674 606 illud
698 562 847 607 astra
881 555 1123 610 futurum
1159 555 1485 625 signiﬁcent,
1519 572 1627 612 non
1665 557 1808 628 quod
1863 557 2119 612 efﬁciant.

541 640 698 707 Quod
748 644 794 699 si
833 645 971 701 alius
1005 647 1276 715 praeterita
1323 661 1430 700 non
1460 646 1573 718 jam
1608 663 1638 702 a
1679 648 1950 703 sideribus
1978 649 2121 704 efﬁci

541 736 823 803 concedet,
857 739 952 793 sed
1004 738 1331 807 cognitionis
1381 753 1570 793 eorum
1609 756 1775 795 causa
1807 741 1859 795 in
1911 743 2124 811 priores

542 830 677 884 alias
712 830 1011 900 positiones
1034 830 1344 901 ﬁgurasque
1365 833 1648 897 translata,
1665 833 1836 887 solam
1861 834 2122 887 hodierno

545 919 672 973 situi
709 919 1158 990 significationem
1210 921 1479 989 relinquet
1509 938 1522 974 :
1557 923 1636 976 sic
1663 932 1864 989 tamen,
1900 932 1956 977 ut
1988 939 2125 993 prae-

543 1012 682 1067 senti
706 1013 944 1067 siderum
971 1013 1265 1068 subortum
1316 1014 1447 1068 certi
1483 1015 1647 1085 hujus
1689 1016 1927 1072 hominis
1953 1017 2124 1072 collo-

539 1106 763 1173 cationi,
787 1115 987 1161 certam
1011 1105 1320 1160 futurorum
1345 1107 1728 1176 praenotionem
1749 1109 1931 1164 deberi
1959 1112 2118 1166 velit:

540 1198 730 1252 afferat
754 1199 841 1254 ille
863 1212 1027 1267 porro
1065 1198 1402 1254 discriminis
1432 1199 1721 1266 rationem,
1760 1203 2119 1270 quamobrem

541 1289 648 1345 alia
673 1300 924 1361 tanquam
953 1293 1140 1348 effecta
1166 1295 1214 1348 vi
1239 1295 1500 1360 siderum,
1537 1295 1640 1348 alia
1672 1303 1928 1365 tanquam
1957 1297 2025 1350 ab
2052 1296 2120 1352 iis

543 1383 704 1437 modo
756 1385 1097 1455 signiﬁcata,
1148 1403 1272 1441 vere
1327 1387 1581 1455 cognosci
1628 1403 1788 1456 posse
1842 1387 2115 1444 defendat.

541 1471 696 1537 Quod
717 1473 794 1528 illi
817 1475 1106 1530 discrimen
1125 1491 1248 1531 cum
1271 1477 1550 1546 assignare
1582 1479 1788 1532 nullum
1808 1479 1968 1550 292
1995 1496 2120 1550 pos-

539 1563 671 1627 sint,
710 1566 994 1621 nobiscum
1031 1568 1284 1637 deinceps
1315 1570 1567 1639 ingenue,
1598 1569 1733 1623 nihil
1781 1586 1970 1625 eorum
1997 1587 2118 1640 quae

540 1658 606 1713 ad
642 1657 892 1714 homines
919 1660 1243 1728 pertineant,
1275 1675 1305 1713 a
1337 1659 1606 1714 sideribus
1633 1659 1775 1714 efﬁci
1808 1659 2111 1730 fateantur;

540 1749 634 1803 sed
669 1749 998 1810 tantum,uti
1019 1749 1130 1819 jam
1165 1759 1288 1804 ante
1331 1748 1590 1814 diximus,
1637 1759 1916 1821 utcunque
1947 1751 2116 1822 signi-

2225 559 2326 630 τῆς
2354 556 2448 610 τοῦ
2484 557 2652 620 δεῖνος
2682 557 2966 624 γενέσεως
3003 557 3404 627 παραστησάτω
3437 556 3544 628 (52)
3567 556 3652 628 τὴν
3669 557 3752 610 δια-

2227 650 2397 721 φορὰν
2429 649 2522 703 τοῦ
2574 650 2680 702 άπὸ
2725 647 2834 701 τῶν
2899 647 3144 720 ἀστέρων
3196 648 3450 701 δύνασθαι
3498 648 3668 713 δεῖξαι,
3688 650 3751 701 ὃτι

2224 741 2351 795 τάδε
2385 741 2482 812 μὲν
2514 740 2759 810 νενόηται
2783 738 2957 810 ἀληθῆ
2993 739 3068 802 ὡς
3100 737 3209 792 ἀπὸ
3241 737 3550 801 ποιούντων,
3576 738 3684 791 τάδε
3709 739 3754 790 δὲ

2225 831 2301 894 ὡς
2329 830 2436 884 ἀπὸ
2490 830 2864 900 σημαινόντων
2923 830 3099 900 μόνον.
3148 826 3238 900 Mli
3290 829 3500 899 ἔχοντες
3525 829 3577 882 δὲ
3605 828 3753 882 δοῦναι

2225 921 2322 994 τὴν
2349 921 2630 994 διαφορὰν,
2666 921 3021 991 εὐγνωμόνως
3069 923 3583 992 συγκαταθήσονται,
3623 920 3755 990 μηδὲν

2223 1011 2331 1064 τῶν
2356 1011 2496 1065 κατὰ
2513 1013 2638 1075 τοὺς
2667 1011 2985 1084 ἀνθρώπους
3001 1012 3107 1065 ἀπὸ
3132 1013 3238 1066 τῶν
3263 1013 3504 1082 ἀστέρων
3524 1012 3754 1081 γίνεσθαι,

2223 1103 2340 1156 ἀλλ’
2372 1103 2448 1167 ὡς
2469 1106 2898 1175 προειρήκαμεν,
2921 1107 2967 1157 εί
2988 1105 3114 1176 ἄρα,
3142 1104 3513 1175 σημαίνεσθαι·
3535 1103 3604 1165 ὡς
3634 1106 3674 1155 εἰ
3699 1103 3756 1173 μὴ

2223 1193 2316 1245 καὶ
2350 1193 2455 1245 άπὸ
2483 1192 2592 1246 τῶν
2631 1193 2876 1264 ἀστέρων
2926 1211 3009 1256 τις
3067 1193 3338 1264 ἐλάμϐανε
3379 1193 3446 1246 τὰ
3491 1192 3756 1263 παρεληλυο

2223 1280 2354 1335 θότα
2381 1282 2476 1335 καὶ¹
2509 1283 2576 1335 τὰ
2615 1282 2895 1352 μέλλοντα,
2935 1283 3048 1335 ἀλλ’
3104 1283 3212 1336 ἀπὸ
3263 1281 3357 1335 τοῦ
3394 1281 3486 1336 νοῦ
3517 1280 3605 1334 τοῦ
3627 1280 3755 1340 Θεοῦ,

2223 1371 2310 1424 διά
2330 1389 2472 1434 τινος
2500 1372 2658 1440 λόγου
2688 1373 3047 1442 προφητικοῦ.
3089 1374 3297 1444 Ὥσπερ
3338 1372 3448 1443 γὰρ
3470 1371 3756 1442 προαπεδείο

2221 1462 2410 1534 ξαμεν,
2449 1465 2528 1517 ὅτι
2564 1464 2713 1517 οὐδὲν
2743 1464 2906 1518 λυπεῖ
2930 1465 3020 1518 τὸν
3055 1465 3182 1537 περὶ
3224 1465 3319 1519 τοῦ
3364 1467 3447 1533 ἐφ’
3477 1467 3604 1536 ἡμῖν
3628 1464 3757 1532 λόγον

2217 1555 2277 1608 τὸ
2301 1555 2392 1608 τὸν
2425 1555 2555 1608 Θεὸν
2579 1555 2775 1608 εἰδέναι
2804 1555 2873 1608 τὰ
2906 1556 3334 1627 πραχθησόμενα
3360 1557 3589 1625 ἑκάστῳ,
3616 1555 3757 1619 οὕτως

2216 1647 2336 1700 οὐδὲ
2376 1648 2443 1700 τὰ
2475 1650 2696 1717 σημεῖα,
2741 1647 2775 1700 ἃ
2828 1647 3015 1711 ἔταξεν
3042 1650 3070 1700 ὁ
3098 1648 3231 1710 Θεὸς
3267 1650 3346 1710 είς
3396 1647 3459 1698 τὸ
3488 1646 3755 1716 σημαίνειν,

2221 1739 2532 1809 ἐμποδίζειν
2561 1738 2671 1808 (55)
2699 1739 2759 1791 τὸ
2784 1740 2867 1807 ἐφ’
2894 1741 3046 1809 ἡμῖν·
3089 1739 3223 1791 ἀλλὰ
3275 1738 3658 1809 παραπλησίως
3698 1737 3761 1806 βιο

541 1841 711 1895 ﬁcari.
732 1840 887 1907 Quod
921 1842 1140 1910 perinde
1159 1843 1384 1897 omnino
1413 1843 1593 1909 fuerit,
1640 1859 1705 1898 ac
1754 1843 1798 1897 si
1833 1844 1954 1912 quis
2003 1859 2111 1898 non

2221 1831 2349 1901 ϐλίῳ
2376 1832 2682 1903 περιέχοντι
2721 1831 2788 1884 τὰ
2817 1831 3076 1901 μέλλοντα
3119 1830 3475 1902 προφητικῶς
3511 1832 3539 1882 ὁ
3572 1832 3668 1893 πᾶς
3692 1833 3760 1882 οὖς

538 1933 648 2002 jam
682 1948 748 1985 ex
777 1933 967 1988 iisdem
1019 1933 1323 1996 sideribus,
1357 1936 1450 1990 sed
1484 1952 1578 2006 per
1621 1937 1856 2006 aliquam
1885 1937 2114 2005 prophe-

540 2023 693 2085 tiam,
718 2039 784 2078 ex
817 2024 1044 2093 ipsamet
1085 2024 1178 2079 Dei
1215 2035 1394 2080 mente
1442 2043 1532 2083 res
1579 2037 1672 2082 aut
1699 2029 1995 2097 praeteritas
2021 2039 2115 2083 aut

545 2113 757 2170 futuras
817 2115 1156 2184 intelligeret.
1197 2115 1668 2182 Quemadmodum
1697 2121 1839 2174 enim
1862 2121 2114 2189 superius

541 2215 821 2261 ostensum
875 2223 905 2261 a
947 2208 1105 2262 nobis
1137 2217 1242 2272 est,
1299 2210 1444 2279 quod
1479 2209 1644 2274 Deus,
1682 2226 1804 2282 qua:
1841 2227 1871 2265 a
1897 2227 2115 2282 quoque

543 2298 852 2369 profectura
881 2301 1010 2366 sint,
1042 2302 1224 2355 omnia
1254 2303 1600 2370 praenoverit,
1627 2303 1681 2357 id
1723 2303 1858 2357 nihil
1889 2320 2114 2374 prorsus

545 2389 840 2444 voluntatis
868 2398 1069 2445 nostra:
1102 2394 1355 2460 potestati
1390 2393 1603 2448 oﬁicere
1637 2412 1649 2447 :
1684 2394 1757 2448 ita
1786 2411 1886 2450 nec
1913 2396 2111 2463 eidem,

542 2489 863 2552 qamreru-m
911 2482 1064 2553 signa
1097 2482 1239 2539 Deus
1283 2500 1405 2539 esse
1451 2486 1640 2552 voluit,
1687 2486 2110 2542 incommodant.

544 2573 646 2629 Sed
670 2572 965 2629 voluminis
1008 2573 1240 2644 alicujus
1281 2575 1473 2642 instar,
1503 2574 1746 2630 futurum
1795 2575 2110 2646 prophetica

542 2667 780 2721 dictione
807 2665 1096 2736 complexi,
1150 2667 1404 2722 universo
1432 2683 1651 2738 quoque
1684 2668 1846 2731 cmlo,
1881 2668 1974 2737 qui
2013 2666 2108 2722 Dei

544 2756 680 2811 liber
701 2755 922 2826 quidam
957 2766 1076 2824 est,
1107 2757 1374 2812 contineri
1427 2757 1606 2813 futura
1645 2769 1894 2828 possunt.
1927 2757 2112 2829 Itaque

547 2853 690 2902 hunc
720 2848 774 2901 in
809 2849 1031 2902 modum
1081 2848 1302 2919 intelligi
1361 2858 1556 2918 potest,
1621 2851 1764 2920 quod
1800 2851 1853 2904 in
1895 2850 2110 2920 Josepbi

541 2939 854 3012 precatione
884 2955 913 2994 a
943 2938 1149 2995 Jacobo
1201 2941 1423 3007 dicitur,
1456 2959 1474 2993 ι
1509 2940 1637 3011 Legi
1671 2942 1724 2995 in
1757 2942 1957 2996 tabulis
1986 2941 2110 2996 coeli

541 3047 880 3102 quzeeunque
910 3033 1154 3087 accident
1194 3031 1351 3085 vobis
1377 3073 1392 3097 ,
1417 3040 1468 3086 et
1510 3032 1635 3086 ﬁliis
1668 3033 1882 3087 vestris.
1923 3052 1941 3084 ι
1969 3031 2110 3098 Quin

539 3126 702 3180 etiam
736 3123 888 3192 illud,
925 3130 943 3175 ἀ
981 3123 1394 3192 complicabitur
1417 3122 1612 3176 malum
1642 3122 1800 3192 quasi
1831 3122 1967 3176 liber
1993 3123 2059 3188 ⁸³,
2087 3143 2105 3175 ι

541 3233 608 3271 eo
639 3216 889 3272 fortassis
919 3216 1247 3285 pertinet,ut
1284 3215 1581 3283 impressas
1619 3215 1718 3283 ipsi
1751 3231 1927 3269 rerum
1965 3213 2114 3269 fulu-

549 3323 738 3364 rarum
770 3308 1192 3380 signiﬁcationes
1242 3306 1540 3377 perfectum
1587 3307 1852 3377 quasique
1879 3308 2116 3378 comple-
2149 3317 2160 3329 '

545 3409 658 3454 tum
714 3400 779 3454 iri
831 3399 1184 3462 demonstret,
1253 3399 1710 3469 quemadmodum
1763 3399 1880 3468 ipso
1931 3414 2114 3453 rerum

544 3493 690 3546 exitu
714 3492 982 3561 completa
1003 3491 1161 3561 vulgo
1187 3493 1569 3561 prophetarum
1597 3491 1852 3545 dicuntur
1871 3493 2112 3547 oracula.

544 3583 722 3650 Atque
740 3581 812 3635 ita
842 3581 1120 3650 signorum
1159 3591 1218 3634 ut
1249 3582 1363 3635 vice
1399 3580 1768 3648 fungerentur,
1821 3583 2115 3636 constituta

545 3673 808 3727 divinitus
839 3682 983 3752 astra
1011 3671 1232 3736 fuerint,
1251 3672 1404 3740 juxta
1437 3672 1590 3738 illud,
1635 3691 1655 3723 ‹
1678 3671 1798 3727 Sint
1818 3673 1870 3728 in
1895 3675 2066 3744 signa.
2092 3695 2110 3726 ι

548 3764 872 3834 Quanquam
897 3763 1181 3828 Jeremias,
1208 3765 1284 3819 uti
1323 3773 1376 3818 et
1405 3765 1562 3820 nobis
1607 3780 1706 3820 nos
1742 3766 1857 3835 ipse
1904 3767 2114 3833 reddat,

548 3872 725 3927 coque
749 3867 896 3910 metu
930 3856 1138 3922 liberet,
1165 3871 1324 3923 quem
1359 3873 1420 3910 ea
1457 3857 1614 3912 nobis
1643 3855 1835 3911 aﬁ‘erre
1869 3868 2114 3928 possent,

547 3963 670 4017 qua:
698 3947 764 3999 ab
786 3946 949 4000 astris
979 3945 1064 3999 vel
1085 3944 1402 4014 significari,
1439 3945 1522 3998 vel
1572 3944 1842 4014 proﬁcisci
1873 3946 2119 4014 quando-

548 4051 655 4104 que
685 4035 990 4098 videantur,
1037 4035 1109 4089 ita
1150 4044 1353 4100 monet,
1414 4054 1431 4086 ι
1475 4035 1517 4088 Α
1563 4035 1733 4105 signis
1797 4036 1917 4090 coeli
1954 4036 2119 4091 nolite

549 4135 791 4182 metuere
811 4125 878 4180 ‘°.
903 4145 920 4178 ›
950 4125 1066 4180 Jam
1091 4141 1238 4191 vero,
1263 4126 1406 4181 aliud
1426 4126 1984 4194 praetereavideamus
2032 4143 2121 4181 ar-

549 4231 888 4290 gumentum,
932 4219 1076 4288 quod
1133 4219 1404 4274 sideribus
1462 4218 1722 4272 efﬁciendi
1749 4219 1973 4278 nullam.
2025 4221 2119 4274 sed

547 4311 786 4376 aliquam
847 4319 1078 4375 tantum,
1112 4310 1158 4364 si
1190 4310 1275 4363 vel
1306 4309 1419 4378 ipsa
1449 4317 1627 4362 tamen
1656 4309 1772 4362 dari
1823 4319 2018 4378 potest,
2044 4311 2120 4364 si-

548 4401 836 4473 gniﬁcandi
862 4401 968 4454 vim
1000 4401 1287 4470 relinquat.
1320 4399 1600 4454 Docebunt
1627 4399 1902 4454 enimvero
1925 4401 2118 4456 inﬁniti

2220 1923 2376 1993 ρανὸς
2401 1923 2644 1988 δύναται,
2690 1923 2852 1975 οἱονεὶ
2882 1922 3062 1993 βίϐλος
3089 1920 3163 1974 ὢν
3221 1921 3376 1982 Θεοῦ,
3426 1921 3683 1992 περιέχειν
3708 1922 3760 1972 vi

2218 2014 2498 2084 μέλλοντα.
2532 2016 2732 2085 Διόπερ
2760 2017 2817 2067 ἐν
2843 2017 2907 2084 τῇ
2945 2015 3223 2084 προσευχῇ
3267 2012 3361 2066 τοῦ
3417 2013 3608 2082 Ἰωσὴφ
3637 2011 3760 2065 δύνα-

2212 2122 2303 2158 ται
2334 2104 2476 2160 οὕτω
2533 2105 2767 2158 νοεῖσθαι
2814 2105 2876 2157 τὸ
2934 2104 3224 2174 λεγόμενον
3281 2104 3387 2156 ὑπὸ
3426 2103 3519 2156 τοῦ
3576 2104 3757 2156 Ἰακώΰο

2221 2217 2239 2248 ι
2280 2197 2512 2266 Ἀνέγνω
2529 2197 2638 2267 γὰρ
2669 2200 2725 2250 ὲν
2746 2200 2865 2260 ταῖς
2905 2196 3069 2262 πλαξὶ
3108 2195 3203 2250 τοῦ
3243 2194 3498 2267 οὐρανοῦ,
3526 2194 3620 2249 ὅσα
3645 2213 3758 2265 συμ-

2215 2288 2440 2359 ϐήσεται
2473 2289 2602 2359 ὑμῖν
2634 2289 2729 2341 καὶ
2752 2291 2864 2352 τοῖς
2887 2290 3024 2353 υἱοῖς
3045 2289 3219 2362 ὑμῶν.
3245 2309 3265 2343 ι
3294 2289 3453 2359 Τάχα
3491 2289 3545 2340 δὲ
3583 2289 3665 2341 καὶ
3695 2288 3757 2350 τὸ,

2218 2381 2594 2453 «Εἰλιγήσεται
2611 2375 2744 2449 (55⁵)
2764 2378 3035 2448 ὀούρανὸς
3052 2377 3127 2440 ὡς
3163 2379 3388 2449 βιϐλίον,
3405 2399 3423 2431 ι
3455 2382 3577 2442 τοὺς
3602 2379 3759 2446 λόγους

2215 2471 2340 2534 τοὺς
2371 2470 2806 2542 περιεχομένους,
2833 2473 3195 2540 σημαντικοὺς
3215 2472 3320 2525 τῶν
3343 2474 3614 2542 ἐσομένων
3643 2472 3761 2541 δηλοῖ

2215 2561 2807 2632 ἀπαρτισθησομένους,
2840 2563 2933 2615 καὶ
2971 2562 3228 2626 ῖνόὓτως
3252 2563 3414 2629 εἴπω,
3453 2563 3761 2634 πληρωθησο·

2218 2653 2430 2724 μένους,
2462 2653 2648 2724 ὥσπερ
2680 2654 2927 2722 λέγονται
2957 2655 3012 2706 αἱ
3043 2659 3366 2727 προφητεῖαι
3405 2655 3759 2727 πεπληρῶσθαι

2213 2745 2292 2816 τῷ
2334 2745 2716 2816 ἐκϐεϐηκέναι.
2772 2745 2885 2799 Καὶ
2945 2744 3116 2809 οὕτως
3161 2746 3313 2799 ἔσται
3361 2749 3446 2810 εἰς
3499 2745 3762 2818 σημεῖατὰ

2215 2838 2390 2910 ἄστρα
2423 2839 2702 2907 γεγονότα,
2730 2838 2874 2891 κατὰ
2903 2838 3000 2909 τὴν
3031 2839 3294 2908 λέγουσαν
3325 2840 3532 2909 φωνὴν,
3558 2859 3574 2890 ι
3601 2839 3768 2890 Ἔστω-

2217 2948 2314 2982 σαν
2347 2931 2427 2992 είς
2454 2932 2706 3000 σημεῖα.»
2755 2929 2812 2982 Ὃ
2841 2929 2897 2981 δὲ
2935 2929 3221 3000 Ἱερεμίας,
3279 2931 3620 3000 ἐπιστρέφων
3641 2929 3764 2998 ἡμᾶς

2215 3023 2351 3094 πρὸς
2374 3023 2618 3086 ἑαυτοὺς,
2649 3023 2744 3075 καὶ
2777 3021 3078 3093 περιαιρῶν
3125 3022 3288 3090 φόϐον
3317 3022 3412 3075 τὸν
3452 3023 3543 3074 ἐπὶ
3568 3025 3669 3084 τοῖς
3692 3037 3762 3072 νο-

2221 3113 2526 3184 μιζομένοις
2551 3112 2930 3184 σημαίνεσθαι,
2965 3111 3105 3183 τάχα
3133 3113 3188 3166 δὲ
3222 3114 3316 3166 καὶ
3347 3111 3755 3183 ὑπολαμϐανομέο

2218 3221 2326 3266 νοις
2351 3203 2559 3256 ἐκεῖθεν
2585 3203 2859 3274 ἔρχεσθαι,
2898 3204 3080 3273 φησίν·
3145 3224 3162 3255 ι
3203 3204 3336 3257 Ἀπὸ
3390 3205 3501 3258 τῶν
3560 3204 3764 3274 σημείων

2214 3293 2308 3346 τοῦ
2329 3295 2556 3366 οὐρανοῦ
2585 3295 2658 3366 μὴ
2687 3294 2958 3364 φοϐεῖσθε.
2976 3314 2992 3346 ι
3019 3295 3247 3365 ’Ίδωμεν
3270 3295 3363 3348 καὶ
3405 3294 3649 3366 δεύτερον
3670 3296 3763 3346 ἐπι-

2216 3386 2370 3458 χείρη
2381 3405 2475 3457 μα,
2509 3386 2624 3451 πῶς
2641 3388 2700 3440 οὐ
2724 3386 2974 3440 δύνανται
3008 3387 3054 3438 oi
3090 3386 3317 3457 ἀστέρες
3341 3382 3482 3440 εἶναι
3507 3385 3759 3455 ποιητικαὶ,

2217 3476 2350 3541 ἀλλ’,
2381 3479 2428 3529 εξ
2464 3477 2592 3548 ἄρα,
2629 3477 2973 3548 σημαντικοί.
3022 3477 3152 3529 Ἀπὸ
3201 3477 3310 3529 τῶν
3373 3477 3638 3530 πλείστων
3677 3475 3762 3544 γὰρ

2216 3571 2357 3623 ὅσων
2387 3570 2650 3638 γενέσεων
2674 3569 2789 3622 ἔστι
2819 3568 3006 3621 λαϐεῖν
3040 3569 3108 3621 τὰ
3157 3569 3285 3640 περὶ
3332 3569 3456 3633 ἐνὸς
3488 3567 3759 3639 ἀνθρώπου·

2219 3661 2414 3732 (τοῦτο
2458 3662 2513 3714 δὲ
2563 3660 2683 3714 καθ’
2713 3660 2966 3714 ὑπόθεσιν
3001 3660 3251 3731 λέγομεν,
3307 3660 3698 3732 συγχωροῦντες
3717 3657 3762 3708 τὸ

2217 3756 2528 3825 ἐπιστήμην
2588 3753 2764 3808 αὐτῶν
2821 3754 3294 3824 ἀναλαμϐάνεσθαι
3360 3755 3457 3808 ὑπ’
3501 3752 3763 3825 ἀνθρώπων

2217 3845 2520 3918 δύνασθαι·)
2552 3845 2686 3918 φέρε
2713 3844 2819 3917 γὰρ
2842 3847 3036 3908 εἰπεῖν,
3063 3847 3190 3917 περὶ
3223 3845 3314 3898 τοῦ
3337 3846 3490 3899 τόνδε
3521 3844 3762 3899 πείσεσθαι

2217 3939 2356 4003 τόδε,
2373 3939 2465 3992 καὶ
2491 3937 2841 4009 τεθνήξεσθαι
2875 3939 3240 4009 περιπεσόντα
3271 3938 3502 4011 λῃσταῖς
3534 3940 3621 3990 καὶ
3647 3937 3763 3988 ἀναι-

2223 4030 2467 4102 ρεθέντα,
2502 4032 2635 4102 φησὶ
2658 4031 2915 4107 δύνασθαι
2945 4032 3241 4102 λαμϐάνειν
3286 4033 3396 4084 ἀπό
3435 4050 3495 4085 τε
3533 4031 3627 4100 τῆς
3656 4029 3764 4090 ἰδίας

2219 4122 2383 4176 αὑτοῦ
2409 4123 2691 4192 γενέσεως,
2728 4105 2829 4176 κᾶν
2859 4122 2998 4194 τύχῃ
3052 4123 3190 4194 ἔχων
3221 4122 3486 4192 ἀδελφοὺς
3531 4121 3762 4181 πλείονας,

2219 4215 2326 4269 ἀπὸ
2351 4217 2447 4286 τῆς
2476 4215 2704 4268 ἑκάστου
2735 4215 2936 4269 αὐτῶν.
2973 4217 3256 4286 Περιέχειν
3291 4215 3400 4287 γὰρ
3457 4218 3645 4269 οἴονται

2219 4307 2446 4360 ἑκάστου
2475 4307 2688 4376 γένεσιν
2719 4307 2941 4376 ἀδελφὸν
2992 4308 3097 4361 ὑπὸ
3143 4308 3353 4380 λῃστῶν
3391 4308 3764 4378 τεθνηξόμενον,

2219 4399 2417 4469 ὁμοίως
2431 4401 2523 4452 καὶ
2538 4399 2636 4470 τὴν
2655 4399 2748 4451 τοῦ
2763 4401 2987 4471 πατρὸς,
3003 4402 3094 4453 καὶ
3114 4403 3212 4471 τὴν
3237 4402 3335 4472 τῆς
3371 4401 3578 4473 μητρὸς
3594 4399 3677 4452 καὶ
3688 4398 3765 4464 τὴν

549 4509 730 4548 rerum
763 4502 939 4556 ortus,
989 4508 1110 4562 quae
1154 4493 1248 4546 uni
1311 4492 1576 4546 duntaxat
1621 4492 1828 4546 homini
1859 4502 2117 4548 eventura

2221 4491 2318 4562 τῆς
2328 4491 2591 4561 γαμετῆς,
2606 4491 2702 4545 καὶ
2718 4491 2824 4544 τῶν
2851 4490 2979 4543 υἱῶν
2993 4491 3178 4552 αὐτοῦ,
3203 4495 3296 4545 καὶ
3311 4493 3423 4544 τῶν
3444 4491 3676 4552 οἰκετῶν,
3691 4487 3765 4539 καὶ

549 4585 751 4656 sint(id
787 4585 931 4655 quod
964 4597 1144 4638 tamen
1167 4599 1230 4639 ex
1265 4584 1766 4654 hypotbesidictum
1792 4599 1913 4639 esse
1935 4585 2115 4647 velim,

551 4679 770 4746 perinde
797 4693 860 4732 ae
893 4677 938 4732 si
973 4691 1163 4730 eorum
1194 4677 1246 4730 in
1273 4677 1636 4747 cognitionem
1667 4677 1917 4732 homines
1937 4679 2121 4732 venire

547 4783 709 4838 posse
742 4765 1148 4833 concedamus).
1197 4763 1351 4829 Quod
1407 4767 1552 4818 enim
1605 4764 1693 4819 hic
1731 4773 1826 4818 aut
1873 4765 1960 4818 ille
1987 4766 2120 4819 certi

547 4859 826 4929 quidpiam
855 4857 1136 4913 subiturus
1151 4855 1238 4921 sit,
1261 4863 1385 4925 puta
1401 4855 1770 4926 jugulandusa
1793 4857 2118 4920 latronibus,

550 4953 603 5006 in
631 4969 766 5022 quos
793 4951 1080 5014 inciderit;
1109 4950 1213 5004 hoc
1257 4950 1342 5004 isti
1367 4950 1583 5019 quidem
1617 4950 1811 5021 partim
1844 4967 1906 5005 ex
1935 4951 2122 5017 singu-

549 5044 647 5099 lari
677 5043 796 5113 ejus
814 5053 957 5106 ortu,
986 5041 1180 5111 partim
1203 5055 1266 5094 ex
1290 5040 1539 5104 fratrum,
1575 5043 1618 5096 si
1643 5043 1826 5111 plures
1848 5053 2119 5108 nosceret,

548 5134 886 5204 singulorum
945 5131 1205 5186 natalitiis
1233 5131 1416 5186 haberi
1449 5147 1610 5200 posse
1649 5131 1968 5188 defendunt.
1988 5131 2122 5188 Fra-

549 5223 649 5279 tris
681 5223 826 5277 enim
857 5223 1058 5278 caedem
1101 5223 1377 5278 latronum
1395 5239 1558 5278 manu
1587 5223 1853 5291 futuram,
1883 5224 2127 5294 singulo-

551 5327 802 5378 rum,nec
817 5327 926 5368 non
941 5313 1182 5382 parentis
1205 5314 1649 5384 utriusque,'imo
1667 5315 1918 5387 conjugis
1936 5316 2123 5379 etiam,

550 5401 868 5468 liberorum,
902 5402 1254 5471 famulorum,
1291 5421 1355 5460 ac
1378 5406 1834 5474 necessariorum,
1882 5407 2129 5478 adeoque

621 5503 650 5534 ι
675 5492 764 5549 τσ.
785 5495 847 5547 τὸ
876 5511 1056 5566 ποιητ.
1137 5496 1182 5528 ³⁸
1203 5496 1311 5551 lsa.
1332 5513 1519 5564 xxxiv,
1552 5499 1606 5553 4.
1680 5497 1728 5530 ⁸ο
1763 5499 1872 5554 Jer.
1911 5516 1966 5567 ι,
2001 5501 2055 5555 2.

626 5581 737 5652 (52)
768 5585 1242 5661 Παραστῃσάζω.
1274 5585 1447 5661 Quam
1488 5602 1866 5661 argumentum
1899 5592 2000 5647 hoc
2039 5607 2129 5645 ur-

557 5662 698 5722 geat,
743 5670 848 5731 non
899 5658 1092 5731 sentio.
1145 5657 1516 5731 Responderet
1555 5657 1702 5715 enim
1735 5663 2125 5731 genethliacos,

558 5725 873 5804 totumhoc
901 5726 1191 5804 discrimen
1230 5725 1296 5782 civ
1338 5730 1552 5787 diversa
1583 5725 1834 5798 praeteriti
1866 5749 1927 5788 ac
1957 5732 2126 5791 futuri

559 5795 868 5850 conditione
895 5798 1181 5865 petendum
1211 5814 1346 5855 esse.

2222 4584 2330 4637 τῶν
2344 4584 2627 4652 φιλτάτων·
2643 4584 2781 4654 τάχα
2794 4583 2848 4636 δὲ
2865 4583 2957 4637 καὶ
2968 4583 3145 4636 αὐτῶν
3160 4583 3267 4636 τῶν
3280 4579 3763 4657 ἀναιρούντωνηώς

2222 4672 2316 4730 οὖν
2345 4676 2566 4729 δυνατὸν
2595 4674 2686 4728 τὸν
2717 4675 3000 4738 τοσαύταις
3022 4675 3321 4743 γενέσεσιν,
3338 4676 3428 4728 ἵνα
3445 4678 3620 4737 αὐτοῖς
3638 4671 3763 4725 τοῦτο

2227 4770 2572 4840 συγχωρηθῇ,
2607 4769 3059 4840 ἐμπεριεχόμενον
3101 4767 3344 4835 γίνεσθαι
3381 4769 3488 4821 ὑπὸ
3529 4767 3618 4820 τοῦ
3660 4781 3764 4834 σχη-

2229 4861 2501 4932 ματισμοῦ
2529 4861 2638 4914 τῶν
2665 4860 2930 4930 ἀστέρων,
2955 4857 3113 4928 τῆσδε
3142 4858 3340 4929 μᾶλλον
3361 4859 3463 4929 τῆς
3487 4849 3760 4927 γενέσεωςῆ

2225 4954 2426 5019 τώνδε;
2468 4954 2753 5008 Ἀπίθανον
2805 4953 2913 5024 γὰρ
2947 4953 3041 5005 καὶ
3090 4952 3150 5005 τὸ
3193 4952 3423 5021 φάσκειν
3461 4951 3550 5004 τὸν
3583 4962 3761 5018 σημα-

2225 5047 2416 5118 τισμὸν
2445 5047 2535 5100 τὸν
2563 5050 2620 5101 ἐν
2649 5050 2714 5117 τῇ
2746 5047 2851 5118 ἰδίᾳ
2879 5045 3032 5099 τοῦδέ
3082 5062 3225 5108 τινος
3256 5044 3469 5112 γενέσει
3497 5041 3654 5096 ταῦτα
3685 5053 3761 5088 πε·

2226 5140 2533 5210 ποιηκέναι,
2553 5139 2644 5194 τόν
2687 5139 2744 5192 δὲ
2783 5140 2839 5192 ἐν
2869 5141 2933 5210 τῇ
2965 5137 3131 5191 τῶνδε
3155 5136 3364 5206 γενέσει
3393 5135 3466 5206 μὴ
3506 5129 3762 5201 πεποιηκέ-

2227 5249 2336 5296 ναι,
2360 5231 2494 5286 ἀλλὰ
2527 5230 2934 5302 σεσημαγκέναι
2995 5230 3174 5300 μόνον.
3219 5227 3455 5288 Ἠλίθιον
3501 5226 3606 5298 γὰρ
3629 5220 3762 5276 τὸεί-

2228 5328 2371 5391 πεῖν,
2413 5327 2552 5396 ὃτιὴ
2601 5325 2816 5378 πάντων
2862 5322 3074 5392 γένεσις
3137 5325 3377 5394 περιεῖχε
3422 5320 3542 5374 καθ’
3574 5318 3761 5370 Eat-0710‘!

2231 5417 2511 5488 ποιητικὸν
2531 5428 2559 5458 ει
2589 5414 2683 5469 τοῦ
2714 5413 2862 5468 τόνδε
2891 5413 3417 5484 ἀναιρεθῆναι·ὤστε
3447 5413 3504 5465 ἐν
3535 5408 3759 5479 γενέσεσι,

2302 5600 2411 5670 (5⁵)
2459 5596 2837 5666 Ἐμποδίζειν.
2875 5597 3055 5670 Malim
3085 5594 3530 5670 ἐμποδ-ίζειηΝεε
3556 5593 3682 5647 enim
3717 5584 3759 5641 id

2233 5665 2356 5723 ante
2389 5665 2801 5732 demonstravit,
2837 5669 2943 5722 nisi
2978 5665 3129 5722 τοτιε
3148 5667 3266 5720 κατ’
3289 5665 3612 5721 ἀκολουθίαν.

2303 5739 2434 5811 (53')
2458 5738 2851 5809 Είλιγήσεται.
2881 5737 3034 5810 Vulg.
3063 5737 3388 5811 ἑλιγήσεται.
3415 5739 3565 5792 Eutr.
