3864 6386
137 346 206 401 501
1202 334 1541 393 ΡΒΑΞΡΑΒ.
1587 335 1620 391 Ε

1728 335 1838 394 NG.
1881 336 2007 394 LIB.
2050 334 2139 390 Vl.

3196 333 3302 389 503

129 466 217 522 καθ’
264 463 477 517 ὑπόθεσιν
519 459 691 529 λέγω,
758 461 1096 532 πεντήκοντα
1156 458 1507 533 περιέχεσθαι
1555 458 1617 512 τὸ

1728 460 2130 523 interfectorum
2178 457 2420 528 ipsorum
2476 454 2724 512 fortassis
2768 463 2890 510 ortu
2932 454 3304 512 inelusauite-

127 560 233 613 τόνδε
257 555 355 608 τινὰ
382 553 735 624 ἀναιρεθῆναι.
770 554 885 605 Οὐκ
910 549 1026 606 οἶδα
1057 552 1101 605 δ’
1125 553 1272 615 ὅπως
1301 552 1617 623 δυνήσονται

128 651 251 705 sileat
273 646 325 700 τὸ
347 646 441 698 τῶν
465 646 558 715 μὲν
586 646 643 697 ὲν
683 644 912 714 Ἰουδαίᾳ
942 643 1127 713 σχεδὸν
1175 643 1391 697 πάντων
1418 644 1618 698 τοιόνδε

126 739 222 795 εἶναι
242 741 314 793 τὸν
339 738 696 808 σχηματισμὸν
750 736 842 789 ἐπὶ
872 737 972 806 τῆς
1004 736 1292 805 γενέσεως,
1328 736 1403 800 ὡς
1420 737 1617 807 ὀκταήυ

126 851 245 904 μερον
266 832 430 893 αὐτοὺς
448 829 685 898 λαμϐάνε
697 847 744 881 ιν
779 829 1101 900 περιτομὴν,
1134 828 1620 901 ἀκρωτηριαζομέ·

124 943 225 987 μους,
252 923 325 975 καὶ
351 922 657 990 ἑλκομένους
689 920 822 991 (54).
879 922 973 973 καὶ
1003 921 1279 992 φλεγμονῇ
1328 938 1620 992 περιπεσο-

122 1014 278 1082 μένους,
306 1012 383 1063 καὶ
408 1010 698 1079 τραύμασι,
746 1010 839 1063 καὶ¹
872 1012 985 1081 ἆμα
1014 1014 1077 1082 τῇ
1105 1014 1185 1074 είς
1238 1012 1329 1063 τὸν
1370 1012 1484 1081 βίον
1505 1015 1619 1065 εἰσ-

120 1104 372 1173 δὸῳὶατρῶν
410 1104 710 1173 δεομένους
746 1104 852 1156 τῶν
894 1104 948 1156 δὲ
1002 1106 1060 1156 ἐν
1106 1105 1475 1175 Ἰσμαηλίταις
1507 1108 1621 1169 τοῖς

119 1197 217 1248 κατὰ
244 1195 322 1265 τὴν
352 1195 615 1265 Ἀραϐίαν,
676 1195 899 1257 τοιόνδε,
927 1196 1001 1258 ὡς
1061 1195 1268 1259 πάντας
1300 1196 1619 1267 περιτέμνε-

122 1288 205 1339 σθαι
226 1285 702 1357 τρισκαιδεκαετεῖςσ
738 1286 896 1338 τοῦτο
925 1286 1032 1356 γὰρ
1068 1286 1345 1356 ἱστόρηται
1378 1288 1503 1357 περὶ
1527 1288 1622 1339 αὑ-

118 1379 206 1431 τῶν.
233 1378 490 1431 Καὶπάλιν
546 1379 714 1431 τῶνδέ
762 1398 922 1433 τινων
966 1380 1073 1432 τῶν
1114 1382 1172 1432 ὲν
1202 1380 1414 1450 Αἰθίοψι
1448 1383 1620 1434 τοῖσδε

119 1472 185 1535 τὰς
204 1472 370 1540 κόγχας
414 1470 517 1524 τῶν
578 1472 822 1539 γονάτων
879 1473 1319 1543 περιαιρεῖσθαι,
1371 1474 1464 1526 καὶ
1513 1473 1619 1526 τῶν

126 1560 366 1629 Ἀμαζόνων
414 1563 535 1624 τοὺς
570 1563 792 1633 ἑτέρους
853 1563 961 1615 τῶν
1030 1564 1271 1633 μαστῶν.
1327 1563 1451 1626 ΙῘῶς
1507 1563 1615 1635 γὰρ

118 1655 238 1709 ταῦτα
262 1656 480 1708 ποιοῦσιν
507 1658 557 1709 oi
594 1656 823 1727 ἀστέρες
882 1656 1057 1708 τοῖσδε
1104 1659 1216 1719 τοῖς
1246 1656 1486 1719 ἕθνεσινς
1521 1652 1616 1708 Οἶ-

118 1764 213 1815 μαι,
238 1747 603 1815 ὁτιὲπιστῆσαι
644 1746 741 1815 μὲν
782 1744 891 1815 (.35)
938 1744 1057 1797 οὐδὲ
1096 1744 1256 1814 μέχρι
1298 1743 1391 1795 τοῦ
1423 1744 1616 1813 στῆσαι

114 1838 379 1907 δυνησόμεθά
404 1856 453 1891 τι
478 1838 680 1908 ἀληθὲς
705 1839 875 1891 εἰπεῖν
924 1839 1052 1909 περὶ
1108 1836 1308 1890 αὐτῶν.
1340 1836 1620 1890 Τοσούτων

114 1925 151 1977 δὲ
190 1928 454 1995 φερομένων
495 1927 633 1979 ὁδῶν
712 1927 1151 1998 προγνωστικῶν,
1202 1928 1301 1980 οὐκ
1349 1922 1443 1980 οἷδ’
1473 1928 1621 1990 ὅπως

114 2017 333 2081 ἐξώκειλαν
366 2020 409 2071 οἱ
440 2019 719 2090 ἄνθρωποι
771 2020 859 2073 ἐπὶ
915 2019 976 2071 τὸ
1009 2019 1105 2089 τὴν
1136 2019 1233 2090 μὲν
1277 2020 1621 2089 οἱωνιστικὴν

115 2111 273 2180 victv
290 2112 493 2182 θυτικὴν
530 2112 609 2183 μὴ
657 2112 835 2179 λέγειν
889 2112 1164 2183 περιέχειν
1220 2112 1281 2165 τὸ
1316 2110 1502 2166 ποιοῦν
1532 2110 1619 2165 αἴ-

113 2218 204 2265 τιον,
230 2203 337 2256 ἀλλὰ
376 2205 657 2273 σημαίνειν
691 2204 870 2274 μόνον,
926 2205 1020 2257 καὶ
1070 2205 1167 2275 τὴν
1226 2205 1619 2275 ἀστεροσκοπι-

114 2297 183 2364 κήν
202 2294 304 2362 (56)·
324 2296 413 2348 οὐκ
436 2296 514 2348 ἐτι
546 2294 607 2348 δὲ
625 2296 724 2365 τὴν
742 2295 1239 2367 γενεθλιαλογικήν.
1274 2297 1335 2349 El
1361 2295 1470 2367 γὰρ
1499 2297 1621 2348 ἐπι-

112 2384 357 2450 γινώσκεται
403 2388 511 2457 (ἵνα
558 2388 657 2440 καὶ
706 2387 1061 2458 χαρισώμεθα
1107 2388 1168 2441 τὸ
1206 2386 1619 2457 γινώσκεσθαι),

113 2479 258 2543 γίνεται
278 2480 323 2531 δὲ
341 2480 540 2532 ἐκεῖθεν
564 2480 690 2533 ὅθεν
715 2482 746 2550 ἡ
772 2480 973 2548 γνῶσις
997 2480 1353 2552 λαμϐάνεται,
1390 2480 1441 2533 τί
1484 2480 1622 2552 μᾶλ-

113 2567 172 2619 λον
198 2570 281 2621 ἀπὸ
299 2570 395 2621 τῶν
416 2572 669 2642 ἀστέρων
696 2571 728 2641 ἢ
761 2571 868 2624 ἀπὸ
897 2571 1006 2625 τῶν
1038 2573 1241 2625 οἰωνῶν
1274 2574 1427 2627 ἔσται
1453 2575 1522 2626 τὰ
1546 2592 1622 2643 γι-

111 2658 278 2726 νομενας
302 2664 382 2713 καὶ
418 2662 621 2733 μᾶλλον
660 2675 685 2703 ι
738 2665 845 2717 ἀπὸ
884 2665 994 2717 τῶν
1047 2665 1251 2718 οίωνῶν
1283 2667 1315 2738 ἢ
1369 2667 1477 2721 ἀπὸ
1510 2668 1618 2721 τῶν

113 2748 359 2818 σπλάγχνων
405 2752 511 2805 τῶν
567 2753 869 2826 θυομένων,
904 2756 937 2826 ἦ
976 2756 1082 2809 ἀπὸ
1140 2757 1249 2811 τῶν
1289 2757 1615 2829 διᾳττόντων

110 2855 287 2910 αττερων
309 2860 321 2907 ;

1726 554 1841 606 neri
1874 561 2085 622 putant.
2116 549 2585 617 Quemadmodum
2615 547 2776 619 293
2807 563 2938 618 ergo
2958 548 3072 602 fieri
3101 556 3301 617 potest,

1721 655 1780 701 ut
1813 648 1905 716 qui
1948 655 2028 701 tot
2059 647 2291 700 aliorum
2321 644 2534 709 (demus
2559 645 2704 698 enim
2738 642 3094 715 hocinterim)
3116 642 3303 699 natali-

1722 739 2148 803 tiisiuvolvitur,
2172 738 2311 792 idem
2344 746 2619 792 astrorum
2645 736 2773 791 huic
2804 733 3307 806 potiusgeneratio-

1723 834 1776 887 ni
1802 847 1967 902 quam
2014 831 2225 886 czeteris
2255 830 2664 899 praesidentium
2691 828 2948 899 positioni
2982 828 3308 883 addicatur?

1722 922 2195 992 lneredibiltﬁeuim
2218 920 2687 989 est,positionem,
2707 936 2827 993 quae
2859 920 3122 990 singulari
3140 921 3306 974 unius

1722 1015 2008 1083 cujusdam
2046 1014 2189 1067 ortui
2214 1012 2511 1082 praefuerit,
2540 1010 2855 1081 huiusmodi
2877 1010 3056 1065 exitus
3082 1025 3306 1065 causam

1722 1105 1928 1161 fuisse:
1972 1114 2429 1174 quaecaaterorum
2480 1105 2533 1158 in
2590 1103 2852 1157 nataiitiis
2881 1102 3304 1166 exstiterit,uon

1721 1198 1911 1264 fuisse,
1953 1199 2047 1254 sed
2078 1198 2195 1267 ejus
2225 1200 2389 1254 modo
2428 1198 2886 1269 significationem
2937 1198 3177 1268 aliquam
3211 1197 3307 1253 de-

1720 1293 1887 1348 disse.
1918 1289 2028 1346 Nec
2057 1293 2247 1347 minus
2294 1291 2561 1346 insulsum
2595 1288 2778 1353 fuerit,
2812 1289 3069 1344 omnibus
3098 1304 3162 1343 ac
3193 1290 3306 1342 siu-

1722 1386 1864 1455 gulis
1880 1385 2117 1453 plurium
2150 1386 2378 1441 istorum
2404 1383 2667 1436 natalitiis
2693 1382 2926 1436 hominis
2946 1383 3108 1436 unius
3141 1383 3307 1437 caedis

1724 1490 1947 1530 causam
1995 1476 2273 1529 includere
2309 1490 2322 1526 :
2373 1472 2529 1543 quasi
2570 1470 3013 1541 generationibus
3044 1486 3107 1525 ex
3139 1470 3308 1541 hypo-

1725 1567 1866 1622 thesi
1916 1566 2351 1637 quinquaginta,
2418 1564 2549 1619 certi
2609 1564 2771 1618 unius
2820 1562 3059 1617 hominis
3104 1564 3307 1617 occisio

1724 1661 2118 1731 comprehensa
2142 1669 2435 1714 teneretur.
2462 1657 2579 1712 Jam
2613 1657 2908 1727 intelligere
2932 1656 3174 1726 profecto
3200 1674 3305 1711 non

1728 1769 1974 1824 possum,
2003 1754 2096 1823 qui
2146 1752 2361 1807 tandem
2389 1750 2610 1805 Judmos
2634 1763 2827 1804 omnes
2853 1764 2917 1802 ea
2947 1749 3098 1803 nasci
3130 1757 3308 1802 astro-

1654 1823 1693 1875 B
1727 1823 1845 1897 rum
1878 1843 2149 1913 positione
2203 1841 2512 1903 defendent,
2551 1848 2609 1893 ut
2657 1848 2849 1892 octavo
2878 1838 2964 1892 die
2991 1838 3308 1893 circumcidi

1729 1943 1956 1990 cunctos
1989 1941 2255 2003 oporteat.
2279 1934 2462 2003 itaque
2509 1946 2725 1986 summa
2756 1942 2880 1985 cute
2916 1932 3176 1995 truncari,
3198 1940 3311 1985 tor-

1727 2027 1906 2097 queri,
1948 2025 2157 2081 ardenti
2186 2035 2397 2080 tumore
2427 2022 2776 2089 inflammari,
2808 2022 3037 2077 lacerari
3075 2023 3310 2077 vulneri-

1727 2118 1851 2182 bus,
1877 2127 2153 2188 postremo
2184 2118 2273 2171 vix
2312 2127 2466 2171 natos
2513 2115 2846 2171 medicorum
2879 2125 2993 2170 arte
3021 2132 3085 2172 ac
3129 2117 3309 2171 mani-

1727 2210 1831 2265 bus
1880 2210 2142 2280 indigere.
2178 2207 2483 2263 lsmaelitas
2534 2216 2726 2262 contra
2758 2223 2873 2274 eos,
2923 2209 3015 2278 qui
3051 2208 3309 2263 Arabiam

1730 2310 1932 2365 tenent,
1968 2318 2033 2356 eo
2060 2300 2163 2355 situ
2187 2301 2240 2354 in
2262 2300 2437 2353 lucem
2470 2301 2579 2363 edi,
2615 2310 2886 2356 utomnes
2915 2302 3061 2356 circa
3101 2317 3308 2355 annum

1724 2393 1997 2447 decimum
2035 2393 2253 2446 tertium
2295 2391 2613 2447 circumcidi
2659 2407 2883 2448 necesse
2929 2391 3131 2474 situld
3164 2393 3309 2447 enim

1726 2484 1830 2538 hoc
1870 2483 1937 2539 de
1966 2483 2251 2539 hominum
2310 2498 2507 2553 genere
2556 2494 3015 2539 commemorant.
3041 2484 3310 2539 Praeterea

1725 2576 1817 2644 qui
1883 2575 2013 2638 fiat,
2074 2582 2134 2629 ut
2200 2575 2363 2629 certis
2424 2574 2754 2643 quibusdam
2807 2576 2949 2646 apud
3016 2576 3311 2633 nonnullos

1727 2666 2021 2735 Ethiopire
2082 2666 2308 2736 populos
2362 2682 2601 2736 genuum
2652 2667 2885 2736 patellae,
2940 2668 3311 2723 Amazonibus

1725 2774 2084 2813 mammarum
2111 2759 2275 2811 altera
2306 2767 2602 2814 resecetur.
2627 2758 2912 2824 Quomodo
2934 2760 3081 2814 enim
3112 2760 3312 2817 similia

1722 2849 1885 2903 certis
1909 2848 2175 2903 duntaxat
2223 2848 2275 2902 in
2324 2849 2601 2919 gentibus,
2658 2851 2901 2906 siderum
2944 2852 3029 2905 vis
3071 2851 3313 2918 efﬁciat?

110 2929 304 3000 Equidem
332 2937 403 2991 sic
426 2939 708 3006 existimo,
730 2942 841 2994 veri
874 2941 1008 2995 nihil
1058 2943 1162 2996 hoc
1204 2943 1256 2996 in
1290 2959 1505 3014 genere,
1543 2945 1594 2997 in
1635 2959 1744 3011 quo
1777 2942 1858 2997 vel
1889 2942 2079 2996 leviter
2130 2943 2335 2996 haerere
2378 2942 2556 3008 liceat,
2612 2944 2909 3013 excogitari
2934 2959 2965 2998 a
2990 2944 3152 2999 nobis
3220 2961 3311 2999 as-

110 3026 267 3093 serique
290 3044 452 3096 posse.
510 3029 807 3096 Caeterum,
858 3049 981 3087 cum
1036 3043 1141 3086 tam
1204 3036 1387 3090 multa:
1423 3035 1796 3105 przenoseeudi
1838 3016 2009 3087 artes
2048 3031 2526 3100 circumferantur,
2579 3050 2687 3088 non
2738 3034 2919 3099 video,
2951 3036 3311 3101 quamobrem

110 3116 201 3169 inid
234 3122 551 3185 potissimum
610 3123 863 3178 homines
896 3126 1251 3195 impegerint,
1302 3138 1361 3181 ut
1389 3126 1635 3197 augurali
1676 3134 1729 3179 et
1758 3123 2121 3192 haruspicinae
2171 3122 2441 3178 elliciendi
2484 3125 2593 3178 vim
2658 3133 2938 3195 negarent,
2970 3125 3309 3197 significandi

108 3217 259 3263 tantum
284 3215 652 3280 concederent,
682 3217 822 3271 idem
856 3225 1037 3272 tamen
1098 3219 1165 3274 de
1212 3236 1298 3283 ea,
1347 3220 1539 3290 quazin
1589 3219 1868 3273 stellarum
1902 3226 1955 3271 et
2011 3216 2380 3270 natalitiorum
2418 3217 2858 3274 consideratione
2882 3225 3149 3286 versatur,
3199 3235 3311 3275 non

109 3306 299 3359 sentiant.
328 3306 452 3362 Nam
481 3310 527 3365 si
584 3313 843 3381 cognosci
879 3311 1061 3367 futura
1087 3323 1316 3383 possunt
1358 3316 1485 3384 (hoc
1524 3311 1671 3368 enim
1713 3316 1766 3367 in
1809 3314 2096 3383 praesentia
2146 3312 2360 3383 demus)
2412 3313 2665 3384 idemque
2706 3314 3035 3385 cognitionis
3089 3316 3307 3370 illorum

108 3400 550 3477 esteffeclionisque
583 3408 914 3478 principium
949 3427 963 3476 ;
1027 3427 1126 3466 cur
1178 3412 1232 3465 in
1282 3412 1465 3467 stellas
1493 3414 1676 3482 potius
1714 3427 1878 3481 quam
1903 3411 1957 3464 in
1982 3424 2132 3476 ares,
2174 3424 2366 3465 eorum
2402 3425 2524 3479 quae
2554 3410 2693 3464 fiunt
2730 3426 2917 3478 causa,
2949 3409 3313 3468 conferatur?

108 3494 165 3544 vel
181 3511 255 3547 cur
277 3500 450 3555 avibus
474 3504 668 3557 eadem
699 3506 900 3572 potius,
934 3522 1098 3575 quam
1134 3519 1227 3560 aut
1267 3509 1614 3564 victimarum
1654 3510 1817 3573 extis,
1847 3516 1941 3561 aut
1965 3506 2401 3561 discurrentibus
2425 3506 2640 3576 ignibus
2662 3507 3015 3577 assignetur?

159 3604 173 3633 ι
205 3587 357 3643 Ταῦτα
402 3594 498 3662 μὲν
538 3591 633 3647 οὖν
679 3597 770 3649 ἐπὶ
804 3597 894 3649 τοῦ
956 3598 1220 3669 παρόντος
1261 3600 1483 3671 ἀρκέσει
1540 3602 1619 3663 εἰς
1648 3608 1691 3666 C

108 3676 323 3747 ἀναίρεσιν
363 3683 452 3735 τοῦ
499 3688 822 3755 ποιητικοὺς
858 3682 998 3740 εἶναι
1035 3689 1161 3751 τοὺς
1225 3690 1459 3760 ἀστέρας
1509 3690 1618 3743 τῶν

108 3768 407 3839 ἀνθρωπίνων.
461 3779 641 3849 Ὅπερ
698 3778 755 3830 δὲ
808 3782 1309 3853 συγκεχωρήκαμεν
1371 3786 1467 3855 (οὐ
1512 3786 1621 3858 γὰρ

107 3859 248 3915 ὲλῦπει
270 3867 348 3919 τὸν
378 3867 576 3937 λόγον),
617 3871 694 3935 ὡς
720 3872 825 3924 τῶν
856 3872 1161 3943 ἀνθρώπων
1187 3876 1498 3945 δυναμένων
1524 3896 1621 3930 κα-

108 3956 546 4027 ταλαςιδανειντοὺς
603 3966 885 4036 οὐρανίους
950 3970 1383 4041 σχηματισμοὺς,
1428 3972 1520 4024 καὶ
1553 3971 1620 4023 τὰ

110 4053 272 4115 σημεῖα,
304 4058 387 4107 καὶ
415 4049 486 4107 ὧν
522 4060 642 4109 ἐστι
676 4062 895 4127 σημεῖα,
931 4061 1090 4113 τοῦτο
1130 4061 1259 4133 φέρε
1290 4061 1383 4114 νῦν
1437 4062 1621 4128 ἐξετά-

109 4153 242 4208 σωμεν
266 4146 305 4196 εἰ
334 4146 519 4214 ἀληθές
539 4150 683 4201 ἐστι.
712 4151 848 4203 Φασὶ
880 4153 1058 4204 τοίνυν
1085 4156 1131 4206 oi
1168 4155 1294 4223 περὶ
1320 4155 1491 4207 ταῦτα
1519 4155 1623 4207 δει-

108 4230 176 4291 νοὶ,
199 4233 271 4285 τὸν
295 4237 541 4305 μέλλοντα
568 4241 641 4293 τὰ
676 4243 816 4295 κατὰ
858 4244 954 4314 τὴν
988 4246 1456 4317 γενεθλιαλογικὴν
1488 4247 1619 4319 ἀλη-

109 4318 184 4384 θῶς
217 4329 651 4401 καταλαμϐάνειν,
706 4335 903 4389 εἰδέναι
936 4338 995 4389 οὐ
1035 4339 1191 4407 μόνον
1236 4340 1298 4391 τὸ
1355 4339 1493 4392 κατά
1526 4341 1620 4393 πό-

111 4428 196 4465 στον
222 4418 726 4496 ὕδωδεκατημορίου
785 4429 929 4481 ἐστὶν
970 4432 998 4482 ὁ
1048 4431 1379 4503 καλούμενος
1424 4433 1618 4504 ἀστὴρ.

222 4513 298 4564 καὶ
324 4518 457 4569 κατὰ
491 4520 653 4582 ποίας
686 4522 879 4592 μοίρας
898 4523 992 4575 τοῦ
1013 4523 1287 4595 δωδεκατη
1299 4527 1507 4597 μορίων
1530 4526 1620 4580 καὶ

110 4601 209 4651 κατὰ
229 4606 358 4659 ποίου
380 4610 694 4679 ἑξηκοστοῦ.
729 4614 791 4664 Οἱ
825 4613 879 4665 δὲ
921 4615 1322 4689 ἀκριϐέστεροι,
1356 4618 1449 4672 καὶ
1480 4619 1620 4671 κατὰ

111 4690 220 4745 mis-2i
243 4697 510 4767 ἑξηκοστοῦ
545 4702 641 4755 τοῦ
663 4703 979 4774 ἑξηκοστοῦ,
1030 4707 1124 4758 καὶ
1167 4708 1323 4761 τοῦτό
1358 4727 1487 4777 φασι
1512 4710 1621 4762 δεῖν

113 4788 235 4836 ποιεῖν
282 4790 357 4859 ἐφ’
390 4793 618 4846 ἑκάστου
680 4795 788 4850 τῶν
844 4796 1240 4866 πλανωμένων,
1302 4798 1620 4865 ἐξετάζοντα

109 4871 177 4941 τὴν
202 4881 351 4947 τλέειν
379 4884 472 4955 τὴν
505 4887 641 4958 πρὸς
665 4888 790 4950 τοὺς
817 4889 1095 4952 ἀπλανεῖς.
1125 4891 1292 4944 Πάλιν
1316 4889 1379 4945 αὖ
1412 4894 1504 4946 ἐπὶ
1524 4892 1618 4946 τοῦ

1800 3616 1817 3645 σ
1864 3596 2138 3651 Hactenus
2170 3596 2388 3666 quidem
2420 3613 2448 3649 a
2480 3598 2659 3661 nobis,
2702 3608 2967 3668 quantum
3020 3600 3107 3655 hic
3157 3600 3309 3655 locus

1724 3689 2055 3759 postulabat,
2087 3688 2367 3743 confutata
2411 3689 2499 3743 illa
2534 3690 2801 3744 sententia
2834 3698 2938 3755 est,
2972 3707 3092 3761 quie
3125 3708 3310 3746 rerum

1723 3781 2088 3835 humanarum
2119 3780 2457 3836 eﬂectionem
2478 3798 2505 3835 a
2529 3782 2799 3836 sideribus
2831 3781 3065 3852 pendere
3102 3792 3309 3839 statue-

1722 3874 1834 3928 bat.
1869 3870 2024 3937 Quod
2058 3886 2236 3928 autem
2285 3874 2453 3945 paulo
2488 3886 2635 3938 ante,
2691 3891 2816 3931 cum
2870 3877 3003 3930 nihil
3046 3887 3311 3947 suscepta:

1720 3967 2074 4036 disputationi
2094 3966 2351 4033 olliceret,
2385 3967 2529 4021 ultro
2554 3969 2945 4031 concessimus,
2979 3970 3230 4025 caelestes
3254 3970 3313 4027 ει-

1723 4061 1802 4114 las
1819 4060 2137 4129 positiones,
2162 4059 2339 4130 signa,
2370 4075 2716 4130 quorumque
2742 4060 2894 4130 signa
2925 4059 3014 4115 illa
3053 4063 3305 4116 sintom-

1725 4157 1834 4218 nia,
1863 4154 2133 4209 facultatis
2163 4154 2414 4209 humana:
2436 4154 2646 4208 viribus
2669 4153 2892 4224 intelligi
2911 4152 3075 4226 294
3102 4172 3260 4224 posse
3290 4172 3303 4207 :

1726 4248 1777 4301 id
1806 4260 2066 4300 verumne
2088 4244 2180 4308 sit,
2214 4260 2361 4299 nunc
2408 4245 2628 4298 demum
2666 4245 3307 4316 exquiramuspritmtm

1725 4339 1889 4409 igitur
1920 4338 2052 4392 artis
2078 4337 2241 4407 hujus
2272 4336 2519 4406 magistri
2557 4337 2774 4402 docent,
2798 4338 2889 4407 qui
2921 4339 2989 4391 ad
3022 4353 3202 4393 veram
3245 4355 3310 4394 ac

1725 4430 2018 4501 perfectam
2049 4445 2228 4482 rerum
2260 4428 2722 4498 genethliaearum
2759 4430 3127 4499 cognitionem
3161 4433 3309 4500 aspi-

1724 4532 1825 4587 ret,
1860 4522 2149 4577 tenendum
2185 4522 2311 4576 huic
2334 4538 2453 4577 esse
2480 4537 2585 4576 non
2617 4522 2778 4575 modo
2802 4539 3038 4591 quanam
3074 4525 3124 4577 in
3157 4534 3309 4593 parte

1724 4613 2066 4673 duodecima,
2096 4612 2368 4667 sedetiam
2410 4628 2646 4681 quanam
2696 4614 2745 4665 in
2795 4613 2939 4668 illius
2970 4614 3308 4669 duodecima:

1724 4704 2008 4773 particula,
2048 4703 2155 4757 imo
2182 4718 2352 4770 ecqua
2394 4704 2608 4756 tandem
2642 4704 2692 4756 in
2736 4704 3071 4776 sexagesima
3120 4721 3307 4759 verse-

1726 4803 1814 4849 tur
1831 4804 2060 4849 astrum.
2096 4794 2315 4848 Addunt
2348 4810 2497 4861 vero,
2532 4795 2624 4864 qui
2664 4810 2773 4847 rem
2800 4795 3109 4863 expendunt
3146 4812 3309 4851 accu-

1728 4887 1916 4952 ratius,
1948 4902 2184 4956 quanam
2240 4886 2291 4939 in
2343 4886 2489 4941 illius
2548 4887 2899 4958 sexagesima:
2945 4888 3306 4957 sexagesima.

110 4961 357 5025 ἅιατολικοῦ
382 4977 649 5047 ὁρίζοντος
683 4978 883 5050 δεήσει,
911 4980 1093 5049 φασὶν,
1133 4982 1259 5035 ἰδεῖν
1286 4984 1344 5035 οὐ
1378 4984 1536 5054 μόνον
1561 4984 1620 5037 τὸ

1728 4978 1881 5045 Quod
1911 4979 2054 5033 idem
2094 4979 2195 5048 ipsi
2231 4980 2533 5033 errantium
2584 4979 2635 5031 in
2686 4980 2922 5033 siderum
2957 4980 3196 5049 quolibet
3225 4978 3309 5034 fa.

112 5053 505 5137 ἂιίιεκατημόριον
540 5072 691 5121 ποῖον
737 5065 804 5141 ἦν
864 5073 949 5123 ἐπ’
977 5072 1162 5137 αὑτοῦ,
1196 5072 1329 5126 ἀλλά
1388 5076 1479 5128 καὶ¹
1523 5075 1621 5146 τὴν

116 5151 274 5239 Ρξθῖραν,
302 5160 383 5209 καὶ
410 5160 466 5211 τὸ
498 5162 789 5231 ἑξηκοστὸν
838 5164 937 5233 τῆς
993 5164 1206 5236 μοίρας,
1242 5167 1303 5219 τὸ
1336 5166 1551 5239 πρῶτον
1586 5166 1619 5238 ἢ

112 5236 157 5290 τὸ
178 5240 386 5317 δεύτερον
424 5252 735 5323 ἑξηκοστόν.
770 5254 894 5318 Πῶς
926 5255 1127 5319 τοίνυν,
1158 5257 1258 5326 τῆς
1299 5256 1446 5331 ὧρας
1481 5259 1620 5313 πλα-

166 5382 185 5410 ι
210 5374 278 5430 lc.
303 5378 386 5431 καὶ
409 5383 459 5434 τί
489 5384 615 5453 μάλ.
702 5384 728 5423 ι)
754 5386 838 5436 ἵσ.
873 5387 1046 5439 ποίου.

169 5507 252 5592 (ξά)
288 5514 692 5587 Ἐλκομένους.
736 5520 1163 5590 Ἑλκουμένους,
1217 5522 1445 5592 opinor,
1490 5539 1617 5579 vera

122 5572 246 5663 {fctio
278 5597 349 5663 est
364 5628 377 5649 ,
403 5572 564 5663 quam
593 5572 759 5644 etiam
788 5572 896 5645 em
908 5572 1616 5663 έιιυνεοτῖῥιίεῖιῖοἶίἔρρε-ἒξ

122 5658 447 5732 "‘fﬁligglcus
480 5660 623 5732 enim
670 5677 736 5716 ex
789 5658 1213 5732 circumcisione
1264 5658 1615 5732 sequebatur.

173 5717 256 5789 (55)
291 5726 621 5796 'Emo'tﬁaat
662 5732 799 5800 μέν.
857 5731 980 5786 Haec
1029 5732 1137 5787 duo
1181 5717 1355 5788 verba.
1389 5717 1621 5789 libenter

125 5799 405 5856 expunxerim
432 5839 446 5865 ,
481 5816 599 5870 qure
647 5799 891 5874 profecto
939 5818 1205 5872 sensum,
1254 5806 1463 5876 absque
1494 5807 1619 5876 illis

1725 5072 1975 5125 ciendum
2015 5086 2137 5126 esse
2172 5071 2511 5141 prarcipiunt,
2540 5079 2782 5124 mutuam
2818 5070 3156 5139 singulorum
3181 5088 3306 5127 eum

1727 5161 1817 5225 iis,
1849 5176 1969 5229 qua:
2001 5162 2105 5214 lixa
2144 5170 2358 5222 vocant,
2397 5160 2861 5228 comparationem
2896 5174 2961 5214 ac
3000 5171 3307 5230 respectum

1727 5254 2065 5325 vestigando.
2099 5252 2303 5308 Deinde
2336 5255 2388 5307 in
2446 5254 2563 5323 ipso
2594 5268 2814 5323 quoque
2876 5253 3128 5309 orientali
3160 5254 3306 5309 hori-

1726 5524 1928 5594 oplime
1956 5525 2343 5594 cohaerentem,
2378 5522 2760 5578 interturbant.

1802 5595 1914 5717 (562
1964 5596 2069 5647 Καὶ
2120 5593 2234 5659 τὴν
2270 5596 2671 5660 ἁστεροσκοπ.
2724 5594 3011 5651 Manifesta
3057 5598 3308 5667 trajectio

1802 5678 1836 5717 ι.
1910 5666 2197 5717 h-tzendutu
2231 5679 2361 5717 ergo
2383 5705 2396 5717 .
2440 5665 2540 5716 οὐκ
2580 5665 2658 5716 ἔτι
2691 5665 2747 5717 δὲ
2778 5668 2879 5717 τὴν
2913 5670 3308 5717 ἀστεοοσκοπι-

1729 5665 1836 5745 est.
1888 5665 2197 5745 cheudutu
2231 5679 2396 5745 ergo:
2440 5665 2540 5745 οὐκ
2580 5665 2747 5745 ἔτιδὲ
2778 5668 2879 5745 τὴν
2913 5665 3309 5739 ἀστεροσκοπι-

1732 5738 1869 5809 κὴν,
1922 5734 2015 5788 καὶ
2060 5735 2157 5809 τὴν
2202 5734 2570 5809 γενε.ολιοιλογΓ
2625 5734 2905 5809 Ηίογεηίιη
2948 5734 3136 5796 eadem
3191 5752 3305 5809 est,

1730 5803 2187 5879 ἀστεροσκοπική,
2225 5816 2277 5861 et
2304 5803 2770 5885 γενεθλιαλοτικῄ.
