3864 6386
557 308 660 365 505

1228 310 1501 367 EUSEBII
1534 309 2014 367 CxESARlENSlS
2054 308 2203 363 OPP.
2249 309 2432 366 PARS
2474 309 2537 365 ll.
2580 340 2649 350 -—
2685 308 3190 366 APOLOGETICA.
3682 317 3758 369 501

558 432 862 490 zonte,non
898 424 1192 481 videndum
1252 441 1375 481 esse
1427 427 1611 487 modo,
1645 440 1895 495 quaenam
1928 426 2134 481 duode-

2242 430 2325 479 τεί
2348 428 2488 497 λόγῳ
2510 428 2684 498 ἥμισυ
2715 427 3187 500 δωδεκατημορίου
3235 427 3597 499 περιεχούσης,
3636 431 3761 485 δύνα-

558 519 699 570 cima
728 532 854 586 pars
879 516 934 572 in
967 533 1094 573 eum
1118 519 1329 582 subeat,
1359 518 1453 573 sed
1485 518 1647 573 etiam
1700 533 1949 588 quaenam
1991 519 2136 573 illius

557 606 894 664 duodecimae
936 610 1223 678 particula,
1280 625 1510 679 quaeque
1568 610 1745 679 hujus
1776 611 2134 681 sexagesima,

556 698 806 766 primane
858 716 928 755 an
974 702 1235 756 secunda.
1294 699 1767 768 Quemadmodum
1835 718 1965 772 ergo
2019 703 2136 757 ﬁeri

560 790 751 858 possit,
782 802 842 846 ut
871 809 995 847 cum
1024 794 1179 859 hora,
1213 794 1257 849 si
1292 795 1453 850 latius
1489 811 1603 850 rem
1634 797 1894 863 azstimes,
1926 796 2136 851 duode-

560 882 715 936 cimae
738 883 907 951 partis
964 884 1246 939 dimidium
1288 886 1703 955 complectatur,
1739 888 2135 957 sexagesimam

560 972 609 1027 is
644 981 845 1040 teneat,
878 976 971 1044 qui
1008 976 1270 1031 horarum
1321 976 1609 1034 divisionis
1662 979 1969 1050 analogiam
2024 995 2133 1034 non

563 1064 769 1116 teneat?
802 1063 1045 1135 Exempli
1081 1068 1275 1137 gratia,
1318 1084 1480 1124 nosse
1531 1070 1623 1139 qui
1656 1070 1870 1139 poterit,
1926 1083 2134 1126 certum

560 1151 1023 1221 hunchominem,
1077 1157 1208 1211 hora
1260 1168 1476 1227 quarta,
1526 1169 1677 1228 parte
1719 1160 1864 1215 horae
1890 1161 2133 1227 dimidia,

560 1252 771 1312 quarta,
798 1255 1009 1309 octava,
1038 1248 1247 1301 decima
1280 1257 1452 1310 sexta,
1495 1251 1732 1305 secunda
1775 1262 1828 1305 et
1861 1252 2136 1321 trigesima

557 1344 746 1388 natum
775 1352 895 1391 esse
920 1337 942 1389 ?
969 1336 1103 1391 Nam
1133 1350 1352 1409 propter
1380 1341 1549 1406 horre,
1573 1357 1680 1395 non
1705 1342 1927 1412 integra:
1952 1344 2133 1407 modo,

556 1428 649 1482 sed
688 1430 850 1483 etiam
882 1431 1115 1486 definita:
1141 1432 1304 1501 hujus
1354 1443 1623 1504 certatque
1661 1437 1937 1505 particulae
1979 1436 2134 1506 igno-

558 1520 849 1587 rationem,
884 1522 1179 1591 plurimum
1227 1539 1371 1593 szepc
1396 1526 1608 1590 volunt,
1651 1526 1704 1579 in
1729 1541 1790 1581 ea
1822 1543 1943 1595 quae
1967 1527 2133 1597 signi-

560 1615 813 1677 licantur,
854 1614 1135 1668 varietatis
1168 1615 1427 1670 incidere.
1462 1616 1592 1670 Etiu
1628 1618 1860 1688 geminis
1892 1620 2132 1689 quidem,

558 1714 614 1757 ut
636 1703 857 1759 alterius
884 1715 1038 1761 ortus
1065 1707 1132 1760 ab
1166 1708 1355 1775 altero,
1374 1720 1650 1764 momento
1689 1726 1830 1780 smpe
1859 1728 1969 1766 uno
1998 1728 2135 1781 pun-

556 1804 750 1864 ctoque
782 1798 1041 1865 temporis
1071 1798 1381 1866 dirimatur,
1411 1802 1593 1856 multa}
1634 1810 1811 1858 tamen
1845 1814 2141 1859 occurrunt
2172 1782 2212 1836 Β

556 1893 665 1937 tam
691 1900 918 1939 casuum
949 1901 1115 1955 quam
1140 1904 1321 1942 rerum
1343 1892 1795 1962 negotiorumque
1825 1894 2136 1958 varietates,

556 1976 775 2044 partim,
821 1988 879 2031 ut
908 1978 1006 2047 ipsi
1041 1979 1219 2043 aiunt,
1289 1982 1434 2050 quod
1497 1983 2047 2040 stellarumdiversus
2085 1986 2137 2040 in

556 2076 785 2136 utroque
809 2077 1090 2137 respectus
1118 2068 1299 2133 fuerit,
1324 2072 1519 2141 partim
1542 2074 1689 2144 quod
1720 2074 1900 2131 minus
1933 2086 2136 2131 certam

557 2160 726 2223 illam,
757 2176 878 2230 qua:
896 2162 948 2215 in
968 2163 1305 2217 horizontem
1351 2166 1578 2233 subiret,
1608 2170 1776 2237 partis
1829 2170 1969 2239 signi
2001 2171 2137 2225 duo-

554 2253 777 2307 decima
805 2253 1127 2321 particulam
1150 2255 1186 2308 ii
1209 2257 1502 2321 tenuerint,
1534 2260 1628 2328 qui
1657 2260 1990 2329 exploratam
2016 2278 2136 2317 sese

556 2345 747 2397 horam
775 2343 1033 2399 habuisse
1065 2355 1405 2415 putaverant.
1437 2347 1571 2403 Nam
1602 2350 1707 2405 hoc
1735 2352 1979 2421 quidem,
2010 2368 2136 2422 pars

552 2453 621 2493 ne
651 2438 797 2493 horae
824 2440 1117 2505 tricesima,
1149 2450 1301 2496 ortus
1336 2445 1621 2514 utriusque
1665 2445 2012 2500 intervallum
2038 2463 2133 2501 ex-

552 2531 771 2597 stiterit,
804 2540 1040 2587 statuere
1067 2549 1225 2588 nemo
1259 2544 1457 2603 potest.
1498 2534 1695 2592 Verum
1722 2538 1773 2592 id
1793 2554 2013 2609 quoque
2039 2556 2134 2609 per

553 2637 654 2677 nos
679 2620 932 2684 habeant,
966 2631 1024 2675 ut
1077 2623 1348 2691 exquisite
1411 2625 1601 2679 horam
1665 2634 1851 2681 tenere
1899 2628 2131 2696 possint.

553 2711 749 2768 Exstat
779 2728 911 2768 sane
946 2714 1221 2783 quoddam
1256 2713 1529 2783 ejusmodi
1557 2716 1859 2782 theorema,
1901 2734 2011 2786 quo
2044 2734 2135 2771 zo-

551 2808 769 2862 diacum
803 2808 1091 2873 circulum,
1128 2811 1350 2879 perinde
1404 2820 1463 2863 ut
1524 2812 1768 2866 errantia
1821 2813 2021 2875 sidera,
2067 2814 2136 2867 ab

549 2914 749 2954 occasu
780 2900 833 2953 in
862 2910 1042 2954 ortum
1071 2902 1143 2955 ita
1176 2901 1302 2955 ferri
1330 2903 1727 2966 demonstrant,
1753 2913 1811 2957 ut
1832 2907 2134 2960 centesimo

552 3008 771 3062 quoque
793 3008 939 3046 anno
969 3002 1177 3048 motum
1203 2994 1346 3048 hunc
1372 3011 1534 3048 suum
1581 3011 1706 3064 pars
1738 2996 1858 3064 ejus
1884 2997 2137 3065 quzelihet

561 3098 667 3137 rna
692 3084 969 3139 conﬁciat.
1004 3083 1109 3149 Qui
1136 3094 1319 3140 motus
1369 3085 1628 3153 longioris
1663 3103 1953 3156 progressu
2004 3098 2136 3142 tem-

553 3176 722 3245 poris,
761 3176 815 3230 in
849 3177 1003 3247 signa
1026 3177 1311 3232 duodecim
1349 3177 1626 3232 varietatis
1671 3176 1966 3247 plurimum
1997 3179 2135 3234 infe-

554 3280 637 3323 rat
663 3285 679 3323 :
707 3286 830 3325 cum
873 3270 1089 3339 signum
1123 3270 1271 3324 aliud
1304 3270 1375 3324 sit
1417 3271 1563 3339 quod
1596 3280 1777 3325 mente
1807 3272 2133 3342 concipitur,

552 3359 699 3413 aliud
731 3359 877 3428 quod
934 3361 1091 3429 quasi
1132 3376 1295 3415 sensu
1344 3358 1675 3415 informatur
1704 3378 1716 3413 :
1744 3362 1823 3417 sic
1852 3371 2033 3417 tamen
2079 3372 2136 3417 ut

552 3464 620 3502 ex
652 3464 719 3504 eo
742 3458 953 3505 tantum
991 3452 1135 3521 quod
1170 3460 1353 3505 mente
1403 3452 1728 3522 concipitur,
1764 3454 2016 3525 quodque
2048 3456 2135 3510 vix

556 3554 619 3593 ac
646 3556 711 3594 ne
739 3541 827 3595 vix
850 3542 1069 3611 quidem
1103 3544 1273 3597 teneri
1302 3542 1465 3613 295
1487 3554 1637 3599 certo
1664 3554 1860 3613 potest,
1891 3548 1967 3600 rei
1995 3548 2136 3601 veri-

556 3643 639 3685 tas
670 3632 952 3689 habeatur.
993 3633 1315 3705 Quanquam
1373 3636 1425 3690 id
1479 3636 1640 3690 etiam
1673 3652 1703 3690 a
1739 3636 1896 3693 nobis
1955 3640 2132 3706 detur,

556 3735 735 3780 utaut
758 3728 971 3798 signum
1020 3729 1152 3783 illud
1203 3730 1349 3798 quod
1400 3740 1581 3785 mente
1628 3730 1959 3801 concipitur,
1987 3743 2135 3788 certo

556 3817 725 3870 teneri
752 3830 940 3887 queat,
996 3828 1092 3872 aut
1140 3836 1204 3874 ex
1244 3835 1309 3873 eo
1353 3820 1543 3875 saltem
1587 3822 1728 3890 quod
1766 3836 1931 3876 sensu
1972 3822 2136 3876 infor-

559 3918 759 3974 matur,
792 3924 979 3964 verum
1006 3911 1253 3982 intelligi.
1287 3912 1574 3968 Astrorum
1600 3923 1744 3969 certe
1768 3913 1988 3983 quidem
2015 3914 2133 3970 illo-

556 4020 676 4057 rum
704 4020 826 4074 quze
852 4005 904 4059 in
928 4006 1091 4061 situm
1120 4007 1388 4076 ejusmodi
1414 4008 1753 4079 ﬁguramque
1775 4024 2130 4075 concurrunt,

556 4111 720 4165 quam
755 4097 856 4166 ipsi
896 4099 1455 4167 contemperationem
1514 4101 1806 4169 appellant,
1863 4104 2133 4172 exquisite

558 4189 656 4245 abs
688 4202 809 4243 sese
848 4187 1063 4247 defendi
1095 4206 1201 4243 non
1260 4206 1422 4259 posse
1472 4191 1809 4247 fatebuntur.
1856 4194 2134 4265 Contiugit

556 4278 701 4332 enim
735 4278 1035 4349 saepissime
1064 4289 1121 4333 nt
1162 4281 1249 4334 vel
1297 4282 1599 4338 infestioris
1630 4283 1793 4353 hujus
1844 4286 1977 4339 astri
2028 4286 2130 4349 vis,

557 4371 700 4437 quod
732 4369 973 4436 emersit,
1004 4370 1229 4425 alterius
1259 4369 1519 4426 felicioris
1558 4382 1780 4442 aspectu
1826 4376 1999 4443 magis
2032 4376 2133 4429 mi-

2238 519 2325 571 ταί
2356 536 2438 582 τις
2464 518 2649 571 λαϐεῖν
2675 518 2734 571 τὸ
2758 517 3069 589 ἑξηκοστὸν,
3116 519 3190 589 μὴ
3222 518 3358 589 ἔχων
3382 519 3476 588 τὴν
3526 520 3761 589 ἀναλογίαν

2237 613 2336 682 τῆς
2360 611 2678 682 διαιρέσεως
2701 611 2809 663 τῶν
2839 612 3017 682 ὡρῶν,
3073 611 3238 673 ὥστε,
3284 610 3413 682 φέρε
3443 612 3623 672 είπεῖν,
3662 615 3764 665 εἰδέ-

2238 722 2345 769 ναι,
2372 706 2453 758 ὅτι
2490 704 2807 777 γεγέννηται
2841 708 2868 758 ὁ
2900 705 3045 757 δεῖνα
3075 706 3193 775 ὥρᾳ
3229 705 3481 778 τετάρτῃ,
3517 705 3603 759 καὶ
3621 708 3763 777 ἡμίσει

2237 794 2405 866 ὥρας,
2441 794 2536 847 καλ¹
2588 795 2855 865 τετάρτῳ,
2916 795 3107 866 ὀγδόῳ,
3169 796 3263 848 καὶ
3286 796 3656 866 ἑκκαιδεκάτῳ,
3696 800 3765 849 καὶ

2236 887 2671 959 δυοτριακοστῴς
2705 888 2997 959 Παραπολὺ
3024 888 3134 959 γάρ
3170 904 3305 956 φασι
3337 888 3701 958 παραλλάττειν
3718 891 3768 941 τὰ

2239 980 2628 1050 σημαινόμενα,
2685 980 2836 1053 παρὰ
2881 980 2981 1049 τὴν
3044 979 3340 1047 ἀγνωσίαν,
3387 980 3447 1031 οὐ
3482 991 3507 1018 ι
3548 979 3637 1048 τῆς
3668 980 3765 1049 ῶης

2238 1070 2567 1142 ὧρας,άλλὰ
2620 1071 2713 1124 καὶ
2768 1072 2860 1124 τοῦ
2900 1071 3270 1142 ποστημορίου
3325 1071 3511 1140 αὐτῆς.
3554 1071 3633 1123 Ἐν
3668 1071 3767 1138 γοῦν

2236 1166 2346 1225 τοῖς
2374 1163 2612 1233 διδύμοις
2666 1162 3024 1232 γεννωμένοις
3078 1161 3340 1224 πολλάκις
3393 1161 3453 1214 τὸ
3494 1160 3674 1230 μεταξὺ
3697 1163 3766 1213 καὶ

2236 1255 2520 1325 ἀκαριαῖον
2551 1254 2699 1328 ὥρας
2732 1255 2868 1317 ἐστὶ,
2910 1256 3005 1306 καὶ
3057 1253 3249 1306 πολλαὶ
3305 1252 3639 1323 παραλλαγαὶ
3686 1252 3768 1305 τῶν

2240 1365 2302 1399 συ
2312 1348 2646 1416 μϐαινόντων
2670 1346 2763 1399 καὶ
2790 1345 2899 1399 τῶν
2922 1344 3310 1417 πραττομένων
3346 1344 3433 1398 ἐπ’
3451 1344 3620 1397 αὐτῶν
3643 1345 3772 1396 ἀπαν-

2238 1439 2422 1503 τῶσιν,
2454 1438 2529 1502 ὦς
2563 1456 2726 1507 φασιν
2761 1440 2978 1501 ἐκεῖνοι,
3015 1437 3165 1509 παρὰ
3206 1437 3303 1507 τὴν
3358 1438 3535 1490 αίτίαν
3564 1436 3652 1505 τῆς
3682 1436 3772 1506 σχέ-

2241 1548 2378 1593 σεως
2409 1530 2517 1584 τῶν
2550 1531 2813 1603 ἀστέρων,
2842 1530 2937 1583 καὶ
2986 1529 3046 1581 τὸ
3086 1528 3272 1599 μόριον
3300 1526 3395 1580 τοῦ
3449 1527 3771 1595 δωδεκατημο-

2239 1623 2356 1693 ρίου
2386 1622 2445 1675 τὸ
2502 1622 2651 1693 παρὰ
2705 1622 2793 1674 τὸν
2853 1620 3121 1693 ὁρίζοντα,
3167 1621 3227 1673 οὐ
3274 1618 3772 1689 καταλαμϐανόμενον

2240 1713 2344 1766 ὑπὸ
2372 1712 2479 1765 τῶν
2510 1711 2878 1783 νομιζομένων
2912 1709 3009 1781 τὴν
3038 1710 3188 1783 ὦραν
3223 1709 3603 1781 τετηρηκέναι.
3626 1708 3773 1769 Οὐδεὶς

2240 1804 2348 1876 γὰρ
2378 1804 2598 1859 δύναται
2627 1804 2828 1873 λέγειν,
2864 1805 2945 1857 ὅτι
2990 1802 3051 1856 τὸ
3113 1801 3315 1873 μεταξὺ
3357 1800 3511 1853 τοῦδε
3542 1801 3632 1870 τῆς
3658 1800 3774 1868 γενέ-

2243 1913 2381 1959 σεως
2404 1896 2538 1967 πρὸς
2566 1895 2662 1967 τὴν
2718 1894 2871 1948 τοῦδέ
2906 1897 3052 1947 ἐστιν
3088 1892 3237 1964 ὦρας
3285 1890 3617 1962 τριακοστόν.

2240 1985 2380 2039 ἔστω
2409 1985 2897 2056 συγκεχωρημένον
2930 1984 3115 2046 αὐτοῖς
3144 1982 3282 2044 τόδε,
3310 1980 3456 2034 κατὰ
3487 1980 3544 2033 τὸ
3571 1980 3772 2033 ἐκλαϐεῖν

2238 2078 2337 2149 τὴν
2361 2077 2529 2150 ὥραν.
2559 2077 2785 2149 Φέρεται
2818 2077 2881 2146 δὴ
2906 2074 3190 2146 θεώρημα,
3218 2072 3570 2126 ἀποδεικνύον
3592 2071 3673 2124 τὸν
3697 2070 3774 2135 ζω-

2238 2168 2421 2222 διακὸν
2446 2167 2641 2221 κύκλον
2665 2167 2866 2237 ὁμοίως
2894 2169 3005 2229 τοῖς
3037 2164 3409 2233 πλανωμένοις
3438 2161 3676 2233 φέρεσθαι
3697 2161 3777 2213 ἀπὸ

2238 2257 2457 2329 δυσμῶν
2479 2259 2571 2311 ἐπὶ
2599 2256 2861 2320 ἀνατολὰς
2925 2257 2993 2310 δι’
3024 2254 3218 2310 ἑκατὸν
3267 2255 3406 2308 ἐτῶν
3452 2257 3635 2325 μοῖραν
3660 2254 3775 2322 μίαν,

2239 2349 2332 2403 καὶ
2363 2348 2519 2401 τοῦτο
2550 2348 2629 2419 τῷ
2681 2348 2860 2419 πολλῷ
2915 2347 3091 2419 χρόνῳ
3137 2346 3484 2399 ἐναλλάττειν
3533 2347 3623 2415 τὴν
3664 2343 3776 2396 θέσιν

2237 2442 2344 2495 τῶν
2366 2442 2869 2513 δωδεκατημορίωνο
2924 2440 3110 2512 ἐτέρου
3154 2440 3253 2510 μὲν
3317 2440 3665 2510 τυγχάνοντος
3709 2436 3775 2489 rei

2238 2536 2428 2606 νοητοῦ
2466 2534 2966 2607 δωδεκατημορίου,
3008 2535 3196 2607 ἐτέρου
3224 2535 3281 2587 δὲ
3321 2532 3419 2585 τοῦ
3471 2533 3656 2585 ὡσανεὶ
3681 2548 3778 2600 μορ-

2238 2627 2497 2699 φώματος
2526 2628 2661 2696 (5Ἰ)’
2691 2627 2802 2681 ἀλλ’
2847 2628 2912 2679 ὲκ
2940 2626 3033 2679 τοῦ
3065 2624 3256 2696 νοητοῦ
3306 2624 3527 2689 ζωδίου,
3570 2624 3689 2693 ὅπερ
3733 2624 3777 2675 οὗ

2238 2721 2379 2774 πάνυ
2428 2737 2481 2772 τι
2539 2718 2761 2772 δυνατὸν
2812 2716 3346 2787 καταλαμϐάνεσθαι.
3421 2717 3595 2768 Ἔστω
3635 2714 3681 2767 δὲ
3710 2713 3777 2765 καὶ

2237 2814 2394 2866 τοῦτο
2420 2810 2930 2883 συγκεχωρημένον,
2976 2810 3034 2863 τὸ
3068 2807 3583 2879 καταλαμϐάνεσθαι
3606 2808 3659 2860 τὸ
3683 2822 3777 2873 νοη-

2238 2905 2328 2957 τὸν
2357 2903 2854 2975 δωδεκατημόριον,
2914 2902 2947 2972 ἢ
3000 2900 3257 2954 δύνασθαι
3316 2901 3382 2954 ἐκ
3413 2900 3508 2953 τοῦ
3567 2895 3776 2968 αἰσθητοῦ

2236 2996 2705 3068 δωδεκατημορίου
2734 2993 3106 3065 λαμϐάνεσθαι
3164 2993 3223 3046 τὸ
3266 2992 3490 3063 ἀληθές.
3530 2990 3673 3043 Ἀλλὰ
3702 2989 3776 3057 τήν

2239 3106 2301 3157 γε
2326 3088 2624 3160 σύγκρασιν
2660 3089 2789 3158 παρ’
2819 3088 2999 3149 αὐτοῖς
3027 3084 3365 3156 καλουμένην
3420 3084 3527 3137 τῶν
3567 3083 3619 3134 ἐν
3644 3078 3778 3133 τοῖσδε

2244 3185 2354 3245 τοῖς
2385 3182 2785 3251 σχηματισμοῖς
2812 3178 3208 3249 τυγχανόντων,
3237 3178 3331 3231 καὶ
3355 3178 3514 3229 αὐτοὶ
3560 3172 3777 3245 ὁμολογή·

2246 3291 2449 3337 σουσιν,
2472 3274 2569 3343 οὐχ
2590 3267 2691 3325 οἷοί
2718 3289 2775 3325 τε
2804 3271 2972 3324 σῶσαι
3028 3270 3168 3323 κατὰ
3216 3271 3345 3333 πᾶν,
3407 3265 3777 3339 ἁμαυρουμένου

2242 3366 2335 3419 τοῦ
2367 3365 2714 3437 δηλουμένων
2748 3364 2878 3434 φέρε
2912 3363 3360 3435 εἰπεῖν,χείρονος
3395 3362 3506 3415 ἀπὸ
3520 3354 3776 3425 τοίδεῶθ),

2242 3459 2329 3512 διὰ
2365 3458 2424 3510 τὸ
2445 3454 2829 3510 ἐπιϐλέπεσθαι
2859 3454 3018 3507 αὑτὸν
3053 3453 3157 3506 ὑπὸ
3187 3450 3339 3505 τοῦδε
3366 3451 3464 3503 τοῦ
3496 3450 3778 3521 κρείττονος,

2244 3552 2337 3605 καὶ
2358 3550 2449 3603 ἐττί
2477 3548 2708 3611 τοσόνδε,
2741 3547 2772 3617 ἢ
2810 3545 3024 3599 τοσόνδε
3070 3544 3513 3615 ἀμαυρουμένου.
3560 3539 3778 3597 Πολλάκις

2244 3639 2404 3693 πάλιν
2434 3639 2532 3709 τῆς
2557 3636 2928 3708 ἀμαυρώσεως
2952 3634 3052 3704 τῆς
3077 3633 3170 3686 τοῦ
3193 3632 3437 3703 χείρονος
3465 3632 3566 3684 ὑπὸ
3585 3630 3671 3697 τῆς
3690 3630 3780 3677 ἐπι·

2243 3732 2482 3801 ϐλέψεως
2508 3730 2605 3799 τῆς
2638 3728 2732 3782 τοῦ
2776 3726 3079 3799 κρείττονος
3122 3722 3577 3795 ἐμποδιζομένης,
3626 3722 3681 3772 ἐκ
3710 3732 3777 3767 τον

2242 3826 2426 3894 ἓτερον
2457 3822 2655 3875 οὑτωσὶ
2686 3818 3103 3889 ἐσχηματίσθαι,
3141 3815 3402 3888 χειρόνων
3451 3816 3575 3870 ὅντα
3609 3827 3778 3882 σημαν-

2240 3916 2409 3969 τικόν.
2445 3915 2555 3966 Καὶ
2580 3908 2731 3982 οἶμαι
2762 3910 3131 3981 ἐπιστήσαντα
3154 3926 3273 3960 τινα
3300 3910 3417 3971 τοῖς
3463 3907 3654 3966 τόποις,
3677 3904 3778 3954 ἁπο-

2241 4002 2441 4073 γνῶναι
2470 4003 2569 4074 τὴν
2595 4002 2720 4072 περὶ
2750 4000 2951 4053 τούτων
2984 3998 3309 4069 κατάληψιν,
3345 3998 3597 4067 οὐδαμῶς
3616 3990 3779 4061 ἀνθρὼ-

2242 4114 2360 4158 ποις
2397 4094 2738 4164 ἐκκειμένην,
2766 4091 2900 4152 ἀλλ’,
2927 4092 2977 4143 εί
3012 4091 3141 4163 ἄρα,
3177 4090 3335 4162 μέχρι
3363 4089 3460 4143 τοῦ
3486 4087 3775 4159 σημανθῆναι

2245 4188 2401 4258 μόνον
2425 4185 2748 4253 φθάνουσαν.
2780 4183 2841 4234 El
2889 4181 2943 4233 δέ
2973 4198 3056 4245 τις
3081 4183 3137 4234 ἐν
3192 4182 3356 4252 πείρᾳ
3398 4180 3671 4249 γεγένηται
3697 4174 3777 4225 τῶν

2242 4280 2604 4353 πραγμάτων,
2664 4276 2862 4348 μᾶλλον
2906 4276 3112 4328 εἴσεται
3142 4274 3201 4327 τὸ
3247 4276 3305 4327 ἐν
3332 4272 3414 4343 τῷ
3466 4265 3775 4341 στοχάζεσθαι

2241 4368 2619 4428 ἀποπτωτικὸν
2642 4366 2751 4421 τῶν
2771 4366 3056 4435 λεγόντων,
3097 4365 3193 4427 καὶ,
3224 4364 3405 4417 αὐτῶν
3441 4356 3778 4432 συγγραψαμέ-

561 4472 732 4510 uusve
761 4457 1079 4511 retundatur
1113 4477 1125 4511 :
1164 4459 1249 4512 vel
1280 4469 1339 4511 ut
1367 4459 1417 4513 id
1450 4461 1627 4528 ipsum
1655 4477 1764 4531 quo
1796 4463 1978 4519 minus
2005 4480 2132 4519 eve-

2241 4465 2522 4535 νων,ἡττερ
2547 4458 2891 4531 νομιζόμενον
2910 4456 3019 4527 (59)
3040 4457 3435 4509 ἐπιτευκτικόν.
3458 4456 3564 4507 Καὶ
3594 4449 3776 4507 Ἢσαῖας

560 4550 694 4613 uiat,
726 4549 978 4619 proprius
1001 4549 1222 4619 quidam
1274 4564 1338 4603 ac
1393 4550 1687 4620 singularis
1714 4553 1959 4620 alterius,
1989 4556 2134 4625 quod

558 4640 800 4693 deterius
833 4640 977 4693 aliud
1040 4641 1329 4709 signiticet,
1359 4641 1497 4696 situs
1528 4643 1807 4712 impediat.
1866 4648 1944 4701 Ac
1997 4647 2133 4701 mihi

563 4731 785 4785 saneita
815 4732 1135 4800 persuadeo,
1192 4734 1444 4803 quisquis
1502 4736 1554 4788 in
1614 4736 1859 4789 locorum
1905 4738 2136 4794 istorum

559 4821 941 4891 disquisitione
972 4825 1298 4889 versabitur,
1354 4828 1832 4895 pronuntiaturum
1865 4846 1991 4886 eum
2026 4833 2135 4885 uti-

561 4926 686 4980 que,
719 4922 1055 4981 perspectam
1084 4914 1531 4983 exploratumque
1584 4916 1893 4968 mortalium
1933 4918 2133 4971 nemini

558 5018 747 5055 eorum
784 5004 1047 5057 rationem
1074 5018 1216 5067 esse,
1250 5006 1343 5056 sed
1389 5003 1439 5056 ei
1477 5002 1742 5057 duntaXat
1771 5002 1879 5055 vim
1930 5004 2137 5075 signiti-

632 5153 657 5181 °
690 5141 775 5195 ῖσ.
803 5142 928 5197 add.
962 5142 1142 5212 μόνον.

634 5270 747 5340 (5'7)
783 5272 1207 5342 Μορφὼματος.
1254 5270 1391 5328 Post
1424 5274 1564 5329 hanc
1592 5290 1779 5329 vocem
1829 5275 2136 5331 membrum

557 5342 789 5415 alterum
821 5345 1013 5415 deesse
1044 5345 1207 5398 credo
1231 5386 1244 5404 ,
1286 5345 1430 5413 quod
1463 5346 1535 5399 ita
1572 5346 1785 5415 concipi
1837 5347 2041 5415 possit,
2074 5349 2136 5404 οὐ

561 5413 667 5488 μὴν
698 5411 1111 5488 λαμϐανομένου
1145 5416 1206 5488 -τέ
1242 5411 1475 5485 ἀληθοῦς
1514 5418 1579 5469 ἐκ
1616 5417 1709 5469 τοῦ
1735 5411 2133 5488 ’μορφώματοᾳ

559 5486 766 5535 t‘wnsus
798 5483 962 5557 enim;
979 5483 1029 5537 id
1073 5486 1271 5557 exigit,
1305 5483 1360 5539 et
1391 5488 1675 5541 manifeste
1719 5483 1982 5557 probant,
2017 5504 2137 5557 qua:

556 5562 881 5629 sequuntur.
912 5553 1054 5629 Vox,
1067 5555 1449 5629 _p0p:ptbj.l.a10;
1481 5553 1735 5627 repetita.
1764 5553 2133 5624 librariorum,

558 5632 617 5698 ξιι-
643 5636 786 5691 stupe
814 5624 896 5698 lit,
934 5626 1109 5679 oculis
1146 5624 1427 5697 imposuit,
1462 5638 1519 5682 ut
1544 5624 1899 5698 posteriorem
1937 5630 2137 5698 prioris

556 5690 677 5760 loco
712 5690 1041 5760 acciperent.

628 5758 742 5833 (58)
783 5758 1058 5831 Χέίρνίνς
1096 5766 1208 5820 ἀ.τὲ
1246 5768 1435 5823 τοῦδε.
1492 5767 1701 5835 Melius,
1738 5770 1790 5828 ni
1824 5769 2005 5838 fallor,
2040 5772 2133 5827 ai)-

2243 4561 2393 4631 γοῦν,
2429 4556 2503 4618 ὡς
2534 4553 2591 4606 οὐ
2624 4550 2933 4621 δυναμένων
2959 4547 3165 4601 τούτων
3194 4545 3546 4618 εὑρίσκεσθαι
3589 4542 3681 4595 ὑπὸ
3704 4540 3776 4591 ἀν-

2244 4652 2498 4725 θρώπων,
2534 4646 2666 4716 φησὶ
2702 4642 2835 4713 πρὸς
2882 4642 2980 4711 τὴν
3022 4638 3295 4710 θυγατέρα
3351 4639 3462 4691 τῶν
3519 4632 3774 4692 Χαλδαίων,

2242 4744 2350 4797 τῶν
2374 4741 2546 4796 ταῦτα
2570 4736 2803 4809 μάλιστα
2861 4732 3009 4803 παρὰ
3060 4733 3266 4795 πάντας
3311 4726 3772 4799 ἐπαγγελλομένων

2249 4856 2266 4889 ι
2306 4836 2595 4905 Στήτωσαν
2627 4829 2712 4899 δὴ,
2746 4827 2838 4880 καὶ
2895 4825 3223 4879 σωσάτωσάν
3274 4842 3333 4877 σε
3391 4828 3440 4878 oi
3505 4819 3774 4893 ἀστρολόγοι

2242 4924 2333 4978 τοῦ
2362 4920 2610 4994 οὐρανοῧ’
2664 4916 3136 4985 ἀναγγειλάτωσάν
3172 4934 3255 4969 σοι
3309 4915 3361 4968 τί
3396 4914 3574 4986 μέλλει
3613 4912 3692 4964 ἐπὶ
3732 4906 3774 4959 σὲ

2244 5016 2515 5087 ἔρχεσθαι.
2544 5032 2561 5065 ι
2586 5010 2681 5065 Διὰ
2707 5013 2815 5081 γὰρ
2842 5010 3043 5063 τούτων
3071 5008 3433 5079 διδασκόμεθα
3466 5008 3539 5079 μὴ
3560 5002 3774 5058 δύνασθαι

2239 5287 2384 5332 esset
2416 5279 2543 5340 ἀπό,
2578 5286 2636 5331 ιιι
2678 5278 2918 5349 χείρονος
2952 5275 3103 5349 τοῦδε
3150 5276 3377 5346 (nempe
3405 5278 3652 5349 ἀστέρος)
3675 5288 3769 5329 cum

2240 5358 2513 5417 praeeunte
2546 5348 2791 5418 particip.
2818 5348 3147 5419 δηλουμένου
3182 5348 3548 5403 construatur.
3582 5348 3665 5403 Sin
3692 5360 3770 5397 au-

2241 5429 2371 5493 tem,
2404 5420 2547 5488 quod
2581 5419 2763 5473 minus
2798 5420 2986 5493 probo,
3019 5419 3340 5493 retinebitur
3372 5421 3651 5493 ditatum
3675 5422 3771 5493 ρρξι

2240 5484 2483 5561 χείρονος
2531 5484 2853 5561 apponenda
2908 5489 3115 5561 virgula
3166 5488 3365 5557 fuerit,
3399 5500 3457 5544 ut
3501 5487 3604 5543 ἀπὸ
3648 5484 3769 5539 τοῦᾱ

2241 5559 2362 5615 cum
2392 5559 2815 5631 ἀμαυρουμένου
2845 5559 3226 5631 conjungalnr.

2313 5621 2918 5703 (59)"Hr'rep'roptfoy.
2946 5621 3093 5701 Lege
3122 5633 3264 5704 ᾗπερ
3287 5634 3345 5687 τὸ
3376 5634 3549 5704 νομιζ.
3576 5629 3651 5684 vel
3674 5625 3700 5695 ἢ
3724 5621 3771 5677 νδ

2241 5721 2297 5755 νο
2306 5721 2343 5777 μ
2349 5744 2361 5755 .
