  <div class='ocr_page' id='page_1' title='image "/cluster/home/n/w/nwhite01/storage/ocr_20150623/21/hvd.32044073501165/268.png"; bbox 0 0 3864 6386; ppageno 0'>
   <div class='ocr_carea' id='block_1_1' title="bbox 168 355 2185 417">
    <p class='ocr_par' dir='ltr' id='par_1_1' title="bbox 168 355 2185 417">
     <span class='ocr_line' id='line_1_1' title="bbox 168 355 2185 417; baseline -0.001 -1"><span class='ocrx_word' id='word_1_1' title='bbox 168 363 246 416; x_wconf 71' lang='lat'><strong>599</strong></span> <span class='ocrx_word' id='word_1_2' title='bbox 1244 359 1568 417; x_wconf 63' lang='lat' dir='ltr'><strong>PREPAR.</strong></span> <span class='ocrx_word' id='word_1_3' title='bbox 1610 355 1862 412; x_wconf 77' lang='lat' dir='ltr'><strong>EVANG.</strong></span> <span class='ocrx_word' id='word_1_4' title='bbox 1907 356 2034 412; x_wconf 87' lang='lat' dir='ltr'><strong>LIB.</strong></span> <span class='ocrx_word' id='word_1_5' title='bbox 2072 357 2185 413; x_wconf 76' lang='grc' dir='ltr'><strong>νη.</strong></span> 
     </span>
    </p>
   </div>
   <div class='ocr_carea' id='block_1_2' title="bbox 3246 367 3349 424">
    <p class='ocr_par' dir='ltr' id='par_1_2' title="bbox 3246 367 3349 424">
     <span class='ocr_line' id='line_1_2' title="bbox 3246 367 3349 424; baseline 0.019 -2"><span class='ocrx_word' id='word_1_6' title='bbox 3246 367 3349 424; x_wconf 79' lang='grc'><strong>510</strong></span> 
     </span>
    </p>
   </div>
   <div class='ocr_carea' id='block_1_3' title="bbox 163 481 1638 559">
    <p class='ocr_par' dir='ltr' id='par_1_3' title="bbox 163 481 1637 555">
     <span class='ocr_line' id='line_1_3' title="bbox 163 481 1637 555; baseline -0.001 -20"><span class='ocrx_word' id='word_1_7' title='bbox 163 483 231 536; x_wconf 64' lang='grc' dir='ltr'>διὰ</span> <span class='ocrx_word' id='word_1_8' title='bbox 254 483 300 533; x_wconf 73' lang='grc' dir='ltr'>τὸ</span> <span class='ocrx_word' id='word_1_9' title='bbox 323 481 424 551; x_wconf 73' lang='grc' dir='ltr'>ζῇν,</span> <span class='ocrx_word' id='word_1_10' title='bbox 455 481 535 535; x_wconf 73' lang='grc' dir='ltr'>διὰ</span> <span class='ocrx_word' id='word_1_11' title='bbox 569 481 623 534; x_wconf 88' lang='grc' dir='ltr'>δὲ</span> <span class='ocrx_word' id='word_1_12' title='bbox 657 483 717 536; x_wconf 78' lang='grc' dir='ltr'><strong>τὸ</strong></span> <span class='ocrx_word' id='word_1_13' title='bbox 746 483 914 553; x_wconf 84' lang='grc' dir='ltr'>ἡδέως</span> <span class='ocrx_word' id='word_1_14' title='bbox 943 482 1041 555; x_wconf 79' lang='grc' dir='ltr'><strong>ζῇν</strong></span> <span class='ocrx_word' id='word_1_15' title='bbox 1073 485 1475 555; x_wconf 77' lang='grc' dir='ltr'>ἀσπαζόμενοι,</span> <span class='ocrx_word' id='word_1_16' title='bbox 1510 481 1637 534; x_wconf 79' lang='grc' dir='ltr'>τοῦτ</span> 
     </span>
    </p>
   </div>
   <div class='ocr_carea' id='block_1_4' title="bbox 1745 481 3350 559">
    <p class='ocr_par' dir='ltr' id='par_1_4' title="bbox 1773 483 3350 559">
     <span class='ocr_line' id='line_1_4' title="bbox 1773 483 3350 559; baseline 0.008 -26"><span class='ocrx_word' id='word_1_17' title='bbox 1773 490 2016 536; x_wconf 87' lang='lat' dir='ltr'><strong>crarunt.</strong></span> <span class='ocrx_word' id='word_1_18' title='bbox 2077 483 2154 536; x_wconf 87' lang='lat' dir='ltr'><strong>ita</strong></span> <span class='ocrx_word' id='word_1_19' title='bbox 2191 497 2259 536; x_wconf 91' lang='lat' dir='ltr'><strong>ne</strong></span> <span class='ocrx_word' id='word_1_20' title='bbox 2297 483 2462 538; x_wconf 90' lang='lat' dir='ltr'><strong>vitam</strong></span> <span class='ocrx_word' id='word_1_21' title='bbox 2495 485 2711 554; x_wconf 89' lang='lat' dir='ltr'><strong>quidem</strong></span> <span class='ocrx_word' id='word_1_22' title='bbox 2760 487 2962 556; x_wconf 83' lang='lat' dir='ltr'><strong>ipsam,</strong></span> <span class='ocrx_word' id='word_1_23' title='bbox 3021 488 3124 543; x_wconf 93' lang='lat' dir='ltr'><strong>nisi</strong></span> <span class='ocrx_word' id='word_1_24' title='bbox 3161 489 3350 559; x_wconf 79' lang='lat' dir='ltr'><strong>adjun-</strong></span> 
     </span>
    </p>
   </div>
   <div class='ocr_carea' id='block_1_5' title="bbox 164 570 1663 645">
    <p class='ocr_par' dir='ltr' id='par_1_5' title="bbox 164 570 1663 645">
     <span class='ocr_line' id='line_1_5' title="bbox 164 570 1663 645; baseline 0.001 -20"><span class='ocrx_word' id='word_1_25' title='bbox 164 574 233 625; x_wconf 74' lang='lat' dir='ltr'><strong>le</strong></span> <span class='ocrx_word' id='word_1_26' title='bbox 273 574 364 633; x_wconf 80' lang='grc' dir='ltr'>τοῖς</span> <span class='ocrx_word' id='word_1_27' title='bbox 404 570 544 632; x_wconf 85' lang='grc' dir='ltr'>ἰδίοις</span> <span class='ocrx_word' id='word_1_28' title='bbox 583 571 868 643; x_wconf 79' lang='grc' dir='ltr'><strong>εὐξάμενοι</strong></span> <span class='ocrx_word' id='word_1_29' title='bbox 915 577 1122 638; x_wconf 74' lang='grc' dir='ltr'>παισὶν,</span> <span class='ocrx_word' id='word_1_30' title='bbox 1165 573 1238 638; x_wconf 84' lang='grc' dir='ltr'>ὡς</span> <span class='ocrx_word' id='word_1_31' title='bbox 1275 575 1434 645; x_wconf 88' lang='grc' dir='ltr'>μόνον</span> <span class='ocrx_word' id='word_1_32' title='bbox 1463 573 1663 642; x_wconf 73' lang='grc' dir='ltr'>ἀγαθὸν</span> 
     </span>
    </p>
   </div>
   <div class='ocr_carea' id='block_1_6' title="bbox 162 661 1661 738">
    <p class='ocr_par' dir='ltr' id='par_1_6' title="bbox 162 661 1661 738">
     <span class='ocr_line' id='line_1_6' title="bbox 162 661 1661 738; baseline 0.001 -23"><span class='ocrx_word' id='word_1_33' title='bbox 162 665 373 732; x_wconf 78' lang='grc' dir='ltr'>παρεῖναι.</span> <span class='ocrx_word' id='word_1_34' title='bbox 423 661 603 715; x_wconf 85' lang='grc' dir='ltr'>Ἔνθεν</span> <span class='ocrx_word' id='word_1_35' title='bbox 654 665 704 716; x_wconf 80' lang='grc' dir='ltr'><strong>οἰ</strong></span> <span class='ocrx_word' id='word_1_36' title='bbox 747 664 878 734; x_wconf 88' lang='grc' dir='ltr'>μὲν,</span> <span class='ocrx_word' id='word_1_37' title='bbox 921 665 990 718; x_wconf 85' lang='grc' dir='ltr'><strong>τά</strong></span> <span class='ocrx_word' id='word_1_38' title='bbox 1021 666 1232 738; x_wconf 83' lang='grc' dir='ltr'>χορηγά</span> <span class='ocrx_word' id='word_1_39' title='bbox 1271 668 1368 738; x_wconf 78' lang='grc' dir='ltr'>τῆς</span> <span class='ocrx_word' id='word_1_40' title='bbox 1396 666 1661 736; x_wconf 81' lang='grc' dir='ltr'>ὲνσάρκου</span> 
     </span>
    </p>
   </div>
   <div class='ocr_carea' id='block_1_7' title="bbox 159 747 1660 830">
    <p class='ocr_par' dir='ltr' id='par_1_7' title="bbox 159 747 1660 830">
     <span class='ocr_line' id='line_1_7' title="bbox 159 747 1660 830; baseline 0.004 -26"><span class='ocrx_word' id='word_1_41' title='bbox 159 752 268 819; x_wconf 78' lang='grc' dir='ltr'>ζωῆς</span> <span class='ocrx_word' id='word_1_42' title='bbox 293 752 420 820; x_wconf 73' lang='grc' dir='ltr'>ἥλιον</span> <span class='ocrx_word' id='word_1_43' title='bbox 446 747 583 806; x_wconf 75' lang='grc' dir='ltr'>εῖναι</span> <span class='ocrx_word' id='word_1_44' title='bbox 639 756 731 807; x_wconf 80' lang='grc' dir='ltr'><strong>καὶ</strong></span> <span class='ocrx_word' id='word_1_45' title='bbox 762 754 1011 826; x_wconf 83' lang='grc' dir='ltr'>σελήνην,</span> <span class='ocrx_word' id='word_1_46' title='bbox 1064 759 1157 810; x_wconf 77' lang='grc' dir='ltr'><strong>καὶ</strong></span> <span class='ocrx_word' id='word_1_47' title='bbox 1192 759 1426 830; x_wconf 83' lang='grc' dir='ltr'><strong>ἀστέρας</strong></span> <span class='ocrx_word' id='word_1_48' title='bbox 1468 759 1660 810; x_wconf 78' lang='grc' dir='ltr'>ὑποτο-</span> 
     </span>
    </p>
   </div>
   <div class='ocr_carea' id='block_1_8' title="bbox 159 843 1662 921">
    <p class='ocr_par' dir='ltr' id='par_1_8' title="bbox 159 843 1662 921">
     <span class='ocr_line' id='line_1_8' title="bbox 159 843 1662 921; baseline 0.006 -27"><span class='ocrx_word' id='word_1_49' title='bbox 159 845 388 912; x_wconf 65' lang='grc' dir='ltr'>πήσαντες,</span> <span class='ocrx_word' id='word_1_50' title='bbox 416 843 504 897; x_wconf 85' lang='grc' dir='ltr'><strong>καί</strong></span> <span class='ocrx_word' id='word_1_51' title='bbox 532 863 649 908; x_wconf 87' lang='grc' dir='ltr'><strong>πως</strong></span> <span class='ocrx_word' id='word_1_52' title='bbox 680 849 775 900; x_wconf 79' lang='grc' dir='ltr'><strong>καὶ</strong></span> <span class='ocrx_word' id='word_1_53' title='bbox 803 848 938 918; x_wconf 73' lang='grc' dir='ltr'>πρὸς</span> <span class='ocrx_word' id='word_1_54' title='bbox 960 849 1057 921; x_wconf 81' lang='grc' dir='ltr'>τὴν</span> <span class='ocrx_word' id='word_1_55' title='bbox 1087 849 1209 918; x_wconf 64' lang='grc' dir='ltr'>ὄψιν</span> <span class='ocrx_word' id='word_1_56' title='bbox 1234 849 1326 902; x_wconf 80' lang='grc' dir='ltr'>τοῦ</span> <span class='ocrx_word' id='word_1_57' title='bbox 1358 850 1532 918; x_wconf 82' lang='grc' dir='ltr'>φωτὸς</span> <span class='ocrx_word' id='word_1_58' title='bbox 1563 867 1662 902; x_wconf 86' lang='grc' dir='ltr'>κα-</span> 
     </span>
    </p>
   </div>
   <div class='ocr_carea' id='block_1_9' title="bbox 154 935 1661 1011">
    <p class='ocr_par' dir='ltr' id='par_1_9' title="bbox 154 935 1661 1011">
     <span class='ocr_line' id='line_1_9' title="bbox 154 935 1661 1011; baseline 0.003 -24"><span class='ocrx_word' id='word_1_59' title='bbox 154 935 490 1002; x_wconf 59' lang='grc' dir='ltr'>ταπλαγέντες,</span> <span class='ocrx_word' id='word_1_60' title='bbox 539 936 786 1008; x_wconf 70' lang='grc' dir='ltr'>πρώτους</span> <span class='ocrx_word' id='word_1_61' title='bbox 838 938 992 1003; x_wconf 79' lang='grc' dir='ltr'>θεοὺς</span> <span class='ocrx_word' id='word_1_62' title='bbox 1041 941 1433 1011; x_wconf 79' lang='grc' dir='ltr'><strong>ἀνηγόρευσαν,</strong></span> <span class='ocrx_word' id='word_1_63' title='bbox 1468 941 1661 1010; x_wconf 81' lang='grc' dir='ltr'><strong>μόνους</strong></span> 
     </span>
    </p>
   </div>
   <div class='ocr_carea' id='block_1_10' title="bbox 154 1025 1660 1102">
    <p class='ocr_par' dir='ltr' id='par_1_10' title="bbox 154 1025 1660 1102">
     <span class='ocr_line' id='line_1_10' title="bbox 154 1025 1660 1102; baseline 0.004 -24"><span class='ocrx_word' id='word_1_64' title='bbox 154 1027 310 1089; x_wconf 80' lang='grc' dir='ltr'>αἰτίους</span> <span class='ocrx_word' id='word_1_65' title='bbox 337 1025 432 1078; x_wconf 88' lang='grc' dir='ltr'><strong>τῶν</strong></span> <span class='ocrx_word' id='word_1_66' title='bbox 456 1027 590 1081; x_wconf 85' lang='grc' dir='ltr'>ὅλων</span> <span class='ocrx_word' id='word_1_67' title='bbox 615 1026 752 1082; x_wconf 79' lang='grc' dir='ltr'>εἶναι</span> <span class='ocrx_word' id='word_1_68' title='bbox 773 1031 1178 1102; x_wconf 75' lang='grc' dir='ltr'>ἀποφηνάμενοι</span> <span class='ocrx_word' id='word_1_69' title='bbox 1195 1052 1209 1062; x_wconf 91' lang='grc'><strong>·</strong></span> <span class='ocrx_word' id='word_1_70' title='bbox 1239 1034 1287 1084; x_wconf 79' lang='grc' dir='ltr'>οἱ</span> <span class='ocrx_word' id='word_1_71' title='bbox 1307 1033 1382 1095; x_wconf 85' lang='grc' dir='ltr'><strong>δὲ,</strong></span> <span class='ocrx_word' id='word_1_72' title='bbox 1402 1033 1526 1096; x_wconf 74' lang='grc' dir='ltr'>τοὺς</span> <span class='ocrx_word' id='word_1_73' title='bbox 1552 1031 1660 1086; x_wconf 84' lang='grc' dir='ltr'><strong>ἀπό</strong></span> 
     </span>
    </p>
   </div>
   <div class='ocr_carea' id='block_1_11' title="bbox 151 1119 1657 1198">
    <p class='ocr_par' dir='ltr' id='par_1_11' title="bbox 151 1119 1657 1198">
     <span class='ocr_line' id='line_1_11' title="bbox 151 1119 1657 1198; baseline -0.002 -17"><span class='ocrx_word' id='word_1_74' title='bbox 151 1119 228 1188; x_wconf 71' lang='grc' dir='ltr'><strong>γῆς</strong></span> <span class='ocrx_word' id='word_1_75' title='bbox 261 1122 504 1189; x_wconf 73' lang='grc' dir='ltr'>καρποὺς,</span> <span class='ocrx_word' id='word_1_76' title='bbox 537 1123 638 1192; x_wconf 85' lang='grc' dir='ltr'>τήν</span> <span class='ocrx_word' id='word_1_77' title='bbox 682 1140 740 1175; x_wconf 88' lang='grc' dir='ltr'><strong>τε</strong></span> <span class='ocrx_word' id='word_1_78' title='bbox 776 1125 948 1195; x_wconf 71' lang='grc' dir='ltr'>ὑγρὰν</span> <span class='ocrx_word' id='word_1_79' title='bbox 975 1126 1068 1178; x_wconf 76' lang='grc' dir='ltr'><strong>καὶ</strong></span> <span class='ocrx_word' id='word_1_80' title='bbox 1104 1125 1273 1196; x_wconf 81' lang='grc' dir='ltr'>ξηράν</span> <span class='ocrx_word' id='word_1_81' title='bbox 1312 1128 1406 1181; x_wconf 70' lang='grc' dir='ltr'><strong>καὶ</strong></span> <span class='ocrx_word' id='word_1_82' title='bbox 1453 1126 1657 1198; x_wconf 83' lang='grc' dir='ltr'>θερμὴν</span> 
     </span>
    </p>
   </div>
   <div class='ocr_carea' id='block_1_12' title="bbox 149 1212 1658 1290">
    <p class='ocr_par' dir='ltr' id='par_1_12' title="bbox 149 1212 1658 1290">
     <span class='ocr_line' id='line_1_12' title="bbox 149 1212 1658 1290; baseline 0.005 -26"><span class='ocrx_word' id='word_1_83' title='bbox 149 1213 306 1275; x_wconf 68' lang='grc' dir='ltr'>οὐσίαν,</span> <span class='ocrx_word' id='word_1_84' title='bbox 331 1213 392 1266; x_wconf 84' lang='grc' dir='ltr'><strong>τά</strong></span> <span class='ocrx_word' id='word_1_85' title='bbox 412 1231 466 1266; x_wconf 90' lang='grc' dir='ltr'><strong>τε</strong></span> <span class='ocrx_word' id='word_1_86' title='bbox 492 1215 653 1269; x_wconf 73' lang='grc' dir='ltr'>λοιπὰ</span> <span class='ocrx_word' id='word_1_87' title='bbox 687 1217 778 1271; x_wconf 82' lang='grc' dir='ltr'>τοῦ</span> <span class='ocrx_word' id='word_1_88' title='bbox 814 1219 1018 1289; x_wconf 85' lang='grc' dir='ltr'>κόσμου</span> <span class='ocrx_word' id='word_1_89' title='bbox 1058 1220 1196 1290; x_wconf 87' lang='grc' dir='ltr'>μέρη</span> <span class='ocrx_word' id='word_1_90' title='bbox 1222 1261 1236 1284; x_wconf 94' lang='grc'><strong>,</strong></span> <span class='ocrx_word' id='word_1_91' title='bbox 1276 1219 1341 1272; x_wconf 78' lang='grc' dir='ltr'>δι’</span> <span class='ocrx_word' id='word_1_92' title='bbox 1372 1212 1445 1273; x_wconf 83' lang='grc' dir='ltr'>ὧν</span> <span class='ocrx_word' id='word_1_93' title='bbox 1475 1221 1658 1282; x_wconf 78' lang='grc' dir='ltr'>αὐτοῖς</span> 
     </span>
    </p>
   </div>
   <div class='ocr_carea' id='block_1_13' title="bbox 149 1304 1658 1384">
    <p class='ocr_par' dir='ltr' id='par_1_13' title="bbox 149 1304 1658 1384">
     <span class='ocr_line' id='line_1_13' title="bbox 149 1304 1658 1384; baseline 0.007 -29"><span class='ocrx_word' id='word_1_94' title='bbox 149 1305 198 1356; x_wconf 68' lang='grc' dir='ltr'>τὰ</span> <span class='ocrx_word' id='word_1_95' title='bbox 222 1304 414 1375; x_wconf 81' lang='grc' dir='ltr'>σώματα</span> <span class='ocrx_word' id='word_1_96' title='bbox 443 1307 755 1379; x_wconf 71' lang='grc' dir='ltr'>τρεφόμενά</span> <span class='ocrx_word' id='word_1_97' title='bbox 783 1328 842 1362; x_wconf 88' lang='grc' dir='ltr'><strong>τε</strong></span> <span class='ocrx_word' id='word_1_98' title='bbox 865 1311 957 1363; x_wconf 75' lang='grc' dir='ltr'><strong>καὶ</strong></span> <span class='ocrx_word' id='word_1_99' title='bbox 986 1312 1326 1382; x_wconf 88' lang='grc' dir='ltr'>πιαινόμενα,</span> <span class='ocrx_word' id='word_1_100' title='bbox 1348 1313 1446 1384; x_wconf 76' lang='grc' dir='ltr'>τὴν</span> <span class='ocrx_word' id='word_1_101' title='bbox 1472 1311 1658 1382; x_wconf 77' lang='grc' dir='ltr'>ἕνσαρ-</span> 
     </span>
    </p>
   </div>
   <div class='ocr_carea' id='block_1_14' title="bbox 148 1398 1655 1476">
    <p class='ocr_par' dir='ltr' id='par_1_14' title="bbox 148 1398 1655 1476">
     <span class='ocr_line' id='line_1_14' title="bbox 148 1398 1655 1476; baseline 0.007 -26"><span class='ocrx_word' id='word_1_102' title='bbox 148 1398 348 1469; x_wconf 82' lang='grc' dir='ltr'>κονόμοῦ</span> <span class='ocrx_word' id='word_1_103' title='bbox 383 1399 522 1470; x_wconf 80' lang='grc' dir='ltr'>ζωὴν</span> <span class='ocrx_word' id='word_1_104' title='bbox 559 1418 620 1454; x_wconf 91' lang='grc' dir='ltr'><strong>τε</strong></span> <span class='ocrx_word' id='word_1_105' title='bbox 655 1403 747 1456; x_wconf 74' lang='grc' dir='ltr'><strong>καὶ</strong></span> <span class='ocrx_word' id='word_1_106' title='bbox 776 1403 969 1475; x_wconf 81' lang='grc' dir='ltr'>ἡδονὴν</span> <span class='ocrx_word' id='word_1_107' title='bbox 998 1405 1251 1476; x_wconf 78' lang='grc' dir='ltr'><strong>ἐθηρᾶτο,</strong></span> <span class='ocrx_word' id='word_1_108' title='bbox 1300 1405 1436 1459; x_wconf 88' lang='grc' dir='ltr'>θεῶν</span> <span class='ocrx_word' id='word_1_109' title='bbox 1494 1407 1655 1460; x_wconf 84' lang='grc' dir='ltr'>πάλιν</span> 
     </span>
    </p>
   </div>
   <div class='ocr_carea' id='block_1_15' title="bbox 145 1491 1651 1570">
    <p class='ocr_par' dir='ltr' id='par_1_15' title="bbox 145 1491 1651 1570">
     <span class='ocr_line' id='line_1_15' title="bbox 145 1491 1651 1570; baseline 0.008 -30"><span class='ocrx_word' id='word_1_110' title='bbox 145 1491 422 1562; x_wconf 73' lang='grc' dir='ltr'>προσηγορία</span> <span class='ocrx_word' id='word_1_111' title='bbox 455 1495 844 1565; x_wconf 77' lang='grc' dir='ltr'>τετιμήκασιν·</span> <span class='ocrx_word' id='word_1_112' title='bbox 884 1498 931 1548; x_wconf 85' lang='lat' dir='ltr'><strong>oi</strong></span> <span class='ocrx_word' id='word_1_113' title='bbox 958 1496 1034 1561; x_wconf 84' lang='grc' dir='ltr'><strong>δὲ,</strong></span> <span class='ocrx_word' id='word_1_114' title='bbox 1074 1497 1204 1550; x_wconf 73' lang='grc' dir='ltr'>πολὺ</span> <span class='ocrx_word' id='word_1_115' title='bbox 1245 1499 1506 1570; x_wconf 84' lang='grc' dir='ltr'>πρότερον</span> <span class='ocrx_word' id='word_1_116' title='bbox 1541 1500 1651 1569; x_wconf 86' lang='grc'>(60)</span> 
     </span>
    </p>
   </div>
   <div class='ocr_carea' id='block_1_16' title="bbox 142 1581 1653 1663">
    <p class='ocr_par' dir='ltr' id='par_1_16' title="bbox 142 1581 1653 1663">
     <span class='ocr_line' id='line_1_16' title="bbox 142 1581 1653 1663; baseline 0.009 -32"><span class='ocrx_word' id='word_1_117' title='bbox 142 1581 322 1644; x_wconf 70' lang='grc' dir='ltr'>τούτων,</span> <span class='ocrx_word' id='word_1_118' title='bbox 367 1588 538 1656; x_wconf 80' lang='grc' dir='ltr'>γυμνῇ</span> <span class='ocrx_word' id='word_1_119' title='bbox 590 1587 685 1638; x_wconf 79' lang='grc' dir='ltr'>καὶ</span> <span class='ocrx_word' id='word_1_120' title='bbox 731 1587 1027 1659; x_wconf 80' lang='grc' dir='ltr'><strong>ἀκαλύπτῳ</strong></span> <span class='ocrx_word' id='word_1_121' title='bbox 1075 1590 1280 1661; x_wconf 63' lang='grc' dir='ltr'>κεφαλῇ</span> <span class='ocrx_word' id='word_1_122' title='bbox 1320 1590 1387 1642; x_wconf 75' lang='grc' dir='ltr'>τὰ</span> <span class='ocrx_word' id='word_1_123' title='bbox 1420 1591 1653 1663; x_wconf 76' lang='grc' dir='ltr'>σφέτερα</span> 
     </span>
    </p>
   </div>
   <div class='ocr_carea' id='block_1_17' title="bbox 142 1673 1650 1753">
    <p class='ocr_par' dir='ltr' id='par_1_17' title="bbox 142 1673 1650 1753">
     <span class='ocr_line' id='line_1_17' title="bbox 142 1673 1650 1753; baseline 0.009 -30"><span class='ocrx_word' id='word_1_124' title='bbox 142 1673 266 1741; x_wconf 71' lang='grc' dir='ltr'>παθη,</span> <span class='ocrx_word' id='word_1_125' title='bbox 298 1675 378 1726; x_wconf 70' lang='grc' dir='ltr'><strong>καὶ</strong></span> <span class='ocrx_word' id='word_1_126' title='bbox 426 1675 523 1746; x_wconf 78' lang='grc' dir='ltr'>τὴν</span> <span class='ocrx_word' id='word_1_127' title='bbox 555 1677 844 1731; x_wconf 82' lang='grc' dir='ltr'>δέσποιναν</span> <span class='ocrx_word' id='word_1_128' title='bbox 878 1681 1056 1734; x_wconf 79' lang='grc' dir='ltr'>αὐτῶν</span> <span class='ocrx_word' id='word_1_129' title='bbox 1088 1681 1297 1752; x_wconf 68' lang='grc' dir='ltr'>ἡδονὴν,</span> <span class='ocrx_word' id='word_1_130' title='bbox 1343 1682 1538 1753; x_wconf 74' lang='grc' dir='ltr'>ἔρωτα,</span> <span class='ocrx_word' id='word_1_131' title='bbox 1558 1684 1650 1736; x_wconf 79' lang='grc' dir='ltr'><strong>καὶ</strong></span> 
     </span>
    </p>
   </div>
   <div class='ocr_carea' id='block_1_18' title="bbox 139 1764 1649 1845">
    <p class='ocr_par' dir='ltr' id='par_1_18' title="bbox 139 1764 1649 1845">
     <span class='ocr_line' id='line_1_18' title="bbox 139 1764 1649 1845; baseline 0.009 -31"><span class='ocrx_word' id='word_1_132' title='bbox 139 1764 275 1829; x_wconf 72' lang='grc' dir='ltr'>πόθον,</span> <span class='ocrx_word' id='word_1_133' title='bbox 295 1768 377 1817; x_wconf 79' lang='grc' dir='ltr'><strong>καὶ</strong></span> <span class='ocrx_word' id='word_1_134' title='bbox 415 1769 754 1841; x_wconf 75' lang='grc' dir='ltr'><strong>Ἀφροδίτην,</strong></span> <span class='ocrx_word' id='word_1_135' title='bbox 785 1773 878 1824; x_wconf 75' lang='grc' dir='ltr'><strong>καὶ</strong></span> <span class='ocrx_word' id='word_1_136' title='bbox 908 1774 1084 1826; x_wconf 69' lang='grc' dir='ltr'>αὐτῶν</span> <span class='ocrx_word' id='word_1_137' title='bbox 1127 1774 1235 1826; x_wconf 89' lang='grc' dir='ltr'><strong>τῶν</strong></span> <span class='ocrx_word' id='word_1_138' title='bbox 1267 1774 1401 1827; x_wconf 88' lang='grc' dir='ltr'>θεῶν</span> <span class='ocrx_word' id='word_1_139' title='bbox 1431 1779 1649 1845; x_wconf 86' lang='grc' dir='ltr'>κρατεῖν</span> 
     </span>
    </p>
   </div>
   <div class='ocr_carea' id='block_1_19' title="bbox 1773 571 3344 648">
    <p class='ocr_par' dir='ltr' id='par_1_19' title="bbox 1773 571 3344 648">
     <span class='ocr_line' id='line_1_19' title="bbox 1773 571 3344 648; baseline 0.008 -25"><span class='ocrx_word' id='word_1_140' title='bbox 1773 580 1913 623; x_wconf 85' lang='lat' dir='ltr'><strong>ctam</strong></span> <span class='ocrx_word' id='word_1_141' title='bbox 1949 571 2171 626; x_wconf 79' lang='lat' dir='ltr'><strong>haberet</strong></span> <span class='ocrx_word' id='word_1_142' title='bbox 2200 572 2446 642; x_wconf 90' lang='lat' dir='ltr'><strong>corporis</strong></span> <span class='ocrx_word' id='word_1_143' title='bbox 2476 574 2827 644; x_wconf 89' lang='lat' dir='ltr'><strong>voluptatem,</strong></span> <span class='ocrx_word' id='word_1_144' title='bbox 2853 577 2953 631; x_wconf 86' lang='lat' dir='ltr'><strong>sibi</strong></span> <span class='ocrx_word' id='word_1_145' title='bbox 2987 582 3344 648; x_wconf 81' lang='lat' dir='ltr'><strong>expetendam</strong></span> 
     </span>
    </p>
   </div>
   <div class='ocr_carea' id='block_1_20' title="bbox 1770 661 3343 736">
    <p class='ocr_par' dir='ltr' id='par_1_20' title="bbox 1770 661 3343 736">
     <span class='ocr_line' id='line_1_20' title="bbox 1770 661 3343 736; baseline 0.007 -24"><span class='ocrx_word' id='word_1_146' title='bbox 1770 661 2052 729; x_wconf 89' lang='lat' dir='ltr'><strong>putabant,</strong></span> <span class='ocrx_word' id='word_1_147' title='bbox 2073 662 2314 731; x_wconf 80' lang='lat' dir='ltr'><strong>adeoque</strong></span> <span class='ocrx_word' id='word_1_148' title='bbox 2341 663 2464 717; x_wconf 75' lang='lat' dir='ltr'><strong>vitae</strong></span> <span class='ocrx_word' id='word_1_149' title='bbox 2502 680 2703 720; x_wconf 90' lang='lat' dir='ltr'><strong>munus</strong></span> <span class='ocrx_word' id='word_1_150' title='bbox 2724 707 2740 731; x_wconf 94' lang='lat'><strong>,</strong></span> <span class='ocrx_word' id='word_1_151' title='bbox 2793 681 2900 719; x_wconf 92' lang='lat' dir='ltr'><strong>non</strong></span> <span class='ocrx_word' id='word_1_152' title='bbox 2951 667 3066 736; x_wconf 87' lang='lat' dir='ltr'><strong>jam</strong></span> <span class='ocrx_word' id='word_1_153' title='bbox 3108 678 3165 722; x_wconf 90' lang='lat' dir='ltr'><strong>ut</strong></span> <span class='ocrx_word' id='word_1_154' title='bbox 3193 669 3343 724; x_wconf 85' lang='lat' dir='ltr'><strong>vive-</strong></span> 
     </span>
    </p>
   </div>
   <div class='ocr_carea' id='block_1_21' title="bbox 1772 751 3342 826">
    <p class='ocr_par' dir='ltr' id='par_1_21' title="bbox 1772 751 3342 826">
     <span class='ocr_line' id='line_1_21' title="bbox 1772 751 3342 826; baseline 0.008 -25"><span class='ocrx_word' id='word_1_155' title='bbox 1772 759 1913 817; x_wconf 83' lang='lat' dir='ltr'><strong>rent,</strong></span> <span class='ocrx_word' id='word_1_156' title='bbox 1948 751 2040 805; x_wconf 86' lang='lat' dir='ltr'><strong>sed</strong></span> <span class='ocrx_word' id='word_1_157' title='bbox 2072 761 2130 805; x_wconf 90' lang='lat' dir='ltr'><strong>ut</strong></span> <span class='ocrx_word' id='word_1_158' title='bbox 2161 752 2398 806; x_wconf 84' lang='lat' dir='ltr'><strong>suaviter</strong></span> <span class='ocrx_word' id='word_1_159' title='bbox 2430 753 2704 817; x_wconf 82' lang='lat' dir='ltr'><strong>viverent,</strong></span> <span class='ocrx_word' id='word_1_160' title='bbox 2743 756 3040 825; x_wconf 73' lang='lat' dir='ltr'><strong>complexi,</strong></span> <span class='ocrx_word' id='word_1_161' title='bbox 3097 757 3342 826; x_wconf 84' lang='lat' dir='ltr'><strong>ejusdem</strong></span> 
     </span>
    </p>
   </div>
   <div class='ocr_carea' id='block_1_22' title="bbox 1769 842 3342 920">
    <p class='ocr_par' dir='ltr' id='par_1_22' title="bbox 1769 842 3342 920">
     <span class='ocr_line' id='line_1_22' title="bbox 1769 842 3342 920; baseline 0.006 -26"><span class='ocrx_word' id='word_1_162' title='bbox 1769 842 1866 908; x_wconf 89' lang='lat' dir='ltr'><strong>illi,</strong></span> <span class='ocrx_word' id='word_1_163' title='bbox 1899 842 2120 912; x_wconf 86' lang='lat' dir='ltr'><strong>perinde</strong></span> <span class='ocrx_word' id='word_1_164' title='bbox 2148 852 2205 897; x_wconf 92' lang='lat' dir='ltr'><strong>ut</strong></span> <span class='ocrx_word' id='word_1_165' title='bbox 2235 844 2406 898; x_wconf 92' lang='lat' dir='ltr'><strong>solius</strong></span> <span class='ocrx_word' id='word_1_166' title='bbox 2439 844 2586 909; x_wconf 83' lang='lat' dir='ltr'><strong>boni,</strong></span> <span class='ocrx_word' id='word_1_167' title='bbox 2617 847 2858 915; x_wconf 90' lang='lat' dir='ltr'><strong>copiam,</strong></span> <span class='ocrx_word' id='word_1_168' title='bbox 2905 848 3092 903; x_wconf 90' lang='lat' dir='ltr'><strong>liberis</strong></span> <span class='ocrx_word' id='word_1_169' title='bbox 3124 866 3342 920; x_wconf 87' lang='lat' dir='ltr'><strong>quoque</strong></span> 
     </span>
    </p>
   </div>
   <div class='ocr_carea' id='block_1_23' title="bbox 1770 933 3342 1004">
    <p class='ocr_par' dir='ltr' id='par_1_23' title="bbox 1770 933 3342 1004">
     <span class='ocr_line' id='line_1_23' title="bbox 1770 933 3342 1004; baseline 0.006 -18"><span class='ocrx_word' id='word_1_170' title='bbox 1770 933 1888 987; x_wconf 90' lang='lat' dir='ltr'><strong>suis</strong></span> <span class='ocrx_word' id='word_1_171' title='bbox 1920 933 2302 1002; x_wconf 75' lang='lat' dir='ltr'><strong>precabantur.</strong></span> <span class='ocrx_word' id='word_1_172' title='bbox 2337 933 2524 1004; x_wconf 89' lang='lat' dir='ltr'><strong>Itaque</strong></span> <span class='ocrx_word' id='word_1_173' title='bbox 2553 937 2644 988; x_wconf 88' lang='lat' dir='ltr'><strong>alii</strong></span> <span class='ocrx_word' id='word_1_174' title='bbox 2675 937 2866 1000; x_wconf 90' lang='lat' dir='ltr'><strong>solem,</strong></span> <span class='ocrx_word' id='word_1_175' title='bbox 2891 938 3099 1004; x_wconf 86' lang='lat' dir='ltr'><strong>lunam,</strong></span> <span class='ocrx_word' id='word_1_176' title='bbox 3121 956 3184 994; x_wconf 88' lang='lat' dir='ltr'><strong>ac</strong></span> <span class='ocrx_word' id='word_1_177' title='bbox 3216 941 3342 995; x_wconf 85' lang='lat' dir='ltr'><strong>reli-</strong></span> 
     </span>
    </p>
   </div>
   <div class='ocr_carea' id='block_1_24' title="bbox 1767 1025 3340 1101">
    <p class='ocr_par' dir='ltr' id='par_1_24' title="bbox 1767 1025 3340 1101">
     <span class='ocr_line' id='line_1_24' title="bbox 1767 1025 3340 1101; baseline 0.006 -24"><span class='ocrx_word' id='word_1_178' title='bbox 1767 1039 1874 1094; x_wconf 92' lang='lat' dir='ltr'><strong>qua</strong></span> <span class='ocrx_word' id='word_1_179' title='bbox 1906 1025 2086 1079; x_wconf 90' lang='lat' dir='ltr'><strong>sidera</strong></span> <span class='ocrx_word' id='word_1_180' title='bbox 2116 1025 2239 1079; x_wconf 71' lang='lat' dir='ltr'><strong>vita:</strong></span> <span class='ocrx_word' id='word_1_181' title='bbox 2269 1041 2542 1095; x_wconf 68' lang='lat' dir='ltr'><strong>corporeae</strong></span> <span class='ocrx_word' id='word_1_182' title='bbox 2569 1025 2744 1083; x_wconf 81' lang='lat' dir='ltr'><strong>fontes</strong></span> <span class='ocrx_word' id='word_1_183' title='bbox 2771 1045 2892 1084; x_wconf 90' lang='lat' dir='ltr'><strong>esse</strong></span> <span class='ocrx_word' id='word_1_184' title='bbox 2925 1031 3184 1101; x_wconf 84' lang='lat' dir='ltr'><strong>suSpicati</strong></span> <span class='ocrx_word' id='word_1_185' title='bbox 3207 1073 3221 1096; x_wconf 91' lang='lat'><strong>,</strong></span> <span class='ocrx_word' id='word_1_186' title='bbox 3264 1034 3340 1086; x_wconf 86' lang='lat' dir='ltr'><strong>si-</strong></span> 
     </span>
    </p>
   </div>
   <div class='ocr_carea' id='block_1_25' title="bbox 1766 1118 3335 1195">
    <p class='ocr_par' dir='ltr' id='par_1_25' title="bbox 1766 1118 3335 1195">
     <span class='ocr_line' id='line_1_25' title="bbox 1766 1118 3335 1195; baseline 0.004 -24"><span class='ocrx_word' id='word_1_187' title='bbox 1766 1118 1990 1188; x_wconf 89' lang='lat' dir='ltr'><strong>mulque</strong></span> <span class='ocrx_word' id='word_1_188' title='bbox 2031 1119 2098 1174; x_wconf 91' lang='lat' dir='ltr'><strong>ad</strong></span> <span class='ocrx_word' id='word_1_189' title='bbox 2141 1120 2280 1174; x_wconf 87' lang='lat' dir='ltr'><strong>lucis</strong></span> <span class='ocrx_word' id='word_1_190' title='bbox 2323 1129 2602 1190; x_wconf 89' lang='lat' dir='ltr'><strong>aspectum</strong></span> <span class='ocrx_word' id='word_1_191' title='bbox 2665 1121 3022 1179; x_wconf 87' lang='lat' dir='ltr'><strong>admiratione</strong></span> <span class='ocrx_word' id='word_1_192' title='bbox 3066 1127 3335 1195; x_wconf 86' lang='lat' dir='ltr'><strong>perculsi,</strong></span> 
     </span>
    </p>
   </div>
   <div class='ocr_carea' id='block_1_26' title="bbox 1765 1210 3338 1282">
    <p class='ocr_par' dir='ltr' id='par_1_26' title="bbox 1765 1210 3338 1282">
     <span class='ocr_line' id='line_1_26' title="bbox 1765 1210 3338 1282; baseline 0.006 -19"><span class='ocrx_word' id='word_1_193' title='bbox 1765 1210 2036 1280; x_wconf 80' lang='lat' dir='ltr'><strong>principes</strong></span> <span class='ocrx_word' id='word_1_194' title='bbox 2082 1211 2244 1266; x_wconf 89' lang='lat' dir='ltr'><strong>hosce</strong></span> <span class='ocrx_word' id='word_1_195' title='bbox 2289 1212 2420 1266; x_wconf 87' lang='lat' dir='ltr'><strong>deos</strong></span> <span class='ocrx_word' id='word_1_196' title='bbox 2461 1213 2532 1266; x_wconf 91' lang='lat' dir='ltr'><strong>ita</strong></span> <span class='ocrx_word' id='word_1_197' title='bbox 2563 1214 2962 1282; x_wconf 67' lang='lat' dir='ltr'><strong>praedicarunt,</strong></span> <span class='ocrx_word' id='word_1_198' title='bbox 3013 1227 3071 1272; x_wconf 93' lang='lat' dir='ltr'><strong>ut</strong></span> <span class='ocrx_word' id='word_1_199' title='bbox 3117 1221 3338 1272; x_wconf 89' lang='lat' dir='ltr'><strong>eosdem</strong></span> 
     </span>
    </p>
   </div>
   <div class='ocr_carea' id='block_1_27' title="bbox 1767 1303 3339 1362">
    <p class='ocr_par' dir='ltr' id='par_1_27' title="bbox 1767 1303 3339 1362">
     <span class='ocr_line' id='line_1_27' title="bbox 1767 1303 3339 1362; baseline 0.004 -8"><span class='ocrx_word' id='word_1_200' title='bbox 1767 1315 1945 1355; x_wconf 87' lang='lat' dir='ltr'><strong>rerum</strong></span> <span class='ocrx_word' id='word_1_201' title='bbox 1973 1309 2225 1356; x_wconf 86' lang='lat' dir='ltr'><strong>auctores</strong></span> <span class='ocrx_word' id='word_1_202' title='bbox 2263 1303 2508 1356; x_wconf 90' lang='lat' dir='ltr'><strong>omnium</strong></span> <span class='ocrx_word' id='word_1_203' title='bbox 2547 1319 2670 1360; x_wconf 86' lang='lat' dir='ltr'><strong>esse</strong></span> <span class='ocrx_word' id='word_1_204' title='bbox 2699 1315 3017 1360; x_wconf 88' lang='lat' dir='ltr'><strong>statuerent.</strong></span> <span class='ocrx_word' id='word_1_205' title='bbox 3062 1306 3164 1360; x_wconf 86' lang='lat' dir='ltr'><strong>Alii</strong></span> <span class='ocrx_word' id='word_1_206' title='bbox 3197 1309 3339 1362; x_wconf 86' lang='lat' dir='ltr'><strong>natis</strong></span> 
     </span>
    </p>
   </div>
   <div class='ocr_carea' id='block_1_28' title="bbox 1761 1393 3340 1470">
    <p class='ocr_par' dir='ltr' id='par_1_28' title="bbox 1761 1393 3340 1470">
     <span class='ocr_line' id='line_1_28' title="bbox 1761 1393 3340 1470; baseline 0.005 -24"><span class='ocrx_word' id='word_1_207' title='bbox 1761 1408 1828 1446; x_wconf 84' lang='lat' dir='ltr'><strong>ex</strong></span> <span class='ocrx_word' id='word_1_208' title='bbox 1865 1403 2008 1448; x_wconf 90' lang='lat' dir='ltr'><strong>terra</strong></span> <span class='ocrx_word' id='word_1_209' title='bbox 2036 1393 2284 1466; x_wconf 79' lang='lat' dir='ltr'><strong>frugibus</strong></span> <span class='ocrx_word' id='word_1_210' title='bbox 2309 1438 2323 1457; x_wconf 91' lang='lat'><strong>,</strong></span> <span class='ocrx_word' id='word_1_211' title='bbox 2367 1413 2466 1451; x_wconf 91' lang='lat' dir='ltr'><strong>nec</strong></span> <span class='ocrx_word' id='word_1_212' title='bbox 2500 1413 2606 1452; x_wconf 93' lang='lat' dir='ltr'><strong>non</strong></span> <span class='ocrx_word' id='word_1_213' title='bbox 2633 1399 2870 1454; x_wconf 69' lang='lat' dir='ltr'><strong>humida:</strong></span> <span class='ocrx_word' id='word_1_214' title='bbox 2892 1399 3159 1470; x_wconf 64' lang='lat' dir='ltr'><strong>siccaeque</strong></span> <span class='ocrx_word' id='word_1_215' title='bbox 3194 1403 3340 1470; x_wconf 91' lang='lat' dir='ltr'><strong>pari-</strong></span> 
     </span>
    </p>
   </div>
   <div class='ocr_carea' id='block_1_29' title="bbox 1761 1485 3335 1559">
    <p class='ocr_par' dir='ltr' id='par_1_29' title="bbox 1761 1485 3335 1559">
     <span class='ocr_line' id='line_1_29' title="bbox 1761 1485 3335 1559; baseline 0.004 -21"><span class='ocrx_word' id='word_1_216' title='bbox 1761 1494 1843 1538; x_wconf 92' lang='lat' dir='ltr'><strong>ter</strong></span> <span class='ocrx_word' id='word_1_217' title='bbox 1865 1527 1878 1550; x_wconf 92' lang='lat'><strong>,</strong></span> <span class='ocrx_word' id='word_1_218' title='bbox 1922 1485 2238 1556; x_wconf 74' lang='lat' dir='ltr'><strong>callidaeque</strong></span> <span class='ocrx_word' id='word_1_219' title='bbox 2269 1496 2508 1553; x_wconf 66' lang='lat' dir='ltr'><strong>naturae,</strong></span> <span class='ocrx_word' id='word_1_220' title='bbox 2556 1504 2618 1544; x_wconf 89' lang='lat' dir='ltr'><strong>ac</strong></span> <span class='ocrx_word' id='word_1_221' title='bbox 2650 1490 2858 1544; x_wconf 66' lang='lat' dir='ltr'><strong>caeteris</strong></span> <span class='ocrx_word' id='word_1_222' title='bbox 2899 1491 3133 1546; x_wconf 86' lang='lat' dir='ltr'><strong>universi</strong></span> <span class='ocrx_word' id='word_1_223' title='bbox 3165 1492 3335 1559; x_wconf 92' lang='lat' dir='ltr'><strong>parti-</strong></span> 
     </span>
    </p>
   </div>
   <div class='ocr_carea' id='block_1_30' title="bbox 1761 1578 3333 1652">
    <p class='ocr_par' dir='ltr' id='par_1_30' title="bbox 1761 1578 3333 1652">
     <span class='ocr_line' id='line_1_30' title="bbox 1761 1578 3333 1652; baseline 0.004 -22"><span class='ocrx_word' id='word_1_224' title='bbox 1761 1578 1883 1643; x_wconf 87' lang='lat' dir='ltr'><strong>bus,</strong></span> <span class='ocrx_word' id='word_1_225' title='bbox 1916 1580 2115 1649; x_wconf 89' lang='lat' dir='ltr'><strong>quibus</strong></span> <span class='ocrx_word' id='word_1_226' title='bbox 2163 1581 2362 1635; x_wconf 91' lang='lat' dir='ltr'><strong>nutrita</strong></span> <span class='ocrx_word' id='word_1_227' title='bbox 2394 1582 2747 1650; x_wconf 81' lang='lat' dir='ltr'><strong>saginataque</strong></span> <span class='ocrx_word' id='word_1_228' title='bbox 2775 1581 3017 1650; x_wconf 88' lang='lat' dir='ltr'><strong>ipsorum</strong></span> <span class='ocrx_word' id='word_1_229' title='bbox 3069 1598 3296 1652; x_wconf 87' lang='lat' dir='ltr'><strong>corpora</strong></span> <span class='ocrx_word' id='word_1_230' title='bbox 3317 1624 3333 1649; x_wconf 95' lang='lat'><strong>,</strong></span> 
     </span>
    </p>
   </div>
   <div class='ocr_carea' id='block_1_31' title="bbox 1759 1674 3331 1743">
    <p class='ocr_par' dir='ltr' id='par_1_31' title="bbox 1759 1674 3331 1743">
     <span class='ocr_line' id='line_1_31' title="bbox 1759 1674 3331 1743; baseline 0.003 -17"><span class='ocrx_word' id='word_1_231' title='bbox 1759 1688 2077 1742; x_wconf 76' lang='lat' dir='ltr'><strong>corpoream</strong></span> <span class='ocrx_word' id='word_1_232' title='bbox 2111 1675 2271 1729; x_wconf 90' lang='lat' dir='ltr'><strong>simul</strong></span> <span class='ocrx_word' id='word_1_233' title='bbox 2301 1674 2465 1727; x_wconf 85' lang='lat' dir='ltr'><strong>vitam</strong></span> <span class='ocrx_word' id='word_1_234' title='bbox 2510 1684 2563 1728; x_wconf 91' lang='lat' dir='ltr'><strong>et</strong></span> <span class='ocrx_word' id='word_1_235' title='bbox 2609 1675 2939 1743; x_wconf 89' lang='lat' dir='ltr'><strong>voluptatem</strong></span> <span class='ocrx_word' id='word_1_236' title='bbox 2969 1685 3294 1730; x_wconf 79' lang='lat' dir='ltr'><strong>venarentur</strong></span> <span class='ocrx_word' id='word_1_237' title='bbox 3316 1717 3331 1740; x_wconf 93' lang='lat'><strong>,</strong></span> 
     </span>
    </p>
   </div>
   <div class='ocr_carea' id='block_1_32' title="bbox 1757 1765 3334 1836">
    <p class='ocr_par' dir='ltr' id='par_1_32' title="bbox 1757 1765 3334 1836">
     <span class='ocr_line' id='line_1_32' title="bbox 1757 1765 3334 1836; baseline 0.004 -18"><span class='ocrx_word' id='word_1_238' title='bbox 1757 1765 1984 1820; x_wconf 91' lang='lat' dir='ltr'><strong>deorum</strong></span> <span class='ocrx_word' id='word_1_239' title='bbox 2040 1782 2234 1820; x_wconf 85' lang='lat' dir='ltr'><strong>nomen</strong></span> <span class='ocrx_word' id='word_1_240' title='bbox 2280 1767 2554 1836; x_wconf 89' lang='lat' dir='ltr'><strong>decusque</strong></span> <span class='ocrx_word' id='word_1_241' title='bbox 2596 1767 2926 1822; x_wconf 89' lang='lat' dir='ltr'><strong>tribuerunt.</strong></span> <span class='ocrx_word' id='word_1_242' title='bbox 2997 1768 3102 1820; x_wconf 91' lang='lat' dir='ltr'><strong>Alii</strong></span> <span class='ocrx_word' id='word_1_243' title='bbox 3147 1769 3334 1824; x_wconf 89' lang='lat' dir='ltr'><strong>multis</strong></span> 
     </span>
    </p>
   </div>
   <div class='ocr_carea' id='block_1_33' title="bbox 138 1838 1638 1939">
    <p class='ocr_par' dir='ltr' id='par_1_33' title="bbox 138 1856 1638 1939">
     <span class='ocr_line' id='line_1_33' title="bbox 138 1856 1638 1939; baseline 0.009 -32"><span class='ocrx_word' id='word_1_244' title='bbox 138 1856 352 1922; x_wconf 77' lang='grc' dir='ltr'>εἰπόντες,</span> <span class='ocrx_word' id='word_1_245' title='bbox 384 1860 702 1914; x_wconf 88' lang='grc' dir='ltr'>ἀπεθέωσαν</span> <span class='ocrx_word' id='word_1_246' title='bbox 719 1881 730 1892; x_wconf 90' lang='grc'><strong>·</strong></span> <span class='ocrx_word' id='word_1_247' title='bbox 755 1865 804 1916; x_wconf 83' lang='lat' dir='ltr'><strong>oi</strong></span> <span class='ocrx_word' id='word_1_248' title='bbox 831 1864 887 1918; x_wconf 81' lang='grc' dir='ltr'>δὲ</span> <span class='ocrx_word' id='word_1_249' title='bbox 910 1867 1034 1929; x_wconf 72' lang='grc' dir='ltr'>τοὺς</span> <span class='ocrx_word' id='word_1_250' title='bbox 1058 1867 1165 1919; x_wconf 87' lang='grc' dir='ltr'><strong>τῶν</strong></span> <span class='ocrx_word' id='word_1_251' title='bbox 1192 1867 1361 1938; x_wconf 80' lang='grc' dir='ltr'><strong>ἡδέων</strong></span> <span class='ocrx_word' id='word_1_252' title='bbox 1382 1869 1638 1939; x_wconf 76' lang='grc' dir='ltr'>χορηγούς</span> 
     </span>
    </p>
   </div>
   <div class='ocr_carea' id='block_1_34' title="bbox 1745 1838 3332 1939">
    <p class='ocr_par' dir='ltr' id='par_1_34' title="bbox 1756 1859 3332 1932">
     <span class='ocr_line' id='line_1_34' title="bbox 1756 1859 3332 1932; baseline 0.003 -20"><span class='ocrx_word' id='word_1_253' title='bbox 1756 1867 1880 1912; x_wconf 87' lang='lat' dir='ltr'><strong>ante</strong></span> <span class='ocrx_word' id='word_1_254' title='bbox 1907 1860 2156 1926; x_wconf 62' lang='lat' dir='ltr'><strong>saeculis,</strong></span> <span class='ocrx_word' id='word_1_255' title='bbox 2199 1859 2344 1916; x_wconf 89' lang='lat' dir='ltr'><strong>nuda</strong></span> <span class='ocrx_word' id='word_1_256' title='bbox 2375 1860 2737 1930; x_wconf 73' lang='lat' dir='ltr'><strong>perit-ictaque</strong></span> <span class='ocrx_word' id='word_1_257' title='bbox 2771 1859 2945 1914; x_wconf 82' lang='lat' dir='ltr'><strong>fronte</strong></span> <span class='ocrx_word' id='word_1_258' title='bbox 2968 1901 2984 1925; x_wconf 93' lang='lat'><strong>,</strong></span> <span class='ocrx_word' id='word_1_259' title='bbox 3039 1877 3168 1917; x_wconf 89' lang='lat' dir='ltr'><strong>suas</strong></span> <span class='ocrx_word' id='word_1_260' title='bbox 3229 1862 3332 1932; x_wconf 89' lang='lat' dir='ltr'><strong>ipsi</strong></span> 
     </span>
    </p>
   </div>
   <div class='ocr_carea' id='block_1_35' title="bbox 136 1947 1650 2030">
    <p class='ocr_par' dir='ltr' id='par_1_35' title="bbox 136 1947 1650 2030">
     <span class='ocr_line' id='line_1_35' title="bbox 136 1947 1650 2030; baseline 0.011 -35"><span class='ocrx_word' id='word_1_261' title='bbox 136 1961 176 1995; x_wconf 84' lang='grc' dir='ltr'><strong>τε</strong></span> <span class='ocrx_word' id='word_1_262' title='bbox 199 1947 271 1998; x_wconf 73' lang='grc' dir='ltr'><strong>καὶ</strong></span> <span class='ocrx_word' id='word_1_263' title='bbox 302 1950 514 2019; x_wconf 73' lang='grc' dir='ltr'>εὑρετὰς</span> <span class='ocrx_word' id='word_1_264' title='bbox 543 1952 728 2030; x_wconf 83' lang='grc' dir='ltr'>αὐτοῖς</span> <span class='ocrx_word' id='word_1_265' title='bbox 759 1957 1080 2026; x_wconf 87' lang='grc' dir='ltr'>γενομένους</span> <span class='ocrx_word' id='word_1_266' title='bbox 1123 1957 1319 2028; x_wconf 84' lang='grc' dir='ltr'>ἀνδρας</span> <span class='ocrx_word' id='word_1_267' title='bbox 1358 1960 1650 2030; x_wconf 70' lang='grc' dir='ltr'>τυράννους</span> 
     </span>
    </p>
   </div>
   <div class='ocr_carea' id='block_1_36' title="bbox 135 2027 1647 2119">
    <p class='ocr_par' dir='ltr' id='par_1_36' title="bbox 135 2027 1647 2119">
     <span class='ocr_line' id='line_1_36' title="bbox 135 2027 1647 2119; baseline 0.012 -33"><span class='ocrx_word' id='word_1_268' title='bbox 135 2036 245 2100; x_wconf 70' lang='grc' dir='ltr'>τινας</span> <span class='ocrx_word' id='word_1_269' title='bbox 285 2040 366 2091; x_wconf 73' lang='grc' dir='ltr'><strong>καὶ</strong></span> <span class='ocrx_word' id='word_1_270' title='bbox 413 2027 680 2107; x_wconf 75' lang='grc' dir='ltr'>δυνάστας</span> <span class='ocrx_word' id='word_1_271' title='bbox 705 2085 718 2106; x_wconf 94' lang='grc'><strong>,</strong></span> <span class='ocrx_word' id='word_1_272' title='bbox 745 2045 811 2098; x_wconf 87' lang='grc' dir='ltr'>δι’</span> <span class='ocrx_word' id='word_1_273' title='bbox 847 2047 912 2110; x_wconf 81' lang='grc' dir='ltr'><strong>ἀς</strong></span> <span class='ocrx_word' id='word_1_274' title='bbox 945 2047 1132 2119; x_wconf 81' lang='grc' dir='ltr'>ἔτυχον</span> <span class='ocrx_word' id='word_1_275' title='bbox 1161 2050 1218 2116; x_wconf 80' lang='grc' dir='ltr'>ἐξ</span> <span class='ocrx_word' id='word_1_276' title='bbox 1262 2050 1438 2106; x_wconf 76' lang='grc' dir='ltr'>αὐτῶν</span> <span class='ocrx_word' id='word_1_277' title='bbox 1475 2052 1647 2104; x_wconf 76' lang='grc' dir='ltr'>εὐπα-</span> 
     </span>
    </p>
   </div>
   <div class='ocr_carea' id='block_1_37' title="bbox 136 2126 1645 2216">
    <p class='ocr_par' dir='ltr' id='par_1_37' title="bbox 136 2126 1645 2216">
     <span class='ocr_line' id='line_1_37' title="bbox 136 2126 1645 2216; baseline 0.012 -38"><span class='ocrx_word' id='word_1_278' title='bbox 136 2126 261 2192; x_wconf 80' lang='grc' dir='ltr'>θείας,</span> <span class='ocrx_word' id='word_1_279' title='bbox 288 2130 480 2197; x_wconf 76' lang='grc' dir='ltr'>ζῶντάς</span> <span class='ocrx_word' id='word_1_280' title='bbox 507 2153 568 2188; x_wconf 89' lang='grc' dir='ltr'><strong>τε</strong></span> <span class='ocrx_word' id='word_1_281' title='bbox 608 2137 686 2189; x_wconf 80' lang='grc' dir='ltr'>ἔτι</span> <span class='ocrx_word' id='word_1_282' title='bbox 710 2140 802 2191; x_wconf 76' lang='grc' dir='ltr'><strong>καὶ</strong></span> <span class='ocrx_word' id='word_1_283' title='bbox 831 2140 969 2209; x_wconf 89' lang='grc' dir='ltr'><strong>μετά</strong></span> <span class='ocrx_word' id='word_1_284' title='bbox 998 2142 1252 2213; x_wconf 73' lang='grc' dir='ltr'>τελευτὴν</span> <span class='ocrx_word' id='word_1_285' title='bbox 1273 2143 1645 2216; x_wconf 78' lang='grc' dir='ltr'>ἐθεοποίησαψ</span> 
     </span>
    </p>
   </div>
   <div class='ocr_carea' id='block_1_38' title="bbox 133 2220 1647 2308">
    <p class='ocr_par' dir='ltr' id='par_1_38' title="bbox 133 2220 1647 2308">
     <span class='ocr_line' id='line_1_38' title="bbox 133 2220 1647 2308; baseline 0.013 -38"><span class='ocrx_word' id='word_1_286' title='bbox 133 2220 166 2270; x_wconf 80' lang='grc' dir='ltr'><strong>οἰ</strong></span> <span class='ocrx_word' id='word_1_287' title='bbox 189 2220 246 2283; x_wconf 79' lang='grc' dir='ltr'><strong>δὲ,</strong></span> <span class='ocrx_word' id='word_1_288' title='bbox 276 2223 546 2296; x_wconf 73' lang='grc' dir='ltr'>μοχθηρῶν</span> <span class='ocrx_word' id='word_1_289' title='bbox 577 2229 901 2300; x_wconf 80' lang='grc' dir='ltr'>πνευμάτων</span> <span class='ocrx_word' id='word_1_290' title='bbox 933 2235 1023 2286; x_wconf 61' lang='grc' dir='ltr'><strong>καὶ⁴</strong></span> <span class='ocrx_word' id='word_1_291' title='bbox 1065 2233 1336 2304; x_wconf 84' lang='grc' dir='ltr'>δαιμόνων</span> <span class='ocrx_word' id='word_1_292' title='bbox 1365 2237 1647 2308; x_wconf 88' lang='grc' dir='ltr'>γενόμενοι</span> 
     </span>
    </p>
   </div>
   <div class='ocr_carea' id='block_1_39' title="bbox 133 2318 1648 2402">
    <p class='ocr_par' dir='ltr' id='par_1_39' title="bbox 133 2318 1648 2402">
     <span class='ocr_line' id='line_1_39' title="bbox 133 2318 1648 2402; baseline 0.015 -40"><span class='ocrx_word' id='word_1_293' title='bbox 133 2318 462 2384; x_wconf 78' lang='grc' dir='ltr'>πιραπαίγνια,</span> <span class='ocrx_word' id='word_1_294' title='bbox 506 2319 590 2372; x_wconf 82' lang='grc' dir='ltr'>ἔτι</span> <span class='ocrx_word' id='word_1_295' title='bbox 618 2323 879 2392; x_wconf 81' lang='grc' dir='ltr'>μειζόνως</span> <span class='ocrx_word' id='word_1_296' title='bbox 921 2325 982 2378; x_wconf 85' lang='grc' dir='ltr'><strong>τὸ</strong></span> <span class='ocrx_word' id='word_1_297' title='bbox 1016 2325 1312 2397; x_wconf 72' lang='grc' dir='ltr'>παθητικὸν</span> <span class='ocrx_word' id='word_1_298' title='bbox 1347 2331 1522 2382; x_wconf 74' lang='grc' dir='ltr'>αὐτῶν</span> <span class='ocrx_word' id='word_1_299' title='bbox 1555 2332 1648 2402; x_wconf 85' lang='grc' dir='ltr'>μέ-</span> 
     </span>
    </p>
   </div>
   <div class='ocr_carea' id='block_1_40' title="bbox 131 2407 1648 2493">
    <p class='ocr_par' dir='ltr' id='par_1_40' title="bbox 131 2407 1648 2493">
     <span class='ocr_line' id='line_1_40' title="bbox 131 2407 1648 2493; baseline 0.011 -32"><span class='ocrx_word' id='word_1_300' title='bbox 131 2407 294 2476; x_wconf 77' lang='grc' dir='ltr'>ροςτῆς</span> <span class='ocrx_word' id='word_1_301' title='bbox 319 2408 486 2482; x_wconf 76' lang='grc' dir='ltr'>ψυχῆς</span> <span class='ocrx_word' id='word_1_302' title='bbox 527 2414 872 2486; x_wconf 79' lang='grc' dir='ltr'>συνηύξησαν</span> <span class='ocrx_word' id='word_1_303' title='bbox 899 2457 914 2481; x_wconf 93' lang='grc'><strong>,</strong></span> <span class='ocrx_word' id='word_1_304' title='bbox 947 2417 1016 2470; x_wconf 80' lang='grc' dir='ltr'>τὰ</span> <span class='ocrx_word' id='word_1_305' title='bbox 1057 2419 1188 2489; x_wconf 85' lang='grc' dir='ltr'>ἡδέα</span> <span class='ocrx_word' id='word_1_306' title='bbox 1216 2421 1308 2473; x_wconf 78' lang='grc' dir='ltr'><strong>καὶ</strong></span> <span class='ocrx_word' id='word_1_307' title='bbox 1340 2423 1489 2493; x_wconf 87' lang='grc' dir='ltr'><strong>παρά</strong></span> <span class='ocrx_word' id='word_1_308' title='bbox 1525 2424 1648 2476; x_wconf 80' lang='grc' dir='ltr'>τού-</span> 
     </span>
    </p>
   </div>
   <div class='ocr_carea' id='block_1_41' title="bbox 129 2499 1646 2588">
    <p class='ocr_par' dir='ltr' id='par_1_41' title="bbox 129 2499 1646 2588">
     <span class='ocr_line' id='line_1_41' title="bbox 129 2499 1646 2588; baseline 0.014 -40"><span class='ocrx_word' id='word_1_309' title='bbox 129 2499 291 2552; x_wconf 67' lang='grc' dir='ltr'>τωνδιέ</span> <span class='ocrx_word' id='word_1_310' title='bbox 316 2503 405 2572; x_wconf 82' lang='grc' dir='ltr'>τῆς</span> <span class='ocrx_word' id='word_1_311' title='bbox 433 2508 833 2578; x_wconf 79' lang='grc' dir='ltr'>νενομισμένης</span> <span class='ocrx_word' id='word_1_312' title='bbox 867 2510 1043 2564; x_wconf 83' lang='grc' dir='ltr'>αὐτῶν</span> <span class='ocrx_word' id='word_1_313' title='bbox 1080 2511 1372 2583; x_wconf 87' lang='grc' dir='ltr'>θεραπείας</span> <span class='ocrx_word' id='word_1_314' title='bbox 1425 2517 1646 2588; x_wconf 79' lang='grc' dir='ltr'>ἐκπορί-</span> 
     </span>
    </p>
   </div>
   <div class='ocr_carea' id='block_1_42' title="bbox 130 2586 1641 2676">
    <p class='ocr_par' dir='ltr' id='par_1_42' title="bbox 130 2586 1641 2676">
     <span class='ocr_line' id='line_1_42' title="bbox 130 2586 1641 2676; baseline 0.014 -34"><span class='ocrx_word' id='word_1_315' title='bbox 130 2586 263 2654; x_wconf 76' lang='grc' dir='ltr'>ζοντες</span> <span class='ocrx_word' id='word_1_316' title='bbox 279 2611 290 2623; x_wconf 92' lang='grc'><strong>·</strong></span> <span class='ocrx_word' id='word_1_317' title='bbox 315 2597 358 2646; x_wconf 83' lang='grc' dir='ltr'>οἱ</span> <span class='ocrx_word' id='word_1_318' title='bbox 388 2597 462 2661; x_wconf 85' lang='grc' dir='ltr'><strong>δὲ,</strong></span> <span class='ocrx_word' id='word_1_319' title='bbox 501 2598 734 2668; x_wconf 78' lang='grc' dir='ltr'>μηδενὸς</span> <span class='ocrx_word' id='word_1_320' title='bbox 755 2601 959 2654; x_wconf 78' lang='grc' dir='ltr'>τούτων</span> <span class='ocrx_word' id='word_1_321' title='bbox 983 2605 1360 2676; x_wconf 88' lang='grc' dir='ltr'>ἀνασχόμενοι,</span> <span class='ocrx_word' id='word_1_322' title='bbox 1383 2608 1443 2660; x_wconf 85' lang='grc' dir='ltr'>τὸ</span> <span class='ocrx_word' id='word_1_323' title='bbox 1463 2608 1641 2675; x_wconf 81' lang='grc' dir='ltr'>ἄθεον,</span> 
     </span>
    </p>
   </div>
   <div class='ocr_carea' id='block_1_43' title="bbox 127 2681 1638 2771">
    <p class='ocr_par' dir='ltr' id='par_1_43' title="bbox 127 2681 1638 2771">
     <span class='ocr_line' id='line_1_43' title="bbox 127 2681 1638 2771; baseline 0.013 -36"><span class='ocrx_word' id='word_1_324' title='bbox 127 2681 297 2742; x_wconf 80' lang='grc' dir='ltr'>ὡςπολὺ</span> <span class='ocrx_word' id='word_1_325' title='bbox 320 2691 560 2758; x_wconf 87' lang='grc' dir='ltr'>κρεῖττον</span> <span class='ocrx_word' id='word_1_326' title='bbox 584 2691 684 2760; x_wconf 76' lang='grc' dir='ltr'><strong>τῆς</strong></span> <span class='ocrx_word' id='word_1_327' title='bbox 707 2693 916 2746; x_wconf 78' lang='grc' dir='ltr'>τοιᾶσδε</span> <span class='ocrx_word' id='word_1_328' title='bbox 938 2695 1232 2764; x_wconf 80' lang='grc' dir='ltr'>θεολογίας,</span> <span class='ocrx_word' id='word_1_329' title='bbox 1258 2700 1638 2771; x_wconf 74' lang='grc' dir='ltr'>εἰσηγήσαντο·</span> 
     </span>
    </p>
   </div>
   <div class='ocr_carea' id='block_1_44' title="bbox 126 2774 1642 2860">
    <p class='ocr_par' dir='ltr' id='par_1_44' title="bbox 126 2774 1642 2860">
     <span class='ocr_line' id='line_1_44' title="bbox 126 2774 1642 2860; baseline 0.014 -33"><span class='ocrx_word' id='word_1_330' title='bbox 126 2775 159 2824; x_wconf 75' lang='grc' dir='ltr'>οἱ</span> <span class='ocrx_word' id='word_1_331' title='bbox 177 2774 234 2839; x_wconf 77' lang='grc' dir='ltr'><strong>δὲ,</strong></span> <span class='ocrx_word' id='word_1_332' title='bbox 259 2777 325 2831; x_wconf 77' lang='grc' dir='ltr'>ἔτι</span> <span class='ocrx_word' id='word_1_333' title='bbox 346 2781 547 2834; x_wconf 75' lang='grc' dir='ltr'>τούτων</span> <span class='ocrx_word' id='word_1_334' title='bbox 577 2784 831 2839; x_wconf 87' lang='grc' dir='ltr'>ἀπάντων</span> <span class='ocrx_word' id='word_1_335' title='bbox 860 2787 1250 2860; x_wconf 82' lang='grc' dir='ltr'>ἀναιδέστεροι,</span> <span class='ocrx_word' id='word_1_336' title='bbox 1297 2792 1390 2844; x_wconf 76' lang='grc' dir='ltr'>τὸν</span> <span class='ocrx_word' id='word_1_337' title='bbox 1427 2793 1642 2860; x_wconf 82' lang='grc' dir='ltr'>φιλόσο-</span> 
     </span>
    </p>
   </div>
   <div class='ocr_carea' id='block_1_45' title="bbox 126 2870 1642 2956">
    <p class='ocr_par' dir='ltr' id='par_1_45' title="bbox 126 2870 1642 2956">
     <span class='ocr_line' id='line_1_45' title="bbox 126 2870 1642 2956; baseline 0.014 -37"><span class='ocrx_word' id='word_1_338' title='bbox 126 2881 194 2930; x_wconf 72' lang='grc' dir='ltr'>φον</span> <span class='ocrx_word' id='word_1_339' title='bbox 214 2870 290 2920; x_wconf 80' lang='grc' dir='ltr'>καὶ</span> <span class='ocrx_word' id='word_1_340' title='bbox 312 2873 726 2944; x_wconf 76' lang='grc' dir='ltr'>τρισευδαίμονα</span> <span class='ocrx_word' id='word_1_341' title='bbox 745 2875 856 2945; x_wconf 81' lang='grc' dir='ltr'>βίον</span> <span class='ocrx_word' id='word_1_342' title='bbox 873 2878 981 2930; x_wconf 78' lang='grc' dir='ltr'>οὐδ’</span> <span class='ocrx_word' id='word_1_343' title='bbox 1007 2879 1139 2951; x_wconf 86' lang='lat'><strong>(60‘)</strong></span> <span class='ocrx_word' id='word_1_344' title='bbox 1154 2882 1312 2936; x_wconf 87' lang='grc' dir='ltr'>ἀλλον</span> <span class='ocrx_word' id='word_1_345' title='bbox 1333 2881 1470 2939; x_wconf 77' lang='grc' dir='ltr'>εἶναι</span> <span class='ocrx_word' id='word_1_346' title='bbox 1496 2886 1528 2956; x_wconf 78' lang='grc' dir='ltr'>ἦ</span> <span class='ocrx_word' id='word_1_347' title='bbox 1551 2887 1642 2940; x_wconf 87' lang='grc' dir='ltr'><strong>τὸν</strong></span> 
     </span>
    </p>
   </div>
   <div class='ocr_carea' id='block_1_46' title="bbox 125 2955 1642 3050">
    <p class='ocr_par' dir='ltr' id='par_1_46' title="bbox 125 2955 1642 3050">
     <span class='ocr_line' id='line_1_46' title="bbox 125 2955 1642 3050; baseline 0.016 -42"><span class='ocrx_word' id='word_1_348' title='bbox 125 2955 216 3024; x_wconf 63' lang='grc' dir='ltr'>ἡδὺν</span> <span class='ocrx_word' id='word_1_349' title='bbox 242 2960 590 3032; x_wconf 75' lang='grc' dir='ltr'>ἀπεφήναντο,</span> <span class='ocrx_word' id='word_1_350' title='bbox 620 2967 770 3030; x_wconf 85' lang='grc' dir='ltr'>τέλος</span> <span class='ocrx_word' id='word_1_351' title='bbox 797 2968 903 3023; x_wconf 89' lang='grc' dir='ltr'><strong>τῶν</strong></span> <span class='ocrx_word' id='word_1_352' title='bbox 937 2971 1158 3038; x_wconf 84' lang='grc' dir='ltr'>ἀγαθῶν</span> <span class='ocrx_word' id='word_1_353' title='bbox 1189 2974 1286 3046; x_wconf 81' lang='grc' dir='ltr'><strong>τὴν</strong></span> <span class='ocrx_word' id='word_1_354' title='bbox 1316 2977 1505 3049; x_wconf 78' lang='grc' dir='ltr'>ἡδονὴν</span> <span class='ocrx_word' id='word_1_355' title='bbox 1527 2979 1642 3050; x_wconf 84' lang='grc' dir='ltr'>ὁρι-</span> 
     </span>
    </p>
   </div>
   <div class='ocr_carea' id='block_1_47' title="bbox 124 3048 1635 3138">
    <p class='ocr_par' dir='ltr' id='par_1_47' title="bbox 124 3048 1635 3138">
     <span class='ocr_line' id='line_1_47' title="bbox 124 3048 1635 3138; baseline 0.018 -40"><span class='ocrx_word' id='word_1_356' title='bbox 124 3048 306 3116; x_wconf 79' lang='grc' dir='ltr'>σάμενοι.</span> <span class='ocrx_word' id='word_1_357' title='bbox 337 3054 512 3126; x_wconf 77' lang='grc' dir='ltr'>Ταύτῃ</span> <span class='ocrx_word' id='word_1_358' title='bbox 536 3056 588 3108; x_wconf 86' lang='grc' dir='ltr'>δ’</span> <span class='ocrx_word' id='word_1_359' title='bbox 630 3053 722 3110; x_wconf 79' lang='grc' dir='ltr'>οὖν</span> <span class='ocrx_word' id='word_1_360' title='bbox 751 3059 811 3112; x_wconf 75' lang='grc' dir='ltr'><strong>τό</strong></span> <span class='ocrx_word' id='word_1_361' title='bbox 850 3061 1067 3116; x_wconf 88' lang='grc' dir='ltr'>πάντων</span> <span class='ocrx_word' id='word_1_362' title='bbox 1108 3064 1412 3137; x_wconf 83' lang='grc' dir='ltr'>ἀνθρώπων</span> <span class='ocrx_word' id='word_1_363' title='bbox 1458 3048 1635 3138; x_wconf 82' lang='grc' dir='ltr'>γένος,</span> 
     </span>
    </p>
   </div>
   <div class='ocr_carea' id='block_1_48' title="bbox 1753 1951 3333 2022">
    <p class='ocr_par' dir='ltr' id='par_1_48' title="bbox 1753 1951 3333 2022">
     <span class='ocr_line' id='line_1_48' title="bbox 1753 1951 3333 2022; baseline 0.003 -17"><span class='ocrx_word' id='word_1_364' title='bbox 1753 1951 2096 2020; x_wconf 81' lang='lat' dir='ltr'><strong>cupiditates,</strong></span> <span class='ocrx_word' id='word_1_365' title='bbox 2127 1967 2425 2022; x_wconf 89' lang='lat' dir='ltr'><strong>earumque</strong></span> <span class='ocrx_word' id='word_1_366' title='bbox 2455 1951 2732 2006; x_wconf 84' lang='lat' dir='ltr'><strong>dominam</strong></span> <span class='ocrx_word' id='word_1_367' title='bbox 2762 1953 3089 2022; x_wconf 89' lang='lat' dir='ltr'><strong>voluptatem</strong></span> <span class='ocrx_word' id='word_1_368' title='bbox 3111 1995 3127 2020; x_wconf 93' lang='lat'><strong>,</strong></span> <span class='ocrx_word' id='word_1_369' title='bbox 3175 1970 3333 2009; x_wconf 81' lang='lat' dir='ltr'><strong>amo-</strong></span> 
     </span>
    </p>
   </div>
   <div class='ocr_carea' id='block_1_49' title="bbox 1752 2043 3331 2113">
    <p class='ocr_par' dir='ltr' id='par_1_49' title="bbox 1752 2043 3331 2113">
     <span class='ocr_line' id='line_1_49' title="bbox 1752 2043 3331 2113; baseline 0.003 -18"><span class='ocrx_word' id='word_1_370' title='bbox 1752 2059 1908 2108; x_wconf 89' lang='lat' dir='ltr'><strong>rem,</strong></span> <span class='ocrx_word' id='word_1_371' title='bbox 1965 2043 2310 2112; x_wconf 88' lang='lat' dir='ltr'><strong>cupidinem,</strong></span> <span class='ocrx_word' id='word_1_372' title='bbox 2365 2057 2653 2102; x_wconf 86' lang='lat' dir='ltr'><strong>venerem,</strong></span> <span class='ocrx_word' id='word_1_373' title='bbox 2713 2043 3080 2112; x_wconf 88' lang='lat' dir='ltr'><strong>quibusipsos</strong></span> <span class='ocrx_word' id='word_1_374' title='bbox 3112 2059 3331 2113; x_wconf 89' lang='lat' dir='ltr'><strong>quoque</strong></span> 
     </span>
    </p>
   </div>
   <div class='ocr_carea' id='block_1_50' title="bbox 1750 2133 3329 2203">
    <p class='ocr_par' dir='ltr' id='par_1_50' title="bbox 1750 2133 3329 2203">
     <span class='ocr_line' id='line_1_50' title="bbox 1750 2133 3329 2203; baseline 0.004 -18"><span class='ocrx_word' id='word_1_375' title='bbox 1750 2133 1882 2186; x_wconf 90' lang='lat' dir='ltr'><strong>deos</strong></span> <span class='ocrx_word' id='word_1_376' title='bbox 1926 2133 2116 2188; x_wconf 85' lang='lat' dir='ltr'><strong>cedere</strong></span> <span class='ocrx_word' id='word_1_377' title='bbox 2163 2134 2480 2203; x_wconf 88' lang='lat' dir='ltr'><strong>jactabant,</strong></span> <span class='ocrx_word' id='word_1_378' title='bbox 2543 2135 2826 2190; x_wconf 82' lang='lat' dir='ltr'><strong>divinitate</strong></span> <span class='ocrx_word' id='word_1_379' title='bbox 2869 2137 3162 2192; x_wconf 89' lang='lat' dir='ltr'><strong>donarunt.</strong></span> <span class='ocrx_word' id='word_1_380' title='bbox 3222 2137 3329 2191; x_wconf 90' lang='lat' dir='ltr'><strong>Alii</strong></span> 
     </span>
    </p>
   </div>
   <div class='ocr_carea' id='block_1_51' title="bbox 1749 2225 3328 2299">
    <p class='ocr_par' dir='ltr' id='par_1_51' title="bbox 1749 2225 3328 2299">
     <span class='ocr_line' id='line_1_51' title="bbox 1749 2225 3328 2299; baseline 0.006 -23"><span class='ocrx_word' id='word_1_381' title='bbox 1749 2225 1913 2295; x_wconf 80' lang='lat'><strong>300</strong></span> <span class='ocrx_word' id='word_1_382' title='bbox 1953 2236 2212 2298; x_wconf 70' lang='lat' dir='ltr'><strong>tyrannos</strong></span> <span class='ocrx_word' id='word_1_383' title='bbox 2259 2228 2524 2296; x_wconf 84' lang='lat' dir='ltr'><strong>quosdam</strong></span> <span class='ocrx_word' id='word_1_384' title='bbox 2585 2243 2648 2282; x_wconf 91' lang='lat' dir='ltr'><strong>ac</strong></span> <span class='ocrx_word' id='word_1_385' title='bbox 2694 2228 3004 2299; x_wconf 88' lang='lat' dir='ltr'><strong>principes,</strong></span> <span class='ocrx_word' id='word_1_386' title='bbox 3062 2245 3092 2283; x_wconf 89' lang='lat' dir='ltr'><strong>a</strong></span> <span class='ocrx_word' id='word_1_387' title='bbox 3126 2229 3328 2299; x_wconf 81' lang='lat' dir='ltr'><strong>quibus</strong></span> 
     </span>
    </p>
   </div>
   <div class='ocr_carea' id='block_1_52' title="bbox 1749 2319 3329 2390">
    <p class='ocr_par' dir='ltr' id='par_1_52' title="bbox 1749 2319 3329 2390">
     <span class='ocr_line' id='line_1_52' title="bbox 1749 2319 3329 2390; baseline 0.003 -18"><span class='ocrx_word' id='word_1_388' title='bbox 1749 2319 2048 2388; x_wconf 69' lang='lat' dir='ltr'><strong>profeczum</strong></span> <span class='ocrx_word' id='word_1_389' title='bbox 2074 2336 2138 2376; x_wconf 90' lang='lat' dir='ltr'><strong>ac</strong></span> <span class='ocrx_word' id='word_1_390' title='bbox 2171 2329 2447 2390; x_wconf 89' lang='lat' dir='ltr'><strong>repertum</strong></span> <span class='ocrx_word' id='word_1_391' title='bbox 2481 2320 2684 2390; x_wconf 89' lang='lat' dir='ltr'><strong>aliquid</strong></span> <span class='ocrx_word' id='word_1_392' title='bbox 2717 2322 2785 2376; x_wconf 90' lang='lat' dir='ltr'><strong>ad</strong></span> <span class='ocrx_word' id='word_1_393' title='bbox 2816 2323 2937 2376; x_wconf 56' lang='lat' dir='ltr'><strong>vitae</strong></span> <span class='ocrx_word' id='word_1_394' title='bbox 2964 2322 3188 2376; x_wconf 90' lang='lat' dir='ltr'><strong>delicias</strong></span> <span class='ocrx_word' id='word_1_395' title='bbox 3209 2321 3329 2377; x_wconf 81' lang='lat' dir='ltr'><strong>fue-</strong></span> 
     </span>
    </p>
   </div>
   <div class='ocr_carea' id='block_1_53' title="bbox 1747 2414 3327 2485">
    <p class='ocr_par' dir='ltr' id='par_1_53' title="bbox 1747 2414 3327 2485">
     <span class='ocr_line' id='line_1_53' title="bbox 1747 2414 3327 2485; baseline 0.002 -17"><span class='ocrx_word' id='word_1_396' title='bbox 1747 2423 1853 2479; x_wconf 88' lang='lat' dir='ltr'><strong>rat,</strong></span> <span class='ocrx_word' id='word_1_397' title='bbox 1886 2429 2012 2468; x_wconf 88' lang='lat' dir='ltr'><strong>cum</strong></span> <span class='ocrx_word' id='word_1_398' title='bbox 2047 2414 2200 2470; x_wconf 86' lang='lat' dir='ltr'><strong>vivos</strong></span> <span class='ocrx_word' id='word_1_399' title='bbox 2231 2414 2411 2470; x_wconf 91' lang='lat' dir='ltr'><strong>adhuc</strong></span> <span class='ocrx_word' id='word_1_400' title='bbox 2445 2425 2498 2470; x_wconf 92' lang='lat' dir='ltr'><strong>et</strong></span> <span class='ocrx_word' id='word_1_401' title='bbox 2531 2417 2819 2485; x_wconf 88' lang='lat' dir='ltr'><strong>spirantes,</strong></span> <span class='ocrx_word' id='word_1_402' title='bbox 2851 2426 2966 2470; x_wconf 91' lang='lat' dir='ltr'><strong>tum</strong></span> <span class='ocrx_word' id='word_1_403' title='bbox 2993 2417 3156 2471; x_wconf 87' lang='lat' dir='ltr'><strong>etiam</strong></span> <span class='ocrx_word' id='word_1_404' title='bbox 3179 2433 3327 2471; x_wconf 87' lang='lat' dir='ltr'><strong>mor-</strong></span> 
     </span>
    </p>
   </div>
   <div class='ocr_carea' id='block_1_54' title="bbox 1747 2503 3329 2573">
    <p class='ocr_par' dir='ltr' id='par_1_54' title="bbox 1747 2503 3329 2573">
     <span class='ocr_line' id='line_1_54' title="bbox 1747 2503 3329 2573; baseline 0.004 -15"><span class='ocrx_word' id='word_1_405' title='bbox 1747 2512 1799 2558; x_wconf 88' lang='lat' dir='ltr'><strong>te</strong></span> <span class='ocrx_word' id='word_1_406' title='bbox 1828 2503 2160 2572; x_wconf 84' lang='lat' dir='ltr'><strong>perfunctos,</strong></span> <span class='ocrx_word' id='word_1_407' title='bbox 2194 2506 2420 2560; x_wconf 85' lang='lat' dir='ltr'><strong>deorum</strong></span> <span class='ocrx_word' id='word_1_408' title='bbox 2470 2508 2525 2561; x_wconf 90' lang='lat' dir='ltr'><strong>in</strong></span> <span class='ocrx_word' id='word_1_409' title='bbox 2553 2523 2782 2562; x_wconf 90' lang='lat' dir='ltr'><strong>numero</strong></span> <span class='ocrx_word' id='word_1_410' title='bbox 2815 2509 3183 2573; x_wconf 88' lang='lat' dir='ltr'><strong>collocarunt,</strong></span> <span class='ocrx_word' id='word_1_411' title='bbox 3235 2525 3329 2565; x_wconf 78' lang='lat' dir='ltr'><strong>ac-</strong></span> 
     </span>
    </p>
   </div>
   <div class='ocr_carea' id='block_1_55' title="bbox 1746 2597 3324 2670">
    <p class='ocr_par' dir='ltr' id='par_1_55' title="bbox 1746 2597 3324 2670">
     <span class='ocr_line' id='line_1_55' title="bbox 1746 2597 3324 2670; baseline 0.002 -19"><span class='ocrx_word' id='word_1_412' title='bbox 1746 2605 2026 2666; x_wconf 90' lang='lat' dir='ltr'><strong>ceptorum</strong></span> <span class='ocrx_word' id='word_1_413' title='bbox 2080 2597 2472 2653; x_wconf 78' lang='lat' dir='ltr'><strong>beneﬁciorum</strong></span> <span class='ocrx_word' id='word_1_414' title='bbox 2541 2600 2810 2654; x_wconf 88' lang='lat' dir='ltr'><strong>suavitate</strong></span> <span class='ocrx_word' id='word_1_415' title='bbox 2879 2601 3129 2670; x_wconf 88' lang='lat' dir='ltr'><strong>permoti.</strong></span> <span class='ocrx_word' id='word_1_416' title='bbox 3187 2601 3324 2667; x_wconf 80' lang='lat' dir='ltr'><strong>Alii,</strong></span> 
     </span>
    </p>
   </div>
   <div class='ocr_carea' id='block_1_56' title="bbox 1745 2689 3321 2759">
    <p class='ocr_par' dir='ltr' id='par_1_56' title="bbox 1745 2689 3321 2759">
     <span class='ocr_line' id='line_1_56' title="bbox 1745 2689 3321 2759; baseline 0.003 -18"><span class='ocrx_word' id='word_1_417' title='bbox 1745 2703 2036 2758; x_wconf 86' lang='lat' dir='ltr'><strong>pravorum</strong></span> <span class='ocrx_word' id='word_1_418' title='bbox 2068 2689 2357 2758; x_wconf 88' lang='lat' dir='ltr'><strong>spirituum</strong></span> <span class='ocrx_word' id='word_1_419' title='bbox 2401 2706 2466 2746; x_wconf 92' lang='lat' dir='ltr'><strong>ac</strong></span> <span class='ocrx_word' id='word_1_420' title='bbox 2493 2691 2800 2746; x_wconf 65' lang='lat' dir='ltr'><strong>daemonum</strong></span> <span class='ocrx_word' id='word_1_421' title='bbox 2827 2693 2988 2748; x_wconf 91' lang='lat' dir='ltr'><strong>ludus</strong></span> <span class='ocrx_word' id='word_1_422' title='bbox 3015 2702 3069 2748; x_wconf 90' lang='lat' dir='ltr'><strong>et</strong></span> <span class='ocrx_word' id='word_1_423' title='bbox 3105 2693 3284 2748; x_wconf 75' lang='lat' dir='ltr'><strong>fabula</strong></span> <span class='ocrx_word' id='word_1_424' title='bbox 3304 2735 3321 2759; x_wconf 96' lang='lat'><strong>,</strong></span> 
     </span>
    </p>
   </div>
   <div class='ocr_carea' id='block_1_57' title="bbox 1743 2781 3324 2856">
    <p class='ocr_par' dir='ltr' id='par_1_57' title="bbox 1743 2781 3324 2856">
     <span class='ocr_line' id='line_1_57' title="bbox 1743 2781 3324 2856; baseline 0.003 -22"><span class='ocrx_word' id='word_1_425' title='bbox 1743 2795 1809 2834; x_wconf 92' lang='lat' dir='ltr'><strong>eo</strong></span> <span class='ocrx_word' id='word_1_426' title='bbox 1842 2781 2214 2836; x_wconf 86' lang='lat' dir='ltr'><strong>vehementius</strong></span> <span class='ocrx_word' id='word_1_427' title='bbox 2244 2782 2412 2851; x_wconf 88' lang='lat' dir='ltr'><strong>partis</strong></span> <span class='ocrx_word' id='word_1_428' title='bbox 2447 2783 2591 2837; x_wconf 91' lang='lat' dir='ltr'><strong>illius</strong></span> <span class='ocrx_word' id='word_1_429' title='bbox 2621 2783 2817 2838; x_wconf 74' lang='lat' dir='ltr'><strong>anima:</strong></span> <span class='ocrx_word' id='word_1_430' title='bbox 2849 2799 2997 2856; x_wconf 66' lang='lat' dir='ltr'><strong>suae,</strong></span> <span class='ocrx_word' id='word_1_431' title='bbox 3039 2800 3160 2854; x_wconf 73' lang='lat' dir='ltr'><strong>qua:</strong></span> <span class='ocrx_word' id='word_1_432' title='bbox 3208 2800 3324 2854; x_wconf 76' lang='lat' dir='ltr'><strong>per</strong></span> 
     </span>
    </p>
   </div>
   <div class='ocr_carea' id='block_1_58' title="bbox 1744 2872 3323 2944">
    <p class='ocr_par' dir='ltr' id='par_1_58' title="bbox 1744 2872 3323 2944">
     <span class='ocr_line' id='line_1_58' title="bbox 1744 2872 3323 2944; baseline 0.002 -19"><span class='ocrx_word' id='word_1_433' title='bbox 1744 2872 2116 2927; x_wconf 90' lang='lat' dir='ltr'><strong>turbationum</strong></span> <span class='ocrx_word' id='word_1_434' title='bbox 2151 2883 2203 2927; x_wconf 91' lang='lat' dir='ltr'><strong>et</strong></span> <span class='ocrx_word' id='word_1_435' title='bbox 2232 2873 2590 2943; x_wconf 87' lang='lat' dir='ltr'><strong>cupiditatum</strong></span> <span class='ocrx_word' id='word_1_436' title='bbox 2635 2876 2792 2930; x_wconf 89' lang='lat' dir='ltr'><strong>sedes</strong></span> <span class='ocrx_word' id='word_1_437' title='bbox 2839 2884 2943 2942; x_wconf 91' lang='lat' dir='ltr'><strong>est,</strong></span> <span class='ocrx_word' id='word_1_438' title='bbox 2968 2879 3077 2929; x_wconf 91' lang='lat' dir='ltr'><strong>vim</strong></span> <span class='ocrx_word' id='word_1_439' title='bbox 3115 2891 3179 2930; x_wconf 87' lang='lat' dir='ltr'><strong>ac</strong></span> <span class='ocrx_word' id='word_1_440' title='bbox 3223 2891 3323 2944; x_wconf 87' lang='lat' dir='ltr'><strong>po-</strong></span> 
     </span>
    </p>
   </div>
   <div class='ocr_carea' id='block_1_59' title="bbox 1743 2969 3322 3038">
    <p class='ocr_par' dir='ltr' id='par_1_59' title="bbox 1743 2969 3322 3038">
     <span class='ocr_line' id='line_1_59' title="bbox 1743 2969 3322 3038; baseline 0.003 -19"><span class='ocrx_word' id='word_1_441' title='bbox 1743 2973 1994 3019; x_wconf 89' lang='lat' dir='ltr'><strong>testatem</strong></span> <span class='ocrx_word' id='word_1_442' title='bbox 2039 2975 2329 3031; x_wconf 82' lang='lat' dir='ltr'><strong>auxerunt,</strong></span> <span class='ocrx_word' id='word_1_443' title='bbox 2363 2983 2473 3037; x_wconf 91' lang='lat' dir='ltr'><strong>quo</strong></span> <span class='ocrx_word' id='word_1_444' title='bbox 2521 2983 2718 3023; x_wconf 89' lang='lat' dir='ltr'><strong>novam</strong></span> <span class='ocrx_word' id='word_1_445' title='bbox 2754 2969 2858 3023; x_wconf 89' lang='lat' dir='ltr'><strong>sibi</strong></span> <span class='ocrx_word' id='word_1_446' title='bbox 2893 2969 3222 3038; x_wconf 87' lang='lat' dir='ltr'><strong>voluptatem</strong></span> <span class='ocrx_word' id='word_1_447' title='bbox 3251 2969 3322 3024; x_wconf 92' lang='lat' dir='ltr'><strong>ab</strong></span> 
     </span>
    </p>
   </div>
   <div class='ocr_carea' id='block_1_60' title="bbox 1742 3058 3321 3132">
    <p class='ocr_par' dir='ltr' id='par_1_60' title="bbox 1742 3058 3321 3132">
     <span class='ocr_line' id='line_1_60' title="bbox 1742 3058 3321 3132; baseline 0.001 -20"><span class='ocrx_word' id='word_1_448' title='bbox 1742 3058 1809 3112; x_wconf 91' lang='lat' dir='ltr'><strong>iis</strong></span> <span class='ocrx_word' id='word_1_449' title='bbox 1829 3059 2064 3128; x_wconf 82' lang='lat' dir='ltr'><strong>c0piam,</strong></span> <span class='ocrx_word' id='word_1_450' title='bbox 2103 3060 2331 3114; x_wconf 90' lang='lat' dir='ltr'><strong>solemni</strong></span> <span class='ocrx_word' id='word_1_451' title='bbox 2362 3061 2634 3132; x_wconf 89' lang='lat' dir='ltr'><strong>certisque</strong></span> <span class='ocrx_word' id='word_1_452' title='bbox 2675 3062 2869 3116; x_wconf 90' lang='lat' dir='ltr'><strong>ritibus</strong></span> <span class='ocrx_word' id='word_1_453' title='bbox 2899 3062 3195 3116; x_wconf 90' lang='lat' dir='ltr'><strong>constituta</strong></span> <span class='ocrx_word' id='word_1_454' title='bbox 3226 3076 3321 3116; x_wconf 88' lang='lat' dir='ltr'><strong>eo-</strong></span> 
     </span>
    </p>
   </div>
   <div class='ocr_carea' id='block_1_61' title="bbox 121 3138 1638 3234">
    <p class='ocr_par' dir='ltr' id='par_1_61' title="bbox 121 3138 1632 3234">
     <span class='ocr_line' id='line_1_61' title="bbox 121 3138 1632 3234; baseline 0.019 -46"><span class='ocrx_word' id='word_1_455' title='bbox 121 3138 185 3234; x_wconf 61' lang='grc' dir='ltr'>ὼς</span> <span class='ocrx_word' id='word_1_456' title='bbox 200 3140 250 3234; x_wconf 61' lang='grc' dir='ltr'><strong>ἀν</strong></span> <span class='ocrx_word' id='word_1_457' title='bbox 274 3143 513 3219; x_wconf 79' lang='grc' dir='ltr'>δεσποίνῃ</span> <span class='ocrx_word' id='word_1_458' title='bbox 548 3152 730 3221; x_wconf 84' lang='grc' dir='ltr'>πικρᾷ</span> <span class='ocrx_word' id='word_1_459' title='bbox 769 3153 861 3205; x_wconf 81' lang='grc' dir='ltr'><strong>καὶ</strong></span> <span class='ocrx_word' id='word_1_460' title='bbox 900 3153 1258 3229; x_wconf 81' lang='grc' dir='ltr'>χαλεπωτάτῃ</span> <span class='ocrx_word' id='word_1_461' title='bbox 1306 3159 1466 3232; x_wconf 77' lang='grc' dir='ltr'>ἡδονῇ</span> <span class='ocrx_word' id='word_1_462' title='bbox 1506 3161 1632 3232; x_wconf 85' lang='grc' dir='ltr'>θεῷ,</span> 
     </span>
    </p>
   </div>
   <div class='ocr_carea' id='block_1_62' title="bbox 1745 3138 3320 3234">
    <p class='ocr_par' dir='ltr' id='par_1_62' title="bbox 1745 3152 3320 3221">
     <span class='ocr_line' id='line_1_62' title="bbox 1745 3152 3320 3221; baseline 0.001 -16"><span class='ocrx_word' id='word_1_463' title='bbox 1745 3166 1862 3205; x_wconf 89' lang='lat' dir='ltr'><strong>rum</strong></span> <span class='ocrx_word' id='word_1_464' title='bbox 1893 3153 2240 3207; x_wconf 85' lang='lat' dir='ltr'><strong>veneratione</strong></span> <span class='ocrx_word' id='word_1_465' title='bbox 2265 3153 2674 3221; x_wconf 89' lang='lat' dir='ltr'><strong>comparabant.</strong></span> <span class='ocrx_word' id='word_1_466' title='bbox 2710 3152 2852 3219; x_wconf 91' lang='lat' dir='ltr'><strong>Alii,</strong></span> <span class='ocrx_word' id='word_1_467' title='bbox 2897 3154 3151 3208; x_wconf 90' lang='lat' dir='ltr'><strong>omnibus</strong></span> <span class='ocrx_word' id='word_1_468' title='bbox 3201 3153 3320 3208; x_wconf 87' lang='lat' dir='ltr'><strong>istis</strong></span> 
     </span>
    </p>
   </div>
   <div class='ocr_carea' id='block_1_63' title="bbox 121 3231 1633 3316">
    <p class='ocr_par' dir='ltr' id='par_1_63' title="bbox 121 3231 1633 3316">
     <span class='ocr_line' id='line_1_63' title="bbox 121 3231 1633 3316; baseline 0.015 -34"><span class='ocrx_word' id='word_1_469' title='bbox 121 3231 268 3296; x_wconf 74' lang='grc' dir='ltr'>μᾶλλον</span> <span class='ocrx_word' id='word_1_470' title='bbox 295 3235 345 3286; x_wconf 82' lang='grc' dir='ltr'>δὲ</span> <span class='ocrx_word' id='word_1_471' title='bbox 375 3236 588 3308; x_wconf 78' lang='grc' dir='ltr'>αἰσχρῴ</span> <span class='ocrx_word' id='word_1_472' title='bbox 626 3241 719 3292; x_wconf 77' lang='grc' dir='ltr'><strong>καὶ</strong></span> <span class='ocrx_word' id='word_1_473' title='bbox 754 3241 1040 3313; x_wconf 79' lang='grc' dir='ltr'>ἀκολάστῳ</span> <span class='ocrx_word' id='word_1_474' title='bbox 1064 3245 1276 3316; x_wconf 87' lang='grc' dir='ltr'>δαίμονι</span> <span class='ocrx_word' id='word_1_475' title='bbox 1317 3231 1633 3304; x_wconf 80' lang='grc' dir='ltr'>καταδεδου-</span> 
     </span>
    </p>
   </div>
   <div class='ocr_carea' id='block_1_64' title="bbox 118 3319 1632 3415">
    <p class='ocr_par' dir='ltr' id='par_1_64' title="bbox 118 3319 1632 3415">
     <span class='ocr_line' id='line_1_64' title="bbox 118 3319 1632 3415; baseline 0.018 -42"><span class='ocrx_word' id='word_1_476' title='bbox 118 3319 332 3392; x_wconf 73' lang='grc' dir='ltr'>λωμένους</span> <span class='ocrx_word' id='word_1_477' title='bbox 371 3329 507 3398; x_wconf 78' lang='grc'>(61),</span> <span class='ocrx_word' id='word_1_478' title='bbox 547 3334 835 3398; x_wconf 86' lang='grc' dir='ltr'>παντοίαις</span> <span class='ocrx_word' id='word_1_479' title='bbox 883 3337 1173 3408; x_wconf 72' lang='grc' dir='ltr'>ἐνεφύρετο</span> <span class='ocrx_word' id='word_1_480' title='bbox 1217 3339 1632 3415; x_wconf 83' lang='grc' dir='ltr'>ταλαιπωρίαις.</span> 
     </span>
    </p>
   </div>
   <div class='ocr_carea' id='block_1_65' title="bbox 123 3418 1635 3502">
    <p class='ocr_par' dir='ltr' id='par_1_65' title="bbox 123 3418 1635 3502">
     <span class='ocr_line' id='line_1_65' title="bbox 123 3418 1635 3502; baseline 0.015 -34"><span class='ocrx_word' id='word_1_481' title='bbox 123 3433 134 3463; x_wconf 80' lang='grc' dir='ltr'><strong>ι</strong></span> <span class='ocrx_word' id='word_1_482' title='bbox 161 3418 213 3468; x_wconf 80' lang='grc' dir='ltr'><strong>Δί</strong></span> <span class='ocrx_word' id='word_1_483' title='bbox 234 3436 284 3471; x_wconf 87' lang='grc' dir='ltr'><strong>τε</strong></span> <span class='ocrx_word' id='word_1_484' title='bbox 308 3421 406 3492; x_wconf 71' lang='grc' dir='ltr'><strong>γὰρ</strong></span> <span class='ocrx_word' id='word_1_485' title='bbox 429 3423 645 3494; x_wconf 84' lang='grc' dir='ltr'>θήλειαι</span> <span class='ocrx_word' id='word_1_486' title='bbox 676 3427 878 3490; x_wconf 80' lang='grc' dir='ltr'>αὐτῶν,</span> <span class='ocrx_word' id='word_1_487' title='bbox 909 3448 928 3480; x_wconf 77' lang='grc' dir='ltr'><strong>ι</strong></span> <span class='ocrx_word' id='word_1_488' title='bbox 983 3429 1124 3483; x_wconf 83' lang='grc' dir='ltr'>κατὰ</span> <span class='ocrx_word' id='word_1_489' title='bbox 1157 3431 1252 3485; x_wconf 85' lang='grc' dir='ltr'><strong>τὸν</strong></span> <span class='ocrx_word' id='word_1_490' title='bbox 1299 3429 1442 3502; x_wconf 81' lang='grc' dir='ltr'>ἱερὸν</span> <span class='ocrx_word' id='word_1_491' title='bbox 1477 3435 1635 3490; x_wconf 82' lang='grc' dir='ltr'>Ἀπό-</span> 
     </span>
    </p>
   </div>
   <div class='ocr_carea' id='block_1_66' title="bbox 119 3510 1635 3602">
    <p class='ocr_par' dir='ltr' id='par_1_66' title="bbox 119 3510 1635 3602">
     <span class='ocr_line' id='line_1_66' title="bbox 119 3510 1635 3602; baseline 0.015 -41"><span class='ocrx_word' id='word_1_492' title='bbox 119 3510 272 3575; x_wconf 75' lang='grc' dir='ltr'>στολον,</span> <span class='ocrx_word' id='word_1_493' title='bbox 316 3532 333 3565; x_wconf 75' lang='grc' dir='ltr'><strong>ι</strong></span> <span class='ocrx_word' id='word_1_494' title='bbox 370 3517 714 3588; x_wconf 74' lang='grc' dir='ltr'>μετήλλαξαν</span> <span class='ocrx_word' id='word_1_495' title='bbox 748 3519 846 3590; x_wconf 82' lang='grc' dir='ltr'>τὴν</span> <span class='ocrx_word' id='word_1_496' title='bbox 886 3524 1120 3595; x_wconf 78' lang='grc' dir='ltr'>φυσικὴν</span> <span class='ocrx_word' id='word_1_497' title='bbox 1163 3526 1360 3596; x_wconf 81' lang='grc' dir='ltr'>χρῆσιν</span> <span class='ocrx_word' id='word_1_498' title='bbox 1406 3530 1504 3600; x_wconf 83' lang='grc' dir='ltr'>τῆς</span> <span class='ocrx_word' id='word_1_499' title='bbox 1538 3530 1635 3602; x_wconf 87' lang='grc' dir='ltr'>θη-</span> 
     </span>
    </p>
   </div>
   <div class='ocr_carea' id='block_1_67' title="bbox 117 3601 1630 3693">
    <p class='ocr_par' dir='ltr' id='par_1_67' title="bbox 117 3601 1630 3693">
     <span class='ocr_line' id='line_1_67' title="bbox 117 3601 1630 3693; baseline 0.017 -41"><span class='ocrx_word' id='word_1_500' title='bbox 117 3601 226 3666; x_wconf 74' lang='grc' dir='ltr'>λείας</span> <span class='ocrx_word' id='word_1_501' title='bbox 252 3611 319 3670; x_wconf 86' lang='grc' dir='ltr'><strong>είς</strong></span> <span class='ocrx_word' id='word_1_502' title='bbox 344 3610 436 3680; x_wconf 77' lang='grc' dir='ltr'>τὴν</span> <span class='ocrx_word' id='word_1_503' title='bbox 467 3612 622 3682; x_wconf 80' lang='grc' dir='ltr'><strong>παρά</strong></span> <span class='ocrx_word' id='word_1_504' title='bbox 647 3612 825 3680; x_wconf 80' lang='grc' dir='ltr'>φύσιν.</span> <span class='ocrx_word' id='word_1_505' title='bbox 859 3615 1088 3685; x_wconf 87' lang='grc' dir='ltr'>Ὁμοίως</span> <span class='ocrx_word' id='word_1_506' title='bbox 1115 3619 1168 3671; x_wconf 78' lang='grc' dir='ltr'>δὲ</span> <span class='ocrx_word' id='word_1_507' title='bbox 1200 3621 1360 3674; x_wconf 83' lang='grc' dir='ltr'>κοιὶοὶ</span> <span class='ocrx_word' id='word_1_508' title='bbox 1385 3623 1630 3693; x_wconf 79' lang='grc' dir='ltr'>ἄρσενες,</span> 
     </span>
    </p>
   </div>
   <div class='ocr_carea' id='block_1_68' title="bbox 117 3695 1634 3786">
    <p class='ocr_par' dir='ltr' id='par_1_68' title="bbox 117 3695 1634 3786">
     <span class='ocr_line' id='line_1_68' title="bbox 117 3695 1634 3786; baseline 0.016 -41"><span class='ocrx_word' id='word_1_509' title='bbox 117 3695 292 3761; x_wconf 54' lang='grc' dir='ltr'>ἀφέντες</span> <span class='ocrx_word' id='word_1_510' title='bbox 316 3703 405 3772; x_wconf 72' lang='grc' dir='ltr'>τὴν</span> <span class='ocrx_word' id='word_1_511' title='bbox 440 3705 680 3774; x_wconf 68' lang='grc' dir='ltr'>φυσικὴν</span> <span class='ocrx_word' id='word_1_512' title='bbox 709 3705 906 3777; x_wconf 79' lang='grc' dir='ltr'>χρῆσιν</span> <span class='ocrx_word' id='word_1_513' title='bbox 946 3709 1044 3778; x_wconf 87' lang='grc' dir='ltr'>τῆς</span> <span class='ocrx_word' id='word_1_514' title='bbox 1064 3707 1300 3780; x_wconf 80' lang='grc' dir='ltr'>θηλείας,</span> <span class='ocrx_word' id='word_1_515' title='bbox 1338 3713 1634 3786; x_wconf 81' lang='grc' dir='ltr'>ἐξεκαύθη-</span> 
     </span>
    </p>
   </div>
   <div class='ocr_carea' id='block_1_69' title="bbox 118 3792 1629 3876">
    <p class='ocr_par' dir='ltr' id='par_1_69' title="bbox 118 3792 1629 3876">
     <span class='ocr_line' id='line_1_69' title="bbox 118 3792 1629 3876; baseline 0.017 -41"><span class='ocrx_word' id='word_1_516' title='bbox 118 3801 189 3837; x_wconf 71' lang='grc' dir='ltr'><strong>σαν</strong></span> <span class='ocrx_word' id='word_1_517' title='bbox 214 3792 262 3841; x_wconf 80' lang='grc' dir='ltr'>ἐν</span> <span class='ocrx_word' id='word_1_518' title='bbox 282 3796 338 3862; x_wconf 81' lang='grc' dir='ltr'>τῇ</span> <span class='ocrx_word' id='word_1_519' title='bbox 365 3794 536 3865; x_wconf 74' lang='grc' dir='ltr'>ὀρέξει</span> <span class='ocrx_word' id='word_1_520' title='bbox 562 3797 746 3850; x_wconf 80' lang='grc' dir='ltr'>αὐτῶν</span> <span class='ocrx_word' id='word_1_521' title='bbox 775 3800 856 3862; x_wconf 84' lang='grc' dir='ltr'><strong>εἰς</strong></span> <span class='ocrx_word' id='word_1_522' title='bbox 880 3798 1162 3870; x_wconf 86' lang='grc' dir='ltr'>ἀλλήλους,</span> <span class='ocrx_word' id='word_1_523' title='bbox 1182 3805 1407 3873; x_wconf 84' lang='grc' dir='ltr'>ἄρσενες</span> <span class='ocrx_word' id='word_1_524' title='bbox 1438 3807 1629 3876; x_wconf 82' lang='grc' dir='ltr'>ἄρσεσι</span> 
     </span>
    </p>
   </div>
   <div class='ocr_carea' id='block_1_70' title="bbox 117 3879 1629 3968">
    <p class='ocr_par' dir='ltr' id='par_1_70' title="bbox 117 3879 1629 3968">
     <span class='ocr_line' id='line_1_70' title="bbox 117 3879 1629 3968; baseline 0.015 -39"><span class='ocrx_word' id='word_1_525' title='bbox 117 3879 187 3948; x_wconf 70' lang='grc' dir='ltr'><strong>τὴν</strong></span> <span class='ocrx_word' id='word_1_526' title='bbox 226 3883 582 3960; x_wconf 78' lang='grc' dir='ltr'>ἀσχημοσύνην</span> <span class='ocrx_word' id='word_1_527' title='bbox 628 3889 1112 3961; x_wconf 80' lang='grc' dir='ltr'>κατεργαζόμενοι,</span> <span class='ocrx_word' id='word_1_528' title='bbox 1158 3894 1250 3946; x_wconf 74' lang='grc' dir='ltr'><strong>καὶ</strong></span> <span class='ocrx_word' id='word_1_529' title='bbox 1277 3895 1374 3967; x_wconf 76' lang='grc' dir='ltr'>τὴν</span> <span class='ocrx_word' id='word_1_530' title='bbox 1417 3898 1629 3968; x_wconf 87' lang='grc' dir='ltr'>ἀντιμι-</span> 
     </span>
    </p>
   </div>
   <div class='ocr_carea' id='block_1_71' title="bbox 118 3969 1633 4063">
    <p class='ocr_par' dir='ltr' id='par_1_71' title="bbox 118 3969 1633 4063">
     <span class='ocr_line' id='line_1_71' title="bbox 118 3969 1633 4063; baseline 0.015 -40"><span class='ocrx_word' id='word_1_531' title='bbox 118 3969 247 4038; x_wconf 74' lang='grc' dir='ltr'>ςθίαν,</span> <span class='ocrx_word' id='word_1_532' title='bbox 273 3978 330 4047; x_wconf 77' lang='grc' dir='ltr'>ῆν</span> <span class='ocrx_word' id='word_1_533' title='bbox 351 3979 473 4044; x_wconf 77' lang='grc' dir='ltr'>ἔδει,</span> <span class='ocrx_word' id='word_1_534' title='bbox 499 3981 598 4051; x_wconf 80' lang='grc' dir='ltr'><strong>τῆς</strong></span> <span class='ocrx_word' id='word_1_535' title='bbox 631 3981 839 4054; x_wconf 84' lang='grc' dir='ltr'>πλάνης</span> <span class='ocrx_word' id='word_1_536' title='bbox 855 3983 1033 4037; x_wconf 81' lang='grc' dir='ltr'>αὐτῶν</span> <span class='ocrx_word' id='word_1_537' title='bbox 1062 3988 1119 4038; x_wconf 84' lang='grc' dir='ltr'>ὲν</span> <span class='ocrx_word' id='word_1_538' title='bbox 1143 3988 1355 4052; x_wconf 80' lang='grc' dir='ltr'>ἑαυτοῖς</span> <span class='ocrx_word' id='word_1_539' title='bbox 1384 3991 1633 4063; x_wconf 83' lang='grc' dir='ltr'>ἀπολαμ-</span> 
     </span>
    </p>
   </div>
   <div class='ocr_carea' id='block_1_72' title="bbox 119 4059 1629 4155">
    <p class='ocr_par' dir='ltr' id='par_1_72' title="bbox 119 4059 1629 4155">
     <span class='ocr_line' id='line_1_72' title="bbox 119 4059 1629 4155; baseline 0.017 -42"><span class='ocrx_word' id='word_1_540' title='bbox 119 4059 376 4150; x_wconf 44' lang='grc' dir='ltr'>ὃὰνοντεςδ.</span> <span class='ocrx_word' id='word_1_541' title='bbox 399 4071 585 4146; x_wconf 74' lang='grc' dir='ltr'>Ταύτῃ</span> <span class='ocrx_word' id='word_1_542' title='bbox 622 4077 715 4128; x_wconf 78' lang='grc' dir='ltr'><strong>καὶ</strong></span> <span class='ocrx_word' id='word_1_543' title='bbox 754 4076 1012 4147; x_wconf 86' lang='grc' dir='ltr'>’Έλληνες</span> <span class='ocrx_word' id='word_1_544' title='bbox 1034 4079 1128 4130; x_wconf 74' lang='grc' dir='ltr'>καὶ</span> <span class='ocrx_word' id='word_1_545' title='bbox 1158 4079 1444 4153; x_wconf 75' lang='grc' dir='ltr'>βάρϐαροι,</span> <span class='ocrx_word' id='word_1_546' title='bbox 1478 4059 1629 4155; x_wconf 41' lang='lat' dir='ltr'><strong>copo!</strong></span> 
     </span>
    </p>
   </div>
   <div class='ocr_carea' id='block_1_73' title="bbox 115 4159 1625 4245">
    <p class='ocr_par' dir='ltr' id='par_1_73' title="bbox 115 4159 1625 4245">
     <span class='ocr_line' id='line_1_73' title="bbox 115 4159 1625 4245; baseline 0.018 -41"><span class='ocrx_word' id='word_1_547' title='bbox 115 4159 247 4210; x_wconf 78' lang='grc' dir='ltr'>τεκαὶ</span> <span class='ocrx_word' id='word_1_548' title='bbox 275 4163 492 4229; x_wconf 84' lang='grc' dir='ltr'>ἰδιῶται,</span> <span class='ocrx_word' id='word_1_549' title='bbox 521 4168 699 4238; x_wconf 86' lang='grc' dir='ltr'>χαμαί</span> <span class='ocrx_word' id='word_1_550' title='bbox 733 4185 791 4220; x_wconf 86' lang='grc' dir='ltr'><strong>τε</strong></span> <span class='ocrx_word' id='word_1_551' title='bbox 824 4171 917 4222; x_wconf 78' lang='grc' dir='ltr'><strong>καὶ</strong></span> <span class='ocrx_word' id='word_1_552' title='bbox 949 4171 1044 4224; x_wconf 74' lang='grc' dir='ltr'><strong>ἐπὶ</strong></span> <span class='ocrx_word' id='word_1_553' title='bbox 1077 4175 1316 4245; x_wconf 85' lang='grc' dir='ltr'>γαστέρα</span> <span class='ocrx_word' id='word_1_554' title='bbox 1349 4178 1625 4243; x_wconf 85' lang='grc' dir='ltr'>πεσόντες,</span> 
     </span>
    </p>
   </div>
   <div class='ocr_carea' id='block_1_74' title="bbox 118 4245 1629 4339">
    <p class='ocr_par' dir='ltr' id='par_1_74' title="bbox 118 4245 1629 4339">
     <span class='ocr_line' id='line_1_74' title="bbox 118 4245 1629 4339; baseline 0.015 -38"><span class='ocrx_word' id='word_1_555' title='bbox 118 4245 170 4308; x_wconf 76' lang='grc' dir='ltr'><strong>ὡς</strong></span> <span class='ocrx_word' id='word_1_556' title='bbox 193 4249 279 4320; x_wconf 81' lang='grc' dir='ltr'>Θεῷ</span> <span class='ocrx_word' id='word_1_557' title='bbox 302 4259 361 4325; x_wconf 77' lang='grc' dir='ltr'>τῇ</span> <span class='ocrx_word' id='word_1_558' title='bbox 396 4257 551 4329; x_wconf 79' lang='grc' dir='ltr'>ἡδονῇ</span> <span class='ocrx_word' id='word_1_559' title='bbox 611 4261 1052 4332; x_wconf 71' lang='grc' dir='ltr'>προσεκύνησανο</span> <span class='ocrx_word' id='word_1_560' title='bbox 1121 4270 1347 4336; x_wconf 83' lang='grc' dir='ltr'>πρηνεῖς</span> <span class='ocrx_word' id='word_1_561' title='bbox 1381 4285 1441 4321; x_wconf 86' lang='grc' dir='ltr'><strong>τε</strong></span> <span class='ocrx_word' id='word_1_562' title='bbox 1490 4272 1629 4339; x_wconf 80' lang='grc' dir='ltr'>σφᾶς</span> 
     </span>
    </p>
   </div>
   <div class='ocr_carea' id='block_1_75' title="bbox 115 4341 1628 4432">
    <p class='ocr_par' dir='ltr' id='par_1_75' title="bbox 115 4341 1628 4432">
     <span class='ocr_line' id='line_1_75' title="bbox 115 4341 1628 4432; baseline 0.017 -41"><span class='ocrx_word' id='word_1_563' title='bbox 115 4341 262 4405; x_wconf 59' lang='grc' dir='ltr'>αὐτοὺς</span> <span class='ocrx_word' id='word_1_564' title='bbox 300 4348 533 4418; x_wconf 80' lang='grc' dir='ltr'>ἑρπετῶν</span> <span class='ocrx_word' id='word_1_565' title='bbox 586 4352 743 4424; x_wconf 82' lang='grc' dir='ltr'>δίκην</span> <span class='ocrx_word' id='word_1_566' title='bbox 794 4355 1226 4421; x_wconf 74' lang='grc' dir='ltr'>καταϐαλόντες,</span> <span class='ocrx_word' id='word_1_567' title='bbox 1271 4360 1480 4432; x_wconf 80' lang='grc' dir='ltr'>ἄμαχον</span> <span class='ocrx_word' id='word_1_568' title='bbox 1533 4365 1628 4416; x_wconf 79' lang='grc' dir='ltr'><strong>καὶ</strong></span> 
     </span>
    </p>
   </div>
   <div class='ocr_carea' id='block_1_76' title="bbox 114 4429 1624 4523">
    <p class='ocr_par' dir='ltr' id='par_1_76' title="bbox 114 4429 1624 4523">
     <span class='ocr_line' id='line_1_76' title="bbox 114 4429 1624 4523; baseline 0.013 -36"><span class='ocrx_word' id='word_1_569' title='bbox 114 4429 420 4507; x_wconf 68' lang='grc' dir='ltr'>ἀπαραίτητον</span> <span class='ocrx_word' id='word_1_570' title='bbox 444 4441 563 4496; x_wconf 73' lang='grc' dir='ltr'>θεὸν</span> <span class='ocrx_word' id='word_1_571' title='bbox 588 4443 792 4516; x_wconf 74' lang='grc' dir='ltr'>ταύτην</span> <span class='ocrx_word' id='word_1_572' title='bbox 822 4449 1096 4518; x_wconf 84' lang='grc' dir='ltr'>ἡγήσαντό</span> <span class='ocrx_word' id='word_1_573' title='bbox 1125 4467 1181 4502; x_wconf 90' lang='grc' dir='ltr'><strong>τε</strong></span> <span class='ocrx_word' id='word_1_574' title='bbox 1218 4452 1313 4504; x_wconf 67' lang='grc' dir='ltr'><strong>κα)⁸</strong></span> <span class='ocrx_word' id='word_1_575' title='bbox 1343 4452 1624 4523; x_wconf 80' lang='grc' dir='ltr'>ἔστερξαν·</span> 
     </span>
    </p>
   </div>
   <div class='ocr_carea' id='block_1_77' title="bbox 1740 3244 3316 3314">
    <p class='ocr_par' dir='ltr' id='par_1_77' title="bbox 1740 3244 3316 3314">
     <span class='ocr_line' id='line_1_77' title="bbox 1740 3244 3316 3314; baseline 0.002 -19"><span class='ocrx_word' id='word_1_576' title='bbox 1740 3244 1917 3298; x_wconf 88' lang='lat' dir='ltr'><strong>valere</strong></span> <span class='ocrx_word' id='word_1_577' title='bbox 1941 3244 2134 3313; x_wconf 87' lang='lat' dir='ltr'><strong>jussis,</strong></span> <span class='ocrx_word' id='word_1_578' title='bbox 2167 3244 2372 3314; x_wconf 86' lang='lat' dir='ltr'><strong>aliquid</strong></span> <span class='ocrx_word' id='word_1_579' title='bbox 2404 3259 2525 3299; x_wconf 90' lang='lat' dir='ltr'><strong>sese</strong></span> <span class='ocrx_word' id='word_1_580' title='bbox 2559 3245 2662 3298; x_wconf 90' lang='lat' dir='ltr'><strong>rati</strong></span> <span class='ocrx_word' id='word_1_581' title='bbox 2687 3245 2933 3299; x_wconf 79' lang='lat' dir='ltr'><strong>universa</strong></span> <span class='ocrx_word' id='word_1_582' title='bbox 2967 3245 3068 3299; x_wconf 86' lang='lat' dir='ltr'><strong>hac</strong></span> <span class='ocrx_word' id='word_1_583' title='bbox 3098 3244 3316 3299; x_wconf 88' lang='lat' dir='ltr'><strong>theolo-</strong></span> 
     </span>
    </p>
   </div>
   <div class='ocr_carea' id='block_1_78' title="bbox 1739 3335 3316 3406">
    <p class='ocr_par' dir='ltr' id='par_1_78' title="bbox 1739 3335 3316 3406">
     <span class='ocr_line' id='line_1_78' title="bbox 1739 3335 3316 3406; baseline 0.003 -17"><span class='ocrx_word' id='word_1_584' title='bbox 1739 3337 1825 3406; x_wconf 74' lang='lat' dir='ltr'><strong>gia</strong></span> <span class='ocrx_word' id='word_1_585' title='bbox 1858 3337 2038 3390; x_wconf 90' lang='lat' dir='ltr'><strong>moliri</strong></span> <span class='ocrx_word' id='word_1_586' title='bbox 2062 3337 2434 3406; x_wconf 73' lang='lat' dir='ltr'><strong>praestantius,</strong></span> <span class='ocrx_word' id='word_1_587' title='bbox 2463 3336 2804 3391; x_wconf 84' lang='lat' dir='ltr'><strong>divinitatem</strong></span> <span class='ocrx_word' id='word_1_588' title='bbox 2830 3351 3043 3390; x_wconf 90' lang='lat' dir='ltr'><strong>omnem</strong></span> <span class='ocrx_word' id='word_1_589' title='bbox 3073 3335 3316 3394; x_wconf 79' lang='lat' dir='ltr'><strong>funditus</strong></span> 
     </span>
    </p>
   </div>
   <div class='ocr_carea' id='block_1_79' title="bbox 1739 3411 3316 3498">
    <p class='ocr_par' dir='ltr' id='par_1_79' title="bbox 1739 3411 3316 3498">
     <span class='ocr_line' id='line_1_79' title="bbox 1739 3411 3316 3498; baseline -0.001 -15"><span class='ocrx_word' id='word_1_590' title='bbox 1739 3429 2097 3483; x_wconf 85' lang='lat' dir='ltr'><strong>sustulerunt.</strong></span> <span class='ocrx_word' id='word_1_591' title='bbox 2131 3428 2236 3482; x_wconf 85' lang='lat' dir='ltr'><strong>Alii</strong></span> <span class='ocrx_word' id='word_1_592' title='bbox 2284 3427 2518 3497; x_wconf 87' lang='lat' dir='ltr'><strong>denique</strong></span> <span class='ocrx_word' id='word_1_593' title='bbox 2562 3427 2883 3498; x_wconf 84' lang='lat' dir='ltr'><strong>castigatam</strong></span> <span class='ocrx_word' id='word_1_594' title='bbox 2935 3427 3080 3479; x_wconf 90' lang='lat' dir='ltr'><strong>illam</strong></span> <span class='ocrx_word' id='word_1_595' title='bbox 3129 3411 3316 3496; x_wconf 82' lang='lat' dir='ltr'><strong>terque</strong></span> 
     </span>
    </p>
   </div>
   <div class='ocr_carea' id='block_1_80' title="bbox 1738 3519 3313 3588">
    <p class='ocr_par' dir='ltr' id='par_1_80' title="bbox 1738 3519 3313 3588">
     <span class='ocr_line' id='line_1_80' title="bbox 1738 3519 3313 3588; baseline -0.001 -15"><span class='ocrx_word' id='word_1_596' title='bbox 1738 3519 1952 3574; x_wconf 81' lang='lat' dir='ltr'><strong>beatam</strong></span> <span class='ocrx_word' id='word_1_597' title='bbox 1980 3521 2167 3585; x_wconf 88' lang='lat' dir='ltr'><strong>vitam,</strong></span> <span class='ocrx_word' id='word_1_598' title='bbox 2235 3535 2344 3574; x_wconf 91' lang='lat' dir='ltr'><strong>non</strong></span> <span class='ocrx_word' id='word_1_599' title='bbox 2396 3520 2556 3573; x_wconf 92' lang='lat' dir='ltr'><strong>aliam</strong></span> <span class='ocrx_word' id='word_1_600' title='bbox 2607 3534 2729 3574; x_wconf 85' lang='lat' dir='ltr'><strong>esse</strong></span> <span class='ocrx_word' id='word_1_601' title='bbox 2789 3534 2953 3588; x_wconf 91' lang='lat' dir='ltr'><strong>quam</strong></span> <span class='ocrx_word' id='word_1_602' title='bbox 2983 3519 3313 3588; x_wconf 87' lang='lat' dir='ltr'><strong>voluptatem</strong></span> 
     </span>
    </p>
   </div>
   <div class='ocr_carea' id='block_1_81' title="bbox 1735 3612 3312 3678">
    <p class='ocr_par' dir='ltr' id='par_1_81' title="bbox 1735 3612 3312 3678">
     <span class='ocr_line' id='line_1_81' title="bbox 1735 3612 3312 3678; baseline -0.001 -10"><span class='ocrx_word' id='word_1_603' title='bbox 1735 3613 2104 3678; x_wconf 77' lang='lat' dir='ltr'><strong>defendentes,</strong></span> <span class='ocrx_word' id='word_1_604' title='bbox 2129 3629 2404 3667; x_wconf 89' lang='lat' dir='ltr'><strong>summum</strong></span> <span class='ocrx_word' id='word_1_605' title='bbox 2431 3629 2550 3668; x_wconf 92' lang='lat' dir='ltr'><strong>eam</strong></span> <span class='ocrx_word' id='word_1_606' title='bbox 2575 3613 2841 3667; x_wconf 81' lang='lat' dir='ltr'><strong>bonorum</strong></span> <span class='ocrx_word' id='word_1_607' title='bbox 2865 3614 3046 3676; x_wconf 89' lang='lat' dir='ltr'><strong>linem,</strong></span> <span class='ocrx_word' id='word_1_608' title='bbox 3065 3612 3312 3668; x_wconf 86' lang='lat' dir='ltr'><strong>omnium</strong></span> 
     </span>
    </p>
   </div>
   <div class='ocr_carea' id='block_1_82' title="bbox 1735 3703 3310 3775">
    <p class='ocr_par' dir='ltr' id='par_1_82' title="bbox 1735 3703 3310 3775">
     <span class='ocr_line' id='line_1_82' title="bbox 1735 3703 3310 3775; baseline -0.001 -16"><span class='ocrx_word' id='word_1_609' title='bbox 1735 3705 2193 3774; x_wconf 69' lang='lat' dir='ltr'><strong>imprudentissimi</strong></span> <span class='ocrx_word' id='word_1_610' title='bbox 2237 3714 2558 3774; x_wconf 90' lang='lat' dir='ltr'><strong>posuerunt.</strong></span> <span class='ocrx_word' id='word_1_611' title='bbox 2590 3705 2766 3775; x_wconf 88' lang='lat' dir='ltr'><strong>Atque</strong></span> <span class='ocrx_word' id='word_1_612' title='bbox 2801 3704 2947 3758; x_wconf 88' lang='lat' dir='ltr'><strong>hunc</strong></span> <span class='ocrx_word' id='word_1_613' title='bbox 2981 3706 3033 3757; x_wconf 91' lang='lat' dir='ltr'><strong>in</strong></span> <span class='ocrx_word' id='word_1_614' title='bbox 3064 3703 3310 3767; x_wconf 84' lang='lat' dir='ltr'><strong>modum,</strong></span> 
     </span>
    </p>
   </div>
   <div class='ocr_carea' id='block_1_83' title="bbox 1736 3795 3314 3868">
    <p class='ocr_par' dir='ltr' id='par_1_83' title="bbox 1736 3795 3314 3868">
     <span class='ocr_line' id='line_1_83' title="bbox 1736 3795 3314 3868; baseline 0.001 -17"><span class='ocrx_word' id='word_1_615' title='bbox 1736 3813 1909 3868; x_wconf 82' lang='lat' dir='ltr'><strong>genus</strong></span> <span class='ocrx_word' id='word_1_616' title='bbox 1944 3797 2228 3852; x_wconf 86' lang='lat' dir='ltr'><strong>hominum</strong></span> <span class='ocrx_word' id='word_1_617' title='bbox 2263 3799 2603 3861; x_wconf 88' lang='lat' dir='ltr'><strong>universum,</strong></span> <span class='ocrx_word' id='word_1_618' title='bbox 2652 3807 2911 3867; x_wconf 89' lang='lat' dir='ltr'><strong>tanquam</strong></span> <span class='ocrx_word' id='word_1_619' title='bbox 2947 3795 3314 3852; x_wconf 66' lang='lat' dir='ltr'><strong>acerbissima</strong></span> 
     </span>
    </p>
   </div>
   <div class='ocr_carea' id='block_1_84' title="bbox 1734 3889 3311 3960">
    <p class='ocr_par' dir='ltr' id='par_1_84' title="bbox 1734 3889 3311 3960">
     <span class='ocr_line' id='line_1_84' title="bbox 1734 3889 3311 3960; baseline -0.001 -16"><span class='ocrx_word' id='word_1_620' title='bbox 1734 3890 1947 3944; x_wconf 90' lang='lat' dir='ltr'><strong>cuidam</strong></span> <span class='ocrx_word' id='word_1_621' title='bbox 1989 3890 2387 3960; x_wconf 83' lang='lat' dir='ltr'><strong>teterrimaeque</strong></span> <span class='ocrx_word' id='word_1_622' title='bbox 2413 3891 2668 3954; x_wconf 77' lang='lat' dir='ltr'><strong>dominae,</strong></span> <span class='ocrx_word' id='word_1_623' title='bbox 2703 3889 2969 3960; x_wconf 90' lang='lat' dir='ltr'><strong>voluptati</strong></span> <span class='ocrx_word' id='word_1_624' title='bbox 3026 3890 3170 3956; x_wconf 59' lang='lat' dir='ltr'><strong>dear,</strong></span> <span class='ocrx_word' id='word_1_625' title='bbox 3229 3889 3311 3943; x_wconf 84' lang='lat' dir='ltr'><strong>vel</strong></span> 
     </span>
    </p>
   </div>
   <div class='ocr_carea' id='block_1_85' title="bbox 1732 3981 3313 4052">
    <p class='ocr_par' dir='ltr' id='par_1_85' title="bbox 1732 3981 3313 4052">
     <span class='ocr_line' id='line_1_85' title="bbox 1732 3981 3313 4052; baseline -0.002 -15"><span class='ocrx_word' id='word_1_626' title='bbox 1732 3983 2052 4052; x_wconf 85' lang='lat' dir='ltr'><strong>turpissimo</strong></span> <span class='ocrx_word' id='word_1_627' title='bbox 2081 3983 2261 4052; x_wconf 91' lang='lat' dir='ltr'><strong>potius</strong></span> <span class='ocrx_word' id='word_1_628' title='bbox 2286 3998 2349 4038; x_wconf 89' lang='lat' dir='ltr'><strong>ac</strong></span> <span class='ocrx_word' id='word_1_629' title='bbox 2375 3981 2804 4052; x_wconf 78' lang='lat' dir='ltr'><strong>ﬂagitiosissimo</strong></span> <span class='ocrx_word' id='word_1_630' title='bbox 2835 3982 3070 4036; x_wconf 69' lang='lat' dir='ltr'><strong>dazmoni</strong></span> <span class='ocrx_word' id='word_1_631' title='bbox 3104 3981 3313 4036; x_wconf 87' lang='lat' dir='ltr'><strong>manci-</strong></span> 
     </span>
    </p>
   </div>
   <div class='ocr_carea' id='block_1_86' title="bbox 1732 4079 3306 4148">
    <p class='ocr_par' dir='ltr' id='par_1_86' title="bbox 1732 4079 3306 4148">
     <span class='ocr_line' id='line_1_86' title="bbox 1732 4079 3306 4148; baseline 0.001 -18"><span class='ocrx_word' id='word_1_632' title='bbox 1732 4087 1939 4148; x_wconf 89' lang='lat' dir='ltr'><strong>patum,</strong></span> <span class='ocrx_word' id='word_1_633' title='bbox 1961 4079 2013 4132; x_wconf 93' lang='lat' dir='ltr'><strong>in</strong></span> <span class='ocrx_word' id='word_1_634' title='bbox 2044 4079 2227 4134; x_wconf 86' lang='lat' dir='ltr'><strong>omnia</strong></span> <span class='ocrx_word' id='word_1_635' title='bbox 2255 4079 2624 4134; x_wconf 89' lang='lat' dir='ltr'><strong>calamitatum</strong></span> <span class='ocrx_word' id='word_1_636' title='bbox 2653 4093 2848 4147; x_wconf 79' lang='lat' dir='ltr'><strong>genera</strong></span> <span class='ocrx_word' id='word_1_637' title='bbox 2875 4079 3179 4132; x_wconf 88' lang='lat' dir='ltr'><strong>demersum</strong></span> <span class='ocrx_word' id='word_1_638' title='bbox 3201 4085 3306 4132; x_wconf 84' lang='lat' dir='ltr'><strong>est.</strong></span> 
     </span>
    </p>
   </div>
   <div class='ocr_carea' id='block_1_87' title="bbox 1737 4167 3308 4237">
    <p class='ocr_par' dir='ltr' id='par_1_87' title="bbox 1737 4167 3308 4237">
     <span class='ocr_line' id='line_1_87' title="bbox 1737 4167 3308 4237; baseline 0.001 -16"><span class='ocrx_word' id='word_1_639' title='bbox 1737 4188 1754 4221; x_wconf 73' lang='grc' dir='ltr'><strong>ι</strong></span> <span class='ocrx_word' id='word_1_640' title='bbox 1791 4167 1927 4222; x_wconf 85' lang='lat' dir='ltr'><strong>Nam</strong></span> <span class='ocrx_word' id='word_1_641' title='bbox 1963 4168 2176 4224; x_wconf 67' lang='lat' dir='ltr'><strong>feminae</strong></span> <span class='ocrx_word' id='word_1_642' title='bbox 2206 4185 2418 4236; x_wconf 89' lang='lat' dir='ltr'><strong>eorum,</strong></span> <span class='ocrx_word' id='word_1_643' title='bbox 2460 4189 2478 4221; x_wconf 86' lang='grc'><strong>›</strong></span> <span class='ocrx_word' id='word_1_644' title='bbox 2520 4180 2575 4224; x_wconf 92' lang='lat' dir='ltr'><strong>ut</strong></span> <span class='ocrx_word' id='word_1_645' title='bbox 2605 4169 2821 4224; x_wconf 74' lang='lat' dir='ltr'><strong>divinus</strong></span> <span class='ocrx_word' id='word_1_646' title='bbox 2849 4169 2977 4222; x_wconf 91' lang='lat' dir='ltr'><strong>olim</strong></span> <span class='ocrx_word' id='word_1_647' title='bbox 3014 4168 3308 4237; x_wconf 80' lang='lat' dir='ltr'><strong>Apostolus</strong></span> 
     </span>
    </p>
   </div>
   <div class='ocr_carea' id='block_1_88' title="bbox 1730 4257 3308 4330">
    <p class='ocr_par' dir='ltr' id='par_1_88' title="bbox 1730 4257 3308 4330">
     <span class='ocr_line' id='line_1_88' title="bbox 1730 4257 3308 4330; baseline -0.001 -18"><span class='ocrx_word' id='word_1_648' title='bbox 1730 4259 2077 4330; x_wconf 89' lang='lat' dir='ltr'><strong>querebatur,</strong></span> <span class='ocrx_word' id='word_1_649' title='bbox 2114 4279 2133 4312; x_wconf 77' lang='grc' dir='ltr'><strong>ι</strong></span> <span class='ocrx_word' id='word_1_650' title='bbox 2196 4261 2622 4315; x_wconf 85' lang='lat' dir='ltr'><strong>immutaverunt</strong></span> <span class='ocrx_word' id='word_1_651' title='bbox 2669 4260 2970 4314; x_wconf 89' lang='lat' dir='ltr'><strong>naturalem</strong></span> <span class='ocrx_word' id='word_1_652' title='bbox 3035 4274 3192 4312; x_wconf 85' lang='lat' dir='ltr'><strong>usum</strong></span> <span class='ocrx_word' id='word_1_653' title='bbox 3235 4257 3308 4312; x_wconf 81' lang='lat' dir='ltr'><strong>fe-</strong></span> 
     </span>
    </p>
   </div>
   <div class='ocr_carea' id='block_1_89' title="bbox 1731 4349 3305 4420">
    <p class='ocr_par' dir='ltr' id='par_1_89' title="bbox 1731 4349 3305 4420">
     <span class='ocr_line' id='line_1_89' title="bbox 1731 4349 3305 4420; baseline 0.001 -16"><span class='ocrx_word' id='word_1_654' title='bbox 1731 4351 1912 4417; x_wconf 68' lang='lat' dir='ltr'><strong>minaa,</strong></span> <span class='ocrx_word' id='word_1_655' title='bbox 1945 4351 1999 4404; x_wconf 93' lang='lat' dir='ltr'><strong>in</strong></span> <span class='ocrx_word' id='word_1_656' title='bbox 2033 4366 2156 4405; x_wconf 90' lang='lat' dir='ltr'><strong>eum</strong></span> <span class='ocrx_word' id='word_1_657' title='bbox 2188 4367 2347 4406; x_wconf 91' lang='lat' dir='ltr'><strong>usum</strong></span> <span class='ocrx_word' id='word_1_658' title='bbox 2387 4352 2479 4420; x_wconf 91' lang='lat' dir='ltr'><strong>qui</strong></span> <span class='ocrx_word' id='word_1_659' title='bbox 2506 4360 2587 4404; x_wconf 90' lang='lat' dir='ltr'><strong>est</strong></span> <span class='ocrx_word' id='word_1_660' title='bbox 2607 4359 2793 4406; x_wconf 87' lang='lat' dir='ltr'><strong>contra</strong></span> <span class='ocrx_word' id='word_1_661' title='bbox 2829 4359 3102 4404; x_wconf 90' lang='lat' dir='ltr'><strong>naturam.</strong></span> <span class='ocrx_word' id='word_1_662' title='bbox 3140 4349 3305 4406; x_wconf 81' lang='lat' dir='ltr'><strong>Simi-</strong></span> 
     </span>
    </p>
   </div>
   <div class='ocr_carea' id='block_1_90' title="bbox 1730 4439 3299 4506">
    <p class='ocr_par' dir='ltr' id='par_1_90' title="bbox 1730 4439 3299 4506">
     <span class='ocr_line' id='line_1_90' title="bbox 1730 4439 3299 4506; baseline -0.002 -11"><span class='ocrx_word' id='word_1_663' title='bbox 1730 4441 1852 4496; x_wconf 89' lang='lat' dir='ltr'><strong>liter</strong></span> <span class='ocrx_word' id='word_1_664' title='bbox 1871 4452 2054 4496; x_wconf 91' lang='lat' dir='ltr'><strong>autem</strong></span> <span class='ocrx_word' id='word_1_665' title='bbox 2076 4450 2130 4496; x_wconf 88' lang='lat' dir='ltr'><strong>et</strong></span> <span class='ocrx_word' id='word_1_666' title='bbox 2157 4441 2408 4506; x_wconf 89' lang='lat' dir='ltr'><strong>masculi,</strong></span> <span class='ocrx_word' id='word_1_667' title='bbox 2439 4440 2628 4495; x_wconf 90' lang='lat' dir='ltr'><strong>relicto</strong></span> <span class='ocrx_word' id='word_1_668' title='bbox 2660 4440 2893 4494; x_wconf 90' lang='lat' dir='ltr'><strong>naturali</strong></span> <span class='ocrx_word' id='word_1_669' title='bbox 2928 4455 3032 4494; x_wconf 91' lang='lat' dir='ltr'><strong>usu</strong></span> <span class='ocrx_word' id='word_1_670' title='bbox 3063 4439 3299 4505; x_wconf 77' lang='lat' dir='ltr'><strong>lentinac,</strong></span> 
     </span>
    </p>
   </div>
   <div class='ocr_carea' id='block_1_91' title="bbox 114 4517 1638 4615">
    <p class='ocr_par' dir='ltr' id='par_1_91' title="bbox 114 4517 1622 4615">
     <span class='ocr_line' id='line_1_91' title="bbox 114 4517 1622 4615; baseline 0.017 -39"><span class='ocrx_word' id='word_1_671' title='bbox 114 4523 216 4615; x_wconf 75' lang='grc' dir='ltr'>ἕντε</span> <span class='ocrx_word' id='word_1_672' title='bbox 237 4527 383 4598; x_wconf 82' lang='grc' dir='ltr'>ᾠδαῖς</span> <span class='ocrx_word' id='word_1_673' title='bbox 408 4545 501 4590; x_wconf 71' lang='grc' dir='ltr'>καὶ</span> <span class='ocrx_word' id='word_1_674' title='bbox 530 4536 743 4607; x_wconf 74' lang='grc' dir='ltr'>ὕμνοις,</span> <span class='ocrx_word' id='word_1_675' title='bbox 782 4539 837 4594; x_wconf 80' lang='grc' dir='ltr'><strong>έν</strong></span> <span class='ocrx_word' id='word_1_676' title='bbox 868 4517 927 4594; x_wconf 89' lang='grc' dir='ltr'><strong>τε</strong></span> <span class='ocrx_word' id='word_1_677' title='bbox 965 4545 1085 4605; x_wconf 86' lang='grc' dir='ltr'>ταῖς</span> <span class='ocrx_word' id='word_1_678' title='bbox 1116 4544 1419 4615; x_wconf 86' lang='grc' dir='ltr'>πανδήμοις</span> <span class='ocrx_word' id='word_1_679' title='bbox 1452 4517 1622 4611; x_wconf 82' lang='grc' dir='ltr'>θέαις,</span> 
     </span>
    </p>
   </div>
   <div class='ocr_carea' id='block_1_92' title="bbox 1745 4517 3299 4615">
    <p class='ocr_par' dir='ltr' id='par_1_92' title="bbox 1745 4531 3299 4599">
     <span class='ocr_line' id='line_1_92' title="bbox 1745 4531 3299 4599; baseline -0.004 -7"><span class='ocrx_word' id='word_1_680' title='bbox 1745 4546 2054 4592; x_wconf 73' lang='lat' dir='ltr'><strong>:xarserunt</strong></span> <span class='ocrx_word' id='word_1_681' title='bbox 2085 4537 2139 4590; x_wconf 92' lang='lat' dir='ltr'><strong>in</strong></span> <span class='ocrx_word' id='word_1_682' title='bbox 2167 4535 2454 4590; x_wconf 87' lang='lat' dir='ltr'><strong>desideriis</strong></span> <span class='ocrx_word' id='word_1_683' title='bbox 2483 4535 2599 4590; x_wconf 91' lang='lat' dir='ltr'><strong>suis</strong></span> <span class='ocrx_word' id='word_1_684' title='bbox 2629 4535 2682 4586; x_wconf 89' lang='lat' dir='ltr'><strong>in</strong></span> <span class='ocrx_word' id='word_1_685' title='bbox 2714 4533 2968 4599; x_wconf 88' lang='lat' dir='ltr'><strong>invicem,</strong></span> <span class='ocrx_word' id='word_1_686' title='bbox 2992 4532 3220 4587; x_wconf 89' lang='lat' dir='ltr'><strong>masculi</strong></span> <span class='ocrx_word' id='word_1_687' title='bbox 3245 4531 3299 4586; x_wconf 89' lang='lat' dir='ltr'><strong>in</strong></span> 
     </span>
    </p>
   </div>
   <div class='ocr_carea' id='block_1_93' title="bbox 115 4614 1626 4710">
    <p class='ocr_par' dir='ltr' id='par_1_93' title="bbox 115 4614 1626 4710">
     <span class='ocr_line' id='line_1_93' title="bbox 115 4614 1626 4710; baseline -0.004 -16"><span class='ocrx_word' id='word_1_688' title='bbox 115 4614 240 4710; x_wconf 40' lang='grc' dir='ltr'><strong>μόῗπ</strong></span> <span class='ocrx_word' id='word_1_689' title='bbox 282 4623 374 4692; x_wconf 66' lang='grc' dir='ltr'><strong>τῆς</strong></span> <span class='ocrx_word' id='word_1_690' title='bbox 416 4631 648 4699; x_wconf 55' lang='grc' dir='ltr'>αἰσχρᾶς</span> <span class='ocrx_word' id='word_1_691' title='bbox 674 4632 766 4683; x_wconf 71' lang='grc' dir='ltr'><strong>καὶ</strong></span> <span class='ocrx_word' id='word_1_692' title='bbox 801 4633 1098 4687; x_wconf 87' lang='grc' dir='ltr'>ἀκολάστου</span> <span class='ocrx_word' id='word_1_693' title='bbox 1136 4614 1326 4706; x_wconf 73' lang='grc' dir='ltr'>ἡδονῆς</span> <span class='ocrx_word' id='word_1_694' title='bbox 1368 4637 1438 4690; x_wconf 89' lang='grc' dir='ltr'><strong>τά</strong></span> <span class='ocrx_word' id='word_1_695' title='bbox 1467 4638 1626 4710; x_wconf 74' lang='grc' dir='ltr'>ὄργια</span> 
     </span>
    </p>
   </div>
   <div class='ocr_carea' id='block_1_94' title="bbox 113 4707 1623 4797">
    <p class='ocr_par' dir='ltr' id='par_1_94' title="bbox 113 4707 1623 4797">
     <span class='ocr_line' id='line_1_94' title="bbox 113 4707 1623 4797; baseline 0.015 -34"><span class='ocrx_word' id='word_1_696' title='bbox 113 4707 285 4776; x_wconf 72' lang='grc' dir='ltr'>καὶτὰς</span> <span class='ocrx_word' id='word_1_697' title='bbox 307 4717 565 4788; x_wconf 85' lang='grc' dir='ltr'>ἀσέμνους</span> <span class='ocrx_word' id='word_1_698' title='bbox 593 4722 814 4788; x_wconf 78' lang='grc' dir='ltr'>τελετὰς</span> <span class='ocrx_word' id='word_1_699' title='bbox 847 4726 1140 4797; x_wconf 77' lang='grc' dir='ltr'>μυούμενοί</span> <span class='ocrx_word' id='word_1_700' title='bbox 1186 4746 1243 4782; x_wconf 90' lang='grc' dir='ltr'><strong>τε</strong></span> <span class='ocrx_word' id='word_1_701' title='bbox 1278 4731 1368 4783; x_wconf 75' lang='grc' dir='ltr'>καὶ</span> <span class='ocrx_word' id='word_1_702' title='bbox 1407 4731 1623 4784; x_wconf 83' lang='grc' dir='ltr'>τελοῦν-</span> 
     </span>
    </p>
   </div>
   <div class='ocr_carea' id='block_1_95' title="bbox 113 4804 1624 4898">
    <p class='ocr_par' dir='ltr' id='par_1_95' title="bbox 113 4804 1624 4898">
     <span class='ocr_line' id='line_1_95' title="bbox 113 4804 1624 4898; baseline 0.012 -38"><span class='ocrx_word' id='word_1_703' title='bbox 113 4811 196 4898; x_wconf 51' lang='grc' dir='ltr'>τες·</span> <span class='ocrx_word' id='word_1_704' title='bbox 223 4804 313 4869; x_wconf 76' lang='grc' dir='ltr'>ὡς,</span> <span class='ocrx_word' id='word_1_705' title='bbox 353 4812 398 4862; x_wconf 88' lang='grc' dir='ltr'><strong>εί</strong></span> <span class='ocrx_word' id='word_1_706' title='bbox 439 4812 532 4865; x_wconf 87' lang='grc' dir='ltr'><strong>καί</strong></span> <span class='ocrx_word' id='word_1_707' title='bbox 580 4830 631 4866; x_wconf 88' lang='grc' dir='ltr'><strong>τι</strong></span> <span class='ocrx_word' id='word_1_708' title='bbox 657 4814 804 4877; x_wconf 81' lang='grc' dir='ltr'>ἀλλο,</span> <span class='ocrx_word' id='word_1_709' title='bbox 850 4820 942 4870; x_wconf 81' lang='grc' dir='ltr'><strong>καὶ</strong></span> <span class='ocrx_word' id='word_1_710' title='bbox 973 4820 1090 4872; x_wconf 87' lang='grc' dir='ltr'>τόδε</span> <span class='ocrx_word' id='word_1_711' title='bbox 1119 4820 1300 4884; x_wconf 87' lang='grc' dir='ltr'>καλῶς</span> <span class='ocrx_word' id='word_1_712' title='bbox 1332 4825 1461 4894; x_wconf 86' lang='grc' dir='ltr'>παρ’</span> <span class='ocrx_word' id='word_1_713' title='bbox 1494 4827 1624 4896; x_wconf 88' lang='grc' dir='ltr'>ἡμῖν</span> 
     </span>
    </p>
   </div>
   <div class='ocr_carea' id='block_1_96' title="bbox 114 4896 1623 4979">
    <p class='ocr_par' dir='ltr' id='par_1_96' title="bbox 114 4896 1623 4979">
     <span class='ocr_line' id='line_1_96' title="bbox 114 4896 1623 4979; baseline 0.013 -28"><span class='ocrx_word' id='word_1_714' title='bbox 114 4896 386 4964; x_wconf 69' lang='grc' dir='ltr'>ἀνῃρῆσθαι·</span> <span class='ocrx_word' id='word_1_715' title='bbox 417 4905 558 4977; x_wconf 80' lang='grc' dir='ltr'>ἀρχὴ</span> <span class='ocrx_word' id='word_1_716' title='bbox 585 4906 694 4977; x_wconf 82' lang='grc' dir='ltr'>γὰρ</span> <span class='ocrx_word' id='word_1_717' title='bbox 718 4910 969 4979; x_wconf 87' lang='grc' dir='ltr'>πορνείας</span> <span class='ocrx_word' id='word_1_718' title='bbox 995 4913 1203 4965; x_wconf 79' lang='grc' dir='ltr'>ἐπίνοια</span> <span class='ocrx_word' id='word_1_719' title='bbox 1235 4913 1485 4968; x_wconf 78' lang='grc' dir='ltr'>εἰδώλων.</span> <span class='ocrx_word' id='word_1_720' title='bbox 1512 4917 1623 4970; x_wconf 77' lang='grc' dir='ltr'><strong>Καὶ</strong></span> 
     </span>
    </p>
   </div>
   <div class='ocr_carea' id='block_1_97' title="bbox 115 4980 1623 5073">
    <p class='ocr_par' dir='ltr' id='par_1_97' title="bbox 115 4980 1623 5073">
     <span class='ocr_line' id='line_1_97' title="bbox 115 4980 1623 5073; baseline 0.016 -36"><span class='ocrx_word' id='word_1_721' title='bbox 115 4980 162 5032; x_wconf 71' lang='grc' dir='ltr'><strong>τά</strong></span> <span class='ocrx_word' id='word_1_722' title='bbox 183 4986 258 5049; x_wconf 76' lang='grc' dir='ltr'><strong>μὲν</strong></span> <span class='ocrx_word' id='word_1_723' title='bbox 282 4993 398 5062; x_wconf 73' lang='grc' dir='ltr'>περὶ</span> <span class='ocrx_word' id='word_1_724' title='bbox 423 4995 525 5065; x_wconf 81' lang='grc' dir='ltr'>τῆς</span> <span class='ocrx_word' id='word_1_725' title='bbox 552 4995 662 5050; x_wconf 87' lang='grc' dir='ltr'><strong>τῶν</strong></span> <span class='ocrx_word' id='word_1_726' title='bbox 691 4996 866 5052; x_wconf 88' lang='grc' dir='ltr'>ἀλλων</span> <span class='ocrx_word' id='word_1_727' title='bbox 912 5000 1079 5053; x_wconf 86' lang='grc' dir='ltr'>ἐθνῶν</span> <span class='ocrx_word' id='word_1_728' title='bbox 1122 5002 1396 5073; x_wconf 88' lang='grc' dir='ltr'>θεολογίας</span> <span class='ocrx_word' id='word_1_729' title='bbox 1431 5007 1623 5060; x_wconf 84' lang='grc' dir='ltr'>τοσαύ-</span> 
     </span>
    </p>
   </div>
   <div class='ocr_carea' id='block_1_98' title="bbox 114 5080 1618 5170">
    <p class='ocr_par' dir='ltr' id='par_1_98' title="bbox 114 5080 1618 5170">
     <span class='ocr_line' id='line_1_98' title="bbox 114 5080 1618 5170; baseline 0.018 -44"><span class='ocrx_word' id='word_1_730' title='bbox 114 5087 185 5140; x_wconf 69' lang='grc' dir='ltr'><strong>την</strong></span> <span class='ocrx_word' id='word_1_731' title='bbox 206 5080 400 5152; x_wconf 57' lang='grc' dir='ltr'>εἰλήφει,</span> <span class='ocrx_word' id='word_1_732' title='bbox 425 5087 499 5150; x_wconf 85' lang='grc' dir='ltr'>ὡς</span> <span class='ocrx_word' id='word_1_733' title='bbox 535 5092 594 5142; x_wconf 84' lang='grc' dir='ltr'>ὲν</span> <span class='ocrx_word' id='word_1_734' title='bbox 619 5089 810 5161; x_wconf 84' lang='grc' dir='ltr'>βραχεῖ</span> <span class='ocrx_word' id='word_1_735' title='bbox 841 5091 1034 5160; x_wconf 80' lang='grc' dir='ltr'>φάναι,</span> <span class='ocrx_word' id='word_1_736' title='bbox 1074 5094 1173 5166; x_wconf 83' lang='grc' dir='ltr'><strong>τὴν</strong></span> <span class='ocrx_word' id='word_1_737' title='bbox 1219 5096 1618 5170; x_wconf 73' lang='grc' dir='ltr'>πολυτροπίανο</span> 
     </span>
    </p>
   </div>
   <div class='ocr_carea' id='block_1_99' title="bbox 118 5170 1620 5264">
    <p class='ocr_par' dir='ltr' id='par_1_99' title="bbox 118 5170 1620 5264">
     <span class='ocr_line' id='line_1_99' title="bbox 118 5170 1620 5264; baseline 0.031 -42"><span class='ocrx_word' id='word_1_738' title='bbox 234 5175 317 5264; x_wconf 69' lang='grc' dir='ltr'><strong>μέν</strong></span> <span class='ocrx_word' id='word_1_739' title='bbox 346 5179 512 5250; x_wconf 77' lang='grc' dir='ltr'>ἀρχῆς</span> <span class='ocrx_word' id='word_1_740' title='bbox 544 5183 641 5253; x_wconf 76' lang='grc' dir='ltr'>τῆς</span> <span class='ocrx_word' id='word_1_741' title='bbox 669 5183 1004 5256; x_wconf 83' lang='grc' dir='ltr'>ἀκαθάρτου,</span> <span class='ocrx_word' id='word_1_742' title='bbox 1045 5189 1138 5241; x_wconf 82' lang='grc' dir='ltr'><strong>καὶ</strong></span> <span class='ocrx_word' id='word_1_743' title='bbox 1175 5192 1378 5261; x_wconf 70' lang='grc' dir='ltr'>μιαρᾶς</span> <span class='ocrx_word' id='word_1_744' title='bbox 1426 5192 1620 5264; x_wconf 68' lang='grc' dir='ltr'><strong>ἡδονῆς</strong></span> 
     </span>
    </p>
   </div>
   <div class='ocr_carea' id='block_1_100' title="bbox 117 5263 1618 5350">
    <p class='ocr_par' dir='ltr' id='par_1_100' title="bbox 117 5263 1618 5350">
     <span class='ocr_line' id='line_1_100' title="bbox 117 5263 1618 5350; baseline 0.014 -35"><span class='ocrx_word' id='word_1_745' title='bbox 117 5263 358 5330; x_wconf 66' lang='grc' dir='ltr'>ανημμένα,</span> <span class='ocrx_word' id='word_1_746' title='bbox 399 5268 558 5340; x_wconf 75' lang='grc' dir='ltr'>ὕδρας</span> <span class='ocrx_word' id='word_1_747' title='bbox 590 5274 680 5326; x_wconf 74' lang='grc' dir='ltr'><strong>καὶ</strong></span> <span class='ocrx_word' id='word_1_748' title='bbox 712 5273 1071 5345; x_wconf 87' lang='grc' dir='ltr'>πολυαυχένου</span> <span class='ocrx_word' id='word_1_749' title='bbox 1103 5279 1194 5333; x_wconf 78' lang='grc' dir='ltr'><strong>καὶ</strong></span> <span class='ocrx_word' id='word_1_750' title='bbox 1246 5281 1618 5350; x_wconf 79' lang='grc' dir='ltr'>πολυκεφάλου</span> 
     </span>
    </p>
   </div>
   <div class='ocr_carea' id='block_1_101' title="bbox 115 5349 1618 5443">
    <p class='ocr_par' dir='ltr' id='par_1_101' title="bbox 115 5349 1618 5443">
     <span class='ocr_line' id='line_1_101' title="bbox 115 5349 1618 5443; baseline 0.011 -30"><span class='ocrx_word' id='word_1_751' title='bbox 115 5349 280 5414; x_wconf 46' lang='grc' dir='ltr'><strong>τῷπῡν,</strong></span> <span class='ocrx_word' id='word_1_752' title='bbox 316 5362 386 5423; x_wconf 84' lang='grc' dir='ltr'><strong>εἰς</strong></span> <span class='ocrx_word' id='word_1_753' title='bbox 427 5363 624 5428; x_wconf 76' lang='grc' dir='ltr'>πολλὰς</span> <span class='ocrx_word' id='word_1_754' title='bbox 657 5366 752 5419; x_wconf 75' lang='grc' dir='ltr'><strong>καὶ</strong></span> <span class='ocrx_word' id='word_1_755' title='bbox 784 5369 1032 5433; x_wconf 85' lang='grc' dir='ltr'>ποικίλας</span> <span class='ocrx_word' id='word_1_756' title='bbox 1075 5370 1367 5443; x_wconf 88' lang='grc' dir='ltr'>διαιρέσεις</span> <span class='ocrx_word' id='word_1_757' title='bbox 1417 5349 1477 5428; x_wconf 88' lang='grc' dir='ltr'><strong>τε</strong></span> <span class='ocrx_word' id='word_1_758' title='bbox 1523 5375 1618 5429; x_wconf 80' lang='grc' dir='ltr'>καὶ</span> 
     </span>
    </p>
   </div>
   <div class='ocr_carea' id='block_1_102' title="bbox 155 5458 518 5535">
    <p class='ocr_par' dir='ltr' id='par_1_102' title="bbox 155 5458 518 5535">
     <span class='ocr_line' id='line_1_102' title="bbox 155 5458 518 5535; baseline 0.025 -16"><span class='ocrx_word' id='word_1_759' title='bbox 155 5458 187 5488; x_wconf 71' lang='grc'>⁸¹</span> <span class='ocrx_word' id='word_1_760' title='bbox 208 5461 336 5523; x_wconf 72' lang='lat' dir='ltr'><strong>Rom.</strong></span> <span class='ocrx_word' id='word_1_761' title='bbox 369 5489 405 5535; x_wconf 89' lang='lat' dir='ltr'><strong>I,</strong></span> <span class='ocrx_word' id='word_1_762' title='bbox 427 5472 518 5528; x_wconf 73' lang='lat'><strong>‘26.</strong></span> 
     </span>
    </p>
   </div>
   <div class='ocr_carea' id='block_1_103' title="bbox 167 5553 1616 5647">
    <p class='ocr_par' dir='ltr' id='par_1_103' title="bbox 167 5553 1616 5647">
     <span class='ocr_line' id='line_1_103' title="bbox 167 5553 1616 5647; baseline 0.015 -34"><span class='ocrx_word' id='word_1_763' title='bbox 167 5553 252 5641; x_wconf 63' lang='grc' dir='ltr'>(θθ)</span> <span class='ocrx_word' id='word_1_764' title='bbox 291 5564 442 5647; x_wconf 62' lang='grc' dir='ltr'>μολρ</span> <span class='ocrx_word' id='word_1_765' title='bbox 491 5570 798 5647; x_wconf 73' lang='grc' dir='ltr'>πρότερον.</span> <span class='ocrx_word' id='word_1_766' title='bbox 814 5571 1050 5647; x_wconf 82' lang='lat' dir='ltr'><strong>omnino</strong></span> <span class='ocrx_word' id='word_1_767' title='bbox 1071 5576 1353 5647; x_wconf 76' lang='lat' dir='ltr'><strong>legendum</strong></span> <span class='ocrx_word' id='word_1_768' title='bbox 1406 5580 1616 5636; x_wconf 89' lang='lat' dir='ltr'><strong>videtur</strong></span> 
     </span>
    </p>
   </div>
   <div class='ocr_carea' id='block_1_104' title="bbox 121 5635 1612 5716">
    <p class='ocr_par' dir='ltr' id='par_1_104' title="bbox 121 5635 1612 5716">
     <span class='ocr_line' id='line_1_104' title="bbox 121 5635 1612 5716; baseline 0.013 -28"><span class='ocrx_word' id='word_1_769' title='bbox 121 5635 610 5716; x_wconf 58' lang='grc' dir='ltr'>ρίσλρότερον,</span> <span class='ocrx_word' id='word_1_770' title='bbox 657 5635 773 5716; x_wconf 70' lang='lat' dir='ltr'><strong>[nam</strong></span> <span class='ocrx_word' id='word_1_771' title='bbox 813 5645 957 5699; x_wconf 91' lang='lat' dir='ltr'><strong>enim</strong></span> <span class='ocrx_word' id='word_1_772' title='bbox 1019 5635 1258 5715; x_wconf 74' lang='lat' dir='ltr'><strong>turpium</strong></span> <span class='ocrx_word' id='word_1_773' title='bbox 1325 5635 1612 5707; x_wconf 86' lang='lat' dir='ltr'><strong>numinum</strong></span> 
     </span>
    </p>
   </div>
   <div class='ocr_carea' id='block_1_105' title="bbox 120 5695 1615 5790">
    <p class='ocr_par' dir='ltr' id='par_1_105' title="bbox 120 5695 1615 5790">
     <span class='ocr_line' id='line_1_105' title="bbox 120 5695 1615 5790; baseline -0.001 -22"><span class='ocrx_word' id='word_1_774' title='bbox 120 5695 318 5790; x_wconf 52' lang='grc' dir='ltr'><strong>ξξξξυξίξε</strong></span> <span class='ocrx_word' id='word_1_775' title='bbox 335 5695 382 5766; x_wconf 47' lang='grc' dir='ltr'><strong>ξη</strong></span> <span class='ocrx_word' id='word_1_776' title='bbox 402 5695 673 5790; x_wconf 46' lang='lat' dir='ltr'><strong>siderum“</strong></span> <span class='ocrx_word' id='word_1_777' title='bbox 694 5695 1301 5790; x_wconf 57' lang='lat' dir='ltr'><strong>frugumque</strong></span> 
     </span>
    </p>
   </div>
   <div class='ocr_carea' id='block_1_106' title="bbox 123 5760 1310 5857">
    <p class='ocr_par' dir='ltr' id='par_1_106' title="bbox 123 5760 1310 5857">
     <span class='ocr_line' id='line_1_106' title="bbox 123 5760 1310 5857; baseline 0.027 -43"><span class='ocrx_word' id='word_1_778' title='bbox 123 5760 209 5830; x_wconf 84' lang='lat' dir='ltr'><strong>iuit,</strong></span> <span class='ocrx_word' id='word_1_779' title='bbox 232 5773 293 5825; x_wconf 89' lang='lat' dir='ltr'><strong>uti</strong></span> <span class='ocrx_word' id='word_1_780' title='bbox 319 5760 419 5830; x_wconf 78' lang='lat' dir='ltr'><strong>non</strong></span> <span class='ocrx_word' id='word_1_781' title='bbox 443 5760 1047 5857; x_wconf 77' lang='lat' dir='ltr'><strong>semel</strong></span> 
     </span>
    </p>
   </div>
   <div class='ocr_carea' id='block_1_107' title="bbox 1729 4623 3299 4698">
    <p class='ocr_par' dir='ltr' id='par_1_107' title="bbox 1729 4623 3299 4698">
     <span class='ocr_line' id='line_1_107' title="bbox 1729 4623 3299 4698; baseline -0.004 -14"><span class='ocrx_word' id='word_1_782' title='bbox 1729 4629 2004 4685; x_wconf 83' lang='lat' dir='ltr'><strong>masculos</strong></span> <span class='ocrx_word' id='word_1_783' title='bbox 2059 4629 2452 4698; x_wconf 89' lang='lat' dir='ltr'><strong>turpitudinem</strong></span> <span class='ocrx_word' id='word_1_784' title='bbox 2503 4634 2826 4696; x_wconf 90' lang='lat' dir='ltr'><strong>operantes,</strong></span> <span class='ocrx_word' id='word_1_785' title='bbox 2886 4634 2940 4678; x_wconf 90' lang='lat' dir='ltr'><strong>et</strong></span> <span class='ocrx_word' id='word_1_786' title='bbox 2993 4623 3299 4678; x_wconf 90' lang='lat' dir='ltr'><strong>mercedem</strong></span> 
     </span>
    </p>
   </div>
   <div class='ocr_carea' id='block_1_108' title="bbox 1726 4717 3298 4792">
    <p class='ocr_par' dir='ltr' id='par_1_108' title="bbox 1726 4717 3298 4792">
     <span class='ocr_line' id='line_1_108' title="bbox 1726 4717 3298 4792; baseline -0.003 -18"><span class='ocrx_word' id='word_1_787' title='bbox 1726 4736 1891 4792; x_wconf 89' lang='lat' dir='ltr'><strong>quam</strong></span> <span class='ocrx_word' id='word_1_788' title='bbox 1921 4722 2178 4790; x_wconf 91' lang='lat' dir='ltr'><strong>oportuit,</strong></span> <span class='ocrx_word' id='word_1_789' title='bbox 2211 4722 2416 4775; x_wconf 90' lang='lat' dir='ltr'><strong>erroris</strong></span> <span class='ocrx_word' id='word_1_790' title='bbox 2452 4721 2558 4786; x_wconf 93' lang='lat' dir='ltr'><strong>sui,</strong></span> <span class='ocrx_word' id='word_1_791' title='bbox 2590 4721 2643 4774; x_wconf 92' lang='lat' dir='ltr'><strong>in</strong></span> <span class='ocrx_word' id='word_1_792' title='bbox 2675 4719 2983 4788; x_wconf 84' lang='lat' dir='ltr'><strong>semetipsis</strong></span> <span class='ocrx_word' id='word_1_793' title='bbox 3030 4717 3298 4786; x_wconf 83' lang='lat' dir='ltr'><strong>recipien-</strong></span> 
     </span>
    </p>
   </div>
   <div class='ocr_carea' id='block_1_109' title="bbox 1726 4809 3302 4882">
    <p class='ocr_par' dir='ltr' id='par_1_109' title="bbox 1726 4809 3302 4882">
     <span class='ocr_line' id='line_1_109' title="bbox 1726 4809 3302 4882; baseline -0.003 -14"><span class='ocrx_word' id='word_1_794' title='bbox 1726 4823 1806 4868; x_wconf 91' lang='lat' dir='ltr'><strong>tes</strong></span> <span class='ocrx_word' id='word_1_795' title='bbox 1837 4811 1904 4867; x_wconf 65' lang='grc' dir='ltr'>δ’.</span> <span class='ocrx_word' id='word_1_796' title='bbox 1938 4832 1957 4865; x_wconf 73' lang='grc' dir='ltr'><strong>ι</strong></span> <span class='ocrx_word' id='word_1_797' title='bbox 2000 4811 2076 4867; x_wconf 89' lang='lat' dir='ltr'><strong>lta</strong></span> <span class='ocrx_word' id='word_1_798' title='bbox 2121 4811 2290 4868; x_wconf 61' lang='lat' dir='ltr'><strong>Graeci</strong></span> <span class='ocrx_word' id='word_1_799' title='bbox 2327 4812 2528 4882; x_wconf 91' lang='lat' dir='ltr'><strong>pariter</strong></span> <span class='ocrx_word' id='word_1_800' title='bbox 2570 4828 2633 4866; x_wconf 88' lang='lat' dir='ltr'><strong>ac</strong></span> <span class='ocrx_word' id='word_1_801' title='bbox 2667 4811 2903 4874; x_wconf 87' lang='lat' dir='ltr'><strong>barbari,</strong></span> <span class='ocrx_word' id='word_1_802' title='bbox 2935 4809 3206 4878; x_wconf 87' lang='lat' dir='ltr'><strong>sapientes</strong></span> <span class='ocrx_word' id='word_1_803' title='bbox 3249 4816 3302 4863; x_wconf 85' lang='lat' dir='ltr'><strong>et</strong></span> 
     </span>
    </p>
   </div>
   <div class='ocr_carea' id='block_1_110' title="bbox 1724 4902 3296 4974">
    <p class='ocr_par' dir='ltr' id='par_1_110' title="bbox 1724 4902 3296 4974">
     <span class='ocr_line' id='line_1_110' title="bbox 1724 4902 3296 4974; baseline -0.006 -12"><span class='ocrx_word' id='word_1_804' title='bbox 1724 4907 1926 4971; x_wconf 73' lang='lat' dir='ltr'><strong>idiotaa,</strong></span> <span class='ocrx_word' id='word_1_805' title='bbox 1950 4906 2205 4961; x_wconf 89' lang='lat' dir='ltr'><strong>deorsum</strong></span> <span class='ocrx_word' id='word_1_806' title='bbox 2232 4921 2421 4960; x_wconf 85' lang='lat' dir='ltr'><strong>omnes</strong></span> <span class='ocrx_word' id='word_1_807' title='bbox 2454 4914 2616 4974; x_wconf 91' lang='lat' dir='ltr'><strong>atque</strong></span> <span class='ocrx_word' id='word_1_808' title='bbox 2646 4904 2701 4957; x_wconf 92' lang='lat' dir='ltr'><strong>in</strong></span> <span class='ocrx_word' id='word_1_809' title='bbox 2732 4918 2889 4958; x_wconf 90' lang='lat' dir='ltr'><strong>suum</strong></span> <span class='ocrx_word' id='word_1_810' title='bbox 2920 4902 3021 4971; x_wconf 88' lang='lat' dir='ltr'><strong>ipsi</strong></span> <span class='ocrx_word' id='word_1_811' title='bbox 3055 4910 3296 4954; x_wconf 80' lang='lat' dir='ltr'><strong>ventrem</strong></span> 
     </span>
    </p>
   </div>
   <div class='ocr_carea' id='block_1_111' title="bbox 1723 4996 3298 5070">
    <p class='ocr_par' dir='ltr' id='par_1_111' title="bbox 1723 4996 3298 5070">
     <span class='ocr_line' id='line_1_111' title="bbox 1723 4996 3298 5070; baseline -0.003 -17"><span class='ocrx_word' id='word_1_812' title='bbox 1723 4998 1996 5070; x_wconf 89' lang='lat' dir='ltr'><strong>prolapsi,</strong></span> <span class='ocrx_word' id='word_1_813' title='bbox 2055 4999 2386 5067; x_wconf 89' lang='lat' dir='ltr'><strong>voluptatem</strong></span> <span class='ocrx_word' id='word_1_814' title='bbox 2428 4997 2585 5066; x_wconf 84' lang='lat' dir='ltr'><strong>quasi</strong></span> <span class='ocrx_word' id='word_1_815' title='bbox 2635 4997 2794 5050; x_wconf 90' lang='lat' dir='ltr'><strong>deum</strong></span> <span class='ocrx_word' id='word_1_816' title='bbox 2836 4996 3175 5060; x_wconf 89' lang='lat' dir='ltr'><strong>adorarunt,</strong></span> <span class='ocrx_word' id='word_1_817' title='bbox 3233 5009 3298 5048; x_wconf 91' lang='lat' dir='ltr'><strong>ac</strong></span> 
     </span>
    </p>
   </div>
   <div class='ocr_carea' id='block_1_112' title="bbox 1723 5090 3298 5164">
    <p class='ocr_par' dir='ltr' id='par_1_112' title="bbox 1723 5090 3298 5164">
     <span class='ocr_line' id='line_1_112' title="bbox 1723 5090 3298 5164; baseline -0.004 -14"><span class='ocrx_word' id='word_1_818' title='bbox 1723 5096 2054 5164; x_wconf 83' lang='lat' dir='ltr'><strong>serpentium</strong></span> <span class='ocrx_word' id='word_1_819' title='bbox 2090 5095 2142 5148; x_wconf 90' lang='lat' dir='ltr'><strong>in</strong></span> <span class='ocrx_word' id='word_1_820' title='bbox 2186 5109 2393 5148; x_wconf 91' lang='lat' dir='ltr'><strong>morem</strong></span> <span class='ocrx_word' id='word_1_821' title='bbox 2421 5109 2623 5163; x_wconf 90' lang='lat' dir='ltr'><strong>pronos</strong></span> <span class='ocrx_word' id='word_1_822' title='bbox 2652 5107 2772 5146; x_wconf 87' lang='lat' dir='ltr'><strong>sese</strong></span> <span class='ocrx_word' id='word_1_823' title='bbox 2805 5090 3153 5159; x_wconf 90' lang='lat' dir='ltr'><strong>dejicientes,</strong></span> <span class='ocrx_word' id='word_1_824' title='bbox 3187 5105 3298 5144; x_wconf 91' lang='lat' dir='ltr'><strong>non</strong></span> 
     </span>
    </p>
   </div>
   <div class='ocr_carea' id='block_1_113' title="bbox 1721 5184 3297 5257">
    <p class='ocr_par' dir='ltr' id='par_1_113' title="bbox 1721 5184 3297 5257">
     <span class='ocr_line' id='line_1_113' title="bbox 1721 5184 3297 5257; baseline -0.003 -16"><span class='ocrx_word' id='word_1_825' title='bbox 1721 5187 1778 5241; x_wconf 91' lang='lat' dir='ltr'><strong>in</strong></span> <span class='ocrx_word' id='word_1_826' title='bbox 1818 5203 1879 5242; x_wconf 90' lang='lat' dir='ltr'><strong>ea</strong></span> <span class='ocrx_word' id='word_1_827' title='bbox 1915 5189 2101 5252; x_wconf 88' lang='lat' dir='ltr'><strong>modo,</strong></span> <span class='ocrx_word' id='word_1_828' title='bbox 2134 5197 2390 5257; x_wconf 87' lang='lat' dir='ltr'><strong>tanquam</strong></span> <span class='ocrx_word' id='word_1_829' title='bbox 2428 5188 2482 5240; x_wconf 90' lang='lat' dir='ltr'><strong>in</strong></span> <span class='ocrx_word' id='word_1_830' title='bbox 2511 5186 2779 5255; x_wconf 79' lang='lat' dir='ltr'><strong>ejusmodi</strong></span> <span class='ocrx_word' id='word_1_831' title='bbox 2830 5184 3082 5248; x_wconf 90' lang='lat' dir='ltr'><strong>numine,</strong></span> <span class='ocrx_word' id='word_1_832' title='bbox 3138 5184 3297 5251; x_wconf 84' lang='lat' dir='ltr'><strong>cujus</strong></span> 
     </span>
    </p>
   </div>
   <div class='ocr_carea' id='block_1_114' title="bbox 1720 5277 3294 5350">
    <p class='ocr_par' dir='ltr' id='par_1_114' title="bbox 1720 5277 3294 5350">
     <span class='ocr_line' id='line_1_114' title="bbox 1720 5277 3294 5350; baseline -0.003 -16"><span class='ocrx_word' id='word_1_833' title='bbox 1720 5281 1828 5334; x_wconf 88' lang='lat' dir='ltr'><strong>vim</strong></span> <span class='ocrx_word' id='word_1_834' title='bbox 1857 5281 2130 5336; x_wconf 89' lang='lat' dir='ltr'><strong>declinare</strong></span> <span class='ocrx_word' id='word_1_835' title='bbox 2165 5297 2324 5335; x_wconf 89' lang='lat' dir='ltr'><strong>nemo</strong></span> <span class='ocrx_word' id='word_1_836' title='bbox 2349 5291 2548 5350; x_wconf 88' lang='lat' dir='ltr'><strong>posset,</strong></span> <span class='ocrx_word' id='word_1_837' title='bbox 2579 5279 2984 5348; x_wconf 88' lang='lat' dir='ltr'><strong>acquieverunt,</strong></span> <span class='ocrx_word' id='word_1_838' title='bbox 3012 5277 3105 5331; x_wconf 87' lang='lat' dir='ltr'><strong>sed</strong></span> <span class='ocrx_word' id='word_1_839' title='bbox 3129 5277 3294 5330; x_wconf 86' lang='lat' dir='ltr'><strong>etiam</strong></span> 
     </span>
    </p>
   </div>
   <div class='ocr_carea' id='block_1_115' title="bbox 1721 5367 3297 5446">
    <p class='ocr_par' dir='ltr' id='par_1_115' title="bbox 1721 5367 3297 5446">
     <span class='ocr_line' id='line_1_115' title="bbox 1721 5367 3297 5446; baseline -0.007 -14"><span class='ocrx_word' id='word_1_840' title='bbox 1721 5377 2058 5433; x_wconf 84' lang='lat' dir='ltr'><strong>carminibus</strong></span> <span class='ocrx_word' id='word_1_841' title='bbox 2105 5376 2307 5445; x_wconf 84' lang='lat' dir='ltr'><strong>passim</strong></span> <span class='ocrx_word' id='word_1_842' title='bbox 2343 5373 2666 5446; x_wconf 84' lang='lat' dir='ltr'><strong>bymnisque</strong></span> <span class='ocrx_word' id='word_1_843' title='bbox 2704 5371 2855 5435; x_wconf 84' lang='lat' dir='ltr'><strong>suis,</strong></span> <span class='ocrx_word' id='word_1_844' title='bbox 2917 5380 3027 5424; x_wconf 88' lang='lat' dir='ltr'><strong>tam</strong></span> <span class='ocrx_word' id='word_1_845' title='bbox 3073 5369 3129 5422; x_wconf 91' lang='lat' dir='ltr'><strong>in</strong></span> <span class='ocrx_word' id='word_1_846' title='bbox 3164 5367 3297 5422; x_wconf 89' lang='lat' dir='ltr'><strong>deo-</strong></span> 
     </span>
    </p>
   </div>
   <div class='ocr_carea' id='block_1_116' title="bbox 1789 5578 2970 5650">
    <p class='ocr_par' dir='ltr' id='par_1_116' title="bbox 1789 5578 2970 5650">
     <span class='ocr_line' id='line_1_116' title="bbox 1789 5578 2970 5650; baseline -0.003 -16"><span class='ocrx_word' id='word_1_847' title='bbox 1789 5580 1922 5650; x_wconf 87' lang='lat'>(60&#39;)</span> <span class='ocrx_word' id='word_1_848' title='bbox 1957 5581 2096 5635; x_wconf 81' lang='grc' dir='ltr'><strong>Οὺδ⁹</strong></span> <span class='ocrx_word' id='word_1_849' title='bbox 2125 5597 2222 5650; x_wconf 90' lang='lat' dir='ltr'><strong>pro</strong></span> <span class='ocrx_word' id='word_1_850' title='bbox 2240 5581 2360 5643; x_wconf 80' lang='grc' dir='ltr'>οὐκ,</span> <span class='ocrx_word' id='word_1_851' title='bbox 2393 5590 2449 5650; x_wconf 87' lang='lat' dir='ltr'><strong>ut</strong></span> <span class='ocrx_word' id='word_1_852' title='bbox 2473 5594 2614 5646; x_wconf 67' lang='lat' dir='ltr'><strong>saape</strong></span> <span class='ocrx_word' id='word_1_853' title='bbox 2636 5579 2787 5632; x_wconf 88' lang='lat' dir='ltr'><strong>alias.</strong></span> <span class='ocrx_word' id='word_1_854' title='bbox 2814 5578 2970 5634; x_wconf 81' lang='lat' dir='ltr'><strong>Em&#39;r.</strong></span> 
     </span>
    </p>
   </div>
   <div class='ocr_carea' id='block_1_117' title="bbox 1788 5649 3290 5723">
    <p class='ocr_par' dir='ltr' id='par_1_117' title="bbox 1788 5649 3290 5723">
     <span class='ocr_line' id='line_1_117' title="bbox 1788 5649 3290 5723; baseline 0.001 -17"><span class='ocrx_word' id='word_1_855' title='bbox 1788 5649 1909 5723; x_wconf 6' lang='lat'><strong>(&#39;61),</strong></span> <span class='ocrx_word' id='word_1_856' title='bbox 1944 5649 2608 5723; x_wconf 73' lang='grc' dir='ltr'>Καταδεδουλωμένους.</span> <span class='ocrx_word' id='word_1_857' title='bbox 2659 5650 2917 5723; x_wconf 76' lang='lat' dir='ltr'><strong>Rescribe</strong></span> <span class='ocrx_word' id='word_1_858' title='bbox 2971 5649 3290 5723; x_wconf 67' lang='grc' dir='ltr'>καταδεδουη</span> 
     </span>
    </p>
   </div>
   <div class='ocr_carea' id='block_1_118' title="bbox 1715 5720 3126 5795">
    <p class='ocr_par' dir='ltr' id='par_1_118' title="bbox 1715 5720 3126 5795">
     <span class='ocr_line' id='line_1_118' title="bbox 1715 5720 3126 5795; baseline 0 -18"><span class='ocrx_word' id='word_1_859' title='bbox 1715 5720 1990 5795; x_wconf 80' lang='grc' dir='ltr'>λωμένων.</span> <span class='ocrx_word' id='word_1_860' title='bbox 2019 5724 2139 5792; x_wconf 85' lang='lat' dir='ltr'><strong>Quo</strong></span> <span class='ocrx_word' id='word_1_861' title='bbox 2164 5725 2308 5780; x_wconf 90' lang='lat' dir='ltr'><strong>enim</strong></span> <span class='ocrx_word' id='word_1_862' title='bbox 2335 5722 2679 5779; x_wconf 86' lang='lat' dir='ltr'><strong>accusativus</strong></span> <span class='ocrx_word' id='word_1_863' title='bbox 2703 5722 2789 5777; x_wconf 91' lang='lat' dir='ltr'><strong>hic</strong></span> <span class='ocrx_word' id='word_1_864' title='bbox 2823 5720 3126 5777; x_wconf 80' lang='lat' dir='ltr'><strong>referatur?</strong></span> 
     </span>
    </p>
   </div>
  </div>
