3864 6386
556 318 651 373 5H

1230 314 1503 373 EUSEBII
1543 309 2028 369 CASSARIENSIS
2064 308 2216 365 OPP.
2252 308 2437 364 PARS
2470 307 2533 362 Il.
2577 334 2647 344 —
2680 294 3179 354 APULOGETICA.
3673 296 3756 350 512

554 448 674 486 rum
712 430 866 486 festis
917 445 1080 500 quam
1128 428 1181 482 in
1211 428 1442 495 publicis
1477 427 1733 481 omnibus
1761 422 2119 493 spectaculis,

2226 421 2393 491 τομὰς
2417 414 2829 485 ἐξενηνεγμένα.
2861 408 3077 478 Ἐπειδὴ
3111 408 3288 459 τοίνυν
3317 406 3574 476 τοσαύτην
3601 408 3756 474 Evr/fu

554 524 728 591 turpis
764 522 925 577 unius
953 538 1016 577 ac
1040 520 1323 591 ﬂagitiosae
1348 519 1637 589 voluptatis
1666 516 1839 586 orgia,
1878 514 2123 583 indigna—

553 629 660 685 que
691 618 967 685 mysteria,
999 629 1122 668 cum
1174 612 1461 673 initiando,
1496 620 1607 663 tum
1638 610 1810 663 sacris
1848 606 2123 676 Operaudo

552 707 913 761 celebrarunt.
966 704 1146 770 Quare
1200 703 1326 773 jure
1388 700 1674 773 profecto.
1727 700 1771 754 si
1824 698 2123 769 quidquam

552 799 720 862 aliud,
753 808 922 852 totum
959 800 1063 852 hoc
1090 796 1229 866 apud
1259 812 1358 850 nos
1385 793 1759 849 obscmnitatis
1795 805 1964 862 genus
1996 788 2124 844 sub-

550 891 720 945 latum
769 899 869 945 est.
917 889 1182 943 Libidinis
1208 889 1353 942 enim
1391 887 1628 950 initium,
1660 884 1925 937 idolorum
1961 895 2125 935 exco-

550 984 737 1054 gitatio
767 992 868 1037 est.
893 982 1221 1035 Cteterorum
1255 994 1384 1050 ergo
1412 977 1733 1048 populorum
1757 1017 1771 1041 ,
1826 982 1886 1028 ιιι
1934 972 2122 1042 paucis

549 1076 846 1137 absolvam,
881 1073 1161 1142 theologiaa
1215 1081 1322 1125 tam
1373 1071 1523 1124 varia
1573 1069 1674 1123 fuit
1731 1066 2122 1134 multiplexque

549 1165 689 1218 ratio
721 1183 733 1217 :
778 1178 901 1217 cum
929 1162 1072 1215 enim
1105 1178 1213 1215 uno
1247 1168 1456 1214 tantum
1487 1159 1711 1228 impura:
1743 1165 1997 1224 tetraeque
2022 1168 2117 1207 vo-

546 1256 768 1325 luptatis
789 1255 1055 1326 principio
1086 1256 1378 1319 niteretur,
1433 1254 1661 1322 plurima
1701 1260 1878 1304 tamen
1929 1263 1993 1302 ac
2030 1262 2119 1299 va-

546 1348 648 1412 ria,
685 1347 868 1418 hydra:
899 1346 1181 1417 cujusdam
1238 1346 1540 1399 cervicibus
1589 1343 1968 1413 capitibusque
1997 1354 2119 1393 sca-

2230 509 2661 585 προϐεϐλημένοι
2694 507 2792 576 τὴν
2814 504 3043 573 πλάνην,
3092 500 3275 553 εἰκότα
3302 500 3363 568 δὴ
3402 500 3599 562 αὐτοῖς,
3630 502 3756 572 ἡδονῇ

2229 604 2373 675 Θεῷ,
2422 601 2574 671 κακῷ
2610 599 2846 668 δαίμονι,
2893 594 3231 665 χρωμένοις,
3278 591 3366 644 ἐπὶ
3424 594 3608 653 κακοῖς
3644 596 3759 645 κακὰ

2230 696 2598 765 συνηγείρετο,
2629 689 3030 759 γυναιμανίαις,
3058 687 3150 738 καὶ
3168 684 3408 755 ἀρῤἐνων
3437 683 3666 753 φθοραῖξσ
3684 703 3760 754 μη·

2226 785 2556 859 τρογαμίαις
2593 801 2673 846 τε,
2707 783 2799 835 καὶ
2826 777 3289 849 θυγατρομιξίαις,
3315 774 3401 828 τὸν
3434 774 3601 827 πάντα
3624 793 3760 827 καταο

2226 880 2553 950 φυρομένοις
2606 874 2751 945 βίον,
2784 873 2876 926 καὶ
2908 871 3006 940 τὴν
3032 870 3221 940 ἄγριον
3253 868 3344 920 καὶ
3365 866 3598 937 θηριώδη
3630 866 3759 934 φύσιν

2227 968 2498 1040 ὑπερϐολῇ
2550 966 2880 1035 φαυλότητος
2911 961 3240 1031 νενικηκόσι.
3269 958 3517 1021 Τοιοῦτος
3563 958 3650 1027 μὲν
3688 955 3759 1011 οὖν

2226 1063 2253 1113 ὁ
2280 1061 2479 1131 τρόπος
2502 1059 2606 1111 τῶν
2640 1054 2886 1109 παλαιῶν
2922 1052 3109 1112 ἐθνῶν,
3140 1052 3231 1104 καὶ
3267 1050 3364 1120 τῆς
3408 1048 3761 1118 διεψευσμένης

2225 1153 2402 1206 αὐτῶν
2432 1149 2725 1217 θεολογίας,
2754 1148 2841 1200 διὰ
2869 1145 2975 1197 τῶν
3008 1141 3358 1213 συνηγμένων
3382 1143 3515 1211 ἡμῖν
3555 1140 3761 1209 Ἕλληνι-

2224 1244 2333 1297 κῶν
2372 1240 2723 1312 λογογράφων
2750 1255 2809 1291 τε
2834 1239 2926 1291 καὶ
2952 1234 3253 1306 φιλοσόφων
3270 1233 3326 1285 ὲν
3354 1234 3468 1294 τοῖς
3490 1230 3761 1303 ἔμπροσθεν

2221 1336 2613 1389 ἀποδέδεικται.

547 1416 798 1494 ῑθηιίενίη
835 1416 1039 1503 morem
1063 1481 1078 1506 ,
1126 1449 1397 1495 sectarum
1446 1439 1677 1494 divortia
1730 1452 1794 1492 ac
1853 1433 2168 1490 discrimina
2207 1431 2435 1502 peperit.
2472 1429 2547 1482 Ita
2591 1443 2714 1482 cum
2749 1434 2897 1479 tanto
2931 1432 3149 1491 tamque
3184 1419 3328 1474 foedo
3358 1433 3542 1471 errore
3578 1416 3763 1469 labora-

547 1543 691 1598 τεηῑ,
718 1536 916 1589 mirum
940 1535 1185 1605 profecto
1214 1549 1320 1587 non
1358 1542 1460 1598 est,
1518 1533 1563 1589 si
1616 1532 1864 1586 homines
1894 1529 2185 1596 voluptatis
2223 1528 2357 1588 deae.
2388 1540 2450 1579 ac
2486 1522 2734 1579 scelerati
2775 1519 3037 1575 daemonis
3072 1515 3267 1571 addicti
3304 1513 3595 1581 obsequio,
3624 1528 3763 1563 nuvo-

548 1644 669 1682 rum
710 1628 937 1683 subinde
969 1629 1125 1698 301
1180 1629 1448 1682 malorum
1501 1628 1720 1681 cumulo
1762 1633 2171 1695 premerentur,
2213 1622 2341 1676 dum
2378 1630 2431 1674 et
2478 1618 2686 1673 insanis
2733 1615 3019 1669 mulierum
3072 1610 3389 1673 amoribus,
3442 1615 3497 1660 et
3546 1604 3764 1658 mascula:

548 1720 762 1773 veneris
786 1719 1163 1785 obscoenitate,
1191 1729 1244 1774 et
1285 1720 1506 1774 inceStis
1536 1730 1770 1774 matrum
1800 1718 2141 1785 ﬁliarumque
2179 1716 2381 1784 nuptiis
2416 1714 2578 1766 vitam
2634 1710 3022 1780 permiscerenl.
3058 1705 3393 1766 universmn,
3456 1714 3518 1753 ac
3571 1697 3764 1751 ferinam

550 1808 851 1862 belluarum
900 1818 1149 1863 naturam
1207 1808 1429 1863 sceleris
1474 1809 1851 1879 magnitudine
1898 1814 2242 1875 superarent.
2295 1803 2473 1870 Atque
2541 1798 2855 1869 hujusmodi
2906 1805 3241 1849 vetustarum
3314 1792 3561 1861 gentium
3595 1802 3761 1853 mores,

549 1911 603 1955 et
634 1902 994 1957 adulterinam
1034 1917 1223 1956 earum
1255 1903 1580 1973 theologiam
1620 1902 1821 1968 fuisse,
1875 1903 2122 1972 ipsismet
2161 1898 2473 1953 Grazcorum
2505 1910 2612 1948 non
2673 1892 3057 1947 historicorum
3107 1887 3292 1953 modo,
3326 1885 3423 1941 sed
3472 1884 3626 1939 etiam
3672 1882 3765 1952 plu.

549 1995 925 2066 losopborum,
958 2012 1080 2066 qua:
1108 1998 1479 2065 superioribus
1508 1997 1661 2051 libris
1685 2006 1944 2067 congesta
1969 2004 2119 2058 sunt,
2158 1990 2482 2048 testimoniis
2514 1988 2728 2043 abunde
2757 1984 3125 2055 probavimus.

1155 2088 1384 2144 CAPUT
1424 2089 1510 2144 ΙΙΙ.

552 2197 781 2263 Quinam
827 2197 1169 2254 Hebrrrorum
1205 2219 1370 2255 mores
1411 2202 1644 2271 fuerint,
1683 2203 1868 2271 quidve
1901 2202 1965 2254 de
2004 2201 2122 2253 uui-

818 2273 951 2324 versi
974 2286 1188 2326 auctore
1217 2289 1279 2325 ac
1304 2274 1540 2327 molitore
1570 2274 1847 2326 senserint.

616 2422 735 2478 Iam
770 2440 939 2490 vero,
987 2425 1425 2495 quandoquidem
1475 2426 1782 2495 priscorum
1838 2423 2119 2479 hominum

550 2514 714 2568 vitam
766 2516 1098 2584 exploratam
1148 2515 1841 2585 habes:quemadmodum
1904 2512 2002 2567 soli
2054 2527 2121 2567 ex

550 2607 805 2662 omnibus
834 2606 1066 2673 Hebraei,
1095 2608 1425 2662 contrariam
1474 2615 1621 2661 tanta
1668 2607 1721 2660 in
1774 2605 2121 2659 multitudine

551 2698 691 2752 viam
715 2697 953 2765 inierint,
969 2700 1151 2754 animo
1168 2700 1421 2769 deinceps
1442 2708 1496 2754 et
1523 2698 1851 2770 cogitatione
1886 2696 2117 2751 intuere.

552 2788 760 2843 Etenim
786 2792 1058 2861 principes
1091 2791 1188 2856 illi,
1223 2791 1431 2862 solique
1462 2791 1719 2846 universo
1744 2788 2022 2842 hominum
2054 2803 2120 2842 ex

551 2898 770 2953 genere,
793 2898 915 2937 cum
955 2900 981 2934 a
1013 2884 1204 2954 primis
1236 2894 1382 2940 retro
1428 2884 1699 2939 societatis
1737 2883 1989 2937 humanae
2028 2898 2122 2935 cu-

550 2978 783 3041 nabulis,
825 2984 1059 3031 mentem
1106 2975 1159 3041 in
1212 2976 1432 3031 homine
1467 2975 1631 3044 digna
1663 2972 2120 3041 contemplatione

549 3070 890 3135 deﬁxissent,
916 3080 1077 3140 atque
1106 3071 1172 3125 ad
1198 3068 1472 3124 naturales
1502 3068 1741 3121 universi
1764 3067 2001 3121 rationes
2033 3066 2119 3135 pie

549 3174 842 3235 sancteque
888 3164 1607 3230 rimandas,contulissent;
1664 3162 1840 3233 prima
1901 3161 2118 3231 quidem

549 3268 838 3324 corporum
864 3254 1149 3320 elementa,
1188 3262 1409 3319 terram,
1443 3268 1662 3323 aquam,
1689 3268 1890 3319 aerem,
1917 3253 2117 3322 ignem,

549 3362 614 3399 ex
641 3346 839 3414 quibus
866 3345 1011 3400 hunc
1033 3346 1219 3400 orbem
1256 3356 1505 3399 constare
1546 3345 1889 3410 sentiebant;
1948 3343 2118 3399 solem

2732 2078 3122 2133 ΚΕΦΑΛΑΙΟΝ
3173 2077 3245 2127 Γ’.

2222 2198 2557 2276 Ila-{ﬁdch
2595 2194 2701 2248 τοῦ
2734 2193 2851 2276 τῶν
2892 2191 3477 2276 Ἱίὅζριιίίιιν.τρόπονἑ
3512 2188 3604 2241 καὶ
3635 2186 3763 2264 ὅπως

2292 2257 2575 2391 ἔδόξὲιξοοθ
2634 2265 2766 2333 περὶ
2816 2263 2923 2321 τοῦ
2965 2257 3212 2330 ἀοιητοῦ
3251 2257 3386 2313 ίκαὶ
3440 2257 3764 2328 δημιουργοῦ

2293 2357 2410 2392 των
2470 2379 2483 2391 .
2512 2356 2614 2390 ων.

2294 2434 2356 2484 Ei
2390 2430 2453 2500 δὴ
2483 2426 2576 2483 οὑν
2608 2426 2881 2481 συνῶπταί
2909 2442 2989 2478 σοι
3022 2427 3050 2478 ὁ
3076 2423 3183 2477 τῶν
3211 2421 3463 2475 παλαιῶν
3495 2421 3623 2491 βίος,
3638 2420 3765 2491 ἄθρει

2221 2522 2285 2593 δὴ
2309 2522 2493 2574 λοιπὴν
2526 2523 2592 2591 τῇ
2616 2518 2823 2589 διανοίᾳ
2879 2517 3072 2588 μόνους
3106 2514 3302 2576 παῖδας
3339 2513 3603 2584 Ἐϐραίων
3630 2513 3679 2564 ὲν
3697 2527 3763 2563 το-

2224 2617 2430 2678 σούτοις
2456 2614 2552 2686 τὴν
2582 2614 2829 2667 ἐναντίαν
2857 2611 3136 2672 ἀπιόντας.
3169 2608 3290 2661 Οἵδε
3321 2608 3432 2679 γὰρ
3455 2607 3669 2678 πρῶτοι,
3692 2605 3764 2658 καὶ

2225 2707 2374 2777 μόνοι
2400 2706 2615 2759 πάντων
2640 2702 2961 2776 ἀνθρώπων,
2990 2700 3192 2755 ἄνωθεν
3214 2701 3277 2753 ὲκ
3312 2698 3538 2770 πρώτης
3569 2697 3653 2750 τοῦ
3675 2696 3763 2763 βίον

2222 2797 2527 2867 καταϐολῆς
2546 2796 2735 2865 λογικῇ
2763 2792 2962 2864 θεωρία
2992 2792 3090 2863 τὴν
3114 2790 3354 2843 διάνοιαν
3379 2787 3677 2850 ἀναθέντες,
3693 2786 3766 2839 καὶ

2221 2891 2285 2959 τῇ
2325 2904 2387 2939 πε
2400 2886 2452 2957 pl.
2481 2884 2574 2937 τοῦ
2605 2883 2803 2945 παντὸς
2838 2879 3152 2950 φυσιολογίᾳ
3185 2878 3429 2940 εὐσεϐῶς
3479 2878 3766 2945 ἐπιστήσειν·

2220 2996 2328 3043 τες,
2347 2976 2536 3047 πρῶτα
2563 2976 2659 3045 μὲν
2682 2974 2750 3026 τὰ
2771 2973 2877 3025 τῶν
2903 2972 3168 3041 σωμάτων
3196 2972 3463 3039 στοιχεῖα,
3487 2970 3607 3039 γῆν,
3626 2967 3761 3037 ὕδωρ.

2220 3066 2376 3135 ἀέρα,
2434 3064 2564 3133 πῦρ,
2601 3063 2660 3127 ἐξ
2721 3057 2798 3117 ὧν
2851 3062 2969 3114 τόδε
2992 3062 3050 3113 τὸ
3083 3063 3192 3115 πᾶν
3230 3060 3506 3124 συνεστὼς
3540 3059 3766 3127 κατεμάν-

2222 3157 2401 3220 θανον,
2425 3156 2575 3227 ἥλιόν
2607 3173 2665 3208 τε
2696 3156 2786 3207 καὶ
2814 3154 3062 3225 σελήνην,
3105 3153 3198 3205 καὶ
3249 3152 3509 3224 ἀστέρας,
3538 3152 3597 3204 οὐ
3618 3150 3763 3213 θεοὺς,

2221 3249 2357 3320 ἔργα
2383 3249 2437 3301 δὲ
2466 3244 2603 3301 εἶναι
2633 3247 2767 3300 Θεοῦ
2819 3247 3200 3315 διελογίσαντο’
3233 3246 3336 3316 τὴν
3376 3244 3541 3315 φύσιν
3570 3247 3660 3314 τῆς
3682 3261 3765 3295 cm-

2224 3341 2455 3411 ματικῆς
2488 3340 2673 3403 οὐσίας
2701 3340 2761 3392 οὐ
2800 3340 2957 3408 μόνον
3012 3338 3224 3406 ἄλογον,
3264 3338 3403 3392 ἀλλά
3456 3339 3551 3391 καὶ
3596 3338 3765 3406 ἄψυχον

551 3435 771 3502 pariter,
801 3434 1008 3496 lunam,
1035 3449 1097 3489 ac
1126 3434 1325 3494 sidera,
1363 3450 1469 3487 non
1500 3434 1629 3488 deos
1653 3477 1666 3499 ,
1708 3434 1799 3490 sed
1835 3434 1927 3488 Dei
1953 3447 2117 3502 opera

2226 3429 2376 3497 εἶναι,
2412 3432 2533 3486 καθ’
2570 3434 2691 3485 ὅσον
2740 3430 2945 3503 ῥοώδης
2984 3432 3077 3484 καὶ
3121 3430 3334 3503 φθαρτὴ
3354 3427 3493 3485 οὖσα
3524 3431 3761 3499 τυγχάνει,

550 3539 671 3577 esse
695 3525 1054 3592 phi1050phati
1092 3532 1235 3579 sunt.
1278 3523 1453 3579 Probe
1479 3525 1621 3578 enim
1659 3525 1794 3593 ipsi,
1846 3538 2120 3592 corporea:

552 3617 867 3670 substantia:
913 3617 1183 3686 propriam
1219 3616 1360 3669 hanc
1405 3631 1525 3670 esse
1570 3626 1818 3670 naturam
1857 3614 2121 3682 intellige-

553 3706 705 3769 bant,
734 3715 793 3761 ut
824 3706 1283 3776 quemadmodum
1331 3706 1473 3761 ﬂuxa
1503 3708 1591 3760 illa
1615 3745 1628 3768 ,
1668 3716 1831 3774 atque
1877 3704 2121 3759 interitui

551 3799 787 3854 obnoxia
826 3808 941 3865 est,
1002 3799 1074 3853 ita
1123 3800 1335 3854 ratione
1374 3800 1533 3854 simul
1580 3809 1633 3853 et
1680 3800 1863 3853 animo
1916 3810 2116 3853 careat.

552 3890 754 3946 Deinde
807 3906 931 3945 cum
991 3890 1107 3944 ﬁeri
1164 3904 1272 3944 non
1321 3905 1482 3960 posse
1529 3890 1865 3956 cegitarent,
1928 3897 1986 3943 ut
2036 3890 2121 3944 vel

553 3982 741 4036 mundi
774 3982 936 4050 hujus
984 3981 1223 4036 universi
1277 3991 1384 4035 tam
1436 3989 1557 4051 apte
1583 3982 1962 4051 sapienterque
1992 3996 2123 4035 con-

551 4074 782 4131 formata
824 4075 1050 4143 species,
1081 4090 1308 4145 quzeque
1350 4082 1501 4128 tanta
1554 4074 1875 4142 spirantium
1906 4073 2111 4126 anima-

552 4167 706 4229 lium,
736 4175 788 4220 et
820 4167 1029 4220 ratione
1072 4166 1266 4236 partim
1300 4166 1671 4234 praeditorum,
1707 4165 1901 4234 partim
1933 4180 2122 4219 caren-

552 4260 689 4313 tium
718 4259 1061 4313 multiludine
1095 4260 1427 4321 abundaret,
1470 4257 1701 4312 fortuita:
1732 4273 1793 4312 ac
1823 4258 2122 4311 tumultua-

552 4350 647 4405 riae
694 4366 871 4404 causa:
918 4351 1335 4420 assignarctur:
1386 4350 1469 4403 vel
1514 4365 1696 4403 rerum
1755 4349 2118 4402 animatarum

554 4442 860 4506 inanimus,
901 4446 1112 4498 ratione
1152 4443 1497 4513 prazditarum
1531 4442 1759 4495 rationis
1794 4457 1986 4511 expers
2017 4457 2120 4496 au-

554 4546 671 4590 ctor
695 4546 749 4590 et
774 4534 953 4604 Opifex
990 4544 1355 4590 statueretur:
1392 4535 1485 4589 sed
1517 4534 1697 4604 potius
1736 4534 2116 4600 intelligerent,

553 4642 675 4681 cum
707 4643 879 4696 neque
901 4638 1117 4697 repente
1148 4642 1211 4681 ac
1240 4643 1335 4696 per
1365 4642 1484 4681 sese
1515 4626 1711 4681 domus
1742 4642 1983 4695 unquam
2011 4626 2119 4679 ulla

553 4734 615 4772 ex
653 4719 815 4784 lignis
850 4729 903 4773 et
928 4720 1195 4788 lapidibus
1244 4719 1537 4783 coalescat,
1568 4734 1667 4773 nec
1715 4720 1879 4774 vestis
1914 4722 2120 4789 absque

554 4809 780 4862 textoris
820 4808 1085 4863 industria
1112 4809 1443 4879 perﬁciatur,
1469 4824 1569 4862 nec
1602 4807 1847 4862 civitates
1880 4821 1972 4863 aut
2003 4825 2120 4865 res-
2152 4786 2195 4840 Ῐ)

553 4902 781 4970 νυωίςὶιὲ
804 4902 1009 4970 absque
1058 4902 1233 4972 legum
1270 4914 1323 4956 et
1360 4901 1664 4971 principum
1691 4943 1705 4967 ,
1756 4918 1932 4972 neque
1960 4918 2124 4958 naves

554 4995 758 5062 absque
793 4994 1212 5062 gubernatorum
1263 4993 1635 5048 moderatione
1674 4995 1995 5061 consistant,
2024 5010 2125 5049 nec

555 5084 842 5136 minimum
884 5083 1099 5153 quidem
1134 5087 1265 5137 artis
1296 5085 1715 5137 instrumentum
1753 5084 1870 5139 sine
1900 5085 2125 5139 artilicis

553 5174 780 5229 exsistat
811 5191 997 5236 manu,
1025 5191 1198 5245 neque
1222 5178 1373 5230 navis
1398 5192 1638 5245 unquam
1673 5176 1779 5229 ulla
1815 5175 2021 5230 felicem
2056 5176 2120 5231 ad

553 5276 765 5335 portum
808 5268 1073 5336 appellat,
1122 5269 1382 5337 sapientis
1428 5268 1671 5337 magistri
1728 5268 2122 5337 gubernatione

552 5357 712 5428 302
747 5361 1005 5429 spoliata:
1042 5362 1210 5414 multo
1244 5377 1373 5415 sane
1419 5361 1597 5415 minus
1651 5362 1791 5415 hanc
1827 5362 2124 5415 elemento-

2223 3528 2627 3597 συννοήσαντες⁸
2656 3526 2890 3578 κᾶπειτα
2923 3525 3290 3595 λογισάμενοι,
3326 3524 3405 3587 ὼς
3464 3525 3561 3592 οὐχ
3596 3518 3694 3574 οτὸν
3720 3536 3762 3571 τε

2219 3618 2429 3689 τὴντοῦ
2456 3617 2766 3687 σύμπαντος
2805 3617 3008 3688 κόσμου
3071 3616 3334 3681 διάταξιν,
3367 3611 3429 3669 εὖ
3482 3618 3575 3669 καὶ
3620 3613 3764 3682 σοφῶς

2220 3711 2590 3782 ἡρμοσμένην,
2627 3708 2874 3780 ἔμπλεων
2917 3726 2976 3762 τε
3004 3708 3156 3773 ζώων
3188 3708 3472 3780 ἐμψύχων,
3490 3707 3701 3775 λογικῶν
3720 3721 3763 3756 τε

2220 3806 2315 3859 καὶ
2362 3804 2574 3870 ἀλόγων
2606 3802 2981 3873 ὑπάρχουσαν,
3029 3802 3336 3870 αὐτόματον
3397 3800 3763 3870 ἐπιγράφεσθαι

2218 3894 2315 3965 τὴν
2336 3895 2533 3945 αἰτίαν·
2561 3892 2678 3946 οὐδέ
2711 3911 2773 3961 γε
2814 3891 2922 3945 τῶν
2950 3891 3210 3963 ἐμψύχων
3248 3894 3349 3963 τὴν
3393 3892 3669 3961 ποιητικὴν
3690 3892 3765 3958 ἀρ-

2219 3987 2320 4056 χὴν
2346 3986 2548 4056 ἄψυχον
2588 3984 3018 4055 ὑπολαμϐάνειν,
3050 3984 3157 4036 οὐδ’
3196 3984 3393 4052 ἄλογον
3434 3985 3533 4054 τὴν
3568 3983 3662 4036 τῶν
3696 3982 3763 4033 λοι

2220 4076 2389 4145 γικῶν
2413 4077 2760 4148 δημιουργόν.
2818 4078 2969 4129 Ἐπεὶ
3000 4076 3053 4129 δὲ
3088 4076 3221 4147 μηδὲ
3267 4076 3445 4140 ξύλων
3504 4078 3595 4129 καὶ
3631 4074 3762 4126 λίθων

2220 4168 2523 4239 αὐτόματός
2579 4170 2692 4221 ποτ’
2719 4168 2784 4221 ἂν
2812 4168 3087 4238 οἰκοδομία
3117 4168 3373 4237 συσταίη,
3398 4169 3521 4221 οὐδέ
3547 4186 3603 4237 γε
3632 4166 3763 4234 ἐσθὴς

2220 4259 2453 4328 ὑφάντου
2487 4259 2608 4329 δίχα
2640 4260 3036 4330 συντελεσθείη,
3062 4260 3180 4312 οὐδὲ
3205 4260 3391 4324 πόλεις
3419 4263 3513 4314 καὶ
3537 4261 3762 4312 πολιτεῖαι

2219 4353 2398 4422 νόμων
2426 4352 2581 4415 ἐκτὸς
2614 4353 2704 4404 καὶ
2756 4352 3080 4424 ἀρχοντικῆς
3122 4352 3440 4419 διατάξεως,
3497 4353 3610 4406 οὐδὲ
3638 4350 3762 4410 ἐκτὸς

2220 4445 2551 4516 κυϐερνήτου
2604 4444 2755 4510 ναῦς,
2790 4446 2910 4497 οὐδὲ
2958 4446 3018 4498 τὸ
3074 4446 3443 4517 σμικρότατον
3498 4446 3673 4515 τέχνης
3697 4445 3764 4511 ὅρα

2220 4554 2381 4605 γανον
2410 4538 2672 4608 ὑποσταίη
2721 4537 2787 4591 ἂν
2838 4539 2912 4609 μὴ
2954 4538 3041 4591 διὰ
3092 4540 3359 4609 τεχνίτου,
3425 4541 3533 4593 οὐδ’
3563 4540 3761 4609 εὐόρμου

2222 4628 2353 4679 ποτὲ
2388 4627 2519 4690 ναῦς
2548 4627 2760 4697 λιμένος
2783 4628 2933 4698 τύχοι
2975 4629 3049 4700 μὴ
3094 4630 3211 4698 οὐχ).
3244 4632 3341 4683 σύν
3376 4631 3568 4700 ἀγαθῷ
3600 4628 3764 4695 κυϐερ-

2221 4720 2373 4789 νήτῃ·
2402 4719 2510 4771 οὐδ’
2540 4722 2571 4787 ἡ
2605 4719 2713 4771 τῶν
2754 4720 2979 4773 καθόλου
3023 4723 3299 4791 στοιχείων
3332 4723 3443 4793 ἄρα
3479 4722 3629 4791 φύσις
3649 4719 3760 4787 ἀψυ-

2224 4827 2315 4880 χος
2343 4806 2475 4862 οὖσα
2505 4810 2598 4862 καὶ
2625 4810 2836 4877 ἄλογος,
2868 4812 2945 4881 τῷ
2977 4812 3098 4865 καθ’
3130 4814 3326 4885 ἑαυτὴν
3358 4815 3526 4885 λόγῳ,
3554 4814 3661 4882 δίχα
3684 4810 3761 4877 τῆς

2223 4903 2482 4956 ἀνωτάτω
2506 4902 2597 4955 τοῦ
2628 4903 2762 4955 Θεοῦ
2796 4905 3006 4971 σοφίας,
3043 4904 3202 4973 λόγου
3231 4907 3357 4958 ποτὲ
3395 4908 3491 4960 καὶ
3539 4907 3668 4976 ξωῆἔ
3687 4904 3761 4955 ἀν’

2225 4993 2458 5057 θέξεται.
2488 4994 2672 5048 Ταῦτα
2702 4995 2765 5067 δὴ
2808 4997 2901 5048 καὶ
2956 4998 3024 5049 τὰ
3056 4997 3281 5049 τοιαῦτα
3327 4998 3686 5068 διανοηθέντες
3722 4993 3759 5045 ci

2222 5086 2321 5155 τῆς
2367 5086 2630 5159 Ἐϐραίων
2681 5087 2961 5151 εὐσεϐείας
3020 5090 3252 5160 πατέρες
3293 5093 3355 5144 ἐκ
3404 5090 3656 5161 μεγέθους
3689 5086 3759 5139 καὶ

2224 5179 2486 5250 καλλονῆς
2516 5192 2541 5219 ι
2570 5182 2921 5252 ὲκτισμένων,
2953 5182 3028 5253 νῷ
3079 5185 3478 5256 κεκαθαρμένῳ
3504 5187 3592 5237 καὶ
3615 5181 3761 5250 ψυχῆς

2227 5272 2500 5341 διαυγέσιν
2526 5274 2732 5345 ὄμμασι
2765 5275 2855 5328 τὸν
2890 5277 3104 5330 πάντων
3150 5278 3479 5349 δημιουργὸν
3522 5277 3642 5331 Θεὸν
3667 5276 3759 5326 iss-

2229 5364 2524 5434 ϐάσθησαν.

555 5463 698 5511 rum,
733 5465 796 5504 ex
827 5453 1027 5520 quibus
1053 5454 1202 5508 orbis
1260 5454 1363 5509 iste
1414 5455 1678 5509 conﬂatus
1739 5463 1841 5517 est,
1879 5464 2153 5523 expertem
2194 5458 2359 5509 animi
2393 5460 2727 5529 rationisque
2789 5471 3062 5527 naturam,
3104 5463 3150 5517 si
3185 5478 3397 5518 summa
3431 5464 3518 5517 illa
3556 5456 3759 5517 numinis

555 5541 723 5595 divini
757 5546 1018 5613 sapientia
1052 5547 1383 5613 seclydalur,
1410 5556 1598 5616 suapte
1646 5547 1695 5601 vi
1739 5548 2028 5617 nativaque
2088 5547 2343 5604 facultate
2398 5554 2562 5607 vitam
2600 5556 2762 5610 simul
2803 5564 2856 5610 et
2886 5557 3151 5611 rationem
3212 5557 3479 5627 obtinere.
3532 5555 3663 5612 lixae.
3694 5552 3758 5603 Ῑη·

558 5653 745 5709 quam,
774 5639 987 5707 aliaque
1032 5641 1267 5709 similia,
1303 5658 1427 5699 cum
1490 5641 1726 5699 Hebrmte
1767 5643 1987 5715 pictatis
2039 5659 2101 5700 ac
2160 5646 2438 5715 religionis
2484 5660 2739 5721 parentes
2787 5653 3121 5725 cogitarent,
3157 5653 3320 5710 Deum
3353 5654 3506 5710 illum
3558 5642 3759 5707 universi

630 5743 653 5772 ⁸
682 5734 767 5789 ἴσ.
798 5730 923 5786 add.
954 5732 1080 5787 τῶν.
