3864 6386
147 409 230 464 515

1226 399 1548 457 ΡΒᾹΞΡΑΒ.
1591 398 1843 456 EVANG.
1889 398 2018 456 LIB.
2065 400 2174 456 VII.

3253 414 3357 470 5H

145 534 420 591 mulitorem.
466 549 632 601 quem
673 543 896 604 purgata
933 543 1134 598 mente,
1159 541 1320 602 atque
1352 526 1672 584 illuminatis
1711 525 1876 580 animi
1911 526 2118 596 oculis,
2174 528 2230 582 in
2272 537 2418 584 tanta
2475 545 2658 586 rerum
2719 542 3024 590 creatarum
3082 535 3354 605 magnitu-

144 629 242 684 dine
265 643 320 682 ae
348 629 518 697 specie
547 630 938 700 agnoscebant,
988 629 1139 698 jnsta
1171 638 1299 682 sunt
1339 624 1686 681 veneratione
1724 624 2018 692 prosecuti.
2085 695 2092 702 _

621 727 1017 780 ΚΕΦΑΛΑΙΟΝ
1064 728 1141 782 Δ’.

143 840 296 906 Ὅπως
317 838 607 918 ἐφρόνουν
638 839 768 919 {rapi
794 839 1124 919 ἀθαγησίας
1155 835 1382 919 ψυχῆς,
1414 835 1507 889 καὶ
1549 835 1681 903 περὶ

448 910 557 976 τῆς
595 910 717 963 τῶν
748 910 1035 978 σωμάτων
1058 909 1290 975 οὐσίτις.

193 1003 408 1055 Κᾶπειτα
443 1002 615 1073 μέρος
644 1004 705 1056 οὐ
738 1002 931 1073 μικρὸν
952 1000 1047 1054 τοῦ
1079 1001 1278 1064 παντὸς
1313 1002 1454 1069 σφᾶς
1481 1001 1679 1059 αὐτοὺς

137 1093 243 1149 εἶναι
283 1095 704 1166 συναισθόμενοι,
741 1097 798 1148 τὸ
831 1096 1010 1166 μέντοι
1039 1108 1066 1136 ι
1103 1095 1280 1149 αὐτῶν
1324 1093 1502 1164 τίμιον
1538 1088 1676 1145 εἶναι

136 1191 378 1259 ήγὴσαντου
433 1187 598 1241 τοῦτο
648 1188 703 1241 δὲ
737 1189 830 1242 καὶ
871 1189 962 1241 τὸν
1013 1187 1187 1258 ἀληθῆ
1241 1186 1547 1258 ἄνθρωπον,
1583 1184 1674 1238 τὸν

135 1284 242 1333 κατὰ
265 1279 427 1351 ιξυχὴν
453 1297 616 1352 νενοη
628 1281 804 1350 μένονο
831 1280 890 1333 τὸ
918 1280 974 1333 δὲ
1013 1280 1201 1334 τούτου
1233 1279 1415 1351 χώραν
1452 1277 1673 1350 περιϐο-

133 1372 203 1443 λῆς
221 1371 414 1440 ἐπέχοψ
445 1371 608 1424 τοῦτο
641 1372 697 1425 δὲ
725 1368 858 1426 εἶναι
913 1373 974 1424 τὸ
1003 1372 1180 1443 σῶμα.
1241 1373 1351 1426 Καὶ
1391 1370 1454 1442 δὴ
1480 1371 1668 1425 τοῦτον

130 1465 374 1534 ὰελόμενοι
405 1464 494 1516 τὸν
522 1465 746 1534 τρόπον,
772 1464 870 1536 τὴν
894 1467 1070 1518 πᾶσαν
1107 1465 1234 1536 περὶ
1262 1465 1360 1535 τῆς
1386 1462 1482 1517 τοῦ
1522 1463 1667 1517 ἔνδον

129 1557 363 1626 civ-Optimae
394 1556 540 1628 ζωῆς
564 1558 823 1628 φροντίδα
868 1557 962 1611 καὶ
991 1556 1226 1627 σπουδὴν
1255 1555 1662 1626 είσηνέγκαντο.

127 1650 258 1703 Τοῦτο
289 1650 340 1702 δὲ
367 1650 518 1721 παρὰ
549 1649 630 1720 τῷ
658 1650 874 1704 πάντων
905 1648 1221 1721 δημιουργῷ
1262 1647 1380 1719 Θεῷ
1433 1665 1663 1719 προσφι-

125 1742 191 1806 iis;
215 1739 335 1794 εἶναι
367 1742 743 1812 λογισάμενοι,
779 1743 836 1804 ὃς
865 1759 966 1793 που
1031 1741 1128 1810 τὴν
1163 1738 1464 1812 ἀνθρώπων
1501 1739 1661 1809 φύσιν

125 1836 205 1886 τῶν
223 1835 301 1887 ἐπὶ
321 1834 418 1903 γῆς
447 1835 713 1888 ἁπάντων
742 1837 981 1906 κρατεῖν,
1006 1835 1066 1886 οὑ
1094 1833 1254 1906 ῥώμῃ
1285 1833 1555 1906 σώματος,
1584 1834 1660 1898 ὠς

121 1929 250 1998 ἀρετῇ
278 1927 444 1997 ψυχῆς
467 1927 787 1999 ἐδωρήσατο
820 1929 925 1998 (τὰ
969 1930 1067 1998 μὲν
1098 1928 1208 1999 γὰρ
1234 1928 1342 1980 τῶν
1384 1927 1551 1981 ὄντων
1583 1923 1660 1980 εἶ-

123 2040 190 2075 ναι
205 2022 380 2092 ἄψυχα,
406 2017 494 2075 οἷα
517 2022 706 2086 λίθους
727 2024 819 2076 καὶ
849 2022 998 2089 ξύλω
1039 2022 1106 2075 τὰ
1145 2023 1202 2075 δὲ
1237 2023 1473 2094 ζωτικῆς
1498 2022 1658 2076 δυνά-

126 2132 236 2182 μεως
263 2115 474 2185 μέτοχα,
497 2109 591 2167 οἷα
613 2116 682 2168 τὰ
709 2116 816 2168 ἀπὸ
843 2117 947 2186 γῆς
980 2116 1355 2186 βλαστήματα·
1386 2114 1454 2168 τὰ
1485 2114 1542 2168 δὲ
1573 2117 1656 2168 αἱ-

123 2207 336 2275 σθήσεως,
367 2207 550 2278 ὁρμῆς
597 2225 659 2261 τε
711 2209 1083 2278 φανταστικῆς
1146 2207 1542 2279 μεμοιραμένα,
1571 2201 1657 2260 οἷα

124 2300 238 2362 ζέων
265 2301 324 2352 τὰ
354 2301 543 2368 ἄλογαο
604 2302 784 2354 πάντα
810 2301 867 2354 δὲ
918 2300 1089 2354 ταῦτα
1112 2301 1190 2353 ἐνὶ
1220 2298 1299 2370 τῷ
1323 2298 1432 2352 τῶν
1456 2297 1659 2370 ἀνθρώ-

124 2411 210 2446 πων
233 2393 358 2461 γένει
381 2395 520 2462 πρὸς
550 2394 868 2465 ὑπηρεσίαν
896 2393 1237 2459 δουλοῦσθαι,
1267 2393 1328 2446 οὐ
1367 2393 1526 2465 ῥώμῃ
1560 2392 1658 2445 cib-

123 2501 249 2552 ματος
273 2484 359 2536 καὶ
402 2485 548 2556 ἰσχύϊ
605 2484 1125 2555 κατηναγκασμένα,
1162 2482 1410 2553 λογισμῷ
1459 2483 1514 2535 δὲ
1561 2482 1656 2536 καὶ

119 2577 252 2646 tinxi};
273 2579 450 2649 ἀρετῇ,
557 2581 625 2634 τὸ
655 2579 796 2633 κατὰ
827 2579 1042 2632 πάντων
1087 2578 1195 2631 τῶν
1247 2577 1340 2630 ἐπὶ
1373 2578 1474 2648 γῆς
1502 2579 1656 2649 ἀρχι-

121 2671 188 2720 κόν
211 2687 256 2722 τε
283 2673 367 2724 καὶ
402 2671 689 2741 βασιλικὸν
740 2673 931 2742 γέρας,
978 2671 1182 2725 ἄνωθεν
1229 2671 1382 2742 παρὰ
1429 2669 1522 2722 τοῦ
1548 2670 1654 2722 τῶν

121 2761 220 2814 δέων
242 2762 397 2816 αἰτίου
432 2762 896 2834 συγκεχωρῆσθαι
931 2762 1365 2834 κατειλήφασινΥ
1397 2761 1545 2815 ἐνθεν
1571 2764 1658 2834 op-

123 2853 331 2922 μώμενοι,
355 2855 514 2927 σῶμα
545 2856 652 2926 μὲν
700 2855 793 2908 καὶ
820 2853 890 2907 τὰ
953 2854 1221 2924 σωμάτων
1254 2854 1386 2925 ἡδέα
1417 2854 1566 2908 οὐδέν
1603 2871 1656 2907 τι

122 2947 275 3015 μᾶλλον
297 2947 398 3000 τῶν
425 2949 610 3002 ἄλλων
641 2948 734 3000 ἐπὶ
757 2947 858 3018 γῆς
889 2947 1219 3018 θρεμμάτων
1263 2949 1535 3018 προτιμᾷν
1582 2947 1657 3000 δι-

121 3039 384 3110 ενοήθησαν·
411 3041 470 3093 τὸ
500 3041 546 3092 δ’
575 3041 635 3093 ἐν
670 3040 851 3102 αὐτοῖς
892 3040 1078 3110 ἄρχον,
1109 3039 1182 3102 ὡς
1217 3038 1282 3092 ἂν
1309 3037 1403 3092 τοῦ
1439 3039 1656 3092 πάντων

120 3133 324 3201 ᾶρλοντος
345 3136 571 3198 οἰκεῖον,
610 3132 704 3184 καὶ
751 3131 849 3200 τῆς
871 3131 1050 3201 ψυχῆς
1104 3131 1164 3184 τὸ
1207 3129 1422 3198 λογικόν
1471 3147 1529 3183 τε
1561 3131 1656 3183 καὶ

119 3226 276 3293 νοερὸν,
298 3224 432 3278 θεῶν
459 3242 519 3278 τε
593 3224 685 3277 καὶ
717 3221 1157 3292 ἐπιστημονικὸν,
1185 3221 1260 3285 ὡς
1299 3220 1365 3274 ἂν
1413 3219 1508 3274 τοῦ
1563 3220 1655 3273 ἐπὶ

121 3316 286 3369 πάντων
316 3316 444 3370 Θεοῦ
475 3316 584 3387 τὴν
605 3315 860 3386 ὁμοίωσιν
886 3315 1070 3385 φέρον,
1103 3313 1261 3384 μόνον
1287 3312 1373 3366 διὰ
1423 3312 1655 3383 σπουδῆς

121 3408 254 3476 ἔσχον.
281 3405 406 3463 Εἶτα
437 3408 566 3480 μηδ’
602 3407 729 3462 ἄλλο
757 3425 806 3459 τι
841 3405 1232 3476 ἐνθυμηθέντες
1275 3404 1476 3473 ἀγαθὸν
1513 3401 1653 3462 εἶναι

117 3501 185 3551 τοῦ
214 3502 402 3553 πάντων
425 3499 656 3569 ἀγαθῶν
677 3498 910 3570 χορηγοῦ
940 3498 1096 3560 Θεοῦ,
1126 3497 1276 3560 τέλος
1309 3497 1525 3568 ἁπάσης
1558 3497 1649 3549 εῦ-

118 3593 346 3662 διιμονίας
370 3595 465 3664 τὴν
496 3589 670 3645 αὑτοῦ
693 3590 891 3658 γνῶσιν
923 3606 983 3641 τε
1019 3587 1114 3641 καὶ
1143 3588 1325 3657 φιλίαν
1355 3583 1493 3640 εἶναι
1540 3587 1648 3641 ἁπ-

119 3687 355 3756 εξήναντο·
375 3688 457 3738 ὅτι
491 3685 596 3738 καὶ
627 3684 798 3753 αὐτῆς
825 3681 988 3752 ζωῆς,
1018 3680 1318 3752 καὶψυλάλῶ
1342 3682 1436 3734 καὶ
1469 3679 1652 3752 σῶμα*

117 3781 305 3839 mgni.
326 3777 430 3831 τῶν
487 3777 711 3840 τούτοις
777 3776 1090 3844 ἀναγκαίων
1146 3775 1306 3845 μόνος
1357 3775 1518 3838 αὐτὸς
1557 3778 1651 3830 ἀν-

119 3865 253 3935 ῆπται
275 3874 364 3943 τὴν
383 3874 588 3926 αἰτίαν.
610 3871 798 3940 Τούτῳ
818 3871 881 3940 δὴ
908 3865 1000 3922 οὖν
1032 3870 1171 3937 σφᾶς
1191 3867 1344 3932 ὅλους
1375 3866 1521 3938 αὐτῷ
1547 3867 1650 3920 σώ-

121 3968 322 4034 ματικαὶ
368 3966 514 4036 ψυχῇ
556 3965 833 4035 φέροντες,
869 3961 1268 4025 ἁνατεθείκασι,
1333 3961 1424 4014 τὸν
1472 3961 1650 4014 πάντα

120 4060 257 4111 αὐτῶν
279 4059 382 4130 βίον
412 4063 498 4114 ἐπ’
522 4059 688 4113 αὐτὸν
722 4056 1177 4127 ἀναρτησάμενοι,
1203 4057 1297 4108 καὶ
1325 4055 1469 4127 μόνῳ
1484 4073 1648 4126 προσ-

118 4151 247 4220 έχειν,
300 4152 436 4222 ἄλλῳ
477 4151 536 4204 δὲ
613 4149 803 4221 μηδενὶ
833 4147 940 4202 τῶν
974 4147 1264 4220 ὁρωμένων
1294 4145 1642 4213 ἀξιώσαντες.

117 4243 238 4296 like)
256 4243 311 4316 δὴ
343 4243 578 4314 φιλόθεοι
627 4242 762 4311 ὁμοῦ
815 4240 909 4294 καὶ
954 4238 1216 4306 θεοφιλεῖς
1257 4237 1645 4306 ἁναφανέντες,

119 4337 394 4404 θεραπευταί
439 4352 588 4398 τινες
638 4335 790 4397 ὄντες
824 4332 934 4403 (62)
989 4332 1082 4385 καὶ
1116 4334 1277 4402 ἱερεῖς
1302 4329 1395 4384 τοῦ
1423 4329 1646 4400 ὑψίστου

120 4426 220 4479 Θεοῦ
244 4426 642 4496 ἀπεφάνθησαν,
669 4424 703 4496 ἢ
732 4424 825 4476 καὶ
857 4444 874 4474 ‹
902 4423 1055 4490 γένος
1080 4419 1222 4494 ἱερὸν
1256 4421 1366 4492 (65)
1403 4423 1494 4474 καὶ
1553 4419 1649 4490 βα-

123 4520 296 4583 σιλικὸν,
327 4520 625 4594 ἱεράτευμα
655 4536 716 4571 τε
745 4516 901 4580 Θεοῦ,
933 4517 1028 4570 καὶ
1058 4516 1208 4580 ἔθνος
1243 4517 1395 4584 ἆγιον
1425 4535 1443 4566 ›
1479 4532 1647 4586 προσ-

123 4610 789 4684 αγορευθῆναιηξιώθησαν,
820 4607 1040 4679 σπέρμα
1096 4605 1196 4676 τῆς
1249 4604 1479 4676 ἀληθοῦς
1514 4603 1646 4656 ταύ-

122 4720 192 4774 της
215 4705 468 4769 εὐσεϐείας
501 4705 728 4764 καὶτοῖς
759 4699 1027 4769 ὀψιγόνοις
1074 4697 1252 4752 αὐτῶν
1301 4696 1646 4751 ἀπολελοιπό-

2371 742 2607 800 CAPUT
2667 745 2754 799 IV.

1787 853 1927 919 Quid
1961 857 2118 910 iidem
2151 857 2347 932 partim
2375 858 2438 911 de
2467 860 2658 914 animt:
2685 860 3090 914 immortalitate
3115 900 3130 926 ,
3161 863 3358 932 partim

2135 928 2199 980 de
2236 933 2472 997 corporis
2510 941 2704 983 natura
2738 933 3013 984 senserint.

1851 1017 2056 1073 Deinde
2089 1035 2238 1086 vero,
2269 1036 2393 1076 cum
2425 1021 2586 1076 iidem
2611 1037 2731 1076 sese
2759 1039 2978 1093 quoque
3006 1032 3214 1094 partem
3235 1041 3357 1082 esse

1779 1108 2019 1163 universi
2054 1125 2163 1164 non
2199 1110 2452 1181 exiguam
2480 1113 2766 1177 sentirent,
2800 1129 2830 1169 c
2857 1115 3071 1170 duabus
3105 1115 3191 1171 sui
3225 1132 3354 1186 par-

1716 1248 1731 1267 ,
1777 1201 1921 1256 tibus
1967 1202 2190 1257 alteram
2227 1206 2411 1274 (quem
2455 1220 2642 1259 verum
2679 1205 2819 1275 ipsi,
2872 1208 3076 1277 quique
3106 1224 3214 1263 non
3249 1210 3353 1265 nisi

1774 1293 1957 1346 animo
1986 1295 2243 1364 cognosci
2285 1296 2489 1366 possit,
2546 1297 2821 1352 hominem
2877 1300 3244 1373 appellabant)
3296 1302 3350 1356 in

1771 1385 1942 1454 pretio
1973 1386 2279 1441 habendam
2311 1398 2638 1457 putaverunt
2664 1407 2675 1443 :
2718 1389 2968 1456 alteram,
3007 1407 3201 1461 nempe
3229 1407 3353 1447 cor-

1768 1490 1892 1545 pus,
1921 1477 2194 1546 quoddam
2228 1479 2384 1548 quasi
2415 1489 2627 1548 septum
2659 1495 2802 1544 esse,
2843 1496 2953 1550 quo
2982 1481 3228 1538 inclusus
3261 1483 3354 1538 ille

1767 1577 2036 1623 teneatur.
2062 1568 2239 1640 Atque
2266 1571 2367 1625 hoc
2405 1571 2722 1626 discrimine
2752 1572 3070 1641 constituto,
3101 1573 3155 1626 in
3197 1569 3350 1630 coni-

1765 1661 2015 1730 ponenda
2048 1662 2283 1717 hominis
2312 1663 2589 1718 interioris
2609 1662 2741 1726 vita,
2770 1680 2958 1718 curam
2994 1664 3066 1719 illi
3091 1665 3348 1737 deinceps

1763 1765 1982 1807 omnem
2013 1755 2366 1825 studiumque
2397 1770 2649 1823 posuere.
2701 1754 2854 1820 Quod
2913 1756 3017 1824 ipsi
3072 1773 3195 1812 cum
3235 1758 3346 1812 Deo

1762 1859 1942 1898 rerum
1977 1845 2221 1899 omnium
2268 1847 2566 1902 architecto
2611 1846 2962 1906 vehementer
3009 1851 3228 1920 probari
3259 1866 3347 1905 co-

1759 1945 2106 2004 gnoscerent,
2139 1952 2169 1990 a
2203 1953 2312 2006 quo
2346 1939 2394 1991 id
2437 1940 2682 1994 muneris
2721 1940 2885 1994 homo
2913 1953 3196 2009 acceperat
3219 1982 3235 2007 ,
3287 1949 3346 1994 ut

1759 2026 1826 2080 iis
1855 2043 1976 2097 qua:
2017 2038 2283 2082 terrarum
2333 2028 2542 2083 ambitu
2600 2030 2984 2094 continentur,
3049 2032 3341 2097 omnibus,

1762 2133 1867 2172 non
1893 2119 2088 2174 robore
2113 2122 2382 2191 corporis,
2419 2122 2512 2177 sed
2538 2122 2706 2177 animi
2738 2121 2992 2178 facultate
3030 2124 3340 2194 imperaret.

1761 2208 1917 2282 (Nam
1952 2226 1983 2266 e
2015 2212 2196 2279 rebus,
2220 2213 2494 2269 inanimas
2525 2215 2661 2271 alias
2687 2231 2830 2280 esse,
2861 2226 2918 2271 ut
2943 2217 3149 2287 lapides
3177 2226 3344 2289 atque

1758 2303 1938 2373 ligna;
1965 2304 2074 2358 vim
2104 2307 2226 2360 aliis
2257 2306 2436 2363 inesse
2469 2309 2686 2364 vitalem
2708 2349 2722 2372 ,
2774 2319 2832 2364 ut
2877 2312 3133 2366 omnibus
3185 2321 3344 2368 terra:

1757 2397 2095 2468 germinibus
2139 2417 2152 2452 :
2209 2400 2346 2454 alias
2402 2403 2674 2458 sentiendi
2734 2403 2993 2459 facultate
3047 2405 3340 2475 prazditas,

1755 2491 1938 2546 oblata
1965 2491 2310 2547 extrinsecus
2361 2493 2692 2563 impulsione
2731 2498 3084 2562 commoveri,
3115 2507 3175 2553 ut
3223 2500 3344 2553 ani-

1757 2595 1969 2640 mantes
1998 2585 2207 2640 ratione
2237 2586 2478 2656 privatas
2511 2606 2523 2641 :
2555 2595 2720 2658 atque
2755 2590 2871 2645 haec
2910 2591 3096 2645 omnia
3124 2594 3341 2662 generis

1757 2678 2038 2732 hominum
2077 2679 2238 2734 unius
2264 2679 2550 2749 obsequio,
2573 2681 2897 2736 necessitate
2926 2683 3163 2752 quadam
3190 2699 3344 2739 man-

1756 2770 1950 2839 cipari,
1981 2784 2144 2838 quam
2185 2784 2294 2822 non
2325 2769 2490 2823 robur
2523 2769 2776 2840 viresque
2805 2771 3087 2842 corporis,
3128 2775 3223 2827 sed
3250 2788 3340 2827 ra-

1759 2860 1832 2915 tio
1862 2870 2022 2930 atque
2050 2859 2216 2914 animi
2246 2861 2421 2915 virtus
2446 2860 2634 2915 all'erat
2663 2879 2678 2916 :
2723 2862 2812 2916 cui
2848 2863 3076 2931 proinde
3121 2865 3336 2936 regium

1756 2951 2032 3022 quoddam
2059 2953 2112 3006 in
2149 2961 2362 3006 terrena
2403 2952 2585 3008 omnia
2613 2953 2838 3007 ditionis
2873 2961 2927 3006 et
2961 2953 3173 3023 imperii
3202 2955 3295 3024 jus
3320 2996 3336 3022 ,

1756 3044 1825 3097 ab
1856 3060 2036 3098 rerum
2067 3045 2448 3098 universarum
2495 3051 2718 3099 auctore
2761 3045 2978 3100 crelitus
3007 3059 3336 3101 concessum

1755 3150 1877 3190 esse
1907 3133 2298 3206 perviderunt.)
2335 3134 2447 3190 [lac
2473 3135 2552 3189 illi
2578 3136 2905 3205 cogitatione
2944 3137 3183 3204 adducti,
3216 3153 3338 3192 cor-

1755 3243 1859 3298 pus
1895 3243 2299 3298 corporumque
2331 3228 2588 3293 delicias,
2651 3227 2769 3282 loco
2816 3245 2923 3283 non
2975 3229 3112 3294 alio,
3168 3246 3336 3301 quam

1755 3332 2073 3374 czctcrarum
2120 3329 2276 3375 terra:
2321 3321 2588 3390 pecudum
2636 3338 2848 3393 genus,
2899 3322 3176 3380 habendas
3212 3339 3336 3380 esse

1680 3437 1722 3493 ο
1756 3421 2124 3467 censuerunt:
2163 3428 2325 3483 quam
2368 3428 2498 3467 vero
2541 3415 2626 3469 sui
2657 3425 2862 3486 partem
2904 3416 3133 3485 imperio
3164 3416 3336 3472 dona-

1757 3513 1866 3557 tam
1897 3503 2282 3573 agnoscebant,
2315 3513 2496 3573 utpote
2528 3507 2852 3575 cognatione
2892 3507 3072 3577 aliqua
3116 3523 3335 3564 summo

1754 3611 1937 3649 rerum
2004 3596 2253 3650 omnium
2321 3597 2635 3668 imperatori
2706 3599 3334 3670 conjunctam,ipsam-

1754 3702 1858 3755 que
1896 3685 2064 3740 animi
2111 3687 2324 3742 ratione
2358 3689 2821 3759 intelligentiaque
2857 3691 3173 3759 pra'tlitam,
3219 3691 3332 3745 imo

1751 3778 1991 3831 divinam
2055 3777 2388 3848 quamdam,
2453 3795 2516 3834 ac
2589 3781 2851 3836 doctrina:
2917 3783 3100 3836 sedem
3167 3782 3331 3838 simul

1751 3881 2140 3940 parentemque
2179 3868 2526 3936 facultatem,
2576 3873 2722 3941 quod
2774 3873 2971 3927 summi
3016 3873 3177 3945 303
3217 3871 3332 3928 Nu-

1753 3963 1916 4016 minis
1977 3977 2291 4031 expressam
2356 3961 2523 4017 ferret
2574 3964 2888 4034 imaginem,
2939 3966 3090 4019 omni
3163 3982 3327 4021 unam

1751 4054 2031 4124 diligentia
2118 4055 2407 4125 studioque
2472 4056 2778 4111 coluerunt.
2858 4056 3097 4125 Deinde,
3181 4060 3327 4130 quod

1751 4157 1946 4216 prmter
2014 4148 2285 4202 bonorum
2333 4148 2578 4202 omnium
2663 4147 2864 4204 fontem
2941 4160 3328 4222 auctoremque

1750 4239 1943 4306 Deum,
1973 4240 2118 4294 aliud
2160 4255 2386 4310 prorsus
2431 4241 2790 4313 intelligerent
2828 4242 2954 4297 boni
2999 4260 3120 4299 esse
3166 4246 3324 4312 nihil,

1747 4330 2004 4401 quodque
2047 4347 2190 4386 unus
2224 4331 2340 4401 ipse
2380 4343 2534 4402 aptas
2554 4349 2616 4386 ex
2656 4349 2776 4388 sese
2802 4335 2943 4400 vitae,
2975 4336 3164 4400 animi,
3192 4351 3319 4391 cor-

1748 4423 1920 4493 poris,
1955 4439 2184 4493 quaaque
2251 4424 2360 4479 illis
2397 4425 2708 4480 necessaria
2751 4436 2900 4489 sunt,
2956 4442 3152 4481 causas
3198 4443 3322 4482 om»

1747 4515 1898 4568 nium
1929 4524 1982 4569 et
2010 4515 2251 4570 rationes
2279 4515 2520 4582 haberet,
2553 4515 2826 4573 felicitatis
2850 4519 3116 4573 universa:
3137 4519 3323 4588 ﬁnem,

1745 4606 1867 4676 ejus
1897 4607 1950 4659 in
1977 4607 2139 4661 unius
2170 4608 2363 4676 partim
2413 4611 2747 4680 cegnitione,
2782 4614 2982 4681 partim
3010 4626 3195 4666 amore
3220 4628 3321 4682 po-

1749 4705 1996 4750 suerunt.
2036 4697 2113 4750 lla
2136 4713 2260 4751 cum
2287 4698 2447 4750 vitam
2475 4699 2838 4765 instituerent,
2860 4717 2923 4754 ex
2952 4717 3058 4754 una
3081 4703 3201 4770 ejus
3227 4718 3323 4756 vo-

121 4811 202 4857 τες.
226 4793 332 4868 Ἆρ’
357 4794 446 4851 οὖν
473 4794 723 4866 λογισμῷ
757 4811 837 4846 σοι
866 4791 1128 4860 δοκοῦμεν
1161 4787 1348 4842 τούσδε
1376 4789 1484 4840 τῶν
1524 4787 1642 4839 Ἐλ-

1759 4791 1955 4843 luntate
2002 4799 2246 4860 nutuque
2307 4804 2652 4860 suspensam,
2730 4794 2888 4862 eique
2956 4793 3080 4859 soli,
3139 4811 3322 4848 rerum

123 4885 306 4956 ληνικῶν
354 4887 837 4962 προτετιμηκέναι,
873 4884 968 4939 καὶ
996 4883 1196 4954 μᾶλλον
1225 4882 1331 4934 τῶν
1385 4881 1642 4934 Φοινίκων

124 4994 167 5030 τε
187 4983 261 5033 καὶ
273 4983 574 5050 Αἰγυπτίων
601 4980 758 5043 θεῶν,
775 4978 881 5032 τῶν
897 4994 957 5029 τε
980 4976 1106 5047 περὶ
1126 4976 1250 5038 τοὺς
1279 4973 1432 5036 θεοὺς
1452 4973 1651 5042 δυσφή-

129 5090 213 5140 μων
240 5076 610 5147 ἁτοπημάτων,
638 5073 737 5137 τὰς
774 5073 905 5144 παρ’
953 5069 1222 5141 Ἑϐραίοις
1256 5067 1382 5138 περὶ
1410 5065 1649 5119 εὐσεϐῶν

126 5163 285 5232 tisipth
316 5166 589 5238 διηγήσεις
619 5162 1015 5227 ἁποδέξασθαι;

1749 4891 2013 4951 praeterea
2045 4898 2168 4952 qua:
2197 4883 2450 4936 videntur
2482 4884 2636 4950 nulli,
2679 4886 3052 4957 adjungendos
3080 4903 3200 4941 sese
3229 4888 3326 4942 ad-

1751 4974 2126 5044 dicendosque
2197 4983 2517 5040 statuerent,
2555 4976 2730 5030 eidem
2767 4993 2885 5031 sese
2919 4987 3060 5033 totos
3094 4994 3324 5048 corpore

1752 5066 1918 5121 simul
1959 5075 2122 5136 atque
2173 5066 2357 5120 animo
2390 5078 2803 5125 consecrarunt.
2853 5069 3034 5141 Atque
3098 5071 3167 5124 ita
3197 5087 3322 5124 cum

1755 5168 1810 5213 et
1832 5157 2003 5212 Deum
2040 5158 2279 5212 maxime
2306 5149 2621 5228 diligerent,
2653 5169 2707 5214 et
2730 5159 2974 5213 vicissim
3006 5159 3074 5213 ab
3103 5176 3169 5216 eo
3195 5161 3322 5215 dili-

129 5275 172 5327 ge
196 5274 348 5330 entur,
403 5266 604 5321 summi
635 5261 887 5317 Numinis
938 5265 1171 5315 cultores
1229 5273 1354 5312 vere
1404 5273 1469 5312 ac
1526 5258 1840 5313 sacerdotes
1866 5255 2040 5311 ell'ecti
2092 5265 2241 5323 sunt,
2276 5257 2407 5319 imo,
2464 5272 2678 5327 «genus
2723 5256 2954 5311 electum
2998 5272 3062 5311 ac
3121 5259 3322 5326 regale,

130 5353 286 5424 Deique
322 5362 695 5422 sacerdotium,
731 5369 783 5412 et
810 5372 940 5427 gens
981 5365 1166 5410 sancta
1189 5354 1258 5416 δ’,
1286 5371 1304 5404 ι
1340 5354 1532 5407 merito
1567 5363 1696 5408 sunt
1735 5351 2053 5421 nuncupati,
2104 5366 2245 5406 verte
2280 5349 2444 5420 hujus
2476 5353 2693 5420 pietatis
2739 5351 2946 5405 semine
2982 5366 3110 5405 suos
3159 5352 3320 5405 etiam

131 5450 170 5504 in
201 5466 414 5524 posteros
453 5465 787 5527 nepotesque
835 5451 1133 5508 transfuso.
1175 5449 1315 5506 Num
1363 5466 1493 5520 ergo
1542 5451 1636 5504 tibi
1673 5450 1787 5520 jam
1822 5449 1874 5503 id
1915 5465 1944 5502 a
1990 5449 2147 5503 nobis
2207 5448 2420 5502 consilii
2458 5463 2582 5502 cum
2628 5447 2837 5502 ratione
2890 5457 3204 5517 susceptum
3242 5448 3322 5501 vi-

181 5571 248 5624 “l
281 5573 412 5631 Petr.
443 5593 502 5640 ιι.
533 5576 588 5632 9.

185 5678 203 5705 ι
226 5668 296 5722 ῑσ.
331 5673 420 5741 μέν
451 5689 520 5726 τι.

186 5757 271 5830 (σε)
301 5764 502 5830 ὀν-τες,
539 5763 688 5816 Alter
720 5777 786 5818 ex
813 5775 1114 5826 manuscr.,
1159 5759 1358 5823 ὅντως,
1395 5767 1559 5830 recte.

309 5818 482 5902 Γένοξ·
523 5834 703 5902 ἱερόν.
754 5833 900 5888 idem
933 5818 1211 5887 manuser.
1235 5870 1249 5894 ,
1290 5818 1445 5899 γένος
1479 5826 1656 5880 ὲκλεκ·

1791 5834 1850 5879 ut
1885 5825 1938 5880 in
1973 5823 2147 5880 Graec.
2183 5830 2236 5876 et
2272 5818 2483 5889 Vulgat.
2516 5819 2652 5876 Bibl.
