3864 6386
531 347 638 406 MS

1179 350 1452 408 EUSEBII
1483 347 1960 409 CAESARIENSIS
1997 347 2148 405 OPP.
2187 348 2380 406 PARS
2417 350 2483 406 ll.
2521 379 2591 392 -—
2629 349 3133 408 APOLOGETICA.
3656 348 3740 404 5l6

527 469 706 533 detur,
729 466 808 521 uti
836 477 891 524 et.
910 466 1112 524 Graecis
1144 467 1401 525 Hebraeos
1449 467 1865 535 anteferremus,
1917 483 2146 538 quaeque
2183 469 2253 524 ab
2295 469 2402 524 illis
2459 467 2526 524 de
2553 477 2872 525 sanctorum
2903 459 3147 524 virorum
3173 467 3368 539 pietate
3397 466 3601 538 prodita
3625 478 3744 528 sunt.

525 557 824 615 Phoeniciis
857 559 1235 635 Egyptiisque
1313 561 1656 628 numinibus,

527 653 666 709 tiora
700 656 1070 711 duceremus?

1127 745 1358 803 CAPUT
1393 745 1462 804 ν.

530 861 754 917 Eosdem
782 880 876 917 suo
913 863 967 917 in
1028 863 1197 916 Deum
1239 879 1417 916 amore
1465 871 1767 916 consecutos
1822 879 1966 929 esse,
2020 861 2100 914 uti

597 933 850 988 Numinis
912 944 1122 1003 aspectu
1179 945 1228 987 et
1294 934 1525 987 oraculis
1573 933 1893 1001 fruerentur,
1961 931 2100 1003 quod

593 1015 875 1074 utrumque
905 1007 1074 1058 sacris
1107 1004 1299 1058 litteris
1326 1006 1691 1074 consignatum
1721 1013 1817 1057 est.

593 1117 696 1171 Sed
730 1116 852 1172 vide
895 1125 952 1172 tu
990 1132 1179 1187 porro,
1209 1131 1320 1187 quo
1365 1117 1580 1170 tandem
1622 1131 1716 1171 eos
1759 1115 2098 1170 charissimte

524 1206 635 1262 Deo
676 1210 895 1264 virtutis
940 1211 1214 1278 aspirasse
1249 1216 1699 1265 commemorent.
1729 1205 1933 1277 Nempe
1961 1207 2099 1260 divi-

522 1316 651 1354 num
686 1301 815 1355 illud
851 1299 1084 1366 Numen,
1146 1317 1265 1356 cum
1313 1301 1614 1372 genushoc
1657 1300 1942 1354 hominum
1987 1307 2094 1353 tam

523 1401 740 1461 propter
794 1402 1044 1447 caeteram
1078 1392 1201 1447 vitae
1231 1394 1486 1462 pietatem
1529 1403 1692 1461 atque
1727 1390 2094 1459 disciplinam.

522 1498 687 1550 quam
718 1483 787 1537 ob
817 1482 1145 1551 singularem
1176 1499 1302 1553 erga
1327 1499 1386 1538 se
1414 1481 1730 1551 religionem
1759 1481 2097 1549 complecte-

521 1583 693 1638 retur,
727 1575 1058 1630 diviniorum
1091 1577 1172 1631 eis
1198 1577 1454 1639 deinceps
1499 1573 1869 1638 oraculorum,
1899 1574 2101 1642 suique

522 1667 725 1735 pariter
741 1675 794 1721 et
819 1668 1134 1738 angelorum
1161 1667 1461 1737 praesentire
1486 1675 1848 1735 aspectusque
1880 1663 2096 1721 coniam

521 1756 699 1812 facere
726 1759 934 1822 statuit,
960 1759 1087 1812 dum
1114 1759 1307 1828 partim
1329 1769 1532 1811 natura:
1556 1755 1799 1810 mortalis
1831 1754 2096 1824 inopiam,

1736 575 1967 632 quaeque
2026 562 2094 616 de
2132 562 2241 617 illis
2289 561 2566 632 jactantur
2623 561 3004 631 ignominiosis
3046 561 3391 633 indignisque
3447 557 3632 614 fabulis
3668 576 3747 630 po-

2744 745 3140 800 ΚΕΦΑΛΑΙΟΝ
3183 745 3260 796 E'.

2210 862 2426 928 Ὅπως,
2453 862 2720 931 φιλόθεοι
2744 879 2809 931 γε
2849 863 3076 926 ard-rec.
3096 858 3214 912 τῶν
3237 856 3620 927 ἀναγράπτων
3647 862 3747 914 θεο-

2458 931 2716 988 φανειῶν
2734 881 2849 988 καί.
2871 929 3154 988 γοτησιιῶν
3176 927 3537 988 ἠξιώθησαν.

2455 929 2716 1002 φανειῶν
2734 929 2830 988 καὶ
2867 929 3154 1000 χρησμῶν
3176 929 3537 998 ἠξιώθησαν.

2282 1108 2391 1161 Θέα
2424 1108 2467 1160 δ’
2488 1103 2580 1161 οῦν
2614 1107 2692 1160 ἔτι
2719 1108 2798 1172 είς
2818 1109 2940 1160 ὅσον
2961 1104 3244 1174 θεοφιλοῦς
3272 1104 3473 1176 ἀρετῆς
3505 1105 3748 1177 προελθεῖν

2209 1218 2341 1270 φασι
2370 1202 2494 1264 τοὺς
2545 1200 2924 1271 δηλουμένους.
2973 1197 3395 1268 Ἀποδεξάμενον
3422 1197 3484 1250 τὸ
3509 1197 3647 1251 Θεῖον
3669 1199 3746 1268 τῆς

2208 1313 2266 1347 τε
2290 1295 2455 1364 ἄλλης
2476 1293 2570 1347 τοῦ
2605 1294 2718 1365 βίου
2755 1293 3037 1357 εὐσεϐείας
3090 1293 3183 1345 καὶ
3229 1291 3562 1360 φιλοσοφίας,
3587 1291 3676 1362 τῆς
3699 1309 3745 1344 τε

2209 1386 2336 1456 περὶ
2368 1385 2500 1439 αὑτὸ
2521 1385 2814 1456 θεραπείας
2835 1387 2961 1448 τοὺς
2979 1385 3196 1456 ἄνδρας,
3237 1383 3337 1455 ἤδη
3372 1383 3468 1436 καὶ
3494 1383 3747 1459 θειοτέρων

2207 1477 2469 1548 χρησμῶν
2495 1476 2822 1546 θεοφανειῶν
2850 1494 2908 1529 τε
2936 1477 3131 1540 αὑτοὺς
3159 1477 3252 1530 καὶ
3283 1476 3582 1545 ἁγγελικῶν
3609 1477 3748 1531 ὀπτα-

2209 1569 2338 1622 σιῶν
2368 1569 2543 1639 ἠξίου,
2593 1570 2662 1624 τά
2710 1569 2953 1622 ἐνδέοντα
3002 1572 3066 1640 τῇ
3133 1569 3298 1640 θνητῇ
3331 1569 3491 1638 φύσει
3531 1571 3639 1632 ταῖς
3657 1570 3744 1622 τῶν

2207 1661 2492 1734 πρακτέων
2529 1662 2829 1734 ὑποθήκαις
2875 1661 3360 1734 ὲπιδιορθούμενον,
3415 1663 3676 1734 δογμάτων
3699 1682 3744 1717 τε

2206 1755 2299 1807 καὶ
2323 1756 2657 1826 μαθημάτων
2693 1755 2874 1819 αὑτοῖς
2925 1754 3243 1826 θεοπρεπῶν
3272 1755 3372 1827 τὴν
3409 1755 3602 1824 γνῶσιν
3633 1756 3744 1808 ἁπο-

519 1863 607 1904 res
633 1853 870 1919 agendas
909 1851 1241 1905 insinuando
1273 1850 1598 1910 sublevaret,
1634 1847 1833 1918 partim
1869 1847 2087 1918 dogma-

2205 1845 2493 1899 καλύπτον·
2527 1847 2601 1910 ὡς
2631 1848 2824 1918 μηκέτι
2855 1846 3247 1918 συλλογισμοῖς,
3299 1847 3438 1918 μηδὲ
3492 1847 3743 1910 εἰκασίαις,

524 1952 636 1993 tum
674 1941 740 1995 iis
763 1956 826 1994 ac
871 1950 1285 2011 prmceptorum,
1335 1956 1457 2010 quas
1503 1939 1673 1993 Deum
1726 1939 1885 2009 plane
1931 1938 2087 1994 dece-

2205 1939 2472 2009 ὲκλάμψει
2502 1938 2557 1992 δὲ
2587 1941 2755 2009 αὑτῆς
2785 1939 3041 2005 ἀληθείας
3076 1939 3405 2009 φωτίζεσθαι
3424 1938 3521 2002 τὰς
3546 1939 3745 2003 διανοίας

520 2042 663 2094 rent,
697 2033 1066 2102 cognitionem
1095 2033 1347 2102 aperiret.
1390 2032 1464 2084 lta
1509 2046 1617 2084 non
1645 2030 1760 2100 jam
1800 2045 2087 2099 argumen-

2204 2029 2402 2092 αὐτῶν,
2430 2030 2569 2083 ῶστε
2601 2032 2700 2101 ἤδη
2740 2030 3194 2102 θεοφορουμένους
3222 2033 3321 2104 τὴν
3340 2031 3452 2084 τῶν
3483 2031 3743 2100 μελλόντων

520 2125 591 2179 tis
625 2134 721 2182 aut
747 2125 1078 2193 conjecturis
1114 2124 1467 2194 quibusdam,
1505 2122 1600 2177 sed
1631 2123 1920 2191 ipsiusmet
1950 2121 2087 2180 veri-

2199 2121 2436 2186 ἕσεσθαι,
2489 2121 2564 2186 ὡς
2610 2122 2914 2194 παρόντων,
2955 2121 3273 2194 ἐπιθεωρεῖν
3324 2122 3639 2191 κατάληψιν,
3670 2122 3743 2174 καὶ

521 2215 648 2269 tatis
678 2216 797 2271 luce
823 2218 1192 2273 collustratam
1216 2228 1448 2272 mentem
1482 2219 1772 2284 habebant,
1804 2217 2087 2286 divinoqut

2201 2215 2270 2268 τὰ
2303 2214 2529 2268 καθόλου
2587 2215 2974 2286 συμϐησόμενα
3020 2214 3098 2285 τῷ
3147 2215 3256 2268 τῶν
3297 2213 3594 2286 ἀνθρώπων
3625 2213 3744 2282 γένει

519 2305 688 2359 amati
718 2304 973 2372 Numine,
1008 2324 1131 2363 cum
1178 2325 1264 2364 res
1319 2307 1550 2376 futuras,
1583 2309 1804 2378 perinde
1857 2322 1921 2361 ac
1966 2323 2087 2376 prae

2203 2306 2497 2370 θεσπίζειν.
2559 2307 2794 2360 Τοιαῦτα
2847 2308 2945 2377 τῆς
2986 2306 3250 2378 Ἐϐραίων
3299 2307 3503 2380 ἀρετῆς
3564 2305 3626 2358 τά

520 2407 723 2463 sentes,
756 2401 1112 2456 intuebantur
1142 2402 1266 2472 ipsi,
1313 2413 1426 2458 tum
1477 2402 1742 2472 quidquid
1793 2402 2087 2455 universim

2200 2397 2500 2468 λυύμνητα,
2527 2399 2619 2451 καὶ
2651 2399 2728 2462 ὼς
2764 2399 2980 2471 ἀληθῶς
3034 2398 3254 2470 θεοφιλῆ
3310 2398 3553 2471 περιέχει
3596 2397 3742 2466 λόγια,

519 2499 841 2547 eventurum
873 2505 1036 2556 esset,
1086 2494 1332 2548 humano
1388 2493 1571 2563 generi
1618 2491 1781 2564 304
1830 2492 2087 2547 divinitus

2198 2490 2234 2544 δι
2262 2490 2368 2543 τῶν
2400 2489 2725 2561 Ἑλληνικῶν
2751 2492 2844 2544 καὶ
2874 2492 3117 2562 πατρίων
3146 2493 3328 2563 μύθων
3371 2509 3433 2544 τε
3478 2493 3569 2545 ιιια)⁸
3592 2491 3743 2562 λήρων

518 2583 902 2649 praedicebant.
955 2584 1078 2640 Haec
1107 2585 1198 2638 illa
1229 2594 1376 2651 sunt,
1415 2599 1534 2654 quae
1559 2585 1930 2639 celeberrimis
1956 2583 2089 2638 Deo-

518 2689 625 2743 que
645 2675 802 2744 plane
829 2676 1164 2746 dignissimis
1185 2676 1425 2732 oraculis
1452 2676 1516 2730 de
1544 2676 1806 2746 singulari
1832 2675 2089 2730 Hebraeo-

518 2781 643 2820 rum
695 2768 900 2822 virtute
957 2770 1324 2830 continentur,
1385 2780 1616 2838 quaeque
1655 2764 1858 2820 Graecis
1891 2766 2088 2821 fabulis

2205 2581 2711 2652 προτετιμήκαμεν·
2736 2581 2784 2632 οἱ
2813 2581 2910 2651 μέν
2955 2598 3018 2649 γε
3047 2584 3175 2652 περὶ
3198 2581 3332 2635 θεῶν
3352 2582 3424 2635 τά
3453 2579 3745 2650 αἰσχρότατα

2202 2675 2496 2742 περιεῖχον,
2531 2674 2578 2725 οἱ
2600 2672 2657 2724 δὲ
2692 2672 2817 2743 περὶ
2841 2673 3103 2743 θεοφιλῶν
3130 2672 3337 2745 ἀνδρῶν
3396 2673 3499 2736 τὰς
3537 2671 3746 2734 εὐσεϐεῖς

2194 2765 2566 2828 διδασκαλίας.

519 2861 818 2931 patriisque
849 2862 1007 2932 nugis
1056 2864 1158 2932 ipsi
1203 2863 1540 2932 praetulimus
1567 2878 1580 2914 :
1611 2876 1734 2913 cum
1776 2860 1896 2914 istis
1943 2859 2141 2930 ﬂagitia
2180 2860 2250 2913 de
2303 2859 2408 2914 diis
2441 2859 2757 2929 turpissima
2787 2859 3142 2929 jactarentur,
3189 2859 3265 2914 illi
3299 2874 3436 2915 vero
3493 2858 3744 2914 hominum

521 2951 631 3008 Deo
664 2954 1108 3010 cltarissimorum
1138 2956 1396 3010 historias
1425 2970 1487 3008 ac
1514 2955 1849 3014 monimenta
1890 2963 2255 3021 pr0ponerent
2292 2965 2506 3005 summa
2546 2965 2668 3004 cum
2699 2951 2898 3019 pietate
2927 2949 3237 3018 conjuncta.

1149 3047 1378 3108 CAPUT
1434 3047 1518 3107 Vl.

518 3156 764 3217 Eosdem.
800 3172 920 3219 ante
948 3177 1129 3220 natum
1160 3167 1378 3232 Mosem,
1411 3184 1503 3220 nec
1541 3167 1664 3219 dum
1693 3165 1938 3218 Jttdaicis
1969 3162 2090 3216 reli-

589 3233 830 3304 gionibus
860 3238 1175 3305 informatas
1205 3240 1418 3307 pietatis
1449 3237 1605 3290 laude
1643 3237 1908 3305 ﬂoruisse.

587 3348 665 3404 Ac
694 3349 850 3420 longe
882 3351 1100 3420 quidem
1130 3360 1418 3421 antequam
1449 3358 1543 3403 aut
1589 3359 1748 3403 natus
1775 3347 1954 3402 Moses
1995 3361 2086 3400 es-
2115 3378 2158 3435 ο

519 3445 623 3503 set,
659 3448 753 3492 aut
810 3441 958 3494 natio
994 3439 1304 3495 Judasorum
1356 3441 1662 3503 exsisteret,
1705 3441 1817 3509 jam
1843 3454 2014 3508 usque
2057 3453 2087 3491 a

520 3528 826 3598 longissimi
880 3532 1140 3600 temporis
1173 3531 1456 3596 memoria,
1487 3529 1801 3585 Judaaorum
1839 3531 2085 3598 ipsorum

519 3622 757 3688 majores
791 3637 972 3675 rerum
1004 3623 1231 3676 istarum
1265 3621 1926 3691 cognitionejloruerunt.
1951 3618 2086 3672 Nam

519 3713 626 3766 hoc
671 3713 834 3765 etiam
879 3714 1192 3768 enncleasse
1240 3729 1304 3768 ac
1362 3715 1621 3768 statuisse
1668 3713 1891 3782 juverit,
1959 3727 2085 3765 cum

517 3801 727 3855 nullum
747 3814 982 3858 exstaret
1003 3805 1180 3859 adhuc
1207 3803 1471 3859 Judaismi
1498 3805 1809 3881 vestigium,
1835 3802 2088 3856 Hebraeos

519 3892 737 3961 quidem
768 3895 907 3960 illos,
938 3896 1031 3964 qui
1078 3911 1108 3949 a
1157 3897 1315 3952 nobis
1347 3896 1661 3961 laudantur,
1695 3895 1806 3965 jam
1845 3903 1958 3948 tum
1991 3907 2089 3947 no-

516 3985 664 4040 mine
703 3987 865 4041 simul
909 4003 973 4042 ac
1012 3989 1258 4043 moribus
1308 3988 1497 4055 fuisse,
1549 3989 1643 4058 qui
1679 3997 1857 4041 tamen
1912 3985 2083 4040 διιόωὶ

518 4091 618 4131 nec
658 4087 864 4146 essent,
899 4095 998 4134 nec
1028 4090 1372 4136 vocarentur.
1411 4081 1594 4150 Itaque
1641 4081 1724 4134 vel
1781 4080 1910 4134 hinc
1938 4089 2086 4134 utro-

514 4185 748 4239 rumque
776 4172 1067 4227 discrimen
1099 4173 1390 4243 intelligas,
1423 4173 1567 4242 quod
1596 4171 1770 4226 Judaei
1798 4174 2017 4241 quidem
2054 4189 2084 4227 a

512 4260 672 4327 Juda,
733 4262 891 4332 cujus
954 4279 1019 4316 ex
1068 4263 1212 4317 tribu
1260 4279 1487 4333 regnum
1539 4262 1852 4318 Judaaorum
1900 4265 2086 4321 multis

513 4362 640 4423 post
688 4355 848 4410 annis
896 4355 1248 4410 constitutum
1309 4367 1429 4418 est,
1492 4371 1688 4410 nomen
1746 4357 2083 4425 acceperint;

513 4446 723 4501 Hebraei
760 4457 938 4502 autem
977 4448 1044 4501 ab
1073 4447 1306 4514 Hebero,
1349 4448 1507 4517 cujus
1532 4464 1701 4518 nepos
1743 4449 2086 4506 Abrahamus

511 4538 635 4594 fuit.
669 4540 745 4593 Ac
775 4539 976 4593 Judaais
1001 4540 1337 4608 antiquiores
1379 4538 1637 4594 Hebraeus
1674 4538 1845 4595 fuisse
1882 4540 2084 4596 divinis

510 4645 727 4699 quoque
751 4631 944 4684 litteris
975 4631 1284 4685 edoccmur.
1317 4629 1450 4684 Nam
1473 4631 1617 4700 quod
1651 4632 1715 4684 ad
1744 4632 1923 4701 ipsum
1962 4632 2088 4686 reli-

2725 3044 3121 3098 ΚΕΦΛΛΑΙΟΝ
3167 3046 3257 3111 σο.

2207 3164 2300 3228 Ὠς
2327 3158 2504 3229 ἐκτός
2531 3153 2689 3224 ἦσαν
2733 3153 3129 3226 Ἰουδαϊσμοῦ,
3174 3161 3447 3226 πρόσθεν
3477 3159 3516 3229 ἢ
3556 3159 3741 3214 Μωσέσ

2377 3228 2669 3297 γενέσθαι,
2709 3229 2800 3282 ἐπ’
2824 3231 3097 3299 εὐσεϐείᾳ
3121 3228 3588 3299 διαλάμψαντες.

2263 3339 2450 3398 Ταῦτα
2482 3339 2537 3392 δὲ
2559 3340 2725 3394 πάλαι
2751 3341 3033 3412 πρότερον,
3071 3341 3200 3412 πρὶν
3255 3342 3287 3414 ἢ
3317 3343 3416 3396 καὶ
3448 3342 3640 3397 Ινίωσέα
3663 3343 3740 3395 καὶ

2189 3436 2250 3490 τὸ
2298 3432 2568 3489 Ἰουδαίων
2590 3433 2742 3501 γένος
2774 3434 3093 3502 ὑποστῆναι,
3123 3433 3182 3498 ἐξ
3223 3433 3300 3487 ἔτι
3334 3436 3548 3506 μακροῦ
3575 3435 3740 3498 αἰῶνος

2189 3529 2342 3601 παρὰ
2384 3529 2497 3590 τοῖς
2561 3524 2826 3580 Ἰουδαίων
2860 3526 3230 3596 προπάτορσιν
3277 3527 3617 3598 ἐγνωρίζετο.
3650 3527 3739 3578 Καὶ

2187 3620 2294 3690 γὰρ
2321 3615 2412 3672 οὖν
2438 3613 2710 3670 καὶτοῦτο
2762 3614 3094 3684 διαρθρῶσαι
3151 3615 3332 3677 καλὸν,
3373 3617 3452 3680 ὡς
3483 3619 3510 3668 ό
3554 3615 3740 3668 Ἰουδαῖ-

2190 3712 2324 3782 σμὺς
2349 3711 2447 3763 οὑκ
2483 3706 2550 3781 ἦν
2589 3723 2676 3761 πω
2705 3705 2845 3769 τότε,
2902 3707 3015 3759 ἀλλ’
3048 3708 3286 3776 Ἑϐραῖοι
3347 3710 3450 3778 μὲν
3503 3710 3550 3761 oi
3581 3709 3738 3779 δηλούο

2191 3821 2339 3873 μενοι
2368 3803 2501 3872 ὁμοῦ
2525 3804 2588 3873 τῇ
2626 3798 2964 3872 προσηγορίᾳ
2990 3800 3082 3851 κα)⁸
3107 3799 3194 3851 τὸν
3224 3799 3426 3870 τρόπον
3451 3812 3475 3840 α
3503 3801 3733 3870 ὑπῆρχον·

2199 3892 2438 3944 Ἰουδαῖοι
2458 3890 2515 3943 δὲ
2537 3887 2799 3961 οὔτ’ἦσάν
2829 3905 2936 3950 πω,
2959 3887 3472 3960 οὔτ’ὲχρημάτιζον,
3505 3891 3738 3962 Ἐϐραίων

2187 3987 2241 4039 δὲ
2276 3986 2369 4039 καὶ
2404 3983 2672 4039 Ἰουδαίων
2725 3985 2784 4040 τὸ
2837 3987 3093 4059 διάφορον
3127 3987 3311 4056 γνοίης
3372 3986 3442 4040 ἂν
3493 3981 3606 4039 ὦδε·
3647 3986 3736 4055 Τὴν

2191 4080 2287 4149 μὲν
2322 4080 2690 4151 προσηγορίαν
2710 4080 2758 4132 οἱ
2797 4080 2892 4150 μὲν
2927 4080 3032 4132 ἀπὸ
3062 4079 3155 4132 τοῦ
3212 4077 3406 4144 Ἰούδα,
3444 4078 3503 4143 ἐξ
3551 4071 3606 4130 οὑ
3654 4077 3736 4146 τῆς

2187 4172 2358 4242 φυλῆς
2384 4173 2443 4225 τὸ
2476 4173 2739 4226 Ἰουδαίων
2764 4175 2992 4244 μακροῖς
3024 4172 3246 4245 ὓστερον
3263 4175 3479 4244 χρόνοις
3498 4171 3735 4245 βασίλειον

2189 4263 2437 4334 συνέστη·
2488 4265 2537 4316 οἱ
2588 4264 2643 4317 δὲ
2692 4263 2800 4317 ἀπὸ
2857 4263 2952 4316 τοῦ
3007 4264 3192 4336 Ἔϐερ,
3243 4267 3542 4337 προπάτωρ
3569 4265 3621 4318 δὲ
3655 4259 3732 4316 τοῦ

2198 4352 2446 4422 Ἀϐραάμ
2473 4348 2622 4416 οὗτος
2643 4349 2730 4424 ἦν,
2771 4354 3161 4424 ἐπεγράφοντο.
3199 4355 3494 4425 Προτερεῖν
3540 4373 3594 4408 τε
3628 4356 3732 4406 Ἰουο

2184 4442 2346 4496 δαίων
2386 4443 2669 4515 Ἐϐραίους
2729 4445 3068 4498 διδάσκουσιν
3092 4446 3141 4498 οἱ
3172 4447 3307 4517 ἱεροὶ
3349 4447 3521 4514 λόγοι.
3574 4444 3730 4498 Τὺνδὲ

2183 4533 2285 4603 τῆς
2315 4536 2592 4601 εὐσεϐείας
2623 4537 2842 4608 τρόπον,
2879 4538 3153 4602 Ἰουδαίοις
3189 4539 3285 4608 μὲν
3324 4539 3543 4610 πρῶτον
3574 4537 3729 4607 ἀπάρ-

2186 4625 2376 4691 ξασθαι
2403 4627 2500 4696 τῆς
2532 4628 2850 4699 νομοθεσίας
2889 4629 3113 4695 Μωσέα,
3153 4628 3430 4682 σαϐϐάτου
3465 4628 3602 4690 τινὸς
3645 4643 3730 4678 πα-

510 4725 686 4792 gionis
728 4724 931 4777 cultum
979 4725 1190 4789 attinet,
1230 4724 1432 4778 illosem
1479 4725 1716 4793 primum
1765 4723 2078 4778 Judaeorum

2197 4717 2411 4785 ραδόντα
2437 4719 2664 4789 ἡμέραν,
2700 4722 2794 4774 καὶ
2819 4721 3020 4792 ταύτης
3041 4721 3298 4791 πλείστην
3343 4721 3480 4793 ὅσην
3515 4718 3728 4790 φυλακὴν

508 4814 868 4883 iegislatorem
915 4818 1208 4877 exstitisse,
1241 4831 1271 4869 a
1305 4831 1414 4885 quo
1449 4818 1644 4884 partim
1682 4816 1891 4870 sabbati
1934 4816 2076 4870 diem

509 4909 816 4975 acceperint
847 4908 1107 4977 singulari
1139 4907 1376 4976 quadam
1407 4907 1772 4973 observantia,
1814 4908 1880 4960 ad
1911 4923 2074 4960 usur-

506 4999 738 5066 pandum
770 4997 888 5066 ejus
915 4997 1042 5060 diei,
1067 5011 1175 5064 quo
1198 4996 1483 5049 verborum
1502 4997 1808 5050 divinoi-um
1835 4995 1990 5064 quies
2013 5010 2076 5047 ac

507 5089 737 5142 cessatio
764 5087 958 5150 fuerat,
976 5088 1317 5149 memoriam,
1345 5088 1538 5156 partim
1558 5085 2076 5154 animantium,qui-

507 5179 610 5233 bus
649 5188 741 5233 aut
764 5188 1110 5234 vescerentur
1142 5189 1234 5233 aut
1263 5179 1619 5245 abstinerent,
1643 5180 2070 5245 distinctioocm,

505 5272 700 5342 partim
754 5272 1018 5326 solemnia
1046 5271 1294 5340 quaedam
1331 5285 1621 5340 annuaque
1672 5269 1832 5336 festa,
1864 5278 2074 5324 certos—

577 5469 602 5498 ι
637 5449 723 5526 ζσ.
754 5451 832 5524 τῷ
858 5451 1068 5526 τρόπῳ.

573 5614 683 5684 (64)
719 5615 948 5681 Ἀλλης
977 5632 1040 5668 τε
1075 5613 1324 5683 μακρᾶς.
1373 5609 1488 5666 Non
1524 5611 1771 5684 videbam
1819 5626 1950 5684 quo
1974 5627 2067 5684 ge-

503 5681 706 5741 nitivus
732 5685 831 5738 iste
851 5681 1155 5752 pertineret.
1188 5681 1374 5751 Itaque
1405 5682 1541 5736 verti
1566 5681 1790 5750 perinde
1816 5695 1880 5752 ac
1908 5682 1954 5737 si
1983 5681 2064 5752 ie-

501 5765 735 5824 geretur,
767 5751 930 5815 ἄλλας
961 5770 1016 5805 τε
1049 5753 1260 5823 μακρὰς
1295 5752 1592 5821 περιόδους,
1625 5760 1680 5808 et
1705 5751 2057 5825 ὲπιτελουμῦ-

2184 4811 2260 4872 εἰς
2291 4811 2594 4881 ὑπόμνησιν
2624 4814 2817 4884 σχολῆς
2849 4814 2954 4866 τῶν
2981 4813 3140 4885 ἱερῶν
3175 4814 3368 4882 λόγων,
3411 4813 3649 4884 βρωτέων
3677 4825 3724 4860 τε

2183 4903 2275 4955 καὶ
2310 4903 2369 4956 οὐ
2398 4903 2644 4974 βρωτέων
2672 4903 2823 4968 ζώων
2844 4905 3140 4978 διαστολὴν,
3181 4887 3378 4978 ἑορτάς
3401 4923 3464 4960 τε
3487 4902 3722 4976 ἐτησίους.

2182 4994 2275 5046 καί
2299 5011 2448 5058 τινας
2478 4997 2743 5066 σωμάτων
2773 4997 3108 5066 καθαρμοὺς,
3131 4998 3294 5067 ἄλλης
3321 5015 3381 5050 τε
3409 4991 3721 5070 μακρᾶςαί-ί)

2182 5086 2427 5154 περιόδου
2459 5090 2597 5141 κατά
2632 5107 2750 5142 τινα
2787 5088 3028 5159 σύμϐολα
3070 5089 3338 5162 θειότερον
3395 5083 3719 5154 ἐπιτελουμέ-

2178 5193 2294 5247 νης.
2335 5180 2573 5253 Ἑϐραῖοι
2625 5182 2701 5248 δὲ,
2763 5183 3114 5254 πρεσϐύτεροι
3177 5184 3420 5247 Μωσέως
3473 5182 3720 5252 γενόμενοι

2177 5273 2291 5334 τοῖς
2316 5273 2546 5343 χρόνοις,
2574 5274 2754 5345 πάσης
2777 5275 2875 5346 τῆς
2905 5275 2990 5327 διὰ
3017 5275 3258 5340 Μωσέως
3297 5275 3609 5347 νομοθεσίας
3641 5270 3719 5323 ἀν·

2171 5629 2295 5681 νας,
2336 5628 2435 5683 pro
2468 5612 2924 5688 ἐπιτελουμένης,
2955 5628 3078 5686 quae
3106 5629 3232 5672 vera
3267 5613 3400 5670 mihi
3433 5611 3591 5672 lectio
3621 5611 3716 5664 visa

2169 5695 2272 5742 est.
