3864 6386
189 361 274 414 517
323 411 330 417 .

1268 358 1586 416 ΡΒᾸΞΡΑΒ.
1631 361 1884 420 EVANG.
1928 363 2055 421 LIB.
2101 366 2212 422 Vll.

3277 379 3382 436 518

185 475 538 549 ιπήκοοιὸντες,
572 477 850 548 ἐλεύθερον
873 477 966 530 καὶ
979 479 1258 550 ἀνειμένον
1289 481 1403 553 (65)
1429 484 1677 537 εὐσεϐεία

1811 505 1918 557 que
1950 492 2197 560 corporis
2233 491 2499 549 lustrandi
2532 496 2907 568 purgandiqne
2931 499 3087 566 ritus,
3115 512 3168 556 et
3193 502 3381 572 ingen-

183 569 449 639 κατώρθουν
473 569 686 635 τρόπον,
725 570 825 643 βίῳ
857 574 953 642 μὲν
984 573 1063 643 τῷ
1092 573 1230 627 κατά
1260 576 1358 645 τὴν
1406 578 1565 645 φύσιν
1612 596 1704 633 κε-

183 661 488 731 κοσμημένοι,
517 660 592 723 ὡς
622 662 787 732 μηδὲν
821 664 998 735 νόμων
1033 667 1237 719 δεῖσθαι
1288 667 1395 722 τῶν
1420 669 1701 740 ἀρξάντων

182 752 323 806 αὐτῶν
347 753 408 804 δι’
427 753 597 822 ἄκραν
622 753 799 825 ψυχῆς
842 757 1130 822 ἀπάθειαν,
1180 758 1381 826 γνῶσιν
1426 761 1482 814 δὲ
1529 762 1701 833 ἀληθῆ

177 844 392 914 τῶνπερὶ
449 843 580 897 Θεοῦ
635 845 920 917 δογμάτων
967 849 1316 919 ἀνειληφέναι
1367 851 1498 923 (66).
1544 853 1704 907 Ἀλλά

176 938 261 1006 γάρ
284 937 431 989 τῶνδε
483 938 668 990 τοῦτον
716 939 1018 1010 εἰρημένων
1052 940 1144 994 τὸν
1193 941 1412 1012 τρόπον,
1444 942 1560 1014 ὥρα
1607 947 1702 1000 καὶ

173 1029 241 1082 διὰ
270 1029 362 1082 τῶν
397 1031 684 1101 ἐγγράφων
712 1032 905 1084 ἐλθεῖν.

1808 591 1914 636 tem
1948 584 2279 654 reliquarum
2306 591 2759 644 caaremoniarum
2805 593 3227 664 multitudinem,
3259 615 3380 668 qua;

1808 675 2170 732 divinioribus
2225 680 2552 748 quibusdam
2592 685 2854 754 symbolis
2883 701 2947 739 ac
2973 687 3162 756 ﬁguris
3206 691 3378 746 inelu-

1809 777 1902 828 sm,
1954 773 2119 832 alque
2163 765 2214 819 in
2252 768 2439 822 orbem
2468 772 2805 828 celebrandae
2838 789 3214 835 recurrerent:
3251 799 3375 838 cum

1809 853 2040 920 llehrzei,
2075 859 2166 926 qui
2193 859 2354 930 longo
2384 872 2511 916 ante
2537 864 2739 919 Mosem
2770 877 3011 938 tempore
3033 875 3370 942 claruerunt,

1802 947 2038 1002 lerendm
2067 965 2160 1017 per
2185 966 2306 1005 eum
2340 954 2470 1024 legis
2515 956 2708 1026 ignari,
2740 962 3043 1029 expeditam
3077 967 3370 1032 quamdam

1800 1052 1862 1092 ac
1891 1040 2116 1094 liberam
2147 1041 2360 1110 pietatis
2392 1046 2534 1100 viam
2563 1056 2828 1116 tenerent,
2861 1055 3109 1110 moribus
3135 1058 3364 1126 quidem

173 1129 228 1184 ita
270 1133 453 1177 natura:
503 1126 730 1178 ductum
801 1126 1154 1195 sequentibus
1200 1129 1433 1198 praediti,
1494 1131 1628 1184 nihil
1681 1139 1740 1185 ut
1776 1131 1952 1201 legum
2013 1134 2388 1190 moderatione
2458 1151 2679 1209 propter
2760 1160 3028 1202 summam
3079 1151 3245 1204 animi
3302 1153 3372 1207 ab

170 1215 286 1269 omni
326 1216 721 1284 perturbatione
754 1219 910 1274 vacui
958 1223 1271 1290 aequitatem
1330 1224 1676 1292 indigerent;
1718 1241 1905 1280 eorum
1946 1243 2078 1281 vero
2121 1231 2390 1298 notitiam,
2449 1250 2570 1303 qua:
2613 1236 2679 1290 de
2738 1237 2849 1293 Deo
2899 1244 3100 1298 sentire
3152 1256 3373 1315 oporte-

169 1319 248 1368 ret,
285 1324 448 1362 veram
500 1312 802 1367 consecuti.
835 1310 939 1367 Sed
999 1313 1119 1370 istis
1153 1316 1299 1370 hunc
1329 1315 1489 1387 305
1548 1318 1604 1371 in
1659 1317 1880 1372 modum
1945 1323 2262 1390 prremissis,
2297 1341 2475 1395 opera:
2524 1329 2755 1396 pretium
2813 1331 2974 1388 fuerit
3025 1337 3093 1390 ad
3126 1310 3371 1408 Scriptu-

169 1418 316 1457 rarum
350 1403 586 1472 ipsarum
619 1403 795 1460 fontes
824 1407 1099 1463 accedere.

639 1496 1034 1549 ΚΕΦΑΛΑῘΟΝ
1067 1499 1141 1552 Z’.

168 1606 498 1695 'ﬂc'abtécp
527 1608 756 1691 111wch
793 1609 1076 1695 Ἐϐραίων
1125 1611 1260 1695 τί)γῇ
1275 1613 1388 1695 Ζπρὸ
1426 1611 1533 1681 τῆς
1562 1616 1694 1695 rut:

368 1680 572 1780 ριξῗὶτοῦ
619 1679 694 1748 τῇ
753 1682 947 1747 οἰκείᾳ
1005 1679 1431 1752 καταϐέϐλὴται
1486 1679 1692 1755 γραφῇ
1726 1725 1770 1780 Β

214 1749 333 1813 τοὺς
354 1749 550 1815 βίους.

223 1863 270 1915 '0
292 1862 454 1916 τοίνυν
487 1865 663 1934 μέγας
709 1864 954 1934 θεολόγος
991 1869 1214 1940 Μωσῆς,
1247 1869 1494 1942 Ἐϐραῖος
1524 1870 1599 1925 ῶν
1636 1872 1695 1939 ἐξ

169 1949 406 2023 Ἑϐραίων,
442 1957 489 2007 εἰ
513 1956 610 2008 καί
637 1973 720 2019 τις
748 1956 924 2026 ἄλλος,
972 1955 1031 2012 εὖ
1077 1976 1136 2012 τε
1171 1963 1239 2013 τά
1287 1961 1491 2032 πάτρια
1512 1960 1696 2026 ἐξέπιε

163 2047 494 2116 στάμενος,ὼς
562 2051 623 2102 ἐν
670 2053 976 2122 προοιμίοις
1023 2052 1129 2107 τῶν
1178 2053 1335 2125 ἱερῶν
1363 2055 1541 2126 νόμων
1567 2058 1694 2122 τοὺς

159 2138 239 2190 τῶν
263 2141 606 2212 προπατόρων
647 2142 913 2214 Ἐϐραίων
965 2144 1112 2214 βίους
1144 2146 1385 2216 μνήμαις
1417 2147 1693 2213 ἀνεξάλει-

165 2245 280 2291 πτοις
302 2229 695 2300 παραδέδωκεν,
729 2225 804 2284 ὧν
836 2250 893 2284 τε
919 2233 1137 2302 ἀγαθῶν
1168 2228 1312 2289 οὗτοι
1350 2238 1500 2308 παρά
1554 2238 1689 2292 Θεοῦ

163 2319 374 2387 Ιξξιοῦντο,
405 2323 497 2376 καί
529 2318 602 2376 αὖ
635 2323 796 2377 πάλιν
822 2323 996 2377 ἄλλων
1025 2325 1200 2380 ἀθέων
1249 2344 1310 2380 τε
1356 2329 1451 2381 καὶ
1479 2329 1690 2385 ἀσεϐῶν

161 2412 337 2480 τρόπους
367 2429 422 2466 τε
481 2416 582 2468 καὶ
635 2417 939 2487 τιμωρίας,
995 2419 1288 2487 ἀναγκαῖον
1345 2421 1690 2492 ἡγησάμενος

161 2506 366 2576 ὑπάρξειν
415 2509 578 2563 τοῦτο
621 2515 731 2576 τοῖς
774 2513 1054 2583 μέλλουσιν
1099 2515 1223 2578 τοὺς
1285 2516 1448 2569 αὑτοῦ
1492 2517 1688 2588 νόμους

158 2598 447 2654 παιδεύεσθαι
486 2602 740 2673 μάθημα,
775 2604 855 2667 εἵς
898 2621 957 2656 τε
987 2604 1274 2675 ἀποφυγὴν
1297 2605 1394 2676 τῆς
1416 2605 1522 2659 τῶν
1552 2607 1688 2675 φαύ-

155 2689 234 2742 λων
253 2694 640 2766 ὀμοιοτροπίας,
690 2698 782 2750 καὶ
827 2700 906 2760 είς
944 2699 1256 2768 προτροπὴν
1281 2698 1372 2752 τοῦ
1405 2699 1512 2752 τῶν
1535 2701 1687 2752 εὐσε-

155 2780 235 2834 εῶν
253 2784 370 2854 βίου.
396 2787 548 2859 Χρῆν
581 2787 637 2841 δέ
663 2791 756 2841 καὶ
789 2789 962 2853 ἄλλως
996 2788 1069 2860 μὴ
1099 2789 1332 2857 ἀγνοεῖν,
1357 2789 1438 2843 ὅτι
1459 2789 1522 2862 δὴ
1546 2789 1684 2860 φθά-

155 2890 322 2938 σαντες,
340 2878 428 2931 καὶ
460 2880 573 2949 πρὸ
594 2879 700 2932 τῶν
726 2881 1016 2952 ἐγγράφων
1046 2881 1208 2934 αὑτοῦ
1237 2882 1438 2955 νόμων,
1469 2882 1685 2946 πλείους

154 2965 226 3035 ἥδη
253 2967 342 3020 τῶν
385 2971 750 3041 προπατόρων
811 2971 990 3044 ὀρθοῖς
1030 2973 1316 3044 ελογισμοῖς
1373 2973 1683 3037 θεοσεϐείας

2392 1503 2622 1561 CAPUT
2654 1507 2770 1565 Vll.

1801 1615 2170 1704 Hegra'orum,
2208 1619 2298 1701 qui
2351 1631 2470 1676 ante
2513 1639 2568 1704 se
2599 1625 2916 1704 ﬂoruerant,
2957 1630 3093 1684 vitas
3144 1633 3208 1685 ab
3253 1635 3368 1704 ipso

1869 1687 2015 1826 £1988
2073 1687 2287 1758 proprio
2347 1707 2408 1744 ac
2480 1687 2742 1763 singulari
2811 1687 2961 1767 opere
3037 1687 3364 1774 conscriptas

1896 1773 2054 1812 uisse.

1896 1773 2054 1812 ιιιεεε.

1865 1868 2043 1925 Moses
2087 1871 2271 1941 igitur,
2309 1873 2542 1928 eximius
2599 1874 2688 1930 ille
2739 1877 3043 1950 theologus,
3095 1891 3255 1954 atque
3295 1901 3362 1940 ex

1794 1960 2035 2018 Hebraeis
2095 1962 2353 2021 Hebraeus
2412 1969 2530 2038 ipse
2594 1983 2931 2040 procreatus,
3001 1993 3124 2031 cum
3179 1980 3366 2048 patria:

1794 2059 1970 2130 gentis
1999 2059 2309 2123 historiam,
2363 2071 2644 2127 accurate,
2683 2063 2727 2118 si
2755 2065 3045 2136 quisquam
3076 2068 3250 2132 'alius,
3285 2082 3366 2125 te-

1792 2159 1965 2216 neret,
2009 2152 2313 2220 priscorum
2345 2150 2700 2209 Hebraeorum
2732 2157 2889 2224 vitas,
2920 2175 3039 2228 qua).
3078 2164 3252 2218 sacris
3287 2164 3364 2218 le-

1791 2238 1950 2308 gibus
2003 2239 2285 2308 cujusdam
2324 2243 2481 2312 quasi
2526 2244 2777 2312 prooemii
2833 2245 2953 2299 loco
2991 2246 3135 2301 viam
3182 2249 3366 2303 muni-

1791 2337 1934 2394 rent,
1978 2338 2323 2398 posterorum
2393 2333 2669 2386 memoria:
2723 2339 3107 2389 commendare
3170 2337 3359 2400 voluit,

1789 2419 1938 2473 nulla
1970 2436 2211 2489 unquam
2256 2421 2531 2476 oblivione
2561 2423 2841 2478 delendas.
2887 2425 2956 2480 lis
3012 2442 3198 2496 porro,
3251 2445 3362 2485 non

1788 2523 1850 2563 ea
1900 2517 2112 2563 tantum
2176 2526 2298 2580 qua:
2351 2512 2613 2568 divinitus
2674 2525 2994 2583 acceperant
3076 2518 3360 2586 beneticia,

1786 2613 1975 2652 verum
2012 2607 2065 2652 et
2098 2601 2487 2655 nonnullorum
2536 2611 2818 2672 praeterea,
2853 2603 2944 2672 qui
2979 2621 3194 2660 omnem
3235 2623 3361 2662 cum

1785 2689 2075 2776 Divinitate
2116 2694 2334 2762 pietatis
2373 2709 2594 2751 sensum
2623 2695 2961 2765 abjecerant,
2993 2714 3174 2753 mores
3198 2699 3360 2754 simul

1785 2799 1849 2838 ac
1875 2799 2064 2853 poenas
2102 2786 2375 2852 intexuit;
2425 2799 2579 2842 ratus
2625 2788 2710 2850 iis,
2746 2789 2837 2858 qui
2880 2788 3089 2859 legibus
3122 2792 3237 2845 suis
3272 2792 3360 2845 in-

1785 2877 2043 2931 stituendi
2090 2885 2293 2940 essent,
2327 2893 2496 2948 genus
2529 2879 2580 2932 id
2614 2880 2942 2949 cognitionis
2985 2881 3229 2950 apprime
3262 2897 3358 2937 ne-

1785 2969 2082 3023 cessarium
2116 2969 2382 3033 futurum,
2411 2980 2470 3024 ut
2492 2980 2673 3048 eos‘et
2710 2971 2778 3025 ab
2836 2972 3206 3040 improborum
3236 2975 3358 3028 imi-

152 3057 279 3128 ἀρετῇ
310 3061 815 3133 κατεκοσμήθησαν·
850 3063 898 3116 οἳ
932 3065 1025 3116 καὶ
1052 3065 1194 3132 φίλοι
1232 3063 1387 3129 Θεοῦ,
1421 3065 1518 3117 καὶ
1551 3083 1677 3136 προ-

1786 3060 1987 3113 tatione
2036 3060 2348 3123 deterreret,
2415 3069 2468 3114 et
2533 3061 2600 3115 ad
2657 3063 3014 3116 consectauda
3063 3063 3354 3130 proborum

153 3148 276 3219 φῆται
303 3153 754 3222 χρηματίσαντες,
771 3156 992 3218 αἰωνίας
1018 3155 1205 3227 ἔτυχον
1221 3155 1350 3227 παρ’
1367 3154 1515 3227 αὐτῷ
1541 3158 1679 3228 μνή-

155 3255 248 3307 μης,
269 3235 332 3294 ὧν
359 3245 488 3314 μηδέ
529 3245 848 3316 ἀλλοτρίους
870 3247 930 3299 τὸ
956 3247 1112 3315 γένος
1146 3243 1283 3301 εἶναι
1310 3247 1551 3312 τούτους,
1599 3243 1681 3312 οἷς

152 3332 244 3394 τοὺς
263 3335 439 3403 νόμους
468 3336 799 3390 διετάττετο.
825 3338 915 3391 Διὸ
962 3339 1055 3392 καὶ
1109 3339 1305 3410 μᾶλλον
1341 3339 1536 3410 χρῆναι
1584 3339 1681 3392 αὑ-

150 3424 259 3488 τοὺς,
289 3429 580 3498 ἀπογόνους
607 3431 868 3501 θεοφιλῶν
905 3434 998 3486 καὶ
1037 3432 1262 3486 δικαίων
1307 3432 1514 3505 ἀνδρῶν
1551 3433 1681 3502 φύν-

149 3529 238 3579 τις,
259 3519 340 3588 τῆς
367 3519 470 3573 τῶν
505 3524 873 3593 προπατόρων
924 3523 1202 3588 εὐσεϐείας
1253 3521 1499 3595 ζηλωτάς
1542 3527 1678 3580 ἀνα-

149 3605 390 3680 δειχθῆναι,
414 3613 650 3666 σπεῦσαί
678 3631 737 3666 τε
771 3615 878 3667 τῶν
905 3616 1032 3668 ἴσων
1051 3619 1161 3679 τοῖς
1192 3617 1488 3688 γεννήσασι
1526 3620 1677 3690 παρά

150 3695 251 3750 Θεοῦ
283 3707 464 3771 τυχεῖν·
502 3704 640 3758 ἀλλά
670 3707 745 3776 μὴ
771 3707 1173 3778 ἀποναρκῆσαι,
1206 3709 1328 3779 μηδ’
1372 3710 1676 3780 ἀποκνῆσαι

150 3788 206 3851 ὡς
224 3793 293 3843 ἐπ’
314 3795 607 3861 ἀδυνάτοις,
643 3797 742 3867 τῆς
791 3797 899 3850 τῶν
944 3799 1164 3868 ἀγαθῶν
1205 3800 1415 3863 ἐλπίδος
1451 3801 1678 3865 ἑαυτοὺς

152 3875 446 3947 ἀπογνόντας
478 3885 684 3940 δυνατὰ
718 3885 824 3956 γάρ
851 3883 1010 3950 εἶναι,
1038 3888 1132 3941 καὶ
1168 3891 1280 3951 τοῖς
1308 3888 1531 3953 οἰκείοις
1575 3891 1676 3942 αὑ·-

151 3967 230 4018 τῶν
251 3977 599 4048 προπάτορσιν
631 3977 860 4040 ἐντελῶς
893 3979 1320 4050 κατωρθωμένα·
1352 3974 1427 4035 ὧν
1456 3982 1548 4036 καὶ
1576 3981 1675 4046 τὰς

153 4061 321 4125 εἰκόνας
343 4071 448 4130 τοῖς
483 4069 551 4122 τὰ
586 4069 706 4121 θεῖα
757 4069 1164 4141 παιδευομένοις
1203 4071 1514 4144 παρεδίδου,
1550 4074 1675 4136 τοὺς

153 4149 265 4219 βίους
288 4160 585 4230 καταλέγων
645 4162 752 4214 τῶν
785 4162 1049 4228 παλαιῶν,
1097 4163 1191 4217 καὶ
1233 4165 1331 4236 τὴν
1371 4163 1673 4229 ἰδιάζουσαν

151 4242 240 4307 ἑνὸς
261 4249 464 4304 ἑκάστου
491 4254 717 4326 ἀρετὴν,
763 4251 951 4326 ῶσπερ
997 4257 1053 4308 ἐν
1087 4255 1259 4309 εἰκόσι
1291 4257 1510 4328 γραφῆς
1557 4256 1672 4309 δια-

150 4339 279 4392 rumi-
286 4359 447 4410 μενος.

1783 3154 2025 3222 exempla
2070 3153 2398 3208 stimularet.
2436 3152 2594 3208 Tanti
2625 3156 2789 3209 etiam
2834 3165 2973 3221 erat,
3006 3157 3081 3208 nti
3112 3172 3206 3211 eos
3246 3173 3354 3211 non

1780 3247 1990 3310 lateret,
2053 3245 2320 3315 majorum
2363 3247 2581 3316 quidem
2643 3263 2869 3301 suorum
2923 3249 3356 3318 quamplurimos

1780 3347 2068 3407 antequam
2093 3338 2188 3391 abs
2213 3353 2332 3391 sese
2363 3338 2508 3408 leges
2546 3339 2752 3408 scripto
2786 3341 2906 3394 latae
2935 3350 3138 3406 essent,
3191 3350 3353 3396 rectre

1779 3429 1941 3482 unius
1977 3429 2202 3482 rationis
2237 3444 2458 3482 manum
2508 3438 2746 3491 secutos,
2787 3430 2853 3484 ad
2905 3446 3174 3484 summam
3222 3431 3354 3486 relic

1779 3519 1956 3589 gionis
1978 3535 2040 3574 ac
2070 3521 2239 3574 divini
2265 3520 2444 3574 cultus
2474 3520 2684 3575 laudem
2709 3522 3043 3590 pervenisse,
3072 3523 3162 3592 qui
3196 3523 3350 3592 quod

1777 3621 1832 3667 et
1872 3612 2041 3666 divini
2084 3611 2336 3667 Numinis
2379 3613 2640 3679 amicitia,
2678 3625 2730 3666 et
2782 3613 3077 3682 prophetize
3126 3630 3352 3668 munere

1776 3707 2177 3777 prtestitissent,
2215 3707 2513 3760 immortali
2542 3707 2684 3776 apud
2718 3722 2776 3761 se
2800 3708 3060 3762 memoria
3085 3708 3348 3762 viverent.

1777 3799 1988 3866 Quibus
2028 3808 2211 3854 autem
2269 3799 2413 3870 leges
2472 3798 2587 3868 ipse
2624 3799 3024 3869 praescriberet,
3075 3817 3170 3855 eos
3221 3815 3348 3854 cum

1779 3890 2185 3959 antiquioribus
2220 3890 2328 3944 illis
2381 3905 2502 3944 esse
2534 3892 2747 3961 generis
2772 3907 2836 3946 ac
2881 3891 3166 3961 sanguinis
3197 3906 3349 3945 com-

1776 3981 2036 4035 munione
2082 3981 2440 4052 conjunctos:
2497 3995 2672 4052 eoque
2718 3997 2905 4037 verum
2963 3999 3104 4047 esse,
3161 3992 3219 4036 ut
3250 3982 3345 4051 qui

1774 4072 2064 4128 hominum
2093 4072 2204 4127 Deo
2234 4074 2684 4130 charissimorum
2722 4090 2787 4129 ac
2827 4075 3048 4129 virtutis
3080 4076 3339 4128 amantis-

1776 4166 2041 4220 simorum
2081 4175 2304 4235 nepotes
2346 4174 2552 4232 essent,
2587 4167 2749 4221 iidem
2809 4167 3078 4234 majorum
3126 4181 3346 4236 quoque

1773 4271 2000 4310 suorum
2054 4258 2270 4326 pietatis
2304 4257 2529 4312 aemulos
2583 4273 2642 4312 se
2666 4267 2828 4328 atque
2856 4258 3158 4312 imitatores
3185 4256 3344 4310 exhi-

1774 4349 1990 4416 berent,
2035 4358 2198 4419 atque
2239 4351 2294 4404 in
2323 4350 2708 4406 beneﬁciorum
2743 4366 2807 4406 ac
2834 4350 3206 4420 praemiorum,
3244 4363 3342 4416 pa-

153 4430 290 4488 tribus
323 4450 351 4488 a
390 4436 499 4491 Deo
551 4451 939 4492 concessorum
995 4446 1204 4508 partem
1261 4453 1324 4494 ac
1368 4438 1682 4494 societatem
1719 4440 1904 4494 venire
1955 4441 2104 4494 omni
2134 4455 2235 4511 ope
2283 4442 2575 4512 studioque
2608 4443 3024 4508 contenderent;
3066 4459 3174 4498 non
3237 4455 3339 4495 au-

203 4659 289 4735 (65)
323 4663 661 4735 Ἐλεύθερον
691 4665 792 4720 καὶ
818 4663 1020 4733 ἀνειμέ

152 4730 341 4808 solutum
377 4740 486 4808 vitae
514 4730 709 4808 genus,
735 4735 872 4808 πρὸς
901 4730 1065 4788 καλοῦ
1100 4734 1328 4806 ληπτέον
1343 4735 1492 4808 ἐστί,
1516 4736 1660 4802 quod

152 4799 311 4876 absque
339 4805 438 4858 ulla
469 4799 542 4872 vi,
573 4820 664 4861 aut
695 4799 873 4876 leg'nm
907 4799 1229 4860 necessitate
1257 4845 1270 4866 ,
1305 4799 1558 4876 virtutem
1595 4821 1660 4859 ac

152 4875 351 4934 pietatem
392 4877 620 4940 coleret,
673 4875 772 4930 nec
813 4877 1047 4945 graviori
1092 4885 1168 4929 tot
1213 4875 1657 4929 caeremoniarum

153 4951 280 5016 puere
316 4958 655 5016 premeretur.
714 4945 785 4999 lta
821 4944 944 5000 fere
985 4944 1355 5016 Thucydides
1379 4946 1659 5016 usurpavit

153 5004 222 5086 lib.
247 5028 299 5086 II,
317 5004 404 5067 'ubi
435 5015 668 5071 Pericles
703 5018 759 5086 ἐν
781 5016 857 5086 τῷ
890 5004 1162 5085 ἐπιταφίῴ
1178 5015 1318 5085 λόγῳ
1346 5004 1655 5069 liberiorem

155 5078 502 5153 Atheniensium
538 5085 747 5140 vivendi
787 5078 1050 5141 rationem
1066 5078 1091 5146 ’,
1122 5078 1326 5138 duriori
1372 5095 1424 5137 et
1471 5086 1649 5153 legum

156 5147 337 5208 rinculis
363 5159 593 5211 astricta:
624 5157 1155 5210 Lacedzemoniorum
1179 5155 1480 5223 disciplinae
1499 5147 1652 5208 avnte-

156 5229 344 5294 Ροηεης,
370 5228 458 5278 καὶ
486 5231 543 5279 ἐν
570 5231 688 5291 ταῖς
719 5227 984 5288 παιδείαις
1004 5265 1018 5287 ,
1063 5228 1110 5279 οἱ
1143 5225 1240 5294 μὲν
1285 5224 1656 5294 (Λακεδαιμό-

274 5296 484 5366 ἐπιπὸνῳ
511 5299 758 5368 ἀσκήσει,
793 5297 953 5359 εὐθὺς
986 5297 1090 5368 νέοι
1123 5291 1386 5368 όντεςίτὸ
1417 5291 1656 5368 ἀνδρεῖον

157 5362 478 5478 ςξτέοχονταιλ
511 5362 669 5438 ἡμεῖς
694 5367 778 5431 δέ,
812 5365 1107 5436 ἀνειμένως
1138 5364 1476 5434 διαιτώμενοι
1508 5362 1658 5417 οὐδὲν

177 5445 282 5478 ,πον
307 5436 384 5478 ἐπὶ
406 5439 526 5478 enim
564 5439 846 5478 ian-irim),—
899 5437 1176 5478 νωδιίνηυσ
1205 5434 1504 5478 νιηηηῦιιεν-
1544 5434 1657 5478 lmn

175 5445 282 5506 τηαν
307 5436 384 5488 ἐπὶ
406 5434 846 5501 τοὺςίσοπάλους
899 5434 1176 5499 κινδύνους
1204 5434 1505 5506 χωροῦμεν.
1544 5434 1657 5488 lmo

159 5500 695 5579 τῂνηραθυμίανίραιιιο
740 5500 889 5579 post,
946 5507 1154 5560 meliori
1202 5500 1653 5579 ac'lautlabiliori

161 5569 485 5646 §igniﬂcati0iie
536 5569 752 5648 posuit:
773 5579 996 5639 Καίτοι,
1043 5579 1090 5629 εί
1135 5576 1374 5699 ῥαθυμίᾳ
1426 5575 1651 5645 μᾶλλον,

164 5644 317 5699 "quit.
357 5647 386 5699 ἢ
435 5649 607 5699 πόνων
655 5650 882 5699 μελέτη.
917 5649 1010 5699 καὶ¹
1059 5647 1131 5699 μὴ
1169 5664 1266 5699 μετ
1343 5646 1519 5699 νόμων
1564 5662 1651 5698 το-

164 5644 317 5720 inquit,
435 5644 607 5702 πόνων
652 5650 882 5720 μελέτῃ,
917 5649 1014 5720 κα).
1058 5644 1144 5718 μὴ’
1167 5644 1322 5720 μετὰ*
1343 5644 1519 5720 νόμων
1564 5662 1652 5720 τος

165 5667 317 5708 »ιιιμιιι1
357 5667 387 5718 η
435 5667 607 5702 πονων
723 5667 882 5720 Αετη,
917 5667 1010 5701 και
1058 5667 1131 5718 μη
1167 5667 1306 5716 μετα
1343 5667 1519 5715 νομων
1564 5667 1650 5698 το-

164 5708 323 5788 πλείονᾼ,
346 5717 376 5786 ἢ
402 5719 606 5788 τρόπων
642 5667 886 5788 ἀΐδρείὰ
913 5717 1187 5787 ἐθέλοιμεν
1213 5715 1558 5769 κινδυνεύειν.
1593 5714 1650 5770 ld

165 5789 256 5832 est:
284 5784 414 5850 om
436 5784 490 5841 ἐξ
516 5805 577 5842 ex
619 5784 850 5859 faciliori
878 5789 1052 5860 potius
1085 5784 1204 5842 uita:
1245 5802 1452 5857 genere,
1488 5802 1645 5856 quam

1025 4681 1149 4736 βίον.
1203 4663 1470 4736 Liberum,
1491 4662 1580 4719 hic
1609 4676 1665 4718 et
1695 4668 1742 4727 D
1767 4665 1982 4719 assiduo
2017 4665 2255 4718 laborum
2289 4682 2387 4720 usu
2410 4707 2424 4728 ,
2471 4682 2564 4718 nec
2609 4665 2778 4736 legum
2824 4667 3129 4721 necessitate
3159 4669 3332 4734 potius

1765 4752 1922 4804 quam
1973 4753 2219 4806 generosa
2257 4737 2449 4789 indolis
2502 4738 2690 4790 virtute
2734 4740 2909 4798 ducti,
2949 4739 3018 4790 ad
3063 4740 3329 4792 subeunda

1763 4808 1998 4879 peritum
2043 4809 2212 4860 venire
2258 4809 2574 4870 statuimus,
2619 4808 2707 4860 uhi
2743 4808 3013 4879 ρᾳθυμίαν
3047 4809 3125 4879 sic
3157 4825 3331 4879 πονων

1761 4876 1963 4997 μελέτῃ
1986 4880 2256 4946 opposuit,
2285 4886 2342 4929 ut
2365 4879 2606 4930 eamdem
2647 4876 2822 4930 tamen
2854 4876 2973 4932 cum
3001 4878 3208 4947 τρόπω.
3236 4878 3328 4931 ἀν-

1796 4947 1915 4997 οεία
1959 4949 2332 4997 coniunaerel.
2385 4947 2505 4997 Ouo
2537 4949 2698 4997 etiam
2754 4950 2982 4997 nertinet
3044 4949 3188 4997 illius
3246 4952 3328 4997 vel

1795 4947 2332 5016 pei?conjungeret.
2385 4947 2505 5012 Quo
2537 4949 2698 5000 etiam
2753 4950 2982 5016 pertinet
3044 4949 3188 5000 illius
3246 4952 3330 5003 vel

1763 5005 1932 5071 nimis
1953 5057 1968 5077 ,
2005 5005 2086 5071 vel
2137 5005 2351 5071 consilii
2383 5005 2626 5088 fructus,
2658 5005 2765 5086 qui.
2789 5019 3034 5085 sequitur
3064 5035 3076 5069 :
3111 5018 3332 5088 Περιγίο

1761 5103 1944 5160 γνεται
1998 5089 2147 5158 ἡμῖν,
2175 5091 2314 5160 τοῖς.
2335 5105 2390 5160 τε
2437 5087 2718 5160 μέλλουσιν
2764 5089 3060 5160 ἀλγεινοῖς.
3076 5088 3148 5158 μὴ
3191 5105 3326 5160 προ-

1759 5157 2139 5230 κάμνειν,⁷καὶ
2168 5159 2226 5221 ἐς
2259 5158 2397 5230 αὐτ-ἀ
2426 5157 2670 5230 ἐλθοῦσι,
2699 5160 2770 5230 μὴ
2805 5157 3197 5227 ἀτολμοτέρους
3221 5157 3329 5213 τῶν

1761 5229 1847 5280 ἀεὶ
1883 5227 2221 5298 μοχθούντων
2269 5228 2569 5296 φαίνεσθαι.
2623 5227 2735 5281 Hoc
2780 5232 2897 5281 inde
2938 5231 3324 5296 consequimur,

1764 5309 1821 5351 ut
1845 5315 1934 5350 nec
1959 5300 2261 5368 futurarum
2284 5314 2640 5351 terumnarum
2665 5310 2784 5351 ante
2815 5311 3015 5366 tempus
3041 5301 3326 5354 asperitate

1766 5369 2096 5437 frangantur,
2131 5386 2222 5422 nec
2264 5379 2434 5422 tamen
2465 5378 2737 5438 postquam
2768 5370 2818 5421 in
2853 5386 2941 5422 eas
2977 5380 3184 5421 ventum
3222 5382 3322 5434 est,

1763 5439 1872 5491 illis
1906 5441 2032 5507 ipsis
2061 5441 2149 5508 qui
2180 5449 2428 5508 perpetua
2466 5441 2518 5491 in
2549 5441 2873 5491 contentione
2903 5448 3200 5504 versantur,
3223 5457 3325 5493 nte-

1763 5510 2088 5562 ticulosiores
2119 5526 2210 5563 nos
2246 5519 2338 5562 aut
2365 5511 2621 5577 segniores
2647 5510 3002 5561 ostendamus.

1833 5579 1940 5650 (66)
1970 5579 2398 5650 ῘΑνειληφέναι.
2427 5579 2815 5648 lit-ponendum
2848 5579 3084 5650 videtur
3109 5579 3324 5649 ἀνειλη-

1759 5648 1934 5718 φότεςῤ
1967 5649 2276 5719 Respondet
2312 5651 2458 5704 enim
2508 5651 2610 5703 hoc
2654 5651 2959 5719 membrum
3006 5648 3173 5716 priori
3209 5648 3317 5713 illi,

1759 5722 1856 5792 βίῳ
1888 5722 2004 5790 μὲν,
2038 5718 2117 5790 τῷ
2147 5720 2286 5774 κατά
2320 5720 2417 5789 τὴν
2451 5719 2611 5788 φύσιν
2638 5718 3074 5791 κεκοσμημένοιο,
