3864 6386
511 344 616 401 519
1129 345 1404 405 EUSEBII
1437 336 1920 398 CAESARIENSIS
1958 333 2105 389 OPP.
2152 329 2328 384 PARS
2367 329 2431 384 ll.
2469 361 2537 370 --
2576 329 3080 386 APOLOGETICA.
3631 340 3712 393 520

510 473 617 518 tem
659 463 920 518 similium
960 464 1255 526 bonorum,
1307 460 1532 531 perinde
1588 473 1652 512 ac
1709 458 1757 512 si
1803 453 2039 510 obtineri
2087 451 2156 506 ab
2194 451 2262 506 iis
2316 450 2463 504 nulla
2508 449 2721 503 ratione
2774 457 3017 518 possent,
3069 447 3448 520 desperatione
3501 451 3643 509 fracti
3668 473 3719 512 ac

510 553 786 608 debilitate
816 562 1215 623 torpescerent:
1249 553 1449 622 quippe
1477 565 1598 620 qua:
1628 563 1729 603 nec
1759 561 1924 616 supra
1964 545 2076 599 vim
2117 558 2306 597 eorum
2361 549 2415 595 et
2466 540 2776 594 facultatem
2824 555 3040 594 omnem
3079 553 3286 610 essent,
3314 555 3366 599 et
3411 545 3644 615 ipsismet
3671 550 3722 602 il-

509 647 688 700 lorum
743 649 986 717 patribus
1039 647 1266 701 feliciter
1333 646 1660 700 evenissent.
1701 642 1946 707 Quorum
2007 638 2273 709 imagincs
2314 637 2382 692 iis
2437 646 2746 707 propterea,
2799 637 2893 706 qui
2923 637 3123 692 divinis
3169 639 3430 695 institutis
3475 642 3720 698 imbuendi

511 747 676 808 atque
709 739 957 793 initiandi
1003 747 1183 792 essent
1224 737 1561 807 objiciendas
1612 734 1857 805 putavit;
1911 746 2088 800 eoque
2125 728 2356 783 consilio
2412 728 2722 798 priscorum
2799 728 2938 782 vitas
2991 730 3416 786 conscribendas
3464 733 3657 804 selegit,
3681 745 3724 791 et

508 829 667 898 quasi
699 829 841 900 picta
879 829 930 882 in
961 828 1141 882 tabula
1170 827 1496 896 singularem
1523 841 1586 880 ac
1609 823 1881 895 propriam
1913 821 2179 891 cujusque
2199 819 2451 874 virtutem
2484 820 2600 875 suis
2641 820 2917 874 coloribus
2951 820 3316 878 adumbravit.

1017 917 1180 987 306
1212 914 1442 971 CAPUT
1478 914 1616 970 vm.

2717 911 3112 965 ΚΕΦΑΛΑΙΟΝ
3149 911 3208 965 H'
3220 952 3234 965 .

2189 1000 2284 1033 'nn
2315 1003 2378 1033 ιη’·
2400 1002 2542 1033 ’λα-1
2575 1002 2765 1033 mnino:
2789 1001 2885 1033 mn:
2908 1001 3167 1033 his-Anna..-
3213 1006 3457 1033 ,Aulnlln-n

509 1043 725 1098 Maturo
761 1046 968 1134 juaicio
999 1061 1232 1134 sanraque
1279 1046 1486 1134 regione
1527 1054 1823 1126 susceptam
1858 1061 1890 1097 a
1928 1044 2072 1098 nobis

2189 1002 2284 1066 Ὧς
2296 1002 2543 1080 ,εὐλόγῳ
2575 1002 2767 1069 κρίσει
2789 1002 2887 1054 καὶ
2908 1002 3170 1069 σώφρονι
3195 1006 3460 1074 λογισμῷ
3492 1007 3597 1075 τὴν
3614 1015 3724 1082 περὶ

2249 1071 2434 1124 τωνδε
2472 1073 2742 1134 ἱστορίαν
2800 1072 3262 1134 παρεδεξάμεθα·
3322 1078 3418 1129 καὶ
3468 1078 3721 1134 ἐπιδροιῶ

576 1090 1057 1196 eorumlltistoriqm
1087 1090 1270 1185 fuisse.
1315 1115 1418 1169 Hic
1459 1127 1636 1197 cutem
1670 1090 1869 1197 cursim.
1890 1131 2072 1194 eorum

2249 1090 2434 1150 τωνοε
2472 1090 2742 1138 ιοντοιριαι⁴
2800 1090 3262 1142 παρεοεξαμεσαο
3322 1090 3418 1129 καὶ
3468 1090 3721 1154 ἐπιδρομή

2248 1159 2366 1194 των
2395 1143 2543 1194 κατὰ
2567 1141 2708 1197 τοὺς
2741 1141 3153 1197 δηλουμένους
3190 1146 3363 1197 ϐίων.
3407 1146 3523 1197 τῶν
3549 1168 3604 1197 τε
3629 1157 3720 1197 :mt

577 1157 1112 1272 vitalperstringitur',
1140 1202 1268 1272 quos
1298 1197 1420 1239 ante
1453 1186 1708 1266 diluvium
1745 1202 1805 1238 ac
1836 1185 2072 1254 deinceps

2248 1159 2366 1222 nor
2395 1157 2543 1194 κατα
2567 1159 2708 1207 τους
2741 1157 3153 1222 ονηξιουμενους
3189 1157 3363 1209 βίων,
3407 1164 3523 1199 των
3549 1168 3604 1203 τε
3629 1157 3720 1220 πρὸ

2250 1229 2356 1265 του
2411 1217 2841 1272 κατακλυσμου
2899 1214 3196 1272 θεοφιλῶν
3240 1217 3474 1272 ἀνδρῶν
3502 1220 3592 1272 καί
3626 1222 3720 1272 τῶν

578 1254 648 1377 ait
683 1230 884 1308 Hostem
931 1230 1311 1326 iisque’yDeM
1383 1257 1646 1326 prwcipuo
1699 1272 1876 1310 amore
1935 1230 2072 1309 conri-

575 1340 608 1393 p
631 1341 760 1378 εοεαε
789 1334 888 1382 est.

2250 1230 2356 1265 του
2411 1230 2841 1280 κατακλυσμου
2899 1230 3196 1281 derogator
3240 1230 3474 1284 ανδρων
3502 1230 3592 1272 καὶ
3626 1230 3724 1276 των

2246 1282 2396 1368 μετίξ
2445 1282 2630 1336 ταῦτα
2675 1283 2852 1352 μέχρι
2889 1283 3001 1353 τῆς
3038 1285 3298 1352 Μωσέως
3344 1287 3549 1356 γενεᾶς
3589 1290 3724 1361 amp.

2249 1369 2556 1393 νρίγανγων

737 1345 760 1378 ⁸
789 1345 888 1382 es"
2246 1345 2575 1406 Ξίεσάντων.

576 1441 763 1512 Neque
791 1457 921 1496 vero
951 1439 1050 1494 abs
1083 1454 1140 1494 re
1185 1438 1350 1493 fuerit
1381 1453 1572 1493 eorum
1615 1438 1902 1493 historiam
1951 1437 2078 1492 bre-

505 1541 651 1593 viter
673 1538 794 1602 {hoc
831 1534 953 1588 loco
983 1545 1324 1602 percurrere.
1372 1529 1614 1584 Primum
1659 1530 1822 1600 igitur
1851 1537 1976 1583 ante
2004 1529 2084 1583 di-

507 1631 718 1687 luvium
773 1623 1234 1698 quemadmodum
1293 1639 1360 1678 εκ
1403 1620 1571 1677 Μοείε
1617 1621 1859 1691 ejusdem
1896 1621 2079 1675 moni-

509 1723 708 1776 mentis
763 1715 1122 1785 intelligimus
1176 1713 1300 1784 (nec
1354 1712 1500 1766 enim
1555 1709 1793 1776 aliunde,
1858 1711 2076 1780 opinor,

509 1828 674 1883 quam
705 1826 768 1864 ex
802 1807 1040 1879 prepriis
1091 1819 1282 1860 eorum
1313 1818 1534 1874 quoque
1563 1801 1808 1856 fontibus
1854 1817 1944 1857 res
1974 1799 2081 1857 He-

510 1905 780 1958 braeorum
834 1896 1146 1954 haurienda:
1203 1908 1348 1958 sunt,
1407 1911 1532 1950 cum
1605 1893 1954 1966 Egyptiacas
2012 1895 2080 1950 ab

2250 1443 2358 1495 Καὶ
2384 1443 2585 1495 τούτων
2605 1443 2660 1495 δὲ
2689 1441 2840 1495 οὐδὲν
2863 1443 3111 1514 ἐμποδὼν
3149 1447 3222 1518 μὴ
3253 1448 3372 1519 οὐχὶ
3391 1449 3480 1504 διὰ
3513 1449 3725 1522 βραχέων

2179 1536 2498 1606 ἐπιδραμεῖν
2552 1535 2648 1605 τὴν
2697 1536 2956 1606 ἱστορίαν.
3015 1537 3129 1609 Πρὸ
3173 1540 3271 1610 μὲν
3306 1538 3400 1594 οὖν
3439 1543 3532 1596 τοῦ
3577 1561 3722 1600 κατα-

2179 1624 2443 1696 κλυσμοῦ,
2475 1623 2664 1696 ὥσπερ
2695 1627 2727 1696 η
2763 1625 2930 1678 αὑτοῦ
2964 1627 3207 1692 Μωσέως
3257 1631 3498 1703 περιέχει
3545 1637 3720 1706 γραφήι

2178 1719 2258 1772 δεῖ
2295 1717 2349 1771 δέ
2381 1735 2502 1782 που,
2540 1718 2614 1781 ὡς
2662 1713 2834 1788 οἶμαι,
2871 1717 2945 1789 μὴ
2973 1717 3192 1774 ἄλλοθεν
3217 1722 3249 1793 ἢ
3274 1724 3438 1777 πάλιν
3461 1725 3654 1781 οἴκοθεν
3672 1730 3724 1781 τὰ

2191 1810 2454 1882 Ἐϐραίων
2489 1811 2696 1882 πάτρια
2719 1811 3104 1882 διασκοπῆσαι,
3133 1815 3254 1866 ἐπεὶ
3278 1817 3371 1868 καὶ
3397 1816 3466 1869 τὰ
3484 1819 3723 1886 Αἰγύπτια

2182 1903 2310 1974 παρ’
2340 1903 2672 1971 Αἰγυπτίων,
2699 1904 2793 1956 καὶ
2825 1903 2892 1956 τὰ
2919 1904 3178 1958 Φοινίκων
3220 1907 3374 1977 παρὰ
3405 1907 3512 1961 τῶν
3543 1911 3724 1963 οίκείων

510 1994 803 2068 Egyptiis,
846 2000 900 2046 et
929 2007 960 2044 a
1009 1987 1364 2043 thnicibus
1397 1985 1707 2042 Phtcnicias
1739 1986 2078 2054 petierimus,

2180 1994 2572 2066 ὲμανθάνομεν,
2593 1995 2668 2058 ὡς
2698 1992 2762 2049 αὖ
2794 1996 2953 2050 πάλιν
2981 1997 3049 2050 τὰ
3094 1997 3356 2069 Ἑλλήνων
3383 1999 3532 2071 παρὰ
3565 2001 3659 2054 τῶν
3678 2003 3724 2054 ἐν

509 2085 833 2154 Graecasque
863 2079 1112 2136 similiter
1156 2080 1222 2131 ab
1262 2077 1328 2132 iis
1371 2076 1462 2145 qui
1497 2076 1734 2130 nominis
1764 2077 1906 2146 apud
1932 2075 2072 2132 Grae-

2181 2085 2384 2150 τούτοις
2409 2086 2700 2156 διαφανῶν,
2731 2087 2799 2140 τά
2843 2105 2904 2140 τε
2961 2088 3264 2157 φιλοσόφων
3293 2090 3446 2160 παρὰ
3475 2091 3576 2143 τῶν
3604 2092 3726 2161 φιλο-

510 2192 606 2234 cos
633 2173 946 2231 celebritate
996 2170 1318 2233 ﬂoruerunt,
1363 2167 1608 2236 adeoque
1638 2182 1668 2220 a
1711 2167 2077 2236 philosophis,

2182 2180 2381 2248 σόφων,
2417 2179 2530 2232 ἀλλ’
2574 2181 2634 2232 οὐ
2682 2180 2832 2251 παρὰ
2856 2179 2963 2233 τῶν
3008 2182 3253 2252 ἀπείρων
3281 2181 3610 2252 φιλοσοφίας.
3639 2185 3724 2238 Πό-

511 2281 619 2322 non
661 2274 842 2320 autem
875 2263 942 2316 ab
989 2262 1057 2315 iis
1091 2260 1184 2330 qui
1232 2259 1284 2314 in
1337 2257 1683 2330 philOSOphia
1715 2258 1960 2328 hospites
2013 2274 2072 2315 ac

2181 2271 2269 2325 θεν
2296 2271 2352 2324 δὲ
2373 2271 2590 2326 ἄλλοθεν
2627 2273 2890 2344 προσήκοι
2918 2273 2982 2325 ἂν
3015 2274 3108 2326 καὶ
3140 2251 3208 2326 τὰ
3233 2251 3550 2344 ίατρικῆςῆ
3601 2275 3726 2346 παρὰ

511 2355 788 2428 peregrini
827 2361 1033 2417 essent,
1071 2367 1193 2421 quae
1239 2350 1306 2404 ad
1342 2348 1703 2419 philosOphiaa
1732 2350 1974 2403 rationes
2013 2364 2077 2404 ac

509 2449 726 2504 decreta
751 2445 1111 2516 pertinebant.
1152 2442 1302 2509 Quos
1334 2451 1388 2496 tu
1415 2457 1544 2496 vero
1571 2441 1780 2511 justius
1807 2442 1872 2495 de
1902 2440 2076 2494 medi-

509 2541 647 2594 cinae
677 2536 978 2608 praceptis,
1009 2549 1172 2604 quam
1204 2533 1339 2587 artis
1373 2533 1522 2587 illius
1549 2531 1756 2602 peritos
1786 2530 2078 2586 consulas?

510 2631 712 2687 Eodem
742 2631 899 2700 plane
920 2630 1043 2700 jure
1069 2639 1272 2693 Statuo,
1310 2643 1396 2682 res
1435 2625 1787 2681 Hebraeorum
1810 2642 1918 2679 non
1953 2625 2076 2680 aliis

511 2740 674 2796 quam
705 2723 1053 2778 ilcbrmorum
1082 2738 1147 2776 ex
1177 2722 1369 2776 litteris
1391 2736 1513 2776 esse
1539 2718 1878 2790 repetendas)
1901 2737 1913 2772 :
1941 2719 2080 2772 mul-

511 2823 584 2872 tis
629 2832 780 2888 ergo,
837 2815 1301 2886 quemadmodum
1350 2813 1569 2868 illorum
1624 2814 1781 2868 docet
1827 2813 2075 2877 historia,

509 2911 672 2980 longo
724 2919 850 2964 ante
892 2908 1159 2962 diluvium
1196 2917 1463 2976 tempore,
1492 2904 1605 2975 jam
1643 2920 1817 2974 usque
1845 2919 1876 2958 a
1903 2903 2077 2974 prima

513 3003 794 3056 hominum
821 3001 1052 3067 origine,
1095 3014 1301 3070 perque
1333 2998 1554 3069 longam
1587 2996 1845 3066 deinceps
1878 3011 2076 3050 conse-

509 3093 791 3162 quentium
851 3101 1070 3145 aetatum
1119 3090 1339 3155 seriem,
1401 3103 1528 3144 cum
1595 3088 1871 3157 praecipuo
1932 3086 2076 3142 Deus

509 3199 695 3238 amore
716 3182 1034 3251 complexus
1059 3190 1160 3245 est,
1199 3188 1315 3233 tum
1345 3179 1466 3233 laus
1497 3179 1829 3244 integritatis
1858 3193 2076 3232 summa

507 3274 926 3330 commendavit.
945 3272 1280 3342 Atqueillum
1300 3271 1352 3324 in
1371 3269 1561 3340 primis
1573 3269 1664 3339 qui
1690 3289 1708 3321 ‹
1735 3271 1969 3339 speravit
1993 3271 2076 3323 in-

507 3381 705 3422 vocare
720 3382 916 3421 nomen
935 3364 1148 3418 Domini
1171 3363 1261 3417 Dei
1285 3362 1420 3434 (67).
1436 3381 1453 3413 ›
1478 3363 1597 3428 Quo
1618 3363 1868 3432 loquendi
1883 3377 2078 3431 genere

511 3459 796 3528 Scriptura
823 3457 1086 3519 declarat,
1144 3456 1313 3509 alium
1369 3455 1438 3509 ab
1473 3470 1539 3508 eo
1564 3455 1834 3508 neminem
1883 3464 2078 3522 praeter

501 3540 793 3607 ipsummet
831 3552 1013 3592 rerum
1064 3536 1371 3591 molitorem
1429 3535 1675 3590 omnium
1727 3544 1781 3590 et
1827 3537 2068 3594 universi

501 3626 791 3680 Dominum
842 3626 1008 3682 simul
1069 3635 1231 3695 atque
1268 3623 1459 3693 Deum,
1495 3624 1598 3680 sibi
1650 3626 1925 3696 rebusque
1953 3629 2070 3684 suis

500 3719 809 3785 tutelarem,
841 3718 998 3788 quasi
1025 3725 1312 3787 patronum
1343 3731 1465 3772 esse
1505 3717 1769 3772 delectum
1798 3737 1810 3771 :
1846 3719 2067 3789 quippe,

501 3812 591 3881 qui
623 3809 848 3864 omnino
875 3825 1196 3879 persuasum
1226 3808 1279 3862 id
1317 3809 1563 3873 haberet,
1607 3824 1714 3863 non
1753 3811 2067 3865 universum

501 3903 663 3957 modo
693 3902 744 3954 vi
781 3900 1070 3957 etiectricis
1107 3901 1252 3955 illius
1282 3901 1565 3970 potestatis
1584 3900 1720 3954 bene
1759 3916 1823 3954 ac
1853 3901 2069 3970 sapien-

501 4003 587 4049 ter
623 4009 746 4048 csse
795 3993 1174 4058 constitutum,
1227 3993 1318 4046 sed
1349 3991 1510 4046 etiam
1546 3992 1767 4062 perinde
1801 4000 1856 4045 ut
1881 3993 2070 4062 ingen-

501 4095 607 4140 tem
623 4086 856 4155 aliquam
871 4085 1262 4154 rempublicam
1283 4085 1525 4153 ejusdem
1542 4084 1770 4153 imperio
1789 4099 1852 4138 ac
1863 4083 2070 4140 ditione

500 4177 788 4242 contineri,
829 4192 893 4230 ac
942 4186 1122 4246 partes
1173 4177 1318 4230 illius
1365 4190 1554 4230 omnes
1598 4175 1769 4244 ipsius
1810 4186 2069 4244 tanquam

501 4272 703 4326 summi
752 4268 1190 4336 Patrist‘amilias,
1223 4271 1331 4324 imo
1357 4277 1614 4339 tanquam
1651 4268 1767 4323 veri
1803 4268 2064 4338 legitimi-

501 4377 609 4432 que
660 4360 896 4427 Domini,
930 4357 1113 4430 Regis,
1146 4375 1225 4428 .ac
1267 4357 1360 4414 Dei
1409 4360 1688 4414 voluntate
1732 4359 2069 4429 arbitrioque

499 4453 811 4524 gubernari.
864 4450 1012 4518 Quas
1046 4451 1134 4505 ille
1161 4451 1228 4506 de
1248 4448 1358 4505 Deo
1389 4451 1641 4521 princeps
1671 4451 1828 4520 eique
1857 4450 2070 4505 charis-

499 4545 675 4598 simus
730 4542 945 4596 Domini
1008 4541 1213 4610 Deique
1265 4540 1512 4595 notiones
1561 4548 1612 4594 et
1680 4537 2068 4608 appellationes

500 4636 684 4690 animo
713 4650 838 4690 cum
865 4633 1235 4700 informasset,
1275 4632 1416 4686 idem
1448 4632 1613 4686 simul
1638 4629 1916 4686 facultatis
1945 4644 2068 4684 om-

498 4727 606 4789 nis,
627 4741 690 4781 ac
708 4726 942 4780 nominis
957 4740 1227 4795 opumque
1245 4726 1489 4778 omnium
1507 4725 1648 4789 loco,
1661 4724 1745 4776 vel
1764 4723 1940 4792 potius
1959 4737 2070 4791 pm

498 4817 659 4887 307
689 4816 927 4886 cujusvis
974 4815 1100 4870 boni
1129 4816 1304 4884 ecpia,
1353 4832 1371 4866 ι
1403 4815 1640 4884 speravit
1672 4813 1926 4867 invocare
1969 4827 2069 4866 no-

500 4925 625 4962 men
654 4907 865 4962 Domini
893 4907 1008 4973 Dei,
1038 4925 1059 4959 ›
1097 4923 1221 4962 cum
1248 4922 1373 4962 eum
1405 4906 1509 4961 sibi
1534 4915 1855 4960 cunctorum
1897 4904 2068 4958 animi

463 5059 477 5062 _
501 4999 664 5054 simul
707 5009 764 5054 et
801 5000 1049 5069 corporis
1080 4999 1347 5053 bonorum
1395 4999 1711 5052 thesaurum
1747 5011 2068 5065 comparas-

501 5099 605 5145 set.
643 5088 814 5156 Quam
845 5091 914 5144 ob
940 5105 1164 5145 causam
1196 5089 1429 5160 primum
1468 5104 1594 5144 eum
1628 5103 1847 5158 quoque
1877 5104 2069 5143 verum

503 5183 778 5237 hominem
812 5183 1050 5238 audiisse
1081 5181 1290 5238 Hebraei
1333 5182 1705 5252 prodiderunt.
1742 5181 1889 5236 Enos
1937 5198 2070 5238 sane

502 5276 747 5345 quidem.
784 5277 890 5330 hoc
921 5287 1006 5332 est
1053 5293 1202 5330 verus
1228 5278 1402 5342 homo,
1444 5276 1746 5346 appellatus
1783 5274 1906 5341 fuit,
1935 5290 2069 5330 con-

503 5381 726 5438 gruente
748 5371 1038 5427 admodum
1064 5379 1295 5440 aptaque
1317 5370 1553 5424 nominis
1585 5370 1818 5423 ratione.
1851 5367 1910 5421 1n
1940 5382 2065 5422 cum

499 5463 643 5516 enim
680 5462 854 5515 solum
889 5463 1000 5517 veri
1050 5462 1291 5517 hominis
1322 5461 1738 5533 appellationem
1772 5460 2066 5514 convenire

500 5556 827 5616 statuebant,
884 5555 973 5623 qui
1025 5552 1119 5607 Dei
1160 5553 1411 5608 notitiam
1463 5565 1794 5620 sensumque
1844 5550 2064 5620 pietatis

573 5737 684 5810 (67)
710 5722 876 5792 Enos.
904 5735 988 5793 Cf.
1013 5736 1147 5793 Gen.
1179 5752 1253 5806 tv,
1285 5737 1383 5791 ult.

2176 2364 2282 2418 τῶν
2314 2364 2692 2435 ἐπιστημόνων
2739 2364 3150 2430 πυνθάνεσθαι;
3196 2365 3352 2419 Οὕτω
3404 2366 3468 2438 δὴ
3517 2366 3646 2420 κατὰ
3677 2367 3726 2420 τὸ

2177 2456 2462 2511 ἀκόλουθον
2487 2456 2620 2526 ἡγοῦ
2629 2475 2726 2528 μαι
2753 2457 2860 2510 δεῖν
2884 2457 2979 2510 καὶ
3004 2457 3072 2510 τὰ
3113 2457 3378 2528 Ἐϐραίων
3412 2461 3478 2513 ὲκ
3499 2459 3600 2511 τῶν
3619 2461 3724 2529 παρ’

2191 2549 2458 2621 Ἑϐραίοις
2486 2549 2700 2619 λογίων,
2728 2547 2863 2602 ἀλλὰ
2895 2549 2970 2620 μὴ
3012 2549 3232 2604 ἄλλοθέν
3290 2549 3457 2605 ποθεν
3508 2550 3727 2620 ἀποδέχε-

2180 2647 2324 2699 σθαι.
2375 2646 2586 2714 Ὠσπερ
2643 2640 2737 2697 οὖν
2768 2647 2796 2698 ό
2831 2644 2984 2715 παρὰ
3047 2643 3256 2707 τούτοις
3306 2645 3528 2716 κατέχει
3575 2644 3724 2713 λόγος,

2178 2738 2380 2792 ἄνωθεν
2414 2739 2521 2809 πρὸ
2551 2738 2645 2790 τοῦ
2676 2736 3083 2806 κατακλυσμοῦ,
3109 2738 3172 2791 ὲκ
3210 2736 3438 2810 πρώτης
3461 2738 3726 2810 ἀνθρώπων

2177 2830 2460 2898 γενέσεως,
2493 2830 2586 2883 καὶ
2617 2831 2696 2892 είς
2721 2828 2819 2892 τὰς
2851 2828 2978 2898 ἑξῆς
3017 2828 3285 2900 διαδοχὰς,
3309 2829 3575 2899 Θεοφιλεῖς
3608 2845 3727 2890 τινες

2178 2920 2367 2992 ἄνδρες
2393 2921 2668 2989 γεγόνασι,
2701 2918 2794 2972 καὶ
2822 2920 3020 2973 δίκαιοι
3055 2920 3294 2984 πλείους,
3344 2915 3423 2975 ὥν
3453 2924 3479 2973 ό
3503 2922 3594 2990 μὲν
3622 2940 3637 2971 ι
3657 2919 3728 2990 ἦλ-

2180 3029 2334 3065 πισεν
2392 3010 2768 3066 ἐπικαλεῖσθαι
2819 3011 2880 3064 τὸ
2925 3010 3093 3081 ὄνομα
3163 3012 3368 3082 Κυρίου
3420 3010 3515 3064 τοῦ
3563 3010 3721 3064 Θεοῦ.»

2177 3101 2348 3156 Τοῦτο
2369 3102 2424 3154 δὲ
2449 3101 2599 3173 δηλοῖ
2613 3101 2673 3153 τὺ
2705 3101 2906 3172 μηδένα
2937 3099 3074 3171 πλὴν
3107 3100 3213 3153 τῶν
3259 3102 3518 3155 ἁπάντων
3544 3101 3628 3152 τὸν
3645 3099 3726 3169 δη-

2182 3194 2441 3265 μιουργὸν
2473 3193 2737 3264 δεσπότην
2770 3191 2904 3263 ὁμοῦ
2936 3193 3030 3245 καὶ
3065 3191 3193 3244 Θεὸν
3221 3192 3328 3246 τῶν
3370 3193 3507 3246 ὅλων
3532 3191 3726 3262 ἐπιγράμ-

2177 3285 2403 3356 ψασθαι.
2430 3286 2731 3339 Πεπεῖσθαι
2755 3285 2862 3356 γὰρ
2889 3284 3050 3337 αὐτὸν
3098 3284 3159 3336 ού
3193 3286 3350 3354 μόνον
3391 3287 3634 3355 ποιητικῇ
3651 3284 3725 3335 δυ-

2177 3381 2337 3450 νάμει
2367 3374 2424 3432 εὗ
2457 3380 2550 3431 καὶ
2581 3381 2636 3431 ὲν
2667 3379 2856 3448 κόσμῳ
2897 3377 2957 3430 τὸ
3007 3379 3116 3430 πᾶν
3179 3377 3586 3440 διατεθεικέναι,
3619 3373 3729 3429 ἀλλὰ

2179 3471 2273 3525 καὶ
2300 3469 2559 3524 δεσπότου
2589 3469 2766 3541 δίκην,
2789 3469 2864 3532 ὡς
2894 3469 2959 3523 ἂν
2986 3469 3226 3540 μεγάλης
3250 3468 3481 3534 πόλεως,
3509 3468 3596 3522 τοῦ
3623 3467 3728 3536 etip-

2104 3597 2145 3654 Ο
2182 3579 2380 3625 παντος
2414 3559 2706 3632 κυριεύειν,
2761 3563 3064 3630 οἰκονομεῖν
3115 3578 3174 3613 τε
3234 3561 3328 3613 καὶ
3366 3561 3726 3614 οἰκοδεσποτεῖν

2179 3652 2313 3724 ὁμοῦ
2339 3653 2432 3706 καὶ
2459 3652 2661 3723 Κύριον
2687 3652 2815 3706 ὅντα
2835 3653 2929 3704 καὶ
2953 3651 3194 3722 βασιλέα,
3223 3654 3317 3705 καὶ
3357 3652 3511 3706 Θεόν·
3545 3645 3600 3705 οὗ
3648 3651 3726 3721 τὴν

2176 3744 2250 3808 ὼς
2275 3745 2481 3816 Κυρίου
2541 3745 2634 3797 καὶ
2687 3743 2821 3796 Θεοῦ
2871 3743 3077 3796 ἔννοιάν
3128 3761 3187 3800 τε
3239 3745 3333 3797 καὶ
3387 3743 3726 3816 προσηγορίαν

2178 3835 2393 3908 πρῶτος
2429 3839 2456 3890 ὁ
2488 3835 2812 3908 δηλούμενος
2871 3835 3122 3907 θεοφιλὴς
3180 3838 3236 3889 ἐν
3284 3835 3360 3906 νῷ
3413 3837 3722 3908 βαλλόμενος,

2177 3926 2298 3979 ἀντὶ
2321 3926 2502 3998 πάσης
2533 3927 2841 3998 ὑπάρξεως,
2864 3927 2957 3980 καὶ
2986 3928 3377 3998 προσηγορίας,
3413 3930 3506 3982 καὶ
3536 3944 3723 3998 περιουο

2179 4018 2319 4082 σίας,
2353 4019 2550 4089 μᾶλλον
2591 4019 2649 4072 δὲ
2691 4019 2810 4071 ἀντὶ
2857 4017 3052 4081 παντὸς
3074 4017 3277 4086 ἀγαθοῦ
3321 4037 3338 4068 ι
3370 4018 3592 4089 ἤλπισεν
3631 4019 3725 4068 ἐπι-

2177 4105 2455 4161 καλεῖσθαι
2486 4107 2545 4160 τὸ
2569 4106 2741 4176 ὖνομα
2773 4106 2978 4178 Κυρίου
3005 4104 3099 4158 τοῦ
3130 4105 3286 4168 Θεοῦ,
3313 4125 3331 4158 ›
3365 4107 3553 4160 τοῦτον
3577 4101 3724 4173 ἑαυτῷ

2179 4195 2448 4267 θησαυρὸν
2471 4195 2690 4264 ἀγαθῶν
2719 4194 2897 4266 ψυχῆς
2927 4212 2987 4247 τε
3020 4194 3154 4266 ὁμοῦ
3185 4196 3279 4248 καὶ
3313 4196 3562 4265 σώματος
3586 4211 3724 4247 nemo

2180 4287 2452 4359 ρισμένος.
2491 4287 2642 4358 Παρὸ
2694 4287 2786 4340 καὶ
2824 4285 3038 4358 πρῶτος
3079 4285 3282 4359 ἀληθὴς
3309 4288 3586 4358 ἄνθρωπος
3609 4302 3720 4356 χρη·

2181 4379 2401 4450 ματίσαι
2425 4381 2556 4450 παρ’
2607 4378 2877 4450 Ἑϐραίοις
2927 4378 3361 4451 ἀναγέγραπται.
3408 4374 3722 4445 Κέκληταιδ⁹

2176 4466 2267 4524 οὖν
2306 4469 2490 4537 Ἐνὼς,
2517 4471 2651 4542 ὅπερ
2684 4471 2830 4524 ἐστὶν
2889 4469 3090 4540 ἀληθὴς
3130 4470 3436 4541 ἄνθρωπος,
3486 4467 3721 4534 εύθυϐόλῳ

2177 4561 2548 4634 προσωνυμίᾳ.
2574 4561 2706 4615 Οὐδὲ
2737 4562 2846 4633 γὰρ
2867 4561 3022 4616 ἄλλον
3053 4561 3212 4630 φασὶν
3257 4561 3430 4633 ἀληθῆ
3463 4561 3720 4631 προσήκειν

2176 4653 2426 4725 ἡγεῖσθαι
2467 4653 2561 4707 καὶ
2615 4653 2900 4724 ὀνομάζειν
2934 4652 3218 4724 ἄνθρωπον
3251 4653 3284 4722 ἢ
3314 4653 3408 4704 τὸν
3455 4650 3580 4704 Θεοῦ
3606 4644 3721 4716 γνὼ-

2179 4761 2316 4808 σεως
2343 4746 2436 4798 καὶ
2460 4746 2738 4810 εὐσεϐείας
2765 4747 3047 4818 ἐπήϐολον,
3071 4747 3162 4800 τὸν
3201 4746 3416 4814 ἀληθῶς
3457 4741 3718 4814 γνωστικδν

2177 4836 2310 4907 ὁμοῦ
2335 4838 2427 4890 καὶ
2453 4838 2671 4908 εὐσεϐῆ.
2701 4841 2822 4891 Ὅτι
2863 4838 2927 4910 δὴ
2979 4839 3107 4901 τοὺς
3135 4840 3208 4908 μὴ
3241 4837 3536 4900 τοιούτους,
3574 4835 3715 4905 θρεμ-

2107 4933 2152 4988 D
2185 4927 2366 4997 μάτων
2399 4929 2518 4980 κατ’
2555 4929 2706 4983 οὐδὲν
2726 4930 2935 4997 ἀλόγων
2981 4928 3357 4999 διαφέροντας,
3385 4925 3473 4983 οἶα
3507 4928 3591 4981 ἐπὶ
3634 4941 3716 4992 γα·

2186 5018 2351 5090 στέρα
2377 5021 2468 5072 καὶ
2489 5019 2678 5090 ἡδονὴν
2732 5025 2958 5093 πρηνεῖς
2998 5023 3521 5093 καταϐεϐλημένους,
3574 5020 3717 5090 Θῆρας

2186 5109 2383 5178 μᾶλλον
2437 5109 2467 5180 ἢ
2515 5109 2832 5180 ἀνθρώπους
2901 5116 2934 5184 ἡ
2978 5111 3241 5184 Ἐϐραίων
3293 5111 3577 5166 ἀποκαλεῖν
3595 5107 3716 5161 διδά-

2183 5216 2302 5252 σκει
2347 5201 2550 5272 γραφὴ,
2609 5204 2976 5276 κυριολεκτεῖν
3034 5206 3315 5276 εἰθισμένη
3353 5206 3450 5268 τὰς
3483 5217 3715 5276 προσηγφ

2182 5290 2323 5362 ρίας.
2365 5295 2513 5366 Παρὸ
2536 5296 2662 5359 τοὺς
2690 5297 2925 5350 τοιούσδε
2947 5298 3067 5352 τοτὲ
3093 5297 3191 5368 μὲν
3219 5297 3411 5360 λύκους
3442 5296 3532 5349 καὶ
3557 5293 3711 5354 κύνας.

2179 5384 2299 5436 τοτὲ
2335 5384 2390 5438 δὲ
2424 5386 2555 5450 σύας
2593 5388 2808 5459 φορυτῷ
2840 5389 3153 5460 χρωμένους
3198 5391 3291 5443 κα)⁸
3317 5390 3610 5460 χαίροντας,
3638 5380 3713 5436 καὶ

2181 5477 2340 5532 πάλιν
2363 5478 2585 5549 ἑρπετὰ,
2609 5483 2702 5534 καὶ
2735 5479 2906 5550 ὄφεις,
2959 5483 3072 5544 τοῖς
3129 5481 3228 5551 τῆς
3261 5481 3456 5543 κακίας
3488 5472 3711 5543 πολυτρό-

2181 5586 2301 5633 ποις
2324 5571 2576 5644 ἐμφερῶς
2608 5573 2792 5639 εἴδεσι,
2820 5572 3246 5645 προσαγορεύειν
3266 5572 3470 5627 εἴωθεν.
3495 5572 3553 5624 Εἰ
3570 5568 3619 5622 δὲ
3637 5563 3713 5620 καὶ
