1932 3193
91 169 132 198 εξι

642 165 791 195 PREPAR.
813 165 1012 196 EVANG.LIB.
1032 166 1088 197 VII.

1633 175 1684 203 .522

90 236 142 255 me
155 227 197 253 τὸν
210 227 294 253 κοινὸν
317 227 364 254 καὶ
378 227 460 255 πολὺν
475 227 626 263 ἄνθρωπον,
652 229 699 256 καὶ
721 229 752 256 τὸ
774 229 836 263 γένο

901 234 1066 258 consecutus
1084 234 1167 264 esset,
1190 231 1311 266 adeoque
1334 239 1396 259 vera
1422 236 1480 259 tum
1503 235 1685 269 cognoscendi

88 275 141 302 αὐτὸ
151 273 230 309 χρεὼν
242 273 418 309 διασημῆναι,
440 273 520 300 πάλιν
533 274 619 309 οίκείᾳ
641 275 688 302 καὶ
714 277 850 311 προσφυεῖ

87 319 193 356 χρωμένη
206 319 383 355 προσηγορίᾳ,
409 319 454 345 τὺν
471 319 559 346 πάντα
581 319 723 356 ἄνθρωπον
740 322 773 355 τῇ
799 319 847 347 τοῦ

91 366 162 400 Ἀδὰμ
174 364 311 400 ἐπωνυμία
327 365 479 400 σημαίνειν·
502 366 542 392 ὃτι
562 365 593 401 δὴ
618 365 696 392 τοῦτο
723 365 761 401 τῷ
782 374 849 402 προμ

85 413 142 446 γόνῳ
162 411 203 437 καὶ
216 412 324 438 πάντων
349 411 499 446 ἀνθρώπων
513 412 674 448 προπάτορι,
695 413 788 449 κύριον
811 412 849 440 εί-

85 467 118 484 ναι
129 458 169 484 καὶ
180 458 316 492 προσφυὲς
332 457 427 492 ὄνομα,
453 458 498 484 τὸν
519 459 622 494 γηγενῆ
650 459 755 494 δηλοῦν,
777 458 848 486 κατὰ

82 504 121 540 τὴν
135 505 169 535 είς
186 503 296 530 Ἐλλάδα
317 504 408 540 φωνὴν
429 504 588 539 μετάληψιν,
600 506 752 540 ὑποφαίνει.
768 506 801 532 Ὅ
815 509 849 540 γέ

82 559 114 577 τοι
131 549 204 580 Ἐνὼς
218 549 326 585 πρῶτος
338 550 468 584 θεοφιλῶν
498 551 561 586 παρ’
585 550 717 586 Ἑϐραίοις
742 551 848 587 ἱστόρη-

80 605 125 626 ται,
137 596 191 622 ἐπεὶ
204 595 311 631 πρῶτος
336 605 345 621 ι
359 596 491 623 Ἦλπισεν
505 597 692 623 ἐπικαλεῖσθαι
719 597 749 624 τὸ
761 597 846 633 ὄνομα

79 642 164 677 Κυρίου
181 641 226 667 τοῦ
242 640 322 673 Θεοῦ,
341 651 349 667 ι
363 642 393 667 τὺ
406 642 475 668 κατὰ
487 641 576 678 ψυχὴν
589 643 723 678 παριστὰς
739 644 846 678 λογικὸν

76 688 146 719 ὅντως
160 688 316 722 γνωστικὸν,
342 688 389 714 καὶ
404 689 453 724 τῆς
475 690 539 725 περὶ
560 689 591 716 τὸ
604 690 681 717 Θείον
706 692 845 723 εὐσεῆείας

76 734 276 769 ἐπιστημονικόν·
292 731 329 760 ὧν
341 734 371 760 τὸ
388 734 437 769 μὲν
465 734 573 771 πρῶτον
602 735 765 770 θεογνωσίας
780 736 845 772 ἀλη-

76 779 135 811 θοῦς,
151 779 178 805 τὸ
188 779 214 806 δὲ
228 779 355 815 δεύτερον
369 779 417 814 τῆς
431 779 471 811 είς
495 780 540 806 τὸν
560 781 761 815 ἐπιγνωσθέντα
779 782 844 808 om

75 824 164 856 ἐλπίδος
176 825 273 859 γένοιτ’
289 825 322 851 ἂν
333 825 530 853 ἁποδεικτικόν,
549 826 584 853 Τὸ
602 826 657 863 γὰρ
672 826 708 863 μὴ
719 827 844 863 παραμέ-

74 879 128 903 νειν,
145 871 202 906 μηδ’
212 872 240 898 ὲν
252 872 371 908 δευτέρῳ
382 872 501 899 τίθεσθαι
526 873 560 899 τὰ
571 873 621 908 τῆς
638 873 711 905 θείας
727 873 843 908 ἐπιγνώ-

902 275 1039 309 facultate.
1069 280 1127 303 tum
1161 276 1244 303 etiam
1274 276 1405 311 religione
1431 278 1569 313 praeditus,
1600 279 1683 307 alium

901 325 1030 356 praeterea
1053 322 1200 349 neminem.
1227 322 1293 349 Nam
1315 323 1361 357 qui
1379 323 1514 358 ejusmodi
1536 333 1590 352 non
1608 331 1683 359 sunt,

901 367 1002 402 quique
1020 368 1048 395 in
1061 373 1182 397 ventrem
1204 376 1236 397 ac
1257 369 1421 404 voluptatem
1441 370 1518 404 proni
1533 374 1560 397 et
1573 370 1683 405 abjecti,

900 413 968 439 nihil
982 421 998 440 a
1018 413 1110 445 brutis,
1120 414 1304 443 animantibus
1320 415 1449 443 diﬂ‘erunt
1464 425 1470 443 :
1485 423 1531 444 eos
1545 424 1609 444 vero
1627 417 1684 444 bel-

899 457 959 484 luas
972 458 1062 492 potius
1074 467 1155 493 quam
1175 459 1299 488 homines
1314 461 1490 495 appellandos
1506 460 1681 489 Hebraeorum

899 502 996 530 docent
1019 503 1125 536 litterae,
1150 512 1210 537 qua:
1225 513 1274 533 suo
1286 514 1423 541 quamque
1444 514 1501 533 rem
1524 515 1557 534 ac
1573 507 1683 542 proprio

898 548 1008 576 nomine
1026 549 1162 583 appellare
1185 550 1283 578 solent.
1304 551 1396 586 Itaque
1413 559 1499 587 genus
1521 552 1573 579 hoc
1593 552 1682 579 homi-

898 602 975 626 num,
988 595 1069 622 modo
1083 595 1162 631 lupos
1178 601 1204 624 et
1222 605 1315 631 canes,
1336 598 1417 625 modo
1435 606 1499 626 sues
1514 599 1681 633 quisquiliis,

897 639 1043 673 inhiantes,
1057 642 1138 668 modo
1154 647 1292 677 serpentes
1305 643 1386 670 etiam
1400 648 1425 670 ct
1440 651 1552 679 angues,
1569 652 1618 679 pro
1635 653 1681 672 va-

898 686 937 713 ria
953 691 979 713 et
1004 687 1146 721 multiplici
1166 688 1337 723 geminorum
1359 689 1535 723 amniumque
1550 690 1680 717 vitiorum

897 731 1012 763 ratione.
1038 740 1137 760 vocare
1157 739 1366 761 consueverant.
1386 733 1632 769 Quemadmodum,
1656 736 1679 763 si

898 777 1007 811 quando
1034 778 1076 805 vel
1106 778 1243 805 hominem
1266 779 1293 805 in
1322 779 1498 811 universum,
1526 780 1569 807 vel
1595 789 1680 816 genus

897 822 986 855 ipsum
1003 822 1144 849 hominum
1162 823 1304 857 designare
1326 831 1395 859 opus
1410 829 1462 857 est,
1481 825 1590 860 proprio
1607 826 1680 853 simi«

896 866 957 894 liter
974 872 1002 895 et
1022 868 1126 901 innato,
1146 869 1198 896 hoc
1220 873 1262 896 est
1283 869 1391 901 Adami,
1407 871 1517 898 nomine
1535 878 1630 898 omnes
1643 880 1676 899 ex

74 926 140 949 σεως,
154 919 194 944 ἀεὶ
206 918 234 944 δὲ
249 918 296 944 καί
309 918 352 945 διὰ
372 919 472 951 παντδς
485 919 602 951 ἐλπίζειν
615 919 802 946 ἐπικαλεῖσθαι
813 919 836 946 τί

894 921 972 947 aequo
985 913 1148 948 signiﬁcant.
1166 914 1270 950 Quippe
1286 915 1312 942 id
1327 916 1399 943 enim
1422 917 1637 952 nominis,quod
1654 918 1678 944 si

71 965 144 998 ὄνομα
155 965 254 1000 Κυρίου
268 965 315 991 τοῦ
326 965 404 998 Θεοῦ,
417 965 448 992 τὸ
469 966 516 1000 μὲν
525 966 562 997 ὼς
577 966 689 992 οίκετῶν
702 966 842 998 δεσπότου,

72 1010 96 1036 τὺ
108 1011 127 1036 δ’
140 1011 172 1042 ὡς
186 1011 250 1037 ἵλεω
266 1011 313 1038 καὶ
342 1011 444 1046 ἀγαθοῦ
466 1012 584 1047 Πατρὺς,
615 1012 686 1038 τοῦτ’
701 1011 733 1039 ἂν
751 1012 793 1048 εἴη
812 1013 844 1039 τὸ

72 1057 163 1083 πάντων
177 1057 376 1093 τρισμακάριον
389 1058 476 1090 τέλος.
497 1058 603 1084 roma:
622 1058 670 1093 μὲν
691 1056 737 1084 οὖν
749 1060 763 1085 ὁ
778 1059 842 1095 παρ’

76 1102 195 1138 Ὲεραίοις
211 1105 338 1138 εἰσῆκται
363 1103 482 1139 πρῶτος,
500 1104 546 1130 καὶ
561 1103 664 1139 ἀληθὴς
689 1104 841 1139 ἄνθρωπος,

70 1149 110 1182 οὐχ
127 1150 140 1175 ὁ
155 1150 272 1184 γηγενὴς
299 1150 412 1185 ἐπίκλην
431 1150 526 1185 Ἀδὰμ,
541 1150 573 1176 δι’
588 1151 696 1186 ἐντολῆς
707 1150 774 1177 Θεοῦ
788 1158 840 1176 πα-

71 1194 167 1228 ράῡασιν
178 1195 227 1229 τῆς
243 1195 298 1221 τῶν
325 1196 486 1231 κρειττόνων
501 1196 645 1223 ἀποπεσὼν
657 1196 768 1231 λήξεως·
784 1196 840 1222 ἀλλ’

68 1241 80 1266 ὁ
92 1240 209 1274 θεοξιλῶν
220 1241 383 1277 πρώτιστος,
397 1242 426 1273 ὃς
436 1252 445 1266 ί
454 1242 586 1269 Ἤλπισεν
601 1242 785 1269 ἐπικαλεῖσθαι
811 1243 841 1268 τὸ

69 1285 138 1320 ὗνομα
147 1287 249 1323 Κυρίου
266 1286 313 1313 τοῦ
327 1287 420 1314 Θεοῦ.»
438 1288 584 1322 Κρίναντες
600 1287 632 1323 δὴ
649 1288 696 1314 καὶ
707 1288 783 1314 αὐτοὶ
798 1288 840 1313 λο-

69 1333 144 1367 γιςμῷ
157 1333 284 1367 σὼςρρονι,
301 1334 331 1360 τὸ
345 1334 445 1360 τοιόνδε
463 1334 560 1368 ζηλοῦν
581 1335 773 1369 ἠγαπήσαμεν,
793 1334 840 1361 καὶ

67 1378 250 1412 ἀπεδεξάμεθα,
264 1378 303 1409 ὡς
327 1378 451 1413 λυσιτελῆ
473 1379 519 1404 καὶ
540 1378 746 1413 ὀφελιμωτὰτην
774 1379 839 1413 ἡμῖν

67 1423 106 1456 τὴν
118 1424 159 1449 τοῦ
179 1424 260 1458 λόγου
274 1424 410 1459 διήγησιν,
428 1423 509 1459 εὐχὴν
537 1424 643 1459 θέμενοι
668 1424 728 1450 κατ’
744 1424 788 1450 ἴσα
803 1426 836 1460 τῇ

67 1469 103 1495 τοῦ
114 1470 276 1505 ὄηλωθέντος
302 1470 386 1496 εἰκόνι
409 1470 439 1496 τὺ
462 1470 547 1505 ὖνομα
568 1469 614 1496 τοῦ
641 1469 694 1496 τῶν
712 1470 838 1496 ἁπάντων

64 1515 222 1552 Δημιουργοῧ
235 1524 265 1542 τε
283 1516 329 1543 καὶ
343 1516 478 1543 Δεσπότου
497 1516 565 1551 μετὰ
583 1515 693 1551 βεϐαίας
710 1516 757 1544 καὶ
771 1517 839 1551 ἀγα-

64 1561 105 1596 θῆς
114 1563 216 1594 ἐλπίδος
228 1562 423 1589 ἐπικαλεῖσθαι.
442 1562 522 1589 Ἀλλὰ
548 1562 602 1598 γὰρ
619 1562 688 1598 μετὰ
704 1562 749 1589 τὸν
760 1563 836 1598 είρη-

67 1607 132 1642 μένον
143 1608 222 1639 ἄλλος
243 1618 253 1634 ‹
270 1608 438 1643 εὺηρὲστησε
450 1607 490 1643 τῷ
504 1608 608 1643 Κυρίῳ,
626 1608 674 1634 καὶ
699 1608 748 1642 οὐχ
763 1607 836 1643 εὑρί-

65 1660 153 1685 um,-
167 1653 211 1685 ὥς
222 1663 290 1689 φησι.
309 1654 438 1689 Μωῦσῆς,
456 1663 465 1679 ι
477 1653 544 1680 διότι
560 1653 711 1689 μετέθηκεν
726 1654 807 1681 αὑτὸν
821 1655 836 1681 ό

63 1698 116 1731 Θεὸς
126 1709 134 1725 ›
148 1700 182 1726 δι’
195 1701 282 1735 ἄκραν
295 1700 395 1735 ἀρετῆς
421 1699 569 1726 τελείωσιν.
593 1699 756 1735 Δυσεύρετος
779 1699 834 1736 γὰρ

64 1745 112 1778 ὅγε
131 1745 210 1780 σοφὸς
225 1745 341 1780 ἀληθῶς.
357 1742 441 1777 Οὗτος
456 1745 479 1772 δ’
495 1745 527 1772 ἂν
539 1747 581 1781 εἴη
593 1746 608 1771 ό
623 1747 653 1772 ὲν
665 1745 703 1781 τῷ
719 1746 778 1781 Θεῷ
789 1746 833 1772 τέ-

63 1790 128 1823 λειος,
141 1793 154 1818 ὁ
167 1792 217 1827 τῆς
231 1791 286 1817 τῶν
311 1791 416 1818 πολλῶν
438 1790 579 1826 διατριϐῆς
598 1791 831 1826 μετατεθειμένος.

66 1836 91 1862 ’0
103 1836 151 1873 γὰρ
167 1837 205 1873 μὴ
220 1837 351 1869 τοιοῦτος,
368 1837 480 1872 ἀγορὰς,
500 1837 547 1863 καὶ
559 1837 729 1873 δικαστήρια,
741 1846 832 1873 καπη-

62 1881 122 1914 λείας
130 1892 156 1909 τε
183 1885 229 1910 καὶ
247 1884 392 1919 ἐμπορίας,
408 1884 456 1910 καὶ
482 1884 528 1911 τὸν
543 1884 626 1911 πολὺν
643 1884 720 1920 δχλον
751 1894 833 1921 μετα-

60 1927 159 1960 διώκων,
177 1929 330 1964 ὠθούμενος
355 1937 385 1955 τε
409 1930 456 1956 καὶ
481 1929 570 1961 ὠθῶν,
596 1930 677 1965 μέσος
701 1931 730 1957 ὲν
757 1931 833 1967 αὐτῷ

63 1973 144 2004 κακίας
157 1974 231 2008 βυθῷ
248 1974 435 2000 καταπίνεται.
460 1974 488 2001 '0
505 1974 526 2000 δ’
542 1975 595 2001 ὑπὸ
624 1975 691 2002 θεοῦ
708 1976 832 2012 ληφθεὶς,

63 2018 156 2045 καὶτῶν
171 2020 235 2055 τῇδε
252 2021 342 2046 ἐκεῖσε
360 2019 592 2055 μετατεθειμένος,
608 2021 713 2058 ἀφανὴς
725 2022 774 2057 μὲν
786 2023 832 2049 καὶ

61 2063 186 2099 ἀνεύρετος
208 2064 372 2101 ἀνθρώποις,
398 2064 457 2100 Θεῷ
469 2065 497 2092 δὲ
521 2066 596 2100 φίλος
622 2066 751 2100 γεγονὼς,
780 2067 833 2094 ὑπὸ

61 2108 115 2135 Θεοῦ
126 2111 342 2146 εὓρηταυτοῦτον
363 2112 447 2148 Ἑνὼχ
466 2113 602 2149 Ἑϐραίοις
628 2113 770 2149 ὀνομάζειν
785 2115 828 2149 (ρί-

60 2153 103 2181 λον.
115 2156 195 2192 Χάριν
207 2157 236 2184 δὲ
252 2156 319 2184 Θεοῦ
338 2158 463 2193 σημαίνοι
480 2158 513 2185 ἃν
530 2159 656 2194 τοῦνομα.
682 2160 736 2186 Καὶ
765 2161 829 2187 ταύ-

60 2208 98 2235 της
110 2202 250 2239 τοιγαροῦν
271 2203 308 2235 ὡς
323 2204 427 2240 ἀγαθῆς
449 2205 551 2236 εἰκόνος
578 2204 623 2231 τὸν
646 2205 702 2239 βίον
721 2205 828 2241 ζηλοῦν,

61 2248 175 2283 μακάριον
197 2247 267 2275 εἶναι
292 2250 466 2285 ἡγησάμεθα.
498 2250 595 2286 Τρίτος
621 2250 690 2286 μετὰ
716 2251 826 2283 τούτους
843 2263 864 2290 D

60 2296 211 2329 πάλινᾶλλος
226 2297 367 2333 ἄνθρωπος
394 2297 496 2330 δίκαιος
527 2298 665 2334 πεφηνὼς,
679 2299 692 2325 ὁ
709 2298 781 2330 Νῶε,
798 2300 826 2325 ὲν

60 2342 85 2377 τῇ
96 2344 167 2379 γενεᾷ
180 2344 262 2370 αὑτοῦ
278 2344 495 2380 μεμαρτύρηται.
512 2344 654 2380 Τεκμήρια
670 2344 697 2370 δὲ
713 2344 761 2371 καὶ
777 2344 826 2380 τῆς

59 2387 135 2415 τούτου
148 2389 320 2426 δικαιοσύνης
334 2389 376 2425 εἴη
404 2389 437 2416 ἂν
451 2389 523 2417 τάδε.
545 2390 632 2422 Πολὺς
646 2390 749 2426 αὐχμὸς
777 2390 825 2417 καὶ

59 2432 137 2467 γ’άᾷος
154 2435 269 2461 ὰλέκτου
284 2435 383 2467 κακίας
397 2435 428 2462 τὺ
445 2436 552 2462 πάντων
566 2435 716 2471 ἀνθρώπων
730 2444 823 2462 κατει-

58 2476 121 2513 λήφει
131 2481 214 2514 γένος·
230 2482 256 2508 οῖ
280 2490 309 2508 τε
333 2482 442 2508 πάντων
457 2481 509 2508 ἀνὰ
529 2482 615 2517 στόμα
631 2482 823 2517 θρυλλούμενοι

57 2524 161 2559 “firme;
177 2528 226 2559 τὰς
250 2529 290 2559 είς
306 2527 385 2564 δεῦρο
410 2528 546 2564 βοωμένας
563 2528 709 2563 θεομαχίας
733 2528 823 2560 ἀθέοις

59 2572 249 2601 ιαὶδυσσεόἐσιν
268 2575 464 2610 ἐγχειρήμασιν
488 2574 695 2609 ἀπειργάζοντο·
714 2575 764 2611 ἤδη
792 2575 821 2602 δὲ

59 2616 183 2653 ualuit-71;
199 2619 301 2645 τούτων
316 2619 448 2653 γενέσεως
457 2620 547 2651 αἴτιοι,
565 2619 620 2645 εἴτε
642 2620 713 2651 τινος
732 2620 822 2655 κρείτ-

59 2669 117 2694 τονος
127 2664 227 2700 μοίρας,
239 2665 256 2700 ἢ
274 2665 344 2692 κατὰ
356 2665 459 2700 θνητῶν
472 2665 561 2700 φύσιν,
577 2666 757 2701 ὑπάρξαντες,
771 2666 820 2693 εἴθ’

58 2706 159 2735 ὁπωσοῦν
170 2712 425 2746 κατεσκευασμένοι,
434 2713 489 2743 τοῖς
499 2712 528 2738 ἐν
544 2712 696 2747 ἀνθρώποις
710 2712 819 2748 περιέρ-

60 2759 95 2784 Tw
105 2753 266 2788 διδασκαλίας
279 2755 460 2792 ἀπάρξαντες,
477 2757 602 2792 γοητείας
615 2757 661 2783 καὶ
674 2757 724 2792 τῆς
736 2757 819 2792 ἄλλης

60 2801 202 2836 tempora-9
220 2803 384 2838 μαγγανείας
403 2803 603 2839 ὲπιτεχνήματα
621 2803 744 2838 λέγονται
762 2812 817 2831 πα·
841 2827 845 2830 .

88 2886 173 2917 “Gen.
184 2899 210 2922 v,
223 2890 266 2919 Ξῖ.

193 2946 286 2977 Pun.
312 2945 371 2976 Gn.
387 2945 469 2977 XX].

885 959 980 987 Graece
996 960 1135 992 reddatur,
1159 966 1253 987 natum
1275 968 1306 988 ex
1332 965 1404 988 terra
1425 966 1514 992 sonat,
1533 963 1621 997 primo
1639 963 1677 990 illi

893 1009 1053 1032 cunctorum
1076 1006 1218 1032 hominum
1230 1006 1336 1041 parenti
1350 1007 1490 1041 proprium
1506 1012 1587 1042 atque
1601 1016 1616 1035 a
1632 1016 1678 1035 na~

893 1054 953 1078 tura
972 1051 1031 1085 ipsa
1055 1051 1170 1078 inditum
1188 1052 1271 1079 fuisse
1292 1052 1399 1080 docent.
1419 1052 1492 1081 Enos
1511 1054 1593 1089 igitur
1616 1061 1678 1081 om-

892 1098 968 1124 nium
993 1098 1142 1132 principem
1175 1097 1349 1126 Hebraeorum
1380 1099 1492 1126 historia
1522 1099 1614 1126 divino
1641 1099 1677 1127 ab

892 1151 985 1171 amore
1006 1145 1188 1178 commendat,
1209 1145 1282 1179 quod
1309 1153 1372 1173 cum
1402 1146 1507 1180 primus
1533 1155 1542 1172 ‹
1559 1147 1677 1181 speravit

892 1189 1019 1216 invocare
1039 1197 1137 1216 nomen
1157 1190 1264 1218 Domini
1286 1191 1344 1225 Dei,
1361 1201 1369 1217 ι
1394 1192 1421 1219 in
1437 1198 1513 1227 parte
1531 1193 1614 1220 animi
1631 1201 1676 1220 ra-

890 1235 963 1261 tione
974 1236 1085 1269 prmdita
1098 1243 1152 1263 non
1164 1236 1245 1264 modo
1259 1245 1320 1264 vere
1331 1238 1522 1272 cognoscendi,
1534 1239 1581 1266 sed
1592 1238 1674 1266 etiam

891 1289 951 1316 quae
969 1281 1053 1308 Dcum
1070 1290 1154 1309 unum
1174 1283 1300 1320 intuetur
1316 1284 1455 1319 religionis
1473 1284 1629 1313 haurienda:
1642 1294 1676 1312 ac

890 1327 1071 1362 percipiendae
1092 1329 1146 1355 vim
1164 1330 1309 1356 exeruerit.
1326 1329 1450 1363 Quorum
1472 1330 1586 1357 alterum
1604 1339 1676 1358 verm.

891 1371 937 1399 Dei
951 1374 1062 1407 notitia),
1080 1375 1194 1401 alterum
1215 1375 1284 1410 spei,
1304 1383 1364 1410 quae
1379 1376 1404 1402 in
1422 1375 1476 1404 Deo
1498 1377 1548 1404 rite
1564 1378 1675 1412 cognito

888 1417 1066 1451 acquieseat,
1092 1423 1195 1445 certum
1223 1427 1256 1447 ac
1279 1420 1455 1454 perspicuum
1483 1427 1673 1456 argumentum:

889 1467 940 1491 est.
958 1462 1103 1498 Nunquam
1123 1464 1195 1491 enim
1211 1473 1271 1500 qua:
1294 1466 1413 1493 divinam
1438 1467 1471 1493 ad
1489 1467 1673 1502 cognitionem

889 1509 1036 1544 pertinent.
1050 1515 1099 1538 aut
1113 1510 1248 1546 negligere
1268 1511 1385 1546 penitus,
1402 1516 1450 1539 aut
1467 1513 1522 1539 ulla
1538 1521 1567 1540 re
1583 1518 1674 1548 poste-

890 1555 962 1583 riora
976 1555 1085 1587 ducere,
1105 1556 1152 1583 sed
1167 1556 1257 1591 potius
1270 1557 1297 1584 in
1316 1557 1422 1585 Domini
1437 1557 1495 1592 Dei,
1508 1558 1589 1585 modo
1612 1563 1674 1586 tan-

888 1609 970 1636 quam
997 1609 1138 1629 servorum
1164 1602 1278 1636 domini,
1306 1602 1388 1630 modo
1418 1608 1546 1639 tanquam
1575 1605 1672 1639 optimi

886 1647 1099 1683 suavissimique
1118 1649 1240 1683 parentis
1263 1649 1435 1684 implorando
1458 1650 1577 1683 nomine,
1594 1658 1669 1685 spem

884 1700 996 1721 omnem
1023 1694 1122 1721 habere
1141 1700 1326 1730 perpetuoque
1348 1695 1475 1728 deﬁxam,
1494 1696 1520 1723 id
1544 1704 1609 1723 vero
1630 1701 1671 1724 ter

885 1739 980 1767 beatus
994 1740 1148 1778 mortalium
1166 1741 1289 1768 omnium
1306 1741 1367 1768 ﬁnis
1382 1741 1444 1776 jure
1460 1749 1492 1769 ac
1506 1742 1602 1769 merito
1620 1742 1671 1770 ha-

884 1785 990 1814 beatur.
1008 1786 1149 1821 Ejusmodi
1166 1794 1231 1822 ergo
1250 1787 1367 1822 primum
1380 1795 1441 1815 esse
1456 1795 1605 1822 verumque
1622 1788 1672 1815 ho-

883 1831 984 1858 minem
1008 1828 1126 1859 Hebrazi'
1142 1836 1314 1865 statuerunt,
1338 1840 1392 1859 non
1418 1832 1533 1859 alterum
1556 1832 1632 1859 illum
1654 1841 1670 1860 ο

884 1881 956 1904 terra
977 1882 1082 1910 natum,
1108 1885 1188 1912 quem
1209 1878 1343 1904 Adamum
1373 1882 1482 1909 vocant,
1507 1877 1553 1912 qui
1576 1877 1668 1905 divina

882 1923 941 1958 iege
970 1923 1080 1955 violata,
1106 1923 1269 1950 eximiorum
1297 1931 1329 1950 ac
1356 1923 1506 1951 caelestium
1534 1923 1668 1950 bonorum

882 1969 1057 2004 possessione
1076 1969 1230 2001 exciderat;
1253 1968 1299 1995 sed
1316 1975 1379 1995 eum
1394 1969 1495 2003 potius.
1513 1969 1559 2002 qui
1574 1968 1667 1995 divino

882 2019 944 2041 ante
963 2014 1031 2041 alios
1045 2021 1139 2041 omnes
1152 2021 1245 2041 amore
1263 2021 1423 2046 succensus,
1438 2013 1520 2048 308
1533 2022 1542 2038 ι
1557 2012 1666 2041 Domini

881 2059 928 2086 Dei
947 2067 1045 2086 nomen
1068 2059 1195 2086 invocare
1215 2062 1381 2093 speraverat.
1396 2067 1405 2084 ι
1428 2057 1558 2085 Eumdem
1574 2058 1667 2093 itaque

880 2105 959 2133 nobis
980 2104 1140 2131 imitandum
1158 2111 1225 2131 sano
1243 2105 1403 2138 integroque
1422 2103 1526 2138 judicio
1543 2108 1666 2132 statuen-

880 2155 921 2177 tes
943 2150 993 2184 ipsi
1008 2157 1132 2184 quoque;
1150 2149 1189 2176 rei
1211 2148 1292 2184 hujus
1318 2148 1470 2180 historiam,
1492 2152 1522 2175 ut
1542 2149 1664 2184 apprime

880 2196 959 2223 nobis
977 2196 1081 2228 utilem,
1107 2195 1181 2222 omni
1198 2195 1288 2222 studio
1303 2194 1446 2229 complexi,
1465 2194 1516 2222 hoc
1538 2194 1619 2221 simul
1635 2195 1662 2222 in

879 2242 949 2268 votis
966 2241 1122 2272 habuimus,
1138 2244 1168 2267 ut
1190 2240 1256 2267 tanti
1275 2240 1324 2266 viri
1347 2240 1482 2274 exemplo,
1499 2240 1598 2267 summi
1619 2247 1663 2268 re-

878 2296 938 2314 rum
957 2288 1079 2314 omnium
1093 2286 1204 2321 Opiﬁcis
1220 2286 1383 2321 Dominique
1400 2294 1511 2317 nomen,
1527 2286 1660 2313 constanti

877 2333 994 2368 quadam
1026 2334 1188 2368 egregiaque
1206 2340 1253 2367 spe
1271 2332 1417 2367 implorare
1436 2332 1583 2367 possimus.
1601 2331 1660 2359 Jam

876 2386 941 2407 vero
961 2380 1110 2407 secundum
1127 2378 1210 2410 Eoos,
1245 2379 1315 2406 alius
1331 2377 1441 2412 quidam
1462 2387 1471 2403 ‹
1486 2378 1588 2412 placuit
1607 2377 1662 2403 Dn-

875 2425 961 2459 mino,
975 2430 1002 2453 et
1016 2433 1069 2453 non
1086 2425 1212 2452 inventus
1219 2428 1287 2457 est,»
1295 2423 1405 2457 utidem
1421 2422 1526 2458 Moyses
1541 2429 1660 2450 comme-

876 2476 965 2498 morat
978 2468 1102 2504 ",«quia
1112 2470 1249 2497 transtulit
1259 2477 1320 2496 eum
1341 2468 1413 2496 Deus
1429 2478 1438 2494 ι
1465 2469 1500 2495 ob
1523 2475 1659 2495 summam

854 2537 859 2540 .
877 2517 984 2544 virtutis
1007 2516 1067 2551 ejus
1092 2515 1297 2550 perfectionem.
1318 2514 1402 2541 Piane
1422 2514 1506 2545 enim,
1525 2513 1572 2548 qui
1595 2520 1662 2553 vere

875 2565 973 2600 sapiat,
987 2572 1058 2599 aegre
1074 2564 1219 2590 admodum
1238 2563 1355 2598 aliquem
1373 2562 1502 2596 reperias.
1518 2561 1660 2596 Ejusmodi

872 2615 963 2638 autem
978 2611 1001 2637 is
1016 2610 1125 2637 demum
1143 2614 1195 2641 est,
1217 2609 1263 2644 qui
1279 2617 1326 2636 sua
1344 2616 1405 2635 cum
1423 2608 1478 2635 Deo
1491 2603 1665 2652 perfectione:

872 2655 1047 2691 conjunctus,
1074 2663 1106 2682 ex
1130 2655 1271 2682 hominum
1299 2662 1358 2682 sese
1386 2662 1436 2682 usu
1464 2653 1663 2695 consortioque:

872 2701 1041 2729 subduxerit.
1055 2701 1186 2736 Quisquis
1201 2700 1272 2727 enim
1287 2700 1359 2727 aliud
1372 2699 1516 2727 consilium
1534 2699 1662 2749 secutus"?

872 2747 900 2775 in
918 2747 988 2779 fora,
1006 2747 1160 2779 tribunalia,
1178 2754 1326 2780 cauponas,
1349 2746 1496 2777 nundinas,
1522 2750 1603 2779 atque
1627 2744 1660 2771 in“

870 2793 1011 2820 hominum
1028 2793 1124 2828 vulgus
1147 2800 1204 2820 sese
1219 2792 1272 2825 (lat,
1287 2792 1309 2819 is
1322 2792 1386 2819 dum
1404 2791 1430 2818 in
1448 2792 1527 2818 turba
1548 2791 1600 2818 huc
1619 2789 1656 2819 il~.

1434 2946 1470 2975 17
