3864 6386
498 362 603 420 5‘23

497 482 694 549 lucque
714 474 969 545 jactatur,
997 466 1104 519 alto
1129 454 1493 530 improbitatis
1519 447 1730 523 gurgite
1755 451 1903 499 totus
1928 442 2067 495 hau-

498 577 658 631 ritur.
700 542 769 624 Ᾱι
800 566 893 636 qui
933 560 1113 617 divina
1154 552 1311 626 quasi
1359 561 1527 603 manu
1576 542 1900 604 subductus,
1947 544 2000 589 et
2035 548 2066 587 a

498 668 660 724 ﬂuxis
686 659 1015 725 caducisquc
1043 650 1205 706 rebus
1237 644 1303 699 ad
1344 637 1647 697 cmlestium
1692 643 1932 686 amorem
1958 635 2069 680 tra-

496 762 695 816 ductus
718 761 834 816 est;
869 757 929 804 ut
959 747 1026 799 ab
1054 736 1367 796 hominibus
1390 728 1562 786 videri
1592 741 1656 781 ac
1697 720 1923 793 reperiri
1956 732 2067 771 non

499 851 693 924 possit,
722 863 754 901 a
789 844 898 897 Deo
936 850 1137 896 tamen,
1171 831 1328 899 cujus
1373 826 1426 880 in
1473 818 1770 877 amicitiam
1800 809 2068 869 transcri-

1135 921 1172 924 _
1555 912 1565 922 ,
1730 904 1798 924 η-
1829 904 1911 924 AL
1970 916 2033 924 η

502 904 621 924 τηε
681 904 693 914 ,

500 952 627 1014 ptus
662 945 764 1000 est,
811 929 1100 986 invenitur.
1134 921 1270 975 Eum
1312 929 1476 987 porro
1518 912 1696 965 virum
1728 904 1917 960 Enoch
1969 916 2067 970 ap-

501 1004 703 1106 pellare
728 1024 937 1081 Hebrmi
974 1020 1169 1081 solent,
1201 1027 1323 1085 quae
1348 1021 1451 1063 vox
1482 1004 1723 1061 divinam
1759 1004 1918 1055 sonat
1945 1008 2067 1064 gra-

503 1088 656 1183 iiam.
685 1122 797 1177 Nos
826 1126 1007 1175 autem
1042 1110 1206 1181 hujus
1239 1118 1457 1177 quoque
1485 1101 1675 1160 vitam,
1709 1101 1769 1148 ut
1800 1088 2071 1146 excellen-

504 1233 611 1275 tem
642 1212 860 1270 virtutis
902 1204 1191 1275 imaginem
1238 1189 1657 1253 consectandam
1710 1182 1869 1238 nobis
1900 1192 2072 1233 aemu-

505 1309 835 1374 landamque
901 1270 1232 1369 putavimus.
1305 1284 1526 1340 Exstitit
1585 1276 1778 1335 deinde
1839 1270 2071 1330 tertius,

506 1417 667 1473 quem
722 1398 820 1451 «in
875 1406 974 1448 sua
1020 1383 1367 1459 generatione
1400 1398 1417 1430 ι
1479 1372 1790 1444 aequitatem
1838 1363 2076 1421 coluisse

508 1454 789 1563 S‘criptura
819 1454 1069 1540 testatur.
1105 1476 1229 1530 Fuit
1270 1474 1317 1527 is
1354 1468 1614 1531 Noemus,
1647 1461 1806 1531 cujus
1852 1454 2075 1525 integri-

508 1587 605 1641 tati
634 1548 869 1651 sequens
899 1576 1276 1644 argumentum
1308 1560 1520 1633 egregie
1545 1555 1894 1624 suffragatur.
1922 1548 2076 1601 Altus

508 1638 731 1749 quidam
779 1638 1001 1725 sceleris
1044 1658 1251 1716 infandi
1292 1654 1513 1726 squalor
1554 1658 1608 1704 et
1655 1645 1850 1715 caligo,
1900 1638 2077 1694 homi-

1166 337 1437 398 EUSEBII
1474 322 1951 389 CESARIENSIS
1989 318 2138 375 OPP.
2180 311 2363 371 PARS
2397 309 2460 366 II.
2498 333 2566 349 --
2603 294 3105 360 APOLOGETICA.
3616 283 3700 340 se:

2096 445 2144 501 Α
2174 431 2421 507 ραδοῦναι
2446 426 2524 497 τῷ
2578 424 2697 495 βίῳ’
2750 420 2891 474 ὥστε
2942 414 3051 467 πᾶν
3097 408 3159 463 τὸ
3200 405 3534 478 ἀνθρώπειον
3573 400 3703 470 γένος

2174 495 2300 599 μιᾶς
2324 522 2428 576 ὑπὸ
2449 495 2629 590 ψῆφον
2668 510 2920 584 γενέσθαι
2954 505 3106 577 παρὰ
3145 500 3262 571 Θεῷ
3288 498 3459 568 δίκης.
3503 496 3605 550 Καὶ
3654 495 3708 565 δὴ

2170 588 2383 672 πάντων
2412 588 2491 667 ἑνὶ
2518 588 2750 679 νεύματι
2778 596 3183 672 διαφθείρεσθαι
3231 592 3543 664 μελλόντων,
3575 588 3706 659 μόνος

2171 707 2250 773 εἷς
2282 699 2438 769 οὗτος
2469 707 2497 757 6
2520 702 2616 756 νῦν
2642 701 2771 770 ἡμῖν
2797 691 2953 766 δηλού
2965 707 3120 763 μενος
3149 706 3166 739 ι
3199 685 3402 746 δίκαιος
3448 684 3504 735 ὲν
3550 682 3611 750 τῇ
3638 696 3711 747 γε-

2171 804 2267 873 νεᾷ
2288 796 2451 855 αὐτοῦ
2486 796 2581 849 σὺν
2608 793 2704 847 καὶ
2754 790 2867 852 τοῖς
2920 783 3139 844 οἰκείοις
3187 778 3465 849 εῦρηται.ι
3518 772 3712 825 Πάντων

2172 863 2312 966 δῆτα
2336 892 2443 946 τῶν
2480 888 2572 944 ἐπὶ
2594 886 2698 956 γῆς
2726 876 3096 948 κατακλυσμῴ
3121 872 3293 927 διολλυ
3302 870 3494 941 μένων,
3522 867 3609 919 καὶ
3632 863 3713 933 τῆς

2174 957 2277 1055 γῆς
2306 983 2475 1052 αὐτῆς
2501 979 2708 1032 ὑδάτων
2764 972 2937 1042 ἀθρόᾳ.
2986 964 3291 1040 πλημμύρᾳ
3325 959 3434 1013 τῶν
3469 957 3714 1029 προτέρω.)

2174 1046 2358 1131 κακῶν
2391 1046 2923 1137 ἀποκαθαιρομένης,
2954 1061 2982 1112 6
3008 1055 3259 1127 θεοφιλὴς
3285 1053 3380 1105 σὺν
3416 1047 3594 1103 παισὶν
3622 1046 3718 1117 ἅμα

2175 1171 2267 1224 καὶ
2289 1164 2501 1238 γυναιξὶ
2524 1161 2601 1233 τῷ
2635 1157 2774 1232 μετὰ
2797 1154 2969 1210 ταῦτα
2993 1151 3090 1222 βίῳ
3116 1147 3269 1212 ζώπυ
3280 1162 3367 1217 ρον
3395 1141 3606 1213 σπέρμα
3627 1155 3714 1191 παι

2179 1230 2525 1336 ραδονξότατον
2552 1230 2687 1328 πρός
2711 1250 2806 1305 τοῦ
2834 1247 2970 1301 Θεοῦ
3017 1245 3333 1315 τετήρηται.
3369 1236 3577 1288 Γένοιτο
3600 1232 3639 1284 δ’
3666 1230 3717 1284 ἂν

2176 1325 2268 1408 καὶ
2298 1325 2451 1413 οὗτος
2481 1325 2785 1420 ἀρχέτυπος
2810 1338 2993 1400 εἰκὼν,
3026 1335 3176 1401 ζῶσα
3208 1330 3301 1384 καὶ
3335 1327 3589 1399 ἔμψυχος,
3630 1325 3721 1385 τοῖς

2176 1446 2236 1512 ἐξ
2264 1442 2427 1499 αὐτοῦ
2451 1413 2834 1511 γεγενημένοις
2868 1430 3168 1498 ὑπόδειγμα
3221 1423 3420 1494 τρόπου
3479 1413 3721 1485 θεοφιλοῦς

2178 1504 2611 1608 παρεσχημένος.
2635 1504 2755 1583 ⁷Καὶ
2810 1524 2859 1577 οἱ
2897 1523 2992 1593 μὲν
3056 1518 3161 1589 πρὸ
3215 1514 3309 1567 τοῦ
3368 1504 3721 1576 κατακλυσμοῦ

2178 1628 2389 1682 τοιοίδε·
2421 1625 2471 1677 oi
2498 1623 2553 1675 δὲ
2586 1618 2723 1692 μετὰ
2757 1615 2946 1670 τοῦτον
2999 1613 3084 1665 ἐπ’
3139 1606 3390 1677 εὐσεϐείᾳ
3437 1602 3723 1673 διαπρεπεῖς

2180 1717 2326 1772 ἄλλοι
2348 1713 2530 1776 πάλιν,
2564 1691 2638 1764 ῶν
2669 1708 2768 1779 τὴν
2798 1706 3017 1777 μνήμην
3044 1701 3112 1754 τὰ
3144 1698 3265 1769 ἱερὰ
3295 1691 3543 1756 διασώζει
3572 1691 3719 1757 λόγια.

2108 1794 2149 1848 Β
2179 1808 2393 1864 Τούτων
2412 1822 2495 1869 τις
2530 1803 2706 1874 ἱερεὺς
2743 1798 3021 1869 ἁνείρηται
3050 1792 3142 1846 τοῦ
3172 1790 3397 1859 ὑψίστου
3443 1782 3592 1847 Θεοῦ,
3629 1783 3723 1846 ,βα-

2180 1898 2384 1964 σιλεὺς
2409 1873 2634 1958 δίκαιος
2662 1894 2727 1963 τῇ
2743 1888 3006 1959 Ἐϐραίων
3028 1879 3369 1955 προσηγορίᾳ
3399 1873 3723 1949 χρηματίσας.

2182 1992 2403 2053 Τούτοις
2436 1989 2500 2060 δὴ
2524 1986 2688 2039 πᾶσιν
2708 1982 2831 2037 οὐδὲ
2859 1975 2938 2043 εἷς
2974 1977 3222 2048 σώματος
3275 1968 3573 2043 περιτομῆς
3600 1966 3727 2032 λόγος

2182 2081 2271 2157 ἦν,
2301 2082 2413 2137 ἀλλ’
2445 2059 2566 2135 οὐδὲ
2585 2078 2693 2132 τῶν
2724 2071 3001 2135 Μωῦσέως
3038 2065 3345 2124 Ἰουδαϊκῶν
3371 2059 3731 2133 παραγγελμά-

2183 2152 2311 2231 των.
2363 2174 2560 2242 Διόπερ
2617 2168 2815 2229 αὐτοὺς
2849 2163 2971 2217 οὐδὲ
3012 2159 3297 2220 Ἰουδαίους
3337 2156 3504 2224 φάναι
3534 2152 3729 2211 δίκαιον,

2185 2270 2305 2323 ούδέ
2336 2284 2402 2337 γε
2434 2264 2722 2334 Ἕλληνας,
2771 2260 2852 2312 ὅτι
2915 2254 3049 2327 μηδὲ
3108 2251 3325 2312 πλείους
3387 2247 3539 2308 θεοὺς
3562 2242 3729 2313 ὁμοίως

2192 2332 2447 2431 Ἕλλησιν
2475 2358 2508 2427 ἢ
2534 2332 2645 2418 τοῖς
2670 2352 2875 2411 λοιποῖς
2906 2347 3112 2400 ἔθνεσιν
3134 2342 3387 2416 ἡγοῦντο.
3422 2337 3643 2406 Ἑϐραῖοι
3690 2332 3724 2383 δ’

2189 2454 2256 2508 ἂν
2280 2420 2611 2524 κυριώτερον
2634 2440 2997 2514 ἐπικληθεῖεν,
3029 2439 3146 2510 ἦτοι
3179 2432 3330 2505 παρὰ
3365 2430 3458 2484 τὸν
3486 2426 3659 2497 Ἐϐερ,
3700 2420 3726 2491 ἢ

2189 2546 2283 2601 καὶ
2305 2517 2501 2616 μάλλον
2525 2517 2687 2610 παρὰ
2728 2536 2824 2608 τὴν
2877 2531 3167 2605 ἑρμηνείαν
3218 2526 3319 2596 τῆς
3376 2517 3728 2593 προσηγορίας.

2190 2608 2484 2710 Περατικοὶ
2504 2608 2773 2704 γάρ-τινες
2803 2624 3214 2699 ὲρμηνεύονται,
3248 2620 3346 2690 τὴν
3373 2616 3482 2670 ἀπὸ
3510 2613 3611 2666 τῶν
3632 2608 3733 2679 τῇδε

2191 2701 2284 2782 ὲπῖ
2312 2726 2410 2798 τὴν
2431 2701 2525 2778 τοῦ
2552 2701 2657 2778 τῶν
2680 2721 2815 2774 ὅλων
2871 2716 3006 2771 Θεοῦ
3036 2712 3284 2768 διάϐασίν
3318 2726 3381 2762 τε
3425 2707 3517 2761 καὶ
3542 2701 3735 2771 θεωρίαν

2195 2796 2553 2890 στειλάμενοι.
2586 2815 2838 2875 Φυσικοῖς
2870 2809 2978 2881 γάρ
3004 2825 3084 2861 τοι
3117 2804 3423 2874 λογισμοῖς,
3471 2797 3561 2850 καὶ
3584 2796 3737 2864 νόμοκ

2192 2912 2480 2984 ἀγράφοις,
2504 2906 2604 2977 τὴν
2655 2903 2819 2975 ὀρθὴν
2876 2900 2976 2971 τῆς
3010 2897 3210 2970 ἀρετῆς
3258 2892 3626 2950 διευθύναντες
3660 2900 3737 2936 πο-

2197 2977 2468 3076 ρείαν-καὶ
2491 2998 2665 3070 πέραν
2691 2995 2798 3049 τῶν
2831 2992 3029 3065 σαρκὸς
3080 2987 3301 3061 ἡδονῶν,
3357 2985 3455 3038 ἐπὶ
3500 2982 3584 3035 τὸν
3626 2977 3736 3031 πάν-

1874 3075 2096 3164 issi-[nus
2123 3138 2164 3164 η
2200 3075 2362 3164 σοφον
2392 3091 2486 3146 καὶ
2517 3087 2740 3158 θεοσεϐῆ
2776 3084 2891 3156 βίον
2934 3080 3319 3152 διαϐεϐηκότες
3347 3075 3738 3146 ἀναγράφονται.

2212 3188 2301 3241 Ἐν
2328 3185 2393 3256 δὴ
2422 3182 2630 3245 τούτοις
2652 3182 2783 3252 ἡμῖν
2809 3178 2981 3232 ἅπασι
3010 3175 3105 3229 καὶ
3129 3175 3156 3225 6
3191 3169 3467 3243 βοώμενος
3494 3166 3583 3221 τοῦ
3632 3181 3741 3218 παν-

2200 3279 2290 3342 τὸς
2339 3247 2525 3339 ἔθνους
2581 3247 2852 3343 γεννᾶρχης
2914 3266 3164 3338 Ἀϐραὰμ
3218 3247 3741 3334 καταριθμείσθω·ᾧ

2204 3370 2471 3443 μαρτυρεί
2500 3366 2569 3420 τὰ
2586 3365 2742 3434 λόγια
2770 3359 3133 3430 δικαιοσύνην,
3165 3357 3224 3411 οὐ
3246 3356 3344 3427 τὴν
3386 3356 3451 3408 ἐκ
3481 3354 3632 3425 νόμου
3664 3350 3743 3403 πά-

2201 3464 2282 3517 λιν
2320 3461 2619 3523 Μωῦσέως,
2645 3460 2726 3512 ὅτι
2775 3456 2907 3528 μηδὲ
2930 3450 2995 3526 ἦν
3043 3471 3129 3507 πω
3161 3451 3303 3504 τότε·
3346 3448 3489 3521 μετὰ
3514 3446 3631 3517 γοῦν
3671 3443 3743 3495 τὸν

2215 3553 2465 3625 ’Δϐραὰμ
2519 3551 2717 3621 ἑϐδόμῃ
2780 3547 2943 3616 γενεᾷ
2990 3542 3229 3612 Μωῡσῆς
3267 3540 3600 3611 ἀναπέφηνεο
3633 3532 3743 3603 πλὴν

2203 3645 2339 3701 ἀλλὰ
2363 3644 2457 3698 κα)⁸
2486 3634 2640 3705 οὗτος
2664 3640 2867 3701 δίκαιος
2886 3636 2977 3690 καὶ
3005 3634 3231 3705 εὐσεϐὴς
3264 3628 3408 3685 εἷναί
3456 3647 3537 3692 τις
3564 3628 3746 3696 ἁνείρη-

2204 3756 2315 3805 ται,
2346 3739 2393 3790 εί
2423 3734 2514 3790 καί
2538 3751 2622 3798 τις
2651 3732 2809 3795 ἄλλος
2836 3729 3137 3800 ἀνείρηται,
3168 3729 3281 3790 τοῖς
3312 3724 3519 3780 ἄνωθεν
3551 3720 3744 3791 δεδηλω-

2210 3830 2392 3902 μένοις
2422 3824 2836 3898 παραπλησίως.
2885 3822 3046 3890 Λέγει
3070 3819 3115 3872 δ’
3161 3815 3252 3873 οὖν
3302 3819 3335 3888 ἡ
3378 3816 3585 3889 Γραφή·
3617 3832 3632 3864 ι
3660 3811 3744 3863 Καὶ

2207 3925 2525 3979 ἐπίστευσεν
2564 3917 2817 3988 Ἀϐραὰμ
2844 3914 2921 3985 τῷ
2940 3911 3081 3983 Θεῷ,
3107 3911 3201 3964 καὶ
3230 3908 3487 3980 ἐλογίσθη
3515 3904 3648 3975 αὐτῷ
3684 3902 3745 3962 είς

2206 4013 2604 4082 δικαιοσύνην.»
2632 4007 2853 4077 Πατέρα
2871 4005 2936 4076 δὴ
2968 4002 3176 4057 πολλῶν
3225 4001 3395 4056 ἐθνῶν
3421 4003 3450 4054 6
3481 4000 3611 4061 θεῖος
3636 4011 3745 4066 χρη-

2213 4110 2347 4181 σμὸς
2372 4106 2556 4160 τοῦτον
2587 4100 2805 4155 ἔσεσθαι
2830 4097 3215 4172 προαγορεύει,
3264 4092 3561 4165 διαρρήδην
3603 4104 3655 4140 τε
3685 4084 3748 4136 εύ-

2214 4175 2609 4269 λογηθήσεσθαι
2642 4192 2700 4244 ὲν
2751 4190 2901 4261 αὐτῷ
2969 4204 3101 4260 φησι
3146 4204 3165 4237 ι
3199 4185 3377 4239 πάντα
3408 4183 3477 4237 τὰ
3518 4181 3633 4250 ἔθνη
3669 4175 3748 4244 τῆς

2213 4268 2343 4361 γῆς,
2370 4289 2464 4342 καὶ
2499 4287 2678 4348 πάσας
2724 4282 2824 4347 τὰς
2876 4281 3101 4351 φυλάςοι
3138 4279 3399 4351 ἄντικρυς
3440 4276 3508 4329 τὰ
3542 4273 3628 4325 νῦν
3654 4268 3746 4322 καθ’

2214 4385 2359 4455 ἡμᾶς
2386 4377 2778 4450 συντελούμενα
2832 4374 3120 4439 θεσπίζων.
3168 4371 3305 4424 Ἀλλ’
3335 4370 3364 4422 ὃ
3407 4385 3471 4437 γε
3541 4362 3749 4434 Ἀϐραὰμ

2145 4487 2189 4544 ι)
2218 4473 2423 4534 ἐκεῖνος
2456 4469 2593 4541 μετὰ
2614 4468 2713 4538 τὴν
2759 4467 2816 4518 ὲν
2843 4462 3153 4536 δικαιοσύνῃ
3179 4460 3459 4513 τελείωσιν
3493 4455 3549 4509 ού
3575 4454 3650 4506 διὰ
3677 4449 3747 4501 τοῦ

2217 4563 2494 4625 Μωῦσέως
2518 4560 2705 4631 νόμου,
2736 4556 2823 4611 διὰ
2848 4557 2905 4610 δὲ
2922 4556 3155 4618 πίστεως
3173 4550 3608 4625 κατωρθωμένης
3631 4557 3654 4586 ι
3677 4544 3751 4597 αὖ·

2217 4656 2323 4727 τῷ,
2361 4652 2496 4725 μετά
2516 4626 2713 4721 γε’τὰς
2760 4644 3140 4717 ἀναγράπτους
3194 4641 3384 4704 θυσίας
3428 4638 3478 4703 δ,
3533 4626 3750 4697 ὲπάὖτῷ

2219 4751 2367 4822 γήρᾳ
2394 4746 2598 4819 μέλλων
2634 4742 2798 4797 παῖδα
2823 4740 3041 4811 γνήσιον
3069 4738 3268 4801 τεκεῖν,
3298 4733 3513 4806 πρῶτος
3538 4726 3749 4783 ἁπάντων

2396 4818 2641 4913 χρησμὸν
2664 4836 2724 4889 τὸ
2759 4834 2919 4904 σῶμα
2950 4829 3353 4901 περιτέμνεται,
3380 4825 3536 4879 τοῦτο
3563 4818 3750 4877 καὶτοῖς

2225 4936 2284 5000 ἐξ
2310 4910 2474 4988 αὐτοῦ
2491 4910 2861 5001 γεννωμένοις
2886 4921 3151 4975 ἐπιτελεῖν
3201 4919 3499 4990 παραδοὺς,
3548 4916 3646 4968 είτε
3690 4910 3752 4968 εἰς

2227 5027 2439 5099 ἐμφανῆ
2463 5023 2759 5095 σημείωσιν
2806 5018 2904 5087 τῆς
2942 5013 3053 5067 τῶν
3100 5001 3158 5079 ἕξ
3190 5009 3355 5065 αὐτοῦ
3392 5007 3590 5062 παίδων
3624 5000 3750 5055 πολυ-

2227 5088 2649 5190 πληθείας,ἐί’τε
2685 5109 2777 5165 καὶ
2796 5107 2871 5171 ὡς
2897 5105 3069 5177 ἔχοιεν
3092 5105 3142 5157 οἱ
3177 5103 3364 5165 παῖδες
3395 5101 3614 5170 πάτριον

509 1785 641 1826 num
696 1778 867 1837 genus
932 1760 1227 1824 occuparat
1273 1738 1911 1808 urtiversuszigautes
1959 1744 2077 1785 om-

509 1862 663 1917 nium
694 1872 790 1913 ore
815 1851 1025 1925 jactati,
1058 1846 1225 1917 impio
1255 1838 1626 1906 sacrilegoque
1669 1843 1829 1891 ausu,
1863 1839 1927 1879 ea
1957 1836 2078 1893 quae

512 1956 620 2011 huc
654 1964 829 2020 usque
858 1958 1020 2001 nemo
1046 1956 1154 1995 non
1195 1934 1457 2004 loquitur,
1490 1941 1614 1981 cum
1649 1924 1760 1976 Deo
1783 1918 1925 1975 bella
1958 1930 2081 1970 sus-

520 2052 779 2117 ceperant
810 2060 822 2096 :
855 2040 968 2109 jam
1009 2035 1229 2090 illorum
1275 2026 1439 2081 etiam
1472 2024 1764 2091 parentes,
1814 2025 1911 2067 seu
1945 2022 2081 2063 con-

512 2138 738 2195 ditionis
805 2127 1090 2201 cujusdam
1154 2118 1465 2177 mortalium
1535 2118 1731 2165 natura
1787 2098 2082 2173 superioris

512 2240 689 2295 erant,
726 2242 820 2283 seu
848 2231 1175 2294 quacunque
1205 2210 1424 2269 tandem
1461 2204 1673 2261 ratione
1698 2197 1823 2263 sati,
1854 2194 2086 2251 curiosae

517 2323 652 2378 artis
690 2316 897 2373 semina
943 2312 1082 2364 inter
1126 2303 1375 2361 homines
1402 2297 1668 2368 iecerant,
1724 2298 1887 2357 atque
1924 2298 2086 2347 omne

514 2409 910 2485 praestigiarum
944 2397 1443 2460 maleficiorumque
1470 2401 1642 2458 genus
1678 2383 1733 2437 in
1772 2392 1959 2435 eorum
1991 2390 2085 2429 so-

518 2508 766 2562 eictatem
800 2500 1135 2554 invexerant.
1164 2488 1241 2542 lta
1272 2480 1538 2554 quidquid
1567 2476 1769 2545 ubique
1805 2469 2087 2526 hominum

519 2609 660 2662 erat,
703 2608 827 2650 cum
867 2589 1055 2645 eadem
1086 2600 1116 2637 a
1149 2580 1258 2635 Deo
1292 2572 1557 2631 sententia
1604 2563 1971 2623 damnandum
2002 2573 2091 2615 es-

521 2700 622 2753 set,
650 2688 872 2759 jamque
895 2680 1036 2735 idem
1064 2673 1262 2745 pariter
1287 2665 1540 2722 omnibus
1570 2672 1788 2728 unoque
1815 2659 2090 2711 momento

522 2782 751 2839 exitium
785 2773 1096 2830 immineret
1124 2786 1137 2820 :
1166 2777 1311 2818 unus
1350 2758 1438 2813 ille
1458 2770 1591 2811 cum
1620 2752 1759 2817 suis,
1793 2746 1974 2818 quode
2010 2746 2093 2800 lo-

522 2875 768 2946 quimur,
811 2886 829 2918 ι
851 2867 1033 2937 justus
1066 2861 1119 2913 in
1151 2852 1500 2928 generatione
1534 2861 1632 2902 sua
1662 2850 1909 2913 repertus
1938 2844 2040 2894 est.
2066 2854 2085 2888 ι

525 2964 754 3022 Cunctis
784 2972 934 3029 ergo,
974 2968 1096 3025 quae
1124 2958 1392 3004 terrarum
1427 2938 1635 2996 ambitu
1673 2931 2095 2990 continebantur

526 3246 693 3319 309
722 3257 845 3299 cum
895 3236 1082 3293 liberis
1105 3230 1268 3287 simul
1305 3234 1359 3281 et
1390 3218 1672 3279 uxoribus,
1710 3225 1913 3269 novum
1941 3208 2100 3278 plane

528 3356 672 3397 novo
715 3336 999 3393 hominum
1035 3324 1218 3397 generi
1257 3315 1545 3375 excitando
1578 3304 1980 3374 animandoque
2013 3316 2099 3357 se-

529 3449 679 3498 men,
727 3426 969 3498 ejusdem
1022 3430 1248 3474 munere
1295 3407 1665 3474 beneficioque
1711 3405 1958 3455 servatus
1998 3400 2097 3449 est.

531 3527 739 3596 Dignus
770 3530 824 3575 et
854 3521 969 3587 ipse
994 3511 1258 3584 profecto,
1291 3516 1453 3575 quem
1486 3506 1547 3553 ut
1574 3496 1756 3550 vivum
1794 3506 1859 3546 ac
1886 3488 2102 3559 spirans

529 3615 753 3672 virtutis
774 3621 828 3667 et
857 3604 1138 3678 religionis
1167 3595 1463 3666 exemplar,
1490 3586 1696 3660 posteri
1721 3595 2105 3645 omlnesaamu—

532 3714 736 3768 lentur.
778 3675 1046 3774 Atquevhi
1091 3703 1217 3750 ante
1254 3686 1443 3746 diluvii
1486 3693 1733 3751 tempora
1776 3675 2101 3731 floruerunt.

531 3800 805 3859 Exstitere
847 3769 937 3848 alii
985 3796 1193 3860 postea,
1237 3784 1437 3853 pietate
1479 3773 1689 3831 nobiles
1717 3769 1820 3840 ipsi
1864 3778 2101 3837 quoque,

533 3905 767 3965 quorum
807 3881 1074 3941 memoria
1123 3875 1295 3933 sacris
1324 3870 1487 3927 etiam
1528 3862 1743 3937 paginis
1786 3865 2106 3915 conservata

534 3992 739 4041 manet.
775 3978 926 4045 Quos
966 3975 1107 4028 inter
1145 3966 1403 4025 sacerdos
1426 3960 1647 4032 quidam
1682 3952 1881 4011 summi
1922 3947 2109 4003 Numi-

534 4081 623 4133 nis
650 4082 866 4132 creatus
888 4079 991 4134 est,
1018 4078 1179 4135 quem
1202 4060 1411 4129 justum
1437 4067 1607 4123 regem
1629 4048 1857 4103 Hebraeo
1887 4041 2106 4097 nomine

537 4171 903 4243 appellarunt.
933 4163 1199 4218 Caeterum
1232 4151 1373 4223 apud
1416 4149 1536 4202 illos
1570 4157 1783 4208 omnes,
1815 4140 1881 4195 de
1914 4149 2108 4204 corpo-

537 4280 629 4321 rea
657 4255 1077 4319 circumcisione
1108 4247 1336 4303 verbum
1376 4239 1598 4296 omnino
1629 4233 1863 4297 nullum,
1897 4227 2109 4284 nullum

536 4370 749 4417 earum,
797 4349 996 4419 quibus
1021 4341 1237 4398 Judaaos
1269 4334 1483 4405 Moyses
1514 4326 1767 4390 instituit,
1806 4322 1986 4391 legum
2019 4333 2111 4371 ve-

539 4448 781 4519 stigium.
817 4441 997 4506 Quare
1021 4433 1240 4489 Iudaeos
1268 4428 1393 4481 Illos
1423 4431 1759 4483 nuncupare,
1789 4426 1977 4467 verum
2003 4408 2110 4463 uti-

539 4500 645 4519 --κο
682 4500 687 4501 κ
826 4500 858 4506 .-

539 4554 649 4611 que
695 4551 800 4590 non
837 4530 1035 4594 fuerit;
1063 4525 1285 4580 Graecos
1330 4525 1511 4572 autem
1562 4509 1733 4565 multo
1778 4505 1982 4567 minus,
2018 4500 2114 4572 qui

541 4646 652 4688 non
705 4628 1018 4682 Graecorum
1070 4626 1163 4672 aut
1206 4620 1527 4670 cmterorum
1561 4602 1887 4674 populorum
1938 4606 2113 4654 more,

540 4718 769 4775 deorum
830 4707 1236 4765 multitudinem
1293 4694 1617 4755 invexerint.
1690 4689 1945 4743 Hebraeos
1990 4694 2117 4737 vero

485 4816 499 4825 ‘
541 4811 745 4883 justius
774 4800 1155 4876 appellaveris,
1188 4796 1302 4852 sive
1348 4792 1417 4847 ab
1455 4788 1667 4843 Hebero
1693 4796 1890 4839 nomen
1925 4778 2116 4837 ducas,

546 4908 663 4962 sive
710 4902 892 4973 potius
946 4912 977 4950 a
1011 4892 1161 4949 vocis
1201 4888 1348 4942 illius
1397 4878 1815 4954 significatione.
1856 4871 2129 4927 Hebraeos

543 4998 714 5059 enim,
742 4991 901 5063 quasi
928 4990 1279 5045 transeuntes,
1317 4970 1663 5043 interpretari
1706 4963 1887 5037 possis
1921 4980 1934 5017 :
1968 4958 2061 5030 qui
2090 4972 2122 5011 a

546 5099 820 5144 terrarum
866 5076 1229 5141 commercio,
1264 5071 1330 5125 ad
1361 5063 1710 5139 praepotentis
1753 5057 1847 5111 Dei
1879 5060 2123 5110 contem-

548 5182 846 5253 plationem
901 5169 1238 5228 transierint.
1280 5158 1565 5234 Ejusmodi
1619 5155 1764 5210 enim
1816 5162 1912 5204 eos
1953 5143 2125 5199 fuisse

550 5184 846 5253 plationem
901 5184 1238 5228 transierint.
1282 5184 1565 5234 njusulum
1619 5184 1764 5210 cuuu
1816 5184 1912 5204 Ws
1956 5184 2091 5199 ...μιν

550 5282 783 5327 testatur
815 5264 1069 5329 historia,
1103 5259 1198 5331 qui
1242 5257 1407 5311 unius
1441 5268 1470 5305 a
1515 5258 1709 5303 natura
1742 5242 1928 5297 inditae
1964 5236 2091 5292 ratir

2231 5229 2420 5287 ρισμα,
2442 5211 2559 5281 ἦτοι
2587 5203 2825 5277 βιοῦντες
2857 5200 2997 5255 κατὰ
3028 5197 3119 5252 τὸν
3158 5195 3267 5249 τῶν
3295 5191 3565 5267 προγόνων
3605 5184 3748 5255 ζῆλον.

2229 5307 2259 5331 ,ιι
2291 5309 2386 5331 .3-
2418 5302 2639 5331 L..-l..._m
2691 5298 2891 5331 Anan-3m
2922 5290 3357 5331 ἢηρηλςιπόηρυου
3399 5284 3506 5331 εἴτε
3533 5279 3641 5331 καθ’
3661 5272 3748 5328 ἑτέ·

553 5282 783 5327 testatur
815 5272 1069 5329 historia,
1103 5276 1198 5331 qui
1242 5272 1407 5311 unius
1441 5272 1470 5305 a
1515 5272 1709 5303 natura
1744 5272 1928 5297 unum;
1968 5272 2091 5292 ια...

553 5366 663 5431 nis,
698 5365 987 5432 legumque
1020 5354 1223 5422 scripto
1262 5349 1412 5403 nullo
1462 5338 1986 5410 comprehensarum
2020 5328 2091 5383 du

2228 5307 2263 5379 ἦ
2290 5309 2386 5377 τῆς
2418 5302 2639 5357 ἐκείνων
2690 5298 2891 5369 ἀρετῆς
2922 5290 3357 5361 ἀπολειπόμενον
3399 5284 3506 5339 εἴτε
3533 5279 3641 5335 καθ’
3661 5272 3749 5328 ἐτέ-

2237 5416 2333 5432 nm-
2364 5389 2756 5432 ητηηκηητ-ητηῦν
2790 5387 2986 5432 αἰτίας-
3016 5382 3083 5432 ἃς
3101 5383 3162 5432 οὐ
3208 5379 3305 5432 νῦν
3330 5375 3490 5432 σγολὴ
3516 5373 3749 5432 πολυπρα-

555 5373 663 5431 nis,
698 5373 987 5432 legumque
1020 5373 1223 5422 SCl‘Ipw
1262 5373 1412 5403 nunu
1462 5373 1986 5410 υυιιιμιῠιιιιησυηυ-ιη
2022 5373 2091 5383 ..-

555 5468 668 5521 οιυ,
696 5466 749 5509 et
790 5463 995 5509 rectam
1036 5445 1253 5501 virtutis
1294 5443 1438 5496 viam
1470 5436 1697 5492 feliciter
1731 5433 2045 5488 tenuerunt,
2076 5438 2091 5475 ε

2235 5416 2333 5471 ρας
2364 5389 2756 5464 οἱασδηποτοῦν
2790 5387 2987 5451 αἰτίας,
3016 5382 3083 5447 ἃς
3101 5383 3162 5436 οὐ
3208 5379 3305 5435 νῦν
3330 5375 3491 5449 σχολὴ
3516 5373 3751 5436 «aitexpu-

2233 5490 2453 5521 ...ωηετη
2509 5484 2723 5521 Tantas..-
2758 5481 2855 5521 nam
2887 5474 2979 5521 ηὗν
3002 5476 3097 5521 καὶ
3150 5466 3302 5521 οὗτος
3336 5472 3413 5521 εἰς
3456 5465 3663 5521 μίμησιν
3681 5457 3751 5507 ὲκ-

557 5468 668 5521 ctu,
696 5466 749 5509 et
790 5463 995 5509 rectam
1036 5457 1253 5501 virtutis
1294 5457 1438 5496 Viam
1470 5457 1697 5492 teucuer
1734 5457 2045 5488 ισιιυυιυηι,
2076 5457 2091 5475 ι

557 5565 751 5604 omnes
792 5540 1161 5615 praetergressi
1207 5534 1451 5605 corporis
1483 5529 1808 5595 voluptates,
1861 5520 1927 5573 ad
1960 5518 2091 5571 vitat

2233 5490 2473 5561 γμονεῖν.
2509 5484 2726 5538 Τοιόσδε
2758 5481 2855 5553 μὲν
2887 5474 2979 5532 οῦν
3002 5476 3097 5531 καὶ
3150 5466 3302 5535 οὗτος
3336 5472 3413 5532 είς
3456 5465 3663 5537 μίμησιν
3681 5457 3751 5507 ἐκ·

2234 5584 2497 5615 ,κτηευηρ-
2532 5576 2663 5615 ..τρὸ
2719 5575 2761 5615 δ’
2790 5572 2947 5615 αὐτὸν
3012 5566 3194 5615 Ἰσαὰκ
3223 5567 3320 5615 τῆς
3381 5556 3622 5615 πατρῴας
3643 5544 3751 5615 ὁμοῦ

559 5565 751 5604 omnes
792 5544 1161 5615 praetergressi
1207 5548 1451 5605 corporis
1483 5544 1808 5595 votuptates,
1861 5544 1927 5573 au
1964 5544 2088 5571 mu.

559 5640 826 5711 singulari
856 5652 979 5692 cum
1014 5629 1304 5704 sapientia,
1335 5637 1448 5681 tum
1472 5619 1732 5691 religione
1764 5614 2021 5681 cultuque
2047 5608 2091 5663 di

2234 5544 2497 5653 κείμενος·
2531 5576 2664 5649 μετὰ
2719 5544 2770 5629 δ’.
2790 5572 2947 5627 αὐτὸν
3012 5566 3194 5624 Ἰσαὰκ
3223 5567 3320 5637 τῆς
3381 5556 3622 5631 πατρῴας
3643 5544 3751 5621 ὀμοῦ

633 5816 658 5843 ⁸
684 5802 767 5856 lc.
799 5793 1251 5869 κατωρθωμένην.
1331 5788 1357 5827 ι’
1395 5802 1505 5855 πη,
1541 5776 1877 5848 θεοφανείας.
