3864 6386
174 297 270 376 δεξί’
1242 319 1566 382 regem.
1615 326 1651 380 E

1755 327 1865 384 NG.
1907 329 2034 387 LIB.
2077 331 2185 389 VII.

3238 341 3340 395 5‘26

171 438 434 509 θεογνωσίας
452 455 504 491 τε
536 436 626 494 καὶ
659 438 934 511 θεοφιλίας
979 432 1220 514 διάδοχος
1263 445 1651 513 ἀναδείκνυται,

1767 453 1894 506 vino
1921 463 2270 520 praestantem
2321 458 2742 513 transvolarunt.
2783 459 2960 530 Atque
2995 461 3098 516 hoc
3148 461 3203 515 in
3238 478 3341 516 nu-

171 531 324 601 xlﬁpdv
355 531 584 585 ἁπάντων
613 531 800 585 τοῦτον
820 534 1100 588 κάλλιστόν
1130 554 1189 589 τε
1227 539 1319 591 καὶ
1356 544 1665 612 τρισμακά-

167 639 256 696 ριον
273 622 347 677 τοῦ
396 623 586 693 πατρὸς
624 624 1046 696 διαδεδεγμένος.
1088 630 1202 700 Μιᾷ
1232 630 1420 686 τοῦτον
1453 637 1662 706 γαμετῇ

164 713 215 767 τά
231 713 322 767 θεῖά
339 731 452 782 φασι
488 715 801 770 συνελθόντα
825 717 998 786 λόγια,
1030 722 1128 791 μιᾷ
1151 723 1453 792 χρήσασθαι
1478 728 1664 780 παιδο-

320 806 426 859 καθ⁹
453 807 515 877 ἢν
539 806 757 879 διδύμου
779 811 939 881 γονῆς
972 812 1305 883 ἀποδειχθεὶς
1345 816 1543 889 πατὴρ,
1587 822 1666 884 εἰς

162 896 278 950 τοῦτο
303 899 715 970 περιγράψασθαι
741 901 837 973 τὴν
861 903 994 974 πρὸς
1029 905 1128 975 τὴν
1183 909 1424 980 γαμετὴν
1448 911 1664 981 ὁμιλίαν

162 988 373 1060 ὑπερϐολῇ
421 989 766 1062 σωφροσύνης
822 991 1058 1060 λέγεται.
1131 997 1400 1050 Ἐνταῦθά
1454 1016 1534 1052 σοι
1570 1003 1664 1055 καὶ

168 1079 373 1141 Ἰακὼϐ,ό
415 1082 504 1133 καὶ
550 1083 785 1154 Ἰσραὴλ,
841 1085 1096 1156 εἰσήχθω·
1151 1087 1417 1160 διώνυμός
1458 1107 1541 1156 τις
1573 1110 1664 1161 γε-

157 1169 284 1239 γονὼς
310 1172 432 1242 ἀνὴρ
452 1174 608 1244 ¹παρά
640 1174 737 1246 τὴν
791 1176 899 1229 τῶν
952 1180 1166 1232 οἰκείων
1197 1182 1406 1252 ἀρετῶν
1439 1183 1664 1256 διαλάμ-

155 1279 311 1316 πουσαν
335 1268 622 1337 προκοπήν.
644 1268 771 1320 Ὅτε
797 1268 894 1340 μὲν
918 1265 1030 1336 οὖν,
1049 1273 1520 1346 ἐγγυμναζόμενος
1551 1281 1662 1342 τοῖς

154 1359 412 1426 πρακτικοῖς
443 1356 594 1427 ἧθεσί
623 1377 679 1412 τε
710 1362 802 1413 καὶ
856 1362 1007 1432 βίοις,
1040 1365 1147 1419 τῶν
1198 1368 1336 1439 ὑπὲρ
1382 1371 1660 1436 εὐσεϐείας

151 1449 282 1500 τόνων
308 1451 649 1519 ἀπεπειρᾶτο,
689 1452 884 1506 Ἰακὼϐ
908 1455 1053 1526 αὐτῷ
1072 1456 1239 1529 δνομα
1260 1457 1347 1531 ἦν,
1379 1464 1663 1532 timentin-

149 1538 549 1609 δὲκαὶὰθλητὴν
583 1544 618 1612 ἠ
667 1547 1000 1620 προσηγορία
1050 1550 1204 1603 καλεῖ
1245 1552 1375 1625 (67),
1410 1557 1502 1608 ἐπὶ
1565 1557 1662 1630 τὴν

155 1633 326 1686 Ἐλλάδα
355 1635 756 1706 μεταληφθεῐσα
789 1643 990 1712 φωνήν.
1025 1643 1152 1696 Ὅτε
1183 1644 1237 1698 δὲ
1279 1645 1462 1700 λοιπδν
1480 1648 1547 1702 τά
1585 1669 1662 1703 νι-

149 1728 328 1796 κητήρια
359 1728 491 1780 κατά
518 1729 631 1782 τῶν
646 1731 952 1786 ἀντιπάλων
977 1734 1155 1789 λαϐὼν
1181 1739 1453 1808 στέφεται,
1475 1742 1573 1814 ήδη
1601 1761 1659 1796 τε

1768 560 1941 610 mero,
1983 546 2327 604 Abrahamus
2356 551 2518 604 etiam
2548 552 2658 613 ille,
2692 568 2851 622 quem
2884 554 3098 624 generis
3137 555 3341 624 princi-

1766 651 1887 704 pem
1936 637 2172 692 universi
2213 642 2529 709 praedicant,
2576 645 2700 714 jure
2752 661 2784 698 a
2831 646 2990 701 nobis
3033 647 3338 718 meritoque

1767 741 2070 785 censeatur.
2117 730 2292 801 Hujus
2331 735 2476 789 enim
2505 736 2717 806 justitia
2749 738 3065 794 divinorum
3112 756 3338 811 quoque

1767 820 2114 874 oraculorum
2143 823 2456 878 testimonio
2485 828 2898 881 commendatur
2930 845 3076 882 :non
3113 845 3275 899 quam
3306 847 3338 884 a

1766 908 1970 982 Moysis
2014 912 2132 982 lege
2191 916 2493 984 acceperit,
2527 923 2671 972 certe
2712 919 2929 987 quidem
2977 935 3098 974 cum
3158 921 3339 975 adhuc

1765 1002 1913 1056 nulla
1947 1011 2060 1056 tum
2096 1014 2242 1060 esset
2272 1025 2284 1058 :
2324 1023 2450 1061 nam
2484 1017 2640 1062 aetate
2672 1017 2796 1078 post
2843 1010 3216 1064 Abrahamum
3251 1027 3338 1064 se-

1763 1095 1934 1164 ptima
1965 1105 2125 1151 natus
2157 1107 2240 1152 est
2275 1097 2510 1170 Moyses.
2541 1099 2607 1151 Et
2642 1111 2788 1153 tanta
2822 1102 2940 1169 ejus
2983 1100 3244 1170 profecto,
3289 1104 3334 1154 si

1767 1188 2088 1257 cujusquam
2123 1189 2370 1254 alterius,
2409 1191 2690 1258 integritas
2720 1201 2880 1260 atque
2905 1193 3116 1262 religio,
3147 1193 3334 1247 eadem

1763 1292 1873 1347 qua
1913 1280 2255 1347 superiorum
2301 1281 2516 1335 illorum
2569 1281 2952 1350 przedicatione
3004 1283 3331 1337 celebratur.

1765 1370 1838 1422 De
1877 1369 1968 1424 illo
2000 1371 2146 1425 enim
2197 1373 2342 1427 hunc
2387 1373 2440 1426 in
2474 1373 2694 1427 modum
2739 1373 3018 1444 Scriptura
3051 1375 3331 1444 loquitur:

1769 1475 1788 1509 ι
1817 1457 1882 1513 Ει
1909 1461 2136 1515 credidit
2160 1461 2436 1516 Abraham
2475 1460 2606 1529 Deo,
2633 1472 2686 1515 et
2716 1472 3024 1530 reputatum
3053 1472 3134 1518 est
3167 1463 3240 1516 illi
3265 1464 3331 1516 ad

1759 1549 2027 1619 justitiam
2050 1549 2120 1606 "".
2150 1570 2168 1601 ι
2206 1550 2466 1606 Eumdem
2487 1567 2650 1622 porro
2693 1553 2932 1623 gentium
2975 1552 3332 1622 plurimarum

1763 1651 2044 1712 parentem
2076 1643 2346 1711 futurum,
2401 1661 2464 1700 ac
2508 1645 2831 1700 nominatim
2867 1665 2884 1696 ι
2916 1654 3104 1715 gentes
3143 1661 3334 1700 omnes

1767 1743 1947 1800 teme,
1979 1753 2277 1808 omnesque
2309 1738 2482 1793 tribus
2510 1738 2562 1791 in
2593 1754 2659 1793 eo
2693 1739 3092 1793 benedicendas
3131 1755 3274 1804 esse,
3311 1759 3328 1788 ι

143 1816 221 1867 τῶν
243 1818 360 1870 κατὰ
384 1818 617 1892 θεωρίαν
642 1823 857 1891 ἀγαθῶν
882 1827 1161 1893 ἀπολαύει,
1189 1831 1484 1900 τηνικαῦτα
1513 1835 1651 1906 αὐτῷ

1763 1828 1944 1883 divina
1975 1830 2197 1884 oracula
2248 1831 2617 1898 praedixerunt
2645 1847 2659 1882 :
2688 1845 2810 1898 quae
2858 1845 2990 1883 sane
3030 1830 3331 1898 praedictio,

145 1910 212 1960 καὶ
233 1910 435 1981 τοῦνομα
458 1915 783 1983 μεταϐάλλει
806 1919 834 1970 ό
861 1919 1210 1990 χρηματίζων
1235 1921 1384 1989 Θεὸς,
1406 1927 1540 1997 ὁμοῦ
1565 1932 1659 1982 καὶ

141 2009 335 2075 escaria;
359 2014 514 2067 αὑτὸν
551 2015 742 2080 ἀξιῶν,
778 2019 870 2070 καὶ
901 2017 1006 2072 τῶν
1032 2019 1318 2093 θειοτέρων
1361 2025 1540 2097 γερῶν
1598 2045 1657 2080 τε

141 2103 208 2153 καὶ
225 2105 369 2172 τιμῶν
388 2107 481 2169 τὰς
511 2108 749 2178 ἀμοιϐάς
780 2111 868 2164 διά
898 2112 999 2182 τῆς
1048 2117 1416 2186 προσηγορίας
1459 2119 1659 2190 δωρού-

139 2211 272 2262 μενος.
292 2189 438 2265 Λέγει
463 2199 507 2251 δ’
531 2196 629 2252 οὖν
660 2202 795 2272 πρὸς
826 2203 984 2255 αὑτὸν
1014 2208 1041 2258 ό
1066 2207 1327 2278 χρησμός·
1372 2228 1390 2260 ι
1426 2189 1545 2264 Οὐκ
1577 2211 1656 2264 ἔτι

137 2285 403 2357 κληθήσεται
429 2290 488 2343 τὸ
515 2291 695 2362 ὄνομά
732 2311 825 2346 σου
869 2295 1082 2362 Ἰακὼϐ,
1119 2299 1234 2352 ἀλλ’
1265 2301 1479 2373 Ἰσραὴλ
1506 2303 1657 2358 ἔσται

133 2375 329 2450 τὸόνομά
351 2397 462 2446 σου,
482 2383 568 2435 δτι
607 2383 890 2455 ὲνίσχυσας
914 2387 1051 2458 μετά
1090 2389 1184 2442 τοῦ
1214 2390 1370 2456 Θεοῦ,
1399 2394 1490 2446 καὶ
1519 2394 1658 2464 μετά

133 2467 372 2558 ἀνθρώπων
398 2473 648 2538 δυνατός·
665 2495 682 2525 ι
704 2477 792 2528 τὸν
807 2479 1058 2547 ὁρατικὸν
1088 2477 1252 2553 ἄνδρα
1276 2485 1370 2536 καὶ
1399 2484 1657 2558 θεωρητι-

133 2557 200 2610 κὸν
222 2560 300 2613 τοῦ
331 2563 538 2634 Ἰσραὴλ
568 2565 980 2633 ὑποφαίνοντος*
1010 2571 1131 2624 ἐπεὶ
1171 2574 1264 2626 καὶ
1290 2557 1527 2647 τοῦνομα
1558 2557 1654 2648 με-

130 2650 336 2720 ταϐληθὲν
369 2656 630 2726 σημαίνει
657 2658 941 2730 ἄνθρωπον
973 2662 1180 2734 ὁρῶντα
1229 2665 1378 2720 Θεόν.
1437 2670 1653 2724 Τοιόσδε

129 2740 200 2810 μὲν
216 2738 290 2796 οὖν
319 2747 406 2797 καὶ
433 2742 617 2812 οὗτος,
654 2747 711 2814 ἐξ
739 2743 801 2802 οὗ
853 2752 917 2804 τὸ
957 2752 1328 2826 δωδεκάφυλον
1381 2759 1475 2812 τοῦ
1521 2763 1652 2815 Ἰου-

126 2831 249 2886 δαίων
274 2836 444 2901 ἔθνους
499 2839 720 2911 ὑπέστη
781 2843 953 2910 γένος.
1007 2847 1196 2918 Μυρία
1245 2849 1288 2901 δ’
1324 2850 1389 2903 ἂν
1437 2852 1650 2926 λεχθείη

127 2926 222 2997 περὶ
247 2928 328 2982 τοῦ
355 2928 468 3000 βίου
499 2933 618 2985 τῶν
647 2934 875 3006 ἀνδρῶν,
906 2937 1000 2989 xui.
1031 2942 1128 3010 τῆς
1182 2940 1467 3012 φιλοσόφου
1520 2962 1652 3016 καρ-

123 3023 264 3088 τερίας
286 3041 337 3076 τε
369 3025 550 3079 αὐτῶν
609 3027 700 3080 καὶ
731 3029 1036 3099 ἀσκήσεως
1064 3033 1132 3085 τά
1173 3033 1270 3102 μὲν
1325 3035 1460 3104 πρὸς
1509 3037 1651 3104 λέξιν

1762 1937 1882 1991 quae
1923 1921 2252 1992 temporibus
2302 1921 2505 1976 nostris
2552 1921 2769 1976 evenire
2809 1921 3105 1984 cernimus,
3155 1921 3332 1990 palam

1759 2025 1814 2071 et
1855 2026 2039 2086 aperte
2083 2015 2396 2068 denotabat.
2451 2012 2794 2067 Abrahamus
2850 2013 3014 2082 igitur
3061 2013 3168 2074 ille,
3211 2024 3334 2082 post

1759 2123 1878 2162 eam
1921 2106 2150 2177 justitiae
2186 2106 2558 2160 maturitatem
2595 2114 2758 2167 atque
2810 2104 3220 2172 perfectionem,
3262 2106 3330 2158 ad

1759 2213 1922 2268 quam
1957 2198 2136 2267 ipsum
2163 2212 2270 2251 non
2299 2197 2384 2250 lex
2409 2195 2630 2266 Moysis,
2654 2195 2747 2249 sed
2786 2196 3011 2251 illustris
3045 2196 3177 2250 fides
3200 2211 3331 2250 cono

1760 2299 2020 2358 stansque
2051 2289 2416 2358 perduxerat,
2460 2297 2585 2355 post
2619 2304 2732 2350 eos,
2764 2287 2960 2356 quibus
2988 2302 3156 2341 sacrae
3189 2288 3331 2340 litte-

1757 2399 1832 2437 rae
1863 2382 2252 2450 suffragantur,
2287 2378 2542 2434 Numinis
2589 2379 2758 2432 divini
2795 2389 3144 2448 conspectus,
3191 2379 3328 2450 legi-

1758 2475 1951 2528 timum
1985 2473 2085 2527 sub
2121 2479 2423 2526 extremam
2472 2481 2804 2527 senectutem
2834 2472 3002 2525 tilium
3051 2485 3330 2542 susceptu-

1756 2579 1874 2629 rus,
1925 2579 2051 2618 cum
2091 2563 2334 2618 omnium
2379 2579 2499 2619 sese
2547 2564 2778 2632 primus,
2810 2563 2974 2632 310
3017 2565 3092 2616 uti
3139 2565 3327 2632 jussus

1756 2657 1938 2710 divina
1969 2670 2100 2710 voce
2128 2654 2326 2720 fuerat,
2358 2654 2725 2717 circumcidit,
2761 2666 2878 2706 tum
2915 2655 3055 2708 idem
3091 2656 3326 2722 posteris

1757 2747 1874 2816 ipse
1910 2748 2025 2802 suis
2066 2746 2374 2802 faciendum
2407 2746 2691 2816 praecepit:
2730 2746 2843 2798 sive
2865 2753 2923 2798 ut
2948 2747 3048 2799 hoc
3082 2745 3229 2800 velut
3259 2747 3325 2798 il-

1755 2841 2011 2899 lustriore
2060 2840 2250 2911 signo,
2302 2839 2775 2909 propagandorum
2827 2855 2893 2893 ex
2943 2853 3010 2893 eo
3067 2850 3325 2907 nepotum

1755 2932 2046 2987 multitudo
2068 2940 2362 2996 constaret,
2393 2931 2508 2984 sive
2543 2938 2602 2983 ut
2637 2939 2923 2999 paternum
2948 2930 3322 2985 characterem

1755 3024 1911 3078 liberi
1936 3024 2254 3085 retinerent,
2293 3023 2454 3092 idque
2479 3023 2635 3087 adeo,
2661 3037 2755 3076 seu
2787 3021 3054 3091 majorum
3091 3022 3168 3076 illi
3197 3038 3325 3076 suo-

123 3110 428 3186 6εωρούμενα,
453 3120 522 3173 τά
564 3121 626 3172 δὲ
658 3121 756 3173 καὶ
800 3121 864 3174 δι’
901 3123 1163 3178 ὑπονοιῶν
1193 3124 1651 3200 ἀλληγορούμενα.

1759 3131 1881 3170 rum
1912 3115 2157 3184 vestigiis
2188 3114 2522 3176 insisterent,
2557 3129 2650 3168 seu
2688 3115 2757 3168 ab
2783 3114 3096 3170 eorumdem
3126 3115 3325 3170 virtute

118 3204 222 3292 llap‘:
239 3203 300 3261 ὧν
325 3212 534 3280 εἴρηται
579 3213 674 3282 μὲν
708 3216 802 3268 καὶ
857 3215 1056 3281 ἄλλοις,
1111 3217 1252 3290 ἀτὰρ
1303 3220 1398 3272 καὶ
1431 3223 1560 3292 ἡμῖν
1594 3225 1651 3276 ἐν

118 3291 179 3357 οἷς
199 3301 755 3375 ἐπραγματευσάμεθα
806 3309 1067 3381 περὶτῆς
1122 3309 1230 3363 τῶν
1283 3312 1527 3367 παλαιῶν
1561 3315 1653 3368 ἀν-

115 3388 350 3463 δρῶν(68“ι
378 3399 763 3462 πολυπαιδίας.
799 3401 1002 3454 Τοιοίδε
1053 3401 1150 3471 μὲν
1199 3397 1290 3457 οὖν
1341 3405 1436 3458 καὶ
1484 3399 1646 3462 οὗτοι.

119 3480 233 3551 Ἕχω
256 3501 326 3537 σοι
352 3489 478 3559 παρ’
515 3490 706 3553 αὐτοῖς
735 3492 827 3544 καὶ
859 3491 1014 3546 ἄλλον
1063 3495 1256 3558 εἰπεῖν,
1315 3495 1433 3548 Ἰὼϐ
1480 3497 1651 3570 ὄνομα

114 3573 171 3640 τῷ
193 3576 342 3646 ἀνδρὶ,
367 3580 423 3632 ὃν
455 3581 528 3633 τὰ
558 3582 682 3652 ἱερὰ
737 3584 1004 3654 μαρτυρεῖ
1051 3583 1206 3653 λόγια
1255 3589 1535 3656 γεγονέναι
1560 3593 1651 3644 ἀν-

114 3664 288 3736 θρωπον
308 3672 623 3742 ἄμεμπτον,
657 3674 931 3745 ἀληθινὸν,
960 3675 1186 3740 δίκαιον,
1231 3679 1478 3751 θεοσεϐῆ,
1517 3683 1650 3736 ἀπε-

110 3759 291 3827 χόμενον
313 3765 414 3816 ἀπὸ
439 3765 647 3828 παντὸς
695 3765 928 3837 πονηροῦ
987 3769 1327 3840 πράγματος.
1381 3769 1546 3836 Οὗτός
1585 3790 1648 3843 γε

111 3864 188 3912 τοι,
216 3853 348 3907 οὒζὶν
376 3859 681 3928 προσήκων
710 3857 788 3927 τῷ
845 3859 1112 3914 Ἰουδαίων
1159 3864 1340 3932 γένει,
1393 3865 1484 3917 ἐπὶ
1513 3869 1647 3919 πᾶσι

109 3944 193 4004 τοῖς
214 3949 300 4017 τῆς
348 3949 639 4011 εὐσεϐείας
694 3950 1077 4023 κατορθώμασι
1116 3956 1552 4027 μεμαρτύρηται.
1584 3959 1651 4010 Οἵ

108 4047 156 4096 γε
175 4036 264 4104 μὴν
292 4037 378 4090 τοῦ
418 4039 622 4092 Ἰακὼϐ
644 4040 856 4105 παῖδες,
910 4043 1006 4114 τὴν
1054 4046 1280 4116 πάτριον
1321 4046 1647 4116 θεογνωσίαν

105 4140 148 4175 τε
175 4128 254 4178 καὶ
278 4129 591 4184 θεοσέϐειαν
650 4133 1020 4203 ⁴ἠγαπηκότες,
1073 4135 1170 4208 τὴν
1221 4139 1326 4190 τῶν
1384 4140 1646 4193 ἀνέκαθεν

111 4213 332 4286 Ἐϐραίων
361 4221 558 4294 φήμην
578 4223 673 4276 ὲ.πί
701 4224 841 4293 μέγα
868 4225 1025 4296 δόξης
1066 4230 1323 4299 προῆγον,
1355 4227 1492 4282 ὥστε
1545 4230 1642 4302 ἤδη

105 4311 353 4383 minio-r1;
383 4315 670 4383 Αἰγύπτου
719 4315 816 4386 τὴν
857 4317 1029 4389 ἀρχὴν
1081 4319 1402 4389 ἀνάψασθαι.
1440 4323 1496 4374 Ὀ
1536 4324 1643 4394 γάρ

106 4414 165 4450 τοι
189 4402 366 4474 Ἰωσὴφ
403 4411 522 4471 τοῖς
588 4409 943 4480 σωφροσύνης
993 4413 1452 4483 προαναστεφθεὶς
1477 4415 1642 4487 ’βρα-

1754 3209 2098 3269 dellecterent
2131 3226 2146 3272 ;
2180 3209 2292 3262 sive
2321 3207 2553 3276 denique
2595 3207 2716 3261 alia:
2745 3208 2993 3276 quaedam
3040 3207 3204 3277 hujus
3241 3209 3324 3262 in-

1753 3304 1927 3362 stituti
1967 3317 2147 3358 causa;
2193 3302 2546 3370 rationesque
2581 3301 2889 3364 subessent,
2930 3301 2983 3354 in
3024 3317 3162 3370 quas
3199 3300 3324 3354 dili-

1752 3399 1964 3470 gentius
2000 3408 2054 3452 et
2094 3395 2366 3452 curiosius
2416 3393 2724 3464 inquirere,
2776 3394 2934 3447 modo
2985 3409 3093 3447 non
3143 3403 3317 3448 vacat.

1751 3493 2017 3547 Caeterum
2047 3489 2315 3559 ejusmodi
2350 3488 2512 3541 etiam
2545 3487 2632 3540 ille
2658 3485 2780 3550 fuit,
2815 3502 2974 3556 quem
3013 3501 3112 3540 nos
3153 3501 3322 3541 aemu-

1750 3583 1852 3636 lari
1897 3595 2246 3650 summopere
2299 3579 2505 3633 deceat.
2551 3577 2863 3633 Secundum
2896 3579 3047 3632 illum
3105 3577 3323 3632 lsaacus

1749 3675 2018 3736 laudatur,
2047 3674 2165 3743 ejus
2198 3686 2318 3740 qua:
2339 3679 2623 3740 parentem
2656 3680 2944 3726 ornaverat
2975 3671 3171 3726 divinae
3195 3687 3320 3726 cum

1749 3765 1979 3828 notitiae,
2030 3773 2145 3818 tum
2199 3763 2362 3817 etiam
2409 3763 2696 3817 charitutis
2736 3763 2932 3829 haeres,
2981 3779 3144 3832 quam
3205 3764 3322 3832 ipse

1750 3871 1915 3909 unam
1954 3855 2206 3908 omnium
2255 3854 2416 3923 longe
2466 3854 2892 3923 pulcherrimam
2944 3870 3007 3908 ac
3068 3855 3322 3910 felicissi-

1749 3962 1895 4000 mam
1936 3945 2056 4015 ejus
2109 3928 2479 3998 hzereditatem
2535 3945 2764 4000 sortitus
2811 3956 2912 4000 est.
2963 3945 3222 4000 Eumdem
3267 3957 3321 4000 et

1747 4053 1976 4091 uxorem
2017 4037 2284 4090 duntaxat
2319 4052 2482 4090 unam
2531 4037 2774 4102 duxisse,
2807 4045 2860 4090 et
2905 4038 3072 4092 semel
3107 4047 3316 4092 tantum

1747 4131 1935 4185 liberis
1981 4144 2201 4199 operam
2246 4129 2462 4184 dedisse
2505 4129 2840 4184 monimenta
2883 4131 3062 4184 divina
3110 4141 3318 4185 testan-

1749 4229 1838 4275 tur
1868 4241 1882 4276 :
1913 4238 2020 4292 qua
2072 4222 2232 4275 unica
2267 4221 2406 4286 vice,
2439 4221 2650 4292 gemina
2683 4221 2833 4291 prole
2875 4232 3148 4291 suscepta,
3198 4239 3318 4277 mu-

1749 4324 1897 4369 tuam
1944 4330 2067 4368 cum
2115 4329 2286 4368 uxore
2317 4313 2767 4368 consuetudinem
2815 4315 3318 4384 circumscripsisse

1745 4405 1940 4470 fertur,
1971 4406 2216 4475 exemplo
2243 4405 2590 4460 continentia:
2620 4406 2908 4476 singulari.
2936 4407 3316 4476 Conscquatur

105 4488 250 4557 δείοις,
292 4498 529 4552 κᾶπειτα
555 4502 656 4571 τὴν
677 4502 982 4569 Αἰγυπτίων
1005 4503 1396 4575 ὑποδεξάμενος
1437 4509 1639 4578 ἡγεμο-

1753 4497 2000 4564 lacobus,
2032 4513 2192 4568 quem
2224 4506 2278 4552 et
2305 4498 2562 4553 lsraelem
2591 4510 2900 4554 vocarunt:
2933 4503 3074 4570 quod
3103 4512 3316 4556 utrum-

103 4584 211 4648 νίαν,
233 4589 315 4642 τὸν
340 4591 566 4663 θεοφιλῆ
594 4593 703 4645 τῶν
738 4592 1000 4663 Ἑϐραίων
1050 4595 1269 4662 διέδειξε
1301 4597 1516 4669 τρόπον.
1546 4601 1641 4652 Ὃν

102 4678 172 4730 καὶ
198 4680 342 4734 αὐτὸν
377 4682 579 4752 ζηλοῦν
608 4684 676 4736 δι’
704 4684 868 4755 εὐχῆς
901 4686 1260 4756 πεποιήμεθα,
1284 4687 1464 4740 δοῦλον
1485 4688 1642 4742 αὐτὸν

103 4766 145 4830 ἒξ
168 4773 359 4826 οἰκείων
399 4773 699 4846 ἐπιϐουλῆς
755 4779 1138 4849 γεγενημένον.
1189 4779 1283 4831 καί
1328 4780 1509 4833 δοῦλον
1544 4782 1640 4832 Μ’

100 4865 286 4924 γυπτίου
311 4867 529 4939 ἀνδρός.
563 4868 643 4922 Τὰ
671 4869 768 4939 μὲν
796 4869 903 4940 γὰρ
928 4869 1060 4924 ἀλλα
1094 4872 1194 4925 ὅσα
1237 4873 1316 4934 είς
1334 4871 1642 4944 ὡραιότητα

103 4956 173 5006 καὶ
199 4957 372 5031 ῥώμην
403 4961 661 5032 σώματος
717 4964 806 5015 καί¹
861 4964 1159 5035 εὐμορφίαν
1182 4965 1470 5036 ηὑτύχητο,
1504 4984 1642 5038 παρ-

104 5045 216 5114 ίημι,
273 5054 318 5104 εί
351 5055 446 5106 καὶ
483 5053 553 5106 τά
613 5053 766 5122 λόγια
800 5055 1026 5119 κάλλους
1055 5057 1214 5109 αὐτὸν
1249 5055 1367 5128 ῶρᾳ
1425 5058 1641 5111 πάντων

101 5133 353 5205 διενεγκεῖν
377 5145 713 5214 ἀναγράφει·
766 5145 833 5197 τά
872 5145 929 5198 δὲ
973 5147 1098 5218 περὶ
1145 5146 1320 5219 ψυχῆς
1363 5151 1436 5219 πῆ
1463 5149 1527 5202 ἄν
1559 5168 1642 5214 τις

99 5224 397 5302 bread/ets,
434 5236 560 5288 κατ’
595 5237 750 5302 ἀξίαν
801 5237 901 5308 τῆς
935 5238 1028 5290 τοῦ
1079 5240 1270 5314 ἀνδρὸς
1305 5243 1504 5314 ἀρετῆς
1551 5244 1640 5295 τὸν

101 5319 281 5377 ἔπαινον
302 5329 534 5382 διελθεῖν
556 5331 963 5402 προῃρημένοςς
998 5333 1157 5386 Φύσει
1183 5335 1279 5404 μὲν
1328 5337 1475 5408 αὐτῷ
1506 5355 1643 5408 παρ-

101 5413 208 5468 εῖναι
259 5418 409 5488 λόγος
441 5423 507 5475 τὸ
549 5423 848 5494 ἐλευθέριον
878 5423 1179 5498 γνώρισμα,
1209 5427 1300 5479 το)
1349 5446 1406 5481 τε
1441 5429 1638 5500 τρόπου

153 5525 194 5556 ⁸³
214 5529 342 5586 Gen.
372 5550 466 5597 xv,
497 5533 552 5588 6.

155 5643 248 5727 (67)
273 5650 474 5703 Καλεῖ.
513 5651 621 5705 Alt.
653 5665 683 5705 e
709 5667 1008 5720 manuscr.,
1037 5654 1205 5727 δηλοῖ,
1236 5656 1379 5725 quod
1414 5657 1639 5712 omnino

101 5725 419 5861 Ρΐῗὲεῑῗῐῇερὶ
465 5790 579 5859 τῆς
616 5791 734 5847 τῶν
774 5795 1044 5851 παλαιῶν
1080 5795 1214 5852 ἀνδ.
1259 5795 1420 5852 Liber
1454 5797 1541 5855 hic
1573 5799 1639 5855 de

1743 4606 1850 4661 que
1879 4606 2102 4655 nomen,
2142 4591 2212 4645 ab
2242 4591 2444 4662 insigni
2471 4593 2704 4662 quadam
2743 4603 2826 4649 est
2869 4595 3176 4664 eximiaque
3203 4595 3315 4648 vir-

1743 4693 1918 4738 tutum
1953 4682 2271 4737 accessione
2310 4694 2658 4741 consecutus.
2696 4684 2745 4740 ls
2771 4686 2938 4748 enim,
2966 4687 3096 4741 dum
3135 4687 3314 4743 adhuc

1742 4775 1801 4853 in
1834 4774 1980 4828 civili
2008 4774 2244 4843 quodam
2279 4783 2333 4829 et
2377 4783 2603 4830 actuoso
2633 4776 2757 4830 vitae
2797 4792 3010 4847 genere,
3060 4777 3313 4833 assiduos

1745 4869 1960 4938 pietatis
1994 4884 2162 4923 causa
2196 4869 2411 4924 labores
2451 4870 2678 4935 subiret,
2725 4869 2961 4925 Jacobus
2989 4871 3307 4934 dicebatur;

1733 4977 1865 5031 quae
1903 4978 2026 5026 vox,
2063 4963 2108 5016 si
2159 4961 2345 5016 Graece
2388 4962 2670 5029 reddatur,
2721 4973 2922 5016 ascetcn
2961 4964 3314 5031 athletamth

1739 5065 1923 5111 sonat.
1958 5055 2102 5109 Idem
2136 5057 2320 5111 relatis
2353 5058 2518 5113 semel
2553 5058 2618 5112 de
2646 5058 2895 5112 hostibus
2926 5059 3165 5114 victoria:
3198 5071 3310 5114 tro-

1742 5144 1893 5212 paeis.
1952 5159 2266 5208 coronatus,
2311 5147 2404 5200 tibi
2452 5148 2922 5216 contemplationis
2963 5149 3157 5216 opibus
3207 5149 3310 5203 frui

1743 5235 1926 5303 carpit,
1957 5231 2236 5291 tum'vero
2277 5238 2422 5292 aliud
2475 5239 2522 5292 ei
2559 5253 2757 5292 nomen
2793 5249 2984 5293 auctor
3024 5241 3138 5309 ipse
3169 5240 3312 5298 Deus

1743 5325 2021 5396 imposuit.
2055 5343 2288 5397 eumque
2317 5329 2510 5398 partim
2541 5340 2834 5398 conspectu
2859 5345 2963 5385 suo
2985 5330 3092 5386 frui
3114 5334 3308 5399 voluit,

1742 5415 1939 5482 partim
1973 5417 2334 5473 divinioribus
2364 5419 2686 5483 quibusdam
2725 5422 2964 5489 praemiis
2996 5424 3051 5476 e‘t
3087 5423 3310 5478 honori-

1743 5674 2033 5731 numerosa
2081 5662 2384 5730 priscorum
2421 5667 2701 5719 hominum
2753 5666 2970 5731 sobole,
3027 5685 3148 5724 cum
3187 5671 3307 5722 aliis

1742 5730 2015 5799 plerisque
2049 5732 2351 5806 intercidit,
2385 5751 2482 5787 nec
2518 5738 2626 5806 ulla
2659 5737 2777 5805 ejus
2819 5748 2902 5790 est
2928 5730 3069 5806 apud
3102 5741 3159 5794 S.
3192 5741 3311 5794 Hie-

1741 5815 2048 5872 ronymum,
2082 5802 2358 5868 Photium,
2392 5815 2484 5860 aut
2512 5802 2733 5863 Suidam
2770 5802 2988 5863 mentio.
3042 5820 3046 5825 ‘
