3864 6386
544 360 644 417 527

1200 364 1467 423 EUSEBII
1500 363 1977 424 CASSARIENSIS
2015 367 2163 424 OPP.
2197 366 2380 423 PARS
2420 366 2484 420 ll.
2523 394 2591 404 —
2629 362 3126 419 APOLOGETICA.

3667 362 3772 418 521

542 484 667 550 bus,
698 486 888 540 codem
922 489 1142 542 nomine
1169 491 1573 559 repraesentatis
1596 491 1913 546 cumulavit.
1949 489 2079 560 Ejus

2207 488 2267 542 τὸ
2300 487 2517 557 εὐγενὲς
2545 482 2811 538 ἐπανθοῦν
2839 483 2916 554 τῷ
2941 482 3233 555 προσώπῳ·
3278 486 3386 548 τοῖς
3414 485 3471 539 δέ
3499 484 3783 556 εὐσεϐείας

541 576 689 629 modi
725 578 868 631 enim
905 577 971 630 ad
1019 578 1168 631 illum
1213 587 1389 633 exstat
1420 580 1741 635 oraculum:
1784 600 1802 632 ι
1830 579 1946 635 Νοη
1992 597 2110 634 am-

2210 580 2565 651 διαπρέπουσι
2620 577 2843 647 κόσμοις
2896 575 3255 647 διαφερόντως
3293 576 3577 648 ἐξήσκητα
3625 580 3782 645 ὼςέν

538 668 682 737 plius
721 669 1006 723 vocabitur
1037 686 1235 725 nomen
1264 680 1417 726 tuum
1459 670 1758 738 Jacob,sed
1804 672 1969 727 Israel
2004 674 2081 727 eri

2211 671 2534 744 σωφροσύνῃ
2561 669 2656 723 καὶ
2674 666 3007 739 δικαιοσύνῃ,
3040 668 3298 739 φρονήσει
3340 686 3399 722 τε
3427 670 3521 723 καὶ
3562 671 3779 743 ἀνδρίᾳ,

539 776 736 815 nomen
763 769 939 827 tuum,
968 762 1227 832 quoniam
1262 763 1539 819 invaluisti
1573 780 1697 819 cum
1732 763 1865 831 Deo,
1896 773 1951 819 et
1980 781 2105 822 cum

535 854 851 909 hominibus
883 864 1075 924 potens
1110 854 1174 909 ⁸⁸.
1201 875 1219 907 ι
1251 855 1368 922 Quo
1384 855 1597 912 lsraelis
1620 858 1841 913 nomine
1864 858 1948 912 vir
1968 874 2106 914 con-

535 937 875 1013 templtftioni
944 946 1159 1001 deditus
1220 945 1529 1013 indicatur,
1603 934 1789 1020 utpote
1846 951 1990 1021 quod
2057 952 2104 1006 si

533 1031 718 1087 Graece
744 1036 996 1099 verteris,
1041 1037 1323 1102 hominem,
1368 1058 1399 1093 a
1424 1058 1524 1111 quo
1555 1041 1693 1097 Deus
1733 1043 1994 1111 videatur,
2023 1044 2102 1098 si-

531 1122 767 1191 gnificet.
804 1123 951 1181 Talis
980 1128 1141 1197 igitur
1169 1130 1256 1184 ille
1290 1132 1453 1185 etiam
1493 1131 1616 1197 fuit,
1657 1149 1689 1187 a
1726 1149 1836 1203 quo
1879 1133 2099 1190 Iudaeo-

529 1229 650 1267 rum
683 1232 853 1286 genus
879 1218 1165 1275 duodecim
1198 1224 1651 1293 comprehensum
1697 1227 1944 1281 tribubus
1976 1243 2102 1298 pro-

527 1317 781 1375 pagatum
815 1319 918 1365 cst.
951 1311 1195 1377 Quorum
1242 1314 1309 1369 de
1355 1316 1477 1370 vitae.
1508 1318 1832 1385 rationibus,
1864 1336 2099 1391 vereque

524 1400 863 1471 philosophis
902 1404 1063 1473 digna
1100 1406 1383 1461 tolerantia
1427 1418 1480 1462 et
1522 1410 1931 1478 exercitatione,
1969 1412 2096 1466 inﬁ-

2207 762 2303 834 τὴν
2324 762 2499 832 ψυχὴν
2530 758 2827 828 ἐκλάμπειν
2883 757 3015 811 πολὺ
3059 758 3320 829 πρότερον
3371 761 3427 812 ἐν
3489 761 3788 831 ἐπιγνώσει

2206 855 2300 908 καὶ
2332 851 2583 922 εὐσεϐείᾳ
2610 849 2702 903 τοῦ
2736 850 2844 903 τῶν
2896 850 3148 903 ἀπάντων
3198 849 3352 915 Θεοῦ,
3393 852 3460 922 ἥν
3492 854 3539 905 oi
3584 855 3785 928 γεννή-

2207 963 2397 1009 σαντες
2436 947 2500 997 ἐκ
2528 943 2855 1014 σπαργάνων
2884 940 3128 1010 λέγονται
3158 940 3320 995 αὐτοῦ
3349 945 3413 1013 τῇ
3444 943 3589 1015 ψυχῇ
3613 960 3788 1000 κατα-

2204 1038 2541 1110 ϐεϐληκέναι.
2585 1034 2941 1106 Ἐπιμανείσῃ
2970 1034 3013 1086 δ’
3040 1030 3131 1087 οὐν
3156 1034 3300 1105 αὐτῷ
3337 1039 3403 1107 τῇ
3440 1037 3534 1090 τοῦ
3583 1038 3787 1094 δεσπό-

2201 1150 2294 1187 του
2319 1135 2554 1203 γαμετῇ,
2586 1132 2665 1193 εἰς
2698 1128 3028 1191 ἀκολάστους
3053 1145 3110 1180 τε
3136 1128 3231 1180 καὶ
3268 1129 3533 1199 ἐρωτικὰς
3563 1131 3789 1201 ὁμιλίας

2201 1225 2296 1279 ἆτε
2320 1226 2435 1279 νέον
2458 1225 2517 1278 τὸ
2539 1224 2696 1294 σῶμα
2732 1220 3058 1292 κατασύρειν
3081 1220 3415 1291 πειρωμένῃ,
3463 1223 3556 1275 καὶ
3587 1222 3789 1293 πρῶτα.

2203 1317 2300 1388 μὲν
2320 1316 2498 1384 λόγοις
2531 1315 2745 1385 ἀπατᾷν
2772 1312 2933 1367 αὐτὸν
2983 1311 3353 1383 ἐπιχειρούσῃ,
3402 1307 3518 1365 εἶτα
3551 1312 3609 1365 δὲ
3661 1315 3784 1366 ἱκε-

2200 1409 2341 1472 σίαις
2369 1406 2739 1478 ἀντιϐολούσῃ,
2771 1406 2864 1459 καὶ
2891 1405 3042 1468 τέλος
3065 1404 3364 1476 βιαιότερον
3396 1407 3586 1476 χεῖρας
3642 1406 3788 1460 ἐπά-

525 1492 639 1546 nita
693 1498 1113 1551 commemorari
1153 1508 1396 1567 possent,
1445 1516 1567 1569 qua:
1604 1504 1800 1570 partim
1842 1505 1985 1559 nude
2032 1521 2081 1560 at

2194 1518 2313 1569 γειν
2330 1499 2602 1572 τολμώσῃ,
2630 1497 2869 1552 ἀναιδέσι
2897 1515 2958 1550 τε
2985 1496 3086 1567 ήδη
3136 1496 3227 1549 καὶ
3270 1496 3649 1567 ἀναισχύντοις
3685 1513 3786 1549 πε-

524 1583 841 1651 simpliciter
874 1584 1120 1657 intelligi,
1154 1589 1349 1657 partim
1373 1605 1439 1644 ex
1471 1590 1860 1648 occultioribus
1894 1593 2081 1664 allego-

2196 1594 2481 1665 ριπλοκαῖς
2513 1591 2787 1663 χρωμένῃ,
2819 1592 2916 1660 τῆς
2963 1588 3072 1641 τῶν
3113 1588 3365 1659 πατέρων
3390 1588 3653 1653 εὐσεϐοῦς
3698 1590 3785 1642 δι-

514 1676 728 1730 riarum
784 1678 961 1732 sensis
1006 1680 1123 1732 erui
1180 1679 1430 1736 debeant.
1494 1680 1570 1736 De
1621 1684 1964 1752 quibuscum
2023 1685 2081 1740 ah

2191 1682 2483 1745 δασκαλίας
2531 1684 2559 1735 6
2611 1683 2759 1752 ἥρως
2802 1680 2899 1751 τὴν
2941 1680 3160 1750 μνήμην
3214 1678 3781 1748 ἀναπεμπασάμενος,

521 1767 664 1831 aliis,
711 1774 823 1822 tum
867 1784 895 1821 a
939 1769 1097 1823 nobis
1148 1786 1365 1840 quoque
1413 1772 1744 1842 disputatum
1797 1774 1853 1828 in
1896 1775 1962 1829 iis
2007 1784 2081 1830 est

2192 1775 2284 1827 καὶ
2311 1774 2402 1827 τὸν
2431 1771 2653 1842 θεοσεϐῆ
2686 1771 2780 1824 καὶ
2809 1769 3021 1840 ἀληθῶς
3049 1769 3296 1839 Ἐϐραίον
3321 1769 3499 1841 ἔργοις
3512 1767 3651 1839 ὁμοῦ
3687 1769 3785 1822 καὶ

519 1874 639 1927 qua:
697 1858 763 1912 de
824 1875 1114 1915 numerosa
1169 1862 1471 1931 priscorum
1530 1864 1810 1920 hominum
1860 1867 2081 1932 sobole,

2190 1864 2366 1933 λόγοις
2392 1833 2699 1927 ἀποδείξας,
2721 1863 2783 1916 τὸ
2952 1833 3179 1933 αἰσχρὸν
3213 1860 3306 1914 καὶ
3344 1833 3647 1914 ἀκόλαστον
3678 1861 3782 1929 γύ-

517 1951 676 2021 311
722 1953 1169 2021 conscripsimus.
1207 1954 1277 2008 At
1313 1955 1379 2009 de
1419 1956 1527 2011 illis
1574 1957 1853 2013 hactenus.
1889 1959 2081 2014 Prmter

2190 1975 2337 2012 ναιον
2360 1956 2673 2019 διασείεται,
2724 1954 3086 2023 κραταιοτέρᾳ
3127 1955 3191 2023 τῇ
3224 1952 3367 2023 χειρὶ
3397 1952 3779 2023 παραλλάξας·

518 2057 657 2110 quos
686 2052 889 2106 tamen,
932 2044 1096 2097 alium
1135 2045 1297 2099 etiam
1329 2047 1553 2101 laudare
1574 2047 1768 2103 merito
1788 2050 1964 2114 liceat,
1994 2048 2081 2106 Jo-

2190 2049 2374 2122 ῶσπερ
2402 2049 2458 2103 δέ
2480 2066 2620 2112 τινος
2645 2046 2816 2100 δεινοῦ
2869 2046 2962 2099 καὶ
3011 2046 3394 2117 λελυττηκότος
3428 2045 3594 2115 θηρὸς
3643 2049 3785 2099 ἀπο-

518 2134 646 2187 bum
672 2134 1085 2203 nomine,quem
1112 2145 1166 2190 et
1187 2136 1335 2189 omni
1373 2138 1793 2207 reprehensione
1820 2141 2081 2209 caruisse,

2190 2142 2339 2213 δρὰς,
2376 2142 2519 2211 φυγῇ
2544 2140 2643 2211 τὴν
2674 2138 2946 2210 σωτηρίαν
2976 2135 3277 2208 πορίζεται.
3325 2135 3575 2190 Κάπειτα
3611 2138 3782 2199 αὐτὸς

502 2234 566 2277 νει
602 2226 879 2291 veritatis,
914 2226 1169 2295 justitiaa,
1208 2228 1422 2297 pietatis
1466 2238 1737 2286 amantem
1775 2246 1840 2287 ac
1876 2232 2081 2287 studio-

2190 2232 2321 2303 πρὸς
2348 2232 2539 2285 ἐαυτὸν
2586 2228 2821 2302 σώφρονι
2869 2229 3115 2299 λογισμῷ
3158 2229 3333 2282 τοιάδε
3380 2230 3779 2299 ἐπιλογίζεται,

514 2332 635 2369 sum
665 2315 856 2380 fuisse,
881 2327 937 2371 et
982 2318 1051 2372 ab
1095 2321 1243 2373 omni
1281 2323 1605 2393 contagione
1646 2325 1870 2380 sceleris
1894 2328 2081 2395 procul

2190 2327 2278 2379 καί
2308 2341 2491 2396 φησιν⁸
2527 2343 2550 2376 ι
2580 2325 2641 2377 El
2668 2324 2697 2376 6
2733 2322 2936 2394 Κύριός
2974 2340 3071 2391 μου
3099 2322 3167 2375 δι’
3197 2323 3295 2393 ἐμὲ
3318 2323 3469 2375 οὐδὲν
3507 2325 3779 2392 γινώσκει

510 2407 778 2473 abfuisse,
812 2410 992 2463 divina
1019 2420 1287 2466 testantur
1301 2415 1544 2480 oracula,
1574 2429 1698 2470 cum
1730 2417 1785 2470 in
1817 2417 1923 2472 illis
1960 2434 2081 2472 om-

2190 2418 2289 2472 τῶν
2324 2419 2381 2470 ἐν
2414 2417 2491 2488 τῷ
2523 2416 2654 2487 οἴκῳ
2678 2414 2863 2479 αὐτοῦ,
2892 2417 2986 2468 καὶ
3010 2415 3183 2468 πάντα
3208 2416 3306 2468 ὅσα
3328 2418 3470 2469 ἐστὶν
3506 2419 3565 2469 ἐν
3596 2420 3778 2489 αὐτῷ,

512 2500 676 2556 nibus
705 2502 985 2572 religionis
1015 2504 1205 2559 ciliciis
1236 2521 1298 2560 ac
1328 2507 1603 2571 laudibus,
1639 2510 1786 2564 nulla
1827 2526 1949 2565 cum
1983 2510 2081 2565 Ju-

2190 2510 2409 2563 Βέδωκεν
2436 2510 2515 2571 είς
2547 2509 2646 2571 τὰς
2673 2506 2861 2577 χεῖράς
2888 2524 3010 2576 μου,
3060 2507 3151 2559 καὶ
3192 2506 3308 2569 πῶς
3334 2509 3549 2578 ποιήσω
3574 2509 3639 2561 τὸ
3680 2528 3777 2562 που

511 2591 643 2647 dacis
675 2594 958 2663 sanguinis
998 2610 1061 2649 ac
1094 2598 1311 2664 generis
1367 2601 1752 2656 communione
1782 2609 2077 2657 teneretur.

2190 2601 2344 2673 νηρδν
2371 2602 2519 2671 ῥῆμα
2543 2599 2602 2653 τὸ
2632 2599 2771 2669 μέγα
2792 2598 2966 2663 τοῦτο,
2990 2597 3081 2650 καὶ
3107 2600 3491 2669 ἀμαρτήσομαι
3526 2601 3778 2655 ἐναντίον

506 2680 631 2739 Jam
668 2700 799 2739 vero
831 2684 1021 2741 Jacobi
1066 2688 1224 2742 liberi
1266 2698 1547 2758 paternam
1603 2692 1771 2746 divini
1827 2692 2079 2750 Numinis

2190 2692 2272 2745 τοῦ
2298 2690 2430 2744 Θεοῦ
2457 2708 2470 2755 ;
2497 2700 2539 2743 »⁸
2561 2690 2675 2759 Ἐφ’
2707 2684 2787 2753 οἷς
2819 2684 2906 2742 οἷα
2938 2689 3229 2759 νικηφόρον
3263 2692 3373 2753 τοῖς
3400 2691 3604 2762 ἀρετῆς
3635 2691 3775 2763 βρα-

507 2774 895 2843 cognitionem,
925 2776 1280 2847 ejusdemque
1316 2780 1517 2835 cultum
1557 2798 1769 2837 summa
1801 2785 2079 2841 voluntate

2190 2784 2343 2847 ϐείοις
2372 2782 2676 2851 ἀναστέψας
2701 2781 2859 2834 αὐτὸν
2886 2782 2914 2833 6
2960 2780 3067 2833 τῶν
3109 2781 3243 2833 ὅλων
3298 2780 3451 2845 Θεὸς,
3490 2782 3591 2852 τὴν
3630 2785 3776 2836 κατά

505 2865 800 2934 studioque
826 2869 1114 2937 complexi,
1145 2870 1450 2939 priscorum
1491 2871 1841 2930 Hebraeorum
1873 2878 2076 2933 famam

2190 2875 2285 2927 τῶν
2315 2875 2587 2927 δεσποτῶν
2618 2872 2803 2938 αὐτοῦ,
2826 2873 2921 2925 καὶ
2948 2873 3117 2943 αὐτῆς
3157 2873 3434 2940 Αἰγύπτου
3484 2873 3773 2943 βασιλείαν

503 2961 558 3006 et
586 2954 815 3023 gloriam
871 2957 1163 3013 admodum
1211 2961 1591 3027 illustrarunt;
1644 2974 1705 3019 ut
1736 2981 1803 3019 ex
1856 2967 2072 3023 illorum

2190 2983 2237 3019 re
2254 2966 2345 3019 καὶ
2364 2963 2655 3036 ήγεμονίαν
2684 2964 3040 3035 παραδίδωσι.
3060 2964 3202 3035 Πλὴν
3226 2964 3358 3019 ἀλλὰ
3384 2966 3478 3019 καὶ
3502 2962 3667 3031 οὗτος
3693 2971 3773 3024 Έ-

505 3046 829 3102 auctoritate
855 3050 1015 3116 paulo
1063 3060 1187 3119 post
1232 3053 1520 3122 imperium
1572 3054 1789 3126 Egypti
1816 3059 2075 3127 penderet

2190 3056 2363 3129 Βραῖος
2396 3055 2455 3120 ἐξ
2478 3054 2762 3127 Ἐϐραίων,
2787 3056 2907 3125 οὐχὶ
2934 3055 2989 3108 δέ
3022 3056 3387 3121 Ἰουδαῖος,ὃτι
3423 3059 3560 3128 μηδέ
3581 3055 3656 3130 ἦν
3688 3078 3772 3115 πω

502 3139 841 3194 universum.
866 3140 1140 3212 Joscphus
1191 3149 1336 3199 enim
1383 3147 1494 3216 jam
1552 3150 1897 3206 continentiae
1936 3168 2075 3222 prae-

2190 3149 2244 3203 τὰ
2271 3148 2560 3212 Ἰουδαίων,
2578 3151 2633 3201 ἐν
2648 3150 2762 3211 τοῖς
2792 3147 3026 3219 μάλιστα
3049 3147 3317 3217 θεοφιλέσι
3342 3152 3435 3203 καὶ
3452 3168 3771 3223 τρισμακα-

500 3232 626 3286 miis
662 3232 975 3304 insignitus,
1003 3246 1257 3305 suscepto
1283 3240 1626 3307 postmodum
1657 3240 1876 3313 Egypti
1920 3246 2073 3315 prin-

2190 3244 2315 3315 ρίοις
2331 3242 2668 3313 ἀνείληπται.
2692 3240 2846 3294 Μετά
2866 3239 2921 3293 δέ
2942 3240 3069 3303 τοὺς
3090 3242 3411 3311 εἰρημένους
3450 3243 3766 3314 Ἐϐραίους,

496 3325 702 3395 cipatu,
727 3343 995 3381 summam
1036 3327 1385 3384 Hebraeorum
1436 3347 1661 3388 suorum
1703 3337 2073 3408 eximiamque

2190 3334 2361 3405 ἐπειδὴ
2401 3334 2481 3397 είς
2512 3331 2960 3402 πολυανθρωπίαν
2988 3331 3232 3384 ἐπεδίδου
3261 3331 3323 3384 τὸ
3341 3332 3448 3385 τῶν
3474 3335 3768 3403 ἀπογόνων

499 3418 755 3472 virtutem
790 3419 845 3471 in
881 3421 1122 3473 omnium
1151 3422 1325 3477 oculis
1358 3440 1421 3479 ac
1452 3426 1571 3482 luce
1588 3429 1894 3485 collocavit.
1924 3430 2071 3497 Qua-

498 3524 557 3563 re
583 3511 649 3565 ad
684 3512 803 3581 ejus
832 3526 1053 3581 quoque
1084 3512 1440 3571 imitationem
1484 3522 1633 3575 omni
1678 3523 1861 3580 studio
1909 3526 2069 3581 nobis

498 3597 853 3665 aspirandum
905 3617 1026 3656 esse
1064 3603 1355 3672 duximus,
1392 3610 1603 3665 tametsi
1636 3612 1787 3679 prius
1814 3614 1867 3669 in
1897 3617 2069 3671 servi-

501 3695 691 3755 tutem,
718 3700 771 3745 et
797 3692 1035 3748 hominis
1064 3692 1301 3765 [Egyptii
1319 3699 1655 3765 servitutem,
1680 3701 1909 3759 fratrum
1936 3706 2068 3761 insi-

486 3778 605 3835 Idiis
636 3790 689 3835 et
737 3785 948 3839 artibus
976 3786 1241 3841 abductus
1277 3788 1487 3846 fuisset.
1523 3792 1659 3848 Nam
1705 3797 2066 3856 adolescentis

496 3872 714 3943 quidem
747 3891 909 3945 quam
940 3880 1139 3934 eximia
1164 3882 1371 3950 species
1392 3925 1405 3947 ,
1438 3898 1639 3953 quanta
1687 3887 1769 3941 vis
1815 3891 2065 3959 corporis

493 3973 551 4019 et
580 3965 927 4035 pulchritudo
958 3970 1143 4037 fuerit,
1179 3972 1337 4027 facile
1363 3978 1715 4044 pnetermilto
1735 4019 1749 4042 ,
1784 3980 1908 4035 licet
1953 3982 2064 4039 oris

480 4071 618 4112 'eum
672 4074 734 4114 ac
756 4058 944 4116 forma:
1010 4064 1175 4119 totius
1228 4066 1493 4136 elegantia
1552 4072 1763 4127 cazteris
1810 4074 2065 4131 omnibus

490 4151 813 4220 praestitisse
842 4154 1071 4210 historia
1102 4158 1285 4212 divina
1316 4169 1561 4215 testetur.
1594 4161 1775 4217 Animi
1816 4180 1943 4219 vero
1966 4168 2065 4222 do-

497 4252 580 4296 tes
620 4253 798 4313 atque
841 4236 1161 4301 ornamenta
1196 4250 1321 4318 quis
1377 4252 1595 4306 tandem
1655 4269 1753 4323 pro
1802 4256 2064 4327 dignitate

493 4348 922 4404 commemoret,
951 4340 998 4395 si
1041 4356 1167 4396 cum
1195 4351 1357 4397 tantae
1381 4346 1599 4401 virtutis
1638 4348 1954 4404 excellentia
1986 4367 2062 4406 a2-

493 4438 666 4494 quare
716 4438 944 4484 conetur
983 4433 1411 4499 magnitudinem
1441 4436 1814 4494 laudationis?
1845 4440 1909 4496 Et
1937 4444 2061 4512 qui-

2178 3423 2352 3492 γένος,
2377 3424 2475 3495 ήδη
2500 3440 2559 3476 τε
2590 3422 2768 3476 καὶτὸ
2808 3421 3072 3475 Ἰουδαίων
3118 3421 3175 3488 ἐξ
3208 3422 3386 3475 αὐτῶν
3418 3422 3575 3488 ἔθνος
3610 3444 3770 3481 συνε-

2179 3516 2340 3580 στὼς,
2368 3514 2659 3579 ἐπλεόναζὲ
2690 3532 2748 3569 τε
2800 3514 3067 3586 ὁσημέραι
3100 3515 3193 3568 καὶ
3240 3514 3532 3586 ἐπλήθυνε,
3560 3518 3639 3571 τά
3668 3520 3765 3590 μὲν

2124 3646 2127 3647 ν
2174 3604 2273 3673 τῆς
2293 3602 2547 3667 εὐσεϐοῦς
2575 3602 2799 3672 ἀγωγῆς
2822 3602 2929 3655 τῶν
2958 3602 3233 3673 πρόπαλαι
3254 3603 3515 3672 θεοφιλῶν
3545 3625 3763 3677 προπα-

2174 3697 2349 3767 τόρων
2390 3696 2530 3749 κατὰ
2560 3696 2791 3767 σμικρὸν
2848 3695 3033 3758 αὐτοῖς
3084 3695 3380 3766 ἐξησθένει,
3434 3698 3530 3750 καὶ
3569 3700 3764 3771 ἀπιμ-

2175 3789 2414 3842 ϐλύνετο·
2444 3788 2511 3841 τά
2538 3790 2595 3842 δέ
2620 3792 2720 3860 τῆς
2764 3788 2894 3859 παρ’
2918 3788 3234 3857 Αἰγυπτίοις
3259 3788 3543 3861 διατριϐῆς
3567 3793 3762 3846 τοσοῦ-

2173 3900 2263 3935 τον
2286 3883 2383 3953 τῆς
2412 3882 2518 3934 τῶν
2546 3880 2890 3952 δηλουμένων
2939 3878 3197 3949 κατίσχυε
3244 3880 3481 3951 πληθύος
3501 3922 3516 3945 ,
3550 3882 3635 3947 ὡς
3665 3887 3760 3954 τῆς

2176 3974 2274 4045 μὲν
2311 3973 2533 4043 πατρίου
2570 3972 2769 4041 ἀρετῆς
2802 3974 2879 4035 είς
2904 3970 3074 4042 λήθην
3099 3970 3288 4023 ἐλθεῖνο
3310 3974 3375 4041 τῇ
3404 3971 3458 4023 δὲ
3494 3975 3630 4045 παρ’
3661 3976 3756 4026 Δία

2172 4064 2419 4133 γυπτίοις
2452 4062 2802 4134 όμοιοτροπία⁵
2853 4063 2979 4125 τοὺς
3030 4062 3174 4132 βίους
3210 4063 3653 4134 περιενεχθῆναι,
3684 4066 3756 4128 ώς

2172 4154 2313 4206 κατά
2343 4154 2505 4225 μηδὲν
2534 4155 2843 4223 Αἰγυπτίων
2891 4153 2981 4207 τὸν
3005 4154 3203 4223 τρόπον
3238 4153 3513 4224 διαφέρειν
3549 4156 3753 4210 δοκεῖν.

2184 4246 2443 4301 Ἐνταῦθα
2467 4248 2603 4318 δῆτα
2629 4248 2811 4309 αὐτοῖς
2836 4247 3059 4299 τοιοῖσδε
3098 4246 3552 4311 ἀποτελεσθεῖσιν,
3580 4251 3612 4302 6
3651 4250 3754 4302 τῶν

2170 4338 2529 4410 προπατόρων
2560 4339 2691 4403 Θεὸς
2740 4338 2981 4409 ἡγεμόνα
3012 4338 3104 4393 καὶ
3149 4338 3442 4410 νομοθέτην
3474 4341 3753 4412 ἐκπέμπει
3824 4392 3825 4411 η

2169 4431 2427 4493 Μωῡσέα,
2461 4431 2558 4494 τὰς
2592 4429 2678 4483 διὰ
2715 4429 2979 4502 χρησμῶν
3006 4430 3113 4482 τῶν
3133 4430 3268 4500 πρὸς
3294 4430 3420 4492 τοὺς
3448 4432 3752 4501 προγόνους
3822 4460 3823 4475 ς

495 4518 620 4573 dem
650 4534 910 4577 constans
943 4521 1089 4578 fama
1123 4534 1226 4589 est,
1259 4526 1437 4595 ipsum
1480 4543 1511 4583 a
1560 4540 1754 4586 natura
1784 4532 2059 4589 liberalem

2190 4520 2348 4573 ιύτῶν
2377 4520 2734 4590 πιστούμενος
2782 4520 3129 4589 ἐπαγγελίας.
3187 4520 3435 4574 Κᾶπειτα
3486 4522 3554 4574 δι’
3583 4524 3746 4576 αὐτοῦ
3820 4530 3821 4537 ‘

491 4615 785 4681 quamdam
821 4616 1055 4685 speciem
1085 4618 1363 4686 habuisse,
1394 4638 1458 4677 ac
1489 4626 1676 4679 nescio
1705 4627 1835 4696 quid
1867 4627 2065 4681 nobili-

2190 4612 2233 4665 τὰ
2263 4612 2587 4683 ἀνάγραπτα
2614 4612 2887 4683 θαύματα,
2920 4614 3014 4666 καὶ
3056 4612 3156 4676 τὰς
3186 4613 3524 4684 παραδόξους
3554 4614 3747 4685 θεοσηε

489 4705 618 4759 tatis
650 4706 704 4759 in
734 4708 1001 4774 moribus,
1030 4712 1175 4779 quod
1202 4728 1267 4765 ex
1310 4714 1430 4782 ipso
1461 4731 1680 4785 quoque
1712 4719 1863 4773 vultu
1910 4719 2060 4775 cillo-

2190 4707 2323 4770 ιείας
2358 4706 2693 4768 ἐπιτελέσας,
2748 4703 2841 4758 τὸν
2894 4705 3149 4777 ἁρμόδιον
3170 4708 3282 4768 τοῖς
3309 4704 3418 4757 τῶν
3454 4707 3746 4777 ἀκροωμέ-

2298 4798 2357 4814 ..η
2591 4797 2709 4814 ρης
2900 4798 2913 4814 ,
3089 4799 3149 4814 Α.
3250 4798 3271 4814 η
3542 4798 3565 4807 -
3661 4795 3686 4814 τ

491 4802 834 4856 rescereLAt
860 4817 991 4857 vero
1021 4804 1285 4873 ejusmodi
1318 4809 1533 4877 pietatis
1567 4810 1873 4879 insignibus
1902 4812 2059 4867 eﬂul-

2190 4818 2270 4851 ’ων
2295 4798 2447 4869 ⁴ήθεσι
2478 4797 2838 4869 προϐάλλεται
2857 4798 3041 4869 νόμον.
3086 4799 3197 4869 Οὐχ
3216 4798 3347 4861 οἵοις
3370 4814 3427 4850 τε
3469 4798 3607 4867 γοῦν
3629 4797 3743 4853 οὖσι

491 4891 670 4959 gebat,
707 4900 767 4945 ut
790 4909 1004 4948 summa
1031 4896 1396 4962 continentiae,
1415 4901 1707 4970 aequitatis,
1739 4904 2057 4973 prudentie,

2194 4893 2226 4945 ι’
2259 4890 2583 4962 ἀϐελτηρίαν
2635 4890 2836 4962 τρόπου
2868 4889 2967 4959 τὴν
3012 4890 3238 4960 πάτριον
3294 4888 3489 4959 ζηλοῦν
3517 4891 3737 4963 ἀρετὴν,

482 4981 826 5039 fortitudinis
865 4986 1024 5041 laude
1052 4988 1391 5045 clarissimus
1422 5006 1545 5045 cum
1590 5003 1753 5057 esset,
1786 4995 1924 5049 idem
1971 5004 2056 5051 ta-

2190 4978 2247 5036 ἷα
2276 4983 2339 5053 δὴ
2363 4982 2459 5046 τὰς
2485 4981 2660 5052 ψυχὰς
2686 4980 2951 5053 ἐμπαθεῖς
2978 4983 3072 5034 καὶ
3120 4980 3401 5053 νενοσηλευ
3410 4982 3589 5052 μένοι,
3644 4985 3739 5055 τὴν

488 5087 613 5125 men
648 5075 921 5144 praecipua
952 5077 1189 5145 quadam
1223 5084 1570 5150 prtepotentis
1594 5082 1690 5138 Dei
1722 5085 1913 5139 notitia
1942 5086 2059 5141 cul-

2190 5074 2489 5145 ίατάλληλον
2519 5073 2931 5145 παρελάμϐανον
2956 5073 3246 5139 πολιτείαν,
3267 5074 3332 5127 τὰ
3374 5074 3474 5145 μὲν
3522 5094 3737 5146 προφα·

486 5154 659 5234 tuque
685 5176 984 5235 pratstarct,
1035 5170 1192 5241 cujus
1237 5173 1523 5243 utriusque
1560 5177 1792 5242 semina,
1836 5178 1949 5248 jam
1988 5179 2057 5234 ab

2192 5167 2265 5231 ῶς
2300 5169 2362 5219 ἐκ
2388 5166 2483 5219 τοῦ
2512 5165 2778 5237 προδήλου
2804 5165 3220 5236 διαταττομένου
3248 5169 3547 5232 Μωῦσέως’
3574 5169 3644 5220 τὰ
3659 5168 3735 5229 δὲ,

490 5256 622 5323 ipsis
659 5259 784 5312 inde
840 5263 1151 5329 cunabulis,
1191 5264 1418 5321 infantis
1475 5268 1529 5321 in
1566 5270 1750 5325 animo
1804 5282 2056 5341 parentes

2192 5260 2223 5313 ι’
2253 5260 2518 5314 ὑπονοιῶν
2573 5259 2966 5330 αἰνιττομένου,
3026 5256 3269 5330 σύμϐολα
3312 5278 3371 5312 τε
3410 5262 3505 5314 καὶ
3557 5261 3733 5323 σκιὰς,

482 5346 681 5414 jecisse
722 5350 925 5405 ferunt.
984 5350 1129 5424 Ergo
1180 5356 1545 5414 adolescentis
1602 5375 1792 5416 amore
1845 5364 2055 5418 domini

2190 5351 2272 5404 ,λλ’
2302 5352 2362 5403 οὐ
2392 5350 2600 5421 γυμνὴν
2629 5349 2882 5420 ἀλήθειαν
2906 5349 3191 5419 φυλάττειν
3220 5351 3401 5415 αὐτοῖς
3430 5354 3526 5405 καὶ
3550 5367 3615 5403 πε
3626 5352 3734 5421 ριέ-

488 5453 629 5491 uxor
660 5443 1044 5510 exardescens,
1076 5461 1200 5500 eum
1227 5462 1351 5502 eum
1384 5450 1564 5519 primo
1586 5452 1888 5521 juventutis
1922 5454 2055 5511 flore

2190 5459 2280 5495 ;ειν
2312 5440 2665 5512 ὑποθεμένου.
2718 5439 2828 5493 Καὶ
2874 5440 2939 5509 δὴ
2978 5441 3038 5492 τὸ
3084 5442 3351 5494 Ἰουδαίων
3408 5442 3728 5509 πολίτευμα,

484 5536 865 5603 conspicuum,
897 5539 950 5593 in
997 5539 1255 5598 lascivam
1286 5542 1717 5619 ﬂagitiosamque
1764 5561 2055 5607 consuetu-

2190 5532 2404 5588 ντεῦθέν
2436 5531 2598 5585 ποθεν
2642 5531 2749 5584 ἀπὸ
2770 5531 3050 5595 Μωῦσέως
3077 5531 3402 5603 ἀρξάμενον,
3443 5532 3603 5603 μέχρι
3636 5531 3732 5583 καὶ

482 5626 667 5681 dinem
694 5630 942 5699 pellicere
960 5647 1271 5705 conaretur,
1287 5640 1685 5713 verborumque
1706 5645 1883 5715 primo
1906 5645 2053 5704 blam

2190 5627 2253 5697 ῆς
2282 5625 2376 5679 τοῦ
2408 5625 2658 5697 Σωτῆρος
2709 5623 2866 5695 ήμῶν
2913 5623 3085 5695 Ἰησοῦ
3144 5624 3379 5697 mmo
3428 5622 3730 5699 παρουσίας

556 5788 603 5818 ⁸⁸
635 5785 769 5842 Gen.
804 5806 964 5859 xxxv,
1004 5794 1085 5848 lO.
