3864 6386
148 316 239 372 5‘39
1266 322 1589 382 ΡΗᾸΞΡΑΒ.
1628 328 1686 383 E‘

1794 330 1877 387 iG.
1917 332 2043 387 LIB.
2084 330 2195 389 VII.

3261 346 3364 403 530

75 477 87 495 ,
141 433 243 494 sui;
269 429 371 482 τῶν
399 431 611 486 οίκείων
640 434 935 506 προφητῶν
969 435 1273 502 ἀκολούθως
1304 445 1504 508 φωναῖς
1530 443 1679 513 διαρ-

1794 444 1925 501 iitiis
1946 456 2290 515 attentatum,
2314 465 2439 505 mox
2459 456 2712 523 precibus
2729 460 2890 516 etiam
2909 463 3344 520 et'obsecrationi

142 525 228 577 κεί.
256 524 365 576 Ὀτι
383 524 444 595 δὴ
468 526 559 578 καὶ
597 527 754 580 τοῦτο
787 530 1062 593 Μωῦσέως
1088 526 1154 603 ἦν
1207 533 1371 587 αὐτοῦ
1434 537 1527 588 καὶ
1583 537 1690 590 τῶν

145 614 405 687 μετέπειτα
471 619 767 690 προφητῶν
812 620 1107 693 θέσπισμα,
1144 624 1218 695 μὴ
1245 626 1509 698 πρότερον
1552 628 1689 684 ἐκλι-

141 710 241 760 πεῖν
271 708 332 761 τὰ
373 709 654 774 Μωῦσέως
710 712 916 783 νόμιμά
957 731 1016 766 τε
1047 715 1139 767 καὶ
1167 716 1529 788 διατάγματα,
1557 722 1589 790 ἥ
1621 724 1689 775 τὰ

140 799 217 852 τοῦ
243 799 465 869 Χριστοῦ
492 803 747 873 φανῆναι,
764 804 831 862 τὰ
855 807 1163 877 τῆςΚαινῆς
1182 809 1377 881 δηλαδὴ
1395 812 1685 885 Διαθήκης,

144 888 225 956 τῆς
253 887 331 940 διὰ
362 887 452 939 τοῦ
483 890 740 961 Σωτῆρος
760 894 791 963 ή
802 892 918 962 μῶν
967 896 1098 947 πᾶσι
1132 900 1240 961 τοῖς
1276 898 1452 953 ἔθνεσι
1483 919 1688 973 κατηγ-

140 978 395 1047 γελξλιένης⁸
434 978 470 1033 ἃ
502 981 596 1034 καὶ
643 977 743 1035 ὧδε
770 984 954 1049 τέλους
980 986 1188 1058 ἔτυχεν,
1275 992 1369 1044 καὶ
1395 992 1687 1063 ἀναπεφώ-

138 1086 283 1138 νηται.
322 1070 456 1122 Ἀλλ’
489 1072 682 1144 ἐπειδὴ
716 1074 804 1127 τὸν
832 1077 938 1129 τῶν
972 1078 1074 1149 πρὸ
1107 1081 1384 1146 Μωῦσέως
1423 1084 1687 1155 Ἐϐραίων

141 1160 233 1230 βίον
250 1164 299 1213 ἐν
319 1162 483 1232 ὀλίγῳ
519 1163 928 1235 διεληλύθαμεν,
972 1171 1065 1223 καὶ
1104 1170 1191 1224 τόν
1220 1190 1281 1241 γε
1312 1177 1410 1245 τῆς
1440 1178 1559 1229 κατ’
1584 1179 1685 1230 αὺ-

136 1254 238 1316 τοὺς
262 1252 541 1317 εὐσεῦείας
595 1257 917 1328 χαρακτῆρα
950 1264 1390 1333 παρεστήσαμεν,
1439 1265 1557 1338 ὥρα
1592 1269 1684 1322 καὶ

136 1348 209 1398 τὸν
228 1346 546 1414 δογματικὸν
582 1348 761 1401 αὐτῶν
811 1351 1029 1420 τρόπον,
1059 1355 1166 1407 ἀπό
1189 1373 1248 1409 τε
1281 1358 1379 1428 τῆς
1406 1361 1695 1435 Μωῦσὲως,

136 1438 321 1513 γραφῆς
341 1440 431 1491 καὶ
472 1439 585 1492 τῶν
619 1442 913 1509 μετάὐτὸν
944 1447 1235 1517 προφητῶν
1256 1448 1675 1520 ἐπισκέψασθαι.

1788 535 1889 592 bus
1913 547 2141 609 urgeret,
2157 539 2222 595 ad
2244 550 2547 599 extremum
2569 562 2637 602 ne
2651 549 2915 608 violentas
2935 554 3151 623 quidem
3174 573 3369 613 manus

1787 632 1958 687 eidem
1998 632 2220 702 injicere
2262 643 2315 691 et
2351 638 2605 697 obscenis
2633 658 2755 698 cum
2789 645 3189 719 impudicisque
3217 666 3366 707 com-

1790 719 2038 790 plexibus
2056 740 2299 793 premere
2316 740 2593 785 vereretur
2610 750 2623 787 :
2640 734 2975 793 clarissimus
2992 739 3153 795 heros
3165 739 3363 795 doctri-

1790 828 1873 867 nm
1894 824 2178 883 parentum
2204 820 2559 878 sanctissimae.
2595 827 2931 893 recordatus,
2967 846 3033 885 ac
3051 847 3171 887 sese
3189 833 3356 887 divini

1792 906 2054 960 cultorem
2079 905 2351 977 Numinis,
2377 928 2675 985 verumque
2700 917 3005 987 Hebraeum,
3031 938 3139 977 non
3163 940 3220 978 re
3244 926 3357 995 ipsa

1792 997 1974 1053 minus
1995 1015 2157 1069 quam
2191 1005 2435 1060 oratione
2458 1006 2756 1076 professus,
2777 1021 2985 1080 turpem
3014 1030 3077 1069 ac
3100 1015 3359 1072 libidino-

1793 1107 1908 1146 sam
1937 1094 2312 1151 mulierculam
2338 1099 2645 1157 robustiore
2666 1104 2883 1160 dextera
2907 1108 3076 1162 victor
3096 1114 3356 1177 excussit.

1791 1197 1855 1237 ac
1876 1184 2039 1255 312
2059 1187 2281 1255 perinde
2301 1197 2357 1244 ut
2377 1192 2423 1245 si
2439 1205 2503 1246 ex
2524 1192 2807 1250 horrendae
2824 1196 3161 1271 furentisque
3176 1202 3361 1258 bestia:

1788 1274 2043 1333 dentibus
2075 1294 2193 1335 sese
2222 1281 2544 1352 proriperet,
2570 1286 2727 1340 saluti
2754 1304 2867 1343 suae
2902 1289 3025 1362 fuga
3062 1294 3356 1348 consuluit.

1787 1363 1925 1421 Tum
1951 1368 2092 1423 idem
2124 1385 2309 1425 secum
2344 1372 2459 1443 ipse
2478 1390 2591 1430 rem
2616 1386 2827 1434 matura
2850 1382 3173 1453 cogitatibne
3200 1400 3363 1454 repu-

1784 1463 1963 1514 tanszi
1999 1459 2056 1514 Si
2089 1460 2344 1519 dominus
2373 1480 2528 1521 meus
2555 1475 2775 1539 propter
2807 1487 2891 1527 me
2937 1474 3070 1529 nihil
3096 1478 3243 1531 novit
3274 1492 3363 1531 eo—

137 1552 233 1590 rum
262 1552 375 1606 que:
408 1545 543 1591 sunt
569 1536 623 1588 in
647 1536 809 1591 domo
847 1538 983 1606 ejus,
1022 1549 1076 1594 et
1110 1543 1290 1596 omnia
1318 1561 1440 1614 qua:
1468 1548 1539 1601 ibi
1566 1558 1691 1603 sunt
1730 1553 1953 1608 tradidit
1998 1554 2050 1609 in
2083 1572 2278 1614 manus
2307 1575 2477 1628 meas,
2502 1536 2776 1632 quomodo
2797 1568 3002 1623 malum
3028 1572 3132 1627 hoc
3154 1573 3359 1643 grande

136 1633 320 1697 faciam,
360 1645 413 1690 et
441 1636 688 1705 peccabo
712 1634 763 1688 in
781 1645 1072 1706 conspectu
1110 1639 1202 1693 Dei
1230 1639 1340 1693 ⁸⁸2»
1378 1640 1739 1708 Quamobrem
1770 1647 1912 1706 Deus
1949 1667 2073 1707 eum
2125 1666 2428 1725 prtepotens
2474 1668 2731 1730 tanquam
2766 1663 2958 1719 illustri
2994 1667 3220 1722 victoria
3262 1685 3362 1723 no-

138 1730 289 1795 bilem,
344 1731 534 1801 dignis
566 1731 769 1787 virtute
818 1734 1058 1802 praemiis
1094 1735 1442 1805 honestavit,
1482 1739 1938 1815 dominorumque
2000 1760 2223 1802 suorum
2253 1792 2269 1817 ,
2322 1753 2433 1808 imo
2477 1757 2647 1812 totius
2693 1760 2856 1814 etiam
2906 1760 3120 1834 Egypti
3152 1766 3358 1834 princi-

136 1837 232 1892 pem
263 1823 776 1895 moderatoremque
805 1828 1109 1882 constituit.
1141 1828 1318 1899 Atque
1346 1829 1391 1886 is
1414 1828 1675 1889 Hebraeus
1712 1837 1961 1891 Similiter
1990 1848 2155 1910 atque
2204 1857 2270 1897 ex
2321 1842 2558 1903 Hebraeis
2613 1860 2766 1908 satus
2813 1863 2948 1921 erat,
3102 1823 3355 1925 Jddseus;

135 1930 215 1970 nec
242 1917 379 1970 enim
431 1915 752 1972 Judmorum
814 1920 991 1974 adhuc
1022 1936 1153 1990 gens
1216 1922 1326 1976 ulla
1380 1924 1658 1982 coaluerat
1691 1945 1706 1982 ι
1747 1929 1886 1983 idem
1931 1940 2113 1989 tamen
2144 1934 2199 1988 in
2254 1937 2499 1994 virorum
2536 1942 2613 1995 uti
2643 1941 2752 1998 Deo
2780 1946 3255 2016 cbarissimorum,
3282 1954 3363 2007 ita

136 2008 266 2080 longe
315 2008 769 2065 felicissimorum
813 2012 988 2068 classe
1032 2029 1368 2086 numeroque
1414 2028 1686 2075 censetur.
1728 2021 1933 2078 Deinde
1980 2041 2131 2092 vero,
2184 2029 2344 2100 longa
2406 2047 2503 2101 per
2544 2034 2763 2090 eosdem
2816 2036 3068 2097 Hebraeos
3110 2056 3359 2113 postero-

136 2115 233 2153 rum
259 2102 392 2156 serie
420 2112 747 2174 propagata,
774 2118 902 2158 cum
930 2103 1043 2174 jam
1083 2120 1145 2160 ex
1181 2106 1250 2163 iis
1293 2106 1525 2163 conﬂata
1551 2106 1862 2167 Iudaeorum
1914 2115 2085 2181 natio,
2135 2119 2305 2175 multa
2356 2121 2411 2176 in
2452 2123 2569 2180 dies
2609 2126 2796 2183 sobole
2841 2102 3127 2200 glisceret;
3154 2134 3359 2191 factum

136 2203 203 2247 est
231 2195 405 2249 nescio
435 2211 555 2265 quo
592 2205 770 2264 pacto,
804 2207 1006 2253 utcum
1050 2202 1224 2269 prima
1280 2202 1394 2271 illa,
1437 2219 1602 2274 quam
1652 2222 1683 2261 a
1721 2205 1834 2263 Deo
1888 2209 2229 2270 cbarissimis
2254 2215 2555 2287 majoribus
2600 2195 2962 2293 acceperant,
3022 2195 3241 2297 pietatis
3296 2248 3361 2287 ac

136 2290 381 2357 religionis
413 2292 693 2348 institutio
735 2292 1012 2350 debilitata
1062 2297 1321 2366 paulatim
1371 2300 1674 2372 obtusaque
1712 2302 2061 2363 bebesceret:
2096 2316 2210 2364 tum
2258 2326 2386 2367 vero
2431 2320 2643 2370 tantum
2671 2290 2814 2387 apud
2858 2332 2950 2372 eos
2983 2290 3359 2390 Azlgyptiorum

135 2386 334 2439 societas
385 2389 817 2458 communioque
887 2400 1090 2459 posset,
1145 2400 1205 2446 ut
1262 2394 1452 2463 patria:
1510 2396 1727 2453 virtutis
1765 2409 2122 2458 evanescente
2170 2408 2454 2473 memoria,
2511 2409 2591 2464 sic
2638 2408 3016 2481 Egyptiorum
3068 2429 3248 2470 mores
3298 2433 3363 2471 ac

136 2480 248 2535 ritus
291 2482 602 2548 induerent,
649 2484 784 2539 nihil
819 2494 876 2540 ut
925 2486 1066 2541 inter
1092 2488 1373 2558 utriusque
1410 2492 1593 2561 populi
1649 2493 1774 2549 vitae
1811 2510 1982 2565 genus
2007 2497 2340 2556 discriminis
2360 2516 2480 2558 esse
2504 2504 2795 2559 videretur.
2831 2505 2950 2571 Quo
2978 2510 3030 2561 in
3060 2524 3239 2562 rerum
3270 2526 3362 2562 ar-

140 2577 293 2642 ticulo,
326 2589 549 2648 patrum
590 2580 678 2635 ille
716 2595 938 2636 suorum
975 2582 1117 2637 Deus
1160 2582 1374 2657 Moysen
1420 2586 1489 2640 ad
1538 2603 1633 2643 eos
1683 2588 2046 2659 legislatorem
2125 2594 2313 2660 mittit,
2364 2597 2539 2666 iisque
2587 2600 3036 2669 promissionibus
3100 2602 3258 2656 tidem
3306 2616 3363 2655 re

137 2671 230 2741 ipsa
266 2676 547 2740 conciliat,
574 2677 777 2746 quibus
807 2693 997 2732 eorum
1042 2694 1163 2733 sese
1206 2681 1535 2749 majoribus,
1589 2684 1787 2740 divinis
1832 2687 1995 2741 etiam
2027 2690 2262 2745 oraculis
2294 2691 2675 2749 obstrinxerat.
2722 2694 2856 2748 Tum
2914 2696 3001 2761 iis,
3067 2712 3187 2766 quae
3229 2698 3363 2751 scri-

136 2774 205 2833 pta
228 2769 496 2838 leguntur,
531 2772 831 2837 miraculis,
858 2781 1019 2842 atque
1050 2776 1323 2830 inusitatis
1353 2787 1478 2833 ante
1539 2780 1798 2851 prodigiis
1867 2782 2038 2852 ipsius
2093 2800 2257 2840 manu
2316 2791 2659 2859 perpetratis,
2712 2801 3098 2863 congruentem
3135 2793 3360 2847 audien-

137 2863 244 2916 tium
276 2866 523 2919 moribus
559 2867 729 2935 legem
778 2868 1105 2937 promulgat.
1150 2868 1288 2923 Cum
1328 2871 1474 2925 enim
1536 2874 1605 2927 ob
1654 2873 1921 2945 insignem
1970 2891 2183 2932 morum
2228 2881 2608 2950 asperitatem,
2660 2892 2875 2953 patrum
2926 2900 3150 2940 suorum
3188 2887 3361 2940 virtu-

136 2968 222 3010 tem
246 2960 490 3013 aemulari
527 2976 633 3014 non
684 2973 886 3030 posset,
949 2963 1017 3017 iis
1071 2973 1255 3033 utpote
1304 2965 1510 3019 morbis
1571 2967 1876 3022 animorum
1928 2968 2305 3027 laborantibus
2356 2985 2775 3031 consentaneam
2836 2977 3066 3033 instituti
3131 2977 3360 3048 vitaeque

135 3053 371 3107 rationem
422 3056 499 3108 ita
551 3057 903 3126 praescripsit,
928 3067 987 3112 ut
1029 3059 1096 3112 de
1151 3060 1429 3115 nonnullis
1488 3060 1634 3116 clare
1687 3064 2082 3135 perspicueque
2137 3076 2436 3132 statueret,
2476 3070 2580 3123 alia
2638 3068 2992 3140 aenigmaticis
3036 3068 3360 3139 quibusdam

136 3149 285 3204 sensis
315 3150 616 3214 involvens,
669 3161 827 3207 notus
868 3153 1130 3209 duntaxat
1180 3156 1507 3225 umbrasque
1554 3172 1757 3223 rerum,
1801 3174 1909 3213 non
1944 3171 2183 3231 apertam
2220 3162 2531 3234 nudamque
2552 3164 2853 3229 veritatem,
2877 3163 3267 3219 consectandas
3295 3163 3362 3219 iis

136 3243 582 3314 obsenandasque
639 3257 981 3315 proponeret.
1034 3250 1210 3319 Atque
1252 3250 1392 3305 hanc
1427 3250 1667 3307 Iudaicae
1708 3254 1840 3324 reip.
1889 3253 2145 3324 formam,
2193 3273 2315 3327 qum
2345 3274 2375 3313 a
2422 3258 2613 3330 Moyse
2643 3259 2909 3315 delineata
2933 3258 3165 3328 primum
3196 3268 3248 3313 et
3276 3258 3362 3312 in-

138 3329 339 3389 formata
400 3337 600 3403 fuerat,
645 3339 712 3391 ad
764 3338 1067 3396 Servatoris
1129 3358 1301 3412 usque
1345 3346 1517 3400 nostri
1580 3344 1707 3400 Jesu
1741 3346 1943 3403 Christi
1993 3349 2281 3404 adventum
2331 3351 2520 3406 ﬂorere
2580 3368 2644 3406 ac
2688 3354 2866 3421 vigere
2916 3352 3233 3421 oportebat,
3282 3351 3359 3405 uti

138 3423 354 3481 luturum
391 3429 508 3483 suis
575 3430 787 3499 ipsimet
834 3430 1146 3488 Iudaeorum
1198 3437 1475 3506 praphetm
1526 3439 1763 3493 oraculis
1803 3440 2133 3496 cecinerant.
2167 3441 2302 3497 Nam
2346 3443 2540 3513 pzzrtim
2586 3445 2654 3497 ab
2708 3441 3066 3513 ipsoMoyse,
3098 3441 3293 3510 partim
3328 3457 3360 3495 ει

138 3525 461 3591 sequentibus
506 3525 667 3597 313
708 3529 986 3597 prophetis
1015 3530 1128 3598 jam
1168 3531 1297 3585 olim
1342 3533 1655 3601 praedictum
1696 3534 1816 3601 fuit,
1851 3552 1957 3590 non
1983 3549 2106 3593 ante
2148 3539 2383 3593 sancitas
2421 3554 2451 3592 a
2505 3538 2686 3609 Moyse
2723 3538 2867 3608 leges
2903 3538 3241 3606 antiquatum
3268 3537 3358 3599 iri.

138 3632 278 3685 quam
322 3636 413 3675 eas
461 3619 710 3677 Christus
763 3621 895 3677 Novi
927 3622 1256 3679 Testamenti
1317 3628 1528 3682 tabulas
1579 3630 1854 3698 conderet,
1923 3648 2061 3701 quas
2105 3650 2251 3688 nunc
2293 3634 2510 3689 demum
2561 3633 2801 3703 ejusdem
2843 3630 3146 3686 Servatoris
3187 3631 3359 3687 nostri

139 3726 358 3785 munere,
396 3719 649 3788 gentibus
672 3719 873 3789 passim
901 3720 1155 3775 omnibus
1206 3723 1508 3792 resignatas
1557 3732 1719 3794 atque
1755 3727 2048 3797 explicatas
2105 3730 2347 3799 adeoque
2389 3730 2770 3799 praedictorum
2816 3730 3031 3783 illorum
3079 3727 3357 3781 veritatem

139 3812 240 3879 ipso
267 3829 443 3867 rerum
477 3814 622 3867 exitu
648 3813 1051 3883 comprobatam
1093 3814 1356 3869 videmus.
1395 3815 1502 3870 Sed
1558 3819 1817 3887 quoniant
1847 3821 1941 3876 'de
2000 3820 2353 3881 Hebrteorum
2403 3824 2641 3889 illorum,
2679 3824 2771 3893 qui
2811 3831 2933 3876 ante
2975 3820 3210 3891 Moysem
3246 3819 3357 3874 cia-

142 3916 360 3967 ruerunt,
393 3905 525 3959 vita
557 3904 763 3959 ratione
809 3922 977 3975 pauca
1033 3907 1343 3971 libavimus,
1393 3924 1600 3978 suoque
1645 3913 1961 3981 religionem
2008 3915 2251 3985 ipsorum
2321 3916 2633 3971 charactere
2689 3930 3001 3986 expressam
3074 3916 3360 3984 consigna-

142 4006 334 4066 tamque
354 3996 744 4066 produximus;
773 4013 1113 4067 consequens
1147 4008 1228 4054 est
1270 4000 1346 4054 uti
1375 4001 1489 4070 jam
1532 4017 1722 4058 eorum
1760 4006 2021 4062 doctrina:
2052 4008 2248 4079 capita,
2282 4017 2394 4063 tum
2432 4008 2630 4079 Moysis
2660 4009 2925 4079 ejusdem,
2954 4017 3067 4061 tum
3100 4007 3360 4077 posterio-

144 4104 245 4144 rum
268 4107 324 4146 ex
355 4092 739 4163 prophetarum
771 4094 988 4162 scriptis
1038 4094 1352 4167 deprompta
1389 4101 1838 4170 contemplemur.

655 4210 1042 4265 ΚΕΦΑΛΑΙΟΝ
1070 4213 1124 4265 6'
1132 4254 1147 4269 .

2388 4222 2618 4286 CAPUT
2654 4224 2741 4278 IX.

144 4298 262 4363 Περὶ
292 4299 402 4352 τῶν
420 4303 556 4368 παρ’
588 4300 877 4368 Ἑϐραίοις
890 4301 1259 4372 δογματικῶν
1283 4306 1685 4376 θεωρτυιάτων.

206 4414 408 4485 Πρῶτος
428 4417 473 4470 δ’
494 4412 585 4471 οὖν
616 4417 871 4470 ἁπάντων
900 4418 1058 4481 αὐτὸς
1079 4421 1284 4484 ἐκεῖνος
1326 4424 1353 4475 ὁ
1388 4422 1690 4494 Θαυμάσιος

148 4503 362 4575 Θεολόγος
394 4527 452 4562 τε
482 4510 577 4563 καὶ
601 4510 914 4581 νομοθέτης,
940 4512 1211 4566 πολιτείαν
1241 4514 1492 4586 εὐσεϐείᾳ
1519 4535 1689 4588 προσ-

150 4599 353 4669 ήκονσαν
392 4602 479 4655 διὰ
502 4602 601 4673 τῆς
633 4604 839 4667 οίκείας
868 4604 1084 4676 γραφῆς
1123 4604 1202 4677 τῷ
1253 4606 1517 4661 Ἰουδαίων
1546 4607 1689 4662 ἔθνει

152 4694 525 4761 προωταὸαλλὸ
533 4713 709 4766 μενος,
729 4697 788 4749 οὐ
816 4699 926 4760 τοῖς
949 4699 1146 4760 κοινοῖς
1167 4699 1259 4751 καὶ
1279 4716 1495 4772 πεπατη
1507 4701 1687 4771 μένοις

151 4781 279 4855 ᾠήθη
301 4787 405 4840 δεῖν
424 4789 527 4859 χρή
537 4788 726 4842 σασθαι
747 4789 1047 4861 προοιμίοις
1064 4790 1168 4843 τῶν
1180 4791 1351 4859 λόγων
1369 4808 1383 4821 ο
1403 4792 1687 4863 προλαϐὼν

154 4873 200 4926 δὲ
222 4878 374 4932 πάντα
398 4881 558 4952 νόμον
588 4883 884 4950 πρακτικὸν
904 4882 1014 4953 (69)
1038 4883 1144 4935 τῶν
1162 4885 1446 4955 ποιητέων,
1468 4886 1561 4938 καὶ
1582 4884 1687 4937 τῶν

156 4970 205 5021 οὐ
224 4974 462 5043 ποιητέων
478 4976 927 5048 ἁπαγορευτικὸν,
946 4977 1043 5040 τάς
1064 4994 1122 5029 τε
1140 4977 1451 5048 δημοτελεῖς
1484 4981 1577 5033 καὶ
1598 4997 1689 5034 πο-

158 5059 332 5129 λιτικὰς
346 5067 588 5139 περὶτῶν
611 5069 743 5139 πρὸς
760 5068 1019 5137 ἀλλήλους
1042 5068 1381 5140 συμϐολαίων
1396 5070 1683 5139 διατάξεις,

159 5152 250 5205 ἀπὸ
271 5157 352 5227 τῆς
389 5160 612 5231 πατρίου
648 5158 921 5227 θεολογίας
952 5159 1062 5212 δεῖν
1101 5159 1237 5229 ᾤετο
1269 5161 1367 5231 τῆς
1412 5162 1686 5231 θεολογίας

163 5243 401 5313 ξρξισθαι,
427 5253 519 5305 καὶ
554 5252 663 5322 (70)
685 5253 781 5323 τὴν
805 5251 1081 5323 καταρχὴν
1110 5254 1441 5325 ποιήσασθαι
1485 5257 1584 5327 τῆς
1605 5257 1684 5309 δι-

164 5335 431 5408 δασκαλίας,
466 5347 585 5399 οὐδὲ
612 5346 799 5419 ἑτέραν
833 5347 1065 5419 μάθησιν
1094 5348 1299 5404 οἰκείαν
1340 5350 1522 5421 νόμοις
1571 5351 1683 5423 (71)

228 5452 265 5481 “
287 5453 402 5509 Gen.
428 5473 614 5519 xxxtx,
646 5458 700 5513 8.

226 5540 319 5612 (69)
367 5550 710 5614 Πρακτικόν.
765 5550 1005 5607 Alterius
1058 5567 1335 5608 manuscr.
1395 5553 1678 5612 lectionem

172 5622 354 5693 secutus
390 5633 538 5682 sum;
586 5620 745 5693 habet
793 5622 935 5675 enim
988 5624 1417 5693 προστακτικὸν,
1466 5628 1550 5681 cui
1595 5643 1683 5682 sc-

174 5694 312 5760 quens
336 5686 749 5760 dirgyopsuttxo'v
774 5700 919 5745 recte
943 5686 1248 5760 opponitur.

232 5750 319 5818 00)
347 5750 775 5828 Τῆξθὲολογίας
801 5750 1091 5828 ᾶρξιιοίθαι
1112 5804 1127 5831 ,
1159 5765 1276 5817 καί.
1312 5765 1429 5821 Haec
1458 5784 1485 5819 τι
1518 5767 1679 5822 libra-

2121 4316 2462 4371 Ilcbrworum
2491 4317 2744 4370 doctrinm
2769 4315 2988 4386 placita.

1864 4425 2115 4482 Omnium
2163 4445 2292 4499 ergo
2344 4429 2597 4499 princeps
2638 4429 2977 4483 admirabilis
3018 4428 3106 4481 ille
3152 4427 3357 4481 tlte-olo-

1791 4535 1891 4588 gus
1932 4529 2093 4590 atque
2143 4522 2439 4592 legislator,
2484 4523 2618 4593 reip.
2672 4520 2905 4575 formam
2940 4535 3065 4574 cum
3099 4518 3357 4587 religione

1789 4610 2134 4679 conjunctam
2183 4612 2321 4681 stylo
2366 4612 2480 4682 ipse
2506 4627 2608 4668 suo
2626 4609 2866 4665 Iudaicae
2883 4608 3028 4678 genti
3052 4608 3354 4671 delineans,

1789 4717 1896 4755 non
1923 4703 2033 4771 jam
2064 4703 2379 4773 vulgaribus
2408 4702 2514 4758 illis
2538 4713 2701 4773 atque
2724 4700 2976 4757 contritis
2999 4698 3261 4754 utendum
3287 4698 3357 4751 si-

1788 4792 1840 4846 bi
1874 4794 2111 4849 exordiis
2140 4795 2348 4864 putavit
2382 4813 2395 4850 :
2429 4795 2523 4849 sed
2575 4810 2698 4850 cum
2740 4804 2863 4850 ante
2904 4792 3015 4862 jam
3047 4793 3229 4845 animo
3274 4790 3353 4845 le—

1789 4902 1907 4955 gem
1963 4890 2310 4953 universam,
2371 4904 2478 4957 qua
2532 4889 2729 4958 partim
2782 4886 2984 4958 agenda
3011 4885 3351 4956 juberentur,

1786 4978 1983 5049 partim
2010 4989 2319 5035 vetarentur
2370 4997 2476 5036 non
2517 4983 2756 5052 agenda,
2802 4980 3153 5051 publicasque
3191 4978 3353 5032 simul

1787 5088 1851 5127 ac
1882 5072 2067 5129 civiles
2094 5083 2285 5130 mutuo
2310 5075 2451 5130 inter
2492 5090 2611 5130 sese
2637 5072 2991 5129 eontrabendi
3024 5073 3264 5126 rationes
3290 5087 3354 5125 ac

1788 5167 2003 5236 regulas
2033 5169 2448 5238 descripsisset;
2480 5183 2543 5223 ex
2574 5167 2787 5238 propria
2820 5165 3089 5233 majorum
3127 5180 3353 5219 suorum

1786 5259 2058 5331 theologia
2104 5260 2363 5315 doctrinae
2405 5274 2518 5315 sum
2563 5258 2870 5313 ducendum
2926 5256 3142 5309 initium
3195 5255 3354 5308 intel-

1742 5410 1743 5413 η
1788 5355 1917 5411 lexit
1954 5374 1965 5410 :
2004 5355 2147 5427 quod
2176 5354 2319 5409 aliud
2357 5355 2563 5409 nullum
2599 5352 2900 5421 disciplinae
2952 5366 3122 5419 genus
3170 5351 3349 5417 legunt

1787 5556 1871 5609 rio
1900 5555 2132 5623 quodam
2160 5570 2441 5624 perperam
2470 5555 2669 5608 inserta
2697 5565 2852 5619 sunt,
2889 5568 3009 5622 quae
3058 5549 3352 5604 manuscri-

1788 5636 2002 5695 ptornm
2033 5626 2166 5678 alter
2195 5625 2472 5694 expungit.
2543 5691 2592 5695 __
2682 5692 2694 5695 _
2829 5693 2839 5695 μ
3376 5670 3379 5673 .

1861 5695 1971 5764 (Ἠ)
2022 5691 2504 5761 Οὶκείαιίγόιὶοις.
2543 5691 2795 5746 Mendosa
2829 5693 2943 5746 [nec
2981 5700 3136 5755 sunt,
3188 5699 3353 5759 atque

1790 5766 1841 5820 in
1874 5766 2083 5819 οἰκείων
2118 5765 2313 5832 νόμων,
2348 5774 2402 5817 ut
2428 5765 2653 5830 videtur,
2698 5765 2972 5819 mutanda.
