3864 6386
459 361 557 414 5'5i

1127 356 1398 413 EUSEBII
1433 352 1910 410 CASSABI'ENSIS
1947 350 2094 406 OPP.
2137 349 2318 405 PARS
2353 348 2416 403 Il.
2456 378 2525 386 —
2555 323 3072 402 APOLOGETICA.

3622 342 3721 398 53:!

459 495 695 534 suarum
741 479 931 547 pietati
977 486 1401 532 consentaneum
1443 475 1793 545 agnosceret,
1845 481 2040 543 praater

2169 467 2385 538 ὐσεϐεία
2412 467 2790 538 προσήκουσαν
2813 464 3161 536 ἡγησάμενος
3208 461 3242 533 ἢ
3283 462 3383 533 τῆν
3424 461 3631 516 ἄνωθεν
3661 463 3720 515 ὲκ

461 587 588 626 eam
624 571 915 640 theologia:
944 570 1235 636 rationem,
1259 584 1380 638 quae
1398 568 1511 638 jam
1550 567 1674 620 inde
1702 581 1732 620 a
1759 567 1949 635 primis
1987 566 2046 619 il-

464 661 534 718 lis
567 663 752 730 gentis
787 679 900 717 sum
946 661 1261 731 parentibus
1304 659 1372 714 ad
1426 674 1525 714 sua
1583 673 1755 728 usque
1801 667 2045 726 tempora

461 762 868 821 permanasset.
902 754 1090 820 itaque
1127 767 1158 804 a
1187 749 1298 804 Deo
1328 750 1447 818 ipso
1477 747 1707 816 patriam
1739 746 2044 816 priscorum

465 839 826 899 Hebraeorum
879 844 1206 913 theologiam
1262 850 1500 905 secutus,
1527 839 1841 908 auspicatur
1878 857 1892 893 :
1935 854 2042 892 non

471 935 584 1005 jam
623 932 1028 1006 IEgyptiorum,
1066 941 1160 986 aut
1193 929 1515 985 Phoenicum
1540 972 1555 996 ,
1582 938 1675 983 aut
1713 929 2046 997 reliquarum

480 1027 764 1081 nationum
797 1039 969 1087 more,
1003 1040 1124 1094 quae
1148 1024 1516 1093 promiscuam
1560 1021 1613 1074 in
1645 1018 2047 1073 multitudinem

479 1117 852 1172 venerandum
883 1115 1013 1169 illud
1054 1114 1148 1169 Dei
1208 1129 1403 1168 nomen
1455 1113 1751 1180 abjicerent
1807 1118 1860 1164 et
1909 1109 2047 1163 alios

478 1209 698 1279 quidem
753 1209 1131 1278 aspectabiles,
1168 1207 1272 1260 hoc
1323 1215 1406 1260 est
1441 1205 1606 1258 infixa
1665 1202 1804 1257 caelo
1834 1201 2045 1266 sidera,

479 1304 615 1356 alios
650 1312 926 1369 aspectum
961 1300 1229 1370 fugientes
1250 1299 1380 1352 deos
1409 1298 1742 1359 inveherent,
1760 1293 1956 1363 partim
1981 1307 2048 1345 ex

480 1394 793 1449 hominibus
846 1395 972 1458 illis,
1005 1393 1099 1462 qui
1157 1392 1270 1462 jam
1323 1400 1447 1446 ante
1499 1390 1804 1450 vixissent,
1851 1383 2048 1456 partim

479 1486 643 1540 etiam
673 1501 770 1540 eos
796 1488 1070 1540 daemones
1092 1525 1106 1547 ,
1131 1484 1224 1554 qui
1255 1495 1430 1537 terras
1463 1490 1558 1536 aut
1594 1494 1776 1534 aerem
1822 1477 2048 1530 oberra-

479 1586 620 1642 rent,
658 1578 737 1629 uti
765 1579 1015 1645 superius
1044 1576 1097 1629 in
1132 1589 1328 1629 earum
1359 1573 1676 1642 opinionum
1719 1565 2050 1622 confutatio-

479 1685 549 1723 ne
571 1669 928 1724 ostendimus.
960 1669 1028 1721 At
1056 1682 1186 1721 vero
1220 1666 1287 1720 ab
1317 1666 1549 1734 ipsomet
1586 1676 1770 1717 rerum
1801 1658 2048 1715 omnium

481 1774 723 1826 anetore,
771 1770 975 1815 actam
1007 1775 1217 1824 earum,
1255 1772 1377 1826 qua:
1418 1754 1587 1810 videri
1635 1767 1746 1807 non
1795 1757 2046 1820 possunt,

2153 560 2512 631 προπατόρων
2545 561 2624 622 είς
2647 557 2808 612 αὐτὸν
2834 557 3072 627 ἥκουσαν
3119 555 3421 624 θεολογίαν.
3467 555 3532 606 Ἀ
3545 572 3723 626 ρχεται

2151 652 2329 704 τοίνυν
2355 651 2461 704 ἀπὸ
2487 648 2621 702 Θεοῦ
2649 647 2789 702 κατὰ
2821 645 2889 700 τὰ
2915 648 3120 718 πάτρια
3145 646 3248 717 τῆς
3293 645 3401 698 τῶν
3449 644 3725 715 προγόνων

2165 742 2422 814 Ἐϐραίων
2449 739 2757 809 θεολογίας
2793 739 2911 808 οὐχὶ
2939 738 3088 807 φίλον
3136 737 3246 808 (72)
3285 735 3604 804 Αἰγυπτίοις
3637 734 3730 788 καὶ

2153 833 2383 898 Φοίνιξιν
2414 829 2503 905 ἦν,
2536 832 2570 903 ἢ
2607 834 2720 894 τοῖς
2747 831 2951 894 λοιποῖς
2976 829 3185 882 ἔθνεσιν
3213 831 3292 892 είς
3317 826 3518 898 πλῆθος
3561 843 3734 882 καταν-

2157 926 2406 980 6άλλουσι
2435 925 2532 996 τὴν
2565 924 2856 996 σεϐάσμιον
2891 921 3286 994 προσηγορίαν,
3313 919 3469 982 θεούς
3495 937 3558 972 τε
3593 922 3734 990 ὀρω-

2158 1017 2349 1088 μένους
2379 1016 2474 1087 μὲν
2502 1017 2627 1079 τοὺς
2661 1016 2781 1068 κατ’
2807 1014 3033 1086 οὐρανὸν
3063 1013 3356 1083 φωστῆρας
3399 1009 3733 1082 νομίζωσιν,

2155 1111 2378 1178 ἀφανεῖς
2405 1108 2459 1160 δὲ
2485 1109 2577 1160 καὶ
2600 1107 2862 1179 ἀοράτους
2901 1107 3028 1168 τοὺς
3060 1105 3117 1172 ἐξ
3151 1103 3452 1174 ἀνθρώπιον
3477 1119 3735 1172 κατοιχο-

2160 1196 2384 1266 μένους,
2429 1195 2461 1266 ἢ
2509 1210 2602 1248 και
2631 1197 2755 1259 τοὺς
2800 1195 3042 1266 χθονίους
3069 1196 3163 1248 καὶ
3192 1196 3410 1266 ἀερίους
3447 1194 3736 1264 δαίμονας,

2156 1285 2296 1338 κατὰ
2333 1284 2401 1338 τὰ
2431 1285 2660 1356 πρόσθεν
2688 1287 2820 1355 ἡμῖν
2841 1282 3273 1354 ἁπεληλεγμένα.
3313 1281 3468 1335 Ἀλλὰ
3485 1280 3592 1352 γὰρ
3625 1280 3739 1333 ἀπὺ

2154 1376 2248 1430 τοῦ
2283 1377 2497 1432 πάντων
2526 1377 2719 1442 αἰτίου,
2755 1376 3002 1448 ἀοράτων
3027 1392 3087 1428 τε
3115 1377 3207 1429 καὶ
3227 1375 3435 1445 ὁρατῶν
3467 1375 3737 1445 δημιουρ-

2156 1467 2253 1536 γοῦ
2279 1468 2378 1540 τὴν
2411 1466 2689 1538 καταρχὴν
2722 1467 2815 1520 τοῦ
2849 1467 3041 1529 παντὸς
3061 1466 3219 1535 λόγου
3248 1467 3637 1536 πεποιημένος,
3659 1483 3742 1520 νο-

2161 1558 2390 1630 μοθέτην
2431 1557 2618 1612 τοῦτον
2668 1553 2804 1610 εἶναι
2855 1557 3094 1611 διδάσκει
3135 1557 3234 1626 τῆς
3264 1556 3359 1609 τοῦ
3403 1556 3604 1619 παντὸς
3640 1573 3738 1609 συ·-

2158 1650 2418 1713 στάσεως,
2445 1649 2632 1722 ῶσπερ
2659 1651 2786 1720 μιᾶς
2805 1666 2949 1711 τινος
2974 1649 3384 1719 μεγαλοπόλεως
3411 1647 3503 1700 τοῦ
3529 1649 3740 1718 κόσμου

2161 1740 2382 1811 βασιλέα
2419 1742 2788 1810 καταστήσας.
2819 1739 3067 1792 Παιδεύει
3100 1738 3382 1810 τοιγαροῦν
3411 1739 3739 1809 ἀρχόμενος,

478 1867 642 1921 quam
677 1867 863 1905 earum
891 1891 904 1914 ,
937 1865 1058 1920 qua:
1103 1849 1351 1904 sensibus
1407 1853 1744 1914 usurpantur
1799 1841 2052 1895 molitore

2162 1832 2343 1886 τοῦτον
2389 1831 2640 1902 ἡγεῖσθαι
2679 1831 2756 1902 μὴ
2795 1831 2952 1900 μόνον
2983 1829 3092 1882 τῶν
3124 1831 3260 1900 πρὸς
3303 1829 3500 1893 αὐτοὺς
3543 1829 3744 1899 μικρὸν

480 1943 593 1998 Deo
652 1944 819 1998 t0tius
870 1942 1137 1997 orationis
1168 1941 1392 1994 initium
1415 1937 1640 2002 faciens,
1669 1949 1857 1990 verum
1895 1931 2049 1985 illum

2162 1923 2377 1995 ὔστερον
2407 1923 2918 1994 διαταχθησομένων
2941 1921 3244 1994 ἀνθρώποις
3263 1921 3442 1991 νόμων
3470 1921 3745 1991 αὐθέντην

482 2034 649 2104 hujus
688 2034 1058 2089 universitatis
1102 2032 1467 2102 lcgislatorem
1528 2043 1592 2083 ac
1651 2026 2050 2082 moderatorem

2162 2014 2290 2070 εἶναι
2318 2017 2411 2069 καὶ
2437 2015 2646 2086 κύριον,
2666 2013 2802 2068 ἀλλά
2817 2014 2912 2067 καὶ
2934 2013 3044 2068 τῶν
3069 2016 3125 2068 ὲν
3155 2016 3220 2085 τῇ
3263 2013 3422 2083 φύσει
3445 2012 3554 2065 τῶν
3575 2013 3738 2068 ὅλων.

479 2141 602 2182 esse
619 2127 796 2190 docet,
831 2140 1216 2195 summumque
1241 2123 1405 2195 314
1427 2122 1592 2176 totius
1623 2119 1794 2183 orbis,
1824 2114 2051 2185 perinde

2162 2107 2383 2162 Βασιλέα
2405 2107 2513 2180 γὰρ
2541 2108 2701 2161 αὐτὸν
2730 2108 2823 2161 καὶ
2855 2107 3150 2178 νομοθέτην
3178 2105 3273 2159 τοῦ
3307 2105 3627 2176 σύμπαντος
3651 2105 3744 2158 κό-

479 2229 642 2287 atque
669 2220 831 2271 unius
873 2217 1158 2285 cujusdam
1194 2229 1403 2285 magna:
1445 2210 1681 2266 civitatis
1708 2221 1886 2276 regem
1921 2218 2053 2259 con-

2162 2218 2295 2271 σμου
2323 2203 2581 2272 παριστᾷ.

481 2315 676 2369 stituit.
711 2312 997 2368 Enimvero
1031 2313 1102 2366 ita
1136 2311 1384 2365 homines
1414 2311 1532 2378 ipso
1579 2305 1762 2361 statim
1810 2298 2077 2371 principio
2115 2297 2368 2365 instituit,
2410 2305 2471 2352 ut
2514 2298 2690 2367 ipsum
2742 2312 2851 2351 non
2892 2312 3078 2352 earum
3107 2296 3270 2350 modo
3295 2295 3500 2367 legum,
3536 2296 3744 2364 quibus

479 2411 697 2465 eosdem
739 2409 904 2479 paulo
930 2417 1052 2477 post
1081 2406 1474 2460 informaturus
1511 2411 1651 2465 erat,
1715 2399 1807 2454 sed
1856 2397 2072 2451 illarum
2111 2393 2297 2456 etiam,
2357 2393 2557 2463 quibus
2616 2402 2810 2448 natura
2865 2394 3115 2448 universa
3172 2401 3403 2462 pareret,
3456 2402 3744 2447 auctorem

479 2518 601 2558 esse
630 2517 691 2555 ac
715 2500 1002 2553 Dominum
1040 2499 1418 2568 intelligerent.
1445 2494 1646 2565 Regem
1685 2490 1828 2546 enim
1860 2488 2040 2558 ipsum
2079 2484 2268 2540 mundi
2302 2485 2473 2541 totius
2509 2500 2574 2540 ac
2600 2487 2967 2557 legislatorem
2992 2501 3112 2540 esse
3136 2485 3446 2540 conﬁrmat.

1101 2589 1330 2646 CAPUT
1367 2587 1435 2643 Χ.

585 2687 656 2739 De
679 2683 1291 2757 generaliProvidentia,
1323 2692 1369 2736 et
1400 2679 1630 2734 universi
1652 2674 1942 2730 molitione.

556 2843 840 2904 Videlicet.
880 2851 1015 2896 nutu
1042 2842 1163 2911 ejus
1199 2848 1361 2910 atque
1408 2846 1678 2910 potestate
1713 2849 1866 2890 suam
1890 2831 2056 2887 rebus

482 2934 741 2991 omnibus
789 2933 1084 2988 essentiam
1138 2940 1503 3000 naturamque
1547 2936 1801 2982 constare
1841 2943 1854 2980 :
1901 2923 2052 2992 ejus-

483 3029 715 3097 demque
767 3027 977 3097 legibus
1037 3041 1098 3078 ac
1145 3025 1412 3086 terminis,
1463 3033 1587 3091 apte
1637 3031 1800 3089 atque
1839 3016 2052 3078 ordine,

481 3127 794 3188 temporum
841 3132 1038 3172 cursus
1077 3117 1333 3185 vicesque
1381 3111 1634 3168 describi.
1694 3111 1772 3161 Ac
1816 3107 2052 3176 primum

2702 2581 3097 2634 ΚΕΦΑΛΑΙΟΝ
3136 2577 3193 2633 I'.

2158 2672 2297 2742 Περὶ
2336 2672 2442 2742 τῆς
2463 2675 2722 2728 καθόλου
2744 2674 3048 2742 προνοίας.
3072 2674 3170 2726 καὶ
3204 2673 3340 2741 περὶ
3367 2673 3480 2743 τῆς
3511 2675 3745 2728 συστά-

2237 2745 2538 2810 σεως,.καὶ
2566 2743 2952 2814 δημιουργίας
2969 2743 3076 2797 τοῦ
3104 2745 3356 2812 κόσμου.

2226 2835 2472 2906 Νεύματι
2537 2835 2634 2906 μὲν
2697 2835 2807 2907 γὰρ
2855 2834 3020 2888 αὐτοῦ
3073 2835 3166 2888 καὶ
3205 2834 3453 2905 δυνάμει,
3493 2836 3591 2907 τὴν
3636 2836 3748 2890 τῶν

2156 2925 2408 2988 ἁπάντων
2454 2925 2709 2977 οὑσίωσιν
2752 2926 3071 2994 γεγονέναι,
3114 2925 3297 2994 νόμοις
3342 2925 3399 2978 δὲ
3454 2927 3552 2979 καὶ
3590 2928 3747 2998 ὅροις

2157 3016 2318 3068 πάλιν
2347 3015 2535 3080 αὑτοῦ,
2576 3017 2679 3087 ὀδῷ
2706 3017 2800 3069 καὶ
2833 3017 2983 3081 τάξει
3014 3018 3104 3069 τὸν
3136 3017 3425 3087 σύμπαντα
3451 3018 3747 3090 διακυϐερ-

2159 3109 2349 3162 νᾶσθαι
2379 3107 2567 3162 αἰῶνα.
2597 3108 2754 3179 Λόγῳ
2791 3109 2889 3178 μὲν
2918 3107 3024 3179 γὰρ
3051 3109 3143 3160 καὶ
3173 3109 3323 3178 νόμῳ
3352 3108 3487 3162 Θεοῦ
3525 3109 3748 3180 πρῶτον

483 3211 703 3280 quidem
755 3225 821 3264 ex
870 3209 1128 3263 omnibus
1182 3208 1382 3264 ccelum
1417 3219 1551 3260 voce
1578 3203 1805 3274 legeque
1843 3198 2049 3264 divina,

2162 3202 2406 3260 ἁπάντων
2437 3201 2663 3274 οὐρανὸν
2698 3199 3083 3272 ὲστερεῶσθαι,
3119 3201 3211 3252 καὶ
3257 3201 3361 3267 γῆς
3391 3200 3450 3252 τὸ
3475 3199 3620 3272 βαρὺ
3652 3203 3746 3253 καί

485 3293 796 3358 firmitatem
828 3317 980 3356 suam
1033 3300 1360 3365 obtinuisse,
1406 3308 1735 3367 gravemque
1785 3302 2055 3345 terrarum

484 3395 708 3459 molem,
740 3403 936 3464 praeter
970 3402 1178 3447 natura:
1207 3406 1320 3445 sua:
1364 3389 1758 3454 conditionem,
1788 3384 2055 3440 leviorum

481 3485 874 3538 elementorum
896 3485 948 3538 in
978 3484 1154 3537 medio
1182 3484 1378 3536 mirum
1403 3483 1456 3534 in
1492 3481 1710 3534 modum
1736 3491 2056 3550 suspensam

487 3591 551 3629 ac
594 3575 847 3629 libratam
898 3575 1232 3637 constitisse,
1263 3588 1396 3627 voce
1431 3573 1655 3642 legeque
1690 3570 1903 3631 divina,
1935 3583 2058 3621 mu-

487 3682 635 3725 tuam
665 3668 1040 3738 alternamque
1077 3667 1253 3721 noctis
1281 3680 1344 3720 ac
1375 3664 1483 3718 diei
1513 3662 1926 3717 conversionem
1960 3660 2054 3714 ﬁe-

486 3763 558 3824 ri,
588 3775 715 3814 voce
768 3760 991 3830 legeque
1022 3759 1206 3814 divina
1240 3757 1410 3812 solem
1455 3757 1656 3826 ipsum,
1696 3756 1906 3817 lunam,
1935 3751 2059 3806 reli-

488 3867 835 3925 quorumque
860 3851 1098 3906 siderum
1133 3851 1362 3905 chorum
1403 3848 1635 3919 eleganti
1681 3846 2058 3915 concinnoque

494 3954 646 4000 motu
683 3945 869 3998 orbem
928 3960 1086 3999 suum
1133 3944 1418 4000 coniicere.
1463 3941 1603 4013 Lege
1651 3937 1851 3992 summi
1892 3935 2058 4007 Regis

495 4038 917 4093 conversionum
974 4035 1338 4100 mutationes,
1363 4043 1671 4102 temporum
1719 4028 2055 4092 discrimina,

487 4146 758 4186 annorum
791 4129 1050 4194 circulos,
1076 4141 1396 4195 annuasquc
1419 4131 1794 4193 tempestates,
1813 4135 1937 4174 cum
1963 4118 2060 4172 ad-

488 4223 728 4278 mirabili
787 4222 955 4277 totius
1021 4220 1262 4274 universi
1332 4231 1610 4271 consensu
1664 4211 2060 4279 harmoniaque

489 4315 774 4384 compleri.
805 4313 993 4367 Divina
1025 4313 1162 4382 lege,
1192 4310 1427 4364 hiemem
1458 4307 1589 4370 veri,
1615 4315 1777 4374 atque
1810 4304 1910 4356 hoc
1932 4318 2059 4356 con-

490 4407 838 4478 sequentium
873 4413 1256 4474 tempestatum
1289 4400 1500 4455 vicibus
1547 4397 1741 4452 cedere
1778 4413 1790 4448 :
1845 4394 2058 4456 eadem,

489 4500 629 4554 altos
651 4515 714 4554 ac
741 4496 1044 4568 profundos
1082 4492 1285 4549 Oceani
1306 4492 1542 4548 vortices
1568 4489 1810 4544 hibernis
1834 4487 2057 4543 restibus
2087 4531 2133 4585 Β

491 4602 654 4660 atque
685 4589 1032 4645 eluvionibus
1088 4587 1450 4650 exundantes,
1505 4597 1732 4639 suorum
1767 4595 1886 4635 sese
1941 4595 2058 4633 mae

488 4685 631 4738 rium
667 4682 890 4745 tinibus,
919 4695 1058 4750 quos
1079 4677 1352 4740 transilire
1374 4692 1483 4730 non
1508 4674 1729 4737 audent,
1757 4672 2054 4728 includere:

487 4777 700 4838 eadem,
729 4783 998 4828 terrarum
1031 4771 1232 4826 siccam
1267 4768 1584 4837 aridamque
1632 4775 1907 4828 naturam,
1963 4763 2059 4816 de-

487 4867 782 4922 ﬂuentibus
813 4865 1101 4930 imbribus,
1129 4879 1192 4917 ac
1218 4861 1434 4916 nivibus
1463 4858 1676 4914 modice
1699 4857 2059 4911 allabentibus

489 4961 792 5030 irrigatam,
827 4958 1038 5012 inﬁnita
1076 4957 1387 5026 plantarum
1420 4960 1476 5007 et
1507 4950 1870 5006 animantium
1905 4963 2061 5018 gene-

478 5069 548 5107 ra
578 5053 895 5122 producere.
963 5049 1083 5105 Uno
1107 5050 1296 5112 verbo,
1331 5057 1578 5102 naturam
1610 5045 1781 5108 illam,
1809 5058 2060 5098 commu-

481 5161 610 5200 nem
658 5161 843 5200 rerum
893 5151 1172 5214 parentem
1229 5141 1514 5207 omnium,
1570 5138 1664 5192 Dei
1706 5135 2059 5209 praepotentis

483 5237 714 5291 Numini
749 5238 1104 5303 servientem,
1135 5235 1335 5290 divinis
1382 5233 1501 5302 ejus
1530 5232 1739 5303 legibus
1785 5229 2057 5284 consiliis—

488 5347 594 5399 que
627 5345 839 5399 parere.
872 5329 983 5384 Nec
1010 5330 1156 5384 enim
1191 5327 1433 5399 proiecto
1460 5343 1592 5382 casu
1618 5342 1682 5381 ac
1713 5335 1932 5386 temere,
1963 5336 2064 5377 nec

484 5424 714 5479 fortuito
729 5439 792 5479 ac
811 5424 1039 5478 rationis
1055 5433 1274 5493 experte
1290 5431 1462 5486 motu,
1481 5427 1689 5474 tantum
1709 5419 1854 5472 hunc
1868 5424 1922 5471 et
1953 5424 2061 5468 tam

557 5552 586 5580 ι
643 5558 756 5608 γρη
795 5538 1128 5610 θαυμασίως.

563 5653 676 5726 (79.)
708 5654 854 5724 Οὐχὶ
885 5657 1090 5722 φίλον,
1119 5662 1224 5726 etc.
1285 5656 1492 5711 Locum
1521 5656 1671 5711 hunc
1715 5657 1788 5710 ita
1826 5657 2065 5726 concipit

493 5724 630 5799 alter
656 5724 957 5799 manuscr.,
996 5729 1091 5796 οὐχ
1133 5724 1276 5799 ᾗπερ
1305 5726 1620 5794 Αἰγυπτίοις
1655 5727 1805 5795 φίλον
1830 5724 1918 5798 ἦν,
1951 5724 2061 5779 ἀλλ’

494 5797 614 5852 οὑδδ
644 5795 908 5864 Φοίνιξιν,
951 5799 982 5867 ἢ
1015 5795 1373 5860 τοῐς”).οι’ττοῐ;
1417 5799 1591 5852 ἔθνεσι
1634 5795 2060 5867 παραπλησίως,

2162 3293 2474 3364 στερέμνιον
2497 3292 2646 3364 παρά
2679 3291 2776 3362 τὴν
2796 3291 3003 3344 οἰκείαν
3034 3290 3195 3360 φύσιν
3221 3290 3746 3362 λεπτομερεστέροις

2157 3382 2264 3434 τῶν
2293 3382 2568 3452 στοιχείων
2597 3379 2744 3453 παρὰ
2771 3380 2933 3448 φύσιν
2961 3393 2987 3420 ι
3019 3380 3350 3452 ὲπαιωρεῖσθ
3363 3398 3440 3433 αι.
3480 3380 3644 3451 Λόγῳ
3693 3381 3747 3434 δὲ

2159 3474 2253 3526 καὶ
2277 3473 2425 3544 νόμῳ
2452 3473 2579 3547 θείῳ
2602 3473 2792 3536 νυκτὸς
2825 3473 2918 3525 καὶ
2945 3471 3155 3542 ἡμέρας
3182 3471 3271 3524 τὸν
3296 3472 3584 3543 ἀμοιϐαἰον
3608 3473 3745 3524 ἀνα-

2160 3565 2473 3618 κυκλεῖσθαι
2505 3564 2700 3635 δρόμον
2725 3583 2738 3594 ο
2769 3563 2912 3634 λόγῳ
2947 3564 3080 3619 Θεοῦ
3110 3564 3204 3618 καὶ
3251 3564 3401 3634 νόμῳ
3440 3564 3536 3615 καὶ
3579 3564 3746 3618 αὑτὸν

2158 3657 2308 3727 ἥλιον
2333 3656 2428 3710 καὶ
2463 3655 2712 3728 σελήνην,
2750 3657 2842 3708 καὶ
2876 3655 2974 3728 τὴν
2996 3655 3103 3714 τῶν
3131 3656 3334 3710 λοιπῶν
3366 3656 3614 3726 ἀστέρων
3652 3673 3743 3726 χοι

2165 3750 2332 3824 ρείαν,
2370 3751 2425 3802 ὲν
2454 3749 2714 3820 πρέποντι
2746 3749 2935 3818 κόσμῳ
2961 3748 3056 3823 τὴν
3079 3749 3459 3819 προσήκουσαν
3491 3745 3746 3811 ὲξανύειν

2163 3839 2387 3909 πορείαν
2411 3855 2424 3867 ·
2450 3838 2600 3908 νόμῳ
2628 3837 2684 3889 δὲ
2709 3837 2800 3890 τοῦ
2827 3836 3102 3907 παμϐασιλ
3113 3838 3215 3901 έως
3238 3837 3454 3908 τροπῶν
3478 3836 3740 3905 ἀλλαγὰς,

2161 3931 2255 3983 καὶ
2281 3929 2579 3999 μεταϐολὰς
2608 3927 2836 3998 καιρῶν,
2878 3927 3122 3982 ἐνιαυτοῦ
3141 3945 3198 3981 τε
3229 3927 3483 3993 κύκλους,
3523 3929 3621 3980 καὶ
3646 3918 3742 3991 τὰς

2162 4020 2413 4091 ἐτησίους
2439 4018 2587 4090 ὧρας
2621 4021 2687 4088 τῇ
2717 4018 3071 4088 παναρμονίῳ
3113 4017 3204 4070 τοῦ
3251 4018 3450 4080 παντὸς
3493 4018 3743 4090 ἀποπλη-

2166 4113 2387 4186 ροῦσθαι
2408 4113 2724 4184 συμφωνίᾳ’
2760 4113 2907 4182 νόμῳ
2936 4110 3070 4164 Θεοῦ
3111 4112 3354 4182 χειμῶνα
3389 4111 3487 4182 μὲν
3522 4113 3740 4182 ὑποχω-

2164 4209 2276 4280 ρεῖν
2301 4206 2441 4278 ἔαρι,
2472 4206 2629 4258 τοῦτο
2656 4206 2713 4258 δὲ
2750 4209 2868 4268 ταῖς
2899 4205 3128 4274 ἄγχιστα
3154 4205 3266 4258 τῶν
3296 4204 3454 4276 ὡρῶν
3476 4210 3737 4277 τροπαῖς·

2163 4303 2254 4354 καὶ
2283 4299 2551 4370 θαλάττης
2573 4298 2628 4352 δὲ
2658 4297 2872 4368 βυθοὺς,
2893 4298 3013 4358 ταῖς
3039 4296 3334 4365 χειμαδίοις
3363 4295 3740 4367 πλημμυρίσιν

2163 4391 2676 4463 ὲπικυματίζοντας,
2717 4389 2866 4458 νόμῳ
2897 4387 3026 4457 θείῳ
3071 4391 3182 4450 τοῖς
3219 4387 3441 4451 οἰκείοις
3479 4389 3739 4440 ἐναποκε-

2164 4486 2405 4540 κλεῖσθαι
2431 4484 2709 4552 πελάγεσι,
2738 4481 2812 4544 ὡς
2836 4480 2970 4552 μηδὲ
2996 4481 3120 4543 τοὺς
3139 4481 3298 4552 ὅρους
3327 4480 3434 4534 τῶν
3469 4481 3632 4553 ἱερῶν
3656 4483 3740 4534 νό-

2169 4599 2284 4652 μων
2308 4577 2656 4649 ὑπερϐαίνειν
2678 4575 2882 4646 τολμᾷν
2906 4591 2918 4602 ·
2949 4573 3043 4627 καὶ
3071 4572 3170 4643 τὴν
3205 4572 3373 4644 ξηρὰν
3419 4573 3606 4630 οὐσίαν
3635 4574 3738 4642 ὀμ-

2165 4672 2338 4744 ϐρίοις
2364 4672 2566 4741 νάμασι
2600 4671 2693 4724 καὶ
2721 4670 2962 4738 νιφετοῖς
2993 4667 3139 4736 νόμῳ
3175 4664 3304 4734 θείῳ
3336 4664 3496 4718 πάλιν
3527 4663 3736 4734 συμμέ-

2165 4782 2307 4836 τρως
2345 4763 2882 4834 ἐπιχορηγουμένοις,
2916 4759 3221 4830 ἀρδομένην
3258 4757 3358 4828 τὴν
3394 4757 3535 4826 γῆν,
3573 4755 3738 4829 μυρία

2165 4859 2296 4928 γένη
2329 4855 2508 4925 φυτῶν
2532 4872 2592 4907 τε
2614 4855 2705 4908 καὶ
2731 4853 2884 4918 ζώων
2909 4852 3242 4906 ἀναδιδόναι·
3266 4850 3345 4902 ἐνί
3375 4865 3434 4901 τε
3453 4847 3619 4919 λόγῳ,
3640 4848 3736 4918 τὴν

2168 4951 2502 5020 παμμήτορα
2530 4946 2636 5000 τῶν
2667 4946 2803 5000 ὅλων
2833 4945 3015 5016 φύσιν,
3058 4942 3436 5016 προστάγματι
3475 4941 3616 4995 Θεοῦ.
3647 4940 3734 4993 δε-

2167 5043 2528 5114 δουλωμένην,
2567 5042 2752 5112 νόμοις
2773 5039 2936 5103 θείοις
2975 5037 3219 5093 ὑπείκειν
3256 5036 3350 5090 καὶ
3379 5039 3447 5107 τῇ
3483 5035 3580 5088 τοῦ
3601 5050 3735 5088 παν-

2166 5135 2433 5206 ηγεμόνος
2462 5132 2598 5186 Θεοῦ
2629 5131 2811 5203 βουλῇ.
2873 5130 2964 5201 Μὴ
2984 5128 3092 5199 γὰρ
3120 5128 3263 5198 εἰκῆ,
3311 5127 3431 5200 μηδ’
3463 5126 3540 5190 ῶς
3561 5127 3734 5196 ἔτυχε,

2172 5229 2296 5299 μηδ’
2331 5227 2622 5298 αὐτομάτῳ
2667 5227 2762 5278 καὶ
2791 5224 2970 5293 ἀλόγῳ
2999 5224 3143 5294 φορᾷ
3173 5221 3493 5275 συνεστάναι
3527 5221 3615 5273 τὸν
3635 5235 3734 5288 τη-

2168 5319 2412 5377 λικοῦτον
2439 5319 2751 5388 διάκοσμον,
2784 5317 2904 5388 μηδ’
2935 5314 3175 5368 ἁναιτίου
3198 5313 3410 5381 φύσεως
3427 5311 3584 5384 ἔργον
3604 5325 3734 5379 τυγ-

2169 5412 2350 5483 χάνειν
2382 5412 2441 5466 τὸ
2476 5411 2616 5483 μέγα
2645 5409 2801 5468 τοῦτο
2831 5409 2926 5462 καὶ
2959 5405 3282 5479 περικαλλὲς
3327 5403 3729 5479 τεχνούργημαο

2172 5664 2250 5724 εἰς
2284 5661 2468 5733 nam,
2494 5669 2598 5733 etc:
2630 5659 2872 5715 Rectius.
2904 5657 3103 5713 Saltem
3133 5673 3232 5726 pro
3257 5654 3377 5726 οὐχί
3409 5652 3732 5711 omninore-

2171 5727 2404 5802 poncud'.
2434 5733 2530 5801 οὐχ
