3864 6386
194 324 282 386 533

1301 331 1612 387 PRA-ZPAR.
1657 332 1903 390 EVANG.
1950 322 2077 388 LIB.
2127 329 2229 387 VII.

3286 326 3390 381 εει

188 441 429 500 ἀλλἐἴναι
458 444 553 515 μὲν
587 446 793 515 ποίημα
815 444 909 497 τοῦ
935 443 1210 512 πανσόφου
1237 441 1347 495 τῶν
1390 442 1524 496 ὅλων
1550 443 1705 515 ’ἀρχι-

1824 445 2156 515 singularem
2190 452 2440 497 ornatum
2469 443 2767 509 exstitisse,
2787 456 2888 498 nec
2914 456 3070 498 eatea:
3087 441 3181 496 ulli
3198 442 3387 497 incon-

189 539 425 599 τέκτονος,
458 538 551 589 τοῦ
582 538 637 590 δὲ
668 537 831 590 αὑτοῦ
860 537 1035 605 λόγοις
1058 536 1149 589 καὶ
1186 535 1367 605 νόμοις
1411 538 1574 607 ἱεροῖς
1602 536 1718 589 δια-

188 627 537 698 κυϐερνᾶσθαι.
576 627 764 680 Ἔνθεν
799 628 1097 697 ἀρξάμενος
1126 627 1153 677 ὁ
1172 628 1470 697 προφήτης,
1493 627 1585 679 καὶ⁵
1616 628 1721 697 πρὸ

187 723 265 790 τῆς
287 718 577 790 ἀνθρώπων
617 718 935 789 νομοθεσίας
966 720 1092 781 τοὺς
1126 719 1254 790 περὶ
1292 719 1393 789 τῆς
1434 718 1541 771 τῶν
1584 718 1720 771 ὅλων

183 811 368 880 φύσεως
387 811 694 881 προστάξας
717 812 932 881 νόμους,
984 810 1263 883 πρώτιστα
1315 812 1527 867 πάντων
1557 829 1720 884 προσ-

182 904 298 971 έχειν
321 902 394 971 τῷ
413 902 748 973 παμϐασιλεῖ
776 902 894 973 Θεῴ
920 906 1015 958 καὶ
1042 918 1064 945 ο
1109 904 1515 976 ἀπορρᾳθυμεῖν
1556 904 1716 957 αὑτοῦ

180 994 268 1045 τῶν
298 994 470 1063 νόμων
493 994 931 1065 παρεκελεύσατο
954 1013 966 1025 ·
1001 996 1082 1049 ὅτι
1120 997 1184 1067 δὴ
1214 998 1307 1051 καὶ
1341 996 1501 1059 αὐτὸς
1547 996 1715 1066 ἥλιος,

178 1084 372 1153 οὐρανός
392 1101 452 1136 τε
478 1085 574 1136 καὶ
602 1084 826 1154 κόσμος,
854 1086 926 1156 γῆ
953 1102 1011 1137 τε
1030 1086 1123 1139 καὶ
1149 1085 1217 1139 τὰ
1239 1087 1330 1138 ἐπὶ
1351 1085 1455 1154 γῆς
1483 1084 1714 1148 ἅπαντα,

177 1174 258 1225 ὅσα
291 1190 344 1225 τε
374 1174 510 1243 ἔργα
540 1173 754 1242 φύσεως
779 1170 915 1229 εἶναι
938 1176 1264 1246 νενόμισται,
1290 1176 1525 1238 ἐντολαῖς
1553 1175 1716 1229 αὑτοῦ

178 1264 253 1315 καὶ
275 1263 598 1327 διατάξεσιν,
636 1265 799 1335 ἱεροῖς
822 1281 880 1317 τε
905 1265 1089 1335 νόμοις
1123 1265 1215 1317 καὶ
1241 1265 1416 1332 λόγοις
1457 1263 1713 1317 δουλεύει.

175 1355 250 1407 Διὸ
277 1354 359 1405 καὶ
385 1354 589 1422 μᾶλλον
616 1356 811 1425 χρῆναι
840 1356 899 1408 τὸ
926 1354 1256 1426 ἀνθρώπειον
1288 1355 1461 1423 γένος,
1505 1356 1566 1408 ού
1592 1372 1715 1425 σμι-

176 1446 282 1514 κρὸν
312 1444 473 1514 μέρος
504 1447 771 1515 τυγχάνον
800 1446 893 1499 τοῦ
925 1446 1141 1509 παντὸς,
1177 1446 1317 1499 κατὰ
1342 1446 1402 1499 τὸ
1430 1446 1719 1500 ἀκόλουθον

168 1539 261 1597 τοῖς
289 1536 445 1599 θείοις
468 1539 827 1608 προσανέχειν
849 1538 1199 1607 διατάγμασι,
1227 1539 1348 1608 μηδ’
1368 1537 1718 1592 ἐλαττοῦσθαι

167 1627 256 1679 τῶν
274 1626 409 1679 κατά
440 1628 612 1699 μέρος
641 1629 935 1699 στοιχείων.
967 1630 1005 1681 Γ
1009 1632 1041 1700 ᾗ
1077 1630 1171 1699 μὲν
1200 1628 1307 1701 γὰρ
1352 1632 1411 1683 ὲν
1460 1631 1601 1701 ἀρχῇ
1631 1648 1716 1682 νο-

171 1718 439 1788 μοθετῆσαι
468 1720 564 1773 τὸν
592 1722 841 1791 φήσαντα
864 1738 878 1751 ⁸
912 1739 929 1771 ι
966 1722 1327 1791 Βλαστησάτω
1377 1724 1409 1792 ἠ
1454 1722 1526 1791 γῆ
1563 1722 1718 1792 βοτά-

168 1830 248 1882 νην
272 1814 461 1884 χόρτου
480 1855 498 1880 ,
543 1818 764 1887 σπεῖρον
806 1816 1024 1885 σπέρμα
1051 1815 1190 1868 κατά
1212 1815 1386 1880 γένος,
1433 1818 1527 1870 καὶ
1555 1816 1706 1881 ξύλον

169 1907 417 1976 κάρπιμον
468 1906 662 1962 ποιοῦν
715 1909 959 1980 καρπόν’
1010 1927 1029 1960 ι
1059 1908 1155 1978 τὴν
1184 1907 1259 1971 δὲ,
1296 1909 1410 1978 ἅμα
1455 1910 1598 1979 λόγῳ
1647 1911 1707 1963 τὸ

166 1996 384 2062 εὐπειθὲς
412 1998 869 2070 ἐπιδεικνυμένην
890 1999 967 2071 τῷ
983 2000 1149 2071 νόμῳ,
1170 2000 1228 2053 οὕ
1238 2019 1320 2054 πω
1340 2003 1433 2055 καὶ
1451 2002 1530 2065 εἰς
1550 2002 1708 2074 δεῦρο

163 2090 243 2159 τῆς
269 2089 411 2153 θείας
445 2092 835 2162 παραμελῆσαί
873 2093 1181 2158 διατάξεως.
1210 2093 1362 2146 Οῦτω
1388 2094 1443 2146 δὲ
1489 2095 1579 2147 καὶ
1610 2096 1707 2165 τὴν

167 2181 312 2249 ὐγράν
338 2183 551 2248 οὐσίαν,
594 2188 861 2255 φήσαντος
889 2185 981 2237 τοῦ
1008 2184 1168 2238 Θεοῦ·
1202 2204 1219 2237 ι
1268 2183 1611 2254 Ἐξαγαγέτω
1642 2186 1709 2241 τὰ

166 2270 307 2323 ὕδατα
333 2274 545 2343 ἑρπετά
577 2274 762 2344 ψυχῶν
795 2276 980 2339 ζωσῶν
1003 2276 1144 2341 ,καὶ
1176 2276 1393 2329 πετεινά
1442 2278 1709 2346 πετόμενα

166 2362 283 2414 κατὰ
306 2364 362 2415 τὸ
392 2365 687 2435 στερέωμα
709 2365 800 2419 τοῦ
836 2368 1087 2437 ούρανοῦ,
1125 2387 1142 2419 ι
1178 2368 1291 2439 ἃμα
1318 2368 1457 2439 λόγῳ
1485 2368 1710 2440 τοῦργον

165 2454 457 2520 ἀποδοῦναι,
485 2456 714 2528 ὁρᾶσθαί
777 2475 835 2510 τε
867 2458 1033 2511 εἰσέτι
1072 2458 1231 2530 δεῦρο
1258 2458 1335 2529 τῷ
1366 2460 1524 2530 ,νόμῳ
1570 2478 1709 2532 παρ-

164 2543 362 2611 έχουσαν
384 2548 448 2600 τὸ
476 2549 775 2619 πειθήνιον.
804 2549 867 2602 Εἰ
888 2550 943 2602 δὲ
968 2550 1031 2621 δὴ
1057 2551 1351 2621 καὶλῆλιος,
1378 2553 1471 2605 καὶ
1491 2552 1707 2623 σελήνη,

166 2638 240 2689 καὶ
264 2638 513 2708 ἀστέρες,
541 2641 635 2693 τοῦ
665 2641 808 2695 θείου
824 2641 985 2711 νόμου
1011 2643 1102 2695 καὶ
1128 2643 1309 2706 αὐτοῖς
1333 2644 1708 2714 διωρισμένου,

165 2727 268 2788 τοὺς
304 2728 541 2793 οἰκείους
576 2730 879 2784 ἀποδιδόναι
912 2732 1163 2802 δρόμους,
1208 2728 1345 2786 εἷναί
1378 2750 1435 2787 τε
1489 2734 1582 2787 καὶ
1634 2737 1712 2798 εἰς

165 2821 359 2885 σημεῖα,
416 2819 515 2871 καὶ
562 2820 641 2882 εἰς
674 2821 916 2890 καιροὺς,
969 2821 1061 2873 καὶ
1093 2823 1172 2883 εἰς
1217 2823 1447 2892 ἡμέρας,
1494 2824 1586 2875 καὶ
1634 2824 1711 2885 εἰς

164 2908 435 2972 ἐνιαυτοὺς,
469 2910 529 2962 ού
571 2910 944 2982 παραμελοῦσι
992 2913 1091 2982 τῆς
1139 2913 1491 2983 νομοθεσίαςο
1532 2915 1613 2978 τίς
1646 2915 1711 2968 ἂν

165 2997 228 3050 ἑτι
252 3016 324 3053 σοι
352 3002 594 3054 λείποιτο
615 3002 937 3073 συγγνώμης
961 3004 1235 3075 ἀποφυγὴ,
1270 3003 1375 3057 τῶν
1409 3005 1561 3058 θείων
1584 3024 1711 3060 κατ-

1821 537 2084 605 ευιιίεψιε
2107 544 2316 590 natura:
2342 536 2481 589 hanc
2506 545 2611 588 tam
2636 535 2867 604 ingentis
2916 546 3131 603 tamque
3168 534 3389 603 perfecti

1820 627 1999 696 Operis
2023 626 2254 695 speciem
2280 641 2399 680 esse
2430 624 2770 680 tribuendam
2797 642 2811 677 :
2838 626 2965 679 illud
2982 624 3222 694 quidem,
3249 632 3309 677 ut
3323 638 3390 677 ex

1822 716 2023 772 summi
2053 732 2235 770 rerum
2297 717 2542 772 omnium
2604 715 2881 771 architecti
2937 715 3186 770 manibus
3258 728 3387 784 pro-

1819 807 2006 871 diisse,
2043 805 2206 875 315
2238 806 2311 859 ita
2352 806 2525 861 sacris
2552 805 2793 874 ejusdem
2824 805 3069 861 consiliis
3094 819 3156 858 ac
3178 804 3389 873 legibus

1820 896 2133 968 gubernari.
2168 896 2308 966 Ergo
2340 897 2465 952 inde
2485 897 2796 966 auspicatus
2817 896 3099 966 prOpheta,
3127 911 3189 950 ac
3208 896 3389 964 prius-

1820 1005 1983 1060 quam
2018 988 2333 1043 hominibus
2367 989 2535 1059 legem
2563 988 2748 1053 ferret,
2794 988 3019 1043 sancitis
3047 990 3115 1044 de
3148 987 3385 1042 universi

1818 1092 2011 1138 natura
2043 1082 2276 1153 legibus,
2307 1092 2513 1136 mentes
2544 1081 2659 1151 ipse
2685 1090 2897 1136 nostras
2921 1081 2985 1135 ad
3014 1080 3213 1134 summi
3244 1078 3385 1150 regis

1819 1174 2149 1229 voluntatem
2177 1172 2564 1238 adhaerescere,
2592 1187 2656 1229 ac
2678 1172 2893 1242 penitus
2915 1172 2967 1225 in
2984 1171 3227 1241 ejusdem
3250 1186 3388 1240 pne-

1818 1269 1989 1338 ceptis
2040 1270 2387 1336 acquiescere
2437 1266 2607 1321 voluit
2641 1286 2653 1321 :
2686 1282 2860 1337 eoque
2909 1266 3109 1331 verius,
3145 1280 3254 1335 quo
3305 1266 3385 1320 sol

1819 1358 1933 1427 ipse
1954 1373 2193 1429 quoque,
2223 1358 2441 1419 cmlum,
2479 1358 2737 1421 mundus,
2775 1368 2938 1421 terra,
2976 1371 3203 1427 quaeque
3229 1364 3387 1410 terra:

1818 1450 1941 1504 sinu
1975 1449 2321 1505 continentur
2352 1450 2555 1516 omnia,
2586 1458 2638 1504 et
2686 1459 2956 1519 quotquot
2986 1459 3191 1503 naturae
3222 1461 3384 1517 opera

1818 1543 2027 1597 censeri
2050 1542 2243 1606 solent,
2276 1541 2517 1611 ejusdem
2550 1543 2819 1596 mandatis
2853 1541 3134 1611 sacrisque
3172 1541 3385 1611 legibus

1817 1642 1979 1702 atque
2008 1634 2238 1689 decretis
2263 1634 2657 1702 obtemperant.
2689 1632 2920 1703 Equius
2948 1634 3091 1687 enim
3116 1646 3236 1686 esse
3254 1648 3384 1702 pro-

1819 1726 1981 1789 fecto,
2015 1726 2093 1779 uti
2127 1726 2424 1779 humanum
2448 1727 2669 1794 proinde
2691 1742 2881 1795 genus,
2904 1740 3029 1795 pars
3055 1725 3241 1794 utique
3263 1723 3385 1777 uni-

1746 1791 1787 1849 Β
1815 1816 1960 1871 versi
1995 1832 2101 1871 non
2142 1816 2359 1885 exigua,
2389 1817 2587 1870 divinis
2613 1818 2773 1870 etiam
2808 1817 2996 1871 edictis
3026 1818 3379 1887 obsequatur,

1807 1923 1905 1962 nec
1950 1924 2070 1963 sese
2116 1909 2219 1963 hoc
2247 1909 2299 1962 in
2334 1924 2526 1978 genere
2556 1924 2585 1961 a
2622 1909 2849 1975 singulis
2890 1909 3174 1962 elementis
3232 1905 3379 1965 vinci

1807 1999 2061 2067 patiatur.
2098 1996 2308 2069 Quippe
2352 2001 2521 2069 legem
2575 2000 2729 2053 initio
2780 2007 2937 2053 terrae
2966 1999 3276 2068 impositam
3311 2002 3380 2056 ab

1808 2104 1874 2143 eo
1906 2087 2096 2153 fuisse,
2128 2091 2222 2157 qui
2255 2090 2496 2157 dixerit;
2534 2109 2550 2139 ι
2582 2084 2857 2143 Geruiinet
2878 2098 3018 2142 terra
3044 2089 3263 2143 herbam
3296 2090 3379 2143 vi-

1809 2188 2038 2243 rentem,
2068 2189 2121 2234 et
2151 2178 2436 2234 facientem
2467 2195 2650 2234 semen
2683 2178 2981 2233 secundum
3008 2193 3174 2248 genus
3192 2194 3373 2245 suum,

1809 2281 1862 2326 et
1894 2272 2095 2341 lignum
2123 2271 2445 2341 pomiferum
2470 2270 2673 2325 faciens
2706 2268 2941 2324 fructum
2978 2270 3058 2335 ";
3092 2287 3110 2321 ι
3140 2285 3258 2324 eam
3288 2285 3378 2324 ve-

1811 2380 1891 2427 ro,
1922 2364 2084 2417 simul
2118 2374 2279 2433 atque
2304 2379 2407 2417 vox
2447 2364 2535 2416 illa
2560 2363 2803 2427 exiisset,
2842 2361 3107 2431 impositae
3147 2362 3250 2432 legi
3281 2362 3379 2416 ob-

1812 2463 2079 2517 secutam,
2112 2470 2391 2523 nunquam
2428 2453 2681 2522 deinceps
2727 2468 2757 2507 a
2804 2453 2987 2507 divino
3017 2461 3283 2523 praecepto
3308 2451 3376 2507 ad

1812 2545 1926 2598 haec
1951 2559 2123 2613 usque
2152 2552 2392 2613 tempora
2420 2544 2761 2599 discessisse.
2800 2542 3090 2596 Humidum
3129 2542 3377 2597 similiter

1809 2636 2157 2699 elementum,
2183 2634 2321 2688 hanc
2355 2634 2421 2688 ad
2470 2633 2563 2688 Dei
2592 2648 2781 2687 vocem
2840 2652 2857 2683 ι
2886 2632 3195 2688 Producant
3223 2648 3379 2703 aqua

1812 2726 2020 2796 reptilia
2055 2726 2250 2780 anima:
2282 2726 2529 2790 viventis,
2562 2733 2615 2779 et
2657 2724 2895 2779 volatilia
2942 2726 3179 2780 volantia
3228 2727 3375 2783 circa

1812 2818 2213 2873 ﬁrmamentum
2249 2818 2451 2881 caeli“,
2499 2836 2516 2867 ι
2550 2832 2607 2871 re
2631 2818 2745 2885 ipsa
2798 2818 3057 2872 continuo
3104 2818 3373 2886 paruisse,

1812 2918 1973 2978 atque
1994 2910 2049 2962 in
2076 2909 2263 2963 eadem
2286 2908 2588 2963 obedientia
2609 2908 2892 2977 hucusque
2910 2909 3214 2978 persistere.
3233 2908 3375 2967 Prae—

1815 3009 1960 3054 terea
1993 3001 2038 3054 si
2074 3000 2176 3060 sol.
2208 3008 2368 3069 atque
2407 2999 2555 3062 luna,
2588 3007 2891 3069 creteraque
2930 2999 3129 3065 sidera,
3156 3001 3205 3053 ei
3237 3016 3373 3068 quu-

162 3089 484 3160 ελιγωροῦντι
539 3092 752 3161 νόμων;
788 3093 968 3148 Ταῦτα
1001 3094 1400 3164 προπαιδεύσας
1438 3095 1705 3166 όθαυμά-

1813 3105 1918 3159 que
1947 3091 2081 3161 legi,
2113 3106 2219 3161 qua
2252 3106 2385 3147 suos
2411 3091 2526 3159 ipsa
2561 3105 2756 3145 cursus
2787 3090 3071 3157 coniicere,
3105 3091 3255 3160 signa
3286 3106 3373 3145 re-

166 3195 278 3244 σιος,
304 3184 451 3252 ημᾶς
474 3200 531 3235 τε
552 3177 686 3246 εἷλε,
708 3186 801 3237 καὶ
829 3185 927 3253 τῆς
952 3185 1153 3248 οἰκείας
1179 3185 1504 3253 θεογνωσίας
1533 3206 1593 3240 τε
1614 3189 1706 3241 καὶ

164 3273 417 3339 εύσεόείας
447 3277 669 3340 εἰκότως
704 3276 947 3346 ζηλωτάς
977 3279 1346 3348 κατεστήσατο
1365 3318 1379 3342 ,
1425 3280 1507 3331 ὅτι
1542 3281 1704 3350 μηδὲν

165 3364 343 3428 ψύτοις
372 3367 556 3435 ὅμοιον
585 3366 734 3436 παρά
762 3369 873 3427 τοῖς
906 3366 1010 3418 τῶν
1041 3366 1486 3437 προδηλωθέντων
1538 3368 1704 3422 ἐθνῶν

166 3454 406 3524 θεολόγοις
455 3459 636 3529 εὑρεῖν
674 3457 1020 3528 δεδυνήμεθα.
1064 3458 1215 3512 Μετὰ
1247 3458 1303 3510 δὲ
1348 3459 1443 3528 τὴν
1485 3459 1704 3531 πρώτην

164 3546 415 3617 θεολογίαν
470 3550 707 3619 μέτεισιν
760 3550 853 3603 ἐπὶ
902 3550 962 3602 τὸ
994 3548 1242 3620 δεύτερον
1284 3550 1457 3621 δόγμα
1480 3552 1703 3619 φυσικὸν

165 3638 277 3707 ὁμοῦ
312 3642 402 3694 καὶ
434 3641 735 3710 φιλόσοφον.
761 3641 917 3695 Μετά
949 3640 1077 3710 γοῦν
1104 3643 1202 3713 τὴν
1229 3644 1354 3714 περὶ
1394 3643 1528 3695 Θεοῦ
1562 3644 1705 3711 γνῶ-

166 3745 252 3793 σιν,
272 3734 368 3802 τήν
391 3749 450 3784 τε
503 3733 632 3803 περ).
663 3733 797 3786 ὅλων
844 3734 1196 3805 διακόσμησιν
1219 3773 1234 3798 ,
1268 3732 1417 3799 τάξει
1463 3736 1703 3806 πρόεισιν

166 3823 323 3875 {alto
349 3826 437 3877 καὶ
466 3828 532 3895 τῇ
570 3826 729 3893 φύσει
769 3826 1037 3898 δεύτερον.
1076 3826 1245 3881 Τοῦτο
1283 3828 1327 3880 δ’
1364 3823 1432 3897 ἦν
1478 3828 1536 3880 τὸ
1578 3831 1705 3899 περὶ

168 3914 356 3979 φύσεως
402 3917 708 3988 ἀνθρώπου,
745 3918 826 3970 ὅτι
861 3918 923 3989 δὴ
964 3918 1101 3988 μετά
1137 3918 1269 3972 Θεοῦ
1310 3920 1507 3987 γνῶσιν
1540 3920 1703 3987 ἀναγ-

168 4010 298 4060 καῖον
325 4008 520 4075 γνῶναί
552 4026 672 4061 τινα
698 4009 902 4061 ἑαυτόν.
931 4010 1127 4081 Διόπερ
1174 4012 1300 4080 ἑξῆς
1345 4011 1617 4075 παιδεύει,
1650 4012 1702 4064 τί

166 4098 438 4168 ἄνθρωπος,
466 4101 556 4152 καὶ
592 4102 641 4153 τί
673 4101 733 4153 τὸ
769 4101 1003 4172 προάγον
1028 4102 1185 4154 αὑτὸν
1218 4104 1298 4165 είς
1344 4101 1545 4171 γνῶσιν
1604 4102 1698 4158 καὶ

166 4185 417 4241 εὐσέϐειαν
444 4189 599 4253 Θεοῦ,
624 4192 707 4254 τίς
738 4208 796 4243 τε
821 4192 853 4261 ἡ
884 4191 1021 4244 κατά
1065 4191 1125 4242 τὸ
1159 4192 1567 4263 προηγούμενον
1602 4194 1697 4245 ἀν-

166 4277 355 4348 θρώπου
389 4282 519 4353 ζωή.
566 4283 876 4353 Διελόμενος
920 4284 1053 4354 δῆτα
1091 4284 1180 4336 τὸν
1226 4286 1351 4355 περὶ
1391 4284 1567 4355 ψυχῆς
1608 4286 1700 4339 καὶ

167 4368 388 4441 σώματος
434 4374 611 4441 λόγον,
670 4378 726 4428 ἐν
777 4374 918 4444 ψυχῇ
959 4375 1058 4443 μὲν
1087 4373 1325 4445 ὁρίζεται
1376 4376 1467 4428 τὸν
1523 4376 1696 4445 ἀληθῆ

1813 3198 1933 3237 rum
1965 3182 2268 3238 futurarum
2314 3183 2588 3247 exhibere,
2618 3189 2884 3252 tempora,
2913 3182 3053 3249 dies,
3090 3198 3373 3253 annosque

1806 3272 2137 3343 distinguere
2160 3273 2441 3342 jubentur,
2470 3280 2783 3330 constanter
2808 3272 3183 3341 obtemperant
3210 3290 3223 3326 :
3249 3274 3374 3342 qui-

1806 3379 1928 3416 nam
1979 3364 2075 3417 tibi
2118 3380 2281 3433 porro
2327 3365 2541 3421 divinas
2599 3365 2744 3433 leges
2773 3363 2996 3418 violanti
3026 3372 3272 3432 receptus
3303 3365 3369 3418 ad

1805 3452 2016 3505 veniam
2066 3468 2350 3524 superesse
2397 3455 2606 3527 possit?
2652 3453 2777 3508 Haec
2830 3470 2929 3509 nos
2983 3453 3225 3525 profecto
3268 3457 3369 3509 viri

1805 3546 2095 3615 singularis
2141 3549 2195 3603 in
2242 3549 2486 3603 docendo
2514 3549 2818 3603 rudimenta
2864 3558 3144 3618 ceperunt,
3170 3565 3234 3602 ac
3260 3565 3372 3603 sua:

1805 3652 1906 3692 nos
1927 3654 2050 3692 cum
2083 3638 2174 3694 Dei
2209 3641 2432 3705 notitiae,
2466 3649 2583 3697 tum,
2622 3642 2782 3694 etiam
2816 3641 3029 3709 pietatis
3064 3653 3117 3695 et
3150 3641 3370 3711 religio-

1806 3726 1889 3781 nis
1935 3728 2280 3784 aemulatores
2305 3728 2599 3784 eﬂ‘eceruut
2625 3748 2636 3782 :
2681 3730 2824 3798 quod
2856 3730 2997 3799 apud
3024 3712 3369 3797 cancrorum,

1803 3820 1871 3874 de
1914 3819 2112 3890 quibus
2165 3831 2291 3877 ante
2334 3822 2593 3886 diximus,
2630 3823 2954 3892 populorum
2986 3822 3265 3892 theologos
3293 3824 3371 3878 si-

1802 3918 1929 3973 mile
1984 3917 2119 3970 nihil
2174 3934 2400 3987 usquam
2453 3928 2781 3973 occurreret.
2816 3916 2959 3973 Idem
3002 3934 3183 3989 porro,
3206 3920 3370 3989 jactis

1802 4006 2069 4074 ejusmodi
2123 4007 2405 4078 theologia:
2437 4008 2822 4074 fundamentis,
2860 4008 2927 4062 ad
2962 4014 3189 4063 alterum
3221 4010 3373 4063 dein-

1803 4115 1929 4168 ceps
1979 4100 2241 4154 doctrinae
2286 4110 2469 4170 caput,
2503 4101 2741 4171 illudque
2791 4117 2914 4156 cum
2966 4112 3159 4155 natura
3208 4102 3369 4157 simul

1808 4192 2256 4262 philosophiaque
2300 4192 2649 4262 conjunctum
2697 4194 3060 4264 progreditur.
3096 4192 3227 4247 Nam
3276 4194 3369 4248 Dei

1804 4283 1971 4337 semel
2021 4284 2350 4353 cognitione,
2382 4294 2545 4353 atque
2577 4285 2818 4339 universi
2863 4284 3069 4341 fabrica
3097 4295 3150 4341 et
3181 4287 3367 4341 mode~

1801 4376 2011 4431 ratione
2038 4375 2353 4440 constituta,
2379 4377 2445 4430 ad
2471 4376 2522 4430 id
2546 4376 2689 4446 quod
2724 4385 2916 4430 natura
2938 4378 3236 4431 secundum
3264 4387 3365 4443 est,

164 4454 437 4527 ἄνθρωπον,
463 4464 654 4532 νοερᾶς
676 4462 877 4526 οὐσίας,
907 4464 995 4515 καὶ
1019 4464 1326 4534 ἀσωμάτου,
1360 4466 1451 4517 καὶ
1481 4465 1699 4535 λογικῆς

1809 4468 1990 4523 ordine
2019 4483 2149 4522 sane
2177 4466 2460 4523 delabitur.
2498 4466 2573 4521 Ea
2621 4483 2749 4521 vero
2773 4478 2965 4521 natura
3000 4468 3235 4520 hominis
3264 4478 3364 4531 est,

169 4548 386 4618 μέτοχον,
419 4552 493 4614 ὡς
522 4552 585 4603 ἂν
610 4555 724 4605 κατ’
762 4554 942 4606 εἰκόνα
971 4554 1104 4606 Θεοῦ
1137 4554 1660 4625 δεδημιουργημένον
1682 4573 1694 4585 ⁸

168 4642 301 4712 σῶμα
338 4646 391 4697 δὲ
435 4645 633 4713 γεῶδες
677 4641 814 4697 εἶναι
842 4644 1150 4717 περίϐλημα
1174 4646 1349 4715 ψυχῆς
1370 4662 1381 4674 ·
1411 4647 1590 4716 τρίτον
1644 4646 1699 4699 δὲ

164 4734 345 4798 τούτοις
381 4736 736 4807 προστίθησι,
767 4736 933 4805 πνοὴν
957 4737 1099 4806 ζωῆς
1131 4736 1390 4806 ἑνωτικήν
1433 4754 1572 4798 τινα,
1611 4738 1701 4789 καὶ

164 4822 241 4873 τοῦ
266 4825 364 4877 ἀπὸ
383 4827 482 4895 γῆς
504 4825 794 4897 ληφθέντος
824 4825 901 4896 τῷ
932 4825 1049 4879 κατ’
1092 4825 1271 4881 εἰκόνα
1303 4824 1435 4877 Θεοῦ
1478 4844 1701 4896 πεποιη-

168 4913 308 4983 μένῳ,
332 4917 660 4988 συναπτικὴν
684 4916 929 4987 δύναμιν.
962 4916 1070 4969 Καὶ
1110 4917 1208 4985 τὴν
1256 4916 1474 4987 πρώτην
1506 4935 1567 4985 γε
1602 4918 1693 4970 τοῦ

165 5005 453 5079 δηλουμένου
488 5010 681 5080 ἀνδρὸς
712 5009 990 5079 διατριϐὴν
1033 5010 1090 5061 ὲν
1134 5009 1513 5078 τρισμακαρίῳ
1561 5008 1693 5061 Θεοῦ

169 5102 442 5169 παραδείσῳ
495 5102 777 5155 ἀθανάτων
808 5102 901 5157 καὶ
932 5101 1160 5154 αἰωνίων
1207 5099 1422 5167 ἀγαθῶν
1475 5100 1693 5173 ἔμπλεῳ

167 5194 408 5259 γεγονέναι
436 5196 659 5264 ἱστορεῖ.
688 5195 854 5267 Νόμῳ
878 5193 933 5244 δὲ
962 5193 1094 5245 Θεοῦ
1139 5194 1231 5245 καὶ
1268 5193 1453 5245 τοῦτον
1494 5195 1691 5263 ὁμοίως

165 5288 259 5347 ad;
281 5286 444 5349 ἄλλοις
472 5287 528 5337 ἐν
561 5286 755 5355 ἀρχαῖς
784 5286 875 5337 τοῦ
937 5285 1133 5347 παντὸς
1177 5284 1543 5354 ὑποϐληθέντα
1564 5326 1577 5351 ,
1624 5287 1691 5339 δι’

168 5376 477 5446 ἀπροσεξίαν,
533 5379 625 5431 καὶ
669 5378 768 5447 τῆς
799 5377 945 5440 θείας
991 5376 1207 5445 ἐντολῆς
1250 5378 1554 5449 παράϐασιν
1596 5380 1692 5448 τῆς

168 5471 450 5542 τριποθήτου
476 5472 799 5543 στερηθῆναι
840 5470 998 5541 ζωῆς.
1040 5469 1223 5523 Ταῦτά
1252 5488 1332 5523 τοι
1378 5474 1405 5524 ὁ
1454 5474 1690 5543 Μωῦσῆς

168 5559 215 5609 ἐν
246 5564 527 5631 προοιμίοις
556 5562 663 5615 τῶν
696 5563 853 5633 ἱερῶν
881 5563 1057 5632 νόμων
1090 5562 1381 5632 φιλοσοφεῖ,
1416 5566 1689 5635 μονονουχὶ

224 5653 260 5682 ⁸⁷
288 5654 409 5707 Gen.
441 5672 495 5718 ι,
530 5655 614 5709 Η.
692 5655 738 5686 δ’
770 5656 897 5708 ihiJ.
924 5655 1011 5709 '28.

229 5755 247 5781 ⁸
264 5749 319 5801 ἶ(-
368 5756 458 5817 μη.

1803 4561 1949 4631 quod
1973 4560 2267 4616 secundum
2302 4559 2444 4613 illam
2480 4559 2573 4613 Dei
2599 4560 2869 4624 notitiam,
2897 4575 2955 4613 se
2981 4560 3157 4630 ipsum
3184 4560 3368 4629 utique

1803 4668 1963 4708 nosse
1994 4653 2159 4707 homo
2192 4652 2401 4706 debeat.
2423 4650 2608 4721 Itaque
2635 4652 2792 4706 docet
2824 4651 2913 4705 ille
2943 4652 3366 4719 continuo,quid

1803 4744 1965 4799 homo
1991 4744 2081 4811 sit,
2112 4745 2310 4817 quibus
2358 4744 2472 4813 ipse
2526 4744 2817 4799 momentis
2863 4746 2930 4797 ad
2976 4743 3222 4797 notitiam
3254 4745 3367 4797 cul-

1803 4846 2026 4907 tumque
2090 4838 2336 4892 divinum
2386 4836 2720 4900 adducatur,
2764 4836 3217 4906 quemadmodum
3271 4852 3368 4905 pro

1803 4930 1973 4999 partis
1998 4930 2080 4985 sui
2110 4930 2393 4999 prmcipua:
2419 4930 2729 4985 conditione
2760 4930 2922 4983 vitam
2954 4929 3237 4982 instituere
3270 4930 3366 4982 de-

1801 5022 1943 5078 beat.
1976 5022 2184 5093 Quippe
2236 5023 2403 5077 animi
2455 5022 2599 5076 enim
2651 5022 3005 5090 corporisque
3051 5020 3367 5074 discrimine

1800 5115 2117 5181 constituto,
2153 5115 2335 5169 animo
2375 5124 2533 5169 tenus
2581 5130 2768 5169 verum
2796 5114 2959 5185 316
2989 5114 3139 5167 illum
3180 5114 3360 5167 homi-

1801 5219 1946 5267 nem,
1974 5204 2066 5273 qui
2102 5202 2420 5272 spiritalem,
2462 5204 2861 5272 incorpoream,
2886 5211 2939 5255 et
2976 5203 3187 5255 ratione
3224 5216 3364 5271 pra:-

1800 5296 1968 5349 ditam
2013 5306 2263 5351 naturam
2308 5296 2535 5350 sortitus
2581 5302 2686 5358 est,
2712 5292 3076 5347 definiendum
3111 5292 3363 5361 putavit;

1800 5387 1945 5458 quod
2000 5388 2045 5443 is
2094 5386 2433 5457 potissimum
2481 5386 2677 5441 divinae
2703 5385 2770 5439 ad
2805 5384 3056 5454 imaginis
3085 5384 3363 5454 exemplar

1798 5495 2089 5547 expressus
2143 5490 2195 5535 et
2248 5480 2619 5535 conformatus
2667 5486 2833 5533 esset.
2892 5478 3104 5546 Corpus
3157 5486 3361 5540 autem,

1801 5571 1943 5626 aliud
1982 5571 2135 5636 nihil,
2170 5587 2334 5642 quam
2386 5572 2551 5625 animi
2601 5580 2854 5625 terrestre
2905 5569 3175 5641 quoddam
3206 5568 3366 5624 indu-
