  <div class='ocr_page' id='page_1' title='image "/cluster/home/n/w/nwhite01/storage/ocr_20150623/21/hvd.32044073501165/281.png"; bbox 0 0 3864 6386; ppageno 0'>
   <div class='ocr_carea' id='block_1_1' title="bbox 503 317 610 376">
    <p class='ocr_par' dir='ltr' id='par_1_1' title="bbox 503 317 610 376">
     <span class='ocr_line' id='line_1_1' title="bbox 503 317 610 376; baseline -0.056 0"><span class='ocrx_word' id='word_1_1' title='bbox 503 317 610 376; x_wconf 73' lang='grc'><strong>535</strong></span> 
     </span>
    </p>
   </div>
   <div class='ocr_carea' id='block_1_2' title="bbox 1163 283 2073 372">
    <p class='ocr_par' dir='ltr' id='par_1_2' title="bbox 1163 311 2073 372">
     <span class='ocr_line' id='line_1_2' title="bbox 1163 311 2073 372; baseline -0.003 0"><span class='ocrx_word' id='word_1_2' title='bbox 1163 314 1435 372; x_wconf 79' lang='lat' dir='ltr'><strong>EUSEBll</strong></span> <span class='ocrx_word' id='word_1_3' title='bbox 1465 311 1942 371; x_wconf 65' lang='lat' dir='ltr'><strong>CESARIENSIS</strong></span> <span class='ocrx_word' id='word_1_4' title='bbox 1973 313 2073 370; x_wconf 71' lang='grc' dir='ltr'>ορ]</span> 
     </span>
    </p>
   </div>
   <div class='ocr_carea' id='block_1_3' title="bbox 2165 283 3123 372">
    <p class='ocr_par' dir='ltr' id='par_1_3' title="bbox 2166 283 3123 372">
     <span class='ocr_line' id='line_1_3' title="bbox 2166 283 3123 372; baseline -0.008 -2"><span class='ocrx_word' id='word_1_5' title='bbox 2166 313 2346 372; x_wconf 62' lang='lat' dir='ltr'><strong>rans</strong></span> <span class='ocrx_word' id='word_1_6' title='bbox 2382 313 2445 370; x_wconf 83' lang='grc' dir='ltr'><strong>ιι.</strong></span> <span class='ocrx_word' id='word_1_7' title='bbox 2483 343 2554 354; x_wconf 89' lang='grc'><strong><em>-</em></strong></span> <span class='ocrx_word' id='word_1_8' title='bbox 2591 283 3123 366; x_wconf 71' lang='grc' dir='ltr'><strong>ΑΡοιοοΕΤιοΑ.”</strong></span> 
     </span>
    </p>
   </div>
   <div class='ocr_carea' id='block_1_4' title="bbox 3615 311 3696 367">
    <p class='ocr_par' dir='ltr' id='par_1_4' title="bbox 3615 311 3696 367">
     <span class='ocr_line' id='line_1_4' title="bbox 3615 311 3696 367; baseline 0 0"><span class='ocrx_word' id='word_1_9' title='bbox 3615 311 3696 367; x_wconf 70' lang='lat'><strong>536</strong></span> 
     </span>
    </p>
   </div>
   <div class='ocr_carea' id='block_1_5' title="bbox 504 429 2073 509">
    <p class='ocr_par' dir='ltr' id='par_1_5' title="bbox 504 434 2066 506">
     <span class='ocr_line' id='line_1_5' title="bbox 504 434 2066 506; baseline -0.003 -8"><span class='ocrx_word' id='word_1_10' title='bbox 504 451 752 498; x_wconf 79' lang='lat' dir='ltr'><strong>mentum</strong></span> <span class='ocrx_word' id='word_1_11' title='bbox 787 454 850 494; x_wconf 89' lang='lat' dir='ltr'><strong>ac</strong></span> <span class='ocrx_word' id='word_1_12' title='bbox 888 434 1220 494; x_wconf 84' lang='lat' dir='ltr'><strong>domicilium</strong></span> <span class='ocrx_word' id='word_1_13' title='bbox 1268 453 1390 493; x_wconf 90' lang='lat' dir='ltr'><strong>esse</strong></span> <span class='ocrx_word' id='word_1_14' title='bbox 1437 437 1643 492; x_wconf 75' lang='lat' dir='ltr'><strong>statuit.</strong></span> <span class='ocrx_word' id='word_1_15' title='bbox 1679 435 1816 491; x_wconf 88' lang='lat' dir='ltr'><strong>Tum</strong></span> <span class='ocrx_word' id='word_1_16' title='bbox 1850 438 2066 506; x_wconf 78' lang='lat' dir='ltr'><strong>utrique</strong></span> 
     </span>
    </p>
   </div>
   <div class='ocr_carea' id='block_1_6' title="bbox 2165 429 3700 509">
    <p class='ocr_par' dir='ltr' id='par_1_6' title="bbox 2171 429 3700 509">
     <span class='ocr_line' id='line_1_6' title="bbox 2171 429 3700 509; baseline 0.001 -22"><span class='ocrx_word' id='word_1_17' title='bbox 2171 437 2563 509; x_wconf 82' lang='grc' dir='ltr'><strong>προκηρύττων</strong></span> <span class='ocrx_word' id='word_1_18' title='bbox 2598 435 2670 507; x_wconf 82' lang='grc' dir='ltr'><strong>μὴ</strong></span> <span class='ocrx_word' id='word_1_19' title='bbox 2706 433 3042 504; x_wconf 81' lang='grc' dir='ltr'>παραμελεῖν</span> <span class='ocrx_word' id='word_1_20' title='bbox 3063 431 3164 502; x_wconf 81' lang='grc' dir='ltr'><strong>τῆς</strong></span> <span class='ocrx_word' id='word_1_21' title='bbox 3193 429 3392 495; x_wconf 86' lang='grc' dir='ltr'>οίκείας</span> <span class='ocrx_word' id='word_1_22' title='bbox 3430 430 3595 496; x_wconf 80' lang='grc' dir='ltr'>ἀξίας,</span> <span class='ocrx_word' id='word_1_23' title='bbox 3623 435 3700 489; x_wconf 78' lang='grc' dir='ltr'>καὶ</span> 
     </span>
    </p>
   </div>
   <div class='ocr_carea' id='block_1_7' title="bbox 457 528 2064 600">
    <p class='ocr_par' dir='ltr' id='par_1_7' title="bbox 457 528 2064 600">
     <span class='ocr_line' id='line_1_7' title="bbox 457 528 2064 600; baseline -0.002 -13"><span class='ocrx_word' id='word_1_24' title='bbox 457 561 460 564; x_wconf 66' lang='grc' dir='ltr'><strong>ι</strong></span> <span class='ocrx_word' id='word_1_25' title='bbox 505 533 726 588; x_wconf 80' lang='lat' dir='ltr'><strong>terti-im</strong></span> <span class='ocrx_word' id='word_1_26' title='bbox 780 529 932 600; x_wconf 87' lang='lat' dir='ltr'><strong>quid,</strong></span> <span class='ocrx_word' id='word_1_27' title='bbox 960 529 1464 598; x_wconf 87' lang='lat' dir='ltr'><strong>vitalem,inquam,</strong></span> <span class='ocrx_word' id='word_1_28' title='bbox 1492 528 1742 596; x_wconf 74' lang='lat' dir='ltr'><strong>spiritum</strong></span> <span class='ocrx_word' id='word_1_29' title='bbox 1793 529 2064 596; x_wconf 83' lang='lat' dir='ltr'><strong>adjunxit,</strong></span> 
     </span>
    </p>
   </div>
   <div class='ocr_carea' id='block_1_8' title="bbox 511 621 2070 692">
    <p class='ocr_par' dir='ltr' id='par_1_8' title="bbox 511 621 2070 692">
     <span class='ocr_line' id='line_1_8' title="bbox 511 621 2070 692; baseline -0.004 -11"><span class='ocrx_word' id='word_1_30' title='bbox 511 625 619 682; x_wconf 83' lang='lat' dir='ltr'><strong>hoc</strong></span> <span class='ocrx_word' id='word_1_31' title='bbox 645 633 726 679; x_wconf 84' lang='lat' dir='ltr'><strong>est</strong></span> <span class='ocrx_word' id='word_1_32' title='bbox 759 624 866 678; x_wconf 73' lang='lat' dir='ltr'><strong>vim</strong></span> <span class='ocrx_word' id='word_1_33' title='bbox 900 623 1228 692; x_wconf 80' lang='lat' dir='ltr'><strong>singularem</strong></span> <span class='ocrx_word' id='word_1_34' title='bbox 1279 635 1342 674; x_wconf 85' lang='lat' dir='ltr'><strong>ac</strong></span> <span class='ocrx_word' id='word_1_35' title='bbox 1393 621 1689 689; x_wconf 86' lang='lat' dir='ltr'><strong>propriam,</strong></span> <span class='ocrx_word' id='word_1_36' title='bbox 1717 637 1837 690; x_wconf 65' lang='lat' dir='ltr'><strong>quae</strong></span> <span class='ocrx_word' id='word_1_37' title='bbox 1863 631 2070 690; x_wconf 89' lang='lat' dir='ltr'><strong>partem</strong></span> 
     </span>
    </p>
   </div>
   <div class='ocr_carea' id='block_1_9' title="bbox 512 713 2072 778">
    <p class='ocr_par' dir='ltr' id='par_1_9' title="bbox 512 713 2072 778">
     <span class='ocr_line' id='line_1_9' title="bbox 512 713 2072 778; baseline -0.001 -10"><span class='ocrx_word' id='word_1_38' title='bbox 512 735 576 771; x_wconf 65' lang='lat' dir='ltr'><strong>ex</strong></span> <span class='ocrx_word' id='word_1_39' title='bbox 603 726 746 772; x_wconf 81' lang='lat' dir='ltr'><strong>terra</strong></span> <span class='ocrx_word' id='word_1_40' title='bbox 776 724 1108 778; x_wconf 90' lang='lat' dir='ltr'><strong>concretam,</strong></span> <span class='ocrx_word' id='word_1_41' title='bbox 1138 729 1260 768; x_wconf 91' lang='lat' dir='ltr'><strong>cum</strong></span> <span class='ocrx_word' id='word_1_42' title='bbox 1291 713 1460 768; x_wconf 87' lang='lat' dir='ltr'><strong>altera</strong></span> <span class='ocrx_word' id='word_1_43' title='bbox 1486 713 1723 767; x_wconf 79' lang='lat' dir='ltr'><strong>divinam</strong></span> <span class='ocrx_word' id='word_1_44' title='bbox 1768 714 1834 767; x_wconf 88' lang='lat' dir='ltr'><strong>ad</strong></span> <span class='ocrx_word' id='word_1_45' title='bbox 1879 713 2072 768; x_wconf 90' lang='lat' dir='ltr'><strong>simili-</strong></span> 
     </span>
    </p>
   </div>
   <div class='ocr_carea' id='block_1_10' title="bbox 509 806 2070 879">
    <p class='ocr_par' dir='ltr' id='par_1_10' title="bbox 509 806 2070 879">
     <span class='ocr_line' id='line_1_10' title="bbox 509 806 2070 879; baseline -0.001 -15"><span class='ocrx_word' id='word_1_46' title='bbox 509 809 751 866; x_wconf 84' lang='lat' dir='ltr'><strong>tudinem</strong></span> <span class='ocrx_word' id='word_1_47' title='bbox 785 817 1068 879; x_wconf 81' lang='lat' dir='ltr'><strong>procreata</strong></span> <span class='ocrx_word' id='word_1_48' title='bbox 1097 806 1280 860; x_wconf 89' lang='lat' dir='ltr'><strong>nativo</strong></span> <span class='ocrx_word' id='word_1_49' title='bbox 1305 806 1539 876; x_wconf 87' lang='lat' dir='ltr'><strong>quodam</strong></span> <span class='ocrx_word' id='word_1_50' title='bbox 1563 806 1784 860; x_wconf 86' lang='lat' dir='ltr'><strong>vinculo</strong></span> <span class='ocrx_word' id='word_1_51' title='bbox 1816 807 2070 865; x_wconf 85' lang='lat' dir='ltr'><strong>sociaret.</strong></span> 
     </span>
    </p>
   </div>
   <div class='ocr_carea' id='block_1_11' title="bbox 509 895 2074 967">
    <p class='ocr_par' dir='ltr' id='par_1_11' title="bbox 509 895 2074 967">
     <span class='ocr_line' id='line_1_11' title="bbox 509 895 2074 967; baseline -0.001 -15"><span class='ocrx_word' id='word_1_52' title='bbox 509 896 779 954; x_wconf 52' lang='lat' dir='ltr'><strong>Ceterum</strong></span> <span class='ocrx_word' id='word_1_53' title='bbox 806 899 1034 967; x_wconf 84' lang='lat' dir='ltr'><strong>primam</strong></span> <span class='ocrx_word' id='word_1_54' title='bbox 1067 895 1238 951; x_wconf 91' lang='lat' dir='ltr'><strong>eidem</strong></span> <span class='ocrx_word' id='word_1_55' title='bbox 1275 896 1482 950; x_wconf 89' lang='lat' dir='ltr'><strong>homini</strong></span> <span class='ocrx_word' id='word_1_56' title='bbox 1513 896 1692 952; x_wconf 88' lang='lat' dir='ltr'><strong>sedem</strong></span> <span class='ocrx_word' id='word_1_57' title='bbox 1723 897 1777 950; x_wconf 90' lang='lat' dir='ltr'><strong>in</strong></span> <span class='ocrx_word' id='word_1_58' title='bbox 1806 899 1960 951; x_wconf 89' lang='lat' dir='ltr'><strong>horto</strong></span> <span class='ocrx_word' id='word_1_59' title='bbox 1981 897 2074 952; x_wconf 88' lang='lat' dir='ltr'><strong>Dei</strong></span> 
     </span>
    </p>
   </div>
   <div class='ocr_carea' id='block_1_12' title="bbox 511 987 2074 1058">
    <p class='ocr_par' dir='ltr' id='par_1_12' title="bbox 511 987 2074 1058">
     <span class='ocr_line' id='line_1_12' title="bbox 511 987 2074 1058; baseline 0 -14"><span class='ocrx_word' id='word_1_60' title='bbox 511 987 852 1052; x_wconf 81' lang='lat' dir='ltr'><strong>felicissimo,</strong></span> <span class='ocrx_word' id='word_1_61' title='bbox 890 998 943 1043; x_wconf 91' lang='lat' dir='ltr'><strong>et</strong></span> <span class='ocrx_word' id='word_1_62' title='bbox 967 989 1366 1044; x_wconf 87' lang='lat' dir='ltr'><strong>immortalibus</strong></span> <span class='ocrx_word' id='word_1_63' title='bbox 1397 1004 1462 1042; x_wconf 85' lang='lat' dir='ltr'><strong>ac</strong></span> <span class='ocrx_word' id='word_1_64' title='bbox 1500 989 1846 1058; x_wconf 76' lang='lat' dir='ltr'><strong>sempiternis</strong></span> <span class='ocrx_word' id='word_1_65' title='bbox 1879 989 2074 1058; x_wconf 82' lang='lat' dir='ltr'><strong>opibus</strong></span> 
     </span>
    </p>
   </div>
   <div class='ocr_carea' id='block_1_13' title="bbox 513 1080 2072 1149">
    <p class='ocr_par' dir='ltr' id='par_1_13' title="bbox 513 1080 2072 1149">
     <span class='ocr_line' id='line_1_13' title="bbox 513 1080 2072 1149; baseline -0.001 -15"><span class='ocrx_word' id='word_1_66' title='bbox 513 1081 823 1134; x_wconf 80' lang='lat' dir='ltr'><strong>abundante</strong></span> <span class='ocrx_word' id='word_1_67' title='bbox 846 1081 1076 1149; x_wconf 81' lang='lat' dir='ltr'><strong>positam</strong></span> <span class='ocrx_word' id='word_1_68' title='bbox 1101 1090 1146 1134; x_wconf 91' lang='lat' dir='ltr'><strong>et</strong></span> <span class='ocrx_word' id='word_1_69' title='bbox 1174 1080 1489 1134; x_wconf 81' lang='lat' dir='ltr'><strong>collocatam</strong></span> <span class='ocrx_word' id='word_1_70' title='bbox 1509 1095 1629 1134; x_wconf 88' lang='lat' dir='ltr'><strong>esse</strong></span> <span class='ocrx_word' id='word_1_71' title='bbox 1658 1087 2072 1145; x_wconf 89' lang='lat' dir='ltr'><strong>commemorat;</strong></span> 
     </span>
    </p>
   </div>
   <div class='ocr_carea' id='block_1_14' title="bbox 513 1170 2075 1240">
    <p class='ocr_par' dir='ltr' id='par_1_14' title="bbox 513 1170 2075 1240">
     <span class='ocr_line' id='line_1_14' title="bbox 513 1170 2075 1240; baseline 0.001 -17"><span class='ocrx_word' id='word_1_72' title='bbox 513 1171 691 1239; x_wconf 79' lang='lat' dir='ltr'><strong>ipsum</strong></span> <span class='ocrx_word' id='word_1_73' title='bbox 726 1185 876 1238; x_wconf 85' lang='lat' dir='ltr'><strong>vero,</strong></span> <span class='ocrx_word' id='word_1_74' title='bbox 911 1187 1032 1224; x_wconf 89' lang='lat' dir='ltr'><strong>cum</strong></span> <span class='ocrx_word' id='word_1_75' title='bbox 1064 1171 1252 1225; x_wconf 89' lang='lat' dir='ltr'><strong>eadem</strong></span> <span class='ocrx_word' id='word_1_76' title='bbox 1284 1170 1399 1240; x_wconf 86' lang='lat' dir='ltr'><strong>ipso</strong></span> <span class='ocrx_word' id='word_1_77' title='bbox 1428 1171 1608 1225; x_wconf 85' lang='lat' dir='ltr'><strong>statim</strong></span> <span class='ocrx_word' id='word_1_78' title='bbox 1640 1171 1817 1236; x_wconf 87' lang='lat' dir='ltr'><strong>initio,</strong></span> <span class='ocrx_word' id='word_1_79' title='bbox 1850 1185 1955 1239; x_wconf 93' lang='lat' dir='ltr'><strong>qua</strong></span> <span class='ocrx_word' id='word_1_80' title='bbox 1987 1185 2075 1224; x_wconf 77' lang='lat' dir='ltr'><strong>re—</strong></span> 
     </span>
    </p>
   </div>
   <div class='ocr_carea' id='block_1_15' title="bbox 515 1259 2073 1331">
    <p class='ocr_par' dir='ltr' id='par_1_15' title="bbox 515 1259 2073 1331">
     <span class='ocr_line' id='line_1_15' title="bbox 515 1259 2073 1331; baseline -0.001 -17"><span class='ocrx_word' id='word_1_81' title='bbox 515 1260 660 1330; x_wconf 87' lang='lat' dir='ltr'><strong>liqua</strong></span> <span class='ocrx_word' id='word_1_82' title='bbox 689 1276 913 1330; x_wconf 86' lang='lat' dir='ltr'><strong>prorsus</strong></span> <span class='ocrx_word' id='word_1_83' title='bbox 948 1260 1324 1321; x_wconf 54' lang='lat' dir='ltr'><strong>omniaulivini</strong></span> <span class='ocrx_word' id='word_1_84' title='bbox 1358 1259 1606 1315; x_wconf 89' lang='lat' dir='ltr'><strong>Numinis</strong></span> <span class='ocrx_word' id='word_1_85' title='bbox 1633 1261 1749 1331; x_wconf 82' lang='lat' dir='ltr'><strong>lege</strong></span> <span class='ocrx_word' id='word_1_86' title='bbox 1782 1268 2073 1325; x_wconf 84' lang='lat' dir='ltr'><strong>teneretur,</strong></span> 
     </span>
    </p>
   </div>
   <div class='ocr_carea' id='block_1_16' title="bbox 515 1352 2074 1424">
    <p class='ocr_par' dir='ltr' id='par_1_16' title="bbox 515 1352 2074 1424">
     <span class='ocr_line' id='line_1_16' title="bbox 515 1352 2074 1424; baseline -0.001 -16"><span class='ocrx_word' id='word_1_87' title='bbox 515 1367 615 1408; x_wconf 85' lang='lat' dir='ltr'><strong>sua</strong></span> <span class='ocrx_word' id='word_1_88' title='bbox 655 1352 826 1421; x_wconf 90' lang='lat' dir='ltr'><strong>ipsius</strong></span> <span class='ocrx_word' id='word_1_89' title='bbox 853 1354 1091 1417; x_wconf 85' lang='lat' dir='ltr'><strong>vesania,</strong></span> <span class='ocrx_word' id='word_1_90' title='bbox 1117 1353 1425 1421; x_wconf 89' lang='lat' dir='ltr'><strong>violatoque</strong></span> <span class='ocrx_word' id='word_1_91' title='bbox 1470 1352 1602 1406; x_wconf 88' lang='lat' dir='ltr'><strong>tanti</strong></span> <span class='ocrx_word' id='word_1_92' title='bbox 1653 1353 1796 1424; x_wconf 83' lang='lat' dir='ltr'><strong>regis</strong></span> <span class='ocrx_word' id='word_1_93' title='bbox 1827 1353 2074 1422; x_wconf 87' lang='lat' dir='ltr'><strong>imperio,</strong></span> 
     </span>
    </p>
   </div>
   <div class='ocr_carea' id='block_1_17' title="bbox 513 1441 2078 1513">
    <p class='ocr_par' dir='ltr' id='par_1_17' title="bbox 513 1441 2078 1513">
     <span class='ocr_line' id='line_1_17' title="bbox 513 1441 2078 1513; baseline 0 -15"><span class='ocrx_word' id='word_1_94' title='bbox 513 1454 624 1499; x_wconf 88' lang='lat' dir='ltr'><strong>tam</strong></span> <span class='ocrx_word' id='word_1_95' title='bbox 655 1444 964 1513; x_wconf 81' lang='lat' dir='ltr'><strong>expetendae</strong></span> <span class='ocrx_word' id='word_1_96' title='bbox 990 1444 1111 1497; x_wconf 73' lang='lat' dir='ltr'><strong>vita:</strong></span> <span class='ocrx_word' id='word_1_97' title='bbox 1149 1442 1326 1497; x_wconf 89' lang='lat' dir='ltr'><strong>fructu</strong></span> <span class='ocrx_word' id='word_1_98' title='bbox 1357 1441 1641 1498; x_wconf 82' lang='lat' dir='ltr'><strong>infeliciter</strong></span> <span class='ocrx_word' id='word_1_99' title='bbox 1665 1445 1951 1500; x_wconf 77' lang='lat' dir='ltr'><strong>excidisse.</strong></span> <span class='ocrx_word' id='word_1_100' title='bbox 1984 1445 2078 1498; x_wconf 86' lang='lat' dir='ltr'><strong>At—</strong></span> 
     </span>
    </p>
   </div>
   <div class='ocr_carea' id='block_1_18' title="bbox 515 1535 2079 1608">
    <p class='ocr_par' dir='ltr' id='par_1_18' title="bbox 515 1535 2079 1608">
     <span class='ocr_line' id='line_1_18' title="bbox 515 1535 2079 1608; baseline 0 -20"><span class='ocrx_word' id='word_1_101' title='bbox 515 1551 622 1606; x_wconf 90' lang='lat' dir='ltr'><strong>que</strong></span> <span class='ocrx_word' id='word_1_102' title='bbox 651 1536 741 1590; x_wconf 89' lang='lat' dir='ltr'><strong>illa</strong></span> <span class='ocrx_word' id='word_1_103' title='bbox 774 1543 901 1590; x_wconf 88' lang='lat' dir='ltr'><strong>sunt</strong></span> <span class='ocrx_word' id='word_1_104' title='bbox 935 1552 1054 1605; x_wconf 63' lang='lat' dir='ltr'><strong>qua:</strong></span> <span class='ocrx_word' id='word_1_105' title='bbox 1087 1536 1449 1604; x_wconf 89' lang='lat' dir='ltr'><strong>persapienter</strong></span> <span class='ocrx_word' id='word_1_106' title='bbox 1475 1551 1505 1590; x_wconf 89' lang='lat' dir='ltr'><strong>a</strong></span> <span class='ocrx_word' id='word_1_107' title='bbox 1533 1535 1712 1608; x_wconf 78' lang='lat' dir='ltr'><strong>Moyse</strong></span> <span class='ocrx_word' id='word_1_108' title='bbox 1754 1535 1807 1590; x_wconf 91' lang='lat' dir='ltr'><strong>in</strong></span> <span class='ocrx_word' id='word_1_109' title='bbox 1847 1537 1962 1604; x_wconf 88' lang='lat' dir='ltr'><strong>ipsa</strong></span> <span class='ocrx_word' id='word_1_110' title='bbox 2010 1535 2079 1589; x_wconf 87' lang='lat' dir='ltr'><strong>le-</strong></span> 
     </span>
    </p>
   </div>
   <div class='ocr_carea' id='block_1_19' title="bbox 2169 519 3702 602">
    <p class='ocr_par' dir='ltr' id='par_1_19' title="bbox 2169 519 3702 602">
     <span class='ocr_line' id='line_1_19' title="bbox 2169 519 3702 602; baseline -0.008 -18"><span class='ocrx_word' id='word_1_111' title='bbox 2169 526 2238 602; x_wconf 77' lang='grc' dir='ltr'>ἧς</span> <span class='ocrx_word' id='word_1_112' title='bbox 2274 528 2536 599; x_wconf 77' lang='grc' dir='ltr'><strong>ἐτύχομεν</strong></span> <span class='ocrx_word' id='word_1_113' title='bbox 2558 526 2694 596; x_wconf 80' lang='grc' dir='ltr'>πρὸς</span> <span class='ocrx_word' id='word_1_114' title='bbox 2723 524 2784 578; x_wconf 83' lang='grc' dir='ltr'>τὸ</span> <span class='ocrx_word' id='word_1_115' title='bbox 2820 524 2973 578; x_wconf 86' lang='grc' dir='ltr'>Θεῖον</span> <span class='ocrx_word' id='word_1_116' title='bbox 2997 521 3401 594; x_wconf 74' lang='grc' dir='ltr'>άφομοιώσεως,</span> <span class='ocrx_word' id='word_1_117' title='bbox 3434 523 3493 588; x_wconf 83' lang='grc' dir='ltr'><strong>ἐξ</strong></span> <span class='ocrx_word' id='word_1_118' title='bbox 3521 519 3702 596; x_wconf 70' lang='grc' dir='ltr'>ἧςὴμίν</span> 
     </span>
    </p>
   </div>
   <div class='ocr_carea' id='block_1_20' title="bbox 2171 614 3704 693">
    <p class='ocr_par' dir='ltr' id='par_1_20' title="bbox 2171 614 3704 693">
     <span class='ocr_line' id='line_1_20' title="bbox 2171 614 3704 693; baseline -0.003 -19"><span class='ocrx_word' id='word_1_119' title='bbox 2171 619 2346 675; x_wconf 75' lang='grc' dir='ltr'>καὶτὸ</span> <span class='ocrx_word' id='word_1_120' title='bbox 2367 619 2630 673; x_wconf 88' lang='grc' dir='ltr'>ἀθάνατον</span> <span class='ocrx_word' id='word_1_121' title='bbox 2654 618 2755 686; x_wconf 82' lang='grc' dir='ltr'><strong>τῆς</strong></span> <span class='ocrx_word' id='word_1_122' title='bbox 2775 615 2949 686; x_wconf 76' lang='grc' dir='ltr'>ψυχῆς</span> <span class='ocrx_word' id='word_1_123' title='bbox 2968 614 3505 687; x_wconf 81' lang='grc' dir='ltr'>προσκεκληρῶσθαι.</span> <span class='ocrx_word' id='word_1_124' title='bbox 3527 617 3608 688; x_wconf 83' lang='grc' dir='ltr'><strong>Μὴ</strong></span> <span class='ocrx_word' id='word_1_125' title='bbox 3618 618 3704 693; x_wconf 77' lang='grc' dir='ltr'>γὰρ</span> 
     </span>
    </p>
   </div>
   <div class='ocr_carea' id='block_1_21' title="bbox 2172 706 3706 784">
    <p class='ocr_par' dir='ltr' id='par_1_21' title="bbox 2172 706 3706 784">
     <span class='ocr_line' id='line_1_21' title="bbox 2172 706 3706 784; baseline -0.001 -17"><span class='ocrx_word' id='word_1_126' title='bbox 2172 713 2236 784; x_wconf 87' lang='grc' dir='ltr'>δὴ</span> <span class='ocrx_word' id='word_1_127' title='bbox 2263 712 2482 783; x_wconf 80' lang='grc' dir='ltr'>θεμιτὸν</span> <span class='ocrx_word' id='word_1_128' title='bbox 2509 707 2646 764; x_wconf 78' lang='grc' dir='ltr'>εἶναι</span> <span class='ocrx_word' id='word_1_129' title='bbox 2673 709 2932 779; x_wconf 85' lang='grc' dir='ltr'>βασιλέως</span> <span class='ocrx_word' id='word_1_130' title='bbox 2952 707 3305 776; x_wconf 77' lang='grc' dir='ltr'>ἀφανίζεσθαι</span> <span class='ocrx_word' id='word_1_131' title='bbox 3348 709 3556 761; x_wconf 62' lang='grc' dir='ltr'>είκόνω</span> <span class='ocrx_word' id='word_1_132' title='bbox 3593 706 3706 766; x_wconf 78' lang='grc' dir='ltr'>εἶναι</span> 
     </span>
    </p>
   </div>
   <div class='ocr_carea' id='block_1_22' title="bbox 2173 800 3707 877">
    <p class='ocr_par' dir='ltr' id='par_1_22' title="bbox 2173 800 3707 877">
     <span class='ocr_line' id='line_1_22' title="bbox 2173 800 3707 877; baseline -0.003 -17"><span class='ocrx_word' id='word_1_133' title='bbox 2173 807 2229 860; x_wconf 80' lang='grc' dir='ltr'>δὲ</span> <span class='ocrx_word' id='word_1_134' title='bbox 2259 805 2562 877; x_wconf 85' lang='grc' dir='ltr'>ἀρχέτυπον</span> <span class='ocrx_word' id='word_1_135' title='bbox 2609 804 2704 858; x_wconf 76' lang='grc' dir='ltr'><strong>καὶ</strong></span> <span class='ocrx_word' id='word_1_136' title='bbox 2731 802 2905 872; x_wconf 86' lang='grc' dir='ltr'>ἀληθῆ</span> <span class='ocrx_word' id='word_1_137' title='bbox 2938 801 3030 854; x_wconf 80' lang='grc' dir='ltr'>τοῦ</span> <span class='ocrx_word' id='word_1_138' title='bbox 3060 800 3193 854; x_wconf 86' lang='grc' dir='ltr'><strong>Θεοῦ</strong></span> <span class='ocrx_word' id='word_1_139' title='bbox 3225 801 3331 857; x_wconf 82' lang='grc' dir='ltr'><strong>τῶν</strong></span> <span class='ocrx_word' id='word_1_140' title='bbox 3358 800 3492 854; x_wconf 81' lang='grc' dir='ltr'>ὅλων</span> <span class='ocrx_word' id='word_1_141' title='bbox 3535 803 3707 868; x_wconf 82' lang='grc' dir='ltr'><strong>εἰκόνα,</strong></span> 
     </span>
    </p>
   </div>
   <div class='ocr_carea' id='block_1_23' title="bbox 2173 892 3708 963">
    <p class='ocr_par' dir='ltr' id='par_1_23' title="bbox 2173 892 3708 963">
     <span class='ocr_line' id='line_1_23' title="bbox 2173 892 3708 963; baseline -0.003 -11"><span class='ocrx_word' id='word_1_142' title='bbox 2173 899 2263 952; x_wconf 78' lang='grc' dir='ltr'>τὸν</span> <span class='ocrx_word' id='word_1_143' title='bbox 2285 896 2451 952; x_wconf 79' lang='grc' dir='ltr'>αὐτοῦ</span> <span class='ocrx_word' id='word_1_144' title='bbox 2478 895 2669 963; x_wconf 86' lang='grc' dir='ltr'><strong>Λόγον,</strong></span> <span class='ocrx_word' id='word_1_145' title='bbox 2691 894 3013 962; x_wconf 72' lang='grc' dir='ltr'>αύτοσοςρίαν</span> <span class='ocrx_word' id='word_1_146' title='bbox 3058 893 3391 963; x_wconf 81' lang='grc' dir='ltr'><strong>τυγχάνοντα</strong></span> <span class='ocrx_word' id='word_1_147' title='bbox 3413 933 3428 959; x_wconf 95' lang='grc'>,</span> <span class='ocrx_word' id='word_1_148' title='bbox 3452 892 3542 946; x_wconf 77' lang='grc' dir='ltr'><strong>καὶ</strong></span> <span class='ocrx_word' id='word_1_149' title='bbox 3580 895 3708 948; x_wconf 77' lang='grc' dir='ltr'>αὑτο-</span> 
     </span>
    </p>
   </div>
   <div class='ocr_carea' id='block_1_24' title="bbox 2137 984 3708 1058">
    <p class='ocr_par' dir='ltr' id='par_1_24' title="bbox 2137 984 3708 1058">
     <span class='ocr_line' id='line_1_24' title="bbox 2137 984 3708 1058; baseline -0.005 -17"><span class='ocrx_word' id='word_1_150' title='bbox 2137 1003 2145 1058; x_wconf 59' lang='grc' dir='ltr'>ι</span> <span class='ocrx_word' id='word_1_151' title='bbox 2176 985 2342 1058; x_wconf 81' lang='grc' dir='ltr'>ζωὴν,</span> <span class='ocrx_word' id='word_1_152' title='bbox 2389 986 2482 1040; x_wconf 78' lang='grc' dir='ltr'><strong>καὶ</strong></span> <span class='ocrx_word' id='word_1_153' title='bbox 2523 984 2636 1054; x_wconf 82' lang='grc' dir='ltr'>φῶς</span> <span class='ocrx_word' id='word_1_154' title='bbox 2658 1025 2672 1047; x_wconf 93' lang='grc'>,</span> <span class='ocrx_word' id='word_1_155' title='bbox 2699 985 2793 1038; x_wconf 72' lang='grc' dir='ltr'><strong>καὶ</strong></span> <span class='ocrx_word' id='word_1_156' title='bbox 2822 985 3075 1055; x_wconf 81' lang='grc' dir='ltr'>ἀλήθειαν</span> <span class='ocrx_word' id='word_1_157' title='bbox 3099 1027 3113 1050; x_wconf 93' lang='grc'>,</span> <span class='ocrx_word' id='word_1_158' title='bbox 3144 987 3238 1038; x_wconf 78' lang='grc' dir='ltr'><strong>καὶ</strong></span> <span class='ocrx_word' id='word_1_159' title='bbox 3287 985 3342 1036; x_wconf 81' lang='grc' dir='ltr'><strong>εί</strong></span> <span class='ocrx_word' id='word_1_160' title='bbox 3369 1002 3422 1037; x_wconf 89' lang='grc' dir='ltr'>τι</span> <span class='ocrx_word' id='word_1_161' title='bbox 3466 985 3615 1039; x_wconf 67' lang='grc' dir='ltr'>καλὸν</span> <span class='ocrx_word' id='word_1_162' title='bbox 3637 988 3708 1039; x_wconf 74' lang='grc' dir='ltr'>καὶ</span> 
     </span>
    </p>
   </div>
   <div class='ocr_carea' id='block_1_25' title="bbox 2177 1078 3710 1150">
    <p class='ocr_par' dir='ltr' id='par_1_25' title="bbox 2177 1078 3710 1150">
     <span class='ocr_line' id='line_1_25' title="bbox 2177 1078 3710 1150; baseline 0.001 -17"><span class='ocrx_word' id='word_1_163' title='bbox 2177 1079 2375 1148; x_wconf 83' lang='grc' dir='ltr'>ἀγαθόν</span> <span class='ocrx_word' id='word_1_164' title='bbox 2416 1096 2498 1142; x_wconf 87' lang='grc' dir='ltr'><strong>τις</strong></span> <span class='ocrx_word' id='word_1_165' title='bbox 2540 1079 2874 1150; x_wconf 79' lang='grc' dir='ltr'><strong>ἐπινοήσειεν</strong></span> <span class='ocrx_word' id='word_1_166' title='bbox 2895 1094 2910 1108; x_wconf 78' lang='grc' dir='ltr'><strong>ο</strong></span> <span class='ocrx_word' id='word_1_167' title='bbox 2943 1079 3125 1131; x_wconf 80' lang='grc' dir='ltr'>εἰκόνα</span> <span class='ocrx_word' id='word_1_168' title='bbox 3155 1078 3212 1131; x_wconf 88' lang='grc' dir='ltr'>δὲ</span> <span class='ocrx_word' id='word_1_169' title='bbox 3240 1078 3483 1142; x_wconf 80' lang='grc' dir='ltr'><strong>εἰκόνος,</strong></span> <span class='ocrx_word' id='word_1_170' title='bbox 3525 1078 3606 1131; x_wconf 81' lang='grc' dir='ltr'><strong>τὸν</strong></span> <span class='ocrx_word' id='word_1_171' title='bbox 3636 1080 3710 1134; x_wconf 81' lang='grc' dir='ltr'>ἀν-</span> 
     </span>
    </p>
   </div>
   <div class='ocr_carea' id='block_1_26' title="bbox 2139 1150 3711 1272">
    <p class='ocr_par' dir='ltr' id='par_1_26' title="bbox 2139 1150 3711 1272">
     <span class='ocr_line' id='line_1_26' title="bbox 2139 1150 3711 1272; baseline 0 -50"><span class='ocrx_word' id='word_1_172' title='bbox 2139 1150 2146 1272; x_wconf 56' lang='grc' dir='ltr'>ξ</span> <span class='ocrx_word' id='word_1_173' title='bbox 2177 1170 2443 1242; x_wconf 83' lang='grc' dir='ltr'>θρώπειον</span> <span class='ocrx_word' id='word_1_174' title='bbox 2477 1170 2619 1235; x_wconf 83' lang='grc' dir='ltr'>νοῦν,</span> <span class='ocrx_word' id='word_1_175' title='bbox 2654 1171 2783 1240; x_wconf 80' lang='grc' dir='ltr'>παρ’</span> <span class='ocrx_word' id='word_1_176' title='bbox 2810 1170 2838 1222; x_wconf 83' lang='grc' dir='ltr'><strong>ὃ</strong></span> <span class='ocrx_word' id='word_1_177' title='bbox 2864 1171 2956 1223; x_wconf 73' lang='grc' dir='ltr'><strong>καὶ</strong></span> <span class='ocrx_word' id='word_1_178' title='bbox 2988 1172 3107 1222; x_wconf 80' lang='grc' dir='ltr'>κατ’</span> <span class='ocrx_word' id='word_1_179' title='bbox 3150 1171 3332 1224; x_wconf 86' lang='grc' dir='ltr'><strong>εἰκόνα</strong></span> <span class='ocrx_word' id='word_1_180' title='bbox 3370 1169 3502 1223; x_wconf 79' lang='grc' dir='ltr'>Θεοῦ</span> <span class='ocrx_word' id='word_1_181' title='bbox 3525 1169 3711 1238; x_wconf 84' lang='grc' dir='ltr'>γεγονέ-</span> 
     </span>
    </p>
   </div>
   <div class='ocr_carea' id='block_1_27' title="bbox 2144 1257 3714 1333">
    <p class='ocr_par' dir='ltr' id='par_1_27' title="bbox 2144 1257 3714 1333">
     <span class='ocr_line' id='line_1_27' title="bbox 2144 1257 3714 1333; baseline -0.001 -17"><span class='ocrx_word' id='word_1_182' title='bbox 2144 1257 2263 1316; x_wconf 70' lang='grc' dir='ltr'>’ναι</span> <span class='ocrx_word' id='word_1_183' title='bbox 2291 1262 2721 1333; x_wconf 87' lang='grc' dir='ltr'>ἀνωμολόγηται.</span> <span class='ocrx_word' id='word_1_184' title='bbox 2771 1262 3061 1328; x_wconf 80' lang='grc' dir='ltr'>Ἀναγκαῑα</span> <span class='ocrx_word' id='word_1_185' title='bbox 3109 1261 3164 1314; x_wconf 79' lang='grc' dir='ltr'>δὲ</span> <span class='ocrx_word' id='word_1_186' title='bbox 3210 1261 3380 1314; x_wconf 79' lang='grc' dir='ltr'>ταῦτα</span> <span class='ocrx_word' id='word_1_187' title='bbox 3426 1257 3558 1314; x_wconf 75' lang='grc' dir='ltr'>εἶναι</span> <span class='ocrx_word' id='word_1_188' title='bbox 3603 1260 3714 1331; x_wconf 79' lang='grc' dir='ltr'>ᾤετο</span> 
     </span>
    </p>
   </div>
   <div class='ocr_carea' id='block_1_28' title="bbox 2179 1353 3713 1427">
    <p class='ocr_par' dir='ltr' id='par_1_28' title="bbox 2179 1353 3713 1427">
     <span class='ocr_line' id='line_1_28' title="bbox 2179 1353 3713 1427; baseline -0.002 -18"><span class='ocrx_word' id='word_1_189' title='bbox 2179 1355 2630 1427; x_wconf 82' lang='grc' dir='ltr'><strong>προπαιδεύεσθαι</strong></span> <span class='ocrx_word' id='word_1_190' title='bbox 2691 1355 2816 1418; x_wconf 81' lang='grc' dir='ltr'>τοὺς</span> <span class='ocrx_word' id='word_1_191' title='bbox 2841 1353 3140 1424; x_wconf 81' lang='grc' dir='ltr'>μέλλοντας</span> <span class='ocrx_word' id='word_1_192' title='bbox 3186 1355 3352 1423; x_wconf 79' lang='grc' dir='ltr'>ἱεροῖς</span> <span class='ocrx_word' id='word_1_193' title='bbox 3399 1353 3713 1424; x_wconf 77' lang='grc' dir='ltr'><strong>προσανέχειν</strong></span> 
     </span>
    </p>
   </div>
   <div class='ocr_carea' id='block_1_29' title="bbox 2177 1445 3714 1520">
    <p class='ocr_par' dir='ltr' id='par_1_29' title="bbox 2177 1445 3714 1520">
     <span class='ocr_line' id='line_1_29' title="bbox 2177 1445 3714 1520; baseline -0.003 -18"><span class='ocrx_word' id='word_1_194' title='bbox 2177 1450 2381 1520; x_wconf 84' lang='grc' dir='ltr'>νόμοις,</span> <span class='ocrx_word' id='word_1_195' title='bbox 2409 1446 2766 1518; x_wconf 85' lang='grc' dir='ltr'>μνημονεύειν</span> <span class='ocrx_word' id='word_1_196' title='bbox 2793 1463 2872 1509; x_wconf 88' lang='grc' dir='ltr'>τε,</span> <span class='ocrx_word' id='word_1_197' title='bbox 2900 1445 2954 1498; x_wconf 89' lang='grc' dir='ltr'>τί</span> <span class='ocrx_word' id='word_1_198' title='bbox 2977 1447 3037 1498; x_wconf 81' lang='grc' dir='ltr'>τὸ</span> <span class='ocrx_word' id='word_1_199' title='bbox 3067 1445 3174 1498; x_wconf 78' lang='grc' dir='ltr'><strong>ἀπὸ</strong></span> <span class='ocrx_word' id='word_1_200' title='bbox 3189 1447 3293 1516; x_wconf 87' lang='grc' dir='ltr'><strong>γῆς</strong></span> <span class='ocrx_word' id='word_1_201' title='bbox 3317 1445 3518 1515; x_wconf 77' lang='grc' dir='ltr'>ληφθὲν</span> <span class='ocrx_word' id='word_1_202' title='bbox 3543 1445 3714 1512; x_wconf 68' lang='grc' dir='ltr'>αὐτοῖς,</span> 
     </span>
    </p>
   </div>
   <div class='ocr_carea' id='block_1_30' title="bbox 2177 1535 3716 1610">
    <p class='ocr_par' dir='ltr' id='par_1_30' title="bbox 2177 1535 3716 1610">
     <span class='ocr_line' id='line_1_30' title="bbox 2177 1535 3716 1610; baseline -0.001 -17"><span class='ocrx_word' id='word_1_203' title='bbox 2177 1541 2272 1594; x_wconf 71' lang='grc' dir='ltr'>καὶ</span> <span class='ocrx_word' id='word_1_204' title='bbox 2301 1541 2382 1603; x_wconf 86' lang='grc' dir='ltr'><strong>είς</strong></span> <span class='ocrx_word' id='word_1_205' title='bbox 2407 1540 2511 1610; x_wconf 89' lang='grc' dir='ltr'><strong>γῆν</strong></span> <span class='ocrx_word' id='word_1_206' title='bbox 2535 1535 2689 1602; x_wconf 77' lang='grc' dir='ltr'>αὖθις</span> <span class='ocrx_word' id='word_1_207' title='bbox 2711 1537 3202 1608; x_wconf 86' lang='grc' dir='ltr'>ἀναλυθησόμενον,</span> <span class='ocrx_word' id='word_1_208' title='bbox 3233 1538 3328 1589; x_wconf 69' lang='grc' dir='ltr'>καὶ</span> <span class='ocrx_word' id='word_1_209' title='bbox 3355 1537 3410 1590; x_wconf 92' lang='grc' dir='ltr'><strong>τί</strong></span> <span class='ocrx_word' id='word_1_210' title='bbox 3442 1536 3502 1589; x_wconf 83' lang='grc' dir='ltr'><strong>τδ</strong></span> <span class='ocrx_word' id='word_1_211' title='bbox 3533 1539 3586 1589; x_wconf 86' lang='grc' dir='ltr'><strong>ἐν</strong></span> <span class='ocrx_word' id='word_1_212' title='bbox 3612 1539 3716 1607; x_wconf 77' lang='grc' dir='ltr'>ἡμῖν</span> 
     </span>
    </p>
   </div>
   <div class='ocr_carea' id='block_1_31' title="bbox 517 1623 2073 1704">
    <p class='ocr_par' dir='ltr' id='par_1_31' title="bbox 517 1623 2073 1698">
     <span class='ocr_line' id='line_1_31' title="bbox 517 1623 2073 1698; baseline -0.001 -19"><span class='ocrx_word' id='word_1_213' title='bbox 517 1642 643 1698; x_wconf 84' lang='lat' dir='ltr'><strong>gum</strong></span> <span class='ocrx_word' id='word_1_214' title='bbox 695 1626 1160 1681; x_wconf 86' lang='lat' dir='ltr'><strong>sanctissimarum</strong></span> <span class='ocrx_word' id='word_1_215' title='bbox 1211 1623 1388 1679; x_wconf 87' lang='lat' dir='ltr'><strong>fronte</strong></span> <span class='ocrx_word' id='word_1_216' title='bbox 1419 1635 1717 1695; x_wconf 90' lang='lat' dir='ltr'><strong>ponuntur,</strong></span> <span class='ocrx_word' id='word_1_217' title='bbox 1750 1626 1950 1696; x_wconf 88' lang='lat' dir='ltr'><strong>quibus</strong></span> <span class='ocrx_word' id='word_1_218' title='bbox 1979 1639 2073 1678; x_wconf 92' lang='lat' dir='ltr'><strong>no-</strong></span> 
     </span>
    </p>
   </div>
   <div class='ocr_carea' id='block_1_32' title="bbox 2165 1623 3717 1704">
    <p class='ocr_par' dir='ltr' id='par_1_32' title="bbox 2179 1629 3717 1704">
     <span class='ocr_line' id='line_1_32' title="bbox 2179 1629 3717 1704; baseline -0.001 -20"><span class='ocrx_word' id='word_1_219' title='bbox 2179 1635 2425 1704; x_wconf 80' lang='grc' dir='ltr'>κρείττον</span> <span class='ocrx_word' id='word_1_220' title='bbox 2467 1632 2561 1684; x_wconf 76' lang='grc' dir='ltr'>καὶ</span> <span class='ocrx_word' id='word_1_221' title='bbox 2599 1630 2716 1700; x_wconf 83' lang='grc' dir='ltr'>Θεῷ</span> <span class='ocrx_word' id='word_1_222' title='bbox 2765 1631 3020 1701; x_wconf 79' lang='grc' dir='ltr'>ἐμφερὲς,</span> <span class='ocrx_word' id='word_1_223' title='bbox 3048 1631 3196 1693; x_wconf 82' lang='grc' dir='ltr'>ὅπως</span> <span class='ocrx_word' id='word_1_224' title='bbox 3224 1647 3287 1683; x_wconf 90' lang='grc' dir='ltr'><strong>τε</strong></span> <span class='ocrx_word' id='word_1_225' title='bbox 3324 1630 3464 1701; x_wconf 84' lang='grc' dir='ltr'>χρῆν</span> <span class='ocrx_word' id='word_1_226' title='bbox 3509 1629 3717 1700; x_wconf 66' lang='grc' dir='ltr'>ἐκατέρῳ</span> 
     </span>
    </p>
   </div>
   <div class='ocr_carea' id='block_1_33' title="bbox 519 1715 2073 1798">
    <p class='ocr_par' dir='ltr' id='par_1_33' title="bbox 519 1715 2073 1788">
     <span class='ocr_line' id='line_1_33' title="bbox 519 1715 2073 1788; baseline -0.002 -14"><span class='ocrx_word' id='word_1_227' title='bbox 519 1720 604 1774; x_wconf 85' lang='lat' dir='ltr'><strong>bis</strong></span> <span class='ocrx_word' id='word_1_228' title='bbox 653 1733 820 1788; x_wconf 83' lang='lat' dir='ltr'><strong>prope</strong></span> <span class='ocrx_word' id='word_1_229' title='bbox 865 1717 1168 1780; x_wconf 87' lang='lat' dir='ltr'><strong>denuntiat,</strong></span> <span class='ocrx_word' id='word_1_230' title='bbox 1197 1715 1273 1770; x_wconf 90' lang='lat' dir='ltr'><strong>uti</strong></span> <span class='ocrx_word' id='word_1_231' title='bbox 1305 1732 1373 1771; x_wconf 87' lang='lat' dir='ltr'><strong>ne</strong></span> <span class='ocrx_word' id='word_1_232' title='bbox 1411 1718 1682 1787; x_wconf 89' lang='lat' dir='ltr'><strong>propriam</strong></span> <span class='ocrx_word' id='word_1_233' title='bbox 1730 1718 2073 1787; x_wconf 88' lang='lat' dir='ltr'><strong>nativamquc</strong></span> 
     </span>
    </p>
   </div>
   <div class='ocr_carea' id='block_1_34' title="bbox 2165 1715 3718 1798">
    <p class='ocr_par' dir='ltr' id='par_1_34' title="bbox 2179 1720 3718 1798">
     <span class='ocr_line' id='line_1_34' title="bbox 2179 1720 3718 1798; baseline -0.004 -20"><span class='ocrx_word' id='word_1_234' title='bbox 2179 1725 2287 1778; x_wconf 87' lang='grc' dir='ltr'>τῶν</span> <span class='ocrx_word' id='word_1_235' title='bbox 2313 1723 2614 1798; x_wconf 82' lang='grc' dir='ltr'>εἰρημένων</span> <span class='ocrx_word' id='word_1_236' title='bbox 2652 1722 3071 1794; x_wconf 74' lang='grc' dir='ltr'>προσφέρεσθαι,</span> <span class='ocrx_word' id='word_1_237' title='bbox 3127 1722 3260 1793; x_wconf 83' lang='grc' dir='ltr'><strong>μηδέ</strong></span> <span class='ocrx_word' id='word_1_238' title='bbox 3313 1721 3608 1790; x_wconf 86' lang='grc' dir='ltr'>ἐνυϐρίζειν</span> <span class='ocrx_word' id='word_1_239' title='bbox 3645 1720 3718 1778; x_wconf 71' lang='grc' dir='ltr'>καὶ</span> 
     </span>
    </p>
   </div>
   <div class='ocr_carea' id='block_1_35' title="bbox 515 1784 2073 1885">
    <p class='ocr_par' dir='ltr' id='par_1_35' title="bbox 515 1809 2073 1881">
     <span class='ocr_line' id='line_1_35' title="bbox 515 1809 2073 1881; baseline -0.002 -14"><span class='ocrx_word' id='word_1_240' title='bbox 515 1812 854 1881; x_wconf 83' lang='lat' dir='ltr'><strong>dignitatem,</strong></span> <span class='ocrx_word' id='word_1_241' title='bbox 883 1810 1316 1879; x_wconf 87' lang='lat' dir='ltr'><strong>impressamque</strong></span> <span class='ocrx_word' id='word_1_242' title='bbox 1346 1809 1501 1865; x_wconf 91' lang='lat' dir='ltr'><strong>nobis</strong></span> <span class='ocrx_word' id='word_1_243' title='bbox 1529 1809 1698 1865; x_wconf 85' lang='lat' dir='ltr'><strong>divini</strong></span> <span class='ocrx_word' id='word_1_244' title='bbox 1725 1809 1976 1864; x_wconf 87' lang='lat' dir='ltr'><strong>Numinis</strong></span> <span class='ocrx_word' id='word_1_245' title='bbox 2006 1809 2073 1864; x_wconf 69' lang='lat' dir='ltr'><strong>si&lt;</strong></span> 
     </span>
    </p>
   </div>
   <div class='ocr_carea' id='block_1_36' title="bbox 2165 1784 3718 1885">
    <p class='ocr_par' dir='ltr' id='par_1_36' title="bbox 2183 1784 3718 1885">
     <span class='ocr_line' id='line_1_36' title="bbox 2183 1784 3718 1885; baseline -0.002 -16"><span class='ocrx_word' id='word_1_246' title='bbox 2183 1784 2398 1870; x_wconf 66' lang='grc' dir='ltr'>ἀσεϐεῖν</span> <span class='ocrx_word' id='word_1_247' title='bbox 2421 1784 2506 1880; x_wconf 62' lang='lat' dir='ltr'><strong>Et;</strong></span> <span class='ocrx_word' id='word_1_248' title='bbox 2530 1814 2620 1868; x_wconf 86' lang='grc' dir='ltr'><strong>τὸν</strong></span> <span class='ocrx_word' id='word_1_249' title='bbox 2643 1784 2762 1868; x_wconf 77' lang='grc' dir='ltr'>κατ’</span> <span class='ocrx_word' id='word_1_250' title='bbox 2790 1784 2971 1867; x_wconf 75' lang='grc' dir='ltr'>εἰκόνα</span> <span class='ocrx_word' id='word_1_251' title='bbox 3003 1784 3097 1867; x_wconf 78' lang='grc' dir='ltr'>τοῦ</span> <span class='ocrx_word' id='word_1_252' title='bbox 3123 1784 3258 1867; x_wconf 63' lang='grc' dir='ltr'><strong>ὸεοῦ</strong></span> <span class='ocrx_word' id='word_1_253' title='bbox 3287 1784 3586 1885; x_wconf 79' lang='grc' dir='ltr'>ἄνθρωπον,</span> <span class='ocrx_word' id='word_1_254' title='bbox 3613 1809 3718 1882; x_wconf 70' lang='grc' dir='ltr'>μηδέ</span> 
     </span>
    </p>
   </div>
   <div class='ocr_carea' id='block_1_37' title="bbox 517 1900 2073 1977">
    <p class='ocr_par' dir='ltr' id='par_1_37' title="bbox 517 1900 2073 1972">
     <span class='ocr_line' id='line_1_37' title="bbox 517 1900 2073 1972; baseline 0.001 -16"><span class='ocrx_word' id='word_1_255' title='bbox 517 1900 877 1956; x_wconf 80' lang='lat' dir='ltr'><strong>militudinem</strong></span> <span class='ocrx_word' id='word_1_256' title='bbox 929 1901 1156 1969; x_wconf 84' lang='lat' dir='ltr'><strong>turpiter</strong></span> <span class='ocrx_word' id='word_1_257' title='bbox 1195 1901 1553 1970; x_wconf 84' lang='lat' dir='ltr'><strong>negligamus,</strong></span> <span class='ocrx_word' id='word_1_258' title='bbox 1585 1917 1708 1956; x_wconf 89' lang='lat' dir='ltr'><strong>cum</strong></span> <span class='ocrx_word' id='word_1_259' title='bbox 1742 1902 1834 1956; x_wconf 88' lang='lat' dir='ltr'><strong>illa</strong></span> <span class='ocrx_word' id='word_1_260' title='bbox 1865 1917 2073 1972; x_wconf 81' lang='lat' dir='ltr'><strong>quoque</strong></span> 
     </span>
    </p>
   </div>
   <div class='ocr_carea' id='block_1_38' title="bbox 2165 1900 3719 1977">
    <p class='ocr_par' dir='ltr' id='par_1_38' title="bbox 2183 1901 3719 1977">
     <span class='ocr_line' id='line_1_38' title="bbox 2183 1901 3719 1977; baseline -0.003 -17"><span class='ocrx_word' id='word_1_261' title='bbox 2183 1924 2248 1976; x_wconf 88' lang='grc' dir='ltr'><strong>γε</strong></span> <span class='ocrx_word' id='word_1_262' title='bbox 2289 1906 2449 1960; x_wconf 80' lang='grc' dir='ltr'>αὑτὸν</span> <span class='ocrx_word' id='word_1_263' title='bbox 2493 1905 2774 1976; x_wconf 79' lang='grc' dir='ltr'>ῥυπαίνειν</span> <span class='ocrx_word' id='word_1_264' title='bbox 2825 1907 3074 1977; x_wconf 76' lang='grc' dir='ltr'>αἰσχραῖς</span> <span class='ocrx_word' id='word_1_265' title='bbox 3108 1904 3203 1958; x_wconf 79' lang='grc' dir='ltr'>καὶ</span> <span class='ocrx_word' id='word_1_266' title='bbox 3240 1903 3573 1976; x_wconf 83' lang='grc' dir='ltr'>παρανόμοις</span> <span class='ocrx_word' id='word_1_267' title='bbox 3608 1901 3719 1973; x_wconf 55' lang='lat' dir='ltr'><strong>apd-</strong></span> 
     </span>
    </p>
   </div>
   <div class='ocr_carea' id='block_1_39' title="bbox 517 1990 2073 2068">
    <p class='ocr_par' dir='ltr' id='par_1_39' title="bbox 517 1990 2073 2048">
     <span class='ocr_line' id='line_1_39' title="bbox 517 1990 2073 2048; baseline 0.001 -2"><span class='ocrx_word' id='word_1_268' title='bbox 517 1992 685 2046; x_wconf 75' lang='lat' dir='ltr'><strong>animi</strong></span> <span class='ocrx_word' id='word_1_269' title='bbox 711 1991 871 2045; x_wconf 90' lang='lat' dir='ltr'><strong>nobis</strong></span> <span class='ocrx_word' id='word_1_270' title='bbox 898 1990 1357 2045; x_wconf 87' lang='lat' dir='ltr'><strong>immortalitatem</strong></span> <span class='ocrx_word' id='word_1_271' title='bbox 1396 1992 1718 2047; x_wconf 83' lang='lat' dir='ltr'><strong>conciliarit.</strong></span> <span class='ocrx_word' id='word_1_272' title='bbox 1747 1991 1910 2048; x_wconf 85' lang='lat' dir='ltr'><strong>Nefas</strong></span> <span class='ocrx_word' id='word_1_273' title='bbox 1938 1993 2073 2048; x_wconf 87' lang='lat' dir='ltr'><strong>enim</strong></span> 
     </span>
    </p>
   </div>
   <div class='ocr_carea' id='block_1_40' title="bbox 2165 1990 3721 2068">
    <p class='ocr_par' dir='ltr' id='par_1_40' title="bbox 2186 1995 3721 2068">
     <span class='ocr_line' id='line_1_40' title="bbox 2186 1995 3721 2068; baseline -0.002 -17"><span class='ocrx_word' id='word_1_274' title='bbox 2186 1998 2321 2066; x_wconf 84' lang='grc' dir='ltr'>ξεσι,</span> <span class='ocrx_word' id='word_1_275' title='bbox 2347 1997 2530 2068; x_wconf 86' lang='grc' dir='ltr'>φέρειν</span> <span class='ocrx_word' id='word_1_276' title='bbox 2561 1997 2617 2050; x_wconf 81' lang='grc' dir='ltr'>δὲ</span> <span class='ocrx_word' id='word_1_277' title='bbox 2648 1996 2932 2060; x_wconf 78' lang='grc' dir='ltr'>διαπαντὸς</span> <span class='ocrx_word' id='word_1_278' title='bbox 2951 1997 3051 2066; x_wconf 87' lang='grc' dir='ltr'><strong>τῆς</strong></span> <span class='ocrx_word' id='word_1_279' title='bbox 3078 1995 3301 2068; x_wconf 82' lang='grc' dir='ltr'><strong>πρώτης</strong></span> <span class='ocrx_word' id='word_1_280' title='bbox 3333 1995 3431 2048; x_wconf 77' lang='grc' dir='ltr'>καὶ</span> <span class='ocrx_word' id='word_1_281' title='bbox 3459 2010 3721 2065; x_wconf 71' lang='grc' dir='ltr'>τρισμακσρ</span> 
     </span>
    </p>
   </div>
   <div class='ocr_carea' id='block_1_41' title="bbox 519 2080 2073 2160">
    <p class='ocr_par' dir='ltr' id='par_1_41' title="bbox 519 2080 2073 2153">
     <span class='ocr_line' id='line_1_41' title="bbox 519 2080 2073 2153; baseline -0.002 -13"><span class='ocrx_word' id='word_1_282' title='bbox 519 2098 640 2140; x_wconf 84' lang='lat' dir='ltr'><strong>esse</strong></span> <span class='ocrx_word' id='word_1_283' title='bbox 672 2081 934 2152; x_wconf 86' lang='lat' dir='ltr'><strong>profecto,</strong></span> <span class='ocrx_word' id='word_1_284' title='bbox 967 2080 1114 2151; x_wconf 87' lang='lat' dir='ltr'><strong>regis</strong></span> <span class='ocrx_word' id='word_1_285' title='bbox 1162 2081 1454 2152; x_wconf 83' lang='lat' dir='ltr'><strong>imaginem</strong></span> <span class='ocrx_word' id='word_1_286' title='bbox 1506 2083 1710 2137; x_wconf 79' lang='lat' dir='ltr'><strong>aboleri</strong></span> <span class='ocrx_word' id='word_1_287' title='bbox 1742 2101 1755 2138; x_wconf 91' lang='lat'><strong>:</strong></span> <span class='ocrx_word' id='word_1_288' title='bbox 1794 2099 1856 2138; x_wconf 92' lang='lat' dir='ltr'><strong>ac</strong></span> <span class='ocrx_word' id='word_1_289' title='bbox 1882 2084 2073 2153; x_wconf 88' lang='lat' dir='ltr'><strong>princi-</strong></span> 
     </span>
    </p>
   </div>
   <div class='ocr_carea' id='block_1_42' title="bbox 2165 2080 3720 2160">
    <p class='ocr_par' dir='ltr' id='par_1_42' title="bbox 2190 2085 3720 2160">
     <span class='ocr_line' id='line_1_42' title="bbox 2190 2085 3720 2160; baseline -0.003 -18"><span class='ocrx_word' id='word_1_290' title='bbox 2190 2089 2309 2160; x_wconf 84' lang='grc' dir='ltr'>ρίας</span> <span class='ocrx_word' id='word_1_291' title='bbox 2339 2088 2552 2160; x_wconf 79' lang='grc' dir='ltr'><strong>ἐκείνης</strong></span> <span class='ocrx_word' id='word_1_292' title='bbox 2577 2087 2856 2160; x_wconf 84' lang='grc' dir='ltr'>διατριϐῆς</span> <span class='ocrx_word' id='word_1_293' title='bbox 2881 2105 2940 2141; x_wconf 81' lang='grc' dir='ltr'><strong>τε</strong></span> <span class='ocrx_word' id='word_1_294' title='bbox 2989 2088 3082 2141; x_wconf 77' lang='grc' dir='ltr'>καὶ</span> <span class='ocrx_word' id='word_1_295' title='bbox 3117 2086 3264 2157; x_wconf 79' lang='grc' dir='ltr'>ζωῆς</span> <span class='ocrx_word' id='word_1_296' title='bbox 3300 2087 3392 2140; x_wconf 85' lang='grc' dir='ltr'><strong>τὸν</strong></span> <span class='ocrx_word' id='word_1_297' title='bbox 3428 2086 3608 2151; x_wconf 80' lang='grc' dir='ltr'>πόθον,</span> <span class='ocrx_word' id='word_1_298' title='bbox 3648 2085 3720 2140; x_wconf 82' lang='grc' dir='ltr'>καὶ</span> 
     </span>
    </p>
   </div>
   <div class='ocr_carea' id='block_1_43' title="bbox 516 2174 2073 2251">
    <p class='ocr_par' dir='ltr' id='par_1_43' title="bbox 516 2175 2073 2248">
     <span class='ocr_line' id='line_1_43' title="bbox 516 2175 2073 2248; baseline 0.001 -17"><span class='ocrx_word' id='word_1_299' title='bbox 516 2193 641 2248; x_wconf 82' lang='lat' dir='ltr'><strong>pem</strong></span> <span class='ocrx_word' id='word_1_300' title='bbox 669 2175 886 2247; x_wconf 89' lang='lat' dir='ltr'><strong>quidem</strong></span> <span class='ocrx_word' id='word_1_301' title='bbox 914 2189 1209 2243; x_wconf 86' lang='lat' dir='ltr'><strong>veramque</strong></span> <span class='ocrx_word' id='word_1_302' title='bbox 1252 2175 1347 2229; x_wconf 89' lang='lat' dir='ltr'><strong>Dei</strong></span> <span class='ocrx_word' id='word_1_303' title='bbox 1396 2177 1748 2245; x_wconf 69' lang='lat' dir='ltr'><strong>prtepotentis</strong></span> <span class='ocrx_word' id='word_1_304' title='bbox 1794 2176 2073 2243; x_wconf 73' lang='lat' dir='ltr'><strong>imaginem</strong></span> 
     </span>
    </p>
   </div>
   <div class='ocr_carea' id='block_1_44' title="bbox 2165 2174 3720 2251">
    <p class='ocr_par' dir='ltr' id='par_1_44' title="bbox 2188 2174 3720 2251">
     <span class='ocr_line' id='line_1_44' title="bbox 2188 2174 3720 2251; baseline -0.003 -18"><span class='ocrx_word' id='word_1_305' title='bbox 2188 2180 2436 2233; x_wconf 84' lang='grc' dir='ltr'>σπεύδειν</span> <span class='ocrx_word' id='word_1_306' title='bbox 2459 2179 2861 2251; x_wconf 86' lang='grc' dir='ltr'>παλινδρομεῖν,</span> <span class='ocrx_word' id='word_1_307' title='bbox 2890 2179 3053 2250; x_wconf 81' lang='grc' dir='ltr'>εὐχὴν</span> <span class='ocrx_word' id='word_1_308' title='bbox 3081 2178 3438 2250; x_wconf 78' lang='grc' dir='ltr'>ποιουμένους</span> <span class='ocrx_word' id='word_1_309' title='bbox 3481 2177 3576 2247; x_wconf 84' lang='grc' dir='ltr'><strong>τῆς</strong></span> <span class='ocrx_word' id='word_1_310' title='bbox 3599 2174 3720 2248; x_wconf 79' lang='grc' dir='ltr'>πρώ-</span> 
     </span>
    </p>
   </div>
   <div class='ocr_carea' id='block_1_45' title="bbox 525 2265 2073 2343">
    <p class='ocr_par' dir='ltr' id='par_1_45' title="bbox 525 2265 2073 2340">
     <span class='ocr_line' id='line_1_45' title="bbox 525 2265 2073 2340; baseline 0.002 -20"><span class='ocrx_word' id='word_1_311' title='bbox 525 2265 759 2322; x_wconf 82' lang='lat' dir='ltr'><strong>Verbum</strong></span> <span class='ocrx_word' id='word_1_312' title='bbox 786 2266 904 2337; x_wconf 87' lang='lat' dir='ltr'><strong>ejus</strong></span> <span class='ocrx_word' id='word_1_313' title='bbox 937 2281 1078 2333; x_wconf 89' lang='lat' dir='ltr'><strong>esse,</strong></span> <span class='ocrx_word' id='word_1_314' title='bbox 1113 2267 1257 2337; x_wconf 91' lang='lat' dir='ltr'><strong>quod</strong></span> <span class='ocrx_word' id='word_1_315' title='bbox 1286 2267 1400 2336; x_wconf 92' lang='lat' dir='ltr'><strong>ipsa</strong></span> <span class='ocrx_word' id='word_1_316' title='bbox 1430 2283 1524 2337; x_wconf 92' lang='lat' dir='ltr'><strong>per</strong></span> <span class='ocrx_word' id='word_1_317' title='bbox 1557 2283 1677 2322; x_wconf 88' lang='lat' dir='ltr'><strong>sese</strong></span> <span class='ocrx_word' id='word_1_318' title='bbox 1707 2267 2073 2340; x_wconf 83' lang='lat' dir='ltr'><strong>sapientia,vi-</strong></span> 
     </span>
    </p>
   </div>
   <div class='ocr_carea' id='block_1_46' title="bbox 2165 2265 3720 2343">
    <p class='ocr_par' dir='ltr' id='par_1_46' title="bbox 2185 2270 3720 2343">
     <span class='ocr_line' id='line_1_46' title="bbox 2185 2270 3720 2343; baseline -0.003 -18"><span class='ocrx_word' id='word_1_319' title='bbox 2185 2289 2286 2343; x_wconf 85' lang='grc' dir='ltr'><strong>της</strong></span> <span class='ocrx_word' id='word_1_320' title='bbox 2314 2273 2409 2325; x_wconf 75' lang='grc' dir='ltr'><strong>καὶ</strong></span> <span class='ocrx_word' id='word_1_321' title='bbox 2464 2272 2860 2343; x_wconf 86' lang='grc' dir='ltr'>τρισμακαρίου</span> <span class='ocrx_word' id='word_1_322' title='bbox 2914 2272 3057 2342; x_wconf 80' lang='grc' dir='ltr'>ζωῆς</span> <span class='ocrx_word' id='word_1_323' title='bbox 3080 2288 3140 2324; x_wconf 87' lang='grc' dir='ltr'><strong>τε</strong></span> <span class='ocrx_word' id='word_1_324' title='bbox 3188 2271 3286 2324; x_wconf 72' lang='grc' dir='ltr'>καὶ</span> <span class='ocrx_word' id='word_1_325' title='bbox 3330 2270 3486 2334; x_wconf 78' lang='grc' dir='ltr'>ἀξίας</span> <span class='ocrx_word' id='word_1_326' title='bbox 3537 2271 3720 2339; x_wconf 76' lang='grc' dir='ltr'>τυχείνο</span> 
     </span>
    </p>
   </div>
   <div class='ocr_carea' id='block_1_47' title="bbox 519 2358 2073 2433">
    <p class='ocr_par' dir='ltr' id='par_1_47' title="bbox 519 2358 2073 2432">
     <span class='ocr_line' id='line_1_47' title="bbox 519 2358 2073 2432; baseline 0 -18"><span class='ocrx_word' id='word_1_327' title='bbox 519 2367 596 2424; x_wconf 86' lang='lat' dir='ltr'><strong>ta,</strong></span> <span class='ocrx_word' id='word_1_328' title='bbox 631 2358 745 2424; x_wconf 85' lang='lat' dir='ltr'><strong>lux,</strong></span> <span class='ocrx_word' id='word_1_329' title='bbox 778 2367 833 2413; x_wconf 91' lang='lat' dir='ltr'><strong>et</strong></span> <span class='ocrx_word' id='word_1_330' title='bbox 864 2359 1064 2413; x_wconf 87' lang='lat' dir='ltr'><strong>veritas</strong></span> <span class='ocrx_word' id='word_1_331' title='bbox 1108 2367 1211 2422; x_wconf 88' lang='lat' dir='ltr'><strong>est,</strong></span> <span class='ocrx_word' id='word_1_332' title='bbox 1254 2367 1306 2413; x_wconf 90' lang='lat' dir='ltr'><strong>et</strong></span> <span class='ocrx_word' id='word_1_333' title='bbox 1336 2358 1598 2428; x_wconf 88' lang='lat' dir='ltr'><strong>quidquid</strong></span> <span class='ocrx_word' id='word_1_334' title='bbox 1627 2360 1849 2414; x_wconf 90' lang='lat' dir='ltr'><strong>omnino</strong></span> <span class='ocrx_word' id='word_1_335' title='bbox 1873 2361 2073 2432; x_wconf 80' lang='lat' dir='ltr'><strong>pulchri</strong></span> 
     </span>
    </p>
   </div>
   <div class='ocr_carea' id='block_1_48' title="bbox 2165 2358 3721 2433">
    <p class='ocr_par' dir='ltr' id='par_1_48' title="bbox 2187 2360 3721 2433">
     <span class='ocr_line' id='line_1_48' title="bbox 2187 2360 3721 2433; baseline -0.004 -16"><span class='ocrx_word' id='word_1_336' title='bbox 2187 2363 2322 2417; x_wconf 89' lang='grc' dir='ltr'><strong>ἀλλά</strong></span> <span class='ocrx_word' id='word_1_337' title='bbox 2337 2362 2431 2416; x_wconf 76' lang='grc' dir='ltr'><strong>καὶ</strong></span> <span class='ocrx_word' id='word_1_338' title='bbox 2452 2361 2962 2433; x_wconf 74' lang='grc' dir='ltr'>παρασκευάζεσθαι</span> <span class='ocrx_word' id='word_1_339' title='bbox 2983 2360 3193 2414; x_wconf 76' lang='grc' dir='ltr'>ἐνθένδε</span> <span class='ocrx_word' id='word_1_340' title='bbox 3213 2361 3317 2432; x_wconf 74' lang='grc' dir='ltr'>ἠδη</span> <span class='ocrx_word' id='word_1_341' title='bbox 3343 2361 3438 2413; x_wconf 73' lang='grc' dir='ltr'><strong>ἐπὶ</strong></span> <span class='ocrx_word' id='word_1_342' title='bbox 3458 2361 3550 2431; x_wconf 84' lang='grc' dir='ltr'>τὴν</span> <span class='ocrx_word' id='word_1_343' title='bbox 3578 2361 3721 2412; x_wconf 77' lang='grc' dir='ltr'>ἐκεῖσε</span> 
     </span>
    </p>
   </div>
   <div class='ocr_carea' id='block_1_49' title="bbox 522 2448 2073 2524">
    <p class='ocr_par' dir='ltr' id='par_1_49' title="bbox 522 2449 2073 2522">
     <span class='ocr_line' id='line_1_49' title="bbox 522 2449 2073 2522; baseline 0.001 -17"><span class='ocrx_word' id='word_1_344' title='bbox 522 2449 758 2521; x_wconf 88' lang='lat' dir='ltr'><strong>bonique</strong></span> <span class='ocrx_word' id='word_1_345' title='bbox 785 2450 1009 2520; x_wconf 87' lang='lat' dir='ltr'><strong>cogitari</strong></span> <span class='ocrx_word' id='word_1_346' title='bbox 1048 2451 1220 2520; x_wconf 91' lang='lat' dir='ltr'><strong>possit</strong></span> <span class='ocrx_word' id='word_1_347' title='bbox 1257 2469 1270 2504; x_wconf 89' lang='lat'>:</span> <span class='ocrx_word' id='word_1_348' title='bbox 1307 2459 1361 2504; x_wconf 89' lang='lat' dir='ltr'><strong>at</strong></span> <span class='ocrx_word' id='word_1_349' title='bbox 1401 2451 1654 2522; x_wconf 78' lang='lat' dir='ltr'><strong>imaginis</strong></span> <span class='ocrx_word' id='word_1_350' title='bbox 1689 2451 1853 2521; x_wconf 84' lang='lat' dir='ltr'><strong>hujus</strong></span> <span class='ocrx_word' id='word_1_351' title='bbox 1901 2451 2073 2522; x_wconf 80' lang='lat' dir='ltr'><strong>imagi-</strong></span> 
     </span>
    </p>
   </div>
   <div class='ocr_carea' id='block_1_50' title="bbox 2165 2448 3722 2524">
    <p class='ocr_par' dir='ltr' id='par_1_50' title="bbox 2189 2448 3722 2524">
     <span class='ocr_line' id='line_1_50' title="bbox 2189 2448 3722 2524; baseline -0.004 -17"><span class='ocrx_word' id='word_1_352' title='bbox 2189 2454 2512 2524; x_wconf 80' lang='grc' dir='ltr'>ἀποδημίαν,</span> <span class='ocrx_word' id='word_1_353' title='bbox 2542 2454 2623 2506; x_wconf 81' lang='grc' dir='ltr'><strong>ὅτι</strong></span> <span class='ocrx_word' id='word_1_354' title='bbox 2654 2454 2786 2524; x_wconf 83' lang='grc' dir='ltr'>μηδὲ</span> <span class='ocrx_word' id='word_1_355' title='bbox 2814 2453 2988 2516; x_wconf 86' lang='grc' dir='ltr'>ἄλλως</span> <span class='ocrx_word' id='word_1_356' title='bbox 3013 2452 3234 2506; x_wconf 83' lang='grc' dir='ltr'>δυνατὸν</span> <span class='ocrx_word' id='word_1_357' title='bbox 3268 2450 3534 2522; x_wconf 81' lang='grc' dir='ltr'>βεϐήλοις,</span> <span class='ocrx_word' id='word_1_358' title='bbox 3558 2451 3641 2502; x_wconf 76' lang='grc' dir='ltr'><strong>καὶ</strong></span> <span class='ocrx_word' id='word_1_359' title='bbox 3665 2448 3722 2520; x_wconf 77' lang='grc' dir='ltr'>μὴ</span> 
     </span>
    </p>
   </div>
   <div class='ocr_carea' id='block_1_51' title="bbox 466 2534 2073 2615">
    <p class='ocr_par' dir='ltr' id='par_1_51' title="bbox 466 2543 2073 2614">
     <span class='ocr_line' id='line_1_51' title="bbox 466 2543 2073 2614; baseline 0.001 -17"><span class='ocrx_word' id='word_1_360' title='bbox 466 2599 472 2604; x_wconf 78' lang='grc'>,</span> <span class='ocrx_word' id='word_1_361' title='bbox 522 2558 646 2598; x_wconf 88' lang='lat' dir='ltr'><strong>nem</strong></span> <span class='ocrx_word' id='word_1_362' title='bbox 703 2543 954 2598; x_wconf 71' lang='lat' dir='ltr'><strong>humanae</strong></span> <span class='ocrx_word' id='word_1_363' title='bbox 1003 2544 1170 2598; x_wconf 91' lang='lat' dir='ltr'><strong>menti</strong></span> <span class='ocrx_word' id='word_1_364' title='bbox 1204 2544 1514 2609; x_wconf 87' lang='lat' dir='ltr'><strong>convenire,</strong></span> <span class='ocrx_word' id='word_1_365' title='bbox 1547 2559 1667 2614; x_wconf 70' lang='lat' dir='ltr'><strong>qua:</strong></span> <span class='ocrx_word' id='word_1_366' title='bbox 1695 2553 1977 2614; x_wconf 86' lang='lat' dir='ltr'><strong>propterea</strong></span> <span class='ocrx_word' id='word_1_367' title='bbox 2008 2546 2073 2599; x_wconf 90' lang='lat' dir='ltr'><strong>di-</strong></span> 
     </span>
    </p>
   </div>
   <div class='ocr_carea' id='block_1_52' title="bbox 2165 2534 3723 2615">
    <p class='ocr_par' dir='ltr' id='par_1_52' title="bbox 2189 2534 3723 2615">
     <span class='ocr_line' id='line_1_52' title="bbox 2189 2534 3723 2615; baseline -0.003 -18"><span class='ocrx_word' id='word_1_368' title='bbox 2189 2545 2650 2615; x_wconf 85' lang='grc' dir='ltr'>κεκαθαρμένοις,</span> <span class='ocrx_word' id='word_1_369' title='bbox 2708 2543 2814 2596; x_wconf 81' lang='grc' dir='ltr'>τῶν</span> <span class='ocrx_word' id='word_1_370' title='bbox 2858 2542 3017 2615; x_wconf 84' lang='grc' dir='ltr'>ίερῶν</span> <span class='ocrx_word' id='word_1_371' title='bbox 3063 2543 3285 2596; x_wconf 82' lang='grc' dir='ltr'>ἐκείνων</span> <span class='ocrx_word' id='word_1_372' title='bbox 3325 2541 3638 2603; x_wconf 85' lang='grc' dir='ltr'>ἐπιϐαίνειν,</span> <span class='ocrx_word' id='word_1_373' title='bbox 3667 2534 3723 2593; x_wconf 80' lang='grc' dir='ltr'>ὧν</span> 
     </span>
    </p>
   </div>
   <div class='ocr_carea' id='block_1_53' title="bbox 522 2634 2073 2707">
    <p class='ocr_par' dir='ltr' id='par_1_53' title="bbox 522 2634 2073 2704">
     <span class='ocr_line' id='line_1_53' title="bbox 522 2634 2073 2704; baseline 0.003 -16"><span class='ocrx_word' id='word_1_374' title='bbox 522 2634 706 2688; x_wconf 88' lang='lat' dir='ltr'><strong>vinam</strong></span> <span class='ocrx_word' id='word_1_375' title='bbox 749 2635 814 2689; x_wconf 92' lang='lat' dir='ltr'><strong>ad</strong></span> <span class='ocrx_word' id='word_1_376' title='bbox 848 2635 1258 2690; x_wconf 89' lang='lat' dir='ltr'><strong>similitudinem</strong></span> <span class='ocrx_word' id='word_1_377' title='bbox 1293 2650 1550 2704; x_wconf 82' lang='lat' dir='ltr'><strong>expressa</strong></span> <span class='ocrx_word' id='word_1_378' title='bbox 1601 2637 1842 2690; x_wconf 89' lang='lat' dir='ltr'><strong>omnium</strong></span> <span class='ocrx_word' id='word_1_379' title='bbox 1877 2635 2073 2692; x_wconf 85' lang='lat' dir='ltr'><strong>confes-</strong></span> 
     </span>
    </p>
   </div>
   <div class='ocr_carea' id='block_1_54' title="bbox 2165 2634 3725 2707">
    <p class='ocr_par' dir='ltr' id='par_1_54' title="bbox 2190 2634 3725 2707">
     <span class='ocr_line' id='line_1_54' title="bbox 2190 2634 3725 2707; baseline -0.002 -19"><span class='ocrx_word' id='word_1_380' title='bbox 2190 2638 2286 2689; x_wconf 75' lang='grc' dir='ltr'><strong>καὶ</strong></span> <span class='ocrx_word' id='word_1_381' title='bbox 2319 2639 2346 2688; x_wconf 88' lang='grc' dir='ltr'>ὁ</span> <span class='ocrx_word' id='word_1_382' title='bbox 2374 2637 2588 2707; x_wconf 76' lang='grc' dir='ltr'>πρῶτος</span> <span class='ocrx_word' id='word_1_383' title='bbox 2631 2637 2698 2688; x_wconf 84' lang='grc' dir='ltr'>δι’</span> <span class='ocrx_word' id='word_1_384' title='bbox 2730 2635 3087 2705; x_wconf 77' lang='grc' dir='ltr'>ἀπροσεξίαν,</span> <span class='ocrx_word' id='word_1_385' title='bbox 3154 2634 3303 2698; x_wconf 86' lang='grc' dir='ltr'>θείας</span> <span class='ocrx_word' id='word_1_386' title='bbox 3347 2635 3725 2704; x_wconf 73' lang='grc' dir='ltr'>καταφρονήσας</span> 
     </span>
    </p>
   </div>
   <div class='ocr_carea' id='block_1_55' title="bbox 524 2725 2073 2796">
    <p class='ocr_par' dir='ltr' id='par_1_55' title="bbox 524 2726 2073 2796">
     <span class='ocr_line' id='line_1_55' title="bbox 524 2726 2073 2796; baseline 0.001 -16"><span class='ocrx_word' id='word_1_387' title='bbox 524 2726 679 2780; x_wconf 83' lang='lat' dir='ltr'><strong>sione</strong></span> <span class='ocrx_word' id='word_1_388' title='bbox 730 2726 1074 2796; x_wconf 67' lang='lat' dir='ltr'><strong>prtedicatur.</strong></span> <span class='ocrx_word' id='word_1_389' title='bbox 1102 2726 1311 2792; x_wconf 88' lang='lat' dir='ltr'><strong>Quibus</strong></span> <span class='ocrx_word' id='word_1_390' title='bbox 1364 2727 1454 2780; x_wconf 92' lang='lat' dir='ltr'><strong>ille</strong></span> <span class='ocrx_word' id='word_1_391' title='bbox 1500 2727 1817 2781; x_wconf 89' lang='lat' dir='ltr'><strong>notionibus</strong></span> <span class='ocrx_word' id='word_1_392' title='bbox 1842 2743 1935 2782; x_wconf 89' lang='lat' dir='ltr'><strong>eos</strong></span> <span class='ocrx_word' id='word_1_393' title='bbox 1967 2738 2073 2782; x_wconf 61' lang='lat' dir='ltr'><strong>ante</strong></span> 
     </span>
    </p>
   </div>
   <div class='ocr_carea' id='block_1_56' title="bbox 2165 2725 3726 2796">
    <p class='ocr_par' dir='ltr' id='par_1_56' title="bbox 2191 2725 3726 2796">
     <span class='ocr_line' id='line_1_56' title="bbox 2191 2725 3726 2796; baseline 0.001 -20"><span class='ocrx_word' id='word_1_394' title='bbox 2191 2725 2426 2794; x_wconf 81' lang='grc' dir='ltr'>ἐντολῆς,</span> <span class='ocrx_word' id='word_1_395' title='bbox 2460 2725 2872 2778; x_wconf 80' lang='grc' dir='ltr'>ἀποπέπτωκεν.</span> <span class='ocrx_word' id='word_1_396' title='bbox 2941 2727 3062 2779; x_wconf 57' lang='grc' dir='ltr'><strong>Ἐπὶ⁹</strong></span> <span class='ocrx_word' id='word_1_397' title='bbox 3108 2725 3317 2787; x_wconf 87' lang='grc' dir='ltr'>τούτοις</span> <span class='ocrx_word' id='word_1_398' title='bbox 3374 2728 3403 2779; x_wconf 86' lang='grc' dir='ltr'>ὁ</span> <span class='ocrx_word' id='word_1_399' title='bbox 3446 2727 3726 2796; x_wconf 72' lang='grc' dir='ltr'>ἱεροφάντης</span> 
     </span>
    </p>
   </div>
   <div class='ocr_carea' id='block_1_57' title="bbox 525 2814 2073 2889">
    <p class='ocr_par' dir='ltr' id='par_1_57' title="bbox 525 2817 2073 2889">
     <span class='ocr_line' id='line_1_57' title="bbox 525 2817 2073 2889; baseline 0.001 -17"><span class='ocrx_word' id='word_1_400' title='bbox 525 2819 712 2872; x_wconf 88' lang='lat' dir='ltr'><strong>omnia</strong></span> <span class='ocrx_word' id='word_1_401' title='bbox 745 2817 1120 2874; x_wconf 82' lang='lat' dir='ltr'><strong>informandos</strong></span> <span class='ocrx_word' id='word_1_402' title='bbox 1143 2819 1372 2888; x_wconf 84' lang='lat' dir='ltr'><strong>putavit,</strong></span> <span class='ocrx_word' id='word_1_403' title='bbox 1401 2835 1539 2889; x_wconf 90' lang='lat' dir='ltr'><strong>quos</strong></span> <span class='ocrx_word' id='word_1_404' title='bbox 1573 2820 1742 2875; x_wconf 89' lang='lat' dir='ltr'><strong>sacris</strong></span> <span class='ocrx_word' id='word_1_405' title='bbox 1773 2820 1982 2889; x_wconf 79' lang='lat' dir='ltr'><strong>legibus</strong></span> <span class='ocrx_word' id='word_1_406' title='bbox 2005 2822 2073 2873; x_wconf 84' lang='lat' dir='ltr'><strong>in-</strong></span> 
     </span>
    </p>
   </div>
   <div class='ocr_carea' id='block_1_58' title="bbox 2165 2814 3726 2889">
    <p class='ocr_par' dir='ltr' id='par_1_58' title="bbox 2192 2814 3726 2887">
     <span class='ocr_line' id='line_1_58' title="bbox 2192 2814 3726 2887; baseline 0 -21"><span class='ocrx_word' id='word_1_407' title='bbox 2192 2814 2544 2885; x_wconf 83' lang='grc' dir='ltr'>προστίθησιν</span> <span class='ocrx_word' id='word_1_408' title='bbox 2574 2815 2698 2869; x_wconf 88' lang='grc' dir='ltr'>ἄλλο</span> <span class='ocrx_word' id='word_1_409' title='bbox 2727 2815 3184 2870; x_wconf 83' lang='grc' dir='ltr'>συνεκτικώτατον</span> <span class='ocrx_word' id='word_1_410' title='bbox 3215 2817 3396 2887; x_wconf 82' lang='grc' dir='ltr'>δόγμα</span> <span class='ocrx_word' id='word_1_411' title='bbox 3417 2856 3431 2880; x_wconf 91' lang='grc'>,</span> <span class='ocrx_word' id='word_1_412' title='bbox 3478 2816 3547 2887; x_wconf 80' lang='grc' dir='ltr'>μὴ</span> <span class='ocrx_word' id='word_1_413' title='bbox 3587 2817 3726 2886; x_wconf 75' lang='grc' dir='ltr'>ἀμφι-</span> 
     </span>
    </p>
   </div>
   <div class='ocr_carea' id='block_1_59' title="bbox 528 2904 2073 2980">
    <p class='ocr_par' dir='ltr' id='par_1_59' title="bbox 528 2910 2073 2980">
     <span class='ocr_line' id='line_1_59' title="bbox 528 2910 2073 2980; baseline -0.001 -14"><span class='ocrx_word' id='word_1_414' title='bbox 528 2911 754 2966; x_wconf 80' lang='lat' dir='ltr'><strong>stituere</strong></span> <span class='ocrx_word' id='word_1_415' title='bbox 807 2911 1061 2980; x_wconf 88' lang='lat' dir='ltr'><strong>cupiebat</strong></span> <span class='ocrx_word' id='word_1_416' title='bbox 1099 2929 1111 2965; x_wconf 92' lang='lat'>:</span> <span class='ocrx_word' id='word_1_417' title='bbox 1148 2910 1247 2974; x_wconf 88' lang='lat' dir='ltr'><strong>uti,</strong></span> <span class='ocrx_word' id='word_1_418' title='bbox 1283 2911 1411 2965; x_wconf 89' lang='lat' dir='ltr'><strong>dum</strong></span> <span class='ocrx_word' id='word_1_419' title='bbox 1447 2911 1575 2980; x_wconf 90' lang='lat' dir='ltr'><strong>quid</strong></span> <span class='ocrx_word' id='word_1_420' title='bbox 1624 2911 1678 2964; x_wconf 90' lang='lat' dir='ltr'><strong>in</strong></span> <span class='ocrx_word' id='word_1_421' title='bbox 1724 2927 1844 2966; x_wconf 89' lang='lat' dir='ltr'><strong>sese</strong></span> <span class='ocrx_word' id='word_1_422' title='bbox 1872 2928 2073 2966; x_wconf 89' lang='lat' dir='ltr'><strong>concre-</strong></span> 
     </span>
    </p>
   </div>
   <div class='ocr_carea' id='block_1_60' title="bbox 2165 2904 3727 2980">
    <p class='ocr_par' dir='ltr' id='par_1_60' title="bbox 2193 2904 3727 2977">
     <span class='ocr_line' id='line_1_60' title="bbox 2193 2904 3727 2977; baseline 0.001 -23"><span class='ocrx_word' id='word_1_423' title='bbox 2193 2907 2368 2972; x_wconf 87' lang='grc' dir='ltr'>γνοεῖν</span> <span class='ocrx_word' id='word_1_424' title='bbox 2387 2904 2669 2968; x_wconf 80' lang='grc' dir='ltr'>διδάσκων,</span> <span class='ocrx_word' id='word_1_425' title='bbox 2699 2905 2780 2956; x_wconf 85' lang='grc' dir='ltr'>ὅτι</span> <span class='ocrx_word' id='word_1_426' title='bbox 2811 2905 2874 2975; x_wconf 78' lang='grc' dir='ltr'>δὴ</span> <span class='ocrx_word' id='word_1_427' title='bbox 2908 2905 3138 2975; x_wconf 77' lang='grc' dir='ltr'>πάρεστί</span> <span class='ocrx_word' id='word_1_428' title='bbox 3173 2923 3254 2968; x_wconf 88' lang='grc' dir='ltr'><strong>τις</strong></span> <span class='ocrx_word' id='word_1_429' title='bbox 3293 2907 3509 2977; x_wconf 79' lang='grc' dir='ltr'>ἐκὰστῳ</span> <span class='ocrx_word' id='word_1_430' title='bbox 3532 2905 3727 2976; x_wconf 72' lang='grc' dir='ltr'>πονηρὸς</span> 
     </span>
    </p>
   </div>
   <div class='ocr_carea' id='block_1_61' title="bbox 527 2995 2073 3071">
    <p class='ocr_par' dir='ltr' id='par_1_61' title="bbox 527 3001 2073 3071">
     <span class='ocr_line' id='line_1_61' title="bbox 527 3001 2073 3071; baseline 0.001 -16"><span class='ocrx_word' id='word_1_431' title='bbox 527 3011 642 3056; x_wconf 84' lang='lat' dir='ltr'><strong>tum</strong></span> <span class='ocrx_word' id='word_1_432' title='bbox 676 3017 740 3056; x_wconf 81' lang='lat' dir='ltr'><strong>ex</strong></span> <span class='ocrx_word' id='word_1_433' title='bbox 767 3012 930 3065; x_wconf 90' lang='lat' dir='ltr'><strong>terra,</strong></span> <span class='ocrx_word' id='word_1_434' title='bbox 964 3001 1129 3071; x_wconf 90' lang='lat' dir='ltr'><strong>inque</strong></span> <span class='ocrx_word' id='word_1_435' title='bbox 1161 3011 1358 3055; x_wconf 90' lang='lat' dir='ltr'><strong>terram</strong></span> <span class='ocrx_word' id='word_1_436' title='bbox 1383 3001 1560 3056; x_wconf 90' lang='lat' dir='ltr'><strong>denuo</strong></span> <span class='ocrx_word' id='word_1_437' title='bbox 1584 3001 1986 3056; x_wconf 88' lang='lat' dir='ltr'><strong>dissolvendum</strong></span> <span class='ocrx_word' id='word_1_438' title='bbox 2009 3017 2073 3056; x_wconf 82' lang='lat' dir='ltr'><strong>es</strong></span> 
     </span>
    </p>
   </div>
   <div class='ocr_carea' id='block_1_62' title="bbox 2165 2995 3727 3071">
    <p class='ocr_par' dir='ltr' id='par_1_62' title="bbox 2194 2995 3727 3068">
     <span class='ocr_line' id='line_1_62' title="bbox 2194 2995 3727 3068; baseline 0.002 -21"><span class='ocrx_word' id='word_1_439' title='bbox 2194 2995 2398 3066; x_wconf 89' lang='grc' dir='ltr'>δαίμων</span> <span class='ocrx_word' id='word_1_440' title='bbox 2435 2995 2686 3066; x_wconf 73' lang='grc' dir='ltr'>ἔφεδρος,</span> <span class='ocrx_word' id='word_1_441' title='bbox 2736 2996 3002 3066; x_wconf 83' lang='grc' dir='ltr'>βάσκανος</span> <span class='ocrx_word' id='word_1_442' title='bbox 3048 2998 3140 3051; x_wconf 74' lang='grc' dir='ltr'>καὶ</span> <span class='ocrx_word' id='word_1_443' title='bbox 3199 2998 3509 3068; x_wconf 84' lang='grc' dir='ltr'>μισόκαλος,</span> <span class='ocrx_word' id='word_1_444' title='bbox 3543 2999 3727 3065; x_wconf 75' lang='grc' dir='ltr'>καὶτῆς</span> 
     </span>
    </p>
   </div>
   <div class='ocr_carea' id='block_1_63' title="bbox 529 3087 2073 3172">
    <p class='ocr_par' dir='ltr' id='par_1_63' title="bbox 529 3093 2073 3162">
     <span class='ocr_line' id='line_1_63' title="bbox 529 3093 2073 3162; baseline 0.001 -14"><span class='ocrx_word' id='word_1_445' title='bbox 529 3101 632 3156; x_wconf 85' lang='lat' dir='ltr'><strong>set,</strong></span> <span class='ocrx_word' id='word_1_446' title='bbox 663 3093 792 3162; x_wconf 90' lang='lat' dir='ltr'><strong>quid</strong></span> <span class='ocrx_word' id='word_1_447' title='bbox 824 3093 948 3147; x_wconf 89' lang='lat' dir='ltr'><strong>item</strong></span> <span class='ocrx_word' id='word_1_448' title='bbox 977 3093 1329 3148; x_wconf 76' lang='lat' dir='ltr'><strong>excellentius</strong></span> <span class='ocrx_word' id='word_1_449' title='bbox 1365 3093 1583 3162; x_wconf 89' lang='lat' dir='ltr'><strong>Dcoque</strong></span> <span class='ocrx_word' id='word_1_450' title='bbox 1615 3094 1791 3149; x_wconf 89' lang='lat' dir='ltr'><strong>simile</strong></span> <span class='ocrx_word' id='word_1_451' title='bbox 1817 3095 2073 3150; x_wconf 88' lang='lat' dir='ltr'><strong>meminis</strong></span> 
     </span>
    </p>
   </div>
   <div class='ocr_carea' id='block_1_64' title="bbox 2165 3087 3728 3172">
    <p class='ocr_par' dir='ltr' id='par_1_64' title="bbox 2199 3087 3728 3161">
     <span class='ocr_line' id='line_1_64' title="bbox 2199 3087 3728 3161; baseline 0 -21"><span class='ocrx_word' id='word_1_452' title='bbox 2199 3087 2498 3158; x_wconf 83' lang='grc' dir='ltr'>ἀνθρώπων</span> <span class='ocrx_word' id='word_1_453' title='bbox 2523 3087 2758 3158; x_wconf 81' lang='grc' dir='ltr'>ἀρχῆθεν</span> <span class='ocrx_word' id='word_1_454' title='bbox 2789 3089 3069 3152; x_wconf 86' lang='grc' dir='ltr'>ἐπίϐουλος</span> <span class='ocrx_word' id='word_1_455' title='bbox 3095 3090 3391 3161; x_wconf 85' lang='grc' dir='ltr'>σωτηρίας.</span> <span class='ocrx_word' id='word_1_456' title='bbox 3417 3090 3667 3161; x_wconf 83' lang='grc' dir='ltr'>Δράκοντα</span> <span class='ocrx_word' id='word_1_457' title='bbox 3684 3088 3728 3140; x_wconf 77' lang='grc' dir='ltr'><strong>δέ</strong></span> 
     </span>
    </p>
   </div>
   <div class='ocr_carea' id='block_1_65' title="bbox 528 3182 2073 3255">
    <p class='ocr_par' dir='ltr' id='par_1_65' title="bbox 528 3184 2073 3255">
     <span class='ocr_line' id='line_1_65' title="bbox 528 3184 2073 3255; baseline 0 -15"><span class='ocrx_word' id='word_1_458' title='bbox 528 3193 669 3249; x_wconf 74' lang='lat' dir='ltr'><strong>sent,</strong></span> <span class='ocrx_word' id='word_1_459' title='bbox 703 3185 1008 3255; x_wconf 84' lang='lat' dir='ltr'><strong>cogitarent</strong></span> <span class='ocrx_word' id='word_1_460' title='bbox 1037 3184 1138 3254; x_wconf 91' lang='lat' dir='ltr'><strong>ipsi</strong></span> <span class='ocrx_word' id='word_1_461' title='bbox 1170 3199 1405 3254; x_wconf 89' lang='lat' dir='ltr'><strong>quoque,</strong></span> <span class='ocrx_word' id='word_1_462' title='bbox 1441 3186 1900 3253; x_wconf 89' lang='lat' dir='ltr'><strong>quemadmodum</strong></span> <span class='ocrx_word' id='word_1_463' title='bbox 1947 3195 2073 3241; x_wconf 81' lang='lat' dir='ltr'><strong>utra</strong></span> 
     </span>
    </p>
   </div>
   <div class='ocr_carea' id='block_1_66' title="bbox 2165 3182 3728 3255">
    <p class='ocr_par' dir='ltr' id='par_1_66' title="bbox 2199 3182 3728 3254">
     <span class='ocr_line' id='line_1_66' title="bbox 2199 3182 3728 3254; baseline 0 -19"><span class='ocrx_word' id='word_1_464' title='bbox 2199 3182 2388 3236; x_wconf 82' lang='grc' dir='ltr'>τοῦτον</span> <span class='ocrx_word' id='word_1_465' title='bbox 2419 3183 2512 3236; x_wconf 73' lang='grc' dir='ltr'><strong>καὶ</strong></span> <span class='ocrx_word' id='word_1_466' title='bbox 2543 3183 2664 3252; x_wconf 70' lang='grc' dir='ltr'><strong>ὅφιν</strong></span> <span class='ocrx_word' id='word_1_467' title='bbox 2691 3182 2968 3253; x_wconf 76' lang='grc' dir='ltr'>ὀνομάζει,</span> <span class='ocrx_word' id='word_1_468' title='bbox 3001 3185 3203 3254; x_wconf 88' lang='grc' dir='ltr'>μέλανά</span> <span class='ocrx_word' id='word_1_469' title='bbox 3221 3202 3282 3237; x_wconf 88' lang='grc' dir='ltr'><strong>τε</strong></span> <span class='ocrx_word' id='word_1_470' title='bbox 3318 3187 3416 3239; x_wconf 76' lang='grc' dir='ltr'>καὶ</span> <span class='ocrx_word' id='word_1_471' title='bbox 3445 3185 3647 3247; x_wconf 85' lang='grc' dir='ltr'>σκότους</span> <span class='ocrx_word' id='word_1_472' title='bbox 3666 3185 3728 3236; x_wconf 77' lang='lat' dir='ltr'><strong>ol-</strong></span> 
     </span>
    </p>
   </div>
   <div class='ocr_carea' id='block_1_67' title="bbox 530 3275 2073 3348">
    <p class='ocr_par' dir='ltr' id='par_1_67' title="bbox 530 3275 2073 3346">
     <span class='ocr_line' id='line_1_67' title="bbox 530 3275 2073 3346; baseline 0.001 -18"><span class='ocrx_word' id='word_1_473' title='bbox 530 3291 636 3346; x_wconf 89' lang='lat' dir='ltr'><strong>que</strong></span> <span class='ocrx_word' id='word_1_474' title='bbox 673 3285 826 3346; x_wconf 84' lang='lat' dir='ltr'><strong>parte</strong></span> <span class='ocrx_word' id='word_1_475' title='bbox 865 3276 944 3329; x_wconf 89' lang='lat' dir='ltr'><strong>uti</strong></span> <span class='ocrx_word' id='word_1_476' title='bbox 990 3283 1283 3345; x_wconf 89' lang='lat' dir='ltr'><strong>oporteret,</strong></span> <span class='ocrx_word' id='word_1_477' title='bbox 1315 3275 1557 3345; x_wconf 87' lang='lat' dir='ltr'><strong>adeoque</strong></span> <span class='ocrx_word' id='word_1_478' title='bbox 1604 3285 1921 3342; x_wconf 88' lang='lat' dir='ltr'><strong>statuerent,</strong></span> <span class='ocrx_word' id='word_1_479' title='bbox 1947 3279 2073 3332; x_wconf 57' lang='lat' dir='ltr'><strong>nulli</strong></span> 
     </span>
    </p>
   </div>
   <div class='ocr_carea' id='block_1_68' title="bbox 2165 3275 3729 3348">
    <p class='ocr_par' dir='ltr' id='par_1_68' title="bbox 2199 3275 3729 3348">
     <span class='ocr_line' id='line_1_68' title="bbox 2199 3275 3729 3348; baseline -0.003 -19"><span class='ocrx_word' id='word_1_480' title='bbox 2199 3279 2362 3339; x_wconf 87' lang='grc' dir='ltr'>κεῖον,</span> <span class='ocrx_word' id='word_1_481' title='bbox 2400 3275 2478 3328; x_wconf 76' lang='grc' dir='ltr'><strong>ἰοῦ</strong></span> <span class='ocrx_word' id='word_1_482' title='bbox 2507 3292 2566 3328; x_wconf 87' lang='grc' dir='ltr'><strong>τε</strong></span> <span class='ocrx_word' id='word_1_483' title='bbox 2595 3275 2687 3328; x_wconf 74' lang='grc' dir='ltr'><strong>καὶ</strong></span> <span class='ocrx_word' id='word_1_484' title='bbox 2716 3276 2910 3340; x_wconf 85' lang='grc' dir='ltr'>κακίας</span> <span class='ocrx_word' id='word_1_485' title='bbox 2945 3277 3157 3348; x_wconf 84' lang='grc' dir='ltr'>πλήρη·</span> <span class='ocrx_word' id='word_1_486' title='bbox 3185 3278 3243 3331; x_wconf 84' lang='grc' dir='ltr'><strong>δν</strong></span> <span class='ocrx_word' id='word_1_487' title='bbox 3273 3279 3371 3332; x_wconf 87' lang='grc' dir='ltr'><strong>καί</strong></span> <span class='ocrx_word' id='word_1_488' title='bbox 3420 3295 3547 3348; x_wconf 79' lang='grc' dir='ltr'>φησι</span> <span class='ocrx_word' id='word_1_489' title='bbox 3586 3275 3729 3345; x_wconf 78' lang='grc' dir='ltr'>φθόνῳ</span> 
     </span>
    </p>
   </div>
   <div class='ocr_carea' id='block_1_69' title="bbox 531 3365 2073 3440">
    <p class='ocr_par' dir='ltr' id='par_1_69' title="bbox 531 3366 2070 3437">
     <span class='ocr_line' id='line_1_69' title="bbox 531 3366 2070 3437; baseline 0.001 -14"><span class='ocrx_word' id='word_1_490' title='bbox 531 3369 632 3423; x_wconf 86' lang='lat' dir='ltr'><strong>sibi</strong></span> <span class='ocrx_word' id='word_1_491' title='bbox 663 3368 749 3422; x_wconf 87' lang='lat' dir='ltr'><strong>vel</strong></span> <span class='ocrx_word' id='word_1_492' title='bbox 783 3367 994 3436; x_wconf 67' lang='lat' dir='ltr'><strong>injuria:</strong></span> <span class='ocrx_word' id='word_1_493' title='bbox 1034 3367 1116 3420; x_wconf 90' lang='lat' dir='ltr'><strong>vel</strong></span> <span class='ocrx_word' id='word_1_494' title='bbox 1148 3366 1438 3435; x_wconf 89' lang='lat' dir='ltr'><strong>impietatis</strong></span> <span class='ocrx_word' id='word_1_495' title='bbox 1465 3383 1679 3437; x_wconf 86' lang='lat' dir='ltr'><strong>genere,</strong></span> <span class='ocrx_word' id='word_1_496' title='bbox 1708 3369 1969 3425; x_wconf 87' lang='lat' dir='ltr'><strong>adversus</strong></span> <span class='ocrx_word' id='word_1_497' title='bbox 2000 3371 2070 3425; x_wconf 92' lang='lat' dir='ltr'><strong>bo</strong></span> 
     </span>
    </p>
   </div>
   <div class='ocr_carea' id='block_1_70' title="bbox 2165 3365 3728 3440">
    <p class='ocr_par' dir='ltr' id='par_1_70' title="bbox 2200 3365 3728 3440">
     <span class='ocr_line' id='line_1_70' title="bbox 2200 3365 3728 3440; baseline -0.001 -21"><span class='ocrx_word' id='word_1_498' title='bbox 2200 3368 2298 3438; x_wconf 89' lang='grc' dir='ltr'><strong>τῆς</strong></span> <span class='ocrx_word' id='word_1_499' title='bbox 2346 3366 2618 3437; x_wconf 76' lang='grc' dir='ltr'>ἡμετέρας</span> <span class='ocrx_word' id='word_1_500' title='bbox 2647 3367 2830 3420; x_wconf 81' lang='grc' dir='ltr'>ἐνθέου</span> <span class='ocrx_word' id='word_1_501' title='bbox 2885 3368 3030 3440; x_wconf 80' lang='grc' dir='ltr'>ζωῆς</span> <span class='ocrx_word' id='word_1_502' title='bbox 3067 3369 3444 3434; x_wconf 76' lang='grc' dir='ltr'>ὑποσκελίζειν</span> <span class='ocrx_word' id='word_1_503' title='bbox 3476 3369 3626 3421; x_wconf 87' lang='grc' dir='ltr'>είσέτι</span> <span class='ocrx_word' id='word_1_504' title='bbox 3657 3365 3728 3419; x_wconf 81' lang='grc' dir='ltr'>καὶ</span> 
     </span>
    </p>
   </div>
   <div class='ocr_carea' id='block_1_71' title="bbox 533 3457 2073 3533">
    <p class='ocr_par' dir='ltr' id='par_1_71' title="bbox 533 3457 2069 3528">
     <span class='ocr_line' id='line_1_71' title="bbox 533 3457 2069 3528; baseline 0.001 -16"><span class='ocrx_word' id='word_1_505' title='bbox 533 3458 736 3512; x_wconf 87' lang='lat' dir='ltr'><strong>minem</strong></span> <span class='ocrx_word' id='word_1_506' title='bbox 798 3457 973 3523; x_wconf 88' lang='lat' dir='ltr'><strong>illum,</strong></span> <span class='ocrx_word' id='word_1_507' title='bbox 1008 3458 1100 3527; x_wconf 92' lang='lat' dir='ltr'><strong>qui</strong></span> <span class='ocrx_word' id='word_1_508' title='bbox 1162 3457 1400 3512; x_wconf 88' lang='lat' dir='ltr'><strong>divinam</strong></span> <span class='ocrx_word' id='word_1_509' title='bbox 1459 3458 1735 3528; x_wconf 82' lang='lat' dir='ltr'><strong>praeferret</strong></span> <span class='ocrx_word' id='word_1_510' title='bbox 1783 3459 2069 3528; x_wconf 83' lang='lat' dir='ltr'><strong>imaginem</strong></span> 
     </span>
    </p>
   </div>
   <div class='ocr_carea' id='block_1_72' title="bbox 2165 3457 3730 3533">
    <p class='ocr_par' dir='ltr' id='par_1_72' title="bbox 2199 3458 3730 3533">
     <span class='ocr_line' id='line_1_72' title="bbox 2199 3458 3730 3533; baseline -0.001 -22"><span class='ocrx_word' id='word_1_511' title='bbox 2199 3458 2328 3522; x_wconf 79' lang='grc' dir='ltr'>νῦν,</span> <span class='ocrx_word' id='word_1_512' title='bbox 2381 3460 2474 3512; x_wconf 74' lang='grc' dir='ltr'><strong>καὶ</strong></span> <span class='ocrx_word' id='word_1_513' title='bbox 2503 3459 2793 3532; x_wconf 80' lang='grc' dir='ltr'>ὑποσύρειν</span> <span class='ocrx_word' id='word_1_514' title='bbox 2835 3461 3064 3514; x_wconf 68' lang='grc' dir='ltr'>ἕκαστον</span> <span class='ocrx_word' id='word_1_515' title='bbox 3094 3463 3200 3514; x_wconf 84' lang='grc' dir='ltr'>τῶν</span> <span class='ocrx_word' id='word_1_516' title='bbox 3240 3463 3322 3533; x_wconf 81' lang='grc' dir='ltr'>τῷ</span> <span class='ocrx_word' id='word_1_517' title='bbox 3388 3462 3505 3532; x_wconf 85' lang='grc' dir='ltr'><strong>Θεῷ</strong></span> <span class='ocrx_word' id='word_1_518' title='bbox 3537 3477 3730 3532; x_wconf 77' lang='grc' dir='ltr'>προσαν-</span> 
     </span>
    </p>
   </div>
   <div class='ocr_carea' id='block_1_73' title="bbox 533 3551 2073 3626">
    <p class='ocr_par' dir='ltr' id='par_1_73' title="bbox 533 3553 2073 3621">
     <span class='ocr_line' id='line_1_73' title="bbox 533 3553 2073 3621; baseline 0.001 -14"><span class='ocrx_word' id='word_1_519' title='bbox 533 3567 655 3607; x_wconf 91' lang='lat' dir='ltr'><strong>esse</strong></span> <span class='ocrx_word' id='word_1_520' title='bbox 679 3553 1032 3621; x_wconf 88' lang='lat' dir='ltr'><strong>peccandum,</strong></span> <span class='ocrx_word' id='word_1_521' title='bbox 1051 3553 1198 3607; x_wconf 89' lang='lat' dir='ltr'><strong>nulla</strong></span> <span class='ocrx_word' id='word_1_522' title='bbox 1227 3567 1351 3608; x_wconf 90' lang='lat' dir='ltr'><strong>eum</strong></span> <span class='ocrx_word' id='word_1_523' title='bbox 1385 3554 1766 3620; x_wconf 85' lang='lat' dir='ltr'><strong>obscenorum,</strong></span> <span class='ocrx_word' id='word_1_524' title='bbox 1803 3553 1948 3607; x_wconf 89' lang='lat' dir='ltr'><strong>nulla</strong></span> <span class='ocrx_word' id='word_1_525' title='bbox 1979 3567 2073 3608; x_wconf 37' lang='lat' dir='ltr'><strong>scel</strong></span> 
     </span>
    </p>
   </div>
   <div class='ocr_carea' id='block_1_74' title="bbox 2165 3551 3730 3626">
    <p class='ocr_par' dir='ltr' id='par_1_74' title="bbox 2199 3551 3730 3626">
     <span class='ocr_line' id='line_1_74' title="bbox 2199 3551 3730 3626; baseline 0.001 -22"><span class='ocrx_word' id='word_1_526' title='bbox 2199 3552 2431 3623; x_wconf 89' lang='grc' dir='ltr'>εχόντων</span> <span class='ocrx_word' id='word_1_527' title='bbox 2463 3551 2784 3622; x_wconf 81' lang='grc' dir='ltr'>πειρᾶσθαι·</span> <span class='ocrx_word' id='word_1_528' title='bbox 2808 3552 2996 3607; x_wconf 87' lang='grc' dir='ltr'>τούτου</span> <span class='ocrx_word' id='word_1_529' title='bbox 3018 3554 3060 3606; x_wconf 77' lang='grc' dir='ltr'>δ’</span> <span class='ocrx_word' id='word_1_530' title='bbox 3079 3555 3260 3626; x_wconf 83' lang='grc' dir='ltr'>ἀπάτῃ</span> <span class='ocrx_word' id='word_1_531' title='bbox 3289 3556 3385 3609; x_wconf 79' lang='grc' dir='ltr'><strong>καὶ</strong></span> <span class='ocrx_word' id='word_1_532' title='bbox 3417 3556 3538 3618; x_wconf 78' lang='grc' dir='ltr'>τοὺς</span> <span class='ocrx_word' id='word_1_533' title='bbox 3558 3551 3730 3625; x_wconf 71' lang='grc' dir='ltr'>προπά-</span> 
     </span>
    </p>
   </div>
   <div class='ocr_carea' id='block_1_75' title="bbox 535 3642 2073 3718">
    <p class='ocr_par' dir='ltr' id='par_1_75' title="bbox 535 3642 2073 3716">
     <span class='ocr_line' id='line_1_75' title="bbox 535 3642 2073 3716; baseline 0.001 -19"><span class='ocrx_word' id='word_1_534' title='bbox 535 3643 832 3697; x_wconf 89' lang='lat' dir='ltr'><strong>leratorum</strong></span> <span class='ocrx_word' id='word_1_535' title='bbox 879 3642 1184 3699; x_wconf 83' lang='lat' dir='ltr'><strong>facinorum</strong></span> <span class='ocrx_word' id='word_1_536' title='bbox 1235 3647 1552 3716; x_wconf 89' lang='lat' dir='ltr'><strong>contagione</strong></span> <span class='ocrx_word' id='word_1_537' title='bbox 1601 3644 1914 3701; x_wconf 73' lang='lat' dir='ltr'><strong>ftedandum</strong></span> <span class='ocrx_word' id='word_1_538' title='bbox 1950 3664 1961 3700; x_wconf 94' lang='lat'>:</span> <span class='ocrx_word' id='word_1_539' title='bbox 2001 3662 2073 3701; x_wconf 80' lang='lat' dir='ltr'><strong>set</strong></span> 
     </span>
    </p>
   </div>
   <div class='ocr_carea' id='block_1_76' title="bbox 2165 3642 3730 3718">
    <p class='ocr_par' dir='ltr' id='par_1_76' title="bbox 2200 3643 3730 3718">
     <span class='ocr_line' id='line_1_76' title="bbox 2200 3643 3730 3718; baseline -0.001 -22"><span class='ocrx_word' id='word_1_540' title='bbox 2200 3660 2363 3712; x_wconf 88' lang='grc' dir='ltr'>τορας</span> <span class='ocrx_word' id='word_1_541' title='bbox 2391 3643 2548 3713; x_wconf 81' lang='grc' dir='ltr'>ἡμῶν</span> <span class='ocrx_word' id='word_1_542' title='bbox 2578 3643 2669 3697; x_wconf 79' lang='grc' dir='ltr'><strong>τοῦ</strong></span> <span class='ocrx_word' id='word_1_543' title='bbox 2700 3645 2890 3712; x_wconf 80' lang='grc' dir='ltr'>γένους</span> <span class='ocrx_word' id='word_1_544' title='bbox 2930 3645 3030 3716; x_wconf 78' lang='grc' dir='ltr'><strong>τῆς</strong></span> <span class='ocrx_word' id='word_1_545' title='bbox 3055 3645 3331 3718; x_wconf 78' lang='grc' dir='ltr'>θειοτέρας</span> <span class='ocrx_word' id='word_1_546' title='bbox 3363 3647 3560 3718; x_wconf 80' lang='grc' dir='ltr'>λήξεως</span> <span class='ocrx_word' id='word_1_547' title='bbox 3603 3647 3730 3696; x_wconf 84' lang='grc' dir='ltr'>ἐκπε-</span> 
     </span>
    </p>
   </div>
   <div class='ocr_carea' id='block_1_77' title="bbox 535 3733 2073 3810">
    <p class='ocr_par' dir='ltr' id='par_1_77' title="bbox 535 3735 2073 3809">
     <span class='ocr_line' id='line_1_77' title="bbox 535 3735 2073 3809; baseline 0.003 -21"><span class='ocrx_word' id='word_1_548' title='bbox 535 3735 719 3803; x_wconf 89' lang='lat' dir='ltr'><strong>potius</strong></span> <span class='ocrx_word' id='word_1_549' title='bbox 749 3736 1047 3791; x_wconf 82' lang='lat' dir='ltr'><strong>ardendum</strong></span> <span class='ocrx_word' id='word_1_550' title='bbox 1082 3738 1186 3792; x_wconf 87' lang='lat' dir='ltr'><strong>sibi</strong></span> <span class='ocrx_word' id='word_1_551' title='bbox 1209 3754 1330 3794; x_wconf 91' lang='lat' dir='ltr'><strong>esse</strong></span> <span class='ocrx_word' id='word_1_552' title='bbox 1355 3749 1619 3809; x_wconf 86' lang='lat' dir='ltr'><strong>perpetuo</strong></span> <span class='ocrx_word' id='word_1_553' title='bbox 1651 3748 1731 3794; x_wconf 90' lang='lat' dir='ltr'><strong>ter</strong></span> <span class='ocrx_word' id='word_1_554' title='bbox 1763 3739 1908 3793; x_wconf 91' lang='lat' dir='ltr'><strong>illius</strong></span> <span class='ocrx_word' id='word_1_555' title='bbox 1932 3739 2073 3794; x_wconf 80' lang='lat' dir='ltr'><strong>beata</strong></span> 
     </span>
    </p>
   </div>
   <div class='ocr_carea' id='block_1_78' title="bbox 2165 3733 3731 3810">
    <p class='ocr_par' dir='ltr' id='par_1_78' title="bbox 2206 3733 3731 3810">
     <span class='ocr_line' id='line_1_78' title="bbox 2206 3733 3731 3810; baseline 0.005 -22"><span class='ocrx_word' id='word_1_556' title='bbox 2206 3739 2337 3789; x_wconf 84' lang='grc' dir='ltr'>σεῖν.</span> <span class='ocrx_word' id='word_1_557' title='bbox 2368 3737 2459 3788; x_wconf 83' lang='grc' dir='ltr'>Διὸ</span> <span class='ocrx_word' id='word_1_558' title='bbox 2484 3737 2576 3789; x_wconf 75' lang='grc' dir='ltr'><strong>καὶ</strong></span> <span class='ocrx_word' id='word_1_559' title='bbox 2604 3738 2796 3808; x_wconf 89' lang='grc' dir='ltr'>χρῆναι</span> <span class='ocrx_word' id='word_1_560' title='bbox 2820 3737 3104 3801; x_wconf 72' lang='grc' dir='ltr'>διαπαντὸς</span> <span class='ocrx_word' id='word_1_561' title='bbox 3137 3739 3496 3810; x_wconf 84' lang='grc' dir='ltr'>ἐγρηγορέναι</span> <span class='ocrx_word' id='word_1_562' title='bbox 3522 3737 3640 3809; x_wconf 83' lang='grc' dir='ltr'>πρὸς</span> <span class='ocrx_word' id='word_1_563' title='bbox 3655 3733 3731 3796; x_wconf 77' lang='grc' dir='ltr'><strong>τὰς</strong></span> 
     </span>
    </p>
   </div>
   <div class='ocr_carea' id='block_1_79' title="bbox 539 3824 2073 3902">
    <p class='ocr_par' dir='ltr' id='par_1_79' title="bbox 539 3824 2067 3902">
     <span class='ocr_line' id='line_1_79' title="bbox 539 3824 2067 3902; baseline 0.004 -22"><span class='ocrx_word' id='word_1_564' title='bbox 539 3824 686 3880; x_wconf 85' lang='lat' dir='ltr'><strong>sedis</strong></span> <span class='ocrx_word' id='word_1_565' title='bbox 734 3827 967 3896; x_wconf 62' lang='lat' dir='ltr'><strong>vitaeque</strong></span> <span class='ocrx_word' id='word_1_566' title='bbox 1012 3829 1304 3896; x_wconf 91' lang='lat' dir='ltr'><strong>desiderio,</strong></span> <span class='ocrx_word' id='word_1_567' title='bbox 1341 3840 1613 3902; x_wconf 58' lang='lat' dir='ltr'><strong>tantaque</strong></span> <span class='ocrx_word' id='word_1_568' title='bbox 1639 3832 1916 3900; x_wconf 88' lang='lat' dir='ltr'><strong>dignitatis</strong></span> <span class='ocrx_word' id='word_1_569' title='bbox 1943 3848 2067 3887; x_wconf 89' lang='lat' dir='ltr'><strong>recu</strong></span> 
     </span>
    </p>
   </div>
   <div class='ocr_carea' id='block_1_80' title="bbox 2165 3824 3731 3902">
    <p class='ocr_par' dir='ltr' id='par_1_80' title="bbox 2203 3824 3731 3902">
     <span class='ocr_line' id='line_1_80' title="bbox 2203 3824 3731 3902; baseline -0.001 -22"><span class='ocrx_word' id='word_1_570' title='bbox 2203 3826 2295 3880; x_wconf 79' lang='grc' dir='ltr'><strong>τοῦ</strong></span> <span class='ocrx_word' id='word_1_571' title='bbox 2324 3827 2654 3897; x_wconf 85' lang='grc' dir='ltr'>δηλωθέντος</span> <span class='ocrx_word' id='word_1_572' title='bbox 2677 3829 3033 3900; x_wconf 85' lang='grc' dir='ltr'>κακοτέχνους</span> <span class='ocrx_word' id='word_1_573' title='bbox 3067 3831 3443 3902; x_wconf 74' lang='grc' dir='ltr'>ῥᾳδιουργίας.</span> <span class='ocrx_word' id='word_1_574' title='bbox 3470 3831 3569 3883; x_wconf 79' lang='grc' dir='ltr'><strong>Καὶ</strong></span> <span class='ocrx_word' id='word_1_575' title='bbox 3591 3827 3635 3880; x_wconf 88' lang='grc' dir='ltr'><strong>τί</strong></span> <span class='ocrx_word' id='word_1_576' title='bbox 3652 3824 3731 3896; x_wconf 80' lang='grc' dir='ltr'>χρὴ</span> 
     </span>
    </p>
   </div>
   <div class='ocr_carea' id='block_1_81' title="bbox 535 3916 2073 3994">
    <p class='ocr_par' dir='ltr' id='par_1_81' title="bbox 535 3917 2073 3991">
     <span class='ocr_line' id='line_1_81' title="bbox 535 3917 2073 3991; baseline 0.002 -19"><span class='ocrx_word' id='word_1_577' title='bbox 535 3917 788 3987; x_wconf 67' lang='lat' dir='ltr'><strong>peranda:</strong></span> <span class='ocrx_word' id='word_1_578' title='bbox 839 3920 1042 3986; x_wconf 91' lang='lat' dir='ltr'><strong>studio,</strong></span> <span class='ocrx_word' id='word_1_579' title='bbox 1091 3930 1323 3991; x_wconf 85' lang='lat' dir='ltr'><strong>votoque</strong></span> <span class='ocrx_word' id='word_1_580' title='bbox 1374 3922 1687 3987; x_wconf 89' lang='lat' dir='ltr'><strong>stimulatis,</strong></span> <span class='ocrx_word' id='word_1_581' title='bbox 1740 3924 1804 3978; x_wconf 86' lang='lat' dir='ltr'><strong>ad</strong></span> <span class='ocrx_word' id='word_1_582' title='bbox 1855 3923 2073 3977; x_wconf 86' lang='lat' dir='ltr'><strong>eamdcn</strong></span> 
     </span>
    </p>
   </div>
   <div class='ocr_carea' id='block_1_82' title="bbox 2165 3916 3731 3994">
    <p class='ocr_par' dir='ltr' id='par_1_82' title="bbox 2207 3916 3731 3994">
     <span class='ocr_line' id='line_1_82' title="bbox 2207 3916 3731 3994; baseline -0.004 -20"><span class='ocrx_word' id='word_1_583' title='bbox 2207 3921 2377 3975; x_wconf 79' lang='grc' dir='ltr'>ταῦτα</span> <span class='ocrx_word' id='word_1_584' title='bbox 2406 3921 2838 3994; x_wconf 86' lang='grc' dir='ltr'>προσλαμϐάνειν</span> <span class='ocrx_word' id='word_1_585' title='bbox 2872 3923 3005 3993; x_wconf 80' lang='grc'><strong>(75),</strong></span> <span class='ocrx_word' id='word_1_586' title='bbox 3034 3923 3150 3975; x_wconf 84' lang='grc' dir='ltr'>δέον</span> <span class='ocrx_word' id='word_1_587' title='bbox 3175 3922 3278 3993; x_wconf 75' lang='grc' dir='ltr'>ήδη</span> <span class='ocrx_word' id='word_1_588' title='bbox 3310 3923 3439 3976; x_wconf 78' lang='grc' dir='ltr'>ποτὲ</span> <span class='ocrx_word' id='word_1_589' title='bbox 3465 3922 3553 3975; x_wconf 78' lang='grc' dir='ltr'><strong>καὶ</strong></span> <span class='ocrx_word' id='word_1_590' title='bbox 3589 3918 3637 3985; x_wconf 79' lang='grc' dir='ltr'>ἐξ</span> <span class='ocrx_word' id='word_1_591' title='bbox 3660 3916 3731 3970; x_wconf 77' lang='grc' dir='ltr'>αύ-</span> 
     </span>
    </p>
   </div>
   <div class='ocr_carea' id='block_1_83' title="bbox 536 4006 2073 4084">
    <p class='ocr_par' dir='ltr' id='par_1_83' title="bbox 536 4011 2070 4083">
     <span class='ocr_line' id='line_1_83' title="bbox 536 4011 2070 4083; baseline 0.002 -19"><span class='ocrx_word' id='word_1_592' title='bbox 536 4011 682 4064; x_wconf 88' lang='lat' dir='ltr'><strong>omni</strong></span> <span class='ocrx_word' id='word_1_593' title='bbox 716 4026 906 4066; x_wconf 87' lang='lat' dir='ltr'><strong>rursus</strong></span> <span class='ocrx_word' id='word_1_594' title='bbox 937 4012 1281 4067; x_wconf 89' lang='lat' dir='ltr'><strong>contentione</strong></span> <span class='ocrx_word' id='word_1_595' title='bbox 1310 4015 1708 4083; x_wconf 89' lang='lat' dir='ltr'><strong>properandum</strong></span> <span class='ocrx_word' id='word_1_596' title='bbox 1744 4032 1757 4068; x_wconf 87' lang='lat'><strong>:</strong></span> <span class='ocrx_word' id='word_1_597' title='bbox 1791 4014 1900 4067; x_wconf 90' lang='lat' dir='ltr'><strong>imo</strong></span> <span class='ocrx_word' id='word_1_598' title='bbox 1935 4029 2070 4082; x_wconf 83' lang='lat' dir='ltr'><strong>agen</strong></span> 
     </span>
    </p>
   </div>
   <div class='ocr_carea' id='block_1_84' title="bbox 2165 4006 3728 4084">
    <p class='ocr_par' dir='ltr' id='par_1_84' title="bbox 2208 4006 3728 4084">
     <span class='ocr_line' id='line_1_84' title="bbox 2208 4006 3728 4084; baseline -0.004 -18"><span class='ocrx_word' id='word_1_599' title='bbox 2208 4014 2315 4068; x_wconf 86' lang='grc' dir='ltr'>τῶν</span> <span class='ocrx_word' id='word_1_600' title='bbox 2341 4013 2449 4066; x_wconf 84' lang='grc' dir='ltr'><strong>τῶν</strong></span> <span class='ocrx_word' id='word_1_601' title='bbox 2487 4014 2778 4084; x_wconf 77' lang='grc' dir='ltr'>ἐγγράφων</span> <span class='ocrx_word' id='word_1_602' title='bbox 2806 4014 3009 4066; x_wconf 85' lang='grc' dir='ltr'>’ἐκαστα</span> <span class='ocrx_word' id='word_1_603' title='bbox 3031 4013 3254 4066; x_wconf 84' lang='grc' dir='ltr'>διελθεῖν</span> <span class='ocrx_word' id='word_1_604' title='bbox 3277 4014 3387 4067; x_wconf 81' lang='grc' dir='ltr'>τῶν</span> <span class='ocrx_word' id='word_1_605' title='bbox 3423 4006 3728 4083; x_wconf 72' lang='grc' dir='ltr'>διηγορευμέ-</span> 
     </span>
    </p>
   </div>
   <div class='ocr_carea' id='block_1_85' title="bbox 539 4097 2073 4179">
    <p class='ocr_par' dir='ltr' id='par_1_85' title="bbox 539 4104 2073 4176">
     <span class='ocr_line' id='line_1_85' title="bbox 539 4104 2073 4176; baseline 0.001 -19"><span class='ocrx_word' id='word_1_606' title='bbox 539 4104 669 4158; x_wconf 86' lang='lat' dir='ltr'><strong>dum</strong></span> <span class='ocrx_word' id='word_1_607' title='bbox 707 4105 808 4158; x_wconf 88' lang='lat' dir='ltr'><strong>sibi</strong></span> <span class='ocrx_word' id='word_1_608' title='bbox 858 4120 979 4161; x_wconf 91' lang='lat' dir='ltr'><strong>csse</strong></span> <span class='ocrx_word' id='word_1_609' title='bbox 1024 4105 1290 4176; x_wconf 87' lang='lat' dir='ltr'><strong>profecto,</strong></span> <span class='ocrx_word' id='word_1_610' title='bbox 1329 4107 1407 4160; x_wconf 84' lang='lat' dir='ltr'><strong>uti</strong></span> <span class='ocrx_word' id='word_1_611' title='bbox 1438 4122 1495 4161; x_wconf 90' lang='lat' dir='ltr'><strong>se</strong></span> <span class='ocrx_word' id='word_1_612' title='bbox 1515 4107 1627 4176; x_wconf 84' lang='lat' dir='ltr'><strong>jam</strong></span> <span class='ocrx_word' id='word_1_613' title='bbox 1678 4107 1746 4160; x_wconf 89' lang='lat' dir='ltr'><strong>ab</strong></span> <span class='ocrx_word' id='word_1_614' title='bbox 1789 4107 1952 4175; x_wconf 89' lang='lat' dir='ltr'><strong>hujus</strong></span> <span class='ocrx_word' id='word_1_615' title='bbox 1983 4107 2073 4159; x_wconf 81' lang='lat' dir='ltr'><strong>vit:</strong></span> 
     </span>
    </p>
   </div>
   <div class='ocr_carea' id='block_1_86' title="bbox 2165 4097 3729 4179">
    <p class='ocr_par' dir='ltr' id='par_1_86' title="bbox 2209 4097 3729 4179">
     <span class='ocr_line' id='line_1_86' title="bbox 2209 4097 3729 4179; baseline -0.007 -18"><span class='ocrx_word' id='word_1_616' title='bbox 2209 4125 2350 4172; x_wconf 90' lang='grc' dir='ltr'>νων;</span> <span class='ocrx_word' id='word_1_617' title='bbox 2385 4107 2698 4179; x_wconf 80' lang='grc' dir='ltr'>Ἀρξώμεθα</span> <span class='ocrx_word' id='word_1_618' title='bbox 2719 4107 2782 4178; x_wconf 84' lang='grc' dir='ltr'>δὴ</span> <span class='ocrx_word' id='word_1_619' title='bbox 2810 4106 3022 4178; x_wconf 86' lang='grc' dir='ltr'>πρῶτον</span> <span class='ocrx_word' id='word_1_620' title='bbox 3039 4106 3145 4159; x_wconf 73' lang='grc' dir='ltr'>ἀπὸ</span> <span class='ocrx_word' id='word_1_621' title='bbox 3177 4104 3334 4170; x_wconf 77' lang='grc' dir='ltr'>Θεοῦ,</span> <span class='ocrx_word' id='word_1_622' title='bbox 3382 4104 3567 4174; x_wconf 75' lang='grc' dir='ltr'>βοηθὸν</span> <span class='ocrx_word' id='word_1_623' title='bbox 3603 4097 3729 4153; x_wconf 81' lang='grc' dir='ltr'>αὐτὸν</span> 
     </span>
    </p>
   </div>
   <div class='ocr_carea' id='block_1_87' title="bbox 540 4194 2073 4271">
    <p class='ocr_par' dir='ltr' id='par_1_87' title="bbox 540 4197 2073 4268">
     <span class='ocr_line' id='line_1_87' title="bbox 540 4197 2073 4268; baseline 0.001 -17"><span class='ocrx_word' id='word_1_624' title='bbox 540 4197 870 4262; x_wconf 89' lang='lat' dir='ltr'><strong>carceribus,</strong></span> <span class='ocrx_word' id='word_1_625' title='bbox 898 4197 964 4252; x_wconf 91' lang='lat' dir='ltr'><strong>ad</strong></span> <span class='ocrx_word' id='word_1_626' title='bbox 998 4198 1220 4254; x_wconf 86' lang='lat' dir='ltr'><strong>alterius</strong></span> <span class='ocrx_word' id='word_1_627' title='bbox 1254 4206 1452 4252; x_wconf 89' lang='lat' dir='ltr'><strong>metam</strong></span> <span class='ocrx_word' id='word_1_628' title='bbox 1485 4199 1848 4268; x_wconf 68' lang='lat' dir='ltr'><strong>attingenda&quot;!</strong></span> <span class='ocrx_word' id='word_1_629' title='bbox 1885 4212 2073 4267; x_wconf 89' lang='lat' dir='ltr'><strong>compa</strong></span> 
     </span>
    </p>
   </div>
   <div class='ocr_carea' id='block_1_88' title="bbox 2165 4194 3726 4271">
    <p class='ocr_par' dir='ltr' id='par_1_88' title="bbox 2211 4194 3726 4271">
     <span class='ocr_line' id='line_1_88' title="bbox 2211 4194 3726 4271; baseline -0.005 -19"><span class='ocrx_word' id='word_1_630' title='bbox 2211 4201 2267 4253; x_wconf 88' lang='grc' dir='ltr'><strong>ἐν</strong></span> <span class='ocrx_word' id='word_1_631' title='bbox 2289 4199 2524 4271; x_wconf 81' lang='grc' dir='ltr'>πρώτοις</span> <span class='ocrx_word' id='word_1_632' title='bbox 2564 4199 2650 4252; x_wconf 89' lang='grc' dir='ltr'><strong>διά</strong></span> <span class='ocrx_word' id='word_1_633' title='bbox 2685 4199 2776 4251; x_wconf 79' lang='grc' dir='ltr'>τοῦ</span> <span class='ocrx_word' id='word_1_634' title='bbox 2812 4199 3059 4269; x_wconf 85' lang='grc' dir='ltr'>Σωτῆρος</span> <span class='ocrx_word' id='word_1_635' title='bbox 3104 4196 3258 4269; x_wconf 76' lang='grc' dir='ltr'>ἡμῶν</span> <span class='ocrx_word' id='word_1_636' title='bbox 3305 4194 3726 4263; x_wconf 78' lang='grc' dir='ltr'>ἐπικαλεσάμενοι.</span> 
     </span>
    </p>
   </div>
   <div class='ocr_carea' id='block_1_89' title="bbox 540 4287 3730 4361">
    <p class='ocr_par' dir='ltr' id='par_1_89' title="bbox 540 4287 3730 4361">
     <span class='ocr_line' id='line_1_89' title="bbox 540 4287 3730 4361; baseline -0.002 -20"><span class='ocrx_word' id='word_1_637' title='bbox 540 4298 724 4343; x_wconf 88' lang='lat' dir='ltr'><strong>rarent</strong></span> <span class='ocrx_word' id='word_1_638' title='bbox 749 4308 761 4343; x_wconf 91' lang='lat'><strong>:</strong></span> <span class='ocrx_word' id='word_1_639' title='bbox 787 4304 910 4344; x_wconf 90' lang='lat' dir='ltr'><strong>cum</strong></span> <span class='ocrx_word' id='word_1_640' title='bbox 929 4290 1168 4358; x_wconf 84' lang='lat' dir='ltr'><strong>profanis</strong></span> <span class='ocrx_word' id='word_1_641' title='bbox 1184 4299 1237 4343; x_wconf 90' lang='lat' dir='ltr'><strong>et</strong></span> <span class='ocrx_word' id='word_1_642' title='bbox 1262 4291 1489 4361; x_wconf 78' lang='lat' dir='ltr'><strong>impuris</strong></span> <span class='ocrx_word' id='word_1_643' title='bbox 1510 4292 1574 4345; x_wconf 90' lang='lat' dir='ltr'><strong>ad</strong></span> <span class='ocrx_word' id='word_1_644' title='bbox 1593 4307 1655 4345; x_wconf 89' lang='lat' dir='ltr'><strong>ea</strong></span> <span class='ocrx_word' id='word_1_645' title='bbox 1693 4291 1933 4345; x_wconf 88' lang='lat' dir='ltr'><strong>sacraria</strong></span> <span class='ocrx_word' id='word_1_646' title='bbox 1972 4291 2154 4346; x_wconf 90' lang='lat' dir='ltr'><strong>nullus</strong></span> <span class='ocrx_word' id='word_1_647' title='bbox 2189 4291 2390 4361; x_wconf 87' lang='lat' dir='ltr'><strong>alioqui</strong></span> <span class='ocrx_word' id='word_1_648' title='bbox 2439 4300 2614 4360; x_wconf 90' lang='lat' dir='ltr'><strong>pateat</strong></span> <span class='ocrx_word' id='word_1_649' title='bbox 2649 4291 2848 4352; x_wconf 86' lang='lat' dir='ltr'><strong>aditus,</strong></span> <span class='ocrx_word' id='word_1_650' title='bbox 2874 4292 3015 4344; x_wconf 87' lang='lat' dir='ltr'><strong>unde</strong></span> <span class='ocrx_word' id='word_1_651' title='bbox 3040 4290 3251 4360; x_wconf 86' lang='lat' dir='ltr'><strong>generis</strong></span> <span class='ocrx_word' id='word_1_652' title='bbox 3283 4290 3505 4344; x_wconf 86' lang='lat' dir='ltr'><strong>humani</strong></span> <span class='ocrx_word' id='word_1_653' title='bbox 3527 4287 3730 4357; x_wconf 85' lang='lat' dir='ltr'><strong>princeps</strong></span> 
     </span>
    </p>
   </div>
   <div class='ocr_carea' id='block_1_90' title="bbox 543 4384 3730 4457">
    <p class='ocr_par' dir='ltr' id='par_1_90' title="bbox 543 4384 3730 4457">
     <span class='ocr_line' id='line_1_90' title="bbox 543 4384 3730 4457; baseline -0.001 -19"><span class='ocrx_word' id='word_1_654' title='bbox 543 4384 616 4439; x_wconf 88' lang='lat' dir='ltr'><strong>ob</strong></span> <span class='ocrx_word' id='word_1_655' title='bbox 644 4385 947 4455; x_wconf 75' lang='lat' dir='ltr'><strong>neglectum</strong></span> <span class='ocrx_word' id='word_1_656' title='bbox 975 4386 1136 4457; x_wconf 81' lang='lat'><strong>317</strong></span> <span class='ocrx_word' id='word_1_657' title='bbox 1157 4387 1358 4441; x_wconf 91' lang='lat' dir='ltr'><strong>summi</strong></span> <span class='ocrx_word' id='word_1_658' title='bbox 1399 4385 1646 4443; x_wconf 84' lang='lat' dir='ltr'><strong>Numinis</strong></span> <span class='ocrx_word' id='word_1_659' title='bbox 1676 4387 1989 4441; x_wconf 90' lang='lat' dir='ltr'><strong>mandatum</strong></span> <span class='ocrx_word' id='word_1_660' title='bbox 2017 4386 2324 4441; x_wconf 80' lang='lat' dir='ltr'><strong>excidisset.</strong></span> <span class='ocrx_word' id='word_1_661' title='bbox 2352 4385 2555 4439; x_wconf 90' lang='lat' dir='ltr'><strong>Deinde</strong></span> <span class='ocrx_word' id='word_1_662' title='bbox 2580 4400 2708 4439; x_wconf 86' lang='lat' dir='ltr'><strong>vero</strong></span> <span class='ocrx_word' id='word_1_663' title='bbox 2731 4385 2946 4440; x_wconf 88' lang='lat' dir='ltr'><strong>divinus</strong></span> <span class='ocrx_word' id='word_1_664' title='bbox 2972 4401 3150 4439; x_wconf 90' lang='lat' dir='ltr'><strong>rerum</strong></span> <span class='ocrx_word' id='word_1_665' title='bbox 3183 4400 3462 4440; x_wconf 89' lang='lat' dir='ltr'><strong>sacrarum</strong></span> <span class='ocrx_word' id='word_1_666' title='bbox 3492 4385 3730 4449; x_wconf 82' lang='lat' dir='ltr'><strong>interpres,</strong></span> 
     </span>
    </p>
   </div>
   <div class='ocr_carea' id='block_1_91' title="bbox 547 4468 3730 4552">
    <p class='ocr_par' dir='ltr' id='par_1_91' title="bbox 547 4468 3730 4552">
     <span class='ocr_line' id='line_1_91' title="bbox 547 4468 3730 4552; baseline -0.003 -16"><span class='ocrx_word' id='word_1_667' title='bbox 547 4468 777 4536; x_wconf 80' lang='lat' dir='ltr'><strong>alterum</strong></span> <span class='ocrx_word' id='word_1_668' title='bbox 806 4483 1004 4536; x_wconf 89' lang='lat' dir='ltr'><strong>summi</strong></span> <span class='ocrx_word' id='word_1_669' title='bbox 1036 4496 1252 4552; x_wconf 87' lang='lat' dir='ltr'><strong>quoque</strong></span> <span class='ocrx_word' id='word_1_670' title='bbox 1280 4482 1533 4551; x_wconf 90' lang='lat' dir='ltr'><strong>ponderis</strong></span> <span class='ocrx_word' id='word_1_671' title='bbox 1557 4498 1620 4538; x_wconf 89' lang='lat' dir='ltr'><strong>ac</strong></span> <span class='ocrx_word' id='word_1_672' title='bbox 1640 4481 1900 4536; x_wconf 89' lang='lat' dir='ltr'><strong>momenti</strong></span> <span class='ocrx_word' id='word_1_673' title='bbox 1924 4481 2118 4552; x_wconf 89' lang='lat' dir='ltr'><strong>dogma</strong></span> <span class='ocrx_word' id='word_1_674' title='bbox 2150 4481 2446 4550; x_wconf 83' lang='lat' dir='ltr'><strong>subjungit,</strong></span> <span class='ocrx_word' id='word_1_675' title='bbox 2464 4480 2590 4534; x_wconf 78' lang='lat' dir='ltr'><strong>dum</strong></span> <span class='ocrx_word' id='word_1_676' title='bbox 2613 4481 2664 4535; x_wconf 94' lang='lat' dir='ltr'><strong>id</strong></span> <span class='ocrx_word' id='word_1_677' title='bbox 2695 4481 2835 4550; x_wconf 92' lang='lat' dir='ltr'><strong>apud</strong></span> <span class='ocrx_word' id='word_1_678' title='bbox 2863 4496 3053 4535; x_wconf 86' lang='lat' dir='ltr'><strong>omnes</strong></span> <span class='ocrx_word' id='word_1_679' title='bbox 3074 4489 3280 4535; x_wconf 88' lang='lat' dir='ltr'><strong>eertum</strong></span> <span class='ocrx_word' id='word_1_680' title='bbox 3303 4496 3426 4535; x_wconf 88' lang='lat' dir='ltr'><strong>esse</strong></span> <span class='ocrx_word' id='word_1_681' title='bbox 3453 4478 3578 4542; x_wconf 82' lang='lat' dir='ltr'><strong>vult,</strong></span> <span class='ocrx_word' id='word_1_682' title='bbox 3605 4485 3730 4530; x_wconf 89' lang='lat' dir='ltr'><strong>suum</strong></span> 
     </span>
    </p>
   </div>
   <div class='ocr_carea' id='block_1_92' title="bbox 543 4570 3731 4645">
    <p class='ocr_par' dir='ltr' id='par_1_92' title="bbox 543 4570 3731 4645">
     <span class='ocr_line' id='line_1_92' title="bbox 543 4570 3731 4645; baseline -0.003 -15"><span class='ocrx_word' id='word_1_683' title='bbox 543 4571 751 4630; x_wconf 83' lang='lat' dir='ltr'><strong>homini</strong></span> <span class='ocrx_word' id='word_1_684' title='bbox 793 4574 1014 4629; x_wconf 91' lang='lat' dir='ltr'><strong>cuilibet</strong></span> <span class='ocrx_word' id='word_1_685' title='bbox 1063 4575 1278 4630; x_wconf 72' lang='lat' dir='ltr'><strong>aliixum</strong></span> <span class='ocrx_word' id='word_1_686' title='bbox 1318 4576 1520 4630; x_wconf 70' lang='lat' dir='ltr'><strong>haerere</strong></span> <span class='ocrx_word' id='word_1_687' title='bbox 1574 4591 1802 4645; x_wconf 81' lang='lat' dir='ltr'><strong>pravum</strong></span> <span class='ocrx_word' id='word_1_688' title='bbox 1855 4577 2176 4638; x_wconf 68' lang='lat' dir='ltr'><strong>daemonem,</strong></span> <span class='ocrx_word' id='word_1_689' title='bbox 2222 4575 2462 4628; x_wconf 87' lang='lat' dir='ltr'><strong>invidum</strong></span> <span class='ocrx_word' id='word_1_690' title='bbox 2502 4574 2651 4627; x_wconf 91' lang='lat' dir='ltr'><strong>illum</strong></span> <span class='ocrx_word' id='word_1_691' title='bbox 2705 4583 2868 4643; x_wconf 89' lang='lat' dir='ltr'><strong>atque</strong></span> <span class='ocrx_word' id='word_1_692' title='bbox 2914 4573 3217 4629; x_wconf 75' lang='lat' dir='ltr'><strong>honestatis</strong></span> <span class='ocrx_word' id='word_1_693' title='bbox 3257 4574 3436 4628; x_wconf 89' lang='lat' dir='ltr'><strong>omnis</strong></span> <span class='ocrx_word' id='word_1_694' title='bbox 3476 4570 3731 4625; x_wconf 84' lang='lat' dir='ltr'><strong>inimicum,</strong></span> 
     </span>
    </p>
   </div>
   <div class='ocr_carea' id='block_1_93' title="bbox 546 4665 3732 4738">
    <p class='ocr_par' dir='ltr' id='par_1_93' title="bbox 546 4665 3732 4738">
     <span class='ocr_line' id='line_1_93' title="bbox 546 4665 3732 4738; baseline -0.002 -18"><span class='ocrx_word' id='word_1_695' title='bbox 546 4677 823 4738; x_wconf 89' lang='lat' dir='ltr'><strong>postremo</strong></span> <span class='ocrx_word' id='word_1_696' title='bbox 846 4668 1136 4738; x_wconf 84' lang='lat' dir='ltr'><strong>ejusmodi,</strong></span> <span class='ocrx_word' id='word_1_697' title='bbox 1161 4669 1253 4738; x_wconf 89' lang='lat' dir='ltr'><strong>qui</strong></span> <span class='ocrx_word' id='word_1_698' title='bbox 1285 4669 1398 4738; x_wconf 87' lang='lat' dir='ltr'><strong>jam</strong></span> <span class='ocrx_word' id='word_1_699' title='bbox 1431 4684 1602 4738; x_wconf 91' lang='lat' dir='ltr'><strong>usque</strong></span> <span class='ocrx_word' id='word_1_700' title='bbox 1635 4669 1702 4722; x_wconf 90' lang='lat' dir='ltr'><strong>ab</strong></span> <span class='ocrx_word' id='word_1_701' title='bbox 1732 4668 1885 4722; x_wconf 87' lang='lat' dir='ltr'><strong>initio</strong></span> <span class='ocrx_word' id='word_1_702' title='bbox 1910 4668 2193 4723; x_wconf 88' lang='lat' dir='ltr'><strong>hominum</strong></span> <span class='ocrx_word' id='word_1_703' title='bbox 2222 4667 2380 4721; x_wconf 92' lang='lat' dir='ltr'><strong>saluti</strong></span> <span class='ocrx_word' id='word_1_704' title='bbox 2411 4667 2635 4722; x_wconf 88' lang='lat' dir='ltr'><strong>insidias</strong></span> <span class='ocrx_word' id='word_1_705' title='bbox 2659 4667 2933 4721; x_wconf 78' lang='lat' dir='ltr'><strong>struxerit.</strong></span> <span class='ocrx_word' id='word_1_706' title='bbox 2960 4665 3261 4721; x_wconf 87' lang='lat' dir='ltr'><strong>Draconem</strong></span> <span class='ocrx_word' id='word_1_707' title='bbox 3297 4667 3446 4720; x_wconf 92' lang='lat' dir='ltr'><strong>illum</strong></span> <span class='ocrx_word' id='word_1_708' title='bbox 3469 4680 3528 4719; x_wconf 90' lang='lat' dir='ltr'><strong>ac</strong></span> <span class='ocrx_word' id='word_1_709' title='bbox 3549 4671 3732 4729; x_wconf 81' lang='lat' dir='ltr'><strong>serpen-</strong></span> 
     </span>
    </p>
   </div>
   <div class='ocr_carea' id='block_1_94' title="bbox 545 4750 3733 4834">
    <p class='ocr_par' dir='ltr' id='par_1_94' title="bbox 545 4750 3733 4834">
     <span class='ocr_line' id='line_1_94' title="bbox 545 4750 3733 4834; baseline -0.003 -16"><span class='ocrx_word' id='word_1_710' title='bbox 545 4773 655 4818; x_wconf 90' lang='lat' dir='ltr'><strong>tem</strong></span> <span class='ocrx_word' id='word_1_711' title='bbox 703 4764 971 4832; x_wconf 87' lang='lat' dir='ltr'><strong>nominat,</strong></span> <span class='ocrx_word' id='word_1_712' title='bbox 993 4764 1352 4834; x_wconf 89' lang='lat' dir='ltr'><strong>cumdemque</strong></span> <span class='ocrx_word' id='word_1_713' title='bbox 1406 4773 1583 4818; x_wconf 87' lang='lat' dir='ltr'><strong>atrum</strong></span> <span class='ocrx_word' id='word_1_714' title='bbox 1642 4772 2024 4830; x_wconf 87' lang='lat' dir='ltr'><strong>amantemque</strong></span> <span class='ocrx_word' id='word_1_715' title='bbox 2071 4760 2440 4823; x_wconf 87' lang='lat' dir='ltr'><strong>tenebrarum,</strong></span> <span class='ocrx_word' id='word_1_716' title='bbox 2470 4775 2679 4815; x_wconf 82' lang='lat' dir='ltr'><strong>veneno</strong></span> <span class='ocrx_word' id='word_1_717' title='bbox 2707 4759 2868 4814; x_wconf 91' lang='lat' dir='ltr'><strong>simul</strong></span> <span class='ocrx_word' id='word_1_718' title='bbox 2907 4770 2959 4813; x_wconf 92' lang='lat' dir='ltr'><strong>et</strong></span> <span class='ocrx_word' id='word_1_719' title='bbox 2991 4759 3333 4828; x_wconf 87' lang='lat' dir='ltr'><strong>improbitate</strong></span> <span class='ocrx_word' id='word_1_720' title='bbox 3364 4766 3636 4814; x_wconf 86' lang='lat' dir='ltr'><strong>scatentem</strong></span> <span class='ocrx_word' id='word_1_721' title='bbox 3661 4750 3733 4804; x_wconf 81' lang='lat' dir='ltr'><strong>tle-</strong></span> 
     </span>
    </p>
   </div>
   <div class='ocr_carea' id='block_1_95' title="bbox 547 4841 3734 4926">
    <p class='ocr_par' dir='ltr' id='par_1_95' title="bbox 547 4841 3734 4926">
     <span class='ocr_line' id='line_1_95' title="bbox 547 4841 3734 4926; baseline -0.005 -16"><span class='ocrx_word' id='word_1_722' title='bbox 547 4856 737 4910; x_wconf 84' lang='lat' dir='ltr'><strong>scribit</strong></span> <span class='ocrx_word' id='word_1_723' title='bbox 773 4874 786 4908; x_wconf 90' lang='lat'>:</span> <span class='ocrx_word' id='word_1_724' title='bbox 815 4857 1021 4910; x_wconf 82' lang='lat' dir='ltr'><strong>addens</strong></span> <span class='ocrx_word' id='word_1_725' title='bbox 1055 4856 1298 4925; x_wconf 85' lang='lat' dir='ltr'><strong>insuper,</strong></span> <span class='ocrx_word' id='word_1_726' title='bbox 1329 4855 1476 4926; x_wconf 92' lang='lat' dir='ltr'><strong>quod</strong></span> <span class='ocrx_word' id='word_1_727' title='bbox 1503 4854 1743 4910; x_wconf 91' lang='lat' dir='ltr'><strong>divinam</strong></span> <span class='ocrx_word' id='word_1_728' title='bbox 1780 4854 1927 4907; x_wconf 90' lang='lat' dir='ltr'><strong>illam</strong></span> <span class='ocrx_word' id='word_1_729' title='bbox 1972 4853 2131 4907; x_wconf 90' lang='lat' dir='ltr'><strong>nobis</strong></span> <span class='ocrx_word' id='word_1_730' title='bbox 2167 4852 2334 4904; x_wconf 88' lang='lat' dir='ltr'><strong>vitam</strong></span> <span class='ocrx_word' id='word_1_731' title='bbox 2391 4851 2646 4914; x_wconf 85' lang='lat' dir='ltr'><strong>invideat,</strong></span> <span class='ocrx_word' id='word_1_732' title='bbox 2702 4851 2805 4906; x_wconf 90' lang='lat' dir='ltr'><strong>hoc</strong></span> <span class='ocrx_word' id='word_1_733' title='bbox 2852 4849 2999 4905; x_wconf 90' lang='lat' dir='ltr'><strong>illum</strong></span> <span class='ocrx_word' id='word_1_734' title='bbox 3029 4851 3326 4904; x_wconf 88' lang='lat' dir='ltr'><strong>etiamnum</strong></span> <span class='ocrx_word' id='word_1_735' title='bbox 3371 4862 3525 4920; x_wconf 83' lang='lat' dir='ltr'><strong>agere</strong></span> <span class='ocrx_word' id='word_1_736' title='bbox 3567 4841 3734 4899; x_wconf 82' lang='lat' dir='ltr'><strong>moliri-</strong></span> 
     </span>
    </p>
   </div>
   <div class='ocr_carea' id='block_1_96' title="bbox 547 4931 3732 5020">
    <p class='ocr_par' dir='ltr' id='par_1_96' title="bbox 547 4931 3732 5020">
     <span class='ocr_line' id='line_1_96' title="bbox 547 4931 3732 5020; baseline -0.005 -17"><span class='ocrx_word' id='word_1_737' title='bbox 547 4963 655 5020; x_wconf 80' lang='lat' dir='ltr'><strong>que</strong></span> <span class='ocrx_word' id='word_1_738' title='bbox 715 4941 1050 5014; x_wconf 84' lang='lat' dir='ltr'><strong>constanter,</strong></span> <span class='ocrx_word' id='word_1_739' title='bbox 1097 4956 1156 5002; x_wconf 91' lang='lat' dir='ltr'><strong>ut</strong></span> <span class='ocrx_word' id='word_1_740' title='bbox 1195 4962 1290 5004; x_wconf 88' lang='lat' dir='ltr'><strong>eos</strong></span> <span class='ocrx_word' id='word_1_741' title='bbox 1333 4961 1543 5014; x_wconf 87' lang='lat' dir='ltr'><strong>omnes,</strong></span> <span class='ocrx_word' id='word_1_742' title='bbox 1595 4947 1688 5018; x_wconf 90' lang='lat' dir='ltr'><strong>qui</strong></span> <span class='ocrx_word' id='word_1_743' title='bbox 1743 4947 1938 5002; x_wconf 71' lang='lat' dir='ltr'><strong>divinae</strong></span> <span class='ocrx_word' id='word_1_744' title='bbox 1990 4961 2110 5001; x_wconf 87' lang='lat' dir='ltr'><strong>sese</strong></span> <span class='ocrx_word' id='word_1_745' title='bbox 2167 4945 2469 5016; x_wconf 88' lang='lat' dir='ltr'><strong>adjungunt</strong></span> <span class='ocrx_word' id='word_1_746' title='bbox 2517 4942 2802 5006; x_wconf 87' lang='lat' dir='ltr'><strong>voluntati,</strong></span> <span class='ocrx_word' id='word_1_747' title='bbox 2856 4943 3161 5013; x_wconf 85' lang='lat' dir='ltr'><strong>supplantet</strong></span> <span class='ocrx_word' id='word_1_748' title='bbox 3216 4951 3378 5011; x_wconf 82' lang='lat' dir='ltr'><strong>atque</strong></span> <span class='ocrx_word' id='word_1_749' title='bbox 3428 4939 3640 5008; x_wconf 87' lang='lat' dir='ltr'><strong>dejiciat.</strong></span> <span class='ocrx_word' id='word_1_750' title='bbox 3683 4931 3732 4986; x_wconf 79' lang='grc' dir='ltr'><strong>Ει</strong></span> 
     </span>
    </p>
   </div>
   <div class='ocr_carea' id='block_1_97' title="bbox 550 5031 3730 5116">
    <p class='ocr_par' dir='ltr' id='par_1_97' title="bbox 550 5031 3730 5116">
     <span class='ocr_line' id='line_1_97' title="bbox 550 5031 3730 5116; baseline -0.004 -19"><span class='ocrx_word' id='word_1_751' title='bbox 550 5043 808 5116; x_wconf 89' lang='lat' dir='ltr'><strong>quoniam</strong></span> <span class='ocrx_word' id='word_1_752' title='bbox 856 5041 1024 5112; x_wconf 90' lang='lat' dir='ltr'><strong>ipsius</strong></span> <span class='ocrx_word' id='word_1_753' title='bbox 1053 5040 1191 5096; x_wconf 90' lang='lat' dir='ltr'><strong>dolis</strong></span> <span class='ocrx_word' id='word_1_754' title='bbox 1217 5055 1280 5095; x_wconf 90' lang='lat' dir='ltr'><strong>ac</strong></span> <span class='ocrx_word' id='word_1_755' title='bbox 1307 5039 1607 5106; x_wconf 83' lang='lat' dir='ltr'><strong>fraudibus,</strong></span> <span class='ocrx_word' id='word_1_756' title='bbox 1639 5041 1849 5111; x_wconf 81' lang='lat' dir='ltr'><strong>generis</strong></span> <span class='ocrx_word' id='word_1_757' title='bbox 1878 5055 2094 5110; x_wconf 90' lang='lat' dir='ltr'><strong>quoque</strong></span> <span class='ocrx_word' id='word_1_758' title='bbox 2132 5041 2308 5094; x_wconf 89' lang='lat' dir='ltr'><strong>nostri</strong></span> <span class='ocrx_word' id='word_1_759' title='bbox 2360 5038 2632 5109; x_wconf 89' lang='lat' dir='ltr'><strong>principes</strong></span> <span class='ocrx_word' id='word_1_760' title='bbox 2692 5037 2972 5092; x_wconf 89' lang='lat' dir='ltr'><strong>divinioris</strong></span> <span class='ocrx_word' id='word_1_761' title='bbox 3017 5037 3161 5091; x_wconf 89' lang='lat' dir='ltr'><strong>illius</strong></span> <span class='ocrx_word' id='word_1_762' title='bbox 3213 5035 3376 5091; x_wconf 77' lang='lat' dir='ltr'><strong>sortis</strong></span> <span class='ocrx_word' id='word_1_763' title='bbox 3442 5031 3730 5089; x_wconf 87' lang='lat' dir='ltr'><strong>communio-</strong></span> 
     </span>
    </p>
   </div>
   <div class='ocr_carea' id='block_1_98' title="bbox 553 5125 3728 5206">
    <p class='ocr_par' dir='ltr' id='par_1_98' title="bbox 553 5125 3728 5206">
     <span class='ocr_line' id='line_1_98' title="bbox 553 5125 3728 5206; baseline -0.005 -13"><span class='ocrx_word' id='word_1_764' title='bbox 553 5153 675 5193; x_wconf 90' lang='lat' dir='ltr'><strong>nem</strong></span> <span class='ocrx_word' id='word_1_765' title='bbox 719 5137 1019 5201; x_wconf 88' lang='lat' dir='ltr'><strong>amiserint,</strong></span> <span class='ocrx_word' id='word_1_766' title='bbox 1051 5151 1169 5190; x_wconf 91' lang='lat' dir='ltr'><strong>eam</strong></span> <span class='ocrx_word' id='word_1_767' title='bbox 1209 5136 1366 5191; x_wconf 87' lang='lat' dir='ltr'><strong>nobis</strong></span> <span class='ocrx_word' id='word_1_768' title='bbox 1399 5136 1452 5190; x_wconf 93' lang='lat' dir='ltr'><strong>in</strong></span> <span class='ocrx_word' id='word_1_769' title='bbox 1487 5150 1602 5192; x_wconf 81' lang='lat' dir='ltr'><strong>rem</strong></span> <span class='ocrx_word' id='word_1_770' title='bbox 1634 5135 1966 5206; x_wconf 88' lang='lat' dir='ltr'><strong>vigilandum</strong></span> <span class='ocrx_word' id='word_1_771' title='bbox 2001 5151 2121 5190; x_wconf 90' lang='lat' dir='ltr'><strong>esse</strong></span> <span class='ocrx_word' id='word_1_772' title='bbox 2161 5143 2442 5205; x_wconf 89' lang='lat' dir='ltr'><strong>perpetuo,</strong></span> <span class='ocrx_word' id='word_1_773' title='bbox 2493 5149 2561 5188; x_wconf 88' lang='lat' dir='ltr'><strong>ne</strong></span> <span class='ocrx_word' id='word_1_774' title='bbox 2600 5133 2760 5188; x_wconf 82' lang='lat' dir='ltr'><strong>malis</strong></span> <span class='ocrx_word' id='word_1_775' title='bbox 2796 5131 3000 5186; x_wconf 87' lang='lat' dir='ltr'><strong>versuti</strong></span> <span class='ocrx_word' id='word_1_776' title='bbox 3038 5130 3210 5186; x_wconf 86' lang='lat' dir='ltr'><strong>hostis</strong></span> <span class='ocrx_word' id='word_1_777' title='bbox 3237 5131 3442 5185; x_wconf 88' lang='lat' dir='ltr'><strong>artibus</strong></span> <span class='ocrx_word' id='word_1_778' title='bbox 3463 5125 3728 5200; x_wconf 66' lang='lat' dir='ltr'><strong>praestigiis-</strong></span> 
     </span>
    </p>
   </div>
   <div class='ocr_carea' id='block_1_99' title="bbox 554 5221 3731 5300">
    <p class='ocr_par' dir='ltr' id='par_1_99' title="bbox 554 5221 3731 5300">
     <span class='ocr_line' id='line_1_99' title="bbox 554 5221 3731 5300; baseline -0.006 -14"><span class='ocrx_word' id='word_1_779' title='bbox 554 5247 661 5300; x_wconf 88' lang='lat' dir='ltr'><strong>que</strong></span> <span class='ocrx_word' id='word_1_780' title='bbox 689 5230 989 5298; x_wconf 83' lang='lat' dir='ltr'><strong>capiamur.</strong></span> <span class='ocrx_word' id='word_1_781' title='bbox 1025 5228 1224 5284; x_wconf 89' lang='lat' dir='ltr'><strong>Verum</strong></span> <span class='ocrx_word' id='word_1_782' title='bbox 1277 5228 1407 5299; x_wconf 91' lang='lat' dir='ltr'><strong>quid</strong></span> <span class='ocrx_word' id='word_1_783' title='bbox 1455 5229 1570 5283; x_wconf 66' lang='lat' dir='ltr'><strong>haec</strong></span> <span class='ocrx_word' id='word_1_784' title='bbox 1617 5243 1948 5298; x_wconf 90' lang='lat' dir='ltr'><strong>occupamus</strong></span> <span class='ocrx_word' id='word_1_785' title='bbox 1981 5227 2104 5297; x_wconf 91' lang='lat' dir='ltr'><strong>ipsi,</strong></span> <span class='ocrx_word' id='word_1_786' title='bbox 2147 5242 2271 5281; x_wconf 88' lang='lat' dir='ltr'><strong>eum</strong></span> <span class='ocrx_word' id='word_1_787' title='bbox 2320 5241 2383 5280; x_wconf 87' lang='lat' dir='ltr'><strong>ea</strong></span> <span class='ocrx_word' id='word_1_788' title='bbox 2429 5225 2542 5296; x_wconf 87' lang='lat' dir='ltr'><strong>jam</strong></span> <span class='ocrx_word' id='word_1_789' title='bbox 2589 5241 2617 5279; x_wconf 90' lang='lat' dir='ltr'><strong>a</strong></span> <span class='ocrx_word' id='word_1_790' title='bbox 2675 5226 2835 5280; x_wconf 88' lang='lat' dir='ltr'><strong>nobis</strong></span> <span class='ocrx_word' id='word_1_791' title='bbox 2866 5224 3108 5294; x_wconf 89' lang='lat' dir='ltr'><strong>ipsismet</strong></span> <span class='ocrx_word' id='word_1_792' title='bbox 3131 5223 3324 5278; x_wconf 76' lang='lat' dir='ltr'><strong>divina:</strong></span> <span class='ocrx_word' id='word_1_793' title='bbox 3351 5221 3731 5291; x_wconf 72' lang='lat' dir='ltr'><strong>Seripturazver-</strong></span> 
     </span>
    </p>
   </div>
   <div class='ocr_carea' id='block_1_100' title="bbox 555 5316 3728 5394">
    <p class='ocr_par' dir='ltr' id='par_1_100' title="bbox 555 5316 3728 5394">
     <span class='ocr_line' id='line_1_100' title="bbox 555 5316 3728 5394; baseline -0.004 -16"><span class='ocrx_word' id='word_1_794' title='bbox 555 5323 642 5380; x_wconf 84' lang='lat' dir='ltr'><strong>bis</strong></span> <span class='ocrx_word' id='word_1_795' title='bbox 698 5324 954 5380; x_wconf 89' lang='lat' dir='ltr'><strong>illustrari</strong></span> <span class='ocrx_word' id='word_1_796' title='bbox 1013 5324 1379 5394; x_wconf 74' lang='lat' dir='ltr'><strong>explicarique</strong></span> <span class='ocrx_word' id='word_1_797' title='bbox 1433 5324 1683 5393; x_wconf 85' lang='lat' dir='ltr'><strong>praestet?</strong></span> <span class='ocrx_word' id='word_1_798' title='bbox 1735 5324 1944 5378; x_wconf 83' lang='lat' dir='ltr'><strong>Rursus</strong></span> <span class='ocrx_word' id='word_1_799' title='bbox 2006 5336 2133 5391; x_wconf 85' lang='lat' dir='ltr'><strong>ergo</strong></span> <span class='ocrx_word' id='word_1_800' title='bbox 2189 5336 2389 5375; x_wconf 89' lang='lat' dir='ltr'><strong>novum</strong></span> <span class='ocrx_word' id='word_1_801' title='bbox 2453 5337 2485 5376; x_wconf 89' lang='lat' dir='ltr'><strong>a</strong></span> <span class='ocrx_word' id='word_1_802' title='bbox 2544 5336 2757 5377; x_wconf 90' lang='lat' dir='ltr'><strong>summo</strong></span> <span class='ocrx_word' id='word_1_803' title='bbox 2828 5319 3061 5377; x_wconf 80' lang='lat' dir='ltr'><strong>Numine</strong></span> <span class='ocrx_word' id='word_1_804' title='bbox 3117 5319 3442 5390; x_wconf 87' lang='lat' dir='ltr'><strong>principium</strong></span> <span class='ocrx_word' id='word_1_805' title='bbox 3492 5316 3728 5373; x_wconf 81' lang='lat' dir='ltr'><strong>ducamus,</strong></span> 
     </span>
    </p>
   </div>
   <div class='ocr_carea' id='block_1_101' title="bbox 555 5418 2559 5491">
    <p class='ocr_par' dir='ltr' id='par_1_101' title="bbox 555 5418 2559 5491">
     <span class='ocr_line' id='line_1_101' title="bbox 555 5418 2559 5491; baseline -0.001 -16"><span class='ocrx_word' id='word_1_806' title='bbox 555 5419 786 5490; x_wconf 79' lang='lat' dir='ltr'><strong>ejusque</strong></span> <span class='ocrx_word' id='word_1_807' title='bbox 821 5437 975 5491; x_wconf 80' lang='lat' dir='ltr'><strong>Opem</strong></span> <span class='ocrx_word' id='word_1_808' title='bbox 1010 5430 1064 5476; x_wconf 89' lang='lat' dir='ltr'><strong>et</strong></span> <span class='ocrx_word' id='word_1_809' title='bbox 1089 5423 1348 5476; x_wconf 75' lang='lat' dir='ltr'><strong>auxilium</strong></span> <span class='ocrx_word' id='word_1_810' title='bbox 1381 5420 1685 5477; x_wconf 89' lang='lat' dir='ltr'><strong>Servatoris</strong></span> <span class='ocrx_word' id='word_1_811' title='bbox 1715 5421 1887 5476; x_wconf 88' lang='lat' dir='ltr'><strong>nostri</strong></span> <span class='ocrx_word' id='word_1_812' title='bbox 1933 5418 2152 5473; x_wconf 89' lang='lat' dir='ltr'><strong>nomine</strong></span> <span class='ocrx_word' id='word_1_813' title='bbox 2185 5418 2559 5487; x_wconf 87' lang='lat' dir='ltr'><strong>imploremus.</strong></span> 
     </span>
    </p>
   </div>
   <div class='ocr_carea' id='block_1_102' title="bbox 632 5601 2073 5678">
    <p class='ocr_par' dir='ltr' id='par_1_102' title="bbox 632 5601 2073 5678">
     <span class='ocr_line' id='line_1_102' title="bbox 632 5601 2073 5678; baseline 0.003 -22"><span class='ocrx_word' id='word_1_814' title='bbox 632 5601 744 5673; x_wconf 79' lang='lat'><strong>(73)</strong></span> <span class='ocrx_word' id='word_1_815' title='bbox 794 5609 1300 5677; x_wconf 77' lang='grc' dir='ltr'>Προσλαμϐἀνειν.</span> <span class='ocrx_word' id='word_1_816' title='bbox 1379 5608 1636 5673; x_wconf 82' lang='lat' dir='ltr'><strong>Rectius,</strong></span> <span class='ocrx_word' id='word_1_817' title='bbox 1693 5605 1914 5678; x_wconf 82' lang='lat' dir='ltr'><strong>Opinor,</strong></span> <span class='ocrx_word' id='word_1_818' title='bbox 1962 5604 2073 5661; x_wconf 87' lang='lat' dir='ltr'><strong>fuer</strong></span> 
     </span>
    </p>
   </div>
   <div class='ocr_carea' id='block_1_103' title="bbox 2165 5601 2573 5678">
    <p class='ocr_par' dir='ltr' id='par_1_103' title="bbox 2165 5603 2573 5676">
     <span class='ocr_line' id='line_1_103' title="bbox 2165 5603 2573 5676; baseline -0.012 -17"><span class='ocrx_word' id='word_1_819' title='bbox 2165 5603 2573 5676; x_wconf 83' lang='grc' dir='ltr'>προλαμϐάνειν.</span> 
     </span>
    </p>
   </div>
  </div>
