3864 6386
125 357 202 414 537

536 459 925 515 ΚΕΦᾹΛᾹῘΟΝ
961 457 1063 514 lA'.

128 581 340 649 Ἐϐραίων
365 576 494 640 δόξα
518 575 643 644 περὶ
667 574 834 698 Θερῐξ,
875 573 980 627 τοῦ
1011 574 1242 642 πρώτου
1271 574 1389 627 τῶν
1423 574 1582 629 ὅλων

693 662 731 698 a
757 661 905 698 τιου.

693 661 905 699 αιτιου.

1609 469 1653 525 Α

167 759 247 828 Τὴν
268 757 347 827 μὲν
361 755 417 825 δὴ
437 753 528 823 τῆς
551 753 825 822 θεολογίας
848 755 1044 827 ἀρχὴν,
1068 753 1174 808 ἀπὸ
1194 755 1291 826 τῆς
1315 755 1424 809 τῶν
1443 756 1586 809 ὅλων.

117 848 328 919 ποιητικῆς
348 862 398 897 τε
420 845 504 897 καὶ
548 843 936 916 δημιουργικῆς
969 844 1248 914 δυνάμεως
1283 845 1580 916 ἀρχόμενος

113 940 237 993 hut”
267 937 431 999 αὐτοὺς
467 935 653 1003 λόγος,
693 935 1021 1006 παρίστησιν
1069 937 1130 988 o6
1183 935 1575 1005 συλλογισμοῖς,

113 1031 194 1084 se
212 1027 579 1094 πιθανολογίαις,
609 1026 1079 1098 δογματικώτερον
1110 1026 1165 1079 δὲ
1196 1027 1290 1080 καὶ
1326 1025 1578 1080 διδασκα-

113 1123 339 1192 λικώτερον,
383 1117 673 1182 ὲπιθεάζων
717 1118 795 1189 τῷ
840 1119 980 1189 ἁγίῳ
1021 1118 1330 1189 Πνεύματι·
1379 1117 1468 1187 ὑφ’
1515 1110 1576 1170 οὗ

112 1211 469 1283 θεοφορούμενος,
517 1205 619 1264 ὧδέ
666 1229 781 1274 πως
825 1211 854 1262 6
885 1211 1125 1280 Μωῦσῆς
1157 1211 1438 1281 ἁπήρξατο
1479 1210 1578 1281 τῆς

110 1302 348 1368 θεολογίας-ι
370 1302 450 1353 Ἐν
469 1301 607 1370 ἀρχῇ
640 1302 892 1372 ἐποίησεν
915 1304 944 1355 6
968 1301 1098 1364 Θεὸς
1125 1301 1217 1356 τὸν
1239 1303 1460 1373 οὐρανὸν
1483 1303 1577 1355 καὶ

108 1391 278 1463 τὴνγῆν.
315 1409 331 1442 ι
377 1387 500 1444 Εἶτά
537 1408 730 1462 φησιν·
787 1411 806 1444 ι
841 1389 1006 1446 Εἶπεν
1038 1395 1066 1446 6
1094 1393 1258 1456 Θεὸς,
1292 1394 1576 1465 Γενηθήτω

107 1483 196 1547 96;,
221 1483 294 1535 καὶ
318 1482 518 1550 ἐγένετο
545 1483 680 1551 φῶς.
706 1503 724 1535 ι
757 1485 866 1537 Καὶ
897 1485 1055 1538 πάλιν
1077 1502 1089 1515 '
1123 1504 1142 1536 ι
1172 1483 1336 1538 Εἶπεν
1365 1487 1394 1538 6
1419 1485 1572 1551 Θεὸς,

107 1570 315 1640 Γενηθήτω
371 1572 664 1642 στερέωμα,
723 1573 818 1626 καλ⁵
876 1574 1106 1642 ἐγένετο.
1161 1593 1179 1626 ι
1225 1577 1334 1628 Καὶ
1382 1575 1570 1628 πάλιν·

109 1657 307 1714 «Εἶπενδ
344 1661 464 1724 Θεὸς
483 1704 496 1724 ,
533 1662 892 1733 Βλαστησάτω
918 1667 949 1735 ἡ
995 1665 1068 1735 γῆ
1098 1664 1326 1736 βοτάνην
1359 1667 1571 1738 χόρτου,

107 1755 261 1822 σπεῖρον
285 1753 482 1824 σπέρμα
509 1754 657 1807 κατὰ
682 1755 836 1822 γένος
871 1756 964 1810 καὶ
997 1757 1119 1811 καθ’
1142 1759 1454 1830 ὁμοιότητα,
1482 1759 1574 1813 καὶ

105 1842 208 1906 ξύλον
231 1845 468 1914 κάρπιμον
499 1845 690 1898 ποιοῦν
717 1847 946 1918 καρπὸν,
982 1843 1042 1902 οὗ
1071 1848 1130 1901 τὸ
1159 1849 1378 1919 σπέρμα
1409 1847 1572 1901 αὑτοῦ
1604 1821 1645 1876 Β

103 1933 140 1983 ὲν
173 1932 298 2002 αὐτῷ,
347 1936 482 1988 κατὰ
519 1935 676 2003 γένος
718 1937 808 1988 ἐπὶ
849 1935 952 2006 τῆς
987 1937 1121 2008 γῆς,
1154 1938 1247 1990 καὶ
1275 1940 1506 2006 ἐγένετο.
1549 1956 1570 1990 ι

103 2021 344 2088 Καὶαῦθιςο
383 2044 400 2078 ι
428 2023 593 2082 Εἶπεν
625 2031 655 2082 6
683 2027 834 2092 Θεὸς,
876 2029 1260 2100 Γενηθήτωσαν
1295 2031 1575 2102 φωστῆρες

101 2119 139 2169 ὲν
155 2117 209 2186 τῷ
228 2117 526 2188 περεὼματι
560 2120 656 2172 τοῦ
682 2120 930 2192 οὐρανοῦ,
961 2120 1100 2174 ὥστε
1122 2121 1331 2192 φαίνειν
1359 2125 1451 2176 ὲπ).
1475 2123 1575 2194 τῆς

101 2209 181 2277 γῆς.
198 2209 501 2264 καὶέστωσαν
536 2213 619 2275 είς
649 2216 871 2282 σημεῖα,
902 2213 995 2266 καὶ
1022 2215 1100 2276 είς
1127 2213 1358 2284 ἡμέρας,
1381 2214 1473 2266 καὶ
1495 2215 1574 2278 εἰς

101 2300 316 2364 ἐνιαυτοὺς,
335 2304 420 2355 καὶ
457 2305 692 2372 ἐγένετο.
735 2323 753 2355 ι
783 2305 891 2358 Καὶ
924 2305 1113 2359 πάλιν⁹
1141 2323 1159 2355 ι
1188 2302 1352 2358 Εἶπεν
1374 2307 1401 2358 6
1421 2305 1570 2369 Θεὸς,

108 2389 366 2460 Ἓξσγαγέτω
384 2394 445 2448 τὰ
468 2394 640 2449 ὕδατα
665 2396 868 2467 ἑρπετὰ
894 2395 1080 2465 ψυχῶν
1107 2394 1294 2459 ζωσῶν
1315 2395 1455 2448 κατὰ
1483 2394 1574 2464 γέ-

99 2496 179 2544 νος,
199 2485 270 2534 καὶ
305 2485 464 2537 πάντα
490 2486 559 2539 τά
598 2487 819 2540 πετεινὰ
848 2486 939 2539 τοῦ
963 2485 1189 2557 οὐρανοῦ
1217 2485 1356 2538 κατὰ
1397 2485 1569 2554 γένος,

99 2573 158 2622 καὶ
173 2573 357 2641 ἐγένετο.
390 2595 408 2628 ι
445 2578 552 2630 Καὶ
579 2578 741 2630 πάλιν
760 2595 774 2609 ·
805 2596 822 2628 ι
859 2578 1199 2645 Ἐξαγαγέτω
1227 2577 1350 2648 ήγῆ
1382 2578 1572 2649 τετρά⁴

101 2661 201 2724 τοδε,
225 2667 298 2716 καὶ
319 2666 527 2735 ἑρπετά,
563 2667 661 2719 καὶ
686 2666 848 2736 θηρία
868 2668 963 2736 τῆς
999 2667 1097 2736 γῆς
1129 2667 1266 2719 κατά
1288 2669 1458 2734 γένος.
1479 2667 1572 2720 καὶ

96 2754 258 2822 ἐγένετο.
293 2775 308 2806 ι
345 2758 424 2809 Ἐν
442 2757 502 2828 δὴ
525 2757 739 2820 τούτοις
763 2758 1038 2825 φάσκουσα
1067 2758 1098 2827 ἡ
1124 2758 1162 2808 Γ
1169 2757 1330 2828 ραφὴ,
1365 2777 1382 2808 ι
1407 2755 1570 2810 Εἶπεν

97 2846 241 2910 ὁθεὸς,
267 2868 281 2898 ι
304 2851 355 2901 τὸ
379 2849 515 2902 θεῖον
540 2848 720 2918 νεῦμα
739 2849 830 2900 καὶ
858 2850 916 2900 τὸ
943 2849 1037 2900 ὡδί
1070 2867 1185 2910 πως
1221 2848 1468 2917 γενέσθαι
1503 2848 1573 2901 τὰ

95 2937 179 2989 ὅντα
195 2941 472 3010 βουληθῆναι
489 2941 579 2992 τὸν
610 2941 742 2992 Θεὸν
765 2939 1104 3010 παρίστησιν,
1131 2939 1188 2991 o6
1214 2940 1318 3010 μὴν
1340 2939 1395 2992 δὲ
1421 2942 1568 3010 φωνῇ
1597 2939 1600 2946 ’

95 3031 155 3081 xz".
179 3031 417 3096 σδὶλαδαῖς
450 3033 616 3101 φάναι
642 3032 802 3084 αὑτὸν
824 3033 1054 3084 ἐπινοεῖν
1075 3032 1384 3099 αναγκαῖον.
1416 3033 1572 3087 Ἀλλὰ

95 3119 153 3171 τὸν
176 3123 312 3175 πάντα
329 3124 475 3191 λόγον
494 3123 1079 3193 ἁνακεφαλαιοὺμενος,
1116 3143 1134 3175 r
1160 3123 1328 3194 Αὕτη,
1370 3142 1388 3174 ι
1417 3125 1567 3194 φησὶ,
1596 3099 1637 3206 ὲ

97 3213 312 3281 tiliae;
335 3216 591 3284 γενέσεως
620 3216 847 3286 οὐρανοῦ
870 3217 964 3268 καὶ
1003 3217 1113 3286 ίῆς,
1156 3211 1188 3290 ᾖ
1215 3216 1397 3288 ἡμέρᾳ
1424 3217 1572 3269 amr-

92 3306 220 3368 ηπενό
241 3305 350 3369 Θεὸς
374 3307 459 3360 τὸν
483 3307 716 3378 οὐρανὸν
740 3308 831 3360 καὶ
869 3307 966 3377 τὴν
1007 3307 1128 3377 γῆν,
1164 3308 1257 3360 καὶ
1291 3307 1465 3360 πάντα
1503 3309 1571 3361 τὰ

92 3393 131 3444 ἐν
150 3397 302 3460 αὐτοῖς.
331 3417 348 3448 ι
380 3397 613 3468 Τοιαύτη
645 3400 796 3469 μὲνὴ
832 3399 952 3452 καθ’
986 3399 1268 3469 Ἐϐραίους
1303 3398 1568 3469 θεολογία,

92 3483 188 3555 λόγῳ
203 3487 309 3542 Θεοῦ
333 3489 699 3562 δημιουργικῷ
720 3490 786 3542 τὰ
809 3491 982 3545 πάντα
1007 3490 1320 3544 συνεστάναι
1357 3491 1572 3544 παιδεύ-

91 3592 196 3632 οντα,
230 3581 428 3636 Ἔπειτα
475 3582 532 3636 δὲ
573 3583 676 3652 οὐχ
721 3574 821 3634 ὧδε
859 3581 1061 3653 ἔρημον
1088 3582 1164 3646 ὼς
1200 3581 1434 3654 ὀρφανὸν
1469 3583 1572 3636 ὑπὸ

92 3670 236 3739 πατρὸς
255 3673 660 3743 καταλειφθέντα
691 3674 782 3726 τὸν
818 3672 1104 3744 σύμπαντα
1128 3673 1329 3744 κόσμον
1355 3674 1458 3726 ὑπὸ
1479 3673 1570 3727 τοῦ

91 3764 411 3833 συστησαμένου
455 3764 730 3827 διδάσκει,
761 3763 873 3818 ἀλλ’
907 3767 984 3828 είς
1008 3764 1069 3818 τὸ
1093 3764 1180 3818 ἀεὶ
1223 3765 1326 3817 ὑπὸ
1349 3765 1447 3835 τῆς
1479 3763 1570 3818 τοῦ

91 3848 184 3901 Θεοῦ
209 3854 426 3922 προνοίας
465 3855 631 3908 αὐτὸν
677 3854 1026 3919 διοικεῖσθαι,
1069 3855 1144 3920 ὡς
1174 3856 1248 3926 μὴ
1281 3857 1437 3927 μόνον
1479 3856 1573 3928 δη-

94 3942 281 4009 μιουργὸν
305 3940 432 3997 εἶναι
462 3944 572 3997 τῶν
602 3944 739 3998 ὅλων
761 3945 852 3997 καὶ
876 3945 1102 4017 ποιητὴν
1135 3944 1225 3998 τὸν
1247 3945 1398 4010 Θεὸν,
1438 3944 1573 3999 ἀλλὰ

93 4031 154 4081 καὶ
177 4035 356 4106 σωτῆρα
378 4079 391 4102 ,
437 4039 527 4090 καὶ
559 4038 836 4109 διοικητὴν
860 4076 875 4103 ,
921 4037 1014 4091 καὶ
1041 4036 1285 4107 βασιλέα,
1323 4037 1418 4090 καὶ¹
1445 4037 1574 4108 ἠγε-

94 4124 200 4190 μόνα,
219 4126 329 4196 ἡλίῳ
353 4128 494 4199 αὐτῷ
517 4169 531 4191 ,
557 4129 655 4182 καὶ
685 4129 899 4203 σελήνῃ,
932 4129 1026 4181 καὶ
1066 4128 1284 4200 ἄστροις
1308 4167 1322 4191 ,
1363 4129 1456 4182 καὶ
1493 4126 1572 4199 τῷ

93 4215 294 4283 σὲμπαντι
325 4221 526 4292 οὐρανῴ
563 4238 624 4273 τε
656 4220 750 4273 καὶ
795 4221 982 4290 κόσμῳ
1022 4219 1088 4272 δι’
1117 4219 1306 4282 αἰῶνος
1339 4218 1571 4272 ἐπιστά-

91 4306 243 4373 τδῦντσ,
270 4313 470 4384 μεγάλῳ
491 4330 549 4366 τε
583 4311 844 4383 ὀφθαλμῷ
869 4312 962 4366 καὶ
986 4311 1152 4382 ὲνθέῳ
1173 4311 1394 4382 δυνάμει
1411 4313 1569 4365 πάντ’

91 4397 312 4468 ὶφῡρῶντα,
344 4404 433 4458 καὶ
468 4407 578 4467 τοῖς
613 4406 776 4457 πᾶσιν
803 4402 1069 4474 οὐρανίοις
1091 4419 1150 4454 τε
1183 4403 1273 4455 καὶ
1310 4401 1570 4470 ἐπιγείοις

1139 342 1458 399 ΡΒΑΕΡΑΒ.
1498 339 1746 399 EVANG.
1781 343 1909 399 LIB.
1953 342 2066 400 VII.

3144 337 3252 395 538

2276 455 2508 513 CAPUT
2551 453 2644 512 XI.

1685 569 1826 635 Quid
1851 569 2061 624 Hebraei
2095 569 2158 624 de
2187 568 2319 638 Deo,
2345 569 2578 690 princip:
2600 583 2770 622 rerum
2799 564 3032 620 omnium
3057 580 3245 632 causa,

2324 656 2554 690 δεηδενιη
2584 680 2598 690 .
3055 671 3062 678 ·

2324 656 2598 693 δεηδενιηι.
3055 671 3062 678 ·

1752 751 2013 809 Sublimis
2039 751 2207 822 hujus
2233 752 2514 823 theologia:
2547 749 2842 820 primordia
2871 764 2980 803 non
3025 747 3245 803 aliunde

1677 858 1843 914 quam
1870 859 1935 898 ex
1961 844 2074 913 ipsa
2105 844 2158 896 vi
2187 857 2364 897 rerum
2406 843 2648 895 omnium
2676 838 2961 900 eﬂ'ectriee,
2986 835 3238 890 Hebraeo--

1680 951 1800 990 rum
1849 933 2097 990 doctrina
2141 933 2353 1002 repetit,
2381 947 2553 1002 eaque
2599 946 2707 985 non
2762 930 2966 1000 argutis
2994 937 3046 982 et
3072 927 3241 981 artifi-

1679 1028 1826 1084 ciose
1855 1025 2194 1081 concinnatis
2223 1024 2602 1095 probationum
2643 1021 3110 1083 conclusionibus,
3141 1017 3238 1074 sed

1678 1122 1838 1190 plane
1871 1118 2119 1174 docentis
2150 1117 2203 1172 in
2236 1132 2466 1178 morem,
2488 1122 2672 1184 utpote
2705 1112 2887 1168 divino
2920 1110 3093 1165 alllata
3117 1107 3239 1178 Spi-

1678 1211 1784 1265 ritu
1813 1219 2219 1266 commemorat.
2243 1207 2363 1275 Quo
2386 1207 2605 1278 quidem
2637 1213 2794 1260 actus
2825 1212 3241 1270 commorusque

1677 1299 1911 1370 Moyses,
1942 1299 2227 1364 theologia:
2277 1313 2391 1354 sua;
2442 1297 2698 1368 mysteria
2742 1296 2886 1348 hunc
2934 1293 2986 1347 in
3016 1293 3236 1346 modum

1677 1394 2034 1462 auspicatur:
2072 1410 2090 1444 ι
2124 1391 2181 1445 In
2215 1390 2484 1460 principio
2530 1390 2731 1444 creavit
2779 1386 2920 1441 Dens
2961 1387 3156 1440 caelum
3185 1395 3239 1443 et

1677 1495 1875 1540 terram
1897 1484 1965 1548 ";
1993 1504 2013 1538 ι
2052 1493 2162 1540 tum
2192 1485 2265 1538 ita
2312 1482 2688 1553 progreditur:
2721 1499 2740 1532 ‹
2773 1479 2916 1534 Dixit
2953 1473 3240 1540 Deus,Fiat

1675 1576 1789 1642 lux,
1817 1584 1870 1631 et
1914 1574 2054 1630 facta
2085 1585 2169 1630 est
2191 1577 2314 1640 lux;
2348 1593 2367 1626 ι
2401 1574 2639 1643 itemque
2671 1590 2685 1627 :
2723 1591 2740 1623 ι
2770 1570 2889 1624 Fiat
2930 1570 3238 1624 firmamen-

1675 1677 1812 1732 tum,
1854 1676 1907 1721 et
1940 1666 2144 1721 factum
2173 1675 2290 1732 est;
2326 1685 2346 1718 ι
2373 1681 2437 1720 ac
2465 1679 2656 1719 rursus
2689 1683 2700 1717 :
2745 1683 2761 1714 ι
2790 1662 3064 1716 Germinet
3092 1669 3234 1714 terra

1676 1759 1897 1814 herbam
1946 1759 2233 1822 virentem,
2265 1755 2551 1810 facientem
2584 1771 2768 1810 semen
2817 1750 3113 1807 secundum
3146 1764 3237 1817 ge-

1676 1867 1779 1907 nus
1829 1866 1894 1905 ac
1943 1848 2353 1905 similitudinem
2382 1862 2560 1912 suam,
2591 1855 2644 1900 et
2675 1845 2877 1911 lignum
2911 1839 3236 1911 pomiferum

1674 1940 1877 1996 faciens
1902 1939 2340 2010 fructum,cujus
2367 1953 2552 1996 semen
2587 1937 2640 1992 in
2671 1935 2788 2005 ipso
2818 1935 2908 2002 sit,
2935 1933 3234 1990 secundum

1673 2047 1845 2100 genus
1893 2049 2050 2087 suum
2098 2049 2258 2101 super
2304 2043 2504 2086 terram
2543 2049 2558 2086 :
2593 2041 2647 2087 et
2696 2030 2895 2086 factum
2944 2037 3048 2085 est.
3095 2025 3238 2085 Dixit

1673 2132 1929 2193 praeterea
1963 2122 2311 2179 Deus:["iant
2341 2122 2628 2176 luminaria
2661 2123 2715 2178 in
2751 2121 3090 2176 firmamento
3120 2134 3234 2176 cm-

1674 2216 1732 2279 li,
1763 2224 1822 2270 ut
1847 2216 2065 2270 luceant
2094 2231 2258 2286 super
2289 2225 2512 2280 terram,
2541 2223 2596 2272 et
2627 2215 2736 2271 sint
2764 2215 2816 2268 in
2845 2215 2999 2284 signa
3022 2223 3074 2268 et
3103 2226 3237 2268 tem-

1671 2323 1826 2377 pora,
1860 2315 1914 2362 et
1953 2307 2092 2370 dies,
2125 2317 2180 2362 et
2202 2323 2375 2362 annos
2409 2325 2423 2363 :
2455 2317 2509 2362 et
2539 2306 2738 2362 factum
2774 2314 2880 2362 est.
2909 2305 3238 2374 Addiditque

1672 2399 1815 2454 Deus
1839 2417 1851 2452 :
1873 2397 2182 2453 Producant
2211 2398 2377 2468 318
2408 2413 2562 2467 aquae
2585 2397 2795 2468 reptilia
2822 2397 3128 2451 animarum
3157 2398 3242 2451 vi-

1671 2489 1912 2542 ventium
1945 2489 2246 2548 secundum
2284 2505 2455 2557 genus
2485 2504 2665 2553 suum,
2690 2497 2744 2542 et
2787 2488 2969 2542 omnia
3000 2488 3238 2543 volatilia

1671 2579 1792 2634 caeli
1844 2580 2142 2634 secundum
2187 2593 2356 2648 genus
2405 2593 2584 2641 suum,
2618 2586 2671 2631 et
2709 2576 2909 2632 factum
2943 2587 3058 2644 est;
3089 2595 3108 2628 ι
3140 2578 3238 2632 ite-

1670 2685 1902 2739 rumque
1931 2688 1944 2723 :
1975 2688 1992 2720 ι
2014 2667 2287 2723 Prodncat
2323 2679 2464 2722 terra
2493 2654 2891 2738 quadrupedes,
2921 2678 2973 2724 et
3000 2669 3234 2740 reptilia,

1670 2770 1724 2814 et
1749 2761 1950 2814 bestias
1978 2768 2134 2814 terra:
2165 2759 2464 2813 secundum
2513 2773 2684 2827 genus
2717 2775 2874 2813 suum
2909 2777 2921 2812 :
2951 2767 3005 2813 et
3035 2760 3236 2814 factum

1670 2860 1754 2905 est
1772 2851 1838 2902 '°.
1870 2869 1888 2902 ι
1916 2848 2124 2916 Quibus
2143 2850 2395 2904 omnibus
2408 2851 2919 2913 commemorandis,
2945 2852 3070 2904 dum
3097 2852 3241 2906 hanc

1674 2939 1954 3010 Scriptura
2009 2939 2298 2993 formulam
2331 2939 2572 3002 adhibet,
2619 2959 2636 2990 ι
2670 2939 2812 2993 Dixit
2844 2940 3008 3005 Deus,
3030 2959 3048 2991 ι
3087 2942 3238 2997 aliud

1672 3031 1827 3095 nihil,
1852 3039 2045 3100 praeter
2078 3045 2240 3099 quam
2282 3030 2347 3084 ad
2380 3030 2555 3099 ipsum
2589 3030 2883 3083 voluntatis
2912 3030 3108 3084 divinae
3135 3047 3237 3084 nu-
3276 3077 3277 3098 γ

1671 3129 1810 3187 tum,
1845 3121 1946 3176 hoc
1980 3121 2138 3176 illove
2176 3119 2339 3174 modo
2382 3135 2470 3174 res
2497 3135 2688 3175 omnes
2711 3119 2986 3175 exstitisse
3013 3136 3076 3174 ac
3112 3135 3238 3190 per.
3277 3117 3282 3190 ξ

1672 3211 1843 3266 fectas
1883 3226 2005 3266 esse
2047 3210 2335 3280 signiﬁcat,
2369 3209 2614 3278 adeoque
2641 3224 2861 3264 necesse
2890 3224 2998 3262 non
3025 3217 3126 3272 est,
3156 3209 3236 3263 uti

1669 3317 1856 3357 vocem
1909 3302 2110 3366 ullam,
2169 3302 2376 3356 ullasve
2430 3301 2667 3372 syllabas
2714 3301 3034 3371 cogitemus.
3091 3291 3286 3373 ldeml

1669 3409 1835 3463 porro
1860 3406 2031 3456 vates,
2065 3394 2330 3447 orationis
2361 3392 2629 3447 universae
2655 3408 2924 3448 summam
2953 3393 3235 3464 colligens,

1670 3485 1742 3540 ita
1782 3487 2054 3542 concludit
2084 3505 2096 3539 :
2133 3505 2151 3536 ι
2181 3484 2279 3540 llic
2305 3487 2460 3550 liber,
2495 3487 2689 3556 inquit,
2721 3487 3084 3557 generationis
3113 3486 3236 3542 (δειξιὶ

1670 3585 1723 3632 et
1752 3585 1926 3643 terrae,
1959 3579 2010 3631 in
2037 3577 2147 3644 die,
2179 3593 2286 3648 qua
2321 3576 2447 3632 fecit
2469 3579 2665 3632 ccelum
2693 3587 2746 3632 et
2778 3588 2999 3644 terram,
3029 3587 3083 3632 et
3114 3593 3236 3632 om-

1671 3668 1782 3735 nia,
1803 3684 1922 3738 quaa
1952 3669 2004 3722 in
2028 3670 2108 3724 eis
2137 3668 2713 3739 sunt“.iHujusmodi
2730 3685 2858 3738 ergo
2874 3679 2958 3724 est
2985 3667 3238 3724 Hebraeo-

1670 3775 1794 3814 rum
1842 3760 2129 3830 theologia,
2162 3775 2284 3830 quae
2326 3761 2474 3815 verbi
2523 3761 2694 3814 divini
2735 3761 3003 3816 eﬁ‘ectrice
3031 3762 3084 3815 vi
3116 3771 3238 3818 sata

1669 3865 1792 3906 esse
1817 3865 1880 3906 ac
1909 3859 2191 3920 procreata
2223 3852 2381 3906 docet
2405 3853 2678 3907 universa.
2712 3852 2914 3908 Deinde
2939 3868 3089 3919 vero,
3125 3869 3237 3908 non

1667 3943 1781 4014 jam
1826 3952 2047 3999 auctore
2082 3945 2167 3999 sui
2196 3960 2260 3999 ac
2289 3945 2542 4000 molitore
2570 3945 2698 4010 Deo,
2728 3946 2807 4002 sic
2836 3954 3095 4016 tanquam
3140 3961 3234 4002 or-

1670 4037 1911 4105 phanum
1946 4051 1976 4090 a
2006 4045 2225 4105 parente
2253 4037 2499 4092 relictum
2522 4052 2642 4093 esse
2665 4039 2951 4104 mundum,
2969 4039 3065 4095 sed
3089 4043 3238 4110 ejus-

1670 4127 1792 4181 dem
1842 4127 2180 4197 providentia
2240 4139 2502 4199 perpetuo
2556 4139 2976 4200 constanterque
3015 4131 3150 4202 regi,
3178 4139 3238 4186 ut

1670 4234 1781 4274 non
1838 4221 1999 4275 modo
2051 4237 2234 4276 rerum
2285 4221 2616 4277 architectus
2649 4238 2714 4278 ac
2740 4224 2958 4278 molitor
2990 4225 3238 4280 omnium

1671 4312 1785 4382 ipse
1813 4311 1993 4379 fuerit,
2025 4313 2119 4368 sed
2154 4328 2341 4368 earum
2375 4329 2594 4384 quoque
2626 4324 2874 4370 servator
2919 4326 3081 4388 atque
3113 4331 3236 4371 mou

1671 4404 1906 4470 derator,
1940 4418 2035 4458 rex
2067 4404 2193 4460 item
2239 4421 2304 4460 ac
2352 4406 2602 4475 princeps
2628 4421 2748 4463 esse
2773 4408 2902 4462 velit
2936 4428 2950 4464 :
2985 4411 3238 4479 idemque

91 4487 363 4564 ἐπιπαρόντα,
389 4497 480 4550 καὶ
502 4497 570 4550 τὰ
609 4496 788 4548 πάντα
815 4497 870 4548 ἐν
899 4494 1089 4566 κόσμῳ
1128 4494 1477 4548 διατάττοντά
1507 4511 1566 4548 τε

1673 4510 1796 4550 cum
1841 4495 1963 4563 soli,
1999 4495 2161 4562 lunae,
2192 4496 2484 4562 sideribus,
2521 4497 2770 4569 coeloque
2795 4501 2998 4570 passim
3028 4510 3081 4556 et
3113 4500 3234 4555 orbi

91 4585 153 4635 ui.
174 4586 448 4643 διοικοῦντα.
479 4591 688 4660 Ὠσπερ
711 4584 800 4642 οὖν
829 4588 1020 4658 ἀμέλει
1049 4586 1141 4640 καὶ
1168 4588 1215 4640 οἱ
1243 4587 1377 4658 μετὰ
1397 4586 1570 4640 ταῦτα

92 4677 310 4747 προφῆται,
334 4682 594 4736 ἀκόλουθα
624 4681 718 4734 καὶ
749 4681 900 4732 αὐτοὶ
918 4677 1222 4743 θειάζοντες
1245 4719 1260 4744 ,
1295 4679 1415 4731 τοτὲ
1470 4678 1569 4750 μὲν

91 4762 318 4833 ἀνεφὼνουν
339 4771 392 4837 ἐξ
418 4771 578 4824 αὑτοῦ
623 4770 715 4824 τοῦ
765 4769 907 4823 θείου
954 4769 1203 4837 λέγοντες
1239 4765 1526 4837 προσώπου
1550 4784 1564 4799 ·

95 4854 220 4922 «Gai;
241 4863 448 4932 ὲγγῐζων
475 4864 584 4932 ἐγώ
612 4865 748 4934 ειμι,
766 4861 912 4930 λέγει
933 4861 1153 4933 Κύριος,
1179 4863 1272 4914 καλ¹
1299 4863 1418 4931 οὐχὶ
1436 4861 1568 4925 Θεὸς

93 4949 313 5019 πέζιρωθεν,
334 4958 390 5008 Et
416 4959 624 5028 ποιήσει
643 4974 695 5009 τι
713 4956 993 5028 ἄνθρωπος
1013 4957 1068 5008 ὲν
1089 4955 1390 5027 κρυφαίοις,
1414 4954 1566 5024 κάγὼ

92 5039 366 5116 οὒΐδῶσομαι
393 5049 548 5116 αὐτὸ;
579 5051 710 5120 Οὐχὶ
728 5050 817 5103 τὸν
846 5049 1070 5120 οὐρανὸν
1100 5047 1192 5101 καὶ
1217 5048 1316 5118 τὴν
1336 5047 1438 5117 γῆν
1457 5045 1568 5116 ἐγὼ¹

94 5129 254 5202 βληρὼ
280 5137 410 5206 λέγει
431 5139 654 5210 Κύριος.
704 5158 722 5190 ›
761 5140 894 5192 Tm
922 5140 978 5192 δὲ
1007 5131 1109 5190 ὧδέ
1143 5155 1217 5208 πη
1260 5135 1566 5204 θεολογοῦν-

100 5175 254 5202 “”··ιι’“⁴›
282 5175 410 5206 ’κε-εει
434 5175 654 5210 ιιυγιυτι
704 5175 722 5190 1
771 5175 894 5192 alus;
922 5175 978 5192 υς.
1007 5175 1109 5190 ων..
1149 5175 1217 5208 ..ιι
1262 5175 1507 5204 vetustum.
1522 5175 1564 5187 νὴ

83 5175 178 5282 δτις·
203 5243 217 5276 ι
241 5227 319 5290 Τίς
345 5231 606 5303 ὲμέτρησε
634 5233 698 5301 τῇ
724 5231 865 5301 χειρὶ
893 5230 954 5282 τὸ
976 5228 1138 5300 ὕδωρ,
1172 5227 1376 5281 καὶτὸν
1402 5229 1564 5298 οὐρα-

94 5308 153 5361 νὺν
179 5318 374 5392 σπιθαμῇ
405 5324 496 5375 καὶ
527 5324 704 5376 πᾶσαν
728 5321 828 5392 τὴν
858 5322 962 5391 γῆν
997 5321 1190 5393 δρακί;
1235 5320 1332 5384 Τίς
1375 5321 1570 5393 ἔστησε

95 5401 140 5455 τὶ
157 5405 232 5479 ὄρη
251 5412 464 5483 σταθμῷ,
496 5415 590 5467 καὶ
615 5413 712 5477 τὰς
736 5414 911 5476 νάπας
935 5411 1080 5483 ζυγῷ
1106 5429 1119 5477 ;
1146 5411 1242 5476 Τίς
1271 5412 1410 5480 ἔγνω
1440 5411 1565 5466 νοῦν

98 5492 355 5564 Κνρίον,καὶ
379 5505 454 5567 τίς
484 5505 780 5575 σύμϐουλος
805 5503 967 5557 αὐτοῦ
997 5503 1246 5573 ὲγένετο;
1285 5523 1304 5554 ι
1331 5503 1441 5557 Καὶ
1470 5503 1566 5556 πά-

98 5579 178 5634 λινο
211 5606 226 5637 ι
256 5589 306 5646 '0
327 5596 514 5666 στήσας
552 5596 624 5660 ὡς
657 5595 911 5667 καμάραν
942 5595 1030 5649 τὸν
1061 5595 1304 5666 οὐρανὸν,
1334 5597 1428 5650 καὶ
1453 5595 1564 5650 δια-

149 5763 304 5828 "Gen.
333 5770 444 5840 1,1.
518 5776 562 5808 ⁸⁸
595 5778 723 5836 ibid.
759 5778 792 5833 '5
821 5793 968 5848 seqq.
1065 5777 1107 5809 ’ί
1137 5776 1270 5833 Gen.
1305 5793 1365 5845 ιι,
1399 5778 1451 5833 4.

1669 4587 2021 4643 continentur
2073 4589 2328 4645 universo
2363 4591 2570 4659 praesit,
2599 4598 2712 4645 tum
2756 4606 2950 4661 magno
3004 4593 3234 4662 ipsemet

1667 4679 1825 4736 oculo
1871 4679 2164 4750 divinoque
2192 4678 2426 4736 Numine
2461 4690 2658 4738 cuncta
2689 4683 2930 4738 lustrans
2960 4699 3024 4739 ac
3055 4684 3232 4754 pervi-

1664 4772 1818 4839 dens,
1845 4771 2116 4841 rebusque
2164 4770 2420 4827 omnibus
2466 4787 2562 4826 seu
2611 4789 2733 4843 qua:
2777 4777 2938 4839 coelo,
2975 4791 3068 4831 seu
3111 4792 3233 4846 qua:

1666 4874 1805 4920 terra
1854 4864 2223 4933 continentur,
2268 4864 2492 4919 omnino
2538 4881 2799 4935 praesens,
2847 4882 2948 4922 suo
3005 4883 3235 4938 quaeque

1663 4956 1857 5013 ordine
1907 4957 2180 5027 sapienter
2231 4967 2461 5029 apteque
2487 4960 2784 5014 constituat
2813 4971 2975 5032 atque
3008 4960 3230 5030 dispen-

1665 5046 1958 5116 set.Atque
2006 5045 2062 5100 id
2113 5046 2286 5100 secuti
2333 5047 2587 5116 deinceps
2634 5047 2926 5116 prophetas,
2961 5045 3234 5116 prioribus

1665 5138 1771 5194 illis
1799 5147 2162 5194 consentanea
2210 5137 2393 5193 divino
2443 5135 2647 5208 Spiritu
2675 5146 2928 5193 canentes
2962 5137 3063 5208 ipsi
3095 5152 3231 5208 quo-

1668 5247 1793 5301 que,
1828 5240 2083 5286 testatum
2113 5230 2492 5300 reliquerunt;
2525 5247 2618 5286 seu
2648 5246 2771 5286 cum
2823 5230 3060 5285 divinam
3114 5243 3234 5298 per-

1669 5339 1858 5379 sonam
1885 5325 2236 5392 sustinentes,
2261 5324 2406 5380 bunc
2449 5323 2504 5378 in
2554 5324 2773 5380 modum
2812 5325 3177 5380 exclamarent
3211 5340 3226 5378 :

1681 5433 1701 5468 ι
1728 5414 1872 5469 Deus
1905 5417 2341 5486 apprOpinquans
2370 5431 2470 5488 ego
2508 5431 2652 5484 sum,
2704 5417 2832 5473 dicit
2861 5417 3144 5481 Dominus,
3175 5425 3232 5474 et

1671 5523 1780 5562 non
1827 5505 1970 5564 Deus
2019 5509 2086 5564 de
2129 5509 2308 5580 longe.
2343 5507 2400 5564 Si
2427 5507 2587 5564 faciet
2613 5509 2812 5578 aliquid
2847 5510 3010 5565 homo
3043 5511 3096 5564 in
3130 5524 3227 5566 oc—

1670 5599 1851 5666 cultis,
1886 5607 1938 5656 et
1957 5614 2056 5670 ego
2077 5602 2314 5658 nesciam
2348 5602 2477 5659 illud
2495 5604 2519 5660 ?
2536 5601 2790 5674 Nunquid
2826 5618 2933 5658 non
2956 5603 3154 5662 ciuium
3173 5611 3229 5663 et
