3864 6386
646 354 749 414 959

1266 344 1585 454 ,Ευεεῐῑιι
1604 361 2090 421 ολΕεΑιιιΕχειε
2124 361 2188 417 οι

2315 354 2502 412 PARS
2538 355 2601 410 It.
2645 333 2733 394 -ἲ
2754 347 3251 409 APOLOGETICA.
3729 352 3802 405 διο

628 460 963 556 ωτι-ιιωέεο
988 465 1224 553 impleo?
1245 482 1739 538 dicitDominus".
1765 501 1783 535 ι
1810 479 1917 535 Seu
1948 495 2072 536 cum
2099 479 2188 533 hor

2304 474 2485 537 τείνας
2525 473 2600 536 ὡς
2646 468 2849 540 σκηνὴν
2887 468 3182 521 κατοικεῖν.
3235 482 3253 515 ι
3306 461 3414 516 Kal.
3439 455 3615 526 amur
3642 482 3657 514 t
3689 462 3803 518 "Lva-

630 577 733 646 ipsi
762 577 926 631 modo
972 576 1040 631 de
1082 575 1193 630 Deo
1227 576 1685 646 philosophantur
1714 593 1728 630 :
1772 593 1790 627 ε
1820 573 1955 641 Quis
1985 588 2208 629 mensus

635 670 902 724 est‘manu
938 685 1157 739 aquam,
1189 678 1239 724 et
1272 671 1469 725 cmlum
1497 670 1699 739 palmo,
1729 676 1785 722 et
1834 683 2049 723 omnem
2095 677 2207 723 ter-

636 776 749 814 ram
783 760 1185 831 pugillo?Quis
1231 762 1449 815 libravit
1492 770 1706 816 montes
1756 761 1811 814 in
1864 759 2123 829 pondere,
2154 767 2209 815 et

634 854 799 908 colles
832 854 885 907 in
918 854 1156 909 statera?
1182 852 1315 920 Quis
1341 854 1595 923 cognovit
1622 861 1859 907 mentem
1885 852 2120 916 Domini,
2154 861 2210 908 et

633 944 757 1013 quis
790 946 1134 1001 consiliarius
1159 946 1278 1015 eius
1308 946 1509 1001 fuit”?
1539 966 1556 998 ι
1590 946 1833 1016 Itemque
1867 964 1880 999 :
1918 965 1936 996 ε
1966 945 2069 1012 Qui
2098 955 2209 1000 sta-

633 1036 735 1090 tuit
787 1037 940 1105 quasi
996 1052 1265 1091 cameram
1316 1038 1537 1101 caelum,
1573 1045 1625 1091 et
1665 1035 1904 1091 extendit
1932 1037 2089 1106 quasi
2125 1046 2206 1091 ta-

632 1126 985 1183 bernaculum
1016 1129 1081 1183 ad
1115 1129 1467 1183 habitandum
1490 1129 1559 1184 “.
1592 1148 1609 1180 ι
1642 1128 1707 1183 Et
1731 1145 1923 1184 rursus
1946 1146 1961 1183 :
1982 1148 2000 1180 ι
2034 1128 2201 1183 Leva-

632 1226 683 1272 te
731 1217 786 1271 in
839 1217 1118 1273 excelsum
1146 1218 1334 1272 oculos
1360 1226 1592 1281 vestros,
1623 1226 1677 1272 et
1704 1218 1899 1284 videte,
1930 1218 2055 1288 quis
2083 1234 2207 1288 per-

629 1308 757 1364 fecit
808 1310 921 1363 haec
960 1310 1164 1364 omnia.
1199 1328 1217 1361 ι
1254 1308 1321 1363 Et
1350 1309 1609 1379 deinceps
1647 1326 1661 1363 :
1694 1328 1712 1360 ι
1746 1308 2008 1366 Dominus
2037 1309 2203 1374 Deus,

628 1401 722 1470 qui
770 1399 898 1455 fecit
944 1401 1165 1465 malum,
1202 1410 1256 1455 et
1293 1401 1557 1456 stabilivit
1584 1403 1758 1471 ipsum
1792 1421 1805 1456 :
1837 1403 1929 1471 qui
1968 1403 2206 1457 ﬁrmavit

629 1500 854 1557 terram,
884 1498 938 1545 et
982 1507 1103 1560 quae
1156 1492 1212 1545 in
1256 1506 1319 1545 ea
1371 1499 1543 1546 sunt:
1584 1492 1720 1545 dans
1758 1490 1945 1545 ﬂatum
1981 1491 2200 1559 populo,

630 1580 725 1649 qui
777 1589 862 1634 est
905 1596 1069 1650 super
1114 1596 1257 1647 eam,
1288 1589 1342 1635 et
1385 1581 1636 1649 spiritum
1668 1581 2002 1636 calcantibus
2031 1596 2151 1635 eam
2186 1599 2205 1635 τ

627 1688 728 1743 ego
786 1671 1048 1727 Dominus
1102 1672 1265 1727 Deus.
1293 1692 1310 1724 ι
1346 1672 1410 1726 Ει
1437 1672 1695 1740 deinceps
1726 1691 1739 1727 :
1782 1692 1800 1723 ι
1833 1671 2060 1727 Extendi
2087 1688 2202 1727 coe-

628 1766 739 1817 lum
770 1764 938 1827 solus,
969 1774 1022 1818 et
1055 1765 1267 1819 ﬁrmavi
1322 1773 1522 1819 terram
1561 1784 1573 1819 :
1602 1765 1765 1835 319
1803 1780 1903 1835 ego
1938 1765 2202 1821 Dominus

2312 564 2543 633 ϐλέψατε
2596 563 2679 625 είς
2736 560 2797 613 τὸ
2850 558 2984 629 ὕψος
3033 558 3159 618 τοὺς
3207 552 3507 624 ὀφθαλμοὺς
3551 553 3697 623 ὑμῶν,
3737 559 3803 609 καὶ

2314 658 2471 720 ἴδετε,
2502 655 2584 719 τίς
2620 652 2891 716 κατέδειξε
2916 650 3089 704 ταῦτα
3128 648 3323 700 πάντα.
3364 665 3382 697 ι
3405 647 3507 698 Kal
3526 645 3635 716 ἑξῆς
3654 664 3665 675 ο
3687 667 3700 697 ι
3721 649 3802 700 Κύ-

2312 766 2426 819 ριος
2446 751 2474 801 6
2496 747 2627 811 Θεὸς
2654 748 2682 799 6
2712 747 2938 816 ποιήσας
2967 742 3055 796 τὸν
3088 740 3315 812 οὐρανὸν
3332 778 3347 803 ,
3381 739 3472 791 καὶ
3498 738 3653 808 πήξας
3672 741 3800 801 αὑτὸν.

2308 843 2337 895 6
2378 838 2686 911 στερεώσας
2734 838 2830 910 τὴν
2882 838 2985 909 γῆν
3034 838 3128 889 καὶ
3178 834 3248 887 τὰ
3280 836 3335 887 ἐν
3374 834 3523 904 αὐτῇ,
3566 834 3646 886 καὶ
3677 834 3801 897 atat;

2309 931 2476 1003 πνοὴν
2505 931 2582 1002 τῷ
2604 929 2717 1001 λαῷ
2741 929 2817 1000 τῷ
2844 930 2929 983 ἐπ’
2967 929 3157 997 αὐτῆς,
3190 928 3282 979 καὶ
3311 925 3521 995 πνεῦμα
3539 927 3637 987 τοῖς
3656 926 3804 978 mw}-

2310 1042 2393 1078 σιν
2426 1023 2613 1095 αὐτὴν,
2648 1022 2758 1093 ἐγὼ
2789 1021 2990 1092 Κύριος
3011 1023 3039 1073 6
3066 1020 3250 1081 Θεός.»
3281 1020 3389 1072 Kal.
3405 1017 3541 1086 ἑξῆς·
3562 1035 3577 1067 ι
3598 1017 3801 1081 Ἐξέτεινα

2307 1117 2396 1170 τὸν
2414 1115 2640 1186 οὐρανὸν
2666 1115 2845 1184 μόνος,
2886 1112 2980 1165 καὶ
3009 1110 3318 1181 ὲστερέωσα
3345 1107 3441 1178 τὴν
3463 1109 3584 1177 γῆνο
3617 1106 3706 1173 ἐγὼ
3727 1108 3802 1160 K6—

2309 1224 2422 1281 ριος
2448 1208 2476 1260 6
2501 1206 2633 1270 Θεός
2653 1223 2667 1235 ·
2699 1206 2799 1259 οὐκ
2822 1204 2935 1257 ἐστι
2967 1201 3104 1272 πλὴν
3130 1200 3287 1272 ἐμοῦ.
3321 1219 3338 1251 ι
3366 1201 3473 1253 Kal.
3504 1198 3672 1251 πάλιν·
3701 1199 3803 1251 «υῦ-

2304 1316 2412 1363 τως
2445 1300 2619 1370 ἐρεῖτε
2652 1298 2865 1360 αὐτοῖς·
2900 1295 3043 1358 Θεοὶ,
3070 1295 3119 1347 οἶ
3152 1294 3243 1347 τὸν
3273 1293 3495 1364 οὐρανὸν
3531 1294 3612 1344 καὶ
3633 1291 3710 1361 τήν
3732 1296 3801 1363 γῆν

2305 1392 2402 1444 οὐκ
2432 1391 2712 1461 ἐποίησαν,
2744 1386 3129 1442 ἀπολέσθωσαν
3160 1385 3269 1439 ἀπὸ
3302 1383 3578 1455 προσώπου
3606 1384 3689 1451 τῆς
3713 1384 3799 1453 γῆς,

2306 1482 2399 1535 καὶ
2425 1480 2773 1535 ὑποκάτωθεν
2805 1478 2898 1532 τοῦ
2931 1476 3183 1549 ούρανοῦ.
3215 1476 3418 1546 Κύριος
3449 1478 3476 1528 6
3520 1477 3713 1546 ποιήσας
3733 1475 3800 1545 τήν

2305 1575 2406 1643 γῆν
2438 1576 2496 1626 ὲν
2522 1576 2585 1643 τῇ
2625 1572 2769 1642 ἰσχύϊ
2805 1570 2967 1625 αὑτοῦ
2996 1568 3290 1641 άνώρθωσε
3319 1568 3417 1639 τὴν
3465 1567 3738 1637 οἰκουμένην
3760 1569 3800 1620 ὲν

2303 1664 2367 1731 τῇ
2395 1661 2555 1733 σοφίᾳ
2585 1660 2747 1714 αὐτοῦ
2768 1702 2782 1725 ,
2834 1661 2928 1715 καὶ
2975 1662 3031 1713 ἐν
3062 1662 3128 1730 τῇ
3158 1660 3418 1730 φρονήσει
3449 1657 3600 1711 αὐτοῦ
3628 1657 3798 1723 ἐξέτεινε

2304 1753 2392 1806 τὸν
2408 1754 2467 1805 οὐ
2478 1753 2652 1823 ρανὸν,
2676 1753 2768 1805 καὶ
2790 1754 3030 1823 ἀνήγαγε
3057 1751 3283 1819 νεφέλας
3308 1750 3366 1814 ἐξ
3385 1751 3598 1819 ἐσχάτου
3617 1749 3695 1818 τῆς
3712 1753 3795 1819 γῆς

628 1853 773 1909 Deus
804 1874 817 1909 :
854 1855 1036 1910 nullus
1084 1864 1165 1909 est
1195 1864 1388 1924 prmter
1421 1871 1507 1909 me
1526 1824 1966 1910 ".:—['3titerum
1999 1876 2013 1912 :
2057 1876 2075 1909 ι
2112 1856 2188 1911 ει(

2302 1845 2589 1915 ἀστραπὰς
2610 1847 2689 1907 είς
2721 1845 2873 1897 ὑετὸν
2913 1845 3156 1915 ἐποίησε,
3207 1844 3300 1897 καὶ
3340 1841 3592 1911 ἐξήγαγεν
3627 1841 3798 1911 ἀνέμους

626 1948 819 2003 dicetis
851 1948 983 2017 ipsis
1012 1946 1153 2010 :Dii,
1184 1948 1278 2017 qui
1310 1947 1510 2003 coelum
1552 1956 1606 2002 et
1655 1957 1853 2002 terram
1906 1964 2014 2003 non
2059 1949 2202 2003 fece-

626 2047 776 2101 runt,
811 2045 1035 2107 pereant
1071 2052 1099 2090 a
1133 2036 1272 2091 facie
1307 2046 1483 2100 terrae,
1521 2047 1572 2091 et
1599 2038 1665 2091 de
1695 2038 1796 2091 sub
1822 2038 1983 2091 coelo.
2016 2036 2201 2091 Domi~

625 2143 752 2193 nus,
785 2129 877 2198 qui
926 2127 1054 2183 fecit
1097 2140 1297 2182 terram
1354 2129 1407 2181 in
1450 2127 1772 2182 fortitudine
1812 2144 1932 2194 sua,
1962 2130 2199 2183 correxit

625 2222 810 2275 orbem
849 2231 1003 2276 terrae
1045 2222 1097 2274 in
1130 2221 1394 2290 sapientia
1432 2236 1551 2284 sua,
1586 2232 1641 2274 et
1682 2221 1735 2274 in
1784 2222 2068 2291 prudentia
2100 2237 2196 2275 sua

623 2312 865 2366 extendit
907 2312 1126 2377 malum,
1162 2321 1216 2366 et
1240 2312 1470 2366 elevavit
1518 2314 1690 2367 nubes
1724 2314 1793 2367 ab
1822 2325 2065 2367 extremo
2094 2323 2199 2367 ter-

623 2419 700 2458 ra:
732 2423 745 2458 :
785 2404 996 2475 fulgura
1045 2405 1098 2458 in
1148 2404 1385 2472 pluviam
1417 2402 1563 2466 fecit,
1589 2413 1643 2458 et
1677 2405 1859 2458 eduxit
1892 2415 2084 2459 ventos
2129 2405 2196 2460 de

622 2495 895 2567 thesauris
948 2496 1083 2551 suis.
1124 2494 1333 2549 Stultus
1381 2494 1557 2550 factus
1604 2505 1687 2550 est
1732 2497 1911 2552 omnis
1960 2498 2124 2551 homo
2163 2513 2194 2551 a

621 2587 921 2641 scientia”.
954 2607 972 2639 ι
1014 2587 1316 2640 Etrursus:
1342 2605 1360 2637 ‹
1389 2585 1506 2651 Quo
1533 2586 1621 2640 ibo
1646 2602 1674 2639 a
1700 2588 1888 2656 spiritu
1921 2597 2033 2654 tuo,
2059 2606 2087 2643 a
2116 2589 2195 2643 fa-

621 2680 704 2733 cie
730 2690 821 2735 tua
856 2680 946 2733 ubi
983 2679 1341 2734 occultabor?
1365 2677 1427 2733 Si
1459 2680 1753 2733 ascendero
1781 2680 1834 2733 in
1866 2682 2087 2746 coelum,
2136 2691 2193 2735 tu

620 2772 733 2825 illic
761 2787 821 2827 es
856 2790 871 2826 :
902 2772 947 2827 si
983 2788 1068 2826 me
1100 2780 1344 2827 stravero
1380 2772 1433 2826 in
1478 2772 1715 2837 inferno,
1750 2773 1881 2828 ades
1920 2792 1932 2828 :
1964 2774 2009 2828 si
2042 2790 2193 2828 sum-

619 2877 781 2933 psero
816 2878 1021 2931 pennas
1052 2878 1200 2916 meas
1243 2863 1502 2929 diluculo,
1532 2872 1587 2918 et
1635 2864 1950 2919 habitavero
1997 2866 2050 2919 in
2098 2881 2193 2920 ex-

619 2956 810 3009 tremis
862 2957 1070 3011 maris:
1105 2958 1304 3010 etenim
1368 2957 1497 3013 illuc
1553 2974 1750 3014 manus
1814 2966 1904 3013 tua
1962 2958 2193 3014 deducet

618 3062 706 3100 ιιιο
724 3047 823 3099 ⁸⁷.»
853 3046 1028 3116 Atque
1060 3046 1173 3100 haec
1200 3055 1501 3116 eaeteraquc
1528 3046 1613 3101 his
1633 3047 1829 3112 aﬂlnia,
1853 3063 2039 3103 eorum
2066 3060 2191 3103 sunt

2301 1939 2364 1991 ἐκ
2398 1938 2697 2009 θησαυρῶν
2723 1937 2907 1990 αὑτοῦ.
2956 1935 3276 2008 Ἐμωράνθη
3310 1938 3417 1997 πᾶς
3454 1934 3702 2005 ἄνθρωπος
3724 1934 3796 1985 ἀπὸ

2299 2028 2570 2097 γνώσεως.
2604 2048 2622 2081 ι
2653 2029 2765 2082 Καὶ
2795 2029 2955 2082 πάλιν
2980 2045 2994 2059 ο
3028 2048 3045 2079 ι
3068 2027 3178 2081 Ποῦ
3200 2026 3449 2098 πορευθῶ
3472 2026 3571 2079 ἀπὸ
3587 2024 3667 2078 τοῦ
3685 2024 3796 2076 msi-

2302 2124 2469 2193 ματός
2499 2140 2613 2187 σου,
2649 2123 2742 2176 καὶ
2774 2120 2994 2176 ἀπὸτοῦ
3042 2119 3333 2192 προσώπου
3370 2136 3462 2172 σου
3497 2119 3590 2170 ποῦ
3628 2118 3793 2187 κρυ6ὡ;

2311 2216 2433 2270 Ἐὰν
2459 2216 2642 2269 ἀναὸὦ
2672 2218 2750 2289 εἰς
2775 2217 2866 2269 τὸν
2891 2215 3139 2287 οὐρανὸν,
3163 2215 3228 2267 σὺ
3253 2216 3371 2266 ἐκεῖ
3402 2209 3453 2265 εἴ
3470 2229 3485 2242 ·
3519 2212 3602 2264 ἐὰν
3630 2208 3795 2280 στρὼσω

2296 2309 2375 2371 εἰς
2400 2308 2492 2360 τὸν
2518 2308 2671 2379 ᾅδην,
2703 2310 2901 2379 πάρει·
2924 2309 2970 2360 εἰ
2993 2306 3314 2376 ἀναλάϐοιμι
3343 2305 3441 2368 τὰς
3463 2303 3701 2374 πτέρυγάς
3725 2319 3794 2370 μου

2296 2403 2414 2455 κατ’
2445 2402 2657 2474 ὀρθρον,
2694 2402 2785 2454 καὶ
2816 2398 3298 2469 κατασκηνώσαιμι
3322 2398 3402 2460 είς
3434 2396 3499 2449 τὰ
3536 2395 3705 2465 ἔσχατα
3728 2393 3792 2461 τῆς

2295 2494 2564 2565 Θαλάσσης
2587 2511 2601 2523 ·
2655 2494 2748 2546 καὶ
2791 2492 2898 2563 γὰρ
2941 2492 3106 2561 ὲκεῖή
3164 2491 3283 2561 χείρ
3317 2506 3409 2541 σου
3439 2487 3664 2557 ὁδηγήσει
3692 2503 3789 2554 μεν

2307 2585 2466 2637 Ἀλλὰ
2489 2584 2659 2637 ταῦτα
2683 2585 2778 2655 μὲν
2802 2585 2893 2637 καὶ
2910 2583 2978 2636 τὰ
2998 2582 3205 2644 τούτοις
3226 2583 3388 2651 ὅμοια
3411 2580 3517 2631 τῶν
3538 2580 3657 2649 μετὰ
3679 2579 3792 2630 Mer}-

2296 2678 2390 2730 σέα
2421 2677 2701 2745 θεολόγων,
2738 2675 2844 2729 τῶν
2877 2676 2940 2743 δὴ
2976 2674 3067 2727 καὶ
3098 2673 3279 2727 αὐτῶν
3326 2674 3615 2742 Ἐϐραίων,
3651 2670 3793 2736 τυγχὰ-

2293 2786 2393 2834 νει,
2428 2769 2635 2839 συνῳδὰ
2662 2771 2772 2832 τοῖς
2800 2767 3151 2831 παλαιτάτοις
3172 2767 3510 2837 προπάτορσι
3554 2762 3792 2830 θεολογούν⁹

2290 2878 2397 2914 των
2416 2879 2429 2891 ·
2458 2861 2565 2913 τῶν
2594 2861 2649 2914 δέ
2682 2877 2745 2929 γε
2782 2861 2887 2931 πρὸ
2919 2860 3193 2922 Μωῦσὲως
3217 2859 3481 2929 θεοφιλῶν
3517 2861 3601 2911 καὶ
3623 2872 3792 2927 τρισμα-

2291 2954 2495 3023 καρίων
2527 2952 2755 3022 ἀνδρῶν,
2788 2952 2893 3006 τῶν
2919 2952 2982 3023 δὴ
3013 2952 3104 3005 καὶ
3126 2950 3358 3022 πρώτων
3394 2950 3655 3022 Ἐὀραίων,
3674 2946 3789 3001 αξιτοῦ

2290 3062 2349 3097 τε
2372 3044 2584 3116 πρώτου
2612 3043 2828 3097 πάντων
2862 3042 3131 3115 Ἀϐραὰμ,
3164 3042 3223 3105 ὃς
3281 3043 3377 3095 καὶ
3416 3041 3684 3113 προπάτωρ
3728 3037 3790 3089 τοῦ

622 3138 1017 3208 theologorum,
1053 3138 1141 3206 qui
1179 3154 1301 3191 cum
1347 3148 1528 3193 essent
1578 3138 1676 3207 ipsi
1708 3155 1922 3208 quoque
1953 3139 2188 3211 Moysem

2294 3137 2490 3200 παντὸς
2540 3136 2808 3189 Ἰουδαίων
2837 3135 3021 3199 ἔθνους
3044 3135 3353 3207 ἀνείρηται,
3385 3137 3561 3189 ἄκουε.
3598 3153 3613 3183 ι
3637 3127 3791 3185 Εἷπεδὲ

619 3238 859 3298 tempore
895 3229 1193 3293 consecuti,
1229 3230 1296 3282 de
1342 3229 1452 3283 Deo
1500 3230 1750 3283 similiter
1788 3232 2185 3300 antiquissimis

618 3320 725 3374 illis
757 3319 1008 3375 Patribus
1034 3321 1246 3390 gemina
1280 3321 1614 3374 cecinerunt.
1650 3319 1768 3374 Jam
1810 3337 1938 3375 vero
1968 3322 2182 3376 illorum

617 3410 895 3479 deinceps,
923 3412 1014 3480 qui
1052 3422 1175 3464 ante
1202 3410 1437 3481 Moysem
1473 3411 1745 3476 vixerunt,
1772 3421 1825 3466 et
1858 3411 1968 3465 Deo
1998 3414 2187 3467 claris-

618 3502 902 3564 simorum,
931 3512 984 3556 et
1011 3502 1442 3556 beatissimorum
1474 3503 1737 3567 virorum,
1766 3504 1965 3574 quique
1995 3506 2184 3560 eodem

617 3593 968 3650 Hebraeorum
1015 3612 1080 3649 et
1125 3610 1321 3666 genere
1366 3595 1602 3659 fuerunt,
1633 3597 1877 3663 adeoque
1924 3598 2185 3667 principis

619 3688 861 3741 omnium
891 3686 1211 3752 Abrahami,
1245 3702 1405 3755 quem
1439 3687 1706 3741 universa:
1741 3686 2052 3742 Judmorttm
2096 3706 2186 3743 na-

620 3780 783 3833 tionis
815 3788 1087 3847 parentem
1113 3778 1406 3842 celebrant,
1434 3794 1594 3833 voces
1629 3779 1753 3832 audi
1790 3798 1803 3834 :
1846 3799 1864 3831 ι
1898 3779 2042 3833 Dixit
2087 3796 2184 3834 au-

619 3884 726 3925 tem
780 3870 1051 3923 Abraham
1103 3870 1167 3923 ad
1218 3884 1396 3940 regem
1436 3867 1845 3923 Sodomorum:
1882 3869 2180 3926 Extendam

618 3978 837 4017 manum
892 3978 1067 4016 meam
1129 3962 1195 4015 ad
1248 3960 1412 4015 Deum
1468 3961 1814 4029 altissimum,
1852 3964 1944 4032 qui
1981 3965 2184 4019 creavit

616 4056 814 4108 mnium
842 4064 895 4107 et
921 4062 1118 4107 terram
1141 4053 1206 4106 ⁵⁸.
1223 4072 1240 4103 ι
1269 4052 1380 4105 lmo
1406 4061 1529 4105 ante
1545 4052 1815 4106 Abraham
1832 4054 2183 4111 Melchisedec

616 4144 711 4198 Dei
758 4145 1008 4199 altissimi
1062 4145 1317 4200 sacerdos
1368 4144 1749 4208 introducitur,
1787 4146 1878 4214 qui
1907 4148 2181 4216 conceptis

616 4238 795 4291 verbis
827 4239 907 4291 sic
936 4238 1244 4290 Abrahamo
1269 4237 1537 4291 benedicit
1566 4256 1577 4290 :
1616 4257 1633 4288 ι
1665 4238 1986 4292 Benedictus
2009 4238 2181 4291 Abra-

615 4332 740 4385 ham
773 4332 879 4384 Deo
901 4330 1137 4391 excelso,
1168 4329 1259 4397 qui
1293 4329 1514 4383 tradidit
1543 4330 1862 4384 hostestuos
1894 4330 1946 4383 in
1984 4346 2177 4385 manus

613 4430 778 4476 tuas:
814 4428 867 4474 et
914 4420 1229 4474 benedictus
1281 4419 1443 4483 Deus,
1485 4420 1575 4489 qui
1635 4421 1840 4475 creavit
1882 4422 2081 4476 caelum
2125 4430 2179 4475 et

2306 3228 2551 3298 Ἀϐραὰμ
2579 3228 2714 3299 πρὸς
2747 3226 2963 3296 βασιλέα
2992 3226 3263 3297 Σοδόμων·
3312 3225 3541 3278 Ἐκτενῶ
3571 3226 3653 3294 τὴν
3681 3222 3789 3291 χεῖρὰ

2296 3339 2394 3391 μου
2423 3322 2557 3391 πρὸς
2584 3321 2674 3372 τὸν
2702 3320 2831 3372 Θεὸν
2862 3320 2951 3372 τὸν
2985 3319 3223 3389 ὕψιστον,
3252 3320 3313 3381 ὃς
3347 3319 3524 3371 ἔκτισε
3566 3318 3644 3369 τὸν
3672 3318 3787 3383 ούρα-

2292 3414 2379 3465 νὸν
2409 3413 2500 3464 καὶ
2516 3412 2611 3482 τὴν
2641 3412 2761 3482 γῆν.
2806 3431 2823 3461 ι
2864 3413 2971 3463 Καὶ
3005 3413 3109 3482 πρό
3130 3428 3192 3479 γε
3222 3409 3321 3463 τοῦ
3363 3409 3602 3481 Ἀϐραὰμ
3634 3406 3790 3472 εἰσάγε-

2290 3522 2379 3557 ται
2412 3507 2438 3557 6
2470 3503 2791 3573 Μελχισεδὲκ
2829 3505 3006 3575 ἱερεὺς
3037 3503 3129 3556 τοῦ
3160 3502 3295 3555 Θεοῦ
3326 3503 3422 3555 τοῦ
3472 3502 3667 3571 ὑψίστου
3687 3542 3698 3560 ,
3729 3498 3788 3549 τὸν

2304 3596 2550 3666 Ἀϐραὰμ
2582 3597 2814 3664 εὐλογῶν
2843 3596 3051 3659 τούτοις
3082 3598 3193 3658 τοῖς
3237 3596 3503 3665 ῥήμασιν’
3546 3612 3563 3645 ι
3610 3593 3787 3657 E6107:-

2295 3688 2449 3758 μένος
2493 3686 2739 3759 Ἀϐραὰμ
2761 3688 2835 3758 τῷ
2854 3686 2971 3757 Θεῷ
2992 3686 3067 3756 τῷ
3095 3686 3324 3757 ὑψίστῳ,
3350 3685 3409 3750 6;
3438 3684 3686 3755 παρέδωκε
3702 3683 3788 3741 τοὺς

2290 3778 2514 3849 ἐχθρούς
2548 3797 2639 3832 σου
2666 3780 3005 3849 ὑποχειρίους
3038 3795 3150 3830 σοι·
3185 3778 3279 3831 καὶ
3314 3777 3594 3849 εὐλογητὸς
3621 3777 3645 3828 6
3680 3773 3785 3833 826;.

2288 3871 2346 3933 ὃς
2372 3870 2550 3924 ἔκτισε
2576 3873 2668 3923 τὸν
2692 3870 2919 3941 οὐρανὸν
2946 3870 3037 3922 καὶ⁵
3062 3870 3160 3941 τὴν
3190 3871 3316 3939 γῆν.
3355 3890 3373 3923 ι
3412 3873 3527 3924 Ἔτι
3554 3869 3669 3940 πρὸς
3704 3865 3786 3917 τού-

2288 3978 2399 4026 τοις
2430 3964 2457 4014 ὁ
2487 3962 2639 4029 λόγος
2666 3962 2754 4015 τὸν
2795 3962 3041 4032 Ἀϐραὰμ
3084 3963 3293 4031 είσάγει
3324 3962 3403 4033 τῷ
3453 3963 3621 4032 οἰκείῳ
3661 3955 3784 4011 τοιάδε

2290 4053 2805 4123 προσδιαλεγόμενον
2832 4070 2845 4083 ο
2880 4072 2897 4105 ι
2936 4053 3038 4117 Θὲς
3070 4054 3165 4125 τὴν
3198 4056 3357 4126 χεῖρά
3387 4072 3477 4107 σου
3509 4055 3603 4107 ὑπὸ
3630 4052 3697 4104 τὸν
3716 4066 3786 4117 tu;

2292 4146 2380 4215 ρόν
2409 4164 2529 4217 μου,
2559 4146 2650 4198 καὶ
2679 4145 2905 4216 ἐξορκιῶ
2940 4163 2998 4198 σε
3034 4146 3236 4219 Κύριον
3268 4146 3360 4199 τὸν
3387 4145 3515 4199 Θεὸν
3555 4142 3638 4198 τοῦ
3671 4141 3787 4209 οὐρι-

2290 4234 2382 4305 νοῦ
2407 4278 2420 4299 ,
2476 4237 2565 4290 καὶ
2590 4237 2679 4289 τὸν
2705 4236 2834 4288 Θεὸν
2854 4237 2948 4307 τῆς
2968 4235 3089 4306 γῆς.
3116 4256 3133 4288 ι
3168 4238 3275 4289 Καὶ
3306 4236 3539 4305 ἐπιλέγει
3566 4252 3573 4263 '
3596 4251 3612 4283 ι
3638 4230 3785 4296 Κύριος

2285 4330 2313 4381 6
2337 4328 2467 4391 Θεὸς
2488 4326 2580 4379 τοῦ
2609 4327 2834 4398 ούρανοῦ
2854 4369 2870 4394 ,
2910 4329 3002 4380 καὶ
3029 4330 3057 4380 6
3087 4327 3218 4390 Θεὸς
3240 4330 3339 4398 τῆς
3365 4330 3486 4398 γῆς,
3519 4326 3569 4387 6;
3594 4320 3718 4375 έλσὸἐ
3739 4334 3783 4387 με

2285 4422 2349 4473 ὲκ
2392 4418 2485 4472 τοῦ
2517 4418 2665 4473 οἴκου
2704 4418 2797 4472 τοῦ
2850 4421 3053 4489 πατρός
3090 4436 3222 4489 μου,
3257 4419 3351 4472 καὶ
3379 4422 3443 4472 ὲκ
3473 4419 3562 4487 τῆς
3597 4416 3705 4483 γῆς,
3738 4406 3783 4478 ἧς

613 4521 813 4567 terram
836 4513 902 4565 ⁵³.
938 4532 955 4562 ι
990 4510 1161 4566 Porro
1194 4512 1442 4566 eumdem
1490 4510 1858 4566 Abrahamum
1910 4514 2081 4568 sacris
2130 4514 2181 4567 in

2294 4510 2602 4581 ἐγεννήθην.
2658 4530 2677 4563 ι
2726 4510 2847 4562 Ἐπ)⁴
2896 4513 3029 4564 πᾶσι
3064 4510 3271 4573 τούτοις
3318 4511 3377 4562 ὲν
3405 4513 3471 4581 τῇ
3512 4508 3632 4579 πρὸς
3669 4501 3782 4556 αὑτὸν

613 4605 809 4661 litteris
838 4605 1122 4671 habemus,
1152 4620 1274 4659 cum
1309 4619 1419 4657 uno
1448 4619 1477 4659 e
1506 4605 1679 4660 servis
1703 4605 1805 4660 hoc
1831 4607 1995 4660 modo
2018 4605 2183 4660 collo-

610 4705 865 4766 quentent
893 4714 906 4748 :
931 4714 947 4745 ι
976 4695 1121 4749 Pone
1146 4712 1363 4749 manum
1388 4705 1535 4750 tuam
1561 4697 1747 4751 subter
1776 4695 1951 4750 femur
1978 4714 2178 4765 meum,

610 4798 665 4842 et
697 4787 964 4854 adjurabo
1013 4796 1065 4840 te
1114 4802 1208 4855 per
1236 4787 1526 4841 Dominum
1558 4786 1724 4841 Deum
1756 4788 1901 4852 coeli,
1929 4796 1983 4843 et
2009 4787 2175 4846 Deum

608 4876 851 4932 terrae“.
888 4896 907 4929 ι
943 4876 1009 4930 Et
1034 4878 1191 4946 paulo
1223 4888 1341 4948 post
1377 4896 1389 4930 :
1431 4897 1449 4928 r
1481 4878 1743 4933 Dominus
1775 4878 1916 4936 Deus
1956 4881 2098 4947 caeli,
2127 4892 2180 4938 et

608 4978 783 5033 terrae,
814 4969 905 5039 qui
959 4970 1165 5038 accepit
1218 4985 1304 5027 me
1348 4972 1414 5026 de
1464 4972 1628 5026 domo
1676 4973 1845 5042 patris
1876 4974 2002 5038 mei,
2030 4976 2173 5031 etde

604 5068 768 5124 terra,
802 5060 855 5114 in
888 5076 994 5130 qua
1018 5071 1174 5116 natus
1213 5062 1420 5118 sum".
1456 5082 1474 5113 ι
1511 5062 1719 5129 Quibus
1755 5065 2010 5120 omnibus
2040 5065 2171 5121 illud

603 5152 767 5206 etiam
818 5154 1038 5224 adjungi
1092 5163 1285 5224 potest,
1315 5156 1457 5225 quod
1484 5171 1549 5211 ex
1581 5155 1710 5223 Deo,
1743 5158 1835 5227 qui
1866 5159 1969 5213 sibi
2003 5175 2170 5229 appa-

603 5254 806 5307 ruerat,
845 5244 1056 5316 Moyses
1085 5246 1309 5301 audivit.
1343 5246 1617 5314 Quasrenti
1646 5250 1787 5303 enim
1824 5250 1949 5319 ipsi,
1985 5266 2171 5320 quem-

602 5338 891 5393 admodum
938 5348 1082 5395 esset
1126 5339 1193 5395 de
1239 5338 1348 5394 Deo
1380 5340 1744 5404 sentiendum,
1779 5343 2060 5397 oraculum
2094 5343 2167 5397 ita

602 5430 878 5496 respondit
907 5448 920 5484 :
958 5449 976 5481 ε
1008 5429 1120 5500 Ego
1149 5446 1268 5485 sum
1317 5431 1409 5501 qui
1459 5446 1577 5486 sum
1607 5452 1617 5485 :
1654 5432 1732 5488 sic
1756 5431 1906 5487 dices
1931 5433 2053 5488 ﬁliis
2084 5432 2164 5488 ls-

600 5519 709 5572 rael
733 5519 860 5585 :Qui
885 5531 986 5586 est,
1020 5523 1167 5578 misit
1204 5539 1288 5579 me
1337 5524 1403 5579 ad
1454 5540 1552 5579 vos
1570 5524 1637 5576 θ’.
1671 5545 1689 5576 ι
1730 5524 1807 5580 Ac
1837 5526 1903 5581 de
1935 5525 2164 5581 infinitis

602 5623 771 5677 pauca
806 5610 907 5665 ista
935 5611 1281 5669 Hebrazorum
1302 5631 1368 5670 ex
1390 5616 1659 5687 theologia
1683 5619 1846 5687 petita
1870 5619 2160 5675 sufﬁciant.

670 5722 717 5797 '_’
746 5721 853 5797 Jer.
885 5742 1035 5788 χχιιι,
1071 5728 1136 5792 4;
1169 5727 1271 5783 lsa.
1303 5747 1387 5794 χι,
1421 5732 1503 5784 l2.
1614 5732 1659 5761 ⁵³
1691 5732 1790 5787 lsa.
1818 5751 1905 5797 χι,
1938 5734 2025 5796 9.2,
2057 5734 2145 5788 9.6.

603 5790 645 5821 ’⁷
684 5790 826 5849 Psal.
877 5790 1134 5861 εχχχνιιι,
1164 5799 1214 5851 7.
1292 5801 1335 5830 ⁵⁸
1368 5790 1499 5855 Cen.
1538 5817 1644 5871 inv,
1682 5803 1768 5855 222.
1846 5790 2048 5859 "ibid.
2088 5806 2169 5867 1‘),

2260 5736 2305 5763 ⁵³
2342 5734 2444 5788 lsa.
2478 5751 2606 5797 χι.ιι,

2249 5808 2291 5837 ⁶⁰
2317 5805 2449 5859 Gen.
2476 5821 2621 5869 xxiv,
2660 5806 2709 5860 5.

2281 4601 2517 4657 Μωῦσέα
2550 4601 2856 4673 θεοφανείᾳ,
2890 4602 3175 4673 πυθομένῳ
3203 4602 3280 4673 τῷ
3313 4603 3516 4671 Μωῡσῇ
3539 4640 3551 4663 ,
3586 4596 3685 4650 τίνα
3707 4591 3780 4661 χρὴ

2278 4697 2368 4751 τὸν
2401 4696 2531 4749 Θεὸν
2563 4696 2831 4767 ήγεῖσθαι,
2869 4696 3032 4766 φησιν
3064 4698 3092 4749 6
3113 4699 3358 4768 χρησμός
3379 4713 3392 4726 ·
3432 4715 3450 4747 ‹
3503 4692 3627 4761 Ἐγὼ
3648 4692 3733 4757 εἰμι
3761 4684 3779 4735 ὁ

2277 4788 2380 4843 ὤν’
2406 4789 2575 4853 οὕτως
2607 4792 2751 4861 ἐρεῖς
2772 4792 2881 4853 τοῖς
2910 4790 3048 4853 υἱοῖς
3084 4788 3330 4861 Ἰσραήλ’
3368 4790 3424 4842 '0
3441 4787 3511 4841 ὣν
3539 4775 3778 4839 ἀπέσταλκέ

2280 4900 2346 4952 με
2372 4882 2505 4954 πρὸς
2534 4884 2695 4954 ὑμᾶς.
2723 4902 2741 4932 ι
2770 4881 2955 4935 Ταῦτα
2974 4882 3071 4953 μὲν
3088 4879 3180 4936 οὖν
3208 4884 3314 4936 ὰπὸ
3340 4883 3541 4954 μυρίων
3571 4880 3688 4931 ὅσων
3711 4872 3777 4940 τῆς

2285 4974 2551 5045 Ἐϐραίων
2574 4974 2851 5043 θεολογίας
2876 4974 3161 5029 ἐκκείσθω.
3185 4973 3309 5047 'Ap‘
3338 4971 3431 5028 οὖν
3458 4972 3595 5038 ἄξιον
3620 4972 3667 5022 ὲν
3684 4979 3776 5030 συγ·

2275 5066 2452 5138 κρίσει
2485 5067 2850 5137 παραϐάλλειν
2880 5068 3076 5131 αὐτοὺς
3107 5067 3205 5131 τὰς
3228 5067 3333 5120 τῶν
3360 5067 3534 5137 σοφῶν
3575 5061 3776 5127 Ἑλλήνων

2276 5160 2569 5229 θεολογίας,
2601 5161 2709 5213 τῶν
2744 5162 2838 5230 μὲν
2865 5161 2985 5231 μηδ’
3004 5161 3139 5223 ὅλως
3168 5157 3303 5213 εἶναι
3334 5160 3463 5213 Θεὸν
3492 5147 3773 5224 ἀποφηναμέ-

2277 5267 2400 5313 νων,
2419 5250 2525 5302 τῶν
2551 5250 2605 5302 δὲ
2637 5250 2761 5313 τοὺς
2793 5250 3024 5321 ἀστέρας
3052 5251 3190 5302 εἶναι
3216 5251 3523 5318 φασκόντων
3543 5290 3557 5313 ,
3595 5242 3672 5305 οὓς
3709 5235 3773 5288 παὶ

2277 5342 2508 5413 μύδρους
2528 5344 2814 5412 τυγχάνειν
2840 5342 3155 5414 διαπύρους,
3177 5344 3319 5414 ἥλων
3347 5345 3439 5396 καὶ
3484 5338 3694 5392 πετάλων
3717 5330 3772 5381 δί-

2274 5452 2374 5506 κην
2401 5436 2787 5506 ἐμπεπηγότας
2824 5436 2901 5507 τῷ
2926 5436 3138 5507 οὐρανῷ
3160 5454 3173 5466 ·
3201 5436 3306 5489 τῶν
3334 5436 3389 5487 δὲ
3427 5434 3532 5504 πῦρ
3563 5426 3675 5483 εἶναι
3709 5437 3770 5472 τε·

2272 5529 2451 5601 χνικὸν
2483 5528 2586 5599 ὀδῷ
2618 5528 2861 5599 βαδίζον
2897 5530 2986 5582 καὶ
3018 5530 3124 5582 τῶν
3183 5529 3279 5597 μὲν
3314 5528 3385 5598 μὴ
3436 5523 3639 5596 προνοίᾳ
3671 5510 3767 5568 Θεοῦ

2268 5621 2583 5674 διοικεῖσθαι
2605 5621 2694 5675 τὸν
2729 5622 2951 5689 κόσμον,
2985 5620 3143 5689 φύσει
3176 5620 3229 5672 δέ
3250 5637 3349 5671 τινι
3381 5618 3575 5686 ἀλόγῳ·
3606 5609 3689 5663 τῶν
3713 5604 3765 5659 δὲ.

2794 5737 2839 5765 ⁵³
2866 5736 2965 5788 lsa.
3002 5750 3141 5801 .\jt.tv,
3182 5734 3269 5786 2i.
3383 5734 3427 5763 ⁸⁸
3474 5730 3571 5783 Jer.
3605 5743 3645 5787 χ,
3700 5720 3763 5772 Ηι

2788 5806 2828 5836 ⁶¹
2857 5805 2985 5861 ibid.
3022 5804 3069 5858 7.
3149 5806 3190 5835 δ’
3216 5803 3389 5871 Exod.
3423 5818 3498 5869 ιιι,
3528 5801 3595 5853 Η.
