1932 3193
57 180 101 210 δη
564 180 724 208 PR-AEPAR’.
745 179 789 208 EV

841 181 870 208 ὓ.
891 179 954 207 LIB.
976 180 1026 208 Ὴῐ
1568 182 1627 210 552‘

55 246 79 273 τὰ
90 244 127 280 μὲν
144 241 242 277 οὐράνια
265 241 329 277 μόνα
352 241 403 268 ὑπὸ
415 241 483 268 Θεοῦ
499 242 674 274 διοικεῖσθαι,
690 241 721 268 οὐ
738 241 790 277 μὴν

842 240 1028 276 Quisquamne
1051 250 1116 270 vero
1143 251 1205 271 cum
1230 243 1283 272 illis
1306 244 1428 279 egregias
1452 243 1635 292 eruditorumii

55 291 87 317 ul
97 290 122 316 fi
133 288 170 314 ἐπὶ
180 289 224 323 γῆς
233 296 239 302 ·
255 288 299 314 καὶ
313 286 402 318 πάλιν,
413 287 561 323 ἀγέννητον
585 285 654 314 εἶναι
674 287 720 313 τόν
742 287 789 313 κό-

55 345 109 371 εμον,
122 334 160 361 καὶ
173 334 228 369 μήθ’
238 333 303 364 ὃλως
315 333 366 359 ὑπὸ
380 333 446 359 Θεοῦ
461 333 602 367 γενέσθαι,
629 333 796 369 αὐτομάτως-

54 383 72 408 e
82 383 114 407 καὶ
126 380 270 414 συντυχικῶς
286 380 432 414 ὑφεστάναι
444 389 449 395 ·
462 380 516 406 τῶν
531 380 568 412 δὲ,
583 380 612 412 ἐξ
626 380 733 415 ἀτόμων
743 379 790 406 καὶ

54 427 128 454 λεπτῶν
139 426 256 461 σωμάτων
270 425 380 460 ἀψύχων
389 425 479 456 τινῶν,
494 425 539 452 καὶ
562 425 664 459 ἀλόγων
678 425 726 460 τὴν
741 423 795 451 τοῦ»

54 473 123 505 mini;
134 472 245 498 σύστασιν
254 472 402 506 γεγονέναι.
421 471 500 497 Ἀλλὰ
509 472 543 498 τὰ
557 471 605 506 μὲν
616 472 646 497 ἐκ
656 471 709 497 τῶν
722 470 786 506 παρ’

56 518 154 554 Ἑῆραὶοις
167 518 254 552 λογίων
266 518 329 552 περὶ
343 517 391 543 τοῦ
408 518 462 543 τῶν
473 518 540 544 ὅλων
551 517 618 544 Θεοῦ
631 517 668 549 ὡς
683 519 711 544 ὲν
723 517 787 553 βρα-

52 564 200 600 χέσιτοιαῦτιν
217 564 328 590 συνιδεῖν
341 564 368 590 δὲ
379 563 473 589 ἕπεται
487 564 532 590 καὶ
545 564 579 590 τὰ
591 563 658 599 μετὰ
676 563 720 589 τὸν
733 563 786 590 τῶν

52 612 96 637 am
110 610 161 636 Θεὸν
180 610 239 645 περὶ
257 610 306 645 τῆς
326 609 380 636 τῶν
395 609 531 645 γεννητῶν
545 609 631 645 ἀρχῆς
653 609 787 644 Ἐὗραίοις

51 658 172 691 metior:qu
177 657 247 691 μένα.

841 287 995 315 Grmcorum
1014 288 1046 316 de
1061 288 1114 316 Deo
1128 289 1328 325 disputationes
1340 290 1518 318 conferendas
1529 291 1630 327 putetif

840 340 956 368 quorum
974 334 1019 360 alii
1044 334 1211 363 divinitatem
1231 335 1352 364 funditus
1376 344 1484 364 omnem
1506 332 1630 364 sustule-l

839 382 920 411 runt;
940 379 985 405 alii
1001 379 1087 407 stellis
1100 381 1222 408 eamdem
1245 381 1410 414 tribuerunt,
1431 389 1499 416 quas
1514 382 1565 416 ipsi
1583 387 1624 409 ta-

839 432 900 452 men
921 425 1015 460 globos
1041 427 1172 461 quosdam
1189 427 1281 462 igneos
1294 432 1320 454 et
1336 428 1483 455 candentes
1499 435 1559 455 esse
1576 435 1624 455 vo-

839 470 939 501 lebant.
959 471 1041 506 320
1065 472 1091 498 in
1116 472 1185 499 ccelo
1201 473 1339 501 clavorum
1358 478 1404 500 aut
1420 474 1582 501 laminarum
1595 474 1623 501 in

840 524 943 544 morem
957 518 1009 545 alte
1026 518 1187 553 penitusque
1199 518 1302 546 deﬁxos
1317 528 1325 545 :
1342 519 1387 546 alii
1408 519 1524 554 denique
1538 519 1625 546 artiﬁ-

839 561 944 589 ciosum
968 562 1068 597 ignem,
1082 568 1110 590 et
1133 568 1206 591 certo
1227 564 1346 598 quodam
1364 565 1459 592 ordine
1472 573 1533 592 sese
1548 572 1626 592 com-

838 612 990 635 moventem
1012 608 1059 636 Dei
1082 609 1142 637 loco
1157 613 1320 639 statuerunt.
1336 611 1388 638 Alii
1404 615 1532 646 praeterea
1549 611 1629 638 nullo

839 654 886 682 Dei
915 655 1032 683 consilio
1058 656 1189 684 mundum
1219 658 1376 692 gubernari,
1402 658 1448 686 sed
1477 658 1629 685 temerario

50 703 130 735 quodam
151 706 246 729 naturae
266 702 366 737 impetu
390 702 453 730 ferri
484 701 639 729 docebant:
657 700 713 730 alii.
742 707 803 727 cum
824 699 850 726 in
884 700 1040 729 coelestibus
1059 703 1141 730 modo
1157 703 1239 730 rebus
1259 703 1357 731 divinae
1381 703 1558 731 Pr0videntim
1573 704 1629 731 du-

49 757 97 776 ctum
108 755 272 784 agnoscerem,
299 749 470 776 terrestribus
490 755 598 774 omnem
624 746 787 773 adimebant.
808 744 924 779 Rursus,
940 751 1001 775 ortu
1026 748 1147 776 caruisse
1172 749 1303 776 mundum
1329 749 1369 776 vel
1388 757 1402 776 a
1416 749 1471 776 Deo
1484 750 1624 777 conditum

49 802 89 821 eum
105 794 172 821 fuisse
192 795 322 829 negabant
338 805 344 821 :
361 802 424 821 cum
456 794 500 820 alii
530 801 579 821 sua
605 796 699 827 sponte
713 797 740 819 et
753 799 819 818 casu
838 793 955 826 quodam
979 794 1116 822 exstitisse
1142 795 1219 822 illum
1243 800 1269 822 et
1285 795 1418 823 coaluisse
1439 796 1552 828 vellent;
1577 792 1628 822 alii.

49 847 91 865 vero
103 847 127 865 ex
154 840 294 867 individuis
312 840 486 874 quibusdam,
503 838 724 871 tenuissimisque
739 838 918 871 corpusculis,
939 838 1090 874 iisdemque
1120 840 1210 867 anima
1232 840 1312 867 simul
1343 845 1370 867 et
1394 841 1496 867 ratione
1526 849 1623 868 caren—

49 885 102 917 tibus,
116 885 217 912 universi
238 886 336 912 molem
363 885 504 912 conflatam
525 891 584 911 esse
611 882 796 910 defenderent.
825 882 858 909 At
883 883 915 910 de
942 891 1039 911 rerum-
1058 886 1185 912 omnium.
1208 890 1373 920 praepotente
1408 887 1480 920 Deo,
1517 887 1573 914 haec
1606 896 1622 916 a

49 933 101 959 nobis
112 941 137 959 ex
150 932 317 959 Hebraeorum
334 932 452 959 oraculis
466 932 593 963 delibata,
605 930 686 957 modo
702 929 778 956 satis.
798 928 973 965 Consequens
1000 932 1127 967 deinceps
1151 933 1213 966 erit,
1239 938 1268 961 ut
1292 934 1531 969 quemadmodum,
1547 934 1623 963 orbis

48 979 126 1012 [inside
137 980 282 1011 constituto,
300 980 334 1007 de
351 987 441 1006 rerum
459 980 497 1006 illi
511 983 662 1006 creatarum
681 977 814 1012 principio
827 977 1009 1014 philosophati
1023 980 1086 1013 sint,
1104 981 1256 1009 videamus.

256 1027 408 1052 ΚΕΦΑΛΑῙ
414 1027 459 1053 ΟΝ
477 1025 526 1052 lB'.
802 1026 824 1054 B

88 1082 140 1116 Περὶ
155 1083 203 1117 τῆς
219 1083 270 1109 τοῦ
285 1083 426 1117 δευτέρου
444 1083 540 1110 αἰτίου
556 1082 720 1117 θεολογίας.

69 1139 133 1173 Θαλῆς
147 1140 189 1174 μὲν
198 1141 211 1166 ὁ
222 1140 355 1175 Μιλήσιος
369 1140 455 1176 ἀρχὴν
464 1140 516 1167 τῶν
533 1141 659 1167 ἁπάντων
672 1141 701 1166 τὸ
717 1140 793 1175 ὕδωρ

48 1183 92 1211 εἶναι
109 1186 265 1221 ἀπεφήνατο,
286 1186 463 1221 Ἀναξιμένης
484 1187 514 1213 δὲ
532 1187 577 1213 τὸν
598 1187 665 1222 ἀέρα
677 1207 684 1218 ,
707 1186 789 1222 Ἡρά-

48 1231 118 1262 ιὶειτος
125 1232 149 1257 τὺ
159 1231 218 1267 πῦρ,
228 1232 389 1267 Πυθαγόρας
404 1232 548 1268 ἀριθμοὺς.
562 1232 719 1268 Ἐπίκουρος
730 1232 789 1268 ἃμα

47 1277 165 1311 Δημοκρίτῳ
177 1277 286 1312 σώματα
300 1279 399 1313 ἄτομα,
423 1277 606 1313 Ἐμπεδοκλῆς
622 1278 656 1303 τὰ
668 1278 788 1313 τέσσαρα

48 1324 138 1356 παχεῖα.
157 1323 265 1358 Ἴδωμεν
280 1323 426 1359 τοιγαροῦν
442 1324 490 1350 καὶ
506 1323 540 1350 τὰ
564 1324 629 1359 παρ’
653 1323 788 1359 Ἑϐραίοις

47 1365 104 1400 λέγει.
118 1368 183 1394 Μετὰ
195 1368 241 1404 τὴν
255 1369 374 1404 ἄναρχον
389 1370 435 1399 καὶ
448 1370 578 1404 ἀγένητον
594 1369 643 1396 τοῦ
656 1369 721 1396 Θεοῦ
735 1364 802 1400 τῶνα

46 1411 91 1438 ὅλων
101 1413 186 1445 οὐσίαν,
199 1415 313 1449 ἄμικτον
328 1412 409 1440 οὖσαν
421 1415 468 1441 καὶ
485 1415 613 1441 ἐπέκεινα
638 1415 727 1450 πάσης
740 1421 803 1451 δια-ί

46 1457 156 1492 τιλήψεως,
169 1459 293 1495 δευτέραν
314 1459 408 1487 οὐσίαν
429 1460 484 1496 (74)
506 1461 552 1487 καὶ
573 1459 646 1486 θείαν
664 1453 803 1496 δύναμιν,ξ

45 1504 103 1539 ἀρχὴν
115 1506 160 1532 τῶν
171 1507 288 1542 γενητῶν
305 1507 444 1539 ἁπάντων,
457 1506 568 1542 πρώτην
579 1515 607 1533 τε
619 1507 787 1538 ὑποστᾶσαν,
800 1502 803 1522 ί

45 1551 120 1577 κάκτοό
131 1553 226 1589 πρώτου
241 1554 331 1580 αίτίου
341 1553 524 1588 γεγενημένην
534 1553 683 1588 εἰσάγουσι,
692 1553 787 1587 Λόγον,
803 1569 806 1593 ξ

45 1598 74 1623 ni.
87 1599 174 1632 Sapit“,
188 1601 233 1627 καὶ
247 1600 317 1627 Θεοῦ
342 1600 457 1635 δύναμιν
476 1600 559 1635 αὐτὴν
576 1600 790 1635 προσαγορεύον-

45 1650 81 1674 ιτς.
93 1644 160 1670 Τοῦτο
168 1645 194 1671 δὲ
206 1646 315 1681 πρῶτος
334 1646 453 1672 διδάσκει
474 1646 559 1680 λέγων
587 1645 662 1671 Ἰώϐ-
684 1655 693 1671 t
717 1645 748 1671 'H
761 1645 789 1671 δὲ

1135 1027 1249 1055 CAPUT
1268 1027 1325 1056 Xll.

911 1082 1082 1113 Hebrworum
1094 1083 1125 1111 de
1140 1086 1252 1112 secundo
1267 1085 1397 1120 principio
1413 1085 1550 1121 theologia.

874 1141 974 1169 Thales
988 1142 1097 1177 quidem
1114 1143 1158 1170 ille
1170 1143 1302 1176 Milesius,
1321 1152 1411 1171 rerum
1431 1144 1621 1172 universarum

838 1187 1001 1222 principium
1018 1195 1117 1222 aquam
1137 1196 1198 1216 esse
1216 1188 1386 1222 defendebat,
1403 1197 1492 1216 aerem
1520 1190 1623 1217 Anaxi-

838 1241 941 1266 menes,
971 1233 1123 1262 Heraclitus
1148 1235 1254 1270 ignem,
1286 1243 1415 1263 numeros
1443 1235 1620 1272 Pythagoras,

838 1278 972 1314 Epicurus
999 1288 1060 1307 cum
1087 1280 1242 1308 Democrito
1259 1281 1420 1316 corpuscula
1438 1283 1561 1316 quaedam
1579 1283 1621 1309 in-

838 1324 958 1358 dividua,
974 1325 1149 1360 Empedocles
1165 1331 1282 1362 quatuor
1296 1327 1440 1356 elementa.
1455 1327 1511 1355 Nos
1524 1329 1573 1356 hac
1589 1329 1623 1356 de

838 1378 867 1397 re
884 1370 1057 1398 Hebraeorum
1071 1379 1180 1407 quoque
1200 1372 1304 1400 litteras
1317 1374 1504 1401 consulamus.
1527 1373 1566 1400 llli
1583 1382 1623 1401 er-

838 1424 883 1451 go,
899 1418 1050 1445 secundum
1067 1418 1214 1453 principem
1228 1419 1312 1451 illam,
1332 1424 1358 1447 et
1383 1420 1518 1455 principio
1541 1421 1623 1449 simul

838 1468 955 1498 ortuque
976 1469 1112 1492 carentem
1136 1465 1308 1499 praepotentis
1326 1465 1373 1492 Dei
1398 1469 1534 1498 naturam,
1551 1474 1623 1501 quat—

838 1514 891 1541 que
906 1511 936 1534 ut
947 1508 981 1534 ab
994 1508 1066 1535 omni
1085 1509 1260 1543 permistione
1277 1509 1400 1545 sejuncta
1424 1515 1477 1543 est,
1495 1511 1535 1538 si:
1547 1511 1620 1538 omni

839 1553 1083 1587 comprehensione
1112 1554 1210 1588 major,
1233 1560 1358 1582 naturam
1385 1556 1498 1583 alteram
1522 1557 1624 1584 consti-

838 1602 928 1630 tuunt,
943 1599 1052 1634 vimque
1073 1600 1204 1630 divinam.
1218 1608 1279 1635 quae
1295 1608 1356 1628 cum
1376 1609 1471 1629 eorum
1487 1602 1621 1636 omnium,

839 1652 899 1678 qure
924 1645 1080 1679 gignuntur,
1097 1645 1259 1680 principium
1286 1647 1330 1678 sit.
1347 1651 1402 1674 tum
1428 1652 1491 1675 ante
1511 1653 1624 1676 czeteras

46 1689 101 1721 σῦξία
111 1691 179 1717 πόθεν
192 1692 309 1727 εὑρέθη;
327 1692 402 1723 ποῖος
416 1691 444 1717 δὲ
465 1692 546 1723 τόπος
562 1691 635 1717 ἐστὶν
660 1690 709 1725 τῆς
728 1691 788 1716 ἐπι-

841 1697 935 1717 omnes
952 1691 1094 1722 exstiterit.
1114 1692 1147 1718 ab
1164 1691 1313 1727 eodemque
1328 1693 1416 1727 primo
1434 1694 1567 1728 principio
1579 1702 1626 1729 ge.

46 1735 198 1770 στήμης;οὑκ
209 1735 262 1763 οἶδε
278 1736 375 1772 βροτὸς
390 1736 447 1762 ὁδὸν
467 1736 565 1771 αὐτῆς,
589 1736 650 1762 οὐδὲ
672 1736 724 1771 μὴν
744 1735 787 1761 εὐ-

46 1779 91 1815 ρέθη
106 1782 129 1807 ὲν
149 1782 295 1818 ἀνθρώποις
310 1790 318 1798 ’
330 1782 486 1817 ἀκηκόαμεν
505 1782 532 1808 δὲ
547 1782 631 1817 αὐτῆς
655 1782 685 1808 τὸ
700 1781 787 1814 κλέος.

48 1824 66 1850 '0
78 1826 156 1861 Κύριος
168 1828 329 1863 συνέστησεν
343 1828 427 1863 αὐτῆς
438 1828 485 1863 τὴν
499 1828 573 1860 ὁδὸν,
588 1828 669 1860 αὐτὸς
691 1827 719 1854 δὲ
734 1826 788 1854 οἶδε

44 1871 72 1897 τὸν
80 1873 144 1899 τόπον
151 1874 238 1909 αὐτῆς.
254 1884 263 1900 ι
279 1875 336 1901 Καὶ
349 1875 364 1900 ὁ
380 1874 461 1901 Δαϐὶδ
472 1874 500 1900 δέ
515 1883 566 1901 που
582 1875 610 1900 ὲν
621 1874 789 1910 ψαλμῳδίαις

44 1918 103 1954 ἑτέρῳ
121 1921 267 1955 προσειπὼν
283 1920 334 1956 τὴν
364 1921 457 1955 σοφίαν
476 1920 587 1956 ὀνόματί
604 1929 685 1956 φησι’
711 1930 721 1946 ί
744 1920 789 1955 Τῷ

45 1962 92 1999 λόγῳ
105 1966 192 2001 Κυρίου
215 1968 238 1994 oi
260 1967 373 2003 οὐρανοὶ
391 1966 612 2002 ἐστερεώθησαν,
639 1976 648 1992 ι
671 1966 716 1993 τὸν
735 1966 790 1993 τῶν

45 2008 137 2036 ὰπῶιτων
147 2011 337 2047 δημιουργικὸν
352 2013 436 2046 Λόγον
452 2012 518 2039 Θεοῦ
533 2011 626 2038 τοῦτον
637 2011 790 2046 ἐνευφημή-

45 2060 78 2085 σας
88 2054 230 2091 τὸντρόπον.
246 2057 284 2083 Οὐ
303 2057 356 2092 μὴν
369 2056 436 2083 ἀλλὰ
456 2057 502 2083 καὶ
516 2057 530 2083 ὁ
545 2056 639 2083 τούτου
659 2057 723 2087 παῖς
741 2056 789 2082 Σο-

44 2097 108 2133 ibat-iv
119 2102 159 2128 ὡδί
170 2111 205 2137 πη
219 2102 249 2134 ἐξ
264 2103 350 2138 αὐτῆς
366 2104 568 2138 προσωποποιεῖ
582 2102 630 2137 τῆς
643 2101 737 2136 σοφίας
748 2101 791 2128 λέ-

45 2151 96 2176 ἴων
111 2155 118 2171 ι
140 2147 204 2182 Ἐγὼ
217 2150 233 2184 ὴ
251 2148 333 2183 σοφία
343 2149 536 2184 κατεσκήνωσα
553 2147 648 2183 βουλὴν
665 2148 714 2174 καὶ
725 2147 791 2182 γνῶ-

46 2197 80 2220 σιν,
93 2193 129 2219 καὶ
143 2193 238 2222 ἔννοιαν
251 2194 309 2228 ἐγὼ
325 2194 543 2230 ὲπεκαλεσαμην.
570 2194 608 2219 Δι’
625 2193 691 2229 ἐμοῦ
715 2193 791 2228 βασι-

46 2234 83 2267 λεῖς
91 2237 252 2274 βασιλεύουσι,
267 2241 317 2267 καὶ
330 2242 354 2268 οἱ
365 2241 491 2267 δυνάσται
507 2240 640 2276 γράφουσι
656 2239 791 2266 δικαιοσύ-

47 2290 86 2315 νην.
97 2293 104 2309 ›
116 2286 162 2312 Καὶ
174 2286 251 2314 πάλιν
261 2296 268 2303 ’
285 2297 294 2312 ι
309 2286 409 2322 Κύριος
422 2287 511 2314 ἑκτισέ
527 2296 560 2322 με
567 2287 654 2322 ἀρχὴν
662 2286 729 2312 όδῶν
743 2286 791 2313 αὐ-

48 2328 78 2354 τώ
88 2331 118 2362 είς
127 2331 188 2366 ἔργα
202 2332 294 2359 αὑτοῦ.
310 2333 367 2367 Πρὸ
380 2332 427 2359 τοῦ
440 2332 537 2364 αἰῶνος
554 2332 718 2367 ἐθεμελίωσέ
736 2340 770 2367 με
780 2339 787 2346 ⁸

48 2374 66 2398 ὲν
74 2375 127 2411 ἀρχῇ
139 2378 186 2413 πρὸ
200 2379 246 2405 τοῦ
257 2379 308 2413 τὴν
319 2379 370 2414 γῆν
385 2378 506 2413 ποιῆσαι,
522 2378 575 2414 πρὸ
591 2378 636 2404 τοῦ
652 2377 700 2410 τὰς
714 2377 793 2404 ἀϐύσ-

48 2427 90 2451 σως
103 2424 221 2456 γενέσθαι,
236 2425 289 2461 πρὸ
301 2425 347 2451 τοῦ
364 2425 414 2460 ὅρη
428 2424 599 2460 ἑδρασθῆναι,
615 2424 668 2460 πρὸ
683 2424 711 2450 δὲ
724 2424 792 2451 πάν-

48 2467 175 2501 τωνβοννῶν
186 2472 266 2507 γεννᾷ
284 2480 328 2507 με.
350 2471 446 2498 Ἡνίκα
458 2471 588 2506 ἡτοίμαζε
602 2471 647 2497 τὸν
669 2471 791 2507 οὐρανὸν,

49 2517 195 2552 συμπαρήμην
214 2517 289 2552 αὐτῷ
300 2537 307 2549 ,
323 2518 371 2544 καὶ
387 2517 424 2549 ὼς
447 2517 576 2552 ἀσφαλεῖς
595 2516 678 2543 ἐτίθει
702 2516 792 2552 πηγὰς

49 2557 82 2591 τῆς
94 2566 104 2580 ι
119 2561 156 2588 ὑπ’
169 2564 290 2599 οὐρανὸν,
306 2564 379 2599 ήμην
394 2564 441 2590 σὺν
455 2563 529 2598 αὐτῷ
544 2563 793 2598 ἁρμόζουσα.,Ἑγὼ

51 2602 101 2639 ἥμην
137 2610 295 2645 προσέχαιρε
306 2609 365 2637 καθ’
373 2610 489 2646 ἡμέραν
498 2610 717 2646 ηὑφραινόμηνδὲ
726 2609 792 2636 ἰνώ-

51 2654 93 2675 πιιν
102 2651 168 2679 αὑτοῦ
183 2655 210 2680 ὲν
221 2655 303 2682 παντὶ
317 2655 405 2690 καιρῷ
416 2675 423 2687 ,
447 2655 491 2683 ὅτε
507 2655 671 2691 ηὐφραίνετο
692 2656 741 2692 τὴν
757 2657 796 2683 οι-

839 1735 895 1761 nita
914 1734 1004 1768 fuerit,
1019 1744 1101 1771 quam
1126 1737 1176 1771 ipsi
1205 1736 1337 1769 Verbum,
1366 1737 1543 1772 Sapientiam,
1566 1738 1625 1765 Dei-

839 1788 892 1814 que
905 1780 1032 1809 virtutem
1050 1782 1186 1815 appellare
1205 1782 1302 1809 solent.
1318 1783 1406 1817 Atque
1418 1783 1469 1810 hoc
1485 1783 1511 1810 in
1528 1783 1630 1817 primis,

838 1825 923 1853 Jobus
943 1826 1046 1860 docuit,
1060 1827 1124 1854 dum
1149 1827 1185 1855 ita
1208 1828 1316 1856 locutus
1332 1833 1395 1856 est:
1413 1839 1422 1855 Ι
1442 1828 1517 1857 Unde
1533 1835 1625 1857 autem

840 1872 973 1906 sapientia
990 1872 1098 1900 inventa
1113 1874 1174 1901 est?
1190 1879 1238 1901 aut
1252 1875 1313 1909 quis
1329 1875 1405 1903 locus
1427 1879 1468 1903 est
1486 1875 1627 1903 scientia?

839 1917 931 1946 Nescit
945 1919 1027 1946 homo
1040 1920 1112 1947 viam
1127 1921 1198 1955 ejus,
1213 1928 1301 1955 neque
1314 1920 1422 1948 inventa
1435 1925 1478 1948 est
1491 1921 1562 1948 inter
1574 1922 1625 1949 ho-

839 1965 928 1993 mines
947 1975 953 1993 :
974 1966 1127 1994 audivimus
1142 1972 1231 1994 autem
1251 1967 1364 2001 gloriam
1381 1967 1476 2001 ipsius.
1493 1966 1628 1996 Dominus

840 2013 1055 2040 constituitviam
1067 2014 1135 2048 ejus,
1146 2014 1202 2048 ipse
1210 2017 1299 2040 autem
1313 2014 1388 2040 novit
1400 2014 1490 2041 locum
1500 2015 1559 2049 ejus
1572 2014 1622 2042 ⁸³.»

840 2057 960 2093 Itemque
968 2058 1052 2086 David
1062 2058 1088 2085 in
1094 2058 1220 2092 Psalmis,
1229 2058 1300 2085 aliud
1308 2058 1371 2085 huic
1378 2058 1517 2093 sapientiae
1526 2066 1626 2086 nomen

840 2104 989 2132 attribuens
1004 2113 1011 2131 :
1028 2103 1148 2136 «Verbo,
1177 2104 1274 2139 inquit,
1302 2103 1408 2131 Domini
1431 2105 1493 2134 coeli
1527 2104 1626 2131 firmati

841 2154 905 2177 sunt
914 2149 947 2183 ⁶⁸;
962 2160 971 2175 ι
983 2150 1082 2185 quibus
1090 2149 1266 2185 ipseVerbum
1279 2150 1341 2178 illud
1351 2150 1472 2181 divinum
1481 2150 1561 2184 hujus
1569 2150 1627 2177 uui-

840 2194 912 2221 versi
939 2194 1092 2221 molitorem
1120 2195 1277 2222 celebravit.
1294 2195 1365 2228 Quin
1381 2195 1463 2222 etiam
1481 2195 1552 2223 filius
1565 2196 1625 2230 ejus

843 2240 991 2273 Salomon,
1014 2241 1136 2276 ejusdem
1165 2248 1197 2271 ex
1225 2241 1366 2276 sapientia:
1394 2249 1523 2276 persona,
1553 2241 1626 2268 hunc

842 2287 920 2322 32],
937 2288 963 2314 in
980 2287 1088 2314 modum
1113 2287 1253 2322 loquitur:
1283 2296 1292 2313 ι
1304 2287 1360 2322 Ego
1374 2287 1507 2322 sapientia
1531 2287 1624 2313 habito

844 2334 873 2361 in
890 2333 1005 2361 consilio
1017 2338 1043 2360 et
1055 2333 1180 2365 scientia,
1195 2338 1221 2360 et
1232 2333 1439 2368 intelligentiam
1456 2340 1506 2369 ego
1521 2332 1626 2359 vocavi.

846 2379 898 2407 Per
909 2387 953 2409 me
964 2387 1041 2414 reges
1055 2384 1182 2415 regnant,
1199 2385 1226 2407 et
1243 2384 1367 2414 potentes
1384 2380 1534 2408 decernunt
1543 2378 1627 2413 justi-

845 2426 911 2454 tiam
923 2426 956 2453 ".
972 2435 981 2452 ι
1005 2425 1038 2452 Εῑ
1051 2434 1157 2453 rursus.
1175 2435 1185 2451 «
1198 2425 1329 2453 Dominus
1344 2425 1445 2452 creavit
1466 2432 1508 2452 me
1521 2424 1628 2451 initium

846 2472 952 2499 viarum
976 2479 1087 2499 suarum
1106 2470 1140 2497 ad
1156 2478 1238 2505 opera
1259 2478 1319 2498 sua.
1339 2470 1408 2497 Ante
1425 2477 1511 2497 aevum
1527 2469 1627 2497 funda-

846 2518 884 2545 vit
908 2525 969 2545 me:
994 2517 1022 2547 In
1049 2517 1193 2552 principio,
1213 2521 1356 2551 antequam
1388 2521 1486 2543 terrain
1516 2515 1627 2547 faceret,

847 2567 991 2597 antequam
1002 2567 1094 2590 essent
1105 2562 1211 2597 abyssi:
1225 2566 1369 2596 antequam
1383 2566 1488 2589 montes
1500 2559 1545 2588 ﬁxi
1564 2566 1630 2586 crn—

847 2609 995 2637 stitissent:
1007 2614 1069 2638 ante
1082 2616 1177 2636 omnes
1188 2608 1271 2636 colles
1285 2607 1424 2642 generavit
1438 2613 1492 2632 me.
1513 2604 1629 2639 Quando

852 2656 1021 2690 praeparabat
1042 2654 1152 2686 malum,
1180 2653 1287 2682 aderam
1307 2652 1374 2687 ipsi:
1405 2651 1513 2688 quando
1535 2654 1628 2678 certos

76 2707 92 2722 “
103 2708 144 2738 Job
164 2720 253 2747 xxvm,
271 2714 316 2743 20.
354 2714 377 2730 “
390 2714 575 2748 Psalﬁxxxnt,
590 2715 616 2742 6.
653 2715 676 2731 “
690 2714 770 2744 Prov.
787 2723 845 2748 vm,
862 2716 906 2743 12.

76 2759 86 2773 ⁸
95 2757 129 2783 ίσ.
140 2758 194 2790 τάς.

58 2813 118 2856 ..(74)
135 2818 269 2856 ῥῇευτέραν
294 2818 421 2847 οὐσίαν(
442 2820 575 2848 Eusebius
595 2821 642 2856 hic
664 2822 791 2856 ἄντικρυς

62 2848 313 2890 Ᾱβειωνγὶςειλῆηιθιεί
337 2856 396 2890 ejus
421 2856 570 2883 orationem
594 2848 791 2890 Trapezuntius

846 2821 951 2848 deatur.
980 2819 1031 2847 Sed
1061 2824 1139 2846 notus
1162 2818 1229 2845 satis
1242 2816 1394 2849 Eusebius;
1420 2823 1453 2842 ac
1480 2815 1630 2850 przesertim

846 2860 909 2882 ante
933 2855 1069 2882 Niczenum
1094 2853 1238 2881 concilium
1253 2873 1260 2885 ,
1287 2856 1349 2880 ante
1371 2852 1444 2887 quod
1465 2851 1521 2878 haec
1543 2851 1576 2878 ab
1599 2857 1633 2878 eo

55 2887 223 2920 νπδληρίξεσθαι
236 2910 243 2923 ,
257 2896 285 2918 et
302 2887 423 2918 adhibito
437 2891 513 2926 quasi
527 2891 615 2919 studio
634 2887 736 2918 mollire
749 2892 789 2918 vi-

841 2891 944 2926 ‘scripta
960 2890 1044 2917 fuisse
1061 2897 1115 2917 non
1129 2889 1233 2916 dubito.

1666 2811 1672 2846 ί
