3864 6386
566 3190 571 3259 ι

566 3272 571 3283 t

566 3312 571 3323 I

566 3330 571 3371 ι

570 5662 769 5716 cum,
800 5652 848 5704 4.
926 5653 1147 5709 "Joan.
1179 5672 1215 5721 ι,
1246 5658 1294 5709 1.

625 299 727 357 543

1270 299 1538 391 ευδεηῐι
1576 292 2050 356 CJESARIENSIS
2085 298 2165 353 ΟΡ

2278 297 2458 355 PARS
2495 299 2557 355 11.
2598 332 2667 341 —
2704 290 3208 358 ΑΡοιοςΕτιοΑξ

3681 314 3754 373 ειι

621 424 860 497 ponebat
902 423 1105 491 fontes,
1142 423 1235 493 qui
1282 422 1385 477 sub
1431 423 1571 477 caelo
1595 430 1743 484 sunt,
1778 436 1925 476 eram
1959 436 2080 476 cum
2117 435 2165 475 et

2285 422 2556 494 κουμένην
2598 421 2941 483 συντελέσας.
2978 440 2997 474 ι
3029 420 3212 476 Ταῦτα
3258 422 3496 494 Σολομὼν
3526 424 3575 478 ἐν
3610 429 3755 499 Παροι-

620 527 819 572 cuncta
867 531 1224 586 componens.
1262 513 1375 583 Ego
1420 530 1608 578 eram,
1657 530 1763 584 qua
1816 514 2184 568 delectabatur

619 604 861 675 quotidie
885 624 897 660 :
932 605 1154 659 laetabar
1179 614 1358 658 autem
1382 618 1566 657 coram
1592 605 1711 672 ipso
1738 606 1887 657 omni
1919 614 2180 672 tempore,
2210 662 2213 663 ν

619 694 838 767 quando
865 695 1228 750 delectabatur
1242 695 1426 749 orbem
1445 703 1600 751 terra:
1625 697 1930 765 perticiens.
1959 697 2038 748 ⁸⁸»
2061 695 2184 751 Haec

622 788 881 843 Salomon
911 786 964 841 in
985 785 1313 842 Proverbiis.
1350 785 1483 852 Quae
1509 799 1825 858 sequuntur,
1844 806 1909 844 ex
1937 790 2181 857 ejusdem

619 903 837 959 quoque
868 902 1097 958 persona
1147 886 1477 943 referuntur.
1527 904 1546 937 ι
1576 883 1716 950 Quid
1776 882 1847 937 sit
1878 891 2058 936 autem
2092 896 2183 936 sa-

626 978 853 1048 pientia,
906 988 959 1033 et
985 978 1443 1048 quemadmodum
1489 976 1630 1030 facta
1676 976 1767 1040 sit,
1823 971 2075 1037 referam,
2130 979 2185 1027 et

620 1085 727 1124 non
764 1070 1093 1126 abscondam
1127 1086 1157 1126 a
1199 1071 1357 1126 vobis
1400 1076 1769 1131 sacramenta,
1806 1067 1899 1122 sed
1930 1066 1999 1119 ab
2027 1064 2182 1118 initio

619 1163 911 1217 nativitatis
950 1164 1283 1234 investigabo
1300 1163 1368 1215 ⁸⁷.
1397 1181 1415 1213 ι
1470 1160 1680 1228 Quibus
1721 1158 1913 1213 deinde
1950 1157 2181 1226 subjun-

619 1254 725 1324 git:
762 1274 781 1305 ‹
809 1254 904 1309 Est
931 1256 1073 1309 enim
1122 1256 1238 1310 haec
1265 1256 1489 1324 spiritus
1544 1253 1871 1322 intelligens,
1932 1261 2177 1313 sanctus,

616 1346 947 1416 unigenitus,
988 1347 1298 1417 multiplex,
1350 1345 1586 1406 subtilis.
1637 1345 1874 1409 mobilis,
1917 1344 2178 1407 disertus,

616 1435 1085 1507 incoinquinatus,
1138 1439 1503 1509 omnipotens,
1558 1438 1742 1492 omnia
1790 1446 2059 1507 spectans,
2115 1452 2180 1492 ac

612 1543 711 1598 per
762 1545 955 1585 omnes
986 1531 1287 1600 pervadens
1317 1531 1541 1599 spiritus
1569 1530 1951 1598 intelligentes,
1988 1544 2179 1599 puros,

614 1619 1023 1676 subtilissimas.
1088 1618 1356 1675 Omnibus
1398 1621 1546 1675 enim
1596 1619 1890 1673 mobilibus
1924 1618 2183 1673 mobilior

611 1721 696 1764 est
731 1711 1038 1778 Sapientia:
1087 1720 1329 1780 permeat
1372 1721 1550 1765 autem
1588 1725 1652 1766 ac
1690 1709 1934 1780 pervadit
1969 1709 2174 1775 omnia,

2289 512 2456 582 μίαις.
2488 515 2597 568 Καὶ
2619 515 2789 567 ταῦτα
2821 514 2877 567 δέ
2910 532 2984 587 πη
3017 515 3073 581 ἐξ
3111 512 3271 567 αὐτοῦ
3299 514 3495 582 λέγεται
3532 518 3610 570 τοῦ
3637 539 3758 593 προσ.

2283 602 2431 657 ώπου
2458 622 2471 635 ·
2506 624 2524 656 ε
2566 605 2630 657 Τί
2664 606 2719 659 δέ
2749 609 2896 660 ἐστιν
2925 607 3104 675 σοφία,
3141 608 3234 659 καὶ
3262 607 3374 671 πῶς
3399 608 3603 675 ἐγένετο,
3632 614 3761 683 ἀπαγ-

2284 696 2445 764 γελῶ,
2493 698 2585 750 καὶ
2638 696 2737 750 οὐκ
2787 698 3087 769 ἀτωκρύψω
3118 698 3246 769 ὑμῖν
3297 702 3562 771 μυστήρια,
3609 704 3759 772 me

2285 789 2459 859 ἀρχῆς
2514 789 2779 858 γενέσεως
2828 789 3141 859 ὲξιχνιάσω·
3200 809 3218 840 ι
3268 784 3347 849 οἷς
3397 791 3508 861 ἑξῆς
3547 793 3755 863 ἐπιλέγει·

2289 898 2308 932 ι
2332 882 2484 934 Ἐστι
2522 881 2630 953 γὰρ
2665 880 2799 953 αὕτη
2841 881 3054 953 πνεῦμα
3086 883 3287 955 νοερὸν,
3320 881 3482 951 ἅγιον,
3525 889 3765 955 μονογενὲς,

2284 973 2606 1045 πολυμερὲς,
2638 974 2852 1039 λεπτὸν,
2900 975 3215 1046 εὐκίνητον,
3254 975 3474 1047 τρανὸν,
3513 977 3759 1046 ἀμόλυντον,

2284 1063 2709 1135 παντοδύναμον,
2746 1066 3203 1130 παντεπίσκοπον,
3237 1065 3331 1118 καὶ
3373 1065 3456 1118 διὰ
3482 1068 3663 1121 πάντων
3688 1087 3761 1139 χω-

2285 1153 2410 1227 ροῦν
2437 1156 2778 1226 πνευμάτων,
2802 1174 2883 1209 νοε
2894 1156 3019 1228 ρῶν,
3055 1157 3330 1228 καθαρῶν,
3352 1156 3668 1212 λεπτοτάτων.
3688 1162 3763 1214 Πά-

2283 1264 2382 1317 σης
2405 1248 2511 1317 γὰρ
2543 1250 2807 1319 κινήσεως
2830 1249 3220 1321 κινητικωτέρα
3251 1251 3405 1319 σοφία
3424 1268 3436 1280 ·
3467 1250 3619 1321 διήκει
3642 1254 3684 1304 δὲ
3702 1255 3764 1306 nl

2280 1342 2448 1412 χωρεῖ
2468 1340 2554 1393 διὰ
2582 1342 2796 1394 πάντων
2822 1341 2907 1395 διὰ
2948 1342 3045 1413 τὴν
3077 1342 3436 1413 καθαρότητα.
3495 1344 3655 1413 Ἀτμὶς
3690 1346 3763 1416 γάρ

2278 1432 2394 1485 ἐστι
2435 1432 2532 1503 τῆς
2567 1432 2657 1485 τοῦ
2708 1432 2840 1485 Θεοῦ
2885 1432 3184 1503 δυνάμεως,
3210 1435 3304 1487 καὶ
3334 1433 3580 1504 ἀπόρροια
3605 1436 3680 1505 τῆς
3702 1436 3763 1487 τοῦ

2279 1522 2711 1592 παντοκράτορος
2731 1520 2885 1592 δόξης
2919 1521 3231 1594 εἰλικρινής.
3285 1522 3374 1575 Διὸ
3416 1522 3552 1575 οὐδὲν
3594 1524 3764 1594 papa)»-

2280 1612 2471 1681 σμένον
2516 1613 2595 1674 εξς
2650 1611 2819 1682 αὐτὴν
2869 1612 3260 1683 παρεμπίπτει.
3329 1612 3657 1683 Ἀπαύγασμα
3693 1617 3765 1685 γάρ

2280 1703 2393 1756 ἐστι
2421 1702 2594 1771 φωτὸς
2625 1703 2793 1756 ἀϊδίου
2827 1705 2921 1758 καὶ
2952 1705 3209 1776 ἔσοπτρον
3247 1704 3561 1775 ἀκηλίδωτον
3596 1704 3675 1774 τῆς
3701 1705 3765 1757 τοῦ

611 1810 831 1868 propter
860 1816 1016 1854 suam
1055 1800 1404 1855 munditiam.
1442 1798 1622 1869 Vapor
1649 1799 1793 1858 enim
1827 1806 1910 1852 est
1943 1798 2037 1852 Dei
2066 1798 2165 1852 vir-

2275 1793 2406 1846 Θεοῦ
2431 1796 2726 1867 ἐνεργείας,
2752 1797 2842 1849 καὶ
2864 1795 3026 1850 εἰκὼν
3044 1774 3142 1867 τῆς
3163 1774 3489 1867 ἁγαθότητος
3507 1796 3664 1849 αὐτοῦ.
3682 1799 3767 1848 Δια-

614 1891 763 1956 tutis,
792 1899 844 1944 et
874 1892 1146 1944 emanatio
1175 1890 1363 1960 gloriae
1405 1889 1797 1960 omnipotentis
1838 1889 2067 1943 sincera.
2108 1887 2175 1943 Et

610 1984 730 2039 ideo
781 1984 916 2038 nihil
983 1981 1326 2052 inquinatum
1386 1982 1443 2036 in
1494 1996 1613 2036 eam
1661 1982 1905 2036 incurrit.
1957 1979 2173 2035 Candor

607 2074 752 2127 enim
784 2084 866 2128 est
918 2073 1056 2127 lucis
1090 2080 1327 2137 aeternae,
1380 2079 1435 2125 et
1482 2070 1759 2140 speculum
1800 2070 1916 2125 sine
1958 2069 2174 2124 macula

609 2162 703 2218 Dei
735 2164 1083 2232 eﬂicacitatis.
1121 2172 1174 2217 et
1204 2163 1380 2233 imago
1430 2162 1689 2217 bonitatis
1741 2161 1938 2232 ejus“.
1991 2160 2170 2215 Attin-

606 2256 685 2326 g‘it
714 2266 891 2309 autem
928 2272 957 2309 a
985 2258 1089 2308 line
1112 2268 1284 2323 usque
1324 2253 1390 2306 ad
1432 2253 1591 2307 ﬁnem
1627 2253 1857 2319 fortiter,
1899 2261 1952 2306 et
1981 2252 2173 2322 dispoa

607 2349 687 2403 nit
712 2348 893 2402 omnia
925 2348 1160 2402 suaviter
1185 2346 1251 2398 “.
1268 2364 1285 2397 ι
1312 2345 1429 2400 Jam
1449 2346 1689 2399 divinum
1718 2345 1884 2399 hocce
1908 2342 2168 2409 Verbum,

605 2458 636 2495 a
662 2440 818 2495 Patre
867 2441 1149 2493 hominum
1189 2439 1243 2494 in
1286 2441 1517 2493 salutem
1552 2438 1801 2501 missum,
1845 2437 2013 2490 variis
2046 2452 2168 2490 om~

606 2531 737 2583 nino
768 2531 941 2584 modis
974 2529 1253 2599 Scriptura
1285 2530 1467 2583 divina
1496 2536 1863 2597 repraesentat.
1910 2525 1975 2580 Et
2003 2527 2171 2580 Abra-

606 2622 766 2675 hamo
807 2623 1022 2691 quidem
1068 2631 1228 2692 atque
1273 2621 1463 2692 Moysi,
1517 2620 1836 2687 ueterisque
1892 2619 2168 2687 prophetis

604 2710 715 2765 Deo
766 2713 1122 2774 charissimis,
1178 2726 1287 2766 non
1345 2725 1463 2766 sese
1502 2709 1663 2763 modo
1691 2708 1979 2761 videndum
2011 2708 2167 2761 exhi-

603 2802 811 2867 buisse,
847 2820 1034 2858 verum
1071 2805 1235 2858 etiam
1270 2813 1321 2858 et
1362 2803 1614 2858 docuisse
1647 2801 1837 2862 multa,
1879 2808 1930 2854 et
1981 2799 2166 2853 futura

2273 1886 2435 1939 τείνει
2464 1886 2519 1938 δὲ
2553 1887 2659 1939 ἀπὸ
2690 1888 2919 1959 πέρατος
2954 1889 3045 1942 ἐπὶ
3076 1890 3246 1959 πέρας
3265 1887 3561 1959 εὐρώστως,
3585 1888 3768 1939 uta-.9:-

2272 1981 2358 2031 κεί
2400 1978 2470 2049 τὰ
2513 1980 2687 2033 πάντα
2732 1980 3001 2051 χρηστῶς.
3051 1999 3070 2032 ι
3109 1981 3215 2033 Καὶ
3260 1980 3325 2052 δὴ
3364 1979 3507 2032 τόνδε
3528 1979 3608 2033 τὸν
3640 1978 3771 2031 ἔνθεον

2269 2070 2439 2140 Λόγον
2470 2072 2740 2143 διαφόρως
2766 2074 2799 2145 ἡ
2834 2073 2951 2129 θεία
2973 2073 3013 2125 Γ
3017 2072 3160 2145 ραφὴ
3197 2072 3336 2144 πρὸς
3372 2071 3465 2125 τοῦ
3498 2071 3679 2142 Πατρὸς
3703 2071 3765 2122 ἐπὶ

2270 2162 2335 2231 τῇ
2357 2160 2464 2213 τῶν
2489 2160 2791 2233 ἀνθρώπων
2822 2163 3063 2233 σωτηρίᾳ
3088 2162 3439 2233 πεπεμμένον
3466 2160 3666 2229 εἰσάγει.
3696 2159 3767 2210 Αὑ-

2268 2250 2358 2304 τὸν
2380 2252 2424 2305 δ’
2450 2248 2541 2306 οὖν
2573 2255 2664 2307 καὶ
2690 2254 2765 2324 τῷ
2811 2254 3079 2326 Ἀϐραὰμ,
3108 2256 3316 2324 Μωῡσῇ
3348 2270 3405 2306 τε
3458 2254 3546 2307 καὶ
3582 2255 3674 2313 τοῖς
3701 2251 3767 2305 ἇλο

2267 2343 2376 2407 λοις
2400 2344 2663 2413 θεοφιλέσι
2707 2347 3009 2417 προφήταις
3030 2347 3191 2417 φῆναι
3210 2347 3427 2409 ἑαυτὸν,
3449 2346 3535 2398 καὶ
3565 2346 3767 2416 χρησμοῖς

2267 2435 2334 2489 τὰ
2374 2436 2541 2490 πολλὰ
2598 2437 2883 2491 παιδεῦσαί
2914 2457 2971 2492 τε
3012 2439 3105 2491 καὶ
3156 2438 3409 2492 θεσπίσαι
3466 2438 3528 2491 τὰ
3574 2438 3767 2507 μέλλοντα

2270 2527 2487 2597 ἱστορεῖ,
2522 2529 2754 2600 ὁπηνίκα
2790 2530 2919 2583 Θεὸν
2961 2531 3054 2583 καὶ
3082 2530 3285 2600 Κύριον
3318 2525 3493 2599 ὧφθαί
3536 2546 3591 2581 τε
3616 2530 3689 2580 καὶ
3713 2530 3766 2588 εἰς

2266 2616 2455 2687 λόγους
2477 2619 2582 2672 τῶν
2612 2620 2902 2691 προφητῶν
2930 2620 3101 2675 ἐλθεῖν
3132 2621 3479 2692 μνημονεύει.
3510 2620 3680 2673 Τοῦτον
3707 2618 3769 2670 καὶ

2267 2713 2428 2764 πᾶσιν
2469 2712 2547 2775 είς
2583 2713 2780 2780 γνῶσιν
2814 2714 2983 2767 ἐλθεῖν
3018 2714 3360 2785 ἀνθρώποις,
3404 2708 3488 2766 οἷα
3532 2712 3767 2765 νοσούντων

2267 2802 2501 2873 σωτῆρα,
2550 2804 2642 2856 καὶ
2682 2803 2867 2873 ψυχῶν
2897 2805 3075 2876 ἰατρὸν
3111 2805 3247 2876 πρὸς
3308 2805 3403 2857 τοῦ
3456 2803 3669 2874 μείζονος
3698 2804 3769 2853 ἀπ-

600 2897 996 2964 przenuntiasse
1046 2904 1301 2957 testatur,
1343 2894 1557 2964 quoties
1587 2893 1752 2947 Deum
1779 2908 1843 2946 ac
1876 2892 2162 2945 Dominum

2266 2895 2610 2965 εσταλμένον,
2642 2889 2742 2948 ὧδέ
2773 2914 2848 2967 πη
2878 2895 3119 2960 θεσπίζει
3140 2912 3152 2926 °
3182 2915 3201 2948 ι
3236 2896 3539 2949 Ἀπέστειλε
3555 2895 3631 2947 τὸν
3648 2894 3769 2959 Λόγον

601 2998 695 3042 aut
728 2989 1040 3057 apparuisse
1070 2988 1364 3058 prophetis,
1412 2997 1506 3041 aut
1555 3001 1677 3041 cum
1718 2986 1785 3041 iis
1839 2986 2163 3040 collocutum

2266 2985 2427 3038 αὑτοῦ
2448 3028 2462 3052 ,
2508 2987 2601 3040 καὶ
2645 2987 2828 3041 ἰάσατο
2858 2989 3072 3051 αὐτοὺς,
3107 2990 3201 3043 καὶ
3247 2990 3514 3060 ἐρρύσατο
3542 2988 3705 3049 αὐτοὺς
3728 2986 3771 3035 ἐκ

599 3094 722 3134 esse
752 3092 1159 3135 commemorat.
1192 3082 1335 3134 Idem
1381 3092 1529 3143 vero,
1576 3078 1654 3132 sic
1699 3086 1956 3147 tanquam
2006 3078 2158 3131 labo-

2266 3077 2369 3131 τῶν
2396 3078 2699 3150 διαφθορῶν
2752 3080 2950 3134 αὐτῶν.
2984 3099 3002 3131 ›
3056 3082 3165 3134 Καὶ
3194 3081 3356 3135 πάλιν
3406 3080 3581 3135 ἄλλοτέ
3626 3092 3768 3148 φησιν’

599 3171 838 3224 rantinm
865 3180 1223 3233 servatorem,
1251 3179 1305 3223 et
1328 3168 1601 3223 medicum
1629 3167 1941 3222 animorum
1980 3182 2011 3221 a
2046 3182 2163 3221 ma-

590 3262 711 3336 jore
736 3264 905 3318 altero
932 3265 1177 3319 missum“
1208 3264 1256 3328 ί,
1294 3262 1575 3316 hominum
1638 3261 1881 3315 omnium
1902 3260 1954 3314 in
1973 3262 2162 3330 cogni-

566 3352 571 3387 Ψ
596 3354 798 3408 tionem
816 3354 1050 3417 venisse,
1070 3355 1140 3408 ita
1159 3353 1430 3424 prazdicat.
1457 3372 1474 3404 ι
1499 3352 1643 3408 Misit
1662 3352 1894 3407 Verbum
1914 3367 2096 3416 suum,
2110 3361 2165 3407 et

596 3447 933 3514 sanaviteos,
960 3456 1012 3501 et
1035 3447 1231 3516 eripuit
1247 3461 1340 3500 eos
1359 3447 1422 3500 de
1445 3446 1845 3502 interitionibus
1865 3446 2157 3504 eorum."°n

598 3536 836 3607 Itemque
852 3538 1008 3591 alibi:
1031 3556 1048 3587 ι
1079 3538 1520 3595 Velocitercurrit
1538 3540 1760 3594 verbum
1780 3538 1897 3608 ejus
1913 3539 1977 3590 ⁷¹.
2006 3558 2024 3589 ι
2044 3537 2162 3605 Quo

597 3627 797 3681 factum
864 3638 966 3692 est,
1012 3640 1071 3682 ut
1127 3630 1434 3701 evangelica
1468 3645 1685 3699 quoque
1752 3628 2000 3684 doctrina
2038 3644 2162 3698 pro-

596 3718 864 3787 phcticam
892 3719 1038 3772 illam
1064 3719 1398 3787 instaurans,
1433 3720 1774 3790 patriamque
1807 3718 2155 3783 sententiam,

596 3811 735 3865 idem
773 3811 1055 3881 theologia:
1094 3828 1261 3882 genus
1304 3812 1448 3867 hunc
1480 3813 1533 3866 in
1567 3813 1788 3866 modum
1831 3810 2154 3865 illustrarit:

600 3920 621 3953 ‹
658 3901 714 3956 ln
774 3904 1040 3975 principio
1064 3914 1180 3958 erat
1212 3902 1469 3969 Verbum,
1506 3913 1560 3958 et
1587 3903 1826 3958 Verbum
1869 3913 1987 3959 erat
2017 3904 2159 3974 apud

593 3994 754 4067 322
788 3995 985 4062 Deum,
1019 3992 1073 4051 et
1123 3994 1267 4051 Deus
1322 4006 1437 4050 erat
1488 3995 1750 4050 Verbum.
1784 3994 1896 4049 Hoc
1944 4005 2063 4049 erat
2101 3996 2157 4049 in

593 4088 862 4161 principio
889 4090 1029 4158 apud
1057 4088 1225 4143 Dedm
1250 4105 1261 4141 :
1293 4089 1475 4144 omnia
1500 4103 1595 4157 per
1624 4088 1800 4157 ipsum
1838 4087 1977 4142 facta
2008 4094 2155 4149 sunt,

590 4189 646 4236 et
678 4181 796 4235 sine
834 4181 951 4249 ipso
993 4179 1194 4236 factum
1230 4181 1492 4243 estnihil,
1533 4180 1677 4251 quod
1709 4178 1910 4234 factum
1937 4190 2037 4234 est.
2098 4177 2155 4232 In

591 4272 711 4343 ipso
738 4273 842 4327 vita
873 4282 1009 4338 erat,
1037 4281 1091 4327 et
1113 4274 1218 4327 vita
1251 4282 1370 4327 erat
1410 4273 1500 4327 lux
1533 4271 1928 4325 hominum".»
1972 4269 2157 4338 Itaque

592 4362 857 4431 sanejure
871 4359 1087 4433 Moyses
1109 4362 1198 4416 ille
1227 4363 1691 4431 sapientissimus,
1723 4362 1913 4416 eodem
1944 4360 2154 4417 aillatns

2269 3189 2287 3221 ‹
2328 3172 2469 3235 Ἕως
2509 3172 2705 3243 τάχους
2749 3172 3035 3243 δραμεῖται
3071 3174 3099 3228 6
3136 3173 3308 3242 Λόγος
3340 3172 3523 3227 αὑτοῦ.
3575 3191 3592 3223 ι
3632 3169 3772 3222 Ἔνθεν

2265 3265 2356 3316 καὶ
2385 3267 2417 3335 η
2450 3264 2774 3337 εὐαγγελικὴ
2804 3264 3141 3330 διδασκαλία,
3167 3266 3227 3318 τὸ
3259 3265 3587 3337 προφητικὸν
3611 3260 3770 3316 καὶτὰ-

2263 3372 2411 3428 τριον
2460 3358 2827 3428 ἁνανεουμένη
2872 3358 3045 3428 δόγμα
3070 3396 3087 3423 ,
3132 3357 3405 3432 ταύτῃπη
3436 3358 3664 3426 διασαφεῖ
3704 3354 3772 3423 τὴν

2264 3447 2539 3517 θεολογίαν
2564 3467 2578 3480 ·
2618 3468 2636 3501 ι
2690 3451 2776 3503 Ἐν
2801 3450 2941 3522 ἀρχῇ
2975 3446 3043 3522 ἦν
3067 3453 3095 3503 6
3128 3452 3324 3519 Λόγος,
3374 3451 3468 3503 καὶ
3500 3452 3526 3502 6
3558 3448 3701 3514 Λόγος
3723 3441 3769 3513 ἦν

2262 3538 2398 3607 πρὸς
2438 3538 2528 3590 τὸν
2579 3538 2709 3592 Θεὸν
2731 3579 2745 3600 ,
2793 3539 2887 3592 καὶ
2933 3539 3066 3602 Θεὸς
3095 3535 3162 3611 ἦν
3192 3540 3221 3592 6
3248 3539 3443 3609 Λόγος.
3476 3530 3628 3600 Οὗτος
3658 3531 3710 3606 ἦν
3732 3536 3771 3584 ὲν

2262 3634 2402 3704 ἀρχῇ
2434 3633 2569 3704 πρὸς
2593 3632 2682 3685 τὸν
2710 3631 2839 3688 Θεόν
2861 3648 2875 3663 ο
2931 3633 3108 3686 πάντα
3138 3631 3203 3685 δι’
3241 3631 3410 3686 αὐτοῦ
3452 3631 3673 3699 ἐγένετο,
3706 3627 3771 3678 καὶ

2260 3724 2427 3795 χωρὶς
2455 3722 2619 3777 αὑτοῦ
2647 3723 2859 3792 ἐγένετο
2890 3723 3060 3786 οὐδὲν,
3089 3722 3118 3775 ὃ
3142 3722 3385 3791 γέγονεν.
3428 3724 3514 3776 Ἐν
3547 3717 3672 3789 αὐτῷ
3692 3716 3769 3783 ζωὴ

2259 3810 2347 3885 ἦν,
2383 3814 2477 3867 καὶ
2506 3817 2538 3885 ἡ
2572 3813 2683 3886 ζωὴ
2706 3810 2772 3885 ἦν
2794 3813 2854 3866 τὸ
2888 3814 3001 3883 φῶς
3028 3812 3136 3865 τῶν
3166 3810 3494 3884 ἀνθρώπων.
3541 3831 3559 3863 ι
3585 3808 3769 3864 Είκότιιις

2258 3907 2390 3978 δῆτα
2418 3904 2495 3977 τῷ
2549 3904 2698 3976 αὑτῴ
2737 3904 3005 3973 πνεύματι
3049 3902 3142 3957 καὶ
3186 3903 3432 3974 Μωῦσῆς
3468 3906 3496 3958 6
3533 3903 3766 3966 πάνσοφοςν

2259 3999 2556 4071 ἀρχόμενος
2580 3998 2677 4069 τῆς
2707 3998 2825 4050 κατ’
2851 3994 3011 4048 αὑτὸν
3046 3995 3428 4064 κοσμογονίας,
3486 3994 3539 4046 ὲν
3576 3991 3632 4057 τῇ
3676 3998 3768 4052 προ-

2250 4087 2569 4161 αποδοθείσῃ
2586 4088 2726 4161 ἀρχῇ
2743 4086 3093 4157 πεποιηκέναι
3116 4086 3206 4137 τὸν
3226 4085 3360 4137 Θεὸν
3380 4084 3471 4136 τὸν
3496 4076 3691 4150 οὐρανὸν
3703 4072 3770 4124 καὶ

2257 4180 2355 4250 τὴν
2379 4178 2482 4249 γῆν
2512 4194 2703 4248 φησιν·
2728 4177 2876 4248 αὐτῷ
2900 4194 2960 4229 τε
3005 4176 3243 4245 εἰσάγει,
3274 4176 3352 4238 ὡς
3389 4173 3456 4227 ἂν
3508 4170 3671 4237 οἰκείῳ
3704 4164 3770 4217 καὶ

2257 4270 2581 4343 πρωτογόνῳ
2611 4268 2773 4322 αὐτοῦ
2804 4270 2980 4339 Λόγῳ,
3004 4268 3477 4338 κοινολογούμενον
3506 4264 3589 4317 ἐπὶ
3606 4261 3687 4330 τῆς
3702 4253 3770 4309 τῡῦ

2257 4362 2546 4435 ἀνθρώπου
2605 4362 2961 4433 δημιουργίας
2996 4361 3089 4415 τὸν
3146 4360 3297 4424 Θεὸν,
3348 4362 3408 4412 ὲν
3466 4356 3544 4421 οἷς
3586 4352 3768 4425 γράᾳευ

592 4452 786 4521 spiritu
817 4468 941 4508 cum
972 4464 1135 4521 esset,
1174 4454 1292 4523 ipso
1323 4454 1507 4509 statim
1547 4454 1667 4523 ejus
1695 4469 1857 4523 quam
1890 4453 2151 4508 describit

2266 4474 2277 4507 ι
2316 4456 2422 4508 Καὶ
2451 4451 2601 4507 εἶπεν
2637 4457 2664 4507 ό
2692 4453 2855 4516 Θεός·
2893 4453 3212 4523 Ποιήσωμεν
3248 4451 3531 4523 ἄνθρωπον
3572 4445 3674 4501 κατ’
3718 4440 3771 4493 εἱ-

591 4544 775 4599 mundi
829 4546 1123 4601 molitionis
1164 4546 1341 4613 initio,
1376 4546 1544 4602 Deum
1569 4558 1842 4601 asseverat
1870 4547 1923 4600 in
1959 4547 2147 4601 eodem

589 4635 682 4690 illo
720 4638 986 4709 principio
1030 4640 1226 4695 ccelum
1256 4650 1567 4711 terramque
1612 4639 1841 4695 fecisse:
1890 4654 1998 4709 quo
2026 4656 2148 4693 cum

585 4727 773 4792 etiam,
812 4730 974 4783 veluti
1001 4746 1125 4785 cum
1154 4746 1254 4786 suo
1290 4731 1462 4801 ipsius
1491 4747 1554 4785 ac
1582 4731 1943 4802 primogenito
1975 4729 2152 4785 Verbo

586 4818 655 4871 de
702 4819 937 4875 hominis
973 4824 1346 4891 procreatione
1396 4820 1791 4895 colloquentem
1848 4824 2015 4879 Deum
2068 4825 2151 4879 in-

586 4908 756 4975 ducit,
789 4910 873 4965 his
899 4913 1096 4977 verbis,
1127 4932 1145 4965 ι
1182 4912 1433 4984 Dixitque
1471 4914 1615 4970 Deus
1658 4934 1672 4970 :

582 5000 786 5055 minem
824 5003 889 5056 ad
919 5003 1204 5073 imaginem
1235 5013 1289 5060 et
1320 5006 1728 5063 similitudinem
1756 5016 1999 5062 nostram
2022 5009 2090 5061 ⁷³.
2121 5027 2139 5060 ι

2220 4688 2229 4869 ἱ

2259 4548 2394 4600 κόνα
2424 4545 2697 4618 ἡμετέραν
2728 4545 2822 4597 καὶ
2847 4542 2966 4596 καθ’
3002 4542 3277 4613 ὁμοίωσιν.
3325 4562 3343 4593 ι
3377 4542 3541 4594 Τοῦτο
3576 4539 3625 4591 δὲ
3654 4531 3771 4587 καὶὸ

2255 4637 2553 4708 Ψαλμῳδὸς
2582 4636 2844 4707 ᾐνίττετο,
2874 4633 3106 4705 ὁπηνίκα
3128 4632 3254 4708 περὶ
3285 4631 3380 4684 τοῦ
3411 4629 3613 4702 πρώτου
3637 4624 3766 4678 αἰτίου

2253 4729 2480 4796 διεξιὼν,
2509 4748 2527 4779 ι
2584 4729 2774 4793 Αὐτὸς,
2834 4728 3013 4798 φησὶν,
3073 4721 3212 4790 εἷπε,
3275 4725 3372 4779 καὶ
3430 4720 3766 4793 ὲγεννήθηττν·

2255 4822 2414 4885 αὐτὸς
2445 4819 2763 4883 ἐνετείλατο,
2788 4820 2879 4872 καὶ
2906 4816 3251 4888 ἐκτίσθησαν,
3283 4836 3302 4868 ι
3336 4816 3587 4885 ἄντικρυς
3606 4811 3687 4879 τὴν
3701 4802 3768 4856 τοῦ

1724 4914 2011 4972 Faciamus
2042 4916 2143 4969 ho-

2266 4911 2470 4985 πρώτου
2502 4911 2635 4983 πρὸς
2664 4911 2723 4964 τὸ
2751 4910 3000 4981 δεύτερον
3025 4908 3214 4973 αἴτιον,
3247 4905 3321 4968 ὡς
3346 4905 3413 4959 ἂν
3446 4901 3642 4973 Πατρὸς
3668 4891 3769 4964 1:95;

2223 4992 2401 5069 ξΥἱὸν,
2444 5004 2681 5070 διάταξίν
2738 5021 2800 5057 τε
2850 5004 2945 5057 καὶ⁸
2985 5000 3386 5072 παρακέλευσιν
3442 4992 3763 5067 ὑφιστάμενος-

584 5087 741 5155 Quod
793 5091 971 5161 ipsum
1012 5096 1354 5150 adumbravit
1410 5095 1720 5166 Psalmista,
1759 5100 1847 5153 ubi
1878 5100 1944 5154 de
1972 5101 2146 5169 primo

2266 5099 2419 5152 [Ιαντὶ
2445 5097 2551 5169 γὰρ
2575 5095 2840 5168 δήπουθεν
2871 5093 3044 5165 δῆλον,
3086 5093 3161 5156 ὡς
3184 5093 3288 5155 πᾶς
3310 5092 3338 5143 6
3370 5091 3543 5158 λέγων
3567 5103 3613 5138 τι
3638 5078 3767 5147 ἑτέρῳ

585 5182 854 5253 principio
879 5187 1128 5256 loquens,
1160 5207 1177 5239 ι
1204 5187 1322 5257 ipse
1344 5190 1497 5253 dixit,
1526 5192 1719 5260 inquit,
1744 5201 1796 5246 et
1818 5191 1958 5247 facta
1986 5202 2144 5246 sunt:

584 5271 699 5341 ipse
738 5276 1030 5341 mandavit,
1057 5288 1109 5332 et
1148 5290 1326 5333 creata
1358 5279 1603 5334 sunt“.i
1635 5279 1751 5347 Quo
1785 5281 2026 5350 profecto
2066 5280 2147 5333 lo-

582 5365 783 5434 quendi
814 5383 1032 5435 genere,
1060 5370 1295 5424 edictum
1328 5371 1461 5425 illud
1512 5372 1936 5441 mandatumque
1974 5371 2142 5440 signi-

584 5455 730 5519 ﬂeat,
766 5473 875 5527 quo
896 5461 1135 5528 primum
1167 5463 1496 5533 principium
1534 5478 1660 5518 cum
1694 5464 1952 5530 secundo,
1979 5464 2143 5518 veluti

643 5577 690 5611 “
719 5577 877 5661 Prov.
917 5597 1036 5661 vni,
1071 5574 1266 5661 22-30.
1340 5584 1542 5661 “igsap.
1575 5603 1647 5652 vt,
1684 5588 1777 5661 24.
1855 5587 2061 5661 ⁶³λ88ρο
2093 5604 2165 5643 vn

2266 5587 2409 5644 2-26.
2486 5590 2530 5624 θ’
2564 5590 2691 5661 Sap.
2729 5604 2857 5654 vnt,
2896 5588 2945 5642 l.
3024 5587 3071 5619 "°
3102 5584 3243 5642 Psal.
3274 5600 3382 5651 ενι,
3422 5580 3513 5637 2οο

1374 5658 1419 5688 ⁷³
1448 5658 1579 5714 Gen.
1615 5676 1650 5723 ι,
1675 5660 1763 5714 26.
1838 5662 1883 5692 '”'
1908 5659 2050 5716 Psal.
2087 5676 2254 5725 xxxn,
2286 5661 2337 5714 9.

644 5758 659 5788 ¹
690 5756 864 5814 Locus
896 5760 983 5815 hic
1013 5771 1165 5817 caute
1195 5763 1467 5835 legendus.

2219 5212 2227 5349 ι

2252 5193 2416 5261 λέγει,
2446 5191 2541 5245 καὶ
2562 5192 2590 5243 6
2617 5187 2991 5259 ἐντελλόμενος
3024 5184 3192 5256 ἑτέρῳ
3222 5183 3351 5254 παρ’
3379 5181 3563 5235 ἑαυτὸν
3581 5170 3773 5230 ἐντέλλε-“

2250 5303 2358 5339 ται.
2394 5282 2697 5356 Διαρῤήδην
2716 5282 2759 5335 δ’
2781 5276 2845 5334 αὖ
2872 5283 2899 5334 ὁ
2929 5277 3188 5348 Μωῦσῆς,
3227 5276 3397 5346 ἄμφω
3432 5274 3570 5328 δυοῖν
3606 5276 3768 5356 μνημος

2249 5377 2417 5433 νεύων
2450 5350 2687 5447 Kasta...
2722 5372 2933 5444 Πατρὸς
2965 5370 3161 5442 δηλαδὴ
3196 5370 3288 5423 καὶ
3312 5366 3465 5431 nos,
3498 5358 3595 5418 ὧδέ
3616 5373 3679 5426 πη
3698 5350 3765 5447 ἐπὶ

2248 5471 2345 5541 τῆς
2371 5467 2509 5522 κατὰ
2535 5442 2643 5521 τῶν
2664 5442 2873 5519 ἀσεϐῶν
2894 5465 3161 5535 τιμωρίας
3194 5462 3412 5531 ἱστορεῖ,
3442 5458 3604 5527 λέγων
3621 5469 3633 5482 ·
3649 5468 3667 5501 ι
3684 5442 3768 5499 Καὶ

3583 5577 3621 5609 τι
3650 5565 3761 5626 Psal.
