3864 6386
570 319 705 371 MT
1212 272 1482 367 EU‘éEBll
1514 309 1992 367 CIESARiENSlS
2031 309 2183 367 OPP.
2216 307 2400 363 PARS
2437 306 2500 361 11.
2538 334 2606 346 ——
2628 296 3141 359 -APOLOGETlCA.
3678 308 3759 362 548
3840 308 3841 359 i

585 432 750 501 hujus
781 429 958 500 gregis
982 443 1190 494 curam,
1221 444 1330 482 non
1371 442 1530 483 secus
1571 444 1635 483 ac
1674 428 1873 483 summi
1913 429 2111 498 impera

2314 427 2471 496 βίας,
2513 425 2592 477 ὅτι
2620 422 2772 475 οὐδὲν
2803 421 2912 475 τῶν
2939 418 3147 475 ἐνύλων
3193 412 3452 492 κραταιὸν
3498 420 3676 487 οὗτος,
3707 424 3762 489 ὡς

575 524 715 578 toris
765 523 977 594 legatus
1028 521 1383 590 susciperet.»
1428 519 1486 575 ln
1520 522 1823 590 posteriore
1873 537 2031 585 vero,
2065 521 2101 576 si

2314 540 2332 574 ν
2355 519 2556 588 κόσμον
2574 516 2896 587 ἀχθοφορεῖν
2929 515 3163 585 ἰσχύσαι.
3188 516 3357 582 Λόγος
3384 516 3430 567 δ’
3460 514 3565 583 (79)
3590 518 3614 568 ὁ
3636 517 3762 579 ἀΐδιος

578 612 645 666 ad
678 612 939 665 verbum:
988 608 1296 678 «Quisquis.
1332 610 1527 679 inquit,
1575 625 1641 664 eo
1673 625 1731 664 se
1773 610 2003 663 liberum
2046 627 2104 680 pu

2244 611 2376 664 Θεοῦ
2403 608 2496 663 τοῦ
2549 610 2767 662 αἰωνίου
2824 609 2884 662 τὸ
2936 605 3271 679 ὀχυρώτατον
3318 608 3414 659 καὶ
3474 606 3762 676 βεϐαιὶτατον

577 704 707 759 dore
756 704 914 765 volet,
964 703 1054 771 qui
1108 703 1504 755 dubitationem
1567 703 1728 770 vulgo
1767 702 2103 771 consequitm

2245 703 2472 774 ἔρεισμα
2501 700 2610 754 τῶν
2638 701 2773 753 ὅλων
2801 701 2967 753 ἐστίν.
2999 695 3164 764 Οὗτος
3195 700 3300 753 ἀπὸ
3344 700 3453 752 τῶν
3505 700 3662 770 μέσων
3698 704 3763 756 ἐπὶ

578 795 628 851 is
666 795 831 850 libere
860 796 1146 864 palamque
1180 796 1510 864 pronuntiet,
1544 795 1677 848 nihil
1708 810 1897 848 eorum
1928 811 2047 864 qua:
2088 796 2102 847 i

2346 795 2570 865 πέρατα,
2598 794 2689 846 καὶ
2715 793 2821 845 ἀπὺ
2849 792 2955 845 τῶν
2980 794 3162 865 ἄκρων
3189 794 3280 845 ἐπὶ
3312 791 3383 845 τὰ
3425 792 3560 862 μέσα
3602 794 3761 859 ταθεὶς,

578 888 862 941 materiam
898 885 1151 940 immersa
1181 887 1309 949 sint,
1343 887 1409 939 ad
1445 886 1815 941 sustinendam
1846 886 1995 940 orbis
2026 899 2104 938 mc

2244 886 2504 958 δολιχεύει
2532 887 2621 939 τὸν
2656 885 2869 956 φύσεως
2894 888 3161 957 ἀήττητον
3198 886 3398 957 δρόμον
3427 927 3441 949 ,
3474 886 3693 953 συνάγων
3717 890 3762 940 τὰ

578 980 687 1033 lem
743 980 874 1034 satis
934 980 1131 1033 habere
1177 980 1410 1045 virium;
1457 988 1513 1032 at
1569 978 1954 1046 sempiternum
2014 977 2104 1030 illo

2246 977 2389 1049 μέρη
2425 978 2599 1029 πάντα
2631 977 2722 1029 καὶ
2752 975 3081 1043 συσφίγγων.
3114 974 3320 1045 Δεσμὸν
3373 974 3482 1045 γὰρ
3527 974 3669 1027 αὐτὸν
3700 978 3765 1046 ἆῤ-

580 1072 767 1127 :eterni
808 1071 901 1125 Dei
934 1070 1194 1132 Verbum.
1244 1073 1401 1142 longe
1450 1072 1892 1140 potentissimum
1946 1084 2009 1123 ac
2050 1070 2106 1122 [ir

2248 1071 2406 1139 ῥητον
2442 1066 2549 1136 (80)
2584 1066 2675 1119 τοῦ
2706 1066 2902 1129 παντὸς
2928 1068 2956 1119 ὁ
2990 1067 3255 1137 γεννήσας
3281 1066 3457 1118 ἐποίει
3490 1066 3676 1136 Πατήρ.
3698 1068 3764 1119 Ei-

581 1163 891 1218 missimum
926 1178 1047 1218 esse
1077 1164 1325 1217 columen
1363 1162 1622 1216 universi.
1692 1160 1803 1215 Hoc
1833 1160 1976 1213 enim
2014 1160 2105 1213 illu

2246 1160 2417 1223 κότως
2442 1155 2532 1212 οὖν
2562 1159 2681 1211 οὐδὲ
2726 1159 2794 1229 γῆ
2833 1161 2982 1212 πᾶσα
3024 1159 3406 1229 διαλυθήσεται
3456 1160 3581 1229 πρὸς
3616 1161 3766 1224 παντὸς

580 1264 684 1319 est,
717 1256 873 1323 cujus
903 1253 1132 1308 arbitrio
1184 1255 1311 1308 dum
1349 1269 1377 1307 a
1408 1253 1601 1307 mediis
1647 1253 1714 1306 ad
1761 1261 2023 1313 extrema,
2073 1253 2106 1304 si

2247 1250 2455 1315 ὕδατος,
2484 1252 2620 1323 ὅπερ
2644 1250 2812 1319 αὐτῆς
2838 1252 2885 1303 οἱ
2921 1251 3108 1304 κόλποι
3135 1253 3536 1322 κεχωρήκασιν,
3571 1251 3669 1303 ὀὐδ’
3690 1252 3766 1304 ὑπὸ

580 1344 804 1413 mulque
844 1360 877 1398 a
914 1345 1143 1399 summis
1182 1345 1257 1398 ad
1302 1345 1475 1397 media
1514 1344 1768 1412 pertinet,
1814 1344 2106 1397 constilutu

2246 1343 2403 1414 ἀέρος
2429 1342 2783 1414 σϐεσθήσεται
2819 1341 2948 1415 πῦρ,
2977 1342 3086 1396 οὐδ’
3113 1343 3344 1414 ἔμπαλιν
3380 1344 3484 1395 ὑπὸ
3514 1342 3663 1412 πυρὸς
3689 1344 3766 1414 ἀὴρ

582 1450 648 1490 ac
672 1445 966 1505 perpetuus
1003 1446 1210 1490 natura:
1236 1451 1429 1490 cursus
1455 1434 1753 1504 peragitur.
1785 1434 1974 1489 Partes
1999 1436 2107 1488 enit

2247 1435 2727 1505 ἀναφλεχθήσεται,
2760 1435 2853 1488 τοῦ
2885 1435 3029 1489 θείου
3057 1436 3231 1504 Λόγου
3252 1436 3511 1507 ,μεθόριον
3536 1435 3765 1499 τάττοντος

581 1545 773 1585 omnes
806 1531 942 1584 inter
972 1545 1093 1584 sese
1121 1531 1399 1584 consociat
1432 1537 1593 1598 atque
1617 1529 1958 1598 constringit,
1999 1544 2107 1596 quo

2248 1527 2405 1580 αὐτὸν
2436 1529 2644 1598 φωνῆεν
2691 1528 2799 1599 (81)
2836 1529 3110 1598 στοιχείων
3151 1527 3419 1597 ἀφώνων
3468 1530 3550 1580 ἶνα
3578 1529 3631 1581 τὸ
3680 1528 3764 1581 ἔλον

582 1622 712 1676 illud
743 1621 920 1688 Pater,
946 1639 975 1676 a
999 1638 1107 1691 quo
1142 1622 1382 1691 genitum
1421 1631 1523 1683 est,
1566 1621 1937 1675 ﬁrmissimum
1969 1620 2108 1689 quod

2248 1616 2432 1688 ὥσπερ
2466 1622 2558 1672 ἐπὶ
2590 1620 2690 1689 τῆς
2718 1622 3042 1693 ὲγγράμμου
3077 1621 3342 1691 μουσικῆς
3376 1621 3486 1691 (82)
3525 1624 3762 1691 συνηχήσῃ,

585 1718 708 1773 dam
739 1718 905 1771 totius
948 1715 1185 1769 universi
1215 1713 1487 1768 vinculum
1517 1729 1637 1768 esse
1664 1714 1915 1767 voluerit.
1950 1712 2111 1766 Mirur

2249 1711 2345 1774 τὰς
2375 1711 2480 1763 τῶν
2505 1712 2759 1767 ἐναντίων
2792 1712 3019 1776 ἀπειλὰς
3040 1712 3301 1783 πειθοῖτῇ
3344 1713 3543 1782 συνόδῳ
3573 1713 3765 1781 μεσιτεύ-

582 1822 711 1876 ergo
744 1806 877 1858 nihil
921 1813 1022 1869 est,
1058 1804 1102 1857 si
1134 1818 1307 1872 neque
1349 1811 1619 1857 terrarum
1656 1803 1846 1863 moles,
1882 1817 2108 1871 aquarui

2255 1803 2400 1866 οντός
2426 1821 2484 1857 τε
2518 1804 2610 1857 καὶ
2638 1804 2963 1867 διαιτῶντος.
2996 1824 3019 1855 ιι
3049 1805 3233 1858 Ταῦτα
3318 1781 3632 1858 Φίλων.Κα“ι
3662 1804 3766 1873 ’Δρι-

584 1906 733 1954 tanta
781 1900 855 1965 vi,
887 1898 1040 1952 sinus
1077 1913 1262 1951 carum
1299 1896 1584 1949 interiores
1636 1904 1971 1963 permeante,
2010 1909 2110 1947 nun

2256 1895 2536 1959 πόὸουλος
2568 1896 2643 1960 δὲ,
2673 1896 2827 1960 ἄλλος
2873 1878 3135 1968 Ἑϐραίων
3160 1897 3325 1965 σοφὸς
3354 1897 3493 1967 ἀνὴρ
3513 1936 3526 1957 ,
3558 1895 3676 1948 κατά
3699 1895 3765 1963 τὴν

584 2008 750 2063 quam
799 1990 1145 2055 dissolvetur,
1178 2003 1277 2042 nec
1304 1987 1370 2041 ab
1410 2002 1533 2040 acre
1580 1986 1955 2055 exstinguetur
1985 1984 2110 2052 ignis

2253 1985 2359 2038 τῶν
2384 1986 2729 2057 Πτολεμαίων
2755 1987 3009 2057 ἀκμάσας
3038 1988 3359 2059 ἡγεμονίαν,
3386 1988 3541 2057 κυροῖ
3566 1985 3618 2037 τὸ
3637 1984 3765 2052 δόγμα

584 2099 686 2138 nec
711 2099 803 2137 aer
835 2092 1022 2137 contra
1052 2082 1172 2151 igne
1209 2078 1718 2149 conﬂagrabit,cum
1750 2077 1989 2131 divinum
2020 2077 2110 2129 illu

2254 2075 2327 2139 ὡς
2361 2077 2606 2145 πάτριον,
2643 2077 2790 2147 αὐτῷ
2826 2079 3145 2149 Πτολεμαίῳ
3172 2080 3270 2149 τὴν
3295 2079 3407 2132 τῶν
3452 2077 3599 2148 ἱερῶν
3634 2076 3765 2146 νόμον

586 2173 846 2240 Verbum,
878 2173 1020 2244 quod
1052 2185 1173 2226 sese
1198 2180 1346 2224 muta
1381 2171 1524 2223 inter
1559 2169 1847 2233 elementa,
1874 2167 2030 2236 quasi
2062 2183 2112 2220 ν(

1916 2167 2030 2221 uasi
2062 2182 2151 2220 νο·
2259 2170 2591 2240 προσφωνῶν
2632 2172 2944 2242 ἑρμηνείαν,
2976 2174 3033 2225 ὲν
3134 2172 3259 2225 τάδε
3288 2171 3442 2242 φησί.

587 2269 705 2323 cale
752 2266 1023 2337 quoddam
1073 2265 1312 2320 medium
1361 2262 1679 2326 constituit;
1714 2268 1769 2313 ut
1818 2271 2074 2328 tanquam
2133 2257 2184 2310 in
2251 2259 2458 2313 musica
2502 2262 2617 2316 suis
2665 2264 2927 2317 instructa
2988 2264 3307 2332 digestaque
3355 2262 3517 2325 notis,
3561 2268 3693 2329 aptus
3730 2268 3767 2312 et

580 2364 774 2419 suavis
832 2364 994 2417 totius
1038 2359 1280 2415 universi
1334 2366 1632 2412 concentus
1688 2354 1991 2420 exsisteret,
2036 2352 2441 2409 contrariorum
2489 2357 2664 2412 minas
2702 2359 2877 2413 amica
2921 2359 3155 2429 qnadam
3194 2357 3581 2425 conjunctione
3618 2353 3767 2408 [enica

588 2456 687 2511 das
744 2453 1207 2520 moderandasque
1266 2448 1618 2517 susceperit.»
1666 2445 1793 2500 Haec
1853 2444 2032 2498 Philo.
2086 2442 2432 2500 Aristobulus
2492 2460 2727 2517 quoque,
2785 2448 2924 2503 alius
2984 2449 3111 2502 item
3168 2447 3420 2501 eruditus
3474 2436 3764 2498 Hebraeorum

584 2547 842 2616 scriptor,
888 2545 981 2614 qui
1025 2543 1442 2597 Ptolemaeorum
1511 2540 1739 2608 imperio
1801 2537 2002 2600 ﬂoruit,
2067 2536 2311 2590 eamdem
2369 2540 2703 2593 sententiam
2767 2541 2911 2612 genti
2973 2538 3211 2595 defendit
3277 2537 3616 2606 vindicatqae
3660 2546 3765 2597 sua,
3839 2536 3841 2597 1

585 2642 878 2699 Ptolemaeo
907 2641 1006 2711 ipsi
1059 2640 1365 2693 divinarum
1396 2634 1895 2704 interpretationem
1936 2633 2238 2687 litterarum
2258 2630 2589 2699 inscribens,
2618 2635 2710 2689 ubi
2738 2635 2853 2690 hare
2883 2636 3024 2690 inter
3062 2646 3278 2689 caetera.

1050 2748 1214 2821 324
1243 2746 1473 2803 CAPUT
1500 2746 1660 2813 sxw.

2778 2750 3169 2803 ΚΕΦΛΛΑΙΟΝ
3198 2746 3297 2803 1Δ’.

776 2844 1069 2902 Aristobuli
1100 2846 1249 2897 verba
1275 2843 1328 2896 in
1369 2843 1602 2897 eamdem
1633 2842 1966 2899 sententiam.

2544 2840 2992 2909 Ἀριστοϐούλου
3026 2843 3158 2910 περὶ
3192 2842 3300 2895 τοῦ
3341 2842 3543 2896 αὑτοῦ.

665 2939 1043 3007 «Quanquam,
1100 2936 1294 3003 inquit,
1365 2934 1424 2987 in
1481 2932 1812 3003 Sapientiam
1872 2932 2154 2991 transferri

2328 2950 2346 2981 ι
2379 2933 2749 3005 Μεταφέροιτο
2782 2934 2825 2986 δ’
2848 2935 2912 2988 ἂν
2940 2935 3000 2987 τὸ
3027 2936 3157 2988 αὐτὸ
3192 2934 3285 2988 καὶ
3337 2935 3429 2986 ἐπὶ
3472 2935 3562 3004 τῆς
3593 2934 3760 3000 σοφίας·

589 3035 697 3089 hoc
751 3047 965 3101 quoque
1008 3030 1201 3099 possit,
1255 3045 1379 3083 cum
1409 3044 1476 3082 ex
1520 3042 1583 3082 ea
1626 3027 1717 3081 lux
1746 3026 1997 3081 universa
2029 3038 2115 3096 prc

2251 3023 2310 3078 τὸ
2340 3024 2447 3096 γὰρ
2478 3028 2582 3079 πᾶν
2605 3026 2718 3094 φῶς
2748 3027 2895 3079 ἐστιν
2917 3027 2974 3091 ἐξ
3006 3027 3191 3096 αὐτῆς.
3228 3028 3322 3079 Διὸ
3365 3028 3456 3080 καί
3489 3044 3620 3090 τινες
3654 3026 3763 3095 εἰρή-

590 3124 767 3180 dierit.
816 3122 1002 3192 Itaque
1030 3137 1096 3175 ex
1145 3119 1620 3191 Peripateticorum
1648 3118 1834 3174 schola
1884 3118 2116 3173 nonnull‘

2258 3135 2383 3172 κατι
2417 3117 2526 3171 τῶν
2572 3120 2635 3172 ἐκ
2672 3121 2771 3190 τῆς
2804 3121 3064 3192 αἱρέσεως
3096 3122 3248 3186 ὄντες
3276 3125 3342 3177 ἐκ
3380 3122 3471 3176 τοῦ
3494 3121 3763 3193 Περιπάτου,

590 3213 729 3268 facis
757 3228 873 3267 eam
903 3213 1072 3265 instar
1101 3225 1221 3264 esse
1253 3211 1563 3275 voluerunt,
1591 3210 1734 3279 quod
1769 3211 1862 3279 qui
1904 3210 2023 3278 ejus
2053 3210 2116 3263 du

2255 3207 2573 3281 λαμπτῆρος
2597 3212 2761 3282 αὐτὴν
2792 3212 2933 3283 ἔχειν
2961 3215 3129 3279 τάξιν,
3155 3215 3568 3279 ἀκολουθοῦντες
3596 3216 3685 3287 γὰρ
3699 3212 3766 3264 aia

589 3315 736 3362 ctum
786 3313 1096 3360 constanter
1146 3303 1317 3357 secuti
1364 3310 1544 3367 erunt,
1606 3302 1641 3355 ii
1704 3312 1817 3356 toto
1864 3304 1989 3357 vitae
2042 3318 2115 3357 su;

2314 3321 2351 3372 ιν
2379 3315 2404 3342 α
2434 3304 2688 3374 συνεχῶς,
2721 3305 2980 3377 ἀτὰραχοι
3011 3311 3444 3379 καταστήσονται
3476 3309 3538 3360 δι’
3578 3307 3679 3360 ὅλου
3700 3302 3764 3357 τοὶ
3839 3301 3840 3304 “

589 3407 833 3466 tempore
865 3396 932 3449 ab
961 3394 1108 3448 omni
1147 3393 1552 3462 perturbatione
1602 3393 1758 3447 vacui
1807 3394 1917 3447 sint
1961 3393 2110 3448 futur

2256 3388 2390 3462 βίου.
2428 3393 2765 3464 Σαφὲστερον
2790 3394 2845 3447 δὲ
2871 3398 2962 3449 καὶ
2989 3396 3202 3449 κάλλιον
3236 3398 3347 3450 τῶν
3380 3399 3641 3469 ἡμετέρων
3669 3412 3760 3464 πμ-

591 3487 790 3541 Verum
830 3487 881 3541 id
915 3486 1119 3541 clarius
1148 3486 1311 3540 simul
1360 3500 1423 3539 ac
1466 3485 1660 3540 melius
1686 3484 1941 3539 Salomon
1976 3503 2004 3541 e
2038 3504 2117 3540 ma

2254 3486 2424 3554 γόνων
2449 3502 2533 3547 τις
2566 3481 2684 3538 εἶπε
2718 3487 2985 3558 Σολομὼν,
3022 3489 3125 3561 πρὸ
3148 3490 3381 3560 οὐρανοῦ
3418 3492 3507 3543 καὶ
3527 3490 3617 3559 γῆς
3644 3488 3760 3557 aliti}:

586 3579 807 3649 joribus
850 3579 1053 3632 nostris
1088 3594 1230 3632 unus
1266 3577 1555 3647 expressit,
1591 3594 1713 3632 eum
1744 3595 1863 3632 eam
1894 3581 2014 3633 caeli
2049 3589 2112 3634 tet

2255 3578 2518 3649 ὑπάρχειν
2541 3595 2553 3609 ’
2591 3579 2649 3632 τὸ
2674 3580 2730 3632 δὲ
2777 3580 3063 3650 σύμφωνὸν
3098 3583 3210 3633 ἐστι
3247 3581 3325 3652 τῷ
3361 3582 3715 3653 προειρημένῳ.
3745 3597 3755 3627 τ

590 3687 773 3740 neque
801 3671 1080 3725 molitione
1112 3671 1348 3740 priorem
1384 3682 1505 3725 esse
1540 3670 1775 3738 diceret;
1804 3674 1947 3742 quod
1978 3676 2116 3742 ipsut

2255 3670 2441 3724 Ταῦτα
2478 3671 2575 3741 μὲν
2606 3666 2698 3725 οὖν
2722 3671 2814 3724 καὶ
2839 3672 2907 3723 τὰ
2939 3672 3158 3725 τοιαῦτα
3184 3675 3314 3745 ’περὶ⁴
3340 3674 3489 3726 τοῦδε
3516 3676 3598 3726 καὶ
3626 3670 3761 3730 παῖδες

590 3773 773 3818 tamen
811 3778 935 3817 cum
982 3762 1074 3817 illo
1118 3761 1604 3829 Peripateticorum
1652 3764 1797 3817 dicto
1845 3764 2114 3819 convenit.

2314 3763 2531 3834 ζϐραίων
2548 3763 3062 3834 πεφιλοσοφήκασιν.
3085 3761 3209 3836 Ἆρ’
3232 3763 3326 3819 οὖν
3346 3767 3445 3837 οὺχ
3470 3762 3608 3827 οὗτος
3635 3764 3761 3829 λόγων
3839 3754 3840 3757 “

590 3856 767 3924 Atque
801 3855 946 3909 hunc
992 3852 1048 3907 in
1104 3854 1324 3908 modum
1381 3856 1483 3924 ipsi
1543 3870 1763 3924 quoque
1824 3854 2033 3909 Hebraei
2089 3856 2116 3910 d

2254 3855 2337 3927 εἴη
2367 3856 2432 3908 ἂν
2469 3859 2497 3909 ό
2528 3855 3023 3928 θεοπρεπέστατος,
3065 3857 3291 3927 δυνάμει
3337 3858 3470 3911 Θεοῦ
3498 3857 3659 3925 λογικῇ
3696 3853 3758 3904 καὶ

593 3944 771 4001 Verbo
811 3945 995 4000 divino
1026 3944 1391 4015 philosophati
1444 3956 1593 3999 sunt.
1647 3945 1779 4011 Quis
1826 3958 2001 4001 autem
2048 3964 2115 4001 no

2255 3948 2532 4018 πανσόφῳ,
2559 3949 2756 4018 μᾶλλον
2782 3951 2839 4003 δὲ
2866 3952 3003 4022 αὐτῇ
3032 3950 3191 4021 σοφίᾳ
3208 3950 3305 4003 καὶ
3335 3950 3481 4019 αὐτῷ
3506 3948 3623 4001 Θεοῦ
3646 3948 3755 4012 Λόγῳ

595 4046 876 4109 agnoscat,
908 4038 1011 4092 hoc
1042 4036 1300 4106 loquendi
1334 4051 1504 4106 genus
1541 4037 1783 4091 divinam
1814 4038 2121 4108 majestater

2253 4040 2351 4109 τὴν
2376 4042 2546 4111 ἀρχὴν
2579 4041 2847 4106 ἀνατιθεὶς
2890 4041 2991 4111 τῆς
3030 4040 3123 4094 τοῦ
3172 4042 3373 4104 παντὸς
3422 4036 3755 4102 συστάσεως,ῆ

601 4133 659 4187 in
703 4130 891 4204 primis
944 4131 1158 4197 decere,
1223 4146 1333 4199 quo
1386 4130 1703 4200 intelligenti
1751 4146 1814 4186 ac
1867 4133 2127 4202 sapientis

2253 4136 2364 4197 τοῖς
2389 4133 2613 4204 ἀψύχοις
2647 4137 2741 4188 καὶ
2761 4135 2971 4204 ἀλόγοις
2998 4133 3282 4201 στοιχείοις
3304 4149 3317 4196 ;
3386 4132 3539 4186 Ἀλλὰ
3571 4130 3658 4201 γὰρ
3682 4144 3755 4179 τοι·

595 4224 737 4280 simo
775 4224 918 4277 illius
944 4221 1187 4287 Numini,
1227 4223 1331 4286 vel,
1368 4230 1428 4276 ut
1461 4222 1654 4275 melius
1704 4222 1906 4288 dicam,
1937 4225 2121 4293 ipsime

2255 4226 2393 4280 αὔτα
2427 4229 2554 4299 παρ’
2593 4228 2861 4297 Ἑϐραίοις
2895 4228 2990 4279 καὶ
3012 4226 3081 4278 τὰ
3112 4226 3240 4294 περὶ
3277 4226 3377 4296 τῆς
3404 4226 3507 4279 τῶν
3551 4224 3664 4277 ὅλων
3690 4221 3756 4289 ἁρ-

595 4317 716 4387 ejus
746 4316 1034 4385 Sapientiae
1064 4323 1225 4384 atque
1269 4312 1484 4369 Rationi
1516 4316 1713 4384 potius,
1764 4332 1927 4386 quam
1972 4318 2121 4372 inani

2256 4320 2376 4390 χῆςο
2417 4320 2751 4390 Σκεψώμεθα
2778 4320 2833 4373 δὲ
2862 4320 2955 4373 καὶ
2975 4318 3009 4371 ἃ
3039 4319 3287 4390 περὶτῆς
3320 4318 3426 4372 τῶν
3468 4314 3667 4384 λογικῶν
3692 4328 3754 4363 σλ-

597 4411 703 4464 mis
753 4407 1078 4479 quibusdam
1130 4417 1184 4460 et
1228 4407 1437 4461 ratione
1493 4408 1803 4463 carentibus
1850 4410 2123 4470 elementis

2258 4420 2518 4483 στάσεως,
2548 4418 2657 4471 τῶν
2690 4417 2827 4489 μετά
2844 4418 2941 4489 τὴν
2966 4416 3186 4488 πρώτην
3213 4416 3411 4487 ἀρχὴν,
3434 4412 3752 4466 ἐκδιδάσκουσι

598 4507 841 4561 universi
890 4504 1212 4575 principium
1250 4504 1568 4571 molitioque
1611 4491 1928 4561 tribuatur?
1975 4511 2043 4565 At
2072 4515 2151 4581 ,de
2192 4531 2371 4572 rerum
2424 4517 2689 4587 principio
2746 4534 2812 4571 ex
2875 4515 3219 4569 Hebrazorum
3262 4529 3425 4569 sensu
3471 4508 3755 4570 doctrinaque

596 4603 752 4658 satis.
774 4599 891 4655 Jam
920 4600 1047 4669 quid
1077 4599 1177 4669 ipsi
1197 4607 1451 4668 praeterea
1468 4599 1534 4653 de
1569 4611 1939 4658 creaturarum
1986 4610 2197 4667 ratione
2235 4615 2605 4684 praeditarum,
2634 4614 2932 4669 secundum
2961 4613 3135 4683 prima
3166 4612 3257 4665 illa
3309 4610 3494 4666 mundi
3541 4600 3753 4661 nascentis

598 4693 773 4758 initia,
800 4689 1153 4762 productione
1182 4689 1449 4743 senserint
1487 4689 1739 4760 deinceps
1774 4694 2080 4753 videamus.

3839 3628 3841 3777 ι

1183 4778 1410 4883 ςΑΡυΤ
2185 4832 2230 4889 D

1849 4877 1860 4889 .
2185 4832 2230 4889 Β
2768 4790 3162 4843 ΚΕΦΑΛΑΙΟΝ
3196 4788 3294 4842 1Ε’.

634 4878 711 4931 De
734 4884 1096 4930 creaturarum
1126 4875 1326 4926 ratione
1353 4874 1702 4943 prwditarum
1728 4877 2096 4946 productione.

2051 4900 2096 4936 e.
2186 4874 2227 4889 ’⁷
2493 4882 2633 4951 Περὶ
2653 4879 2771 4949 ’τῆς
2795 4882 2910 4934 τῶν
2938 4880 3194 4951 λογικῶν
3216 4881 3572 4945 συστάσεως.

671 4967 813 5037 Ergo
842 4976 964 5037 post
997 4965 1165 5031 illam,
1198 4964 1356 5034 cujus
1384 4981 1483 5021 nec
1507 4967 1835 5037 principium
1860 4988 1961 5027 nec
1992 4986 2155 5032 ortus

2329 4976 2481 5030 Μετά
2506 4976 2604 5045 τὴν
2639 4976 2869 5044 ἄναρχον
2893 4975 2986 5026 καὶ
3019 4973 3309 5041 ἀγέννητον
3334 4974 3426 5025 τοῦ
3455 4969 3576 5026 Θεοῦ
3596 4964 3747 5037 sani-1'

600 5061 749 5117 ullus
789 5069 892 5125 est,
946 5059 1037 5114 Dei
1070 5058 1415 5128 praepotentis
1457 5060 1778 5129 essentiam,
1826 5063 2126 5135 principiur

2258 5065 2449 5129 ωλέως
2480 5064 2684 5127 οὐσίαν,
2702 5063 2797 5135 τὴν
2820 5064 2918 5115 οὐκ
2943 5060 3162 5116 ἄλλοθεν
3186 5063 3218 5133 ἢ
3249 5065 3313 5115 ὲκ
3351 5062 3442 5115 τοῦ
3479 5058 3659 5130 Harpe;
3685 5071 3746 5123 γε·

669 5185 699 5216 ι
723 5172 880 5246 αὐτῇ.

673 5266 783 5337 (79)
824 5267 1011 5335 Λόγος
1049 5268 1135 5321 δέ.
1179 5266 1381 5341 Exeus.
1408 5269 1535 5341 leg.
1578 5269 1739 5338 νόμος
1785 5269 1860 5322 δέ.
1918 5269 2152 5326 Dubium

2108 5288 2152 5326 m
2263 5270 2568 5341 κωφότερόν
2592 5286 2644 5322 τι
2677 5268 2882 5341 χρῆμα,
2903 5266 3219 5341 conveniat.
3353 5336 3365 5341 _
3609 5330 3634 5341 υ

598 5331 722 5393 esse
755 5331 1065 5421 non'p'otcst
1099 5340 1229 5421 quin
1264 5331 1529 5421 Eusebius
1557 5331 1736 5421 noster
1757 5342 2153 5421 adrogpotius
2478 5331 2995 5421 “applicari-Pium,
3030 5336 3323 5421 ἀρρηκτον,
3353 5336 3503 5421 longe
3534 5331 3704 5421 ιιιριίιξςἶ

600 5422 763 5481 quam
806 5394 990 5481 νόλιος
1027 5394 1212 5481 legerit
1230 5424 1400 5481 Lcum
1442 5410 1545 5463 hoc
1568 5411 1633 5464 de
1666 5394 2047 5481 Verbo'diviho
2076 5394 2126 5465 te

2333 5394 2442 5481 (811
2473 5394 2731 5476 «mihiea».
2769 5407 2945 5471 Philo,
2973 5394 3220 5478 καθάπερ
3243 5394 3529 5476 φωνήεντα,
3554 5399 3671 5471 quod
3694 5394 3744 5449 si-

601 5478 913 5565 stimo'nimn
946 5478 1204 5565 proferat.
1235 5478 1298 5533 Et
1329 5495 1628 5565 sanencum.
1650 5481 1958 5565 paulo'polst
1985 5480 2152 5536 Deum
2262 5478 2604 5565 gniﬁcanti‘us
2631 5481 2866 5565 videtur.
3121 5548 3146 5557 __
3251 5546 3310 5565 ψ

600 5548 721 5617 ejus
753 5546 962 5628 Patrem
986 5552 1231 5631 appellet,
1251 5550 1588 5604 commodius
1617 5546 1667 5603 id
1695 5550 1762 5603 de
1792 5546 1964 5605 verbo
1987 5568 2126 5620 quau

601 5617 680 5689 de,
705 5617 819 5685 lege
851 5633 1103 5689 accipias.
1146 5620 1258 5673 lmo
1281 5621 1423 5689 quod
1456 5621 1621 5685 addit,
1654 5636 1774 5674 esse
1807 5624 1960 5689 quasi
1996 5621 2123 5689 μεθό

2262 5546 2290 5553 ”
2330 5552 2439 5621 (θῖ)
2489 5548 2851 5619 Ἐγηοάμμου
2882 5548 3205 5617 μουσικῆς.
3251 5546 3383 5601 Hinc
3408 5554 3634 5600 excusum
3656 5548 3743 5619 cor-

2260 5624 2407 5689 rigas
2466 5622 2625 5689 licet:
2683 5621 2773 5675 Ubi
2835 5634 3116 5689 perperam
3173 5620 3363 5689 legitur
3421 5617 3743 5685 ὲγγραμματου

640 5636 668 5671 e
705 5636 819 5685 tege
851 5636 1103 5688 θρεψεως.
1146 5636 1258 5673 imo
1281 5636 1423 5689 quoa
1456 5636 1621 5685 amnt,
1654 5636 1774 5674 esse
1807 5638 1960 5689 quasr
1996 5636 2153 5691 μεοο-

640 5688 722 5762 ιόν-
743 5705 794 5739 τι
823 5688 1036 5762 φωνῆεν
1069 5690 1342 5760 στοιχείων
1375 5691 1632 5759 ἀφώνων,
1677 5692 2070 5762 niultomelius
2098 5692 2151 5744 in

1456 5636 1621 5685 amnt,
1654 5636 1774 5674 esse
1807 5638 1960 5689 quasr
1996 5636 2153 5691 μεοο-
2260 5638 2407 5690 rtgas
2468 5636 2625 5689 licet,
2683 5636 2773 5675 um
2835 5636 2964 5690 perp

1438 5691 1632 5756 nbvwv,
1677 5692 2070 5762 niultomelius
2098 5692 2151 5744 in
2263 5692 2484 5762 μούσης.

650 5759 868 5843 erbum,
899 5759 1042 5829 quod
1073 5759 1256 5817 vocale
1281 5762 1406 5833 quid
1432 5773 1622 5829 sonat,
1657 5777 1819 5833 quam
1856 5761 1908 5815 in
1955 5762 2150 5829 legem,
