3864 6386
635 302 730 362 551

1262 284 1531 360 EUS‘EBH
1570 300 2051 359 CAESARIENSIS
2088 298 2237 360 ore.
2272 297 2456 360 rans
2490 302 2556 360 ιι.
2598 335 2667 346 -
2704 299 3203 361 APOLOGETICA.
3687 320 3751 377 εδ,
3830 252 3831 271 Ν

632 444 848 484 omnem
878 427 1151 498 principii,
1199 426 1468 495 primique
1506 425 1794 491 rationem,
1837 435 1891 481 et
1932 426 2180 497 quidquid

2299 430 2516 497 ἐφικτὸν
2549 430 2911 501 ἐμπαρέχειν·
2948 423 3023 483 ὧν
3050 430 3116 483 τά
3156 429 3330 485 τέλεια
3375 433 3459 484 καὶ
3490 433 3636 506 ἄκρως
3669 442 3753 502 ἄγη

630 537 726 580 seu
772 520 951 575 verbis
998 518 1276 588 explicari,
1326 534 1421 571 seu
1450 519 1780 587 cogitatione
1809 519 2195 588 comprehendi

627 621 813 685 queat,
864 611 1067 665 intlnite
1117 618 1580 681 prmtergressum,
1632 626 1695 665 ea
1730 612 1948 681 quidem
1991 612 2194 677 omnia,

627 719 749 775 qua:
774 705 1039 757 immenso
1069 703 1329 755 virtutum
1357 717 1580 756 suarum
1618 718 1681 757 ac
1710 702 2031 757 facultatum
2068 705 2193 758 sinu

628 797 1027 866 complectitur,
1089 812 1214 850 cum
1259 796 1434 866 primo
1488 805 1695 850 tantum
1734 796 1844 850 fetu
1892 796 2197 851 communi-

626 904 772 955 care,
809 888 952 957 quod
988 888 1032 943 is
1063 888 1214 943 solus
1245 902 1389 953 eam,
1420 903 1542 957 qua:
1578 888 1915 957 reliquorum
1942 888 2194 941 omnium

624 981 735 1035 vim
803 990 1131 1051 captumque
1192 989 1435 1049 superat,
1506 992 1857 1059 paternorum
1922 983 2193 1037 bonorum

625 1073 1040 1137 abundantiam,
1071 1089 1262 1142 capere
1297 1089 1360 1127 ac
1391 1074 1661 1128 sustinere
1706 1074 1901 1143 possit.
1958 1073 2027 1127 At
2059 1087 2187 1128 vero

624 1163 837 1217 naturis
880 1163 1002 1218 aliis
1031 1164 1420 1234 singularibus,
1455 1178 1553 1233 pro
1596 1179 1693 1218 sua
1731 1164 1894 1234 326
1926 1164 2193 1233 cujusque

624 1255 907 1324 dignitate,
938 1270 1147 1325 proque
1182 1272 1248 1311 eo
1277 1271 1340 1310 ac
1370 1255 1512 1311 fer-re
1548 1256 1775 1325 singula:
1805 1264 2051 1325 possunt,
2081 1255 2193 1311 sin-

618 1349 838 1418 gulares
888 1349 1053 1402 etiam
1115 1348 1512 1418 distinctasqne
1584 1348 1903 1418 particulas,
1964 1346 2191 1403 secundi

621 1440 877 1510 principii
910 1449 1170 1509 tanquam
1203 1439 1514 1509 interpretis
1567 1454 1631 1494 ac
1678 1440 1977 1508 sequestris
2024 1455 2189 1508 opera

619 1533 899 1597 dividere;
930 1532 1011 1587 sic
1042 1545 1242 1597 tamen,
1283 1541 1342 1585 ut
1395 1547 1516 1601 quae
1542 1530 1784 1585 numeris
1821 1532 2072 1585 omnibus
2096 1531 2189 1586 αι)-

612 1624 820 1685 soluta,
853 1637 1179 1692 summaque
1213 1623 1500 1676 sanctitate
1534 1622 1754 1691 praedita
1785 1631 1935 1687 sunt,
1969 1636 2034 1676 eo
2065 1631 2188 1676 tan-

614 1722 736 1769 3tum
766 1714 863 1777 illi,
893 1715 985 1784 qui
1019 1714 1213 1769 tertius
1245 1713 1313 1767 ab
1342 1713 1459 1782 ipso
1499 1722 1834 1777 numeratur,
1870 1712 2072 1782 quique
2103 1727 2189 1767 se-

610 1808 901 1875 quentium
957 1805 1084 1859 item
1132 1815 1451 1859 naturarum
1486 1804 1595 1858 dux
1627 1813 1679 1858 et
1730 1805 2054 1875 principium
2079 1814 2184 1871 est,

613 1894 715 1948 ﬁlii
751 1895 835 1949 sui
867 1903 1217 1964 paternorum
1252 1895 1523 1949 bonorum
1574 1894 1969 1972 dispensatoris
2009 1898 2181 1950 mani-

615 1985 722 2041 bus
768 1986 1048 2055 largiatur.
1086 1986 1161 2040 Ita
1191 1986 1371 2041 cuncti
1419 1984 1767 2040 Hebraeorum
1808 1988 2064 2058 theologi,
2101 2004 2189 2044 se-

610 2075 857 2132 cundum
905 2076 1256 2146 praepotentis
1290 2076 1405 2139 Dei,
1441 2092 1736 2147 rerumque
1769 2078 2012 2132 omnium
2062 2094 2188 2134 mo-

612 2170 887 2225 deratoris
932 2167 1167 2233 Numen,
1228 2184 1294 2224 ac
1332 2171 1746 2239 primogenitam
1780 2170 1925 2226 illius
1960 2170 2188 2240 Sapien-

616 2263 773 2326 tiam,
832 2262 1044 2316 tertiam
1098 2261 1238 2316 hanc
1274 2272 1630 2332 sanctamque
1687 2263 1967 2325 virtutem,
2024 2277 2183 2331 quem

618 2360 868 2407 sanctum
906 2353 981 2407 illi
1035 2351 1295 2421 Spiritum
1336 2353 1640 2415 nominant,
1693 2352 1897 2422 quique
1926 2353 2186 2408 divinitus

609 2441 828 2497 amatos
877 2443 1005 2496 olim
1060 2443 1356 2511 prophetas
1419 2441 1793 2502 collustrabat,
1846 2441 2014 2496 Deum
2064 2456 2185 2497 esse

612 2532 965 2587 conﬁtentur.
1000 2530 1120 2585 Jam
1167 2540 1289 2600 post
1336 2532 1535 2585 coelum
1583 2532 1734 2597 illud,
1792 2533 1984 2595 solem,
2020 2539 2183 2602 atque

616 2622 825 2687 lunam,
860 2623 1043 2676 stellas
1072 2624 1213 2676 inter
1261 2623 1496 2690 dignitas
1544 2633 1595 2676 et
1640 2622 1825 2691 gloria:
1867 2623 2181 2676 discrimina

610 2721 883 2768 statuunt.
938 2712 1000 2766 Et
1047 2713 1298 2783 quamvis
1346 2724 1552 2768 certqu
1584 2724 1857 2768 astrorum
1895 2730 2181 2767 numerum

614 2807 830 2875 assequi
874 2806 1121 2859 mortalis
1177 2816 1367 2859 natura
1420 2821 1527 2860 non
1581 2806 1787 2876 possit:
1848 2804 1958 2861 Deo
1999 2815 2182 2861 tamen

614 2913 833 2953 summo
874 2912 1057 2951 rerum
1105 2897 1353 2951 omnium
1393 2895 1621 2953 Domino
1658 2897 1867 2952 militiae
1903 2898 2024 2954 coeli
2058 2898 2182 2953 uni-

610 3004 785 3044 versa:
816 2991 1245 3057 multitudinem,
1269 3001 1320 3045 et
1357 2992 1630 3061 propriam
1669 2992 1941 3062 cujusque
1986 2992 2180 3047 sideris

2296 520 2373 589 τῷ
2396 521 2562 592 τρίτῳ
2595 521 2692 591 μὲν
2722 522 2813 589 ἀφ’
2846 519 3057 585 ἑαυτοῦ,
3088 522 3306 591 ἄρχοντι
3342 520 3395 573 δὲ
3438 525 3517 576 καὶ
3552 529 3753 605 ἡγουμαῳ

2296 610 2402 664 τῶν
2434 613 2744 682 μετέπειτα,
2766 611 2853 666 διά
2880 612 2971 665 τοῦ
2999 612 3125 664 Υίοῦ
3158 612 3225 665 τὰ
3250 613 3474 683 περὶτοῦ
3498 617 3754 690 Πατρὸςὲπι.

2296 703 2658 775 κομιζομένῳ,
2691 704 3047 776 δεδωρῆσθαι.
3070 704 3260 757 Ἔνθεν
3284 708 3332 758 οἱ
3364 707 3542 773 πάντες
3570 710 3753 785 Ἐὕραίων

2294 794 2552 864 θεολόγοι,
2584 795 2720 865 μετά
2752 797 2841 850 τὸν
2870 798 2962 851 ἐπὶ
2991 796 3206 849 πάντων
3247 797 3398 861 Θεὸν,
3436 801 3516 852 καὶ
3557 806 3661 871 μετὰ
3693 810 3753 877 τὴν

2297 887 2636 959 πρωτότοκον
2671 888 2833 942 αὐτοῦ
2864 888 3077 958 σοφίαν,
3104 889 3201 961 τὴν
3225 890 3409 961 τρίτην
3434 892 3516 943 καὶ
3548 896 3673 963 ἁγίαν
3700 898 3756 951 6-.-

2295 978 2484 1048 νάμιν,
2516 979 2669 1047 ἅγιον
2716 978 2937 1049 Πνεῦμα
2976 982 3383 1051 προσειπόντες,
3422 981 3753 1053 ἀωθειάζουςιν,

2296 1071 2383 1140 ὑφ’
2413 1064 2472 1124 οῦ
2501 1070 2595 1124 καὶ
2630 1070 2953 1140 ὲφωτίζοντο
3001 1070 3430 1143 Θεοφορούμενοι.
3476 1073 3606 1144 Ἑξῆς
3704 1081 3759 1131 οὗ.

2298 1162 2459 1233 ρανῴ,
2488 1163 2582 1215 καὶ
2610 1163 2765 1234 ἡλίῳ,
2798 1165 2891 1216 καὶ
2927 1163 3121 1237 σελήνῃ
3142 1203 3155 1227 ,
3190 1163 3395 1234 ἀστέρα
3435 1165 3577 1233 φασὶν
3602 1168 3757 1239 ἀστέρος

2292 1252 2564 1326 διαφέρειν
2611 1256 2667 1308 ὲν
2711 1254 2855 1328 δόξῃ.
2910 1254 3086 1326 Θνητῇ
3134 1256 3231 1326 μὲν
3272 1251 3365 1308 οὖν
3390 1254 3534 1324 φύσει
3566 1258 3760 1311 οὐκέστιν

2286 1345 2521 1415 ἀριθμὸν
2553 1346 2765 1415 ἄστρων
2795 1346 3015 1398 δυνατὸν
3046 1346 3244 1413 εὑρεῖν,
3269 1344 3405 1416 πλὴν
3440 1344 3558 1397 ἀλλά
3579 1348 3649 1399 τὸν
3666 1364 3761 1417 mp-

2291 1436 2513 1491 ϐασιλέα
2546 1437 2675 1490 Θεὸν
2703 1437 2772 1491 τά
2805 1436 3069 1505 Ἑϐραίων
3111 1437 3242 1505 φασὶ
3266 1436 3417 1505 λόγια
3435 1476 3450 1500 ,
3479 1438 3560 1490 καὶ
3588 1440 3665 1507 τῆς
3685 1441 3759 1490 κατ’

2290 1528 2515 1600 οὐρανὸν
2549 1530 2807 1599 στρατιᾶς
2836 1528 2902 1581 τά
2927 1527 3103 1598 πλήθη
3135 1528 3228 1580 καὶ
3250 1528 3349 1591 τὰς
3375 1530 3690 1598 προσηγορίας
3715 1530 3759 1597 μὴ

2286 1622 2527 1691 ἀγνοεῖνο
2558 1623 2637 1675 διὸ
2681 1623 2810 1694 παρ’
2858 1622 3038 1684 αὐτοῖς
3083 1620 3374 1689 λέγεσθαι·
3414 1640 3431 1672 ι
3494 1622 3545 1674 '0
3586 1622 3761 1692 ἀριϐμὶυι

2292 1715 2466 1786 πλήθη
2494 1716 2727 1785 ἄστρων,
2762 1713 2857 1767 καὶ
2896 1716 3061 1767 πᾶσιν
3092 1715 3273 1776 αὐτοῖς
3308 1713 3535 1783 ὀνόματα
3571 1714 3758 1767 καλῶν.ι

2292 1807 2445 1861 Οῦτω
2466 1806 2527 1877 δὴ
2553 1805 2689 1876 μετά
2708 1804 2777 1857 τὰ
2805 1804 2997 1875 πρῶτα
3019 1803 3124 1855 τῶν
3146 1805 3202 1856 ὲν
3227 1802 3528 1872 ἀσωμάτοις
3551 1800 3762 1868 Serapim

2287 1902 2502 1952 ἐπινοου
2513 1898 2684 1969 μένων
2706 1897 2940 1968 ἄστρων,
2976 1894 3153 1963 φωτὸς
3179 1893 3368 1964 νοεροῦ
3398 1893 3599 1961 δυνάμει
3627 1907 3672 1941 τε
3707 1890 3764 1941 καὶ

2286 1992 2442 2061 οὐσίᾳ
2465 1989 2890 2061 διαπρεπόντων,
2926 1988 3093 2058 πολλή
3120 2004 3203 2049 τις
3234 1986 3327 2039 καὶ
3347 1988 3473 2055 ἡμῖν
3497 1982 3765 2054 ἀπερινόητις

2284 2084 2521 2154 διαφορά
2548 2083 2823 2153 τυγχάνει,
2845 2079 3035 2151 ἀναρίθ
3045 2080 3188 2150 μη,τά
3208 2096 3267 2131 τε
3294 2077 3436 2147 φῦλα
3456 2078 3543 2131 καὶ
3556 2077 3679 2145 γένη,
3694 2076 3766 2128 ἀλλ’

2286 2178 2343 2229 οὺ
2376 2177 2469 2230 καὶ
2500 2174 2576 2245 τῷ
2601 2174 2707 2227 τῶν
2732 2174 2866 2225 ὅλων
2896 2175 3107 2242 ποιητῇ.
3152 2171 3245 2223 Διὸ
3287 2171 3383 2222 καὶ
3421 2170 3478 2221 τὸ
3507 2166 3765 2238 καταληττδν

2286 2268 2464 2323 αὐτῶν
2503 2269 2648 2339 μόνῳ
2692 2266 2768 2337 τῷ
2800 2265 2918 2335 Θεῷ
2947 2265 3213 2335 παριστὰς
3252 2280 3337 2327 τις
3371 2262 3616 2329 Θεολόγων
3654 2262 3765 2329 φησί·

2292 2378 2310 2411 ‹
2356 2359 2562 2427 Μύριαι
2585 2357 2838 2430 μυριάδες
2870 2356 3241 2425 ἐλειτούργουν
3266 2355 3434 2424 αὐτῷ,
3466 2355 3551 2407 καὶ
3572 2354 3701 2423 χίλιαι
3719 2369 3767 2422 γι-

2284 2449 2459 2513 λιάδες
2487 2449 2940 2520 παρειστήκεισαν
2984 2446 3287 2517 ἔμπροσθεν
3326 2444 3486 2497 αὑτοῦ
3512 2462 3524 2474 δ
3558 2464 3575 2495 ι
3610 2445 3677 2497 διὰ
3709 2447 3769 2514 μὲν

2283 2539 2377 2593 τοῦ
2418 2538 2650 2610 ἀριθμοῦ
2694 2538 2867 2609 δηλῶν
2907 2538 2967 2590 τὸ
3011 2537 3089 2607 τῷ
3114 2536 3232 2607 Θεῷ
3265 2535 3597 2605 καταληπτὸν
3632 2537 3767 2596 αὐτῶν,

2282 2632 2369 2685 διὰ
2396 2632 2450 2683 δὲ
2481 2630 2572 2682 τοῦ
2601 2629 2766 2683 ποσοῦ
2799 2629 2860 2681 τὸ
2884 2630 3011 2699 ἡμῖν
3045 2627 3267 2697 ἄπειρον
3293 2644 3307 2656 °
3337 2629 3465 2697 παρ’
3489 2625 3514 2677 ὃ
3537 2627 3617 2679 καὶ
3638 2626 3770 2677 εἱώθε-

2286 2740 2384 2791 μεν
2413 2720 2694 2793 ὀνομάζειν
2720 2720 2839 2775 καθ’
2872 2719 3174 2791 ὑπερϐολῆς
3206 2718 3446 2790 ἔμφασιν
3473 2719 3535 2772 τὰ
3562 2717 3699 2770 πολλὰ
3715 2714 3770 2767 καὶ

2282 2814 2485 2885 ἄπειρα
2534 2814 2720 2885 μυρία.
2767 2812 2957 2875 ’Ἄλλος
2996 2811 3053 2864 δέ
3101 2828 3184 2874 τις
3238 2812 3555 2882 προφήτης,
3592 2807 3774 2880 περὶτῆς

2276 2904 2467 2967 οὐσίας
2484 2904 2658 2959 αὐτῶν
2677 2900 2906 2968 διεξιὼν,
2925 2894 3025 2954 ὧδέ
3047 2918 3162 2963 πως
3184 2901 3273 2953 τὸν
3300 2902 3528 2971 ποιητὴν
3549 2901 3643 2953 τῶν
3660 2899 3772 2951 diriv-

2282 3014 2389 3051 των
2413 2994 2669 3064 θεολογεῖ,
2703 2994 2924 3064 φάσκων
2944 3013 2957 3025 ·
2995 3014 3013 3046 ι
3041 2994 3212 3067 Κύριε
3232 2996 3264 3047 ό
3286 2994 3420 3057 Θεός
3453 3011 3578 3065 μου,
3610 2992 3673 3055 ὡς
3692 2994 3773 3060 ἐμε-

608 3081 1027 3151 appellationem
1048 3092 1389 3152 perspectam
1410 3098 1531 3138 esse
1554 3091 1607 3137 et
1631 3084 1907 3153 cognitam
1933 3081 2179 3138 Hebrmo-

2282 3086 2551 3158 γαλύνθης
2577 3087 2800 3158 σφόδρα,
2835 3087 3217 3157 ἐξομολόγησιν
3253 3088 3349 3140 καὶ
3381 3085 3773 3157 μεγαλοπρέπειαν

612 3188 734 3226 rum
769 3183 1035 3227 testantur
1063 3173 1305 3240 oracula,
1336 3189 1510 3244 eoque
1535 3174 1601 3228 de
1624 3173 1737 3228 Deo
1759 3175 1838 3229 sic
1861 3174 2177 3244 loquuntur,

612 3265 750 3329 «Qui
787 3276 1038 3319 numerat
1070 3264 1472 3319 multitudinem
1503 3265 1808 3332 stellarum,
1846 3274 1901 3319 et
1928 3267 2183 3321 omnibus

612 3356 680 3410 iis
714 3357 929 3411 nomina
964 3365 1121 3410 vocat
1152 3356 1252 3409 τ’.)
1291 3354 1383 3409 Sic
1424 3356 1601 3425 plane,
1664 3356 1962 3411 secundum
2010 3372 2182 3427 prima

611 3447 701 3501 illa
750 3447 1032 3517 principia,
1086 3462 1277 3501 eorum
1304 3446 1577 3517 deinceps,
1602 3463 1723 3518 qua:
1754 3448 1806 3501 in
1832 3448 1923 3502 illa
1957 3460 2181 3503 natura~

612 3556 736 3595 rum
772 3540 1219 3611 incorporearum
1249 3541 1596 3596 multitudine
1638 3541 1969 3611 cogitantur,
2006 3551 2178 3597 astro~

607 3647 755 3697 rum,
796 3648 1025 3702 qumque
1055 3633 1318 3703 spiritalis
1352 3634 1583 3689 luminis
1613 3635 1833 3701 virtute,
1863 3644 1915 3688 et
1944 3636 2177 3704 quadam

608 3731 821 3777 natura:
855 3726 1240 3779 communione
1266 3734 1546 3795 prmstant,
1584 3727 1773 3796 ingens
1800 3726 2046 3795 quzedam
2074 3736 2175 3780 est.

609 3825 909 3886 nostraque
955 3817 1291 3888 intelligendi
1341 3819 1390 3872 vi
1432 3820 1607 3889 major
1642 3819 1967 3885 differentia,
2013 3819 2177 3873 innu-

609 3909 898 3963 merabiles
930 3910 1055 3963 item
1092 3912 1364 3977 nationes,
1405 3927 1468 3966 ac
1501 3928 1703 3981 genera
1748 3922 1909 3968 sunt:
1944 3931 2065 3983 quae
2092 3925 2170 3967 ta-

609 4015 732 4054 men
766 4001 1010 4055 omnium
1060 4003 1278 4057 molitor
1302 4003 1659 4074 conditorque
1686 4003 1851 4069 Deus,
1893 4015 2176 4060 numerata

607 4100 771 4162 atque
824 4096 1101 4163 explorata
1145 4095 1341 4150 habeat
1391 4098 1665 4151 universa.
1718 4096 1898 4162 Quare
1960 4106 2018 4152 ut
2051 4113 2174 4166 per-

605 4184 803 4240 fectam
839 4187 1216 4257 integramque
1268 4188 1609 4259 singulorum
1660 4188 2022 4257 cognitionem
2082 4188 2175 4241 uni

606 4278 720 4334 Deo
750 4282 1038 4335 convenire
1066 4280 1443 4351 theologorum
1478 4280 1680 4349 aliquis
1716 4278 2000 4342 indicaret,
2026 4276 2176 4331 «Mil-

606 4370 679 4425 lia
711 4370 965 4434 millium,
1006 4369 1204 4439 inquit,
1238 4370 1625 4424 ministrabant
1659 4369 1729 4435 ei,
1767 4377 1820 4423 et
1845 4368 2025 4423 decies
2048 4367 2161 4421 mil-

2282 3179 2551 3244 ὲνεδύσω,
2597 3177 3025 3247 ἀναϐαλλόμενος
3056 3178 3169 3247 φῶς
3208 3176 3285 3240 ὡς
3320 3179 3556 3248 ἱμάτιον,
3592 3173 3775 3228 ἐκτείνων

2282 3270 2374 3324 τὸν
2391 3270 2613 3342 οὐρανὸν
2647 3269 2779 3322 ὡσεὶ
2810 3268 2995 3340 δέρριν
3014 3287 3026 3300 ’
3052 3271 3080 3323 ὁ
3108 3268 3276 3321 ποιῶν
3316 3270 3445 3331 τοὺς
3465 3266 3693 3335 ἀγγέλους
3716 3262 3775 3314 αὖ·

2281 3364 2376 3417 τοῦ
2428 3362 2739 3434 πνεύματα,
2778 3362 2871 3415 καὶ
2914 3362 3036 3425 τοὺς
3078 3362 3431 3431 λειτουργοὺς
3469 3358 3619 3412 αὑτοῦ
3662 3352 3776 3423 cura;

2283 3456 2475 3525 φλόγα.
2514 3475 2532 3506 »
2570 3455 2660 3525 Μή
2697 3472 2777 3507 τοι
2806 3454 3032 3527 νομίσῃς
3054 3453 3146 3506 τοῦ
3176 3455 3307 3523 παρ’
3344 3455 3475 3522 ἡμῖν
3521 3448 3687 3520 Θνητοῦ
3718 3445 3776 3497 καὶ

2281 3547 2513 3618 γεώδους
2554 3548 2723 3617 πυρὸς
2762 3548 2945 3609 οὐσίας
2981 3545 3224 3615 μετέχειν
3248 3544 3319 3597 τὰ
3349 3544 3661 3616 δηλούμενα,
3688 3534 3776 3608 μηδὲ

2282 3655 2344 3707 γε
2403 3637 2510 3690 τῶν
2580 3636 2639 3701 ἐξ
2703 3636 2898 3704 ἀλόγου
2963 3635 3178 3703 φύσεως
3253 3635 3420 3707 ἀέρος
3484 3630 3774 3701 πνευμάτων,

2280 3729 2391 3783 ἀλλ’
2448 3723 2559 3782 οἶόν
2607 3746 2713 3799 περ
2768 3728 2863 3782 καὶ
2909 3727 3069 3781 αὑτὸν
3136 3728 3467 3797 ὀνομάζουσι
3526 3725 3608 3779 τὸν
3655 3721 3777 3777 Θεὸν»

2280 3819 2569 3890 ἀσώματον
2616 3820 2734 3890 μὲν,
2760 3819 2854 3872 καὶ
2878 3818 3058 3883 ἀῦλον,
3110 3819 3205 3871 καὶ
3234 3818 3517 3880 αὑτόνουν,
3564 3812 3723 3880 μᾶλλον
3743 3809 3777 3858 δὲ

2279 3912 2418 3983 ὑπὲρ
2438 3912 2581 3977 νοῦν,
2618 3912 2713 3964 καὶ
2746 3912 2922 3965 πάντα
2952 3911 3107 3979 λόγον
3132 3910 3261 3964 ὅντα
3309 3911 3412 3982 τὴν
3457 3909 3622 3978 φύσιν·
3648 3918 3780 3975 spot?

2280 4002 2514 4073 κώτερον
2551 4003 2608 4055 δὲ
2637 4003 2731 4056 καὶ
2755 4002 2989 4071 πνεῦμα,
3020 4002 3114 4055 καὶ
3166 4002 3299 4072 πῦρ,
3346 4000 3441 4054 καὶ
3474 3999 3600 4069 φῶς,
3626 3995 3700 4048 καὶ
3722 3991 3781 4042 ἄλο

2278 4093 2396 4157 λαις
2423 4095 2530 4147 τισι¹
2570 4094 2958 4165 προσηγορίαις
2979 4093 3199 4164 Θνηταῖς
3250 4093 3447 4156 ἀκοαῖς
3498 4084 3779 4155 καταλλήλοϊς

2276 4182 2691 4255 ὀνομαζόμενον,
2719 4183 2980 4252 ἀγγέλους
3007 4183 3143 4252 δῆτα
3183 4182 3275 4235 καὶ
3334 4179 3695 4255 ἀρχαγγέλους.
3720 4172 3781 4225 κιὶ

2277 4275 2576 4351 πνεύματα,
2614 4278 2708 4329 καὶ
2733 4277 2882 4339 θείας
2914 4275 3189 4345 δυνάμεις,
3247 4274 3346 4328 καὶ
3395 4271 3636 4345 στρατιὰς
3661 4268 3779 4336 οὑρι-

2277 4368 2438 4433 νίους,
2464 4369 2636 4439 ἀρχάς
2668 4385 2724 4421 τε
2751 4368 2844 4421 καὶ
2875 4366 3138 4431 ἐξουσίας,
3170 4367 3263 4419 καὶ
3290 4366 3534 4438 Θρόνους,
3564 4362 3646 4415 καὶ
3674 4373 3781 4426 κυρι-

606 4461 707 4517 lies
763 4470 985 4517 centena
1019 4461 1188 4515 millia
1239 4462 1568 4516 assistebant
1600 4461 1649 4515 ei
1684 4461 1783 4514 ⁸⁰.›
1828 4460 1963 4512 Dum
2022 4459 2168 4513 enim

2282 4458 2490 4528 ότητας,
2518 4459 2592 4521 ὡς
2619 4457 2684 4510 ἂν
2714 4457 2938 4529 μυρίους
2970 4455 3061 4507 ἐπὶ
3113 4455 3328 4526 μυρίοις
3366 4454 3592 4525 ἀστέρας
3637 4464 3684 4499 τε
3718 4444 3779 4496 tu".

606 4550 723 4623 ipse
749 4566 913 4606 unum
934 4551 1168 4621 aliquem
1199 4566 1482 4605 numerum
1506 4551 1768 4622 assignat,
1798 4551 2035 4604 rationes
2060 4548 2172 4603 sin-

521 4643 526 4655 '
604 4644 858 4716 gulorum
884 4658 1074 4698 omnes
1106 4644 1526 4712 comprehensas
1559 4642 1725 4696 Deum
1768 4642 1968 4696 habere
2001 4640 2171 4711 signi-

605 4740 772 4805 ﬁcat;
805 4740 933 4793 dum
963 4754 1091 4794 vero
1122 4738 1208 4793 his
1222 4738 1621 4792 multitudinem
1644 4737 1826 4793 verbis
1856 4738 2167 4804 adumbrat,

606 4833 756 4888 nullo
782 4846 814 4886 a
845 4831 1001 4886 nobis
1033 4845 1155 4886 eam
1180 4840 1327 4884 certo
1366 4843 1594 4883 numero
1634 4828 1849 4883 deliniri
1881 4843 2044 4897 posse
2071 4828 2167 4882 de-

605 4930 892 4979 monstrat.
948 4920 1082 4973 Nam
1114 4934 1235 4988 quat
1269 4917 1478 4972 inlinita
1512 4928 1665 4983 sunt,
1708 4932 1771 4972 ea
1816 4917 2050 4987 quodam
2083 4918 2166 4971 lo-

604 5007 806 5078 quendi
854 5008 1038 5071 modo,
1078 5006 1172 5077 qui
1218 5022 1503 5060 excessum
1556 5006 1711 5060 illum
1767 5015 1942 5072 sonet,
1997 5008 2165 5061 millia

606 5101 765 5171 vulgo
785 5100 1039 5154 dicimus.
1069 5098 1221 5153 Alius
1244 5097 1367 5151 item
1396 5097 1676 5167 propheta,
1697 5113 1819 5152 cum
1844 5098 2165 5167 deipsarum

604 5201 799 5247 natura
842 5192 1154 5257 dissereret,
1184 5190 1497 5243 universum
1524 5199 1821 5256 auctorem,
1855 5192 1931 5245 uti
1957 5192 2171 5246 theolo-

602 5298 732 5353 gum
749 5283 918 5349 decet,
937 5283 1006 5336 ita
1025 5281 1328 5350 compellat,
1341 5301 1358 5331 ι
1381 5280 1625 5347 Domine,
1640 5281 1971 5351 ittquiQDeus
1986 5298 2160 5347 meus,

601 5388 767 5441 quam
800 5370 1172 5442 magniﬁcatus
1199 5385 1257 5424 es
1289 5372 1652 5434 vehementer,
1681 5370 2074 5427 confessionem
2111 5382 2165 5427 et

604 5463 1060 5531 magniﬁcentiam
1097 5462 1341 5526 induisti,
1386 5462 1617 5516 amictus
1652 5462 1857 5517 lumine
1900 5464 2040 5518 sicut
2072 5478 2165 5517 ve.

602 5554 885 5609 stimento:
913 5556 1003 5625 qui
1028 5556 1271 5611 extendis
1290 5555 1487 5610 caelum
1510 5555 1649 5609 sicut
1676 5556 1890 5626 pellem,
1912 5558 2008 5627 qui
2024 5554 2160 5611 facis

685 5734 723 5761 ·⁹
748 5730 888 5785 l‘sal.
917 5747 1091 5798 exul,
1129 5731 1182 5786 4.
1276 5732 1319 5762 ⁸ο
1344 5730 1478 5786 Dan.
1513 5745 1605 5799 vn,
1640 5729 1725 5785 10.

2276 4549 2585 4620 φωστῆρας,
2615 4547 2711 4612 τὰς
2737 4547 2927 4618 νοεράς
2960 4546 3055 4599 καὶ
3081 4544 3301 4615 λογικὰς
3325 4546 3513 4607 οὐσίας
3536 4545 3581 4595 οἱ
3599 4538 3708 4592 Θεοῦ
3722 4534 3782 4586 λό-

2274 4657 2360 4709 γοι
2385 4638 2788 4708 προσειπόντες,
2815 4638 3002 4707 ἄρχειν
3022 4636 3274 4689 ἀπάντων
3303 4637 3401 4690 καὶ
3423 4632 3701 4687 ἐπιστατεῖν
3721 4625 3779 4677 τὸν

2270 4730 2367 4801 τῆς
2406 4728 2749 4799 δικαιοσύνης
2784 4728 2946 4797 φασὶν
2971 4727 3120 4797 ἣλιον
3139 4767 3153 4791 ,
3179 4728 3273 4779 καὶ
3299 4727 3365 4779 τὸ
3392 4727 3575 4780 τούτου
3608 4722 3781 4785 σύξυτνδ

2274 4822 2426 4890 ἅγιον
2456 4820 2697 4891 Πνεῦμα.
2730 4819 2811 4872 Τά
2841 4820 2898 4873 δὲ
2925 4819 3098 4872 πάντα
3129 4818 3344 4889 ἀθρόως
3400 4816 3547 4887 αὑτῷ
3588 4812 3683 4881 Υίῷ
3716 4807 3779 4861 καὶ

2271 4914 2412 4985 ἁγίῳ
2432 4913 2730 4984 Πνεύματι,
2761 4912 2996 4982 νοερόιτε
3026 4911 3142 4977 ζῶα
3183 4910 3279 4964 καὶ
3327 4909 3544 4978 λογικὰ,
3594 4908 3677 4959 σὺν
3719 4900 3779 4952 καὶ

2264 5008 2379 5068 τοῖς
2406 5007 2525 5059 κατ’
2558 5004 2785 5075 οὐρανὸν
2809 5003 3173 5073 φαινομένοις,
3195 5003 3431 5073 οὐρανόν
3462 5019 3521 5054 τε
3549 4991 3779 5055 autumni

2264 5098 2364 5151 ὅσα
2397 5097 2541 5151 ἔνδον
2568 5092 2719 5161 οὗτος
2768 5100 2825 5151 ὲν
2859 5095 3006 5167 αὑτῷ
3057 5094 3369 5167 περιλαὸὼν
3415 5094 3546 5166 ἔχει,
3732 5082 3785 5151 τῷ

2265 5190 2356 5243 ἐπὶ
2379 5189 2597 5243 πάντων
2620 5188 2737 5260 Θεῷ
2763 5188 2839 5259 τῷ
2870 5184 2959 5242 δ’ιά
2991 5186 3206 5241 πάντων
3243 5188 3338 5240 καὶ
3364 5188 3425 5241 ὲν
3453 5186 3581 5238 πᾶσι
3610 5174 3786 5248 παμνὸω

2273 5282 2424 5348 σιλεῖ,
2453 5283 2543 5335 καὶ
2574 5281 2931 5353 πανηγεμόνι,
2985 5282 3079 5333 καὶ
3123 5280 3281 5349 αίτίῳ
3316 5279 3430 5333 τῶν
3455 5278 3603 5335 ὅλων,
3647 5274 3708 5333 ὡς
3743 5268 3787 5319 ἂν

2268 5374 2583 5444 δημιουργῷ
2638 5374 2872 5438 πάντων,
2909 5376 3103 5443 ποιητῇ
3139 5390 3196 5425 τε
3230 5373 3325 5426 καὶ
3388 5366 3677 5441 φροντιστῇ,
3722 5357 3785 5412 καὶ

2274 5467 2496 5538 σωτῆρι,
2530 5466 2620 5518 τὸν
2653 5466 2930 5537 πρέποντα
2963 5464 3129 5535 ὕμνον
3180 5466 3271 5518 καὶ
3328 5463 3431 5534 τὴν
3466 5458 3789 5532 προσήκουσαν

2272 5556 2565 5624 Θεολογίαν,
2597 5557 2629 5627 ἡ
2663 5555 2779 5609 Οεία
2816 5558 2907 5609 καὶ
2939 5554 3247 5626 προφητικὴ
3302 5551 3498 5623 Γραφὴ
3526 5549 3685 5618 νέμειν
3714 5557 3788 5591 πε-
