3838 6384
527 382 633 439 εδδ

2316 305 2345 333 /

1156 378 1426 437 EUSEBll
1466 374 1948 435 CAESARIENSIS
1987 374 2137 431 OPP.
2180 376 2363 430 PARS
2394 373 2456 431 11.
2498 403 2568 414 —-
2604 370 3114 430 APOLOGETICA.
3668 368 3751 429 556

526 519 719 579 genus,
747 503 891 570 quod
926 511 1298 559 transversum
1330 510 1535 567 actum,
1584 516 1614 555 a
1650 501 1939 555 meliorum
1973 514 2104 554 con—

2213 499 2425 561 τοὺσαις
2451 500 2519 570 τῇ
2548 496 2641 550 τοῦ
2684 496 2888 568 τρόπου
2927 494 3197 567 μοχθηρία
3255 492 3641 567 προσηγορίαις
3667 491 3755 547 ὀνο-

526 597 702 653 sortio
732 608 830 651 sua
852 608 973 650 sese
987 591 1144 662 culpa
1168 604 1222 648 et
1254 594 1594 664 improbitate
1619 591 1876 648 distraxit
1894 633 1909 656 ,
1958 591 2106 663 prio-

524 700 750 755 remqne
773 685 951 740 lucem
972 699 1100 740 cum
1134 684 1372 740 tenebris
1410 685 1802 751 commutavit,
1834 684 2110 755 prioribus

527 778 747 847 quidem
770 776 1096 842 contrariis,
1126 777 1219 831 sed
1245 785 1425 831 tamen
1457 792 1580 832 cum
1614 777 1855 847 nequitia
1890 792 2107 832 morum

527 869 771 940 apprime
795 868 1220 939 congruentibus
1239 869 1552 925 nominibus
1574 870 1865 940 appellant.
1894 868 1959 922 Et
1985 884 2107 924 eum

525 963 766 1032 quidem,
797 962 891 1030 qui
928 963 1140 1031 primus
1166 960 1409 1017 omnium
1458 962 1646 1032 lapsus
1668 976 1791 1016 cum
1826 972 1990 1024 esset,
2027 976 2111 1017 re-

524 1055 703 1124 liquos
733 1054 1079 1122 postmodum
1132 1053 1187 1107 in
1231 1054 1476 1109 eamdem
1523 1068 1707 1108 secum
1739 1070 1769 1107 a
1794 1055 2110 1110 melioribus

525 1143 883 1198 defectionem
918 1151 1176 1205 traxerat,
1211 1144 1353 1213 quod
1385 1142 1455 1197 ab
1509 1143 1599 1199 illa
1646 1144 1956 1199 divinorum
1996 1145 2112 1216 pie-

526 1241 638 1290 tate
669 1235 724 1289 in
756 1244 930 1289 terras
975 1235 1202 1289 omnino
1248 1234 1587 1303 corruisset,
1638 1251 1705 1290 ac
1747 1238 1946 1307 partim
1991 1237 2110 1307 ejus

525 1325 750 1392 veneni,
775 1340 884 1395 quo
917 1324 1096 1380 scelus
1140 1325 1499 1396 impietasque
1539 1337 1744 1392 scatet,
1777 1340 1967 1383 auctor
1996 1327 2113 1398 ipse

524 1417 631 1471 sibi
664 1432 730 1472 ac
753 1416 971 1471 molitor
1002 1415 1229 1479 fuisset,
1270 1416 1465 1486 partim
1498 1418 1751 1473 vecordia
1788 1433 1910 1475 sese
1941 1435 2006 1474 ac
2028 1431 2115 1476 te-

527 1505 712 1561 nebris
743 1506 1087 1561 voluntarius
1118 1506 1257 1562 lucis
1284 1505 1533 1562 desertor
1558 1508 1900 1576 involvisset,
1948 1510 2112 1566 modo

524 1600 817 1653 draconem
846 1606 1008 1668 atque
1042 1607 1372 1668 serpentem,
1426 1608 1605 1654 atrum
1637 1600 1786 1654 illum
1817 1617 1882 1657 ac
1917 1618 2113 1672 repen-

526 1700 634 1744 tem
659 1689 834 1753 humi,
875 1689 1202 1760 lethalisque
1236 1691 1431 1745 veneni
1463 1698 1774 1761 parentem,
1815 1695 1979 1748 modo
2013 1711 2113 1750 sae-

525 1797 650 1836 vam
682 1781 1087 1851 immanemque
1114 1781 1309 1850 feram,
1338 1784 1584 1855 adeoque
1610 1784 1824 1841 leonem
1844 1789 2111 1856 sanguine

2214 588 2395 659 μάζει.
2430 589 2534 642 Τὸν
2562 587 2693 657 γοῦν
2721 584 3073 658 κατάρξαντα
3106 585 3207 654 τῆς
3240 583 3520 648 πτώσεως,
3554 585 3689 656 αὖτῷ
3713 603 3757 639 τε

2210 682 2304 733 καὶ
2328 679 2534 753 ἑτέροις
2557 680 2656 751 τῆς
2678 680 2786 733 τῶν
2806 678 3129 752 κρειττόνων
3150 677 3481 742 ἁποστασίας
3504 677 3759 748 γενόμενον

2210 773 2405 839 αἴτιον,
2439 772 2513 838 ῶς
2542 771 2606 826 ἂν
2636 772 2809 825 διόλου
2842 771 3016 843 χαμαὶ
3038 771 3137 840 τῆς
3164 770 3275 824 τῶν
3306 770 3590 842 θειοτέρων
3630 771 3761 825 εὐσεο

2211 866 2362 929 ϐείας
2391 864 2805 928 ἐκπεπτωκότα,
2836 864 2931 918 καὶ
2977 863 3174 927 κακίας
3212 863 3309 935 μὲν
3339 858 3439 927 ίοῦ,
3472 864 3566 917 καί
3604 862 3765 917 δυσσε-

2210 957 2363 1022 ϐείας
2385 957 2545 1012 αὑτὸν
2576 956 2726 1028 αὐτῷ
2757 956 3087 1029 δημιουργὸν
3126 955 3458 1019 ὑποστάντα,
3479 956 3689 1019 σκότους
3717 955 3764 1009 δὲ

2211 1046 2306 1099 καὶ
2336 1044 2560 1115 ἀλογίας
2598 1046 2828 1117 ποιητὴν
2877 1048 2942 1100 ὲκ
2970 1047 3067 1117 τῆς
3091 1044 3184 1099 τοῦ
3221 1046 3397 1116 φωτὸς
3440 1046 3765 1100 αὐθεκουσίου

2210 1139 2612 1214 ἀναχωρήσεως
2639 1137 2922 1208 γεγονότα,
2950 1137 3220 1209 δράκοντα
3254 1137 3348 1192 καὶ
3401 1138 3545 1208 ὄφιν,
3589 1138 3769 1209 μέλανά

2211 1244 2271 1281 τε
2302 1228 2396 1281 καὶ
2424 1227 2771 1299 ὲρπυστικὸν,
2799 1228 2878 1280 ίοῦ
2901 1226 3274 1301 θανατηφόρου
3296 1229 3630 1302 γεννητικὸν,
3646 1228 3767 1301 θῆρά

2210 1340 2271 1376 τε
2298 1324 2508 1396 ἄγριον,
2543 1324 2638 1377 καὶ
2679 1324 3098 1395 ἀνθρωποϐόρον
3129 1324 3340 1389 λέοντα,
3373 1324 3469 1378 καὶ
3510 1324 3663 1379 πάλιν
3690 1325 3766 1377 τὸν

2212 1417 2269 1471 ὲν
2300 1417 2547 1489 ἑρπετοῖς
2572 1416 2882 1487 βασιλίσκον
2915 1416 3209 1471 ἀποκαλεῖν
3260 1416 3469 1473 εἴωθεν.
3510 1417 3768 1471 ’Υπόθεσιν

2210 1507 2255 1561 δ’
2288 1508 2436 1580 αὐτῷ
2466 1526 2629 1578 φασιν
2651 1510 2698 1562 οί
2733 1509 2866 1563 θεῖοι
2906 1509 3054 1579 λόγοι
3082 1509 3364 1578 γεγονέναι
3405 1510 3504 1580 τῆς
3538 1508 3770 1563 ἀποπτώ-

2215 1619 2351 1666 σεως
2405 1602 2602 1672 μανίαν
2660 1601 2874 1673 φρενῶν
2936 1601 3031 1655 καὶ
3068 1601 3308 1666 διανοίας
3372 1602 3645 1664 ἔκστασιν,
3680 1595 3767 1654 ὧδέ

2214 1709 2329 1755 πως
2353 1690 2489 1762 ὁμοῦ
2521 1691 2621 1764 τὴν
2654 1688 2860 1744 πτῶσιν
2885 1690 3050 1744 αὐτοῦ
3100 1691 3195 1745 καὶ
3225 1690 3323 1763 τῂν
3368 1690 3769 1763 φρενοϐλάϐειαν

2211 1781 2582 1854 διηγούμενοι·
2642 1802 2660 1834 t
2704 1782 2829 1846 Πῶς
2888 1784 3143 1848 ἐξέπεσεν
3199 1786 3264 1837 ὲκ
3332 1784 3424 1838 τοῦ
3483 1783 3768 1855 οὐρανοῦὀ

528 1876 768 1929 humano
792 1885 1027 1943 pastum.
1065 1875 1228 1929 modo
1250 1875 1520 1945 reptilium
1560 1877 1723 1933 etiam
1754 1878 1999 1933 omnium
2025 1895 2109 1934 rc-

2225 1851 2552 1948 Ἑωσφόρος,
2584 1878 2613 1930 ὁ
2645 1873 2789 1947 πρωῒ
2823 1875 3126 1931 ἀνατέλλων
3152 1894 3166 1941 ;
3202 1876 3501 1947 Συνετρίϐη
3522 1851 3613 1930 ἐπὶ
3637 1876 3770 1945 γῆνό

527 1966 714 2036 gulum
763 1966 1049 2020 nominare
1094 1967 1290 2021 solent.
1344 1967 1610 2023 Caeterum
1647 1983 1756 2024 non
1795 1971 1957 2025 aliam
1989 1971 2111 2042 ejus

528 2066 640 2112 tam
673 2057 874 2113 funesti
914 2059 1101 2127 lapsus
1146 2059 1329 2114 divina
1379 2061 1715 2116 monimenta
1772 2077 1993 2118 causam
2024 2065 2113 2120 ha-

527 2150 676 2217 bent,
722 2166 888 2220 quam
936 2150 1181 2206 furorem
1230 2153 1521 2223 quemdam
1554 2154 1746 2220 animi,
1803 2156 2111 2226 mentisque

527 2244 831 2310 vesaniam,
865 2244 995 2298 dum
1025 2244 1269 2313 ejusdem
1297 2253 1351 2299 et
1376 2260 1538 2301 casus
1573 2248 1919 2317 gravitatem,
1950 2257 2004 2303 et
2030 2248 2108 2302 in-

527 2335 699 2391 saniae
725 2336 1155 2406 magnitudinem
1186 2337 1260 2391 ita
1291 2347 1695 2408 prosequuntur
1729 2360 1741 2395 :
1774 2359 1794 2393 ι
1824 2340 2112 2407 Quomodo

527 2429 727 2484 cecidit
755 2428 821 2484 de
850 2429 990 2484 cmlo
1019 2427 1261 2495 Lucifer,
1301 2430 1396 2499 qui
1431 2445 1590 2484 mane
1618 2431 1931 2486 oriebatur?
1976 2433 2110 2486 Alli-

529 2535 624 2575 sus
659 2529 744 2574 est
769 2519 823 2574 in
856 2531 1055 2575 terram
1078 2561 1093 2587 ,
1140 2522 1234 2591 qui
1283 2522 1532 2577 mittebat
1568 2523 1636 2577 ad
1681 2538 1874 2579 omnes
1902 2534 2110 2595 gentes.

529 2608 612 2663 Tu
641 2618 824 2664 autem
862 2610 1082 2665 dicebas
1115 2610 1168 2663 in
1194 2612 1357 2666 corde
1382 2621 1509 2676 tuo,
1541 2612 1600 2664 ln
1631 2612 1830 2667 cmlum
1854 2628 2114 2667 conscen-

527 2701 677 2767 dam,
705 2716 868 2772 super
898 2710 1045 2756 astra
1069 2700 1191 2756 coeli
1218 2702 1470 2757 exaltabo
1502 2703 1696 2757 solium
1725 2718 1928 2767 meum,
1950 2703 2115 2774 329

532 2793 729 2848 similis
753 2808 849 2848 ero
881 2792 1164 2848 Altissimo
1188 2791 1287 2846 ⁸⁵.»
1319 2791 1383 2847 Ει
1408 2809 1621 2861 rursus,
1664 2813 1683 2844 ‹
1704 2792 1828 2849 Haec
1849 2794 1981 2849 dicit
2010 2794 2115 2848 Do-

529 2887 734 2949 minus,
769 2885 874 2941 Pro
897 2902 962 2941 eo
985 2886 1130 2957 quod
1163 2886 1461 2941 exaltatum
1494 2895 1580 2941 est
1612 2902 1708 2941 cor
1745 2896 1922 2952 tuum,
1954 2896 2009 2941 et
2034 2887 2116 2942 di-

528 2977 658 3033 xisti
685 3016 700 3041 ,
730 2975 876 3032 Deus
911 2990 1012 3046 ego
1037 2982 1159 3031 'sum
1186 3015 1200 3039 ,
1247 2976 1302 3029 in
1339 2975 1617 3030 domicilio
1652 2973 1745 3029 Dei
1796 2976 2056 3031 habitavi.
2089 2996 2109 3029 ι

529 3070 775 3140 Itemque
806 3088 818 3123 :
855 3087 873 3121 ι
914 3067 993 3123 Tu
1025 3067 1368 3138 signaculum
1403 3068 1799 3134 similitudinis,
1828 3078 1880 3122 et
1910 3083 2113 3125 corona

2213 1966 2558 2021 ἀποστέλλων
2584 1969 2719 2038 πρὸς
2750 1966 2927 2020 πάντα
2953 1966 3023 2020 τά
3073 1965 3221 2038 ἔθνη.
3258 1968 3329 2020 Σὺ
3362 1966 3420 2020 δὲ
3457 1962 3617 2029 εἴπας
3639 1966 3693 2019 ὲν
3715 1964 3768 2035 τῇ

2210 2059 2419 2131 διανοίᾳ
2449 2076 2564 2112 σου·
2591 2060 2685 2123 El;
2710 2057 2801 2113 τδν
2831 2060 3057 2132 οὐρανὸν
3090 2059 3453 2131 ἀναϐήσομαι,
3484 2060 3668 2113 ἐπάνω
3680 2058 3771 2111 τῶν

2213 2147 2428 2221 ἄστρων
2456 2149 2549 2203 τοῦ
2580 2148 2813 2227 ,οὐρανοῦ
2848 2149 2998 2221 θήσω
3046 2149 3136 2204 τὸν
3189 2149 3375 2223 θρόνον
3419 2167 3541 2218 μου,
3600 2148 3769 2219 ἔσομαι

2211 2242 2394 2314 ὅμοιος
2421 2242 2500 2314 τῷ
2541 2242 2802 2314 ’Υψίστιμ
2829 2262 2848 2297 ι
2878 2244 2990 2297 Καὶ
3023 2242 3207 2296 πάλιν·
3268 2261 3286 2293 t
3318 2242 3453 2296 Τάδε
3501 2242 3647 2311 λέγει
3678 2241 3771 2295 Κύ-

2215 2352 2347 2407 ριος’
2391 2335 2533 2389 Ἀνθ’
2566 2329 2640 2389 ὧν
2664 2335 2853 2407 ὑψώθη
2887 2338 2920 2408 ή
2947 2334 3144 2409 καρδία
3187 2353 3300 2401 σου,
3338 2334 3431 2390 καὶ
3456 2330 3635 2399 εἶπας·
3660 2335 3770 2399 Θεός

2213 2428 2328 2497 εἰμι
2361 2427 2492 2496 ἐγὼ,
2525 2427 2809 2481 κατοικίαν
2850 2427 2985 2481 Θεοῦ
3044 2426 3392 2499 κατῴκησα.»
3453 2429 3565 2482 Καί
3615 2424 3765 2490 αὖθις

2220 2536 2237 2569 ι
2260 2519 2334 2572 Σὺ
2352 2518 2787 2591 ἀποσφράγισμα
2799 2519 3129 2591 ὁμοιώσεως,
3149 2521 3242 2573 καὶ
3260 2519 3521 2589 στέφανος
3542 2519 3768 2582 κάλλους,

2214 2609 2272 2662 ὲν
2301 2611 2369 2680 τῇ
2402 2612 2579 2681 τρυφῇ
2616 2610 2709 2664 τοῦ
2759 2611 3089 2681 παραδείσου
3135 2611 3229 2665 τοῦ
3277 2610 3412 2664 Ε)εοῦ
3476 2610 3768 2681 ἐγεννήθης,

2215 2703 2391 2757 πάντα
2446 2703 2594 2758 λίθον
2628 2704 2864 2776 χρηστὸν
2918 2702 3235 2766 ὲνδέδεσαι,ι
3273 2703 3367 2755 καὶ
3402 2701 3469 2755 τὰ
3522 2702 3664 2773 ἑξῆς.
3692 2697 3770 2764 Οἷς

2215 2796 2477 2865 ἐπιλέγει·
2518 2815 2536 2846 ι
2572 2796 2659 2849 Ἐν
2693 2795 2809 2868 όρει
2857 2793 2996 2865 ἁγίῳ
3026 2794 3160 2847 Θεοῦ
3197 2794 3510 2866 ἐγεννήθης,
3554 2795 3611 2847 ἐν

2215 2887 2378 2941 λίθων
2414 2887 2652 2959 πυρίνων
2686 2887 3005 2960 ἐγεννήθης,
3034 2888 3263 2958 ἄμωμος
3302 2888 3363 2940 σὺ
3414 2890 3472 2940 ἐν
3504 2890 3623 2949 ταῖς
3662 2886 3772 2955 {grti-

2218 2997 2339 3052 ραις
2363 2997 2476 3046 σου,
2506 2981 2599 3050 ἀφ’
2620 2976 2688 3052 ἧς
2719 2979 2931 3052 ἡμέρας
2959 2982 3023 3034 σὺ
3063 2979 3338 3051 ἐκτίσθης,
3369 2979 3476 3042 ἓως
3506 2979 3694 3051 εὑρέθη
3716 2978 3771 3031 τὰ

2217 3073 2527 3145 ἀδικήματα
2555 3075 2613 3127 ἐν
2644 3074 2746 3138 σοὶ,
2782 3071 2971 3144 ὑψώθη
2995 3075 3029 3145 ἡ
3053 3074 3249 3144 καρδία
3277 3090 3394 3137 σου,
3445 3074 3539 3125 ἐπὶ
3567 3073 3643 3143 τῷ
3661 3072 3770 3125 κά).-

532 3161 993 3233 pulchritudinis,
1042 3160 1096 3213 in
1147 3158 1358 3214 deliciis
1408 3161 1647 3229 paradisi
1694 3158 1789 3216 Dei
1830 3170 1991 3216 natus
2031 3178 2111 3229 es,

2215 3166 2297 3220 λει
2332 3183 2448 3226 σου,
2479 3163 2742 3235 διεφθάρη
2777 3167 2809 3236 ή
2839 3165 3116 3236 ἐπιστήμη
3136 3181 3228 3216 σου
3254 3162 3390 3234 μετά
3416 3162 3515 3216 τοῦ
3544 3162 3769 3223 κάλλους

530 3273 750 3312 omnem
802 3256 1036 3325 lapidem
1085 3255 1384 3324 pretiosum
1441 3254 1663 3309 indutus
1707 3270 1797 3321 es;
1835 3274 1855 3306 ι
1915 3257 2116 3311 etreli-

530 3366 662 3420 qua.
732 3347 869 3402 Tum
901 3366 914 3400 :
951 3367 969 3398 ι
1006 3347 1066 3400 In
1109 3355 1293 3401 monte
1340 3354 1530 3401 sancto
1574 3344 1664 3400 Dei
1727 3356 1889 3402 natus
1927 3364 2021 3413 es,
2057 3349 2111 3402 in

531 3439 711 3495 medio
757 3437 998 3508 lapidum
1044 3437 1326 3506 igneorum
1374 3445 1534 3491 natus
1560 3444 1641 3491 es.
1698 3435 1778 3492 Tu
1814 3439 2023 3509 integer
2057 3439 2110 3493 in

531 3533 725 3588 diebus
760 3532 893 3596 tuis,
925 3546 991 3586 ex
1020 3530 1127 3596 die,
1169 3545 1277 3601 quo
1324 3539 1380 3585 tu
1432 3539 1647 3586 creatus
1678 3546 1772 3595 es,
1814 3531 1988 3586 donec
2030 3529 2115 3584 in-

530 3634 705 3679 venta:
728 3634 856 3680 sunt
886 3624 1200 3694 iniquitates
1227 3625 1279 3677 in
1307 3632 1378 3688 te,
1394 3623 1689 3678 exaltatum
1718 3632 1801 3678 est
1815 3637 1911 3678 cor
1936 3632 2110 3687 tuum,

474 3744 479 3747 -
532 3718 604 3773 ob
636 3716 1095 3787 pulchritudinem
1132 3726 1279 3769 tuam
1301 3756 1316 3782 ,
1367 3724 1624 3784 corrupta
1655 3722 1739 3770 est
1766 3714 1992 3769 scientia
2022 3721 2113 3767 tua

529 3826 657 3867 cum
683 3808 1123 3880 pulchritudine;
1168 3815 1390 3877 pr0ptcr
1435 3806 1839 3861 multitudinem
1870 3816 2115 3875 peccato-

530 3918 655 3956 rum
686 3912 929 3964 tuorum,
985 3900 1038 3953 in
1092 3908 1291 3954 terram
1319 3899 1521 3969 projeci
1551 3907 1621 3954 te.
1663 3918 1681 3951 ι
1744 3897 1862 3965 Qua
1889 3914 1956 3953 ex
1985 3913 2112 3952 ora-

533 3996 682 4049 tione
713 3993 870 4063 plane
897 3991 1251 4062 intelligimus
1274 4033 1290 4057 ,
1340 4006 1465 4046 eum
1491 4032 1505 4057 ,
1539 3990 1606 4046 de
1648 4006 1761 4061 quo
1803 4004 2110 4044 sermonem

534 4084 898 4150 instituimus,
932 4099 1057 4138 cum
1082 4082 1444 4138 divinioribus
1486 4082 1593 4137 illis
1634 4082 1926 4137 virtutibus
1954 4091 2110 4137 antea

530 4181 795 4237 societate
825 4178 1210 4247 conjunctum,
1257 4184 1446 4247 postea
1492 4177 1879 4231 communione
1907 4175 2127 4253 fructui

536 4287 637 4344 que
665 4271 1094 4337 meliorum,sua
1120 4270 1293 4340 ipsius
1325 4270 1635 4340 arrogantia
1668 4277 1831 4338 atque
1863 4267 1918 4322 in
1942 4267 2112 4324 Deum

530 4361 828 4417 rebellione
862 4359 1110 4415 funditus
1141 4359 1432 4415 excidisse.
1469 4358 1737 4415 Praeterea
1764 4360 1867 4415 sub
1893 4360 1999 4415 isto
2028 4360 2114 4415 in-

529 4454 884 4512 numerabilis
930 4455 1181 4525 quaedam
1212 4454 1445 4509 aliorum
1491 4463 1545 4509 et
1598 4453 1809 4509 inﬁnita
1836 4455 1984 4511 natio
2006 4463 2110 4524 est,

2215 3255 2301 3309 διὰ
2333 3254 2537 3326 πλῆθος
2564 3252 2848 3325 ἁμαρτιῶν
2875 3271 2990 3318 σου,
3025 3255 3118 3307 ἐπὶ
3163 3254 3260 3326 τὴν
3291 3254 3395 3324 γῆν
3449 3251 3647 3324 ἔρριψά
3675 3265 3767 3301 σε.»

2215 3348 2314 3401 Διά
2342 3348 2407 3419 δὴ
2435 3348 2638 3401 τούτων
2669 3346 2927 3418 ἄντικρυς
2947 3348 3048 3418 τὴν
3080 3347 3218 3418 μετά
3245 3346 3355 3400 τῶν
3399 3345 3680 3417 θειοτέρων
3699 3343 3769 3395 δυ-

2214 3440 2431 3510 νάμεων
2459 3439 2728 3512 προτέραν
2758 3438 2853 3492 τοῦ
2885 3438 3213 3509 δηλουμένου
3245 3436 3547 3510 διατριϐὴν,
3574 3438 3663 3490 καὶ
3689 3436 3769 3506 τὴν

2214 3529 2321 3585 ἀπὸ
2340 3532 2450 3584 τῶν
2474 3530 2795 3602 κρειττόνων
2816 3530 2880 3585 δι’
2903 3531 3109 3584 οἰκείαν
3144 3529 3533 3602 μεγαλαυχίαν,
3557 3530 3647 3583 καὶ
3671 3529 3767 3581 θεο·

2218 3624 2418 3695 μαχίαν
2448 3624 2763 3678 ἀπόπτωσιν
2827 3622 3243 3695 μεμαθήκαμεν.
3276 3624 3489 3693 Μυρίον
3541 3620 3599 3675 δέ
3646 3621 3767 3673 ἔστιν

2214 3714 2341 3768 ἄλλο
2367 3714 2523 3782 γένος
2576 3714 2682 3768 ὑπὸ
2727 3713 2921 3785 τούτῳ,
2980 3717 3094 3777 τοῖς
3156 3714 3560 3788 παραπλησίοις
3611 3714 3766 3783 ἔνοχον

2216 3807 2698 3878 πλημμελήμασιν,
2728 3807 2755 3860 ὃ
2780 3807 2881 3877 τῆς
2921 3806 3239 3870 δυσσεϐείας
3284 3808 3466 3878 χάριν,
3524 3807 3626 3877 τῆς
3676 3805 3766 3858 τῶν

2214 3898 2452 3952 εὐσεϐῶν
2481 3900 2755 3953 ἀποπεσὸν
2779 3899 3003 3971 λήξεως,
3022 3900 3141 3953 ἀντὶ
3159 3902 3258 3973 τῆς
3283 3899 3451 3954 πάλαι
3471 3898 3764 3968 φωτοειδοῦς

2214 3991 2306 4044 καί
2334 3989 2610 4063 θειοτέρας
2657 3990 2968 4064 περιϐολῆς,
3005 3992 3103 4062 τῆς
3131 4008 3189 4047 τε
3242 3994 3300 4045 ἐν
3353 3993 3466 4056 τοῖς
3508 3990 3765 4062 βασιλείοις

2212 4081 2380 4152 τιμῆς
2435 4083 2530 4135 καὶ
2574 4082 2675 4153 τῆς
2700 4084 2758 4136 ὲν
2786 4085 3078 4156 μακαρίοις
3114 4084 3204 4137 καὶ
3253 4083 3563 4153 ἀγγελικοῖς
3610 4084 3764 4154 χοροῖς

2213 4174 2516 4247 διατριϐῆς,
2538 4170 2542 4173 “
2568 4175 2660 4228 τὸν
2711 4177 3093 4247 ἐφαρμόζοντα
3138 4180 3251 4241 τοῖς
3278 4177 3561 4231 δυσσεϐἐσι
3591 4176 3762 4247 χῶρον,

2214 4266 2393 4339 κρίσει
2430 4267 2634 4339 δικαία,
2671 4268 2765 4321 καὶ
2791 4270 3067 4338 ἀποφάσει
3100 4271 3195 4323 τοῦ
3224 4271 3456 4343 μεγάλου
3483 4272 3617 4325 Θεοῦ
3647 4272 3761 4338 Τάρ-

2214 4375 2377 4429 ταρον
2408 4361 2598 4424 οίκείν,
2655 4360 2714 4413 δν
2748 4360 2986 4415 ἄϐυσσον
3042 4364 3090 4416 οί
3130 4362 3261 4417 θεῖοι
3318 4364 3469 4434 λόγοι
3523 4378 3761 4437 προσαγο-

2217 4449 2455 4521 ρεύουσι,
2477 4453 2571 4506 καὶ
2605 4449 2795 4516 σκότος
2820 4454 2882 4507 οὑ
2914 4453 2976 4507 τὸ
3025 4456 3155 4527 παρ’
3192 4458 3344 4527 ἡμῖν,
3397 4457 3459 4510 τὸ
3480 4457 3523 4509 δ’
3550 4457 3653 4510 ὑπὸ
3675 4455 3759 4508 τῶν

528 4548 793 4604 similium
841 4547 1133 4602 criminum
1185 4562 1298 4609 rea,
1341 4561 1463 4616 quae
1504 4556 1726 4616 propter
1776 4547 2107 4618 impietatem

2213 4538 2374 4594 θείων
2392 4541 2588 4611 λογίων
2613 4542 2963 4615 δηλούμενον,
2984 4545 3498 4618 άντικατηλλάξατο.
3520 4544 3623 4601 Ὧν
3653 4547 3759 4618 Epa-

529 4650 681 4696 sorte
705 4641 919 4711 piorum
950 4640 1192 4703 exclusa,
1223 4638 1566 4709 splendidum
1597 4638 1729 4693 illud
1756 4639 2113 4710 divinumque

529 4732 897 4797 domicilium,
918 4746 1172 4802 eamque,
1200 4745 1307 4800 qua
1336 4729 1386 4783 in
1411 4729 1561 4800 regia
1599 4728 1901 4797 fruebatur,
1929 4730 2109 4802 digni-

527 4832 695 4879 tatem
734 4839 799 4879 ac
822 4821 1034 4878 felicem
1084 4820 1455 4890 angelicorum
1489 4829 1729 4875 cmtuum
1770 4821 2107 4888 societatem,

527 4930 656 4971 cum
694 4915 925 4971 Tartaro
970 4914 1251 4970 sceleratis
1292 4913 1550 4968 omnibus
1582 4912 1877 4968 admodum
1908 4930 2111 4969 conve-

527 5006 713 5063 niente
759 5006 915 5073 loco,
954 5006 1265 5078 aequissima
1312 5004 1403 5060 Dei
1452 5005 1804 5075 praepotentis
1842 5007 2110 5062 sententia

523 5098 845 5171 iudicioque
874 5098 1233 5154 commutavit
1259 5116 1272 5152 :
1294 5112 1455 5168 quem
1482 5098 1661 5152 locum
1696 5098 1894 5153 divinae
1919 5098 2114 5154 litterae

527 5196 791 5268 abyssum
824 5208 889 5248 ac
916 5192 1170 5247 tenebras
1217 5190 1489 5262 appellare
1529 5190 1743 5257 solent,
1780 5207 1890 5246 non
1928 5190 2112 5261 qualia

529 5298 712 5343 tamen
747 5294 978 5355 utraque
1024 5285 1166 5356 apud
1211 5300 1313 5339 nos
1359 5283 1723 5355 appellatione
1756 5284 2106 5349 denotamur,

531 5378 627 5434 sed
658 5377 965 5447 ejusmodi,
1019 5392 1140 5447 quae
1188 5376 1433 5431 divinum
1476 5376 1763 5431 oraculum
1796 5376 1899 5431 hac
1934 5376 2113 5431 nomi-

530 5482 664 5523 num
698 5469 1055 5526 similitudine
1086 5477 1455 5539 repraesentat.
1488 5467 1610 5535 Quo
1634 5483 1703 5522 ex
1730 5480 1960 5523 numero
1988 5484 2113 5537 pars

531 5563 799 5631 quaepiam
831 5562 1050 5634 exigua,
1100 5578 1222 5633 quae
1246 5563 1463 5634 pietatis
1508 5560 1726 5616 athletis
1766 5560 1993 5615 materia
2020 5576 2110 5617 se-

530 5665 735 5723 gesquc
764 5651 980 5710 virtutis
1009 5665 1175 5721 esset,
1199 5656 1345 5712 circa
1375 5662 1549 5710 terras
1567 5694 1585 5722 ,
1615 5652 1854 5723 lunaque
1879 5650 2107 5709 inferio-

604 5804 648 5840 “
669 5806 773 5862 lsa.
792 5821 903 5862 XIV.

2210 4631 2278 4702 χύ
2297 4649 2351 4686 τι
2379 4634 2474 4687 καὶ
2504 4635 2700 4707 μικρὸν
2753 4636 3114 4708 ἀπόσπασμα,
3146 4640 3450 4709 γυμνασίου
3480 4641 3638 4713 χάριν
3674 4640 3760 4693 τῶν

2212 4725 2491 4791 εὐσεϐείας
2535 4727 2782 4799 ἀθλητῶν
2818 4729 2963 4800 ἀμφὶ⁸
3022 4731 3125 4800 γῆν
3159 4732 3253 4784 καὶ
3304 4731 3394 4785 τὸν
3419 4733 3526 4786 ὑπὸ
3563 4733 3755 4803 σελήνην

2210 4822 2370 4892 ἀέρα,
2393 4819 2774 4890 καταλειφθὲν,
2804 4820 2905 4891 τῆς
2935 4823 2992 4875 ὲν
3019 4821 3324 4894 ἀνθρώποις
3357 4822 3617 4878 πολυθέου
3652 4824 3757 4876 πλά-

2210 4931 2308 4984 νης
2331 4915 2453 4967 κατ’
2480 4912 2632 4966 οὐδὲν
2657 4912 2947 4985 ἀθεότητος
2972 4914 3331 4987 διαφερούσης
3387 4918 3651 4972 συναίτιον
3681 4916 3753 4984 τέ·

2210 5024 2354 5077 γονε.
2374 5007 2621 5062 Τέθειται
2646 5006 2703 5060 δὲ
2725 5007 2820 5060 καὶ¹
2839 5007 3049 5073 τούτοις
3067 5011 3102 5081 ή
3119 5008 3239 5064 θεία
3267 5010 3459 5083 Γραφὴ
3494 5011 3754 5083 προσφυεῖς

2210 5100 2309 5164 τάς
2344 5098 2732 5172 προσηγορίας,
2757 5100 3086 5172 γυμνότερον
3112 5102 3230 5172 μὲν,
3258 5104 3348 5157 ὅτε
3380 5104 3658 5175 πνεύματα
3678 5116 3752 5152 που

2210 5192 2351 5265 νηρά
2379 5193 2474 5247 καὶ
2502 5192 2778 5264 δαίμονας,
2812 5193 2985 5265 ἀρχάς
3016 5210 3076 5246 τε
3107 5196 3201 5249 καὶ
3254 5196 3532 5261 ἐξουσίας,
3567 5195 3655 5250 καὶ
3679 5208 3750 5246 ιο-

2214 5286 2612 5358 σμοκράτορας,
2637 5286 2732 5339 καὶ
2752 5286 3095 5356 πνευματικά
3148 5289 3412 5360 πονηρίας
3440 5286 3732 5359 ἐπονομάζει

2214 5377 2555 5449 συμϐολικῶς
2580 5376 2657 5441 δὲ,
2681 5378 2771 5431 ὅτε
2819 5378 2910 5433 τὸν
2940 5377 3158 5451 θεοφιλῆ
3194 5382 3460 5454 παρορμᾷ
3513 5380 3662 5455 μηδὲν
3682 5377 3751 5430 δε·-

2211 5469 2482 5526 δίττεσθαι
2516 5470 2575 5525 τὸ
2601 5470 2709 5524 τῶν
2740 5470 3012 5543 πολεμίων
3058 5471 3328 5543 δαιμόνων
3369 5477 3571 5543 στῖφος,
3615 5462 3751 5527 art»

2215 5580 2396 5635 φησιν’
2419 5582 2437 5614 ι
2471 5564 2588 5618 Ἐπ’
2606 5563 2807 5618 ἀσπίδα
2826 5563 2919 5618 καὶ
2949 5562 3264 5634 βασιλίσκον
3291 5566 3550 5640 ὲπιϐήση,
3572 5567 3655 5621 καὶ
3677 5566 3751 5615 xc-

2212 5656 2547 5728 ταπατήσεις
2573 5654 2760 5713 λέοντα
2788 5658 2881 5713 καὶ
2910 5657 3230 5729 δράκοντα.»
3262 5660 3471 5731 Δεῖγμα
3501 5660 3556 5714 δὲ
3581 5656 3751 5712 τούτων
