3838 6384
553 356 660 414 559
1199 355 1468 413 EUSEBII
1517 353 1991 412 CzESARlENSiS
2031 355 2182 411 ΟΡΡ.
2227 355 2409 411 PARS
2444 355 2508 410 ll.
2552 388 2621 399 —
2659 353 3172 413 APOLOGETICA.
3295 387 3298 392 -
3649 362 3722 415 560

545 483 698 539 catae,
736 474 957 547 dignum
995 476 1042 530 ei
1074 475 1378 544 conjunctis
1410 490 1632 530 voeious
1684 474 1942 547 hymnum
1979 478 2056 531 cel

2220 477 2343 547 γῆς,
2374 478 2467 530 καὶ
2495 477 2693 530 ἔπλασε
2715 479 2806 530 τὸν
2833 478 3130 549 ἄνθρωπον,
3157 479 3252 529 καὶ
3280 476 3578 548 ὲνεψύσησεν
3597 481 3656 541 εἰς
3685 489 3722 537 τὺ

545 566 788 621 hrarent.
841 567 1021 632 Atque
1055 566 1126 620 ita
1163 565 1359 620 divinae
1387 565 1576 621 littera:
1606 567 1935 637 loquuntur:
1975 587 1991 619 ι
2032 567 2061 620 IT

2228 566 2518 637 πρόσωπον
2543 567 2707 619 αὑτοῦ
2733 568 2900 638 πνοὴν
2923 568 3088 638 ζωῆς,
3108 566 3203 620 καὶ
3231 566 3440 634 ἐγένετο
3461 569 3486 619 ὁ
3510 567 3723 639 ἄνθρωπος

543 660 626 714 xit
663 674 881 729 quoque
910 658 1075 724 Deus,
1105 659 1395 714 Faciamus
1440 659 1714 713 hominem
1740 660 1805 714 ad
1833 659 2059 730 imagine

2227 660 2306 723 εἰς
2329 658 2506 729 ψυχὴν
2533 656 2764 722 ζῶσαν.»
2793 661 2903 712 Καὶ
2917 659 3090 713 ταῦτα
3132 658 3191 712 δὲ
3216 657 3374 711 πάλιν
3397 658 3423 710 ὁ
3448 658 3651 730 Ἐὃραίος
3665 663 3727 732 ἑρ-

542 756 599 804 et
631 749 1038 804 similitudinem
1068 759 1332 805 nostram.
1401 748 1466 804 Et
1488 749 1614 803 fecit
1635 748 1775 805 Deus
1805 749 2058 803 hominen

2231 749 2452 822 μηνεύει
2475 751 2668 817 Φίλων,
2696 753 2816 816 ταῖς
2836 751 3173 815 ὲκτεθείσαις
3198 748 3363 802 αὑτοῦ
3389 753 3566 819 φωναῖς
3581 751 3644 805 ἐτι
3661 755 3726 808 καὶ

542 836 612 891 ad
640 836 930 906 imaginem
962 838 1054 894 Dei
1090 837 1215 894 fecit
1243 854 1367 895 eum
1394 838 1466 892 ⁸⁸.
1501 857 1518 890 ι
1547 837 1612 892 Ει
1641 853 1866 902 rursus,
1904 857 1923 890 ι
1955 839 2058 894 Ace

1147 839 1215 894 cit
1243 854 1367 895 eum
1394 838 1466 892 ⁸⁸.
1501 857 1518 890 ι
1547 837 1612 892 Ει
1641 853 1866 902 rursus,
1904 857 1923 890 ι
1955 839 2128 894 Acee-
2226 843 2351 896 τάδε
2377 843 2663 914 ἐπιλέγων.

542 926 730 998 pitque
757 930 912 1000 331
951 929 1095 987 Deus
1144 931 1420 1001 pulverem
1475 941 1665 996 terrm,
1728 940 1783 986 et
1846 930 2101 986 formavit
2163 933 2458 1003 hominem,
2505 945 2560 991 et
2611 936 2895 1007 inspiravit
2947 936 3001 991 in
3053 935 3247 993 faciem
3300 937 3418 1007 ejus
3469 937 3730 1008 spiraculum

543 1019 704 1083 vitm,
743 1028 797 1076 et
819 1017 996 1074 factus
1028 1029 1110 1077 est
1139 1023 1303 1078 homo
1344 1023 1397 1077 in
1445 1024 1682 1078 animam
1735 1024 2003 1079 viventem
2038 1023 2107 1077 ⁸⁷.
2145 1043 2163 1075 ι
2206 1023 2339 1091 Quae
2398 1028 2616 1099 quidem
2651 1027 2910 1084 Hebraeus
2950 1043 3169 1098 quoque
3209 1027 3365 1083 Philo
3393 1028 3510 1083 dum
3537 1029 3733 1098 explicat,

553 1111 670 1168 haec
693 1116 943 1184 superius
974 1115 1204 1172 laudatis
1233 1117 1396 1172 verba
1424 1117 1727 1190 subjungit.

1110 1229 1339 1286 CAPUT
1379 1230 1564 1288 XVIII.

2751 1225 3146 1280 ΚΕΦΑΛΑΙΟΝ
3188 1226 3296 1280 IH’.

911 1320 1151 1377 Philonis
1176 1324 1238 1377 de
1267 1325 1444 1378 animo
1470 1324 1752 1378 sententia.

2671 1315 2937 1380 Φίλωνος
2969 1314 3102 1383 περὶ
3139 1313 3369 1384 ψυχῆς.

622 1431 642 1464 ι
673 1411 865 1469 Caeteri
909 1414 1150 1484 quidem,
1204 1415 1383 1485 inquit
1429 1415 1551 1481 ille,
1600 1427 1834 1472 mentem
1881 1427 2121 1473 nostram

2273 1426 2290 1459 ι
2316 1407 2454 1460 Ἀλλ’
2478 1409 2525 1461 οἰ
2559 1407 2656 1479 μὲν
2683 1407 2853 1472 ἄλλοι,
2880 1407 2981 1477 τῆς
3000 1407 3239 1478 αἰθερίου
3263 1408 3472 1479 φύσεως
3489 1409 3568 1463 τὸν
3589 1410 3736 1481 ἡμέτε-

541 1505 782 1562 aztheriae
827 1515 1034 1561 naturae
1081 1507 1400 1577 particulam
1441 1508 1804 1578 appellantes,
1845 1509 2057 1563 homine

2230 1519 2322 1574 ρον
2347 1501 2471 1555 νοῦν
2498 1503 2692 1573 μοῖραν
2736 1499 2979 1563 εἰπόντες
3027 1495 3184 1562 εἶναι,
3235 1501 3538 1569 συγγένειαν
3572 1503 3647 1556 τοῦ
3668 1505 3734 1556 ἀν-

539 1611 666 1652 cum
697 1597 896 1653 aethere
922 1599 1244 1669 cognatione
1264 1599 1514 1668 junctum
1539 1615 1658 1654 esse
1687 1599 1993 1655 voluerunt.
2054 1647 2055 1650 η

2225 1592 2444 1664 θρώπου
2470 1592 2606 1662 πρὸς
2629 1590 2820 1662 αἰθέρα
2843 1589 3103 1659 συνῆψαν·
3134 1592 3163 1643 ὁ
3187 1589 3243 1643 δὲ
3267 1591 3436 1660 μέγας
3451 1592 3655 1663 Μωῦσῆς
3676 1592 3736 1646 οὺ-

539 1703 774 1760 magnus
813 1688 902 1744 ille
935 1688 1111 1744 Moses
1154 1689 1322 1744 animi
1373 1689 1581 1744 ratione
1630 1690 1837 1759 praediti
1883 1690 2055 1760 specie

2223 1685 2334 1738 δενί⁵
2382 1682 2489 1737 τῶν
2534 1682 2833 1750 γεγονότων
2889 1682 2990 1752 τῆς
3055 1681 3281 1752 λογικῆς
3327 1681 3502 1753 ψυχῆς
3546 1683 3597 1735 τὸ
3639 1680 3736 1744 εἶδος

538 1795 649 1837 non
677 1781 789 1852 jam
814 1791 1131 1836 exterarum
1166 1792 1539 1837 creaturarum
1569 1783 1659 1836 ulli
1701 1782 1934 1837 similem
1968 1783 2050 1838 fec

2221 1776 2518 1848 ὼμοίωσεν,
2545 1774 2658 1828 ἀλλ’
2705 1770 2858 1827 εἶπεν
2906 1774 3074 1844 αὐτὴν
3118 1773 3211 1827 τοῦ
3245 1774 3392 1827 θείου
3437 1776 3524 1828 καὶ
3563 1775 3737 1845 (kapite:

537 1873 636 1929 aed
666 1873 846 1943 potius
875 1871 1065 1936 divini,
1090 1888 1423 1943 sensumque
1459 1872 1715 1944 fugientis
1741 1875 1963 1944 spiritus
1995 1891 2053 1944 pr

2222 1868 2362 1924 [Ινεύ
2372 1886 2539 1940 ματος
2565 1868 2776 1921 ἐκείνου
2796 1861 3024 1938 ’δόκιμον
3049 1865 3188 1920 εἶναι
3216 1866 3475 1938 νόμισμα,
3500 1868 3738 1938 σημειωθὲν

530 1962 671 2027 bum
703 1967 989 2037 quemdam
1024 1981 1144 2021 esse
1169 1983 1453 2021 nummum
1478 1969 1751 2030 asseruit,
1799 1967 1892 2023 Dei
1943 1968 2040 2039 sigi

2222 1967 2313 2016 καὶ
2334 1961 2584 2015 τυπωθὲν
2611 1961 2864 2032 σφραγῖδι
2899 1959 3067 2025 Θεοῦ,
3097 1955 3164 2032 ἧς
3196 1961 3224 2013 ὁ
3271 1961 3551 2032 χαρακτήρ
3577 1962 3690 2013 ἐστιν
3720 1962 3738 2014 ὁ

539 2056 896 2115 informatum
939 2067 1100 2128 atque
1146 2057 1419 2128 signatum
1444 2101 1458 2124 ,
1509 2059 1668 2128 cujus
1696 2075 1803 2114 non
1841 2060 2055 2114 charact

2224 2052 2386 2118 άῖδιος
2410 2053 2600 2123 Λόγος.
2637 2072 2656 2105 ι
2708 2053 3022 2106 Ἑνέπνευσε
3087 2053 3215 2122 γὰρ,
3266 2055 3450 2125 φησὶν,
3493 2054 3520 2106 ὁ
3561 2053 3668 2116 Θεὸς
3685 2053 3740 2113 εἰς

541 2149 705 2214 alius,
726 2163 891 2220 quam
921 2148 1248 2218 sempiterna
1277 2149 1414 2203 ratio
1439 2149 1526 2203 sit.
1569 2148 1887 2220 «inspiravit
1951 2151 2057 2206 enil

2223 2147 2280 2200 τὸ
2304 2147 2595 2218 πρόσωπον
2619 2144 2785 2199 αὐτοῦ
2817 2145 2984 2216 πνοὴν
3011 2146 3174 2216 ζωῆς,
3221 2145 3315 2198 καὶ
3343 2145 3549 2214 ἐγένετο
3580 2143 3739 2215 ἄνθρω-

545 2237 760 2309 inquit,
813 2236 958 2293 Deus
1001 2239 1056 2292 in
1111 2237 1302 2294 faciem
1350 2239 1470 2309 ejus
1504 2241 1834 2309 spiraculum
1886 2241 2037 2306 vitm,

2224 2257 2322 2302 πος
2353 2239 2434 2302 εἰς
2460 2237 2639 2309 ψυχὴν
2673 2236 2906 2302 ζῶσαν.)
2941 2237 3104 2288 Ὥστε
3164 2235 3379 2307 ἀνάγκη
3417 2237 3544 2307 πρὸς
3581 2236 3656 2288 τὸν
3678 2236 3740 2286 ἐκ·

539 2328 721 2384 factus
753 2338 838 2383 est
870 2329 1034 2383 homo
1069 2328 1121 2383 in
1153 2331 1388 2384 animam
1420 2331 1708 2385 virentem.
1753 2351 1770 2382 ι
1809 2330 1996 2402 Itaque
2024 2349 2054 2385 n

2224 2329 2506 2400 πέμποντα
2532 2343 2556 2370 α
2583 2329 2674 2383 τὸν
2699 2329 2984 2400 δεχόμενον
3007 2328 3466 2392 ἀπεικονίζεσθαιο
3496 2327 3570 2381 διὸ
3592 2328 3667 2380 καὶ
3683 2325 3740 2378 λέ-

541 2434 698 2476 cesse
746 2419 872 2486 fuit,
913 2420 1009 2490 qui
1072 2421 1317 2491 spiritum
1363 2421 1513 2475 illum
1541 2421 1831 2492 exciperet,
1876 2423 1994 2492 ejus
2026 2439 2057 2494 q

2223 2439 2374 2490 γεται
2413 2423 2532 2476 κατ’
2555 2421 2740 2476 εἰκόνα
2768 2421 2903 2477 Θεοῦ
2955 2421 3046 2474 τὸν
3098 2421 3386 2491 ἄνθρωπον
3437 2421 3676 2490 γενέσθαι,
3700 2419 3739 2470 οὗ

542 2513 859 2584 inSpiraret,
887 2513 1295 2568 similitudinem
1328 2514 1560 2581 referre;
1607 2530 1670 2569 ac
1697 2524 1978 2585 propterea
2014 2532 2058 2568 ne

2225 2513 2332 2584 μὴν
2371 2515 2492 2566 κατ’
2517 2513 2700 2568 εἰκόνα
2745 2514 2890 2576 τινος
2942 2513 3052 2566 τῶν
3104 2513 3428 2582 γεγονότων.
3494 2510 3741 2565 Ἀκόλουθον

543 2605 612 2662 ad
643 2605 806 2660 ullius
833 2615 1114 2669 creaturae,
1158 2607 1249 2661 sed
1283 2606 1373 2660 Dei
1405 2606 1566 2661 unius
1598 2607 1887 2677 imaginem
1948 2607 2052 2662 fact

2227 2599 2311 2658 οῦν
2340 2600 2408 2676 ἦν
2441 2606 2538 2676 τῆς
2565 2604 2849 2675 ἀνθρώπου
2870 2604 3069 2676 ψυχῆς,
3099 2603 3240 2658 κατὰ
3261 2606 3353 2658 τὸν
3388 2603 3661 2676 ἀρχέτυπον
3679 2598 3743 2654 τιὸ

542 2697 713 2752 homo
740 2696 961 2752 dicitur.
997 2696 1097 2762 ita,
1128 2712 1251 2752 cum
1279 2698 1494 2752 animus
1525 2698 1760 2754 hominis
1786 2698 1853 2752 ad
1884 2699 2058 2769 primu

2224 2699 2394 2754 αἰτίου
2420 2699 2574 2767 λόγον
2599 2698 3086 2768 ἁπεικονισθείσης,
3104 2699 3199 2752 καὶ
3221 2699 3281 2751 τὸ
3311 2698 3471 2767 σῶμα
3495 2694 3740 2766 ἀνεγερθὲν,

543 2793 676 2851 illud
699 2799 940 2851 auctoris
975 2797 1057 2851 sui
1091 2796 1325 2849 rationis
1362 2793 1638 2864 exemplar
1662 2792 2039 2849 conformatus

2227 2792 2359 2864 πρὸς
2383 2791 2480 2862 τὴν
2504 2789 2901 2862 καθαρωτάτην
2933 2790 3024 2843 τοῦ
3073 2790 3273 2853 παντὸς
3315 2793 3528 2862 μοῖραν,
3553 2787 3743 2858 οὐρανὸν,

542 2900 837 2957 expressus
869 2894 1032 2953 esset,
1081 2885 1201 2955 ejus
1248 2885 1410 2940 etiam
1460 2899 1658 2954 corpus
1704 2893 1946 2940 erectum
1976 2899 2058 2937 ess

2228 2883 2318 2946 τὰς
2350 2881 2501 2951 ὄψεις
2525 2882 2854 2936 ἀνατεῖναι.»
2887 2881 3073 2936 Ταῦτα
3097 2883 3194 2952 μὲν
3226 2876 3396 2946 οὗτος.
3418 2882 3632 2942 Εἰκότως
3649 2878 3744 2943 δῆτα

539 2978 866 3048 vultumque
909 2992 1068 3031 suum
1116 2977 1169 3030 in
1211 2977 1444 3041 coelum,
1473 2991 1595 3045 quae
1619 2990 1744 3044 pars
1771 2985 1852 3028 est
1880 2975 2055 3028 univei

2229 2976 2316 3030 καὶ
2343 2978 2376 3047 ἡ
2403 2975 2522 3029 θεία
2551 2974 2740 3046 Γραφὴ
2769 2975 2865 3045 οὐχ
2889 2975 2964 3038 ὡς
2992 2973 3058 3028 τὰ
3086 2973 3250 3027 λοιπὰ
3273 2973 3392 3038 ζῶα
3415 2971 3665 3041 γεγονέναι
3685 2967 3745 3018 τὸν

542 3070 858 3142 purissima,
891 3083 1216 3125 conversum
1244 3069 1440 3122 habere
1466 3067 1758 3136 oportuit.»
1798 3065 1921 3122 ilmc
1941 3065 2058 3121 Phil

2229 3068 2505 3140 ἄνθρωπόν
2531 3084 2682 3138 φησι·
2724 3066 2793 3120 τὰ
2853 3067 2948 3137 μὲν
2981 3065 3088 3137 γὰρ
3112 3065 3219 3119 ἀπὸ
3249 3065 3356 3136 γῆς
3406 3059 3745 3136 προελθεῖν,ὲνὶ

541 3164 722 3232 Atque
749 3161 1022 3217 hominem
1053 3175 1183 3214 sane
1206 3160 1387 3213 divina
1415 3158 1716 3229 Scriptura,
1750 3174 1858 3213 non
1895 3169 2057 3214 taeter

2223 3159 2553 3232 κελεύσματι
2605 3158 2700 3212 τοῦ
2748 3157 3136 3229 παμϐασιλέως
3172 3156 3330 3210 Θεοῦ·
3382 3155 3453 3209 τὰ
3519 3154 3637 3208 δ’ἐκ
3671 3151 3739 3218 τῆς

544 3267 667 3307 rum
695 3250 1054 3305 animantium
1087 3263 1237 3303 more
1266 3258 1443 3303 satum
1473 3264 1624 3314 esse,
1648 3248 1774 3318 jure
1820 3248 2060 3316 meritoqt

2230 3254 2395 3326 ὑγρᾶς
2417 3253 2602 3315 οὐσίας
2628 3251 2932 3321 ἀναπτῆναι
2962 3248 3121 3303 πάλιν
3162 3247 3330 3302 αὐτοῦ
3367 3247 3603 3317 νεύματι·
3634 3243 3746 3313 μόνον

544 3342 881 3415 pronuntiat.
937 3339 1196 3409 Reliquas
1245 3341 1390 3394 enim
1421 3354 1608 3395 omnes
1636 3339 1830 3410 partim
1861 3355 1927 3394 ex
1955 3348 2060 3394 terr

2233 3345 2276 3398 Si:
2303 3346 2409 3399 τῶν
2437 3345 2529 3398 ἐπὶ
2553 3345 2655 3415 γῆς
2682 3341 2836 3407 ζώων
2864 3342 2926 3395 τὸ
2953 3340 3390 3410 θεοφιλέστατον,
3423 3341 3562 3410 ἡμᾶς
3583 3335 3749 3396 αὐτοῦς,

546 3433 643 3489 Dei
688 3433 1038 3504 praepotentis
1077 3431 1236 3502 jussu
1289 3431 1575 3501 prodiisse,
1624 3432 1819 3502 partim
1877 3432 2062 3502 ejusde

2233 3437 2342 3489 κατ’
2368 3435 2551 3489 εἰκόνα
2577 3433 2711 3487 Θεοῦ
2742 3434 2835 3487 καὶ
2863 3431 2984 3486 καθ’
3019 3431 3277 3504 ὁμοίωσιν
3302 3433 3405 3502 τὴν
3428 3431 3594 3502 ψυχὴν
3635 3443 3749 3496 γεγε·

544 3525 782 3580 Numine
833 3539 900 3578 ex
941 3523 1211 3578 elemento
1259 3523 1552 3577 humidiori
1618 3523 1902 3589 evolasse;
1955 3533 2009 3578 at
2055 3546 2060 3573 ‹

2232 3528 2394 3588 νέναι,
2419 3527 2554 3597 πρὸς
2578 3527 2606 3580 ὃ
2633 3526 2727 3580 καὶ
2758 3525 2988 3597 ὁρᾶσθαι
3010 3523 3236 3596 ἀρχικὸν
3261 3523 3360 3576 καὶ
3385 3519 3642 3592 βασιλικὸν
3679 3517 3748 3583 τὴν

544 3617 838 3682 omnibus,
885 3630 1008 3685 qua:
1059 3615 1112 3668 in
1167 3623 1309 3668 terra
1365 3623 1686 3680 versantur,
1729 3615 2060 3670 animantihu

2232 3619 2403 3689 φύσιν,
2428 3620 2586 3690 μόνον
2619 3637 2677 3672 τε
2703 3618 2811 3672 τῶν
2836 3618 2929 3671 ent
2961 3617 3065 3688 γῆς
3097 3612 3234 3669 εἶναι
3287 3614 3528 3685 λογικὸν,
3564 3612 3644 3666 καὶ
3687 3609 3748 3675 ὅτ,-

543 3723 714 3763 uuum
743 3707 903 3778 longe
936 3705 1045 3762 Deo
1079 3706 1480 3769 charissimum,
1513 3721 1632 3772 nos,
1670 3706 1911 3776 inquam,
1953 3707 2059 3776 ipse

2233 3711 2562 3782 μιουργικὸν,
2599 3711 2694 3764 καὶ
2719 3709 2983 3780 κριτικὸν,
3009 3709 3101 3761 καὶ
3125 3707 3499 3778 νομοθετικδν,
3525 3701 3694 3772 τεχνῶν
3710 3713 3749 3748 τε

544 3798 612 3856 ad
639 3799 929 3867 imaginem
955 3813 1020 3854 ac
1052 3797 1462 3854 similitudinem
1500 3797 1589 3852 Dei
1633 3809 1949 3868 procreatos
2001 3815 2060 3853 an

2233 3804 2318 3856 καὶ
2347 3802 2664 3874 ἐπιστημῶν
2697 3800 3123 3872 καταληπτικόν.
3171 3797 3324 3853 Εἶναι
3359 3799 3469 3870 γὰρ
3516 3797 3659 3868 μόνην
3682 3791 3749 3874 τῇν

544 3905 747 3961 meque
780 3889 1036 3960 praeditos
1075 3889 1244 3945 fuisse
1292 3908 1306 3944 :
1358 3889 1612 3960 quocirca
1643 3891 1940 3961 principem
1973 3892 2025 3945 in
2055 3914 2060 3942 ε

2232 3893 2282 3946 ὲν
2304 3873 2573 3963 ἀνθρώπῳ
2603 3891 2800 3962 ψυχὴν,
2840 3888 3032 3960 νοεράν
3093 3889 3188 3942 καὶ
3235 3888 3465 3960 λογικὴν
3506 3883 3684 3942 οὐσίαν,
3705 3873 3748 3946 ἧς

544 3983 837 4056 quamdam
882 3983 1104 4054 agnosci
1155 3983 1468 4052 regiamque
1523 3991 1806 4050 naturam,
1857 3993 2020 4054 atque

2233 3985 2301 4055 μὴ
2335 3985 2578 4055 μετεῖναι
2599 3985 2711 4046 τοῖς
2742 3981 2921 4045 ἄλλοις
2962 3984 3056 4035 ἐπὶ
3099 3982 3202 4053 γῆς
3242 3980 3428 4045 ζώοις,
3477 3976 3564 4032 Διὸ
3604 3972 3660 4026 τὰ
3683 3970 3749 4040 μὲν

542 4076 708 4134 terris
735 4091 856 4132 esse
881 4091 1050 4131 unum
1081 4116 1095 4138 ,
1131 4077 1224 4147 qui
1256 4076 1637 4142 ratiocinandi,
1667 4074 2001 4143 fabricandi,
2033 4076 2051 4146 j

2233 4077 2490 4147 θητεύειν,
2519 4075 2611 4129 καὶ
2636 4073 2818 4147 χώραν
2843 4073 3072 4127 οἰκετῶν
3104 4067 3369 4146 παρέχειν
3403 4069 3666 4142 ἀνθρώπιν’
3689 4062 3749 4114 τὸν

543 4168 795 4236 dieandi,
843 4168 988 4240 leges
1036 4166 1276 4233 ferendi,
1322 4178 1468 4223 artes
1513 4167 1898 4237 doctrinasque
1946 4183 2059 4238 pert

2233 4169 2299 4232 se,
2325 4162 2414 4220 οἷα
2439 4167 2705 4238 δεσπότην
2733 4165 2828 4218 καὶ
2875 4165 3140 4237 ἡγεμόνα,
3164 4163 3505 4218 δουλοῦσθαι·
3551 4160 3631 4213 καὶ
3654 4156 3749 4206 ὑπο-

545 4260 727 4334 piendi
755 4261 864 4316 vim
896 4260 1109 4315 habent.
1140 4258 1328 4314 Solum
1353 4260 1496 4314 enim
1531 4259 1681 4314 illum
1712 4261 1972 4326 animam,
1999 4276 2061 4330 qu

2234 4259 2434 4314 τάττειν
2457 4257 2526 4311 τὰ
2544 4258 2701 4331 ῥώμῃ
2735 4258 2831 4328 μὲν
2857 4255 3110 4328 σώματος
3136 4255 3270 4309 πολὺ
3293 4255 3594 4327 κρείττονα,
3613 4246 3750 4318 μείονα

548 4353 811 4423 spiritalis
861 4350 932 4408 sit
979 4351 1392 4422 intelligensque
1419 4359 1636 4416 natura,
1689 4353 1944 4406 sortitum
1975 4367 2064 4408 ess

2234 4349 2277 4403 53-:
2301 4351 2368 4420 τῇ
2401 4347 2544 4403 κατὰ
2566 4348 2664 4420 τὴν
2688 4348 2880 4419 νοερὰν
2927 4347 3113 4400 οὐσίαν
3139 4348 3421 4419 στερήσει.
3461 4343 3643 4399 Τοῦτον
3683 4336 3750 4404 μὲν

547 4445 708 4515 cujus
751 4444 804 4498 in
835 4443 1170 4499 consortium
1205 4458 1269 4497 ex
1307 4443 1650 4498 terrestribus
1675 4443 1796 4499 aliis
1825 4444 2063 4499 animant

2235 4436 2315 4494 οὖν
2343 4442 2462 4494 κατ’
2488 4441 2671 4494 εἰκόνα
2694 4442 2826 4509 φασὶ
2847 4439 2982 4493 Θεοῦ
3008 4439 3101 4493 καὶ
3126 4439 3246 4492 καθ’
3273 4437 3534 4510 ὁμοίωσιν
3557 4433 3668 4505 πρὸς
3687 4427 3751 4479 15'

549 4531 655 4586 hus
686 4531 831 4586 nulla
856 4531 1080 4586 omnino
1103 4532 1331 4586 venerit.
1363 4529 1543 4598 Quare
1569 4541 1815 4597 crateras,
1833 4549 2060 4603 Operaru

2234 4531 2318 4585 τοῦ
2340 4531 2436 4586 τοῦ
2460 4531 2592 4586 Θεοῦ
2621 4532 2758 4603 μετὲ
2783 4549 2927 4597 τινος
2970 4532 3336 4603 διαφερούσης
3377 4526 3638 4601 ὑπεροχῆς
3655 4524 3750 4574 ὐπο-

547 4624 910 4694 quarumdam
951 4633 1006 4678 et
1050 4622 1378 4678 famulorum
1429 4625 1636 4690 instar,
1691 4625 1895 4680 homini
1928 4643 2063 4697 praes

2231 4624 2435 4695 στῆναι.
2484 4623 2576 4678 Διὸ
2622 4625 2716 4678 καὶ
2757 4623 2892 4676 Θεοῦ
2928 4622 3134 4684 ἐννοίας
3173 4623 3253 4685 εἰς
3311 4618 3606 4692 φαντασίας
3635 4613 3747 4668 ξέναις

548 4729 702 4781 esse;
750 4715 896 4770 hunc
948 4730 1077 4770 vero
1121 4726 1378 4786 tanquam
1429 4716 1590 4786 332
1642 4717 1926 4773 dominum
1961 4728 2064 4790 atqi

2235 4716 2414 4785 σοφίας
2438 4732 2498 4768 τε
2525 4716 2619 4770 καὶ
2639 4714 3001 4784 δικαιοσύνης,
3026 4713 3121 4767 καὶ
3146 4713 3332 4784 πάσης
3362 4709 3560 4783 ἀρετῆς
3584 4701 3751 4790 ἀντιλῆέ

549 4810 780 4874 ducem,
827 4809 1042 4864 easdem
1091 4808 1357 4863 industria
1391 4808 1614 4863 domare
1645 4817 1806 4880 atque
1851 4789 2065 4883 subiger

2233 4807 2344 4876 ζμεις
2381 4807 2668 4871 ποιεῖσθαι,
2715 4805 2948 4877 δρόμους
2998 4821 3058 4857 τε
3107 4803 3260 4876 ἡλίου
3306 4805 3404 4856 καὶ
3442 4789 3749 4870 σελήνηςηιεὶ

551 4909 616 4955 ut
635 4899 880 4970 corporis
911 4900 1069 4970 longe
1105 4900 1316 4954 viribus
1353 4898 1684 4968 superiores,
1715 4901 1797 4955 sic
1827 4901 1898 4957 ob
1924 4901 2067 4958 inteli

2234 4899 2462 4969 ἰστρωνν
2491 4896 2711 4970 ἡμερῶν
2738 4915 2796 4951 τε
2821 4899 2913 4953 καὶ
2939 4896 3096 4970 ὡρῶν
3120 4897 3357 4960 κύκλους
3380 4885 3750 4965 ἀπαριθμεῐσθαι

553 4992 732 5064 gentis
766 5001 975 5047 naturae
1000 4988 1350 5061 privationem
1379 4990 1681 5047 inieriores.
1719 4991 1873 5046 illum
1898 5007 2026 5063 ergo
2058 5010 2069 5048 :

2234 4991 2463 5054 δυνατῶς
2489 4991 2652 5061 ἔχειν,
2677 4991 2777 5062 τῆς
2802 4991 2937 5063 πρὸς
2959 4990 3029 5044 τὰ
3053 4989 3166 5044 άνω
3191 4989 3514 5058 συγγενείας
3536 4984 3687 5056 χάριν»
3705 4977 3750 5042 ἦν

554 5085 846 5155 imaginem
881 5097 944 5138 ac
967 5082 1375 5138 similitudinem
1398 5081 1515 5147 Dei,
1561 5083 1630 5138 ab
1658 5098 1722 5137 eo
1748 5084 1888 5152 ipso,
1941 5085 2070 5154 sing:

2235 5081 2435 5153 θνητῶν
2469 5083 2627 5154 μόνος
2664 5083 2949 5153 ἄνθρωπος
2980 5081 3370 5136 ἐπιδείκνυται.
3420 5079 3496 5131 Τὸ
3539 5076 3591 5129 δὲ
3622 5068 3751 5132 τούτῳ

557 5176 659 5234 lari
682 5176 914 5248 quodam
947 5183 999 5231 et
1022 5173 1241 5246 proprio
1268 5174 1544 5244 dignitatis
1567 5176 2002 5247 excellentimque
2031 5193 2073 5244 gi

2234 5173 2737 5247 περιπεπλασμένον
2777 5174 2973 5238 ἔξωθεν
3035 5172 3349 5245 ἐτερογενὲς
3400 5171 3498 5242 μὲν
3541 5163 3750 5232 οπάρχειν

559 5281 690 5322 nere
734 5278 1076 5336 procreatum
1125 5281 1282 5330 esse,
1336 5266 1517 5320 divina
1565 5275 1833 5322 testantur
1883 5269 2068 5323 oracul

2235 5267 2324 5338 τὴν
2344 5267 2529 5320 οὐσίαν
2552 5267 2644 5320 καὶ
2672 5267 2920 5337 γηγενὲς,
2951 5264 3089 5319 εἶναι
3114 5266 3169 5320 δὲ
3193 5265 3286 5320 καὶ
3313 5265 3452 5318 αὐτὸ
3471 5260 3597 5316 Θεοῦ
3616 5258 3751 5327 ἔργων

559 5355 693 5411 Eam
722 5358 792 5412 ob
818 5373 930 5413 rem
968 5358 1143 5427 ipsum
1191 5366 1243 5412 et
1282 5357 1606 5425 cogitatione
1638 5355 1731 5411 Dei
1763 5359 2012 5414 notiones
2041 5359 2075 5413 ii

2237 5358 2332 5411 ἀπὸ
2352 5359 2456 5428 γῆς
2482 5357 2704 5429 ληφθὲν,
2734 5361 2829 5413 καὶ
2859 5361 2938 5422 εἰς
2966 5357 3065 5430 τὴν
3105 5357 3275 5430 αὐτὴν
3321 5354 3664 5426 ὑποστρέφω.
3687 5343 3753 5396 Διὸ

561 5446 820 5514 formare,
848 5459 901 5504 et
927 5449 1224 5520 sapientia},
1251 5449 1476 5519 justitia:
1494 5490 1509 5514 ,
1541 5448 1986 5520 reiiquarumque
2012 5451 2077 5504 vi]

2238 5450 2320 5502 καὶ
2352 5450 2549 5520 χρῆναι
2571 5450 2760 5504 τούτου
2797 5450 2895 5521 μὲν
2947 5451 3048 5504 ὅσα
3104 5451 3200 5504 καὶ
3252 5449 3458 5519 ἀλόγου
3495 5446 3754 5518 θρέμματος

557 5549 737 5610 tutum
772 5543 1008 5597 rationes
1035 5543 1250 5612 vimque
1272 5543 1549 5612 percipere
1578 5560 1591 5596 :
1623 5541 1755 5597 solis
1781 5542 1932 5609 item,
1987 5545 2073 5596 Iun

2237 5535 2325 5589 τὸν·
2339 5536 2604 5608 δεσπότην
2627 5538 2958 5610 ηχθεσμένου
2985 5538 3307 5611 φροντίζειν,
3342 5540 3500 5606 ἄγειν
3520 5534 3575 5588 τε
3607 5530 3753 5601 πρᾴως

565 5634 910 5702 siderumque
935 5650 1150 5699 cursus,
1183 5634 1497 5696 dierumque
1527 5635 1691 5693 simul
1739 5651 1803 5692 ac
1837 5644 2081 5707 tempest:

2236 5629 2378 5695 αὐτὸ,
2408 5629 2500 5683 καὶ
2532 5631 2749 5702 τρέφειν
2773 5629 2862 5688 οἷα
2884 5632 3085 5698 δοῦλον,
3141 5633 3272 5704 πρὸς
3323 5627 3646 5702 ἁνθρωπεῖου
3668 5621 3752 5693 βίον

641 5724 684 5756 ³⁸
713 5722 849 5780 Gen.
882 5739 918 5790 ι,
944 5723 1033 5786 26,
1063 5721 1154 5777 27.
1181 5719 1222 5752 ⁸⁷
1252 5718 1384 5779 Gen.
1417 5737 1476 5790 tt,
1507 5721 1560 5780 7.

637 5818 665 5848 ι
697 5823 782 5876 γρ.
794 5848 806 5871 ,
835 5803 1152 5873 ἐμπνέοντα.
