3838 6384
532 277 637 342 565

1180 279 1453 337 EUSEBII
1493 278 1974 335 CIESARIENSIS
2009 279 2160 334 OPP.
2206 278 2386 333 PARS
2424 278 2487 332 ll.
2528 303 2597 318 -
2639 275 3144 333 APOLOGETICA.
3637 282 3715 336 364

524 391 691 457 minis
750 401 1016 464 potestate
1064 409 1264 448 novum
1310 404 1564 466 praeterea
1624 411 1746 449 cum
1817 393 1933 450 suis
1983 393 2337 463 qualitatibus
2387 401 2637 447 ornatum
2693 391 2934 448 induisse
2985 391 3182 446 vellent
3241 408 3254 444 :
3302 390 3715 449 demonstrandum

525 509 744 571 quoque
770 495 928 548 nobis
952 493 1074 557 erit,
1097 495 1256 563 longe
1297 494 1566 550 saniorem
1608 491 1958 547 Hebraeorum
2013 492 2114 546 hoc
2152 489 2205 543 in
2241 503 2437 559 genere
2477 496 2709 542 mentem
2739 501 2803 540 ac
2859 487 3178 541 sententiam
3231 485 3416 552 fuisse,
3462 503 3572 556 qua:
3623 505 3720 558 pro-

523 591 761 666 positam
799 591 1153 660 quaastionem
1210 590 1381 659 logica
1427 590 1585 660 plane
1633 593 2099 648 demonstratione
2133 586 2416 654 disceptet,
2439 583 2710 653 justisque
2745 581 3051 636 rationibus
3108 581 3290 634 omnia
3343 580 3716 637 dissentientium

523 690 842 752 argumenta
871 682 1156 737 convellat.
1184 679 1412 736 Hanein
1441 697 1553 735 rem
1589 679 1861 751 ipsissima
1882 693 2094 744 eorum,
2134 675 2227 746 qui
2284 683 2409 730 ante
2467 691 2566 730 nos
2620 681 2872 730 accurate
2919 674 3023 728 hac
3080 672 3134 726 in
3180 672 3526 742 disputatione
3565 677 3719 730 versati

525 783 672 838 sunt,
707 775 868 830 verba
903 774 1198 846 producam
1221 813 1236 835 ,
1288 783 1449 844 atque
1483 773 1537 827 in
1571 771 1762 842 primis
1811 769 2096 840 Dionysii,
2134 767 2227 836 qui
2264 767 2319 820 in
2373 767 2549 836 primo
2602 766 2867 820 librorum
2918 780 3106 820 eorum
3134 805 3152 831 ,
3205 779 3343 834 quos
3382 766 3433 817 in
3479 763 3718 825 Sabellium

521 871 889 939 elucubravit,
935 869 1082 928 hunc
1118 867 1171 921 in
1207 872 1426 929 modum
1480 870 1544 922 de
1595 883 1654 928 re
1706 875 1816 932 tota
1850 861 2280 944 philosophatur.

1101 961 1331 1026 CAPUT
1367 960 1508 1029 xix.

914 1075 1200 1130 Materiam
1230 1075 1350 1130 erm
1379 1093 1482 1133 non
1505 1091 1700 1129 carere.

597 1209 616 1242 ε
657 1190 957 1260 lmpietatis
1004 1192 1169 1245 etiam
1206 1191 1333 1246 illud
1371 1199 1475 1251 est,
1511 1189 1724 1259 inquit,
1760 1187 1906 1258 quod
1937 1185 2099 1256 pleri~

521 1298 625 1352 que
657 1282 964 1343 materiam,
991 1283 1148 1351 cujus
1182 1292 1358 1338 ortum
1384 1281 1592 1335 nullum
1619 1296 1738 1335 esse
1770 1279 1970 1342 velint,
2013 1277 2098 1331 di-

519 1375 660 1429 vina:
721 1374 974 1443 potestati
1049 1373 1392 1441 digerendam
1457 1371 1870 1440 ornandamque
1923 1368 2089 1436 subji-

520 1467 689 1528 ciant,
721 1467 848 1520 dum
883 1481 1000 1520 eam
1029 1476 1220 1519 natura
1256 1480 1354 1520 sua
1389 1465 1680 1533 patientem
1706 1472 1867 1531 atque
1891 1469 2096 1514 tracta-

521 1559 706 1619 bilem,
739 1558 1035 1626 impressas
1069 1557 1330 1610 divinitus
1363 1555 1691 1608 mutationes
1726 1552 1882 1607 facile
1914 1553 2098 1606 subire

523 1648 760 1702 tradunt.
797 1645 1084 1700 Enimvero
1107 1645 1338 1700 doceant
1362 1645 1452 1699 isti
1494 1644 1587 1714 qui
1620 1636 1732 1698 fieri
1759 1643 2013 1712 potuerit,
2041 1651 2100 1696 ut

519 1739 573 1792 in
610 1737 777 1792 Deum
808 1746 971 1808 atque
1013 1737 1298 1792 materiam
1335 1735 1635 1791 similitudo
1665 1735 1870 1804 pariter
1899 1749 1961 1790 ac
1988 1735 2101 1790 dis-

519 1829 818 1885 similitudo
875 1829 1111 1884 caderet.
1163 1827 1298 1882 Nam
1342 1829 1506 1882 alium
1540 1827 1831 1897 quemdam
1867 1817 2099 1896 utroque

519 1922 876 1991 potentiorem
900 1922 1138 1992 cogitare
1174 1931 1286 1976 tum
1323 1930 1620 1990 oporteret,
1653 1921 1798 1991 quod
1827 1930 2004 1975 tamen
2033 1920 2099 1974 de

519 2014 629 2068 Dec
654 2014 735 2067 vel
775 2013 1067 2083 suspicari,
1101 2012 1274 2068 nefas.
1331 2011 1462 2066 Nam
1507 2023 1560 2066 et
1585 2013 1763 2083 ipsum
1819 2023 1945 2067 ortu
2004 2028 2098 2067 ca-

519 2121 665 2170 rere,
696 2105 840 2175 quod
875 2105 927 2158 in
960 2114 1194 2174 utroque
1229 2105 1408 2160 simile
1460 2104 1661 2158 dicitur
1683 2144 1698 2168 ,
1762 2111 1816 2158 et
1863 2104 2096 2158 alterum

519 2197 672 2262 illud,
700 2197 844 2267 quod
881 2206 1075 2266 praeter
1109 2207 1402 2267 utrumque
1461 2198 1728 2267 cogitatur
1755 2237 1769 2258 ,
1824 2197 2100 2266 quomodo

2124 962 2174 1019 Α

2720 955 3118 1009 ΚΕΦΑΛᾹῘΟΝ
3170 955 3270 1007 16'.

2351 1071 2488 1140 Περὶ
2516 1071 2618 1126 τοῦ
2640 1071 2725 1141 μή
2763 1071 3095 1142 ἀγέννητον·
3125 1067 3278 1124 εἶναι
3316 1070 3426 1138 τὴν
3448 1072 3609 1140 ὕλην.

2273 1207 2291 1239 ι
2322 1188 2444 1241 υύδ’
2481 1188 2678 1239 ἐκεῖνοι
2707 1186 2805 1256 μὲν
2828 1185 2938 1256 γὰρ
2963 1186 3122 1249 ὅσιοι,
3151 1187 3200 1238 οἱ
3225 1185 3324 1256 τὴν
3365 1185 3488 1256 ὓλην
3512 1187 3579 1250 ὼς
3601 1188 3725 1254 ἀγένε

2198 1299 2357 1352 νητον
2391 1280 2703 1351 ὑποχείριον
2737 1280 2816 1342 εἰς
2863 1278 3219 1351 διακόσμησιν
3277 1277 3502 1342 διδόντες
3528 1279 3594 1348 τῷ
3620 1280 3724 1351 Θεῴο

2200 1372 2446 1444 παθητὴν
2475 1371 2583 1442 γὰρ
2614 1368 2784 1440 αὐτὴν
2813 1369 2908 1422 καὶ
2930 1369 3171 1441 τρεπτὴν
3205 1369 3568 1440 ὑπάρχουσαν,
3597 1372 3726 1423 εἴκειν

2198 1469 2319 1528 ταῖς
2349 1464 2683 1533 θεοποιήτοις
2713 1461 3050 1516 ἁλλοιώσεσι.
3102 1463 3212 1524 Καὶ
3264 1461 3424 1514 πόθεν
3460 1462 3559 1532 γὰρ
3595 1463 3728 1532 ὑπάρ-

2203 1575 2289 1627 χει
2321 1557 2416 1609 καὶ
2450 1555 2527 1626 τῷ
2557 1554 2675 1626 Θεῷ
2701 1554 2795 1608 καὶ
2840 1557 2904 1624 τῇ
2940 1553 3036 1625 ὕλῃ
3072 1554 3132 1606 τό
3165 1570 3225 1606 τε
3259 1554 3439 1622 ὅμοιον
3488 1555 3571 1605 καὶ
3587 1553 3637 1604 τὸ
3659 1554 3729 1604 ἀν-

2200 1649 2405 1719 όμοιον,
2437 1647 2878 1717 διασαφήτωσαν.
2917 1646 3212 1716 Ἑκατέρου
3246 1647 3355 1717 γὰρ
3406 1647 3482 1698 δεῖ
3510 1663 3614 1698 τινα
3637 1647 3727 1696 ἐπι-

2199 1742 2386 1811 νοῆσαι
2419 1740 2720 1810 κρεὶττονα,
2760 1740 2788 1792 ὃ
2821 1739 2953 1811 μηδὲ
2984 1738 3202 1809 θεμιτὸν
3255 1739 3500 1808 ἐννοῆσαι
3528 1739 3637 1808 περὶ
3659 1738 3728 1790 τοῦ

2199 1830 2357 1886 Θεοῦ.
2387 1831 2460 1883 Τό
2489 1848 2550 1883 τε
2587 1830 2694 1901 γὰρ
2725 1831 3040 1902 ἀγέννητον,
3101 1831 3287 1900 ὅμοιον
3346 1833 3404 1882 ὲν
3453 1829 3729 1900 ἀμφοτέροις

2199 1918 2513 1989 λεγόμενον,
2539 1920 2632 1970 καὶ
2654 1919 2839 1990 ἕτερον
2871 1919 3162 1990 νοούμενον
3213 1921 3346 1991 παρ’
3375 1919 3630 1991 ἑκάτερον,
3657 1921 3728 1971 πό-

2201 2011 2292 2065 θεν
2319 2014 2375 2064 ὲν
2397 2013 2579 2076 αὐτοῖς
2609 2014 2864 2082 ὲγένετος
2905 2013 2966 2066 Εἰ
3023 2013 3118 2084 μὲν
3166 2013 3276 2084 γὰρ
3331 2013 3460 2066 αύτὺ
3493 2014 3730 2082 ἀγέννητὸν

2202 2105 2348 2158 ἐστιν
2375 2107 2402 2157 6
2441 2105 2593 2169 θεὸς,
2624 2106 2718 2164 καὶ
2737 2105 2892 2158 οὐσία
2924 2106 3071 2158 ἐστὶν
3101 2103 3286 2167 αὑτοῦ,
3305 2106 3382 2168 ὡς
3403 2106 3465 2158 ἂν
3491 2105 3620 2157 εἴποι
3649 2123 3725 2166 ex.

2202 2200 2234 2268 ἡ
2259 2198 2573 2270 ἀγεννησία,
2597 2199 2696 2252 οὐκ
2722 2197 2787 2250 ἂν
2809 2197 3098 2269 ἀγέννητον
3122 2198 3206 2269 εἴη
3229 2200 3260 2269 ἡ
3286 2198 3409 2269 ’ύληο
3434 2199 3489 2250 ού
3518 2197 3612 2269 γὰρ
3635 2199 3731 2249 ταῦ.

517 2288 735 2354 tandem
765 2290 817 2342 in
855 2289 923 2344 iis
958 2290 1136 2344 locum
1169 2289 1400 2344 habuit?
1453 2289 1508 2343 Si
1539 2290 1682 2344 enim
1734 2289 1864 2342 illud
1918 2289 2093 2356 ipsum

2199 2293 2288 2345 τόν
2318 2295 2465 2346 ἐστιν
2497 2296 2529 2364 ἡ
2564 2293 2665 2365 ὕλη
2693 2295 2784 2347 καὶ
2807 2296 2835 2346 6
2858 2294 3008 2355 Θεός·
3032 2296 3079 2346 εἰ
3098 2295 3157 2348 δὲ.
3188 2295 3448 2365 ἑκάτερον
3477 2295 3569 2364 μὲν
3597 2295 3727 2356 ἐστιν,

517 2382 660 2452 quod
691 2391 812 2436 ortu
845 2391 1015 2446 caret,
1049 2382 1190 2438 Deus
1229 2392 1333 2446 est,
1368 2383 1613 2452 ipsaque,
1649 2391 1708 2435 ut
1754 2382 1825 2435 ita
1881 2381 2093 2442 dicam,

517 2484 673 2528 ortus
699 2475 936 2544 negatio,
971 2475 1152 2530 divina
1187 2476 1423 2531 essentia
1471 2485 1590 2542 est;
1646 2490 1755 2529 non
1802 2473 1916 2543 jam
1952 2474 2095 2527 idem

517 2567 729 2634 ipsum,
775 2569 919 2638 quod
983 2578 1103 2622 ortu
1183 2577 1363 2634 caret,
1420 2569 1643 2623 materia
1718 2567 1916 2631 fuerit,
1971 2583 2093 2622 cum

517 2658 662 2715 Deus
705 2669 757 2714 et
815 2660 1038 2715 materia
1094 2677 1260 2714 unum
1297 2661 1550 2731 idemque
1603 2676 1712 2715 non
1749 2659 1912 2732 334.
1965 2660 2093 2716 sint.

519 2751 615 2805 Sin
651 2760 830 2806 autem
864 2761 1154 2823 utrumque
1184 2754 1441 2818 dixerint,
1475 2753 1525 2806 id
1553 2753 1773 2822 quidem
1805 2769 1928 2808 esse
1971 2767 2098 2823 pro—

517 2844 633 2910 prie
655 2845 801 2913 quod
825 2854 927 2906 est,
957 2850 1239 2900 materiam
1276 2846 1522 2900 videlicet
1561 2855 1724 2914 atque
1753 2844 1922 2898 Deum
1945 2885 1960 2911 ,
2005 2859 2096 2898 or-

515 2945 605 2988 tus
635 2945 812 2990 tamen
847 2937 1187 3006 negationem
1221 2937 1488 2992 ambobus
1543 2936 1871 2990 convenire:
1916 2934 2094 2988 maui-

513 3026 648 3080 feste
681 3028 928 3097 sequitur
954 3070 968 3096 ,
1031 3030 1176 3083 aliud
1227 3029 1506 3099 quidpiam
1569 3039 1764 3098 przeter
1799 3039 2096 3099 utrumque

513 3119 848 3187 ponendum.
881 3121 1025 3189 quod
1057 3121 1335 3189 antiquius
1363 3135 1425 3173 ac
1457 3120 1710 3187 superius
1735 3128 1968 3188 utroque
1997 3119 2088 3174 sit.

509 3209 628 3266 Jam
665 3213 960 3281 quominus
989 3227 1083 3281 per
1113 3227 1233 3266 sese
1265 3211 1424 3267 ambo
1477 3211 1638 3267 simul
1677 3227 1800 3266 esse
1845 3212 2093 3281 possint,

512 3303 626 3356 imo
655 3305 950 3372 quominus
977 3321 1006 3358 e
1037 3304 1254 3358 duobus
1293 3305 1545 3370 alterum,
1578 3304 1680 3358 hoc
1712 3312 1797 3358 est
1841 3304 2091 3366 materia,

507 3407 633 3452 Esse
668 3409 764 3462 per
792 3410 910 3449 sese
936 3405 1117 3464 queat,
1149 3396 1230 3449 vel
1262 3396 1378 3465 ipsa
1426 3397 1657 3452 rationis
1684 3404 1738 3452 et
1765 3396 2093 3453 conditionis

511 3487 797 3555 utriusque
829 3487 1118 3542 diversitas
1149 3503 1373 3557 prorsus
1409 3488 1690 3557 impediat.
1719 3487 1936 3558 Alioqui
1961 3504 2095 3544 caus.

509 3593 626 3647 sam
658 3578 732 3631 illi
769 3593 901 3632 sane
932 3579 1180 3643 alIerant,
1209 3581 1562 3650 quamobrem
1608 3597 1732 3634 cum
1775 3589 1897 3635 ortu
1932 3581 2093 3635 ambo

509 3678 755 3735 careant,
785 3671 928 3726 Deus
949 3672 1165 3743 quidem
1195 3689 1294 3728 nec
1329 3674 1439 3740 pati
1468 3673 1765 3743 quidquam
1830 3688 1932 3732 nec
1960 3689 2085 3726 mu-

509 3763 636 3838 tari,
683 3779 784 3818 nec
834 3765 1038 3818 moveri
1070 3765 1275 3833 possit,
1313 3765 1563 3832 idemque
1627 3765 1790 3819 simul
1817 3765 2087 3821 efﬁciendi

506 3857 616 3909 vim
652 3856 874 3922 habeat;
910 3856 1133 3910 materia
1175 3871 1302 3910 vero
1336 3855 1606 3909 contraria
1661 3856 1854 3909 subeat
1882 3856 2088 3921 omnia,

510 3947 711 4016 quippe
743 3963 863 4016 quat
909 3948 1019 4018 pati
1067 3947 1374 4016 mutarique
1423 3946 1616 4016 possit,
1646 3946 1998 4011 inconstans,
2034 3957 2089 4001 et

510 4029 796 4108 multiplici
827 4022 1242 4108 configurationi
1277 4040 1533 4093 obnoxia.
1565 4039 1684 4094 Jam
1727 4039 1820 4108 qui
1870 4039 2086 4093 tandem

509 4131 649 4184 inter
685 4145 805 4184 sese
837 4131 1000 4198 ambo
1027 4140 1134 4185 tam
1168 4141 1288 4202 apte
1310 4132 1721 4187 Convenerunt?
1749 4130 1943 4186 Utrum
1969 4147 2090 4186 sese

509 4220 651 4274 Deus
682 4221 746 4274 ad
783 4222 1021 4276 materiae
1051 4231 1300 4276 naturam
1353 4223 1776 4281 accommodans
1799 4263 1814 4285 ,
1857 4224 1938 4278 sic
1966 4239 2086 4278 eam

507 4315 726 4368 demum
777 4314 1113 4368 elaboravit?
1167 4315 1235 4368 At
1285 4315 1524 4384 ineptum
1584 4314 1747 4369 fuerit
1807 4317 2086 4385 cegitare,

508 4405 702 4471 Deum,
737 4407 814 4460 uti
857 4407 1106 4461 homines
1131 4406 1292 4475 vulgo
1342 4407 1536 4471 solent,
1573 4416 1667 4460 aut
1701 4421 1768 4462 ex
1792 4421 1928 4461 auro
1959 4422 2090 4462 con-

509 4498 659 4560 ﬂare,
687 4507 780 4551 aut
818 4497 1022 4566 lapides
1051 4498 1136 4551 vel
1167 4497 1392 4563 caedere,
1425 4499 1509 4552 vel
1539 4499 1831 4562 collocare,
1863 4508 1958 4553 aut
1989 4513 2089 4568 pro

507 4596 830 4643 caeterarum
873 4589 1074 4643 artium
1105 4589 1387 4654 varietate,
1421 4591 1620 4659 quibus
1650 4591 1868 4646 diversa
1913 4585 2088 4644 mate-

508 4682 602 4735 ria:
652 4696 849 4751 genera
907 4682 1131 4752 ﬁgurari
1166 4681 1614 4752 conformarique
1653 4692 1918 4753 possunt,
1953 4698 2092 4752 opus

2199 2386 2337 2457 ὅπερ
2372 2387 2521 2438 ἐστὶν
2558 2388 2592 2456 ἡ
2625 2387 2724 2456 ὕλη
2771 2389 2864 2440 καὶ¹
2911 2390 2939 2440 6
2969 2387 3121 2450 Θεὸς,
3164 2387 3428 2460 πρόσεστι
3453 2386 3507 2439 δὲ
3533 2386 3727 2456 ἀμφοτέ-

2203 2495 2314 2550 ροις
2347 2479 2406 2531 τὸ
2431 2479 2742 2550 ἀγέννητον,
2773 2480 2953 2549 δῆλον,
2978 2481 3052 2543 ὡς
3102 2480 3287 2551 ἕτερόν
3323 2482 3472 2533 ἐστιν
3496 2480 3728 2550 ἑκατέρου,

2201 2571 2292 2623 καὶ
2318 2570 2642 2642 ἀμφοτέρων
2674 2571 3042 2643 πρεσϐύτερόν
3075 2589 3133 2624 τε
3176 2573 3269 2625 καὶ
3299 2572 3570 2642 ἀνωτέρω.
3611 2572 3731 2624 Ἀνα-

2198 2663 2464 2734 τρεπτικὴ
2495 2664 2550 2716 δὲ
2573 2663 2868 2728 παντελῶς,
2903 2665 2995 2718 καὶ
3044 2665 3137 2718 τοῦ
3183 2665 3358 2718 ταῦτα
3397 2664 3730 2734 συνυπάρχειν,

2201 2755 2402 2825 μᾶλλον
2422 2755 2477 2806 δὲ
2500 2755 2655 2808 τοῦτο
2682 2756 2867 2827 ἕτερον
2905 2757 3086 2810 αὐτῶν
3140 2757 3239 2825 τὴν
3279 2757 3414 2827 ὓλην
3465 2756 3544 2826 ἐφ’
3575 2756 3729 2822 ἑαυτῆς

2198 2845 2485 2914 ὑπάρχειν,
2514 2845 2607 2896 καὶ
2637 2846 2668 2915 ἡ
2705 2848 2802 2914 τῆς
2835 2845 3083 2908 ἐναντίας
3101 2844 3268 2908 ἓξεως
3296 2845 3546 2914 διαφορά.
3599 2842 3731 2894 Εἰπὰ-

2197 2957 2377 2992 τωσαν
2403 2937 2512 3009 γὰρ
2537 2938 2637 3008 τὴν
2662 2938 2864 3002 αἰτίαν,
2893 2937 2959 2990 δι’
2986 2937 3051 3007 ἣν
3072 2937 3402 3008 ἀμφοτέρων
3427 2937 3585 2989 ὄντων
3608 2936 3731 3001 ἀγεν-

2197 3031 2395 3100 νήτων,
2439 3031 2467 3082 6
2499 3029 2598 3098 μὲν
2619 3028 2750 3092 Θεὸς
2781 3028 3020 3100 ἀπαθὴς,
3061 3029 3353 3099 ἄτρεπτος,
3388 3028 3638 3097 ἀκίνητος,
3663 3027 3730 3092 ἐρ-

2198 3123 2477 3192 γαστικὺς,
2502 3123 2536 3192 ή
2572 3123 2629 3174 δὲ
2679 3121 2746 3174 τὰ
2780 3121 3019 3184 ἐναντία,
3055 3119 3293 3190 παθητὴ,
3342 3119 3566 3191 στρεπτὴ,
3600 3118 3729 3170 ἄστα-

2194 3231 2307 3277 τος,
2338 3212 2794 3284 μεταποιουμένη.
2829 3211 2940 3263 Καὶ
2972 3209 3089 3272 πῶς
3123 3209 3375 3278 ἥρμοσαν
3408 3208 3501 3260 καὶ
3528 3205 3732 3274 συνέδρα-

2199 3321 2332 3376 μον;
2373 3305 2607 3375 Πότερον
2635 3303 2776 3357 κατὰ
2805 3303 2906 3374 τὴν
2934 3305 3031 3372 τῆς
3061 3301 3191 3372 ὕλης
3250 3301 3416 3371 φύσιν
3441 3296 3732 3362 ἐξοικειώςας

2195 3396 2386 3450 ἑαυτὸν
2418 3395 2781 3466 ἐτεχνίτευσεν
2805 3395 2973 3463 αὐτὴν
2997 3395 3025 3446 6
3081 3393 3248 3456 656;;
3326 3392 3486 3444 Ἀλλά
3533 3389 3665 3442 τοῦτό
3684 3403 3730 3452 γε

2195 3489 2417 3553 ἄτοπον,
2448 3489 2650 3558 ὁμοίως
2693 3485 3001 3556 ἀνθρώποις
3053 3488 3371 3557 χρυσοχοεῖν
3428 3484 3518 3536 καὶ
3567 3480 3731 3548 λιθουρ-

2195 3583 2332 3649 γεῖν,
2370 3581 2463 3632 καὶ
2492 3578 2634 3632 κατὰ
2663 3577 2761 3641 τὰς
2785 3577 2949 3639 ἄλλας
2986 3577 3203 3648 τέχνας,
3243 3579 3377 3638 ὅσας
3405 3578 3460 3628 αἱ
3504 3573 3612 3626 ὗλαι
3632 3588 3731 3641 μορ-

2196 3670 2428 3741 φοῦσθαι
2455 3671 2548 3724 καὶ
2579 3669 2877 3723 τυποῦσθαι
2932 3669 3208 3730 δύνανται,
3260 3669 3628 3738 χειροκμητείν
3669 3664 3731 3712 τὶν

2194 3762 2347 3818 Θεόν.
2383 3762 2446 3813 Εἰ
2467 3761 2524 3813 δὲ
2556 3760 2674 3813 οἵαν
2699 3757 2860 3821 αὐτὸς
2886 3757 3134 3812 ἐϐούλετο
3173 3757 3314 3814 κατὰ
3345 3757 3442 3826 τὴν
3469 3750 3643 3807 ἑαυτοῦ
3667 3765 3730 3800 σο-

2193 3854 2321 3923 φίαν
2380 3853 2600 3924 ἐποίησε
2648 3851 2746 3923 τὴν
2777 3850 2927 3921 ὓλην,
2981 3849 3042 3901 τὸ
3093 3847 3442 3920 πολύμορφον
3484 3845 3568 3898 καὶ
3623 3856 3734 3907 παμ-

2195 3945 2437 3999 ποίκιλον
2461 3947 2560 4015 τῆς
2579 3941 2939 4014 δημιουργίας
2987 3939 3181 3992 ἑαυτοῦ
3241 3943 3431 4010 σχῆμα
3479 3937 3567 3990 καὶ
3603 3934 3730 3986 τύπον

2195 4033 2697 4105 ένσφραγιζόμενος
2751 4032 2906 4101 αὐτῇ,
2943 4032 3036 4083 καὶ
3063 4028 3310 4101 εὔφημος
3340 4030 3436 4082 καὶ
3463 4025 3644 4096 ἀληθὴς
3665 4019 3730 4074 οὒ-

2194 4142 2284 4188 τος
2307 4128 2334 4178 6
2355 4124 2532 4192 λόγος,
2564 4125 2657 4176 καὶ
2688 4123 2912 4194 προσέτι
2937 4123 3030 4174 καὶ
3048 4121 3144 4192 τὴν
3179 4121 3478 4174 ὑπόστασιν
3509 4120 3602 4172 τῶν
3631 4115 3731 4168 ὅλων

2195 4218 2285 4271 τὸν
2307 4216 2441 4268 Θεὸν
2476 4215 2771 4285 ἀγέννητον
2832 4209 2972 4268 εἶναι
3018 4214 3298 4286 κρατύνει.
3359 4212 3449 4282 Τῷ
3503 4211 3600 4279 γὰρ
3628 4204 3730 4259 εἶναι

2197 4309 2514 4379 ἀγέννητον,
2557 4307 2673 4377 ἅμα
2697 4307 2793 4359 καὶ
2835 4307 3000 4371 τόπος
3021 4305 3158 4361 εἶναι
3186 4307 3457 4378 προσῆψε.
3488 4304 3639 4365 Πολὺς
3658 4299 3731 4370 μὲν

2195 4396 2289 4454 οὖν
2319 4401 2412 4452 καὶ
2445 4401 2584 4472 πρὸς
2615 4400 2834 4462 τούτους
2867 4401 2896 4452 6
2921 4399 3098 4466 λόγος,
3130 4397 3243 4451 ἀλλ’
3277 4398 3340 4450 ού
3365 4396 3458 4450 νῦν
3491 4397 3606 4465 ἡμῖν
3630 4389 3730 4459 πρίν

2197 4513 2393 4549 κειται.
2433 4495 2726 4566 Συγκρίσει
2777 4492 2832 4545 δὲ
2875 4495 2942 4561 τῇ
2975 4491 3112 4563 πρὸς
3161 4492 3287 4554 τοὺς
3321 4488 3640 4548 ἀθεωτάτους
3659 4499 3729 4533 1:0-

2196 4587 2418 4651 λυθέους
2441 4587 2803 4658 εύφημότεροι
2827 4581 2990 4639 οὗτοι.
3024 4605 3042 4637 ι
3072 4584 3254 4638 Ταῦτα
3288 4587 3388 4656 μὲν
3427 4581 3516 4636 οὖν
3546 4581 3627 4634 καὶ
3649 4574 3730 4629 ἀπὸ

2197 4684 2304 4737 τῶν
2333 4682 2629 4736 Διονυσίου.
2665 4683 2776 4734 Καὶ
2804 4681 2913 4740 τῶν
2963 4681 3269 4751 Ὠριγένους
3296 4681 3354 4733 δὲ
3384 4680 3556 4734 ἄκουε.

507 4777 870 4852 quodcunque
937 4779 1140 4832 moliri.
1203 4777 1300 4832 Sin
1355 4779 1671 4847 materiam,
1721 4789 1885 4850 prout
1932 4780 2050 4850 ipse
2093 4781 2295 4846 voluit,
2339 4780 2569 4849 ejusque
2614 4779 2876 4848 sapientia
2909 4778 3240 4848 postulabat,
3278 4778 3498 4832 ﬁnxisse
3546 4773 3728 4833 dicetur,

505 4853 738 4940 eamque
765 4873 933 4929 variis
979 4889 1045 4928 ac
1070 4874 1467 4944 multiplicibus
1511 4875 1646 4929 artis
1707 4875 2113 4945 molitionisque
2150 4891 2263 4930 suae
2314 4872 2508 4928 formis
2535 4873 2907 4943 consignasse,
2933 4872 3067 4926 bene
3091 4871 3335 4925 ominata
3384 4878 3526 4924 certe
3555 4863 3726 4936 quidem

505 4959 743 5035 veraque
777 4965 893 5036 haec
945 4966 1121 5021 oratio
1179 4966 1374 5032 fuerit,
1428 4977 1592 5037 atque
1637 4968 1952 5034 eiusmodi,
2005 4983 2129 5037 quae
2165 4975 2422 5037 prmterea
2481 4964 2686 5030 Deum,
2736 4964 2829 5036 qui
2876 4965 3043 5019 totius
3105 4963 3346 5018 universi
3386 4964 3491 5016 vita
3531 4958 3727 5029 quredam

505 5069 560 5114 et
587 5059 1000 5115 fundamentum
1051 5069 1168 5123 est,
1225 5070 1378 5114 ortus
1429 5061 1610 5115 omnis
1656 5071 1931 5131 expertem
1967 5076 2088 5116 esse
2123 5060 2428 5115 confirmet.
2465 5057 2599 5111 Nam
2621 5073 2746 5112 cum
2807 5058 2898 5112 illa
2941 5067 3094 5113 ortus
3149 5058 3456 5128 negatione,
3503 5050 3726 5125 propriam

507 5159 733 5228 insuper
785 5157 1052 5213 existendi
1101 5157 1365 5211 rationem
1432 5157 1734 5227 coniungit.
1783 5157 2050 5212 Caeterum
2091 5157 2263 5211 multa
2303 5155 2523 5226 quidem
2566 5154 2827 5210 adversus
2863 5153 2917 5208 id
2942 5153 3226 5208 hominum
3284 5170 3454 5226 genus
3497 5152 3591 5206 diei
3642 5160 3729 5208 905'

507 5265 651 5329 sent,
681 5271 872 5312 verum
922 5256 1147 5316 alterius
1195 5254 1298 5310 luci
1335 5255 1447 5312 haec
1477 5256 1772 5324 disputatio
1815 5254 1998 5325 fuerit.
2031 5253 2088 5309 Si
2130 5263 2306 5308 tamen
2336 5252 2422 5308 isti
2456 5266 2580 5305 cum
2605 5250 3011 5305 scelestissimis
3040 5259 3117 5304 tot
3164 5251 3390 5305 deorum
3440 5241 3727 5308 fabricatori-

507 5351 611 5422 bus
635 5353 1012 5424 conferantur,
1045 5354 1229 5407 minus
1258 5353 1421 5420 impie
1450 5352 1598 5424 loqui
1627 5354 2018 5414 censebantur.
2065 5371 2082 5404 I
2127 5350 2402 5406 Hactenus
2435 5348 2746 5418 Dionysius.
2778 5346 2954 5402 Verba
3000 5363 3146 5402 nunc
3183 5346 3436 5418 Origenis
3461 5345 3642 5413 accipe.

1104 5468 1336 5534 CAPUT
1375 5470 1495 5524 XX.

2633 5498 2635 5500 -
2741 5465 3136 5526 ΚΕΦΑΛΑΙΟΝ
3169 5466 3253 5520 Κ’.

543 5562 622 5632 De
653 5563 853 5632 eodem,
884 5581 947 5618 ex
987 5565 1230 5636 Origeuis
1277 5566 1330 5620 in
1371 5563 1590 5620 δεηθείη
1626 5565 2055 5620 Commentariis.

2199 5560 2334 5628 Περὶ
2393 5558 2500 5614 τοῦ
2565 5557 2751 5612 αὐτοῦ
2798 5557 2922 5682 ἁστιὲ
2985 5557 3104 5610 τῶν
3150 5555 3476 5627 Ὠριγένους
3520 5553 3597 5617 εἰς
3644 5545 3726 5608 τὴν

2838 5632 2888 5682 Γ
2923 5646 3114 5682 νεσιν.

2923 5646 3114 5683 νεσιν.

589 5736 609 5792 ι
645 5717 703 5786 Si
729 5721 1020 5809 quispiam,
1060 5719 1272 5794 inquit,
1327 5733 1394 5790 eo
1423 5723 1476 5780 in
1530 5737 1713 5795 errore
1747 5722 2087 5802 versabitur,

2272 5743 2289 5779 ι
2333 5723 2394 5784 Εἰ
2442 5721 2500 5776 δέ
2557 5738 2661 5775 τινι
2698 5719 3030 5791 προσκόπτει
3091 5717 3179 5771 διὰ
3231 5719 3353 5779 τοὺς
3408 5708 3724 5783 ἀνθρωπίνους
