1919 3192
69 154 109 183 5‘35

66 211 165 248 τεχνίτας
179 209 210 244 μὴ
223 207 346 234 δύνασθαι
367 207 571 243 παραδέξασθαι
594 207 639 233 τὸν
654 207 720 233 Θεὸν
733 207 816 243 χωρὶς
830 211 854 237 Α

67 259 116 292 ὕλης
123 255 250 290 ἀγεννήτου
265 253 446 288 ὑποκειμένης
469 251 683 283 κατασκευάζειν
696 251 729 278 τὰ
743 252 817 283 ὄντα,

66 304 111 330 ἐπὶ
133 301 189 336 μηδὲ
210 299 421 334 ἀνδριαντοποιὸς
451 299 535 334 χωρὶς
563 298 662 333 χαλκοῦ
691 297 721 323 τὸ
755 297 819 324 ἴδιον

66 348 126 383 ἔργον
147 346 244 380 ποιῆσαι
270 343 391 376 δύναται,
422 343 489 379 μηδὲ
525 343 628 369 τέκτων
654 343 738 378 χωρὶς
775 341 820 375 ξύ-

65 394 113 423 λων,
131 391 187 427 μηδὲ
208 390 343 425 οἰκοῶμος
369 390 452 426 χωρὶς
472 389 570 415 λίθων·
598 388 728 424 ζητητέον
752 388 820 425 πρὸς

65 438 126 466 nimii
157 437 214 472 περὶ
247 436 387 471 δυνάμεως
416 435 502 469 Θεοῦ,
539 437 574 467 εἰ,
602 435 716 470 θελήσας
755 436 820 462 ὑπο-

66 486 137 520 στῆσαι
153 482 364 517 ὃτιβούλεταιό
393 481 468 513 Θεὸς,
495 483 544 517 τῆς
573 481 707 517 θελήσεως
737 481 819 509 αὑτοῦ

65 531 101 557 οὒκ
129 528 306 564 ἀπορουμένης
339 528 399 554 οὐδὲ
425 527 592 563 ἀτονούσης,
621 528 732 555 δύναται
759 528 821 555 ὑπο-

65 578 137 611 στῆσαι
150 575 162 601 ὃ
176 574 304 610 βούλεται,
320 572 356 610 τῼ
369 574 422 610 γὰρ
433 574 504 609 λόγῳ
517 574 565 605 τὰς
579 574 724 609 ποιότητας
739 574 821 609 (κατὰ

65 623 142 653 πάντας
156 621 212 652 τοὺς
221 621 354 656 Πρόνοιαν
369 620 526 654 εἰσάγοντας
537 620 575 655 τῷ
587 620 644 655 ἰδίῳ
657 619 752 655 λόγῳ,)
770 620 821 646 οὐκ

64 667 133 698 οὖδας,
147 666 180 697 ὡς
196 665 329 700 βούλεται,
345 666 384 697 εἰς
398 665 578 701 διακόσμησιν
589 665 636 692 τοῦ
652 666 751 697 παντὸς
775 666 822 700 ὑφ-

64 713 131 748 ίστησι
147 714 176 748 τῇ
189 712 282 747 ἀφάτῳ
293 712 376 739 αὑτοῦ
395 712 506 748 δυνάμει
518 713 565 739 καὶ
577 712 667 748 σοφία,
684 712 770 747 τούτῳ
783 712 821 747 τῷ

62 760 122 794 λόγῳ,
134 759 175 785 καὶ
187 759 233 794 τὴν
247 759 341 785 οὐσίαν
351 759 416 794 ὅσης
432 758 538 794 χρῄζει,
555 759 633 794 ἱκανή
650 758 723 785 ἐστιν
739 758 821 785 αὐτοῦ

64 804 75 838 ἠ
86 802 190 838 βούλησις
204 803 314 837 ποιῆσαι
326 802 461 836 γενέσθαι.
486 803 674 838 Ἀπορήσομεν
687 804 742 839 (88)
768 804 822 839 γὰρ

64 849 113 884 πρὸς
121 850 174 880 τοὺς
188 848 215 874 οὐ
232 847 410 883 βουλομένους
425 848 501 875 ταῦθ’
523 849 609 881 οὓτως
624 850 707 885 ἔχειν,
734 851 758 876 εί
784 851 821 886 μὴ

63 893 174 920 ἀκολουθεῖ
185 893 274 925 αὐτοῖς
300 893 479 929 εὐτυχηκέναι
501 894 546 921 τὸν
569 894 644 926 Θεὸν,
675 895 822 930 ἀγέννητον

63 942 150 976 εὑρόντα
159 941 205 975 τὴν
227 940 333 973 οὐσίαν,
352 940 395 975 ἦν,
412 941 435 966 εί
457 940 493 976 μὴ
520 941 550 967 τὸ
581 941 728 977 ἀγέννητον
750 941 824 976 αὐτῷ

63 986 216 1022 ὑποϐεϐληκδς
229 985 273 1022 ἦν,
307 987 384 1013 οὐδὲν
407 986 486 1022 ἔργον
513 987 623 1019 δυνατὸς
650 988 683 1023 ἦν
702 989 822 1023 ποιῆσαι,

63 1034 104 1059 ἀλλ’
116 1033 199 1068 ἔμενεν
208 1034 238 1059 οὒ
250 1033 429 1069 δημιουργὸς,
444 1034 473 1060 οὺ
484 1034 587 1069 Πατὴρ,
600 1034 650 1060 οὐκ
666 1034 823 1069 εὐεργέτης,

63 1080 99 1106 οὐκ
109 1080 205 1114 ἀγαθὸς,
220 1080 269 1107 οὐκ
280 1080 345 1107 ἄλλο
360 1089 387 1107 τι
399 1080 453 1106 τῶν
467 1080 583 1114 εὐλόγως
595 1080 748 1115 λεγομένων
760 1081 825 1116 περὶ

839 886 859 913 Β

63 1126 204 1153 (italu/105‘;
217 1127 245 1153 δὲ
262 1128 311 1154 καὶ
327 1127 357 1153 τὸ
382 1129 491 1162 μετρεῖν
512 1128 562 1163 τῆς
585 1127 767 1163 ὑποκειμένης
780 1127 826 1153 ού-

64 1172 107 1203 σέις
119 1172 144 1198 τὸ
157 1172 270 1204 τοσόνδε,
288 1172 328 1204 ὡς
337 1173 479 1208 διαρκέσαι
500 1174 532 1208 τῇ
549 1173 708 1207 τηλικούτου
722 1173 825 1208 κόσμου

64 1217 197 1249 artos-tacet;
210 1218 298 1244 Οίονεὶ
310 1218 364 1253 γὰρ
379 1218 495 1254 Πρόνοιά
513 1227 555 1250 τις
571 1218 742 1253 πρεσϐυτέρα
758 1218 825 1244 Θεοῦ

65 1263 190 1295 ἀναγκαίως
203 1263 251 1298 τὴν
284 1263 352 1298 ὓλην
383 1263 458 1289 ἔσται
479 1264 682 1299 ὑποϐεϐληκυία
694 1263 733 1298 τῷ
755 1263 825 1298 Θεῷ,

65 1309 218 1344 προνοουμένη
231 1309 282 1344 τὴν
295 1309 393 1344 τέχνην
409 1309 457 1344 τὴν
472 1308 677 1344 ἐνυπάρχουσαν
694 1308 768 1344 αὐτῷ
790 1308 827 1344 μὴ

65 1355 229 1390 κενοπαθῆσαι,
242 1356 294 1382 οὐκ
310 1355 392 1391 οὔσης
404 1357 506 1388 οὐσίας,
570 1355 698 1390 ὁμιλῆσαι
713 1355 828 1391 δυνάμε-

65 1409 96 1432 νος
106 1402 282 1437 κατεκόσμησε
310 1401 341 1428 τὸ
357 1401 514 1437 τηλικοῦτον
531 1402 633 1437 κόσμου
660 1401 766 1433 κάλλος.
779 1401 828 1428 Πό-

65 1445 130 1472 θενδὲ
145 1447 186 1473 καὶ
198 1447 312 1482 δεκτικὴ
336 1447 479 1481 γεγένηται
500 1447 589 1481 πάσης
611 1444 644 1482 ἧς
675 1446 798 1481 βούλεται
814 1448 828 1473 ὁ

65 1491 113 1523 Θεὸς
130 1493 272 1528 ποιότητος,
293 1494 331 1528 μὴ
344 1493 425 1519 αὑτοῦ
439 1493 485 1519 τοῦ
499 1493 566 1519 Θεοῦ
581 1493 670 1528 ἑαυτῴ
694 1492 827 1528 τοσαύτην

64 1538 98 1564 xz".
120 1539 235 1575 τοιαύπλν
263 1540 437 1574 ποιήσαντος.
465 1539 559 1567 ὁποίαν
585 1539 655 1575 ἔχειν
684 1540 826 1572 ὲ6ούλετο;

65 1584 115 1610 Καίν
127 1585 245 1611 ὑπόθεσιν
262 1584 330 1619 γοῦν
342 1585 536 1620 ἀποδεξάμενοι
558 1585 587 1611 τὸ
602 1585 748 1620 ἀγέννητον
759 1584 828 1612 εἷναι

65 1629 100 1663 τὴν
111 1629 176 1665 ὓλην,
186 1631 270 1657 ταῦτα
290 1630 407 1666 ἐροῦμεν
423 1631 491 1666 πρὸς
516 1631 578 1662 τοὺς
600 1630 679 1657 τοῦτο
702 1631 828 1666 βουλομέ-

66 1684 118 1707 νους·
129 1676 174 1707 ὅτι,
189 1677 222 1705 εί.
239 1676 373 1712 Προνοίας
389 1677 438 1711 οὐχ
453 1677 654 1713 ὑποϐαλλούσης
669 1677 717 1712 τὴν
737 1677 828 1703 οὐσίαν

65 1720 273 1756 τῴθεῷ,τοιαύτη
286 1722 442 1757 γεγένηται,
456 1722 480 1747 εί
494 1722 608 1757 Πρόνοια
620 1719 654 1757 ἦν
669 1721 810 1755 ὑφεστῶσα
821 1741 828 1753 ,

842 1558 863 1587 C

65 1765 83 1791 τί
95 1767 121 1792 ἂν
133 1767 206 1794 πλέον
217 1769 366 1803 πεποιήκει
381 1768 427 1794 τοῦ
451 1768 601 1803 αὐτομάτου
613 1777 620 1800 ;
635 1768 690 1794 Καὶ
700 1769 724 1794 εί
737 1767 828 1799 αὐτὸς,

67 1812 94 1846 μὴ
104 1813 175 1848 oio-qq
187 1813 262 1849 ὕλης,
276 1814 402 1840 ἐϐούλετο
425 1815 628 1841 κατασκευάσαι
647 1814 742 1850 αὐτὴν,
753 1815 780 1840 τί
797 1814 830 1841 ἂν

67 1858 126 1884 πλέον
138 1860 150 1894 ἡ
163 1860 249 1894 σοφία,
280 1860 327 1885 καὶ¹
344 1860 360 1893 ἡ
377 1859 484 1894 θειότης
510 1859 591 1886 αὑτοῦ
609 1860 762 1894 πεποιήκει,
782 1858 829 1885 τοῦ

66 1903 87 1936 ἐξ
99 1905 228 1940 ἁγεννήτου
248 1906 433 1938 ὑποστάντος;
452 1906 481 1931 Ei
496 1906 549 1940 γὰρ
562 1906 716 1941 εὑρίσκεται
733 1905 830 1932 ταύτὸν

66 1952 184 1986 γενόμενον
198 1954 229 1979 ἂν
244 1953 300 1980 ὑπὸ
312 1953 362 1987 τῆς
372 1951 513 1986 Προνοίας,
530 1952 598 1986 ὅπερ
609 1951 655 1977 καὶ
670 1952 754 1986 χωρὶς
764 1960 830 1986 προ-

67 1997 123 2029 νοίας
134 1999 240 2035 ὑπέστη,
256 2000 302 2026 διὰ
315 1998 340 2024 τί
354 1999 414 2034 οὐχ).
428 1998 476 2025 καὶ
487 1997 533 2024 ἐπὶ
549 1997 596 2023 τοῦ
616 1997 718 2032 κόσμου
733 1997 831 2033 ἀθετή-

68 2051 131 2078 σομεν
143 2044 183 2071 τὸν
197 2045 363 2080 δημιουργὸν
377 2045 424 2071 καὶ
443 2044 488 2071 τὸν
502 2044 624 2078 τεχνίτην
637 2051 644 2075 ;
658 2043 762 2078 ’Ὠσπερ
777 2043 830 2080 γὰρ

67 2090 144 2116 ἄτοπον
157 2091 199 2117 ἐπὶ
219 2092 265 2118 τοῦ
292 2091 394 2126 κόσμου
419 2091 504 2117 εἰπεῖν
517 2089 588 2117 οὕτω
607 2089 738 2124 τεχνικῶς
764 2097 831 2115 κατ-

68 2138 240 2172 εσκευασμένου
255 2137 287 2164 τὸ
300 2137 386 2173 χωρὶς
398 2137 520 2171 τεχνίτου
533 2135 615 2170 σοφοῦ
625 2136 669 2162 τὸν
679 2134 832 2161 αὐτοτοιοῦ-

68 2183 244 2215 τονγεγονέναι,
256 2182 329 2209 οὕτω
347 2182 392 2208 καὶ
417 2181 448 2208 τὸ
467 2182 516 2217 τὴν
539 2181 604 2216 ὓλην
624 2180 757 2214 τοσαύτην
785 2180 832 2206 καὶ

610 146 770 175 ΡΒΛΕΡΔΒ.
792 145 920 174 EVANG.
938 144 1003 173 LIB.
1023 144 1082 172 VII.

1607 143 1660 172 566

868 209 898 232 ut
913 204 946 232 de
975 204 1111 233 artiﬁcum
1125 206 1280 230 nostrorum
1299 208 1376 229 more
1390 200 1522 236 cogitans,
1540 200 1660 230 dandum

869 259 930 279 esse
947 256 1035 287 neget,
1053 251 1138 278 Deum
1154 257 1196 277 res
1212 249 1354 276 universas
1368 248 1457 276 moliri
1482 256 1562 283 posse
1573 270 1580 281 ,
1607 249 1660 276 nisi

871 298 1013 325 materiam
1033 297 1179 332 quamdam
1207 300 1268 322 ortu
1294 300 1431 323 carentem
1459 303 1513 330 prae
1535 295 1663 323 manibus

870 343 1083 375 babuerit,cum
1111 349 1199 377 neque
1221 340 1370 368 statuarius
1395 340 1498 374 absque
1516 348 1589 371 aere,
1612 347 1663 367 nec

870 388 946 415 faber
964 388 1096 424 lignarios
1111 388 1171 415 sine
1190 386 1281 421 lignis,
1297 393 1347 413 nec
1365 385 1530 413 architectus
1546 386 1605 413 sine
1622 386 1661 412 la~

870 435 990 470 pidibus,
1004 434 1084 470 335
1107 437 1262 466 susceptum
1293 440 1362 467 opus
1387 432 1529 459 elaborare
1551 432 1661 466 possit:

871 481 904 508 de
917 485 1049 515 potestate
1064 479 1109 506 Dei
1122 478 1298 514 quierendum
1314 485 1346 504 ex
1360 476 1405 503 illo
1422 480 1474 507 est.
1487 480 1577 503 utrttm
1594 475 1663 503 Deus

871 527 916 554 ubi
940 524 1073 561 quidquid
1092 524 1141 560 ipsi
1156 523 1305 559 placuerit,
1323 523 1410 549 moliri
1429 522 1572 553 statuerit,
1589 522 1663 548 trulla

870 571 1026 599 diﬂieultate
1043 571 1096 597 vim
1109 570 1168 605 ejus
1183 569 1331 597 voluntatis
1353 568 1506 600 inhibente,
1530 567 1603 602 quod
1625 567 1663 593 vi-

872 625 931 644 sum
949 617 999 644 sibi
1013 616 1102 648 fuerit,
1120 616 1248 650 perficere
1270 614 1366 649 possit.
1386 612 1445 646 Qua
1469 613 1541 640 enim
1560 613 1664 640 ratione

872 664 1016 698 qualitates
1034 664 1094 690 illas
1109 662 1147 697 (id
1164 661 1236 696 quod
1248 669 1280 688 ex
1296 669 1390 688 eorum
1404 660 1526 688 omnium
1538 660 1583 694 qui
1598 659 1665 686 Pro-

872 710 1020 737 videntiam
1041 717 1101 736 esse
1125 707 1293 740 defendunt,
1321 707 1447 734 oralione
1474 706 1665 740 sententiaque

872 756 1047 790 conjunctum
1068 754 1119 789 est)
1138 762 1199 789 qua:
1215 753 1359 780 nullaedum
1390 757 1478 784 erant,
1495 753 1528 779 ad
1546 752 1666 780 universi

872 806 1010 834 ornatum,
1027 809 1075 836 pro
1091 800 1194 827 inﬁnita
1208 804 1342 835 potestate
1359 799 1547 834 sapientiaque
1565 798 1667 833 produ-

873 849 925 875 cit:
943 848 1037 875 eadem
1062 847 1193 879 omnino,
1220 850 1345 872 naturam
1365 846 1533 880 quamlibet,
1566 845 1588 872 si
1612 852 1666 879 qua

875 893 944 921 forte
961 893 1100 928 indigeat,
1128 898 1272 927 procreare
1297 891 1427 919 continuo
1455 891 1581 918 voluntas
1607 891 1666 925 ejus

876 948 922 976 per
940 947 999 967 sese
1014 939 1123 974 poterit.
1136 938 1203 965 Nam
1221 945 1376 973 quaeremus
1392 945 1424 964 ex
1439 937 1472 964 iis
1484 937 1529 972 qui
1546 945 1601 964 rem
1616 938 1668 964 hoe

876 986 956 1014 modo
969 994 997 1013 se
1012 985 1111 1012 habere
1125 984 1294 1020 negaverint,
1311 983 1441 1018 numquid
1453 991 1484 1010 ex
1498 991 1592 1010 eorum
1609 985 1667 1018 opi—

877 1033 958 1060 nione
973 1039 1145 1066 consequens
1173 1032 1218 1063 sit,
1241 1031 1309 1057 belle
1325 1030 1471 1057 admodum
1488 1030 1514 1057 id
1529 1039 1560 1057 ac
1578 1029 1667 1057 fortu-

877 1085 939 1107 nate
954 1079 1008 1106 Deo
1025 1078 1151 1106 cessisse.
1165 1079 1237 1113 quod
1253 1078 1280 1105 in
1301 1082 1426 1104 naturam
1443 1077 1516 1104 illaut
1533 1081 1608 1104 ortus
1620 1085 1667 1104 ex-

876 1129 979 1160 pertem
996 1124 1130 1157 inciderit,
1145 1132 1227 1159 quam
1249 1124 1301 1151 nisi
1320 1132 1353 1151 eo
1368 1124 1438 1158 ipso,
1455 1123 1526 1157 quod
1542 1127 1603 1149 ortu
1620 1131 1668 1149 ca-

877 1176 959 1204 reret,
971 1176 1068 1199 naclus
1081 1177 1164 1204 esset,
1177 1171 1244 1198 nihil
1264 1178 1383 1205 unquam
1396 1170 1500 1197 ellieere
1524 1169 1668 1204 potuisset,

877 1218 999 1253 adeoque
1015 1222 1141 1252 perpetuo
1154 1238 1161 1249 ,
1191 1217 1326 1244 molitoris
1339 1236 1347 1249 ,
1371 1216 1491 1251 parentis
1504 1236 1512 1249 ,
1543 1215 1668 1250 benigni,

878 1264 960 1295 boni,
982 1271 1014 1290 ac
1029 1263 1135 1290 caeteris
1151 1263 1289 1294 omnibus,
1305 1271 1365 1297 qu:e
1388 1269 1486 1297 magna
1504 1269 1565 1290 cum
1584 1262 1667 1288 ratio-

878 1319 912 1338 ne
921 1311 976 1338 Deo
992 1310 1160 1342 tribuuntur,
1176 1310 1333 1337 nominibus
1342 1309 1485 1344 spoliatus.
1495 1309 1667 1343 perstitisset.

879 1355 980 1383 Deinde
995 1356 1041 1390 qui
1062 1355 1119 1382 ﬁeri
1135 1354 1239 1389 potuit,
1255 1358 1284 1381 ut
1300 1353 1353 1380 vim
1370 1353 1489 1380 materia:
1501 1356 1614 1382 tantam.
1630 1352 1670 1378 sie

879 1406 1007 1436 tanquam
1032 1402 1065 1429 ad
1085 1401 1191 1436 pondus
1215 1406 1342 1428 accurate
1357 1399 1481 1434 justeque
1496 1398 1529 1425 ad
1545 1406 1668 1425 mensam

879 1448 1023 1480 invenerit.
1042 1456 1103 1483 quae
1115 1447 1148 1474 ad
1165 1448 1248 1482 hujus
1264 1446 1372 1481 proprie
1387 1453 1440 1473 non
1458 1444 1571 1480 majoris
1584 1445 1670 1471 mino-

879 1494 952 1521 risve
975 1494 1069 1521 mundi
1097 1493 1266 1520 molitionem
1298 1492 1365 1519 satis
1394 1491 1483 1518 esset?
1516 1490 1669 1517 lnvehemla

880 1540 980 1574 quippe
995 1539 1087 1566 nescio
1107 1547 1187 1573 quze,
1210 1537 1265 1565 Deo
1293 1542 1382 1564 tamen
1400 1536 1538 1571 antiquior
1550 1556 1557 1567 ,
1576 1535 1670 1562 Provi-

879 1585 968 1612 dentia
985 1585 1140 1612 necessario
1154 1584 1244 1616 fuerit,
1259 1592 1320 1618 qua:
1335 1583 1478 1610 materiam
1497 1582 1521 1608 ei
1546 1581 1670 1616 subjeee-

879 1631 925 1663 rit,
941 1631 1005 1657 dum
1031 1630 1055 1657 id
1079 1638 1110 1657 ea
1125 1629 1280 1664 provideret
1295 1628 1321 1655 in
1345 1632 1495 1663 posterum,
1509 1634 1542 1653 ne
1559 1633 1628 1661 quas
1643 1625 1669 1652 in

880 1685 939 1704 sese
957 1677 1027 1704 Deus
1041 1676 1152 1703 habt-ret
1167 1675 1235 1703 artis
1250 1682 1306 1703 sure
1321 1675 1445 1702 notiones
1458 1694 1466 1707 ,
1491 1673 1575 1699 irrita:
1589 1672 1669 1699 cede-

880 1728 950 1755 rent,
968 1723 1055 1750 sinon
1071 1723 1131 1757 ejus
1149 1728 1253 1749 natura
1274 1721 1351 1756 copia
1370 1721 1460 1753 ﬁeret,
1486 1719 1566 1754 cujus
1589 1726 1670 1752 opera

880 1774 934 1796 tam
951 1769 1126 1796 excellentem
1143 1772 1171 1795 et
1185 1767 1311 1795 eximiam
1332 1766 1451 1794 universi
1482 1766 1599 1800 speciem
1615 1763 1672 1791 cili-

880 1819 964 1842 ceret.
980 1813 1057 1842 Unde
1069 1821 1151 1849 perro
1165 1813 1191 1840 id
1205 1813 1310 1846 habuit,
1325 1818 1355 1839 ut
1375 1812 1464 1839 omnis
1481 1811 1540 1846 ejus
1554 1810 1671 1845 qualita-

881 1859 916 1886 tis
928 1867 1012 1894 capax
1036 1863 1119 1891 esset,
1135 1866 1217 1893 quam
1234 1858 1321 1885 eidem
1339 1857 1495 1891 imprimere
1528 1856 1598 1883 Deus
1623 1860 1670 1882 vo-

880 1905 985 1937 luisset,
1000 1904 1053 1931 nisi
1066 1904 1174 1939 qualem
1192 1912 1252 1931 eam
1271 1904 1370 1931 habere
1389 1904 1446 1938 ipse
1463 1903 1564 1934 vellet,
1591 1902 1670 1929 talem

881 1955 943 1978 ante
958 1950 1009 1978 sibi
1027 1955 1183 1985 tantamque
1205 1950 1316 1977 molitus
1332 1948 1475 1976 eritNam
1491 1954 1519 1975 ul
1532 1948 1672 1975 nonnullis

881 1999 1008 2026 daremus
1024 2004 1084 2025 ortu
1102 2005 1195 2024 carere
1209 1996 1350 2023 materiam
1365 2015 1373 2027 ,
1402 1995 1435 2023 iis
1456 1999 1544 2022 tamen
1561 1994 1607 2029 qui
1632 1993 1672 2033 sic

881 2045 1040 2080 opinantur,
1053 2044 1127 2071 hunc
1143 2043 1170 2070 in
1192 2043 1302 2069 modum
1327 2042 1431 2069 instare
1454 2049 1618 2076 possemus:
1642 2039 1671 2066 Si

881 2090 1056 2125 quantumvis
1080 2093 1204 2115 naturam
1231 2088 1304 2115 illam
1324 2088 1379 2114 Deo
1404 2087 1572 2122 providentia
1598 2086 1671 2112 nulla

882 2136 1037 2170 sulijecerit,
1048 2135 1184 2170 ejusmodi
1196 2139 1285 2161 tamen
1309 2142 1340 2162 ea
1355 2142 1402 2169 per
1417 2141 1477 2160 sese
1497 2133 1548 2159 fuit
1562 2142 1569 2160 :
1595 2140 1670 2159 eam—

882 2182 942 2209 dem
961 2182 983 2208 si
997 2181 1169 2207 Providentia
1186 2184 1282 2214 suopte
1295 2180 1412 2207 consilio
1428 2183 1609 2213 procreasset,
1628 2186 1672 2205 ee-

70 2228 180 2263 τῡιαύτην,
192 2229 237 2255 καὶ
246 2229 333 2260 οὕτως
348 2228 470 2263 είκτικὴν
483 2228 522 2262 τῷ
539 2228 648 2263 τεχνίτῃ
664 2227 743 2262 Λόγῳ
764 2226 827 2253 Θεοῦ

884 2227 948 2262 quid
962 2226 1079 2261 amplius
1099 2226 1167 2260 ipsa,
1181 2233 1262 2259 quam
1281 2224 1354 2259 quod
1369 2224 1481 2251 fortuito
1497 2231 1618 2258 casuque
1633 2223 1673 2250 fa-

70 2273 222 2309 ὑεεστηκέναι
237 2275 392 2310 ἀγεννήτως
420 2274 516 2309 ἐπίσης
542 2274 615 2310 ἐστὶν
627 2274 733 2307 ἄλογον,
761 2273 832 2308 Πρὸς

72 2320 141 2353 μῶιτοι
154 2330 183 2356 γε
196 2323 256 2352 τοὺς
272 2320 505 2356 παραὸάλλοντας,
517 2320 557 2346 ὅτι
569 2320 655 2351 οὐδεὶς
670 2320 833 2355 δημιουργὸς

71 2367 135 2401 χωρὶς
146 2367 206 2403 ὖλης
217 2369 297 2399 ποιεῖ,
306 2367 415 2393 λεκτέον
426 2367 466 2393 ὅτι
475 2366 608 2400 ἀνομοίως
620 2365 831 2401 παραϐάλλουσι.

72 2411 164 2446 llr/mu.
175 2414 225 2449 γὰρ
239 2415 321 2441 παντὶ
332 2413 441 2450 τεχνίτῃ
455 2412 598 2439 ὑποῧάλλει
619 2413 668 2448 τὴν
691 2412 766 2448 ὓλην,
781 2413 834 2439 ἀπὸ

74 2459 183 2494 προτέρας
195 2460 300 2495 τέχνης,
323 2459 339 2494 ἢ
354 2458 554 2494 ἀνθρωπίνηςῆ
577 2458 651 2489 θείας
673 2458 832 2495 ἐρχομένην.

75 2501 146 2531 Ταῦτα
159 2506 202 2540 μὲν
215 2504 259 2532 οὖν
279 2506 326 2532 ἐπὶ
338 2505 385 2532 τοῦ
399 2505 533 2541 παρόντος
553 2504 663 2540 ἀρκέσει
678 2504 746 2540 πρὸς
759 2505 833 2536 τοὺς,

75 2548 107 2575 διὰ
116 2550 142 2576 τὸ
151 2551 283 2585 λέγεσθαι,
300 2561 309 2577 ί
329 2552 360 2578 Ἡ
373 2551 401 2578 δὲ
429 2551 466 2586 γῆ
489 2548 523 2586 ἦν
537 2550 652 2586 ἀόρατος
664 2551 710 2577 καὶ
731 2551 834 2578 ἀκατα-

77 2595 223 2629 ala-51510;,»
238 2598 376 2633 οἰομένους
402 2598 550 2633 ἀγέννητον
563 2595 631 2623 εἶναι
644 2597 693 2633 τὴν
718 2606 836 2633 σωματι-

77 2640 115 2676 κὴν
125 2643 218 2677 φύσιν.»
227 2644 352 2671 Τοσαῦτα
365 2644 410 2671 καὶ
422 2642 507 2676 οὗτος.
521 2644 574 2670 Καὶ
586 2645 600 2670 ὁ
612 2643 734 2679 Ἐϐραῖος
747 2644 775 2671 δὲ
788 2643 835 2669 Φί-

77 2685 117 2759 iam
127 2689 151 2716 ὲν
161 2690 195 2725 τῷ
207 2691 274 2725 Περὶ
288 2689 341 2724 τῆς
364 2691 508 2725 Προνοίας
522 2690 588 2725 (89),
606 2690 691 2718 ταῦτα
712 2690 775 2726 περὶ
787 2690 835 2726 τῆς

102 2742 129 2759 ta
137 2735 245 2759 διέξεισι.

91 2732 129 2770 λτιρ
137 2735 245 2768 διέξεισι.

108 2810 385 2852 ςἏΒχἉποριξσομεν.
416 2813 564 2848 Ingeniosa:
600 2818 661 2840 sunt
687 2822 718 2841 ac
745 2813 837 2841 solida:

81 2842 183 2878 Origenis
198 2842 393 2877 rationes'istze.

110 2883 155 2917 (89)
177 2886 238 2918 nep)
261 2884 314 2918 τῆς
334 2885 488 2919 Πμννσίας.
503 2883 562 2912 Non
580 2888 667 2912 exstat
690 2892 758 2919 opus
774 2883 838 2911 illud

884 2279 958 2300 ctum
988 2272 1127 2302 videmus,
1145 2271 1298 2298 effecisset?
1314 2270 1384 2303 Quid
1410 2270 1482 2298 Deus
1506 2270 1563 2305 ipse
1587 2274 1673 2296 mate-

884 2319 965 2349 riam,
984 2325 1043 2353 qua:
1068 2317 1141 2344 nulla
1157 2322 1214 2344 tum
1240 2321 1322 2348 esset,
1338 2316 1438 2351 lingere
1458 2315 1602 2350 molirique
1617 2320 1674 2342 sta-

887 2365 1003 2393 tuisset?
1022 2364 1120 2399 ecquid
1145 2363 1253 2391 tandem
1277 2362 1336 2398 ejus
1359 2370 1422 2389 cum
1439 2361 1589 2396 sapientia,
1617 2366 1674 2389 tum

886 2412 1014 2440 divinitas
1028 2410 1204 2438 excellentius
1217 2431 1224 2443 ,
1240 2417 1323 2445 quam
1339 2409 1411 2444 quod
1435 2417 1468 2436 ex
1485 2413 1547 2435 ortu
1567 2412 1676 2451 care‘nte

886 2458 1000 2485 materia
1009 2457 1121 2485 exstitit.
1131 2456 1241 2483 molitus
1252 2455 1344 2483 esset?
1361 2453 1428 2481 Nam
1444 2454 1471 2482 si
1481 2462 1513 2481 ex
1527 2453 1676 2481 Providen-

886 2504 922 2530 tia
939 2504 1008 2530 idem
1022 2502 1135 2530 omnino
1149 2501 1336 2536 profecturum
1354 2506 1411 2528 erat
1423 2522 1430 2533 ,
1451 2500 1522 2535 quod
1536 2500 1596 2526 sine
1608 2498 1676 2525 Pro-

886 2550 1004 2577 videntia
1023 2548 1123 2576 factum
1136 2553 1187 2581 est,
1202 2547 1299 2583 quidni
1321 2556 1355 2575 ex
1374 2547 1432 2582 ipso
1450 2553 1558 2581 quoque
1574 2546 1676 2573 mundo

887 2600 1024 2623 auctorem
1040 2602 1149 2622 omnem
1167 2594 1354 2629 artiﬁcemque
1368 2593 1516 2621 tollamus?
1540 2591 1676 2625 Quemad-

887 2642 997 2669 modum
1017 2641 1089 2669 enim
1111 2641 1259 2669 absurdum
1276 2640 1368 2671 fuerit,
1396 2639 1528 2666 mundum
1543 2637 1617 2665 hunc
1633 2637 1675 2664 di-

888 2696 949 2716 cere
970 2693 1023 2715 tam
1037 2688 1185 2722 eleganter,
1203 2692 1318 2722 apteque
1337 2689 1524 2713 constructum
1537 2703 1545 2715 ,
1574 2683 1677 2717 absque

888 2734 1018 2769 sapientis
1036 2733 1147 2761 artiﬁcis
1167 2740 1250 2760 manu
1274 2732 1355 2760 talem
1383 2730 1540 2762 exstitisse,
1565 2729 1602 2756 ita
1623 2729 1677 2755 vim

890 2812 1011 2839 Philonis
1027 2811 1063 2838 De
1076 2811 1256 2838 Providentia.
1271 2810 1405 2838 Cmterum
1417 2816 1449 2835 ex
1461 2808 1513 2837 hoc
1527 2808 1679 2842 fragmento

890 2848 990 2875 auferri
1017 2852 1120 2881 potest,
1146 2846 1286 2873 Philonem
1306 2845 1427 2881 Platonis
1448 2852 1480 2871 ex
1506 2849 1596 2870 mente
1613 2852 1678 2881 sen-

890 2884 970 2916 sisse,
988 2879 1083 2911 rudem
1099 2886 1125 2910 et
1142 2881 1304 2914 indigestam
1329 2890 1342 2908 a
1361 2880 1416 2908 Deo
1434 2880 1554 2908 materiae
1577 2879 1676 2906 nu-lcm
