  <div class='ocr_page' id='page_1' title='image "/cluster/home/n/w/nwhite01/storage/ocr_20150623/21/hvd.32044073501165/297.png"; bbox 0 0 3838 6384; ppageno 0'>
   <div class='ocr_carea' id='block_1_1' title="bbox 546 288 3745 353">
    <p class='ocr_par' dir='ltr' id='par_1_1' title="bbox 546 288 3745 353">
     <span class='ocr_line' id='line_1_1' title="bbox 546 288 3745 353; baseline -0.001 -5"><span class='ocrx_word' id='word_1_1' title='bbox 546 291 650 349; x_wconf 75' lang='grc' dir='ltr'><strong>5θῖ</strong></span> <span class='ocrx_word' id='word_1_2' title='bbox 1184 291 1454 349; x_wconf 81' lang='lat' dir='ltr'><strong>EUSEBII</strong></span> <span class='ocrx_word' id='word_1_3' title='bbox 1495 293 1979 350; x_wconf 69' lang='lat' dir='ltr'><strong>CASSARIENSIS</strong></span> <span class='ocrx_word' id='word_1_4' title='bbox 2011 292 2161 348; x_wconf 83' lang='lat' dir='ltr'><strong>OPP.</strong></span> <span class='ocrx_word' id='word_1_5' title='bbox 2201 293 2383 348; x_wconf 80' lang='lat' dir='ltr'><strong>PARS</strong></span> <span class='ocrx_word' id='word_1_6' title='bbox 2415 292 2480 348; x_wconf 87' lang='lat' dir='ltr'><strong>ll.</strong></span> <span class='ocrx_word' id='word_1_7' title='bbox 2517 320 2591 334; x_wconf 90' lang='lat'><strong>—-</strong></span> <span class='ocrx_word' id='word_1_8' title='bbox 2631 288 3133 346; x_wconf 79' lang='lat' dir='ltr'><strong>APOLOGETICA.</strong></span> <span class='ocrx_word' id='word_1_9' title='bbox 3662 294 3745 353; x_wconf 63' lang='grc' dir='ltr'><strong>ὅδε</strong></span> 
     </span>
    </p>
   </div>
   <div class='ocr_carea' id='block_1_2' title="bbox 531 402 3744 477">
    <p class='ocr_par' dir='ltr' id='par_1_2' title="bbox 531 402 3744 477">
     <span class='ocr_line' id='line_1_2' title="bbox 531 402 3744 477; baseline -0 -13"><span class='ocrx_word' id='word_1_10' title='bbox 531 405 775 464; x_wconf 73' lang='lat' dir='ltr'><strong>materiae</strong></span> <span class='ocrx_word' id='word_1_11' title='bbox 800 404 1218 477; x_wconf 74' lang='lat' dir='ltr'><strong>3361antam,</strong></span> <span class='ocrx_word' id='word_1_12' title='bbox 1277 404 1505 477; x_wconf 87' lang='lat' dir='ltr'><strong>ejusque</strong></span> <span class='ocrx_word' id='word_1_13' title='bbox 1541 407 1868 464; x_wconf 75' lang='lat' dir='ltr'><strong>conditionis</strong></span> <span class='ocrx_word' id='word_1_14' title='bbox 1921 417 1976 462; x_wconf 89' lang='lat' dir='ltr'><strong>et</strong></span> <span class='ocrx_word' id='word_1_15' title='bbox 2030 418 2263 474; x_wconf 80' lang='lat' dir='ltr'><strong>naturae,</strong></span> <span class='ocrx_word' id='word_1_16' title='bbox 2332 407 2576 476; x_wconf 82' lang='lat' dir='ltr'><strong>adeoque</strong></span> <span class='ocrx_word' id='word_1_17' title='bbox 2645 404 2873 461; x_wconf 88' lang='lat' dir='ltr'><strong>artilicis</strong></span> <span class='ocrx_word' id='word_1_18' title='bbox 2920 402 3176 460; x_wconf 83' lang='lat' dir='ltr'><strong>Numinis</strong></span> <span class='ocrx_word' id='word_1_19' title='bbox 3229 404 3425 460; x_wconf 76' lang='lat' dir='ltr'><strong>rationi</strong></span> <span class='ocrx_word' id='word_1_20' title='bbox 3484 405 3744 477; x_wconf 82' lang='lat' dir='ltr'><strong>obsequen-</strong></span> 
     </span>
    </p>
   </div>
   <div class='ocr_carea' id='block_1_3' title="bbox 530 499 3746 573">
    <p class='ocr_par' dir='ltr' id='par_1_3' title="bbox 530 499 3746 573">
     <span class='ocr_line' id='line_1_3' title="bbox 530 499 3746 573; baseline 0.002 -18"><span class='ocrx_word' id='word_1_21' title='bbox 530 510 661 566; x_wconf 88' lang='lat' dir='ltr'><strong>tem,</strong></span> <span class='ocrx_word' id='word_1_22' title='bbox 690 499 808 554; x_wconf 89' lang='lat' dir='ltr'><strong>sine</strong></span> <span class='ocrx_word' id='word_1_23' title='bbox 833 513 987 556; x_wconf 89' lang='lat' dir='ltr'><strong>ortus</strong></span> <span class='ocrx_word' id='word_1_24' title='bbox 1007 502 1088 556; x_wconf 92' lang='lat' dir='ltr'><strong>sui</strong></span> <span class='ocrx_word' id='word_1_25' title='bbox 1115 501 1380 571; x_wconf 87' lang='lat' dir='ltr'><strong>principio</strong></span> <span class='ocrx_word' id='word_1_26' title='bbox 1405 517 1501 571; x_wconf 91' lang='lat' dir='ltr'><strong>per</strong></span> <span class='ocrx_word' id='word_1_27' title='bbox 1531 517 1590 557; x_wconf 90' lang='lat' dir='ltr'><strong>se</strong></span> <span class='ocrx_word' id='word_1_28' title='bbox 1617 501 1789 573; x_wconf 81' lang='lat' dir='ltr'><strong>ipsam</strong></span> <span class='ocrx_word' id='word_1_29' title='bbox 1813 503 2112 570; x_wconf 75' lang='lat' dir='ltr'><strong>exstitisse,</strong></span> <span class='ocrx_word' id='word_1_30' title='bbox 2154 519 2261 558; x_wconf 92' lang='lat' dir='ltr'><strong>non</strong></span> <span class='ocrx_word' id='word_1_31' title='bbox 2296 504 2479 559; x_wconf 90' lang='lat' dir='ltr'><strong>minus</strong></span> <span class='ocrx_word' id='word_1_32' title='bbox 2523 502 2767 573; x_wconf 89' lang='lat' dir='ltr'><strong>ineptum</strong></span> <span class='ocrx_word' id='word_1_33' title='bbox 2807 499 2978 556; x_wconf 88' lang='lat' dir='ltr'><strong>videri</strong></span> <span class='ocrx_word' id='word_1_34' title='bbox 3015 500 3190 556; x_wconf 84' lang='lat' dir='ltr'><strong>debet.</strong></span> <span class='ocrx_word' id='word_1_35' title='bbox 3253 501 3518 556; x_wconf 67' lang='lat' dir='ltr'><strong>Caeterum</strong></span> <span class='ocrx_word' id='word_1_36' title='bbox 3578 500 3639 556; x_wconf 83' lang='lat' dir='ltr'><strong>iis</strong></span> <span class='ocrx_word' id='word_1_37' title='bbox 3673 506 3746 573; x_wconf 82' lang='lat' dir='ltr'><strong>qui</strong></span> 
     </span>
    </p>
   </div>
   <div class='ocr_carea' id='block_1_4' title="bbox 529 594 3746 670">
    <p class='ocr_par' dir='ltr' id='par_1_4' title="bbox 529 594 3746 670">
     <span class='ocr_line' id='line_1_4' title="bbox 529 594 3746 670; baseline 0 -19"><span class='ocrx_word' id='word_1_38' title='bbox 529 596 799 652; x_wconf 84' lang='lat' dir='ltr'><strong>artiﬁcum</strong></span> <span class='ocrx_word' id='word_1_39' title='bbox 853 607 1164 652; x_wconf 90' lang='lat' dir='ltr'><strong>nostrorum</strong></span> <span class='ocrx_word' id='word_1_40' title='bbox 1226 597 1686 666; x_wconf 90' lang='lat' dir='ltr'><strong>comparationem</strong></span> <span class='ocrx_word' id='word_1_41' title='bbox 1737 598 2076 664; x_wconf 86' lang='lat' dir='ltr'><strong>obtendunt,</strong></span> <span class='ocrx_word' id='word_1_42' title='bbox 2133 615 2369 670; x_wconf 90' lang='lat' dir='ltr'><strong>quorum</strong></span> <span class='ocrx_word' id='word_1_43' title='bbox 2431 613 2592 653; x_wconf 90' lang='lat' dir='ltr'><strong>nemo</strong></span> <span class='ocrx_word' id='word_1_44' title='bbox 2641 597 2760 652; x_wconf 84' lang='lat' dir='ltr'><strong>sine</strong></span> <span class='ocrx_word' id='word_1_45' title='bbox 2807 596 3032 651; x_wconf 82' lang='lat' dir='ltr'><strong>materia</strong></span> <span class='ocrx_word' id='word_1_46' title='bbox 3090 595 3384 666; x_wconf 85' lang='lat' dir='ltr'><strong>quidquam</strong></span> <span class='ocrx_word' id='word_1_47' title='bbox 3443 594 3746 661; x_wconf 69' lang='lat' dir='ltr'><strong>eﬂiciat,oc.</strong></span> 
     </span>
    </p>
   </div>
   <div class='ocr_carea' id='block_1_5' title="bbox 526 688 3747 764">
    <p class='ocr_par' dir='ltr' id='par_1_5' title="bbox 526 688 3747 764">
     <span class='ocr_line' id='line_1_5' title="bbox 526 688 3747 764; baseline 0.002 -24"><span class='ocrx_word' id='word_1_48' title='bbox 526 690 879 755; x_wconf 87' lang='lat' dir='ltr'><strong>currendum,</strong></span> <span class='ocrx_word' id='word_1_49' title='bbox 904 691 1107 745; x_wconf 89' lang='lat' dir='ltr'><strong>nullam</strong></span> <span class='ocrx_word' id='word_1_50' title='bbox 1152 706 1339 745; x_wconf 90' lang='lat' dir='ltr'><strong>eorum</strong></span> <span class='ocrx_word' id='word_1_51' title='bbox 1382 693 1486 748; x_wconf 89' lang='lat' dir='ltr'><strong>hoc</strong></span> <span class='ocrx_word' id='word_1_52' title='bbox 1533 693 1589 747; x_wconf 93' lang='lat' dir='ltr'><strong>in</strong></span> <span class='ocrx_word' id='word_1_53' title='bbox 1648 709 1843 764; x_wconf 79' lang='lat' dir='ltr'><strong>genere</strong></span> <span class='ocrx_word' id='word_1_54' title='bbox 1913 695 2322 751; x_wconf 86' lang='lat' dir='ltr'><strong>similitudinem</strong></span> <span class='ocrx_word' id='word_1_55' title='bbox 2349 708 2489 749; x_wconf 89' lang='lat' dir='ltr'><strong>esse.</strong></span> <span class='ocrx_word' id='word_1_56' title='bbox 2553 691 2830 747; x_wconf 86' lang='lat' dir='ltr'><strong>Materiam</strong></span> <span class='ocrx_word' id='word_1_57' title='bbox 2888 691 3034 746; x_wconf 90' lang='lat' dir='ltr'><strong>enim</strong></span> <span class='ocrx_word' id='word_1_58' title='bbox 3095 691 3288 745; x_wconf 80' lang='lat' dir='ltr'><strong>artiﬁci</strong></span> <span class='ocrx_word' id='word_1_59' title='bbox 3337 690 3551 745; x_wconf 87' lang='lat' dir='ltr'><strong>cuilibet</strong></span> <span class='ocrx_word' id='word_1_60' title='bbox 3592 688 3747 746; x_wconf 83' lang='lat' dir='ltr'><strong>Provi-</strong></span> 
     </span>
    </p>
   </div>
   <div class='ocr_carea' id='block_1_6' title="bbox 527 778 3745 853">
    <p class='ocr_par' dir='ltr' id='par_1_6' title="bbox 527 778 3745 853">
     <span class='ocr_line' id='line_1_6' title="bbox 527 778 3745 853; baseline 0.001 -19"><span class='ocrx_word' id='word_1_61' title='bbox 527 778 706 834; x_wconf 83' lang='lat' dir='ltr'><strong>dentia</strong></span> <span class='ocrx_word' id='word_1_62' title='bbox 735 779 975 849; x_wconf 85' lang='lat' dir='ltr'><strong>subjicit,</strong></span> <span class='ocrx_word' id='word_1_63' title='bbox 1001 795 1123 850; x_wconf 80' lang='lat' dir='ltr'><strong>quae</strong></span> <span class='ocrx_word' id='word_1_64' title='bbox 1155 796 1183 834; x_wconf 89' lang='lat' dir='ltr'><strong>a</strong></span> <span class='ocrx_word' id='word_1_65' title='bbox 1214 781 1457 851; x_wconf 85' lang='lat' dir='ltr'><strong>principe</strong></span> <span class='ocrx_word' id='word_1_66' title='bbox 1493 784 1751 853; x_wconf 87' lang='lat' dir='ltr'><strong>quadam,</strong></span> <span class='ocrx_word' id='word_1_67' title='bbox 1801 800 1895 841; x_wconf 90' lang='lat' dir='ltr'><strong>seu</strong></span> <span class='ocrx_word' id='word_1_68' title='bbox 1925 786 2160 840; x_wconf 90' lang='lat' dir='ltr'><strong>humana</strong></span> <span class='ocrx_word' id='word_1_69' title='bbox 2201 785 2311 849; x_wconf 90' lang='lat' dir='ltr'><strong>illa,</strong></span> <span class='ocrx_word' id='word_1_70' title='bbox 2349 799 2443 839; x_wconf 92' lang='lat' dir='ltr'><strong>seu</strong></span> <span class='ocrx_word' id='word_1_71' title='bbox 2515 783 2698 840; x_wconf 89' lang='lat' dir='ltr'><strong>divina</strong></span> <span class='ocrx_word' id='word_1_72' title='bbox 2745 784 2835 851; x_wconf 88' lang='lat' dir='ltr'><strong>sit,</strong></span> <span class='ocrx_word' id='word_1_73' title='bbox 2889 791 3008 837; x_wconf 89' lang='lat' dir='ltr'><strong>arte</strong></span> <span class='ocrx_word' id='word_1_74' title='bbox 3053 782 3281 838; x_wconf 90' lang='lat' dir='ltr'><strong>oriatur.</strong></span> <span class='ocrx_word' id='word_1_75' title='bbox 3332 784 3503 851; x_wconf 80' lang='lat' dir='ltr'><strong>Atque</strong></span> <span class='ocrx_word' id='word_1_76' title='bbox 3563 784 3664 838; x_wconf 74' lang='lat' dir='ltr'><strong>haec</strong></span> <span class='ocrx_word' id='word_1_77' title='bbox 3705 785 3745 838; x_wconf 88' lang='lat' dir='ltr'><strong>in</strong></span> 
     </span>
    </p>
   </div>
   <div class='ocr_carea' id='block_1_7' title="bbox 526 872 3746 946">
    <p class='ocr_par' dir='ltr' id='par_1_7' title="bbox 526 872 3746 946">
     <span class='ocr_line' id='line_1_7' title="bbox 526 872 3746 946; baseline 0.001 -20"><span class='ocrx_word' id='word_1_78' title='bbox 526 874 934 946; x_wconf 79' lang='lat' dir='ltr'><strong>praesentiarum</strong></span> <span class='ocrx_word' id='word_1_79' title='bbox 986 873 1250 928; x_wconf 77' lang='lat' dir='ltr'><strong>adversus</strong></span> <span class='ocrx_word' id='word_1_80' title='bbox 1281 888 1377 928; x_wconf 93' lang='lat' dir='ltr'><strong>eos</strong></span> <span class='ocrx_word' id='word_1_81' title='bbox 1405 875 1537 930; x_wconf 84' lang='lat' dir='ltr'><strong>satis</strong></span> <span class='ocrx_word' id='word_1_82' title='bbox 1569 884 1771 942; x_wconf 88' lang='lat' dir='ltr'><strong>erunt,</strong></span> <span class='ocrx_word' id='word_1_83' title='bbox 1826 877 1920 946; x_wconf 86' lang='lat' dir='ltr'><strong>qui</strong></span> <span class='ocrx_word' id='word_1_84' title='bbox 1958 877 2103 946; x_wconf 92' lang='lat' dir='ltr'><strong>quod</strong></span> <span class='ocrx_word' id='word_1_85' title='bbox 2142 877 2214 930; x_wconf 92' lang='lat' dir='ltr'><strong>ita</strong></span> <span class='ocrx_word' id='word_1_86' title='bbox 2275 875 2538 945; x_wconf 89' lang='lat' dir='ltr'><strong>scriptum</strong></span> <span class='ocrx_word' id='word_1_87' title='bbox 2601 875 2838 939; x_wconf 82' lang='lat' dir='ltr'><strong>videant,</strong></span> <span class='ocrx_word' id='word_1_88' title='bbox 2873 891 2891 925; x_wconf 77' lang='grc' dir='ltr'><strong>ι</strong></span> <span class='ocrx_word' id='word_1_89' title='bbox 2928 872 3094 928; x_wconf 86' lang='lat' dir='ltr'><strong>Terra</strong></span> <span class='ocrx_word' id='word_1_90' title='bbox 3143 882 3324 928; x_wconf 89' lang='lat' dir='ltr'><strong>autem</strong></span> <span class='ocrx_word' id='word_1_91' title='bbox 3373 880 3489 927; x_wconf 88' lang='lat' dir='ltr'><strong>erat</strong></span> <span class='ocrx_word' id='word_1_92' title='bbox 3541 873 3746 930; x_wconf 85' lang='lat' dir='ltr'><strong>invisibi-</strong></span> 
     </span>
    </p>
   </div>
   <div class='ocr_carea' id='block_1_8' title="bbox 527 963 3742 1039">
    <p class='ocr_par' dir='ltr' id='par_1_8' title="bbox 527 963 3742 1039">
     <span class='ocr_line' id='line_1_8' title="bbox 527 963 3742 1039; baseline 0.002 -21"><span class='ocrx_word' id='word_1_93' title='bbox 527 963 616 1032; x_wconf 85' lang='lat' dir='ltr'><strong>lis,</strong></span> <span class='ocrx_word' id='word_1_94' title='bbox 649 974 702 1020; x_wconf 92' lang='lat' dir='ltr'><strong>et</strong></span> <span class='ocrx_word' id='word_1_95' title='bbox 724 981 914 1031; x_wconf 89' lang='lat' dir='ltr'><strong>vacua,</strong></span> <span class='ocrx_word' id='word_1_96' title='bbox 953 984 972 1017; x_wconf 72' lang='grc' dir='ltr'><strong>ι</strong></span> <span class='ocrx_word' id='word_1_97' title='bbox 1015 975 1265 1022; x_wconf 88' lang='lat' dir='ltr'><strong>naturam</strong></span> <span class='ocrx_word' id='word_1_98' title='bbox 1297 977 1352 1023; x_wconf 91' lang='lat' dir='ltr'><strong>et</strong></span> <span class='ocrx_word' id='word_1_99' title='bbox 1383 983 1700 1039; x_wconf 87' lang='lat' dir='ltr'><strong>corpoream</strong></span> <span class='ocrx_word' id='word_1_100' title='bbox 1732 979 1882 1026; x_wconf 91' lang='lat' dir='ltr'><strong>ortus</strong></span> <span class='ocrx_word' id='word_1_101' title='bbox 1912 971 2092 1027; x_wconf 86' lang='lat' dir='ltr'><strong>omnis</strong></span> <span class='ocrx_word' id='word_1_102' title='bbox 2130 979 2404 1039; x_wconf 78' lang='lat' dir='ltr'><strong>expertem</strong></span> <span class='ocrx_word' id='word_1_103' title='bbox 2478 983 2602 1023; x_wconf 89' lang='lat' dir='ltr'><strong>esse</strong></span> <span class='ocrx_word' id='word_1_104' title='bbox 2662 967 2974 1038; x_wconf 87' lang='lat' dir='ltr'><strong>opinantur.</strong></span> <span class='ocrx_word' id='word_1_105' title='bbox 3035 984 3054 1018; x_wconf 73' lang='grc' dir='ltr'><strong>ι</strong></span> <span class='ocrx_word' id='word_1_106' title='bbox 3109 964 3226 1020; x_wconf 83' lang='lat' dir='ltr'><strong>Huc</strong></span> <span class='ocrx_word' id='word_1_107' title='bbox 3275 981 3450 1036; x_wconf 89' lang='lat' dir='ltr'><strong>usque</strong></span> <span class='ocrx_word' id='word_1_108' title='bbox 3505 965 3742 1038; x_wconf 74' lang='lat' dir='ltr'><strong>Origenes.</strong></span> 
     </span>
    </p>
   </div>
   <div class='ocr_carea' id='block_1_9' title="bbox 525 1061 3588 1137">
    <p class='ocr_par' dir='ltr' id='par_1_9' title="bbox 525 1061 3588 1137">
     <span class='ocr_line' id='line_1_9' title="bbox 525 1061 3588 1137; baseline 0.001 -21"><span class='ocrx_word' id='word_1_109' title='bbox 525 1061 625 1118; x_wconf 88' lang='lat' dir='ltr'><strong>Cui</strong></span> <span class='ocrx_word' id='word_1_110' title='bbox 654 1061 934 1120; x_wconf 85' lang='lat' dir='ltr'><strong>Philonem</strong></span> <span class='ocrx_word' id='word_1_111' title='bbox 970 1061 1255 1119; x_wconf 73' lang='lat' dir='ltr'><strong>Hebraeum</strong></span> <span class='ocrx_word' id='word_1_112' title='bbox 1303 1065 1612 1137; x_wconf 87' lang='lat' dir='ltr'><strong>subjiciam,</strong></span> <span class='ocrx_word' id='word_1_113' title='bbox 1642 1068 1696 1125; x_wconf 91' lang='lat' dir='ltr'><strong>in</strong></span> <span class='ocrx_word' id='word_1_114' title='bbox 1727 1085 1828 1125; x_wconf 86' lang='lat' dir='ltr'><strong>suo</strong></span> <span class='ocrx_word' id='word_1_115' title='bbox 1861 1069 1936 1124; x_wconf 83' lang='lat' dir='ltr'><strong>De</strong></span> <span class='ocrx_word' id='word_1_116' title='bbox 1963 1067 2302 1125; x_wconf 79' lang='lat' dir='ltr'><strong>Providentia</strong></span> <span class='ocrx_word' id='word_1_117' title='bbox 2332 1067 2470 1123; x_wconf 91' lang='lat' dir='ltr'><strong>libro</strong></span> <span class='ocrx_word' id='word_1_118' title='bbox 2490 1107 2506 1134; x_wconf 92' lang='lat'><strong>,</strong></span> <span class='ocrx_word' id='word_1_119' title='bbox 2540 1066 2626 1122; x_wconf 88' lang='lat' dir='ltr'><strong>his</strong></span> <span class='ocrx_word' id='word_1_120' title='bbox 2655 1065 2836 1121; x_wconf 82' lang='lat' dir='ltr'><strong>verbis</strong></span> <span class='ocrx_word' id='word_1_121' title='bbox 2863 1065 2930 1120; x_wconf 90' lang='lat' dir='ltr'><strong>de</strong></span> <span class='ocrx_word' id='word_1_122' title='bbox 2956 1064 3180 1119; x_wconf 86' lang='lat' dir='ltr'><strong>materia</strong></span> <span class='ocrx_word' id='word_1_123' title='bbox 3208 1063 3588 1135; x_wconf 80' lang='lat' dir='ltr'><strong>disputantem.</strong></span> 
     </span>
    </p>
   </div>
   <div class='ocr_carea' id='block_1_10' title="bbox 1105 1183 2621 1256">
    <p class='ocr_par' dir='ltr' id='par_1_10' title="bbox 1105 1186 2174 1256">
     <span class='ocr_line' id='line_1_10' title="bbox 1105 1186 2174 1256; baseline 0.005 -14"><span class='ocrx_word' id='word_1_124' title='bbox 1105 1186 1334 1244; x_wconf 82' lang='lat' dir='ltr'><strong>CAPUT</strong></span> <span class='ocrx_word' id='word_1_125' title='bbox 1377 1187 1518 1246; x_wconf 76' lang='lat' dir='ltr'><strong>XXI.</strong></span> <span class='ocrx_word' id='word_1_126' title='bbox 2129 1198 2174 1256; x_wconf 71' lang='grc' dir='ltr'><strong>Α</strong></span> 
     </span>
    </p>
   </div>
   <div class='ocr_carea' id='block_1_11' title="bbox 1761 1183 3277 1256">
    <p class='ocr_par' dir='ltr' id='par_1_11' title="bbox 2129 1183 3277 1256">
     <span class='ocr_line' id='line_1_11' title="bbox 2129 1183 3277 1256; baseline -0.006 -12"><span class='ocrx_word' id='word_1_127' title='bbox 2129 1198 2174 1256; x_wconf 67' lang='grc' dir='ltr'><strong>Α</strong></span> <span class='ocrx_word' id='word_1_128' title='bbox 2723 1183 3118 1241; x_wconf 82' lang='grc' dir='ltr'><strong>ΚΕΦΑΔΑΙΟΝ</strong></span> <span class='ocrx_word' id='word_1_129' title='bbox 3144 1185 3277 1240; x_wconf 78' lang='lat' dir='ltr'><strong>KA&#39;.</strong></span> 
     </span>
    </p>
   </div>
   <div class='ocr_carea' id='block_1_12' title="bbox 803 1275 2319 1374">
    <p class='ocr_par' dir='ltr' id='par_1_12' title="bbox 803 1275 1899 1374">
     <span class='ocr_line' id='line_1_12' title="bbox 803 1275 1899 1374; baseline 0.006 -22"><span class='ocrx_word' id='word_1_130' title='bbox 803 1296 890 1353; x_wconf 77' lang='lat' dir='ltr'><strong>Ex</strong></span> <span class='ocrx_word' id='word_1_131' title='bbox 918 1299 1142 1356; x_wconf 76' lang='lat' dir='ltr'><strong>Philone</strong></span> <span class='ocrx_word' id='word_1_132' title='bbox 1171 1300 1237 1357; x_wconf 82' lang='lat' dir='ltr'><strong>de</strong></span> <span class='ocrx_word' id='word_1_133' title='bbox 1272 1303 1452 1358; x_wconf 86' lang='lat' dir='ltr'><strong>eodem</strong></span> <span class='ocrx_word' id='word_1_134' title='bbox 1484 1315 1815 1374; x_wconf 78' lang='lat' dir='ltr'><strong>argumento.</strong></span> <span class='ocrx_word' id='word_1_135' title='bbox 1894 1275 1899 1284; x_wconf 33' lang='grc' dir='ltr'><strong>Ι</strong></span> 
     </span>
    </p>
   </div>
   <div class='ocr_carea' id='block_1_13' title="bbox 1894 1275 3410 1374">
    <p class='ocr_par' dir='ltr' id='par_1_13' title="bbox 1894 1275 3410 1366">
     <span class='ocr_line' id='line_1_13' title="bbox 1894 1275 3410 1366; baseline -0.005 -6"><span class='ocrx_word' id='word_1_136' title='bbox 1894 1275 1899 1284; x_wconf 36' lang='grc' dir='ltr'><strong>Ι</strong></span> <span class='ocrx_word' id='word_1_137' title='bbox 2582 1302 2851 1365; x_wconf 76' lang='grc' dir='ltr'><em>Φίλωνος</em></span> <span class='ocrx_word' id='word_1_138' title='bbox 2882 1299 3016 1366; x_wconf 78' lang='grc' dir='ltr'>περὶ</span> <span class='ocrx_word' id='word_1_139' title='bbox 3057 1297 3164 1352; x_wconf 85' lang='grc' dir='ltr'>τοῦ</span> <span class='ocrx_word' id='word_1_140' title='bbox 3202 1295 3410 1352; x_wconf 85' lang='grc' dir='ltr'>αὐτοῦ.</span> 
     </span>
    </p>
   </div>
   <div class='ocr_carea' id='block_1_14' title="bbox 599 1406 2115 1487">
    <p class='ocr_par' dir='ltr' id='par_1_14' title="bbox 599 1411 2100 1487">
     <span class='ocr_line' id='line_1_14' title="bbox 599 1411 2100 1487; baseline 0.006 -21"><span class='ocrx_word' id='word_1_141' title='bbox 599 1431 617 1466; x_wconf 75' lang='grc' dir='ltr'><strong>ι</strong></span> <span class='ocrx_word' id='word_1_142' title='bbox 651 1411 794 1478; x_wconf 78' lang='lat' dir='ltr'><strong>1am,</strong></span> <span class='ocrx_word' id='word_1_143' title='bbox 820 1413 1014 1487; x_wconf 90' lang='lat' dir='ltr'><strong>inquit,</strong></span> <span class='ocrx_word' id='word_1_144' title='bbox 1049 1417 1219 1472; x_wconf 90' lang='lat' dir='ltr'><strong>moles</strong></span> <span class='ocrx_word' id='word_1_145' title='bbox 1257 1416 1418 1486; x_wconf 89' lang='lat' dir='ltr'><strong>hujus</strong></span> <span class='ocrx_word' id='word_1_146' title='bbox 1451 1424 1660 1471; x_wconf 73' lang='lat' dir='ltr'><strong>naturae</strong></span> <span class='ocrx_word' id='word_1_147' title='bbox 1684 1426 1857 1482; x_wconf 89' lang='lat' dir='ltr'><strong>tanta,</strong></span> <span class='ocrx_word' id='word_1_148' title='bbox 1887 1428 2100 1475; x_wconf 84' lang='lat' dir='ltr'><strong>ortum-</strong></span> 
     </span>
    </p>
   </div>
   <div class='ocr_carea' id='block_1_15' title="bbox 2225 1406 3741 1487">
    <p class='ocr_par' dir='ltr' id='par_1_15' title="bbox 2279 1406 3741 1487">
     <span class='ocr_line' id='line_1_15' title="bbox 2279 1406 3741 1487; baseline -0.004 -21"><span class='ocrx_word' id='word_1_149' title='bbox 2279 1436 2298 1466; x_wconf 75' lang='grc' dir='ltr'><strong>ι</strong></span> <span class='ocrx_word' id='word_1_150' title='bbox 2324 1414 2460 1487; x_wconf 77' lang='grc' dir='ltr'>Περὶ</span> <span class='ocrx_word' id='word_1_151' title='bbox 2482 1413 2538 1467; x_wconf 80' lang='grc' dir='ltr'><strong>δὲ</strong></span> <span class='ocrx_word' id='word_1_152' title='bbox 2563 1411 2658 1467; x_wconf 79' lang='grc' dir='ltr'>τοῦ</span> <span class='ocrx_word' id='word_1_153' title='bbox 2691 1411 2858 1466; x_wconf 82' lang='grc' dir='ltr'>ποσοῦ</span> <span class='ocrx_word' id='word_1_154' title='bbox 2881 1411 2981 1480; x_wconf 83' lang='grc' dir='ltr'>τῆς</span> <span class='ocrx_word' id='word_1_155' title='bbox 3018 1409 3227 1473; x_wconf 81' lang='grc' dir='ltr'>οὐσίας,</span> <span class='ocrx_word' id='word_1_156' title='bbox 3274 1410 3323 1461; x_wconf 87' lang='grc' dir='ltr'><strong>εί</strong></span> <span class='ocrx_word' id='word_1_157' title='bbox 3363 1406 3428 1479; x_wconf 79' lang='grc' dir='ltr'><strong>δὴ</strong></span> <span class='ocrx_word' id='word_1_158' title='bbox 3451 1407 3654 1476; x_wconf 79' lang='grc' dir='ltr'>γέγονεν</span> <span class='ocrx_word' id='word_1_159' title='bbox 3674 1408 3741 1460; x_wconf 79' lang='grc' dir='ltr'><strong>ὃν·</strong></span> 
     </span>
    </p>
   </div>
   <div class='ocr_carea' id='block_1_16' title="bbox 521 1498 2037 1574">
    <p class='ocr_par' dir='ltr' id='par_1_16' title="bbox 521 1505 2030 1574">
     <span class='ocr_line' id='line_1_16' title="bbox 521 1505 2030 1574; baseline 0.005 -15"><span class='ocrx_word' id='word_1_160' title='bbox 521 1520 591 1559; x_wconf 87' lang='lat' dir='ltr'><strong>ne</strong></span> <span class='ocrx_word' id='word_1_161' title='bbox 619 1505 852 1572; x_wconf 88' lang='lat' dir='ltr'><strong>aliquem</strong></span> <span class='ocrx_word' id='word_1_162' title='bbox 897 1507 1166 1574; x_wconf 84' lang='lat' dir='ltr'><strong>habuerit,</strong></span> <span class='ocrx_word' id='word_1_163' title='bbox 1218 1509 1562 1564; x_wconf 89' lang='lat' dir='ltr'><strong>statuendum</strong></span> <span class='ocrx_word' id='word_1_164' title='bbox 1616 1509 1775 1565; x_wconf 83' lang='lat' dir='ltr'><strong>nobis</strong></span> <span class='ocrx_word' id='word_1_165' title='bbox 1819 1523 1920 1565; x_wconf 87' lang='lat' dir='ltr'><strong>est.</strong></span> <span class='ocrx_word' id='word_1_166' title='bbox 1957 1511 2030 1566; x_wconf 89' lang='lat' dir='ltr'><strong>De</strong></span> 
     </span>
    </p>
   </div>
   <div class='ocr_carea' id='block_1_17' title="bbox 2224 1498 3740 1574">
    <p class='ocr_par' dir='ltr' id='par_1_17' title="bbox 2224 1498 3740 1573">
     <span class='ocr_line' id='line_1_17' title="bbox 2224 1498 3740 1573; baseline -0.003 -17"><span class='ocrx_word' id='word_1_167' title='bbox 2224 1524 2341 1570; x_wconf 70' lang='grc' dir='ltr'>πως,</span> <span class='ocrx_word' id='word_1_168' title='bbox 2408 1507 2585 1559; x_wconf 78' lang='grc' dir='ltr'>ἐκεῖνο</span> <span class='ocrx_word' id='word_1_169' title='bbox 2633 1503 2870 1557; x_wconf 80' lang='grc' dir='ltr'><strong>λεκτέον.</strong></span> <span class='ocrx_word' id='word_1_170' title='bbox 2947 1502 3306 1573; x_wconf 80' lang='grc' dir='ltr'>Ἐστοχάσατο</span> <span class='ocrx_word' id='word_1_171' title='bbox 3356 1499 3494 1571; x_wconf 85' lang='grc' dir='ltr'>πρὸς</span> <span class='ocrx_word' id='word_1_172' title='bbox 3547 1498 3636 1570; x_wconf 74' lang='grc' dir='ltr'>τὴν</span> <span class='ocrx_word' id='word_1_173' title='bbox 3669 1499 3740 1552; x_wconf 75' lang='grc' dir='ltr'><strong>τοῦ</strong></span> 
     </span>
    </p>
   </div>
   <div class='ocr_carea' id='block_1_18' title="bbox 521 1590 2037 1671">
    <p class='ocr_par' dir='ltr' id='par_1_18' title="bbox 521 1598 2029 1671">
     <span class='ocr_line' id='line_1_18' title="bbox 521 1598 2029 1671; baseline 0.003 -20"><span class='ocrx_word' id='word_1_174' title='bbox 521 1610 670 1666; x_wconf 86' lang='lat' dir='ltr'><strong>ergo,</strong></span> <span class='ocrx_word' id='word_1_175' title='bbox 711 1612 833 1651; x_wconf 87' lang='lat' dir='ltr'><strong>cum</strong></span> <span class='ocrx_word' id='word_1_176' title='bbox 864 1598 928 1652; x_wconf 91' lang='lat' dir='ltr'><strong>de</strong></span> <span class='ocrx_word' id='word_1_177' title='bbox 962 1598 1150 1652; x_wconf 90' lang='lat' dir='ltr'><strong>mundi</strong></span> <span class='ocrx_word' id='word_1_178' title='bbox 1181 1599 1344 1667; x_wconf 89' lang='lat' dir='ltr'><strong>hujus</strong></span> <span class='ocrx_word' id='word_1_179' title='bbox 1369 1600 1648 1656; x_wconf 87' lang='lat' dir='ltr'><strong>molitione</strong></span> <span class='ocrx_word' id='word_1_180' title='bbox 1672 1601 1953 1671; x_wconf 76' lang='lat' dir='ltr'><strong>cogitaret,</strong></span> <span class='ocrx_word' id='word_1_181' title='bbox 1980 1612 2029 1655; x_wconf 92' lang='lat' dir='ltr'><strong>ta</strong></span> 
     </span>
    </p>
   </div>
   <div class='ocr_carea' id='block_1_19' title="bbox 2223 1590 3739 1671">
    <p class='ocr_par' dir='ltr' id='par_1_19' title="bbox 2223 1590 3739 1671">
     <span class='ocr_line' id='line_1_19' title="bbox 2223 1590 3739 1671; baseline -0.007 -20"><span class='ocrx_word' id='word_1_182' title='bbox 2223 1599 2405 1671; x_wconf 76' lang='grc' dir='ltr'>ιόσμου</span> <span class='ocrx_word' id='word_1_183' title='bbox 2434 1597 2645 1665; x_wconf 82' lang='grc' dir='ltr'>γένεσιν</span> <span class='ocrx_word' id='word_1_184' title='bbox 2669 1598 2698 1648; x_wconf 87' lang='grc' dir='ltr'><strong>ὁ</strong></span> <span class='ocrx_word' id='word_1_185' title='bbox 2723 1596 2857 1659; x_wconf 80' lang='grc' dir='ltr'>Θεὸς</span> <span class='ocrx_word' id='word_1_186' title='bbox 2882 1593 3326 1664; x_wconf 79' lang='grc' dir='ltr'>αὐταρκεστάτης</span> <span class='ocrx_word' id='word_1_187' title='bbox 3377 1591 3528 1662; x_wconf 77' lang='grc' dir='ltr'>ὕλης,</span> <span class='ocrx_word' id='word_1_188' title='bbox 3549 1590 3617 1652; x_wconf 83' lang='grc' dir='ltr'>ὡς</span> <span class='ocrx_word' id='word_1_189' title='bbox 3642 1591 3739 1659; x_wconf 81' lang='grc' dir='ltr'>μήτ’</span> 
     </span>
    </p>
   </div>
   <div class='ocr_carea' id='block_1_20' title="bbox 521 1680 2037 1763">
    <p class='ocr_par' dir='ltr' id='par_1_20' title="bbox 521 1690 2037 1758">
     <span class='ocr_line' id='line_1_20' title="bbox 521 1690 2037 1758; baseline 0.003 -15"><span class='ocrx_word' id='word_1_190' title='bbox 521 1695 634 1743; x_wconf 91' lang='lat' dir='ltr'><strong>tum</strong></span> <span class='ocrx_word' id='word_1_191' title='bbox 658 1697 807 1743; x_wconf 86' lang='lat' dir='ltr'><strong>certo</strong></span> <span class='ocrx_word' id='word_1_192' title='bbox 836 1690 1070 1758; x_wconf 84' lang='lat' dir='ltr'><strong>providit</strong></span> <span class='ocrx_word' id='word_1_193' title='bbox 1108 1691 1366 1757; x_wconf 79' lang='lat' dir='ltr'><strong>materiae,</strong></span> <span class='ocrx_word' id='word_1_194' title='bbox 1402 1692 1536 1746; x_wconf 90' lang='lat' dir='ltr'><strong>nihil</strong></span> <span class='ocrx_word' id='word_1_195' title='bbox 1589 1703 1650 1748; x_wconf 91' lang='lat' dir='ltr'><strong>ut</strong></span> <span class='ocrx_word' id='word_1_196' title='bbox 1699 1695 1765 1747; x_wconf 91' lang='lat' dir='ltr'><strong>ad</strong></span> <span class='ocrx_word' id='word_1_197' title='bbox 1800 1710 1919 1748; x_wconf 88' lang='lat' dir='ltr'><strong>eam</strong></span> <span class='ocrx_word' id='word_1_198' title='bbox 1948 1694 2037 1748; x_wconf 79' lang='lat' dir='ltr'><strong>dce</strong></span> 
     </span>
    </p>
   </div>
   <div class='ocr_carea' id='block_1_21' title="bbox 2224 1680 3740 1763">
    <p class='ocr_par' dir='ltr' id='par_1_21' title="bbox 2227 1680 3740 1763">
     <span class='ocr_line' id='line_1_21' title="bbox 2227 1680 3740 1763; baseline -0.007 -18"><span class='ocrx_word' id='word_1_199' title='bbox 2227 1693 2384 1757; x_wconf 86' lang='grc' dir='ltr'>νδέοι,</span> <span class='ocrx_word' id='word_1_200' title='bbox 2407 1692 2533 1763; x_wconf 79' lang='grc' dir='ltr'>μήθ’</span> <span class='ocrx_word' id='word_1_201' title='bbox 2560 1690 2906 1762; x_wconf 84' lang='grc' dir='ltr'>ὑπερϐάλλοι.</span> <span class='ocrx_word' id='word_1_202' title='bbox 2926 1688 3034 1744; x_wconf 75' lang='grc' dir='ltr'>Καὶ</span> <span class='ocrx_word' id='word_1_203' title='bbox 3060 1687 3168 1757; x_wconf 85' lang='grc' dir='ltr'>γὰρ</span> <span class='ocrx_word' id='word_1_204' title='bbox 3188 1687 3385 1742; x_wconf 78' lang='grc' dir='ltr'>ἄτοπον</span> <span class='ocrx_word' id='word_1_205' title='bbox 3409 1680 3477 1755; x_wconf 83' lang='grc' dir='ltr'>ἦν</span> <span class='ocrx_word' id='word_1_206' title='bbox 3499 1686 3640 1748; x_wconf 75' lang='grc' dir='ltr'>τοῐςι</span> <span class='ocrx_word' id='word_1_207' title='bbox 3664 1684 3740 1754; x_wconf 71' lang='grc' dir='ltr'>μὲν</span> 
     </span>
    </p>
   </div>
   <div class='ocr_carea' id='block_1_22' title="bbox 522 1780 2038 1857">
    <p class='ocr_par' dir='ltr' id='par_1_22' title="bbox 522 1780 2032 1853">
     <span class='ocr_line' id='line_1_22' title="bbox 522 1780 2032 1853; baseline 0.004 -21"><span class='ocrx_word' id='word_1_208' title='bbox 522 1787 604 1832; x_wconf 73' lang='lat' dir='ltr'><strong>set</strong></span> <span class='ocrx_word' id='word_1_209' title='bbox 625 1780 850 1833; x_wconf 88' lang='lat' dir='ltr'><strong>omnino</strong></span> <span class='ocrx_word' id='word_1_210' title='bbox 875 1781 957 1834; x_wconf 94' lang='lat' dir='ltr'><strong>vel</strong></span> <span class='ocrx_word' id='word_1_211' title='bbox 991 1782 1214 1836; x_wconf 90' lang='lat' dir='ltr'><strong>omnino</strong></span> <span class='ocrx_word' id='word_1_212' title='bbox 1245 1795 1573 1853; x_wconf 81' lang='lat' dir='ltr'><strong>superesset.</strong></span> <span class='ocrx_word' id='word_1_213' title='bbox 1604 1786 1914 1840; x_wconf 85' lang='lat' dir='ltr'><strong>Absurdum</strong></span> <span class='ocrx_word' id='word_1_214' title='bbox 1948 1786 2032 1839; x_wconf 92' lang='lat' dir='ltr'><strong>eni</strong></span> 
     </span>
    </p>
   </div>
   <div class='ocr_carea' id='block_1_23' title="bbox 2222 1780 3738 1857">
    <p class='ocr_par' dir='ltr' id='par_1_23' title="bbox 2222 1781 3738 1857">
     <span class='ocr_line' id='line_1_23' title="bbox 2222 1781 3738 1857; baseline -0.005 -17"><span class='ocrx_word' id='word_1_215' title='bbox 2222 1786 2338 1840; x_wconf 74' lang='grc' dir='ltr'>ῑατὰ</span> <span class='ocrx_word' id='word_1_216' title='bbox 2385 1786 2548 1857; x_wconf 80' lang='grc' dir='ltr'><strong>μέρος</strong></span> <span class='ocrx_word' id='word_1_217' title='bbox 2590 1785 2857 1856; x_wconf 78' lang='grc' dir='ltr'><strong>τεχνίταις</strong></span> <span class='ocrx_word' id='word_1_218' title='bbox 2884 1785 2934 1848; x_wconf 72' lang='grc' dir='ltr'>δ,</span> <span class='ocrx_word' id='word_1_219' title='bbox 2961 1784 3120 1837; x_wconf 68' lang='grc' dir='ltr'>ὁπότε</span> <span class='ocrx_word' id='word_1_220' title='bbox 3146 1799 3197 1835; x_wconf 90' lang='grc' dir='ltr'><strong>τι</strong></span> <span class='ocrx_word' id='word_1_221' title='bbox 3241 1781 3627 1852; x_wconf 84' lang='grc' dir='ltr'>δημιουργοίεν,</span> <span class='ocrx_word' id='word_1_222' title='bbox 3667 1781 3738 1833; x_wconf 76' lang='grc' dir='ltr'>καὶ</span> 
     </span>
    </p>
   </div>
   <div class='ocr_carea' id='block_1_24' title="bbox 519 1869 2035 1948">
    <p class='ocr_par' dir='ltr' id='par_1_24' title="bbox 519 1869 2035 1947">
     <span class='ocr_line' id='line_1_24' title="bbox 519 1869 2035 1947; baseline 0.005 -26"><span class='ocrx_word' id='word_1_223' title='bbox 519 1869 677 1941; x_wconf 86' lang='lat' dir='ltr'><strong>plane</strong></span> <span class='ocrx_word' id='word_1_224' title='bbox 730 1869 899 1935; x_wconf 79' lang='lat' dir='ltr'><strong>foret,</strong></span> <span class='ocrx_word' id='word_1_225' title='bbox 952 1875 1219 1929; x_wconf 80' lang='lat' dir='ltr'><strong>artiﬁcum</strong></span> <span class='ocrx_word' id='word_1_226' title='bbox 1284 1887 1598 1930; x_wconf 91' lang='lat' dir='ltr'><strong>nostrorum</strong></span> <span class='ocrx_word' id='word_1_227' title='bbox 1628 1878 1820 1947; x_wconf 81' lang='lat' dir='ltr'><strong>vulgus</strong></span> <span class='ocrx_word' id='word_1_228' title='bbox 1845 1919 1859 1943; x_wconf 89' lang='lat'><strong>,</strong></span> <span class='ocrx_word' id='word_1_229' title='bbox 1894 1877 1947 1930; x_wconf 92' lang='lat' dir='ltr'><strong>in</strong></span> <span class='ocrx_word' id='word_1_230' title='bbox 1981 1877 2035 1931; x_wconf 82' lang='lat' dir='ltr'><strong>si;</strong></span> 
     </span>
    </p>
   </div>
   <div class='ocr_carea' id='block_1_25' title="bbox 2221 1869 3737 1948">
    <p class='ocr_par' dir='ltr' id='par_1_25' title="bbox 2221 1869 3737 1940">
     <span class='ocr_line' id='line_1_25' title="bbox 2221 1869 3737 1940; baseline -0.005 -11"><span class='ocrx_word' id='word_1_231' title='bbox 2221 1877 2432 1930; x_wconf 86' lang='grc' dir='ltr'>ιάλιστα</span> <span class='ocrx_word' id='word_1_232' title='bbox 2478 1875 2585 1929; x_wconf 90' lang='grc' dir='ltr'><strong>τῶν</strong></span> <span class='ocrx_word' id='word_1_233' title='bbox 2655 1873 2960 1928; x_wconf 82' lang='grc' dir='ltr'>πολυτελῶν</span> <span class='ocrx_word' id='word_1_234' title='bbox 2985 1912 3000 1937; x_wconf 90' lang='grc'><strong>,</strong></span> <span class='ocrx_word' id='word_1_235' title='bbox 3061 1873 3120 1926; x_wconf 84' lang='grc' dir='ltr'>τὸ</span> <span class='ocrx_word' id='word_1_236' title='bbox 3181 1873 3238 1924; x_wconf 80' lang='grc' dir='ltr'>ὲν</span> <span class='ocrx_word' id='word_1_237' title='bbox 3299 1869 3457 1934; x_wconf 71' lang='grc' dir='ltr'>ὕλαις</span> <span class='ocrx_word' id='word_1_238' title='bbox 3506 1869 3737 1940; x_wconf 74' lang='grc' dir='ltr'>αὔταρκες</span> 
     </span>
    </p>
   </div>
   <div class='ocr_carea' id='block_1_26' title="bbox 519 1961 2035 2038">
    <p class='ocr_par' dir='ltr' id='par_1_26' title="bbox 519 1962 2035 2038">
     <span class='ocr_line' id='line_1_26' title="bbox 519 1962 2035 2038; baseline 0.002 -22"><span class='ocrx_word' id='word_1_239' title='bbox 519 1962 664 2031; x_wconf 85' lang='lat' dir='ltr'><strong>g’ula,</strong></span> <span class='ocrx_word' id='word_1_240' title='bbox 694 1979 814 2033; x_wconf 80' lang='lat' dir='ltr'><strong>quae</strong></span> <span class='ocrx_word' id='word_1_241' title='bbox 863 1979 973 2033; x_wconf 79' lang='lat' dir='ltr'><strong>prae</strong></span> <span class='ocrx_word' id='word_1_242' title='bbox 1025 1967 1279 2021; x_wconf 85' lang='lat' dir='ltr'><strong>manibus</strong></span> <span class='ocrx_word' id='word_1_243' title='bbox 1337 1968 1604 2034; x_wconf 88' lang='lat' dir='ltr'><strong>habeant,</strong></span> <span class='ocrx_word' id='word_1_244' title='bbox 1659 1983 1857 2038; x_wconf 85' lang='lat' dir='ltr'><strong>epcra,</strong></span> <span class='ocrx_word' id='word_1_245' title='bbox 1922 1985 2035 2037; x_wconf 70' lang='lat' dir='ltr'><strong>eaq:</strong></span> 
     </span>
    </p>
   </div>
   <div class='ocr_carea' id='block_1_27' title="bbox 2219 1961 3735 2038">
    <p class='ocr_par' dir='ltr' id='par_1_27' title="bbox 2219 1961 3735 2038">
     <span class='ocr_line' id='line_1_27' title="bbox 2219 1961 3735 2038; baseline -0.005 -19"><span class='ocrx_word' id='word_1_246' title='bbox 2219 1965 2630 2038; x_wconf 65' lang='grc' dir='ltr'>τταθμήσασθαι·</span> <span class='ocrx_word' id='word_1_247' title='bbox 2659 1966 2749 2019; x_wconf 84' lang='grc' dir='ltr'><strong>τὸν</strong></span> <span class='ocrx_word' id='word_1_248' title='bbox 2774 1964 2818 2017; x_wconf 81' lang='grc' dir='ltr'><strong>δ’</strong></span> <span class='ocrx_word' id='word_1_249' title='bbox 2843 1964 3108 2035; x_wconf 78' lang='grc' dir='ltr'>ἀριθμοὺς</span> <span class='ocrx_word' id='word_1_250' title='bbox 3136 1964 3230 2016; x_wconf 78' lang='grc' dir='ltr'>καὶ</span> <span class='ocrx_word' id='word_1_251' title='bbox 3261 1963 3458 2033; x_wconf 80' lang='grc' dir='ltr'>μέτρα,</span> <span class='ocrx_word' id='word_1_252' title='bbox 3484 1961 3574 2014; x_wconf 71' lang='grc' dir='ltr'><strong>καὶ</strong></span> <span class='ocrx_word' id='word_1_253' title='bbox 3590 1961 3673 2023; x_wconf 81' lang='grc' dir='ltr'>τὰς</span> <span class='ocrx_word' id='word_1_254' title='bbox 3693 1962 3735 2012; x_wconf 80' lang='grc' dir='ltr'>ἐν</span> 
     </span>
    </p>
   </div>
   <div class='ocr_carea' id='block_1_28' title="bbox 517 2051 2033 2128">
    <p class='ocr_par' dir='ltr' id='par_1_28' title="bbox 517 2055 2033 2125">
     <span class='ocr_line' id='line_1_28' title="bbox 517 2055 2033 2125; baseline 0.002 -18"><span class='ocrx_word' id='word_1_255' title='bbox 517 2055 818 2124; x_wconf 70' lang='lat' dir='ltr'><strong>praesertim</strong></span> <span class='ocrx_word' id='word_1_256' title='bbox 843 2070 964 2124; x_wconf 80' lang='lat' dir='ltr'><strong>quae</strong></span> <span class='ocrx_word' id='word_1_257' title='bbox 991 2055 1214 2124; x_wconf 86' lang='lat' dir='ltr'><strong>majoris</strong></span> <span class='ocrx_word' id='word_1_258' title='bbox 1243 2058 1397 2125; x_wconf 89' lang='lat' dir='ltr'><strong>pretii</strong></span> <span class='ocrx_word' id='word_1_259' title='bbox 1452 2058 1633 2111; x_wconf 82' lang='lat' dir='ltr'><strong>futura</strong></span> <span class='ocrx_word' id='word_1_260' title='bbox 1687 2059 1815 2120; x_wconf 89' lang='lat' dir='ltr'><strong>sint,</strong></span> <span class='ocrx_word' id='word_1_261' title='bbox 1853 2062 2033 2113; x_wconf 73' lang='lat' dir='ltr'><strong>materi</strong></span> 
     </span>
    </p>
   </div>
   <div class='ocr_carea' id='block_1_29' title="bbox 2218 2051 3734 2128">
    <p class='ocr_par' dir='ltr' id='par_1_29' title="bbox 2218 2051 3734 2128">
     <span class='ocr_line' id='line_1_29' title="bbox 2218 2051 3734 2128; baseline -0.003 -18"><span class='ocrx_word' id='word_1_262' title='bbox 2218 2057 2398 2120; x_wconf 76' lang='grc' dir='ltr'>ὀύτοις</span> <span class='ocrx_word' id='word_1_263' title='bbox 2436 2056 2683 2128; x_wconf 78' lang='grc' dir='ltr'>ἰσότητας</span> <span class='ocrx_word' id='word_1_264' title='bbox 2704 2056 3047 2126; x_wconf 78' lang='grc' dir='ltr'>ἁνευρηκότα</span> <span class='ocrx_word' id='word_1_265' title='bbox 3095 2054 3168 2126; x_wconf 84' lang='grc' dir='ltr'><strong>μὴ</strong></span> <span class='ocrx_word' id='word_1_266' title='bbox 3207 2053 3490 2126; x_wconf 78' lang='grc' dir='ltr'>φροντίσαι</span> <span class='ocrx_word' id='word_1_267' title='bbox 3513 2051 3602 2104; x_wconf 83' lang='grc' dir='ltr'>τοῦ</span> <span class='ocrx_word' id='word_1_268' title='bbox 3643 2055 3734 2105; x_wconf 82' lang='grc' dir='ltr'>ἱκα-</span> 
     </span>
    </p>
   </div>
   <div class='ocr_carea' id='block_1_30' title="bbox 515 2143 2031 2220">
    <p class='ocr_par' dir='ltr' id='par_1_30' title="bbox 515 2145 2031 2220">
     <span class='ocr_line' id='line_1_30' title="bbox 515 2145 2031 2220; baseline 0.005 -23"><span class='ocrx_word' id='word_1_269' title='bbox 515 2154 780 2214; x_wconf 82' lang='lat' dir='ltr'><strong>quantum</strong></span> <span class='ocrx_word' id='word_1_270' title='bbox 815 2145 948 2200; x_wconf 88' lang='lat' dir='ltr'><strong>satis</strong></span> <span class='ocrx_word' id='word_1_271' title='bbox 981 2145 1163 2211; x_wconf 79' lang='lat' dir='ltr'><strong>fuerit,</strong></span> <span class='ocrx_word' id='word_1_272' title='bbox 1192 2147 1258 2202; x_wconf 87' lang='lat' dir='ltr'><strong>ad</strong></span> <span class='ocrx_word' id='word_1_273' title='bbox 1292 2149 1502 2218; x_wconf 89' lang='lat' dir='ltr'><strong>pondus</strong></span> <span class='ocrx_word' id='word_1_274' title='bbox 1531 2151 1745 2219; x_wconf 80' lang='lat' dir='ltr'><strong>exigere</strong></span> <span class='ocrx_word' id='word_1_275' title='bbox 1773 2169 1785 2204; x_wconf 94' lang='lat'><strong>:</strong></span> <span class='ocrx_word' id='word_1_276' title='bbox 1836 2152 1929 2220; x_wconf 92' lang='lat' dir='ltr'><strong>qui</strong></span> <span class='ocrx_word' id='word_1_277' title='bbox 1986 2169 2031 2204; x_wconf 86' lang='grc' dir='ltr'><strong>ιιι</strong></span> 
     </span>
    </p>
   </div>
   <div class='ocr_carea' id='block_1_31' title="bbox 2214 2143 3730 2220">
    <p class='ocr_par' dir='ltr' id='par_1_31' title="bbox 2214 2143 3730 2219">
     <span class='ocr_line' id='line_1_31' title="bbox 2214 2143 3730 2219; baseline -0.003 -19"><span class='ocrx_word' id='word_1_278' title='bbox 2214 2148 2305 2200; x_wconf 68' lang='grc' dir='ltr'>νοῦ.</span> <span class='ocrx_word' id='word_1_279' title='bbox 2339 2147 2492 2214; x_wconf 82' lang='grc' dir='ltr'>Λέξω</span> <span class='ocrx_word' id='word_1_280' title='bbox 2519 2148 2582 2219; x_wconf 72' lang='grc' dir='ltr'><strong>δὴ</strong></span> <span class='ocrx_word' id='word_1_281' title='bbox 2616 2148 2753 2219; x_wconf 79' lang='grc' dir='ltr'>μετὰ</span> <span class='ocrx_word' id='word_1_282' title='bbox 2797 2146 3127 2219; x_wconf 74' lang='grc' dir='ltr'>παρρησίας,</span> <span class='ocrx_word' id='word_1_283' title='bbox 3177 2147 3262 2199; x_wconf 82' lang='grc' dir='ltr'>ὅτι</span> <span class='ocrx_word' id='word_1_284' title='bbox 3310 2143 3424 2198; x_wconf 80' lang='grc' dir='ltr'>οὔτ’</span> <span class='ocrx_word' id='word_1_285' title='bbox 3472 2143 3730 2206; x_wconf 79' lang='grc' dir='ltr'>ἐλάττονος,</span> 
     </span>
    </p>
   </div>
   <div class='ocr_carea' id='block_1_32' title="bbox 515 2237 2031 2309">
    <p class='ocr_par' dir='ltr' id='par_1_32' title="bbox 515 2237 2028 2308">
     <span class='ocr_line' id='line_1_32' title="bbox 515 2237 2028 2308; baseline 0.002 -17"><span class='ocrx_word' id='word_1_286' title='bbox 515 2249 701 2291; x_wconf 78' lang='lat' dir='ltr'><strong>meros</strong></span> <span class='ocrx_word' id='word_1_287' title='bbox 746 2250 1140 2305; x_wconf 88' lang='lat' dir='ltr'><strong>mensurasque</strong></span> <span class='ocrx_word' id='word_1_288' title='bbox 1177 2253 1382 2302; x_wconf 89' lang='lat' dir='ltr'><strong>rerum,</strong></span> <span class='ocrx_word' id='word_1_289' title='bbox 1413 2237 1700 2308; x_wconf 83' lang='lat' dir='ltr'><strong>justasque</strong></span> <span class='ocrx_word' id='word_1_290' title='bbox 1749 2240 2028 2308; x_wconf 83' lang='lat' dir='ltr'><strong>singuloru</strong></span> 
     </span>
    </p>
   </div>
   <div class='ocr_carea' id='block_1_33' title="bbox 2213 2237 3729 2309">
    <p class='ocr_par' dir='ltr' id='par_1_33' title="bbox 2213 2237 3729 2309">
     <span class='ocr_line' id='line_1_33' title="bbox 2213 2237 3729 2309; baseline -0.001 -19"><span class='ocrx_word' id='word_1_291' title='bbox 2213 2239 2310 2293; x_wconf 70' lang='grc' dir='ltr'>»ὖτε</span> <span class='ocrx_word' id='word_1_292' title='bbox 2341 2241 2580 2304; x_wconf 80' lang='grc' dir='ltr'>πλείονος</span> <span class='ocrx_word' id='word_1_293' title='bbox 2603 2241 2790 2303; x_wconf 80' lang='grc' dir='ltr'>οὐσίας</span> <span class='ocrx_word' id='word_1_294' title='bbox 2817 2239 2923 2293; x_wconf 75' lang='grc' dir='ltr'>ἔδει</span> <span class='ocrx_word' id='word_1_295' title='bbox 2939 2239 3016 2309; x_wconf 83' lang='grc' dir='ltr'>τῷ</span> <span class='ocrx_word' id='word_1_296' title='bbox 3038 2239 3226 2309; x_wconf 82' lang='grc' dir='ltr'>κόσμῳ</span> <span class='ocrx_word' id='word_1_297' title='bbox 3252 2237 3388 2308; x_wconf 82' lang='grc' dir='ltr'>πρὸς</span> <span class='ocrx_word' id='word_1_298' title='bbox 3409 2238 3729 2306; x_wconf 78' lang='grc' dir='ltr'>κατασκευήν.</span> 
     </span>
    </p>
   </div>
   <div class='ocr_carea' id='block_1_34' title="bbox 513 2323 2029 2403">
    <p class='ocr_par' dir='ltr' id='par_1_34' title="bbox 513 2323 2024 2398">
     <span class='ocr_line' id='line_1_34' title="bbox 513 2323 2024 2398; baseline -0.001 -15"><span class='ocrx_word' id='word_1_299' title='bbox 513 2323 658 2383; x_wconf 78' lang='lat' dir='ltr'><strong>inter</strong></span> <span class='ocrx_word' id='word_1_300' title='bbox 685 2340 742 2379; x_wconf 92' lang='lat' dir='ltr'><strong>se</strong></span> <span class='ocrx_word' id='word_1_301' title='bbox 764 2327 1132 2395; x_wconf 90' lang='lat' dir='ltr'><strong>proportionis</strong></span> <span class='ocrx_word' id='word_1_302' title='bbox 1166 2328 1603 2398; x_wconf 80' lang='lat' dir='ltr'><strong>aequalitatisque</strong></span> <span class='ocrx_word' id='word_1_303' title='bbox 1653 2329 1890 2384; x_wconf 88' lang='lat' dir='ltr'><strong>rationes</strong></span> <span class='ocrx_word' id='word_1_304' title='bbox 1936 2330 2024 2382; x_wconf 91' lang='lat' dir='ltr'><strong>inv</strong></span> 
     </span>
    </p>
   </div>
   <div class='ocr_carea' id='block_1_35' title="bbox 2215 2323 3731 2403">
    <p class='ocr_par' dir='ltr' id='par_1_35' title="bbox 2215 2329 3731 2403">
     <span class='ocr_line' id='line_1_35' title="bbox 2215 2329 3731 2403; baseline -0.003 -18"><span class='ocrx_word' id='word_1_305' title='bbox 2215 2334 2356 2386; x_wconf 77' lang='grc' dir='ltr'>Επεὶ</span> <span class='ocrx_word' id='word_1_306' title='bbox 2377 2333 2476 2386; x_wconf 78' lang='grc' dir='ltr'><strong>οὐκ</strong></span> <span class='ocrx_word' id='word_1_307' title='bbox 2507 2333 2574 2386; x_wconf 84' lang='grc' dir='ltr'><strong>ἂν</strong></span> <span class='ocrx_word' id='word_1_308' title='bbox 2599 2332 2893 2403; x_wconf 77' lang='grc' dir='ltr'>ἐγεγένητο</span> <span class='ocrx_word' id='word_1_309' title='bbox 2913 2331 3136 2396; x_wconf 86' lang='grc' dir='ltr'>τέλειος,</span> <span class='ocrx_word' id='word_1_310' title='bbox 3166 2330 3275 2384; x_wconf 78' lang='grc' dir='ltr'><strong>οὐδ’</strong></span> <span class='ocrx_word' id='word_1_311' title='bbox 3297 2331 3357 2383; x_wconf 79' lang='grc' dir='ltr'><strong>ἐν</strong></span> <span class='ocrx_word' id='word_1_312' title='bbox 3381 2332 3511 2384; x_wconf 82' lang='grc' dir='ltr'>πᾶσι</span> <span class='ocrx_word' id='word_1_313' title='bbox 3533 2332 3634 2392; x_wconf 80' lang='grc' dir='ltr'>τοῖς</span> <span class='ocrx_word' id='word_1_314' title='bbox 3657 2329 3731 2398; x_wconf 84' lang='grc' dir='ltr'>μέ-</span> 
     </span>
    </p>
   </div>
   <div class='ocr_carea' id='block_1_36' title="bbox 512 2417 2028 2496">
    <p class='ocr_par' dir='ltr' id='par_1_36' title="bbox 512 2417 2028 2490">
     <span class='ocr_line' id='line_1_36' title="bbox 512 2417 2028 2490; baseline 0.003 -18"><span class='ocrx_word' id='word_1_315' title='bbox 512 2417 614 2480; x_wconf 86' lang='lat' dir='ltr'><strong>nit,</strong></span> <span class='ocrx_word' id='word_1_316' title='bbox 639 2433 763 2470; x_wconf 89' lang='lat' dir='ltr'><strong>eum</strong></span> <span class='ocrx_word' id='word_1_317' title='bbox 794 2418 928 2472; x_wconf 91' lang='lat' dir='ltr'><strong>nihil</strong></span> <span class='ocrx_word' id='word_1_318' title='bbox 958 2420 1024 2473; x_wconf 89' lang='lat' dir='ltr'><strong>de</strong></span> <span class='ocrx_word' id='word_1_319' title='bbox 1051 2420 1291 2474; x_wconf 73' lang='lat' dir='ltr'><strong>materiae</strong></span> <span class='ocrx_word' id='word_1_320' title='bbox 1337 2420 1388 2472; x_wconf 92' lang='lat' dir='ltr'><strong>vi</strong></span> <span class='ocrx_word' id='word_1_321' title='bbox 1446 2421 1752 2475; x_wconf 80' lang='lat' dir='ltr'><strong>necessaria</strong></span> <span class='ocrx_word' id='word_1_322' title='bbox 1796 2422 2028 2490; x_wconf 82' lang='lat' dir='ltr'><strong>cogitass</strong></span> 
     </span>
    </p>
   </div>
   <div class='ocr_carea' id='block_1_37' title="bbox 2214 2417 3730 2496">
    <p class='ocr_par' dir='ltr' id='par_1_37' title="bbox 2214 2420 3730 2495">
     <span class='ocr_line' id='line_1_37' title="bbox 2214 2420 3730 2495; baseline -0.001 -22"><span class='ocrx_word' id='word_1_323' title='bbox 2214 2442 2338 2478; x_wconf 74' lang='grc' dir='ltr'>ιεσιν</span> <span class='ocrx_word' id='word_1_324' title='bbox 2365 2425 2672 2494; x_wconf 77' lang='grc' dir='ltr'>ὁλόκληρος,</span> <span class='ocrx_word' id='word_1_325' title='bbox 2701 2420 2760 2477; x_wconf 74' lang='grc' dir='ltr'><strong>εὖ</strong></span> <span class='ocrx_word' id='word_1_326' title='bbox 2795 2423 3350 2495; x_wconf 83' lang='grc' dir='ltr'>δεδημιουργημένος,</span> <span class='ocrx_word' id='word_1_327' title='bbox 3371 2431 3396 2461; x_wconf 81' lang='grc' dir='ltr'><strong>ο</strong></span> <span class='ocrx_word' id='word_1_328' title='bbox 3445 2423 3509 2475; x_wconf 83' lang='grc' dir='ltr'>ὲκ</span> <span class='ocrx_word' id='word_1_329' title='bbox 3557 2421 3730 2483; x_wconf 71' lang='grc' dir='ltr'>τελείας</span> 
     </span>
    </p>
   </div>
   <div class='ocr_carea' id='block_1_38' title="bbox 512 2507 2028 2593">
    <p class='ocr_par' dir='ltr' id='par_1_38' title="bbox 512 2507 2028 2582">
     <span class='ocr_line' id='line_1_38' title="bbox 512 2507 2028 2582; baseline 0.001 -18"><span class='ocrx_word' id='word_1_330' title='bbox 512 2507 698 2565; x_wconf 87' lang='lat' dir='ltr'><strong>Dicam</strong></span> <span class='ocrx_word' id='word_1_331' title='bbox 732 2511 896 2579; x_wconf 86' lang='lat' dir='ltr'><strong>igitur</strong></span> <span class='ocrx_word' id='word_1_332' title='bbox 937 2509 1040 2564; x_wconf 90' lang='lat' dir='ltr'><strong>hoc</strong></span> <span class='ocrx_word' id='word_1_333' title='bbox 1070 2511 1255 2573; x_wconf 88' lang='lat' dir='ltr'><strong>libere,</strong></span> <span class='ocrx_word' id='word_1_334' title='bbox 1290 2525 1389 2564; x_wconf 90' lang='lat' dir='ltr'><strong>nec</strong></span> <span class='ocrx_word' id='word_1_335' title='bbox 1436 2511 1690 2578; x_wconf 81' lang='lat' dir='ltr'><strong>pauciore</strong></span> <span class='ocrx_word' id='word_1_336' title='bbox 1711 2553 1725 2575; x_wconf 92' lang='lat'><strong>,</strong></span> <span class='ocrx_word' id='word_1_337' title='bbox 1778 2528 1876 2567; x_wconf 88' lang='lat' dir='ltr'><strong>nec</strong></span> <span class='ocrx_word' id='word_1_338' title='bbox 1899 2514 2028 2582; x_wconf 45' lang='lat' dir='ltr'><strong>copit</strong></span> 
     </span>
    </p>
   </div>
   <div class='ocr_carea' id='block_1_39' title="bbox 2213 2507 3729 2593">
    <p class='ocr_par' dir='ltr' id='par_1_39' title="bbox 2219 2513 3729 2586">
     <span class='ocr_line' id='line_1_39' title="bbox 2219 2513 3729 2586; baseline -0.005 -16"><span class='ocrx_word' id='word_1_339' title='bbox 2219 2518 2372 2581; x_wconf 85' lang='grc' dir='ltr'>ὑσίας</span> <span class='ocrx_word' id='word_1_340' title='bbox 2392 2517 2640 2570; x_wconf 81' lang='grc' dir='ltr'>ἁποτετὲ)</span> <span class='ocrx_word' id='word_1_341' title='bbox 2654 2533 2823 2570; x_wconf 85' lang='grc' dir='ltr'>εσται.</span> <span class='ocrx_word' id='word_1_342' title='bbox 2845 2516 3126 2586; x_wconf 74' lang='grc' dir='ltr'>Πανσόφου</span> <span class='ocrx_word' id='word_1_343' title='bbox 3152 2514 3260 2586; x_wconf 79' lang='grc' dir='ltr'>γὰρ</span> <span class='ocrx_word' id='word_1_344' title='bbox 3280 2514 3380 2585; x_wconf 78' lang='grc' dir='ltr'>τὴν</span> <span class='ocrx_word' id='word_1_345' title='bbox 3399 2514 3587 2585; x_wconf 88' lang='grc' dir='ltr'>τέχνην</span> <span class='ocrx_word' id='word_1_346' title='bbox 3611 2513 3729 2573; x_wconf 82' lang='grc' dir='ltr'>ἴδιον,</span> 
     </span>
    </p>
   </div>
   <div class='ocr_carea' id='block_1_40' title="bbox 510 2601 2026 2678">
    <p class='ocr_par' dir='ltr' id='par_1_40' title="bbox 510 2601 2026 2673">
     <span class='ocr_line' id='line_1_40' title="bbox 510 2601 2026 2673; baseline -0.001 -14"><span class='ocrx_word' id='word_1_347' title='bbox 510 2601 657 2659; x_wconf 69' lang='grc' dir='ltr'>εἰοιό</span> <span class='ocrx_word' id='word_1_348' title='bbox 691 2602 940 2667; x_wconf 84' lang='lat' dir='ltr'><strong>materia,</strong></span> <span class='ocrx_word' id='word_1_349' title='bbox 969 2601 1034 2656; x_wconf 91' lang='lat' dir='ltr'><strong>ad</strong></span> <span class='ocrx_word' id='word_1_350' title='bbox 1067 2601 1228 2670; x_wconf 90' lang='lat' dir='ltr'><strong>hujus</strong></span> <span class='ocrx_word' id='word_1_351' title='bbox 1256 2602 1442 2656; x_wconf 86' lang='lat' dir='ltr'><strong>tnuudi</strong></span> <span class='ocrx_word' id='word_1_352' title='bbox 1481 2604 1912 2671; x_wconf 67' lang='lat' dir='ltr'><strong>procreationem</strong></span> <span class='ocrx_word' id='word_1_353' title='bbox 1946 2620 2026 2673; x_wconf 71' lang='lat' dir='ltr'><strong>ep:</strong></span> 
     </span>
    </p>
   </div>
   <div class='ocr_carea' id='block_1_41' title="bbox 2214 2601 3730 2678">
    <p class='ocr_par' dir='ltr' id='par_1_41' title="bbox 2214 2605 3730 2678">
     <span class='ocr_line' id='line_1_41' title="bbox 2214 2605 3730 2678; baseline -0.005 -17"><span class='ocrx_word' id='word_1_354' title='bbox 2214 2609 2317 2678; x_wconf 75' lang='grc' dir='ltr'>τρὶν</span> <span class='ocrx_word' id='word_1_355' title='bbox 2342 2607 2610 2678; x_wconf 79' lang='grc' dir='ltr'>ἄρξασθαί</span> <span class='ocrx_word' id='word_1_356' title='bbox 2665 2625 2808 2670; x_wconf 87' lang='grc' dir='ltr'>τινος</span> <span class='ocrx_word' id='word_1_357' title='bbox 2863 2608 3229 2677; x_wconf 81' lang='grc' dir='ltr'>κατασκευῆς,</span> <span class='ocrx_word' id='word_1_358' title='bbox 3277 2606 3378 2677; x_wconf 81' lang='grc' dir='ltr'><strong>τὴν</strong></span> <span class='ocrx_word' id='word_1_359' title='bbox 3429 2606 3610 2676; x_wconf 79' lang='grc' dir='ltr'>ἱκανὴν</span> <span class='ocrx_word' id='word_1_360' title='bbox 3633 2605 3730 2657; x_wconf 73' lang='grc' dir='ltr'>ἰδεῖν</span> 
     </span>
    </p>
   </div>
   <div class='ocr_carea' id='block_1_42' title="bbox 510 2690 2026 2771">
    <p class='ocr_par' dir='ltr' id='par_1_42' title="bbox 510 2690 2026 2768">
     <span class='ocr_line' id='line_1_42' title="bbox 510 2690 2026 2768; baseline 0 -20"><span class='ocrx_word' id='word_1_361' title='bbox 510 2690 698 2748; x_wconf 78' lang='lat' dir='ltr'><strong>fuisse.</strong></span> <span class='ocrx_word' id='word_1_362' title='bbox 741 2692 955 2762; x_wconf 87' lang='lat' dir='ltr'><strong>Alioqui</strong></span> <span class='ocrx_word' id='word_1_363' title='bbox 990 2709 1268 2762; x_wconf 80' lang='lat' dir='ltr'><strong>ttuannm</strong></span> <span class='ocrx_word' id='word_1_364' title='bbox 1328 2694 1373 2748; x_wconf 92' lang='lat' dir='ltr'><strong>is</strong></span> <span class='ocrx_word' id='word_1_365' title='bbox 1402 2709 1573 2764; x_wconf 75' lang='lat' dir='ltr'><strong>nsque</strong></span> <span class='ocrx_word' id='word_1_366' title='bbox 1620 2696 1752 2751; x_wconf 89' lang='lat' dir='ltr'><strong>adeo</strong></span> <span class='ocrx_word' id='word_1_367' title='bbox 1812 2695 2026 2768; x_wconf 64' lang='lat' dir='ltr'><strong>perfecti</strong></span> 
     </span>
    </p>
   </div>
   <div class='ocr_carea' id='block_1_43' title="bbox 2216 2690 3732 2771">
    <p class='ocr_par' dir='ltr' id='par_1_43' title="bbox 2220 2695 3732 2771">
     <span class='ocr_line' id='line_1_43' title="bbox 2220 2695 3732 2771; baseline -0.003 -19"><span class='ocrx_word' id='word_1_368' title='bbox 2220 2701 2337 2770; x_wconf 88' lang='grc' dir='ltr'>λην.</span> <span class='ocrx_word' id='word_1_369' title='bbox 2400 2699 2716 2771; x_wconf 76' lang='grc' dir='ltr'>Ἀνθρωπος</span> <span class='ocrx_word' id='word_1_370' title='bbox 2777 2700 2875 2770; x_wconf 81' lang='grc' dir='ltr'><strong>μὲν</strong></span> <span class='ocrx_word' id='word_1_371' title='bbox 2928 2695 3040 2762; x_wconf 78' lang='grc' dir='ltr'>οὖν,</span> <span class='ocrx_word' id='word_1_372' title='bbox 3090 2698 3193 2752; x_wconf 82' lang='grc' dir='ltr'><strong>κᾶν</strong></span> <span class='ocrx_word' id='word_1_373' title='bbox 3241 2699 3290 2752; x_wconf 87' lang='grc' dir='ltr'><strong>εί</strong></span> <span class='ocrx_word' id='word_1_374' title='bbox 3343 2697 3454 2751; x_wconf 90' lang='grc' dir='ltr'><strong>τῶν</strong></span> <span class='ocrx_word' id='word_1_375' title='bbox 3477 2697 3732 2764; x_wconf 72' lang='grc' dir='ltr'>ἇλλωντῆ)</span> 
     </span>
    </p>
   </div>
   <div class='ocr_carea' id='block_1_44' title="bbox 509 2783 2025 2861">
    <p class='ocr_par' dir='ltr' id='par_1_44' title="bbox 509 2783 2025 2859">
     <span class='ocr_line' id='line_1_44' title="bbox 509 2783 2025 2859; baseline 0.003 -22"><span class='ocrx_word' id='word_1_376' title='bbox 509 2783 841 2851; x_wconf 78' lang='lat' dir='ltr'><strong>exstitisset,</strong></span> <span class='ocrx_word' id='word_1_377' title='bbox 897 2800 992 2839; x_wconf 90' lang='lat' dir='ltr'><strong>nec</strong></span> <span class='ocrx_word' id='word_1_378' title='bbox 1042 2785 1097 2840; x_wconf 90' lang='lat' dir='ltr'><strong>in</strong></span> <span class='ocrx_word' id='word_1_379' title='bbox 1147 2786 1402 2840; x_wconf 89' lang='lat' dir='ltr'><strong>omnibus</strong></span> <span class='ocrx_word' id='word_1_380' title='bbox 1453 2802 1517 2844; x_wconf 65' lang='lat' dir='ltr'><strong>ac</strong></span> <span class='ocrx_word' id='word_1_381' title='bbox 1563 2787 1792 2857; x_wconf 81' lang='lat' dir='ltr'><strong>singulis</strong></span> <span class='ocrx_word' id='word_1_382' title='bbox 1838 2791 2025 2859; x_wconf 72' lang='lat' dir='ltr'><strong>partibl</strong></span> 
     </span>
    </p>
   </div>
   <div class='ocr_carea' id='block_1_45' title="bbox 2213 2783 3729 2861">
    <p class='ocr_par' dir='ltr' id='par_1_45' title="bbox 2215 2786 3729 2861">
     <span class='ocr_line' id='line_1_45' title="bbox 2215 2786 3729 2861; baseline -0.004 -19"><span class='ocrx_word' id='word_1_383' title='bbox 2215 2793 2377 2860; x_wconf 78' lang='grc' dir='ltr'>πιστή</span> <span class='ocrx_word' id='word_1_384' title='bbox 2387 2807 2493 2860; x_wconf 87' lang='grc' dir='ltr'><strong>μην</strong></span> <span class='ocrx_word' id='word_1_385' title='bbox 2516 2789 2781 2861; x_wconf 81' lang='grc' dir='ltr'>διαφέροι,</span> <span class='ocrx_word' id='word_1_386' title='bbox 2824 2791 2900 2860; x_wconf 77' lang='grc' dir='ltr'>μὴ</span> <span class='ocrx_word' id='word_1_387' title='bbox 2925 2789 3222 2859; x_wconf 78' lang='grc' dir='ltr'>δυνάμενος</span> <span class='ocrx_word' id='word_1_388' title='bbox 3258 2788 3400 2843; x_wconf 82' lang='grc' dir='ltr'><strong>κατὰ</strong></span> <span class='ocrx_word' id='word_1_389' title='bbox 3427 2789 3488 2841; x_wconf 77' lang='grc' dir='ltr'><strong>τὸ</strong></span> <span class='ocrx_word' id='word_1_390' title='bbox 3510 2786 3729 2845; x_wconf 74' lang='grc' dir='ltr'>παντελὲς</span> 
     </span>
    </p>
   </div>
   <div class='ocr_carea' id='block_1_46' title="bbox 509 2877 2025 2954">
    <p class='ocr_par' dir='ltr' id='par_1_46' title="bbox 509 2877 2020 2954">
     <span class='ocr_line' id='line_1_46' title="bbox 509 2877 2020 2954; baseline 0.003 -22"><span class='ocrx_word' id='word_1_391' title='bbox 509 2884 619 2932; x_wconf 86' lang='lat' dir='ltr'><strong>tam</strong></span> <span class='ocrx_word' id='word_1_392' title='bbox 672 2877 877 2947; x_wconf 85' lang='lat' dir='ltr'><strong>integre</strong></span> <span class='ocrx_word' id='word_1_393' title='bbox 931 2878 1210 2948; x_wconf 88' lang='lat' dir='ltr'><strong>solideque</strong></span> <span class='ocrx_word' id='word_1_394' title='bbox 1244 2891 1584 2950; x_wconf 90' lang='lat' dir='ltr'><strong>compactus,</strong></span> <span class='ocrx_word' id='word_1_395' title='bbox 1636 2883 1739 2936; x_wconf 87' lang='lat' dir='ltr'><strong>nisi</strong></span> <span class='ocrx_word' id='word_1_396' title='bbox 1771 2898 1837 2935; x_wconf 80' lang='lat' dir='ltr'><strong>ex</strong></span> <span class='ocrx_word' id='word_1_397' title='bbox 1875 2883 2020 2954; x_wconf 86' lang='lat' dir='ltr'><strong>integ</strong></span> 
     </span>
    </p>
   </div>
   <div class='ocr_carea' id='block_1_47' title="bbox 2213 2877 3729 2954">
    <p class='ocr_par' dir='ltr' id='par_1_47' title="bbox 2220 2881 3729 2954">
     <span class='ocr_line' id='line_1_47' title="bbox 2220 2881 3729 2954; baseline -0.005 -17"><span class='ocrx_word' id='word_1_398' title='bbox 2220 2887 2448 2952; x_wconf 77' lang='grc' dir='ltr'>κφυγεῐν</span> <span class='ocrx_word' id='word_1_399' title='bbox 2475 2884 2572 2954; x_wconf 82' lang='grc' dir='ltr'><strong>τὴν</strong></span> <span class='ocrx_word' id='word_1_400' title='bbox 2626 2883 2860 2953; x_wconf 79' lang='grc' dir='ltr'>συγγενῆ</span> <span class='ocrx_word' id='word_1_401' title='bbox 2917 2882 3026 2935; x_wconf 86' lang='grc' dir='ltr'><strong>τῶν</strong></span> <span class='ocrx_word' id='word_1_402' title='bbox 3067 2881 3277 2953; x_wconf 78' lang='grc' dir='ltr'>θνητῶν</span> <span class='ocrx_word' id='word_1_403' title='bbox 3331 2882 3560 2952; x_wconf 78' lang='grc' dir='ltr'>πλάνην,</span> <span class='ocrx_word' id='word_1_404' title='bbox 3616 2881 3729 2932; x_wconf 74' lang='grc' dir='ltr'>άπα-</span> 
     </span>
    </p>
   </div>
   <div class='ocr_carea' id='block_1_48' title="bbox 505 2969 2021 3046">
    <p class='ocr_par' dir='ltr' id='par_1_48' title="bbox 505 2969 2021 3039">
     <span class='ocr_line' id='line_1_48' title="bbox 505 2969 2021 3039; baseline 0.001 -16"><span class='ocrx_word' id='word_1_405' title='bbox 505 2969 858 3039; x_wconf 78' lang='lat' dir='ltr'><strong>perfectaque</strong></span> <span class='ocrx_word' id='word_1_406' title='bbox 909 2979 1102 3024; x_wconf 91' lang='lat' dir='ltr'><strong>natura</strong></span> <span class='ocrx_word' id='word_1_407' title='bbox 1135 2972 1486 3027; x_wconf 80' lang='lat' dir='ltr'><strong>constitisset.</strong></span> <span class='ocrx_word' id='word_1_408' title='bbox 1527 2973 1812 3029; x_wconf 84' lang='lat' dir='ltr'><strong>Prudentis</strong></span> <span class='ocrx_word' id='word_1_409' title='bbox 1841 2976 1982 3030; x_wconf 91' lang='lat' dir='ltr'><strong>enim</strong></span> <span class='ocrx_word' id='word_1_410' title='bbox 2019 3017 2021 3025; x_wconf 36' lang='grc' dir='ltr'>ι</span> 
     </span>
    </p>
   </div>
   <div class='ocr_carea' id='block_1_49' title="bbox 2211 2969 3727 3046">
    <p class='ocr_par' dir='ltr' id='par_1_49' title="bbox 2211 2971 3727 3046">
     <span class='ocr_line' id='line_1_49' title="bbox 2211 2971 3727 3046; baseline -0.001 -20"><span class='ocrx_word' id='word_1_411' title='bbox 2211 2975 2324 3046; x_wconf 76' lang='grc' dir='ltr'><strong>ῷτο</strong></span> <span class='ocrx_word' id='word_1_412' title='bbox 2350 2975 2415 3028; x_wconf 81' lang='grc' dir='ltr'><strong>ἂν</strong></span> <span class='ocrx_word' id='word_1_413' title='bbox 2449 2975 2578 3037; x_wconf 83' lang='grc' dir='ltr'>ἴσως</span> <span class='ocrx_word' id='word_1_414' title='bbox 2607 2975 2735 3045; x_wconf 69' lang='grc' dir='ltr'>περὶ</span> <span class='ocrx_word' id='word_1_415' title='bbox 2783 2973 2880 3046; x_wconf 78' lang='grc' dir='ltr'>τὴν</span> <span class='ocrx_word' id='word_1_416' title='bbox 2927 2974 3196 3043; x_wconf 73' lang='grc' dir='ltr'>ποσότητα</span> <span class='ocrx_word' id='word_1_417' title='bbox 3241 2972 3342 3042; x_wconf 79' lang='grc' dir='ltr'>τῆς</span> <span class='ocrx_word' id='word_1_418' title='bbox 3399 2973 3548 3043; x_wconf 78' lang='grc' dir='ltr'>ὕλης,</span> <span class='ocrx_word' id='word_1_419' title='bbox 3597 2971 3727 3024; x_wconf 71' lang='grc' dir='ltr'>ὁπότε</span> 
     </span>
    </p>
   </div>
   <div class='ocr_carea' id='block_1_50' title="bbox 507 3058 2023 3138">
    <p class='ocr_par' dir='ltr' id='par_1_50' title="bbox 507 3058 2016 3132">
     <span class='ocr_line' id='line_1_50' title="bbox 507 3058 2016 3132; baseline 0.004 -18"><span class='ocrx_word' id='word_1_420' title='bbox 507 3060 665 3131; x_wconf 86' lang='lat' dir='ltr'><strong>periti</strong></span> <span class='ocrx_word' id='word_1_421' title='bbox 700 3058 924 3116; x_wconf 83' lang='lat' dir='ltr'><strong>artiﬁcis</strong></span> <span class='ocrx_word' id='word_1_422' title='bbox 962 3071 1072 3127; x_wconf 89' lang='lat' dir='ltr'><strong>est,</strong></span> <span class='ocrx_word' id='word_1_423' title='bbox 1123 3069 1412 3130; x_wconf 83' lang='lat' dir='ltr'><strong>antequam</strong></span> <span class='ocrx_word' id='word_1_424' title='bbox 1466 3061 1518 3115; x_wconf 90' lang='lat' dir='ltr'><strong>in</strong></span> <span class='ocrx_word' id='word_1_425' title='bbox 1575 3079 1711 3132; x_wconf 92' lang='lat' dir='ltr'><strong>opus</strong></span> <span class='ocrx_word' id='word_1_426' title='bbox 1764 3066 2016 3122; x_wconf 87' lang='lat' dir='ltr'><strong>incumba</strong></span> 
     </span>
    </p>
   </div>
   <div class='ocr_carea' id='block_1_51' title="bbox 2209 3058 3725 3138">
    <p class='ocr_par' dir='ltr' id='par_1_51' title="bbox 2209 3064 3725 3138">
     <span class='ocr_line' id='line_1_51' title="bbox 2209 3064 3725 3138; baseline 0.003 -22"><span class='ocrx_word' id='word_1_427' title='bbox 2209 3067 2501 3138; x_wconf 67' lang='grc' dir='ltr'>ςεχνιτεύοιο</span> <span class='ocrx_word' id='word_1_428' title='bbox 2533 3067 2654 3119; x_wconf 83' lang='grc' dir='ltr'>τοτὲ</span> <span class='ocrx_word' id='word_1_429' title='bbox 2692 3066 2812 3137; x_wconf 83' lang='grc' dir='ltr'>μὲν,</span> <span class='ocrx_word' id='word_1_430' title='bbox 2866 3066 2941 3128; x_wconf 88' lang='grc' dir='ltr'>ὼς</span> <span class='ocrx_word' id='word_1_431' title='bbox 2971 3065 3191 3119; x_wconf 80' lang='grc' dir='ltr'>ἔλαττον</span> <span class='ocrx_word' id='word_1_432' title='bbox 3237 3065 3583 3136; x_wconf 77' lang='grc' dir='ltr'>προστιθέναι</span> <span class='ocrx_word' id='word_1_433' title='bbox 3619 3064 3725 3133; x_wconf 76' lang='grc'><strong>(90),</strong></span> 
     </span>
    </p>
   </div>
   <div class='ocr_carea' id='block_1_52' title="bbox 507 3144 2023 3230">
    <p class='ocr_par' dir='ltr' id='par_1_52' title="bbox 507 3144 2023 3223">
     <span class='ocr_line' id='line_1_52' title="bbox 507 3144 2023 3223; baseline 0.002 -14"><span class='ocrx_word' id='word_1_434' title='bbox 507 3144 1036 3223; x_wconf 66' lang='grc' dir='ltr'>ῐηθιθνίωψιοηῑιιιιι</span> <span class='ocrx_word' id='word_1_435' title='bbox 1077 3166 1216 3222; x_wconf 91' lang='lat' dir='ltr'><strong>opus</strong></span> <span class='ocrx_word' id='word_1_436' title='bbox 1268 3151 1430 3207; x_wconf 79' lang='lat' dir='ltr'><strong>fuerit</strong></span> <span class='ocrx_word' id='word_1_437' title='bbox 1479 3169 1590 3223; x_wconf 75' lang='lat' dir='ltr'><strong>prae</strong></span> <span class='ocrx_word' id='word_1_438' title='bbox 1639 3157 1816 3210; x_wconf 90' lang='lat' dir='ltr'><strong>oculis</strong></span> <span class='ocrx_word' id='word_1_439' title='bbox 1861 3158 2023 3212; x_wconf 88' lang='lat' dir='ltr'><strong>habcr</strong></span> 
     </span>
    </p>
   </div>
   <div class='ocr_carea' id='block_1_53' title="bbox 2210 3144 3726 3230">
    <p class='ocr_par' dir='ltr' id='par_1_53' title="bbox 2210 3155 3726 3230">
     <span class='ocr_line' id='line_1_53' title="bbox 2210 3155 3726 3230; baseline -0.005 -17"><span class='ocrx_word' id='word_1_440' title='bbox 2210 3162 2303 3214; x_wconf 59' lang='lat' dir='ltr'><strong>me</strong></span> <span class='ocrx_word' id='word_1_441' title='bbox 2333 3161 2409 3223; x_wconf 84' lang='grc' dir='ltr'>δὲ,</span> <span class='ocrx_word' id='word_1_442' title='bbox 2449 3161 2524 3223; x_wconf 83' lang='grc' dir='ltr'><strong>ῶς</strong></span> <span class='ocrx_word' id='word_1_443' title='bbox 2568 3159 2822 3230; x_wconf 81' lang='grc' dir='ltr'>περιττῆς</span> <span class='ocrx_word' id='word_1_444' title='bbox 2862 3159 3134 3228; x_wconf 77' lang='grc' dir='ltr'>ἀφαιρεῖν·</span> <span class='ocrx_word' id='word_1_445' title='bbox 3182 3159 3211 3210; x_wconf 88' lang='grc' dir='ltr'><strong>ὁ</strong></span> <span class='ocrx_word' id='word_1_446' title='bbox 3261 3157 3342 3219; x_wconf 85' lang='grc' dir='ltr'><strong>δὲ,</strong></span> <span class='ocrx_word' id='word_1_447' title='bbox 3399 3158 3543 3228; x_wconf 81' lang='grc' dir='ltr'>πηγή</span> <span class='ocrx_word' id='word_1_448' title='bbox 3567 3166 3636 3212; x_wconf 81' lang='grc' dir='ltr'>τις</span> <span class='ocrx_word' id='word_1_449' title='bbox 3670 3155 3726 3206; x_wconf 75' lang='grc' dir='ltr'>ὢν</span> 
     </span>
    </p>
   </div>
   <div class='ocr_carea' id='block_1_54' title="bbox 506 3241 2022 3322">
    <p class='ocr_par' dir='ltr' id='par_1_54' title="bbox 506 3241 2022 3316">
     <span class='ocr_line' id='line_1_54' title="bbox 506 3241 2022 3316; baseline 0.001 -17"><span class='ocrx_word' id='word_1_450' title='bbox 506 3241 574 3300; x_wconf 86' lang='lat' dir='ltr'><strong>Et</strong></span> <span class='ocrx_word' id='word_1_451' title='bbox 601 3243 764 3297; x_wconf 90' lang='lat' dir='ltr'><strong>homo</strong></span> <span class='ocrx_word' id='word_1_452' title='bbox 795 3243 1037 3314; x_wconf 83' lang='lat' dir='ltr'><strong>quidem,</strong></span> <span class='ocrx_word' id='word_1_453' title='bbox 1065 3252 1123 3296; x_wconf 91' lang='lat' dir='ltr'><strong>ut</strong></span> <span class='ocrx_word' id='word_1_454' title='bbox 1153 3243 1362 3297; x_wconf 76' lang='lat' dir='ltr'><strong>caeteris</strong></span> <span class='ocrx_word' id='word_1_455' title='bbox 1391 3244 1551 3297; x_wconf 88' lang='lat' dir='ltr'><strong>etiam</strong></span> <span class='ocrx_word' id='word_1_456' title='bbox 1587 3246 1900 3314; x_wconf 79' lang='lat' dir='ltr'><strong>cognitione</strong></span> <span class='ocrx_word' id='word_1_457' title='bbox 1947 3263 2022 3316; x_wconf 85' lang='lat' dir='ltr'><strong>pr:</strong></span> 
     </span>
    </p>
   </div>
   <div class='ocr_carea' id='block_1_55' title="bbox 2212 3241 3728 3322">
    <p class='ocr_par' dir='ltr' id='par_1_55' title="bbox 2214 3246 3728 3322">
     <span class='ocr_line' id='line_1_55' title="bbox 2214 3246 3728 3322; baseline -0.003 -19"><span class='ocrx_word' id='word_1_458' title='bbox 2214 3268 2374 3322; x_wconf 84' lang='grc' dir='ltr'>πιστη</span> <span class='ocrx_word' id='word_1_459' title='bbox 2384 3250 2520 3322; x_wconf 85' lang='grc' dir='ltr'>μῶν,</span> <span class='ocrx_word' id='word_1_460' title='bbox 2536 3250 2710 3303; x_wconf 87' lang='grc' dir='ltr'>ὲνδέον</span> <span class='ocrx_word' id='word_1_461' title='bbox 2735 3249 2767 3320; x_wconf 81' lang='grc' dir='ltr'>ἦ</span> <span class='ocrx_word' id='word_1_462' title='bbox 2793 3248 3105 3320; x_wconf 78' lang='grc' dir='ltr'>περιττεῦον</span> <span class='ocrx_word' id='word_1_463' title='bbox 3127 3248 3276 3302; x_wconf 82' lang='grc' dir='ltr'>οὐδὲν</span> <span class='ocrx_word' id='word_1_464' title='bbox 3296 3248 3521 3318; x_wconf 79' lang='grc' dir='ltr'>ἔμελλεν</span> <span class='ocrx_word' id='word_1_465' title='bbox 3539 3246 3728 3299; x_wconf 73' lang='grc' dir='ltr'>ὑποϐάλ-</span> 
     </span>
    </p>
   </div>
   <div class='ocr_carea' id='block_1_56' title="bbox 506 3336 2022 3412">
    <p class='ocr_par' dir='ltr' id='par_1_56' title="bbox 506 3336 2019 3407">
     <span class='ocr_line' id='line_1_56' title="bbox 506 3336 2019 3407; baseline -0.001 -15"><span class='ocrx_word' id='word_1_466' title='bbox 506 3344 632 3400; x_wconf 85' lang='lat' dir='ltr'><strong>stct,</strong></span> <span class='ocrx_word' id='word_1_467' title='bbox 669 3336 761 3404; x_wconf 89' lang='lat' dir='ltr'><strong>qui</strong></span> <span class='ocrx_word' id='word_1_468' title='bbox 792 3345 972 3390; x_wconf 88' lang='lat' dir='ltr'><strong>tamen</strong></span> <span class='ocrx_word' id='word_1_469' title='bbox 1016 3337 1102 3390; x_wconf 74' lang='lat' dir='ltr'><strong>vix</strong></span> <span class='ocrx_word' id='word_1_470' title='bbox 1153 3353 1390 3406; x_wconf 90' lang='lat' dir='ltr'><strong>unquam</strong></span> <span class='ocrx_word' id='word_1_471' title='bbox 1427 3338 1494 3390; x_wconf 92' lang='lat' dir='ltr'><strong>ab</strong></span> <span class='ocrx_word' id='word_1_472' title='bbox 1529 3353 1594 3391; x_wconf 89' lang='lat' dir='ltr'><strong>eo</strong></span> <span class='ocrx_word' id='word_1_473' title='bbox 1625 3340 1839 3407; x_wconf 90' lang='lat' dir='ltr'><strong>penitus</strong></span> <span class='ocrx_word' id='word_1_474' title='bbox 1897 3355 2019 3393; x_wconf 92' lang='lat' dir='ltr'><strong>erro</strong></span> 
     </span>
    </p>
   </div>
   <div class='ocr_carea' id='block_1_57' title="bbox 2209 3336 3725 3412">
    <p class='ocr_par' dir='ltr' id='par_1_57' title="bbox 2209 3338 3725 3412">
     <span class='ocr_line' id='line_1_57' title="bbox 2209 3338 3725 3412; baseline -0.003 -20"><span class='ocrx_word' id='word_1_475' title='bbox 2209 3341 2389 3403; x_wconf 82' lang='grc' dir='ltr'>εσθαι,</span> <span class='ocrx_word' id='word_1_476' title='bbox 2425 3341 2642 3412; x_wconf 82' lang='grc' dir='ltr'>μέτροις</span> <span class='ocrx_word' id='word_1_477' title='bbox 2696 3340 2790 3393; x_wconf 84' lang='grc' dir='ltr'>ἆτε</span> <span class='ocrx_word' id='word_1_478' title='bbox 2852 3338 3130 3411; x_wconf 86' lang='grc' dir='ltr'>χρώμενος</span> <span class='ocrx_word' id='word_1_479' title='bbox 3156 3341 3235 3402; x_wconf 87' lang='grc' dir='ltr'><strong>είς</strong></span> <span class='ocrx_word' id='word_1_480' title='bbox 3279 3339 3562 3409; x_wconf 81' lang='grc' dir='ltr'>ἀκρίϐειαν</span> <span class='ocrx_word' id='word_1_481' title='bbox 3588 3338 3725 3406; x_wconf 85' lang='grc' dir='ltr'>ὑπερ-</span> 
     </span>
    </p>
   </div>
   <div class='ocr_carea' id='block_1_58' title="bbox 505 3427 2021 3502">
    <p class='ocr_par' dir='ltr' id='par_1_58' title="bbox 505 3427 2021 3498">
     <span class='ocr_line' id='line_1_58' title="bbox 505 3427 2021 3498; baseline 0.003 -18"><span class='ocrx_word' id='word_1_482' title='bbox 505 3429 600 3498; x_wconf 92' lang='lat' dir='ltr'><strong>qui</strong></span> <span class='ocrx_word' id='word_1_483' title='bbox 623 3428 690 3482; x_wconf 89' lang='lat' dir='ltr'><strong>ad</strong></span> <span class='ocrx_word' id='word_1_484' title='bbox 714 3428 970 3481; x_wconf 88' lang='lat' dir='ltr'><strong>mortales</strong></span> <span class='ocrx_word' id='word_1_485' title='bbox 994 3427 1316 3496; x_wconf 76' lang='lat' dir='ltr'><strong>cognatione</strong></span> <span class='ocrx_word' id='word_1_486' title='bbox 1344 3429 1577 3498; x_wconf 87' lang='lat' dir='ltr'><strong>quadam</strong></span> <span class='ocrx_word' id='word_1_487' title='bbox 1627 3431 1982 3498; x_wconf 81' lang='lat' dir='ltr'><strong>adhaerescit,</strong></span> <span class='ocrx_word' id='word_1_488' title='bbox 2013 3433 2021 3485; x_wconf 93' lang='grc' dir='ltr'><strong>Ι</strong></span> 
     </span>
    </p>
   </div>
   <div class='ocr_carea' id='block_1_59' title="bbox 2209 3427 3725 3502">
    <p class='ocr_par' dir='ltr' id='par_1_59' title="bbox 2209 3427 3725 3502">
     <span class='ocr_line' id='line_1_59' title="bbox 2209 3427 3725 3502; baseline -0.003 -18"><span class='ocrx_word' id='word_1_489' title='bbox 2209 3431 2341 3502; x_wconf 60' lang='lat' dir='ltr'><strong>poti);</strong></span> <span class='ocrx_word' id='word_1_490' title='bbox 2376 3431 2770 3501; x_wconf 83' lang='grc' dir='ltr'>πεπονημένοις</span> <span class='ocrx_word' id='word_1_491' title='bbox 2820 3429 3022 3483; x_wconf 76' lang='grc' dir='ltr'>ἅπασιν</span> <span class='ocrx_word' id='word_1_492' title='bbox 3070 3432 3376 3492; x_wconf 78' lang='grc' dir='ltr'>ἐπαινετοῖς</span> <span class='ocrx_word' id='word_1_493' title='bbox 3432 3429 3560 3500; x_wconf 77' lang='grc'><strong>(91).</strong></span> <span class='ocrx_word' id='word_1_494' title='bbox 3596 3430 3646 3481; x_wconf 88' lang='lat'><strong>&#39;0</strong></span> <span class='ocrx_word' id='word_1_495' title='bbox 3682 3427 3725 3480; x_wconf 63' lang='grc' dir='ltr'><strong>δὲ</strong></span> 
     </span>
    </p>
   </div>
   <div class='ocr_carea' id='block_1_60' title="bbox 505 3518 2021 3595">
    <p class='ocr_par' dir='ltr' id='par_1_60' title="bbox 505 3518 2007 3591">
     <span class='ocr_line' id='line_1_60' title="bbox 505 3518 2007 3591; baseline 0.002 -15"><span class='ocrx_word' id='word_1_496' title='bbox 505 3519 603 3576; x_wconf 82' lang='lat' dir='ltr'><strong>ber</strong></span> <span class='ocrx_word' id='word_1_497' title='bbox 626 3534 747 3574; x_wconf 87' lang='lat' dir='ltr'><strong>esse</strong></span> <span class='ocrx_word' id='word_1_498' title='bbox 768 3528 963 3590; x_wconf 88' lang='lat' dir='ltr'><strong>potest,</strong></span> <span class='ocrx_word' id='word_1_499' title='bbox 991 3518 1106 3573; x_wconf 90' lang='lat' dir='ltr'><strong>suis</strong></span> <span class='ocrx_word' id='word_1_500' title='bbox 1136 3519 1188 3573; x_wconf 88' lang='lat' dir='ltr'><strong>in</strong></span> <span class='ocrx_word' id='word_1_501' title='bbox 1214 3521 1489 3588; x_wconf 86' lang='lat' dir='ltr'><strong>operibus,</strong></span> <span class='ocrx_word' id='word_1_502' title='bbox 1530 3537 1559 3576; x_wconf 89' lang='lat' dir='ltr'><strong>a</strong></span> <span class='ocrx_word' id='word_1_503' title='bbox 1587 3523 1733 3591; x_wconf 87' lang='lat' dir='ltr'><strong>justa</strong></span> <span class='ocrx_word' id='word_1_504' title='bbox 1766 3525 2007 3579; x_wconf 81' lang='lat' dir='ltr'><strong>materiae</strong></span> 
     </span>
    </p>
   </div>
   <div class='ocr_carea' id='block_1_61' title="bbox 2207 3518 3723 3595">
    <p class='ocr_par' dir='ltr' id='par_1_61' title="bbox 2207 3520 3723 3595">
     <span class='ocr_line' id='line_1_61' title="bbox 2207 3520 3723 3595; baseline -0.002 -21"><span class='ocrx_word' id='word_1_505' title='bbox 2207 3524 2502 3595; x_wconf 70' lang='grc' dir='ltr'>ιουλόμενος</span> <span class='ocrx_word' id='word_1_506' title='bbox 2546 3523 2717 3586; x_wconf 75' lang='grc' dir='ltr'>ἄλλως</span> <span class='ocrx_word' id='word_1_507' title='bbox 2745 3521 2920 3575; x_wconf 79' lang='grc' dir='ltr'>ὑθλεῖν</span> <span class='ocrx_word' id='word_1_508' title='bbox 2950 3522 3047 3575; x_wconf 82' lang='grc' dir='ltr'><strong>οὐκ</strong></span> <span class='ocrx_word' id='word_1_509' title='bbox 3092 3521 3157 3574; x_wconf 81' lang='grc' dir='ltr'>ἂν</span> <span class='ocrx_word' id='word_1_510' title='bbox 3185 3521 3377 3590; x_wconf 72' lang='grc' dir='ltr'>φθάνοι</span> <span class='ocrx_word' id='word_1_511' title='bbox 3405 3522 3500 3575; x_wconf 72' lang='grc' dir='ltr'>καὶ</span> <span class='ocrx_word' id='word_1_512' title='bbox 3525 3521 3588 3573; x_wconf 78' lang='grc' dir='ltr'><strong>τὰ</strong></span> <span class='ocrx_word' id='word_1_513' title='bbox 3615 3520 3723 3572; x_wconf 79' lang='grc' dir='ltr'>πάν-</span> 
     </span>
    </p>
   </div>
   <div class='ocr_carea' id='block_1_62' title="bbox 503 3603 2019 3686">
    <p class='ocr_par' dir='ltr' id='par_1_62' title="bbox 503 3609 2019 3685">
     <span class='ocr_line' id='line_1_62' title="bbox 503 3609 2019 3685; baseline 0.003 -19"><span class='ocrx_word' id='word_1_514' title='bbox 503 3611 775 3667; x_wconf 75' lang='lat' dir='ltr'><strong>aberrarit</strong></span> <span class='ocrx_word' id='word_1_515' title='bbox 805 3609 942 3665; x_wconf 80' lang='lat' dir='ltr'><strong>forte</strong></span> <span class='ocrx_word' id='word_1_516' title='bbox 991 3627 1404 3681; x_wconf 89' lang='lat' dir='ltr'><strong>nonnunquam,</strong></span> <span class='ocrx_word' id='word_1_517' title='bbox 1443 3623 1502 3668; x_wconf 91' lang='lat' dir='ltr'><strong>ut</strong></span> <span class='ocrx_word' id='word_1_518' title='bbox 1531 3630 1656 3668; x_wconf 93' lang='lat' dir='ltr'><strong>eum</strong></span> <span class='ocrx_word' id='word_1_519' title='bbox 1697 3615 1779 3670; x_wconf 93' lang='lat' dir='ltr'><strong>vel</strong></span> <span class='ocrx_word' id='word_1_520' title='bbox 1837 3619 2019 3685; x_wconf 83' lang='lat' dir='ltr'><strong>paucic</strong></span> 
     </span>
    </p>
   </div>
   <div class='ocr_carea' id='block_1_63' title="bbox 2205 3603 3721 3686">
    <p class='ocr_par' dir='ltr' id='par_1_63' title="bbox 2205 3603 3721 3686">
     <span class='ocr_line' id='line_1_63' title="bbox 2205 3603 3721 3686; baseline -0.003 -21"><span class='ocrx_word' id='word_1_521' title='bbox 2205 3634 2288 3669; x_wconf 67' lang='grc' dir='ltr'>πων</span> <span class='ocrx_word' id='word_1_522' title='bbox 2333 3615 2468 3686; x_wconf 78' lang='grc' dir='ltr'>ἔργα</span> <span class='ocrx_word' id='word_1_523' title='bbox 2523 3615 2626 3666; x_wconf 88' lang='grc' dir='ltr'><strong>τῶν</strong></span> <span class='ocrx_word' id='word_1_524' title='bbox 2674 3615 2933 3684; x_wconf 79' lang='grc' dir='ltr'>τεχνιτῶν</span> <span class='ocrx_word' id='word_1_525' title='bbox 2981 3613 3130 3669; x_wconf 80' lang='grc' dir='ltr'>αἴτια</span> <span class='ocrx_word' id='word_1_526' title='bbox 3177 3603 3464 3683; x_wconf 45' lang='grc' dir='ltr'>τιθέμνόξ</span> <span class='ocrx_word' id='word_1_527' title='bbox 3519 3611 3721 3681; x_wconf 72' lang='grc' dir='ltr'><strong>(92),ὼ;</strong></span> 
     </span>
    </p>
   </div>
   <div class='ocr_carea' id='block_1_64' title="bbox 503 3700 2019 3778">
    <p class='ocr_par' dir='ltr' id='par_1_64' title="bbox 503 3703 2019 3776">
     <span class='ocr_line' id='line_1_64' title="bbox 503 3703 2019 3776; baseline 0.003 -16"><span class='ocrx_word' id='word_1_528' title='bbox 503 3703 712 3774; x_wconf 81' lang='lat' dir='ltr'><strong>aliquid</strong></span> <span class='ocrx_word' id='word_1_529' title='bbox 747 3704 966 3763; x_wconf 85' lang='lat' dir='ltr'><strong>addere.</strong></span> <span class='ocrx_word' id='word_1_530' title='bbox 993 3705 1075 3759; x_wconf 83' lang='lat' dir='ltr'><strong>vel</strong></span> <span class='ocrx_word' id='word_1_531' title='bbox 1101 3720 1165 3759; x_wconf 82' lang='lat' dir='ltr'><strong>ex</strong></span> <span class='ocrx_word' id='word_1_532' title='bbox 1207 3707 1458 3776; x_wconf 91' lang='lat' dir='ltr'><strong>ampliori</strong></span> <span class='ocrx_word' id='word_1_533' title='bbox 1502 3707 1789 3762; x_wconf 86' lang='lat' dir='ltr'><strong>detrahere</strong></span> <span class='ocrx_word' id='word_1_534' title='bbox 1831 3711 2019 3765; x_wconf 92' lang='lat' dir='ltr'><strong>nonnil</strong></span> 
     </span>
    </p>
   </div>
   <div class='ocr_carea' id='block_1_65' title="bbox 2206 3700 3722 3778">
    <p class='ocr_par' dir='ltr' id='par_1_65' title="bbox 2206 3700 3722 3778">
     <span class='ocr_line' id='line_1_65' title="bbox 2206 3700 3722 3778; baseline -0.005 -18"><span class='ocrx_word' id='word_1_535' title='bbox 2206 3710 2400 3778; x_wconf 77' lang='grc' dir='ltr'>ἱμεινον</span> <span class='ocrx_word' id='word_1_536' title='bbox 2423 3707 2522 3776; x_wconf 79' lang='grc' dir='ltr'>τῆς</span> <span class='ocrx_word' id='word_1_537' title='bbox 2552 3706 2893 3775; x_wconf 78' lang='grc' dir='ltr'>κατασκευῆς</span> <span class='ocrx_word' id='word_1_538' title='bbox 2950 3705 3272 3775; x_wconf 84' lang='grc' dir='ltr'>ἐπιλαχόντα</span> <span class='ocrx_word' id='word_1_539' title='bbox 3307 3703 3590 3776; x_wconf 84' lang='grc' dir='ltr'>προσθέσει</span> <span class='ocrx_word' id='word_1_540' title='bbox 3611 3700 3722 3761; x_wconf 74' lang='grc' dir='ltr'>τινὸς</span> 
     </span>
    </p>
   </div>
   <div class='ocr_carea' id='block_1_66' title="bbox 506 3793 2022 3870">
    <p class='ocr_par' dir='ltr' id='par_1_66' title="bbox 506 3795 2022 3870">
     <span class='ocr_line' id='line_1_66' title="bbox 506 3795 2022 3870; baseline 0.004 -21"><span class='ocrx_word' id='word_1_541' title='bbox 506 3805 774 3866; x_wconf 89' lang='lat' dir='ltr'><strong>oporteat.</strong></span> <span class='ocrx_word' id='word_1_542' title='bbox 812 3795 882 3850; x_wconf 83' lang='lat' dir='ltr'><strong>At</strong></span> <span class='ocrx_word' id='word_1_543' title='bbox 911 3813 1038 3851; x_wconf 87' lang='lat' dir='ltr'><strong>vero</strong></span> <span class='ocrx_word' id='word_1_544' title='bbox 1073 3795 1235 3862; x_wconf 87' lang='lat' dir='ltr'><strong>Deus,</strong></span> <span class='ocrx_word' id='word_1_545' title='bbox 1280 3798 1422 3859; x_wconf 81' lang='lat' dir='ltr'><strong>fons,</strong></span> <span class='ocrx_word' id='word_1_546' title='bbox 1459 3797 1678 3867; x_wconf 89' lang='lat' dir='ltr'><strong>inquam</strong></span> <span class='ocrx_word' id='word_1_547' title='bbox 1701 3840 1716 3863; x_wconf 90' lang='lat'><strong>,</strong></span> <span class='ocrx_word' id='word_1_548' title='bbox 1769 3799 1858 3852; x_wconf 89' lang='lat' dir='ltr'><strong>ille</strong></span> <span class='ocrx_word' id='word_1_549' title='bbox 1889 3816 2022 3870; x_wconf 90' lang='lat' dir='ltr'><strong>cogn</strong></span> 
     </span>
    </p>
   </div>
   <div class='ocr_carea' id='block_1_67' title="bbox 2206 3793 3722 3870">
    <p class='ocr_par' dir='ltr' id='par_1_67' title="bbox 2206 3793 3722 3868">
     <span class='ocr_line' id='line_1_67' title="bbox 2206 3793 3722 3868; baseline -0.004 -17"><span class='ocrx_word' id='word_1_550' title='bbox 2206 3803 2212 3868; x_wconf 60' lang='grc' dir='ltr'>ι</span> <span class='ocrx_word' id='word_1_551' title='bbox 2252 3798 2472 3868; x_wconf 84' lang='grc' dir='ltr'>μειώσει</span> <span class='ocrx_word' id='word_1_552' title='bbox 2503 3797 2612 3850; x_wconf 91' lang='grc' dir='ltr'><strong>τῶν</strong></span> <span class='ocrx_word' id='word_1_553' title='bbox 2633 3799 2690 3850; x_wconf 84' lang='grc' dir='ltr'>ὲν</span> <span class='ocrx_word' id='word_1_554' title='bbox 2725 3797 2894 3860; x_wconf 80' lang='grc' dir='ltr'>ὕλαις.</span> <span class='ocrx_word' id='word_1_555' title='bbox 2955 3796 3115 3850; x_wconf 79' lang='grc' dir='ltr'>Ἀλλὰ</span> <span class='ocrx_word' id='word_1_556' title='bbox 3149 3796 3258 3867; x_wconf 83' lang='grc' dir='ltr'><strong>γὰρ</strong></span> <span class='ocrx_word' id='word_1_557' title='bbox 3291 3795 3601 3864; x_wconf 70' lang='grc' dir='ltr'>σοφιστεῖας</span> <span class='ocrx_word' id='word_1_558' title='bbox 3648 3793 3722 3862; x_wconf 77' lang='grc' dir='ltr'><strong>μὲν</strong></span> 
     </span>
    </p>
   </div>
   <div class='ocr_carea' id='block_1_68' title="bbox 504 3881 2020 3960">
    <p class='ocr_par' dir='ltr' id='par_1_68' title="bbox 504 3887 2020 3960">
     <span class='ocr_line' id='line_1_68' title="bbox 504 3887 2020 3960; baseline 0.001 -16"><span class='ocrx_word' id='word_1_559' title='bbox 504 3887 670 3944; x_wconf 90' lang='lat' dir='ltr'><strong>tionis</strong></span> <span class='ocrx_word' id='word_1_560' title='bbox 703 3888 881 3944; x_wconf 90' lang='lat' dir='ltr'><strong>omnis</strong></span> <span class='ocrx_word' id='word_1_561' title='bbox 905 3897 1065 3956; x_wconf 89' lang='lat' dir='ltr'><strong>atque</strong></span> <span class='ocrx_word' id='word_1_562' title='bbox 1107 3888 1367 3951; x_wconf 81' lang='lat' dir='ltr'><strong>scientiae,</strong></span> <span class='ocrx_word' id='word_1_563' title='bbox 1393 3889 1627 3958; x_wconf 85' lang='lat' dir='ltr'><strong>amplius</strong></span> <span class='ocrx_word' id='word_1_564' title='bbox 1650 3890 1947 3960; x_wconf 89' lang='lat' dir='ltr'><strong>quidquam</strong></span> <span class='ocrx_word' id='word_1_565' title='bbox 1973 3908 2020 3946; x_wconf 91' lang='lat' dir='ltr'><strong>m</strong></span> 
     </span>
    </p>
   </div>
   <div class='ocr_carea' id='block_1_69' title="bbox 2205 3881 3721 3960">
    <p class='ocr_par' dir='ltr' id='par_1_69' title="bbox 2205 3884 3721 3960">
     <span class='ocr_line' id='line_1_69' title="bbox 2205 3884 3721 3960; baseline -0.005 -19"><span class='ocrx_word' id='word_1_566' title='bbox 2205 3889 2346 3958; x_wconf 67' lang='grc' dir='ltr'>ἔργον</span> <span class='ocrx_word' id='word_1_567' title='bbox 2376 3889 2760 3960; x_wconf 80' lang='grc' dir='ltr'>εὑρεσιλογεῖν,</span> <span class='ocrx_word' id='word_1_568' title='bbox 2791 3887 2982 3960; x_wconf 79' lang='grc' dir='ltr'>σοφίας</span> <span class='ocrx_word' id='word_1_569' title='bbox 3010 3889 3067 3940; x_wconf 80' lang='grc' dir='ltr'><strong>δὲ</strong></span> <span class='ocrx_word' id='word_1_570' title='bbox 3104 3888 3312 3942; x_wconf 72' lang='grc' dir='ltr'>ἕκαστα</span> <span class='ocrx_word' id='word_1_571' title='bbox 3345 3888 3615 3959; x_wconf 76' lang='grc' dir='ltr'>διερευνᾷν</span> <span class='ocrx_word' id='word_1_572' title='bbox 3639 3884 3721 3936; x_wconf 80' lang='grc' dir='ltr'><strong>τῶν</strong></span> 
     </span>
    </p>
   </div>
   <div class='ocr_carea' id='block_1_70' title="bbox 504 3978 2020 4053">
    <p class='ocr_par' dir='ltr' id='par_1_70' title="bbox 504 3978 2020 4047">
     <span class='ocr_line' id='line_1_70' title="bbox 504 3978 2020 4047; baseline -0.001 -11"><span class='ocrx_word' id='word_1_573' title='bbox 504 3994 694 4040; x_wconf 83' lang='lat' dir='ltr'><strong>nusvc,</strong></span> <span class='ocrx_word' id='word_1_574' title='bbox 713 3994 874 4047; x_wconf 92' lang='lat' dir='ltr'><strong>quam</strong></span> <span class='ocrx_word' id='word_1_575' title='bbox 901 3978 1446 4047; x_wconf 88' lang='lat' dir='ltr'><strong>paresset,adhibere</strong></span> <span class='ocrx_word' id='word_1_576' title='bbox 1476 3995 1583 4033; x_wconf 93' lang='lat' dir='ltr'><strong>non</strong></span> <span class='ocrx_word' id='word_1_577' title='bbox 1616 3979 1949 4047; x_wconf 87' lang='lat' dir='ltr'><strong>potuit,cum</strong></span> <span class='ocrx_word' id='word_1_578' title='bbox 1969 3996 2020 4035; x_wconf 84' lang='grc' dir='ltr'><strong>οι</strong></span> 
     </span>
    </p>
   </div>
   <div class='ocr_carea' id='block_1_71' title="bbox 2205 3978 3721 4053">
    <p class='ocr_par' dir='ltr' id='par_1_71' title="bbox 2205 3980 3721 4053">
     <span class='ocr_line' id='line_1_71' title="bbox 2205 3980 3721 4053; baseline -0.002 -20"><span class='ocrx_word' id='word_1_579' title='bbox 2205 4001 2243 4035; x_wconf 72' lang='grc' dir='ltr'><strong>ιν</strong></span> <span class='ocrx_word' id='word_1_580' title='bbox 2277 3986 2339 4053; x_wconf 86' lang='grc' dir='ltr'>τῇ</span> <span class='ocrx_word' id='word_1_581' title='bbox 2369 3983 2580 4051; x_wconf 74' lang='grc' dir='ltr'>φύσει.»</span> <span class='ocrx_word' id='word_1_582' title='bbox 2617 3984 2726 4037; x_wconf 70' lang='grc' dir='ltr'>Καὶ</span> <span class='ocrx_word' id='word_1_583' title='bbox 2745 3982 2812 4034; x_wconf 84' lang='grc' dir='ltr'><strong>τὰ</strong></span> <span class='ocrx_word' id='word_1_584' title='bbox 2841 3983 2936 4052; x_wconf 85' lang='grc' dir='ltr'><strong>μὲν</strong></span> <span class='ocrx_word' id='word_1_585' title='bbox 2964 3982 3057 4034; x_wconf 86' lang='grc' dir='ltr'>τοῦ</span> <span class='ocrx_word' id='word_1_586' title='bbox 3111 3983 3346 4045; x_wconf 80' lang='grc' dir='ltr'>Φίλωνος</span> <span class='ocrx_word' id='word_1_587' title='bbox 3377 3982 3558 4037; x_wconf 80' lang='grc' dir='ltr'>τοῦτον</span> <span class='ocrx_word' id='word_1_588' title='bbox 3586 3980 3721 4050; x_wconf 74' lang='grc' dir='ltr'>ἐχέτω</span> 
     </span>
    </p>
   </div>
   <div class='ocr_carea' id='block_1_72' title="bbox 504 4071 2020 4147">
    <p class='ocr_par' dir='ltr' id='par_1_72' title="bbox 504 4071 2020 4140">
     <span class='ocr_line' id='line_1_72' title="bbox 504 4071 2020 4140; baseline 0.001 -15"><span class='ocrx_word' id='word_1_589' title='bbox 504 4072 667 4126; x_wconf 86' lang='lat' dir='ltr'><strong>nibus</strong></span> <span class='ocrx_word' id='word_1_590' title='bbox 686 4087 1064 4126; x_wconf 82' lang='lat' dir='ltr'><strong>mensurarum</strong></span> <span class='ocrx_word' id='word_1_591' title='bbox 1093 4071 1508 4140; x_wconf 89' lang='lat' dir='ltr'><strong>ponderumque</strong></span> <span class='ocrx_word' id='word_1_592' title='bbox 1536 4073 1840 4127; x_wconf 76' lang='lat' dir='ltr'><strong>rationibus</strong></span> <span class='ocrx_word' id='word_1_593' title='bbox 1870 4084 2020 4127; x_wconf 87' lang='lat' dir='ltr'><strong>utatu</strong></span> 
     </span>
    </p>
   </div>
   <div class='ocr_carea' id='block_1_73' title="bbox 2204 4071 3720 4147">
    <p class='ocr_par' dir='ltr' id='par_1_73' title="bbox 2204 4072 3720 4147">
     <span class='ocr_line' id='line_1_73' title="bbox 2204 4072 3720 4147; baseline 0.003 -20"><span class='ocrx_word' id='word_1_594' title='bbox 2204 4076 2271 4128; x_wconf 72' lang='grc' dir='ltr'><strong>ξὺν</strong></span> <span class='ocrx_word' id='word_1_595' title='bbox 2295 4077 2512 4146; x_wconf 89' lang='grc' dir='ltr'>τρόπον.</span> <span class='ocrx_word' id='word_1_596' title='bbox 2543 4075 2779 4146; x_wconf 79' lang='grc' dir='ltr'>Μαξίμῳ</span> <span class='ocrx_word' id='word_1_597' title='bbox 2832 4075 2888 4130; x_wconf 82' lang='grc' dir='ltr'>δὲ</span> <span class='ocrx_word' id='word_1_598' title='bbox 2937 4076 3048 4147; x_wconf 80' lang='grc'><strong>(95)</strong></span> <span class='ocrx_word' id='word_1_599' title='bbox 3077 4075 3177 4146; x_wconf 84' lang='grc' dir='ltr'>τῆς</span> <span class='ocrx_word' id='word_1_600' title='bbox 3209 4076 3449 4146; x_wconf 80' lang='grc' dir='ltr'>Χριστοῦ</span> <span class='ocrx_word' id='word_1_601' title='bbox 3483 4072 3720 4144; x_wconf 73' lang='grc' dir='ltr'>διατριϐῆς</span> 
     </span>
    </p>
   </div>
   <div class='ocr_carea' id='block_1_74' title="bbox 501 4163 2017 4239">
    <p class='ocr_par' dir='ltr' id='par_1_74' title="bbox 501 4164 2017 4234">
     <span class='ocr_line' id='line_1_74' title="bbox 501 4164 2017 4234; baseline -0.002 -13"><span class='ocrx_word' id='word_1_602' title='bbox 501 4173 753 4221; x_wconf 87' lang='lat' dir='ltr'><strong>accurata</strong></span> <span class='ocrx_word' id='word_1_603' title='bbox 775 4180 999 4234; x_wconf 86' lang='lat' dir='ltr'><strong>prorsus</strong></span> <span class='ocrx_word' id='word_1_604' title='bbox 1021 4179 1082 4218; x_wconf 90' lang='lat' dir='ltr'><strong>ac</strong></span> <span class='ocrx_word' id='word_1_605' title='bbox 1095 4164 1331 4233; x_wconf 79' lang='lat' dir='ltr'><strong>perfecta</strong></span> <span class='ocrx_word' id='word_1_606' title='bbox 1347 4165 1720 4219; x_wconf 85' lang='lat' dir='ltr'><strong>mediocritate</strong></span> <span class='ocrx_word' id='word_1_607' title='bbox 1739 4175 1843 4219; x_wconf 82' lang='lat' dir='ltr'><strong>tem</strong></span> <span class='ocrx_word' id='word_1_608' title='bbox 1853 4167 2017 4233; x_wconf 84' lang='lat' dir='ltr'><strong>perati</strong></span> 
     </span>
    </p>
   </div>
   <div class='ocr_carea' id='block_1_75' title="bbox 2204 4163 3720 4239">
    <p class='ocr_par' dir='ltr' id='par_1_75' title="bbox 2204 4163 3720 4239">
     <span class='ocr_line' id='line_1_75' title="bbox 2204 4163 3720 4239; baseline -0.004 -19"><span class='ocrx_word' id='word_1_609' title='bbox 2204 4169 2279 4220; x_wconf 75' lang='grc' dir='ltr'><strong>ιύκ</strong></span> <span class='ocrx_word' id='word_1_610' title='bbox 2307 4169 2504 4238; x_wconf 80' lang='grc' dir='ltr'>ἀσήμῳ</span> <span class='ocrx_word' id='word_1_611' title='bbox 2530 4168 2683 4239; x_wconf 75' lang='grc' dir='ltr'>ἀνδρὶ</span> <span class='ocrx_word' id='word_1_612' title='bbox 2707 4171 2800 4221; x_wconf 74' lang='grc' dir='ltr'>καὶ</span> <span class='ocrx_word' id='word_1_613' title='bbox 2850 4167 3006 4235; x_wconf 81' lang='grc' dir='ltr'>λόγος</span> <span class='ocrx_word' id='word_1_614' title='bbox 3037 4169 3232 4230; x_wconf 78' lang='grc' dir='ltr'>οἰκεῖος</span> <span class='ocrx_word' id='word_1_615' title='bbox 3286 4169 3675 4238; x_wconf 81' lang='grc' dir='ltr'>συγγέγραπται</span> <span class='ocrx_word' id='word_1_616' title='bbox 3699 4163 3720 4214; x_wconf 81' lang='grc' dir='ltr'><strong>ό</strong></span> 
     </span>
    </p>
   </div>
   <div class='ocr_carea' id='block_1_76' title="bbox 499 4253 2015 4331">
    <p class='ocr_par' dir='ltr' id='par_1_76' title="bbox 499 4253 2015 4331">
     <span class='ocr_line' id='line_1_76' title="bbox 499 4253 2015 4331; baseline 0.001 -23"><span class='ocrx_word' id='word_1_617' title='bbox 499 4255 660 4331; x_wconf 76' lang='lat'><strong>337</strong></span> <span class='ocrx_word' id='word_1_618' title='bbox 691 4253 794 4320; x_wconf 78' lang='lat' dir='ltr'><strong>Qui</strong></span> <span class='ocrx_word' id='word_1_619' title='bbox 823 4272 953 4309; x_wconf 87' lang='lat' dir='ltr'><strong>vero</strong></span> <span class='ocrx_word' id='word_1_620' title='bbox 978 4271 1137 4310; x_wconf 88' lang='lat' dir='ltr'><strong>secus</strong></span> <span class='ocrx_word' id='word_1_621' title='bbox 1166 4255 1356 4325; x_wconf 88' lang='lat' dir='ltr'><strong>nugari</strong></span> <span class='ocrx_word' id='word_1_622' title='bbox 1390 4255 1644 4318; x_wconf 84' lang='lat' dir='ltr'><strong>voluerit,</strong></span> <span class='ocrx_word' id='word_1_623' title='bbox 1687 4256 1846 4310; x_wconf 89' lang='lat' dir='ltr'><strong>nobis</strong></span> <span class='ocrx_word' id='word_1_624' title='bbox 1879 4257 1970 4310; x_wconf 86' lang='lat' dir='ltr'><strong>ille</strong></span> <span class='ocrx_word' id='word_1_625' title='bbox 1997 4274 2015 4309; x_wconf 84' lang='lat'><strong><em>\</em></strong></span> 
     </span>
    </p>
   </div>
   <div class='ocr_carea' id='block_1_77' title="bbox 2203 4253 3719 4331">
    <p class='ocr_par' dir='ltr' id='par_1_77' title="bbox 2203 4253 3719 4330">
     <span class='ocr_line' id='line_1_77' title="bbox 2203 4253 3719 4330; baseline 0.003 -19"><span class='ocrx_word' id='word_1_626' title='bbox 2203 4260 2314 4326; x_wconf 73' lang='grc' dir='ltr'>Ἱερὶ</span> <span class='ocrx_word' id='word_1_627' title='bbox 2345 4259 2455 4327; x_wconf 80' lang='grc' dir='ltr'>τῆς</span> <span class='ocrx_word' id='word_1_628' title='bbox 2496 4260 2664 4326; x_wconf 76' lang='grc' dir='ltr'>ὕλης,</span> <span class='ocrx_word' id='word_1_629' title='bbox 2710 4259 2768 4325; x_wconf 77' lang='grc' dir='ltr'>ἐξ</span> <span class='ocrx_word' id='word_1_630' title='bbox 2800 4253 2858 4313; x_wconf 74' lang='grc' dir='ltr'>οὗ</span> <span class='ocrx_word' id='word_1_631' title='bbox 2907 4258 3158 4330; x_wconf 88' lang='grc' dir='ltr'>μοιδοκῶ</span> <span class='ocrx_word' id='word_1_632' title='bbox 3218 4259 3417 4330; x_wconf 84' lang='grc' dir='ltr'>μέτρια</span> <span class='ocrx_word' id='word_1_633' title='bbox 3477 4257 3719 4330; x_wconf 79' lang='grc' dir='ltr'>χρησίμως</span> 
     </span>
    </p>
   </div>
   <div class='ocr_carea' id='block_1_78' title="bbox 499 4346 2015 4424">
    <p class='ocr_par' dir='ltr' id='par_1_78' title="bbox 499 4346 2015 4414">
     <span class='ocr_line' id='line_1_78' title="bbox 499 4346 2015 4414; baseline 0 -13"><span class='ocrx_word' id='word_1_634' title='bbox 499 4347 696 4402; x_wconf 86' lang='lat' dir='ltr'><strong>delicet</strong></span> <span class='ocrx_word' id='word_1_635' title='bbox 725 4348 908 4402; x_wconf 86' lang='lat' dir='ltr'><strong>omnia</strong></span> <span class='ocrx_word' id='word_1_636' title='bbox 955 4347 1217 4402; x_wconf 90' lang='lat' dir='ltr'><strong>continuo</strong></span> <span class='ocrx_word' id='word_1_637' title='bbox 1259 4357 1580 4403; x_wconf 70' lang='lat' dir='ltr'><strong>eaeterorum</strong></span> <span class='ocrx_word' id='word_1_638' title='bbox 1617 4346 1886 4402; x_wconf 83' lang='lat' dir='ltr'><strong>artiﬁcum</strong></span> <span class='ocrx_word' id='word_1_639' title='bbox 1934 4348 2015 4414; x_wconf 47' lang='lat' dir='ltr'><strong>0b,]</strong></span> 
     </span>
    </p>
   </div>
   <div class='ocr_carea' id='block_1_79' title="bbox 2203 4346 3719 4424">
    <p class='ocr_par' dir='ltr' id='par_1_79' title="bbox 2203 4349 3719 4424">
     <span class='ocr_line' id='line_1_79' title="bbox 2203 4349 3719 4424; baseline -0.001 -22"><span class='ocrx_word' id='word_1_640' title='bbox 2203 4351 2610 4423; x_wconf 77' lang='grc' dir='ltr'>ταραθὴσεσθαι,</span> <span class='ocrx_word' id='word_1_641' title='bbox 2659 4352 2717 4414; x_wconf 77' lang='grc' dir='ltr'>ἐς</span> <span class='ocrx_word' id='word_1_642' title='bbox 2770 4352 2969 4423; x_wconf 83' lang='grc' dir='ltr'>ἀκριϐῆ</span> <span class='ocrx_word' id='word_1_643' title='bbox 3035 4351 3128 4406; x_wconf 82' lang='grc' dir='ltr'>τοῦ</span> <span class='ocrx_word' id='word_1_644' title='bbox 3173 4352 3554 4424; x_wconf 80' lang='grc' dir='ltr'>προϐλήματος</span> <span class='ocrx_word' id='word_1_645' title='bbox 3599 4349 3719 4413; x_wconf 75' lang='grc' dir='ltr'>ἔλεγ-</span> 
     </span>
    </p>
   </div>
   <div class='ocr_carea' id='block_1_80' title="bbox 502 4437 2286 4512">
    <p class='ocr_par' dir='ltr' id='par_1_80' title="bbox 502 4437 2286 4512">
     <span class='ocr_line' id='line_1_80' title="bbox 502 4437 2286 4512; baseline 0.002 -20"><span class='ocrx_word' id='word_1_646' title='bbox 502 4437 609 4494; x_wconf 87' lang='lat' dir='ltr'><strong>ciet</strong></span> <span class='ocrx_word' id='word_1_647' title='bbox 632 4453 818 4508; x_wconf 85' lang='lat' dir='ltr'><strong>Opera,</strong></span> <span class='ocrx_word' id='word_1_648' title='bbox 847 4454 1080 4509; x_wconf 91' lang='lat' dir='ltr'><strong>quorum</strong></span> <span class='ocrx_word' id='word_1_649' title='bbox 1117 4439 1348 4503; x_wconf 89' lang='lat' dir='ltr'><strong>molitio,</strong></span> <span class='ocrx_word' id='word_1_650' title='bbox 1405 4439 1668 4494; x_wconf 90' lang='lat' dir='ltr'><strong>nonnulla</strong></span> <span class='ocrx_word' id='word_1_651' title='bbox 1715 4437 1959 4493; x_wconf 84' lang='lat' dir='ltr'><strong>materiae</strong></span> <span class='ocrx_word' id='word_1_652' title='bbox 1989 4439 2074 4494; x_wconf 89' lang='lat' dir='ltr'><strong>vel</strong></span> <span class='ocrx_word' id='word_1_653' title='bbox 2176 4460 2286 4512; x_wconf 85' lang='grc' dir='ltr'>χον.</span> 
     </span>
    </p>
   </div>
   <div class='ocr_carea' id='block_1_81' title="bbox 498 4534 3716 4607">
    <p class='ocr_par' dir='ltr' id='par_1_81' title="bbox 498 4534 3716 4607">
     <span class='ocr_line' id='line_1_81' title="bbox 498 4534 3716 4607; baseline -0.002 -15"><span class='ocrx_word' id='word_1_654' title='bbox 498 4535 836 4598; x_wconf 80' lang='lat' dir='ltr'><strong>accessione,</strong></span> <span class='ocrx_word' id='word_1_655' title='bbox 872 4534 954 4590; x_wconf 88' lang='lat' dir='ltr'><strong>vel</strong></span> <span class='ocrx_word' id='word_1_656' title='bbox 987 4535 1323 4589; x_wconf 89' lang='lat' dir='ltr'><strong>detractione</strong></span> <span class='ocrx_word' id='word_1_657' title='bbox 1350 4536 1544 4588; x_wconf 89' lang='lat' dir='ltr'><strong>melius</strong></span> <span class='ocrx_word' id='word_1_658' title='bbox 1574 4537 1732 4606; x_wconf 83' lang='lat' dir='ltr'><strong>vulgo</strong></span> <span class='ocrx_word' id='word_1_659' title='bbox 1759 4534 2079 4604; x_wconf 83' lang='lat' dir='ltr'><strong>feliciusque</strong></span> <span class='ocrx_word' id='word_1_660' title='bbox 2117 4538 2278 4591; x_wconf 89' lang='lat' dir='ltr'><strong>cedit.</strong></span> <span class='ocrx_word' id='word_1_661' title='bbox 2337 4536 2441 4590; x_wconf 90' lang='lat' dir='ltr'><strong>Sed</strong></span> <span class='ocrx_word' id='word_1_662' title='bbox 2495 4537 2754 4595; x_wconf 90' lang='lat' dir='ltr'><strong>nimirum</strong></span> <span class='ocrx_word' id='word_1_663' title='bbox 2815 4538 3056 4607; x_wconf 83' lang='lat' dir='ltr'><strong>argutias</strong></span> <span class='ocrx_word' id='word_1_664' title='bbox 3111 4538 3358 4607; x_wconf 87' lang='lat' dir='ltr'><strong>sophista</strong></span> <span class='ocrx_word' id='word_1_665' title='bbox 3399 4545 3615 4607; x_wconf 80' lang='lat' dir='ltr'><strong>quaerat,</strong></span> <span class='ocrx_word' id='word_1_666' title='bbox 3649 4548 3716 4587; x_wconf 83' lang='lat' dir='ltr'><strong>sa-</strong></span> 
     </span>
    </p>
   </div>
   <div class='ocr_carea' id='block_1_82' title="bbox 498 4631 3716 4702">
    <p class='ocr_par' dir='ltr' id='par_1_82' title="bbox 498 4631 3716 4702">
     <span class='ocr_line' id='line_1_82' title="bbox 498 4631 3716 4702; baseline 0 -18"><span class='ocrx_word' id='word_1_667' title='bbox 498 4632 653 4700; x_wconf 88' lang='lat' dir='ltr'><strong>piens</strong></span> <span class='ocrx_word' id='word_1_668' title='bbox 680 4631 732 4685; x_wconf 93' lang='lat' dir='ltr'><strong>in</strong></span> <span class='ocrx_word' id='word_1_669' title='bbox 757 4633 1003 4686; x_wconf 85' lang='lat' dir='ltr'><strong>rintanda</strong></span> <span class='ocrx_word' id='word_1_670' title='bbox 1043 4646 1226 4687; x_wconf 89' lang='lat' dir='ltr'><strong>rerum</strong></span> <span class='ocrx_word' id='word_1_671' title='bbox 1293 4633 1622 4686; x_wconf 88' lang='lat' dir='ltr'><strong>naturalium</strong></span> <span class='ocrx_word' id='word_1_672' title='bbox 1688 4631 1918 4685; x_wconf 84' lang='lat' dir='ltr'><strong>veritate</strong></span> <span class='ocrx_word' id='word_1_673' title='bbox 1955 4642 2224 4686; x_wconf 89' lang='lat' dir='ltr'><strong>versatur.</strong></span> <span class='ocrx_word' id='word_1_674' title='bbox 2269 4653 2286 4685; x_wconf 74' lang='grc' dir='ltr'><strong>ι</strong></span> <span class='ocrx_word' id='word_1_675' title='bbox 2323 4632 2396 4687; x_wconf 88' lang='lat' dir='ltr'><strong>Ita</strong></span> <span class='ocrx_word' id='word_1_676' title='bbox 2419 4632 2596 4688; x_wconf 84' lang='lat' dir='ltr'><strong>Philo.</strong></span> <span class='ocrx_word' id='word_1_677' title='bbox 2662 4634 2951 4698; x_wconf 81' lang='lat' dir='ltr'><strong>Caeterum,</strong></span> <span class='ocrx_word' id='word_1_678' title='bbox 2995 4634 3252 4702; x_wconf 88' lang='lat' dir='ltr'><strong>quoniam</strong></span> <span class='ocrx_word' id='word_1_679' title='bbox 3314 4633 3578 4688; x_wconf 77' lang='lat' dir='ltr'><strong>Maximus</strong></span> <span class='ocrx_word' id='word_1_680' title='bbox 3618 4644 3716 4698; x_wconf 47' lang='lat' dir='ltr'><strong>pro.</strong></span> 
     </span>
    </p>
   </div>
   <div class='ocr_carea' id='block_1_83' title="bbox 498 4708 3713 4795">
    <p class='ocr_par' dir='ltr' id='par_1_83' title="bbox 498 4708 3713 4795">
     <span class='ocr_line' id='line_1_83' title="bbox 498 4708 3713 4795; baseline -0.001 -17"><span class='ocrx_word' id='word_1_681' title='bbox 498 4724 676 4778; x_wconf 82' lang='lat' dir='ltr'><strong>l&#39;essor</strong></span> <span class='ocrx_word' id='word_1_682' title='bbox 720 4721 1049 4777; x_wconf 82' lang='lat' dir='ltr'><strong>Christianae</strong></span> <span class='ocrx_word' id='word_1_683' title='bbox 1098 4722 1377 4792; x_wconf 83' lang='lat' dir='ltr'><strong>religionis</strong></span> <span class='ocrx_word' id='word_1_684' title='bbox 1441 4740 1548 4778; x_wconf 86' lang='lat' dir='ltr'><strong>non</strong></span> <span class='ocrx_word' id='word_1_685' title='bbox 1637 4723 1926 4790; x_wconf 81' lang='lat' dir='ltr'><strong>obscurus,</strong></span> <span class='ocrx_word' id='word_1_686' title='bbox 1995 4723 2193 4780; x_wconf 88' lang='lat' dir='ltr'><strong>librum</strong></span> <span class='ocrx_word' id='word_1_687' title='bbox 2261 4708 2481 4795; x_wconf 86' lang='lat' dir='ltr'><strong>quoque</strong></span> <span class='ocrx_word' id='word_1_688' title='bbox 2535 4725 2864 4794; x_wconf 87' lang='lat' dir='ltr'><strong>singularem</strong></span> <span class='ocrx_word' id='word_1_689' title='bbox 2924 4740 2987 4779; x_wconf 87' lang='lat' dir='ltr'><strong>ac</strong></span> <span class='ocrx_word' id='word_1_690' title='bbox 3059 4724 3338 4794; x_wconf 89' lang='lat' dir='ltr'><strong>proprium</strong></span> <span class='ocrx_word' id='word_1_691' title='bbox 3393 4722 3470 4778; x_wconf 83' lang='lat' dir='ltr'><strong>De</strong></span> <span class='ocrx_word' id='word_1_692' title='bbox 3525 4718 3713 4774; x_wconf 66' lang='lat' dir='ltr'><strong>materia</strong></span> 
     </span>
    </p>
   </div>
   <div class='ocr_carea' id='block_1_84' title="bbox 565 4853 2013 4948">
    <p class='ocr_par' dir='ltr' id='par_1_84' title="bbox 565 4853 2013 4948">
     <span class='ocr_line' id='line_1_84' title="bbox 565 4853 2013 4948; baseline -0.001 -16"><span class='ocrx_word' id='word_1_693' title='bbox 565 4853 592 4923; x_wconf 32' lang='lat' dir='ltr'><strong>In</strong></span> <span class='ocrx_word' id='word_1_694' title='bbox 624 4880 712 4934; x_wconf 83' lang='grc' dir='ltr'>τσ.</span> <span class='ocrx_word' id='word_1_695' title='bbox 752 4878 900 4941; x_wconf 72' lang='grc' dir='ltr'>τούς.</span> <span class='ocrx_word' id='word_1_696' title='bbox 977 4877 1006 4918; x_wconf 71' lang='grc' dir='ltr'>δ</span> <span class='ocrx_word' id='word_1_697' title='bbox 1041 4877 1126 4930; x_wconf 72' lang='lat' dir='ltr'><strong>la.</strong></span> <span class='ocrx_word' id='word_1_698' title='bbox 1161 4876 1432 4946; x_wconf 83' lang='grc' dir='ltr'>τεχνίτας.</span> <span class='ocrx_word' id='word_1_699' title='bbox 1513 4886 1535 4914; x_wconf 77' lang='grc' dir='ltr'><strong><em>ο</em></strong></span> <span class='ocrx_word' id='word_1_700' title='bbox 1572 4877 1659 4932; x_wconf 82' lang='grc' dir='ltr'>ῖσ.</span> <span class='ocrx_word' id='word_1_701' title='bbox 1687 4877 1812 4929; x_wconf 84' lang='lat' dir='ltr'><strong>add.</strong></span> <span class='ocrx_word' id='word_1_702' title='bbox 1839 4877 1887 4928; x_wconf 87' lang='grc' dir='ltr'>εἰ</span> <span class='ocrx_word' id='word_1_703' title='bbox 1922 4879 2013 4948; x_wconf 84' lang='grc' dir='ltr'>μή.</span> 
     </span>
    </p>
   </div>
   <div class='ocr_carea' id='block_1_85' title="bbox 492 5006 3710 5093">
    <p class='ocr_par' dir='ltr' id='par_1_85' title="bbox 492 5006 3710 5093">
     <span class='ocr_line' id='line_1_85' title="bbox 492 5006 3710 5093; baseline -0.002 -18"><span class='ocrx_word' id='word_1_704' title='bbox 492 5031 622 5093; x_wconf 80' lang='lat' dir='ltr'><strong>ante</strong></span> <span class='ocrx_word' id='word_1_705' title='bbox 654 5021 838 5074; x_wconf 90' lang='lat' dir='ltr'><strong>omnia</strong></span> <span class='ocrx_word' id='word_1_706' title='bbox 867 5033 1103 5093; x_wconf 76' lang='lat' dir='ltr'><strong>creatam</strong></span> <span class='ocrx_word' id='word_1_707' title='bbox 1128 5035 1271 5081; x_wconf 87' lang='lat' dir='ltr'><strong>esse,</strong></span> <span class='ocrx_word' id='word_1_708' title='bbox 1297 5035 1361 5074; x_wconf 74' lang='lat' dir='ltr'><strong>ex</strong></span> <span class='ocrx_word' id='word_1_709' title='bbox 1391 5035 1502 5093; x_wconf 79' lang='lat' dir='ltr'><strong>qua</strong></span> <span class='ocrx_word' id='word_1_710' title='bbox 1529 5019 1725 5074; x_wconf 88' lang='lat' dir='ltr'><strong>deinde</strong></span> <span class='ocrx_word' id='word_1_711' title='bbox 1752 5021 2068 5093; x_wconf 52' lang='lat' dir='ltr'><strong>praeclaram</strong></span> <span class='ocrx_word' id='word_1_712' title='bbox 2107 5032 2148 5085; x_wconf 84' lang='grc' dir='ltr'><strong>ι)</strong></span> <span class='ocrx_word' id='word_1_713' title='bbox 2179 5029 2231 5093; x_wconf 81' lang='lat' dir='ltr'><strong>et</strong></span> <span class='ocrx_word' id='word_1_714' title='bbox 2279 5017 2580 5093; x_wconf 65' lang='lat' dir='ltr'><strong>Xenophon</strong></span> <span class='ocrx_word' id='word_1_715' title='bbox 2602 5058 2616 5081; x_wconf 90' lang='lat'><strong>,</strong></span> <span class='ocrx_word' id='word_1_716' title='bbox 2656 5027 2848 5093; x_wconf 79' lang='lat' dir='ltr'><strong>poetas</strong></span> <span class='ocrx_word' id='word_1_717' title='bbox 2895 5016 3165 5071; x_wconf 90' lang='lat' dir='ltr'><strong>interdum</strong></span> <span class='ocrx_word' id='word_1_718' title='bbox 3200 5023 3369 5070; x_wconf 86' lang='lat' dir='ltr'><strong>amat.</strong></span> <span class='ocrx_word' id='word_1_719' title='bbox 3419 5013 3580 5093; x_wconf 72' lang='lat' dir='ltr'><strong>Porro</strong></span> <span class='ocrx_word' id='word_1_720' title='bbox 3608 5006 3710 5062; x_wconf 73' lang='lat' dir='ltr'><strong>illud</strong></span> 
     </span>
    </p>
   </div>
   <div class='ocr_carea' id='block_1_86' title="bbox 493 5087 3705 5163">
    <p class='ocr_par' dir='ltr' id='par_1_86' title="bbox 493 5087 3705 5163">
     <span class='ocr_line' id='line_1_86' title="bbox 493 5087 3705 5163; baseline -0.003 -17"><span class='ocrx_word' id='word_1_721' title='bbox 493 5091 641 5147; x_wconf 92' lang='lat' dir='ltr'><strong>illam</strong></span> <span class='ocrx_word' id='word_1_722' title='bbox 673 5107 838 5160; x_wconf 91' lang='lat' dir='ltr'><strong>quam</strong></span> <span class='ocrx_word' id='word_1_723' title='bbox 876 5089 1153 5146; x_wconf 85' lang='lat' dir='ltr'><strong>cernimus</strong></span> <span class='ocrx_word' id='word_1_724' title='bbox 1183 5105 1364 5144; x_wconf 87' lang='lat' dir='ltr'><strong>rerum</strong></span> <span class='ocrx_word' id='word_1_725' title='bbox 1394 5087 1707 5145; x_wconf 80' lang='lat' dir='ltr'><strong>varietatem</strong></span> <span class='ocrx_word' id='word_1_726' title='bbox 1740 5087 1804 5146; x_wconf 82' lang='lat' dir='ltr'><strong>ac</strong></span> <span class='ocrx_word' id='word_1_727' title='bbox 1835 5091 2070 5160; x_wconf 84' lang='lat' dir='ltr'><strong>speciem</strong></span> <span class='ocrx_word' id='word_1_728' title='bbox 2182 5091 2284 5143; x_wconf 81' lang='grc' dir='ltr'><strong>οὐκ</strong></span> <span class='ocrx_word' id='word_1_729' title='bbox 2315 5089 2378 5142; x_wconf 83' lang='grc' dir='ltr'><strong>ἂν</strong></span> <span class='ocrx_word' id='word_1_730' title='bbox 2413 5089 2623 5163; x_wconf 71' lang='grc' dir='ltr'>φθανοι,</span> <span class='ocrx_word' id='word_1_731' title='bbox 2659 5099 2786 5151; x_wconf 87' lang='lat' dir='ltr'><strong>etc.,</strong></span> <span class='ocrx_word' id='word_1_732' title='bbox 2818 5087 2962 5163; x_wconf 83' lang='lat' dir='ltr'><strong>hunc</strong></span> <span class='ocrx_word' id='word_1_733' title='bbox 2983 5101 3201 5163; x_wconf 80' lang='lat' dir='ltr'><strong>quoque</strong></span> <span class='ocrx_word' id='word_1_734' title='bbox 3232 5101 3451 5139; x_wconf 89' lang='lat' dir='ltr'><strong>sensum</strong></span> <span class='ocrx_word' id='word_1_735' title='bbox 3483 5087 3705 5163; x_wconf 29' lang='lat' dir='ltr'><strong>pati-ipos-</strong></span> 
     </span>
    </p>
   </div>
   <div class='ocr_carea' id='block_1_87' title="bbox 489 5150 3707 5227">
    <p class='ocr_par' dir='ltr' id='par_1_87' title="bbox 489 5150 3707 5227">
     <span class='ocr_line' id='line_1_87' title="bbox 489 5150 3707 5227; baseline -0.007 -7"><span class='ocrx_word' id='word_1_736' title='bbox 489 5150 760 5220; x_wconf 50' lang='lat' dir='ltr'><strong>oduxer&#39;it.</strong></span> <span class='ocrx_word' id='word_1_737' title='bbox 1865 5150 1880 5160; x_wconf 71' lang='grc'><strong>’</strong></span> <span class='ocrx_word' id='word_1_738' title='bbox 2184 5172 2285 5223; x_wconf 83' lang='lat' dir='ltr'><strong>set,</strong></span> <span class='ocrx_word' id='word_1_739' title='bbox 2333 5170 2388 5212; x_wconf 85' lang='lat' dir='ltr'><strong>ut</strong></span> <span class='ocrx_word' id='word_1_740' title='bbox 2415 5150 2682 5226; x_wconf 65' lang='lat' dir='ltr'><strong>artiﬁcum</strong></span> <span class='ocrx_word' id='word_1_741' title='bbox 2724 5159 2958 5210; x_wconf 79' lang='lat' dir='ltr'><strong>omnium</strong></span> <span class='ocrx_word' id='word_1_742' title='bbox 2999 5150 3210 5226; x_wconf 67' lang='lat' dir='ltr'><strong>objiciat</strong></span> <span class='ocrx_word' id='word_1_743' title='bbox 3241 5173 3432 5224; x_wconf 82' lang='lat' dir='ltr'><strong>opera,</strong></span> <span class='ocrx_word' id='word_1_744' title='bbox 3480 5150 3603 5207; x_wconf 74' lang='lat' dir='ltr'><strong>nihil</strong></span> <span class='ocrx_word' id='word_1_745' title='bbox 3631 5165 3707 5227; x_wconf 69' lang='grc' dir='ltr'>ιιι·</span> 
     </span>
    </p>
   </div>
   <div class='ocr_carea' id='block_1_88' title="bbox 566 5227 2082 5316">
    <p class='ocr_par' dir='ltr' id='par_1_88' title="bbox 566 5228 2076 5316">
     <span class='ocr_line' id='line_1_88' title="bbox 566 5228 2076 5316; baseline -0.002 -29"><span class='ocrx_word' id='word_1_746' title='bbox 566 5234 678 5316; x_wconf 72' lang='grc'><strong>(90)</strong></span> <span class='ocrx_word' id='word_1_747' title='bbox 726 5235 1017 5316; x_wconf 54' lang='grc' dir='ltr'>Ἕλαττοτ</span> <span class='ocrx_word' id='word_1_748' title='bbox 1075 5228 1480 5316; x_wconf 71' lang='grc' dir='ltr'>προστιθέναι.</span> <span class='ocrx_word' id='word_1_749' title='bbox 1562 5229 1770 5316; x_wconf 79' lang='lat' dir='ltr'><strong>Sensus</strong></span> <span class='ocrx_word' id='word_1_750' title='bbox 1836 5231 2076 5316; x_wconf 67' lang='lat' dir='ltr'><strong>postulat</strong></span> 
     </span>
    </p>
   </div>
   <div class='ocr_carea' id='block_1_89' title="bbox 2188 5227 3704 5316">
    <p class='ocr_par' dir='ltr' id='par_1_89' title="bbox 2188 5227 3704 5316">
     <span class='ocr_line' id='line_1_89' title="bbox 2188 5227 3704 5316; baseline -0.003 -34"><span class='ocrx_word' id='word_1_751' title='bbox 2188 5246 2344 5316; x_wconf 65' lang='lat' dir='ltr'><strong>quam</strong></span> <span class='ocrx_word' id='word_1_752' title='bbox 2373 5231 2577 5310; x_wconf 64' lang='lat' dir='ltr'><strong>emeret.</strong></span> <span class='ocrx_word' id='word_1_753' title='bbox 2623 5228 2679 5281; x_wconf 90' lang='lat' dir='ltr'><strong>In</strong></span> <span class='ocrx_word' id='word_1_754' title='bbox 2713 5245 2784 5316; x_wconf 53' lang='lat' dir='ltr'><strong>eo.</strong></span> <span class='ocrx_word' id='word_1_755' title='bbox 2823 5227 3244 5316; x_wconf 48' lang='lat' dir='ltr'><strong>tamenpliaareo,</strong></span> <span class='ocrx_word' id='word_1_756' title='bbox 3267 5234 3704 5316; x_wconf 37' lang='lat' dir='ltr'><strong>quatitAeprfgf_llg</strong></span> 
     </span>
    </p>
   </div>
   <div class='ocr_carea' id='block_1_90' title="bbox 491 5289 3705 5375">
    <p class='ocr_par' dir='ltr' id='par_1_90' title="bbox 491 5289 3705 5375">
     <span class='ocr_line' id='line_1_90' title="bbox 491 5289 3705 5375; baseline -0.005 -20"><span class='ocrx_word' id='word_1_757' title='bbox 491 5289 736 5375; x_wconf 55' lang='grc' dir='ltr'>ἐλάττονι</span> <span class='ocrx_word' id='word_1_758' title='bbox 780 5304 1028 5375; x_wconf 82' lang='grc' dir='ltr'>προστιθ.</span> <span class='ocrx_word' id='word_1_759' title='bbox 1086 5289 1144 5356; x_wconf 64' lang='lat' dir='ltr'><strong>ut</strong></span> <span class='ocrx_word' id='word_1_760' title='bbox 1178 5314 1483 5372; x_wconf 85' lang='lat' dir='ltr'><strong>opponatur</strong></span> <span class='ocrx_word' id='word_1_761' title='bbox 1520 5303 1768 5371; x_wconf 87' lang='lat' dir='ltr'><strong>sequenti</strong></span> <span class='ocrx_word' id='word_1_762' title='bbox 1803 5289 2066 5367; x_wconf 70' lang='lat' dir='ltr'><strong>nieutbro,</strong></span> <span class='ocrx_word' id='word_1_763' title='bbox 2179 5289 2323 5375; x_wconf 63' lang='lat' dir='ltr'><strong>quod</strong></span> <span class='ocrx_word' id='word_1_764' title='bbox 2372 5289 2439 5375; x_wconf 55' lang='lat' dir='ltr'><strong>is,</strong></span> <span class='ocrx_word' id='word_1_765' title='bbox 2483 5315 2605 5352; x_wconf 89' lang='lat' dir='ltr'><strong>tneo</strong></span> <span class='ocrx_word' id='word_1_766' title='bbox 2657 5298 2874 5375; x_wconf 78' lang='lat' dir='ltr'><strong>quidem</strong></span> <span class='ocrx_word' id='word_1_767' title='bbox 2921 5297 3164 5373; x_wconf 84' lang='lat' dir='ltr'><strong>judicio,</strong></span> <span class='ocrx_word' id='word_1_768' title='bbox 3223 5289 3344 5375; x_wconf 76' lang='lat' dir='ltr'><strong>cum</strong></span> <span class='ocrx_word' id='word_1_769' title='bbox 3394 5289 3705 5375; x_wconf 68' lang='lat' dir='ltr'><strong>sequentibus</strong></span> 
     </span>
    </p>
   </div>
   <div class='ocr_carea' id='block_1_91' title="bbox 491 5367 2007 5447">
    <p class='ocr_par' dir='ltr' id='par_1_91' title="bbox 491 5367 1616 5447">
     <span class='ocr_line' id='line_1_91' title="bbox 491 5367 1616 5447; baseline 0 0"><span class='ocrx_word' id='word_1_770' title='bbox 491 5367 852 5447; x_wconf 55' lang='grc' dir='ltr'>ὥςπερφττῆὲ</span> <span class='ocrx_word' id='word_1_771' title='bbox 879 5374 1152 5447; x_wconf 70' lang='grc' dir='ltr'><strong>ἀφαιρεῖν·</strong></span> <span class='ocrx_word' id='word_1_772' title='bbox 1377 5440 1421 5447; x_wconf 92' lang='lat'><strong>__</strong></span> <span class='ocrx_word' id='word_1_773' title='bbox 1597 5367 1616 5371; x_wconf 70' lang='grc'><strong><em>“</em></strong></span> 
     </span>
    </p>
   </div>
   <div class='ocr_carea' id='block_1_92' title="bbox 2188 5367 3704 5447">
    <p class='ocr_par' dir='ltr' id='par_1_92' title="bbox 2188 5367 3704 5447">
     <span class='ocr_line' id='line_1_92' title="bbox 2188 5367 3704 5447; baseline -0.007 -24"><span class='ocrx_word' id='word_1_774' title='bbox 2188 5367 2314 5447; x_wconf 73' lang='grc' dir='ltr'>ἀλλὰ</span> <span class='ocrx_word' id='word_1_775' title='bbox 2353 5369 2456 5442; x_wconf 60' lang='grc' dir='ltr'>γὰρ</span> <span class='ocrx_word' id='word_1_776' title='bbox 2492 5368 2802 5431; x_wconf 77' lang='grc' dir='ltr'>σοφιστείας</span> <span class='ocrx_word' id='word_1_777' title='bbox 2822 5408 2838 5433; x_wconf 89' lang='grc'><strong>,</strong></span> <span class='ocrx_word' id='word_1_778' title='bbox 2868 5382 2974 5422; x_wconf 87' lang='lat' dir='ltr'><strong>etc.</strong></span> <span class='ocrx_word' id='word_1_779' title='bbox 3001 5406 3016 5431; x_wconf 91' lang='lat'><strong>,</strong></span> <span class='ocrx_word' id='word_1_780' title='bbox 3063 5367 3360 5438; x_wconf 74' lang='lat' dir='ltr'><strong>elegantius</strong></span> <span class='ocrx_word' id='word_1_781' title='bbox 3387 5367 3704 5426; x_wconf 82' lang='lat' dir='ltr'><strong>ornatiusqu</strong></span> 
     </span>
    </p>
   </div>
   <div class='ocr_carea' id='block_1_93' title="bbox 565 5440 2081 5515">
    <p class='ocr_par' dir='ltr' id='par_1_93' title="bbox 565 5440 2070 5515">
     <span class='ocr_line' id='line_1_93' title="bbox 565 5440 2070 5515; baseline 0 -19"><span class='ocrx_word' id='word_1_782' title='bbox 565 5440 678 5515; x_wconf 80' lang='grc'><strong>(91)</strong></span> <span class='ocrx_word' id='word_1_783' title='bbox 706 5440 963 5498; x_wconf 43' lang='lat' dir='ltr'><strong>&quot;Adam?</strong></span> <span class='ocrx_word' id='word_1_784' title='bbox 989 5440 1342 5508; x_wconf 65' lang='grc' dir='ltr'>ἐπαινετοῖς.</span> <span class='ocrx_word' id='word_1_785' title='bbox 1377 5440 1679 5515; x_wconf 85' lang='lat' dir='ltr'><strong>Utramque</strong></span> <span class='ocrx_word' id='word_1_786' title='bbox 1717 5457 1930 5507; x_wconf 90' lang='lat' dir='ltr'><strong>vocem,</strong></span> <span class='ocrx_word' id='word_1_787' title='bbox 1975 5449 2070 5496; x_wconf 89' lang='lat' dir='ltr'><strong>aut</strong></span> 
     </span>
    </p>
   </div>
   <div class='ocr_carea' id='block_1_94' title="bbox 2124 5440 3640 5515">
    <p class='ocr_par' dir='ltr' id='par_1_94' title="bbox 2180 5440 3640 5515">
     <span class='ocr_line' id='line_1_94' title="bbox 2180 5440 3640 5515; baseline 0 0"><span class='ocrx_word' id='word_1_788' title='bbox 2180 5440 2467 5515; x_wconf 53' lang='grc' dir='ltr'><strong>θοθέῗθὲδὲ·</strong></span> <span class='ocrx_word' id='word_1_789' title='bbox 2501 5508 2551 5515; x_wconf 55' lang='grc' dir='ltr'>μ.</span> <span class='ocrx_word' id='word_1_790' title='bbox 2693 5507 2744 5515; x_wconf 78' lang='grc'><strong>-,</strong></span> <span class='ocrx_word' id='word_1_791' title='bbox 2802 5506 2846 5515; x_wconf 91' lang='grc'>-.</span> <span class='ocrx_word' id='word_1_792' title='bbox 2939 5509 2954 5515; x_wconf 88' lang='grc'><strong>-</strong></span> <span class='ocrx_word' id='word_1_793' title='bbox 3171 5508 3182 5515; x_wconf 93' lang='grc'><strong>.</strong></span> <span class='ocrx_word' id='word_1_794' title='bbox 3262 5507 3276 5515; x_wconf 91' lang='grc'><strong>.</strong></span> <span class='ocrx_word' id='word_1_795' title='bbox 3319 5505 3342 5515; x_wconf 62' lang='grc' dir='ltr'>η</span> <span class='ocrx_word' id='word_1_796' title='bbox 3391 5505 3402 5515; x_wconf 94' lang='grc'><strong>.</strong></span> <span class='ocrx_word' id='word_1_797' title='bbox 3571 5501 3581 5510; x_wconf 93' lang='grc'><strong>.</strong></span> <span class='ocrx_word' id='word_1_798' title='bbox 3632 5497 3640 5515; x_wconf 67' lang='lat'>.</span> 
     </span>
    </p>
   </div>
   <div class='ocr_carea' id='block_1_95' title="bbox 492 5495 2008 5582">
    <p class='ocr_par' dir='ltr' id='par_1_95' title="bbox 492 5495 1929 5582">
     <span class='ocr_line' id='line_1_95' title="bbox 492 5495 1929 5582; baseline -0.003 -12"><span class='ocrx_word' id='word_1_799' title='bbox 492 5495 682 5570; x_wconf 56' lang='lat' dir='ltr'><strong>sal‘tenli</strong></span> <span class='ocrx_word' id='word_1_800' title='bbox 715 5515 1016 5578; x_wconf 77' lang='grc' dir='ltr'>ἐπαινετοῖς</span> <span class='ocrx_word' id='word_1_801' title='bbox 1047 5517 1275 5569; x_wconf 87' lang='lat' dir='ltr'><strong>libenter</strong></span> <span class='ocrx_word' id='word_1_802' title='bbox 1297 5495 1677 5582; x_wconf 53' lang='lat' dir='ltr'><strong>exputtxeri&#39;m.</strong></span> <span class='ocrx_word' id='word_1_803' title='bbox 1917 5495 1929 5507; x_wconf 67' lang='grc'><em>’</em></span> 
     </span>
    </p>
   </div>
   <div class='ocr_carea' id='block_1_96' title="bbox 2180 5495 3696 5582">
    <p class='ocr_par' dir='ltr' id='par_1_96' title="bbox 2180 5495 3696 5582">
     <span class='ocr_line' id='line_1_96' title="bbox 2180 5495 3696 5582; baseline -0.009 -19"><span class='ocrx_word' id='word_1_804' title='bbox 2180 5580 2221 5582; x_wconf 27' lang='grc' dir='ltr'>Η</span> <span class='ocrx_word' id='word_1_805' title='bbox 2253 5509 2360 5582; x_wconf 77' lang='grc'><strong>(95)</strong></span> <span class='ocrx_word' id='word_1_806' title='bbox 2391 5508 2639 5582; x_wconf 75' lang='grc' dir='ltr'>Μαξίμῳ</span> <span class='ocrx_word' id='word_1_807' title='bbox 2683 5507 2768 5582; x_wconf 55' lang='lat' dir='ltr'><strong>de.</strong></span> <span class='ocrx_word' id='word_1_808' title='bbox 2801 5506 3050 5582; x_wconf 67' lang='lat' dir='ltr'><strong>Nondum</strong></span> <span class='ocrx_word' id='word_1_809' title='bbox 3082 5508 3214 5582; x_wconf 74' lang='lat' dir='ltr'><strong>satis</strong></span> <span class='ocrx_word' id='word_1_810' title='bbox 3245 5501 3609 5582; x_wconf 29' lang='lat' dir='ltr'><strong>delinionaquis</strong></span> <span class='ocrx_word' id='word_1_811' title='bbox 3632 5495 3696 5582; x_wconf 67' lang='lat' dir='ltr'><strong>ille</strong></span> 
     </span>
    </p>
   </div>
   <div class='ocr_carea' id='block_1_97' title="bbox 563 5567 3691 5654">
    <p class='ocr_par' dir='ltr' id='par_1_97' title="bbox 563 5567 3691 5654">
     <span class='ocr_line' id='line_1_97' title="bbox 563 5567 3691 5654; baseline -0.006 -15"><span class='ocrx_word' id='word_1_812' title='bbox 563 5567 674 5654; x_wconf 74' lang='grc'><strong>(92)</strong></span> <span class='ocrx_word' id='word_1_813' title='bbox 710 5584 879 5638; x_wconf 68' lang='lat' dir='ltr'><strong>Attia</strong></span> <span class='ocrx_word' id='word_1_814' title='bbox 916 5567 1238 5654; x_wconf 53' lang='grc' dir='ltr'><strong>τιὸέῂένὸέι.</strong></span> <span class='ocrx_word' id='word_1_815' title='bbox 1268 5567 1585 5654; x_wconf 56' lang='lat' dir='ltr'><strong>Vix&#39;dubit-i</strong></span> <span class='ocrx_word' id='word_1_816' title='bbox 1615 5583 1745 5654; x_wconf 82' lang='lat' dir='ltr'><strong>quin</strong></span> <span class='ocrx_word' id='word_1_817' title='bbox 1792 5597 2065 5654; x_wconf 49' lang='lat' dir='ltr'><strong>.reponenf</strong></span> <span class='ocrx_word' id='word_1_818' title='bbox 2176 5567 2444 5635; x_wconf 73' lang='lat' dir='ltr'><strong>Maximus</strong></span> <span class='ocrx_word' id='word_1_819' title='bbox 2478 5567 2658 5654; x_wconf 67' lang='lat' dir='ltr'><strong>fuerit.</strong></span> <span class='ocrx_word' id='word_1_820' title='bbox 2693 5578 2821 5632; x_wconf 79' lang='lat' dir='ltr'><strong>Erat</strong></span> <span class='ocrx_word' id='word_1_821' title='bbox 2863 5580 3078 5654; x_wconf 64' lang='lat' dir='ltr'><strong>quidem</strong></span> <span class='ocrx_word' id='word_1_822' title='bbox 3129 5578 3394 5654; x_wconf 67' lang='lat' dir='ltr'><strong>Maximus</strong></span> <span class='ocrx_word' id='word_1_823' title='bbox 3429 5567 3691 5654; x_wconf 47' lang='lat' dir='ltr'><strong>Hierosolj-l</strong></span> 
     </span>
    </p>
   </div>
   <div class='ocr_carea' id='block_1_98' title="bbox 491 5640 2007 5724">
    <p class='ocr_par' dir='ltr' id='par_1_98' title="bbox 491 5640 2007 5724">
     <span class='ocr_line' id='line_1_98' title="bbox 491 5640 2007 5724; baseline -0.003 -16"><span class='ocrx_word' id='word_1_824' title='bbox 491 5640 621 5709; x_wconf 66' lang='lat' dir='ltr'><strong>duin</strong></span> <span class='ocrx_word' id='word_1_825' title='bbox 655 5640 758 5716; x_wconf 71' lang='lat' dir='ltr'><strong>sit,</strong></span> <span class='ocrx_word' id='word_1_826' title='bbox 788 5640 1229 5724; x_wconf 61' lang='grc' dir='ltr'>ἀνατιθέμενος,</span> <span class='ocrx_word' id='word_1_827' title='bbox 1262 5655 1344 5706; x_wconf 88' lang='lat' dir='ltr'><strong>vel</strong></span> <span class='ocrx_word' id='word_1_828' title='bbox 1370 5652 1526 5724; x_wconf 81' lang='grc' dir='ltr'>ἀντία</span> <span class='ocrx_word' id='word_1_829' title='bbox 1568 5640 1882 5722; x_wconf 59' lang='grc' dir='ltr'>τιθέμενος,</span> <span class='ocrx_word' id='word_1_830' title='bbox 1917 5667 2007 5724; x_wconf 71' lang='grc' dir='ltr'><strong>ψη</strong></span> 
     </span>
    </p>
   </div>
   <div class='ocr_carea' id='block_1_99' title="bbox 2178 5640 3694 5724">
    <p class='ocr_par' dir='ltr' id='par_1_99' title="bbox 2178 5640 3694 5724">
     <span class='ocr_line' id='line_1_99' title="bbox 2178 5640 3694 5724; baseline -0.006 -21"><span class='ocrx_word' id='word_1_831' title='bbox 2178 5666 2389 5724; x_wconf 71' lang='lat' dir='ltr'><strong>tuorum</strong></span> <span class='ocrx_word' id='word_1_832' title='bbox 2434 5651 2685 5724; x_wconf 73' lang='lat' dir='ltr'><strong>antistes,</strong></span> <span class='ocrx_word' id='word_1_833' title='bbox 2727 5640 2951 5724; x_wconf 82' lang='lat' dir='ltr'><strong>aequalis</strong></span> <span class='ocrx_word' id='word_1_834' title='bbox 2984 5647 3248 5724; x_wconf 58' lang='lat' dir='ltr'><strong>Eusebii;</strong></span> <span class='ocrx_word' id='word_1_835' title='bbox 3288 5645 3388 5724; x_wconf 72' lang='lat' dir='ltr'><strong>sed</strong></span> <span class='ocrx_word' id='word_1_836' title='bbox 3415 5640 3694 5724; x_wconf 40' lang='lat' dir='ltr'><strong>-vereor.hl_l_|</strong></span> 
     </span>
    </p>
   </div>
   <div class='ocr_carea' id='block_1_100' title="bbox 492 5711 3693 5798">
    <p class='ocr_par' dir='ltr' id='par_1_100' title="bbox 492 5711 3693 5798">
     <span class='ocr_line' id='line_1_100' title="bbox 492 5711 3693 5798; baseline -0.006 -15"><span class='ocrx_word' id='word_1_837' title='bbox 492 5725 652 5797; x_wconf 84' lang='lat' dir='ltr'><strong>paulo</strong></span> <span class='ocrx_word' id='word_1_838' title='bbox 683 5711 1109 5798; x_wconf 75' lang='grc' dir='ltr'>ποιητικώτερον</span> <span class='ocrx_word' id='word_1_839' title='bbox 1137 5711 1236 5780; x_wconf 73' lang='lat' dir='ltr'><strong>est.</strong></span> <span class='ocrx_word' id='word_1_840' title='bbox 1277 5724 1380 5779; x_wconf 87' lang='lat' dir='ltr'><strong>Sed</strong></span> <span class='ocrx_word' id='word_1_841' title='bbox 1406 5711 2059 5796; x_wconf 69' lang='lat' dir='ltr'><strong>Philo,quetnadinodutn</strong></span> <span class='ocrx_word' id='word_1_842' title='bbox 2174 5721 2322 5778; x_wconf 88' lang='lat' dir='ltr'><strong>hunc</strong></span> <span class='ocrx_word' id='word_1_843' title='bbox 2366 5736 2492 5776; x_wconf 84' lang='lat' dir='ltr'><strong>vere</strong></span> <span class='ocrx_word' id='word_1_844' title='bbox 2545 5711 2843 5774; x_wconf 78' lang='lat' dir='ltr'><strong>niaximum</strong></span> <span class='ocrx_word' id='word_1_845' title='bbox 2903 5721 3115 5775; x_wconf 67' lang='lat' dir='ltr'><strong>Arianae</strong></span> <span class='ocrx_word' id='word_1_846' title='bbox 3173 5715 3458 5788; x_wconf 86' lang='lat' dir='ltr'><strong>impietatis</strong></span> <span class='ocrx_word' id='word_1_847' title='bbox 3518 5711 3693 5764; x_wconf 82' lang='lat' dir='ltr'><strong>hostem</strong></span> 
     </span>
    </p>
   </div>
  </div>
