3838 6384
121 328 232 384 569..
1212 320 1535 377 eumpse.
1580 282 1832 380 nunc.
1870 324 1997 380 LIB.
2039 323 2150 379 vn.

3184 329 3293 387 ετο

121 437 312 508 scripsit,
339 435 480 506 juvat
507 453 572 492 ex
605 451 669 493 eo
720 437 979 494 nonnulla
1014 436 1258 508 proferre
1293 453 1414 508 qua:
1481 438 1548 493 ad
1581 439 1909 510 exquisitam
1957 439 2248 511 proposita
2305 439 2622 511 quaestionis
2663 438 3108 512 disceptationem
3163 459 3267 499 con

119 537 292 590 ducant.

549 626 944 679 ΚΕΦΑΛΑΙΟΝ
977 621 1106 679 KB'.

171 720 273 772 Ὅτι
292 716 370 786 μὴ
389 714 707 785 ἁγέννητος
733 721 770 787 ἡ
804 719 942 786 ὕλη,
971 720 1126 789 μηδὲ
1155 720 1356 774 κακῶν
1373 722 1550 775 αἰτία.

174 829 311 881 «Ὅτι
341 828 430 897 μὲν
455 826 710 881 ἀδύνατον
742 829 1005 902 ὑπάρχειν
1057 831 1329 902 ἀγέννητα
1361 831 1452 885 δύο
1481 832 1618 903 ἅμα,

117 919 270 972 οὖδέσε
303 919 502 986 ἀγνοεῖν
552 919 774 988 νομίζω,
833 923 880 974 εἰ
913 923 1006 975 καὶ
1044 921 1113 975 τὰ
1167 921 1402 993 μάλιστα.
1445 923 1622 988 δοκεῖς

119 1008 343 1081 προλαϐὼν
363 1007 517 1062 τοῦτο
542 1010 983 1081 προστεθεικέναι
1021 1012 1098 1082 τῷ
1129 1013 1291 1083 λόγῳ,
1321 1013 1382 1066 τὸ
1404 1012 1620 1077 πάντως

116 1103 160 1167 ἐξ
181 1103 385 1171 ἀνάγκης
409 1100 468 1154 τὸ
507 1101 696 1173 ἕτερον
725 1103 834 1156 δεῖν
861 1103 1057 1172 λέγειν,
1091 1104 1122 1175 ἥ
1169 1105 1249 1158 ὅτι
1294 1103 1620 1176 κεχώρισται

119 1195 199 1263 (94)
225 1195 303 1264 τῆς
337 1193 460 1264 ὕλης
478 1194 508 1246 ὁ
531 1194 688 1258 Θεὸς,
719 1195 751 1266 ἦ
781 1191 847 1248 αὖ
887 1195 1046 1248 πάλιν
1100 1197 1181 1249 ὅτι
1205 1197 1496 1268 ἀμέριστος
1524 1196 1622 1249 αὕ-

115 1285 445 1354 τῆςτυγχάνει.
495 1286 561 1339 Ei.
617 1288 715 1357 μὲν
757 1282 849 1340 οὖν
879 1287 1115 1358 ἡνῶσθαι
1145 1305 1228 1352 τις
1266 1289 1426 1342 αὐτὸν
1447 1290 1620 1341 εἰπεῖν

115 1376 257 1439 ὲθελοι,
277 1376 327 1428 ἓν
349 1376 406 1430 τὸ
441 1378 736 1449 ἀγέννητον
780 1379 941 1445 λέξει·
974 1381 1232 1452 ἑκάτερον
1266 1381 1372 1453 γάρ
1419 1381 1618 1434 τούτων

115 1468 235 1537 μέρος
264 1465 400 1520 ἔσται
420 1466 514 1520 τοῦ
547 1468 789 1539 πλησίον·
834 1469 1080 1540 ἀλλήλων
1127 1471 1184 1522 δὲ
1245 1472 1387 1543 μέρη
1415 1471 1619 1540 τυγχά-

115 1573 245 1618 νοντα,
269 1558 358 1609 οὐκ
404 1556 556 1610 ἔσται
613 1559 880 1630 ἀγέννητοι
918 1560 1031 1615 δύο.
1096 1561 1182 1624 Ὡς
1213 1561 1332 1614 οὐδὲ
1387 1561 1619 1632 διάφορα

116 1647 217 1714 μέρη
237 1647 804 1718 κατακερματιζόμενα
857 1650 937 1712 εἰς
995 1648 1163 1703 πολλά
1212 1651 1466 1722 γεννητά,
1504 1651 1618 1704 ἀλλ’

111 1737 164 1797 ib;
183 1737 205 1786 ὁ
227 1735 361 1802 λόγος
389 1737 630 1800 ἀπαιτεῖ,
683 1738 742 1791 ἓν
789 1755 838 1790 τι
888 1739 1162 1808 γεννητὸν,
1196 1741 1286 1794 τὸν
1315 1741 1616 1812 ἄνθρωπον,

112 1828 347 1899 πολυμερὲς
372 1829 504 1899 πρὸς
536 1829 635 1882 τοῦ
693 1830 824 1884 Θεοῦ
874 1832 1156 1900 γεγονέναι
1201 1835 1400 1904 φαμένο
1448 1832 1620 1897 οὕτως

110 1921 290 1987 ἀνάγκη,
333 1921 377 1972 εί
431 1920 506 1990 μὴ
541 1919 868 1993 κεχώρισται
892 1924 991 1993 τῆς
1036 1923 1165 1995 ὕλης
1213 1925 1242 1977 ὁ
1295 1925 1446 1988 Θεὸς,
1473 1924 1530 1978 ἓν
1559 1925 1619 1979 τὸ

111 2011 336 2080 ἀγέννητον
363 2007 499 2064 εἶναι
537 2012 739 2080 λέγειν.
768 2015 828 2066 Εἰ
849 2014 905 2067 δὲ
930 2015 1254 2086 κεχωρίσθαι
1309 2017 1468 2088 φήσει
1511 2034 1612 2081 τις,

109 2102 264 2171 ἀνάγκη
295 2097 422 2156 εἷναί
445 2119 497 2154 τι
533 2105 595 2157 τὸ
643 2102 744 2156 ἀνά
797 2103 959 2174 μέσον
990 2104 1332 2176 ἀμφοτέρων,
1363 2105 1499 2175 ὅπερ
1521 2106 1616 2158 καὶ

109 2193 173 2245 τὸν
195 2194 436 2264 χωρισμὸν
484 2195 671 2248 αὐτῶν
721 2195 1010 2251 δείκνυσιν.
1084 2197 1367 2250 Ἀδύνατον
1402 2197 1510 2268 γὰρ
1559 2199 1616 2251 ὲν

109 2284 322 2337 διαστάσει
350 2284 699 2351 ὲξετάζεσθαί
726 2305 775 2340 τι
801 2288 907 2340 ἀπό
937 2305 1100 2354 τινος,
1130 2289 1232 2341 οὐκ
1251 2287 1400 2351 ὄντος
1427 2287 1613 2359 ἑτέρου

110 2373 233 2428 καθἰἓ
259 2378 287 2446 ὴ
312 2375 588 2440 διάστασις
625 2377 884 2449 ἐκατέρου
935 2380 1158 2447 γίνεταιο
1201 2377 1336 2449 ὅπερ
1363 2379 1423 2431 οὐ
1452 2378 1615 2449 μέχρι

110 2466 245 2517 τούτου
275 2468 475 2520 ἵσταται
508 2469 605 2522 καὶ
639 2469 824 2539 μόνου,
853 2469 987 2522 ἀλλά
1021 2471 1115 2522 καὶ
1156 2469 1421 2522 πλείστων
1453 2471 1612 2523 ὅσων.

116 2558 182 2607 Ὃν
206 2558 295 2628 γὰρ
320 2560 405 2610 ἐπὶ
433 2560 542 2612 τῶν
570 2561 666 2613 δύο
695 2563 1000 2632 ἀγεννήτων
1034 2561 1258 2632 εἴπομεν
1282 2562 1457 2630 λόγον,
1492 2561 1616 2614 τοῦ-

108 2651 229 2714 τονὲξ
249 2652 474 2722 ἀνάγκης
511 2653 717 2722 ὁμοίως
769 2657 1092 2724 προχωρεῖν,
1145 2657 1194 2707 εἰ
1226 2653 1294 2707 τά
1347 2655 1617 2726 ἀγέννητα

107 2736 237 2808 δοθείη
258 2742 392 2808 τρία.
427 2744 534 2797 Καὶ
567 2743 680 2814 γάρ
705 2743 794 2794 ἐπὶ
822 2743 1022 2796 τούτων
1067 2745 1292 2815 ἐροίμην
1332 2744 1418 2808 ἂν,
1447 2749 1494 2797 εἰ
1525 2762 1617 2797 κεο

108 2832 309 2900 χώμτται
333 2835 594 2906 ἀλλήλων,
633 2835 665 2905 ἢ
724 2831 787 2888 αὕ
818 2835 976 2887 πάλιν
1032 2835 1258 2889 ἕκαστον
1299 2835 1503 2904 ἥνωται
1537 2835 1616 2906 τῷ

109 2923 297 2992 πλησίον.
332 2928 386 2979 Εἰ
445 2927 545 2997 μὲν
576 2927 689 2997 γὰρ
717 2926 950 2997 ἡνῶσθαι
975 2943 1056 2989 τις
1106 2927 1270 2991 εἴποι,
1316 2927 1426 2980 τὸν·
1455 2927 1616 2980 αὑτὸν

108 3018 275 3070 ἀκούσει
300 3019 368 3088 τῷ
401 3019 605 3090 πρώτῳ
641 3018 813 3085 λόγον·
847 3021 895 3072 εί
916 3019 960 3071 δ’
983 3015 1048 3073 αὖ
1078 3019 1236 3073 πάλιν
1265 3019 1612 3091 κεχωρίσθαι,

108 3105 149 3155 οὗ
178 3108 394 3174 φεύξεται
430 3111 527 3180 τὴν
553 3109 616 3175 ἐξ
636 3108 878 3178 ἀνάγκης
911 3108 1005 3162 τοῦ
1039 3108 1356 3179 χωρίζοντος
1379 3109 1614 3162 ὑπόσταο

112 3216 184 3251 σιν.
219 3203 298 3253 Ἀν
323 3201 376 3254 δὲ
404 3204 508 3274 ἄρα
535 3221 623 3266 τις
648 3203 741 3254 καὶ
760 3203 938 3273 τρίτον
970 3198 1107 3254 εἶναι
1144 3201 1286 3268 λέξει
1336 3200 1510 3270 λόγον,
1540 3202 1617 3267 ὡς

1647 633 1696 690 Α

2285 622 2517 680 CAPUT
2557 622 2724 680 XXII.

1724 717 2005 772 Materiam
2035 733 2126 772 nec
2155 725 2274 771 ortu
2299 733 2497 781 carere,
2522 732 2613 770 nec
2640 715 2898 769 malorum
2924 731 3138 769 causam
3162 730 3293 772 esse.

1800 850 1818 882 ι
1849 829 2136 902 Equidem,
2176 831 2355 902 inquit
2388 830 2498 897 ille,
2534 830 2645 884 duo
2680 828 2867 894 simul,
2896 843 3017 898 quas
3045 835 3166 882 ortu
3204 842 3290 883 ca-

1721 929 1898 985 reant,
1934 935 2057 976 esse
2087 936 2193 976 non
2229 936 2410 991 posse,
2436 919 2569 990 quin
2605 933 2819 972 mecum
2856 917 3146 986 intelligas,
3186 931 3292 970 non

1719 1013 1944 1080 dubito;
1974 1013 2100 1068 licet
2129 1013 2232 1068 hoc
2257 1027 2459 1083 ponere
2511 1010 2735 1080 insuper
2765 1019 2929 1080 atque
2972 1009 3172 1064 addere
3217 1009 3296 1061 vi-

1719 1105 1920 1170 dearis,
1951 1103 2218 1159 eduobus
2268 1102 2640 1158 necessarium
2681 1101 3002 1155 alterutrum
3061 1114 3202 1165 esse,
3235 1107 3296 1154 ut

1719 1196 1803 1251 vel
1829 1205 2144 1267 segregatus
2164 1211 2194 1249 a
2224 1195 2450 1249 materia
2475 1192 2641 1254 Deus,
2673 1192 2757 1247 vel
2784 1208 2909 1246 cum
2954 1191 3142 1246 eadem
3175 1206 3297 1246 om-

1720 1289 1852 1344 nino
1884 1289 2217 1356 conjunetus
2265 1304 2386 1343 esse
2435 1287 2672 1342 dicatur.
2707 1285 2809 1351 Qui
2840 1292 3100 1354 ergatam
3164 1298 3296 1338 con-

1715 1381 1970 1451 junctum
2009 1396 2132 1440 esse
2163 1381 2327 1444 volet,
2357 1381 2402 1434 is
2437 1396 2606 1434 unum
2641 1379 2907 1434 duntaxat
2929 1374 3133 1446 aliquid
3183 1382 3297 1429 sta-

1721 1481 1854 1537 tuet,
1891 1472 2036 1542 quod
2060 1480 2181 1527 ortu
2212 1478 2432 1538 careat;
2472 1480 2601 1525 tunc
2624 1470 2769 1524 enim
2802 1467 3027 1522 alterius
3062 1466 3294 1520 alterum

1719 1579 1846 1634 pars
1879 1563 2076 1633 utique
2113 1562 2272 1622 foret.
2330 1578 2451 1632 quze
2503 1578 2633 1616 vero
2685 1571 2929 1616 mutuam
2987 1560 3130 1615 inter
3174 1576 3297 1616 sese

1720 1659 1891 1727 partis
1919 1658 2182 1712 rationem
2240 1657 2460 1720 habent,
2494 1655 2706 1719 eadem,
2739 1669 2863 1724 quae
2895 1662 3018 1708 ortu
3047 1661 3294 1718 careant,

1720 1750 1828 1805 duo
1854 1749 2014 1804 simul
2035 1763 2157 1802 esse
2205 1763 2315 1802 non
2364 1753 2615 1813 possunt.
2669 1743 2802 1796 Nam
2830 1741 3292 1812 quemadmodum

1721 1841 1998 1896 hominem
2030 1839 2156 1893 sica
2191 1837 2301 1892 Deo
2334 1845 2677 1907 procreatum
2708 1848 2829 1889 esse
2854 1833 3111 1899 dicimus,
3147 1841 3207 1886 ut
3249 1831 3297 1887 is

1723 1950 1832 1988 non
1871 1933 1982 2003 jam
2012 1931 2242 1986 diversa:
2272 1937 2480 1999 partes,
2519 1937 2682 1995 atque
2737 1927 2790 1978 in
2812 1925 2965 1995 plura
3000 1924 3178 1995 genita
3221 1922 3300 1977 di-

1719 2034 1956 2086 stractae,
1990 2039 2201 2085 verum,
2237 2031 2296 2074 ut
2321 2021 2435 2089 ipsa
2465 2019 2602 2072 ratio
2627 2017 2882 2088 postulat,
2908 2031 2996 2070 res
3021 2031 3127 2070 una
3170 2014 3297 2085 qui-

1717 2117 1840 2171 dem
1869 2115 2048 2186 genita
2076 2113 2168 2178 sit,
2193 2112 2358 2166 variis
2392 2120 2570 2164 tamen
2607 2124 2671 2163 ex
2707 2108 2953 2178 partibus
2976 2107 3294 2171 constituta,

1718 2208 1799 2264 sic
1821 2221 2042 2262 necesse
2075 2206 2234 2275 plane
2251 2212 2356 2265 est,
2388 2201 2434 2256 si
2475 2199 2642 2254 Deum
2667 2215 2696 2252 a
2727 2198 2953 2252 materia
2986 2197 3292 2266 sejunctnm

1717 2313 1840 2354 esse
1867 2311 2056 2367 negas,
2077 2309 2245 2348 unum
2276 2294 2543 2347 duntaxat
2599 2289 2827 2358 aliquid,
2859 2287 3004 2358 quod
3052 2286 3294 2356 genitum

1718 2407 1824 2444 non
1855 2389 1946 2454 sit,
1977 2402 2289 2457 agnoscere.
2321 2385 2416 2439 Sin
2472 2383 2540 2437 ab
2589 2382 2776 2436 eadem
2839 2389 3111 2436 secretum
3175 2392 3296 2432 esse

1719 2481 1886 2542 voles,
1918 2480 2154 2533 medium
2184 2477 2496 2532 necessario
2534 2476 2791 2546 quiddam
2825 2475 2966 2528 inter
2998 2481 3297 2540 utrumque

1717 2571 2063 2626 statuendum
2121 2569 2244 2635 erit,
2291 2583 2402 2638 quo
2468 2568 2752 2637 utriusque
2784 2566 3069 2630 dissjdium
3113 2574 3296 2620 osten-

1715 2661 1896 2715 datur.
1934 2657 2044 2712 Nec
2075 2657 2218 2711 enim
2252 2657 2414 2710 unius
2443 2655 2511 2708 ab
2543 2655 2716 2708 altero
2757 2653 3052 2707 divortium
3086 2647 3284 2705 consti-

1716 2752 1792 2807 tui
1819 2749 2136 2820 dignoscive
2168 2756 2361 2817 potest,
2405 2746 2513 2801 nisi
2561 2747 2779 2800 tertium
2814 2743 3019 2813 aliquid
3064 2740 3293 2806 suberit,

1716 2859 1780 2898 ex
1815 2859 1924 2911 quo
1953 2839 2248 2894 divortium
2273 2839 2404 2891 illud
2434 2838 2755 2891 aestimetur.
2787 2833 2966 2902 Atque
3009 2831 3128 2886 haec
3155 2830 3294 2884 ratio

1717 2949 1824 2987 non
1860 2942 2070 2986 tantum
2097 2931 2179 2986 vel
2232 2932 2285 2983 in
2338 2930 2462 2994 hoc,
2500 2929 2579 2982 vel
2616 2928 2669 2981 in
2729 2941 2840 2980 uno
2868 2922 3149 2993 quopiam,
3197 2920 3292 2974 sed

1715 3027 1876 3081 etiam
1912 3024 1966 3078 in
1998 3022 2246 3092 pluribus
2275 3021 2458 3076 locum
2497 3020 2679 3073 habet.
2707 3016 2864 3082 Quod
2898 3015 3044 3070 enim
3064 3013 3131 3067 de
3152 3013 3294 3066 duo-

1716 3117 1819 3172 bus
1851 3125 1974 3171 ortu
2009 3115 2324 3170 carentibus
2360 3114 2565 3167 dictum
2595 3120 2700 3172 est,
2756 3109 2808 3164 id
2840 3107 3089 3161 similiter
3114 3105 3295 3160 valere

1717 3225 1939 3265 necesse
1963 3210 2086 3274 erit,
2106 3209 2151 3262 si
2185 3207 2286 3260 tria
2315 3214 2584 3276 ponentur
2617 3212 2740 3258 ortu
2769 3201 3032 3255 carentia.
3062 3195 3196 3251 Nam
3225 3195 3294 3250 de

111 3290 352 3359 ἀρμὲζοντα
383 3293 648 3363 περὶτῶν
683 3294 985 3362 ἀγεννήτων
1041 3291 1312 3360 λέγεσθαι,
1369 3293 1614 3346 τουτέστι

1721 3301 1826 3355 illis
1883 3299 2074 3354 eodem
2104 3299 2282 3374 Amodo
2331 3311 2594 3366 quamam,
2652 3304 2834 3347 utrttm
2889 3291 3160 3360 disjnneta
3203 3288 3292 3342 illa

109 3381 150 3431 τὸ
167 3381 224 3450 μὴ
244 3382 549 3454 κεχωρίσθαι
581 3385 681 3453 τῆς
711 3383 838 3453 ὕλης
880 3384 970 3436 τὸν
1001 3383 1151 3450 Θεὸν,
1209 3385 1334 3454 μήτ’
1364 3381 1428 3437 αὖ
1456 3384 1616 3437 πάλιν

109 3470 222 3532 ὠςὲν
250 3475 387 3542 μέρει
410 3474 675 3546 ἡνῶσθαι,
711 3470 848 3527 εἶναι
893 3473 948 3527 δὲ
982 3476 1229 3547 καθάπερ
1265 3477 1321 3528 ὲν
1355 3476 1504 3547 τόπῳ
1548 3478 1613 3546 τῇ

111 3561 182 3634 ὕλη
203 3563 277 3615 τὸν
298 3565 438 3629 Θεὸν,
469 3566 500 3636 ἦ
539 3566 638 3619 καὶ
688 3566 785 3637 τὴν
817 3566 947 3636 ὕλην
983 3569 1039 3619 ὲν
1083 3567 1160 3638 τῷ
1211 3567 1350 3636 Θεῷ,
1385 3568 1446 3620 τὸ
1493 3584 1618 3622 συν-

112 3654 200 3723 ἑχον
225 3659 461 3721 ἀκουέτω,
489 3661 598 3721 ὃτι,
631 3657 725 3711 ἐὰν
749 3658 910 3712 τόπον
947 3658 1040 3712 τοῦ
1069 3659 1203 3713 Θεοῦ
1258 3661 1358 3731 τὴν
1387 3659 1517 3731 ὕλην
1542 3660 1618 3713 εῖ-

111 3763 272 3815 τωμεν,
295 3750 348 3816 ἐξ
377 3752 623 3820 ἀνάγκης
662 3749 818 3802 αὐτὸν
842 3751 932 3804 καὶ
961 3751 1264 3821 χωρητικὸν
1295 3751 1405 3822 (95)
1440 3752 1617 3821 λέγειν

110 3835 180 3897 δεῖ,
204 3841 282 3891 καὶ
305 3841 428 3912 πρὸς
454 3843 553 3912 τῆς
589 3841 719 3912 ὕλης
772 3842 1262 3915 περιγραφόμενον.
1319 3842 1476 3896 Ἀλλὰ
1510 3845 1617 3915 μὴν

112 3929 178 3980 tui
204 3930 376 4000 ὁμοίως
415 3935 581 3987 αὑτὸν
638 3936 701 4003 τῇ
758 3932 857 4006 ὕλῃ
908 3933 1157 3998 ἀτάκτως
1195 3933 1475 4005 φέρεσθαι,
1541 3936 1616 4009 μὴ

113 4020 302 4076 ῖπασθαί
325 4043 379 4077 τε
415 4027 549 4096 μηδὲ
587 4027 766 4093 μένειν
819 4026 979 4079 αὑτὸν
1023 4027 1108 4095 ἐφ’
1135 4027 1326 4080 ἑαυτοῦ
1380 4028 1614 4100 ἀνάγκη,

113 4110 197 4172 τοῦ,
220 4116 268 4166 ἐν
293 4110 331 4183 ᾧ
355 4118 514 4178 ἐστιν,
574 4116 744 4170 ἄλλοτ’
779 4114 950 4180 ἄλλως
1011 4118 1329 4186 φερομένου.
1367 4119 1508 4190 Πρὸς
1561 4119 1616 4172 δὲ

113 4203 270 4270 tuitui;
317 4210 404 4262 καὶ
463 4212 520 4261 ἐν
574 4207 778 4278 χείροσι
811 4207 1089 4275 γεγονέναι
1151 4208 1240 4260 τὸν
1283 4209 1414 4262 Θεὸν
1445 4211 1616 4262 εἰπεῖν

113 4293 290 4368 ἀνάγκη.
319 4301 374 4351 Εἰ
398 4300 502 4370 γάρ
527 4296 598 4370 ἦν
626 4317 754 4352 ποτε
786 4300 1022 4369 ἄκοσμος
1046 4300 1078 4369 ἡ
1114 4298 1234 4370 ὕλη,
1264 4299 1534 4370 ἐκόσμησε
1560 4299 1616 4352 δὲ

114 4386 238 4455 αὑτὴν
254 4391 320 4450 εἰς
348 4389 404 4441 τὸ
425 4393 668 4460 κρεῖττον
698 4389 890 4459 τρέψαι
930 4387 1375 4461 προαιρούμενος,
1401 4385 1466 4460 ἦν
1489 4405 1615 4442 ποτε

115 4476 176 4527 ὅτε
199 4480 243 4530 ἐν
261 4482 572 4552 ἀκοσμήτοις
603 4477 669 4551 ἦν
691 4484 720 4534 ὁ
751 4482 902 4544 Θεός.
931 4482 1162 4545 Δικαίως
1189 4481 1233 4534 δ’
1269 4481 1334 4535 ἀν
1369 4481 1461 4535 καὶ
1490 4481 1615 4534 τοῦ-

117 4573 383 4645 τονέροίμην
426 4575 516 4628 τὸν
545 4575 720 4642 λόγον,
753 4573 977 4646 πότερον
1026 4574 1264 4646 ἐπλήρου
1310 4574 1406 4644 τὴν
1433 4573 1564 4644 ὕλην
1586 4575 1615 4626 ὁ

1716 3393 1845 3455 sint,
1871 3407 1938 3444 an
1971 3391 2182 3459 singula
2237 3389 2380 3442 inter
2404 3403 2525 3443 sese
2569 3386 2878 3455 conjuncta.
2915 3382 2972 3436 Si
2997 3380 3291 3449 conjuncta

1715 3483 1838 3552 quis
1860 3496 1981 3536 esse
2019 3479 2296 3544 defendet,
2351 3479 2494 3534 idem
2543 3491 2643 3546 ego
2693 3483 2905 3540 contra,
2937 3471 3081 3542 quod
3130 3469 3293 3540 paulo

1715 3586 1839 3630 ante
1879 3583 2261 3644 argumentum
2289 3586 2584 3642 Opponam.
2631 3567 2729 3621 Sin
2753 3567 3010 3621 distincta
3036 3562 3295 3618 fatebitur

1715 3681 1994 3735 nunquam
2031 3665 2177 3719 illius
2205 3663 2384 3734 quarti
2439 3661 2817 3716 necessitatem
2843 3656 3083 3726 etlugiet,
3140 3653 3288 3724 quod

1713 3757 1816 3813 hoc
1838 3757 2048 3812 dissidii
2099 3771 2271 3825 genus
2315 3751 2722 3821 eflieiat.338
2752 3749 2908 3816 Quod
2960 3747 3007 3802 si
3066 3749 3289 3801 tertium

1714 3849 1969 3920 quiddam
2002 3846 2294 3908 existimet,
2333 3846 2399 3899 de
2449 3844 2558 3898 illis
2612 3855 2735 3897 ortu
2770 3841 3089 3898 carentibus
3138 3856 3294 3895 com-

1714 3943 1874 3996 mode
1949 3940 2082 3994 satis
2148 3937 2463 4006 responderi
2555 3952 2754 4008 posse,
2812 3935 2982 3990 Deum
3045 3933 3296 3989 videlicet

1715 4053 1815 4090 nec
1872 4034 2086 4104 penitus
2165 4046 2195 4085 a
2281 4030 2511 4084 materia
2594 4036 2865 4083 secretum
2929 4043 3028 4082 nec
3110 4036 3291 4082 tamen

1715 4125 1886 4196 partis
1946 4123 1998 4177 in
2028 4137 2236 4177 morem
2292 4136 2416 4174 eum
2473 4120 2661 4174 eadem
2709 4134 2832 4173 esse
2898 4118 3289 4187 conjunctum;

1716 4217 1810 4274 sed
1848 4216 1931 4271 vel
1985 4215 2210 4270 materia
2239 4214 2433 4278 Deum,
2483 4212 2568 4266 vel
2614 4212 2899 4265 materiam
2935 4211 3106 4278 ipsam
3159 4209 3290 4276 Deo,

1718 4309 1798 4365 sic
1871 4317 2127 4377 tanquam
2181 4307 2304 4361 loco
2363 4303 2583 4372 proprio
2652 4300 2918 4355 contineri
2978 4317 2991 4352 :
3055 4315 3121 4353 ex
3187 4299 3292 4353 irae

1717 4399 1972 4467 opinione
1996 4410 2340 4464 consequens
2360 4393 2491 4446 illud
2517 4391 2741 4447 omnino
2776 4389 2962 4454 fuerit,
2995 4399 3074 4453 ut,
3103 4387 3147 4442 si
3197 4386 3291 4440 Dei

1715 4490 1896 4542 locum
1923 4487 2204 4540 materiam
2239 4499 2360 4538 esse
2391 4484 2663 4548 dicamus,
2688 4481 2939 4554 eumdem
2982 4477 3293 4533 necessario

1715 4590 1770 4635 et
1796 4579 1912 4648 capi
1949 4579 2019 4631 ab
2073 4577 2283 4646 aliqtto,
2338 4584 2393 4629 et
2462 4574 2690 4627 materia
2740 4573 2856 4642 ipsa
2915 4566 3291 4624 circumscribi

116 4662 274 4734 835,31",
301 4669 352 4718 ἐν
376 4667 526 4737 μέρει
551 4668 658 4719 τινὶ
684 4669 782 4737 τῆς
813 4667 943 4738 ὕλης
974 4663 1060 4738 ἦν.
1094 4668 1154 4719 Et
1182 4668 1279 4738 μὲν
1306 4663 1398 4720 οὖν
1437 4669 1494 4719 ὲν
1521 4668 1615 4738 μέ·-

1721 4688 1876 4745 posse
1897 4671 2183 4725 fateamur.
2215 4667 2358 4734 Quin
2389 4667 2552 4720 etiam
2580 4665 2730 4719 illum
2769 4677 2992 4718 necesse
3020 4661 3141 4725 erit,
3165 4674 3291 4727 per-

120 4768 176 4816 ρει
199 4759 281 4809 τινὶ
299 4760 388 4827 τῆς
413 4760 540 4830 ὕλης
570 4763 742 4814 εἰπεῖν
769 4778 853 4824 τις
883 4759 1054 4812 ἐθέλοι
1076 4760 1166 4811 τὸν
1184 4759 1335 4822 Θεὸν,
1368 4759 1612 4813 πλεῖστον

117 4843 204 4895 ὅσον
224 4849 508 4922 μικῴτερον
538 4851 635 4920 τῆς
664 4849 794 4921 ὕλης
823 4851 989 4919 λέγει·
1026 4852 1073 4903 εί
1103 4850 1157 4904 δὲ
1191 4851 1301 4918 (96)
1329 4851 1491 4922 μέρος
1518 4851 1613 4904 αὗ-

222 4940 319 4992 ὂλον
343 4944 608 5015 ἐχώρησεν
642 4945 819 4996 αὐτόν.
851 4945 911 4996 Et
959 4944 1002 4996 δ’
1033 4947 1090 4996 ὲν
1119 4945 1265 5016 πάσῃ
1297 4941 1435 4998 εἶναι
1465 4944 1612 5014 λέγοι

119 5029 165 5095 τῇ
191 5029 285 5104 ὕλῃ.
312 5034 418 5099 πῶς
440 5037 644 5109 ταύτην
665 5037 1011 5108 ἐδημιούργει
1038 5038 1324 5108 φραστέον.
1377 5038 1608 5109 Ἀνάγκη

123 5118 197 5190 ii?
224 5123 250 5192 ἦ
278 5127 514 5199 συστολὴν
545 5146 663 5182 τινα
681 5127 771 5180 τοῦ
801 5129 934 5182 Θεοῦ
959 5129 1154 5197 λέγειν,
1189 5123 1256 5199 ἧς
1295 5130 1611 5199 γενομένης,

122 5208 395 5288 ἐδημιούργει
426 5223 616 5285 ἐκεῖνο,
643 5221 734 5288 ἀφ’
757 5215 819 5275 οὕ
848 5219 1218 5292 ὑπεχώρησεν,
1249 5221 1280 5292 ἢ
1303 5222 1397 5275 καὶ
1425 5222 1614 5274 ἑαυτὸν

128 5305 172 5372 τῇ
192 5303 265 5376 ὕλῃ
290 5312 737 5386 συνδημιουργείν,
770 5313 870 5367 οὐκ
897 5313 1086 5384 ἔχοντα
1112 5315 1506 5388 ὑποχωρήσεως
1528 5316 1618 5370 τό·

128 5465 334 5548 ῆιίιηιιε
355 5473 598 5548 -ᾼτίοηυε
640 5473 906 5544 intelligat
933 5491 948 5527 :
981 5473 1195 5548 tametsi
1217 5471 1437 5548 _hunc,_
1459 5474 1612 5543 quis-

128 5541 215 5613 quis
239 5541 327 5605 sit,
355 5541 637 5599 Maximum
663 5586 678 5610 ,
713 5555 772 5597 ut
801 5541 964 5612 supra
1011 5542 1328 5613 Dionysium
1378 5541 1608 5598 Aleitan—

127 5599 307 5685 tirinum,
336 5615 454 5685 satis
482 5599 678 5684 frigide
702 5599 997 5685 appellarit.
1032 5599 1317 5677 Caeterum,
1350 5613 1606 5685 Dialogus

137 5666 441 5771 fuiltnthla'hq-e
463 5666 786 5771 ιιέιῗιςξίετῆἶ
804 5666 1198 5771 disn‘utatio,.tit
1220 5666 1411 5752 legenti
1437 5666 1600 5750 pa‘t’et;

185 5745 268 5817 (94)
295 5752 354 5806 Ἦ
376 5753 455 5807 ὅτι
487 5755 853 5824 κεχώρισται.
894 5745 1084 5810 Ῥι·ἱιηιι
1110 5745 1242 5809 haec
1266 5745 1603 5825 argumenta,

1720 4767 1844 4820 inde
1879 4773 1938 4817 ut
1965 4761 2274 4827 materiam,
2326 4758 2641 4829 perturbate
2695 4755 2857 4820 ferri;
2895 4769 2995 4808 nee
3037 4751 3289 4806 eumdem

1719 4857 1774 4910 in
1811 4870 1869 4908 se
1896 4852 2014 4922 ipso
2045 4865 2266 4905 manere
2299 4863 2515 4917 semper
2544 4847 2939 4913 immotumque
2963 4840 3288 4902 consistere,

1717 4963 1840 5002 cum
1871 4946 2023 5008 illud,
2059 4945 2112 4998 in
2130 4959 2239 5013 quo
2261 4941 2386 5005 erit,
2420 4941 2527 5002 huc
2561 4939 2800 5006 illucque
2824 4943 3083 5005 perpetuo
3107 4930 3290 5000 rapia-

1720 5050 1829 5096 tur.
1862 5039 1939 5093 Ad
1981 5039 2115 5101 haee,
2183 5037 2363 5089 locum
2396 5033 2449 5086 in
2484 5029 2848 5084 deterioribus
2889 5025 3056 5080 Deum
3110 5022 3288 5092 ipsum

1721 5131 1981 5187 habuisse
2007 5125 2416 5184 concedendum
2452 5122 2576 5176 erit.
2622 5117 2759 5174 Nam
2791 5119 2837 5173 si
2872 5117 3022 5172 rudis
3078 5116 3206 5171 olim
3238 5119 3294 5167 et

1721 5224 1997 5280 incondita
2027 5221 2252 5274 materia
2283 5216 2406 5282 fuit,
2441 5229 2673 5284 eamque
2696 5212 2836 5267 Deus
2883 5210 2938 5264 in
2992 5208 3292 5278 elegantio-

1719 5330 1834 5370 rem
1858 5323 1911 5368 et
1935 5309 2267 5368 ornatiorem
2303 5307 2538 5378 speciem
2565 5302 2912 5361 conformare
2949 5299 3156 5365 statuit,
3190 5295 3294 5354 fuit

1709 5469 1928 5526 nonnisi
1980 5468 2241 5523 adversus
2287 5478 2382 5518 eos
2414 5463 2506 5532 qui
2539 5474 2864 5530 corporeum
2913 5457 3085 5514 Deum
3118 5455 3289 5527 ﬁnge-

1709 5553 1846 5600 rent.
1877 5536 2133 5594 momenti
2162 5535 2455 5604 quidquam
2491 5532 2687 5604 habere
2711 5539 2958 5604 possunt.

1777 5613 1888 5682 (95)
1905 5601 2444 5682 menuxérilalirn
2460 5601 2703 5682 xwpqyév
2721 5616 2842 5681 eum
2857 5601 3027 5654 altero
3040 5612 3288 5682 nuce.

1788 5669 1896 5752 '(90')
1937 5669 2218 5752 [trifauci
2256 5673 2343 5727 δέ.
2387 5669 2715 5752 Ροὲιςλέγει
2762 5672 2939 5752 mitior
2989 5669 3289 5725 adhibenda

1713 5741 2084 5816 dis‘tittctiofet
2108 5747 2162 5801 δέ
2190 5746 2509 5801 mutandum
2543 5745 2594 5798 in
2623 5761 2706 5812 γε,
2738 5742 2818 5797 vel
2848 5741 2933 5814 δή.
