3838 6384
546 262 652 319 571

1196 254 1287 319 Εἰ]
1303 261 1476 319 SEBll
1520 262 1999 321 CESARIENSIS
2036 263 2186 319 OPP.
2230 261 2414 319 PARS
2450 261 2513 319 ll.
2556 291 2627 307 -ο
2669 204 3193 318 ΔΡΟΙΑΟΟΕΤῘΟΑ.,
3648 266 3724 322 ετξ

543 376 814 451 profecto,
850 391 974 432 cum
1008 374 1152 432 Deus
1183 375 1236 430 in
1271 376 1393 430 rudi
1433 385 1488 430 et
1516 376 1795 431 incondita
1829 377 1971 431 mole
1998 392 2122 431 ver-

2228 393 2346 428 πον.
2387 376 2449 428 Εἰ
2468 375 2524 428 δὲ
2546 375 2642 447 τὴν
2664 374 2794 446 ὑλην
2825 388 2881 427 εν
2910 372 2988 443 τῷ
3008 372 3127 444 Θεῷ
3153 366 3288 424 εἷναί
3314 387 3393 434 τις
3414 365 3555 438 λέξοι,
3579 360 3726 445 ὁμοίως

545 479 783 527 saretur.
807 466 1075 523 Praeterea
1112 468 1256 522 hunc
1281 467 1442 521 etiam
1481 466 1533 520 in
1563 468 1784 522 modum
1821 482 2015 539 urgere
2061 468 2128 522 1i-

544 570 686 627 ccat,
725 570 906 615 utrum
948 559 1093 615 Deus
1154 558 1438 613 materiam
1510 558 1761 628 impleret
1792 559 2125 624 universam,

545 667 616 706 an
648 652 703 706 in
739 652 921 720 aliqua
951 650 1217 705 duntaxat
1262 648 1382 718 ejus
1432 659 1586 719 parte.
1615 650 1912 705 collocatus
1963 659 2125 706 esset.

548 742 685 798 Nam
715 745 760 799 si
787 744 837 796 in
871 751 1027 813 parte
1086 742 1262 796 solum
1296 741 1467 798 fuisse
1493 742 1693 809 volent,
1727 742 1927 796 mirum
1963 758 2128 813 quam

550 836 924 907 angustiorem
954 833 1031 888 illi
1073 833 1232 889 nobis
1259 835 1485 889 materia
1516 832 1686 889 Deum
1741 833 1964 898 faciunt,
2001 850 2131 889 cum

550 943 680 999 pars
733 927 853 995 ejus
901 925 1082 995 aliqua
1132 923 1301 979 Deum
1359 925 1628 995 integrum
1650 926 1971 980 contineret.
2032 924 2127 981 Sin

547 1029 717 1075 totam
754 1019 822 1073 ab
848 1034 913 1072 eo
941 1017 1224 1073 materiam
1275 1026 1597 1088 occupatam
1628 1034 1748 1073 esse
1797 1018 1998 1084 dicent,
2048 1017 2128 1072 di-

547 1116 676 1165 cant
729 1109 830 1178 ipsi
881 1123 1119 1179 quoque,
1178 1110 1633 1178 quemadmodum
1681 1124 1800 1164 eam
1836 1109 2125 1163 elaborare

549 1199 695 1255 Deus
727 1214 790 1254 ac
809 1199 1077 1270 perpolire
1100 1199 1358 1269 potuerit.
1383 1199 1662 1269 Siquidem
1696 1210 1790 1254 aut
1813 1216 1931 1255 sese
1958 1198 2127 1255 Deum

544 1293 835 1362 collegisse
881 1307 1109 1349 necesse
1139 1292 1265 1357 erit,
1300 1292 1484 1363 itaque
1517 1302 1725 1363 partem
1765 1309 1883 1348 eam
1910 1292 2130 1348 confor-

549 1399 955 1454 masse,exqua
988 1393 1321 1450 secesserat;
1361 1394 1476 1450 aut,
1516 1386 1660 1456 quod
1697 1385 1823 1450 loci,
1865 1386 1920 1439 in
1963 1400 2124 1455 quem

552 1477 848 1541 secederet,
877 1474 1012 1528 nihil
1036 1475 1260 1530 omnino
1295 1485 1627 1545 superesset,
1651 1491 1775 1531 cum
1818 1476 2045 1531 materia
2069 1489 2128 1530 se

553 1565 730 1635 ipsum
765 1580 874 1620 una
905 1563 1295 1620 conformasse.
1329 1563 1446 1620 Jam
1475 1581 1626 1633 vero,
1674 1566 1719 1621 si
1761 1567 2039 1621 materiam
2070 1566 2124 1620 in

550 1656 661 1710 Deo
695 1671 815 1711 esse
843 1655 1227 1725 respondeant,
1255 1657 1605 1725 qurerendum
1653 1657 1906 1713 similiter
1937 1656 2124 1720 fuerit,

548 1744 731 1797 utrum‘
764 1743 843 1798 sic
895 1744 948 1797 in
989 1759 1055 1798 eo
1106 1750 1377 1798 statuatur
1400 1786 1415 1809 ,
1449 1753 1565 1798 uta
1594 1747 1773 1815 seipso
1804 1748 1963 1814 quasi
2020 1747 2128 1800 dis—
2158 1722 2198 1775 Β

543 1835 773 1904 junctus
803 1834 890 1887 ille
921 1834 1333 1905 distractusque
1386 1836 1476 1898 sit,
1512 1837 1787 1905 quomodo
1816 1838 1892 1893 sic
1920 1838 1973 1892 in
2002 1855 2127 1899 aere

550 1933 631 1979 tot
650 1925 1008 1979 animantium
1062 1940 1257 1995 genera
1307 1935 1613 1992 versantur,
1674 1936 1733 1981 ut
1785 1928 1924 1982 idem
1965 1932 2030 1985 ad
2062 1948 2123 1987 ea

550 2016 833 2085 capienda,
860 2030 981 2085 qua:
1016 2016 1070 2069 in
1102 2016 1220 2085 ipso
1253 2015 1409 2081 ﬁunt,
1466 2017 1703 2087 aliquam
1734 2020 1967 2089 partium
1999 2037 2127 2077 sua-

551 2122 673 2160 rum
722 2106 1046 2160 divisionem
1091 2106 1331 2175 patiatur
1361 2124 1374 2159 :
1404 2123 1471 2161 an
1516 2110 1718 2177 potius,
1754 2119 2009 2180 tanquam
2069 2115 2123 2169 in

550 2198 691 2263 loco,
726 2198 830 2253 hoc
851 2208 951 2261 est,
986 2205 1044 2251 ut
1075 2211 1216 2267 aqua
1242 2198 1295 2251 in
1335 2209 1477 2254 terra
1496 2201 1813 2257 collocatur.
1844 2202 1900 2257 Si
1936 2219 2126 2274 quem-

552 2291 846 2343 admodum
876 2289 929 2342 in
955 2304 1104 2355 aere,
1134 2289 1303 2344 Deum
1339 2290 1448 2360 jam
1480 2292 1765 2360 habemus,
1795 2295 1888 2363 qui
1925 2296 1979 2349 in
2001 2312 2126 2366 par-

550 2389 633 2436 tes
667 2379 897 2436 distrahi
930 2382 1214 2450 secariquc
1245 2383 1437 2451 possit.
1476 2382 1572 2438 Sin
1628 2393 1687 2440 ut
1722 2402 1864 2456 aqua
1892 2388 1945 2442 in
1979 2398 2123 2444 terra

549 2480 652 2538 est,
688 2472 914 2526 materia
948 2488 1076 2526 vero
1108 2480 1421 2542 perturbata
1452 2484 1615 2545 atque
1664 2477 1928 2549 indigesta
1983 2490 2121 2549 erat,

548 2565 795 2633 adeoque
828 2564 969 2617 mala
997 2564 1203 2634 gremio
1228 2580 1329 2620 suo
1351 2568 1696 2622 continebat:
1734 2583 1984 2640 superest
2007 2590 2125 2629 om-

551 2653 707 2717 nino,
739 2660 797 2707 ut
822 2652 1000 2721 ipsum
1030 2668 1250 2723 quoque
1283 2653 1547 2720 Deum,et
1571 2672 1753 2712 rerum
1786 2660 2124 2730 imperfecta-

550 2759 674 2797 rum
729 2751 783 2797 et
840 2747 1109 2797 malorum
1168 2744 1350 2799 sedem
1385 2760 1450 2800 ac
1484 2747 1662 2801 locum
1708 2764 1827 2805 esse
1855 2751 2120 2809 dicamus.

550 2833 704 2900 Quod
738 2834 870 2887 mihi
902 2833 1122 2902 quidem
1151 2850 1273 2892 cum
1302 2836 1484 2892 minus
1526 2838 1778 2907 religiose
1823 2841 1954 2905 dici,
2006 2852 2121 2898 tum

551 2928 649 2983 abs
694 2936 745 2984 te
799 2929 1159 2999 periculosius
1206 2933 1525 2999 responderi
1575 2934 2122 3010 videretur.'Quippe

550 3019 835 3073 materiam
885 3020 1029 3073 enim
1088 3036 1209 3076 esse
1261 3022 1365 3087 vis,
1402 3038 1469 3078 ne
1522 3025 1789 3079 malorum
1844 3039 2116 3084 auctorem
2148 3052 2190 3109 ο

551 3107 723 3163 Deum
743 3126 864 3165 esse
889 3110 1109 3167 fatearis
1140 3130 1154 3166 :
1187 3112 1326 3167 idem
1357 3122 1558 3178 tamen,
1607 3126 1665 3170 ut
1697 3118 1800 3174 hoc
1832 3119 2008 3189 ipsum
2037 3120 2119 3176 ef-

552 3201 750 3272 fugias,
775 3203 1043 3258 malorum
1077 3220 1200 3259 eum
1249 3207 1650 3275 receptaculum
1683 3224 1980 3281 agnoscere
2028 3229 2120 3269 eo-

552 3294 719 3364 geris.
740 3293 804 3348 Et
834 3309 965 3348 sane
999 3294 1043 3348 si
1074 3310 1139 3349 ex
1192 3311 1372 3349 rerum
1421 3298 1728 3364 genitarum
1790 3311 1914 3357 ortu
1960 3312 2123 3374 atque

551 3393 743 3438 natura
771 3384 960 3438 inc-am
998 3395 1051 3439 te
1084 3394 1317 3439 mentem
1361 3387 1655 3444 adductum
1700 3405 1823 3445 esse
1851 3393 2013 3463 339
2041 3395 2124 3449 di-

548 3491 724 3539 ceres,
756 3484 814 3529 ut
847 3484 971 3531 ortu
1021 3492 1210 3532 carere
1260 3481 1543 3535 materiam
1602 3492 1858 3553 putares,
1894 3485 1967 3540 ita
2008 3502 2121 3541 rem

550 3566 751 3622 habere
812 3583 919 3621 non
965 3583 1171 3637 posse,
1222 3570 1471 3639 pluribus
1526 3575 1775 3643 equidem
1821 3576 2122 3633 rationibus

549 3650 912 3706 ostenderem.
932 3651 1087 3709 Nune
1113 3658 1369 3725 quoniam
1394 3661 1660 3716 malorum
1689 3666 2121 3734 procreationem

549 3741 691 3797 hanc
719 3743 816 3798 tibi
854 3746 1223 3815 suspicionem
1248 3751 1483 3807 movisse
1510 3754 1613 3819 ais,
1647 3756 1979 3827 singularem
1999 3774 2123 3828 pro-

548 3843 731 3904 pterea
765 3836 832 3890 de
871 3836 981 3893 illis
1008 3838 1436 3908 disputationem
1496 3844 1885 3902 instituendam
1913 3851 2119 3918 putavi.

547 3922 682 3980 Nam
708 3926 797 3982 ubi
817 3930 985 3984 semel
1018 3931 1349 3988 intellectum
1381 3936 1505 4002 erit,
1538 3939 1996 4007 quemadmodum
2028 3956 2123 3996 ex-

548 4016 715 4074 istant
762 4020 926 4086 mala,
975 4037 1040 4077 ac
1095 4025 1259 4078 simul
1290 4027 1381 4095 qui
1429 4026 1599 4083 Deum
1651 4032 1878 4085 materia
1960 4048 2121 4087 usum

547 4126 669 4166 esse
702 4110 867 4179 dicat,
923 4114 973 4168 ei
1023 4130 1243 4186 quoque
1301 4118 1473 4174 Deum
1524 4122 1793 4177 malorum
1840 4134 2119 4180 auctorem

551 4203 859 4259 habendum
910 4220 1031 4261 esse
1073 4210 1402 4278 constiterit,
1436 4222 1550 4267 tum
1589 4230 1697 4269 una
1752 4217 2121 4286 suspicionem

550 4294 708 4349 istam
739 4294 982 4352 funditus
1014 4300 1288 4355 sublatum
1336 4304 1399 4357 iri
1429 4305 1705 4360 existimo.
1736 4305 1817 4361 Tu
1845 4323 1973 4378 ergo
2002 4324 2120 4362 ma-

2231 466 2503 533 ἐξετάζειν
2541 467 2642 530 δεῖ,
2680 467 2907 537 πότερον
2962 464 3038 525 ὼς
3095 462 3430 533 διισταμένου
3485 464 3622 519 αὑτοῦ
3660 469 3724 536 ἀφ’

2228 558 2441 620 ἑαυτοῦ,
2472 558 2566 611 καὶ
2591 558 2780 629 ῶσπερ
2812 558 2870 609 ἐν
2891 555 3013 627 άέρι
3044 553 3197 618 ζώων
3230 554 3451 625 ὑπάρχει
3473 556 3603 626 γένη,
3627 557 3725 610 διαι-

2230 652 2490 724 ρουμένου
2525 650 2619 705 καὶ
2661 650 3017 721 μεριζομένου
3049 645 3215 700 αὑτοῦ
3262 647 3340 709 εἰς
3373 645 3605 717 ὑποδοχὴν
3648 649 3726 701 τῶν

2228 743 2529 814 γινομένων
2557 741 2704 812 αὐτῷ
2737 742 2868 811 (97),
2899 740 2932 812 ἢ
2962 740 3038 803 ὡς
3070 741 3127 792 ἐν
3169 736 3337 808 τόπῳ,
3387 738 3626 792 τουτέστιν
3651 738 3727 792 ὣσ-

2230 853 2333 907 περ
2358 839 2414 889 ἐν
2439 837 2511 907 γῇ
2543 834 2709 905 ὕδωρ.
2756 834 2821 887 Εἰ
2880 832 2977 904 μὲν
3007 831 3117 901 γὰρ
3154 828 3419 899 εἴποιμεν,
3461 828 3528 892 ὡς
3548 831 3597 881 ἐν
3621 830 3724 901 ἀέρι,

2232 927 2485 999 μεριστὸν
2515 926 2730 996 ἀνάγκη
2760 924 2852 976 τὸν
2899 922 3036 976 Θεὸν
3094 922 3288 974 εἰπεῖν’
3354 922 3398 972 εἱ
3447 918 3488 971 δ’
3516 918 3730 987 ὥσπερέν

2228 1022 2297 1089 γῇ
2332 1017 2394 1070 τὸ
2434 1017 2598 1089 ὕδωρ,
2637 1012 2704 1088 ἢν
2732 1016 2788 1068 δὲ
2819 1014 3051 1077 ἄτακτος
3095 1014 3130 1083 ἠ
3181 1011 3280 1083 ῦλη
3327 1012 3418 1064 καὶ
3465 1010 3729 1081 ἀκόσμητος,

2229 1109 2364 1182 πρὸς
2390 1108 2454 1179 δὴ
2480 1107 2691 1171 τούτοις
2735 1106 2934 1171 ἔχουσα
2982 1105 3076 1157 καὶ
3116 1102 3285 1165 κακά,
3335 1101 3423 1154 τὸν
3461 1100 3577 1155 Θεὸν
3601 1101 3731 1171 λέγειν

2228 1202 2439 1272 ἀνάγκη
2466 1199 2630 1253 τόπον
2666 1194 2806 1251 εἶναι
2842 1196 2952 1249 τῶν
2977 1195 3302 1267 ἀκοσμήτων
3329 1193 3421 1247 καὶ
3447 1192 3545 1245 τῶν
3573 1193 3731 1250 κακῶν.

2231 1295 2405 1365 Ὅπερ
2427 1293 2526 1346 οὑκ
2584 1290 2828 1361 εὑφημον
2875 1283 3015 1343 εἷναί
3070 1304 3158 1358 μοι
3205 1287 3370 1348 δοκεῖ,
3427 1284 3733 1353 ὲπισφαλέςδὲ

2231 1387 2451 1458 μᾶλλον.
2490 1384 2662 1456 ’Ὕλην
2693 1382 2801 1455 γάρ
2838 1378 2979 1435 εἶναι
3037 1380 3212 1444 θέλεις
3263 1378 3397 1450 (98),
3450 1378 3530 1430 ἴνα
3577 1376 3639 1448 μὴ
3657 1377 3735 1428 τῶν

2228 1478 2411 1532 κακῶν
2441 1475 2667 1549 ποιητὴν
2719 1476 2880 1545 εἴπῃς
2930 1472 3022 1526 τὸν
3071 1472 3224 1536 Θεὸν,
3251 1471 3347 1524 καὶ
3387 1469 3533 1522 τοῦτο
3570 1469 3737 1537 φεύγειν

2230 1568 2679 1641 προαιρούμενος,
2728 1565 2932 1637 δοχεῖον
2978 1564 3140 1619 αὑτὸν
3177 1563 3285 1617 τῶν
3330 1561 3507 1616 κακῶν
3542 1557 3735 1614 εἷναιλέ-

2228 1678 2365 1729 γεις.
2390 1662 2451 1713 Εἰ
2493 1660 2591 1730 μὲν
2616 1657 2708 1712 οὖν
2741 1657 2837 1728 τὴν
2867 1655 2998 1728 ὓλην
3029 1657 3094 1709 ἐκ
3111 1654 3218 1714 τῶν
3245 1655 3576 1708 ὑποστάντων
3594 1670 3737 1724 γεννη.

2227 1752 2333 1805 τῶν
2373 1752 2620 1805 ὑπονοεῖν
2649 1747 2939 1819 ἀγέννητον
2984 1747 3247 1817 ὑπάρχειν
3288 1743 3487 1811 ἔλεγες,
3534 1742 3671 1794 πολὺν
3692 1742 3737 1794 ἂν

2231 1841 2355 1910 περὶ
2385 1839 2550 1910 αὑτῆς
2574 1836 2916 1908 ἐποιησάμην
2957 1834 3135 1903 λόγον,
3163 1836 3243 1897 εἰς
3271 1831 3532 1896 ἀπόδειξιν
3565 1832 3661 1896 τοῦ,
3681 1833 3738 1885 ὅτι

2226 1929 2482 1984 ἀδύνατον
2509 1928 2772 2000 ὑπάρξειν
2794 1927 2982 1998 αὑτήν·
3014 1927 3136 1978 ἐπεὶ
3162 1925 3219 1979 δὲ
3252 1924 3351 1995 τὴν
3378 1924 3483 1978 τῶν
3502 1924 3657 1977 κακῶν
3680 1925 3741 1991 γέ·

2226 2039 2371 2076 νεσιν
2397 2021 2575 2075 αἰτίαν
2608 2019 2819 2091 ἔφησθα
2852 2015 2988 2073 εἶναι
3013 2018 3110 2088 τῆς
3139 2018 3396 2087 τοιαύτης
3425 2016 3663 2080 ὑπονοίας,
3677 2017 3741 2069 διὰ

2226 2114 2368 2169 τοῦτ’
2394 2115 2485 2167 ἐπὶ
2512 2114 2612 2185 τὴν
2640 2113 2884 2181 ἐξέτασιν
2904 2110 3106 2165 τούτων
3132 2109 3351 2181 ἔχεσθαί
3394 2109 3499 2180 (99)
3526 2107 3736 2180 μοιδοκῶ.

2224 2207 2462 2280 Φανεροῦ
2492 2208 2602 2280 γάρ
2642 2206 2934 2278 γενομένου
2994 2205 3088 2260 τοῦ
3118 2207 3298 2277 λόγου,
3357 2205 3474 2260 καθ’
3495 2204 3549 2257 ὃν
3592 2205 3740 2276 τρόπον

2225 2299 2344 2352 ἐστὶ
2376 2298 2442 2352 τά
2462 2298 2628 2361 κακὰ,
2659 2300 2752 2352 καὶ
2779 2299 2860 2352 ὅτι
2880 2299 2978 2369 οὑχ
2999 2292 3109 2352 οἷόν
3147 2315 3206 2351 τε
3247 2299 3399 2351 ἐστὶν
3435 2297 3647 2351 ἀναίτιον
3665 2295 3742 2347 τιῐν

2225 2386 2411 2439 κακῶν
2435 2387 2608 2438 εἰπεῖν
2657 2384 2746 2438 τόν
2792 2384 2943 2449 Θεὸν,
2975 2387 3038 2439 ἐκ
3070 2385 3163 2439 τοῦ
3202 2385 3337 2457 ὑλην
3366 2384 3519 2440 αὑτὸν
3552 2382 3741 2437 ὑποτιθέ-

2224 2493 2332 2538 ναι,
2360 2477 2457 2549 τὴν
2486 2476 2740 2547 τοιαύτην
2795 2477 3050 2532 ὑπόνοιαν
3108 2478 3447 2549 ἀναιρεῖσθαί
3490 2495 3570 2548 μοι
3617 2477 3739 2529 δοκεῖ.

2221 2567 2331 2637 Φῂς
2356 2567 2535 2619 τοίνυν
2563 2568 2750 2621 ἄποιον
2800 2566 2932 2635 ὓλην
2985 2567 3353 2638 συνυπάρχειν
3381 2567 3457 2638 τῷ
3476 2567 3600 2638 Θεῷ,
3630 2566 3676 2632 ἐξ
3696 2560 3742 2636 ἦς

2221 2656 2377 2728 τήνδε
2397 2656 2491 2709 τοῦ
2524 2658 2729 2727 κόσμου
2769 2656 2981 2724 γένεσιν
3035 2658 3491 2730 ἐδημιούργησεν.
3519 2656 3654 2711 Οὕτω
3680 2673 3743 2725 μοι

2222 2747 2385 2801 δοκεῖ.
2422 2745 2630 2800 Οὐκοῦν
2669 2748 2717 2799 εἰ
2745 2746 2934 2811 ἄποιος
2977 2747 3270 2818 ἐτύγχανεν
3322 2751 3357 2819 ἡ
3385 2747 3502 2820 ὕλη,
3533 2746 3743 2816 γέγονεδὲ

2223 2838 2424 2908 κόσμος
2456 2837 2592 2909 πρὸς
2620 2836 2710 2890 τοῦ
2732 2837 2888 2903 Θεοῦ,
2916 2839 2974 2891 ἐν
3006 2838 3061 2890 δὲ
3088 2838 3167 2909 τῷ
3195 2842 3390 2909 κόσμῳ
3416 2841 3471 2892 αῖ
3500 2840 3742 2908 ποιότητες,

2223 2929 2329 2982 τῶν
2364 2932 2661 2999 ποιοτήτων
2710 2928 2931 2999 ποιότης
2985 2929 3060 3000 (1)
3095 2930 3317 2998 γέγονεν
3357 2933 3387 2983 ὁ
3428 2931 3567 2993 Θεός.
3603 2928 3743 2990 υὺτως

2224 3019 2353 3090 ἔχει.
2392 3020 2543 3072 Ἐπεὶ
2576 3018 2631 3071 δέ
2657 3035 2749 3072 σου
2772 3020 2866 3072 καὶ
2882 3019 3128 3088 λέγοντος
3151 3020 3464 3092 ἔμπροσθεν
3484 3022 3670 3092 ἤκουον,
3690 3019 3743 3080 ὡς

2223 3110 2477 3165 ἀδύνατον
2500 3109 2559 3176 ἐξ
2584 3110 2682 3163 οὑκ
2707 3110 2874 3163 ὄντων
2909 3110 3150 3180 γίνεσθαί
3193 3128 3264 3176 τι,
3303 3112 3440 3184 πρὸς
3462 3112 3553 3183 τὴν
3584 3110 3742 3182 ἐρώτη-

2224 3219 2306 3255 σιν
2335 3203 2625 3275 ἀπόκριναι
2646 3202 2743 3273 τὴν
2768 3204 2924 3274 ἐμήν.
2968 3205 3153 3268 Δοκεῖς
3186 3222 3273 3275 μοι
3306 3205 3410 3269 τὰς
3467 3204 3554 3259 τοῦ
3587 3204 3743 3274 κόσμοι

2222 3292 2510 3363 ποιότητας
2544 3293 2618 3366 μὴ
2674 3294 2735 3357 ἐξ
2767 3294 3141 3364 ὑποκειμένων
3174 3299 3476 3368 ποιοτήτων
3523 3295 3743 3365 γεγονέναι

2220 3384 2414 3446 δοκεῖν,
2461 3384 2648 3458 ἕτερον
2692 3385 2749 3440 δέ
2772 3404 2824 3440 τι
2855 3388 3005 3461 παρὰ
3057 3388 3156 3452 τὰς
3200 3388 3394 3453 οὑσίας
3422 3390 3660 3460 ὑπάρχειν
3678 3386 3746 3439 αὑ-

2220 3475 2337 3540 τάς.
2363 3475 2549 3541 Οῦτως
2579 3477 2713 3548 ἔχει.
2738 3478 2800 3531 Εἰ
2832 3480 2927 3549 μὲν
2953 3475 3045 3533 οῦν
3070 3480 3141 3551 μὴ
3173 3479 3231 3546 ἐξ
3257 3480 3617 3552 ὑποκειμένων
3638 3464 3745 3531 ποιο-

2220 3566 2397 3636 τήτων
2465 3567 2561 3631 τὰς
2612 3569 2905 3641 ποιότητας
2938 3569 3374 3642 ἐδημιούργησεν
3412 3572 3441 3623 ό
3482 3569 3618 3633 Θεὸς.
3646 3567 3743 3638 μήτε

2222 3657 2409 3711 ἐκτῶν
2436 3660 2655 3723 οὐσιῶν,
2683 3660 2759 3732 τῷ
2790 3661 2922 3732 μηδὲ
2948 3661 3134 3724 οὐσίας
3192 3662 3366 3724 αὑτὰς
3408 3658 3541 3714 εἷναι
3601 3661 3655 3711 ἐκ
3693 3658 3743 3726 μὴ

2221 3746 2388 3800 ὄντων
2403 3748 2571 3813 αὑτὰς
2585 3750 2690 3803 ὑπὸ
2716 3750 2810 3804 τοῦ
2831 3750 2966 3804 Θεοῦ
2980 3750 3257 3819 γεγονέναι
3282 3752 3461 3804 εἰπεῖν
3487 3749 3742 3818 ἀναγκῶν.

2226 3839 2382 3897 Ὅθεν
2414 3841 2680 3912 περιττῶς
2712 3842 2917 3905 ἐδόκεις
2945 3860 3035 3912 μοι
3055 3842 3253 3911 λέγειν·
3296 3842 3673 3910 σολλελόγισται
3692 3837 3745 3898 ὡς

2221 3931 2319 3984 οὑκ
2344 3931 2602 3986 ἀδύνατον
2633 3933 2707 4003 (‘2)
2743 3930 2877 3987 εἶναι
2901 3934 3146 4000 δοξάζειν
3178 3933 3236 4001 ἐξ
3268 3935 3371 3988 οὑκ
3399 3934 3561 3988 ὄντων
3577 3928 3745 4000 γεγονέο

2222 4039 2307 4074 ναι
2336 4039 2387 4074 τι
2432 4023 2568 4095 πρὸς
2600 4023 2693 4078 τοῦ
2745 4022 2899 4077 Θεοῦ.
2947 4024 3084 4077 Ἀλλ’
3133 4026 3161 4078 ὁ
3199 4024 3297 4095 μὲν
3353 4025 3430 4093 (5)
3463 4024 3581 4095 περὶ
3602 4019 3743 4073 τούτου

2221 4113 2378 4182 λόγος
2416 4108 2517 4168 ὧδε
2544 4116 2737 4186 ἐχέτω.
2781 4117 2892 4171 Καὶ
2928 4116 3038 4189 γὰρ
3070 4117 3199 4189 παρ’
3231 4119 3368 4188 ἡμῖν
3389 4117 3464 4189 (Α)
3493 4113 3743 4186 θεωροῦμεν

2222 4204 2539 4277 ἀνθρώπους
2572 4207 2631 4271 ἐξ
2660 4209 2758 4260 οὑκ
2784 4207 2953 4263 ὄντων
2976 4208 3263 4272 ποιοῦντας
3320 4226 3465 4274 τινα,
3505 4210 3549 4260 el
3589 4205 3743 4259 καὶὸτι

2228 4296 2457 4365 μάλιστα
2486 4296 2701 4351 δοκοῦσι
2733 4301 2905 4351 ποιεῖν
2960 4298 3017 4351 ἐν
3061 4316 3186 4363 τινι,
3213 4294 3327 4353 οἷον
3370 4301 3463 4353 ἐπὶ
3508 4298 3605 4351 τῶν
3629 4297 3743 4365 ἀρχι-

550 4388 742 4439 teriam
797 4387 866 4441 ab
904 4389 1053 4442 omni
1104 4392 1367 4461 qualitate
1420 4411 1673 4463 vacuam,
1727 4414 1790 4453 ex
1844 4415 1951 4468 qua
1983 4398 2122 4457 Deus

2225 4389 2488 4443 τεκτόνων
2515 4391 2574 4444 τὸ
2616 4392 2963 4465 παράδειγμα
2993 4392 3266 4463 λάϐωμεν.
3329 4393 3437 4446 Καὶ
3488 4391 3588 4463 γὰρ
3637 4386 3743 4442 οὗτοι

550 4477 814 4532 mundum
849 4479 995 4534 hunc
1032 4485 1353 4551 procrearit,
1377 4501 1500 4541 cum
1533 4504 1599 4544 eo
1625 4489 1788 4544 simul
1838 4506 1960 4546 esse
1990 4506 2121 4547 con-

550 4569 751 4625 tendis.
788 4568 865 4625 lta
891 4572 1020 4626 mihi
1061 4574 1279 4643 quidem
1326 4576 1564 4633 videtur.
1617 4578 1756 4651 Ergo
1787 4581 1832 4635 si
1872 4582 1941 4636 ab
1970 4582 2120 4636 omni

550 4662 813 4732 qualitate
836 4680 1003 4719 vacua
1040 4667 1267 4722 materia
1314 4666 1437 4736 fuit,
1498 4681 1549 4725 et
1585 4680 1903 4741 procreatus
1946 4688 1975 4726 a
2011 4671 2120 4726 Deo

765 4816 1128 4898 1:6:1’0péifaﬂ'
1149 4820 1354 4898 ἀὺτῷ..
1461 4823 1760 4898 γινομένων
1793 4825 1853 4898 ἐν
1876 4825 2045 4898 αὐτῷ.

622 4888 734 4966 (θὸ)
765 4885 948 4966 ὝλψᾸ
976 4890 1087 4959 γὰρ
1116 4885 1268 4966 εἶναι
1292 4885 1505 4966 θέλεις.
1537 4885 1928 4963 Disputationis
1960 4885 2121 4966 hujus

550 4958 718 5013 cardo
752 4958 1006 5036 postulat,
1031 4970 1089 5014 ut
1120 4960 1431 5036 ἀγέννητον⁸
1449 4958 1748 5036 inseratur;
1776 4980 2006 5036 eamque
2029 4958 2125 5023 ἱκο-

551 5043 670 5083 cem
704 5030 953 5097 proxime
984 5030 1373 5094 consequentia
1402 5031 1731 5088 desiderant.

625 5098 738 5172 (99)
793 5100 1093 5169 Ἕχεσθαι.
1151 5099 1469 5172 Corrigend.
1527 5120 1591 5157 ex
1652 5106 1808 5162 alter.
1865 5122 2116 5163 manusc.

550 5167 832 5245 ερχεσθαι,
855 5167 1019 5245 quam
1052 5167 1449 5245 lection.etiam
1482 5172 1713 5231 Montac.
1746 5185 2118 5245 repraesentat.

653 5187 832 5232 εσυαι,
855 5187 1019 5232 quam
1052 5187 1449 5227 tectton.etlam
1482 5187 1713 5231 montac.
1746 5187 2118 5245 repraesentat.

616 5187 699 5318 ᾗ.)
736 5240 1053 5318 Ποιότητες
1079 5239 1196 5295 τῶν
1227 5242 1557 5318 ποιοτήτων
1592 5247 1852 5313 ποιότης.
1896 5245 2035 5318 Lege
2068 5258 2124 5306 et

552 5308 845 5432 distingue,
886 5308 1197 5384 ποιότητες,
1230 5310 1339 5366 τῶν
1369 5308 1668 5385 ποιοτήτων
1701 5308 2120 5388 ποιητής,”‹έιιηι

553 5395 585 5432 a
635 5417 650 5431 .
680 5395 928 5432 manusc.

553 5387 650 5434 ait.
680 5395 928 5435 manusc.

620 5447 697 5519 (‘2)
736 5452 1203 5529 Zv1.1£.1drw_rat
1218 5453 1424 5529 ᾠςοῠκ
1445 5453 1617 5508 ἀδύν.
1641 5471 1697 5511 κ.
1715 5473 1765 5509 τ.
1787 5459 1833 5529 λ.
1857 5456 2123 5529 Corrupta

552 5519 656 5597 ista
675 5531 851 5597 sunt_,_
867 5537 966 5597 nec
1004 5519 1219 5597 saniora
1253 5519 1342 5597 illa
1393 5541 1692 5597 manuscr.,
1723 5519 2123 5597 συλλελόγισται

551 5589 743 5669 ᾠςοὺκ
790 5590 1052 5669 ἀδύνατον
1078 5594 1142 5669 ἐ-ξ-
1160 5594 1268 5669 oux
1299 5594 1465 5669 ὄντων
1485 5589 1814 5669 δημιουργὸν
1837 5598 1927 5652 τὸν
1954 5589 2122 5664 Θεὸν,

550 5658 811 5717 ἀδύνατον
853 5656 986 5715 εἶναι
1027 5656 1237 5730 δοξάζ.,
1271 5676 1372 5719 etc.
1407 5656 1585 5722 Facile
1634 5656 1812 5724 tanien
1843 5656 2120 5731 emendari

2223 4482 2434 4535 ποιοῦσι
2458 4483 2643 4548 πόλεις
2665 4486 2764 4538 οὑκ
2789 4486 2853 4537 ἐκ
2881 4484 3107 4548 πόλεων,
3147 4485 3241 4539 καὶ
3277 4486 3443 4549 ναοὺς
3469 4483 3648 4555 ὁμοίως
3672 4482 3743 4531 0'31

2222 4575 2284 4628 ἐκ
2311 4576 2471 4629 ναῶν.
2501 4577 2564 4630 Εἰ
2585 4576 2631 4629 δ’
2668 4579 2749 4631 ὅτι
2774 4576 2983 4640 τούτοις
3014 4577 3192 4631 οὑσίαι
3242 4577 3575 4637 ὑπόκεινται,
3600 4574 3682 4627 οἴει
3703 4570 3744 4633 ἐξ

2220 4665 2387 4720 ὄντων
2405 4668 2600 4732 αὑτοὺς
2622 4669 2794 4723 ταῦτα
2821 4673 3012 4733 ποιεῖν,
3040 4668 3248 4741 σφάλλη
3269 4669 3351 4741 τῷ
3377 4670 3534 4741 λόγῳ·
3552 4666 3653 4721 οὐδὲ
3666 4661 3744 4732 γάρ

2219 4848 2545 4981 ἕξέἓηῐὲιῑί
2572 4848 2787 4920 legeris,
2819 4848 2894 4914 ὡς
2923 4848 3331 4918 συλλελόγισται
3365 4847 3613 4903 ἀδύνατον
3638 4841 3741 4895 εἶναι

2385 4957 2421 4981 .,
2542 4958 2555 4971 .

2608 4990 2640 5043 ό
2670 4986 2805 5057 μέν.
2841 4986 3138 5046 Coneessio
3181 5004 3290 5045 non
3337 4999 3457 5056 est,
3496 4987 3585 5046 sed
3622 4980 3740 5056 quasi

2247 5072 2390 5110 ranSI
2422 5072 2492 5110 l0.

2247 5067 2512 5206 Γῗὶῗῖἒὶ
2545 5127 2654 5198 γὰρ
2685 5130 2823 5197 παρ’
2856 5129 3018 5199 ἡμῖν.
3069 5128 3369 5206 §ubtiliora
3418 5137 3575 5206 sunt,
3613 5136 3739 5206 quani

2224 5198 2482 5252 solidiora
2505 5240 2519 5263 ,
2552 5214 2675 5268 qua:
2707 5198 3028 5267 sequuntur.
3072 5199 3184 5256 Nec
3229 5203 3374 5256 enim
3409 5199 3616 5268 ὑλώδεις
3646 5198 3737 5247 isli.

2221 5269 2485 5323 mundum
2525 5267 2591 5323 ex
2636 5269 2741 5323 alio
2774 5269 3013 5332 mundo,
3063 5272 3155 5326 sed
3204 5287 3270 5327 ex
3326 5270 3550 5326 materia
3579 5267 3737 5322 factum

2220 5340 2508 5402 volebant;
2554 5348 2609 5393 et
2654 5338 2824 5402 satis,
2867 5340 3097 5409 opinor,
3140 5341 3436 5404 vidissent,
3483 5348 3615 5394 artes
3650 5333 3740 5388 illis

2225 5408 2549 5490 singulares.
2573 5424 2637 5464 ac
2672 5408 2940 5490 proprias,
2982 5425 3090 5490 non
3138 5411 3250 5490 jam
3280 5428 3346 5465 ex
3376 5412 3541 5490 nihilo
3566 5411 3741 5490 repetite

2224 5473 2372 5553 nasci
2395 5519 2411 5541 ,
2457 5477 2551 5553 sed
2579 5473 2690 5553 aeri
2716 5473 3244 5553 studio,'contiuenti
3274 5497 3402 5545 usu,
3438 5473 3660 5553 improbo

2223 5547 2377 5673 bore,
2412 5564 2477 5603 ac
2505 5550 2766 5674 siﬁmilium
2800 5552 3001 5607 artium
3023 5552 3329 5610 imitatione
3355 5547 3607 5623 paulatim
3629 5547 3742 5599 exci-

2245 5633 2324 5673 an
2354 5634 2416 5673 ac
2443 5635 2523 5690 pen
2578 5637 2643 5675 Cl.
