1919 3192
64 152 106 180 δτδ
639 149 798 178 ΡΒΑΞΡΑΒ.

868 151 946 180 ANG.
965 151 1033 181 LIB.
1052 151 1108 180 VII.

1607 154 1660 182 574

64 210 75 241 ἠ
87 208 151 234 οὐσία
166 207 232 233 ἐστὶν
246 207 262 242 ἡ
279 206 391 233 ποιοῦσα
404 206 452 243 τὴν
468 207 554 239 πόλιν,
572 208 589 243 ἢ
603 205 636 234 αὖ
650 210 713 241 τοὺς
729 210 816 241 ναοὺς,

873 211 991 236 mundus
1008 214 1062 243 est,
1075 213 1102 236 ct
1120 209 1263 244 qualitates
1287 209 1313 236 in
1338 209 1440 237 mundo
1452 214 1525 243 sunt,
1546 211 1659 239 istarum

63 255 126 289 ἀλλ’ἢ
138 254 193 289 περὶ
199 253 244 288 τὴν
254 253 347 279 οὐσίαν
355 253 445 288 τέχνη·
460 254 477 289 ὴ
488 254 516 280 δὲ
524 255 604 290 τέχνη
616 255 701 287 οὖκὲξ
710 256 821 282 ὑποκει-

63 302 128 336 μένης
137 298 200 329 τινὸς
215 298 242 324 ὲν
260 299 321 329 ταῖς
343 298 448 329 οὐσίαις
466 298 564 334 τέχνης
578 299 693 332 γίνεται,
718 300 776 326 ἀλλ’
791 300 821 334 ἐξ

62 347 100 373 oux
111 345 180 379 οὔσης
194 344 221 370 ἐν
232 343 327 375 αὐταῖς
337 343 454 378 γίνεται.
479 344 656 379 Ἀπαντήσειν
675 345 703 371 δέ
718 354 762 381 μοι
775 346 820 372 δοη

62 392 106 422 xei;
122 390 183 416 οὕτω
197 389 234 424 τῷ
247 389 329 424 λόγῳ,
342 389 383 415 ὅτι
396 389 411 415 ὁ
421 390 546 425 τεχνίτης
559 390 588 423 ἐξ
604 388 637 426 ἧς
651 390 708 425 ἔχει
722 392 821 427 τέχνης

60 441 96 474 τὴν
109 440 132 465 ὲν
145 440 172 473 τῇ
184 437 260 473 οὐσίᾳ
273 438 371 473 τέχνην
383 440 464 465 ποιεῖ.
482 438 554 474 Πρὸς
565 438 593 464 δὲ
604 438 683 465 τοῦτο
693 439 820 473 λέγεσθαι

60 486 114 512 τοῦτ’
125 483 149 511 εὖ
161 486 226 520 ἔχειν
239 493 285 520 μοι
299 485 381 517 δοκεῖ,
398 485 438 512 ὅτι
463 485 523 511 οὐδὲ
539 486 567 511 ἐν
578 485 616 520 τῷ
641 485 776 521 ἀνθρώπῳ
789 486 820 513 ἐκ

60 540 113 562 τινος
124 531 295 565 ὑποκειμένης
322 530 420 565 τέχνης
443 531 556 564 γίνεται,
574 531 610 557 Οὐ
635 530 689 566 γὰρ
716 531 820 557 ἔνεστιν

59 580 121 614 αὐτὴν
131 579 166 613 ἐφ’
182 579 279 613 ἑαυτῆς
293 576 375 605 οὖσαν
392 578 483 605 δοῦναι
505 578 553 613 τὴν
575 579 680 613 τέχνην·
699 578 752 605 τῶν
765 578 820 614 γὰρ

59 624 236 660 τλμῦεϐηκότων
251 624 321 656 ἐστὶ,
343 625 389 651 καὶ
417 624 470 650 τῶν
494 625 554 651 τότε
566 624 597 651 τὸ
620 623 689 651 εἶναι
712 625 819 660 λαμϐα-

58 671 140 701 νόντων,
157 670 253 696 ὁπόταν
267 671 296 695 ὲν
312 669 390 705 οὐσίᾳ
405 670 542 703 γίνωνται.
570 670 599 696 '0
618 670 666 705 μὲν
691 670 746 706 γὰρ
771 670 818 697 ἄνα

58 715 139 751 θρωπος
152 716 193 742 καὶ
208 716 294 751 χωρὶς
305 716 357 750 τῆς
370 716 592 751 ἀρχιτεκτονικῆς
608 715 692 742 ἔσται’
703 716 719 750 ἡ
736 715 757 742 δ’
769 715 819 742 οὐκ

56 761 120 790 hut,
130 761 170 786 ἐὰν
180 760 215 796 μὴ
228 760 361 796 πρότερον
377 761 518 796 ἄνθρωπος
535 759 647 798 ᾗ.”Οθεν
660 761 709 792 τὰς
722 760 818 795 τέχνας

56 804 76 837 ἐξ
88 805 127 830 οὐκ
139 805 218 831 ὄντων
233 806 274 836 εἰς
290 805 449 840 ἀνθρώπους
463 806 612 840 πεφυκέναι
626 806 748 840 γίνεσθαι
775 805 818 832 λέ-

56 860 97 883 raw
106 852 250 885 ἀναγκαῖον.
268 851 300 877 Εἰ
314 852 403 878 τοίνυν
430 851 509 878 τοῦτο
532 852 617 883 οὕτως
637 852 697 886 ἕχον
713 852 756 878 ἐπ’
770 853 817 879 ἀν-

872 255 994 290 prol‘ecto
1011 256 1174 290 qualitatum
1191 258 1286 282 auctor
1302 255 1373 283 Deus
1386 261 1436 283 est.
1452 255 1561 291 Utique.
1584 256 1659 290 Quo-

872 301 946 328 niam
961 302 1044 337 igitur
1058 309 1091 328 ex
1108 305 1134 328 te
1152 301 1211 335 ipso
1226 301 1308 336 paulo
1321 307 1383 329 ante
1399 303 1553 336 audiebam,
1564 311 1598 331 ex
1621 305 1661 331 ni-

872 347 928 374 hilo
939 347 996 374 tieri
1015 347 1084 374 nihil
1097 347 1210 374 omnino
1232 355 1324 381 posse,
1344 347 1397 375 hoc
1410 352 1437 374 tu
1461 349 1527 375 mihi
1550 357 1660 384 respon-

870 392 938 420 deas
951 392 1042 418 velim.
1068 391 1226 424 Existimas,
1247 393 1273 419 ni
1289 392 1379 425 fallor,
1403 394 1496 420 mundi
1514 394 1660 429 qualitates

871 446 959 473 neque
975 438 1107 472 subjectis
1120 446 1152 465 ex
1166 439 1341 473 qualitatibus
1354 439 1439 467 factas
1452 448 1523 473 esse,
1535 446 1561 468 et
1569 445 1658 469 tamen

870 484 1002 511 anaturis
1017 492 1078 511 esse
1094 485 1238 512 distinctas
1263 486 1383 513 omnino.
1408 485 1435 513 Si
1456 495 1520 521 ergo
1539 488 1658 522 qualita-

871 534 913 556 tes
928 537 943 556 a
959 529 1024 561 Deo,
1051 537 1139 564 neque
1156 530 1289 564 subjectis
1305 538 1338 557 ex
1355 531 1544 565 qualitatibus,
1570 540 1660 567 neque

872 576 957 602 etiam
970 583 1003 602 ex
1016 576 1124 602 naturis
1137 576 1276 610 productae
1302 576 1366 608 sint,
1385 577 1457 611 quod
1475 582 1579 604 naturae
1603 586 1658 604 non

869 621 935 653 sint,
949 629 996 649 eas
1011 629 1043 648 cx
1063 622 1150 649 nihilo
1163 627 1237 649 certe
1252 623 1361 658 quidem
1372 623 1519 658 productas
1534 631 1595 651 esse
1610 632 1658 651 ne-

869 676 946 695 cesse
959 673 1011 695 est.
1027 668 1128 701 Quare,
1146 668 1260 701 frustra,
1283 669 1390 704 opinor,
1405 670 1459 697 tuis
1472 671 1497 697 id
1511 678 1658 704 argumen-

870 714 904 741 tis
918 713 1043 741 ell'cctum
1058 721 1119 741 esse
1131 714 1252 747 dicebas,
1269 715 1337 742 nihil
1361 721 1391 741 ut
1418 716 1529 742 omnino
1542 715 1613 743 Deus
1624 724 1658 743 ex

869 759 954 786 nihilo
971 759 1075 787 eliicere
1089 760 1211 794 potuisse
1226 761 1391 788 crederetur.
1408 761 1570 797 Quanquam
1586 763 1660 790 hunc

868 805 949 832 etiam
969 805 996 832 in
1014 806 1125 832 modum
1141 806 1191 833 hac
1206 806 1264 840 ipsa
1276 807 1310 833 de
1331 814 1359 833 re
1373 807 1513 841 disputare
1528 808 1599 835 licet.
1617 808 1659 835 Ab

869 850 1024 878 hominibus
1039 851 1175 878 interdum
1190 852 1324 884 videmus,
1350 860 1384 879 ex
1422 860 1464 883 eo,
1492 854 1564 887 quod
1592 861 1658 881 nus—

55 897 143 933 Θρώπων
156 897 306 932 ἐδείξαμεν,
323 897 382 928 πῶς
402 897 461 932 οὐχὶ
492 898 613 933 προσῆκε
633 897 678 923 τὸν
697 897 762 924 Θεὸν
777 897 814 933 μὴ

868 904 948 930 quam
963 902 1018 929 est,
1034 897 1165 923 nonnulla
1180 897 1248 929 lieri,
1264 902 1294 923 ut
1308 897 1334 923 iu
1352 897 1406 924 alio
1422 898 1550 932 quopiam
1565 906 1659 926 susce-

55 943 113 977 μόνον
124 945 259 979 ποιότητας
273 944 304 976 ἐξ
317 944 367 970 οὐκ
380 944 463 971 ὄντων
478 944 559 979 φάναι
572 944 701 972 δύνασθαι
716 946 813 975 ποιεῖν,

54 989 102 1015 illi
113 990 151 1015 καὶ
164 990 274 1021 οὖσίας;
290 989 327 1015 Τὸ
347 989 401 1025 γὰρ
416 989 528 1016 δυνατὸν
557 990 674 1025 φανῆναι
693 990 814 1023 γίνεσθαι

54 1043 71 1060 τι
91 1036 114 1068 ἐξ
127 1037 170 1062 οὐκ
195 1036 291 1067 ὅντων,
322 1036 353 1062 τὸ
380 1036 427 1061 καὶ
449 1034 497 1067 τὰς
519 1035 613 1067 οὐσίας
636 1036 722 1067 οὕτως
744 1035 815 1070 ἔχειν

53 1081 166 1108 Sam/arat.

868 948 942 976 ptum
955 950 1026 977 opus
1043 942 1151 970 eflieere
1182 943 1302 970 maxime
1317 943 1469 970 videantur.
1487 943 1565 975 Nam,
1583 949 1611 971 ut
1631 944 1658 971 in

869 983 1026 1016 architectis
1041 989 1194 1023 exemplum
1208 994 1371 1021 statuamus,
1389 990 1469 1017 urbes
1487 990 1522 1016 illi
1535 991 1658 1025 quidem,

870 1043 924 1062 non
934 1039 1024 1062 tatneu
1034 1043 1067 1061 ex
1081 1035 1212 1068 urbibus;
1224 1036 1323 1070 templa
1337 1043 1456 1070 quoque,
1474 1043 1527 1062 non
1543 1044 1575 1063 ex
1590 1042 1659 1063 tem-

871 1081 923 1115 plis
937 1081 1083 1108 aediﬁcant.
1110 1081 1138 1108 Si
1163 1082 1234 1108 enim
1250 1081 1322 1116 quod
1352 1082 1511 1109 substantia:
1534 1083 1657 1116 quzedam

53 1128 76 1153 iis
88 1128 197 1162 subjecta:
210 1128 276 1159 sint,
291 1128 354 1155 illos
377 1127 479 1155 idcirco
491 1135 523 1155 ex
540 1127 574 1154 iis
593 1135 654 1162 quae
664 1131 727 1154 ante
750 1127 805 1161 jam
830 1131 932 1160 essent,
950 1128 1002 1155 ista
1020 1128 1110 1155 moliri
1133 1128 1293 1161 existimes,
1328 1133 1404 1155 tuum
1422 1133 1448 1155 te
1472 1128 1539 1155 l‘allit
1576 1137 1658 1164 argu-

53 1180 154 1202 mentum.
169 1176 220 1204 Nec
234 1177 311 1204 enim
324 1176 458 1210 ejusmodi
474 1176 638 1207 substantia,
654 1175 693 1203 vel
705 1175 854 1206 urbem,ch
870 1176 1012 1210 templum,
1038 1176 1131 1209 allicit,
1158 1176 1206 1203 sed
1227 1184 1258 1203 ea
1287 1180 1392 1203 tantum
1423 1183 1467 1202 ars
1499 1183 1560 1210 qua:
1585 1177 1657 1203 circa

53 1222 199 1249 substantiam
214 1228 353 1250 versatur.
368 1222 419 1249 Ars
447 1222 497 1249 ista
515 1230 606 1257 porro,
624 1230 678 1248 non
692 1222 748 1257 jam
773 1230 806 1249 ex
840 1222 921 1249 simili
947 1223 1064 1257 quodam
1073 1223 1139 1250 artis
1151 1230 1259 1257 genere,
1284 1223 1357 1256 quod
1385 1223 1420 1250 iis
1443 1222 1603 1250 substantiis
1619 1223 1659 1250 in-

53 1268 160 1300 cludatur,
176 1269 280 1300 existit,
308 1269 354 1296 sed
371 1277 403 1296 ex
423 1269 496 1295 nulla
525 1276 636 1303 prorsus
651 1273 806 1302 antegressa
839 1268 866 1295 in
880 1269 932 1295 illis
948 1274 1007 1296 arte
1032 1269 1182 1303 perﬁcitur.
1212 1270 1247 1295 At
1269 1269 1341 1295 enim
1360 1276 1499 1301 occurres,
1527 1268 1658 1296 artificem

52 1321 74 1339 ex
84 1315 213 1341 eademum
228 1323 284 1350 qua
305 1315 434 1349 praeditus
457 1319 515 1342 arte
535 1320 589 1346 est,
617 1320 702 1342 artem
732 1315 757 1342 in
786 1315 948 1342 substantiae
977 1316 1113 1350 geminam
1141 1315 1257 1343 elIicere.
1276 1316 1357 1350 Atqui
1384 1324 1417 1342 ne
1435 1316 1460 1342 in
1479 1316 1537 1350 ipso
1549 1316 1657 1350 quidem

52 1359 143 1392 homine,
155 1369 184 1388 ex
199 1367 361 1397 antegressa
378 1362 496 1397 quadam
522 1367 580 1389 arte
603 1369 648 1389 ars
669 1362 714 1389 illa
745 1362 895 1396 perﬁcitur.
923 1360 978 1388 Nec
1006 1362 1078 1388 enim
1116 1360 1157 1389 fas
1171 1366 1213 1388 est
1230 1367 1315 1388 artem
1332 1370 1392 1396 qua:
1413 1370 1461 1396 per
1485 1369 1515 1389 se
1540 1362 1598 1396 ipsa
1611 1362 1658 1395 sit,

51 1405 111 1432 ullam
127 1412 248 1441 statuere,
274 1416 338 1435 cum
366 1408 550 1435 accidentium
580 1408 703 1443 adeoque
722 1417 811 1435 rerum
828 1409 935 1435 illarum
965 1416 998 1435 ex
1027 1416 1125 1443 genere
1160 1409 1205 1440 sit,
1234 1417 1294 1443 quae
1321 1414 1376 1435 tum
1405 1408 1521 1443 primum
1547 1409 1659 1437 alterius

51 1451 153 1479 beneficio
181 1461 240 1480 esse
269 1454 414 1489 incipiunt,
446 1462 508 1482 cum
525 1454 552 1481 in
583 1455 735 1482 substantia
760 1455 958 1489 producuntur.
990 1454 1072 1490 340
1110 1454 1226 1487 Etenim,
1255 1459 1285 1481 ut
1309 1455 1490 1482 architectura
1517 1455 1589 1482 nulla
1604 1444 1657 1489 -sit,

51 1497 111 1525 aomo
122 1504 203 1526 tamen
214 1501 284 1533 erit;
305 1501 409 1533 eadem,
425 1502 446 1534 si
460 1509 512 1528 non
528 1502 604 1535 prius
625 1502 707 1528 homo
729 1501 822 1534 fuerit,
857 1510 918 1530 esse
929 1502 1002 1529 nulla
1016 1503 1124 1536 poterit.
1142 1501 1179 1529 Ita
1196 1501 1412 1529 concludendum
1438 1502 1593 1529 necessario
1604 1508 1656 1536 est,

51 1543 155 1576 ejusmodi
167 1547 265 1573 artium
281 1555 343 1574 esse
363 1552 499 1580 naturam,
514 1551 543 1574 ut
561 1547 588 1574 in
608 1547 766 1575 hominibus
777 1556 811 1575 ex
827 1556 860 1575 eo
873 1548 945 1583 quod
969 1556 1103 1583 nusquam
1126 1552 1177 1580 est,
1196 1548 1331 1575 oriantur.
1365 1547 1441 1580 Quod
1468 1548 1490 1575 si
1515 1555 1607 1574 verum
1629 1549 1657 1576 in

51 1590 175 1619 hominibus
195 1600 256 1620 esse
276 1593 460 1625 ostendimus,
476 1594 659 1629 quisquamne
669 1602 752 1629 porro
767 1602 868 1629 negare
879 1594 988 1625 audeat,
1001 1602 1033 1621 ex
1046 1595 1132 1622 nihilo
1165 1594 1207 1621 vel
1237 1594 1393 1629 qualitates,
1418 1594 1459 1620 vel
1492 1594 1566 1628 ipsas
1589 1601 1658 1628 quo-

51 1643 88 1669 que
100 1637 253 1666 substantias
269 1647 285 1666 a
306 1638 360 1666 Deo
376 1639 433 1666 fieri
462 1641 560 1674 posse?
577 1640 645 1668 Nam
664 1649 724 1676 qua:
741 1641 809 1669 ratio
834 1641 891 1668 ﬁeri
909 1641 1022 1668 omnino
1038 1642 1187 1677 quidquam
1207 1649 1239 1668 ex
1271 1641 1356 1668 nihilo
1381 1649 1462 1676 posse
1477 1641 1656 1676 demonstrat,

51 1683 120 1709 eadem
137 1684 159 1711 in
173 1685 335 1712 substantiis
350 1693 457 1720 quoque
466 1686 555 1713 valere
574 1687 662 1716 debet.

78 1730 165 1756 (Ἐπεὶ
177 1731 203 1757 δὲ
234 1731 319 1763 πόθος
346 1732 403 1758 ἐστί
431 1741 471 1758 σοι
505 1733 570 1768 περὶ
595 1733 645 1768 τῆς
674 1733 730 1760 τῶν
762 1743 813 1760 κα-
830 1738 850 1766 c

52 1774 91 1800 κῶν
105 1777 225 1809 γενέσεως
237 1777 341 1812 ζητεῖν,
354 1779 401 1804 ἐπὶ
420 1779 466 1805 τὸν
489 1779 591 1805 τούτων
609 1779 753 1815 ἐλεύσομαι
768 1780 814 1806 λό-

52 1829 93 1852 γον.
106 1823 152 1848 Καί
165 1832 208 1849 σου
224 1824 328 1859 βραχέα
345 1824 477 1852 πυθέσθαι
506 1824 646 1860 βούλομαι.
675 1825 717 1851 Τὰ
741 1825 815 1852 κακὰ

53 1866 140 1902 πότερον
151 1869 234 1895 eiiciat
248 1878 292 1896 σοι
303 1869 426 1896 δοκοῦσιν
436 1868 504 1896 εἶναι
518 1871 534 1905 ῆ
551 1871 693 1906 ποιότητες
704 1871 813 1904 οὐςιῶν;

52 1911 169 1947 Har/nata;
184 1915 282 1941 οιῖισιῶν
300 1913 329 1942 εὖ
345 1916 416 1950 ἔχειν
443 1915 531 1950 λέγειν
548 1924 594 1951 μοι
623 1916 704 1943 δοκεῖ.
739 1917 771 1943 Ἦ
785 1917 814 1945 δὲ

53 1956 88 1992 ὖὶη
99 1959 179 1991 ἄποιος
187 1958 218 1995 ἦν
232 1962 280 1987 καὶ¹
295 1961 508 1996 ἀσχημάτιστος,
528 1962 599 1988 οὕτω
616 1962 759 1995 προλαϐὼν

53 2003 132 2034 ἐξεῖπον
142 2007 176 2041 τῷ
186 2007 266 2042 λόγῳ.
288 2008 392 2035 Οὐκοῦν
405 2009 428 2034 εἰ
440 2009 474 2035 τὰ
484 2009 556 2035 κακὰ
569 2010 710 2045 ποιάτητες
727 2011 814 2046 ὑπάρ-

53 2056 122 2081 χοντιν
132 2051 232 2083 οὐσιῶν,
249 2054 266 2088 ἡ
286 2053 314 2079 δὲ
326 2053 374 2088 ὒλη
390 2054 483 2085 ἄποιος
492 2052 535 2089 ἦν,
550 2054 605 2081 τῶν
619 2055 647 2080 δὲ
665 2056 814 2090 ποιοτήτων

53 2096 140 2131 muti-ﬁ
153 2095 226 2131 εἶπας
241 2100 288 2125 τὸν
310 2099 376 2125 Θεὸν
393 2097 474 2132 εἶναι,
491 2100 567 2126 ἔσται
592 2101 703 2127 καὶτῶν
721 2101 813 2128 κακῶν

53 2138 184 2176 ἰημιονργὺς
196 2145 209 2169 ὀ
224 2144 300 2175 Θεός.
323 2144 385 2170 Ὅτε
403 2144 492 2171 τοίνυν
518 2146 573 2172 οὐδ’
594 2146 680 2177 οὕτως
695 2146 813 2172 ἀναίτιον

53 2185 92 2210 τῶν
116 2189 199 2214 κακῶν
223 2191 311 2216 εἰπεῖν
328 2190 441 2218 δυνατὸν
464 2191 509 2217 τὸν
538 2191 615 2224 Θεὸν,
645 2192 709 2227 ὓλην
740 2192 814 2230 αὐτῷ

54 2232 189 2265 πρῦςάπτειν
203 2236 329 2271 περιττὸν
353 2234 422 2263 εἷναί
453 2245 496 2272 μοι
509 2237 591 2264 δοκεῖ.
610 2239 641 2264 Εἰ
659 2238 686 2264 δέ
703 2247 728 2265 τι
746 2239 813 2274 πρὸς

54 2276 116 2303 ταῦτα
127 2279 208 2313 λέγειν
221 2281 303 2316 ἔχεις,
329 2282 413 2318 ἄρχου
430 2284 476 2310 τοῦ
496 2284 586 2319 λόγου.
606 2285 636 2310 ΕΞ
654 2284 703 2319 μὲν
719 2285 751 2310 ἐκ
768 2293 812 2318 φι-

54 2320 158 2357 λσιεικίας
171 2328 233 2362 ἡμῖν
261 2330 277 2364 ἡ
297 2329 411 2364 ζήτησις
427 2331 542 2364 ἐγίνετο,
568 2331 619 2357 οὑκ
633 2331 665 2357 ἂν
689 2331 813 2368 δεύτερον

55 2371 155 2403 περὶτῶν
181 2374 272 2401 κακῶν
299 2376 392 2410 ἠξίουν
413 2376 561 2412 ὁρίζεσοαυ
590 2378 652 2404 ἐπεὶ
675 2378 703 2404 δὲ
723 2377 812 2412 φιλίας

908 1741 917 1757 ε
938 1731 989 1759 Sed
1004 1732 1133 1767 quoniam
1149 1732 1183 1759 de
1205 1732 1338 1759 malorum
1354 1732 1542 1767 procreatione
1556 1733 1657 1768 aliquid

866 1778 961 1805 audire
973 1778 1066 1813 gestis,
1084 1778 1110 1805 in
1122 1786 1181 1805 eam
1196 1779 1325 1813 deinceps
1337 1778 1550 1813 disputationem
1567 1779 1658 1814 ingre-

865 1825 933 1852 diar.
948 1825 986 1852 Ac
1002 1825 1118 1859 primum
1136 1833 1221 1859 pauca
1231 1833 1263 1851 ex
1281 1830 1306 1852 te
1320 1825 1454 1852 sciscitari
1472 1826 1546 1852 libet.
1560 1826 1656 1853 Utrum

864 1877 929 1904 ergo
938 1870 1007 1897 mala
1021 1870 1200 1901 substantias,
1219 1877 1252 1896 an
1279 1864 1495 1896 subslantiaruni
1512 1870 1657 1904 qualitates

864 1922 924 1942 esse
937 1914 1035 1949 putas?
1049 1913 1269 1941 Substantiarum
1285 1914 1443 1948 qualitates,
1460 1914 1560 1948 inquis.
1575 1914 1655 1949 Atqui

865 1960 978 1986 materia
991 1966 1020 1986 ut
1034 1959 1175 1994 qualitate,
1194 1959 1234 1986 sic
1246 1959 1331 1992 ligura
1349 1959 1423 1986 omni
1455 1959 1569 1994 spoliata
1581 1965 1654 1993 erat;

865 2006 916 2033 hoc
929 2006 1001 2033 euiln
1017 2006 1073 2041 jam
1091 2006 1262 2040 anteposito,
1279 2006 1431 2032 institutam
1445 2006 1655 2040 disputationem

865 2057 1025 2088 persecutus
1038 2060 1109 2079 sum.
1122 2052 1217 2087 Igitur,
1237 2052 1260 2078 si
1287 2055 1313 2078 el
1331 2052 1547 2078 sultstautiarum
1565 2052 1655 2086 quali-

866 2103 934 2126 tates
951 2099 1022 2125 mala
1034 2103 1107 2131 sunt,
1121 2103 1147 2125 et
1166 2098 1278 2124 materia
1295 2098 1426 2132 qualitate
1440 2098 1514 2124 omni
1535 2099 1655 2128 carebat.

864 2144 948 2173 Deum
963 2152 1045 2179 porro
1059 2145 1220 2179 qualitatum
1232 2149 1370 2171 auctorem
1384 2151 1444 2170 esse
1455 2143 1596 2171 confessus
1606 2152 1655 2178 es;

864 2191 915 2218 erit
930 2191 1000 2218 idem
1014 2191 1149 2217 malorum
1179 2191 1261 2216 ctiam
1286 2190 1462 2217 architectus.
1495 2190 1587 2225 Itaque
1600 2190 1655 2218 Deo

865 2238 1006 2264 materiam
1038 2237 1187 2273 adjungcre
1207 2245 1439 2271 supervacaneum
1460 2241 1510 2270 est,
1533 2245 1594 2264 cum
1623 2246 1656 2265 ne

865 2284 904 2311 sic
924 2284 1033 2317 quidem
1055 2283 1189 2310 malorum
1212 2283 1399 2318 procreatiouc
1416 2283 1535 2310 solutum
1552 2289 1578 2310 et
1602 2284 1655 2309 im-

864 2337 973 2356 tnuucm
991 2328 1074 2355 Deum
1085 2329 1185 2356 habere
1200 2329 1300 2363 possis.
1312 2327 1363 2361 Tu,
1379 2328 1400 2355 si
1414 2328 1477 2363 quid
1493 2329 1574 2355 habes
1583 2329 1654 2363 quod

864 2375 928 2403 huic
944 2380 1105 2411 argumento
1117 2375 1292 2409 respondeas,
1310 2375 1398 2409 incipe
1413 2383 1487 2402 vero.
1502 2374 1535 2401 Et
1546 2375 1654 2409 quidem

55 2413 113 2442 ἑνεκα
125 2419 224 2452 μᾶλλον,
240 2422 286 2447 καὶ
305 2422 354 2457 τῆς
382 2423 448 2457 πρὸς
461 2423 506 2449 τὸν
534 2423 647 2458 πλησίον
679 2424 811 2458 ὡφελείας

868 2422 886 2449 si
908 2421 1089 2448 contentionis
1100 2426 1127 2448 et
1142 2428 1239 2456 pugna:
1250 2421 1351 2454 studio,
1371 2421 1428 2448 hzec
1441 2429 1456 2447 a
1474 2421 1552 2448 nobis
1563 2429 1655 2448 susce-

56 2460 204 2495 τῆιὲξέτασιν
234 2468 384 2502 ποιούμεθα
411 2469 465 2495 τῶν
490 2470 588 2503 λόγων,
619 2469 720 2496 ἀνωθεν
748 2470 813 2506 περὶ

55 2507 132 2535 τούτων
144 2512 274 2546 ὁρίζεσθαι
288 2514 357 2546 ἀξιῶ
375 2517 535 2551 συγχωρεῖν.
552 2515 606 2550 Τὴν
619 2515 668 2550 μὲν
684 2516 813 2553 προαίρε-

58 2556 135 2590 ³ῑντὴν
146 2559 208 2594 ἐμὴν
225 2561 256 2586 ἐκ
272 2560 370 2586 πολλοῦ
387 2569 427 2587 σοι
441 2561 561 2597 φανερὰν
577 2559 646 2588 εἶναι
672 2562 752 2594 δοκῶ,
766 2563 813 2589 καὶ

57 2599 123 2634 τὴνέν
140 2606 189 2636 τοῖς
212 2606 301 2641 λόγοις
325 2608 453 2643 σπουδὴν,
467 2609 508 2635 ὅτι
537 2609 567 2635 οὐ
593 2608 713 2643 πιθανῶς
728 2609 812 2636 εἰπὼν

57 2643 130 2678 "aiio;
143 2650 243 2685 νικῆσαι
259 2652 337 2685 θέλω,
364 2653 431 2680 ἀλλά
448 2653 586 2689 δειχθῆναι
603 2654 651 2689 τὴν
683 2654 811 2689 ἀλήθειαν

60 2693 111 2724 ίιετᾱ
124 2695 239 2730 ἀκριϐοῦς
252 2698 411 2731 ἐξετάσεως.
424 2699 479 2725 Καὶ
493 2700 522 2725 σὲ
535 2700 563 2726 δὲ
575 2699 646 2725 οὓτω
660 2699 811 2727 διακεῖσθαι

61 2736 129 2780 fieri»;
141 2740 290 2776 ἐπίσταμαι.
305 2743 386 2769 ’Ὁοεν
402 2744 450 2778 οἵῳ
463 2744 555 2779 τρόπῳ
581 2744 723 2780 χρώμενος
737 2745 812 2780 νομί-

60 2777 101 2814 ζεις
111 2783 222 2815 ᾂύναςῦαι
236 2788 265 2814 τὸ
277 2788 374 2823 ἀληθὲς
389 2790 489 2825 εὑρεῖν,
503 2790 590 2825 τούτῳ
613 2791 712 2829 χρῆσαι
730 2792 811 2826 μηδὲν

864 2472 907 2502 pta
918 2467 1066 2502 disputatio
1083 2467 1162 2499 foret,
1177 2468 1310 2495 malorum
1328 2467 1461 2494 rationem
1482 2467 1509 2493 in
1525 2467 1654 2502 quzestio-

865 2522 925 2541 ncm
938 2514 1034 2541 iterum
1047 2514 1138 2541 vocari
1157 2523 1210 2541 non
1239 2518 1355 2549 paterer.
1376 2513 1427 2541 Sed
1443 2514 1572 2548 quoniam
1585 2514 1653 2541 ami-

864 2560 928 2587 citia
943 2560 1042 2594 potius,
1067 2565 1091 2586 et
1111 2560 1227 2594 proximi
1256 2560 1360 2587 utilitas
1376 2560 1402 2586 in
1431 2560 1586 2594 hujusmodi
1606 2568 1656 2588 nos

865 2614 1018 2634 sermonem
1034 2605 1157 2637 adduxit,
1172 2614 1232 2641 age,
1261 2606 1332 2633 hanc
1356 2606 1389 2633 de
1405 2608 1510 2641 integro
1525 2607 1654 2641 quaestio-

865 2661 926 2679 nem
945 2652 1095 2689 disceptare
1112 2653 1200 2680 liceat.
1215 2652 1346 2688 Equidem
1369 2661 1478 2680 sensum
1493 2653 1540 2680 tibi
1552 2661 1653 2684 meum.

864 2699 963 2734 quidve
976 2699 1068 2726 hacin
1089 2699 1273 2734 disputatione
1299 2707 1408 2733 sequar,
1427 2704 1522 2726 notum
1549 2699 1656 2727 abunde

864 2746 913 2773 tibi
929 2750 956 2772 et
970 2746 1139 2780 exploratum
1153 2753 1214 2773 esse
1230 2754 1284 2772 non
1307 2745 1401 2773 dubito
1414 2753 1420 2771 :
1439 2745 1491 2773 hoc
1518 2754 1561 2773 me
1576 2745 1657 2773 nimi-

865 2801 925 2820 rum
941 2800 1031 2828 agere.
1047 2800 1101 2820 non
1115 2797 1143 2819 ut
1155 2791 1348 2819 verisimilibus
1377 2792 1546 2827 argumentis
1558 2792 1655 2820 falsum

88 2882 116 2917 (5)
134 2886 204 2913 Οὕτω
228 2875 391 2923 προλαὲώθ.
415 2891 523 2920 Clarius
549 2896 640 2926 esset,
663 2893 733 2920 οὕτω
759 2893 812 2928 γὰρ

868 2895 945 2922 nlui}.
961 2895 1093 2922 Caeterum
1112 2894 1163 2921 hoc
1181 2898 1371 2929 argumentum
1390 2894 1494 2922 iirmtus
1511 2897 1564 2923 est.

1521 3020 1908 3181 Λ
