3838 6384
515 280 622 336 575

517 404 896 464 extorqueam,
924 392 1019 450 sed
1056 403 1114 447 ut
1140 402 1394 448 accurata
1422 392 1810 461 disquisitione
1851 392 2097 448 illustra-
2128 395 2172 454 Α

520 498 633 542 tum
669 495 723 542 et
758 486 1139 541 conﬁrmatum
1175 500 1364 540 verum
1419 485 1740 540 habeamus.
1770 484 1879 541 Nec
1913 485 2022 541 alio
2051 493 2102 541 te

520 581 704 634 animo
760 594 882 633 esse
920 593 1144 648 prorsus
1187 577 1447 648 intelligo.
1485 575 1604 643 Qua
1651 586 1702 633 te
1733 592 1864 646 ergo
1894 577 2106 632 ratione

521 685 710 722 rerum
746 668 964 738 assequi
998 682 1157 737 posse
1173 667 1481 732 arbitraris,
1513 682 1576 722 ea
1617 667 1714 722 tibi
1748 668 1916 723 libere
1943 676 2107 738 atque

522 763 754 830 ingenue
776 761 1036 816 utendum
1067 769 1266 816 statue.
1307 759 1440 814 Nam
1465 760 1596 815 dum
1626 775 1713 826 eo,
1733 761 1879 831 quod
1910 761 2106 816 melius

522 862 625 916 est,
657 852 919 914 abuteris,
951 867 1062 906 rem
1094 851 1282 920 utique
1316 867 1426 906 non
1461 852 1560 907 tibi
1587 851 1772 918 modo,
1812 853 1908 908 sed
1941 852 2106 908 etiam

523 945 683 1009 mihi,
715 961 875 1014 quem
907 943 1212 1014 ignorantia
1239 943 1518 1010 liberabis,
1574 946 1859 1015 perutilem
1889 944 2106 1000 feceris.

523 1033 680 1088 Nunc
701 1035 864 1104 igitur
893 1032 1228 1088 substantias
1250 1034 1542 1104 quasdam,
1577 1035 1792 1105 opinor,
1817 1035 1959 1090 mala
1985 1051 2109 1093 esse

523 1127 700 1190 voles,
731 1125 876 1195 quod
895 1140 980 1190 ea,
1009 1135 1372 1195 praterquam
1400 1126 1454 1180 in
1479 1125 1819 1192 substantiis,
1837 1144 2106 1198 nusquam

524 1219 751 1272 omnino
783 1217 1088 1274 videantur.
1119 1217 1284 1288 Ergo,
1311 1219 1452 1273 bone
1479 1218 1584 1285 vir,
1625 1235 1747 1274 cum
1774 1219 2108 1275 substantias

524 1311 667 1364 mala
687 1325 812 1364 esse
840 1317 1020 1380 putes,
1039 1309 1288 1379 sequitur
1302 1309 1570 1380 profecto,
1590 1319 1650 1365 ut
1664 1311 1990 1366 excutienda
2008 1327 2108 1366 no-

525 1403 611 1457 bis
632 1402 953 1458 substantize
986 1413 1182 1458 natura
1207 1403 1300 1459 sit.
1335 1404 1415 1457 An
1443 1413 1500 1458 tu
1526 1404 1888 1459 substantiam
1915 1417 2110 1474 corpo—

527 1511 634 1550 γεω
661 1495 822 1550 molis
835 1496 1361 1566 coagmentationem
1381 1496 1618 1567 aliquam
1645 1511 1766 1552 esse
1788 1497 2110 1552 arbitraris?

526 1587 683 1659 351
716 1587 971 1642 Arbitror
986 1605 1135 1644 vero.
1170 1589 1273 1643 Ista
1310 1604 1474 1656 porro
1495 1605 1758 1658 corporea
1787 1590 1960 1645 moles
1977 1605 2107 1644 num

528 1677 596 1728 ita
628 1677 844 1730 exsistit
874 1677 986 1745 ipsa
1026 1691 1120 1745 per
1156 1690 1297 1739 sese,
1343 1676 1546 1730 nullius
1594 1686 1655 1730 ut
1695 1691 1851 1745 opem
1887 1675 2111 1730 omnino

523 1764 815 1829 desideret,
849 1781 914 1820 ac
935 1781 1000 1820 eo
1032 1775 1294 1835 praesente
1330 1775 1444 1820 tum
1474 1781 1599 1821 esse
1643 1766 1866 1835 incipiat
1891 1766 1914 1818 ?
1945 1765 2110 1820 Pror-
2141 1750 2181 1803 Β

526 1870 643 1909 ευε.
697 1855 840 1922 Quid
869 1857 891 1909 ?
919 1855 1056 1910 Num
1111 1857 1208 1910 tibi
1255 1856 1396 1910 mala
1427 1857 1478 1910 in
1510 1857 1727 1911 actione
1755 1857 1995 1926 quadam
2031 1857 2111 1911 vi-

524 1946 720 2002 dentur
748 1963 869 2003 esse
897 1949 1073 2017 posita
1103 1947 1126 2001 ?
1161 1947 1426 2002 Videntur
1448 1963 1601 2003 sane.
1643 1942 1901 2004 Actiones
1926 1957 2107 2003 autem

526 2055 658 2092 num
696 2055 817 2095 esse
846 2049 976 2093 tunc
1001 2041 1242 2110 primum
1271 2039 1563 2108 incipiunt,
1607 2055 1732 2095 cum
1782 2040 1829 2096 is
1881 2042 1971 2111 qui
1999 2043 2111 2111 agit

526 2149 769 2202 praesens
791 2135 1031 2188 adfuerit
1055 2136 1078 2188 ?
1101 2133 1322 2204 Utique.
1353 2135 1449 2189 Sin
1473 2136 1566 2204 qui
1599 2143 1743 2204 aget,
1771 2137 1954 2191 nullus
1980 2137 2106 2203 erit,

525 2242 594 2280 ne
626 2227 678 2278 id
709 2227 950 2296 quidem,
977 2228 1120 2296 quod
1173 2228 1288 2298 ipse
1332 2236 1479 2297 agat,
1532 2243 1654 2283 esse
1682 2229 1882 2298 poterit
1920 2231 1943 2282 ἶ)
1989 2228 2106 2283 Non

525 2319 740 2385 poterit.
773 2319 913 2388 Ergo
941 2321 986 2373 si
1018 2329 1069 2374 et
1121 2321 1425 2375 substantia
1472 2336 1752 2390 corporeae
1799 2321 1959 2377 molis
2015 2337 2110 2376 co-

526 2412 864 2479 agmentatio
913 2413 1160 2481 quaedam
1192 2425 1293 2479 est,
1328 2428 1429 2468 nec
1459 2413 1623 2468 ullius
1642 2414 1985 2482 praesentiam
2018 2429 2106 2468 re-

523 2502 712 2569 quirit,
749 2505 799 2554 in
829 2519 938 2571 quo
977 2514 1094 2558 sata
1126 2503 1399 2558 existendi
1446 2505 1555 2558 vim
1607 2505 1839 2574 accipiat
1875 2514 2106 2560 :contra

527 2609 658 2648 vero
691 2596 834 2648 mala
865 2596 1092 2650 alterius
1137 2596 1424 2666 cujusdam
1463 2598 1712 2653 actiones
1759 2606 1906 2659 sunt,
1934 2598 2104 2654 actio-

527 2703 625 2742 nes
654 2688 770 2742 istaa
798 2703 962 2755 porro
1011 2689 1244 2758 alicujus
1305 2690 1650 2758 praesentiam
1705 2691 2004 2760 postulant,
2051 2691 2106 2744 in

523 2794 634 2848 quo
657 2780 786 2834 dum
847 2780 1002 2845 ﬁunt,
1051 2790 1163 2834 tum
1211 2781 1479 2836 exsistere
1524 2783 1764 2851 primum
1817 2782 2105 2851 incipiunt,

524 2863 696 2925 res'tat
729 2870 973 2940 profecto
1004 2881 1063 2926 ut
1085 2873 1389 2927 substantia
1422 2873 1561 2927 mala
1587 2888 1707 2927 esse
1736 2889 1843 2928 non
1875 2873 2104 2941 possint.

526 2960 681 3027 Quod
711 2965 756 3017 si
784 2979 968 3017 verum
997 2973 1101 3027 est,
1130 2965 1370 3034 itemque
1400 2965 1444 3018 si
1471 2965 1672 3018 malum
1709 2964 1883 3018 (aedes
1904 2973 2008 3030 est,
2041 2979 2104 3018 ac

527 3052 754 3121 proinde
807 3053 1040 3122 alicujus
1095 3055 1284 3120 actio;
1342 3056 1519 3109 caedes
1576 3055 1738 3122 igitur
1793 3055 2098 3110 substantia

526 3163 648 3203 esse
671 3164 776 3202 non
807 3157 1003 3218 potest.
1033 3146 1155 3201 Jam
1185 3148 1230 3202 si
1260 3164 1380 3218 quae
1413 3149 1606 3218 agendi
1650 3148 1758 3201 vim
1790 3149 2009 3209 habent.
2039 3163 2102 3203 ea

526 3239 857 3295 substantias
880 3256 1002 3295 esse
1027 3239 1129 3301 vis,
1161 3238 1335 3294 fateor
1372 3240 1420 3292 id
1449 3239 1669 3308 quidem
1704 3258 1717 3293 :
1759 3240 1921 3293 homo
1953 3240 2100 3293 enim

527 3333 690 3388 catdis
712 3333 944 3401 alicujus
971 3341 1183 3397 auctor,
1209 3341 1482 3401 quatenus
1515 3332 1682 3384 homo
1727 3339 1834 3396 est,
1861 3332 2108 3387 substan-

530 3427 605 3480 tia
634 3424 880 3494 quaadam
911 3434 998 3478 est
1034 3441 1047 3477 :
1083 3439 1204 3493 qua:
1233 3432 1414 3476 tamen
1475 3422 1650 3477 caedes
1684 3422 1753 3476 ab
1783 3440 1849 3476 eo
1923 3423 2011 3486 ﬁt,
2042 3439 2104 3478 ea

529 3532 636 3571 non
678 3515 1008 3581 substantia,
1037 3516 1132 3570 sed
1168 3514 1487 3568 substantia:
1519 3529 1657 3580 opus
1696 3523 1797 3567 est.
1837 3514 2104 3570 Caeterum

530 3608 808 3662 hominem
858 3605 1148 3675 aliquando
1198 3605 1424 3669 malum,
1459 3604 1528 3658 ob
1556 3604 1756 3658 aedem
1796 3605 1864 3657 ab
1894 3604 1985 3658 illo
2014 3621 2107 3674 pa-

529 3706 768 3762 tratam;
804 3697 1097 3765 aliquando
1152 3697 1356 3751 bonum
1410 3707 1631 3766 propter
1686 3695 2008 3750 beneﬁcium
2039 3697 2108 3751 ab

528 3790 720 3846 codem
768 3789 1067 3856 profectum
1125 3790 1462 3859 appellamus
1503 3808 1514 3843 :
1577 3803 1697 3858 qua:
1732 3789 1948 3841 nomina
1987 3804 2108 3856 pro-

529 3895 649 3952 pter
678 3896 740 3935 ea
775 3898 896 3950 qua:
923 3881 1241 3935 substantia:
1278 3880 1645 3950 contigerint,
1706 3880 1772 3933 ad
1812 3880 1981 3948 ipsam
2013 3882 2110 3933 ad-

533 3973 837 4027 haerescunt
867 3973 957 4027 illa
1007 3972 1250 4044 quidem,
1285 3973 1598 4027 substantia
1650 3983 1828 4025 tamen
1861 3972 1975 4039 ipsa
2003 3987 2107 4024 nnn

531 4074 680 4119 sunt.
729 4063 839 4120 Nec
891 4066 1036 4120 enim
1072 4075 1166 4119 aut
1210 4067 1385 4119 caedes
1438 4073 1533 4118 aut
1590 4063 1924 4116 adulterium
1967 4102 1983 4119 .
2019 4073 2113 4116 aut

533 4157 679 4211 aliud
700 4157 1062 4229 quodcunque
1109 4159 1334 4221 ntalem,
1354 4155 1658 4212 substantia
1676 4163 1780 4208 est.
1804 4153 2112 4223 Sedquem-

534 4248 826 4301 admodum
901 4263 930 4300 a
991 4246 1347 4318 grammatica
1404 4244 1868 4315 grammaticum,
1931 4245 2112 4298 retho-

534 4357 648 4395 rem
717 4355 748 4394 a
807 4339 1098 4404 rhetorica,
1142 4354 1170 4391 a
1219 4339 1487 4392 medicina
1528 4337 1800 4391 medicum
1865 4336 2115 4390 numina-

535 4446 680 4494 mus,
703 4445 824 4482 eum
857 4438 1036 4482 tamen
1067 4443 1240 4498 neque
1274 4429 1568 4492 medicina,
1599 4443 1775 4497 neque
1818 4427 2106 4489 rlntorica,
2145 4441 2187 4497 ι)

537 4534 717 4588 neque
758 4517 1112 4588 grammatica
1146 4517 1452 4573 substantia
1483 4516 1593 4572 sit:
1643 4517 1733 4570 sed
1773 4527 1982 4571 tantum
2038 4533 2105 4571 ex

533 4609 602 4664 iis
625 4626 747 4679 quae
779 4609 881 4664 sibi
905 4610 1180 4670 eveniunt,
1206 4608 1347 4661 banc
1380 4608 1688 4671 nominum,
1721 4624 1952 4677 quorum
1987 4607 2105 4674 ipsa

535 4701 740 4755 nullum
793 4708 894 4761 est,
946 4697 1261 4752 varietatem
1304 4698 1586 4753 sortiatur.
1643 4695 1735 4751 Sic
1768 4700 1836 4750 ab
1886 4697 1951 4750 iis
1987 4713 2108 4767 qua:

535 4794 696 4863 vulgo
729 4792 866 4845 mala
919 4801 1248 4854 censentur,
1303 4790 1620 4844 substantia:
1670 4805 1867 4843 nomen
1904 4789 2105 4853 imponi

534 4899 734 4951 statuo,
768 4901 1002 4956 quorum
1027 4894 1206 4939 tamen
1233 4885 1347 4952 ipsa
1375 4884 1582 4936 nullum
1615 4891 1717 4936 est.
1749 4881 1984 4935 Perinde
2011 4897 2108 4935 au-

534 4989 641 5036 tem
672 4977 1043 5049 philosophari
1066 4977 1253 5040 debes,
1292 4985 1349 5030 ut
1380 4975 1547 5029 alium
1591 4975 1833 5044 aliquem
1872 4973 2107 5026 homini-

533 5072 633 5127 bus
656 5071 924 5125 malorum
969 5080 1250 5124 auctorem
1269 5067 1454 5122 animo
1475 5079 1529 5121 et
1549 5065 1877 5135 cogitatione
1909 5064 2102 5134 ﬁngas,

533 5179 770 5232 eumque
821 5162 1073 5218 similiter
1106 5201 1121 5225 ,
1157 5169 1429 5230 quatenus
1460 5161 1514 5213 in
1549 5161 1682 5229 ipsis
1729 5158 1869 5213 male
1912 5156 2105 5227 agendi

537 5256 857 5326 principium
883 5265 937 5308 et
967 5269 1130 5308 causa
1167 5253 1414 5322 quaedam
1444 5263 1548 5318 est,
1579 5253 1650 5308 ob
1679 5253 1768 5307 illa
1798 5252 1915 5322 ipsa
1943 5291 1958 5314 ,
1986 5266 2108 5320 qua:

537 5346 665 5415 agit,
697 5347 899 5401 malum
946 5361 1088 5400 esse.
1130 5342 1266 5398 Nam
1300 5345 1477 5399 malus
1508 5345 1695 5414 utique
1741 5344 1943 5398 dicitur
1993 5344 2109 5412 ipse

2132 3099 2173 3154 C

607 5458 684 5528 (6)
716 5457 1120 5526 Παραστῆναι.
1181 5456 1462 5528 Usitatius
1521 5457 2105 5528 Υιιθτὶιηπαραστῆσαι.

608 5526 684 5597 (7)
713 5531 778 5580 Et
831 5528 898 5581 δὲ
944 5530 1145 5583 οὐσίαι
1192 5529 1264 5582 τὰ
1313 5526 1500 5592 κακά,
1531 5534 1635 5581 etc.
1687 5526 1942 5582 Mendosa
1983 5526 2109 5581 bam

538 5609 698 5665 sunt;
745 5614 866 5666 quae
911 5599 1067 5652 facile
1098 5599 1176 5653 sie
1205 5599 1481 5663 emendes,
1511 5599 1569 5650 Ei
1616 5597 1671 5650 δὲ
1717 5599 1790 5668 μὴ
1832 5597 2006 5651 οὐσίαι
2041 5599 2108 5650 τὰ

535 5669 700 5735 κακὰ,
729 5669 893 5721 κακὸν
923 5670 982 5720 δὲ
1005 5673 1033 5722 6
1056 5670 1232 5737 φόνος,
1266 5678 1370 5724 etc.

603 5741 676 5808 (8)
715 5741 989 5794 Ἔσονται
1032 5740 1279 5795 τούτων.
1324 5741 1734 5809 Ἀσυλλόγιστος
1761 5739 1972 5795 videtur
2003 5740 2108 5795 ista

1158 274 1431 333 EUSEBII
1469 274 1958 332 CAESABIENSIS
1996 274 2148 331 OPP.
2185 273 2364 330 PARS
2401 274 2465 330 ll.
2507 304 2576 316 —
2614 271 3118 331 APOLOGETICA.

3613 278 3692 334 516

2201 389 2632 462 δυσωπούμενος.
2681 391 2756 445 Οὐ
2813 389 2925 462 γὰρ
2982 388 3205 444 σεαυτδν
3261 383 3536 462 ὠφελήσεις
3559 394 3697 463 μόνον,

2205 484 2548 554 χρησάμενος
2585 483 2664 556 τῷ
2709 483 2999 556 κρείττονι,
3034 483 3170 537 ἀλλὰ
3217 485 3422 547 πάντως
3451 485 3577 556 κάμὲ
3611 490 3707 560 περὶ

2203 568 2278 630 ὧν
2301 575 2500 645 ἀγνοῶ.
2531 574 2723 643 Σαφῶς
2744 573 3088 646 παραστῆναί
3133 574 3208 645 (6)
3241 591 3329 644 μοι
3366 574 3524 640 δοκεῖς
3549 577 3625 630 καὶ
3659 579 3708 632 τὰ

2204 667 2350 721 κακὰ
2387 666 2575 730 οὐσίας
2597 665 2864 737 ὑπάρχειν
2883 663 3053 728 τινάς·
3093 663 3216 716 οὐδὲ
3255 663 3362 734 γὰρ
3390 663 3530 728 ὲικτδς
3560 667 3710 721 οὐσιῶν

2205 761 2345 816 αὐτὰ
2371 760 2498 813 ὄντα
2523 759 2721 830 βλέπω.
2769 759 2922 811 Ἐπεὶ
2945 756 3144 820 τοίνυν,
3166 750 3211 810 ὦ
3240 751 3407 821 οὗτος,
3424 757 3589 811 καὶτὰ
3604 761 3712 814 κακὰ

2204 851 2389 913 οὐσίας
2402 847 2539 904 εἶναι
2553 849 2749 919 λέγεις,
2766 848 2980 918 ἀνάγκη
2995 846 3085 900 τὸν
3101 845 3198 916 τῆς
3213 845 3393 909 οὐσίας
3409 844 3640 910 ἐξετάζειν
3653 847 3715 900 λό-

2206 956 2323 1008 γον.
2342 939 2498 991 Δοκεῖ
2520 954 2601 991 σοι
2617 939 2716 1008 τὴν
2744 937 2932 992 οὐσίαν
2968 937 3286 1007 σωματικήν
3301 953 3417 989 τινα
3429 935 3646 989 σύστασιν
3659 934 3715 990 εἷ-

2206 1048 2293 1086 ναι
2313 1048 2327 1097 ;
2346 1033 2520 1087 Δοκεῖ.
2559 1031 2623 1084 Ἢ
2641 1031 2698 1085 δὲ
2717 1030 3003 1103 σωματικὴ
3035 1029 3292 1094 σύστασις
3316 1029 3448 1101 αὐτη
3475 1030 3548 1098 ἐφ’
3567 1030 3716 1101 ἑαυτῆς

2209 1125 2442 1197 ὑπάρχει
2465 1125 2526 1177 οὐ
2548 1123 2773 1195 δεομένη
2811 1125 2980 1188 τινὸς,
3009 1116 3070 1177 οὗ
3099 1121 3393 1193 γενομένου
3416 1119 3474 1174 τὸ
3503 1115 3622 1174 εἶναι
3646 1121 3716 1192 λή-

2207 1215 2402 1287 ψεται;
2441 1216 2626 1280 Οὕτως
2658 1215 2790 1286 ἔχει.
2819 1219 2978 1270 Δοκεῖ
3016 1214 3074 1268 δέ
3104 1233 3186 1270 σοι
3219 1213 3288 1267 τὰ
3323 1212 3465 1267 κακὰ
3497 1214 3717 1284 ἐνεργείας

2209 1303 2348 1362 εἷναί
2373 1325 2552 1374 τινος;
2587 1307 2742 1361 Οὕτω
2773 1324 2861 1379 μοι
2885 1306 3155 1377 φαίνεται.
3183 1305 3249 1357 Αἱ
3276 1304 3333 1357 δὲ
3366 1304 3610 1374 ἐνέργειαι
3634 1306 3721 1358 τότε

2208 1399 2270 1452 τὸ
2306 1394 2446 1453 εἶναι
2488 1397 2892 1468 λαμϐάνουσιν,
2943 1395 3094 1450 ὁπότ’
3140 1395 3206 1448 ἂν
3251 1395 3280 1447 6
3309 1393 3535 1466 ἐνεργῶν
3577 1399 3714 1467 παρῇ;

2211 1489 2398 1554 Οὕτως
2430 1488 2563 1560 ἔχει.
2599 1489 2714 1541 Οὐκ
2739 1487 2892 1552 ὄντος
2913 1487 2970 1541 δὲ
2991 1485 3085 1540 τοῦ
3110 1485 3482 1556 ἐνεργοῦντος,
3507 1485 3604 1539 οὐδ’
3623 1487 3724 1558 ὅπερ

2211 1582 2423 1652 ἔνεργεῖ
2460 1579 2612 1634 ἔσται
2657 1579 2786 1633 ποτέ
2809 1596 2824 1644 ;
2849 1580 2964 1634 Οὐκ
3009 1577 3182 1632 ἔσται.
3231 1577 3438 1632 Οὐκοῦν
3472 1579 3517 1630 εί
3550 1580 3580 1647 ἡ
3609 1578 3724 1630 οὐσία

2215 1675 2498 1744 σωματικὴ
2523 1691 2604 1738 τις
2627 1673 2744 1727 ἐστὶ
2779 1672 3056 1737 σύστασις,
3089 1672 3228 1743 αὕτη
3249 1672 3304 1726 δὲ
3336 1672 3396 1725 οὐ
3421 1671 3576 1725 δεῖταί
3601 1689 3724 1736 τινος,

2209 1768 2267 1819 ἐν
2288 1760 2332 1834 ᾧ
2352 1766 2614 1837 γενομένη
2635 1765 2694 1820 τὸ
2721 1761 2860 1819 εἷναι
2884 1765 3148 1836 λήψεται·
3177 1764 3246 1818 τὰ
3268 1764 3326 1817 δὲ
3353 1763 3494 1817 κακὰ
3513 1764 3726 1834 ἐνέργειαι

2211 1859 2512 1932 ὑπάρχουσί
2534 1875 2697 1923 τινος,
2733 1858 2788 1910 αἱ
2817 1857 2875 1910 δὲ
2901 1857 3173 1928 ἐνέργειαι
3199 1855 3411 1909 δέονταί
3447 1873 3607 1919 τινος,
3640 1848 3729 1921 ὲνῷ

2208 1951 2496 2021 γενόμεναι
2521 1949 2580 2002 τὸ
2600 1945 2740 2004 εἶναι
2767 1948 3137 2019 λαμϐάνουσιν
3157 1964 3170 1978 ·
3217 1949 3318 2001 οὐκ
3357 1947 3559 2001 ἔσονται
3593 1947 3728 2000 οὐσίαι

2208 2043 2277 2096 τὰ
2308 2041 2454 2096 κακά
2481 2041 2578 2112 ('7).
2606 2042 2669 2094 Εί
2699 2041 2755 2094 δὲ
2775 2039 2954 2093 οὐσίαι
2976 2040 3043 2093 τὰ
3067 2037 3233 2101 κακὰ,
3261 2037 3436 2092 κακὸν
3466 2037 3521 2090 δὲ
3547 2039 3572 2090 6
3593 2037 3730 2107 φόνος,

2210 2133 2455 2205 ἐνέργεια
2481 2133 2717 2204 ὑπάρχει
2744 2131 2910 2195 τινὸς,
2935 2133 3036 2184 οὐκ
3061 2131 3207 2184 ἐστιν
3228 2131 3338 2202 ἄρα
3365 2131 3516 2183 οὐσία
3535 2131 3562 2183 6
3592 2131 3728 2198 φόνος.

2209 2221 2272 2274 Εἰ
2301 2220 2357 2273 δὲ
2384 2220 2450 2274 τὰ
2487 2219 2816 2291 ἐνεργοῦντα
2865 2219 3053 2272 οὐσίαν
3091 2214 3235 2272 εἶναι
3287 2219 3495 2283 θέλεις,
3531 2219 3734 2290 σύμφημι

2209 2311 2381 2380 κάγώ.
2431 2306 2555 2365 Οἴον
2605 2311 2892 2383 ἄνθρωπος
2925 2314 2954 2366 ὁ
2993 2312 3188 2381 φονεὺς
3213 2349 3227 2375 ,
3264 2310 3386 2364 καθ’
3414 2311 3473 2363 ὃν
3504 2311 3591 2381 μὲν
3619 2310 3733 2376 λόγον

2207 2402 2493 2474 ἄνθρωπός
2528 2405 2674 2456 ἐστιν
2694 2445 2709 2470 ,
2745 2405 2982 2476 ὑπάρχει
3011 2403 3168 2458 οὐσία
3186 2422 3200 2435 ⁸
3225 2408 3254 2459 6
3276 2403 3356 2467 δὲ,
3403 2403 3461 2457 ὃν
3496 2405 3640 2463 ποιεῖ,
3665 2401 3733 2469 τόν

2207 2511 2316 2558 νος,
2342 2494 2442 2546 οὐκ
2468 2494 2611 2548 ἔστιν
2637 2496 2815 2559 οὐσία,
2841 2497 2954 2549 ἀλλ’
2987 2495 3144 2568 ἔργον
3165 2497 3265 2568 τῆς
3304 2495 3510 2559 οὐσίας.
3543 2494 3736 2562 Λέγομεν

2208 2583 2264 2636 δὲ
2291 2583 2380 2636 τον
2413 2583 2698 2654 ἄνθρωπον
2739 2585 2869 2638 ποτὲ
2915 2585 3014 2656 μὲν
3046 2585 3245 2648 κακὸν,
3290 2586 3383 2638 διὰ
3416 2584 3475 2638 τὸ
3503 2581 3736 2652 φονεύειν,

2209 2674 2339 2727 ποτὲ
2384 2674 2427 2727 δ’
2480 2671 2547 2728 αὖ
2595 2674 2776 2739 πάλιν,
2814 2675 2907 2728 διὰ
2944 2675 3004 2728 τὸ
3039 2677 3386 2747 εὐεργετεῖν,
3432 2677 3636 2745 ἀγαθόν.
3659 2677 3740 2728 Καὶ

2208 2768 2612 2838 προσπλέκεται
2665 2768 2840 2820 ταῦτα
2880 2768 2948 2821 τὰ
2996 2768 3240 2840 ὀνόματα
3292 2773 3359 2840 τῇ
3390 2771 3543 2841 οὐσίᾳ
3581 2771 3636 2821 ἐκ
3662 2766 3739 2821 τῶν

2210 2855 2633 2927 συμϐεϐηκότων
2659 2858 2819 2928 αὐτῇ,
2853 2858 3009 2911 ἆτινα
3037 2861 3136 2912 οὐκ
3161 2859 3310 2912 ἔστιν
3332 2860 3492 2930 αὕτη.
3521 2861 3640 2914 Οὐτε
3661 2858 3741 2927 γὰρ

2209 2949 2365 3016 φόνος
2395 2949 2541 3001 ἐστὶν
2575 2950 2606 3019 ἡ
2634 2949 2813 3011 οὐσία,
2836 2948 2947 3002 οὔτ’
2977 2945 3043 3003 αὖ
3077 2950 3293 3020 πάλινὴ
3323 2951 3554 3022 μοιχεία,
3584 2948 3684 3001 οὐτε
3703 2964 3740 2999 τι

2207 3040 2314 3093 τῶν
2335 3040 2534 3111 ὁμοίων
2567 3041 2752 3094 κακῶν
2774 3058 2787 3072 ’
2819 3042 2934 3094 ἀλλ’
2963 3041 3152 3113 ὥσπερ
3185 3042 3294 3096 ἀπὸ
3340 3044 3441 3114 τῆς
3480 3058 3742 3113 γραμματι-

2207 3132 2308 3202 κῆς
2340 3135 2368 3185 ὁ
2402 3132 2784 3202 γραμματικὸς
2827 3132 3064 3200 λέγεται,
3095 3134 3189 3186 καὶ
3219 3133 3328 3186 ἀπὸ
3354 3133 3456 3204 τῆς
3500 3131 3742 3208 ῥητορικῆς

2205 3226 2233 3276 ὁ
2263 3227 2465 3296 ῥήτωρ,
2498 3225 2592 3277 καὶ
2621 3225 2730 3276 ἀπὸ
2756 3224 2855 3294 τῆς
2888 3224 3140 3297 ἰατρικῆς
3173 3228 3202 3278 6
3231 3226 3441 3296 ἰατρὸς,
3478 3227 3572 3295 τῆς
3599 3223 3743 3283 οὐσίας

2207 3318 2317 3371 οὔτ’
2347 3317 2595 3387 ἰατρικῆς
2616 3314 2803 3386 οὐσης,
2827 3315 2950 3368 οὔτε
2976 3315 3079 3387 μὴν
3099 3316 3400 3386 ῥητορικῆς
3419 3357 3435 3381 ,
3469 3315 3583 3368 οὔτε
3607 3329 3743 3383 γραμ-

2211 3409 2464 3480 ματικῆς,
2483 3409 2597 3461 ἀλλ’
2615 3409 2722 3461 ἀπὸ
2745 3409 2854 3461 τῶν
2882 3407 3308 3478 συμϐεϐηκότων
3333 3410 3470 3478 αὐτῇ
3495 3407 3585 3477 τὴν
3613 3419 3743 3474 προσ-

2207 3500 2434 3570 ηγορίαν
2487 3498 2898 3569 λαμϐανούσης,
2947 3500 3038 3567 ἀφ’
3085 3492 3159 3552 ὧν
3197 3496 3377 3561 οὕτως
3435 3491 3744 3565 ὀνομάζεσθαι

2206 3592 2370 3654 δοκεῖ,
2395 3592 2506 3644 οὐδ’
2536 3592 2697 3645 ὁπότε
2709 3609 2797 3662 ρον
2817 3591 2996 3644 αὐτῶν
3024 3586 3159 3646 οὖσα
3177 3608 3190 3621 ο
3218 3591 3427 3661 ὁμοίως
3477 3607 3562 3659 μοι
3597 3586 3743 3656 φαίνε-

2207 3702 2298 3737 ται
2335 3685 2428 3748 καὶ
2472 3685 2578 3744 ἀπο
2608 3684 2716 3736 τῶν
2746 3684 3047 3737 δοκούντων
3073 3681 3210 3737 εἷναι
3242 3682 3431 3736 κακῶν
3470 3683 3565 3752 τὴν
3597 3679 3746 3731 οὐσίαν

2209 3778 2380 3840 Matt-3t
2420 3775 2892 3848 προσλαμϐάνειν,
2939 3776 3047 3829 οὐδ’
3088 3775 3350 3845 ὁπότερον
3393 3770 3556 3827 οὖσαν
3588 3770 3746 3823 αὐτῶν.

2212 3869 2321 3919 Καὶ
2350 3867 2439 3937 ενοι
2460 3865 2659 3936 ὁμοίως
2680 3866 2986 3935 ἐπινόησον,
3011 3863 3064 3917 εἴ
3080 3881 3200 3918 τινα
3218 3863 3305 3916 ’ἐτε
3317 3881 3408 3934 ρον
3437 3859 3747 3916 ἀναπλάττεις

2212 3960 2268 4010 ἐν
2291 3957 2370 4028 τῷ
2397 3957 2473 4026 »ᾧ
2497 3958 2603 4010 τῶν
2631 3957 2814 4012 κακῶν
2838 3961 2948 4022 τοῖς
2977 3955 3286 4028 ἀνθρώποις
3330 3957 3536 4016 αἴτιον,
3573 3951 3638 4013 ὼς
3671 3948 3748 4000 κὰδ

2212 4055 2406 4113 κεῖνος,
2434 4051 2568 4104 καθὸ
2600 4053 2656 4102 ὲν
2689 4049 2899 4112 τούτοις
2934 4051 3148 4120 ἐνεργεῖ
3181 4051 3273 4100 καὶ
3303 4045 3589 4099 ὑποϐάλλει
3615 4041 3749 4092 ποιεῖν

2211 4143 2279 4196 τὰ
2312 4143 2476 4200 κακὰ,
2498 4144 2612 4194 ἐστὶ
2641 4142 2730 4196 καὶ
2753 4141 2915 4202 αὐτὸς
2942 4139 3111 4202 κακὸς
3137 4139 3194 4203 ἐξ
3228 4131 3304 4190 ὧν
3331 4140 3495 4191 ποιεῖ.
3516 4135 3606 4188 Διὰ
3628 4131 3750 4186 τοίτο

2213 4236 2321 4307 γὰρ
2369 4237 2616 4299 κάκεῖνος
2662 4237 2830 4297 κακὸς
2871 4229 3008 4287 εἶναι
3055 4233 3294 4300 λέγεται,
3326 4233 3408 4285 ὅτι
3450 4231 3554 4283 τῶν
3601 4223 3749 4280 κακῶν

2214 4327 2332 4379 ἐστι
2367 4328 2595 4398 ποιητής
2615 4344 2627 4356 ’
2658 4327 2694 4380 ἃ
2720 4326 2775 4379 δέ
2798 4343 2881 4389 τις
2916 4328 3079 4387 ποιεῖν
3114 4325 3213 4378 οὐκ
3258 4323 3410 4377 ἔστιν
3439 4322 3591 4383 αὐτὸς
3613 4359 3627 4381 9
3664 4314 3749 4370 ἀλλ’

2214 4422 2270 4473 αἱ
2305 4420 2573 4490 ἐνέργειαι
2597 4417 2779 4479 αὐτοῦ,
2809 4417 2900 4485 ἀφ’
2935 4411 3011 4471 ὧν
3043 4416 3140 4487 τὴν
3164 4417 3541 4488 προσηγορίαν
3572 4411 3652 4464 τοῦ
3677 4426 3750 4460 κεν

2211 4515 2305 4578 κὸς
2338 4512 2590 4580 λέγεσθαι
2622 4511 2905 4580 λαμϐάνει.
2933 4510 2995 4561 Εἰ
3027 4509 3132 4579 γὰρ
3154 4509 3316 4560 αὐτὸν
3343 4508 3603 4579 ὑπάρχειν
3617 4501 3751 4555 εἴποι-

2215 4624 2332 4677 μεν,
2363 4606 2399 4659 δι
2425 4607 2588 4667 ποιεῖ,
2621 4606 2765 4655 ποιεῖ
2794 4603 2849 4655 δὲ
2880 4602 3072 4671 φόνους
3126 4602 3221 4654 καὶ
3253 4599 3522 4670 μοιχείας,
3545 4596 3632 4650 καὶ
3657 4593 3750 4645 κλοο

2212 4699 2339 4764 πᾶς,
2366 4700 2457 4751 καὶ
2476 4699 2572 4750 ὅσα
2597 4697 2806 4760 τούτοις
2826 4697 3008 4766 ὅμοια,
3040 4695 3202 4758 αὐτός
3224 4696 3344 4746 ἐστι
3390 4692 3582 4746 ταῦτα.
3621 4689 3675 4742 ΕΞ
3708 4685 3750 4737 δὲ

2209 4790 2360 4845 ταῦτ’
2394 4791 2536 4844 ἐστιν
2561 4790 2742 4853 αὐτὸς,
2765 4789 2937 4842 ταῦτα
2965 4788 3010 4841 δ’
3039 4789 3128 4841 ὅτε
3164 4789 3374 4856 γίνεται
3399 4786 3499 4856 τὴν
3535 4784 3750 4836 σύστασιν

2212 4884 2344 4954 ἔχει.
2368 4883 2426 4935 οὐ
2454 4882 2711 4951 γινόμενα
2737 4881 2793 4932 δὲ
2824 4883 2918 4934 καὶ
2943 4879 3034 4932 τοῦ
3072 4875 3211 4932 εἶναι
3267 4879 3541 4938 παύεται,
3577 4872 3749 4943 γίνεται

2209 4977 2264 5029 δὲ
2288 4975 2458 5028 ταῦτα
2495 4974 2628 5045 πρὸς
2654 4973 2954 5043 ἀνθρώπιον
2976 4989 2987 5001 ·
3021 4971 3234 5025 ἔσονται
3260 4970 3468 5024 τούτων
3499 4970 3573 5039 (8)
3602 4969 3645 5021 oi
3678 4963 3749 5017 ἄν·

2211 5069 2416 5141 θρωποι
2443 5066 2683 5136 ποιηταὶ,
2713 5066 2806 5118 καὶ
2835 5064 2930 5117 τοῦ
2964 5061 3098 5118 εἶναι
3144 5064 3238 5117 καὶ
3281 5063 3373 5116 τοῦ
3422 5061 3608 5133 μηκέτ’
3641 5053 3749 5112 εἶναι

2211 5162 2390 5215 αἴτιοι.
2431 5161 2489 5213 Εἰ
2510 5159 2566 5212 δὲ
2590 5158 2762 5212 ταῦτα
2791 5158 3067 5229 ἐνεργείας
3091 5155 3253 5209 αὐτοῦ
3281 5158 3409 5227 φῂς,
3443 5155 3502 5219 ἐξ
3527 5149 3597 5207 ὧν
3619 5149 3748 5207 ποιεί,

2209 5255 2269 5308 τὺ
2298 5253 2465 5317 κακὸς
2497 5247 2633 5305 εἶναι
2667 5251 2800 5320 ἔχει,
2827 5251 2926 5304 οὐκ
2954 5250 3011 5314 ἐξ
3042 5243 3116 5303 ὧν
3139 5251 3341 5319 ἐστινὴ
3380 5248 3556 5302 οὐσία.
3598 5242 3749 5299 Κακδν

2209 5345 2264 5398 δὲ
2285 5345 2508 5416 εἴπομεν
2538 5341 2792 5413 λέγεσθαι
2839 5342 2947 5395 ἀπὸ
2974 5341 3082 5394 τῶν
3123 5342 3549 5414 συμϐεϐηκότων
3585 5342 3646 5410 τῇ
3678 5336 3748 5390 0'5-

2211 5459 2510 5515 couclusio.
2538 5455 2896 5512 Beicrcndum
2921 5457 3063 5512 enim
3096 5458 3280 5525 potius
3310 5455 3523 5521 fuisset,
3547 5448 3750 5507 hominis

2211 5545 2428 5600 quoque
2499 5538 2787 5600 naturam,
2841 5544 2937 5595 pro
3004 5537 3149 5600 tanta
3205 5544 3382 5582 rerum
3435 5528 3664 5600 istarum
3710 5527 3752 5571 et

2212 5597 2486 5654 actionum
2545 5598 2845 5651 tnutatioue
2907 5598 3102 5651 mutari
3136 5638 3149 5656 .
3202 5613 3321 5664 (iure
3361 5597 3447 5650 sui
3510 5603 3751 5662 tantopere

2212 5670 2512 5736 dissimilis,
2545 5684 2666 5725 esse
2695 5669 2856 5724 toties
2885 5679 2937 5724 et
2961 5668 3221 5740 inciperet
3257 5678 3304 5721 et
3329 5668 3612 5722 desineret.
