1919 3192
72 205 113 234 571

72 263 115 297 σία,
128 261 195 288 ἅτινα
204 260 250 287 οὐκ
261 260 333 287 ἐστιν
352 261 368 296 ἡ
390 259 484 292 οὐσία,
498 260 535 292 ὡς
559 261 613 287 ἀπὸ
633 261 682 296 τῆς
699 260 824 296 ἰατρικῆς
840 264 861 291 Α

71 308 151 343 ιιτρόν.
162 307 189 332 Εἰ
203 306 229 333 δὲ
241 306 271 338 ἐξ
289 303 325 333 ὥν
338 307 454 341 ἐνεργεῖ,
466 306 552 342 ἀρχὴν
567 306 614 333 τοῦ
631 305 698 333 εἶναι
720 306 825 341 λαμϐά-

69 362 107 383 νει,
120 352 207 388 ἧρξατο
219 352 342 383 κάκεῖνος
356 349 423 378 εἶναι
437 352 531 384 κακὸς,
543 352 644 387 ἤρξατο
652 352 679 378 δὲ
692 352 738 379 καὶ
748 352 824 378 ταυτὶ

69 399 94 425 τὰ
104 398 170 425 κακά.
186 398 213 424 El
222 397 249 424 δὲ
263 397 349 429 οὕτως
360 397 428 433 ἔχει,
443 399 493 425 οὐκ
510 398 584 425 ἔσται
594 399 718 434 ἀνάρχως
729 398 823 430 κακὸς,

69 444 115 471 οὐδὲ
122 442 243 479 ἀγέννητα
256 442 292 469 τὰ
304 443 387 475 κακὰ,
402 443 440 479 τῷ
451 444 567 480 γεννητὰ
582 444 651 480 πρὸς
662 444 744 471 αὑτοῦ
756 442 825 472 εἶναι

69 489 140 523 φάναι.
156 488 203 514 Τὸν
220 488 268 523 μὲν
282 489 350 524 πρὸς
367 489 413 515 τὸν
428 489 533 525 ἕτερον,
550 486 573 516 ὧ
585 490 656 524 φίλε,
671 490 748 524 λόγον
766 491 826 517 ἰκα-

68 534 107 565 νῶς
119 541 156 568 μοι
165 533 326 568 πεποιῆσθαι
338 533 440 566 δοκεῖς·
454 533 483 566 ἐξ
494 531 532 561 ὧν
547 534 601 570 γὰρ
618 534 769 570 προῦλαὸες
787 534 825 570 τῷ

68 579 128 614 λόγῳ,
139 580 167 605 ὲκ
178 578 277 605 τούτων
293 580 421 613 συνάγειν
433 579 525 612 ἔδοξας
538 580 637 612 καλῶς.
659 581 702 612 Ὡς
718 580 825 616 ἀληθῶς

67 624 145 660 γὰρ,εῑ
166 624 255 656 ἄποιος
268 624 417 659 ἐτύγχανεν
434 626 450 661 ἡ
473 624 540 661 ὕλη,
558 626 611 652 τῶν
632 626 659 652 δὲ
676 627 825 662 ποιοτήτων

65 669 198 704 δημιουργὸς
213 670 331 706 ὑπάρχει
345 672 359 697 ὁ
374 671 440 703 Θεὸς
450 691 457 702 ,
474 673 615 707 ποιότητες
637 672 666 698 δὲ
683 672 717 699 τὰ
735 672 824 703 κακὰ,

64 714 105 741 τῶν
121 715 204 742 κακῶν
229 717 287 743 ἐστι
310 717 425 753 ποιητὴς
445 718 459 743 ὁ
477 717 553 749 Θεός.
581 716 664 750 Οὗτος
687 719 736 753 μὲν
750 716 796 745 οὖν
811 720 826 745 ὁ

64 759 123 794 λόγος
134 761 195 796 πρὸς
207 762 312 788 ἐκεῖνον
332 762 451 798 εἰρήσθω
471 762 577 795 καλῶς·
600 764 662 798 ἐμοὶ
679 763 707 790 δὲ
729 763 826 799 ψεῦδος

65 806 120 832 ἰοχεῑ
128 806 170 841 τὴν
180 806 245 843 ὓλην
258 807 356 834 ἄποιον
370 806 438 834 εἶναι
450 807 548 843 λέγειν.
563 809 630 835 Οὐδὲ
647 809 701 845 γὰρ
723 809 825 836 ἔνεστιν

65 852 130 878 εἰπεῖν
141 852 199 888 περὶ
209 852 369 887 ἡστινοσοῦν
390 851 477 884 αἰτίας
487 859 500 872 ι
521 854 559 885 ὡς
572 853 644 879 ἐστιν
657 854 764 885 ἄποιος·
779 856 826 881 καὶ

64 896 104 932 γὰρ
115 897 139 923 ἐν
150 893 170 930 ᾧ
184 897 278 924 ἄποιον
294 896 364 924 εἶναι
379 898 461 932 λέγει,
474 898 523 934 τὴν
534 899 665 934 ποιότητα
678 900 762 935 αὐτῆς
773 909 824 936 μη-

64 941 119 974 νύει,
136 942 208 969 ὁποία
225 943 286 969 ἐστὶ
310 944 327 978 ή
354 943 402 979 ὖλη
420 943 648 979 διαγραφόμενος,
661 944 729 980 ὅπερ
751 945 825 971 ἐστὶν

66 987 180 1024 ποιότητος
201 986 280 1020 εἶδος.
301 989 382 1016 ὀοεν
404 990 430 1016 ετ
448 998 488 1016 σοι
513 990 590 1024 φίλον
616 991 701 1020 ἐστὶν.
723 991 826 1018 ἀνωθεν

65 1033 112 1069 ῐιου
125 1035 185 1070 πρὸς
199 1036 249 1070 ἐμὲ
262 1035 313 1062 τοῦ
326 1035 415 1069 λόγου.
440 1036 517 1071 Ἐμοὶ
532 1036 587 1072 γὰρ
599 1037 617 1072 ὴ
633 1036 681 1072 ὕλη
701 1037 826 1073 ανάρχως

65 1081 181 1116 namque
193 1081 264 1117 ἔχειν
277 1082 353 1109 δοκεί
362 1091 368 1097 ν
397 1082 467 1109 οὕτω
478 1082 532 1118 γὰρ
549 1083 596 1110 καὶ
608 1083 642 1109 τὰ
654 1083 728 1110 κακὶι
739 1084 770 1110 ἐκ
778 1084 827 1119 τῆς

63 1127 185 1163 ἁπερροίας
199 1128 287 1163 αὐτῆς
304 1125 373 1155 εἶναι
385 1128 467 1162 λέγω,
487 1128 531 1155 ἴνα
551 1128 606 1154 τῶν
629 1128 722 1155 κακῶν
740 1129 754 1155 ὁ
778 1129 826 1164 μὲν

62 1171 111 1203 Θεὸς
129 1172 242 1203 ἀναίτιος
264 1170 303 1209 ᾗ,
320 1171 423 1199 τούτων
438 1171 467 1198 δὲ
492 1171 649 1206 ἁπάντωνὴ
667 1171 716 1206 ὕλη
741 1171 824 1198 αἰτία.

63 1218 103 1253 τὴν
117 1218 158 1252 μὲν
168 1218 324 1253 προθυμίαν
338 1217 387 1253 τὴν
403 1217 451 1254 σὴν
467 1218 645 1252 ἀποδέχομαι,
663 1214 685 1244 ὦ
699 1217 769 1251 φίλε,
780 1217 827 1244 καὶ

63 1263 96 1289 σοῦ
106 1263 148 1298 τὴν
161 1264 187 1290 ὲν
201 1264 257 1295 τοῖς
269 1263 362 1297 λύγοις
372 1262 490 1298 σπουδὴν
504 1262 617 1289 ἐπαινῶ.
636 1262 760 1297 Προσῆκε
772 1261 827 1297 γὰρ

61 1308 89 1339 ὡς
99 1309 192 1344 ἀληθῶς
205 1309 326 1336 ἕκαστον
341 1308 396 1335 τῶν
408 1308 565 1344 φιλομαοιῖη
588 1308 627 1343 μὴ
653 1301 761 1340 ἁπλῶς,
780 1307 827 1334 καὶ

60 1353 88 1385 ὡς
105 1354 173 1390 ἔτυχε
201 1354 454 1389 συγκατατίθεσθαι
480 1356 536 1386 τοῖς
564 1354 742 1389 λεγομένοις,
768 1353 825 1380 ἀλλ’

60 1400 140 1436 ἀκριϐῆ
153 1401 288 1428 ποιεῖσθαι
302 1400 352 1435 τὴν
368 1400 489 1433 ἐξέτασιν
503 1399 557 1426 τῶν
571 1400 668 1434 λόγων.
688 1399 755 1426 υὺδὲ
773 1400 826 1435 γὰρ

61 1446 269 1481 εῑόπφσζητῶν,
284 1446 440 1481 παράλογον
453 1445 615 1481 ὁρισάμενος
633 1445 759 1480 ἀφορμὴν
777 1445 825 1479 (9),

61 1490 159 1525 παρέσχε
173 1489 211 1525 τῷ
227 1489 485 1526 προσδιαλεγομένῳ
510 1488 638 1523 συνάγειν
665 1487 702 1520 ὡς
729 1487 825 1518 ἐθέλει,

61 1535 120 1562 τοῦτο
132 1536 173 1562 καὶ
188 1536 232 1562 τὸν
248 1534 390 1571 ἀκροατὴν
407 1534 511 1560 πείσει·
524 1533 582 1561 ἀλλ’
595 1532 622 1559 εῐ
637 1541 663 1558 τι
678 1533 734 1567 (10)
755 1532 827 1569 δοκεῖ

60 1581 148 1608 δυνατὸν
163 1580 230 1609 εἶναι
246 1581 376 1616 λέγεσθαι
391 1579 491 1612 καλῶς,
504 1579 584 1606 τοῦτο
601 1578 685 1610 λέξει·
706 1578 769 1613 παρ’
788 1574 826 1604 ὦν

60 1625 114 1653 8903':
129 1627 233 1663 θάτερον
257 1627 350 1655 ἔσται·
377 1627 394 1662 ἢ
416 1626 470 1662 γὰρ
487 1625 555 1661 πρὸς
567 1625 582 1651 ὃ
599 1623 731 1652 κινεῖσθαι
754 1624 828 1650 δοκεῖ

60 1672 155 1704 ἀκούσας
169 1673 260 1700 τέλεον
275 1672 495 1708 ὠφεληθήσεται,
507 1671 523 1706 ἢ
541 1670 586 1697 τὸν
597 1669 826 1706 προσδιαλεγόμε-

60 1726 94 1744 νον
104 1718 194 1752 ἐλέγξει
208 1719 238 1745 οὐ
254 1718 362 1753 τάληοῆ
376 1718 498 1752 λέγοντα.
511 1717 548 1743 Οὐ
559 1716 646 1748 δοκεῖς
659 1715 688 1742 δέ
700 1724 744 1750 μοι
755 1715 827 1742 δεόν-

60 1771 101 1796 τως
110 1765 240 1800 εἰρηκέναι
253 1765 307 1800 τὴν
319 1764 384 1800 ὓλην
400 1763 503 1791 ἄνωθεν
519 1763 665 1797 ποιότητας
685 1761 766 1797 ἔχειν.
795 1762 826 1788 Εἰ

60 1810 101 1846 γὰρ
118 1811 185 1838 τοῦθ’
202 1811 292 1843 οὕτως
315 1811 370 1846 ἔχει
381 1830 388 1842 ,
408 1810 481 1841 τίνος
491 1809 566 1836 ἔσται
584 1807 697 1844 ποιητὴς
711 1809 725 1834 ὁ
738 1808 803 1839 Θεός
817 1815 825 1840 ;

59 1856 101 1882 εἴη
112 1857 158 1893 γὰρ
171 1857 266 1889 οὖσίας
293 1857 409 1892 ἐροῦμεν
419 1875 427 1888 ,
451 1856 574 1891 προεῖναι
596 1854 699 1886 ταύτας
718 1854 807 1890 φαμέν
817 1862 825 1870 ·

60 1903 98 1928 εἴτ’
110 1902 138 1930 αὖ
151 1904 227 1931 πάλιν
241 1904 400 1939 ποιότητας.
418 1903 465 1929 καὶ
479 1900 579 1934 ταύτας
596 1901 740 1937 ὑπάρχειν.
754 1902 826 1928 Οὐκ-

60 1947 95 1974 οὖν
107 1949 189 1981 οὐσίας
203 1958 232 1976 τε
254 1949 342 1984 οὔσης
356 1948 404 1975 καὶ
424 1948 590 1983 ποιοτήτων,
611 1947 736 1983 περιττὸν
756 1945 826 1974 εἶναι

62 2002 94 2027 pra
107 1994 171 2021 δοκεί
185 1994 352 2030 δημιουργὸν
363 1994 453 2029 λέγειν
466 1993 511 2020 τὸν
524 1993 602 2021 Θεόν.
615 1993 674 2019 Ἵνα
685 1992 713 2019 δὲ
726 1993 773 2019 καὶ
788 1992 825 2028 μὴ

61 2041 248 2074 κατασκευάζειν
261 2040 325 2067 τινὰ
338 2040 405 2073 δόξω
421 2039 510 2074 λόγον,
522 2039 667 2075 ἀπόκριναι
689 2038 737 2066 νῦν
758 2039 826 2074 ὲρω-

60 2085 167 2119 τώμενος,
182 2087 234 2113 τίνι
250 2086 346 2121 τρόπῳ
358 2085 522 2121 δημιουργὸν
538 2083 607 2111 εἶναι
621 2085 673 2121 φῂς
687 2084 731 2111 τὸν
744 2084 824 2116 Θεόν;

60 2130 156 2168 Πότερον
168 2134 206 2159 ὅτι
221 2133 272 2164 τὰς
289 2132 382 2163 οὐσίας
397 2132 509 2168 ἔτρεψεν
526 2132 567 2162 εις
581 2131 611 2157 τὸ
629 2130 726 2166 μηκέθ’
741 2130 827 2167 ὑπάρ-

61 2186 105 2210 χειν
114 2179 223 2211 ὲκείνας,
237 2179 324 2214 αἴπερ
338 2175 407 2213 ἦσάν
421 2186 495 2208 ποτε,
514 2177 570 2203 ἀλλ’
582 2176 677 2212 ἐτέρας
693 2176 757 2212 παρ’
777 2176 825 2203 αὺ-

61 2222 98 2254 τὶς
109 2224 234 2258 γενέσθαι,
248 2224 265 2259 ἢ
280 2225 320 2250 ὁτι
336 2223 385 2254 τὰς
395 2223 443 2258 μὲν
458 2222 551 2253 οὐσίας
565 2220 696 2257 ἐφύλαξεν
707 2221 823 2252 ὲκείνας.

62 2270 125 2304 αἴπερ
138 2268 204 2305 ἦσαν
220 2271 276 2306 πρὸ
292 2270 388 2296 τούτου
401 2269 468 2304 (Η),
482 2268 531 2300 τὰς
545 2268 573 2294 δὲ
590 2268 735 2303 ποιότητας
747 2267 825 2304 ἐτρε-
840 2284 862 2311 D

62 2315 99 2350 t'ftv
111 2318 207 2349 αὺτῶν;
224 2317 263 2344 Οὖ
280 2326 307 2344 τι
326 2325 370 2352 μοι
383 2316 457 2342 δοκεῖ
469 2315 589 2351 ἀλλαγήν
614 2315 669 2351 (12)
695 2324 756 2342 τινα
777 2316 823 2342 οὺ-

63 2361 113 2388 σιῶν
122 2364 267 2396 γεγονέναι·
281 2362 328 2389 καὶ
337 2365 392 2397 γὰρ
403 2362 501 2389 ἄτοπον
510 2360 588 2387 τοῦτο
600 2360 689 2395 λέγειν
705 2369 749 2396 μοι
763 2361 825 2395 φαί-

63 2415 128 2435 mat.
144 2409 250 2444 Τροπὴν
270 2408 325 2443 (13)
337 2408 365 2435 δέ
377 2416 438 2434 τινα
450 2407 504 2434 τῶν
521 2407 671 2443 ποιοτήτων
685 2407 825 2442 γεγονέναι

63 2454 126 2488 φημὶ,
140 2455 198 2481 καθ’
214 2455 247 2486 ἃς
259 2453 425 2490 δημιουργὸν
435 2451 504 2480 εἶναι
523 2453 594 2487 λέγω
614 2453 659 2480 τὸν
678 2453 753 2480 Θεόν.
770 2454 825 2480 Καὶ

64 2497 138 2534 ὥσπερ
152 2500 259 2536 εἰτύχοι
274 2499 365 2533 λέγειν
379 2499 411 2525 ὲκ
426 2497 506 2525 λίθων
520 2498 607 2524 οἰκίαν
617 2497 767 2532 γεγονέναι,
783 2498 825 2532 ἐφ’

65 2538 128 2576 (iton
139 2545 206 2572 ἐστιν
221 2546 319 2576 εἰπεῖν,
332 2543 370 2576 ὡς
382 2544 433 2570 οὐκ
449 2543 489 2570 ἔτι
512 2542 580 2569 λίθοι
603 2543 712 2577 μένουσι
727 2544 761 2578 τῇ
781 2543 827 2569 οῦ-

67 2589 183 2625 αἰᾳφικεα
192 2592 332 2627 γενόμενοι
356 2591 381 2617 οἱ
404 2589 491 2617 λίθοι·
508 2590 542 2625 τῇ
556 2588 610 2624 γὰρ
632 2589 754 2624 ποιότητι
777 2589 826 2624 τῆς

107 2641 118 2656 ⁸
128 2645 167 2670 π).
186 2636 290 2669 οὐσίας.

67 2679 73 2690 ⁸
88 2680 124 2717 Δ(9)
137 2682 305 2717 Παράλογσν
318 2680 494 2716 ὁρισάμενος
512 2679 666 2717 ἀφορμήνῇ
676 2678 727 2706 llic
740 2679 825 2717 ἀφορ-

68 2715 220 2767 rﬁ'fproreo
246 2715 317 2744 sumi
334 2715 476 2748 arbitror,
502 2715 573 2749 quod
597 2715 716 2755 medium
745 2716 826 2755 vulgo

76 2757 130 2767 nam.
142 2753 276 2767 ..η-..ξηειηο
306 2752 419 2767 ηὲ--ρηηιι
442 2757 496 2767 unm
522 2758 547 2767 ιη
572 2757 667 2767 mum"
693 2757 774 2767 unum
799 2758 825 2767 III

68 2757 288 2784 tnglctnouunant,
305 2757 419 2786 ejusque
442 2757 497 2786 tam
522 2758 547 2776 In
572 2757 668 2783 majori
693 2757 826 2786 quantm

68 2787 148 2821 minori
160 2785 360 2814 collocationem
376 2785 388 2812 7:
407 2785 562 2821 παράλογον
582 2790 672 2821 autem
687 2785 824 2820 ἀφορμήν,

70 2820 218 2854 sophisticam
233 2827 260 2849 et
274 2819 666 2857 dtmsmtzﬁv'argumentandi
682 2819 826 2857 rationem,

70 2861 111 2892 qua
124 2857 178 2891 quis
192 2854 382 2893 νειιιιάφορμξῇ
400 2854 528 2891 quadam,
544 2856 577 2882 ad
589 2854 826 2893 faciliusalterum

71 2889 92 2915 in
103 2889 206 2919 errorem
225 2889 416 2920 inducendii'm'
428 2892 566 2919 abutatur.
584 2889 684 2923 Quales
700 2890 827 2926 ἀφορμάς

74 2927 181 2955 δορηιίεί
195 2935 300 2961 captare
315 2927 484 2955 videbantur.

614 201 774 230 roman.
794 191 920 229 EVANG.
944 201 1007 229 LIB.
1029 201 1085 229 vn.

1611 202 1664 231 578

876 267 996 294 quoque,
1012 260 1084 295 quod
1102 260 1236 287 malorum
1249 265 1345 288 auctor
1362 260 1419 295 ipse
1435 260 1471 287 sit
1489 267 1570 295 ;qua:
1582 268 1664 295 porro

876 305 938 339 quis
957 305 1023 340 agit,
1041 312 1073 331 ea
1095 312 1147 331 non
1162 304 1218 339 jam
1248 306 1323 339 ipse,
1337 306 1384 332 sed
1400 305 1484 339 ipsius
1497 310 1603 331 tantum
1618 312 1664 331 ac-

875 351 963 377 tiones
974 350 1097 384 quaadam
1111 355 1185 382 sunt,
1198 350 1271 378 unde
1284 351 1455 378 ntalinomen
1473 350 1573 377 haurit.
1582 350 1663 386 342

875 395 1021 423 Enimvero
1045 396 1068 424 si
1079 404 1139 431 qua:
1154 404 1167 423 a
1180 404 1287 432 quoque
1298 397 1376 428 ﬁunt.
1389 396 1483 424 cadent
1498 397 1585 431 ipsum
1604 404 1664 424 esse

874 442 1039 473 diceremus.
1053 450 1116 469 cum
1136 443 1234 475 credes,
1256 442 1402 475 adulteria,
1418 442 1488 470 furta
1502 442 1612 478 aliaque
1637 443 1663 470 id

875 494 961 522 genus
989 487 1093 515 scelera
1108 488 1142 515 ab
1168 488 1259 523 aliquo
1281 493 1454 522 patrarentur
1467 507 1474 520 ,
1489 488 1546 516 haec
1571 488 1663 516 omnia

875 533 957 560 simul
972 541 1044 561 unus
1059 534 1186 568 idemque
1199 533 1279 561 foret.
1298 534 1436 568 Ejusmodi
1453 542 1535 569 porro
1552 534 1574 560 si
1591 534 1662 561 erit:

874 587 937 607 cum
953 578 1046 606 isthzec
1069 579 1160 606 omnia
1180 583 1236 606 tum
1260 580 1379 607 existant
1409 580 1490 607 modo
1506 588 1568 607 cum
1584 580 1662 612 ﬁunt,

875 632 908 651 ac
932 624 1014 651 simul
1031 631 1092 651 esse
1105 624 1232 651 desinant
1247 643 1255 654 ,
1274 631 1335 651 cum
1352 624 1409 651 ﬁeri
1436 625 1575 657 desinunt,
1598 625 1664 652 ﬁant

875 674 965 696 autem
980 669 1016 696 ab
1032 669 1190 696 hominibus
1207 677 1214 695 :
1250 669 1375 696 homines
1398 675 1472 697 certe
1491 671 1599 705 quidem
1611 690 1618 702 ,
1634 674 1664 698 ut

874 723 969 742 eorum
987 716 1115 748 artiﬁces,
1132 715 1172 743 sic
1193 720 1221 743 et
1235 716 1413 751 quamobrem
1433 716 1478 743 illa
1493 716 1572 743 modo
1597 715 1663 748 sint,

875 762 957 788 modo
971 769 1023 789 non
1039 762 1104 795 sint,
1118 769 1209 789 causa:
1222 762 1331 796 ipsimet
1351 767 1440 789 erunt.
1460 761 1537 794 Quod
1555 762 1577 789 si
1591 762 1665 796 ejus—

876 807 935 834 dem
955 806 1077 834 actiones
1094 826 1103 839 ,
1126 806 1177 834 ista
1194 815 1255 834 esSe
1271 807 1399 834 concedis
1415 816 1423 839 ;
1441 814 1474 834 ex
1490 807 1522 834 iis
1547 811 1663 840 tantum,

875 860 935 887 quae
949 852 1054 882 fecerit.
1080 860 1134 879 non
1151 860 1184 879 ex
1206 852 1240 879 iis
1256 852 1357 887 quibus
1371 853 1523 879 substantia
1544 857 1663 881 constat.

876 897 900 925 is
911 898 1002 930 habet,
1016 904 1044 925 ut
1058 898 1146 924 malus
1163 897 1209 925 sit.
1223 897 1287 924 Mali
1303 897 1375 924 enim
1393 897 1612 931 appellationem,
1629 906 1664 925 cx

877 943 910 970 iis
924 951 985 978 quae
1000 943 1160 971 substantiae
1176 943 1351 978 contingunt,
1373 951 1489 977 qumque
1509 944 1663 971 substantia

875 989 933 1024 ipsa
946 997 1001 1016 non
1015 995 1090 1020 sunt.
1105 990 1252 1023 petendum
1268 997 1329 1016 esse
1341 988 1471 1020 diximus.
1483 990 1664 1023 quemadmo—

876 1035 941 1062 dum
956 1042 972 1061 a
985 1035 1120 1062 medicina
1133 1034 1268 1062 medicum
1284 1035 1466 1062 nominamus.
1488 1034 1567 1062 Nunc
1586 1043 1663 1068 vero,

876 1081 898 1109 si
915 1089 964 1116 pro
979 1088 1072 1108 rerum
1098 1088 1160 1116 qua:
1170 1081 1205 1108 ab
1217 1088 1251 1108 eo
1271 1081 1349 1111 Iiunt.
1374 1080 1541 1113 conditione,
1563 1081 1663 1109 cuicui-

876 1127 950 1155 modi
974 1134 1036 1154 esse
1048 1126 1165 1162 primum
1181 1126 1294 1161 incipiat
1309 1135 1316 1153 :
1341 1126 1413 1153 idem
1428 1134 1540 1161 quoque
1565 1135 1663 1154 manus

876 1179 938 1200 esse
948 1171 1041 1207 cmpit,
1056 1172 1169 1206 ipsaque
1177 1171 1245 1198 adeo
1259 1170 1329 1198 mala
1340 1171 1422 1198 simul
1436 1179 1496 1198 esse
1508 1176 1661 1206 coeperunt.

876 1219 904 1247 ld
914 1221 986 1255 quod
996 1221 1019 1248 si
1030 1227 1123 1247 verum
1137 1224 1188 1251 est,
1200 1226 1288 1254 neque
1298 1226 1397 1246 manus
1410 1219 1518 1246 malitia:
1526 1227 1582 1246 sua:
1590 1219 1664 1254 prin-

876 1266 958 1300 cipio,
975 1273 1063 1300 neque
1082 1265 1152 1292 mala
1166 1264 1224 1299 ipsa
1253 1269 1315 1291 ortu
1329 1264 1470 1295 carebunt.
1485 1272 1547 1291 cum
1566 1264 1600 1291 ab
1617 1263 1663 1291 illo

876 1311 996 1346 profecta
1005 1318 1066 1338 esse
1074 1311 1209 1338 dicantur.
1221 1310 1352 1337 Przeclare
1364 1315 1391 1337 tu
1403 1310 1512 1345 quidem
1522 1314 1549 1337 et
1556 1310 1664 1337 abunde

875 1357 1027 1392 superioris
1051 1356 1190 1391 opinionis
1206 1363 1345 1387 errorem,
1363 1363 1380 1382 ο
1396 1356 1493 1389 amice,
1513 1360 1566 1383 tam
1584 1355 1663 1383 lucu-

876 1401 947 1429 lenta
962 1401 1147 1436 disputatione
1155 1400 1302 1428 confutasti
1316 1408 1323 1426 :
1338 1408 1371 1427 ex
1386 1400 1420 1427 iis
1432 1401 1517 1432 enim,
1532 1405 1664 1435 qureaute

875 1455 1009 1482 posueras
1023 1467 1030 1478 ,
1057 1447 1166 1482 egregie
1183 1445 1308 1473 confecta
1326 1453 1369 1473 res
1394 1451 1446 1473 est.
1464 1445 1621 1478 Enimvero,
1639 1447 1662 1474 si

875 1493 1007 1528 qualitate
1021 1493 1097 1520 omni
1114 1493 1228 1527 spoliata
1245 1492 1358 1519 materia
1381 1496 1439 1519 erat
1458 1501 1464 1519 :
1494 1492 1663 1527 proindeque

876 1539 899 1566 si
915 1544 941 1565 et
956 1538 1118 1574 qualitatum
1132 1542 1228 1565 auctor
1243 1537 1314 1565 Deus
1327 1541 1384 1570 est,
1402 1542 1428 1564 et
1444 1537 1589 1572 qualitates
1604 1538 1663 1565 istae

878 1584 950 1611 mala
966 1589 1041 1617 sunt,
1075 1582 1158 1610 Deum
1185 1584 1265 1618 plane
1280 1583 1414 1610 malorum
1440 1588 1579 1610 auctorem
1602 1590 1664 1610 esse

879 1630 1066 1664 consequitur.
1082 1628 1173 1662 Quare
1186 1628 1259 1664 quod
1275 1629 1393 1663 priorem
1411 1628 1483 1655 illam
1497 1629 1661 1656 sententiam

877 1676 985 1708 attinet,
1004 1676 1038 1703 ab
1053 1683 1085 1703 ea
1099 1683 1159 1702 sum
1173 1680 1219 1702 tua
1235 1675 1286 1702 bac
1302 1675 1408 1702 ratione
1426 1674 1568 1702 deductus.
1586 1674 1661 1702 Esto.

878 1721 957 1749 Nunc
974 1727 1064 1749 autem
1082 1721 1180 1749 falsum
1199 1721 1264 1748 illud
1290 1720 1356 1748 mihi
1374 1721 1491 1753 videtur,
1520 1720 1660 1748 materiam

876 1769 1052 1804 qualitatibus
1081 1776 1193 1795 vacuant
1210 1768 1304 1795 fuisse.
1322 1767 1389 1794 Nam
1417 1768 1570 1796 substantia
1588 1768 1661 1795 nulla

875 1815 1006 1850 qualitate
1030 1814 1104 1841 omni
1121 1821 1215 1841 carere
1231 1814 1285 1840 dici
1309 1817 1399 1848 potest
1416 1823 1423 1841 :
1453 1821 1517 1840 cum
1534 1821 1567 1840 eo
1590 1813 1661 1849 ipso.

876 1868 932 1895 quo
955 1860 1097 1887 materiam
1113 1860 1176 1895 quis
1187 1859 1262 1887 omni
1279 1859 1409 1894 qualitate
1432 1860 1577 1894 spoliatam
1601 1867 1664 1887 esse

876 1906 988 1938 diceret,
1007 1906 1144 1940 propriam
1161 1899 1221 1940 ejus
1233 1906 1392 1940 qualitatem
1409 1905 1544 1932 indicaret
1555 1925 1563 1938 ,
1585 1905 1662 1937 dum,

876 1953 965 1987 qualis
981 1952 1094 1980 materia
1109 1953 1155 1985 sit,
1171 1953 1330 1987 explicaret,
1347 1952 1421 1986 quod
1453 1951 1541 1987 ipsum
1570 1952 1663 1986 utique

876 1997 1020 2031 singularis
1049 1998 1174 2032 quaedam
1203 1998 1274 2025 ratio
1294 1997 1434 2032 qualitatis
1461 2001 1512 2024 est.
1532 1996 1662 2032 Deinceps

876 2050 953 2077 ergo,
971 2043 1025 2070 nisi
1045 2043 1190 2071 molestum
1206 2047 1257 2075 est,
1271 2043 1341 2070 lianc
1358 2043 1426 2070 mibi
1442 2050 1538 2070 rursus
1549 2050 1564 2070 a
1576 2044 1664 2077 capite

876 2089 1088 2124 disputationem
1101 2097 1220 2117 arcesse.
1234 2088 1294 2116 Jam
1306 2090 1377 2116 enim
1393 2089 1536 2116 materiam
1544 2089 1663 2123 qualita-

877 2134 950 2162 tibus
963 2142 995 2161 ex
1014 2134 1088 2161 omni
1102 2135 1253 2162 aeternitate
1267 2135 1419 2169 praeditam,
1440 2134 1565 2169 malaque
1580 2134 1662 2161 simul

876 2179 970 2206 omnia
987 2187 1020 2206 ex
1032 2180 1150 2214 quodam
1175 2180 1235 2214 ejus
1252 2180 1359 2208 deﬂuxu
1377 2185 1438 2207 nata
1453 2187 1513 2207 esse
1534 2179 1660 2211 defendo,

876 2233 909 2252 ne
920 2225 975 2252 Deo
991 2233 1074 2254 causa
1097 2226 1230 2253 malorum
1249 2226 1403 2261 assignetur
1415 2246 1423 2258 ,
1448 2233 1509 2261 qua:
1526 2225 1612 2253 solam
1635 2225 1661 2252 in

876 2272 1020 2299 materiam
1048 2271 1212 2299 conferenda
1227 2272 1273 2299 sit.
1288 2271 1352 2298 Mihi
1368 2279 1433 2299 vero
1459 2275 1523 2298 tuus
1540 2270 1585 2297 hic
1601 2271 1661 2298 ani-

877 2324 949 2350 mus,
963 2325 980 2344 ο
995 2317 1092 2349 amice,
1108 2317 1254 2345 admodum
1271 2317 1404 2352 probatur
1421 2325 1428 2350 ;
1450 2316 1538 2352 placet
1558 2317 1610 2344 hoc
1634 2316 1661 2343 in

876 2363 1086 2390 concertationis
1102 2370 1201 2398 genere
1212 2366 1267 2390 tant
1283 2363 1406 2390 studiosa
1421 2362 1662 2397 contentio.Atqne

876 2408 947 2436 idem
967 2408 1089 2443 profecto
1107 2416 1203 2437 eorum
1220 2409 1362 2441 omnium,
1375 2408 1420 2443 qui
1435 2416 1464 2435 se
1480 2407 1601 2436 discendi
1618 2416 1662 2434 cu-

877 2454 956 2488 pidos
971 2454 1141 2489 proﬁtentur,
1156 2454 1299 2482 consilium
1322 2462 1382 2481 esse
1397 2458 1543 2487 oporteret,
1561 2458 1590 2479 ut
1607 2460 1661 2479 non

877 2499 1035 2534 simpliciter
1049 2507 1081 2527 ac
1096 2504 1207 2531 temere,
1222 2499 1354 2535 quidquid
1370 2500 1404 2526 ab
1419 2499 1480 2526 aliis
1494 2498 1605 2531 dicitur,
1617 2506 1663 2525 ar-

877 2545 996 2580 riperent
1007 2566 1014 2578 ,
1028 2546 1074 2573 sed
1090 2546 1225 2573 rationum
1241 2546 1296 2573 vim
1314 2550 1395 2580 atque
1409 2544 1515 2580 pondus
1538 2544 1596 2571 suis
1614 2550 1662 2570 ac-

876 2597 967 2620 curate
979 2600 1011 2620 ac
1024 2592 1166 2627 diligenter
1178 2592 1323 2619 momentis
1331 2592 1507 2619 aestimarent.
1517 2590 1599 2627 343
1608 2589 1663 2618 Nec

913 2680 968 2715 (10)
991 2681 1072 2707 Ἀλλ’
1092 2680 1120 2707 εἰ
1135 2689 1171 2708 τι.
1192 2679 1262 2707 Antc
1283 2678 1351 2706 ἀλλὰ
1373 2678 1472 2705 minori
1490 2681 1609 2715 tantum
1622 2676 1663 2705 di-

877 2713 1023 2744 stinctione
1038 2723 1105 2750 opus
1126 2720 1184 2748 est;
1199 2722 1248 2750 pro
1272 2714 1298 2740 εἴ
1310 2723 1336 2740 τι
1356 2721 1429 2746 vero,
1445 2713 1537 2750 malim
1558 2713 1583 2739 εἰ
1597 2713 1661 2750 ἐτι.

913 2751 968 2788 (Η)
985 2751 1044 2785 Πρὸ
1056 2748 1183 2788 ξορτου.
1197 2748 1335 2788 Yirgulam
1343 2750 1448 2788 _pun_cti
1464 2749 1534 2788 loco
1559 2748 1661 2788 sollicta.

914 2783 969 2822 (12)
988 2783 1324 2822 Abus’idllaﬂrfpost
1340 2783 1550 2822 Sassitollenda
1567 2783 1663 2822 distin-

878 2817 933 2849 ctio
955 2817 1006 2849 est.
1036 2817 1278 2856 ’Δλλαγήνάὶιιεξιη
1300 2819 1507 2854 rescripsimus,
1529 2826 1578 2853 pro
1594 2817 1662 2845 ἀλλὰ

878 2857 941 2892 γῆν,
958 2857 1029 2891 quod
1047 2855 1190 2892 maniie'stc
1205 2855 1331 2892 vitiosum
1345 2860 1414 2892 erat.

915 2889 975 2927 (15)“
983 2891 1107 2925 Τροπήν.
1122 2890 1191 2919 Male
1208 2890 1306 2926 τρόπον
1320 2894 1381 2918 ante
1395 2889 1542 2923 legebatur.
