3838 6384
526 363 632 424 579

1152 376 1426 437 EUSEBll
1461 372 1953 434 CAESARIENSIS
1985 372 2138 431 opp.
2179 354 2361 428 prius
2397 368 2462 426 ιι.
2502 402 2575 414 -
2614 369 3122 428 APOLOGETICA.
3637 376 3717 431 εει)

523 507 693 558 enim,
742 495 784 551 si
812 497 907 566 qui
938 510 1061 551 eum
1093 493 1266 550 altero
1307 494 1550 559 disserit,
1587 493 1973 549 concinnatum
2001 491 2098 546 abs

2202 488 2505 553 συνθέσεως
2536 490 2633 563 τὴν
2661 492 2839 547 οἰκίαν
2865 491 3151 561 γεγονέναι
3176 490 3336 561 φημὶ,
3364 490 3639 565 τραπείσης
3657 496 3722 567 δη.

522 603 644 645 sese
674 586 842 643 fallax
867 588 1085 659 aliquod
1116 596 1171 643 et
1202 587 1507 655 captiosum
1546 586 1855 656 argumenti
1902 599 2095 657 genus,

522 695 622 735 sua
654 680 726 734 illi
751 696 817 735 ex
845 690 1026 736 mente
1056 694 1333 749 sensuque
1353 677 1793 734 concludendum
1822 677 2097 743 obtrudet,

522 772 757 826 auditori
808 780 1111 843 propterea,
1162 772 1308 840 quod
1336 770 1499 835 volet,
1547 771 1650 825 hac
1678 779 1796 824 arte
1816 783 2100 839 persuase-

520 864 634 918 rit:
666 864 761 920 sed
808 863 1014 935 aliquid
1047 873 1160 917 tum
1188 862 1410 918 demum
1441 863 1487 918 is
1524 863 1716 933 egerit,
1752 862 1798 917 si
1832 861 1980 931 quod
2003 860 2100 915 abs

519 970 579 1010 se
603 968 729 1010 cum
759 956 971 1011 ratione
1013 954 1124 1010 dici
1161 970 1320 1025 posse
1362 955 1655 1020 videbitur,
1685 954 1737 1008 id
1771 954 1825 1007 in
1859 953 2098 1008 medium

518 1045 778 1117 proferet.
803 1045 937 1100 Nam
972 1055 1086 1101 tum
1120 1062 1152 1101 e
1181 1047 1398 1101 duobus
1442 1046 1674 1100 alterum
1708 1054 2095 1115 consequetur.

517 1139 626 1193 Aut
652 1139 796 1193 enim
828 1139 922 1209 qui
954 1138 1156 1204 audiet,
1182 1152 1292 1207 quo
1326 1137 1530 1206 impelli
1558 1151 1680 1192 sese
1714 1136 1954 1206 ferrique
1969 1151 2098 1191 sen-

517 1230 669 1297 serit,
706 1230 760 1283 in
786 1244 853 1284 eo
891 1229 1106 1284 tandem
1141 1244 1341 1299 magno
1372 1244 1496 1283 cum
1524 1243 1626 1283 suo
1649 1228 1827 1283 fructu
1880 1227 2101 1297 acquie-

517 1333 654 1386 seet,
687 1330 780 1376 aut
807 1321 1183 1376 adversarium
1240 1320 1356 1390 ipse
1402 1335 1565 1375 suum
1618 1320 1824 1375 erroris
1866 1317 2100 1390 falsique

519 1416 826 1470 convincet.
884 1412 1047 1484 Ergo,
1087 1421 1147 1467 ut
1176 1413 1244 1467 ad
1285 1427 1400 1467 rem
1449 1411 1687 1474 veniam,
1734 1411 1987 1482 equidem
2019 1411 2100 1466 sic

512 1506 793 1570 existimo,
837 1506 1020 1558 minus
1090 1502 1189 1556 abs
1218 1511 1270 1557 te
1294 1517 1421 1555 vere
1455 1500 1811 1571 qualitatibus
1849 1500 1919 1555 ab
1948 1500 2099 1555 omni

514 1613 631 1653 arvo
655 1596 937 1652 materiam
969 1595 1187 1651 instrui.
1208 1592 1485 1662 Hocenim
1518 1593 1566 1647 si
1593 1607 1781 1647 verum
1811 1601 1915 1656 est,
1940 1592 2099 1662 cujus

519 1689 735 1744 tandem
764 1689 841 1743 rei
879 1687 1047 1742 Deum
1102 1694 1379 1740 auctorem
1410 1683 1787 1739 habebimus?
1833 1684 2101 1739 Substans

514 1781 712 1836 tiarum
746 1779 770 1833 ἳ
810 1781 877 1833 At
909 1794 1003 1835 eas
1021 1778 1133 1848 jam
1153 1778 1305 1847 prius
1330 1777 1608 1833 exstitisse
1633 1776 1886 1832 dicimus.
1911 1776 2099 1843 Quali-

518 1880 687 1925 latum
719 1872 742 1925 ?
768 1873 836 1925 At
862 1871 982 1927 illas
1008 1886 1225 1941 quoque
1241 1871 1357 1941 jam
1380 1870 1693 1925 antetuisse
1721 1872 2091 1941 agnoscimus.
2128 1849 2168 1903 Β

514 1959 649 2017 Cum
682 1962 848 2033 igitur
875 1973 927 2016 et
950 1961 1259 2016 substantia
1288 1976 1385 2030 per
1413 1975 1534 2017 sese
1557 1960 1692 2029 jam,
1722 1974 1777 2016 et
1798 1962 2096 2032 qualitates

513 2059 781 2120 existant,
840 2055 1197 2125 quamobrem
1253 2053 1422 2108 Deum
1478 2053 1821 2108 conditorem
1863 2055 2098 2124 appelle-

516 2163 662 2212 mus,
695 2144 1198 2216 superestprofecto
1222 2143 1385 2197 nihil.
1415 2140 1615 2197 Verum
1641 2157 1708 2196 ne
1736 2143 1912 2213 arguti
1937 2143 2097 2213 quid-

515 2242 661 2314 piam
691 2242 808 2312 ipse
838 2241 1020 2295 moliri
1060 2241 1196 2295 velle
1228 2240 1437 2306 videar,
1500 2239 1588 2294 dic
1643 2241 1904 2310 ipsemet,
1938 2241 2095 2296 obse-

520 2351 641 2399 cro,
688 2350 796 2405 qua
829 2343 885 2389 tu
916 2334 1125 2389 ratione
1154 2333 1492 2389 conditorem
1543 2330 1710 2386 Deum
1762 2347 1883 2388 esse
1912 2344 2094 2403 putes.

518 2430 603 2483 An
653 2428 798 2499 quod
860 2427 1288 2483 substantiarum
1352 2433 1607 2478 naturam
1665 2426 1986 2492 lmmutarit,
2035 2434 2096 2480 ut

517 2533 682 2589 quam
715 2526 887 2572 nactae
915 2516 1065 2585 prius
1118 2514 1336 2569 fuerant
1386 2521 1671 2579 eruentes,
1735 2529 1933 2568 novam
1966 2515 2096 2585 ipsa:

515 2609 809 2681 quamdam
832 2619 885 2663 et
917 2609 1153 2663 alienam
1204 2605 1546 2662 induerent?
1589 2605 1672 2659 An
1698 2606 1899 2676 potius,
1947 2606 2094 2677 quod

516 2701 837 2758 substantiis
860 2700 912 2753 in
949 2700 1169 2770 propria
1196 2705 1403 2751 natura:
1432 2711 1544 2751 suae
1557 2697 1769 2752 ratione
1792 2710 2091 2752 conserva.

516 2792 612 2858 tis,
641 2806 828 2846 earum
854 2799 1033 2844 tamen
1065 2788 1356 2858 qualitates
1382 2785 1649 2841 mutarit?
1673 2788 1786 2857 Ego
1805 2802 1934 2842 vero
1963 2787 2091 2841 nul.

517 2883 626 2938 lam
654 2883 709 2937 in
743 2881 1064 2937 substantiis
1095 2880 1452 2934 mutationem
1499 2878 1800 2944 contigisse
1831 2879 2090 2934 arbitror.

517 2975 831 3031 Absurdum
888 2972 1032 3029 enim
1064 2973 1115 3027 id
1147 2974 1335 3043 utique
1369 2971 1550 3026 fuerit.
1601 2969 1903 3037 Qualitates
1960 2985 2095 3042 ergo

518 3076 758 3123 mutatas
805 3064 976 3121 fuisse
1005 3065 1116 3129 aio,
1160 3062 1308 3135 quod
1341 3062 1667 3118 mutationis
1703 3077 1879 3133 genus
1901 3061 2094 3119 condi-

518 3159 655 3215 toris
686 3158 796 3213 Deo
829 3171 1026 3212 nomen
1087 3155 1366 3210 indiderit.
1414 3153 1887 3220 Quemadmodum
1945 3154 2090 3208 enim

519 3251 567 3307 si
600 3250 822 3306 domum
855 3249 1094 3319 aliquam
1145 3263 1175 3301 e
1207 3246 1479 3316 lapidibus
1530 3244 1730 3300 factam
1782 3259 1905 3301 esse
1936 3245 2092 3301 dica-

518 3359 667 3411 mus,
694 3357 804 3396 non
835 3350 1017 3396 tamen
1047 3340 1309 3397 continuo
1334 3354 1525 3395 verum
1546 3339 1639 3404 sit,
1672 3338 1900 3408 lapides,
1928 3349 2094 3396 exuta

519 3435 702 3507 priore
750 3434 1078 3497 substantia,
1107 3449 1226 3487 eam
1262 3433 1316 3487 in
1341 3433 1563 3488 domum
1594 3446 1719 3488 esse
1747 3447 2040 3489 conversos
2076 3452 2089 3488 :

521 3526 723 3597 quippe
772 3533 924 3579 certo
955 3524 1194 3595 quodam
1225 3539 1289 3579 ex
1318 3526 1736 3594 compositionis
1779 3541 1975 3596 genere
1998 3528 2096 3582 do-

521 3635 673 3674 mum
718 3618 993 3673 exstitisse
1023 3619 1314 3683 contendo,
1354 3618 1523 3688 priori
1554 3619 1796 3689 lapidum
1832 3622 2096 3689 qualitate

521 3719 750 3765 mutata.
801 3707 892 3764 Sic
940 3709 1151 3765 videtur
1180 3709 1314 3763 mihi
1350 3708 1493 3765 Deus
1523 3750 1539 3776 ,
1578 3710 1788 3782 integra
1842 3722 2098 3767 manente

520 3803 848 3866 substantia,
868 3802 1161 3873 quamdam
1189 3802 1361 3871 ipsius
1377 3805 1704 3874 qualitatum
1734 3807 2091 3860 mutationem

520 3896 785 3963 effecisse,
812 3912 876 3950 ex
907 3910 1013 3965 qua
1041 3893 1280 3948 mundus
1317 3894 1419 3950 iste
1440 3896 1542 3950 hoc
1564 3896 1782 3958 habeat,
1816 3906 1878 3951 ut
1924 3912 1953 3950 a
1985 3895 2095 3951 Deo

520 3988 774 4045 conditus
820 4002 943 4043 esse
972 3986 1209 4040 dicatur.
1242 3983 1442 4040 Audio.
1478 3984 1615 4041 Cum
1651 3987 1816 4056 igitur
1856 3988 2096 4056 peculia-

523 4097 637 4138 rem
661 4082 953 4152 quamdam
985 4079 1256 4150 cjusmodi
1276 4079 1600 4149 qualitatum
1626 4078 1891 4133 rationem
1920 4094 1950 4133 a
1984 4078 2095 4134 Deo

521 4173 821 4245 profectam
863 4186 982 4227 esse
1009 4178 1241 4236 statuas,
1294 4184 1466 4239 pauca
1497 4169 1630 4224 mihi
1671 4178 1883 4224 tantum
1916 4170 2013 4225 abs
2043 4179 2096 4225 te

524 4264 842 4337 responderi
886 4264 1068 4318 velim.
1129 4262 1263 4327 Dic,
1310 4262 1526 4317 amabo.
1576 4260 1716 4316 Num
1752 4270 1810 4316 tu
1845 4263 2097 4333 similiter

524 4357 814 4428 qualitates
863 4355 996 4409 istas
1031 4354 1463 4409 substantiarum
1513 4354 1653 4407 mala
1684 4353 1932 4422 quaedam
1975 4369 2097 4408 esse

523 4445 804 4517 opinaris?
833 4443 1091 4499 Omnino.
1122 4441 1315 4497 Utrum
1355 4442 1520 4511 igitur
1534 4441 1824 4511 qualitates
1851 4442 1955 4495 illae
1981 4441 2093 4509 jam

2201 581 2372 634 λονότι
2395 583 2493 653 τῆς
2517 583 2789 655 προτέρας
2811 583 2921 637 τῶν
2945 582 3112 637 λίθων
3149 582 3428 653 ποιότητος
3448 598 3463 613 ·
3498 582 3624 637 οὕτω
3654 603 3721 654 μοι

2198 672 2346 727 δοκεῖ
2374 676 2469 728 καὶ
2492 677 2585 729 τὸν
2607 675 2763 741 Θεὸν,
2793 675 3171 745 ὑπομενούσης
3195 675 3293 747 τῆς
3326 675 3505 740 οὐσίας
3521 718 3536 742 ,
3559 683 3723 751 τροπήν

2198 783 2321 819 τινα
2351 766 2462 820 τῶν
2496 769 2798 839 ποιοτήτων
2828 769 3001 841 αὐτῆς
3033 768 3412 841 πεποιηκέναι,
3437 770 3551 825 καθ’
3578 771 3723 844 ἧντὴν

2199 857 2352 911 τοῦδε
2380 857 2473 912 τοῦ
2521 860 2726 930 κόσμου
2767 861 2982 929 γένεσιν
3033 861 3171 932 πρὸς
3197 860 3293 913 τοῦ
3332 860 3463 915 Θεοῦ
3492 865 3724 931 γεγονέναι

2199 951 2364 1021 λέγω.
2416 952 2568 1006 Ἐπεὶ
2593 954 2773 1008 τοίνυν
2793 955 3000 1027 τροπήν
3031 971 3156 1008 τινα
3183 954 3294 1008 τῶν
3319 958 3599 1026 ποιοτήτων
3621 960 3725 1030 πρὸς

2198 1043 2292 1097 τοῦ
2320 1043 2454 1098 Θεοῦ
2489 1046 2774 1115 γεγονέναι
2808 1047 2931 1119 φῆς,
2961 1048 3257 1118 ἀπόκριναί
3292 1065 3382 1118 μοι
3432 1047 3620 1119 βραχέα
3651 1068 3727 1103 πυέ-

2200 1133 2388 1189 θέσθαι
2423 1137 2862 1209 προαιρουμένῳ.
2909 1138 3049 1209 Λέγε
3075 1140 3171 1211 δὴ,
3216 1141 3265 1193 εί
3292 1141 3504 1211 ,ὁμοίως
3541 1144 3623 1196 καὶ
3663 1146 3725 1198 σοὶ

2196 1225 2434 1280 δοκεῖτὰ
2477 1226 2623 1280 κακὰ
2660 1228 2950 1299 ποιότητας
2999 1223 3138 1282 εἶναι
3182 1228 3292 1283 τῶν
3324 1230 3546 1295 οὕσιῶν;
3584 1233 3722 1284 Δοκεῖ.

2203 1317 2441 1371 Ἀνωθεν
2467 1317 2523 1371 δὲ
2552 1314 2691 1389 ἦσαν
2713 1320 2769 1371 αἱ
2801 1320 3086 1390 ποιότητες
3112 1315 3273 1375 αὗται
3296 1323 3356 1375 ὲν
3376 1324 3442 1391 τῇ
3464 1319 3576 1392 ὕλῃ,
3604 1322 3632 1392 ἢ
3654 1324 3728 1392 ἁρ-

2198 1407 2298 1479 χὴν
2327 1407 2484 1478 ἔσχον
2516 1408 2609 1461 τοῦ
2662 1403 2833 1474 εἶναι;
2887 1409 3132 1464 Συνεῖναί
3171 1428 3315 1482 φημι
3349 1411 3635 1482 ἀγεννήτωὲ
3676 1414 3727 1485 τῇ

2199 1501 2301 1575 ὕλῃ
2339 1502 2567 1555 ταυτασὶ
2606 1500 2706 1564 τάς
2744 1502 3057 1573 ποιότητας.
3108 1503 3244 1573 Οὐχὶ
3286 1502 3343 1555 δὲ
3390 1503 3479 1557 τὸν
3505 1503 3622 1557 Θεὸν
3648 1505 3729 1576 φῂς

2196 1595 2408 1665 τροπήν
2456 1611 2578 1647 τινα
2627 1594 2735 1648 τῶν
2792 1596 3094 1665 ποιοτήτων
3143 1595 3535 1665 πεποιηκέναι;
3596 1595 3729 1648 Τοῦτό

2200 1702 2362 1757 φημι.
2396 1687 2628 1758 Πότερον
2656 1682 2749 1741 οὖν
2780 1689 2861 1751 είς
2893 1687 2953 1741 τὸ
2975 1690 3222 1758 κρεῖττον
3268 1688 3301 1758 ἢ
3348 1690 3430 1750 εἰς
3454 1682 3513 1740 τὸ
3555 1691 3728 1758 χεῖρον;

2201 1780 2296 1843 Εἰς
2326 1778 2389 1831 τὸ
2418 1782 2664 1851 κρεῖττον
2686 1780 2862 1850 λέγειν
2902 1797 2991 1851 μοι
3024 1780 3189 1834 δοκεῖ.
3238 1779 3449 1833 υῦκοῦν
3484 1780 3528 1832 εί
3557 1780 3729 1850 ποιότηε

2195 1886 2287 1936 τες
2312 1873 2410 1944 τῆς
2435 1872 2566 1944 ὕλης
2595 1873 2663 1927 τά
2689 1875 2853 1939 κακά,
2880 1873 2980 1937 τὰς
2999 1873 3056 1926 δὲ
3080 1872 3376 1944 ποιότητας
3401 1874 3558 1944 αὐτῆς
3585 1876 3651 1937 εἰς
3685 1873 3730 1926 tl

2195 1966 2442 2035 κρεῖττον
2496 1965 2689 2036 ἔτρεψε
2728 1969 2756 2020 ὁ
2795 1965 3019 2038 Κύριος,
3053 1965 3217 2019 πόθεν
3264 1966 3337 2018 τά
3370 1964 3542 2029 κακὰ,
3585 1964 3729 2034 ζητεῖν

2195 2056 2429 2127 ἀνάγκη.
2451 2057 2521 2110 ’Ἡ
2545 2058 2654 2130 γὰρ
2678 2058 2897 2129 ἔμειναν
2919 2059 2975 2111 αἱ
3000 2057 3285 2126 ποιότητες
3303 2056 3484 2111 ὁποῖαί
3506 2052 3730 2128 ποτ’ἦσαν

2196 2147 2259 2216 τῇ
2293 2144 2474 2215 φύσει,
2499 2147 2532 2218 ἢ
2560 2149 2607 2200 εί
2641 2149 2739 2219 μὲν
2771 2149 3034 2221 πρότερον
3054 2150 3156 2202 οὐκ
3179 2145 3324 2220 ἦσαν
3359 2150 3555 2211 κακαὶ,
3592 2152 3647 2202 ἐκ
3687 2148 3729 2201 δὲ

2194 2234 2288 2289 τοῦ
2305 2238 2578 2310 τραπῆναι
2619 2240 2755 2312 πρὸς
2784 2240 2879 2294 τοῦ
2914 2240 3049 2295 Θεοῦ
3100 2240 3201 2305 τὰς
3251 2240 3477 2313 πρώτας
3524 2241 3730 2304 τοιαύτας

2195 2330 2324 2401 περὶ
2344 2330 2443 2402 τὴν
2464 2329 2597 2402 ὕλην
2626 2334 2909 2402 γεγονέναι
2941 2334 3231 2407 ποιότητας
3253 2335 3386 2405 φῂς,
3420 2335 3582 2397 αἴτιος
3614 2334 3730 2385 ἔσται

2192 2421 2300 2475 τῶν
2326 2423 2511 2477 κακῶν
2532 2427 2560 2478 ό
2587 2424 2739 2491 Θεὸς,
2774 2427 2980 2498 τρέψας
3003 2427 3103 2491 τὰς
3146 2427 3246 2480 οὐκ
3294 2426 3465 2492 οὔσας
3488 2428 3731 2498 ποιότητας

2193 2515 2370 2578 κακὰς
2397 2517 2477 2580 είς
2503 2516 2566 2570 τὸ
2587 2513 2729 2571 εἶναι
2758 2521 2956 2584 κακάς.
2987 2521 3059 2574 Ἦ
3081 2521 3181 2585 τὰς
3214 2522 3316 2592 μὲν
3355 2522 3527 2583 κακὰς
3561 2522 3733 2590 ποιότης

2193 2623 2310 2692 τας,
2340 2609 2420 2671 είς
2444 2608 2504 2661 τὸ
2530 2612 2778 2681 κρεῖττον
2799 2612 2860 2665 οὐ
2888 2612 3035 2666 δοκεί
3062 2630 3145 2667 σοι
3169 2613 3371 2685 τρέψαι
3394 2616 3484 2668 τὸν
3506 2613 3642 2677 Θεὸν,
3659 2613 3733 2677 τὰς

2192 2697 2249 2750 δὲ
2289 2697 2484 2763 λοιπὰς
2523 2702 2617 2755 καί
2658 2703 2860 2772 μόνας,
2892 2705 3012 2758 ὅσαι
3051 2705 3338 2777 ἀδιάφοροι
3370 2706 3641 2777 ἐτύγχανον
3662 2705 3734 2775 τῆς

2192 2786 2603 2861 διακοσμήσεως
2619 2792 2803 2855 ἓνεκα,
2830 2793 2967 2863 πρὸς
2990 2794 3081 2847 τοῦ
3103 2794 3237 2847 Θεοῦ
3258 2796 3556 2867 τετράφθαι
3574 2796 3733 2865 λέγεις.

2194 2876 2381 2943 Οὕτως
2409 2879 2615 2933 ἄνωθεν
2645 2880 2799 2953 ἔσχον
2826 2883 2957 2952 ἐγώ.
2991 2883 3117 2949 Πῶς
3149 2887 3332 2941 τοίνυν
3370 2888 3529 2941 αὑτὸν
3549 2889 3634 2951 τὰς
3653 2888 3734 2938 τῶν

2195 2971 2414 3039 φαύλων
2438 2974 2752 3046 ποιότητας,
2768 2976 2845 3040 ὡς
2870 2974 3015 3048 εἶχον
3035 3018 3049 3042 ,
3081 2979 3533 3036 καταλελοιπέναι
3562 2981 3733 3049 λέγεις;

2198 3065 2432 3137 Πότερον
2453 3066 2749 3138 δυνάμενον
2781 3071 2880 3141 μὲν
2910 3073 3171 3137 κάκείνας
3203 3074 3439 3139 ἀνελεῖν,
3484 3076 3540 3129 οὐ
3583 3075 3736 3146 βουλη-

2120 3191 2163 3249 C
2197 3155 2357 3211 θέντα
2375 3154 2452 3223 δὲ,
2480 3158 2513 3230 ἢ
2548 3157 2607 3212 τὸ
2634 3160 2893 3216 δύνασθαι
2921 3165 2995 3236 μὴ
3022 3165 3240 3236 ἓχοντα;
3270 3168 3338 3221 Εί
3369 3168 3467 3240 μὲν
3489 3168 3589 3241 γάρ
3612 3168 3737 3222 δυνά-

2204 3268 2362 3321 μενον
2392 3251 2585 3318 λέξεις,
2622 3254 2684 3306 ού
2716 3252 3049 3326 βουληθέντα
3071 3257 3129 3311 δὲ
3165 3258 3353 3324 αὑτὸν,
3385 3261 3550 3313 αἴτιον
3570 3259 3735 3312 τούτων

2201 3343 2374 3394 εἰπεῖν
2403 3340 2639 3412 ἀνάγκη,
2664 3343 2767 3408 ὅτι,
2794 3342 3089 3415 δυνάμενος
3112 3347 3339 3417 ποιῆσαι
3360 3349 3438 3421 μὴ
3458 3345 3586 3402 εἶναι
3606 3347 3734 3411 κακὰ,

2203 3431 2580 3506 συνεχώρησεν
2606 3435 2746 3490 αὐτὰ
2775 3436 2955 3506 μένειν
2975 3437 3049 3501 ὡς
3075 3433 3165 3509 ἦν,
3198 3440 3297 3493 καὶ
3324 3441 3553 3512 μάλιστα
3575 3443 3650 3494 ὅτε
3667 3440 3737 3510 δη-

2204 3529 2484 3597 μιουργεῖν
2506 3528 2604 3599 τὴν
2625 3527 2758 3600 ὕλην
2791 3528 3015 3600 ἤρξατο.
3049 3530 3113 3584 Εἰ
3135 3531 3246 3605 γὰρ
3283 3534 3412 3605 μηδ’
3438 3533 3567 3599 ὅλως
3587 3533 3737 3594 ἔμελεν

2200 3616 2349 3687 αὐτῴ
2372 3621 2471 3689 τῆς
2509 3617 2660 3690 ὕλης,
2693 3619 2793 3672 οὐκ
2827 3619 2893 3673 ἂν
2921 3619 3094 3684 αἴτιος
3122 3617 3192 3693 ἦν
3215 3617 3292 3677 ὧν
3348 3624 3629 3695 συνεχώρει
3666 3622 3738 3692 μὲ-

2201 3723 2332 3762 νειν.
2375 3708 2528 3761 Ἐπεὶ
2555 3709 2612 3762 δὲ
2633 3707 2799 3781 μέρος
2829 3709 2927 3779 μέν
2949 3728 3000 3764 τι
3023 3712 3193 3784 αὐτῆς
3225 3713 3591 3787 ἐδημιούργει,
3610 3706 3736 3785 μέρος

2201 3800 2258 3853 δέ
2294 3817 2343 3853 τι
2369 3799 2542 3864 οὕτως
2576 3802 2692 3865 εἶα,
2723 3800 3018 3873 δυνάμενος
3059 3805 3288 3857 κάκεῖνα
3332 3806 3551 3876 τρέπειν
3594 3808 3660 3868 εὶς
3691 3805 3737 3855 τὸ

2201 3896 2483 3964 κρεῖττον,
2530 3895 2709 3948 αἰτίαν
2736 3895 3082 3964 ὀφλισκάνειν
3122 3896 3272 3964 ἄξιος
3314 3895 3457 3953 εἶναί
3485 3916 3569 3971 μοι
3606 3898 3734 3959 δοκεῖ,

2202 3985 2515 4040 καταλιπὼν
2550 3987 2715 4058 μέρος
2742 3986 2873 4060 ὕλης
2896 3984 3035 4043 εἶναι
3070 3992 3306 4062 πονηρὸν
3340 3993 3430 4046 ἐπ’
3470 3991 3670 4064 ὀλέθρῳ,
3692 3985 3735 4042 οὗ

2202 4077 2596 4149 ἐδημιούργησε
2623 4079 2839 4149 μέρους.
2883 4081 3041 4134 Ἀλλὰ
3067 4080 3172 4152 μὴν
3188 4083 3281 4135 καὶ
3304 4085 3375 4137 τὰ
3397 4085 3612 4155 μέγιστα
3629 4079 3735 4135 κοτὲ

2198 4167 2356 4220 τοῦτο
2380 4166 2440 4221 τὸ
2471 4170 2636 4241 μέρος
2654 4170 2946 4242 ἠδικῆσθαί
2973 4190 3061 4243 μοι
3088 4174 3269 4240 δοκεῖ,
3305 4173 3464 4230 τοῦθ’
3488 4179 3611 4247 ὅπερ
3634 4189 3736 4228 κατ·

2200 4262 2464 4314 εσκεύασε
2508 4263 2608 4333 τῆς
2669 4262 2801 4334 ὕλης
2844 4265 3010 4335 μέρος
3048 4266 3576 4340 ἀντιλαμϐανόμενον
3606 4264 3735 4319 τανῦν

2200 4352 2308 4404 τῶν
2336 4350 2541 4405 κακῶν.
2571 4353 2634 4405 ΕΞ
2665 4354 2774 4425 γάρ
2794 4372 2877 4418 τις
2904 4355 3148 4422 ἐξετάζοι
3181 4360 3272 4411 ἐπ’
3296 4361 3523 4430 ἀκριϐὲς
3555 4360 3615 4413 τὰ
3630 4355 3737 4427 ap!!-

2200 4457 2406 4512 γματα,
2429 4442 2806 4514 χαλεπώτερον
2829 4446 2923 4518 νῦν
2939 4449 3158 4520 εὑρήσει
3177 4449 3280 4522 τὴν
3299 4450 3436 4523 ὕλην
3460 4449 3733 4505 πεπονθυῖαν

522 4544 648 4599 inde
678 4543 747 4597 ab
776 4541 926 4598 omni
971 4555 1087 4595 αξνο
1133 4541 1374 4595 materia:
1426 4539 1660 4604 inerant,
1733 4553 1801 4593 an
1826 4537 2095 4592 existendi

2202 4533 2302 4602 τῆς
2330 4533 2603 4606 προτέρας
2624 4536 2911 4608 ἀκοσμίας.
2950 4540 3089 4611 Πρὶν
3132 4541 3242 4613 γὰρ
3285 4545 3460 4616 αὐτὴν
3503 4542 3737 4616 διακριθῆ-

520 4637 849 4708 principium
895 4633 1116 4705 aliquod
1167 4632 1453 4688 habuere?
1500 4630 1717 4685 Inerant
1766 4645 1898 4686 vero
1960 4631 2099 4685 citra

523 4731 693 4785 ullum
722 4738 876 4785 ortus
898 4728 981 4783 sui
1016 4727 1363 4798 principium.
1392 4725 1533 4792 Quid
1556 4722 1740 4778 ?Num
1778 4732 1832 4778 tu
1859 4722 2098 4792 aliquam

523 4837 555 4877 a
584 4820 695 4877 Deo
719 4820 1076 4876 mutationem
1091 4817 1413 4887 qualitatum
1444 4818 1674 4872 istarum
1708 4814 1954 4870 effectam
1978 4829 2101 4869 esse

523 4913 857 4971 contendis?
886 4911 1071 4966 Plane.
1105 4903 1302 4966 Utrum
1354 4924 1473 4965 eam
1514 4909 1567 4963 in
1620 4908 1836 4974 melius,
1870 4923 1938 4961 an
1969 4921 2101 4960 vero

524 5007 579 5061 in
606 5006 843 5062 deterius
880 5005 1077 5059 factam
1104 5002 1431 5059 arbitraris?
1487 5002 1542 5055 In
1594 4995 1789 5056 melius
1820 5008 1963 5055 certe
1979 4998 2104 5069 qui-

524 5099 668 5153 dem.
712 5096 876 5170 3M
906 5095 962 5151 Si
991 5112 1119 5166 ergo
1170 5095 1458 5166 qualitates
1485 5094 1724 5149 materiae
1779 5093 1921 5147 mala
1950 5101 2098 5160 sunt,

524 5193 832 5263 aedemque
866 5207 989 5246 cum
1032 5189 1346 5244 melioribus
1374 5205 1406 5242 a
1432 5186 1546 5242 Deo
1591 5196 1938 5251 commutatae
1984 5186 2103 5243 fue-

525 5294 674 5349 runt,
706 5284 850 5339 unde
876 5283 1018 5337 mala
1054 5281 1430 5353 proﬂuxermt,
1464 5289 1818 5351 quaerendum
1855 5295 2104 5335 necessa-

526 5375 610 5430 rio
632 5386 732 5431 est.
755 5377 862 5432 Aut
895 5377 1037 5431 enim
1064 5376 1354 5446 qualitates
1392 5374 1509 5430 ista;
1538 5373 1732 5444 prioris
1746 5384 1951 5428 natura:
1972 5386 2103 5428 con-

526 5467 788 5523 ditionem
827 5485 932 5523 non
965 5476 1274 5523 exuerunt:
1337 5475 1430 5522 aut
1464 5467 1533 5530 si,
1573 5481 1697 5522 cum
1735 5466 1888 5535 prius
1943 5464 2101 5519 malae

528 5574 636 5614 non
666 5569 868 5625 essent,
921 5559 1012 5615 illa
1039 5567 1217 5614 tamen
1258 5558 1521 5614 divinitus
1564 5557 1706 5613 facta
1755 5556 2057 5612 mutatione
2082 5595 2097 5622 ,

603 5756 714 5829 (ιι)
743 5757 881 5811 Μεθ’
907 5757 1063 5829 ἑνός.
1095 5757 1405 5829 Legendum
1432 5758 1644 5814 videtur
1682 5755 1807 5829 μήθ’
1854 5748 1991 5822 ἑνός,
2017 5754 2101 5813 vel
2170 5728 2173 5731 Ι

533 5827 702 5885 unico
719 5830 883 5884 verbo
918 5827 1168 5898 μηθενός.

2198 4643 2308 4689 ναι,
2332 4624 2394 4679 τὸ
2425 4625 2559 4697 μηδὲ
2581 4627 2865 4682 αἰσθέσθαι
2887 4630 2996 4684 τῶν
3022 4632 3208 4687 κακῶν
3243 4636 3432 4708 παρῆν
3478 4638 3628 4706 αὑτῇ’
3647 4633 3737 4687 νυνὶ

2199 4718 2255 4772 δὲ
2279 4720 2507 4775 ἕκαστον
2524 4721 2631 4774 τῶν
2661 4720 2842 4794 μερῶν
2870 4720 3040 4795 αὐτῆς
3072 4726 3324 4799 αἴσθησιν
3372 4729 3623 4801 λαμϐάνει
3656 4726 3736 4779 τῶν

2200 4811 2405 4865 κακῶν.
2444 4813 2556 4866 Καὶ
2586 4814 2675 4884 μοὶ
2709 4815 2795 4868 ἐπ’
2828 4812 3114 4888 ἀνθρώπου
3148 4819 3209 4872 τὸ
3235 4821 3576 4892 παράδειγμα
3616 4816 3733 4872 inﬁt.

2200 4904 2337 4975 Πρὶν
2361 4903 2470 4975 γὰρ
2494 4906 2768 4978 εἰκονισθῇ
2791 4909 2885 4960 καὶ
2907 4908 3044 4971 ζῶον
3063 4910 3286 4982 γένηται
3301 4916 3369 4985 τῇ
3399 4914 3491 4967 τοῦ
3514 4917 3736 4983 Δημιουρ-

2200 4995 2299 5065 γοῦ
2331 4997 2515 5069 τέχνῃ,
2558 4998 2620 5051 τὸ
2659 4999 2776 5070 μεθ’
2812 5000 2930 5064 ἐνὸς
2971 5001 3081 5075 (14)
3130 5003 3615 5075 ἀντιλαμϐάνεσθαι
3654 5002 3736 5055 τῶν

2202 5089 2388 5143 κακῶν
2421 5090 2569 5163 παρά
2612 5092 2711 5162 τῆς
2738 5092 2953 5162 φύσεως
2996 5090 3142 5166 εἶχεν
3167 5113 3182 5127 ⁸
3217 5098 3311 5165 ἀφ’
3338 5093 3402 5153 οὕ
3427 5098 3482 5152 δὲ
3523 5095 3642 5170 πρὸς
3665 5093 3735 5148 τοῦ

2202 5179 2336 5234 Θεοῦ
2367 5180 2649 5255 ἄνθρωπος
2666 5185 2876 5252 γίνεται
2902 5189 2997 5240 καὶ
3019 5189 3119 5258 τὴν
3145 5188 3398 5260 αἴσθησιν
3420 5190 3513 5244 τοῦ
3538 5202 3734 5261 προσπε-

2201 5272 2455 5339 λάζοντος
2474 5276 2646 5329 κακοῦ
2683 5278 3091 5350 προσλαμϐάνει
3112 5298 3128 5312 °
3171 5283 3264 5336 καὶ
3288 5283 3438 5337 τοῦθ’
3470 5286 3595 5355 ὅπερ
3622 5281 3734 5335 ἐστὶν

2202 5359 2491 5438 εὐεργεσία
2532 5367 2641 5439 (15)
2689 5369 2792 5440 τῆς
2833 5368 2964 5441 ὕλης
2985 5410 3000 5435 ,
3030 5373 3168 5446 πρὸς
3213 5372 3307 5427 τοῦ
3338 5376 3475 5429 Θεοῦ
3501 5373 3732 5445 γεγονέναι

2202 5454 2402 5527 λέγεις,
2428 5460 2742 5530 εὑρίσκεται
2769 5460 2969 5531 μᾶλλον
2997 5463 3090 5515 ἐπὶ
3124 5461 3204 5534 τῷ
3242 5460 3444 5539 χείρονι
3487 5460 3732 5538 προσγενό-

2206 5564 2365 5622 μενον
2396 5553 2555 5622 αὑτῇ.
2590 5553 2654 5605 El
2677 5552 2723 5605 δ’
2748 5555 2812 5607 ἐκ
2840 5553 2934 5607 τοῦ
2971 5555 3046 5627 μὴ
3092 5555 3346 5611 δύνασθαι
3370 5558 3463 5612 τὸν
3508 5558 3628 5611 Θεὸν
3658 5556 3732 5607 ἀν·

2275 5749 2385 5820 (15)
2429 5749 2635 5819 Ἔστιν
2664 5748 2997 5821 εὐεργεσία.
3032 5744 3240 5808 Sensus
3273 5753 3527 5820 postulat.
3563 5749 3637 5804 in’
3662 5746 3731 5801 εὖσ

2205 5822 2448 5895 εργεσίᾳ,
2482 5821 2716 5878 maxime
2745 5838 2870 5879 cum
2900 5834 3179 5895 sequatur,
3210 5825 3299 5878 ἐπὶ
3333 5825 3554 5896 χείρονι.
