3838 6384
199 390 271 442 58f
1259 393 1579 453 ΡΒΑΞΡΛΒ.
1625 400 1640 452 1

1745 400 1877 456 ιΝυ.
1924 401 2048 457 LIB.
2098 400 2204 458 Vll.

3219 418 3366 477 ’889

193 529 299 580 ιλείν
322 525 377 576 τὰ
395 525 523 577 κακὰ
552 525 610 578 τὸ
645 525 718 597 μὴ
745 528 1054 582 πεπαῦσθαι
1092 530 1286 598 λέγεις,
1320 533 1578 587 ἀδύνατον
1601 537 1640 587 τὲ

1745 536 1763 587 ι
1803 530 1919 582 quae
1949 517 2182 585 priorem
2237 527 2483 572 naturam
2538 520 2828 590 expulerit,
2885 525 3186 594 ejusmodi,
3223 547 3362 594 quas

189 617 290 669 θεὸν
314 618 478 686 φήσεις
498 617 778 688 ὑπάρχειν.
805 619 878 671 Τὸ
905 619 960 673 δὲ
995 621 1249 676 ἀδύνατον
1283 626 1400 694 ἦτοι
1420 627 1496 697 τῷ
1529 627 1684 696 φύσει

187 710 338 779 ἀσθενῆ
364 710 607 779 ὑπάρχειν
624 711 784 763 αὑτὸν
807 711 980 775 ἔσται,
1011 713 1042 784 ἧ
1068 713 1145 786 τῷ
1165 717 1414 770 νικᾶσθαι
1435 718 1511 790 τῷ
1539 720 1685 792 φόϐῳ

185 800 524 870 δεδουλωμένων
552 804 687 873 πρός
713 821 855 868 τινος
883 807 1206 876 κρείττονος.
1239 810 1301 862 El
1329 810 1428 881 μὲν
1477 808 1569 866 οὖν
1597 813 1683 866 τὸν

182 894 278 945 Θεὸν
303 894 436 960 φύσει
466 893 661 966 ἀσθενῆ
691 896 820 951 ὄντα
842 898 1130 969 τολμήσεις
1183 901 1355 954 είπεῖν
1375 943 1388 966 ,
1427 905 1554 975 περὶ
1585 906 1682 976 τῆς

181 983 392 1053 σωτηρίας
415 984 575 1052 αὐτῆς
601 985 924 1040 κινδυνεύειν
955 1007 1041 1059 μοι
1062 990 1236 1054 δοκεῖς
1255 1008 1269 1022 ⁸
1311 995 1360 1046 εί
1406 993 1462 1046 δὲ
1489 995 1566 1065 τῷ
1598 1013 1679 1047 νι-

178 1073 327 1126 ιᾶσθαι
356 1073 489 1142 φόϐῳ
517 1075 654 1144 πρὸς
673 1075 766 1128 τοῦ
800 1077 1074 1146 μείζονος,
1121 1079 1340 1150 μείζονα
1391 1080 1541 1134 ἔσται
1585 1082 1678 1135 τοῦ

174 1164 272 1216 Θεοῦ
293 1165 350 1216 τὰ
372 1165 532 1228 κακὰ,
578 1167 814 1220 νικῶντα
847 1169 948 1237 τῆς
976 1167 1346 1241 προαιρέσεως
1380 1172 1542 1225 αὐτοῦ
1582 1175 1677 1246 τὴν

170 1258 325 1325 ὁρμήν·
371 1257 497 1326 ὅπερ
528 1257 726 1310 ἄτοπον
755 1254 892 1311 εἶναί
930 1277 1018 1330 μοι
1051 1259 1226 1329 λέγειν
1255 1262 1382 1332 περὶ
1426 1263 1559 1316 Θεοῦ
1595 1263 1677 1317 δο-

168 1349 240 1397 κεῖ.
265 1345 345 1397 Διὰ
365 1347 412 1398 τί
441 1346 542 1418 γὰρ
571 1349 691 1416 οὐχὶ
717 1349 912 1418 μᾶλλον
939 1345 1088 1403 ταῦτ’
1111 1350 1322 1405 ἔσονται
1358 1352 1487 1416 θεοῖ,
1519 1355 1674 1424 νικᾷν

166 1436 265 1488 κατὰ
293 1435 366 1487 τὸν
397 1435 543 1503 λόγον
590 1437 680 1490 σὺν
709 1429 992 1508 δυνάμενοι
1038 1440 1146 1510 (16)
1191 1441 1279 1495 τὸν
1318 1442 1480 1506 Θεὸν,
1517 1442 1672 1515 εἴπερ

163 1528 256 1578 Θεὸν
276 1528 428 1579 ἐκεῖνό
468 1547 680 1598 φαμεν,
728 1530 755 1582 ὃ
794 1531 890 1601 τὴν
926 1533 1180 1584 ἁπάντων
1233 1533 1480 1599 ἐξουσίαν
1519 1533 1668 1604 ἔχεις

163 1619 323 1687 Βραχέα
349 1618 401 1670 δέ
443 1636 532 1672 σου
565 1621 661 1672 καὶ
696 1621 823 1691 περὶ
867 1623 965 1692 τῆς
1024 1623 1154 1693 ὕλης
1192 1623 1359 1695 αὐτῆς
1407 1625 1668 1678 πυθέσθαι

159 1709 377 1778 βούλομαι.
411 1712 516 1764 Καὶ
557 1712 650 1780 μοὶ
686 1711 862 1783 φέρων
894 1711 1038 1779 λέγε,
1071 1714 1296 1786 πότερον
1331 1717 1474 1787 ἁπλῆ
1493 1735 1574 1781 τις
1601 1717 1668 1788 ἦν

157 1799 275 1869 ἡῦλη
302 1800 328 1870 ἢ
352 1799 592 1865 σύνθετος
617 1818 631 1866 ;
664 1805 696 1873 ἡ
727 1804 836 1873 γὰρ
868 1803 1098 1874 διαφορὰ
1124 1805 1231 1858 τῶν
1261 1807 1558 1874 γεγονότων
1587 1812 1665 1872 εἰς

1787 619 1932 658 nunc
1958 608 2134 673 habet,
2162 609 2368 663 inustas
2402 614 2640 666 materiae
2665 615 2952 682 qualitates
2980 635 3101 675 esse
3129 621 3364 678 arbitra-

1785 698 1863 750 ris
1901 716 1912 749 :
1948 699 2212 752 malorum
2273 701 2516 770 profecto
2541 720 2707 759 causa
2765 707 2909 763 Deus
2935 712 3057 773 erit,
3078 714 3172 782 qui
3198 754 3212 776 ,
3237 731 3360 784 quas

1785 789 1940 841 mala:
1978 804 2072 857 per
2096 806 2215 844 sese
2249 807 2353 845 non
2375 804 2546 859 erant,
2577 811 2672 850 eas
2695 797 2747 849 in
2784 800 2958 854 malas
2980 808 3354 862 commutarit.

1782 878 1851 932 At
1882 879 2019 934 forte
2059 896 2124 933 ne
2160 883 2332 938 malas
2361 887 2578 954 quidem
2601 890 2889 956 qualitates
2909 891 3117 947 Deusin
3159 897 3353 950 melio-

1782 984 1867 1022 res
1901 974 2189 1032 convertit.
2223 976 2315 1029 sed
2349 976 2586 1044 reliquas
2644 987 2892 1043 tantum,
2950 981 3054 1034 hoc
3103 996 3184 1036 est
3235 1000 3352 1052 eas,

1780 1061 1978 1128 quibus
2006 1063 2139 1117 nihil
2167 1075 2312 1120 esset
2341 1080 2462 1121 cum
2489 1067 2646 1122 bonis
2686 1071 2910 1125 malisve
2939 1089 3252 1143 commune,
3289 1086 3349 1132 υι

1779 1153 1953 1221 major
1981 1170 2046 1208 ex
2092 1169 2153 1208 ea
2199 1159 2500 1213 mutatione
2550 1170 2776 1216 ornatus
2819 1165 3092 1220 existeret.
3126 1167 3198 1222 Ita
3228 1171 3352 1238 qui-

1777 1242 1900 1296 dem
1950 1245 2064 1314 jam
2091 1246 2217 1301 inde
2245 1252 2313 1302 ab
2343 1249 2498 1303 initio
2527 1254 2843 1308 sentiebam.
2877 1255 3159 1322 Quomodo
3186 1261 3350 1328 igitur

1775 1349 1896 1403 qua:
1931 1339 2085 1391 malae
2106 1355 2201 1408 per
2243 1357 2364 1395 sese
2405 1351 2560 1396 erant
2587 1385 2602 1409 ,
2633 1360 2726 1399 eas
2753 1347 2873 1400 sine
2903 1349 3008 1403 ulla
3044 1353 3346 1408 mutatione

1775 1427 1992 1482 relictas
2027 1430 2096 1484 ab
2141 1446 2206 1485 eo
2246 1433 2416 1486 fuisse
2443 1435 2572 1488 ais?
2598 1437 2676 1488 Αιι
2711 1437 2854 1506 quod
2887 1440 3006 1494 illas
3059 1453 3118 1496 ut
3153 1445 3344 1500 tollere

1773 1521 2022 1575 similiter
2051 1539 2113 1578 ac
2143 1525 2322 1580 delete
2356 1531 2621 1596 potuisset
2649 1571 2664 1593 ,
2723 1534 2956 1586 uoluerit
2997 1544 3174 1589 tamen
3199 1576 3213 1599 ,
3271 1553 3340 1592 an

1771 1612 1972 1680 potius,
2026 1615 2171 1683 quod
2223 1615 2275 1668 id
2307 1620 2565 1684 perlicere
2591 1623 2738 1675 nullo
2762 1625 2922 1678 modo
2947 1628 3182 1694 potuerit
3218 1629 3241 1681 ?
3281 1628 3339 1684 Si

1769 1703 2010 1770 potuisse
2077 1707 2352 1772 concedis,
2404 1725 2566 1779 negas
2607 1712 2878 1767 voluisse:
2939 1716 3153 1771 illarum
3203 1735 3339 1776 cau-

1767 1807 1882 1846 sam
1912 1793 1966 1846 in
1991 1793 2158 1849 Deum
2187 1796 2434 1853 conferas
2458 1817 2679 1856 necesse
2714 1814 2819 1867 est,
2848 1808 2941 1874 qui
2972 1823 3093 1862 cum
3123 1824 3214 1864 eas
3253 1813 3339 1866 in-

154 1891 348 1962 τοιαὺτην
389 1911 450 1963 με
481 1894 824 1964 περιίστησιν
871 1895 1110 1959 ἐξέτασιν
1143 1897 1293 1950 τοῦδε
1339 1899 1432 1952 τοῦ
1479 1900 1637 1969 λόγου

1766 1893 1889 1937 nata
1924 1887 2129 1941 malitia
2177 1887 2408 1946 liberare
2439 1903 2643 1960 posset,
2679 1912 2835 1950 suam
2890 1907 3069 1954 tamen
3105 1902 3171 1956 iis
3205 1919 3338 1957 con-

151 1983 299 2056 Εἰγὰρ
324 1984 456 2055 ἁπλῆ
505 2003 592 2049 τις
650 1985 944 2056 ἐτύγχανεν
994 1987 1152 2060 ἡῦλη
1201 1991 1293 2042 καὶ
1348 1992 1655 2062 μονοειδής·

151 2074 344 2139 σύνθετος
371 2078 424 2129 δὲ
456 2081 482 2131 ὁ
516 2079 725 2149 κόσμος
753 2080 884 2150 (l7),
913 2081 1007 2132 καὶ
1051 2083 1112 2134 ἐκ
1149 2081 1419 2152 διαφόρων
1463 2085 1659 2139 οὐσιῶν

148 2186 188 2222 τε
213 2172 284 2222 καὶ
303 2171 533 2242 κράσεων
559 2171 658 2242 τὴν
677 2171 932 2225 σύστασιν
955 2173 1064 2242 ἔχει
1086 2190 1099 2236 ;
1133 2174 1236 2225 Τὸν
1261 2174 1367 2245 γὰρ
1403 2176 1512 2246 (18)
1538 2176 1659 2228 σύν-

147 2262 254 2314 θετον
274 2264 438 2316 ἁπλῶν
469 2281 630 2316 τινων
658 2266 803 2335 μίξιν
835 2266 1043 2336 μηνύει.
1079 2267 1139 2319 Εἰ
1167 2266 1211 2319 δ’
1239 2264 1304 2321 αὖ
1360 2269 1519 2323 πάλιν
1557 2269 1657 2341 τὴν

145 2353 237 2424 ὕλην
258 2355 482 2409 σύνθετον
509 2357 690 2425 λέγειν
718 2357 937 2421 ἐθέλοις,
963 2359 1182 2422 πάντως
1206 2359 1262 2426 ἐξ
1286 2360 1472 2414 ἁπλῶν
1496 2380 1654 2415 τινων

143 2449 444 2501 συντεθεῖσθαι
479 2451 695 2521 φήσεις.
743 2452 804 2504 Εἰ
838 2451 894 2503 δὲ
944 2451 1002 2516 ἐξ
1041 2452 1223 2505 ἁπλῶν
1267 2455 1541 2525 συνετέθη,
1585 2451 1653 2526 ἦν

141 2555 232 2592 ποτε
259 2541 362 2593 καθ’
386 2543 551 2596 ἑαυτὰ
582 2545 693 2613 (19)
717 2544 784 2596 τὰ
818 2543 984 2616 ἁπλαῖ,
1020 2537 1094 2596 ὧν
1123 2546 1483 2599 συντεθέντων
1506 2585 1521 2607 ,
1561 2548 1652 2616 γέ-

138 2635 286 2700 γονενὴ
313 2631 422 2702 ὕλη,
453 2632 510 2698 ἐξ
532 2625 710 2703 οὕπερ
731 2633 822 2686 καὶ
849 2631 1083 2703 γεννητὴ
1110 2628 1242 2686 οὖσα
1264 2633 1552 2692 δείκνυται.
1587 2635 1649 2689 EE

135 2720 212 2791 γὰρ
236 2723 458 2788 σύνθετος
487 2727 520 2796 ἡ
552 2724 677 2796 ὕλη,
715 2725 781 2776 τὰ
802 2725 857 2778 δὲ
882 2724 1109 2780 σύνθετα
1135 2722 1193 2788 ἐξ
1224 2724 1408 2777 ἁπλῶν
1431 2726 1529 2796 τὴν
1556 2725 1649 2777 σύ-

135 2829 272 2866 πανπν
301 2815 420 2884 ἔχει,
440 2812 508 2886 ἧν
539 2833 672 2868 ποτε
702 2815 906 2882 καιρὸς,
933 2815 1018 2866 ὅτε
1038 2815 1134 2884 ὕλη
1156 2815 1254 2866 οὑκ
1283 2810 1370 2884 ἦν,
1403 2814 1645 2866 τουτέστι

135 2904 225 2971 πρὶν
249 2903 304 2955 τὰ
333 2905 468 2957 ἁπλᾶ
507 2903 804 2957 συνελθεῖν.
831 2905 892 2956 El
920 2903 976 2955 δὲ
1004 2898 1070 2974 ἦν
1105 2919 1232 2954 ποτε
1280 2901 1471 2973 καιρὸς
1493 2944 1507 2965 .
1555 2903 1643 2955 ὅτε

133 2992 200 3062 ὕλη
220 2997 302 3048 οὐκ
321 2992 399 3065 ἦν,
429 2998 528 3048 οὕκ
557 2991 626 3067 ἦν
653 2995 710 3048 δέ
743 3009 872 3047 ποτε
903 2994 1114 3064 καιρὸς,
1147 2993 1234 3046 ὅτε
1267 2992 1326 3045 τὸ
1353 2993 1644 3063 ἀγέννητον

129 3086 198 3135 οὐκ
217 3081 294 3155 ἦν’
319 3088 410 3138 οὐκ
440 3087 592 3140 ἔσται
621 3085 915 3158 ἀγέννητος
945 3088 977 3156 ἡ
1027 3084 1147 3156 ὕλη.
1195 3084 1267 3136 Τὸ
1303 3084 1346 3136 δ’
1392 3083 1642 3136 ἐντεῦθεν

128 3177 237 3229 Em:
275 3180 425 3232 πολλὰ
477 3179 545 3232 τὰ
592 3179 886 3250 ἀγέννητα.
949 3179 1010 3230 Εἰ
1053 3178 1161 3248 γὰρ
1201 3172 1268 3248 ἦν
1301 3177 1640 3245 ἀγέννητοςὸ

1763 1974 2024 2030 ditionem
2057 1979 2362 2049 relinquere
2380 1984 2652 2047 maluerit,
2691 2003 2800 2055 quo
2827 1991 3170 2056 potissimum
3197 2003 3334 2049 tem-

1761 2078 1891 2132 pore
1962 2069 2245 2123 materiam
2319 2071 2706 2128 elaborandam
2772 2077 3333 2152 conformandamque

1759 2157 2074 2226 susciperet.
2113 2161 2244 2214 Nam
2269 2162 2314 2216 si
2361 2166 2640 2219 materiam
2679 2185 2881 2238 susque
2911 2171 3084 2242 deque
3109 2174 3331 2230 habuis-

1760 2257 1864 2310 set,
1928 2263 2036 2302 non
2059 2250 2169 2318 jatn
2195 2254 2518 2321 qualitatum)
2552 2273 2762 2321 earum,
2795 2262 3189 2332 quasintegras
3212 2281 3329 2319 ma-

1755 2354 1884 2394 nere
1928 2340 2185 2407 sinebat,
2243 2359 2406 2398 causa
2456 2347 2747 2402 diceretur.
2795 2349 2948 2406 Nunc
3003 2370 3164 2418 vero,
3199 2373 3324 2411 cum

1753 2429 1996 2498 ejusdem
2029 2435 2266 2488 materia:
2297 2447 2502 2504 partem
2557 2442 2844 2508 expoliret,
2881 2454 3086 2512 partem
3118 2447 3327 2518 indige-

1752 2530 1888 2574 stam
1921 2537 1984 2575 ac
2017 2523 2226 2589 rudem,
2269 2527 2342 2578 uti
2394 2538 2548 2590 erat,
2590 2530 2923 2598 relinqueret
2967 2553 2980 2586 :
3036 2536 3129 2603 qui
3175 2537 3322 2605 quod

1751 2612 2021 2667 malorum
2069 2627 2373 2684 supererat,
2431 2619 2627 2675 melius
2675 2621 2884 2678 efIicere
2926 2629 3215 2693 potuisset,
3271 2630 3319 2684 is

1750 2700 1878 2753 mihi
1915 2702 2134 2770 quidem
2169 2704 2340 2773 culpa:
2369 2706 2600 2774 alicujus
2655 2708 2830 2763 aﬂiuis
2887 2711 3099 2765 videtur
3123 2713 3314 2781 fuisse,

1747 2793 1874 2848 dunt
1911 2793 1965 2847 in
2020 2795 2189 2850 altera
2222 2799 2460 2852 materiae
2510 2810 2661 2868 parte
2709 2802 2948 2855 nativam
2997 2805 3162 2858 etiam
3201 2817 3315 2861 tum
3366 2879 3368 2882 ν

1749 2885 2007 2938 malitiam
2041 2887 2093 2940 in
2125 2888 2244 2956 ejus
2277 2906 2438 2958 quam
2474 2893 2799 2957 elaboraret,
2833 2895 3059 2948 exitium
3109 2898 3316 2954 haerere

1744 2985 2037 3044 pateretur.
2067 2976 2132 3031 Et
2154 2981 2370 3047 quidem
2402 2985 2580 3049 gravis
2612 2998 2836 3051 prorsus
2871 2987 2970 3040 hoc
2996 2987 3050 3040 in
3075 3004 3303 3057 genere,

1746 3067 1892 3131 huic,
1930 3085 2092 3138 quam
2135 3073 2453 3136 elaboravit,
2511 3077 2751 3131 materia:
2787 3079 2921 3146 parti
2953 3120 2968 3146 ,
2999 3094 3064 3134 eo
3092 3084 3311 3138 nomine

1742 3160 1882 3216 facta
1907 3164 2120 3218 videtur
2144 3167 2513 3236 iujuria,quod
2539 3178 2740 3223 tantam
2763 3171 3026 3226 malorntn
3044 3175 3152 3229 vim
3180 3178 3310 3232 sub-

126 3271 235 3330 θεὲ-ς,
261 3274 340 3324 καὶ
358 3273 421 3325 τὰ
448 3273 616 3335 ἁπλᾶ,
656 3272 714 3337 ἐξ
742 3265 815 3324 ὧν
847 3271 879 3341 ἡ
909 3270 1004 3340 ὕλη
1035 3268 1312 3338 συνετέθη,
1347 3269 1445 3320 οὐκ
1487 3268 1637 3320 ἐσται

1745 3257 1819 3308 ire
1861 3271 1926 3310 ac
1971 3259 2244 3313 sustinere
2289 3271 2539 3328 cogatur.
2575 3260 2836 3331 Quisquis
2861 3265 3003 3319 enim
3059 3278 3309 3324 accurate

123 3355 188 3407 δύο
204 3360 316 3426 μόνα
337 3360 397 3412 τὰ
429 3361 725 3429 ἀγέννητοι.
759 3361 916 3410 Δοκεῖ
943 3356 998 3409 δέ
1032 3374 1112 3410 σοι
1145 3357 1310 3428 μηδὲν
1337 3358 1442 3410 τῶν
1467 3357 1635 3410 ὄντων

123 3450 218 3500 αὑτὸ
255 3451 412 3520 ἐαυτῷ
446 3449 815 3513 ἁντικεῖσθαι;
872 3451 1046 3503 Δοκεῖ.
1111 3449 1432 3502 Ἀντίκειται
1473 3449 1530 3500 δὲ
1558 3449 1634 3518 τῷ

122 3540 286 3608 mea
315 3539 488 3612 ὕδωρς
543 3539 906 3593 ’Λντικεῖσθαί
950 3557 1038 3610 μοι
1085 3541 1352 3608 φαίνεται.
1403 3541 1632 3611 Ὁμοίως

172 3632 244 3682 καὶ
265 3632 329 3701 τῷ
349 3634 481 3699 φωτὶ
505 3633 566 3685 τὸ
592 3631 804 3694 σκότος,
834 3631 927 3684 καὶ
955 3631 1031 3702 τῷ
1064 3631 1257 3702 ψυχρῷ
1304 3632 1364 3684 τὺ
1408 3630 1627 3701 θερμὸν,

119 3722 218 3788 πρὸς
236 3721 288 3793 δὴ
311 3723 509 3785 τούτοις
535 3723 634 3775 καὶ
660 3722 736 3791 τῷ
762 3721 908 3794 ξηρῷ
930 3723 989 3775 τὸ
1029 3723 1224 3794 ὑγρόν;
1263 3722 1449 3784 Οὕτως
1485 3723 1628 3793 ἐχειν

118 3829 181 3878 μοι
199 3813 335 3866 δοκεῖ.
363 3815 566 3868 Οὕκοῦν
587 3814 763 3884 (‘20)ei
789 3815 954 3884 μηδὲν
970 3813 1076 3866 τῶν
1103 3814 1270 3866 ὄντων
1295 3813 1424 3868 αὐτὸ
1451 3815 1625 3886 ἐαυτῷ

114 3907 377 3970 ἀντίκειται,
418 3911 515 3962 οὐκ
554 3908 768 3962 ἔσονται
797 3908 893 3978 ὕλη
921 3907 1052 3977 μία.
1103 3907 1222 3959 οὐδὲ
1267 3906 1372 3976 μὴν
1409 3907 1464 3973 ἐξ
1493 3906 1624 3978 ὕλης

116 3997 222 4058 μιᾶς.
268 3999 470 4068 Ὅμοιον
505 3998 563 4052 δέ
599 4017 722 4052 τινα
759 3997 932 4068 τούτῳ
977 3999 1133 4066 λόγον
1165 3998 1326 4052 πάλιν
1357 3999 1621 4052 πυθέσθαι

115 4100 179 4136 σου
202 4085 446 4159 βούλομαι.
475 4093 637 4144 Δοκεῖ
659 4107 741 4142 σοι
764 4088 830 4142 τὰ
862 4089 999 4159 μέρη
1033 4087 1107 4158 μὴ
1147 4087 1467 4158 ἀναιρετικὰ
1498 4104 1622 4156 τυγ-

110 4177 246 4240 χάνειν
267 4181 490 4251 ἀλλήλων
516 4199 529 4246 ;
563 4184 737 4235 Δοκεῖ.
768 4177 919 4234 Εἶναι
944 4180 1000 4232 δὲ
1026 4180 1123 4249 τῆς
1152 4178 1280 4249 ὕλης
1310 4180 1449 4251 μέρη
1473 4181 1532 4232 τό
1559 4197 1616 4232 τε

109 4265 189 4336 πῦρ
203 4271 281 4322 καὶ
308 4271 461 4342 ὕδωρ,
487 4274 750 4335 ὡσαύτως
771 4273 827 4324 δὲ
854 4273 944 4324 καὶ
971 4270 1038 4324 τὰ
1053 4271 1246 4335 lauri;
1275 4273 1460 4335 Οὕτως
1481 4272 1611 4342 ἔχει.

108 4354 153 4406 Τί
172 4357 231 4419 δὲ,
252 4361 304 4411 ού
325 4361 462 4413 δοκεῖ
485 4379 566 4414 σοι
591 4360 984 4430 ἅνατρεπτικὸν
1015 4361 1113 4429 μὲν
1151 4355 1288 4412 εἶναι
1314 4360 1407 4412 τοῦ
1446 4361 1614 4432 πυρὸς

106 4448 294 4523 τὺῦὁωρ,
318 4455 405 4506 τοῦ
429 4453 483 4506 δὲ
513 4454 740 4515 σκότους
767 4452 826 4505 τὸ
851 4451 985 4521 φῶς,
1014 4452 1108 4504 καὶ
1141 4451 1308 4505 τᾶλλα
1359 4452 1459 4506 ὅσα
1495 4453 1612 4505 τού-

105 4554 186 4604 τοις
207 4546 527 4616 παραπλήσια
547 4563 560 4610 ;
584 4547 759 4598 Δοκεῖ.
780 4543 985 4596 ﬂuxo-3v
1009 4545 1056 4595 εἰ
1080 4542 1146 4595 τὰ
1175 4542 1313 4613 μέρη
1339 4543 1436 4596 οὐκ
1463 4543 1608 4597 ἐστιν

1741 3362 1854 3400 rem
1901 3349 2175 3403 aestimare
2206 3351 2368 3414 volet,
2406 3351 2452 3405 is
2487 3353 2645 3420 longe
2680 3355 3001 3410 deteriorem
3041 3357 3143 3412 hoc
3173 3370 3307 3414 tem-

1738 3453 1888 3506 pore,
1908 3457 2070 3509 quam
2090 3443 2330 3510 impolita
2361 3443 2490 3496 dum
2510 3447 2918 3508 esset,materi;e
2937 3449 3303 3506 conditionem

1734 3547 1854 3586 esse
1889 3535 2138 3602 reperiet.
2170 3535 2301 3588 Nam
2327 3544 2617 3605 autequatn
2642 3538 2817 3591 varias
2864 3539 3197 3608 digererctur
3248 3545 3298 3600 in

1733 3634 1936 3690 partes,
2002 3626 2206 3677 nullum
2235 3642 2297 3679 ea
2339 3629 2606 3681 malorum
2635 3644 2856 3683 suorum
2907 3631 3137 3686 habebat
3179 3650 3293 3688 seu.

1733 3731 1878 3779 sum,
1932 3732 2041 3785 quo
2073 3733 2216 3770 nunc
2245 3727 2424 3786 partes
2449 3719 2567 3788 ejus
2591 3720 2820 3789 singula:
2848 3722 3191 3778 vehementer
3220 3725 3303 3780 la~

1730 3807 1942 3860 borant.
1994 3808 2171 3878 Atque
2217 3819 2273 3864 ut
2310 3810 2378 3864 ab
2433 3812 2652 3866 homine
2681 3824 2930 3868 sumatur
2964 3818 3295 3887 exemplum,

1728 3899 2043 3968 priusquam
2079 3901 2280 3956 animal
2317 3903 2531 3972 opificis
2557 3913 2672 3958 arte
2703 3906 3099 3962 conformatum
3129 3921 3297 3975 esset,

1725 4008 1754 4042 a
1788 4004 1977 4044 natura
2035 3993 2136 4046 hoc
2176 3995 2424 4060 habebat,
2461 3994 2592 4048 nihil
2622 4005 2679 4049 ut
2717 3998 2940 4052 omnino
2984 3997 3108 4054 mali
3146 4011 3297 4069 pate-

1722 4094 1890 4136 retur.
1934 4081 2011 4136 Ex
2069 4100 2178 4153 quo
2213 4094 2390 4138 autem
2425 4102 2454 4139 a
2492 4085 2599 4140 Deo
2626 4100 2942 4156 procreatus
2995 4091 3158 4144 homo
3189 4101 3291 4158 est,

1719 4175 1847 4228 mali
1874 4176 2033 4229 etiam
2067 4177 2395 4232 imminentis
2424 4194 2584 4232 sensu
2619 4180 2866 4234 allicitur.
2924 4180 3017 4245 lta,
3050 4183 3193 4251 qttod
3235 4195 3291 4238 tu

1717 4266 1885 4320 divini
1935 4283 2061 4337 erga
2117 4270 2396 4322 materiam
2453 4268 2703 4325 Numinis
2749 4272 3070 4326 beneficium
3126 4273 3292 4328 inter-

1717 4358 1969 4426 pretaris,
2003 4359 2106 4414 hoc
2138 4359 2238 4428 ipsi
2266 4359 2378 4427 jam
2411 4361 2463 4415 in
2489 4363 2730 4417 deterius
2753 4362 2986 4417 cessisse
3029 4365 3284 4432 reperies.

1713 4448 1874 4520 345
1903 4448 2020 4503 Jatn
2046 4467 2191 4516 vero,
2225 4452 2268 4505 si
2301 4453 2444 4521 quod
2478 4453 2617 4506 mala
2648 4453 2788 4507 Deus
2812 4455 2996 4509 tollere
3027 4471 3134 4508 non
3193 4471 3288 4525 po-

1721 4544 1906 4605 tuerit,
1944 4543 2130 4595 eadem
2165 4544 2463 4612 perstitisse
2494 4545 2662 4611 voles,
2707 4545 2874 4599 Deum
2936 4562 3064 4615 ergo
3109 4547 3283 4614 impo-

310 4636 640 4707 ἁναιρετικὰ,
665 4635 762 4688 οὐκ
786 4634 935 4686 ἐσται
971 4633 1213 4703 ἀλλήλων
1260 4634 1420 4705 μέρη.
1467 4637 1527 4688 Ei
1551 4636 1606 4690 δὲ

1745 4642 1908 4687 antem
1934 4631 2088 4689 facis.
2123 4633 2394 4703 lmpotens
2435 4646 2614 4690 autem
2663 4637 2706 4692 si
2771 4638 2896 4701 erit,
2942 4647 3035 4692 aut
3066 4646 3283 4706 proplet‘

104 4724 175 4775 οὒκ
192 4725 311 4779 ἐστιν
330 4729 560 4798 ἀλλήλων
587 4728 747 4799 μέρη,
769 4725 1092 4779 οὑκὲσονται
1115 4725 1246 4796 ὕλης
1273 4730 1418 4797 μιᾶς.
1452 4728 1612 4782 Ἀλλὰ

107 4815 182 4884 μὴν
209 4820 300 4871 οὐδ’
340 4823 470 4875 αὐτὰ
514 4822 726 4874 ἔσονται
753 4820 851 4889 ὕλη
886 4819 966 4889 τῷ
990 4818 1155 4888 μηδέν
1197 4835 1250 4870 τι
1289 4817 1396 4870 τῶν
1434 4818 1602 4872 ὄντων

105 4906 198 4958 αὐτὸ
217 4911 383 4964 ἑαυτοῦ
406 4912 744 4984 ἀναιρετικὸν
770 4911 1052 4982 ὑπάρχειν,
1075 4908 1216 4962 κατὰ
1234 4907 1322 4960 τὸν
1341 4908 1432 4961 τοῦ
1456 4910 1602 4961 ἀντι-

104 5000 296 5068 γειμένου
318 5003 483 5072 λόγον.
523 5005 656 5057 Οὐδὲ
681 5004 788 5074 γάρ
818 5005 932 5055 ἐστι
958 5001 1011 5053 τὶ
1035 5000 1182 5070 αὐτῷ
1209 4999 1594 5070 ἀντικείμενον·

103 5088 152 5139 τὰ
180 5091 267 5163 γὰρ
296 5097 630 5166 ἀντικείμενα
651 5137 665 5158 ,
705 5095 909 5165 ἑτέροις
934 5092 1268 5146 ἀντικεῖσθαι
1320 5091 1559 5159 πέφυκεν
1581 5109 1594 5121 ο

101 5172 181 5231 ora»;
199 5183 248 5235 τὸ
267 5185 438 5240 λευκὸν
464 5188 595 5240 αὐτὸ
617 5185 793 5256 ἐαυτῷ
813 5187 914 5238 οὐκ
936 5185 1266 5247 ἀντίκειται,
1292 5184 1426 5254 πρὸς
1459 5183 1514 5235 δὲ
1539 5184 1599 5236 τὸ

105 5271 229 5335 μέλαν
247 5275 591 5348 ἀντικείμενον
609 5277 855 5346 λέγεται·
885 5277 979 5329 καὶ
1002 5276 1064 5328 τὸ
1089 5276 1203 5343 φῶς
1226 5275 1424 5344 ὁμοίως
1467 5272 1597 5326 ἐαυ-

101 5359 156 5426 τῷ
175 5365 233 5435 μὴ
255 5368 563 5423 ἀντικεῖσθαι
587 5370 873 5436 δείκνυται,
901 5369 1034 5440 πρὸς
1050 5367 1106 5420 δὲ
1129 5367 1188 5419 τὸ
1216 5367 1402 5428 σκότος
1426 5364 1598 5428 οὕτως

153 5502 235 5578 (16)
275 5509 599 5578 Δυνὰμενοι.
643 5509 867 5563 Praestat
914 5507 1138 5562 omnino
1187 5505 1478 5577 δυνάμενα,
1532 5509 1589 5558 ut

103 5571 306 5629 referatur
325 5581 382 5633 ad
412 5571 599 5642 ταῦτα,
633 5596 737 5633 non
763 5580 828 5632 ad
861 5579 1009 5634 Θέον.

152 5644 238 5708 (Π)
263 5650 531 5716 Σύνθετος
573 5649 640 5701 δὲ
689 5652 721 5703 ό
769 5649 1017 5718 κόσμος.
1048 5647 1232 5718 Mutila
1282 5646 1384 5718 ista
1435 5651 1582 5718 sunt,

103 5709 334 5790 (ἔφηιωοιιθ
363 5721 454 5790 εἰσ
502 5709 738 5789 expleas,
791 5709 908 5783 πῶς
953 5709 1017 5790 δὴ
1073 5716 1324 5780 σύνθετός
1373 5718 1519 5769 ἐστιν
1557 5715 1586 5766 ὁ

105 5781 268 5850 κόσμος,
291 5789 388 5854 καί,
418 5798 516 5844 etc.

153 5856 236 5924 uti)
268 5860 496 5927 Τὸνγάρ,
530 5859 783 5916 Rescribe
814 5861 874 5913 τδ
898 5859 1023 5930 γάρ·

1723 4723 1959 4776 nativam
1991 4723 2412 4780 imbecillitatem
2446 4727 2567 4790 erit,
2603 4736 2698 4780 aut
2741 4727 2887 4796 quod
2942 4727 3191 4780 servilem
3227 4727 3280 4779 in

1712 4814 1956 4878 modum,
1991 4817 2308 4884 potentioris
2337 4817 2790 4884 alicujusterrore
2822 4826 3128 4884 superetur.
3182 4815 3283 4870 Na-

1711 4912 1831 4957 tura
1863 4905 2216 4971 imbecillum,
2265 4909 2399 4961 citra
2447 4906 2796 4962 manifestum
2833 4907 3025 4962 salutis
3058 4910 3275 4976 pericu-

1709 4997 1843 5058 lum,
1872 4999 2139 5050 atlirmare
2166 4998 2390 5052 audebis
2418 5011 2720 5066 nunquam.
2768 4998 2862 5051 Sin
2907 4998 3132 5066 majoris
3165 4999 3276 5053 for-

1709 5089 1911 5142 midine
1939 5091 2139 5142 victum
2168 5105 2286 5144 esse
2313 5090 2482 5154 dices,
2515 5091 2653 5143 tnala
2693 5089 2801 5143 Deo
2843 5089 3007 5142 simul
3037 5099 3261 5158 antepo-

1706 5196 1824 5245 nes,
1858 5197 1980 5249 qua:
2027 5181 2132 5232 vim
2178 5181 2295 5249 ejus
2351 5181 2723 5250 impetumque
2766 5181 3062 5236 voluntatis
3097 5182 3272 5251 impe-

1705 5271 1876 5326 diant.
1907 5271 2062 5337 Quod
2107 5288 2237 5327 sane
2271 5273 2336 5328 de
2366 5282 2558 5326 natura
2607 5273 2791 5326 divina
2822 5272 3105 5342 pradicari
3159 5290 3267 5327 non

1704 5362 1807 5416 nisi
1843 5361 2079 5417 absurde
2120 5371 2316 5432 potest.
2348 5362 2545 5429 Quidni
2575 5363 2720 5419 enim
2771 5364 2914 5418 mala
2943 5363 3059 5434 ipsa
3089 5365 3269 5434 potius

1770 5501 1882 5573 (l9)
1907 5500 2018 5556 Ἦν
2044 5517 2187 5557 ποτε
2219 5504 2346 5559 καθ’
2380 5501 2582 5558 ἑαυτά.
2617 5499 2813 5574 Negari
2859 5501 3016 5558 facile
3057 5512 3264 5574 posset,

1696 5576 1838 5645 quod
1873 5575 1958 5629 hic
1990 5575 2307 5645 assumitur.

1769 5646 1879 5714 (‘20)
1911 5644 2162 5698 οὐκοῦν.
2200 5643 2265 5698 Ει
2297 5646 2414 5715 haec
2446 5644 2837 5714 consequentia
2866 5644 3063 5714 oppido
3095 5658 3262 5715 quam

1695 5712 2092 5794 illiil'ﬂla:"[(2la
2117 5715 2262 5770 enim
2294 5714 2408 5770 haec
2441 5712 2821 5786 ἀπιμᾶχησις,
2852 5712 3074 5772 θέῐκατ⁹
3101 5712 3262 5794 εἰδοί,

1693 5799 1802 5840 non
1833 5784 1956 5838 καθ’
1987 5785 2136 5855 ὕλην.
2155 5858 2158 5860 γ
