3838 6384
541 323 651 379 585
1189 316 1456 376 EUSEBII
1497 315 1980 373 C/ESARIENSIS
2017 315 2170 373 OPP.
2214 313 2393 370 PARS
2430 313 2493 369 11.
2533 346 2604 356 —-
2641 314 3151 375 APOLOGETICA.
3645 326 3723 382 534

539 437 766 492 deorum
796 437 916 490 loco
947 434 1278 494 habeantur,
1315 434 1360 486 si
1390 444 1443 486 et
1483 433 1673 496 Deum,
1706 443 1765 488 ut
1812 433 1918 496 ais,
1953 447 2055 500 sup

2228 431 2365 501 ἔχων
2393 430 2675 498 φαίνεται·
2724 431 2818 482 καὶ
2858 429 2991 484 ἄλλα
3017 429 3149 499 γοῦν
3183 431 3377 502 ὁμοίως
3414 433 3611 488 πλεῖστα
3637 437 3725 496 ὅσα.

539 545 663 584 rare
705 536 963 598 possunt,
993 537 1046 580 et
1081 526 1250 581 Deum
1282 526 1415 579 illud
1451 540 1573 579 esse
1601 526 1833 580 demum
1871 539 2055 596 agnos:

2231 525 2293 577 Ei
2317 526 2494 577 τοίνυν
2527 526 2621 578 καὶ
2647 523 2744 595 ὕλη
2775 525 2871 594 μία
2896 541 2980 589 τις
2999 523 3088 597 ἦν,
3114 528 3212 580 οὑκ
3249 526 3313 579 ἂν
3335 528 3462 598 αὑτὴ
3500 531 3617 602 αὐτῇ
3637 533 3729 587 ἀντ.

541 638 687 686 mus,
713 621 861 690 quod
885 634 1155 675 summam
1184 617 1380 672 habeat
1404 633 1585 672 rerum
1611 617 1856 671 omnium
1890 625 2057 686 potest

2231 619 2425 672 ἐκειτο.
2495 617 2653 671 Οὕτω
2703 617 2760 670 δὲ
2788 618 2897 672 τῶν
2931 619 3317 690 ἀντικειμένων
3341 620 3569 689 ἐχόντων,
3592 626 3640 677 τὸ
3679 630 3729 698 μὴ

541 714 684 768 tem?
729 713 832 768 Sed
877 713 1032 782 juvat
1062 719 1347 781 praetcrea,
1384 710 1644 764 nonnulla
1673 726 1737 764 ex
1773 719 1824 763 te
1853 709 1919 763 de
1951 715 2057 762 mat

2230 704 2366 762 εἶναι
2395 710 2493 781 τὴν
2517 709 2649 780 ὓλην
2677 709 2972 765 δείκνυται.
3007 730 3023 762 ι
3052 710 3299 764 Τοσαῦτα
3339 713 3427 764 καὶ
3456 713 3483 764 ὁ
3517 715 3730 786 προδηλω-

541 806 625 861 ria
656 821 918 876 quaerere.
975 803 1073 859 Dic
1127 804 1314 874 igitur,
1368 803 1565 857 amabo
1613 810 1688 867 te,
1743 801 2057 872 simpliccml

2229 800 2340 864 Θεὶς
2365 801 2732 873 συγγραφεὺς’.
2763 801 3020 874 Αὐτάρκη
3065 803 3120 856 δὲ
3154 803 3484 875 περιγραφὴν
3515 807 3731 877 εἰληφότος

540 897 825 951 materiam
856 912 924 950 an
957 895 1320 966 compositam
1355 893 1527 950 fuisse
1552 892 1746 963 putes?
1776 890 1910 946 Nam
1937 907 2056 946 reru

2225 893 2316 946 τοῦ
2347 894 2527 962 λόγου,
2554 895 2645 947 ἐπὶ
2669 894 2760 947 τὸν
2785 894 2970 963 ὄγδοον
2993 895 3092 966 τῆς
3115 895 3512 966 Εὐαγγελικῆς
3555 902 3732 967 Προπο-

540 996 690 1042 tanta
725 988 1024 1041 diversitas
1054 990 1120 1041 ad
1155 987 1320 1056 hujus
1358 1002 1444 1040 me
1475 985 1925 1055 disceptationem
1969 1000 2056 1052 qu:

2219 986 2531 1055 ρασκευῆς
2559 988 2912 1058 μεταϐάντες,
2935 989 3002 1042 τὰ
3047 990 3306 1044 λείποντα
3341 991 3418 1062 τῷ
3454 994 3735 1064 προκειμένῳ

539 1079 738 1136 stionis
785 1079 1027 1134 adducit.
1071 1079 1127 1133 Si
1169 1080 1316 1134 enim
1372 1079 1627 1148 simplex,
1682 1079 1951 1146 uniusque
1985 1078 2054 1131 du

2229 1080 2525 1150 σκέμματι,
2555 1081 2843 1152 σύμμαχον
2867 1083 3324 1153 ἐπικαλεσάμενοι
3346 1085 3436 1137 τὸν
3470 1085 3611 1153 Θεὸν,
3639 1089 3735 1140 ἀνα-

538 1179 687 1228 taxat
720 1171 910 1227 forma;
950 1187 1016 1226 ac
1056 1173 1241 1241 ﬁgurae
1273 1171 1498 1225 materia
1528 1169 1652 1231 fuit,
1689 1171 1967 1239 quomodo
1995 1175 2046 1222 ta

1092 1188 1241 1241 gnra:
1273 1171 1498 1225 materia
1528 1169 1652 1231 fuit,
1689 1171 1967 1239 quomodo
1995 1175 2116 1223 tan-
2228 1170 2606 1242 πληρώσομεν.

534 1262 658 1318 dem
689 1265 1028 1335 compositus
1059 1280 1125 1318 ex
1170 1280 1232 1318 ea
1280 1262 1539 1323 mundus.
1574 1278 1638 1318 ex
1669 1271 1816 1316 tanta
1862 1262 2294 1318 substantiarum
2343 1279 2409 1319 ac
2465 1266 2919 1334 temperationum
2982 1268 3243 1324 varietate
3301 1269 3573 1324 consistit?
3620 1270 3733 1336 Quod

531 1357 679 1411 enim
708 1358 1070 1427 compositum
1103 1356 1325 1418 dicitur,
1366 1356 1417 1409 id
1466 1370 1598 1409 sane
1655 1355 1894 1424 plurium
1951 1355 2282 1424 simplicium
2342 1356 2660 1411 mixtionem
2704 1357 2948 1413 involvit.
3014 1359 3107 1413 Sin
3137 1360 3380 1415 eamdem
3439 1366 3733 1431 compositam

534 1447 707 1504 fuisse
753 1449 854 1515 vis,
897 1466 962 1504 ex
1011 1449 1350 1519 simplicibus
1401 1447 1566 1517 igitur
1611 1447 1913 1515 composita
1975 1445 2096 1500 fuit.
2131 1448 2284 1514 Quod
2309 1449 2353 1502 si
2384 1464 2570 1503 verum
2603 1459 2706 1515 est,
2769 1449 2982 1506 fuerant
3040 1452 3154 1520 jam
3209 1453 3338 1506 olim
3380 1454 3623 1522 simplicia
3672 1456 3734 1508 illa

531 1560 627 1614 per
661 1560 802 1607 sese,
831 1561 1063 1616 quorum
1107 1561 1174 1600 ex
1219 1545 1616 1615 compositione
1665 1543 1892 1597 materia
1948 1543 2177 1598 conﬂata
2223 1554 2325 1599 est.
2373 1544 2508 1601 Hinc
2553 1561 2716 1615 porro
2764 1547 3000 1615 genitam
3057 1561 3178 1600 esse
3224 1545 3498 1598 materiam
3541 1544 3734 1599 efﬁcitur.

530 1636 666 1692 Nam
704 1639 751 1693 si
781 1639 1083 1708 composita
1123 1638 1346 1691 materia
1391 1647 1494 1702 est,
1528 1638 1831 1706 composita
1896 1653 2026 1691 vero
2059 1653 2124 1691 ex
2164 1639 2506 1709 simplicibus
2557 1649 2928 1709 coagmentata
2981 1649 3128 1703 sunt,
3197 1647 3410 1704 tempus
3469 1637 3585 1689 illud
3631 1647 3737 1690 certe

529 1730 778 1802 fuit,quo
814 1732 1094 1787 nulladum
1121 1732 1341 1786 materia
1373 1741 1538 1797 esset,
1577 1731 1680 1785 hoc
1709 1740 1792 1785 est
1836 1742 2128 1800 antequam
2159 1747 2222 1785 ea
2261 1732 2587 1801 simplicium
2640 1731 2778 1784 inter
2819 1747 2939 1786 sese
2967 1729 3281 1798 conjunctio
3313 1729 3480 1783 fieret.
3529 1726 3660 1793 Quod
3705 1729 3735 1780 si

529 1832 744 1893 tempus
791 1822 1061 1893 ejusmodi
1114 1824 1332 1892 aliquod
1391 1822 1513 1887 fuit,
1571 1838 1681 1893 quo
1744 1824 1968 1877 materia
2027 1825 2256 1877 necdum
2320 1834 2496 1887 esset,
2557 1824 2766 1877 nullum
2843 1833 3022 1877 autem
3076 1837 3316 1891 unquam
3371 1821 3488 1886 fuit,
3535 1836 3628 1889 quo
3676 1837 3737 1873 res

528 1925 654 1970 ortu
706 1916 1080 1986 principioque
1122 1932 1332 1981 carens,
1392 1915 1633 1969 nondum
1670 1915 1923 1970 existeret
1964 1925 2110 1974 ortu.
2161 1916 2382 1968 materia
2417 1917 2663 1970 caruisse
2706 1931 2813 1969 non
2846 1916 3060 1983 poterit.
3109 1915 3377 1969 Caeterum
3422 1915 3563 1984 plura
3623 1914 3738 1970 dein:

529 2022 658 2076 ceps
683 2017 806 2062 ortu
835 2007 1073 2063 carentia
1122 2018 1448 2062 Statuemus.
1488 2006 1544 2060 Si
1591 2008 1734 2062 enim
1774 2017 1828 2060 et
1855 2006 2016 2070 Deus,
2050 2018 2104 2061 et
2133 2009 2400 2076 simplicia
2452 2010 2574 2070 ista,
2623 2024 2689 2064 ex
2744 2009 2946 2078 quibus
2992 2018 3243 2064 concreta
3291 2011 3517 2063 materia
3541 2018 3737 2070 est,oru:

529 2101 812 2166 carebunt,
845 2115 955 2155 non
1011 2099 1123 2170 jam
1172 2103 1282 2155 duo
1343 2109 1554 2154 tantum
1597 2111 1718 2154 ortu
1794 2100 2034 2154 carentia
2075 2102 2458 2155 censebantur.
2507 2100 2809 2167 Postremo,
2858 2117 2987 2155 num
3038 2111 3091 2154 lu
3167 2117 3278 2154 rem
3344 2102 3500 2171 plane
3560 2101 3734 2161 nullam,

529 2206 654 2262 qua?
707 2207 892 2248 secum
941 2192 1058 2262 ipsa
1104 2200 1325 2261 pugnet,
1375 2206 1496 2247 esse
1544 2192 1836 2246 concedis?
1883 2190 2115 2245 Nullam.
2160 2192 2295 2246 Cum
2355 2193 2480 2263 igne
2526 2207 2652 2247 vero
2701 2209 2831 2248 num
2857 2209 2995 2263 aqua
3027 2194 3269 2263 pugnat?
3298 2190 3741 2263 Pugnatsanc.Si-

529 2285 733 2340 militer
779 2297 834 2340 et
884 2286 988 2341 luci
1032 2286 1288 2350 tenebrae,
1335 2295 1390 2340 et
1438 2283 1636 2355 [rigido
1667 2285 1924 2351 calidum,
1965 2295 2019 2340 et
2064 2286 2210 2340 sicco
2246 2285 2527 2340 humidum
2572 2286 2930 2341 adversatur?
2976 2283 3192 2355 Utique.
3229 2284 3399 2356 Igitur
3441 2285 3485 2338 si
3527 2300 3602 2337 res
3632 2285 3739 2335 nulla

529 2391 716 2433 secum
746 2377 856 2446 ipsa
886 2386 1109 2447 pugnat,
1146 2377 1393 2446 sequitur
1425 2377 1674 2441 omnino,
1729 2393 1829 2432 nec
1874 2378 2088 2431 unicam
2121 2393 2242 2432 esse
2263 2379 2567 2443 materiam,
2590 2395 2687 2434 nec
2721 2380 2882 2434 unica
2935 2387 3144 2433 tantum
3185 2395 3248 2433 ex
3291 2379 3518 2432 materia
3542 2378 3742 2429 universa

528 2477 800 2526 ccustare.
853 2469 1016 2540 346
1049 2468 1150 2523 Cui
1209 2469 1484 2537 persimile
1525 2484 1588 2522 ac
1637 2469 1912 2539 geminum
1961 2469 2089 2522 illud
2123 2479 2228 2534 est,
2279 2471 2422 2540 quod
2474 2471 2740 2539 sequitur.
2787 2471 2930 2537 Quid
2991 2472 3159 2535 enim,
3214 2485 3399 2523 annon
3440 2480 3606 2539 partes
3652 2467 3742 2520 aliis

527 2561 665 2618 alias
684 2563 908 2617 exitium
938 2579 1002 2617 ae
1049 2571 1254 2631 pestem
1284 2577 1469 2616 creare
1495 2563 1807 2616 conﬁteris?
1851 2561 2135 2631 Equidem.
2191 2562 2430 2618 Materiae
2477 2579 2604 2618 vero
2655 2572 2857 2634 partes,
2911 2564 3112 2634 ignem,
3185 2578 3412 2631 aquam,
3461 2571 3513 2615 et
3554 2560 3744 2628 reliquas

528 2668 650 2710 esse
681 2655 973 2710 concedis?
1015 2653 1082 2708 Et
1111 2654 1359 2709 libenter.
1391 2655 1566 2725 Ignem
1594 2670 1758 2724 porro
1799 2671 1960 2725 aqua,
2019 2659 2111 2709 lux
2165 2656 2437 2723 tenebras,
2493 2665 2659 2726 atque
2718 2656 2990 2726 ejusmodi
3021 2664 3240 2715 caetera,
3292 2670 3403 2708 non
3457 2653 3627 2707 tollere
3654 2667 3744 2705 sese

529 2755 720 2802 mutuo
743 2764 807 2803 ac
836 2751 1102 2818 perimere
1123 2747 1410 2802 videntur?
1434 2746 1619 2802 Plane.
1657 2747 1715 2801 Si
1747 2764 1876 2817 ergo
1905 2757 2087 2818 partes
2144 2750 2306 2804 nulla:
2357 2757 2608 2804 mutuum
2669 2750 2772 2805 sibi
2825 2750 3050 2804 exitium
3076 2749 3331 2810 aderunt,
3357 2762 3459 2801 nec
3483 2754 3746 2800 mutuarum

527 2838 633 2895 ista
654 2840 889 2910 partium
920 2841 1186 2895 rationem
1219 2841 1484 2905 obtinere,
1517 2855 1616 2893 nec
1646 2840 1873 2909 proinde
1924 2839 2088 2896 unius
2144 2848 2353 2894 tantum
2379 2841 2640 2904 materiai,
2699 2849 2794 2893 aut
2826 2855 2953 2895 vero
2983 2840 3207 2893 materia
3242 2854 3470 2908 prorsus
3528 2853 3635 2891 esse
3674 2851 3747 2905 pc-

525 2937 730 2999 terunt,
776 2946 899 2987 cum
952 2945 1040 2986 res
1093 2932 1240 2985 nulla
1290 2931 1570 2985 interitum
1621 2930 1722 2985 sibi
1797 2940 2112 3001 pestemque
2169 2941 2336 2998 creet,
2389 2931 2466 2985 uti
2523 2933 2819 2986 contrariis
2885 2932 3158 2986 contraria
3238 2931 3444 2986 solent.
3488 2927 3591 2984 Nec
3634 2929 3745 2983 enim

528 3024 670 3079 idem
695 3022 1032 3078 contrarium
1063 3033 1146 3077 est
1200 3023 1302 3093 ipsi
1363 3023 1487 3087 sibi,
1533 3023 1810 3078 contraria
1883 3023 2151 3092 siquidem
2199 3024 2324 3078 aliis
2379 3024 2643 3079 duntaxat
2673 3024 2947 3079 contraria
2991 3033 3137 3087 sunt,
3181 3022 3633 3093 quemadmodum
3673 3036 3748 3074 nec

527 3117 711 3171 album
746 3117 890 3182 albo,
928 3117 1020 3172 sed
1059 3117 1215 3185 nigro
1267 3125 1515 3182 tantum;
1557 3132 1659 3170 nec
1716 3116 1846 3182 luci,
1905 3117 2000 3172 sed
2051 3118 2290 3172 tenebris
2341 3117 2616 3172 contraria
2678 3116 2768 3171 lux
2812 3126 2916 3183 est,
2960 3118 3318 3186 similiterque
3348 3117 3418 3172 de
3447 3116 3564 3170 aliis
3595 3114 3747 3185 pleris-

525 3224 634 3280 que
661 3208 1030 3279 philosophari
1077 3219 1248 3278 potes.
1297 3207 1500 3274 Quare,
1534 3209 1579 3263 si
1614 3208 1839 3261 materia
1868 3223 2085 3278 quoque
2140 3225 2246 3263 una
2264 3208 2514 3280 quaedam
2543 3220 2597 3263 et
2623 3208 2852 3277 simplex
2917 3219 3086 3273 esset,
3136 3225 3424 3279 nunquam
3473 3224 3640 3263 secum
3661 3208 3746 3274 ipsa

527 3310 812 3371 pugnaret.
837 3299 916 3354 Ex
968 3316 1074 3370 qua
1132 3301 1345 3355 tandem
1383 3301 1603 3369 propria
1632 3299 2036 3354 contrariorum
2060 3300 2273 3355 ratione
2299 3301 2667 3367 concluditur,
2725 3301 2906 3355 locum
2946 3303 3170 3356 omnino
3219 3303 3312 3358 isti
3373 3301 3608 3357 materiae
3655 3299 3748 3352 nul-

526 3391 638 3446 lum
670 3408 974 3461 superesse.
1019 3412 1038 3443 »
1087 3391 1154 3445 Ει
1204 3391 1470 3447 Maximus
1517 3392 1734 3461 quidem
1791 3393 2077 3446 hactenus.
2129 3390 2241 3447 Nos
2287 3407 2417 3446 vero
2466 3405 2592 3448 cum
2657 3407 2756 3447 sua
2816 3392 2944 3448 huic
2984 3394 3243 3448 volumini
3297 3394 3553 3464 justaque
3585 3388 3750 3458 magni-

529 3486 661 3541 tudo
693 3487 782 3550 sit,
812 3501 933 3556 quae
965 3486 1219 3554 deinceps
1251 3485 1440 3540 all‘ecta
1466 3487 1761 3555 disputatio
1789 3485 2081 3550 desiderat,
2134 3494 2351 3553 octavo,
2411 3487 2506 3556 qui
2569 3487 2839 3556 sequitur,
2897 3486 3320 3556 Prwparatiouis
3357 3485 3668 3556 Evangelii-tr
3699 3481 3746 3535 li-

526 3576 649 3642 bro,
675 3577 888 3632 favente
917 3579 1100 3632 divino
1131 3576 1385 3643 Numine,
1419 3579 1950 3647 repraesentabimus.

542 3727 3740 3753 ww

881 3869 2220 3990 ΠΡΟΠΑΡΑΣΚΕΥΗΣ
2368 3864 3438 3985 ΕΥΑΓΓΕΔΙΚΗΣ

1674 4073 2110 4158 ΒΙΒΛΙΟΝ
2153 4069 2631 4158 ΟΓΔΟΟΝ.

654 4425 1669 4520 PREPABATIONIS
1774 4426 2567 4523 EVANGELICIE
2646 4355 3001 4518 LIBER
3071 4425 3644 4523 OCTAVUS.

781 4767 941 4840 347
993 4766 1172 4823 OCTA
1197 4765 1268 4821 VI
1313 4765 1521 4820 LIBRI
1557 4766 1852 4824 CAPIT/1.
2131 4787 2174 4839 Β
2291 4774 2297 4824 τ

2167 4792 2174 4835 ι
2291 4773 2472 4824 ΤΛΔΕ
2512 4771 2871 4826 ΠΕΡΙΕΧΕΙ
2918 4772 3002 4826 T0
3040 4773 3332 4826 ΟΓΔΟΟΝ
3377 4772 3683 4827 ΒΙΒΛῙΟΝ.

531 4883 583 4938 1.
624 4880 972 4948 Praemium,
1019 4897 1083 4934 ac
1130 4885 1194 4934 de
1225 4881 1327 4950 piis
1359 4879 1608 4935 Mosaicae
1667 4881 1967 4948 reipublicte
2025 4899 2047 4935 ι

2228 4877 2271 4935 ι’.
2315 4884 2656 4952 Προοίμιον,
2681 4885 2776 4936 καὶ
2802 4884 2934 4952 περὶ
2969 4884 3075 4939 τοῦ
3106 4885 3259 4939 κατὰ
3299 4886 3558 4940 Μωῦσέα
3583 4891 3744 4939 decere

599 4953 828 5022 stitutis.
1199 5019 1215 5022 Α
1594 5019 1616 5022 ι

1594 5019 1616 5022 Α,
2274 4955 2416 5020 ϐοῦς
2442 4955 2889 5022 πολιτεύματος.

526 5023 582 5077 2.
625 5020 709 5075 Ea:
773 5021 1025 5095 Aristwo,
1073 5023 1138 5076 de
1184 5019 1538 5075 Iudaicarum
1581 5019 1980 5092 Scripturarum
2015 5025 2042 5077 ii

2229 5031 2268 5079 ι’.
2318 5019 2664 5092 Ἀρισταίου,
2690 5019 2827 5092 ’περὶ
2849 5019 2963 5093 τῆς
2983 5023 3298 5095 ἑρμηνείας
3313 5025 3438 5079 τῶν
3459 5025 3610 5094 παρὰ
3646 5023 3745 5076 Ἰου-

601 5093 996 5163 ισῖρνειαιὶοηε.
1180 5161 1236 5163 _7
1298 5160 1306 5163 _
1403 5160 1414 5163 Α
1500 5161 1565 5163 __
1876 5130 1880 5140 .
1947 5162 1973 5163 η

1298 5160 1306 5163 -
1403 5160 1414 5163 ,
1500 5161 1565 5163 __
1876 5130 1880 5140 ι
1947 5162 1973 5163 η
2206 5093 2214 5094 ί
2275 5095 2466 5160 δαίοις
2491 5095 2765 5163 Γραδρῶν.

527 5160 582 5221 3.
626 5158 867 5232 Epistola
893 5162 1144 5217 Demetrii
1169 5160 1416 5215 Phalerei
1440 5161 1508 5214 ad
1529 5161 1878 5218 Ptolemazum
1900 5162 2043 5235 Ᾱῖρῃ

2228 5165 2270 5219 ".
2319 5158 2639 5234 Ἐπιστολῆ
2686 5163 3020 5235 Δημητρίου
3081 5166 3187 5220 τοῦ
3253 5166 3573 5233 Φαληρέως
3627 5158 3744 5229 πρὸς

599 5236 864 5305 ti__regem.
903 5302 930 5305 _
1007 5303 1016 5305 _
1159 5303 1167 5305 _
1291 5302 1300 5305 Α
1983 5234 1986 5235 ⁷

1983 5234 1986 5235 ⁷
2217 5234 2221 5235 ⁷
2272 5235 2640 5304 Πτολεμαῖον
2665 5235 2771 5289 τὸν
2794 5234 3060 5298 βασιλέα
3077 5237 3401 5305 Αἰγύπτου.

531 5303 586 5360 4.
615 5298 870 5374 -Ερὶὲεοία
897 5302 1168 5356 Ptolemazi
1195 5302 1328 5372 regis
1362 5302 1431 5356 ad
1464 5301 1802 5368 Eleazarum,
1833 5319 2040 5357 suanmu

2227 5314 2265 5362 ι’.
2310 5298 2629 5373 Ἐπιοῖτολὴ
2653 5305 3019 5374 Πτολεμαίου
3043 5298 3353 5372 βαοῖιλέως
3391 5307 3543 5374 apd;
3582 5298 3743 5355 Ἐλεά-

600 5372 1289 5445 Ιὲάαιονιιηιέαεενάοιεηι.
1413 5443 1421 5445 _
1655 5441 1664 5445 _
1731 5443 1741 5445 _
1883 5443 1958 5445 Α*
2041 5443 2048 5445 _

1883 5443 1889 5445 Α
1935 5443 1958 5445 _
2041 5443 2048 5445 _
2271 5376 2446 5442 ζαρον
2473 5375 2581 5428 τὸν
2605 5372 2723 5429 τῶν
2756 5372 3052 5445 Ἰουδαίων
3069 5376 3361 5445 ἀρχιερέα,

532 5442 587 5500 5.
631 5441 873 5513 Epistula
911 5443 1184 5510 Eleazari,
1230 5443 1422 5497 summi
1479 5441 1792 5510 sacerdotis,
1823 5443 1892 5498 ad
1925 5443 2048 5498 Ptol

2231 5456 2262 5502 '.
2317 5439 2636 5516 Ἐπιστολὴ
2710 5443 3052 5513 Ἐλεαζάρου
3091 5439 3199 5500 τοῦ
3231 5439 3575 5516 ’ἀρχιερέως
3629 5439 3747 5508 εει-ἀς

601 5530 788 5568 misum
827 5529 1013 5583 regem.
1176 5581 1196 5583 _
1667 5582 1676 5583 ί
1695 5582 1698 5583 ν

1667 5582 1676 5583 ί
1695 5582 1698 5583 ν
2273 5515 2641 5583 Πτολεμαῖον
2687 5515 2792 5569 τὸν·
2816 5516 3100 5580 βασιλέα.

533 5583 713 5705 6.ιβω
765 5581 1006 5651 Philone,
1054 5583 1118 5636 de
1161 5581 1471 5638 Judworum
1516 5599 1582 5638 ex
1634 5582 1866 5656 xligypto
1893 5585 2049 5656 profer

629 5671 763 5707 ioue.

2231 5597 2277 5642 -¹.
2305 5581 2590 5707 “dilui-oc,
2621 5588 2751 5656 περὶ
2774 5586 2882 5656 τῆς
2901 5587 3001 5640 ἀπ’
3019 5588 3315 5658 Αἰγύπτου
3335 5587 3462 5641 τῶν
3492 5581 3747 5640 ’Ῐοιιδαιίυσ

2275 5670 2418 5707 ποοε
2443 5673 2533 5707 ac.

605 5663 763 5707 tione.

2275 5663 2532 5723 πορείας.

537 5724 585 5778 7.
631 5723 714 5776 Ex
742 5724 939 5791 eodem,
973 5725 1035 5780 de
1064 5723 1307 5795 religiosa
1351 5723 1600 5779 Mosaicw
1639 5726 1940 5795 reipublica:
1986 5726 2053 5794 [οι

599 5813 705 5849 ma.

2230 5733 2269 5789 ,".
2307 5720 2414 5850 ista
2442 5726 2649 5850 (ιῗτοῦ,
2692 5729 2822 5797 περὶ
2872 5728 2978 5798 τῆς
3007 5729 3154 5783 κατὰ
3184 5728 3438 5785 Μωῖτσέα
3466 5720 3746 5786 θεοσεϐοῦς

2278 5814 2371 5850 πο.
2401 5814 2482 5850 ιτε
2509 5814 2598 5850 ac.

599 5813 705 5849 low.
2278 5807 2598 5863 πολιτείας.
