3838 6384
173 369 252 425 593

171 481 432 556 μηνευθῆναι
457 479 766 550 γράμμασιν
799 476 1131 548 Ἑλληνικοῖς
1157 478 1219 531 ἐκ
1253 478 1361 531 τῶν
1387 479 1512 550 παρ’
1539 477 1667 548 ὑμῖν
1697 490 1743 544 Α

176 573 416 646 Ἐὕραῐκῶν
459 570 758 641 λεγομένων
799 569 1164 640 γραμμάτων,
1214 571 1278 623 ἵν’
1307 570 1527 642 ὑπάρχῃ
1572 569 1668 622 καὶ

166 667 294 722 ταῦτα
315 661 422 734 παρ’
451 665 573 734 ἡμῖν
597 664 656 715 ὲν
694 658 1014 731 βιϐλιοθήκῃ
1041 660 1136 713 σὺν
1160 664 1270 725 τοῖς
1295 661 1474 725 ἀλλοις
1508 662 1665 732 βασι-

165 759 291 821 λικοῖς
318 756 538 827 βιϐλίοις.
567 753 760 817 Καλῶς
788 749 882 807 οὖν
914 755 1178 825 ποιήσεις,
1209 755 1300 808 καὶ
1329 755 1427 825 τῆς
1465 757 1668 827 ἡμετέ-

166 869 239 926 ρας
259 848 457 919 σπουδῆς
479 846 659 912 ἀξίως,
689 846 945 914 ἐπιλέξας
968 847 1166 919 ἄνδρας
1195 847 1375 909 καλῶς
1412 848 1670 917 βεϐιωκό-

164 961 247 1009 τας,
271 940 651 1014 πρεσϐυτέρους,
677 938 970 1010 ἐμπειρίαν
993 938 1214 1009 ἔχοντας
1241 938 1331 992 τοῦ
1359 940 1545 1009 νόμου,
1574 940 1669 993 καὶ

159 1038 356 1099 δυνατοὺς
397 1032 757 1106 ἑρμηνεῦσαι,
799 1034 894 1102 ἀφ’
929 1033 1165 1104 ἑκάστης
1191 1032 1363 1104 φυλῆς
1389 1032 1468 1099 ἒξ,
1520 1035 1668 1098 ὅπως

159 1133 204 1182 ἐκ
231 1127 316 1180 τῶν
348 1127 592 1180 πλειόνων
634 1125 694 1178 τὺ
745 1124 1034 1196 σύμφωνον
1060 1126 1278 1197 ενὸρεῦῇ,
1309 1125 1398 1178 διὰ
1447 1126 1506 1178 τὸ
1542 1127 1668 1197 περὶ

157 1220 359 1292 μειζόνων
375 1216 502 1272 εἶναι
526 1218 623 1288 τὴν
646 1217 856 1287 σκέψιν.
880 1217 1122 1289 Οξόμεοα
1144 1220 1274 1290 γὰρ,
1299 1218 1669 1272 ἐπιτελεσθέν-

153 1330 218 1375 to;
239 1312 417 1376 τούτου,
453 1309 692 1382 μεγάλην
721 1309 1043 1364 ἀποίσεσθαι
1078 1310 1254 1375 δόξαν.
1298 1310 1670 1364 Ἀπεστάλκα-

153 1422 223 1474 μεν
245 1404 290 1456 δὲ
311 1404 422 1474 περὶ
447 1403 650 1456 τούτων
700 1401 955 1473 Ἀνδρέαν
987 1402 1095 1456 τῶν
1138 1401 1666 1476 ἁρχισωματοφυλά-

152 1513 230 1548 κων
261 1496 352 1565 (42)
385 1495 472 1549 καὶ
516 1495 824 1567 Ἀρισταῖον
854 1533 882 1559 ,_
933 1494 1278 1566 τιμωμένους
1326 1497 1456 1566 παρ’
1514 1497 1665 1567 ἡμῖν,

149 1587 486 1658 διαλεξομένους
518 1605 633 1650 σοι,
681 1588 777 1642 καὶ
825 1587 1151 1659 κομίζοντας
1194 1589 1448 1661 ἀπαρχὰς
1503 1591 1582 1653 είς
1607 1590 1668 1643 τὸ

147 1681 255 1749 ἱερὸν
275 1680 636 1752 ἀναθημάτων,
658 1682 752 1735 καὶ
781 1683 859 1744 εἰς
882 1681 1072 1743 Θυσίας
1101 1680 1194 1732 καὶ
1221 1680 1288 1734 τά
1313 1681 1468 1747 ἄλλα,
1497 1683 1666 1753 ἀργυ-

149 1774 234 1845 ρίου
252 1773 456 1828 τάλαντα
478 1775 690 1828 ἑκατόν.
725 1775 764 1827 Γ
771 1777 906 1846 ράφε
937 1775 1028 1827 καὶ
1063 1775 1127 1827 σὺ
1178 1774 1314 1846 πρὸς
1362 1777 1509 1846 ἡμᾶς
1539 1779 1667 1850 περὶ

1227 360 1556 416 ΡΒᾸΞΡΛΒ.
1600 361 1851 418 EVANG.
1896 359 2023 414 LIB.
2066 359 2200 416 V'lll.

3189 379 3198 384 '
3257 357 3356 412 591

1774 494 1947 548 osque
1984 479 2150 534 simul
2180 494 2400 546 omnes,
2434 489 2546 534 tum
2567 477 2660 548 qui
2691 485 2816 531 toto-
2845 489 2993 530 nunc
3019 472 3151 530 orbe
3173 470 3358 527 diffusi

1770 571 1990 637 vivunt,
2020 579 2135 624 tum
2191 571 2284 640 qui
2337 569 2597 640 deinceps
2639 568 2809 623 futuri
2851 575 3013 631 sunt,
3051 565 3237 619 animo
3295 581 3360 621 ac

1772 663 1971 728 studio,
1999 664 2302 718 curandum
2329 664 2378 718 id
2397 664 2556 720 nobis
2608 661 2988 733 agendumque
3029 659 3358 723 statuimus.

1771 755 1851 811 uti
1873 756 1958 811 lex
1981 765 2160 810 vestra
2187 795 2203 820 ,
2231 772 2296 810 ex
2321 772 2383 812 ea
2409 797 2424 822 ,
2463 771 2629 827 quam
2663 754 2988 809 Hebraicam
3031 751 3318 822 appellatis
3342 791 3357 816 ,

1771 849 2014 905 Graecam
2044 848 2096 902 in
2127 849 2366 920 linguam
2398 857 2778 912 convertatur,
2811 845 2976 904 utilia
3002 859 3126 900 cum
3148 847 3358 898 caeteris

1770 940 2142 998 voluminibus
2173 941 2341 1011 regiis
2367 949 2551 996 nostra
2585 940 2636 994 in
2679 936 3008 993 bibliotheca
3035 935 3356 994 collocetur.

1773 1033 1907 1090 Rem
1928 1048 2058 1104 ergo
2080 1049 2204 1089 cum
2242 1033 2336 1087 tibi
2368 1033 2676 1096 honestam,
2695 1039 2808 1086 tum
2837 1028 3214 1084 benevolentia
3236 1041 3359 1083 mea

1771 1124 1986 1195 dignam
2019 1123 2211 1179 feceris
2233 1166 2246 1189 ,
2284 1124 2329 1179 si
2356 1125 2505 1178 viros
2533 1130 2850 1178 contestata:
2883 1119 3196 1190 probitatis,
3226 1129 3359 1174 teta-

1771 1217 1952 1285 tisque
1979 1223 2230 1279 maturae,
2259 1216 2501 1286 legisque
2523 1215 2686 1270 simul
2725 1215 2952 1284 peritos,
2972 1222 3132 1283 atque
3151 1210 3218 1266 ad
3235 1226 3356 1266 eam

1771 1307 2238 1378 interpretandam
2270 1309 2498 1364 idoneos
2516 1312 2658 1381 ,'_scx
2688 1308 2981 1363 tribubuse
3013 1305 3246 1376 singulis
3262 1305 3360 1360 de-

1771 1401 1942 1457 lectos
1980 1403 2048 1456 ad
2068 1417 2156 1457 me
2180 1402 2434 1466 miseris,
2471 1411 2530 1457 ut
2554 1402 2817 1472 quoniam
2848 1401 2915 1458 de
2942 1401 3106 1456 rebus
3140 1399 3360 1470 gravio-

1771 1495 1924 1551 ribus
1975 1496 2174 1568 agitur,
2227 1497 2517 1552 certiorem
2571 1497 2675 1551 hoc
2729 1497 2785 1552 in
2858 1510 3056 1564 genere
3122 1509 3359 1550 consen-

1771 1589 1981 1644 sionem
2043 1606 2109 1644 ex
2163 1590 2404 1661 plurium
2468 1605 2740 1647 concursu
2813 1588 3133 1646 habeamus.
3194 1585 3359 1658 353

1769 1681 1944 1751 Atque
1993 1683 2067 1751 id,
2113 1683 2159 1739 si
2209 1684 2346 1739 bene
2396 1682 2732 1754 feliciterque
2775 1681 3022 1746 cesserit,
3066 1697 3175 1736 non
3235 1679 3358 1734 vul-

1770 1778 1884 1848 gari
1901 1778 2060 1834 nobis
2079 1776 2265 1848 gloria?
2287 1776 2530 1847 futurum
2564 1776 2921 1832 arbitramur.
2949 1775 3086 1831 Eum
3119 1776 3172 1831 in
3193 1774 3356 1832 finem

147 1841 200 1920 διν
224 1866 275 1920 ἂν
294 1865 466 1940 βούλῃ·
502 1841 899 1938 κεχαρισμένος
921 1867 1030 1940 γὰρ
1047 1867 1165 1940 ἔσῃ,
1190 1841 1285 1923 καὶ
1313 1841 1494 1937 φιλίας
1519 1841 1668 1934 ἄξιόν

1779 1872 1843 1929 ad
1876 1881 1926 1925 te
1958 1871 2212 1928 misimus
2249 1872 2548 1938 Andream,
2598 1886 2769 1925 unum
2795 1885 2864 1925 ex
2889 1868 3355 1939 praesidiariorum

150 1975 181 2010 ιι
207 1958 391 2029 πράξεις
408 1975 420 1987 ”
447 1959 521 2021 ὡς
537 1957 1113 2030 ὲπιτελεσθησομένων
1141 1957 1240 2029 τὴν
1263 1959 1525 2030 ταχίστην
1541 1961 1668 2031 περὶ

1779 1964 2011 2020 militum
2052 1962 2344 2034 praefectis,
2367 1975 2419 2018 et
2439 1965 2750 2029 Aristzeum,
2774 1961 2936 2018 ambo
2969 1976 3200 2018 summae
3215 1959 3358 2030 apud

147 2043 259 2104 .liviv
275 2055 406 2124 αἱρῇ.
426 2054 696 2125 Ἔρρωσο.
714 2073 730 2104 ι
755 2052 897 2124 Πρὸς
915 2051 1083 2105 ταῦτα
1111 2050 1449 2123 ἀντέγραψεν
1465 2052 1669 2124 ἐνδεχο-

1779 2071 1881 2111 nos
1915 2056 2282 2122 auctoritatis,
2320 2057 2410 2126 qui
2450 2065 2628 2111 tecum
2657 2070 2723 2111 ea
2753 2056 2819 2111 de
2854 2069 2915 2110 re
2946 2053 3358 2124 colloquantur,

146 2144 278 2212 μένως
311 2145 410 2215 (43)
435 2149 462 2200 ὁ
502 2146 826 2217 Ἐλεάζαρος
851 2144 1043 2208 οὕτως.

1784 2154 1840 2202 et
1875 2146 2235 2206 donariorum
2282 2159 2598 2204 nostrorum
2646 2149 2954 2219 primitias,
2987 2163 3111 2203 cum
3146 2144 3360 2204 talentis

145 2236 298 2304 argenti
325 2246 529 2292 centum
555 2238 613 2292 in
646 2237 914 2293 sacrificia
940 2252 1005 2291 ac
1029 2237 1239 2307 reliqua
1265 2235 1318 2291 id
1351 2252 1525 2310 genus
1572 2239 1966 2309 expendendis,
2021 2242 2076 2298 in
2116 2243 2381 2313 templum
2433 2242 2731 2314 perferant.
2765 2241 2848 2298 Tu
2893 2242 3159 2307 vicissim,
3223 2255 3361 2310 qua-

144 2342 306 2399 cunque
346 2333 408 2386 de
457 2346 518 2386 re
568 2331 818 2399 libuerit,
853 2333 920 2388 ad
950 2347 1051 2387 nos
1105 2331 1316 2387 scribas
1368 2332 1549 2387 velim.
1599 2332 1733 2387 Rem
1773 2334 1918 2388 enim
1953 2344 2006 2390 et
2030 2336 2164 2391 mihi
2199 2347 2528 2408 pergratam,
2556 2345 2611 2390 et
2655 2335 2892 2391 amicitia
2918 2344 3102 2390 nostra
3138 2334 3358 2405 dignam

143 2418 286 2476 feceris
316 2442 328 2477 :
357 2431 406 2477 et
434 2423 702 2495 quidquid
721 2424 1037 2494 postularis,
1077 2425 1128 2480 id
1164 2433 1223 2479 ut
1252 2424 1658 2494 quamprimum
1693 2425 1805 2494 fiat,
1835 2443 2062 2498 operam
2095 2428 2368 2484 dabimus.
2413 2427 2561 2482 Vale.
2602 2449 2620 2480 ι
2660 2428 2740 2482 Ad
2789 2429 2906 2484 haec
2936 2428 3228 2486 Eleazarus
3250 2467 3264 2493 ,
3302 2436 3360 2481 ut

143 2525 214 2581 par
239 2523 352 2578 erat,
381 2514 431 2569 in
447 2532 570 2572 eum
599 2518 694 2588 qui
733 2519 980 2589 sequitur
1027 2519 1250 2575 modum
1293 2518 1595 2589 rescripsit.

611 2630 1011 2685 ΚΕΦΑΛΔΙΟΝ
1057 2629 1136 2685 E'.

149 2739 416 2812 Ἐπιστολὴ
472 2741 826 2811 Ἐλεαζάρου
877 2743 1198 2813 ἀρχιερέως
1263 2743 1412 2812 πρὸς
1447 2747 1672 2798 Πτολε-

607 2813 792 2884 μαῖον
837 2814 1130 2880 βασιλέα.

194 2940 209 2972 ι
248 2922 548 2996 Ἐλεάζαρος
584 2923 879 2997 ἀρχιερεὺς
913 2924 1122 2996 βασιλεῖ
1154 2926 1496 2998 Πτολεμαίῳ,
1531 2927 1670 2998 φίλῳ

145 3014 310 3086 ρησίῳ,
333 3017 561 3089 χαίρειν.
586 3017 652 3070 Ei
681 3017 845 3081 αὐτός
879 3035 938 3070 τε
975 3016 1217 3088 ἔρρωσαι
1255 3019 1351 3071 καὶ
1371 3020 1404 3088 ἡ
1432 3017 1674 3088 βασίλισ-

139 3122 186 3158 σα
222 3108 472 3182 Ἀρσινόη,
505 3111 540 3181 ἡ
576 3108 822 3180 ἀδελφὴ,
865 3109 958 3163 καὶ
1012 3108 1078 3162 τά
1119 3107 1283 3162 τέκνα
1320 3149 1335 3173 ,
1392 3110 1573 3174 καλῶς
1604 3110 1670 3166 ἂν

137 3197 236 3269 εχοι,
272 3203 355 3254 καὶ
382 3180 455 3266 ὡς
499 3180 838 3274 βουλόμεθα·
897 3203 991 3256 κα.)⁸
1030 3202 1185 3256 αὐτοὶ
1219 3202 1276 3258 δὲ
1324 3203 1663 3275 ὑγιαίνομεν.
1699 3180 1740 3237 C

139 3294 351 3359 Λαϐόντες
381 3297 476 3369 τὴν
510 3295 668 3368 παρὰ
697 3294 790 3348 σοῦ
825 3294 1114 3365 ἐπιστολὴν
1135 3335 1148 3360 ,
1184 3294 1436 3365 μεγάλως
1467 3296 1668 3368 ἐχάρη·

139 3403 210 3456 μεν
233 3385 307 3441 διὰ
329 3387 421 3458 τὴν
446 3387 774 3458 προαίρεσίν
799 3403 917 3448 σου,
946 3387 1040 3440 καὶ
1063 3385 1161 3457 τὴν
1207 3386 1502 3458 καλλίστην
1542 3387 1666 3457 βου-

137 3474 223 3546 λὴν,
242 3478 321 3530 καὶ
345 3477 742 3547 συναγαγόντες
763 3477 822 3530 τὸ
847 3479 955 3530 πᾶν
983 3475 1206 3547 πλῆθος,
1236 3477 1668 3548 παρανέγνωμεν

135 3570 263 3641 αὑτὴν
280 3571 466 3635 αὐτοῖς,
524 3571 598 3625 ἶν’
628 3569 876 3633 εἰδῶσιν,
918 3570 984 3640 ἢν
1028 3569 1173 3639 ἔχεις
1213 3570 1350 3641 πρὸς
1401 3571 1491 3624 τὸν
1534 3571 1668 3624 Θεὸν

134 3659 252 3726 ἡμῶν
277 3663 564 3716 εὐσέϐειαν.
611 3661 996 3732 Ἀπεδείξαμεν
1024 3660 1079 3714 δὲ
1115 3661 1207 3715 καὶ
1233 3661 1333 3725 τὰς
1362 3661 1577 3731 φιάλας,
1603 3661 1668 3726 ἀς

133 3750 398 3817 ἀπέστειλας
435 3755 652 3825 χρυσᾶς
689 3753 860 3807 εἴκοσι
884 3794 898 3817 ,
934 3754 1028 3806 καὶ
1061 3740 1312 3825 ἀργυρᾶς
1353 3754 1666 3826 τριάκοντα,

133 3844 360 3917 κρατῆρας
386 3847 568 3910 ἅντε,
601 3849 694 3900 καὶ
715 3846 992 3918 τράπεζαν
1021 3849 1100 3912 είς
1133 3847 1388 3902 ἀνάθεσιν
1417 3887 1430 3912 ,
1465 3850 1558 3902 καὶ
1592 3852 1670 3913 είς

132 3939 441 4010 προσαγωγὴν
469 3939 699 4002 θυσιῶν,
729 3941 823 3993 καὶ
856 3942 935 4004 είς
961 3941 1276 4005 ἐπισκευὰς,
1302 3933 1377 3994 ὧν
1406 3942 1671 4014 προσδέη-

133 4027 261 4085 me
290 4030 443 4103 ἱερὸν,
469 4032 740 4103 ἀργυρίου
768 4032 1005 4086 τάλαντα
1035 4034 1248 4100 ἑκατὸν,
1306 4035 1450 4107 ἅπερ
1481 4035 1668 4106 ἐκόμι-

131 4132 201 4171 σεν
231 4119 464 4194 Ἀνδρέας
496 4125 614 4178 τῶν
638 4124 1017 4196 τετιμημένων
1045 4125 1192 4197 παρά
1229 4127 1332 4192 σοὶ,
1377 4127 1474 4182 καὶ
1523 4129 1670 4200 Ἀρι-

135 4213 294 4276 σταίος,
320 4214 504 4287 ἀνδρες
523 4217 686 4271 καλοὶ
719 4218 812 4270 καὶ
837 4217 1054 4286 ἀγαθοὶ,
1087 4219 1180 4272 καὶ
1227 4219 1447 4292 παιδεία
1484 4220 1671 4289 διαφέ-

133 4319 304 4369 ροντες,
343 4309 433 4361 καὶ
476 4310 580 4380 τῆς
622 4310 724 4379 σῆς
773 4311 996 4383 ἀγωγῆς
1025 4313 1120 4366 καὶ
1161 4312 1504 4386 δικαιοσύνης
1530 4313 1670 4378 ἄξιοι

135 4395 244 4449 κατά
263 4399 443 4453 πάντα.
479 4399 545 4455 Οἳ
574 4402 687 4473 ,καὶ
721 4403 1032 4473 μετέδωκαν
1066 4407 1200 4476 ἡμῖν
1246 4405 1314 4460 τά
1356 4407 1506 4478 παρά
1551 4406 1666 4472 σοῦ,

135 4486 237 4557 πρὸς
278 4490 310 4544 ἀ
337 4493 426 4546 καὶ
473 4493 606 4566 παρ’
639 4494 801 4565 ἡμῶν
863 4495 1167 4568 ἀκηκόασιν
1217 4496 1526 4570 ἁρμόζοντα
1557 4502 1669 4562 τοῖς

137 4581 220 4642 σῡῖς
235 4584 524 4655 πράγμασι.
555 4587 743 4640 Πάντα
771 4587 879 4660 γὰρ
911 4588 1011 4640 ὅσα
1041 4605 1122 4642 σοι
1150 4591 1454 4662 συμφέρει,
1491 4591 1584 4645 καὶ
1623 4593 1670 4644 εἰ

135 4672 248 4742 παρὰ
276 4676 427 4746 φύσιν
455 4679 606 4732 ἐστὶν
630 4679 840 4750 (4445)
863 4720 877 4742 ,
908 4680 1350 4753 ὑπακουσόμεθα.
1375 4683 1548 4736 Τοῦτο
1565 4683 1672 4754 γὰρ

137 4762 276 4828 φιλίας
294 4771 380 4822 καὶ
401 4769 737 4843 ἀγαπήσεώς
766 4773 883 4825 ἐστι
915 4775 1158 4845 σημεῖον.
1186 4773 1414 4844 Μεγάλα
1439 4775 1547 4846 γὰρ
1578 4776 1672 4826 καὶ

135 4851 416 4931 ἀνεπίληπα
437 4863 568 4926 τοὺς
593 4863 820 4926 πολίτας
844 4865 1002 4940 ἡμῶν
1023 4869 1162 4921 κατά
1189 4865 1421 4930 πολλοὺς
1439 4867 1671 4940 τρόπους

133 4945 484 5024 εὖεργέτηκας·
539 4955 745 5020 εὐθέως
791 4937 906 5010 οὖν⁵
931 4957 1356 5030 προσηγάγομεν
1400 4937 1540 5031 ὑπὲρ
1577 4958 1670 5012 σοῦ

133 5033 305 5106 (θυσίας,
333 5047 422 5100 καὶ
449 5048 554 5119 τῆς
579 5048 813 5119 ἀδελφῆς
841 5049 950 5120 (46)
989 5051 1083 5104 καὶ
1132 5050 1240 5104 τῶν
1285 5051 1529 5116 τέκνων,
1578 5053 1672 5107 καὶ

130 5127 220 5183 τῶν
242 5135 419 5202 φίλων
453 5141 549 5193 καὶ
582 5140 788 5211 ηὔξατο
817 5144 923 5198 πᾶν
942 5143 1004 5198 τὸ
1034 5143 1258 5217 πλῆθος.
1290 5145 1376 5199 ἵνα
1406 5163 1486 5199 σοι
1513 5147 1673 5217 γένη-

132 5234 201 5312 ται
223 5227 381 5294 καθὼς
410 5238 652 5306 προαιρῇ
687 5234 776 5289 διὰ
798 5237 1017 5302 παντὸς,
1045 5238 1142 5293 καὶ
1170 5238 1408 5312 διασώζῃ
1460 5257 1540 5294 σοι
1572 5241 1671 5311 τὴν

138 5309 364 5377 βισιλείαν
392 5326 448 5378 ὲν
477 5326 673 5400 εἰρήνη
709 5327 847 5398 μετά
876 5328 1034 5402 δόξης
1060 5331 1088 5384 ό
1116 5309 1671 5404 κυριεύων-ἀπάντων

194 5449 286 5534 (42)
314 5457 428 5534 Τῶγ
451 5461 1139 5534 ἀρχισωματοφυλάκων.
1185 5465 1384 5520 Excus.
1414 5467 1583 5526 Arist.
1618 5477 1672 5521 et

140 5514 458 5611 {fell’h-tutb‘f
486 5514 1097 5611 ἒάῖοχισῶματεφύλακα.
1126 5535 1256 5611 Qua:
1291 5537 1450 5591 lectio
1471 5523 1474 5526 1
1497 5539 1671 5593 horni-

145 5603 209 5674 ltlS
234 5596 462 5672 dignitati
493 5596 654 5668 favet,
687 5596 773 5658 cui
803 5596 1011 5660 tantum
1044 5596 1266 5662 acc’edat
1311 5624 1536 5672 necesse
1565 5619 1668 5674 est,

147 5672 381 5750 litigatum
401 5674 705 5750 detrahitur
732 5693 795 5730 ex
810 5678 1011 5750 sociis.

152 5798 164 5821 1
195 5732 290 5821 μδ)
318 5740 773 5821 ,ᾘνδεχομένῳᾳ
810 5732 1006 5803 Vocem
1036 5750 1268 5818 explicat
1297 5749 1566 5821 Iosephus
1597 5753 1672 5817 ὡς

149 5800 244 5871 ἐνῆν
271 5800 832 5888 pilaruncpilo‘:ﬁxing.

2407 2627 2638 2684 CAPUT
2671 2626 2733 2681 V.

1846 2741 2086 2812 Epistola
2117 2741 2372 2796 Eleazari
2402 2742 2597 2795 summi
2640 2741 2932 2795 sacerdotis
2989 2741 3058 2794 ad
3111 2741 3286 2795 Ptole-

2371 2827 2564 2866 mazum
2597 2827 2787 2882 regem.

1850 2945 1868 2978 ι
1891 2924 2186 2982 Eleazarus
2210 2941 2462 2981 summus
2485 2924 2728 2996 pontifex
2752 2923 3046 2981 Ptolemaeo
3078 2927 3212 2997 regi,
3229 2943 3358 2982 vero

1775 3035 1840 3076 ac
1877 3022 2095 3076 sincero
2136 3021 2339 3087 amico,
2371 3020 2627 3076 salutem.
2671 3018 2728 3075 Si
2758 3021 2906 3076 vales
2944 3032 3024 3086 tu,
3059 3021 3359 3092 reginaque

1774 3113 2032 3176 Arsinoe,
2061 3127 2242 3178 soror,
2275 3112 2544 3183 liberique
2566 3113 2770 3175 valent,
2801 3113 2939 3168 bene
2971 3121 3076 3177 est,
3097 3122 3260 3182 atque
3290 3129 3355 3168 ex

1773 3218 1902 3263 voto
1925 3214 2116 3261 nostro
2151 3223 2163 3259 :
2200 3219 2301 3260 nos
2330 3205 2550 3275 quidem
2579 3205 2845 3261 valemus.
2877 3207 3133 3276 Acceptis
3162 3207 3357 3260 litteris

1775 3301 1906 3366 tuis,
1931 3313 2185 3367 magnam
2216 3313 2280 3352 ex
2310 3306 2398 3352 tua
2423 3298 2699 3353 voluntate
2721 3298 3062 3367 consilioque
3081 3300 3362 3355 sanctissi-

1774 3409 1866 3447 mo
1891 3391 2133 3447 lzetitiam
2163 3389 2848 3460 cepimus,convocataque
2870 3391 3219 3447 multitudine
3240 3392 3363 3446 uni-

1773 3497 1956 3545 versa,
1982 3481 2158 3550 palam
2183 3497 2278 3535 eas
2310 3481 2687 3548 recitavimus,
2720 3489 2781 3535 ut
2813 3495 3006 3537 omnes
3027 3489 3137 3536 tua:
3169 3483 3358 3537 adver-

1777 3589 1873 3629 sus
1909 3571 2080 3628 Deum
2140 3581 2394 3626 nostrum
2447 3571 2668 3642 pietatis
2717 3588 2939 3628 sensum
2970 3574 3357 3646 intelligerent.

1773 3664 1993 3720 Pliialas
2023 3663 2187 3718 etiam
2227 3663 2324 3718 abs
2346 3672 2398 3717 te
2429 3665 2626 3719 missas
2657 3664 3022 3734 protulimus,
3050 3681 3246 3722 aureas
3281 3668 3361 3722 vi-

1775 3755 1938 3828 ginti,
1963 3771 2028 3811 ac
2063 3754 2287 3824 triginta
2324 3764 2636 3824 argenteas,
2656 3763 2897 3810 crateres
2927 3756 3055 3810 item
3089 3761 3356 3828 quinque,

1775 3863 2024 3904 mensam
2064 3845 2403 3902 consecratis
2465 3845 2787 3901 muneribus
2832 3848 3168 3918 excipiendis
3204 3850 3360 3904 addi-

1775 3951 1941 4008 ctam,
1981 3949 2034 3996 et
2067 3939 2357 3996 sacriﬁciis
2409 3937 2694 4004 faciendis,
2741 3956 2805 3996 ac
2835 3941 3046 3995 caeteris
3081 3942 3358 4004 omnibus,

1774 4048 1896 4104 quae
1925 4047 2065 4102 opus
2095 4030 2294 4101 templo
2323 4029 2558 4093 fuerint,
2590 4032 2979 4101 comparandis
3018 4034 3228 4102 argenti
3271 4041 3357 4087 ta-

1777 4126 1923 4180 lenta
1966 4132 2186 4180 centum
2216 4165 2231 4190 ,
2276 4138 2400 4192 quae
2432 4123 2681 4178 Andreas
2708 4140 2853 4178 unus
2891 4141 2956 4179 ex
2991 4124 3213 4180 familia:
3253 4136 3360 4181 tua:

1775 4216 2120 4282 clarissimis,
2158 4225 2212 4270 et
2243 4217 2528 4280 Aristaeus,
2552 4215 2654 4270 viri
2687 4217 3062 4272 honestissimi
3085 4227 3250 4288 atque
3272 4218 3360 4273 in-

1777 4310 2077 4382 tegerrimi.
2095 4323 2436 4379 summaque
2450 4307 2797 4374 eruditionis,
2827 4320 3029 4379 tuaque
3049 4310 3214 4370 simul
3232 4326 3357 4365 cum

1776 4401 2088 4471 disciplina,
2121 4410 2235 4455 tum
2261 4399 2518 4470 aequitate
2549 4401 2714 4454 rebus
2752 4401 2804 4454 in
2853 4401 3110 4458 omnibus
3149 4403 3358 4474 dignis-

1777 4494 1902 4549 simi
1961 4493 2279 4546 attulcrunt.
2315 4493 2356 4545 li
2399 4500 2491 4546 tua
2517 4507 2740 4562 quoque
2785 4494 3040 4548 mandata
3071 4494 3228 4551 nobis
3266 4511 3360 4550 ex-

1775 4569 2098 4655 posuerunt,
2133 4583 2407 4654 rcbusque
2433 4584 2541 4639 tuis
2573 4595 2758 4654 aptum
2786 4600 2816 4638 a
2841 4585 2996 4641 nobis
3018 4595 3070 4640 et
3101 4601 3358 4642 commo-

1773 4678 1902 4732 dum
1939 4691 2263 4745 responsum
2300 4682 2558 4730 tulerunt.
2602 4675 2878 4744 Quidquid
2909 4677 3052 4730 enim
3105 4691 3136 4730 e
3175 4676 3358 4749 digni-

1774 4778 1885 4825 tate
1914 4784 2128 4838 usuque
2153 4777 2252 4822 tuo
2293 4767 2476 4833 fuerit,
2511 4768 2566 4822 in
2591 4783 2679 4833 eo,
2711 4778 2770 4823 ut
2814 4767 3000 4824 minus
3029 4769 3195 4824 etiam
3230 4787 3354 4826 cum

1773 4874 1970 4922 natura
2015 4872 2202 4918 nostra
2260 4877 2538 4933 sensuque
2589 4862 2946 4933 conjunctum
2999 4864 3093 4930 sit,
3150 4879 3354 4919 morem

1775 4970 2045 5027 geremus.
2075 4952 2189 5008 Hoc
2223 4953 2366 5008 enim
2388 4953 2642 5009 amicitiae
2668 4963 2722 5009 et
2751 4953 3039 5010 charitatis
3065 4970 3359 5026 argumen-

1777 5058 1891 5102 tum
1937 5057 2042 5103 est.
2086 5046 2148 5102 Et
2190 5063 2322 5103 sane
2356 5063 2554 5120 magna
2590 5049 2646 5103 in
2694 5049 2923 5120 primis,
2965 5049 3226 5120 nullaque
3257 5066 3357 5104 un-

1774 5157 1938 5210 quam
1973 5140 2248 5195 oblivione
2264 5139 2492 5195 delenda
2517 5141 2696 5195 omnis
2719 5141 2935 5212 generis
2952 5141 3214 5197 beneficia
3237 5157 3360 5198 nos-

1776 5244 1891 5289 tros
1922 5234 1976 5287 in
2009 5235 2156 5289 cives
2183 5232 2486 5286 contulisti.
2512 5233 2693 5298 Quare
2723 5233 2934 5288 hostias
2965 5233 3286 5300 confestim,
3305 5245 3359 5290 et

1776 5341 1888 5396 tua,
1926 5338 1978 5384 et
2007 5329 2239 5393 sororis,
2268 5329 2593 5390 liberorum,
2617 5328 3033 5399 amicorumque
3063 5345 3228 5385 causa
3257 5331 3358 5383 ini-

1848 5465 2053 5535 (ἁλί-45)
2080 5464 2187 5519 Καὶ
2217 5465 2268 5517 εὶ
2313 5463 2474 5532 παρὰ
2505 5463 2693 5532 φύσιν
2739 5464 2930 5519 ἐστίν.
2992 5463 3056 5519 Ει
3110 5464 3356 5534 ,Ιοεορίιη

1776 5533 1878 5590 κᾶν
1981 5536 2132 5607 παρὰ
2158 5535 2338 5604 φύσιν,
2365 5537 2416 5589 id
2440 5548 2540 5596 est,
2571 5544 2629 5587 ut
2667 5536 2847 5590 minus
2872 5537 2920 5589 id
2953 5551 3078 5590 cum
3118 5533 3356 5606 ingenio.

1776 5623 1980 5671 sensu,
2041 5608 2286 5661 [nuribus
2365 5608 2566 5658 nostris
2624 5615 2985 5674 congrueret,
3049 5607 3359 5676 cujusmodi

1774 5680 1938 5732 etiam
1975 5687 2058 5732 est
2090 5693 2370 5731 sacrorum
2403 5678 2663 5729 librorum
2700 5680 3152 5731 communicatio.

1848 5749 1956 5817 (fili)
1995 5748 2108 5822 Τῆς
2133 5746 2572 5822 ᾀξετὶξῆς-,Δρια
2613 5746 2838 5822 _Montac
2887 5792 2899 5817 ,
2932 5752 3023 5803 καί
3072 5751 3169 5822 τῆς
3205 5749 3360 5822 βασι-

1776 5819 1986 5889 λίσσης,
2022 5820 2113 5876 καὶ
2140 5817 2376 5888 ἀδελφῆς
2417 5818 2714 5891 Ἀρσινόης.
