3838 6384
563 411 668 474 595

559 532 891 588 molavimus

496 636 499 640 '
562 629 916 694 nuncupatis,
965 627 1254 681 universus
1309 628 1378 679 ab
1425 643 1490 680 eo
1535 631 1768 698 populus
1825 630 2129 702 ﬂagitabat,

557 715 726 788 354
757 719 836 771 ιιιί
887 719 1071 772 omnia
1129 717 1224 770 tibi
1274 716 1505 772 feliciter
1532 727 1696 788 atque
1725 738 1789 774 ex
1830 723 2016 775 animo
2045 737 2136 777 ce-

558 814 773 871 derent,
808 826 871 863 ac
923 825 1212 878 perennem
1247 826 1415 881 regno
1445 821 1538 866 tuo
1571 828 1757 881 pacem
1794 813 2134 884 gloriamque

558 903 901 956 concederet.
921 903 1217 966 Cmterum,
1262 918 1318 958 ut
1355 906 1640 959 commode
1672 915 1896 976 tutoque
1948 923 2136 962 succe-

558 995 652 1046 dat
702 1009 872 1048 sacra:
905 996 1039 1066 legis
1076 997 1453 1067 interpretatio
1477 1040 1490 1063 ,
1531 1015 1622 1052 sex
1676 1000 1928 1056 tribubus
1963 1016 1992 1054 e
2023 1003 2138 1055 sin-

560 1091 729 1158 gulis,
768 1089 822 1141 in
856 1089 1100 1142 omnium
1135 1100 1430 1158 conspectu
1465 1091 1786 1161 delegimus,
1818 1094 1967 1147 viros
2002 1109 2132 1162 pro-

559 1187 659 1238 bos
693 1197 756 1236 ac
793 1183 1063 1246 seniores,
1090 1198 1229 1252 quos
1252 1183 1319 1238 ad
1356 1195 1407 1238 te
1429 1201 1536 1237 una
1575 1200 1696 1238 cum
1715 1185 1832 1255 lege
1861 1186 2131 1240 misimus.

561 1275 804 1345 quuum
835 1275 1000 1346 igitur
1054 1274 1238 1341 fuerit,
1266 1293 1358 1330 rex
1396 1279 1742 1346 a:qnissime,
1780 1281 1919 1334 hanc
1953 1280 2051 1334 abs
2085 1289 2135 1334 te

558 1382 841 1421 sacrorum
879 1367 1144 1421 librorum
1175 1367 1677 1436 interpretationem
1714 1371 1904 1424 sedulo
1927 1371 2132 1433 curari,

559 1462 637 1514 uti
676 1461 744 1514 ad
790 1475 889 1513 nos
931 1458 1004 1512 illi
1055 1463 1317 1515 continuo
1367 1461 1500 1515 salvi
1537 1471 1590 1516 et
1615 1462 1916 1517 incolumes
1946 1463 2135 1516 remit-

558 1540 765 1607 tantur.
806 1550 954 1605 Vale.
995 1571 1012 1603 ι
1050 1551 1175 1606 "rec
1204 1554 1488 1608 Aristaeus.
1526 1552 1736 1620 Quibus
1767 1555 1854 1608 ille
1879 1555 2134 1624 deinceps

557 1646 805 1715 pluribus
835 1655 1013 1701 tamen
1041 1647 1107 1700 de
1143 1657 1399 1718 suscepto
1417 1649 1911 1718 opereinterjectis,
1934 1665 2124 1704 secun-

555 1739 684 1791 dum
716 1739 862 1792 illam
894 1739 1203 1792 divinarum
1251 1741 1555 1794 litterarum
1602 1741 2132 1811 interpretationem,

556 1831 738 1886 verbis
765 1832 1011 1897 t0tidem,
1047 1848 1170 1902 qua:
1205 1844 1530 1902 sequuntur,
1555 1835 1779 1887 attexit:
1817 1832 2130 1898 «Perlectis,

1201 417 1473 475 EUSEBII
1510 420 1994 477 CESARIENSIS
2030 419 2177 476 OPP.
2219 423 2399 478 PARS
2437 423 2500 479 Π.
2538 457 2607 466 --
2639 427 3162 486 APOLOGETICA.’
3672 438 3751 492 5'l6

943 552 954 586 :
1001 543 1052 588 et
1098 536 1237 588 votis
1282 550 1345 589 ac
1383 537 1637 604 precibus
1677 539 1786 593 Deo
1812 539 2132 608 praepotenti

2239 540 2387 605 Θεός.
2436 543 2544 596 Καὶ
2599 544 2746 609 ὅπως
2792 547 3015 619 γένηται
3068 550 3477 618 συμφερόντως,
3527 554 3610 602 καὶ
3648 559 3752 621 μετὰ

2235 636 2534 714 ἀσφαλείας
2565 641 2597 709 ἡ
2626 640 2718 692 τοῦ
2756 642 2910 708 ἁγίου
2942 642 3108 711 νόμου
3143 643 3483 714 μεταγραφὴ.
3518 645 3753 715 παρόντων

2235 726 2490 791 πάντων,
2543 729 2882 802 ἐπελεξάμην
2933 733 3128 804 ἄνδρας
3182 733 3376 797 καλοὺς
3423 735 3508 785 καὶ
3540 734 3752 800 ἀγαθοὺς,

2237 817 2656 890 πρεσϐυτέρους,
2690 823 2780 889 ἀφ’
2819 822 3052 893 ἑκάστης
3082 823 3255 894 φυλῆς
3289 822 3378 888 ἒξ,
3431 823 3520 886 οὓς
3559 826 3640 876 καὶ
3677 828 3755 877 ἀπ-

2237 909 2576 980 εστάλκαμεν
2607 911 2828 981 ἔχοντας
2850 913 2939 965 τὸν
2979 914 3162 984 νόμον.
3201 913 3392 978 Καλῶς
3420 910 3508 967 οὖν
3536 918 3752 986 ποιήσεις,

2239 997 2457 1066 βασιλεῦ
2491 999 2685 1063 δίκαιε,
2735 1001 3042 1072 προστάξας
3073 1003 3150 1066 ὡς
3180 1003 3244 1057 ἂν
3273 1005 3304 1074 ἡ
3343 1005 3645 1076 μεταγριφὴ
3683 1008 3754 1072 γέ-

2236 1105 2395 1158 νηται
2417 1088 2524 1141 τῶν
2558 1088 2795 1159 βιϐλίων,
2825 1092 2912 1146 ἵνα
2952 1093 3110 1146 πάλιν
3135 1095 3610 1148 ἀποκατασταθῶσι
3653 1099 3756 1166 πρὸς

2235 1180 2384 1248 ἡμᾶς
2415 1179 2670 1248 ἀσφαλῶς
2694 1183 2743 1233 οἱ
2777 1182 2985 1254 ἄνδρες.
3032 1185 3298 1255 Ἔρρωσο.
3343 1204 3361 1236 ι
3407 1185 3613 1248 Τούτοις
3641 1187 3753 1258 ἑξῆς,

2239 1269 2406 1323 πολλά
2425 1269 2511 1322 διὰ
2537 1273 2700 1342 μέσου
2725 1275 2852 1344 περί
2867 1276 2963 1343 τῆς
2990 1276 3341 1347 προτεθείσης
3367 1275 3531 1329 είπὼν
3558 1295 3758 1349 amp:-

2236 1368 2403 1430 τείας,
2451 1366 2588 1436 μετά
2627 1366 2722 1437 τὴν
2755 1368 2984 1438 Γραφῶν
3013 1369 3304 1439 ἑρμηνείαν
3344 1370 3580 1441 ἐπιφέρει
3615 1372 3756 1435 αὐτοῖς

2239 1461 2465 1532 ῥήμασι·
2521 1479 2540 1510 ι
2581 1460 2778 1525 Καθὼς
2832 1463 2876 1515 δ’
2905 1461 3214 1532 ἀνεγνώσθη
3268 1462 3438 1516 ταῦτα
3485 1463 3552 1515 τά
3592 1463 3754 1534 τεύχη,

2239 1553 2463 1618 στάντες
2487 1555 2536 1607 οἱ
2571 1555 2734 1626 ίερείς
2761 1554 2982 1608 καὶτῶν
3020 1554 3302 1626 ἑρμηνέων
3345 1557 3394 1607 oi
3429 1555 3753 1626 πρεσϐύτεροι,

2238 1647 2330 1699 καὶ
2361 1645 2468 1698 τῶν
2494 1645 2600 1698 ἀπὸ
2623 1646 2717 1699 τοῦ
2767 1645 3178 1716 πολιτεύματος,
3206 1646 3261 1698 οῖ
3295 1663 3355 1698 τε
3391 1644 3659 1716 ἡγούμενοι
3687 1647 3755 1699 τοῦ

2239 1734 2498 1806 πλήθους,
2533 1731 2686 1790 εἷπον
2706 1754 2718 1766 ·
2765 1736 2913 1788 Ἐπεὶ
2942 1735 3122 1798 καλῶς
3153 1737 3246 1788 καὶ
3270 1735 3434 1798 ὁσίως
3480 1736 3755 1808 διηρμήνεν·

2237 1845 2348 1890 ται,
2378 1827 2472 1880 καὶ
2505 1828 2645 1882 κατά
2670 1830 2776 1882 πᾶν
2819 1827 3060 1899 ἀκριϐῶς
3101 1826 3280 1890 καλῶς
3329 1827 3451 1897 ἔχον
3493 1829 3655 1892 ἐστὶν,
3692 1831 3755 1881 ἵνα

561 1923 765 1992 inquit,
796 1901 1170 1978 voluminibus
1201 1901 1330 1988 illis,
1358 1925 1853 1994 stantescrectique
1884 1925 2137 1979 sacerdo—

2239 1919 2469 1989 διαμένῃ
2497 1917 2659 1973 ταῦθ’
2678 1920 2853 1982 οὕτως
2880 1919 3092 1989 ἔχοντα,
3123 1919 3217 1972 καὶ
3269 1919 3344 1990 μὴ
3373 1919 3589 1987 γένηται
3632 1919 3756 1990 μηδε-

561 2025 664 2074 tes,
697 2027 914 2083 unaque
964 2015 1232 2081 seniores,
1290 2031 1398 2068 non
1449 2016 1773 2084 interpretes
1817 2016 2015 2082 modo,
2042 2015 2138 2069 sed

558 2106 721 2157 etiam
762 2102 925 2171 hujus
957 2105 1094 2174 reip.
1131 2103 1604 2158 administratione
1661 2103 1956 2174 perfuncti,
2011 2121 2134 2159 cum

511 2194 513 2196 ’
557 2197 744 2265 populi
793 2196 1228 2251 moderatoribus
1253 2236 1268 2259 ,
1305 2212 1412 2250 una
1444 2211 1575 2251 voce
1607 2213 1797 2251 omnes
1831 2216 1844 2251 :
1874 2197 2138 2264 Quando-

557 2290 800 2358 quidem,
826 2290 1000 2354 aiunt,
1032 2289 1137 2346 rite
1176 2304 1239 2344 ac
1273 2289 1526 2358 religiose
1562 2288 1799 2358 perfecta
1825 2332 1839 2353 ,
1877 2301 2042 2359 atque
2079 2290 2135 2344 in

558 2381 816 2436 omnibus
870 2382 935 2435 ad
985 2381 1248 2436 amussim
1282 2391 1470 2436 exacta
1501 2383 1874 2450 interpretatio
1928 2391 2032 2446 est,
2077 2390 2140 2436 ut

556 2474 766 2544 integra
794 2489 1040 2544 puraque
1072 2483 1338 2538 servetur,
1362 2475 1606 2543 nihilque
1635 2489 1860 2542 prorsus
1893 2475 2026 2528 artis
2057 2475 2137 2528 ir-

557 2573 736 2634 repat,
761 2565 911 2617 omni
930 2579 1062 2617 cura
1086 2564 1379 2632 studioque
1403 2564 1820 2632 providendum.
1845 2563 2019 2630 Quam
2049 2579 2138 2617 vo-

556 2673 700 2720 cem,
728 2656 904 2710 fausta
945 2662 1270 2710 cunctorum
1305 2655 1701 2710 acclamatione
1735 2669 2026 2710 consecuta
2053 2656 2138 2710 di-

557 2749 641 2811 ris
660 2764 810 2805 more
842 2763 945 2804 suo
976 2763 1098 2802 eum
1135 2748 1387 2802 devoveri
1416 2748 1652 2817 jussere,
1695 2749 1788 2818 qui
1817 2749 1898 2803 vel
1925 2749 2134 2803 adden-

557 2845 662 2908 do,
702 2842 782 2897 vel
832 2841 1250 2902 transferendo,
1311 2840 1394 2894 vel
1471 2841 1842 2907 detrahendo,
1894 2841 2135 2897 universi

558 2935 741 3004 operis
774 2935 1070 3004 quidquam
1105 2933 1437 2988 adulteraret
1474 2953 1484 2984 :
1523 2945 1686 3004 atque
1731 2933 1784 2987 id
1837 2933 1964 3003 jure
2009 2935 2135 3004 qui-

557 3027 682 3080 dem
717 3042 780 3081 ac
814 3027 1029 3091 merito,
1063 3027 1139 3079 uti
1174 3041 1330 3082 sacer
1366 3027 1452 3079 illc
1485 3024 1609 3080 fons
1663 3025 1904 3094 limpidis
1946 3041 2009 3079 ac
2042 3025 2135 3095 ju-

559 3119 720 3190 gibus
771 3118 929 3188 aquis
982 3127 1243 3187 perpetuo
1299 3118 1604 3172 scatur-iret.
1640 3116 1850 3184 Quibus
1881 3117 2136 3174 omnibus

2243 2011 2341 2080 μία
2368 2010 2645 2081 διασκευή.
2673 2011 2896 2064 Πάντων
2925 2010 2980 2064 δέ
3017 2011 3474 2081 ἐπιφωνησάντων
3509 2013 3611 2074 τοῖς
3646 2013 3756 2081 εἰρη-

2243 2103 2424 2173 μένοις
2443 2143 2456 2165 ,
2493 2102 2786 2155 ἐκέλευσαν
2813 2103 3142 2175 ἐπαρᾶσθαι,
3175 2102 3360 2168 καθὼς
3387 2103 3505 2166 ἔθος
3531 2104 3658 2156 ἐστὶν
3682 2105 3755 2156 αὖ·

2238 2201 2370 2261 τοῖς,
2401 2196 2558 2261 εἴτις
2583 2197 2932 2251 διασκευάσει
2965 2199 3296 2271 προστιθεὶς.
3329 2199 3363 2270 ἢ
3411 2198 3696 2269 μεταφέρων
3720 2214 3755 2250 τι

2237 2289 2298 2340 τὸ
2328 2289 2544 2343 σύνολον
2571 2289 2680 2342 τῶν
2703 2289 3123 2361 γεγραμμένων,
3155 2289 3188 2362 ἢ
3224 2289 3543 2361 ποιούμενος
3581 2291 3757 2359 ἀφαίρε-

2240 2402 2324 2437 σιν
2349 2401 2362 2415 ·
2387 2383 2568 2446 καλῶς
2587 2381 2745 2436 τοῦτο
2777 2382 3133 2454 πράσσοντες,
3163 2383 3251 2436 ἵνα
3297 2381 3388 2436 διὰ
3417 2380 3604 2445 παντὸς
3629 2380 3755 2434 ἀέναα

2241 2475 2470 2546 μένοντα
2503 2475 2860 2543 φυλάσσηται.
2893 2473 3398 2547 Προσφωνηθέντων
3421 2473 3475 2526 δὲ
3493 2473 3578 2526 καὶ
3599 2471 3755 2524 τούτων

2236 2569 2314 2638 τῷ
2369 2566 2593 2637 βασιλεῖ,
2642 2565 2890 2636 μεγάλως
2931 2566 3134 2637 ἐχάρη·
3179 2566 3280 2635 τὴν
3305 2565 3415 2636 γάρ
3445 2563 3672 2636 πρόθεσιν
3708 2563 3755 2630 ἦν

2237 2657 2383 2731 εἶχεν
2412 2658 2668 2728 ἀσφαλῶς
2695 2658 2836 2724 εδοξε
2870 2658 3268 2712 τετελειῶσθαι.
3300 2653 3756 2727 Παρανεγνώσθηδέ

2237 2749 2386 2820 αὑτῷ
2410 2751 2505 2803 καὶ
2534 2751 2729 2815 πάντα,
2757 2751 2849 2802 καὶ
2878 2749 2994 2804 λίαν
3023 2749 3361 2819 ἐξεθαύμασε
3406 2747 3501 2818 τὴν
3526 2745 3609 2799 τοῦ
3639 2760 3756 2814 νομο-

2238 2839 2392 2892 θέτου
2426 2839 2660 2893 διάνοιαν
2679 2880 2694 2903 ,
2721 2841 2814 2892 καὶ⁵
2844 2840 2980 2909 πρὸς
3014 2841 3105 2892 τὸν
3135 2841 3443 2910 Δημήτριον
3490 2832 3628 2889 εἴπεο
3667 2834 3757 2895 Πῶς

2235 2932 2569 3003 τηλικούτων
2621 2933 2960 3004 πραγμάτων
3028 2930 3524 3000 συντετελεσμένων
3550 2968 3564 2992 ,
3622 2924 3756 2987 οὐδεὶς

2237 3023 2531 3076 ἐπεϐάλετο
2563 3023 2670 3077 τῶν
2717 3023 3024 3096 ἱστορικῶν,
3073 3022 3192 3075 οὐδὲ
3219 3022 3457 3092 ποιητῶν
3478 3017 3756 3089 ἐπιμνησθῆο

2237 3131 2357 3173 ναις
2392 3115 2626 3178 Ἐκεῖνος
2670 3114 2726 3166 δὲ
2788 3114 3036 3185 ἔφηοΔιά
3065 3115 3125 3166 τὸ
3165 3114 3369 3186 σεμνὴν
3396 3112 3757 3181 εἷναιτὴννομο-

559 3213 673 3281 regi
714 3212 1001 3278 nuntiatis,
1052 3226 1306 3281 magnam
1361 3211 1477 3280 ipse
1527 3225 1745 3280 qu0que
1807 3211 2132 3280 voluptatem

2239 3203 2443 3267 θεσίαν,
2487 3203 2579 3256 καὶ
2625 3203 2713 3257 διὰ
2732 3203 2866 3256 Θεοῦ
2898 3203 3194 3272 γεγονέναι,
3214 3204 3310 3256 καί
3339 3203 3441 3256 τῶν
3463 3198 3758 3268 ἐπιϐαλλομέο

485 3347 500 3358 .
559 3307 745 3368 animo
775 3304 917 3373 cepit
949 3343 964 3368 ,
1001 3304 1147 3373 quod
1189 3318 1350 3358 suum
1383 3301 1514 3356 illud
1569 3301 1860 3356 consilium
1923 3303 2132 3358 felicem

557 3397 766 3452 exitum
804 3395 1066 3450 habuisse
1096 3394 1392 3449 videretur.
1432 3395 1606 3462 Atque
1637 3395 1712 3448 illi
1747 3403 1942 3450 cuncta
1969 3396 2132 3449 etiam

559 3489 784 3541 recitata
818 3495 965 3554 sunt,
1004 3502 1070 3541 ex
1131 3487 1332 3555 quibus
1361 3486 1691 3557 legislatoris
1720 3499 1956 3541 mentem
1987 3503 2138 3542 sum-

558 3595 782 3649 mopere
813 3577 1135 3644 admiratus,
1171 3578 1274 3646 Qui
1308 3579 1511 3636 factum
1539 3589 1641 3646 est,
1667 3579 1866 3650 inquit,
1889 3597 1922 3634 ο
1956 3580 2140 3635 Deme-

558 3671 668 3734 tri,
699 3681 757 3724 ut
805 3680 883 3726 tot
932 3672 1208 3741 tantisque
1267 3672 1431 3726 rebus
1481 3671 1688 3742 gestis,
1735 3688 1923 3728 carum
1955 3681 2133 3727 tamen

557 3777 724 3824 nemo
756 3763 847 3825 vel,
872 3763 1171 3819 historicus
1204 3763 1288 3816 vel
1323 3773 1482 3831 poeta
1523 3765 1872 3820 meminerit?
1901 3765 2001 3819 Cui
2033 3764 2138 3819 De-

559 3853 820 3920 metrius,
857 3853 1014 3924 Quod
1068 3855 1388 3925 augustior,
1440 3856 1636 3926 inquit,
1669 3871 1698 3909 a
1747 3856 1963 3926 Deoque
2018 3858 2138 3926 ipso

561 3947 668 4008 lata
705 3947 790 4001 lex
830 3961 894 4002 ea
959 3949 1050 4001 sit.
1093 3947 1172 4002 Ac
1206 3946 1450 4000 nonnulli
1483 3946 1700 4017 quidem
1744 3947 2012 4017 ejusmodi
2048 3949 2140 4002 ali-

559 4042 692 4112 quid
727 4042 907 4095 moliri
945 4041 1086 4107 ausi,
1133 4041 1490 4110 percussique
1524 4040 1786 4095 divinitus
1821 4051 2134 4110 susceptum

559 4149 699 4201 opus
731 4133 1084 4202 abruperant.
1117 4130 1276 4184 Enim
1304 4146 1434 4184 vero
1456 4146 1515 4184 se
1537 4146 1602 4184 ex
1632 4129 1981 4201 Theopompo
2003 4148 2140 4200 quo-

563 4227 688 4284 dam
720 4225 960 4279 audiisse
989 4224 1220 4286 diccbat,
1254 4223 1398 4294 quod
1429 4240 1493 4277 ex
1530 4223 1645 4293 lege
1674 4225 1954 4286 nonnulla,
1990 4223 2140 4278 Grze-

564 4334 628 4378 ce
652 4319 763 4386 jam
797 4317 1029 4380 reddita,
1057 4317 1338 4373 audaciori
1371 4317 1608 4386 quodam
1643 4316 1906 4371 orationis
1944 4331 2140 4386 genere

561 4412 786 4478 vulgare
815 4410 1116 4473 statuisset,
1152 4409 1353 4463 mentis
1397 4423 1521 4462 eum
1566 4408 1972 4477 perturbatione
2023 4409 2140 4464 dies

565 4504 801 4572 amplius
836 4503 1058 4572 triginta
1085 4503 1386 4557 laborasse.
1433 4501 1601 4572 Cujus
1651 4503 1825 4557 morbi
1887 4517 2137 4567 causam,

2237 3313 2342 3348 νων
2387 3295 2530 3359 τινὲς
2587 3295 2692 3348 ὑπὸ
2710 3293 2803 3348 τοῦ
2816 3295 2950 3348 Θεοῦ
2978 3296 3296 3365 πληγέντες,
3314 3296 3414 3366 τῆς
3439 3293 3668 3362 ἐπιϐολῆς
3689 3292 3758 3344 ὰπ-

2238 3387 2495 3458 έστησαν.
2559 3389 2669 3441 Καὶ
2691 3388 2798 3458 γὰρ
2842 3388 3040 3458 ἔφησεν
3065 3390 3361 3460 ἀκηκοέναι
3390 3383 3754 3457 Θεοπόμπον,ὃι-

2236 3480 2318 3532 ότι
2340 3479 2546 3550 μέλλων
2566 3479 2687 3534 τινὰ
2704 3481 2810 3534 τῶν
2835 3499 2973 3554 προη
2982 3499 3186 3553 ρμηνευ
3196 3481 3372 3551 μένων
3406 3481 3511 3551 (47)
3530 3476 3757 3545 ἐπισφαλέ-

2239 3590 2428 3644 στερον
2477 3575 2541 3627 ἐκ
2589 3574 2682 3627 τοῦ
2713 3574 2876 3645 νόμου
2911 3576 3286 3645 προσιστορείν
3310 3615 3326 3638 ,
3375 3572 3605 3644 ταραχὴν
3646 3569 3757 3622 λάϐοι

2237 3668 2336 3735 τῆς
2365 3665 2602 3729 διανοίας
2626 3665 2808 3718 πλεῖον
2836 3666 3057 3737 ἡμερῶν
3085 3666 3401 3736 τριάκοντα.
3442 3664 3588 3718 Κατά
3621 3662 3666 3714 δέ
3689 3660 3757 3728 τὴν

2239 3755 2451 3826 αἴτησιν
2485 3757 2595 3829 (48)
2627 3756 3002 3821 ἐξιλάσκεσθαι
3027 3757 3116 3810 τὸν
3143 3756 3295 3820 Θεὸν,
3350 3758 3516 3826 σαφὲς
3537 3754 3662 3823 αὐτῷ
3691 3768 3757 3820 γε·

2239 3845 2444 3912 νέσθαι,
2470 3845 2616 3910 τίνος
2647 3849 2805 3918 χάριν
2832 3846 2892 3900 τὸ
2930 3846 3220 3918 συμϐαῖνόν
3254 3850 3392 3901 ἐστι.
3420 3848 3496 3900 Δι’
3527 3841 3756 3915 ὀνείρουέ

2244 3937 2500 4013 μαθόντος
2531 3939 2662 4009 (49),
2697 3939 2778 3990 ὅτι
2804 3937 2872 3990 τά
2898 3937 3013 3990 Θεῖα
3040 3937 3286 4007 βούλεται
3316 3936 3758 4009 περιεργασάμενῡς

2241 4037 2320 4097 εἰς
2348 4033 2560 4095 κοινοὺς
2610 4031 2926 4101 ἀνθρώπους
2967 4031 3219 4101 ἐκφέρειν
3245 4073 3260 4096 ,
3310 4031 3658 4100 ἀποσχόμενον
3700 4023 3754 4082 δὲ,

2241 4125 2411 4188 οὕτως
2461 4125 2926 4196 ἀποκαταστῆναι.
2967 4123 3076 4176 Καὶ
3111 4123 3259 4194 παρά
3302 4123 3584 4177 Θεοδέκτου
3621 4119 3667 4170 δὲ
3692 4113 3757 4167 to"!

2241 4217 2350 4269 τῶν
2383 4215 2698 4287 τραγῳδιῶν
2726 4213 2950 4286 ποιητοῦ
2977 4215 3266 4286 μετέλαϐον
3297 4215 3409 4282 ἐγώ
3429 4233 3442 4244 ⁸
3470 4215 3590 4267 διότι
3627 4223 3758 4276 παρσ-

2245 4309 2430 4380 φέρειν
2461 4307 2742 4378 μέλλοντός
2768 4325 2820 4360 τι
2853 4307 2960 4360 τῶν
2999 4308 3506 4378 ἀναγεγραμμένων
3537 4305 3589 4358 ἐν
3627 4303 3679 4370 τῇ
3703 4296 3760 4366 βέ-

2245 4401 2354 4471 ϐλῳ
2384 4401 2515 4472 πρός
2549 4418 2600 4453 τι
2628 4400 2812 4471 δρᾶμα
2843 4399 2940 4462 τὰς
2971 4398 3119 4467 ὄψεις
3151 4397 3546 4466 άπεγλαυκὼθη
3570 4385 3758 4461 (50).κιὶ

2245 4492 2422 4545 λαϐὼν
2453 4491 2728 4554 ὑπόνοιαν,
2763 4491 2844 4542 ὅτι
2873 4489 2960 4542 (ειά
2981 4488 3131 4542 ταῦτ’
3170 4489 3317 4560 αὐτῷ
3358 4490 3571 4558 γέγονεν
3589 4525 3602 4548 ,
3629 4481 3759 4548 ἐξιλα-

564 4596 781 4664 quoties
806 4595 1205 4658 intermitteret,
1234 4609 1357 4648 cum
1389 4595 1575 4649 multis
1593 4611 1622 4648 a
1648 4594 1759 4650 Deo
1786 4595 2042 4664 precibus
2067 4596 2137 4649 in-

2251 4585 2481 4654 σάμενος
2529 4581 2619 4635 τὸν
2652 4581 2804 4645 Θεὸν,
2837 4583 2893 4633 ἐν
2936 4581 3156 4645 πολλαῖς
3186 4581 3421 4653 ἡμέραις
3452 4575 3754 4638 ἀποκατέστη.

638 4865 748 4936 (4⁵1)
780 4860 1384 4936 Προτωμηνευμένων.
1419 4859 1714 4936 Utriusque
1751 4861 1997 4936 historia;
2031 4879 2144 4936 rne-

561 4931 740 4990 minit'
773 4931 1080 5004 Iosephus,
1132 4931 1231 4986 nec
1281 4941 1458 5004 tamen
1508 4933 1694 5004 addit,
1737 4931 1900 4984 ullam
1947 4932 2144 4988 divinae

561 5008 701 5076 legis
730 4999 1255 5076 interpretationem,
1287 4999 1641 5072 Septuaginta
1679 5005 1955 5058 seniorum
1979 5019 2142 5073 opera

563 5075 802 5148 priorem
835 5075 1127 5148 exstitisse.

639 5146 752 5219 (48)
790 5145 908 5213 Τὴν
939 5145 1201 5219 αἴτησιν.
1230 5141 1490 5219 _Dubi_um_
1532 5158 1638 5195 non
1683 5150 1767 5219 e_st
1811 5143 1940 5219 quin
1989 5160 2144 5219 repo.

562 5211 804 5312 neptium
839 5211 904 5270 ex
933 5217 1162 5312 Aristazf
1199 5212 1432 5312 situtijv
1461 5211 1663 5266 ἄνεσιν.
1705 5211 1929 5284 Joseph.
1957 5211 2141 5271 multi-

564 5287 772 5342 tudinis
797 5301 980 5356 inum.,
1007 5283 1276 5356 ﬁapdjd;
1295 5282 1540 5356 ἀνέσεις.

637 5356 749 5426 (49)
785 5351 1116 5422 Μαθόντοςῖ.
1149 5351 1576 5426 Corrigend._es
1622 5353 1872 5417 Aristaea,
1905 5365 2013 5410 tam
2044 5372 2142 5411 ex-

563 5423 700 5482 cuéo
732 5423 908 5495 quam
962 5439 1263 5486 manuscr.,
1295 5423 1687 5495 σημανθέντος,
1748 5436 1800 5479 et
1831 5427 1920 5495 lin.
1953 5427 2142 5481 ultima

562 5507 690 5566 post
719 5494 1088 5567 ἀποσχόμενον
1116 5494 1338 5567 delenda
1368 5496 1681 5564 conjunctio
1709 5495 1796 5567 6d.
1827 5494 1952 5564 Legi
1979 5498 2142 5552 etiam

563 5563 751 5638 posset
800 5563 990 5637 μαθεῖν
1029 5582 1141 5638 pro?
1172 5563 1454 5638 μαθόντος,
1475 5563 1702 5620 servato
1743 5565 1800 5618 δέ
1845 5563 1967 5637 post
2006 5568 2144 5620 ἀπο-

565 5636 738 5708 σχόμ.
761 5636 840 5689 vel
869 5639 988 5691 eod.
1026 5637 1260 5708 sublato,
1292 5636 1546 5708 μαθόντα.

637 5704 750 5778 (50)
798 5705 1273 5775 Ἀπεγλαυκώθη.
1321 5704 1456 5760 Vera
1504 5707 1695 5772 lectio,
1738 5723 1802 5762 ex
1839 5724 1944 5778 qua
1977 5708 2146 5764 corri-

567 5779 776 5846 gendus
811 5793 997 5833 excus.
1042 5778 1319 5846 Arista3as,
1360 5778 1500 5845 apud
1531 5795 1690 5846 quem
1731 5780 2144 5835 mendosissime

567 5844 763 5920 legitur
821 5845 1233 5918 ἀπεγλυκλώθη.
1283 5844 1445 5902 Recte
1493 5844 1652 5902 etiam
1704 5849 1999 5920 Joscphus,
2049 5850 2142 5911 τὰς

2245 4866 2394 4936 ὄψεις
2439 4865 2793 4934 γλαυκωθείς.
2839 4863 3036 4923 Notum
3084 4877 3159 4938 est
3212 4865 3514 4938 γλαύκωμα
3553 4874 3601 4920 et
3635 4859 3756 4938 γλαὺξ

2248 4931 2414 4989 κωσιν
2442 4931 2582 4991 oculi
2613 4939 2800 4990 vitium
2831 4953 2971 4999 esse,
3001 4953 3110 5007 quo
3145 4931 3338 4991 huinur
3366 4931 3571 5007 pupllze
3590 4931 3755 5007 crystalt

2247 5007 2424 5068 liuius,
2461 5009 2620 5061 casio
2657 5017 2850 5077 praeter
2878 5001 3148 5077 rnatu'ram
3202 5001 3386 5062 colore
3434 5001 3752 5077 sutfususau‘l

2245 5077 2607 5148 ἀμαυροῦται,
2644 5073 2728 5132 νει
2757 5076 3204 5149 ἀποξηραίνεται.
3241 5077 3450 5132 Plinius
3473 5081 3618 5131 etiam
3645 5073 3754 5147 glau-

2247 5164 2395 5200 coma
2429 5151 2628 5217 passim
2661 5159 2836 5204 vocat.
2867 5148 3006 5203 lian
3027 5149 3263 5206 facetum
3291 5150 3421 5207 illud
3453 5149 3753 5210 Palaestrionis

2245 5218 2300 5270 in
2331 5217 2502 5272 Plauti
2531 5218 2702 5278 Milite
2723 5233 2742 5271 :

2316 5309 2386 5364 Et
2421 5329 2512 5367 nos
2543 5313 2728 5380 facetis
2755 5312 2992 5379 fabricis,
3023 5324 3070 5368 et
3105 5314 3273 5368 doctis
3309 5314 3464 5373 dolis,

2319 5381 2660 5454 glaucumam
2689 5388 2752 5436 ob
2786 5385 2962 5438 oculos
2991 5387 3316 5454 objiciemus,
3345 5397 3554 5452 emnque
3575 5380 3640 5431 ita

2319 5451 2624 5518 Faciemus,
2665 5469 2720 5507 ut
2743 5456 2881 5524 quod
2913 5451 3120 5519 viderit,
3159 5473 3261 5509 nou
3291 5451 3493 5508 viderit.

2247 5544 2351 5600 Ubi
2391 5544 2615 5599 Plautus
2656 5545 2987 5615 glaucomam
3036 5563 3135 5615 pro
3175 5547 3449 5616 glaucoma
3506 5538 3674 5611 posuit,
3711 5541 3749 5580 ιιι

2247 5617 2511 5670 schemam
2538 5618 2589 5668 in
2615 5618 3011 5686 Amphitryone,
3045 5633 3142 5682 pro
3169 5619 3394 5681 schema,

2321 5705 2441 5760 Huc
2471 5708 2700 5776 processi
2729 5708 2806 5760 sic
2838 5725 2955 5761 cum
2983 5710 3157 5762 servili
3183 5711 3408 5762 schema.

2251 5777 2321 5831 Ita
2373 5774 2654 5849 Syrumm,
2704 5779 3040 5842 diademam,
3088 5778 3324 5849 dogmam
3375 5774 3540 5831 Latini
3593 5776 3746 5823 ιτειθτεε

2249 5846 2451 5903 dixere.
2490 5846 2804 5903 Priscianus
2838 5851 2926 5904 lib.
2960 5867 3031 5904 vr.
