3838 6384
555 321 661 378 599

1190 327 1460 385 EUSEBll
1499 323 1980 382 CASSARI‘ENSIS
2016 321 2164 379 OPP.
2206 321 2386 379 PARS
2423 313 2604 378 ΠῘΪ-ἕ
2627 321 3129 380 APOLOGETICA.
3642 328 3720 380 600

553 436 830 494 cunditate
859 440 1066 498 sobolis
1082 441 1388 497 admirabili
1404 441 1706 510 pullularit.
1723 462 1740 493 ›
1763 440 1900 496 Tum
1926 443 2090 511 pauci:

2216 457 2304 512 ρος
2323 458 2336 470 ·
2363 440 2505 494 οὕτω
2537 441 2630 494 καὶ
2664 441 2958 509 ἐλοιδόρουν
2982 440 3151 510 γόητα
3182 438 3276 492 καὶ
3307 439 3554 512 κέρκωπα
3571 441 3722 511 λόγων.

458 550 471 571 κ
551 529 870 599 interjectis,
903 553 921 584 ι
945 534 1024 588 Ac
1039 537 1215 590 virum
1235 532 1666 605 quidem,iuquit
1687 532 1795 596 ille,
1827 531 2115 601 profectio-

557 622 645 677 nis
668 623 834 678 simul
867 623 1184 693 itinerisque
1226 625 1418 679 ducem
1461 624 1717 688 habuere,
1750 624 1883 678 nihil
1925 625 2114 679 admo-

546 715 700 783 dtun,
737 717 782 771 si
835 717 911 770 ita
958 716 1074 779 vis,
1109 717 1390 771 hominum
1441 716 1601 787 vulgo
1653 717 2108 772 excellentiorem.

545 805 680 861 Nam
715 823 839 862 eum
876 807 1270 876 praestigiarum
1295 823 1532 876 quoque,
1556 822 1618 861 ac
1639 808 1971 862 veteratoriae
1989 822 2112 861 ora--

545 899 709 952 tionis
743 898 1144 952 insimulabant.
1174 897 1373 953 Demus
1405 899 1455 952 id
1497 913 1656 964 vero,
1690 899 1782 952 sed
1811 897 2110 968 praestigias

547 992 751 1060 accipe,
781 990 944 1062 356
970 992 1378 1061 versutiamque
1421 990 1770 1053 laudabilem,
1805 1005 1912 1060 qua
1941 1006 2108 1060 popu-

544 1082 654 1134 lum
685 1082 1026 1148 universum,
1047 1082 1159 1147 siti,
1205 1080 1370 1147 fame,
1399 1080 1610 1136 viarum
1650 1081 2010 1150 ignoratione,
2045 1097 2108 1136 ac

543 1186 724 1225 rerum
756 1171 1001 1224 omnium
1044 1172 1270 1241 penuria
1303 1171 1660 1234 laborantem,
1695 1169 1917 1240 perinde
1964 1179 2020 1224 ut
2051 1170 2104 1224 in

541 1280 753 1318 summa
783 1271 1103 1318 cunctorum
1141 1263 1407 1317 bonorum
1466 1262 1791 1317 abundantia
1827 1272 1878 1316 et
1911 1277 2107 1332 suppe-

538 1355 710 1409 ditato
741 1355 809 1408 ab
835 1354 1132 1425 interjectis
1171 1355 1482 1408 nationibus
1511 1363 1856 1418 commeatu,
1895 1354 2102 1409 salvum

538 1455 594 1500 et
613 1446 936 1500 incolumem
988 1446 1272 1516 praestitit;
1317 1461 1504 1500 verum
1551 1449 1712 1500 etiam
1764 1447 1913 1500 illum
1965 1456 2024 1501 ut
2073 1463 2102 1500 a

539 1539 744 1593 mutuis
773 1539 1080 1592 animorum
1115 1539 1356 1594 dissidiis
1382 1539 1610 1594 liberum
1643 1539 1851 1602 habuit.
1896 1540 1967 1593 ita
2000 1541 2101 1595 sibi

540 1631 702 1685 rebus
735 1631 789 1684 in
817 1630 1075 1686 omnibus
1111 1630 1522 1701 obsequentem.
1575 1632 1749 1700 Atque
1787 1632 1837 1685 id
1875 1646 1982 1686 non
2035 1631 2101 1685 ad

536 1723 698 1777 breve
756 1722 976 1792 aliquod
1019 1723 1386 1794 exiguumque
1442 1732 1702 1794 tempus,
1762 1725 1854 1778 sed
1907 1724 2093 1778 tandiu

534 1825 679 1870 eerte
711 1814 954 1884 quidem,
981 1814 1224 1884 quandiu
1246 1816 1299 1869 in
1328 1815 1488 1870 simili
1515 1817 1849 1871 voluntatum
1875 1833 2102 1873 concor-

533 1907 643 1965 dia.
676 1917 734 1962 ut
763 1909 967 1964 affatim
1005 1918 1198 1964 cuncta
1224 1917 1602 1978 suppeterent,
1625 1926 1843 1964 manere
1875 1926 1939 1979 ac
1976 1927 2099 1981 per-

533 2000 724 2054 sistere
757 2017 824 2055 ne
853 2001 1054 2056 familia
1085 2003 1299 2073 quidem
1320 2018 1424 2055 una
1442 2002 1724 2072 potuisset.
1744 2002 1818 2056 Ita
1835 2018 2008 2072 neque
2027 2004 2100 2058 si-

531 2090 622 2152 tis.
646 2107 822 2162 neque
852 2094 1041 2158 fames,
1062 2110 1168 2149 non
1195 2097 1313 2151 lues
1341 2111 1652 2165 corporum,
1672 2111 1779 2149 non
1814 2096 2099 2150 imminen-

530 2182 663 2236 tium
689 2186 1050 2252 pcriculorum
1079 2196 1276 2251 metus,
1295 2180 1399 2241 non
1420 2203 1642 2242 casuum
1663 2187 1928 2257 ignoratio
1952 2185 2097 2240 futu-

528 2291 737 2343 rorum,
765 2277 1484 2349 adversusprmstigiatorem
1503 2279 1673 2339 illum,
1689 2287 1893 2334 tantam
1913 2281 2094 2349 populi

525 2368 946 2434 multitudinem,
975 2381 1025 2424 et
1072 2371 1219 2427 illius
1259 2370 1545 2427 fraudibus
1584 2371 1829 2441 dolisque
1856 2371 2092 2425 circum-

523 2465 764 2527 ventam,
803 2463 1072 2531 etpassim
1105 2463 1398 2532 aliquando
1433 2472 1742 2532 pereuntem
1781 2464 2089 2520 concitavit.

523 2547 752 2614 Qualem
767 2551 995 2606 obsecro
1015 2562 1085 2616 te,
1103 2552 1340 2608 hominis
1357 2554 1520 2623 hujus
1540 2564 1740 2609 tantam
1769 2556 1881 2611 sive
1898 2566 2089 2623 artem,

524 2637 638 2692 sive
650 2639 911 2695 orationis
923 2641 1052 2703 vim,
1070 2642 1182 2696 sive
1195 2642 1512 2711 sapientiam
1528 2644 1694 2699 fuisse
1705 2646 2092 2717 dicemus,quae

519 2737 678 2785 totae
693 2741 798 2786 tam
814 2733 1380 2789 variasdiscriminnm
1398 2747 1875 2807 monstrorumque
1889 2738 2091 2795 formas

523 2837 868 2893 praesensque
881 2827 1134 2881 omnibus
1150 2827 1374 2881 exitium
1394 2843 1534 2898 saepe
1551 2829 1865 2884 minitantes
1881 2845 1982 2884 una
1998 2845 2086 2884 su-

521 2915 770 2983 peraret?
791 2914 1320 2986 Oportuitvidelicet,
1338 2931 1434 2974 aut
1463 2935 1672 2986 eorum,
1690 2921 1890 2990 quibus
1920 2922 2090 2991 impe-

520 3006 697 3073 rabat,
717 3008 1064 3078 ingeniamon
1079 3010 1189 3079 jam
1210 3011 1458 3080 imperita
1475 3026 1652 3065 rerum
1669 3013 2088 3082 esse,ductuque

2134 1787 2259 1870 θέε

2213 532 2399 603 Καλῆς
2426 533 2607 603 μέντοι
2640 532 2892 604 γοητείας
2920 533 3011 586 καὶ
3039 532 3387 603 πανουργίας,
3416 530 3473 596 ἐξ
3499 529 3560 605 ἧς
3586 536 3660 587 τόν
3678 555 3723 602 γε

2211 624 2335 677 λαὸν
2375 625 2588 678 ἅπαντα
2633 627 2691 678 ὲν
2749 625 2975 697 ἀνυδρίᾳ
3024 625 3117 677 καὶ
3164 623 3326 695 λιμῷ,
3352 624 3441 676 καὶ
3485 625 3582 676 τῶν
3623 626 3724 678 ὁδῶν

2211 716 2423 787 ἀγνοίᾳ,
2458 717 2551 770 καὶ
2584 716 2786 788 ἀπορίᾳ
2812 716 2920 769 τῶν
2956 716 3381 787 συμπάντων,οὐ
3414 716 3560 787 μόνον
3589 719 3654 779 εἰς
3682 722 3727 770 τὸ

2210 808 2470 872 παντελὲς
2495 807 2807 876 διεσώσατο,
2835 809 2928 862 καὶ
2960 808 3148 879 ὥσπερ
3174 809 3232 861 ὲν
3254 809 3470 880 εὐθηνίᾳ
3494 811 3726 880 etiamm

2208 903 2554 974 παραπομπῇ
2589 901 2696 954 τῶν
2731 901 2930 972 μεταξύ
2967 901 3234 970 κειμένων
3275 900 3466 964 ἐθνῶν,
3493 901 3612 954 ἀλλά
3659 904 3727 954 καὶ

2210 991 2343 1063 πρὸς
2372 991 2629 1063 ἀλλήλους
2658 992 3050 1055 ἀστασιάστους
3078 993 3294 1057 αὐτοὺς,
3319 992 3412 1045 xal
3431 991 3556 1063 πρὸς
3575 993 3726 1046 ἑαυτὸν

2209 1085 2442 1156 μάλιστα
2500 1085 2769 1150 εὐπειθεῖς
2817 1085 2929 1157 (55)
2981 1084 3290 1154 διεφύλαξε.
3327 1085 3435 1138 Kal
3463 1086 3616 1138 ταῦτα
3651 1088 3726 1138 οὐκ

2205 1177 2382 1245 ὀλίγον
2408 1177 2576 1248 δήπου
2609 1177 2818 1247 χρόνον,
2839 1177 2954 1230 ἀλλ’
2982 1178 3105 1230 ὅσον
3128 1176 3235 1228 οὐδ’
3259 1175 3433 1229 οἰκίαν
3462 1177 3514 1228 ὲν
3539 1178 3727 1248 ὁμοφρο-

2209 1269 2339 1340 σύνῃ
2377 1272 2665 1340 συμμεῖναι
2723 1268 2860 1339 μετὰ
2909 1269 3088 1340 πάσης
3133 1267 3387 1339 εὐθηνίας
3430 1269 3566 1331 εἰκός
3594 1270 3724 1321 ἐστιν.

2205 1360 2313 1411 Kal
2370 1359 2429 1411 οὐ
2482 1359 2656 1428 δίψος,
2686 1360 2748 1412 οὐ
2780 1359 2957 1429 λιμὸς,
2998 1359 3057 1410 οὐ
3110 1357 3287 1429 φθορά
3320 1357 3594 1428 σωμάτων,
3637 1358 3727 1427 οὐχὶ

2206 1450 2368 1519 φόϐος
2416 1451 2543 1521 περὶ
2581 1449 2688 1502 τῶν
2723 1449 3053 1519 μελλόντων,
3080 1449 3179 1502 οὐκ
3207 1447 3400 1517 ἄγνοια
3427 1446 3530 1500 τῶν
3562 1447 3730 1516 συμϐη-

2207 1543 2469 1614 σομένων,
2502 1543 2592 1595 ἐπὶ
2624 1541 2716 1595 τὸν
2747 1541 2917 1612 γόητα
2947 1542 3150 1593 ἐκεῖνον
3179 1542 3351 1612 ἐπῇρε
3399 1539 3520 1601 τοὺς
3563 1537 3727 1602 ἐξαπα-

2202 1634 2480 1704 τωμένους
2539 1635 2634 1687 καὶ
2681 1634 3198 1705 περιφθειρομένους
3243 1631 3428 1696 λαούς.
3477 1631 3650 1685 Καίτοι
3691 1630 3728 1681 τί

2207 1725 2401 1794 βούλει,
2439 1725 2624 1795 φῶμεν
2649 1725 2840 1795 ἐκείνῳ
2869 1725 2986 1777 τινὰ
3024 1722 3161 1778 εἶναι
3203 1723 3473 1794 τοσαύτην
3503 1722 3727 1791 τέχνην,ῆ

2269 1817 2484 1886 ινότητα
2532 1817 2725 1885 λόγων,
2776 1817 2808 1888 ἦ
2841 1817 3072 1880 σύνεσιν,
3108 1816 3183 1880 ὡς
3224 1815 3331 1869 τῶν
3371 1814 3624 1868 τοσούτων
3660 1814 3730 1866 καὶ

2204 1909 2458 1962 τοιούτων
2487 1909 2721 1973 ἀτόπων,
2755 1911 2848 1962 καὶ
2876 1908 3010 1981 πρὸς
3033 1909 3248 1980 ὄλεθρον
3270 1909 3513 1970 ἅπαντας
3531 1908 3730 1976 ἀγόντων

2205 2005 2519 2074 ἐπικρατεῖν
2544 2021 2558 2068 ;
2583 2006 2651 2057 Ἣ
2673 2005 2779 2074 γὰρ
2803 2003 2903 2068 τὰς
2928 2003 3116 2072 φύσεις
3137 2002 3244 2055 τῶν
3273 2003 3366 2055 ὐπ’
3387 2001 3544 2055 αὐτὸν
3564 2000 3733 2072 ἀνθρὼ-

2204 2112 2319 2147 πων
2353 2094 2451 2146 οὐκ
2480 2092 2706 2164 ἀμαθῶς
2750 2093 2870 2146 οὐδὲ
2918 2093 3209 2157 δυσκόλως,
3243 2093 3359 2145 ἀλλ’
3387 2091 3635 2154 εὐπειθῶς
3658 2092 3728 2142 καὶ

2200 2182 2294 2237 τοῦ
2321 2183 2601 2254 μέλλοντος
2630 2184 2728 2236 οὐκ
2750 2185 3098 2254 ἀπρονοήτως
3123 2183 3266 2254 ἔχειν
3287 2200 3300 2212 ⁸
3337 2183 3373 2255 ἢ
3425 2183 3631 2244 τούτους
3657 2181 3730 2251 μὲν

2200 2275 2276 2338 ὡς
2301 2274 2533 2346 μάλιστα
2559 2275 2760 2338 κακοὺς
2785 2271 2943 2337 εἶναι,
2965 2275 3056 2328 τὸν
3078 2275 3135 2327 δὲ
3165 2273 3320 2327 Θεὸν·
3340 2276 3446 2338 τὰς
3488 2273 3729 2333 δυσκολίας

2200 2365 2382 2419 αὐτῶν
2408 2367 2690 2436 πραΰνειν,
2720 2366 2814 2418 καὶ
2842 2365 2937 2418 τοῦ
2967 2368 3249 2437 παρόντος,
3297 2365 3394 2418 καὶ
3426 2364 3518 2417 τοῦ
3553 2363 3732 2434 μέλλον-

2199 2472 2287 2518 τος
2318 2455 2505 2528 ὥσπερ
2531 2456 2862 2509 ἐπιστατεῖν.
2893 2457 3069 2527 Ὅπερ
3089 2457 3197 2527 γάρ
3227 2473 3311 2508 σοι
3347 2455 3578 2525 μάλιστα
3606 2453 3660 2506 ἂν
3681 2454 3733 2503 ὲκ

2195 2547 2398 2600 τούτων
2445 2547 2640 2618 ἀληθὲς
2675 2542 2815 2601 εἶναι
2864 2548 3008 2620 δόξῃ,
3045 2548 3179 2619 πρὸς
3217 2548 3446 2601 ἐπαίνου
3488 2547 3576 2601 καὶ
3597 2549 3730 2616 τιμῆς

2197 2643 2291 2694 καὶ
2340 2638 2500 2711 ζήλου
2545 2641 2671 2711 περὶ
2703 2640 2879 2694 αὐτῶν
2906 2639 3232 2709 συμπάντων
3259 2638 3468 2710 ἰσχύειν
3501 2639 3727 2706 φαίνεται.

2195 2733 2305 2786 Kal
2329 2732 2394 2785 τά
2425 2733 2520 2803 μὲν
2545 2733 2644 2802 τῆς
2669 2731 2846 2798 ἐξόδου
2875 2731 2937 2802 δὴ
2978 2731 3166 2784 ταῦτα.
3217 2729 3442 2803 Ἐπειδὴ
3468 2730 3522 2783 δὲ
3561 2731 3630 2792 εἰς
3654 2727 3729 2797 τὴν

2193 2824 2298 2894 γῆν
2320 2824 2520 2894 ταύτην
2557 2821 2740 2895 ἦλθον,
2787 2825 2934 2887 ὅπως
2986 2823 3085 2893 μέν
3126 2839 3254 2875 ποτε
3299 2823 3410 2893 ἄρα
3458 2821 3727 2893 ἱδρύθησαν,

2193 2917 2285 2968 καὶ
2313 2914 2408 2985 τὴν
2437 2913 2620 2986 χώραν
2649 2913 2822 2985 ἔσχον,
2853 2916 2910 2968 ὲν
2951 2917 3069 2977 ταῖς
3103 2916 3275 2985 ίεραῖς
3305 2915 3637 2984 ἀναγραφαῖς
3654 2911 3728 2982 δη-

2193 3007 2404 3060 λοῦσινο
2441 3008 2500 3059 οὐ
2535 3007 2640 3079 μὴν
2682 3007 2854 3076 ἔγωγε
2884 3007 3074 3061 δικαιῶ
3111 3007 3309 3078 μᾶλλον
3351 3007 3476 3061 καθ’
3506 3006 3726 3075 ἱστορίαν,

517 3096 754 3153 diﬂicilia
776 3115 789 3164 ;
811 3101 900 3154 sed
915 3116 1037 3156 cum
1066 3102 1132 3155 ad
1168 3102 1647 3171 obtemperandum
1672 3107 1741 3156 ex
1766 3119 1884 3158 sese
1900 3119 2088 3173 prom-

2196 3100 2224 3170 ἥ
2261 3099 2402 3152 κατά
2421 3116 2542 3152 τινα
2564 3099 2822 3168 λογισμὸν
2854 3100 2982 3170 περὶ
3015 3098 3191 3152 αὐτῶν
3219 3098 3290 3151 τά
3325 3099 3517 3152 εἰκότα
3550 3095 3728 3159 ἐπεξελ-

520 3199 767 3258 pta,tum
792 3207 922 3247 vero
949 3208 1017 3247 ne
1041 3191 1210 3246 futuri
1246 3193 1460 3263 quidem
1484 3194 1806 3262 improvida,
1837 3197 2091 3261 aut,lieet

520 3281 720 3352 insigni
745 3298 956 3337 morum
977 3284 1324 3353 improbitate
1354 3285 1552 3350 forent,
1584 3285 1749 3340 Deum
1780 3295 1958 3341 tamen
1987 3289 2090 3343 hoc

517 3375 654 3442 ipsis
674 3376 1082 3430 naturaavitium
1100 3377 1552 3446 asperitatemque
1565 3378 1731 3432 lenire
1745 3416 1760 3441 ,
1785 3390 1837 3433 et
1854 3395 2089 3447 przesen-

515 3469 589 3522 tis
616 3467 776 3522 simul
807 3467 1085 3536 futurique
1106 3469 1342 3523 rationes
1357 3469 1707 3538 providentiae
1729 3485 1839 3524 suae
1859 3472 2087 3526 consilio

517 3558 812 3612 moderari.
844 3558 1039 3614 Utrum
1081 3568 1262 3614 autem
1313 3559 1561 3624 dederis,
1596 3561 1647 3614 id
1699 3561 1940 3630 profecro
1984 3563 2088 3618 erit

516 3647 806 3715 ejusmodi,
828 3647 972 3718 quod
1007 3647 1074 3703 ad
1115 3648 1442 3719 praecipuam
1467 3650 1761 3720 quamdam
1803 3650 2085 3708 universo-

515 3754 639 3794 rum
684 3739 897 3794 laudem
939 3751 1105 3812 atque
1155 3743 1472 3813 dignitatem
1519 3745 1789 3814 pertinere
1818 3746 2083 3805 videatur.

517 3833 584 3886 Et
608 3831 958 3902 profectionis
989 3835 1209 3904 quidem
1238 3836 1354 3891 haec
1383 3837 1522 3891 ratio
1549 3836 1670 3891 fuit.
1705 3837 1824 3892 Jam
1862 3840 1953 3893 ubi
1975 3851 2084 3896 ter-

515 3939 632 3976 ram
665 3924 809 3978 illam
858 3926 1190 3996 attigissent,
1238 3929 1694 3998 quemadmodum
1746 3946 1968 3985 suarum
2011 3934 2081 3986 ibi

515 4029 699 4068 rerum
737 4015 1009 4071 domicilia
1038 4019 1386 4086 collocarint,
1435 4036 1662 4090 eamque
1691 4025 1967 4094 regionem
2003 4036 2083 4079 te-

518 4107 758 4173 nuerint,
803 4124 970 4164 sacrae
1003 4112 1220 4180 quidem
1255 4127 1444 4166 eorum
1505 4113 1696 4168 littera:
1738 4115 2034 4184 loquuntur
2068 4136 2081 4170 :

516 4201 658 4255 malo
689 4208 868 4256 tamen
901 4202 1003 4256 hoc
1027 4204 1170 4269 loco,
1201 4221 1307 4258 non
1338 4215 1444 4258 tam
1481 4206 1556 4259 rei
1588 4215 1752 4276 gestae
1776 4207 2080 4272 historiam,

512 4306 676 4359 quam
725 4291 1107 4347 ratiocinando
1128 4333 1142 4358 ,
1171 4293 1314 4362 quod
1351 4295 1647 4349 verisimile
1675 4294 1856 4359 fuerit,
1894 4312 2081 4365 perse-

513 4381 626 4449 qui.
680 4379 872 4434 Utrum
908 4382 1051 4435 enim
1105 4399 1200 4438 eos
1232 4381 1426 4447 mavis,
1461 4384 1741 4438 hominum
1777 4383 1954 4438 adhuc
1989 4400 2082 4437 va-

2193 3191 2322 3244 θεῖν.
2353 3191 2585 3263 Πότερον
2609 3191 2717 3262 γάρ
2751 3207 2878 3244 ποτε
2903 3189 3195 3261 βούλει,τῷ
3217 3190 3420 3263 πλήθει
3449 3191 3555 3244 τῶν
3582 3187 3729 3258 σωμά-

2188 3302 2296 3338 των
2318 3284 2397 3337 ἕτι
2429 3283 2712 3354 περιόντας
2733 3322 2747 3346 ,
2782 3281 2982 3353 καίπερ
3021 3284 3100 3345 εἰς
3134 3282 3287 3346 τέλος
3321 3281 3727 3352 κεκακωμένους,

2189 3377 2337 3446 ὅμως
2366 3376 2422 3429 δὲ
2475 3375 2832 3445 διισχύοντας,
2861 3375 2954 3428 καὶ
2973 3375 3041 3427 τὰ
3069 3373 3206 3427 ὅπλα
3223 3375 3281 3427 ὲν
3306 3375 3498 3446 χερσὶν
3523 3374 3726 3444 ἔχοντας.

2188 3463 2306 3520 εἶτα
2339 3468 2477 3521 κατά
2503 3467 2701 3538 κράτος
2754 3467 2890 3519 ἑλεῖν
2928 3465 3026 3537 τὴν
3049 3466 3228 3538 χώραν
3248 3508 3263 3527 ,
3293 3468 3504 3538 Σύρους
3544 3482 3599 3517 τε
3621 3461 3726 3532 ὁμοῦ

2188 3559 2283 3610 καὶ
2310 3558 2561 3621 Φοίνικας
2581 3561 2639 3611 ὲν
2663 3559 2798 3629 αὐτῇ
2819 3561 2885 3629 τῇ
2923 3557 3144 3610 ἐκείνων
3178 3559 3249 3627 γῇ
3305 3555 3636 3627 μαχομένους
3670 3570 3730 3606 vt-

2188 3650 2438 3714 κιῖυντας⁴
2501 3651 2534 3722 ἢ
2577 3651 2702 3714 τοὺς
2749 3650 2845 3722 μὲν
2875 3689 2891 3710 .
2945 3649 3254 3718 ἀπολέμους
3322 3650 3422 3703 καὶ
3476 3647 3727 3716 ἀνάνδρως

2188 3737 2344 3804 εἶναι,
2373 3742 2466 3794 καὶ
2493 3741 2768 3805 παντελῶς
2795 3742 3003 3810 όλίγους
3033 3739 3386 3810 ὑποθώμεθα,
3416 3740 3511 3794 καὶ
3532 3737 3631 3791 τῶν
3669 3737 3728 3797 εἱς

2189 3834 2420 3903 πόλεμον
2455 3833 2813 3905 παρασκευῶν
2866 3833 3123 3902 ἀπόρους,
3157 3832 3422 3895 αἰδέσεως
3476 3831 3532 3884 δὲ
3579 3831 3728 3899 τυχεῖν

2189 3921 2337 3993 παρὰ
2389 3921 2616 3984 τούτοις,
2665 3922 2758 3974 καὶ
2817 3919 2913 3991 τὴν
2950 3919 3055 3989 γῆν
3093 3917 3274 3972 λαϐεῖν
3325 3920 3461 3990 παρ’
3496 3916 3726 3975 ὲκόντων;

2187 4013 2373 4064 ἔπειτα
2422 4013 2465 4065 δ’
2513 4012 2671 4075 εὐθὺς
2703 4013 2801 4064 οὐκ
2857 4013 2938 4075 εἰς
2972 4011 3177 4082 μακρὸν
3206 4009 3298 4062 τόν
3334 4027 3397 4062 τε
3442 4007 3573 4062 νεὼν
3608 4007 3725 4060 ἀνοι-

2187 4105 2480 4174 κοδομῆσαι
2506 4143 2520 4167 ,
2583 4104 2675 4158 καὶ
2700 4103 2865 4156 τάλλα
2915 4104 2994 4166 είς
3044 4101 3326 4155 εὐσέϐειαν
3350 4100 3449 4154 καὶ
3487 4095 3730 4167 ἀγιστείαν

2188 4195 2663 4266 καταστήσασθαι;
2697 4194 2857 4264 Δηλοῖ
2913 4193 3042 4265 γὰρ,
3098 4193 3172 4256 ὡς
3221 4192 3392 4256 ἔοικε,
3445 4194 3625 4253 ταῦτα,
3657 4186 3728 4239 ml

2185 4289 2626 4357 θεοφιλεστάτους
2657 4287 2851 4348 αὐτοὺς
2880 4283 3325 4354 ἀνωμολογῆσθαι
3345 4285 3444 4339 καὶ
3473 4281 3615 4352 παρὰ
3642 4279 3727 4338 τοῖς

2186 4381 2418 4452 ἐχθροῖςο
2447 4380 2629 4450 ἐχθροὶ
2659 4379 2767 4450 γάρ
2798 4374 2936 4449 ἦσαν
2986 4376 3044 4444 ἐξ
3099 4376 3369 4447 ἀνάγκης,
3418 4369 3494 4428 ὧν
3538 4373 3623 4426 ἐπὶ
3653 4371 3729 4439 τὴν

512 4469 685 4525 lentes
707 4487 956 4535 numero,
988 4474 1201 4527 tametsi
1229 4475 1499 4542 perpetuis
1527 4473 1730 4529 fractos
1749 4474 2083 4529 debilitatos-

2196 4473 2288 4542 γῆν
2316 4471 2574 4542 ἐξαίφνης
2599 4467 2760 4542 ἦλθον
2789 4471 2862 4534 ὡς
2889 4467 3338 4541 ἀφαιρησόμενοι.
3371 4467 3532 4539 Παρά
3554 4464 3726 4522 τούτοις

511 4575 619 4627 que
643 4561 943 4625 laboribus,
968 4564 1144 4618 auctis
1169 4573 1347 4618 tamen
1379 4565 1825 4634 conﬁrmatisque
1849 4565 2077 4632 viribus,

509 4665 574 4704 ea
609 4651 726 4706 loca
761 4653 1110 4720 postmodum
1148 4654 1315 4708 armis
1339 4669 1658 4724 occupasse,
1693 4654 1969 4726 Syrosque
2001 4657 2080 4711 si-

510 4742 624 4796 mul
649 4757 712 4795 ac
735 4739 1024 4798 Plimniees
1064 4743 1180 4797 suis
1208 4745 1260 4796 in
1290 4743 1578 4813 penatibus
1608 4743 1854 4814 focisque
1887 4745 2079 4815 patriis

512 4833 836 4889 dimicantes
868 4835 1187 4906 subegisse?
1210 4835 1292 4888 An
1346 4835 1590 4891 imbelles
1613 4836 1796 4906 potius
1817 4845 1870 4891 et
1897 4838 2076 4907 ignavi

509 4939 634 4976 eum
668 4934 874 4991 essent,
926 4927 1172 4996 adeoque
1199 4927 1538 4995 paucissimi,
1561 4936 1614 4981 et
1649 4944 1678 4981 a
1705 4928 1868 4983 rebus
1899 4929 2078 4982 omni-

509 5012 615 5069 bus
652 5015 792 5071 bello
812 5019 1046 5087 gerendo
1079 5019 1400 5074 necessariis
1438 5019 1718 5087 imparati,
1751 5019 1872 5074 aliis
1898 5033 2074 5074 tamen

506 5113 560 5157 et
579 5105 814 5176 aliquem
833 5124 960 5178 erga
979 5126 1038 5166 se
1058 5112 1426 5166 venerationis
1453 5127 1671 5166 sensum
1694 5112 1966 5181 injecisse,
1981 5122 2032 5166 et
2046 5127 2076 5166 a

507 5198 819 5254 volentibus
848 5201 1100 5272 ultroque
1117 5203 1436 5258 cedentibus
1458 5203 1734 5271 regionem
1754 5204 2029 5273 accepisse
2061 5223 2074 5258 :

509 5296 621 5341 tum
646 5291 863 5343 eosdem
893 5291 1055 5360 paulo
1076 5304 1197 5361 post
1221 5292 1523 5346 aedificasse
1539 5293 1820 5361 templum,
1836 5309 1898 5348 ac
1921 5303 2078 5349 caete-

507 5387 565 5423 ra
587 5387 708 5440 quae
724 5376 788 5428 ad
805 5377 1057 5444 pietatem
1083 5381 1512 5450 religionemque
1535 5391 1860 5449 spectarent,
1879 5385 2074 5438 consti-

507 5462 710 5516 tuisse?
741 5466 902 5536 357
923 5468 1057 5524 Nam
1095 5471 1147 5524 id
1173 5472 1390 5541 quidem
1418 5481 1737 5539 argumento
1771 5462 1879 5539 est,
1897 5489 2060 5543 quam

581 5564 608 5593 ⁸
647 5575 760 5624 γρ,
883 5560 963 5616 τό.

2186 4563 2229 4616 δ’
2258 4559 2350 4616 οὐν
2393 4563 2648 4626 αἰδέσεως
2708 4563 2803 4616 καὶ
2853 4562 3012 4632 τιμῆς
3065 4560 3450 4630 τυγχάνοντες,
3503 4558 3613 4619 πῶς
3652 4557 3728 4621 οὐχ

2191 4654 2550 4727 ὑπερϐάλλειν
2581 4654 2802 4726 εὐτυχίᾳ
2820 4655 2944 4715 τοὺς
2976 4649 3166 4715 aloe;
3190 4652 3509 4721 φαίνονταις
3546 4649 3664 4704 Τίνα
3685 4644 3728 4695 δὲ

2185 4745 2254 4800 τὰ
2287 4745 2514 4817 δεύτερα
2545 4745 2762 4816 ἐφεξῆς,
2795 4746 2828 4816 ἢ
2860 4744 2927 4796 τά
2983 4743 3136 4815 τρίτα
3171 4743 3308 4815 πρὸς
3337 4744 3547 4806 τούτοις
3590 4741 3726 4807 λέγωο

2189 4854 2324 4906 μεν;
2359 4838 2592 4908 Πότερον
2614 4837 2675 4888 τὺ
2701 4839 2799 4908 τῆς
2852 4836 3105 4906 εὐνομίας
3164 4837 3258 4889 καὶ
3314 4835 3620 4896 εὐπειθείας
3655 4830 3728 4883 αύ-

2185 4927 2314 4992 τῶν,
2349 4929 2381 4999 ἢ
2406 4929 2504 5000 τῆς
2525 4929 2801 5000 ὁσιότητος
2831 4929 2923 4980 xal
2945 4927 3286 4998 δικαιοσύνης
3323 4929 3423 4982 καὶ
3452 4927 3724 4986 εὐσεϐείαςς

2199 5021 2365 5078 Ἀλλὰ,
2391 5022 2480 5073 τὸν
2521 5022 2615 5090 μὲν
2648 5021 2815 5093 ἄνδρα
2849 5023 3074 5085 ἐκεῖνον,
3110 5021 3257 5083 ὅστις
3307 5021 3442 5074 ποτὲ
3471 5016 3556 5091 ἦν,
3583 5020 3608 5071 ό
3629 5017 3725 5075 τοὺς

2186 5116 2383 5185 νόμους
2409 5116 2591 5177 αὐτοῖς
2621 5112 2754 5176 θεὶς,
2791 5114 2932 5167 οὓτω
2991 5113 3191 5184 σφόδρα
3245 5112 3585 5183 ἐθαύμασαν,
3626 5108 3725 5171 ὡςό

2183 5223 2235 5260 τι
2269 5208 2464 5278 δήποτε
2496 5206 2673 5272 ἔδοξεν
2724 5206 2938 5277 ἐκείνῳ,
2989 5206 3085 5258 καὶ
3116 5206 3314 5268 αὐτοῖς.
3348 5206 3480 5259 Εἴτε
3501 5202 3589 5258 οὖν
3611 5202 3728 5254 λελο-

2185 5300 2442 5368 γισμένος
2472 5300 2651 5362 αὐτὸς,
2682 5299 2790 5350 εἴτε
2813 5297 3023 5351 ἀκούων
3072 5298 3222 5369 παρά
3249 5297 3508 5368 δαῖμονος
3537 5299 3724 5364 ἔφρασε,

2180 5391 2337 5443 τοῦτο
2371 5393 2512 5444 ἆπαν
2537 5393 2614 5454 είς
2637 5392 2726 5444 τὸν
2759 5390 2890 5443 Θεὸν
2922 5391 3162 5459 ἀνάγειν,
3203 5392 3292 5442 καὶ
3332 5391 3590 5443 πλειόνων
3620 5386 3725 5438 ἐτῶν

2169 5481 2570 5548 διεληλυθότων,
2593 5496 2620 5525 ι
2647 5483 2707 5536 τὸ
2734 5483 2831 5553 μὲν
2845 5483 3089 5552 ἀκριϐὲς,
3110 5484 3208 5536 οὐκ
3230 5483 3337 5552 ἔχω
3366 5484 3546 5551 λέγειν
3567 5482 3725 5539 ὁπόσα,

579 5645 1047 5735 (ΒῖὶξΕὺπειθεῖς.
1122 5659 1197 5707 Ita
1243 5669 1603 5735 corruimus,
1664 5671 1785 5709 eum
1848 5665 1971 5714 ante
2039 5657 2087 5714 le

2196 5670 2304 5714 etur
2359 5665 2649 5732 ευπειθεῖν,
2699 5665 2854 5735 cujus
2906 5665 3155 5724 lectionis
3208 5667 3258 5721 in
3329 5667 3426 5719 alt.
3481 5675 3724 5719 manuscr.

505 5724 612 5768 non
643 5723 931 5774 obscurum
965 5725 1141 5778 adhuc
1173 5727 1456 5795 vestigium
1486 5737 1786 5795 supererat.
