3838 6384
529 380 636 436 005

1166 385 1432 444 EUSEBH
1467 382 1946 456 CESARIENSIS
1982 399 2135 460 OPP.
2175 403 2354 462 PARS
2392 406 2454 462 ΙΙ.
2496 438 2565 449 -
2601 406 3100 466 APOLOGETICA.
3649 413 3732 472 σοι

533 507 784 563 matrem,
816 507 911 554 aut
939 515 1088 567 eum,
1125 505 1218 572 qui
1247 505 1525 565 beneficiis
1554 517 1608 565 te
1653 510 1756 566 sibi
1790 516 2102 571 obstrinxe—

2205 519 2474 590 οὐδεμιᾶς,
2511 520 2646 592 πρὸς
2682 520 2988 575 εὐπείθειαν
3019 523 3064 576 δ’
3096 522 3154 576 ὲν
3186 523 3385 576 ἅπασι..
3434 524 3606 588 Γονεῖς
3631 529 3732 580 παί-

531 591 639 644 rit:
675 601 849 648 morte
893 593 1145 650 similiter
1193 597 1363 662 luito,
1434 616 1611 672 eaque
1669 620 1778 660 non
1823 610 2102 665 communi

532 682 754 750 quidem
783 699 847 739 ac
880 684 1118 754 vulgari:
1158 690 1249 743 sed
1283 692 1534 760 quisquis
1569 695 1652 749 vel
1681 696 1864 767 lingua
1894 708 2102 754 tantum

533 773 641 829 hoc
669 776 722 829 in
747 792 944 846 genere
977 778 1291 847 deliquerit,
1344 784 1670 854 lapidandus
1721 790 1767 844 is
1812 802 1914 855 est,
1947 793 2103 861 quasi

534 865 673 918 nihil
707 866 756 920 ei
801 867 892 936 qui
929 867 1092 937 impie
1126 871 1255 940 quid
1298 871 1508 940 fecerit,
1538 876 1883 942 improbitate
1919 895 2107 934 conce-

535 955 647 1011 dat.
687 958 836 1014 Alias
880 967 1138 1028 praeterea
1187 963 1330 1034 leges
1373 966 1422 1020 id
1465 984 1636 1037 genus
1684 970 1901 1034 habent,
1922 971 2109 1039 cujus-

536 1050 684 1104 modi
723 1065 802 1105 eae
841 1062 969 1106 sunt
1012 1069 1134 1123 qua:
1182 1067 1517 1124 sequuntur:
1574 1059 1781 1116 Uxores
1811 1063 1943 1118 viris
1994 1079 2103 1120 non

537 1143 707 1197 ullam
744 1142 810 1197 ad
860 1145 1268 1210 contumeliam,
1303 1149 1395 1203 sed
1427 1151 1641 1218 quoties
1671 1153 1987 1206 obetlientize
2019 1169 2108 1207 ra-

537 1236 616 1290 tio
645 1237 960 1305 postulabit,
995 1241 1159 1293 rebus
1188 1241 1240 1294 in
1278 1243 1532 1298 omnibus
1555 1245 1978 1314 obtemperante.
2005 1245 2107 1300 Pa-

536 1337 721 1384 rentes
753 1331 1040 1400 imperium
1075 1332 1128 1385 in
1178 1333 1378 1388 liberos
1406 1335 1658 1399 habento,
1688 1352 1797 1405 quo
1829 1346 2006 1391 tamen
2038 1338 2104 1394 ad

534 1421 726 1479 eorum
782 1423 942 1478 saluti
987 1425 1256 1496 praecipua
1301 1442 1435 1481 cura
1479 1428 1769 1497 sttnlioqne
1818 1430 2108 1484 consulen-

537 1517 669 1572 dum
701 1527 952 1574 utuntor.
982 1518 1216 1574 Suarum
1245 1519 1479 1588 quisque
1509 1518 1825 1574 facultatum
1853 1521 2106 1577 dominus

537 1620 678 1675 esto,
731 1611 834 1666 nisi
878 1611 924 1667 si
975 1627 1069 1666 eas
1120 1611 1248 1676 Deo,
1300 1611 1385 1664 vel
1422 1611 1632 1666 dicatas
1677 1623 1970 1681 utcunque,
2023 1614 2106 1666 vel

538 1704 765 1758 omnino
796 1719 984 1758 sacras
1013 1718 1137 1757 esse
1169 1702 1422 1758 voluerit.
1463 1701 1598 1757 Nam
1630 1704 1675 1759 si
1707 1705 1787 1758 vel
1827 1719 1922 1758 ore
1945 1715 2107 1758 lenus

539 1796 890 1866 (sponsionem
941 1794 1209 1865 ejusmodi
1265 1795 1500 1865 aliquam
1561 1796 1920 1864 nuncuparit,
1972 1795 2104 1848 nihil

539 1904 728 1942 eorum
763 1889 1018 1958 deinceps
1051 1889 1315 1959 attingere
1362 1889 1580 1958 poterit,
1633 1888 1724 1944 sed
1757 1889 2011 1942 omnibus
2056 1888 2104 1942 ei

539 1985 804 2038 continuo
833 1983 1184 2038 interdicmm
1231 1981 1353 2035 erit.
1392 1981 1576 2051 Apage
1622 1996 1771 2045 vero,
1807 1981 2103 2050 quidquam

535 2090 600 2128 ex
653 2074 719 2129 iis
763 2090 884 2144 quae
918 2073 1236 2132 numinibus
1284 2081 1598 2129 consecrata
1649 2072 1862 2140 forent,
1906 2081 2000 2127 aut
2038 2087 2102 2126 ex

536 2165 782 2223 donariis
831 2166 1023 2222 alienis
1067 2181 1288 2236 rapere:
1339 2181 1464 2220 nam
1523 2180 1610 2220 res
1645 2166 1807 2220 etiam
1843 2165 2107 2233 cujusque

535 2257 809 2328 proprias,
847 2267 906 2313 ut
947 2257 1060 2328 jam
1121 2257 1267 2323 dixi,
1315 2257 1399 2311 vel
1457 2271 1662 2320 unum,
1702 2256 1845 2326 quod
1901 2256 2111 2324 impru-

535 2349 682 2404 denti
720 2347 950 2405 Domino
999 2349 1282 2415 exciderit,
1330 2348 1554 2402 verbum
1591 2346 1950 2402 consecrabit.
1994 2343 2108 2409 lla,

536 2441 693 2508 cujus
735 2455 800 2496 ea
844 2456 949 2497 vox
999 2439 1184 2504 fuerit,
1227 2441 1440 2495 cunctis
1485 2439 1575 2494 ille
1614 2438 1930 2508 spoliandus
1971 2437 2101 2490 erit:
2149 2431 2157 2439 ’

535 2531 668 2594 imo,
699 2530 744 2586 si
784 2544 903 2585 eam
933 2539 1143 2586 mutata
1175 2529 1463 2591 sententia,
1499 2543 1757 2584 revocare
1799 2526 2110 2592 conabitur,

532 2622 642 2676 vita
682 2636 902 2691 quoque
951 2620 1291 2690 spoliandus.
1335 2622 1514 2691 Atque
1545 2619 1736 2674 eadem
1786 2629 2104 2673 cacterorum

533 2720 817 2780 praeterea,
852 2711 906 2764 in
951 2725 1091 2782 quos
1135 2719 1458 2778 potestatem
1510 2710 1636 2778 quis
1683 2709 1910 2771 habeat,
1966 2708 2108 2764 ratio

533 2812 636 2857 est.
670 2802 725 2858 Si
755 2804 836 2858 vir
866 2806 1054 2859 uxoris
1085 2820 1197 2859 suae
1231 2803 1486 2857 alimenta
1520 2801 1630 2858 Deo
1666 2817 1822 2856 sacra
1861 2815 1980 2856 esse
2007 2816 2107 2854 vo-

534 2895 718 2958 luerit,
758 2895 1032 2950 alimentis
1080 2895 1129 2950 ei
1167 2895 1283 2950 suis
1323 2893 1730 2948 abstinendum.
1777 2893 1831 2946 Si
1879 2893 1948 2947 de
1996 2892 2108 2947 (ilio

534 2995 709 3055 pater,
744 2985 789 3040 si
828 2985 1082 3055 princeps
1111 2985 1176 3040 de
1206 2985 1458 3048 subditis,
1493 2983 1672 3038 simile
1702 2982 1960 3052 quiddam
1996 2990 2105 3036 sta-

533 3080 718 3141 tuerit,
751 3081 917 3132 fixum
953 3079 1094 3132 idem
1141 3078 1448 3134 habendum
1484 3092 1547 3130 ac
1578 3084 1777 3130 ratum.
1813 3074 1982 3129 Porro
2012 3089 2109 3128 vo-

533 3181 713 3224 torum
743 3168 1015 3238 ejusmodi
1045 3169 1267 3230 solutio,
1301 3167 1348 3221 si
1389 3168 1455 3220 de
1485 3164 1880 3235 perfectissima
1909 3172 1963 3218 et
1991 3179 2105 3218 ma-
2131 3193 2173 3250 ρ

535 3261 681 3315 xima
723 3260 1018 3328 loquimur,
1051 3257 1373 3321 sacerdotis,
1408 3256 1501 3325 qui
1535 3269 1598 3309 ea
1625 3254 1726 3308 sibi
1758 3253 1975 3324 probari
2012 3269 2106 3309 ne-

534 3362 643 3424 get,
686 3350 905 3422 propria
937 3362 1050 3404 est:
1095 3363 1221 3402 eum
1266 3346 1411 3401 enim
1456 3361 1615 3400 suum
1654 3345 1812 3414 quasi
1842 3344 2104 3399 vicarium

425 3477 452 3491 —
536 3443 682 3499 Deus
723 3457 844 3497 esse
879 3441 1070 3501 voluit,
1113 3438 1207 3508 qui
1254 3452 1317 3490 ea
1355 3435 1439 3491 vel
1487 3434 1786 3504 suscipere,
1819 3434 1903 3488 vel
1946 3449 2108 3502 repu-

535 3534 687 3586 diare
732 3544 948 3586 summo
983 3529 1108 3598 jure
1142 3534 1345 3596 posset.
1391 3525 1572 3578 Altera
1625 3537 1756 3577 vero
1789 3531 1874 3576 est
1912 3522 1980 3576 ab
2016 3521 2102 3588 iis,

537 3639 705 3695 penes
739 3636 878 3692 quos
927 3619 1235 3691 prmeipuus
1277 3632 1493 3686 semper
1533 3623 1715 3670 manet
1750 3613 1826 3670 rei
1858 3614 2108 3667 domina-

537 3727 648 3781 tus,
692 3715 773 3771 fas
818 3714 1089 3785 quoddam
1140 3721 1194 3766 et
1241 3709 1472 3765 facultas
1518 3707 1779 3776 profecta,
1828 3721 1935 3776 qua
1982 3705 2107 3776 quis

538 3810 811 3879 placatum
865 3805 966 3861 sibi
998 3803 1402 3874 propitiumque
1449 3800 1660 3856 Numen
1705 3815 1828 3856 esse
1865 3815 2108 3869 pronun-

540 3902 654 3955 tiet.
692 3898 767 3953 lla
807 3897 1250 3952 consecrationes
1285 3895 1407 3949 illas
1454 3903 1603 3948 ratas
1645 3892 1910 3973 habendi!
1958 3891 2104 3945 nulla

537 3995 725 4050 subest
755 3991 1074 4046 necessitas.
1118 3989 1236 4043 Alia
1292 3988 1517 4058 insuper
1558 3987 1767 4041 infinita
1807 3993 1954 4045 sunt.
1985 3999 2106 4048 qua:

536 4085 732 4157 partim
782 4083 899 4137 sine
938 4082 1163 4150 scripto,
1200 4080 1448 4133 moribus
1483 4089 1689 4132 tantum
1733 4086 1788 4132 et
1812 4085 2106 4131 consuetu-

536 4180 684 4244 dine,
719 4177 912 4248 partim
945 4175 1162 4244 scriptis
1193 4173 1356 4228 etiam
1389 4173 1597 4242 legibus
1627 4171 1996 4227 continentur.
2030 4170 2107 4224 Ac

537 4271 859 4344 posterioris
912 4271 1074 4324 etiam
1131 4268 1344 4340 generis
1406 4275 1566 4331 sunt,
1620 4281 1742 4335 quae
1780 4274 2102 4334 sequuntur.

539 4365 674 4433 Quae
702 4365 828 4434 quis
872 4363 1102 4417 moleste
1135 4361 1483 4432 graviterque
1553 4358 1738 4423 ferret,
1771 4373 1831 4412 ea
1884 4359 1999 4428 ipse
2038 4372 2106 4411 ne

542 4456 728 4512 facito.
781 4453 913 4522 Quae
960 4470 1067 4508 non
1115 4453 1448 4523 deposuerit,
1497 4467 1561 4507 ea
1607 4467 1676 4508 ne
1722 4452 1917 4506 tollito.
1959 4450 2104 4506 Nihil

2203 610 2306 664 δων
2326 613 2512 682 ἄρχειν
2537 613 2627 665 ἐπὶ
2654 613 2897 685 σωτηρίᾳ
2956 615 3050 668 καὶ
3091 613 3384 687 πολυωρίᾳ.
3419 615 3538 668 Τῶν
3577 619 3733 674 ἑαυτοῦ

2205 704 2495 772 κτημάτων
2523 704 2617 757 ἕνα
2635 703 2859 758 ἕκαστον
2890 705 3075 778 κύριον
3104 702 3264 771 εἶναι,
3306 707 3380 778 μὴ
3402 707 3531 760 Θεόν
3556 726 3613 777 γε
3643 712 3736 764 ἐπι-

2208 797 2516 868 φημίσαντα
2558 798 2759 861 αὐτοῖς,
2814 798 2936 870 μηδ’
2969 800 3044 862 ὼς
3096 798 3174 869 τῷ
3234 799 3350 870 Θεῷ
3399 800 3567 854 ταῦτα
3611 803 3735 874 ἀνίη-

2207 905 2290 942 σιν
2322 889 2454 959 (57).
2491 891 2549 942 El
2575 889 2631 942 δὲ
2685 889 2826 960 λόγῳ
2878 890 3036 961 μόνον
3087 889 3413 962 ὑποσχέσθαι
3457 895 3734 965 προσπέσοι,

2204 978 2407 1051 ψαῦσαι
2436 981 2527 1034 καὶ
2558 979 2727 1048 θίγειν
2751 979 2929 1034 αὐτῶν
2960 981 3059 1034 οὐκ
3092 979 3258 1042 ἔστιν,
3286 981 3401 1034 ἀλλ’
3424 980 3585 1045 εὐθὺς.
3603 983 3738 1038 ἀπάν-

2206 1091 2316 1127 των
2348 1071 2785 1125 ἀποκεκλεῖσθαι.
2812 1071 2902 1142 Μή
2940 1070 3119 1142 μοιτά
3148 1071 3255 1124 τῶν
3296 1072 3433 1125 θεῶν
3465 1071 3569 1141 (58)
3595 1075 3740 1145 ἀρπάο

2207 1163 2337 1228 ζειν,
2377 1163 2497 1234 μηδ’
2519 1162 2790 1234 ἀποσυλᾷν
2841 1164 3042 1235 ἑτέρων
3087 1165 3452 1236 ἀναθημάτων
3481 1165 3606 1234 (59),
3632 1166 3738 1220 ἀλλὰ

2205 1257 2299 1311 καὶ
2329 1256 2435 1309 τῶν
2464 1255 2694 1329 οἰκείων,
2729 1255 2916 1328 ὥσπερ
2941 1256 3095 1328 ἔφην,
3138 1257 3449 1329 προσπεσόν
3477 1275 3529 1311 τι
3566 1259 3647 1312 καὶ
3666 1259 3738 1314 ita»

2206 1346 2297 1400 θὸν
2324 1346 2486 1399 αὐτὸν
2537 1328 2707 1416 ῥῆμά,
2758 1344 3113 1417 ἐπαναϐήσει.
3143 1328 3382 1400 Είὶπόντα
3431 1347 3507 1408 δὲ,
3559 1348 3738 1401 πάντων

2208 1439 2510 1511 στέρεσθαι·
2547 1436 3000 1509 μεταγινώσκοντι
3032 1438 3090 1492 δὲ
3137 1439 3170 1511 ἢ
3219 1439 3656 1512 ὲπανορθουμένῳ
3688 1441 3739 1495 τὰ

2205 1528 2518 1600 λελεγμένα,
2551 1530 2644 1584 καὶ
2666 1529 2761 1602 τὴν
2791 1530 2966 1602 ψυχὴν
2999 1530 3512 1602 προσαφαιρεῖσθαι.
3549 1533 3645 1584 Καὶ
3670 1533 3740 1585 ἐπὶ

2206 1621 2315 1675 τῶν
2341 1621 2534 1686 ἄλλων,
2569 1616 2642 1676 ὧν
2675 1623 2936 1694 κυριεύει,
2964 1625 2992 1676 ὁ
3010 1623 3171 1688 αύτδς
3201 1624 3380 1693 λόγος.
3433 1623 3553 1677 Ἑάν
3581 1626 3740 1694 ἐπιφη-

2211 1713 2343 1786 μίσῃ
2370 1713 2573 1784 τροφὴν
2602 1713 2861 1782 γυναικὸς
2892 1714 3048 1785 ἀνὴρ,
3074 1714 3223 1786 ἱερὰν
3255 1711 3419 1778 εἶναι,
3471 1715 3656 1787 τροφῆς
3676 1716 3742 1767 ἀν-

2209 1799 2370 1869 έχειν.
2414 1801 2538 1853 Ἐὰν
2571 1801 2751 1872 πατὴρ
2785 1800 2883 1872 υἱῷ
2906 1801 3035 1870 (60),
3071 1801 3164 1855 ἐὰν
3189 1805 3372 1874 ἄρχων
3401 1803 3479 1874 τῷ
3521 1803 3737 1874 ύπηκόῳ,

2141 1855 2182 1910 Β
2206 1855 2420 1944 ταυτόν.
2453 1892 2560 1943 Καί
2582 1855 2799 1954 ἐκλύσις
2845 1855 2923 1944 θὲὶ
2955 1855 3462 1964 έπνιφημισθὲντωνξ
3493 1855 3542 1964 ἡ⁷

2204 1981 2450 2053 λειοτάτη
2474 1982 2566 2034 καὶ
2596 1983 2844 2052 μεγίστη,
2877 1982 2969 2038 τοῦ
3007 1984 3192 2054 ἱερέως
3247 1986 3635 2054 ἀπορήσαντος·
3661 1983 3740 2038 imi

2206 2076 2314 2146 γὰρ
2347 2074 2438 2129 τοῦ
2464 2073 2600 2128 Θεοῦ
2653 2074 2840 2144 κύριος
2871 2069 3324 2138 οὗτος.δέξασθαι·
3361 2075 3459 2128 καὶ
3485 2075 3611 2144 μετὰ
3639 2072 3740 2127 ταύ-

2203 2183 2302 2239 την
2326 2167 2381 2220 δὲ
2406 2168 2439 2238 ἡ
2467 2168 2616 2238 παρά
2643 2166 2752 2220 τῶν
2782 2167 2978 2237 μᾶλλον
3004 2167 3090 2221 ἀεὶ
3111 2167 3317 2238 κυρίων
3351 2167 3479 2220 ὁσία
3511 2165 3652 2220 ἵλεων
3672 2163 3740 2219 τὸν

2203 2259 2334 2315 Θεὸν
2363 2259 2698 2329 ἀποφαίνειν·
2733 2259 2809 2322 ὼς
2837 2259 2969 2330 μηδὲ
3001 2261 3086 2315 ὲπῗ
3115 2259 3386 2326 ἀνάγκαις
3409 2258 3507 2330 τὴν
3531 2257 3748 2312 ἀνάθεσιν-

2203 2350 2471 2422 δέχεσθαι.
2525 2351 2709 2422 Μυρία
2740 2350 2797 2404 δὲ
2851 2349 2993 2404 ἄλλα
3039 2350 3131 2402 ἐπὶ
3163 2349 3398 2414 τούτοις,
3432 2349 3530 2402 ὅσα
3571 2348 3650 2401 xui
3668 2346 3737 2401 ἐπὶ

2204 2440 2464 2512 ἀγράφων
2498 2438 2639 2492 ἐθῶν.
2688 2439 2780 2494 καὶ
2824 2439 3089 2509 νομίμων,
3119 2439 3221 2492 κάν
3263 2441 3381 2502 τοῖς
3411 2437 3640 2507 νομίμοις
3665 2437 3738 2488 οὐ·

2205 2535 2317 2595 τοῖς
2351 2531 2483 2603 (6i).
2517 2532 2587 2583 ’Δ
2614 2548 2697 2594 τις
2750 2530 2940 2585 παθεῖν
2966 2529 3738 2611 ἐχθαίρεὰσμὴ-Εοεεῖιαρτόὲ

2211 2625 2278 2676 Ἀ
2315 2623 2388 2694 μὴ
2445 2622 2767 2694 κατέθηκεν,
2823 2623 2945 2694 μηδ’
2978 2622 3339 2694 ἀναιρεῖσθαι,
3384 2623 3512 2693 μηδ’
3544 2624 3601 2676 ὲκ
3631 2639 3738 2693 npu-

2209 2717 2347 2779 σιᾶς,
2375 2715 2496 2787 μηδ’
2525 2717 2588 2767 ὲκ
2639 2715 2821 2785 ληνοῦ,
2873 2713 2993 2786 μηδ’
3025 2714 3084 2778 ἐξ
3133 2713 3361 2778 ἅλωνος·
3418 2715 3492 2784 μὴ
3533 2712 3745 2782 θημῶνος-

2207 2806 2550 2878 ὑφαιρεῖσθαι
2583 2806 2723 2877 μέγα
2755 2807 2786 2876 ἢ
2826 2806 3020 2876 μικρὸν
3052 2805 3237 2867 ἁπλῶς
3268 2805 3464 2876 μηθέν.
3500 2805 3583 2874 Μὴ
3605 2803 3736 2874 πυρὸς

2204 2895 2445 2966 δεηθέντι
2478 2895 2709 2965 φθονεῖν.
2773 2896 2865 2967 Μὴ
2911 2895 3126 2966 νάματα
3187 2894 3397 2949 ὑδάτων
3451 2895 3734 2948 ἀποκλείειν·

2205 2987 2340 3042 ἀλλά
2373 2987 2463 3042 καὶ
2492 2990 2724 3057 πτωχοῖς
2743 2988 2837 3040 καὶ
2861 3005 2934 3058 πη
2943 2990 3056 3058 ροῖς
3079 2987 3284 3058 τροφὴν
3312 2988 3608 3058 ὲρανίζουσι
3631 2985 3736 3057 πρὸς

2205 3078 2295 3132 τὸν
2327 3077 2456 3131 Θεὸν
2482 3077 2694 3147 εὐαγῶς
2717 3078 2927 3149 ἀνέχειν
2945 3078 3075 3148 (62).
3104 3078 3195 3149 Μὴ
3220 3078 3408 3148 ταφῆς
3442 3079 3632 3150 νεκρῶν
3653 3077 3736 3146 (63)

2206 3167 2493 3240 ἐξείργειν,
2523 3167 2656 3222 ἀλλά
2681 3169 2775 3221 καλ⁵
2811 3169 2913 3240 γῆς
2936 3167 3117 3230 αὐτοῖς
3150 3168 3273 3220 ὅσον
3308 3185 3375 3236 γε
3403 3171 3482 3231 είς
3509 3167 3597 3239 τὴν
3617 3165 3735 3218 ὁσίαν

2208 3259 2680 3332 προσεπιϐάλλειν·
2713 3261 2785 3330 μὴ
2811 3260 3003 3330 θήκας,
3048 3261 3121 3333 μὴ
3157 3263 3418 3334 μνήματα
3448 3260 3576 3322 ὅλως
3593 3274 3735 3312 κατοι-

2207 3349 2451 3420 χομένων
2482 3352 2670 3404 κινεῖν.
2704 3351 2796 3421 Μὴ
2829 3349 3024 3421 δεσμὰ,
3086 3351 3159 3423 μὴ
3189 3352 3363 3406 κακὸν
3409 3349 3568 3420 μηδὲν
3611 3347 3736 3400 πλέον

2205 3440 2284 3511 τῷ
2310 3443 2367 3494 έν
2413 3441 2674 3508 ἀνάγκαις
2729 3443 3170 3514 προσεπιφέρειν.
3205 3443 3300 3512 Μὴ
3357 3443 3518 3512 γονὴν
3567 3438 3733 3510 ἀνδρῶν

2207 3531 2585 3603 ἐκτέμνοντας,
2617 3530 2696 3602 μὴ
2723 3533 2996 3601 γυναικῶν
3054 3534 3313 3597 ἀτοκίοις,
3342 3533 3447 3586 καὶ.
3470 3531 3637 3594 ἄλλαις
3656 3546 3738 3600 μηα

2205 3628 2395 3696 καιναῖς
2426 3624 2688 3696 ἀμὸλοῦν.
2718 3624 2808 3696 Μὴ
2833 3624 2992 3692 ζώοις
3023 3625 3312 3697 ἔμπαλινῆ
3343 3623 3630 3688 κατέδειξεν
3659 3620 3732 3674 εἴτ’

2205 3706 2522 3775 οὗνὸΘεὸς,
2574 3711 2685 3765 εἴτε
2732 3730 2816 3777 τις
2842 3713 2936 3766 καὶ
2981 3713 3298 3785 νομοθέτης,
3358 3710 3730 3784 προσφέρεσθαι.

2205 3800 2296 3871 Μὴ
2326 3801 2545 3872 σπέρμα
2565 3801 2862 3871 ἀφανίζειν·
2895 3801 2968 3873 μὴ
2997 3802 3238 3874 γέννημα
3277 3801 3518 3858 δουλοῦν.
3561 3803 3639 3872 Μὴ
3663 3802 3733 3864 ξω.

2205 3891 2299 3960 γὸν
2328 3892 2508 3947 ἄδικον
2563 3894 3004 3959 ἀνθυποϐάλλειν,
3045 3896 3118 3966 μὴ
3147 3895 3357 3965 χοίνικα
3409 3897 3643 3968 ἄμετρον,
3676 3892 3730 3964 μὴ

2205 3985 2448 4055 νόμισμα
2470 3986 2672 4040 ἄδικον.
2697 3987 2786 4058 Μὴ
2817 3987 2983 4058 φίλων
3032 3990 3318 4062 ἀπόρρητα
3354 3995 3412 4046 ὲν
3455 3989 3610 4062 ἔχθρᾳ
3635 3987 3729 4057 φαίη

2205 4091 2334 4128 νειν.
2363 4077 2460 4129 Ποῖ
2486 4077 2552 4150 δὴ,
2577 4079 2711 4148 πρὸς
2734 4079 2825 4132 τοῦ
2846 4079 2980 4132 Θεοῦ
3009 4082 3137 4151 ἡμῖν
3163 4081 3233 4134 τά
3264 4080 3530 4150 Βουζύγια
3555 4080 3727 4141 sum;

2210 4170 2380 4224 Ἀλλα
2406 4172 2462 4224 δὲ
2490 4174 2624 4245 πρὸς
2654 4173 2861 4237 τούτοις
2892 4176 3011 4246 ὅρα.
3043 4175 3134 4246 Μὴ
3165 4175 3368 4230 παίδων
3395 4173 3646 4237 διοικίζειν
3666 4184 3729 4236 τοι

2205 4262 2350 4325 νέας,
2379 4263 2498 4334 μηδ’
2521 4263 2588 4317 ἂν
2621 4263 2995 4337 αίχμαλώτους
3027 4265 3172 4339 ἔχῃς·
3210 4265 3284 4337 μὴ
3309 4269 3536 4334 γυναῖκα
3558 4259 3728 4332 ἀνδρὸς.

2207 4352 2308 4406 κᾶν
2331 4354 2574 4426 νομίμως
2601 4357 2902 4427 ἐωνημένος
2937 4355 3003 4429 ᾖς
3028 4357 3311 4429 δεσπότης.
3356 4354 3532 4411 Ἧπον
3579 4349 3729 4423 σεμνύ-

2204 4461 2337 4517 τερα
2365 4447 2458 4498 καὶ
2489 4445 2658 4516 μείζω
2716 4447 2904 4502 ταῦτα·
2959 4449 3093 4503 ἄλλα
3142 4449 3198 4502 δὲ
3249 4449 3426 4522 μικρά
3470 4448 3557 4502 καὶ
3582 4446 3725 4498 τάτυ-

535 4549 754 4620 penitus
809 4547 1350 4617 quantulumcunque
1422 4545 1525 4610 sit,
1577 4561 1644 4600 ex
1713 4545 1937 4600 alterius
2019 4545 2100 4599 vel

2205 4537 2386 4609 χόντα.
2419 4538 2510 4610 Μὴ
2533 4541 2770 4594 νεοττίαν
2824 4544 2957 4612 φησὶ
3003 4542 3326 4596 κατοικίδιον
3385 4541 3623 4615 ἐρημοῦν,
3670 4539 3724 4607 μὴ

536 4645 732 4707 horto,
776 4641 859 4695 vel
899 4639 1186 4701 torculari,
1234 4637 1319 4692 vel
1361 4651 1510 4702 area,
1555 4637 1638 4691 vel
1678 4652 1874 4691 acervo
1917 4635 2102 4691 furtim

537 4734 869 4804 subtrahite.
923 4730 1000 4786 Ne
1046 4731 1302 4800 cuiquam
1357 4729 1559 4800 petenti
1612 4729 1790 4801 ignem
1842 4730 2099 4785 invideto.

537 4825 851 4882 Fluentium
881 4839 1148 4893 aquarum
1186 4837 1288 4877 usu
1320 4822 1590 4876 neminem
1625 4821 1918 4876 excludito.
1964 4821 2107 4876 Pau-

534 4919 760 4989 peribus
813 4925 867 4972 et
899 4931 1127 4986 corpore
1169 4914 1374 4969 mutilis
1421 4914 1612 4984 stipem
1668 4914 2103 4969 mendicantibus

538 5009 633 5065 Dei
668 5025 834 5066 causa
873 5008 960 5079 pie
1001 5007 1306 5062 subvenite.
1339 5005 1608 5061 Mortuum
1641 5007 1911 5061 neminem
1949 5021 2105 5077 sepe-

609 5161 720 5234 (57)
753 5161 900 5234 Μηδ⁸
924 5161 1004 5226 ὠς
1033 5159 1113 5225 τῷ
1148 5164 1213 5234 Θ.
1245 5179 1298 5234 τ.
1420 5161 1517 5234 ΔὩς
1546 5161 1862 5234 mutandum
1893 5162 2105 5234 videtur

535 5233 590 5290 in
619 5231 709 5304 ὃς,
738 5233 1135 5304 quasiplicgeret2
1157 5231 1310 5304 ﬂxa‘t
1338 5231 1532 5304 ἀνέντα
1555 5231 1725 5304 ταῦτα
1755 5233 1833 5303 τῷ
1856 5233 1995 5304 Θεῷ.

609 5303 720 5372 (58)
759 5300 880 5358 Τῶν
900 5300 1079 5357 θεῶν.
1105 5300 1243 5366 Quid
1282 5304 1326 5355 si
1354 5301 1444 5353 τοῦ
1475 5302 1646 5357 Θεοῦῗ
1675 5300 1815 5373 Nam
1839 5300 2102 5373 quorsum

535 5373 626 5428 hic
678 5373 1044 5442 profanorum.
1091 5378 1314 5426 deorum
1370 5372 1720 5442 meminisse?
1775 5375 1875 5429 uiSi
1923 5385 2102 5429 tamen

535 5451 626 5505 Dii
659 5437 755 5520 pro
789 5452 946 5516 Deus,
976 5466 1033 5505 ut
1056 5449 1259 5505 Hebraei
1294 5437 1490 5516 vrba,
1523 5456 1666 5521 quod
1701 5456 1787 5509 vix
1812 5457 1993 5512 credo.

607 5523 718 5595 (59)
771 5521 1012 5595 Ἑτέρων
1063 5523 1472 5595 ἀναθημάτων.
1519 5524 1615 5580 Hic
1662 5527 1930 5595 genitivus
1979 5543 2100 5582 cum
2159 5561 2172 5574 ι

538 5592 798 5666 sequente
828 5593 1064 5654 οἰκείων,
1097 5592 1289 5657 Attice,
1329 5605 1383 5648 ut
1431 5592 1727 5650 notandum
1751 5605 1854 5658 est,
1887 5614 1984 5666 pro
2012 5614 2104 5652 ac-

537 5663 760 5718 cusandi
793 5677 941 5716 casu.

613 5732 748 5856 (6020
766 5732 892 5798 Υίῷ.
926 5731 1233 5803 Legendum
1266 5735 1475 5789 videtur
1508 5735 1646 5802 υἱοῦ,
1674 5746 1725 5792 et
1752 5737 1914 5806 paulo
1956 5748 2100 5806 post,

613 5820 687 5856 ’ἢκ
749 5821 800 5856 υ.
833 5819 936 5856 non
973 5804 1218 5856 ὑπηκόῳ.
1246 5807 1700 5856 quemadmodum
1747 5818 1872 5856 ante
1904 5807 2098 5856 scribi-

538 5804 800 5875 ύπηκόου,
833 5819 936 5858 non
973 5804 1218 5875 ὑπηκόῳ,
1246 5807 1701 5874 quemadmodum
1747 5804 1872 5863 ante
1904 5804 2098 5864 scribi-

2206 4629 2358 4693 ζώων
2389 4631 2612 4696 ἱκεσίαν,
2664 4625 2751 4684 οἷα
2780 4631 2890 4685 ἐσθ’
2911 4633 3000 4686 ὅτε
3034 4634 3484 4705 προσφευγὸντων
3515 4629 3723 4698 ἀναιρεῖν.

2205 4722 2295 4793 Μὴ
2329 4723 2454 4776 εἴτι
2481 4723 2588 4776 τῶν
2624 4723 2881 4779 τοιούτων
2926 4720 3086 4796 ἦττόν
3146 4727 3313 4780 ἐστιν.
3373 4723 3584 4786 Οὐδενὸς
3631 4719 3724 4782 ἄξιε

2204 4813 2377 4869 ταῦτά
2407 4832 2471 4884 γε
2510 4816 2683 4878 εἴποις
2736 4817 2822 4870 ἄν.
2871 4816 3008 4869 Ἀλλ’
3041 4819 3070 4870 ὅ
3129 4835 3194 4886 γε
3247 4818 3334 4871 ἐπ’
3381 4818 3554 4880 αὐτοῖς
3598 4813 3724 4882 νόμος

2205 4906 2322 4959 ἐστὶ
2378 4908 2571 4978 μέγας,
2622 4909 2718 4964 καὶ¹
2779 4910 2958 4980 πάσης
3015 4911 3330 4982 ἐπιμελείας
3356 4911 3540 4974 αἴτιος,
3570 4908 3647 4962 καὶ
3680 4905 3720 4956 al

2207 4999 2540 5072 προρρήσεις
2569 5001 2821 5071 μεγάλαι,
2884 5002 2976 5056 καὶ
3028 5003 3160 5074 ἀραὶ
3211 5003 3356 5057 κατά
3395 5021 3454 5057 τε
3497 4998 3718 5068 ἐξωλείας,

2207 5208 2312 5264 tur,
2351 5201 2627 5270 γυναικός,
2677 5217 2783 5256 non
2816 5205 3050 5271 γυναικί.
3084 5202 3218 5258 Nam
3267 5202 3356 5257 hic
3389 5214 3616 5271 quoque,
3639 5191 3719 5271 «ir-5

2205 5266 2416 5343 κοινοῦ,
2465 5266 2893 5327 subaudiendum
2951 5285 3152 5343 putem.
3195 5266 3712 5343 ἐπιφημίσητρρφῄγ·

2279 5291 2416 5336 ινου,
2465 5291 2893 5353 suoautnenuutn
2951 5291 3152 5343 putem.
3195 5291 3496 5394 επιφτλμισῃ
3537 5291 3712 5342 1993:13-

2279 5342 2384 5412 (61)
2425 5344 2553 5396 Κάν
2597 5360 2722 5409 τοις
2765 5345 3032 5412 νομίμοις
3077 5346 3298 5409 αὐτοις.
3370 5343 3514 5396 lalnn
3561 5339 3619 5391 ab
3654 5335 3716 5411 hi?

2204 5413 2384 5466 verbis
2437 5428 2587 5466 novae
2635 5415 2836 5481 periodi
2895 5415 3215 5481 p-incipium
3271 5414 3485 5475 ducere,
3538 5413 3711 5463 tametsi

2203 5491 2350 5535 totus
2381 5483 2467 5536 hic
2499 5483 2648 5537 locus
2676 5484 2920 5538 nonnihil
2953 5485 3266 5539 decurtatus
3294 5484 3511 5537 videtur.

2278 5551 2384 5619 (62)
2420 5551 2688 5624 ‘Aréxsrr.
2721 5551 2814 5624 Hic
2839 5555 3048 5624 ἀνέχειν
3069 5564 3152 5609 est
3179 5553 3416 5624 ἀπέχειν,
3441 5550 3570 5623 quod
3590 5542 3715 5618 paulo

2206 5632 2329 5675 ante
2357 5630 2496 5682 erat,
2519 5622 2834 5691 ἀπέχεσθαι.
2937 5622 2966 5624 ﬁ
3287 5622 3317 5624 ⁷-
3461 5622 3466 5623 ⁷
3672 5682 3680 5691 .

2278 5691 2384 5761 (65)
2414 5692 2680 5769 Νεκρςλῖηθ1
2727 5691 2874 5769 Lege
2904 5694 3160 5769 νεκρούς,
3187 5694 3270 5748 vel
3309 5692 3353 5747 si
3380 5693 3567 5769 _véxuv,
3599 5691 3646 5769 ut
3669 5697 3714 5769 tu

2205 5777 2502 5829 manUSCF-t
2528 5763 2707 5826 αὺτοῖς
2733 5761 2876 5835 (ιυὸά
2909 5761 3153 5837 sequitur
3179 5764 3482 5820 mutandum
3508 5761 3553 5813 in
3580 5761 3710 5819 αῠτῳ-
