3838 6384
531 368 664 457 σοι

1183 373 1460 431 ECSEBII
1498 375 1607 431 CxE
1618 376 1982 434 SARlENSlS
2002 381 2107 444 ,ΟΡ

2214 383 2392 441 PARS
2424 384 2490 440 Π.
2530 417 2599 426 -
2637 383 3155 443 APOLOGEIICA.
3669 383 3756 439 608

539 491 689 561 quis,
717 504 907 547 sacras
935 491 1083 563 leges
1113 493 1293 562 palam
1325 495 1588 561 reeitans,
1616 512 1808 554 omnes
1835 499 2108 570 sigillatim

2215 504 2309 556 καὶ
2327 503 2622 574 γεωργίας,
2657 501 2857 554 λαϐεῖν.
2931 499 3104 563 Ἐπεὶ,
3141 497 3194 551 τί
3244 496 3452 551 ἐκώλυε
3507 497 3634 567 7:9”;
3683 501 3755 552 τοῦ

537 592 797 652 exponat,
828 584 1002 638 donec
1031 584 1139 638 alta
1174 583 1282 650 iam
1320 600 1547 656 vespera
1577 587 1866 644 discedant
1892 593 2111 647 univer-

537 673 623 741 si,
654 683 768 730 tum
802 675 1114 730 divinorum
1146 678 1529 734 mandatorum
1565 680 1817 737 instructi
1842 685 2112 754 cognitio-

535 779 628 828 ne,
682 774 797 820 tum
847 766 1010 820 etiam
1061 769 1354 824 admodum
1389 770 1590 840 pietate
1633 775 1802 830 aucti.
1852 774 2110 846 Nunquid

537 853 646 909 hoc
697 856 892 926 quovis
935 857 1100 911 studii
1132 873 1331 929 genere
1377 862 1554 931 magis
1595 864 1693 918 tibi
1739 867 2110 922 necessarium

520 948 793 1016 lvidetnr?
840 948 1132 1006 Enimvero
1181 967 1359 1008 causa:
1417 955 1555 1009 nihil
1602 964 1711 1024 est,
1755 959 2112 1028 quamobrem

517 1042 674 1111 uistos
707 1044 886 1114 legum
936 1057 1284 1105 enarratores
1329 1049 1396 1105 de
1443 1049 1609 1104 rebus
1657 1051 1878 1119 agendis
1913 1065 2112 1106 consu-

518 1133 672 1202 lant,
718 1150 954 1204 quorum
997 1148 1056 1192 ut
1089 1140 1367 1209 responsis
1416 1149 1660 1205 careant,
1715 1141 1851 1195 nihil
1896 1150 2110 1209 tamen,

537 1226 623 1280 vel
669 1227 812 1296 apud
849 1243 910 1282 se
943 1246 1208 1300 unquam,
1240 1248 1428 1288 carum
1464 1233 1802 1303 ignoratione
1827 1249 2110 1304 perperam

516 1317 850 1374 .molientnr.
885 1319 1276 1393 Quemcunque
1320 1325 1466 1380 enim
1511 1324 1756 1395 ipsorum
1808 1327 2113 1396 appellave-

535 1409 650 1476 ris,
688 1425 753 1465 ac
786 1411 852 1466 de
884 1413 1077 1482 patriis
1129 1415 1393 1472 institutis
1433 1429 1784 1488 percontatus
1809 1421 1940 1486 eris,
1985 1435 2110 1474 cum

531 1502 865 1572 respondere
909 1520 1006 1574 per
1068 1521 1190 1562 sese
1233 1508 1522 1562 commode
1576 1523 1641 1563 ac
1686 1506 1846 1563 facile
1890 1509 2119 1579 poterit,

534 1601 650 1646 tum
687 1593 959 1663 ejusmodi
993 1612 1127 1653 sane
1159 1598 1456 1665 videbitur,
1495 1600 1588 1670 qui
1621 1616 1717 1655 seu
1748 1600 1832 1654 vir
1861 1616 2110 1666 uxorem,

533 1699 632 1738 seu
690 1685 894 1741 liberos
945 1696 1115 1756 pater,
1165 1705 1260 1744 seu
1324 1689 1560 1747 famulos
1605 1692 1886 1756 dominus,
1932 1691 2117 1762 legum

531 1776 756 1831 notione
829 1777 1124 1835 informare
1191 1791 1376 1852 queat.
1436 1781 1558 1839 lam
1627 1783 1847 1854 septimi
1892 1798 2112 1854 quoque

2213 594 2346 648 Θεοῦ
2377 594 2469 646 ἐπὶ
2495 593 2587 647 τοῦ
2618 593 2953 664 παραθέντος
2982 603 3008 632 ι
3035 590 3186 654 έτους
3219 588 3386 660 αὐτὴν
3411 588 3754 659 προεκδοῦναι,

2212 686 2304 740 καὶ
2335 686 2484 757 παρὰ
2515 685 2622 739 τῶν
2651 685 3029 757 ἐργαζομένων
3065 683 3156 736 τὸν
3178 683 3400 737 ἐκείνων
3426 683 3455 721 δ
3492 683 3646 752 φόρον
3685 685 3754 737 τό]

2213 775 2364 838 ἔτους
2391 774 2652 844 ὲκλέγεινς
2683 774 2818 838 ἀλλ’,
2851 772 3038 844 ὥσπερ
3080 771 3236 842 ἔφην,
3291 772 3413 825 κατ’
3441 769 3627 823 οὐδένα
3660 772 3756 843 τρόο

2213 852 2467 930 «omnes:
2487 867 2594 939 (69)
2610 867 2720 921 τῶν
2733 866 3007 930 τοιούτων,
3027 865 3270 937 προνοίᾳ,
3276 864 3367 936 μοὶ
3383 863 3553 924 δοκεῖ,
3569 863 3657 934 τῆς
3675 865 3756 933 χὼ-

2217 976 2335 1031 ρας,
2365 959 2694 1028 ἐκδέχονται.
2748 959 2858 1028 Τῆς
2917 957 2974 1009 δὲ
3032 955 3442 1027 φιλανθρωπίας
3488 952 3657 1006 αὐτῶν
3684 955 3754 1006 καὶ

2212 1052 2368 1104 τοῦτο
2402 1051 2563 1122 μέγα,
2617 1050 2691 1114 ὡς
2737 1049 2973 1119 ἀληθῶς,
3010 1050 3256 1118 σημεῖονο
3300 1047 3456 1100 Ἐπεὶ
3501 1045 3606 1117 γὰρ
3635 1046 3754 1100 αὐτοὶ

2211 1139 2324 1193 τῶν-
2346 1140 2520 1211 ἔργων
2566 1138 2772 1192 ἐκείνου
2814 1137 2906 1190 τοῦ
2940 1137 3093 1201 ἔτους
3123 1137 3396 1207 ἀνέχουσι,
3423 1137 3550 1198 τοὺς
3577 1137 3755 1204 γινομέ-

2213 1252 2334 1298 νους
2375 1233 2618 1304 καρποὺς
2645 1232 2743 1285 οὐκ
2775 1231 2976 1284 οἴονται
3005 1229 3112 1282 δεῖν
3142 1228 3440 1298 συλλέγειν,
3468 1228 3573 1281 οὐδ’
3605 1229 3755 1281 ἀποτί-

2215 1325 2423 1388 θεσθαι,
2462 1322 2536 1395 μὴ
2586 1325 2649 1376 ὲκ
2673 1322 2782 1374 τῶν
2805 1320 3018 1375 οἰκείων
3052 1321 3231 1374 πόνων
3272 1320 3563 1390 περιόντας
3591 1320 3752 1383 αὐτοῖς·

2212 1414 2347 1480 ἀλλ’,
2399 1414 2495 1468 ἆτε
2545 1412 2638 1466 τοῦ
2671 1411 2806 1466 Θεοῦ
2863 1411 3270 1486 παρεσχηκότος
3317 1411 3526 1472 αὐτοῖς,
3555 1409 3755 1477 ἀνιείσης

2212 1508 2298 1560 ἐπ’
2331 1505 2634 1576 αὐτομάτου
2682 1505 2783 1574 τῆς
2832 1505 2956 1575 γῆς,
2989 1504 3113 1566 τοὺς
3152 1501 3516 1572 βουλομένους
3548 1500 3755 1569 ἣδεομέ-

2213 1614 2334 1660 νους
2363 1595 2471 1650 τῶν
2498 1613 2556 1648 τε
2589 1595 2885 1665 ὁδοιπόρων
2919 1594 3013 1646 καὶ
3063 1591 3170 1646 τῶν
3215 1591 3394 1646 ἄλλων
3423 1588 3625 1654 ἀξιοῦσι
3649 1589 3754 1660 μετᾶ

2211 1689 2394 1752 ἀδείας
2431 1686 2682 1758 χρῆσθαι.
2740 1688 2850 1740 Καὶ
2885 1685 3011 1755 περὶ
3045 1685 3142 1755 μὲν
3196 1682 3406 1736 τούτων
3461 1682 3578 1744 ἃλις
3607 1681 3755 1733 σοι-τὸ

2212 1779 2320 1851 γὰρ
2350 1782 2468 1842 ταῖς
2527 1778 2780 1849 ἑϐδόμαις
2834 1778 2934 1850 ἤδη
2986 1776 3077 1830 τὸν
3134 1775 3298 1846 νόμον
3355 1775 3543 1837 αὐτοῖς
3577 1773 3752 1842 στῆσαι,

534 1867 667 1922 anni
721 1868 900 1925 facilis
950 1879 1006 1925 et
1060 1873 1313 1942 expedita
1363 1875 1506 1930 ratio
1559 1883 1664 1941 est,
1708 1874 1924 1929 tametsi
1969 1873 2108 1928 forte

2213 1870 2381 1924 ταῦτα
2409 1867 2520 1942 (70)
2551 1870 2650 1922 οὐκ
2681 1868 2746 1922 ἂν
2768 1869 2868 1940 ἐμὲ
2888 1868 3238 1938 ἀπαιτήσαις,
3277 1864 3411 1927 ἴσως
3442 1861 3642 1916 πολλῶν
3665 1863 3756 1914 πολ-

530 1959 839 2018 dissimilis.
885 1963 996 2019 Nec
1032 1967 1178 2020 eiiim
1218 1982 1306 2030 eo,
1359 1967 1821 2037 quemadmodum
1878 1967 2117 2036 septimo

529 2053 626 2108 illo
655 2054 764 2120 die,
798 2055 866 2109 ab
897 2056 1046 2110 omni
1076 2072 1238 2127 opere
1284 2069 1502 2125 vacant,
1541 2059 1632 2113 sed
1671 2068 1869 2113 terram
1897 2059 1950 2112 in
1979 2073 2115 2112 eon-

532 2155 850 2215 sequentem
877 2163 1080 2203 annum
1114 2151 1370 2215 otiosam,
1397 2150 1669 2204 uberioris
1701 2158 1993 2220 proventus
2015 2163 2110 2202 ex-

532 2239 892 2306 spectatione,
924 2241 1106 2309 jacere
1130 2245 1435 2312 patiuntur.
1469 2242 1698 2298 Multum
1726 2243 1872 2296 enim
1899 2243 1965 2296 ad
2003 2240 2107 2295 soli

527 2327 868 2385 feracitatem
916 2332 1179 2389 interesse
1220 2335 1484 2399 sentiunt,
1533 2343 1592 2387 ut
1646 2332 1944 2387 secundum
2002 2331 2109 2385 hoc

529 2421 732 2490 q'zietis
778 2422 1145 2491 intervallum,
1197 2435 1458 2495 sequente
1517 2426 1775 2493 deinceps
1815 2438 1961 2477 anno
2000 2422 2107 2476 coli

529 2507 714 2565 denuo
747 2511 992 2582 incipiat,
1023 2528 1129 2568 non
1160 2523 1340 2568 autem
1380 2523 1440 2568 ut
1471 2513 1688 2568 assidua
1718 2522 1771 2568 et
1805 2511 2104 2567 continenti

536 2603 787 2660 aratione
812 2605 1103 2662 laceretur.
1131 2604 1289 2673 Quod
1315 2608 1492 2676 ipsum
1518 2607 1585 2661 ad
1619 2621 1909 2676 corporum
1939 2606 2104 2659 etiam

2217 1963 2374 2026 λάκις
2435 1963 2529 2016 καὶ
2571 1961 2791 2034 ἰατρῶν,
2838 1963 2933 2015 καὶ
2961 1959 3316 2030 φυσιολόγων,
3367 1957 3466 2011 καὶ
3498 1956 3754 2026 φιλοσόφων

2215 2055 2470 2125 ἀκηκοότι
2502 2064 2524 2092 ο
2554 2055 2681 2126 περὶ
2705 2053 2796 2106 τοῦ
2823 2051 3047 2123 ἑϐδόμου
3079 2051 3365 2122 πρότερον,
3417 2049 3485 2120 ἣν
3509 2051 3609 2119 ἄρα
3628 2047 3753 2100 δύνα-

2218 2164 2308 2217 μιν
2341 2145 2454 2216 ἔχει
2484 2145 2618 2217 πρός
2645 2162 2703 2198 τε
2741 2145 2840 2216 τὴν
2888 2143 2996 2198 τῶν
3049 2144 3405 2214 συμπάντων,
3448 2142 3541 2196 καὶ⁵
3570 2142 3628 2213 δὴ
3651 2143 3755 2213 api;

2214 2239 2313 2311 τὴν
2339 2238 2680 2309 ἀνθρωπείαν
2715 2236 2895 2307 φύσιν.
2946 2229 3115 2301 Οὗτος
3137 2237 3166 2288 ό
3191 2239 3290 2307 τῆς
3315 2236 3550 2307 ἑϐδόμης
3579 2235 3709 2302 λόγος
3734 2253 3746 2283 ι

2214 2329 2463 2383 Τοσαῦτα
2500 2329 2646 2401 μὲνό
2671 2330 2865 2383 Φίλων·
2922 2330 3082 2400 ὅμοια
3127 2328 3172 2382 δ’
3204 2327 3356 2399 αὐτῷ
3401 2327 3497 2381 καὶ
3538 2325 3753 2395 Ἰώσηιως

2215 2423 2416 2491 ἱστορεῖ
2438 2422 2496 2473 ὲν
2525 2420 2762 2493 δευτέρῳ
2797 2421 3208 2492 συγγράμματι,
3230 2413 3308 2474 ὧν
3321 2420 3610 2490 πεποίηται
3639 2420 3744 2484 Περι

2210 2511 2322 2579 τῆς
2342 2531 2457 2566 των
2480 2512 2790 2567 Ἰουδαίων
2811 2515 3226 2583 ἀρχαιότητος,
3247 2512 3444 2566 τοῦτον
3465 2512 3670 2583 γράφων
3683 2509 3752 2562 καὶ

2208 2605 2368 2670 αὐτὸς
2393 2605 2484 2660 τὸν
2515 2606 2735 2677 τρόπον.

536 2697 852 2754 firmitatem
888 2709 942 2754 et
985 2700 1152 2755 robur
1196 2700 1377 2755 valere
1445 2700 1852 2771 cognoscimus,
1897 2714 2020 2752 cum
2091 2712 2187 2752 eas
2223 2699 2679 2767 intermissiones,
2728 2708 2782 2754 et
2822 2715 2854 2755 a
2891 2698 3224 2770 quotidianis
3275 2697 3646 2755 inunctionibus
3679 2713 3750 2751 va-

533 2787 802 2854 cationes,
859 2805 965 2843 non
1020 2799 1234 2845 tantum
1293 2789 1620 2845 valetudinis
1682 2806 1847 2845 causa
1912 2790 2104 2844 medici
2146 2790 2469 2860 praecipiant
2521 2807 2536 2845 :
2607 2790 2752 2861 quod
2789 2792 3084 2847 assiduitas
3112 2792 3292 2846 omnis
3327 2807 3398 2847 ac
3428 2801 3665 2863 perpetua
3689 2791 3748 2845 si-

527 2879 804 2945 militudo,
835 2895 899 2934 ac
926 2883 1225 2950 praesertim
1266 2897 1516 2952 operum,
1585 2882 1898 2936 detrimenti
1967 2880 2172 2950 aliquid
2214 2881 2408 2938 aﬂ'erre
2453 2883 2817 2939 consueverit.
2865 2883 3043 2954 Atque
3086 2892 3145 2938 ut
3186 2881 3436 2954 ipsorum
3473 2885 3646 2939 hocin
3678 2899 3746 2954 ge-

527 2988 657 3027 nere
691 2973 980 3027 consilium
1032 2985 1355 3044 argumento
1397 2975 1631 3030 certiore
1700 2981 1956 3028 constet:
1991 2975 2221 3028 exsistat
2286 2975 2427 3030 forte
2463 2991 2576 3031 non
2641 2991 2823 3042 nemo,
2883 2976 2980 3047 qui
3026 2992 3173 3030 anno
3218 2979 3486 3048 septimo,
3534 2988 3586 3034 et
3623 2992 3744 3033 suam

527 3063 637 3118 illis
669 3064 980 3134 ipsisagris
1017 3066 1190 3120 multo
1254 3082 1416 3135 quam
1454 3076 1580 3120 ante
1645 3065 1959 3140 diligentius
2029 3067 2270 3122 colendis
2336 3081 2584 3137 operam,
2619 3077 2674 3122 et
2702 3085 2881 3124 messe
2924 3078 3102 3126 tamen
3147 3070 3359 3140 integra
3402 3086 3522 3126 sese
3559 3070 3618 3124 iis
3652 3083 3745 3124 ces-

528 3171 717 3211 surum
752 3155 1110 3224 polliceatur:
1154 3157 1297 3210 hanc
1326 3156 1402 3208 illi
1431 3156 1798 3210 conditionem
1831 3170 2109 3226 nunquam
2151 3156 2478 3224 acceperint,
2511 3155 2712 3226 quippe
2774 3157 2868 3227 qui
2901 3173 2933 3212 a
2963 3159 3241 3214 laboribus
3311 3160 3418 3218 soli
3456 3175 3633 3213 vacare
3668 3171 3745 3210 no-

527 3249 629 3302 lint
669 3248 835 3321 (quod
886 3249 1159 3313 tamengsi
1207 3248 1468 3312 facerent,
1520 3246 1716 3300 mirum
1767 3244 1968 3298 nemini
2037 3244 2159 3313 jure
2231 3245 2548 3315 videretur),
2595 3246 2689 3301 sed
2735 3247 2914 3316 ipsum
2955 3264 3174 3319 quoque
3219 3251 3400 3305 solum
3447 3250 3504 3304 in
3549 3250 3745 3319 aliquam

527 3341 871 3396 induciarum
946 3340 1255 3410 quietisque
1311 3347 1518 3409 partem
1563 3337 1868 3392 vocandum
1923 3336 2256 3404 existiment,
2318 3348 2377 3392 ut
2447 3353 2645 3392 novum
2680 3338 2936 3409 deinceps
2969 3343 3200 3396 cultura:
3262 3343 3507 3398 laborem
3565 3341 3746 3398 suavius

527 3435 856 3504 faciliusque
901 3435 1156 3503 patiatur.
1203 3433 1338 3489 Nam
1368 3434 1414 3489 si
1451 3450 1513 3488 ea
1541 3447 1707 3489 causa
1768 3448 1877 3487 non
1942 3432 2185 3495 suberat,
2227 3432 2454 3501 quidni,
2501 3448 2598 3503 per
2644 3432 2824 3489 Deum.
2859 3435 3257 3500 immortalem,
3317 3437 3498 3493 solum
3539 3436 3632 3490 hoc
3653 3434 3745 3489 aliis

525 3531 809 3598 superiore
837 3545 982 3584 anno
1013 3530 1273 3592 locarent,
1319 3538 1484 3600 atque
1516 3530 1585 3584 ab
1616 3530 1794 3600 Operis
1854 3536 2028 3583 totum
2087 3527 2239 3581 illum
2301 3527 2689 3597 consequentis
2751 3527 2990 3583 fructum
3009 3543 3062 3584 et
3084 3541 3420 3601 proventum
3445 3528 3744 3602 acciperent?

526 3624 686 3696 361
729 3622 1019 3690 Nimirum,
1053 3637 1150 3693 pro
1188 3639 1250 3677 ea
1299 3623 1497 3687 solum,
1539 3630 1600 3676 nt
1642 3629 1769 3677 ante
1797 3621 1944 3688 dixi,
1995 3635 2103 3690 qua
2141 3627 2344 3674 terram
2379 3619 2550 3689 ipsam
2585 3630 3031 3693 prosequuntur,
3093 3637 3224 3677 cura
3291 3639 3359 3678 ac
3390 3625 3601 3689 studio,
3641 3622 3741 3677 nihil

529 3719 748 3782 borum,
780 3723 840 3770 ut
866 3715 998 3770 mihi
1029 3716 1248 3786 quidem
1305 3716 1542 3780 videtur,
1576 3716 1688 3770 ullo
1713 3716 1876 3770 modo
1941 3715 2170 3786 probare
2207 3721 2460 3782 possunt.
2512 3713 2591 3767 Ae
2620 3715 2951 3784 praecipuum
3003 3714 3280 3784 quoddam
3317 3715 3452 3769 illud
3480 3724 3597 3781 est,
3627 3712 3738 3784 quod

528 3810 781 3878 sequitur
808 3850 824 3876 ,
876 3824 1070 3864 eorum
1132 3809 1488 3866 humanitatis
1533 3809 1944 3864 documentum.
2021 3807 2291 3875 Quoniam
2357 3806 2502 3860 enim
2540 3809 2771 3877 septimo
2835 3807 2927 3862 illo
2959 3821 3104 3860 anno
3137 3807 3477 3867 vacaverint.
3525 3822 3632 3877 qua
3669 3818 3737 3874 per

524 3917 650 3959 sese
674 3904 856 3974 fruges
882 3904 1209 3970 exstiterint,
1239 3919 1332 3960 eas
1375 3904 1512 3971 sibi,
1543 3903 1688 3975 quod
1720 3903 1880 3983 nullo
1930 3919 2031 3958 suo
2083 3901 2269 3956 labore
2336 3902 2704 3970 provenerint,
2734 3917 2834 3957 nec
2861 3901 3139 3955 metendas
3166 3900 3290 3970 ipsi,
3325 3916 3429 3958 nec
3489 3899 3738 3955 reconden-

526 3993 628 4052 das
653 3996 1025 4051 arbitrantur:
1051 3996 1145 4051 sed
1172 3997 1368 4051 divinae
1424 3997 1746 4068 benignitati
1809 3997 2175 4051 voluntarium
2216 3995 2362 4050 hunc
2397 4003 2554 4050 terra:
2583 4004 2796 4064 partum
2847 3994 3188 4064 assignantes
3213 4031 3228 4056 ,
3258 3991 3510 4062 quemvis
3550 4006 3640 4050 eo,
3669 4002 3739 4042 seu

526 4090 704 4146 viator
731 4089 837 4154 ille,
872 4105 965 4143 seu
997 4089 1222 4160 quilibet
1248 4089 1387 4145 alius
1423 4090 1604 4156 fuerit,
1635 4105 1732 4159 pro
1799 4090 2025 4145 arbitrio
2089 4088 2176 4143 vel
2215 4087 2396 4158 inopia
2427 4102 2619 4142 secure
2652 4086 2728 4140 uti
2774 4086 3004 4140 libenter
3030 4086 3257 4140 omnino
3289 4087 3582 4156 patiuntur.
3613 4083 3669 4137 At
3690 4083 3738 4136 de

526 4185 616 4240 his
686 4185 848 4239 modo
917 4186 1071 4241 satis.
1121 4183 1255 4239 Nam
1289 4184 1436 4254 quod
1490 4185 1589 4240 ista
1640 4187 1724 4241 lex
1770 4185 1823 4238 in
1879 4187 2168 4256 septimum
2209 4197 2479 4253 quemque
2527 4181 2666 4235 diem
2713 4179 3060 4250 petissimum
3105 4181 3438 4248 imperarit,
3485 4177 3631 4246 hujus
3677 4171 3733 4226 rei

523 4290 772 4342 causam,
799 4278 1011 4347 opinor,
1043 4293 1109 4333 ex
1142 4294 1226 4333 me
1256 4295 1363 4333 non
1394 4281 1662 4350 requiras,
1693 4281 1783 4350 qui
1818 4281 1954 4335 forte
2020 4281 2133 4350 jam
2174 4296 2204 4335 a
2232 4279 2476 4349 pluribus
2510 4275 2592 4329 vel
2623 4276 2871 4342 medicis,
2925 4275 3009 4330 vel
3062 4275 3415 4346 physiologis,
3466 4273 3542 4326 vel
3601 4269 3737 4340 philo.

525 4371 716 4439 sophis
745 4371 1406 4439 szepenumerolaudieris,
1438 4384 1678 4442 quantus
1752 4389 2012 4428 numerus
2070 4375 2172 4429 iste
2210 4370 2548 4442 septenarius
2588 4385 2712 4426 cum
2763 4370 2819 4424 in
2863 4378 3183 4424 cancrorum
3233 4369 3505 4430 omnium,
3556 4373 3651 4417 tum
3696 4359 3736 4412 in

524 4458 768 4517 hominis
798 4478 1014 4533 quoque
1045 4474 1294 4519 naturam
1325 4464 1470 4520 vires
1533 4465 1793 4519 obtineat.
1828 4463 1953 4519 Haec
1981 4466 2145 4536 igitur
2186 4463 2406 4520 Sabbati
2432 4463 2572 4518 ratio
2602 4463 2722 4518 fuit.
2765 4481 2784 4514 ι
2816 4461 2995 4532 Atque
3058 4460 3323 4514 hactenus
3355 4457 3527 4513 Philo.
3555 4452 3735 4510 Gemina

525 4561 676 4620 sntit,
709 4569 832 4625 quas
858 4555 996 4609 libro
1032 4554 1109 4608 De
1158 4555 1472 4609 Judworum
1523 4558 1841 4629 antiquitate
1869 4560 2109 4615 secundo
2146 4557 2414 4628 Josephus
2449 4558 2536 4613 his
2561 4557 2741 4613 verbis
2775 4561 3188 4610 commemorat.

1119 4647 1350 4703 CAPUT
1388 4648 1522 4704 Vlll.
1969 4637 1971 4640 ’

2737 4645 3136 4703 ΚΕΦΑΛΑΙΟΝ
3175 4647 3257 4700 H'.

685 4739 766 4793 Ea:
790 4740 1019 4810 Josepho
1048 4742 1113 4795 de
1141 4740 1391 4797 Mosaith
1434 4742 1735 4812 reipublicw
1763 4743 1955 4811 forma.

2223 4743 2521 4810 Ἰωσήπου
2588 4742 2698 4814 (71)
2741 4739 2870 4808 περὶ
2919 4740 3026 4795 τοῦ
3076 4739 3225 4794 κατὰ
3252 4736 3470 4794 Μωσέα
3507 4731 3730 4790 amittati-

2890 4827 3099 4880 ματος.

2288 4927 2306 4958 ι
2330 4906 2426 4970 Τίς
2459 4906 2504 4960 δ’
2531 4901 2600 4977 ἦν
2640 4905 2668 4958 ὁ
2725 4904 2960 4974 μάλιστα
3009 4903 3360 4976 κατορθώσας
3393 4903 3514 4966 τοὺς
3558 4897 3728 4968 νόμους.

2211 4998 2306 5051 καὶ
2336 4999 2434 5068 τῆς
2455 4997 2800 5068 δικαιοτάτης
2831 4994 2943 5066 (72)
2979 4995 3107 5067 περὶ
3139 4995 3228 5049 τοῦ
3251 4995 3386 5050 Θεοῦ
3418 4994 3630 5052 πίστεως
3648 4987 3736 5038 ὲπιο

599 4900 752 4956 «Ιιιιιι
781 4918 928 4966 vero,
971 4904 1147 4973 inquit
1185 4904 1292 4968 ille,
1326 4904 1418 4974 qui
1485 4904 1700 4959 tandem
1735 4918 1800 4957 ex
1845 4903 2101 4958 omnibus

519 5003 577 5050 et
626 4994 1073 5064 perfectissimam
1111 4997 1288 5066 legum
1340 4999 1609 5051 rationem
1661 4996 2002 5060 instituerit,
2051 5007 2105 5050 et

560 5123 708 5182 ιγρη
749 5112 1130 5184 παρελθόντος.
1211 5111 1238 5151 δ
1279 5112 1362 5166 ῑσ.
1392 5111 1623 5165 ἐκείνου.
1707 5123 1730 5150 ο
1768 5129 1888 5182 γρ..
1930 5111 2203 5182 ἀκηκοὼς.

2204 5225 2494 5296 τυγχάνειν
2539 5225 2699 5288 τινός,
2732 5224 2813 5278 vel
2846 5225 2972 5296 περί
3014 5241 3177 5288 τινος,
3209 5234 3291 5278 est
3321 5223 3598 5296 conjectura
3623 5235 3727 5296 asst-

2206 5292 2457 5367 quifrem
2492 5306 2725 5369 tangere,
2758 5295 2901 5364 quod
2923 5292 3097 5348 etiam
3128 5292 3502 5369 ἐπιτυγηχᾲνειν
3529 5292 3725 5369 absolute

2206 5358 2408 5422 dicitur
2445 5382 2458 5418 :
2499 5358 2737 5430 Gallice,
2775 5358 3097 5438 'rcncontrer.
3149 5358 3428 5438 Plutarch.
3464 5365 3513 5416 in
3545 5358 3723 5438 Ρςξὶίζε,

2204 5439 2297 5492 ubi
2333 5438 2399 5491 de
2431 5445 2644 5490 ostento
2674 5437 2908 5504 quodam
2943 5437 3263 5504 explicando
3287 5435 3518 5502 loquitur
3546 5448 3556 5483 :
3594 5431 3721 5504 Ἐκφ-

2204 5507 2296 5560 λυε
2343 5507 2387 5559 δ’
2410 5507 2582 5578 οὐδὲν,
2619 5497 2710 5578 xui
2725 5507 2815 5578 τὸν
2839 5497 3062 5578 φυσικόν
3084 5497 3492 5578 ἐπιτυγχάνειν-,⁸
3537 5501 3614 5555 καὶ
3645 5497 3722 5578 ,τόν

2207 5579 2418 5648 μάντιν·
2468 5575 2561 5630 τοῦ
2609 5577 2728 5648 ps1
2745 5577 2842 5647 τὴν
2873 5576 3071 5640 αἰτίαν,
3106 5576 3201 5629 τοῦ
3243 5574 3297 5628 δὲ
3327 5574 3561 5648 τὸτέλος
3587 5574 3723 5648 itaita;

2204 5645 2655 5718 ἐκλαμϐάνοντος.
2690 5645 2829 5700 Fieri
2859 5656 3037 5718 autem
3070 5656 3302 5716 poterat,
3337 5645 3408 5700 uti
3436 5657 3482 5699 et
3513 5645 3719 5718 physicus

2203 5733 2255 5773 et
2280 5710 2427 5774 vales
2460 5735 2569 5772 rem
2599 5710 2920 5787 attingerent
2943 5726 2958 5788 ς
2965 5710 3166 5772 Gallice
3199 5710 3716 5788 rencontrasientbigﬂi

2203 5793 2374 5846 altero
2429 5790 2504 5844 rei
2561 5775 2818 5851 causam,
2869 5775 3037 5844 altero
3089 5788 3247 5844 linem
3297 5787 3598 5856 assignante.
3644 5775 3718 5832 ibt“

494 5234 502 5244 '
591 5225 706 5297 ,(69)
747 5227 917 5284 esse.
952 5229 1079 5297 Leg.
1109 5227 1265 5297 οὐδὲν
1291 5237 1412 5278 cum
1441 5224 1536 5282 alt.
1572 5241 1855 5283 manuscr.

592 5228 706 5296 .69)
747 5228 917 5284 Οῠδέ.
952 5229 1079 5297 Leg.
1114 5228 1265 5280 οὐδὲν
1291 5237 1412 5278 cum
1441 5228 1536 5282 alt.
1572 5241 1855 5283 manuscr.

592 5228 706 5368 £70)
737 5297 984 5366 Στῆσαι,
1018 5296 1222 5352 ταῦτα.
1251 5297 1535 5366 Conjnngo
1564 5301 1664 5360 sic,
1693 5298 1885 5368 στῆσαι
1911 5296 2101 5353 ταῦτα.

523 5366 619 5440 {ist
644 5366 824 5440 autem
860 5368 1038 5440 brevis
1067 5378 1120 5423 et
1148 5369 1325 5423 Attica
1353 5371 1528 5440 oratio
1562 5386 1575 5422 :
1608 5384 1706 5440 pro
1740 5366 1825 5438 ἐφ’
1855 5370 1962 5440 ὅτῳ
1994 5369 2102 5440 γὰρ

525 5436 668 5509 ἆνλτ.
699 5439 743 5490 έ.
776 5439 829 5509 ἦ.
865 5437 1299 5509 όᾼνόμοςαὺτοῖς
1334 5438 1526 5509 στήσαι
1559 5438 1748 5491 ταῦτα.

597 5507 710 5577 (71)
754 5507 1058 5574 Ἰωσήπου.
1087 5508 1268 5562 Locus
1317 5507 1674 5578 llic—Josepbi
1717 5518 1894 5564 exstat
1936 5509 2032 5564 lib.
2065 5524 2101 5562 ll

526 5587 710 5648 cantra
739 5577 1013 5647 Apionem,
1049 5594 1170 5648 pag.
1206 5579 1336 5632 ΜΗ
1371 5580 1502 5635 edit.
1537 5577 1879 5636 Grirco—Lat.

599 5647 708 5720 (72)
737 5649 845 5720 Kal
876 5648 986 5716 τῆς
1034 5647 1432 5716 δικαιοτάτης,
1475 5661 1578 5704 etc.
1610 5648 1807 5720 Excus.
1854 5650 2100 5720 Joseph.,

528 5720 622 5770 καὶ
655 5719 737 5781 τίς
769 5718 1134 5790 όδικαιότατα
1161 5721 1287 5784 περὶ
1321 5722 1417 5789 τῆς
1450 5720 1542 5773 τοῦ
1572 5721 1634 5774 Θ.
1659 5719 1946 5790 lnterprcs,
1972 5718 2102 5774 nhs-

527 5790 738 5857 curius,
767 5787 870 5854 Qui
894 5789 1191 5858 justissima
1219 5792 1279 5844 de
1315 5787 1409 5844 Dei
1437 5791 1541 5859 ﬁde
1569 5787 1921 5862 cognoverint.
1962 5793 2107 5845 Ἑπι-
