3838 6384
444 332 552 390 615

1089 327 1359 385 EUSEBII
1399 327 1899 385 CASSARIENSIS
1937 326 2091 386 OPP.
2131 327 2319 384 PARS
2357 327 2418 382 ll.
2471 356 2540 368 ——-
2577 323 3077 383 APOLOGETICA.

3625 329 3751 384 '6l6

449 439 657 512 aliquid
703 452 891 494 earum
945 434 1276 492 labefactare
1318 446 1632 503 conantur,
1688 452 1718 490 a
1769 436 2034 503 singulari

2194 437 2245 510 ip
2282 438 2512 492 ἐπόπται
2548 438 2765 492 πάντων
2791 437 2886 492 καὶ
2913 437 3165 491 δικασταὶ
3191 437 3302 491 τῶν
3354 439 3751 513 ἀμφισϐητου-

448 530 750 602 prudentia:
783 529 834 584 vi
857 527 1186 597 solertiaquc
1214 527 1624 583 commendant.
1661 525 1773 582 Nos
1799 535 1991 582 contra
2020 567 2035 592 ,

448 639 616 678 unam
649 624 791 678 hanc
822 631 877 678 et
906 622 1274 692 prudentiam,
1305 629 1359 675 et
1390 621 1646 674 virtutem
1675 635 1797 675 esse
1840 619 2039 674 statui-

447 729 595 783 mus,
628 715 765 769 nihil
795 717 1021 769 omnino
1052 715 1199 784 quod
1225 729 1350 768 cum
1397 713 1609 784 legibus
1641 721 1767 767 ante
1813 711 2041 767 sancitis

448 822 674 878 quoquo
725 806 892 861 modo
941 814 1162 877 pugnet,
1215 813 1312 860 aut
1365 806 1642 871 invehere,
1690 814 1785 860 aut
1835 803 2037 859 moliri.

448 902 608 970 Quod
639 917 773 957 sane
799 910 1124 971 argumento
1147 900 1456 955 certissimo
1486 910 1588 963 est,
1619 899 1822 970 optime
1851 900 2043 954 condi-

452 1007 568 1048 tam
604 994 748 1048 hanc
779 993 951 1048 fuisse
987 992 1182 1063 legem.
1216 991 1350 1058 Quae
1385 991 1533 1047 enim
1586 1008 1746 1047 secus
1795 993 2041 1047 instituta

454 1096 605 1150 sunt,
635 1101 700 1141 ea
727 1100 855 1140 vero
880 1086 1220 1141 correctione
1250 1085 1512 1156 indigere,
1537 1086 1873 1156 experientia
1898 1101 2045 1140 com-

451 1179 738 1250 probatur.
772 1180 842 1234 At
872 1195 994 1242 nos,
1032 1179 1124 1248 qui
1161 1178 1305 1233 hanc
1335 1178 1569 1248 primum
1604 1178 1776 1248 legem
1806 1193 1873 1232 ex
1907 1177 2045 1231 divi-

451 1291 537 1331 nte
559 1274 859 1330 voluntatis
886 1274 1114 1329 arbitrio
1168 1274 1332 1328 latam
1363 1272 1532 1328 fuisse
1567 1273 1848 1328 credimus
1871 1315 1887 1340 ,
1922 1287 2044 1327 eam

452 1365 714 1436 deinceps
743 1366 948 1421 violare
996 1367 1115 1420 sine
1159 1364 1440 1435 impietate
1473 1382 1578 1418 non
1629 1380 1944 1434 possumus.
1981 1361 2048 1416 Et

450 1470 607 1523 vero,
641 1455 772 1526 quid
819 1456 1034 1511 tandem
1068 1463 1162 1509 aut
1194 1470 1258 1510 ex
1298 1471 1362 1509 ea
1404 1465 1618 1509 mutare
1664 1456 1795 1526 quis
1830 1454 2043 1525 possit,

453 1555 553 1601 aut
605 1547 920 1618 excogitare
968 1547 1186 1613 melius,
1224 1555 1320 1600 aut
1349 1545 1418 1600 ab
1466 1546 1590 1600 aliis
1633 1545 2048 1600 convenientius

456 1641 746 1696 mutuari?
797 1640 938 1694 Num
982 1639 1127 1694 forte
1172 1654 1344 1712 genus
1384 1638 1561 1710 ipsum
1610 1639 1824 1708 reipub.
1873 1649 2046 1692 totum

456 1732 818 1788 immutabit?
858 1733 927 1786 At
976 1732 1252 1801 quodnam
1279 1772 1295 1796 ,
1346 1730 1598 1794 obsecro,
1649 1730 1821 1800 possit
1864 1745 1930 1784 eo
1960 1731 2046 1785 vel

2144 531 2341 600 μένων,
2368 532 2461 585 καὶ
2490 531 2750 585 κολασταὶ
2794 529 2901 583 τῶν
2954 531 3422 603 κατεγνωσμένων
3469 534 3519 586 οι
3575 536 3752 604 ἱερεῖς

2142 622 2468 695 ἐτάχθησαν.
2505 623 2602 686 Τίς
2648 622 2713 676 ἂν
2767 618 2858 676 οῦν
2890 621 3033 693 ἀρχὴ
3096 623 3304 692 γένοιτο
3336 623 3544 696 ταύτης
3575 627 3752 678 ὁσιω-

2141 714 2310 788 τέρα;
2348 715 2445 778 Τίς
2474 714 2689 786 δὲ’τιμὴ
2736 713 2856 784 Θεῴ
2890 714 3088 784 μᾶλλον
3119 713 3476 785 ἁρμόζουσα;
3530 717 3752 780 παντὸς

2147 807 2246 879 μὲν
2277 807 2371 860 τοῦ
2438 806 2677 878 πλήθους
2724 807 3232 876 κατεσκευασμένου
3265 807 3400 878 πρὸς
3457 810 3562 880 τὴν
3589 809 3752 862 εὗσέ-

2145 899 2316 963 6ειαν,
2349 898 2624 970 ἐξαίρετον
2680 898 2737 950 δὲ
2789 899 2887 970 τὴν
2918 899 3234 968 ἐπιμέλειαν
3275 899 3380 952 τῶν
3409 900 3617 971 ἱερέων
3655 918 3754 953 πε-

2144 991 2538 1062 πιστευμένων,
2572 989 2762 1059 ὥσπερ
2820 988 2876 1040 δέ
2918 988 3107 1060 τελετή
3166 991 3282 1042 ἐστι
3337 991 3411 1061 (2)
3454 990 3566 1061 τῆς
3624 991 3754 1060 ῶης

2144 1081 2419 1144 πολιτείας
2469 1079 2942 1150 οἰκονομουμένης.
2986 1081 3057 1132 "A
3089 1079 3197 1152 γὰρ
3257 1081 3455 1150 ὀλίγων
3515 1083 3762 1154 ἡμερῶν

2143 1174 2376 1246 ἀριθμὸν
2399 1173 2811 1243 ἐπιτηδεύοντες
2851 1173 2975 1227 ἄλλο
3011 1173 3086 1243 (5)
3136 1172 3428 1242 φυλάττειν
3460 1175 3526 1227 οὐ
3553 1173 3750 1227 δύναν-

2144 1284 2256 1329 ται,
2295 1268 2568 1338 μυστήρια
2621 1265 2716 1319 καὶ
2761 1265 2981 1328 τελετὰς
3037 1265 3504 1337 ἐπονομάζοντες,
3571 1267 3761 1321 ταῦτα

2150 1359 2287 1430 μετὰ
2313 1359 2510 1429 πολλῆς
2538 1358 2728 1429 ἡδονῆς
2753 1359 2847 1410 καὶ
2877 1356 3102 1428 γνώμης
3141 1358 3479 1428 ἀμεταθέτου
3517 1358 3606 1428 (4)
3652 1377 3763 1427 φύει

2147 1449 2413 1520 λάττομεν
2436 1451 2598 1520 ἡμεῖς
2627 1449 2715 1502 διὰ
2741 1448 2832 1502 τοῦ
2865 1448 3063 1509 παντὸς
3085 1448 3298 1511 αἰῶνος.
3337 1448 3500 1512 Τίνες
3522 1444 3630 1502 οὖν
3684 1451 3763 1502 EL-

2150 1558 2234 1596 σιν
2266 1544 2320 1595 αἱ
2354 1543 2687 1614 προρρήσεις
2717 1541 2811 1594 καὶ
2841 1540 3269 1612 προαγορεύσεις
3301 1541 3410 1613 (5);
3464 1543 3685 1597 Ἀπλαῖ
3701 1561 3756 1596 τε

2149 1637 2243 1690 καὶ
2272 1633 2559 1705 γνώριμοι.
2589 1632 2787 1704 Πρώτη
2818 1633 2862 1685 δ’
2895 1635 3109 1704 ἡγεῖται
3141 1632 3215 1704 (6)
3247 1637 3278 1704 η
3313 1636 3442 1705 περὶ
3475 1635 3630 1689 Θεοῦ
3670 1637 3756 1689 λέ-

2149 1743 2340 1796 γουσα’
2387 1726 2519 1789 Θεὸς
2579 1725 2692 1796 ἔχει
2739 1726 2806 1778 τὰ
2841 1725 3151 1796 σύμπαντα,
3195 1729 3466 1799 παντελὴς
3496 1731 3602 1783 καὶ
3652 1750 3756 1802 μα-

457 1825 655 1880 melius
693 1823 777 1879 vel
818 1823 1036 1894 (equitis
1084 1823 1341 1889 institui,
1396 1817 1542 1894 quod
1598 1822 1766 1878 Deum
1817 1823 2037 1894 quidem

2194 1819 2352 1890 ἱιριος,
2381 1818 2540 1881 αὐτὸς
2569 1817 2745 1888 ἐαυτῷ
2778 1818 2872 1871 καὶ
2902 1821 3068 1871 πᾶσιν
3110 1820 3408 1892 αὐτάρκης,
3447 1823 3630 1895 ἀρχὴ,
3667 1826 3756 1877 καὶ

457 1933 640 1971 rerum
671 1917 1051 1972 universarum
1084 1915 1480 1971 moderatorem
1509 1916 1826 1981 constituat,
1858 1931 2047 1970 sacer-

452 2007 613 2064 dotes
649 2023 776 2063 vero
808 2009 880 2062 ita
904 2008 1136 2078 publica!
1169 2008 1535 2062 maximorum
1575 2007 1917 2076 negotiorum
1948 2007 2044 2060 ad-

455 2101 853 2157 ministrationi
902 2100 1164 2171 praeﬁciat
1191 2142 1206 2165 ,
1243 2108 1304 2153 ut
1335 2099 1441 2153 illis
1473 2099 1608 2169 ipsis
1665 2098 2044 2153 sacerdotibus

457 2211 736 2250 summum
771 2195 1015 2249 omnium
1066 2194 1378 2265 pontificem
1416 2208 1650 2261 prmesse
1685 2191 1862 2245 velit?
1895 2192 2044 2244 Adde

451 2288 601 2357 quod
635 2287 854 2341 eosdem
887 2287 958 2341 ab
991 2285 1111 2356 ipso
1137 2286 1250 2356 jam
1285 2284 1440 2338 initio
1467 2283 1766 2354 legislator,
1803 2299 1910 2337 nou
1948 2299 2045 2352 pro

455 2396 662 2436 census
709 2381 1106 2450 magnitudine,
1130 2385 1226 2434 aut
1265 2378 1498 2432 aliarum
1533 2374 1804 2446 ejusmodi
1833 2390 2039 2440 rerum,

457 2487 621 2542 quam
671 2469 888 2526 fortuna
933 2471 1222 2541 pepererit,
1280 2469 1463 2539 copia,
1516 2467 1569 2521 in
1618 2475 1768 2521 tanto
1820 2466 2044 2520 honoris

458 2564 626 2631 gradu
664 2563 919 2618 collocari
953 2561 1187 2616 voluerit
1215 2579 1230 2626 ;
1267 2560 1360 2615 sed
1396 2558 1464 2613 iis
1496 2559 1780 2623 duntaxat,
1810 2558 1901 2628 qui
1955 2574 2042 2614 se-

453 2671 585 2707 cum
615 2653 738 2709 aliis
764 2652 960 2723 partim
987 2651 1252 2706 orationis
1273 2651 1344 2717 vi,
1373 2651 1570 2720 partim
1596 2651 1757 2705 etiam
1791 2651 2046 2720 aequitate

458 2761 675 2800 morum
712 2743 1002 2810 anteirent,
1047 2743 1217 2798 divini
1250 2743 1434 2798 cultus
1467 2743 1762 2812 religiones
1798 2744 2045 2813 ritusque

459 2837 820 2891 commiserit.
859 2834 912 2890 ld
944 2837 1090 2906 quod
1141 2850 1272 2890 sane
1319 2835 1386 2889 ad
1431 2841 1743 2888 accuratam
1802 2843 1856 2890 et
1912 2834 2044 2905 legis

457 2929 655 2999 ipsius,
687 2937 739 2982 et
768 2928 1106 2998 reliquorum
1138 2926 1513 2981 institutorum
1549 2927 2040 2991 conservationem,

459 3022 703 3077 maxime
734 3020 1042 3091 pertinebat
1075 3038 1087 3073 :
1121 3033 1244 3073 cum
1273 3026 1326 3072 et
1356 3018 1554 3072 summi
1579 3017 1822 3072 omnium
1853 3019 2045 3087 quarsi-

459 3125 627 3180 tores,
671 3123 726 3168 et
767 3113 1264 3167 c0ntroversiarum
1294 3111 1540 3180 judices,
1575 3118 1628 3164 et
1660 3110 2039 3164 damnatorum

2147 1912 2308 1982 μέση,
2358 1911 2452 1964 καὶ
2477 1911 2628 1972 τέλος
2657 1911 2873 1964 πάντων
2893 1902 3069 1974 οὗτος·
3108 1911 3290 1982 ἔργοις
3322 1915 3419 1983 μὲν
3453 1917 3555 1967 καὶ
3588 1917 3755 1987 χάρι-

2144 2019 2228 2054 σιν
2283 2002 2537 2072 ἐναργὴς,
2587 2003 2680 2054 καὶ
2724 2002 2923 2066 παντὸς
2974 2004 3284 2057 οὑτινοσοῦν
3332 2006 3755 2078 φανερώτερος,

2147 2099 2359 2170 μορφὴν
2393 2098 2448 2152 δὲ
2476 2099 2566 2151 καὶ
2600 2098 2826 2168 μέγεθος
2850 2100 2979 2169 ἡμῖν
3015 2098 3403 2168 ἀφανέστατος.
3445 2103 3620 2156 Πᾶσα
3658 2106 3762 2175 μὲν

2143 2191 2243 2262 ῦλη
2269 2191 2406 2262 πρὸς
2435 2191 2618 2243 εἰκόνα
2648 2191 2746 2262 τὴν
2776 2191 2990 2252 τούτου,
3038 2191 3138 2246 κᾶν
3273 2193 3608 2267 πολυτελὴς,
3643 2197 3764 2250 ἄτυ-

2145 2301 2262 2356 μοςο
2285 2286 2433 2336 πᾶσα
2462 2283 2518 2334 δὲ
2547 2283 2708 2354 τέχνη
2742 2281 2878 2354 πρὸς
2913 2286 3198 2355 μιμήσεως
3224 2286 3468 2338 ἐπίνοιαν
3494 2287 3756 2358 ἄτεχνος·

2142 2375 2295 2427 οὐδὲν
2353 2375 2540 2444 ὅμοιον
2587 2373 2698 2426 οὔτ’
2731 2372 3076 2444 ἐπινοοῦμεν,
3131 2373 3242 2429 οὔτ’
3294 2376 3548 2441 εἰκάζειν
3606 2379 3758 2430 ἐστὶν

2141 2468 2310 2522 ὅσιον.
2340 2469 2518 2538 ’Ἔργα
2590 2465 2857 2536 βλέπομεν
2903 2465 3088 2526 αὑτοῦ,
3124 2465 3260 2535 φῶς,
3318 2467 3587 2536 οὐρανὸν,
3629 2467 3756 2536 γῆν,

2140 2558 2292 2628 ἥλιον
2325 2559 2418 2610 καὶ
2449 2557 2695 2630 σελήνην,
2763 2553 2930 2610 ὕδατα
2965 2557 3063 2626 (7),
3097 2556 3251 2621 ζώων
3304 2558 3586 2626 γενέσεις,
3619 2575 3762 2628 παρ-ν

2144 2648 2262 2701 πῶν
2292 2648 2592 2711 ἀναδόσεις.
2619 2647 2802 2701 Ταῦτα
2828 2650 2855 2700 ό
2886 2648 3019 2711 θεὸς
3051 2648 3306 2718 ἐποίησεν
3333 2648 3394 2700 ού
3427 2650 3666 2720 χερσὶν.
3701 2649 3758 2702 εὐ

2145 2738 2346 2801 πόνοις,
2389 2737 2450 2790 οῦ
2483 2756 2644 2790 τινων
2689 2737 3080 2809 ἐργασαμένων
3133 2737 3209 2808 (8)
3257 2737 3603 2808 ἐπιδεηθεὶς,

2139 2831 2311 2886 αὐτοῦ
2362 2831 2502 2886 καλὰ
2555 2830 2900 2901 θελήσαντος,
2949 2829 3128 2894 καλῶς
3174 2827 3244 2902 ἦν
3296 2831 3462 2894 εὐθὺς
3517 2832 3760 2902 γεγονό-

2143 2941 2211 2977 τα
2244 2923 2342 2993 (9).
2367 2922 2551 2993 Τούτῳ
2582 2923 2661 2975 δεῖ
2691 2923 2896 2986 πάντας
2920 2921 3251 2987 ἀκολουθεῖν,
3280 2924 3374 2976 καὶ
3409 2923 3761 2995 θεραπεύειν

2145 3015 2305 3068 αὑτὸν
2336 3014 2637 3076 ἀσκοῦντας
2664 3015 2884 3086 ἀρετήν·
2917 3015 3114 3086 τρόπος
3138 3013 3246 3086 γὰρ
3277 3013 3411 3067 Θεοῦ
3439 3014 3760 3086 θεραπείας

2144 3102 2300 3169 οὗτος
2326 3105 2635 3168 ὁσιώτατος.
2675 3100 2770 3168 Εἷς
2822 3105 2947 3169 ναὸς
2977 3105 3094 3168 ἐνὸς
3127 3105 3284 3168 Θεοῦ,
3312 3105 3470 3174 φίλον
3498 3107 3624 3178 γὰρ
3676 3108 3760 3159 ἀεὶ

456 3201 740 3274 punitores
768 3200 1048 3256 constituti
1091 3199 1402 3254 sacerdotes
1425 3207 1627 3254 essent.
1664 3197 1825 3270 335
1857 3199 2042 3265 Quod-

2194 3199 2306 3251 αντὶ
2338 3197 2399 3250 τὸ
2429 3199 2631 3268 ὅμοιον·
2691 3197 2869 3260 κοινὸς
2923 3197 3176 3251 ἁπάντων
3210 3171 3341 3266 (10),
3387 3171 3601 3251 κοινοῦ,
3619 3198 3757 3251 Θεοῦ

463 3306 592 3345 nam
625 3291 789 3361 igitur
816 3289 1026 3359 imperii
1064 3305 1236 3359 genus
1271 3290 1375 3343 hoc
1401 3289 1646 3343 sanctius
1677 3304 1796 3360 esse
1828 3299 1992 3358 queat
2019 3291 2042 3344 ?

458 3391 555 3436 aut
609 3383 704 3452 qui
753 3381 863 3436 Deo
913 3381 1093 3436 cultus
1145 3379 1553 3435 eonvenientior
1600 3381 1891 3434 exhiberi?
1939 3380 2040 3436 Ubi

460 3489 571 3526 non
604 3471 892 3526 multitudo
923 3481 1132 3526 tantum
1166 3474 1415 3526 universa
1442 3471 1508 3525 ad
1537 3471 1790 3541 pietatem
1828 3473 2040 3528 studio—

463 3564 681 3618 sissime
713 3561 1039 3616 informetur
1060 3604 1076 3628 ,
1113 3563 1206 3616 sed
1239 3563 1401 3616 etiam
1434 3573 1488 3617 et
1519 3563 1748 3633 insignis
1793 3566 2038 3634 quaedam

461 3671 495 3708 a
531 3654 912 3710 sacerdotibus
952 3655 1005 3708 in
1042 3669 1226 3708 rerum
1266 3655 1737 3710 administratione
1766 3657 2038 3726 diligentia

464 3746 736 3815 exigatur,
771 3755 825 3800 et
875 3747 1171 3802 solemnem
1209 3746 1351 3801 sacri
1399 3747 1630 3815 alicujus
1674 3728 1794 3802 festi
1827 3749 2041 3817 religio-

466 3855 589 3892 nem
623 3848 734 3892 tota
765 3838 978 3908 reipub.
1010 3841 1150 3895 ratio
1201 3839 1485 3894 imitetur?
1530 3837 1665 3892 Nam
1697 3855 1818 3908 qum
1864 3841 2040 3895 caeteri

466 3931 655 4000 paucis
686 3931 887 4001 aliquot
918 3932 1110 3987 diebus
1139 3933 1417 4004 mysteria,
1450 3941 1508 3985 ut
1533 3933 1824 4001 appellant,
1850 3942 2044 3988 statas-

465 4039 573 4092 que
603 4025 954 4078 caremonias
980 4025 1258 4080 custodire
1290 4039 1397 4077 non
1429 4035 1676 4092 possunt,
1701 4041 1762 4079 ea
1797 4041 1896 4079 uos
1924 4042 2045 4095 per-

469 4123 633 4184 petuo
683 4129 807 4168 cum
859 4114 1204 4180 suavissime,
1237 4125 1351 4168 tum
1396 4113 1558 4166 etiam
1606 4115 2045 4170 constantissime

468 4207 788 4262 retinemus.
825 4206 1086 4274 Quanam
1121 4222 1275 4273 vero,
1309 4218 1362 4261 et
1400 4207 1702 4275 cuiusmodi
1741 4219 1924 4264 nostra
1957 4211 2044 4264 illa

466 4298 553 4351 vel
583 4298 758 4352 edicta
791 4308 938 4362 sunt,
967 4299 1048 4352 vel
1079 4297 1408 4352 interdicta?
1434 4299 1713 4368 Simplicia
1743 4317 1964 4370 prorsus
1994 4312 2048 4356 et

469 4390 728 4445 illustria.
779 4389 1040 4461 Princeps
1073 4392 1290 4461 quidem
1341 4399 1394 4445 et
1429 4401 1590 4460 caput
1637 4393 1880 4445 omnium
1919 4394 2046 4447 illud

2143 3291 2417 3345 ἁπάντων.
2453 3289 2653 3343 Τοῦτον
2695 3289 3056 3362 θεραπεύουσι
3113 3290 3212 3358 μὲν
3238 3289 3329 3342 διὰ
3355 3290 3563 3354 παντὸς
3590 3293 3648 3343 οἱ
3685 3294 3761 3344 ise

2145 3383 2278 3451 ρεῖς·
2310 3383 2522 3452 ἡγεῖται
2580 3381 2637 3433 δὲ
2693 3381 2897 3433 τούτων
2924 3382 2952 3433 ό
2981 3380 3194 3452 πρῶτος
3238 3383 3324 3435 ἀεὶ
3366 3383 3515 3436 κατὰ
3564 3385 3754 3451 γένος.

2144 3469 2308 3537 Οὗτος
2346 3472 2610 3544 μετὰτῶν
2652 3474 2940 3544 συνιερέων
2997 3475 3110 3544 (11)
3155 3474 3307 3527 θύσει
3336 3475 3416 3545 τῷ
3456 3475 3613 3547 Θεῷ,
3657 3497 3756 3547 φυ-

2143 3563 2292 3629 λάξει
2320 3566 2446 3628 τοὺς
2487 3565 2702 3635 νόμους,
2737 3564 2945 3617 δικάσει
2986 3566 3111 3636 περὶ
3142 3567 3249 3619 τῶν
3289 3567 3756 3639 ἁμφισΰητουμέ-

2144 3672 2270 3717 νων,
2304 3655 2520 3708 κολάσει
2545 3656 2670 3718 τοὺς
2709 3655 3060 3724 ἐλεγχθέντας
3103 3657 3234 3726 (19.).
3303 3659 3361 3710 Ὀ
3409 3659 3600 3729 τούτῳ
3678 3663 3752 3730 μὴ

2145 3747 2465 3818 πειθόμενος
2498 3747 2683 3817 ὑφέξει
2704 3748 2878 3817 δίκην,
2916 3748 2991 3811 ὡς
3015 3751 3094 3813 εἰς
3122 3749 3211 3802 τὸν
3244 3749 3378 3802 Θεὸν
3412 3750 3586 3803 αὐτὸν
3627 3754 3757 3806 ἀσε-

2146 3837 2275 3891 ϐῶν.
2305 3837 2550 3910 Θύσομεν
2576 3838 2674 3902 τὰς
2704 3839 2893 3902 θυσίας
2920 3840 3017 3893 οὐκ
3048 3843 3128 3905 εἰς
3157 3840 3326 3912 μέθην
3354 3842 3467 3911 (15)
3500 3843 3756 3907 ἑαυτοῖς·

2146 3929 2442 4000 ἀϐούλητον
2470 3930 2577 4001 γὰρ
2600 3929 2677 4000 τῷ
2705 3930 2822 4000 Θεῷ
2851 3931 2988 3996 τόδε,
3016 3933 3113 3984 καὶ
3132 3931 3404 4004 πρόφασις
3427 3933 3499 3986 ἂν
3525 3935 3756 4007 ὕϐρεως

2146 4019 2354 4088 γένοιτο
2384 4021 2476 4072 καὶ
2504 4018 2870 4082 πολυτελείας·
2909 4020 3046 4072 ἀλλὰ
3089 4020 3388 4093 σώφρονας,
3412 4024 3753 4088 εὐτάκτους,

2145 4113 2424 4178 εὐσταλεῖς
2477 4114 2609 4185 (14),
2658 4117 2805 4178 ὅπως
2841 4116 3074 4185 μάλιστα
3125 4115 3343 4179 θύοντες
3389 4120 3753 4189 σωφρονῶσι.

2149 4209 2256 4259 Καὶ
2287 4206 2378 4258 ἐπὶ
2422 4209 2543 4270 ταῖς
2597 4207 2807 4271 θυσίαις
2860 4209 2965 4279 χρὴ
2999 4208 3213 4278 πρῶτον
3248 4209 3387 4278 ὑπὲρ
3413 4209 3516 4278 τῆς
3552 4213 3756 4283 κοινῆς

2148 4295 2400 4366 εῦχεσθαι
2428 4297 2720 4368 σωτηρίας,
2753 4293 2850 4349 εἷθ’
2882 4297 3024 4369 ὑπὲρ
3055 4297 3279 4352 ἐαυτῶν.
3321 4299 3446 4352 Ἐπὶ
3472 4300 3594 4371 γὰρ
3640 4321 3755 4355 χοι-

2148 4389 2314 4458 νωνίξι
2339 4389 2661 4460 γεγόναμεν,
2710 4390 2804 4442 καὶ
2837 4389 3037 4460 ταύτην
3077 4391 3106 4442 ὁ
3153 4390 3430 4461 προτιμῶν
3465 4392 3565 4444 τοῦ
3626 4395 3752 4448 καθ’

466 4492 572 4548 est,
606 4482 752 4552 quod
799 4482 871 4536 ita
905 4484 968 4536 de
1001 4482 1108 4537 Deo
1144 4483 1373 4538 statuit:
1410 4483 1576 4538 Deum
1610 4483 1862 4538 universa
1899 4499 2043 4538 com—

2194 4481 2343 4534 χυτὸν
2377 4479 2505 4534 ἰδίου
2557 4481 2692 4550 (15),
2748 4481 2982 4552 μάλιστα
3011 4482 3097 4553 εἴη
3143 4481 3264 4550 Θεῷ
3311 4485 3747 4554 κεχαρισμένος.

469 4575 674 4644 plecti:
723 4573 1179 4644 perfectissimum
1233 4574 1384 4628 illum
1431 4588 1553 4628 esse
1603 4582 1766 4643 atque
1797 4573 2044 4629 beatissi-

535 4733 620 4802 (2)
670 4733 882 4798 Τελετή
923 4730 1372 4802 ἐστικιιοερριιη
1412 4727 1664 4801 τελευτῆς
1705 4746 1866 4792 τινος.
1904 4728 2048 4801 Lege

467 4800 694 4873 τελετῆς
727 4821 868 4866 τινος
903 4819 1026 4873 cum
1063 4800 1295 4873 Monuit}:

543 4875 618 4938 (5)
651 4868 880 4927 Ἄλλοι.
917 4871 1136 4940 Juseph.
1165 4882 1218 4924 et
1249 4869 1440 4937 Mont.,
1469 4868 1770 4940 ἁλλόιρυλοι.

543 4944 615 5013 (1)
675 4939 1077 5012 ’Λμεταθέτού.
1135 4942 1359 5010 Joseph.
1409 4952 1462 4995 et
1503 4939 1695 5005 Mont,
1744 4939 2044 5010 ἀμεταπεί-

665 5081 1031 5155 Προῤῥῄσεις
1084 5082 1180 5135 καὶ
1211 5082 1689 5151 προαγορεύσεις.
1725 5077 1862 5155 Male
1907 5081 2047 5148 apud

471 5151 693 5224 dor-lenii.
714 5151 721 5152 ί
741 5151 794 5208 et
828 5153 1018 5215 Mont..,
1047 5155 1397 5224 προσρήσεις,
1421 5161 1580 5224 recte
1609 5159 1787 5224 autem
1831 5151 2046 5224 ᾁπαγο-

475 5220 725 5310 ρεύσειςς
783 5220 1470 5292 adhibendainterrogatio
1513 5233 1614 5287 est,
1655 5220 1878 5274 delenda
1928 5228 2051 5289 post

471 5311 758 5418 γνωόριμοι.

545 5367 563 5433 (
603 5365 700 5425 )Δ’
730 5364 974 5435 ἡγεῖται,
1005 5361 1252 5434 Joseph.,
1285 5362 1349 5434 δὴ
1374 5362 1605 5431 γίνεται.
1644 5359 1871 5414 Retineo
1899 5362 2050 5430 ἠγεῖ-

652 5505 886 5590 Ὑόατα.
910 5504 1154 5575 Joseph.,
1176 5502 1396 5574 Regius,
1421 5512 1476 5559 et
1492 5501 1750 5565 Montac.,
1773 5501 2052 5571 ποταμοὺς

485 5576 570 5628 καὶ
633 5577 892 5628 ἀλασσαν.

475 5576 570 5628 καὶ
602 5576 892 5629 θάλασσαν.

547 5645 622 5718 (8)
661 5645 1124 5718 Ἐργτισαμένοιιτικ
1173 5644 1393 5715 Joseph.
1422 5655 1476 5698 et
1529 5643 1686 5714 Reg,
1719 5657 2048 5712 συνεργασο-

479 5715 674 5786 μένων,
711 5717 931 5786 rectius:

544 5787 622 5857 ((1)
653 5783 858 5848 Καλῶς
889 5781 966 5854 ἦν
994 5785 1171 5852 εὐθὺς
1203 5788 1516 5860 γεγονότα,
1545 5783 1768 5855 Joseph.
1809 5793 1863 5840 et
1897 5782 2048 5838 Mon-

2151 4571 2500 4644 Παράκλησις
2526 4572 2580 4624 δὲ
2607 4573 2742 4643 πρὸς
2769 4573 2857 4625 τὸν
2883 4573 3014 4626 Θεὸν
3039 4573 3177 4625 ἔστω
3206 4573 3291 4626 διὰ
3315 4573 3413 4642 τῆς
3445 4575 3631 4644 εύῂς
3660 4578 3752 4629 καὶ

2151 4736 2281 4799 tac.,
2315 4726 2496 4799 καθὼς
2527 4727 2814 4799 ἐϐουλήθη,
2843 4728 3001 4799 εὐθὺς
3030 4729 3292 4796 ἐγένοντο.

2224 4798 2335 4868 (10)
2368 4798 2582 4864 Κοινός
2614 4798 2911 4852 ἁπάντων.
2937 4798 3155 4868 Jusepli.
3183 4811 3233 4852 et
3262 4799 3498 4853 Montac.
3531 4801 3750 4857 addunt

2149 4871 2176 4922 ό
2210 4869 2411 4938 κόσμος
2442 4873 2584 4938 quod
2622 4879 2800 4922 tamen
2845 4869 3063 4936 Josephi
3111 4869 3374 4938 interpres
3420 4873 3663 4929 omisit:
3699 4885 3748 4927 et

2152 4950 2326 5004 recte,
2380 4949 2437 4992 ut
2480 4939 2714 4993 videtur.
2749 4939 2825 4994 De
2875 4941 3073 5009 templo
3119 4939 3392 5009 loquitur,
3424 4942 3496 4994 de
3532 4947 3747 4997 mundo

2153 5010 2370 5064 locutus
2399 5010 2510 5076 jam
2539 5019 2676 5064 erat.

2224 5079 2333 5150 (11)
2389 5076 2580 5150 ρῦτος
2629 5080 2779 5150 μετὰ
2827 5079 2945 5134 τῶν
2995 5079 3339 5148 συνιερέων.
3393 5079 3634 5149 Josepli.
3693 5091 3747 5137 et

2151 5146 2528 5223 Μοιιιζηοῦτος
2562 5146 2657 5221 μὲν
2686 5151 2790 5223 πρὸ
2815 5150 2921 5204 τῶν
2947 5150 3121 5204 ἄλλων
3151 5146 3356 5220 ἱερέων.
3394 5152 3463 5204 At
3509 5146 3743 5223 Regius,

2156 5221 2424 5292 μετᾲγτῶν
2454 5220 2625 5274 ἄλλων
2647 5220 2868 5292 ίὶερἐων.

2153 5291 2338 5415 ἀδέη)
2381 5289 2824 5360 Ἐλεγχθέντας.
2857 5289 3077 5361 Joseph.
3110 5299 3164 5345 et
3190 5290 3356 5346 Mout.
3395 5291 3617 5347 addunt
3652 5294 3741 5346 ἐπ’

2244 5379 2341 5415 κω.

2244 5379 2323 5414 κω
2329 5403 2341 5415 .

2226 5417 2334 5500 (‘3)
2354 5434 2608 5506 ﬁdat-"lc
2636 5430 3016 5506 yé0.__loseph.
3046 5440 3100 5506 et
3138 5431 3328 5506 Mont.,
3355 5432 3472 5506 quae
3490 5435 3747 5506 si;r.itr'|-

2155 5519 2326 5574 ρωοξιν⁸
2347 5502 2552 5554 ἑαυτῶν
2581 5501 2674 5574 καὶ
2711 5502 2899 5574 μέθην,
2930 5501 3201 5572 ἀϐούλητα
3225 5505 3333 5574 γᾴρ
3360 5503 3485 5574 Θεῷ
3510 5505 3670 5561 τάδε.

2225 5571 2336 5641 (14)
2369 5559 2722 5639 ΕὑσταλεῖςῘ
2765 5559 2995 5641 Optime.
3042 5559 3562 5643 lta'que'Joscphhtn
3614 5559 3745 5633 hinc

2153 5643 2414 5707 corrigas.
2448 5645 2588 5712 apud
2618 5660 2776 5712 quem
2808 5646 3064 5711 εὐγενεῖς.

2227 5713 2336 5784 (15)
2380 5712 2568 5769 Ἰὸίου.
2601 5713 2820 5785 Juseph.
2851 5724 2904 5769 et
2929 5713 3122 5781 Mont.,
3152 5712 3287 5784 βίου.
