3838 6384
510 367 612 420 (il!)

1173 357 1439 415 EUSEBll
1480 358 1956 415 (iAESARlENSlS
1994 370 2144 415 ur‘t’.
2187 361 2367 416 PARS
2405 363 2469 417 ll.
2508 393 2577 402 -
2615 361 3116 418 APOLOGETICA.

3653 365 3760 419 6‘20

509 495 732 557 accepta
766 483 1052 555 diligenter
1081 496 1406 538 conservare
1451 482 1745 551 possimus.
1782 483 1862 538 Ad
1901 493 2059 538 extre

2184 485 2496 557 προσελθεῖν
2527 487 2621 541 καὶ
2655 487 3119 558 συναποδύρεσθαι
3148 485 3282 556 (28).
3317 481 3618 552 Καθαίρειν
3646 481 3762 552 (ﬂ)

508 593 681 640 mum,
719 575 806 631 cui
841 574 1167 630 sacrilicium
1203 572 1511 627 faciendum
1542 574 1665 638 erit,
1709 573 1760 627 ei
1803 573 1890 628 lex
1934 585 2081 630 certa

508 669 758 740 quzrdam
806 665 1108 738 prescribit
1148 647 1544 718 lustrationum
1593 680 1831 734 genera,
1880 666 2080 736 quibus

509 771 774 830 susceptae
807 759 851 812 si
878 771 999 827 quae
1037 756 1146 811 sint
1173 771 1240 810 ex
1285 754 1496 822 funere,
1535 756 1693 822 lecto,
1729 756 1916 812 uxoris
1943 772 2078 812 con-

509 852 814 913 suetudine,
844 858 898 904 et
929 848 1051 902 aliis
1098 847 1371 916 plerisque
1399 847 1584 914 rebus,
1616 863 1754 918 quas
1778 864 1923 904 nunc
1957 865 2080 919 per-

508 959 730 999 censere
760 942 977 1011 longum
1001 947 1165 1001 esset,
1194 939 1342 994 labes
1367 939 1665 1008 expientur.
1696 941 1872 1010 Atque
1895 940 2080 1010 hujus—

507 1035 652 1089 modi
705 1033 864 1088 nobis
913 1041 965 1086 et
1012 1032 1078 1086 de
1117 1029 1228 1085 Deo
1259 1030 1548 1097 doctrina,
1582 1039 1636 1085 et
1684 1030 1852 1086 divini
1898 1033 2077 1089 cultus

509 1129 703 1183 tradita
733 1127 874 1181 ratio
900 1133 1002 1189 est,
1034 1140 1155 1194 qua:
1182 1124 1316 1195 legis
1338 1123 1455 1194 ipsa
1477 1139 1694 1194 quoque
1715 1124 1824 1178 vim
1849 1125 2075 1180 obtinet.

504 1216 580 1272 De
611 1217 816 1286 nuptiis
850 1230 978 1270 vero
1006 1214 1176 1284 quid?
1203 1213 1333 1268 Eam
1368 1223 1574 1268 tantum
1603 1216 2073 1283 consuetudinem,

503 1325 668 1379 quam
696 1324 819 1363 eum
843 1323 1014 1362 uxore
1036 1315 1231 1360 natura
1257 1307 1522 1372 concedit,
1546 1306 1631 1360 lex
1653 1316 1836 1362 nostra
1861 1309 2072 1378 probat,

503 1401 666 1455 modo
716 1409 897 1454 tamen
931 1413 993 1453 ea
1025 1397 1192 1468 prolis
1239 1397 1600 1466 suscipiendae
1640 1413 1806 1453 causa
1842 1400 2070 1454 ineatur.

500 1491 570 1546 At
589 1493 831 1545 .marium
863 1505 987 1546 cum
1022 1489 1264 1544 maribus
1293 1490 1707 1561 congressiones
1736 1501 2071 1555 exsecratur,

501 1585 730 1654 ejusque
764 1581 952 1652 ﬂagitii
981 1597 1104 1637 reos
1134 1581 1352 1652 capitali
1393 1581 1658 1650 supplicio
1687 1581 1930 1637 damnat.
1955 1582 2074 1637 Ca:-

502 1682 678 1728 terum
710 1673 762 1726 in
799 1671 1150 1725 matrimonio
1175 1671 1567 1733 contrahendo,
1599 1686 1776 1740 neque
1813 1671 1957 1727 dOtis
1988 1687 2073 1725 ra-

500 1766 702 1819 tionem
731 1763 941 1827 haberi,
967 1779 1142 1833 neque
1168 1779 1261 1832 per
1285 1764 1392 1816 vim
1424 1762 1540 1832 rapi
1563 1763 1870 1833 conjugem,
1897 1779 2071 1833 neque

500 1857 624 1911 dolo
652 1856 795 1909 malo
824 1855 1000 1925 pellici
1036 1854 1148 1908 vult
1179 1873 1192 1908 :
1226 1855 1318 1909 sed
1372 1854 1440 1908 ab
1473 1869 1538 1908 eo
1561 1893 1576 1919 ,
1610 1855 1702 1923 qui
1739 1856 2070 1912 collocandae

497 1957 818 2020 potestatem
857 1948 1073 2012 habeat,
1102 1947 1364 2017 postulari
1392 1963 1405 2012 ;
1439 1945 1518 2001 sic
1550 1956 1731 2002 tamen
1759 1956 1817 2001 ut
1843 1949 2068 2018 propin~

496 2041 722 2110 quitatis
760 2039 922 2092 etiam
955 2045 1008 2092 et
1047 2038 1330 2108 sanguinis
1375 2037 1515 2092 ratio
1563 2038 1847 2094 habeatur.
1915 2059 1934 2090 ι
1991 2041 2068 2094 Ac

495 2132 693 2184 mulier
723 2131 962 2200 quidem,
1013 2129 1188 2199 inquit
1218 2128 1521 2200 Scriptura,
1567 2131 1686 2184 viro
1733 2147 1827 2200 per
1883 2132 2067 2186 omnia

493 2221 730 2276 deterior
761 2233 862 2275 est.
908 2241 924 2272 ι
982 2219 1109 2275 Viro
1155 2223 1320 2291 igitur
1355 2219 1709 2290 obtemperet,
1742 2237 1848 2274 non
1884 2231 2064 2275 tamen

493 2309 837 2364 contumelia:
887 2325 1090 2372 causa,
1140 2308 1234 2364 sed
1282 2317 1343 2362 ut
1393 2308 1616 2362 alterius
1667 2308 1956 2378 imperium
2002 2325 2067 2364 ac

489 2401 713 2456 ductum
748 2411 1008 2470 sequatur
1038 2419 1050 2454 :
1084 2401 1191 2454 vim
1225 2400 1369 2454 enim
1404 2407 1566 2468 atque
1599 2408 1920 2468 potestatem
1950 2400 2066 2452 viro

490 2493 636 2548 Deus
670 2492 960 2547 concessit.
1002 2491 1174 2545 Unius
1201 2505 1364 2560 porro
1392 2499 1624 2555 tantum,
1651 2505 1752 2558 qua
1790 2505 1914 2544 cum
1949 2505 2067 2544 ma-

490 2587 746 2641 trimonio
772 2585 1099 2652 conjunctus
1146 2583 1345 2648 fueris,
1392 2581 1692 2651 expetenda
1725 2581 2066 2636 consuetudo

485 2685 608 2741 est;
649 2677 872 2730 alterius
907 2675 1050 2728 enim
1087 2687 1309 2727 uxorem
1341 2672 1583 2742 cogitare
1613 2669 1786 2725 nefas.
1821 2668 1978 2736 Quod
2007 2671 2064 2723 in

486 2771 666 2825 scelus
688 2769 938 2840 quisquis
964 2768 1230 2831 inciderit,
1256 2778 1464 2822 certum
1488 2766 1678 2835 capitis
1701 2767 2059 2835 supplicium:

485 2862 942 2931 quemadmodum
1000 2860 1044 2914 si
1075 2860 1198 2929 quis
1240 2866 1335 2913 aut
1386 2857 1583 2926 virgini
1636 2857 1790 2910 alteri
1823 2857 2061 2927 cuipiam

484 2951 771 3020 desponsa:
820 2951 928 3004 vim
962 2948 1234 3012 intulerit,
1273 2956 1368 3002 aut
1415 2948 1504 3001 alii
1542 2957 1764 3016 nuptam
1806 2946 2058 3008 illexcrit.

483 3042 807 3096 Liberorum
861 3041 1125 3111 quidquid
1175 3049 1482 3109 susceptum
1519 3039 1661 3102 erit,
1709 3038 1928 3092 educari
1976 3039 2062 3093 lex

477 3135 653 3204 jubet.
690 3132 848 3187 Vetat
878 3133 1091 3196 eadem,
1123 3147 1190 3186 ne
1218 3146 1326 3201 qua
1369 3130 1566 3184 mulier
1610 3139 1921 3199 susceptum
1973 3145 2062 3185 se-

482 3240 606 3280 men
656 3233 750 3278 aut
788 3223 1003 3291 ejiciat,
1049 3229 1145 3275 aut
1189 3219 1542 3287 exstinguat:
1585 3234 1707 3288 quze
1738 3233 1896 3274 secus
1930 3218 2062 3274 facit

478 3331 600 3371 eam
637 3331 735 3385 pro
766 3314 1061 3368 liberorum
1107 3310 1472 3365 interfectrice
1506 3310 1696 3364 haberi
1729 3311 1884 3376 vult,
1933 3327 2059 3380 pcr-

479 3405 607 3460 inde
649 3420 714 3459 ac
761 3404 808 3458 si
871 3404 1047 3471 reipsa
1095 3411 1149 3455 et
1189 3400 1331 3455 fetus
1381 3401 1547 3453 vitam
1582 3401 1952 3469 oppresserit,
2005 3411 2060 3458 ct

479 3498 693 3566 generis
749 3495 834 3550 sui
897 3491 1343 3564 prOpagationem
1407 3490 1723 3545 iubibuerit.
1793 3491 2056 3562 Quisquis

477 3603 609 3657 ergo
637 3587 703 3640 ad
755 3586 994 3639 alienum
1045 3591 1223 3636 torum
1277 3581 1587 3635 violandum
1634 3582 1958 3650 accesserit,
2009 3584 2056 3638 is

477 3693 646 3747 purus
693 3686 747 3730 et
781 3676 988 3745 integer
1024 3688 1247 3728 manere
1295 3688 1404 3727 non
1444 3681 1640 3742 potest.
1691 3671 1880 3742 Itaque
1931 3683 2055 3744 post

477 3769 773 3838 legitimam
811 3781 1031 3838 quoque
1061 3766 1164 3819 viri
1196 3781 1319 3820 cum
1364 3781 1534 3820 uxore
1567 3765 2014 3821 consuetudinem
2035 3807 2051 3832 ,

476 3862 561 3915 lex
597 3875 796 3928 corpus
830 3861 975 3914 ablui
999 3860 1156 3928 jubet
1187 3877 1200 3912 :
1245 3858 1389 3927 quod
1423 3874 1489 3912 ex
1527 3873 1590 3913 ea
1619 3858 1797 3914 sordis
1845 3859 2052 3929 aliquid

474 3953 541 4007 ad
571 3968 768 4021 corpus
807 3953 968 4007 simul
992 3961 1045 4007 et
1069 3951 1312 4006 animum
1337 3951 1591 4006 allinatur
1617 3969 1631 4018 ;
1660 3952 1812 4021 quasi
1835 3953 2052 4008 animus

475 4043 530 4096 in
563 4051 804 4097 exteram
834 4041 1126 4111 quamdam
1161 4042 1265 4095 hoc
1294 4040 1439 4095 facto
1473 4043 1746 4111 regionem
1775 4057 2049 4098 commea-

441 4152 444 4154 ·
474 4144 574 4190 ret.
609 4133 820 4203 Quippe
849 4135 1065 4187 animus
1094 4131 1262 4198 enim,
1307 4133 1399 4186 ubi
1440 4132 1764 4202 corporibus
1805 4133 2049 4203 implica-

473 4243 585 4295 tur,
613 4228 796 4283 damni
824 4226 1026 4296 aliquid
1053 4241 1119 4280 ac
1146 4227 1458 4280 detrimenti
1491 4226 1675 4281 subire
1702 4227 1839 4282 solet
1864 4245 1878 4295 ;
1909 4244 2046 4298 quo-

470 4336 594 4377 rum
647 4319 1037 4379 concretione,
1090 4318 1281 4370 mortis
1347 4317 1608 4371 benelicio
1657 4334 1873 4372 rursum
1933 4320 2047 4388 ipse

541 4543 651 4614 (28)
679 4541 1042 4609 Προσελθεῖν
1073 4541 1169 4614 καί
1196 4539 1770 4614 Δσυνᾳποδύρεσθαιη
1790 4539 2040 4614 Joscph.,
2075 4529 2120 4584 Ῑ)

541 4545 1042 4665 (28ὲ11ροσελθεῖν
1073 4545 1168 4593 καὶ
1202 4545 1748 4606 συναποδύρεσθαι.
1790 4545 2040 4610 Joscph.,

469 4613 626 4667 συνελ
663 4616 740 4666 εῖν
794 4614 888 4665 καὶ
943 4610 1425 4682 συναποδύρασθαι,
1467 4612 1694 4680 νόμιμον
1757 4611 2045 4682 ἐποίησεν,

466 4701 586 4755 qua;
612 4684 721 4736 duo
755 4696 1027 4755 postrema
1061 4681 1182 4751 νόμ.
1203 4681 1296 4755 επ.
1319 4681 1482 4755 verbo
1509 4682 1663 4755 ἔταξε
1679 4681 2044 4755 continentur.

537 4753 649 4824 (29)
681 4749 1024 4824 καθαίρειν,
1056 4749 1160 4824 etc.
1197 4749 1415 4824 .loscph:
1465 4759 1520 4804 et
1558 4751 1752 4824 Mont.,
1784 4750 2046 4824 καθαίρετ

467 4819 589 4878 σθαι
617 4819 671 4876 δὲ
704 4819 912 4876 κελεύει
941 4824 1033 4875 καὶ
1058 4822 1183 4893 τοὺς
1209 4819 1550 4884 ἐνοικοῦντας
1581 4821 1688 4875 ἀπὸ
1721 4821 1936 4893 κήδους,
1955 4819 2048 4875 διά

461 4893 568 4964 τὸν,
589 4893 910 4964 μετελθόντα
937 4892 1032 4964 τοῦ
1068 4892 1200 4962 βίου.

536 4961 647 5034 (50)
679 4965 802 5016 Ἵνα
835 4961 1142 5027 πλεῖστον,
1172 4971 1277 5034 etc.
1309 4961 1562 5034 Breviora
1593 4961 1716 5034 lucc
1744 4970 1798 5016 et
1825 4963 2046 5017 saniora

461 5029 804 5109 sunt,quam
842 5051 964 5109 qua;
996 5033 1138 5109 apud
1165 5029 1473 5109 Josepb._et
1504 5031 1846 5109 in_Moiitac.,
1889 5037 1932 5086 si
1957 5035 2047 5109 ‘le-

461 5101 683 5172 guulur,
721 5103 807 5156 ἵνα
840 5101 1086 5156 πλεῖστον
1114 5101 1294 5172 ἀπέχῃ
1326 5101 1422 5153 τοῦ
1445 5101 1622 5154 δοκεῖν
1654 5103 1853 5165 αὐτοὺς
1878 5102 2046 5156 καθα-

463 5176 588 5245 pob;
623 5173 779 5228 εἶναι.
832 5175 928 5245 Τίς
972 5173 1244 5245 δὲγφόνον
1292 5173 1697 5245 ἐργασάμενος,
1747 5173 1780 5244 ἢ
1815 5173 2042 5245 έχων,-

457 5241 629 5308 ἄκων,
664 5245 786 5298 οὑδὲ
831 5244 928 5315 τὴν
968 5244 1107 5314 πρὸς
1136 5241 1350 5304 τούτοις
1375 5241 1779 5313 ἀπεσιώπησεν
1805 5244 1870 5296 ἂν
1900 5241 2044 5296 ὲκδίὲ

455 5332 525 5372 κη
535 5333 638 5372 σιν.

683 5385 1014 5453 ’Λπόρῤητα
1044 5384 1263 5454 λέγειν.
1295 5381 1432 5455 llinc
1465 5383 1719 5436 emendes
1745 5381 2043 5455 Josepbum

454 5453 600 5518 licet,
623 5453 774 5526 apud
801 5473 960 5526 quem
995 5470 1248 5526 pessum,
1279 5454 1340 5506 τὸ
1365 5454 1589 5526 ἀπορεῖν
1617 5453 1968 5526 παραλέγειν.

527 5526 642 5595 (32)
665 5522 960 5594 Περιορῶν
1001 5524 1226 5593 ἱκέτην,
1271 5533 1374 5578 etc.
1423 5524 1559 5578 Illuc
1605 5522 1772 5595 etiarn-
1799 5522 2041 5595 Josvpho

454 5593 721 5650 medicina
747 5593 867 5658 liat,
895 5598 1038 5665 apud
1069 5611 1231 5665 quem
1267 5595 1488 5665 legitur,
1521 5593 1794 5665 περιορῶν
1823 5593 2042 5665 βοηθεῖν

454 5666 646 5730 ἐνίοις,
698 5667 990 5730 ὑπεύθυνος
1021 5681 1178 5736 ςιιυαξ
1214 5676 1418 5731 tamen,
1450 5681 1574 5719 cum
1622 5665 1880 5733 explicari
1929 5679 2040 5718 non

452 5736 795 5817 incommode
843 5735 1104 5806 possent,
1157 5739 1425 5806 interpres
1487 5735 1635 5790 omni
1685 5751 1848 5792 sensu
1879 5749 2035 5817 ,δρο-

449 5808 620 5862 liavit.

2179 579 2237 632 δὲ
2268 579 2479 633 καὶτὸν
2520 574 2666 632 οἷκον
2715 580 2810 632 καὶ
2852 581 2978 642 τοὺς
3039 575 3378 638 ἐνοικοῦντας
3405 573 3516 627 ἀπὸ
3543 573 3766 643 κήδους,

2179 673 2265 726 ἴνα
2297 671 2546 727 πλεῖστον
2573 671 2684 742 (50)
2723 671 2903 741 ἀπέχῃ
2933 670 3026 723 τοῦ
3051 669 3225 722 δοκεῖν
3254 666 3488 737 καθαρὸς
3516 659 3657 718 εἷναί
3680 681 3771 728 τις

2180 765 2336 834 φόνον
2393 764 2785 837 ἐργασάμενος.
2845 763 3051 817 Γονέων
3101 762 3267 832 τιμὴν
3301 759 3437 832 μετά
3489 759 3589 830 τὴν
3624 756 3772 827 πρὸς

2177 857 2308 912 θεὸν
2338 857 2595 930 δευτέραν
2623 857 2797 923 ἔταξε·
2832 855 2926 909 καὶ
2983 854 3073 908 τὸν
3129 855 3231 907 ούκ
3275 852 3637 923 ἀμειϐόμενον
3667 850 3772 912 τὰς

2179 950 2308 1020 παρ’
2340 948 2518 1003 αὐτῶν
2568 949 2816 1020 χάριτας,
2877 946 2990 1000 ἀλλ’
3035 947 3113 1008 εἰς
3185 943 3362 998 ὁτιοῦν
3423 941 3769 1003 ἐλλείποντα,

2177 1039 2605 1112 λευσθησόμενον
2659 1037 3010 1111 παραδίδωσι.
3062 1037 3174 1091 Καὶ
3226 1034 3424 1098 παντὸς
3476 1032 3575 1086 τοῦ
3631 1049 3776 1104 πρε-

2179 1130 2436 1202 σϐυτέρου
2471 1131 2636 1202 τιμὴν
2687 1130 2830 1200 ἔχειν
2884 1129 3010 1191 τοὺς
3056 1127 3210 1190 νέους
3253 1126 3435 1197 φησὶν,
3472 1124 3593 1178 ἐπεὶ
3630 1141 3776 1196 πρε-

2178 1222 2439 1276 σϐύτατον
2467 1224 2495 1274 ὁ
2543 1223 2692 1286 Θεός.
2754 1221 3030 1292 Κρύπτειν
3077 1219 3228 1272 οὐδὲν
3285 1219 3348 1288 ὲᾷ
3380 1218 3516 1288 πρὸς
3550 1216 3769 1285 φίλους

2175 1316 2235 1368 ού
2264 1315 2373 1387 γάρ
2407 1312 2542 1368 εἶναι
2573 1315 2774 1385 φιλίαν,
2805 1315 2904 1386 τὴν
2933 1313 3006 1384 μὴ
3029 1312 3208 1365 πάντα
3227 1311 3610 1364 πιστεύουσαν.
3645 1310 3775 1362 Κᾶν

2176 1407 2356 1477 συμϐῇ
2385 1423 2468 1469 τις
2502 1405 2686 1476 ἔχθρα,
2717 1404 2920 1457 τούτων
2946 1403 3232 1474 ἀπόρρητα
3255 1400 3431 1468 λέγειν
3458 1397 3777 1470 (5Ι)κεκιὶ›-

2173 1495 2325 1548 λυκε.
2360 1493 2606 1558 Δικάζων
2637 1497 2684 1547 εί
2719 1493 2868 1566 δῶρά
2890 1511 2974 1557 τις
3007 1493 3184 1555 λάϐοι,
3228 1491 3456 1554 θάνατος
3503 1493 3540 1560 ἡ
3568 1489 3774 1559 ζημία.

2174 1586 2452 1658 Περιορῶν
2478 1587 2666 1657 ἱκέτην
2713 1585 2846 1656 (52),
2882 1584 3092 1655 βοηθεῖν
3143 1584 3280 1646 ἐνὸν,
3335 1581 3671 1643 ὑπεύθυνος.
3706 1583 3775 1633 Ὃ

2176 1679 2250 1750 μὴ
2281 1679 2548 1750 κατέθηκέ
2580 1696 2682 1742 τις,
2709 1678 2811 1731 ούκ
2869 1679 3245 1748 ἀναιρήσεταγ
3297 1675 3404 1728 τῶν
3458 1673 3776 1745 ἀλλοτρίων

2173 1773 2386 1836 οὐδενὸς
2417 1772 2632 1842 ἅψεταιο
2661 1772 2927 1834 δανείσας,
2971 1771 3126 1824 τόκον
3156 1771 3216 1822 ού
3271 1768 3524 1838 λήψεται.
3577 1766 3776 1820 Ταῦτα

2102 1839 2141 1893 Β
2171 1867 2264 1918 καὶ
2290 1839 2689 1928 πολλὰ-τούτοις
2718 1865 2876 1934 ὃμοια
2898 1863 2995 1933 τὴν
3013 1863 3147 1934 πρὸς
3176 1861 3436 1931 ἀλλήλους
3457 1859 3626 1930 ἡμῶν
3649 1876 3776 1912 συν-

2172 1958 2282 2029 έχει
2329 1956 2628 2010 κοινωνίαν,
2667 1954 2788 2018 Πῶς
2817 1955 2874 2007 δὲ
2906 1955 2998 2007 καὶ
3038 1955 3165 2024 περὶ
3214 1953 3313 2024 τῆς
3353 1951 3495 2019 πρὸς
3527 1951 3775 2018 ἀλλοφύ-

2168 2049 2292 2112 λους
2317 2047 2614 2110 ἐπιεικείας
2665 2047 2961 2117 ἐφρόνησεν
3002 2049 3031 2099 ὁ
3058 2044 3373 2116 νομοθέτης,
3419 2044 3575 2108 ἄξιον
3614 2045 3770 2097 ἰδεῖν.

2167 2144 2416 2196 Φανεῖται
2453 2139 2562 2211 γὰρ
2589 2139 2786 2211 ἄριστα
2826 2141 3041 2192 πάντων
3099 2139 3565 2209 προνοησάμενος,
3615 2139 3772 2200 ὅπως

2169 2236 2306 2307 μήτε
2335 2234 2402 2286 τὰ
2434 2235 2608 2286 οἰκεῖα
2643 2233 3062 2304 διαφθείρωμεν,
3095 2232 3231 2302 μήτε
3261 2231 3630 2300 φθονήσωμεν
3655 2233 3772 2292 τοῖς

2168 2325 2541 2396 μετέχεινεῶν
2584 2325 2872 2395 ἡμετέρων
2928 2322 3397 2396 προαιρουμένοις.
3443 2324 3612 2375 Ὅσοι
3668 2324 3771 2392 μὲν

2164 2415 2271 2486 γὰρ
2308 2415 2402 2468 ἐὰν
2430 2413 2655 2466 θέλωσιν
2693 2413 2802 2484 (55)
2829 2413 2932 2465 ὑπὸ
2987 2415 3114 2476 τοὺς
3147 2413 3341 2475 αὐτοὺς
3387 2413 3524 2481 ἡμῖν
3561 2414 3770 2483 νόμους

2137 2509 2258 2581 ’ζῇν
2285 2504 2605 2568 ὑπελθόντες
2636 2505 2772 2576 (5-1),
2797 2505 3008 2574 δέχεται
3051 2504 3407 2573 φιλοφρόνως,
3440 2505 3508 2556 ού
3559 2505 3647 2574 τῷ
3678 2506 3772 2572 γὲ-

2162 2615 2245 2651 νει
2279 2596 2456 2666 μόνον,
2487 2597 2620 2650 ἀλλὰ
2644 2597 2737 2648 καὶ
2771 2600 2834 2667 τῇ
2869 2597 3185 2668 προαιρέσει
3213 2595 3308 2648 τοῦ
3349 2595 3466 2666 βίου
3517 2597 3772 2667 νομίζων

2162 2705 2297 2740 ειναι
2323 2687 2420 2760 τὴν
2445 2689 2771 2758 οἰκειότητα·
2814 2689 2942 2751 τοὺς
2992 2688 3047 2741 δὲ
3089 2691 3152 2740 ὲκ
3183 2687 3462 2760 παρέργου
3497 2689 3772 2760 προσίοι-

2160 2795 2260 2842 τας
2285 2778 2684 2849 ἀναμίγνυσθαι
2715 2781 2781 2848 τῇ
2818 2777 3074 2849 συνηθείᾳ
3102 2778 3201 2830 ούκ
3251 2779 3511 2849 ἠθέλησε.
3574 2781 3770 2834 Tal);

2160 2867 2216 2921 δὲ
2269 2870 2616 2939 προείρηκεν,
2646 2862 2772 2938 ὦνὴ
2807 2868 3090 2938 μετάδοσίς
3121 2869 3266 2920 ἐστιν
3298 2868 3609 2936 ἀναγκαία·
3629 2872 3767 2922 πᾶσι

2161 2961 2423 3031 παρέχειν
2471 2962 2582 3023 τοῖς
2629 2959 2907 3030 δεομένοις
2962 2957 3093 3028 πῦρ,
3141 2957 3304 3029 ὕδωρ,
3336 2959 3576 3028 τροφὴν,
3604 2958 3771 3018 ὁδοὺς

2162 3052 2407 3124 φράζειν,
2443 3052 2645 3121 ἄταφον
2673 3052 2746 3123 μὴ
2770 3053 3047 3122 περιορᾷν.
3087 3051 3382 3112 Ἑπιεικεῖς
3413 3050 3537 3120 (55)
3581 3050 3649 3104 δὲ
3674 3051 3764 3103 καὶ

2163 3145 2232 3198 τὰ
2265 3145 2400 3216 πρὸς
2427 3146 2554 3206 τοὺς
2585 3143 2874 3214 πολεμίους
2912 3143 3198 3215 κριθέντας
3246 3139 3406 3195 εἶναι·
3446 3143 3510 3196 ού
3544 3143 3670 3214 γὰρ
3701 3145 3764 3213 ἐᾷ

2161 3236 2259 3307 τὴν
2284 3237 2388 3306 γῆν
2417 3234 2597 3288 αὐτῶν
2628 3234 2943 3305 πυρπολεῖν,
2971 3235 3091 3287 οὐδὲ
3145 3235 3362 3304 τέμνειν
3411 3235 3612 3305 ἥμερα
3644 3235 3762 3287 δέν·

2160 3327 2261 3398 δρα
2290 3325 2731 3398 συγκεχώρηκενσ
2790 3326 2926 3379 ἀλλά
2981 3327 3076 3379 καὶ
3137 3325 3417 3379 σκυλεύειν
3472 3327 3762 3398 ἀπείρηκε

2157 3421 2283 3483 τοὺς
2317 3421 2372 3473 ὲν
2421 3423 2488 3491 τῇ
2537 3419 2686 3494 μάχῃ
2743 3420 3030 3484 πεσόντας,
3081 3421 3174 3472 καὶ
3219 3420 3328 3471 τῶν
3378 3418 3764 3488 αἰχμαλώτων

2159 3511 2514 3582 προύνόησεν,
2543 3512 2692 3575 ὅπως
2723 3510 2900 3564 αὐτῶν
2923 3510 3078 3582 ὕϐρις
3110 3512 3243 3580 ἀπῇ,
3288 3510 3526 3581 μάλιστα
3572 3512 3639 3564 δὲ
3665 3530 3761 3581 γυ-·

2158 3604 2376 3659 ναικῶν.
2407 3605 2592 3668 Οὕτως
2611 3605 2656 3658 δ’
2681 3607 2996 3677 ἡμερότητα
3029 3605 3139 3674 (56)
3172 3605 3266 3657 καὶ
3326 3605 3760 3678 φιλανθρωπίαν

2158 3698 2304 3768 ἡμᾶς
2338 3697 2678 3764 ἐπαίδευσεν,
2712 3697 2787 3760 ὡς
2821 3697 2953 3768 μηδὲ
2986 3697 3092 3749 τῶν
3123 3697 3331 3765 ἀλόγων
3360 3696 3520 3760 ζώων
3549 3699 3746 3767 ὀλιγιιν

2159 3791 2292 3860 ρεῖν’
2323 3787 2459 3842 ἀλλά
2494 3789 2660 3859 μόνην
2696 3788 2794 3859 μὲν
2827 3789 3006 3858 ἀφῆκε
3057 3789 3260 3842 τούτων
3285 3792 3486 3859 χρῆσιν
3529 3791 3641 3862 τὴν

2159 3895 2346 3948 μιμον,
2378 3880 2556 3932 πᾶσαν
2580 3879 2623 3932 δ’
2657 3879 2849 3950 ἑτέραν
2879 3879 3173 3934 ἐκώλυσεν.
3234 3884 3301 3934 "A
3326 3881 3371 3932 δ’
3401 3880 3613 3953 ὥσπερ
3645 3886 3742 3936 ἰκε-

2155 3968 2378 4022 τεύοντα
2411 3971 2746 4041 προσφεύγει
2777 3970 2888 4042 (57)
2935 3975 3054 4036 ταῖς
3088 3973 3304 4036 οἰκίαις,
3370 3975 3621 4028 ἀπεῖπεν
3668 3978 3731 4029 ἀν

2155 4057 2314 4110 ελεῖνο
2343 4059 2463 4112 οὐδὲ
2489 4063 2720 4124 νεοττοῖς
2751 4062 2875 4124 τοὺς
2903 4061 3094 4128 γονέας
3119 4061 3295 4115 αὐτῶν
3318 4063 3602 4134 ἐπέτρεψε
3635 4081 3738 4118 συν

2154 4149 2406 4222 εξαίρειν·
2445 4151 2719 4221 φείδεσθαι
2758 4151 2814 4204 δὲ
2857 4152 2962 4206 κᾶν
3002 4156 3068 4224 τῇ
3101 4153 3332 4224 πολεμίᾳ
3359 4154 3473 4225 (58)
3506 4157 3629 4210 τῶν
3663 4159 3736 4229 ἐρ

2152 4239 2469 4312 γαζομένων
2505 4241 2681 4306 ζώων,
2713 4244 2808 4296 καὶ
2862 4243 2935 4314 μὴ
2993 4244 3255 4313 φονεύειν.
3284 4243 3442 4298 υῦτω
3473 4251 3734 4318 πανταχό

2154 4332 2242 4385 θεν
2268 4333 2336 4386 τά
2371 4333 2505 4404 πρὸς
2533 4335 2829 4388 ἐπιείκειαν
2861 4337 3275 4407 περιεσκέψατο,
3332 4338 3732 4395 διδιισκιιλικοῖ⁸

2223 4556 2522 4629 (δῶ-Ἐὰν
2577 4556 2852 4629 θέλωσιν.
2907 4557 3145 4629 Legend.
3194 4558 3260 4611 ἂν
3308 4557 3587 4622 θέλωσιν,
3645 4566 3726 4620 nis
3801 4619 3803 4628 ι

2152 4629 2310 4682 malis
2345 4626 2556 4698 θέλουσι
2588 4643 2708 4681 cum
2738 4626 3008 4698 Joseplio;
3029 4629 3148 4684 sine
3178 4629 3285 4683 ulla
3313 4631 3723 4698 conjunctione

2221 4697 2331 4776 (54)
2377 4696 2778 4776 ἶΥπξλριξνςτες.
2824 4696 3043 4776 losepli.
3085 4708 3207 4768 post
3257 4699 3358 4776 ζῇν
3401 4696 3712 4776 distinguit

2149 4765 2263 4849 tum
2295 4765 2422 4838 legit
2466 4765 2794 4834 ύπελθόντας
2819 4770 2931 4840 δέχ.
2953 4765 3166 4839 ’φιλοφη
3199 4765 3345 4840 quod
3377 4765 3714 4831 rectius‘exi

2149 4849 2331 4895 stnno.

2221 4923 2334 4990 (55)
2375 4921 2709 4988 Ἐπιεικεῖς,
2752 4932 2856 4992 etc.
2903 4921 3150 4992 Joseph.,
3179 4922 3394 4992 ἐπιεικῆ
3446 4924 3506 4978 δὲ
3545 4929 3651 4979 καὶ
3677 4931 3718 4979 τέ

2151 4993 2286 5064 πρὸς
2315 4989 2440 5055 τοὺς
2469 4992 2756 5063 πολεμίους
2789 4989 2927 5046 εἶναι
2959 4989 3233 5064 κριθέντα.
3273 4989 3595 5064 Utrumque
3625 5015 3716 5066 pro

2149 5064 2268 5136 b_ari
2335 5072 2552 5134 potest;
2621 5065 2822 5118 rectius
2876 5074 3061 5118 tamen
3113 5064 3416 5123 videretur.
3473 5067 3714 5136 κριθέντι
3789 5089 3791 5136 ί

2149 5130 2308 5187 εἶναι.

2219 5217 2329 5287 (56)
2363 5217 2561 5287 Οὕτως
2604 5217 2656 5269 δ’
2687 5219 2882 5286 miqu
2921 5226 3025 5272 etc.
3071 5216 3315 5286 Joseph.,
3361 5215 3578 5286 Regius
3623 5239 3708 5276 ma
3785 5265 3787 5287 ἰ

2148 5286 2346 5362 ιιυεοΓἒ
2369 5296 2429 5362 et
2454 5286 2804 5362 Μοιιιεεηὶιιι
2819 5288 3050 5362 plenius,
3083 5287 3224 5340 οὓτω
3252 5287 3307 5339 δὲ
3344 5289 3648 5360 πόρρωθεν
3681 5297 3708 5362 ἡ
3783 5351 3785 5362 ς

2149 5375 2201 5412 κ,
2230 5375 2287 5426 φ.
2322 5356 2590 5410 διδάσκειν
2613 5359 2757 5428 ἡμᾶς
2791 5357 3140 5412 ἐσπούδασεν.
3242 5416 3252 5428 ,
3420 5356 3433 5360 ⁷
3461 5356 3473 5360 ⁷
3700 5356 3707 5362 ’
3781 5357 3785 5428 Ι

2217 5443 2328 5516 (57)
2371 5442 2757 5516 Προσφεύγει.
2803 5441 2894 5497 Sic
2935 5443 3170 5514 legend,
3212 5459 3318 5498 non
3349 5453 3409 5498 ut
3458 5447 3616 5516 apud
3643 5445 3706 5501 «ιο
3760 5477 3764 5484 -

2146 5511 2296 5582 seplt.
2310 5553 2324 5576 ,
2340 5511 2625 5582 προσφύει.

2215 5595 2325 5665 (58)
2348 5594 2475 5650 Κᾶν
2504 5595 2578 5664 τῇ
2622 5597 2896 5666 πολεμίᾳ.
2927 5594 3124 5663 Recte,
3165 5599 3209 5652 si
3246 5599 3440 5658 modo,
3471 5602 3585 5654 κάν
3615 5603 3701 5656 siu-

2144 5677 2373 5742 accentu
2405 5668 2636 5742 legatur.
2667 5668 2821 5742 Apud
2851 5665 3147 5742 Joseplium
3188 5679 3366 5724 tamen
3412 5669 3522 5742 leg.
3561 5673 3700 5742 κᾰντ
3777 5665 3779 5675 ’

2143 5736 2394 5808 πολέμια,
2423 5738 2567 5808 quod
2603 5736 3016 5807 improbandum
3049 5753 3158 5793 non
3189 5747 3288 5795 est.
3469 5736 3496 5742 ⁷
3698 5737 3699 5744 “

3803 4537 3805 4567 |

3799 4683 3801 4737 ι

3797 4787 3799 4823 |

3795 4855 3797 4909 |

3793 4949 3795 4993 Ι

3791 5015 3793 5079 l

3785 5115 3791 5270 ,ιι

3783 5275 3787 5366 il

3781 5367 3785 5505 ί
