3838 6384
504 351 611 420 im

1146 358 1418 416 russea
1454 356 1940 415 cassammsxs
1977 354 2129 414 ore.
2173 355 2355 413 rans
2391 356 2456 413 tt.
2497 318 2567 400 4—
2606 359 3115 418 APOLOCETICA.

3647 365 3762 420 628

505 487 677 545 modi.
704 498 826 555 quae
861 483 915 537 in
948 481 1114 538 totius
1136 482 1261 538 vitae
1285 490 1493 552 pestem
1524 480 1814 546 redundet,
1861 478 2079 535 auferre

2198 480 2476 550 ιαιοσύνης
2540 478 2756 551 πρῶτον
2829 483 2857 534 ὁ
2912 480 3209 553 νομοθέτης
3270 479 3462 552 ἡμῶν,
3534 484 3624 535 καὶ
3677 482 3763 536 δι-

505 578 669 647 vulgo
702 576 944 640 soleant;
986 581 1039 627 et
1068 573 1395 642 sapientium
1431 587 1495 627 ac
1517 572 1866 642 prudentium
1894 570 2077 624 homi-

506 684 638 724 num
672 666 1036 730 familiaritas,
1071 665 1247 734 pulsis
1282 664 1607 734 ignorantiae
1637 663 1897 727 tenebris,
1922 662 2080 732 longe

506 764 783 818 saniorem
816 757 1165 814 instituendas
1184 758 1307 811 vitae
1324 758 1591 811 rationem
1623 756 1866 811 edoceat.
1900 754 2080 821 Quare

506 855 787 925 legislator
819 860 1031 915 noster,
1076 867 1198 916 quae
1243 850 1311 904 ad
1355 850 1672 919 religionem
1702 848 2081 918 iustitiamque

507 946 891 1012 pertinebant,
957 952 1083 997 ante
1137 942 1321 995 omnia
1378 940 1653 1009 sigillatim
1714 948 1768 994 et
1803 939 2082 994 enucleate

506 1037 844 1100 constitutis,
879 1043 1043 1104 atque
1076 1033 1170 1096 ita,
1208 1042 1267 1086 ut
1296 1048 1405 1085 non
1447 1032 1612 1086 modo
1637 1031 1885 1086 criminis
1910 1046 2082 1099 genus

506 1144 673 1183 omne
705 1126 982 1196 conceptis
1017 1125 1175 1195 371
1208 1124 1388 1179 verbis
1417 1124 1753 1193 prohiberet,
1794 1123 1885 1178 sed
1916 1123 2082 1177 etiam

510 1234 701 1287 poenas
744 1216 1007 1271 divinitus
1053 1231 1081 1269 a
1130 1214 1396 1268 scelerum
1442 1213 1759 1268 auctoribus
1818 1212 2083 1281 expetitas

506 1310 669 1379 quasi
723 1309 895 1377 digito
922 1305 1189 1360 indicaret
1227 1304 1488 1375 (primum
1537 1303 1681 1358 enim
1722 1302 1825 1357 hoc
1879 1303 2081 1371 posuit,

512 1402 682 1456 Deum
713 1416 880 1455 unum
907 1414 1050 1459 esse,
1080 1397 1236 1464 cujus
1265 1410 1385 1451 sese
1413 1396 1578 1451 rebus
1608 1396 1661 1449 in
1696 1395 1952 1452 omnibus
1987 1413 2082 1467 po-

510 1506 684 1551 testas
720 1501 931 1559 exerat,
991 1509 1116 1548 cum
1149 1494 1233 1548 vis
1268 1491 1443 1561 ipsius
1464 1490 1649 1545 omnia
1682 1499 1962 1558 permeet:
1996 1490 2083 1543 ui-

513 1582 587 1635 bil
620 1597 746 1634 eum
780 1595 1010 1649 prorsus
1039 1582 1226 1646 latere,
1267 1581 1413 1650 quod
1448 1580 1503 1633 in
1537 1579 1699 1633 terris
1745 1580 1815 1634 ab
1850 1579 2076 1634 homini-

510 1675 614 1733 bus
644 1675 881 1730 obscure
911 1673 1036 1728 licet
1067 1675 1387 1742 occulteque
1411 1673 1504 1726 fiat
1532 1691 1544 1725 :
1576 1672 1688 1727 imo
1722 1689 1828 1726 non
1865 1689 1926 1728 ea
1957 1682 2081 1727 tan-

513 1778 648 1828 tum,
682 1781 804 1835 quae
828 1766 1009 1835 rcipsa
1059 1766 1211 1829 ﬁant,
1242 1766 1334 1819 sed
1358 1765 1521 1818 etiam
1579 1780 1701 1832 quae
1729 1763 1912 1818 futura
1952 1764 2081 1829 siut,

2178 572 2341 636 δάξας
2423 573 2631 625 ἕκαστα
2710 571 2840 642 περὶ
2917 572 3124 624 τούτων
3204 572 3305 625 οὐκ
3397 573 3766 644 ἀπαγορευτι-

2182 666 2294 727 κῶς
2374 664 2565 735 μόνον,
2662 663 2773 717 ἀλλ’
2846 664 3195 728 ὲνδεικτικῶς
3268 664 3417 733 (57),
3500 666 3589 718 καὶ
3664 668 3764 730 τὰς

2183 758 2384 828 βλάϐας
2440 758 2737 830 προδήλους
2794 758 2887 811 καὶ
2953 757 3053 821 τὰς
3123 757 3229 811 ὑπὸ
3274 757 3409 811 Θεοῦ
3462 759 3765 829 γενομένας

2182 847 2498 918 ἐπιπομπὰς
2522 851 2634 911 τοῖς
2666 847 2860 911 αἰτίοις
2885 848 3261 919 (προῦπέδειξε
3288 847 3393 919 γὰρ
3415 848 3525 915 (58)
3546 848 3766 918 πρῶτον

2183 941 2418 1003 πάντων,
2454 941 2536 993 ὅτι
2569 939 2727 1009 μόνος
2755 943 2783 992 ὁ
2814 939 2945 1003 Θεός
2975 942 3114 1003 ἐστι,
3140 940 3235 993 καὶ
3259 940 3346 993 διὰ
3373 940 3589 993 πάντων
3614 944 3650 1011 ἡ
3678 942 3765 994 δύ-

2183 1050 2344 1102 ναμις
2376 1031 2539 1084 αὑτοῦ
2569 1031 2778 1101 φανερὰ
2808 1031 3036 1100 γίνεται,
3087 1032 3517 1104 πεπληρωμένου
3536 1033 3768 1097 λπαντὶς

2181 1123 2347 1177 τόπου
2378 1127 2475 1195 τῆς
2508 1123 2845 1186 δυναστείας,
2881 1124 2975 1177 καὶ
3006 1123 3164 1176 οὐθὲν
3194 1124 3356 1177 αὐτὸν
3382 1124 3636 1179 λανθάνει
3660 1127 3768 1177 τῶν

2184 1215 2277 1267 ἐπὶ
2337 1217 2441 1284 γῆς
2477 1212 2775 1283 γινομένων
2825 1214 2917 1267 ὑπ’
2968 1213 3271 1285 ἀνθρώπιον
3320 1214 3597 1285 κρυφίω,
3654 1215 3769 1267 ἀλλ’

2183 1303 2281 1356 ὅσα
2307 1304 2448 1358 ποιεῖ
2475 1318 2579 1369 τις,
2602 1304 2748 1375 αὐτῷ
2775 1302 2980 1375 φανερὰ
3014 1304 3318 1375 καθέστηκε
3337 1345 3351 1367 ,
3388 1305 3482 1357 καὶ
3511 1307 3580 1358 τὰ
3642 1305 3770 1375 μὲλ-

2183 1392 2342 1447 λοντα
2369 1393 2652 1461 γίνεσθαιο
2697 1392 2849 1446 ταῦτ’
2879 1391 2971 1448 οὖν
3019 1393 3447 1465 ἐξεργαζόμενος
3502 1394 3772 1464 ἀκριϐῶς,

2184 1484 2276 1536 καὶ
2309 1481 2550 1552 πρόδηλα
2580 1481 2712 1545 θεὶς,
2752 1481 2969 1545 ἔδειξεν,
3018 1482 3120 1545 ὅτι,
3149 1482 3245 1534 καὶ
3285 1481 3376 1534 ἐὰν
3401 1481 3632 1552 ἐννοηθῇ
3693 1498 3776 1543 τις

2184 1574 2382 1628 κακίαν
2416 1573 2702 1637 ἐπιτελεῖν,
2733 1575 2832 1627 οὐκ
2862 1572 2929 1626 ἂν
2954 1572 3127 1633 λάθοι,
3165 1572 3240 1644 μὴ
3270 1574 3349 1625 ὅτι
3385 1573 3483 1626 καὶ
3532 1571 3771 1644 πράξας,

2183 1666 2249 1718 δι’
2288 1665 2414 1737 ὅλης
2428 1668 2527 1737 τῆς
2554 1664 2874 1735 νομοθεσίας
2893 1665 2954 1717 τὸ
2980 1663 3074 1717 τοῦ
3097 1663 3233 1717 Θεοῦ
3257 1664 3485 1718 δυνατὸν
3504 1664 3778 1717 ἐνδεικνύ-

2190 1756 2393 1828 μενος).
2414 1757 2787 1826 Ποιησάμενος
2828 1751 2919 1808 οὖν
2951 1754 3046 1826 τὴν
3077 1756 3359 1826 καταρχὴν
3387 1754 3630 1825 ταύτην,
3684 1756 3776 1808 καὶ

512 1857 560 1910 ei
592 1855 803 1920 cognita
832 1854 943 1923 jam
968 1870 1086 1909 esse
1110 1864 1272 1924 atque
1302 1854 1643 1923 perspecta):
1675 1867 1796 1921 quae
1830 1868 1952 1907 cum
1992 1854 2081 1907 ille

2198 1850 2381 1914 Ξείξας,
2412 1849 2493 1901 ὅτι
2550 1849 2750 1911 πάντες
2791 1848 2840 1900 οἱ
2893 1846 3069 1901 λοιποὶ
3116 1847 3245 1918 παρ’
3280 1849 3429 1917 ἡμᾶς
3490 1847 3777 1918 ἅνθρωποι

515 1953 626 1997 tam
664 1953 949 1997 accurrate
984 1949 1424 2012 persequeretur,
1457 1941 1591 1994 etin
1633 1942 1879 1996 omnimn
1909 1942 2084 1997 oculis

514 2034 824 2097 collocaret,
871 2033 1035 2088 simul
1071 2033 1176 2087 hoc
1205 2031 1449 2101 profecto
1474 2032 1681 2097 docuit,
1713 2031 1921 2085 nullum
1961 2046 2083 2084 om-

514 2125 646 2178 nino
683 2124 883 2188 scelus,
924 2122 1007 2177 vel
1052 2123 1237 2177 animo
1263 2131 1472 2177 tantum
1504 2131 1558 2176 et
1589 2123 1918 2187 cegitatioue
1954 2136 2085 2175 con-

515 2226 750 2285 ceptum,
790 2216 990 2271 nedum
1038 2224 1097 2267 ut
1132 2217 1309 2284 reipsa
1360 2223 1655 2283 patratum,
1723 2213 1893 2287 divini
1943 2212 2083 2267 oculi

516 2306 685 2363 aciem
718 2305 950 2375 cllugere
982 2318 1145 2373 posse
1177 2321 1189 2357 :
1227 2319 1388 2374 quem
1423 2305 1475 2358 in
1510 2305 1694 2368 linem,
1742 2302 1940 2356 summi
1977 2299 2089 2355 Nu—

516 2398 681 2451 minis
716 2404 1039 2466 potestatem
1089 2405 1203 2450 tota
1252 2397 1457 2466 passim
1505 2396 1623 2465 lege
1668 2403 2083 2449 commonstrat.

513 2491 648 2545 lude
702 2490 867 2565 igitur
923 2492 1257 2562 auspicatus,
1292 2489 1533 2544 ostendit
1574 2489 1857 2553 continuo,
1904 2487 1950 2542 si
1990 2502 2089 2541 nes

516 2594 728 2639 tantum
788 2584 1049 2653 excipias,
1107 2585 1373 2637 invectam
1427 2583 1496 2636 ab
1540 2582 1767 2651 reliquis
1833 2578 2089 2634 omnibus

516 2679 741 2732 deorum
772 2690 895 2731 esse
926 2676 1349 2738 multitudinem,
1383 2689 1506 2727 cum
1562 2683 1742 2727 tamen
1783 2672 1882 2726 ista
1918 2671 2091 2725 collu-

516 2767 603 2821 vie
628 2768 786 2838 longe
839 2767 1173 2835 potentiores
1222 2765 1299 2819 illi
1344 2765 1445 2834 ipsi
1481 2765 1611 2827 sint,
1642 2764 1736 2833 qui
1765 2763 1982 2841 divinos
2011 2762 2091 2815 ci-

519 2862 641 2914 dem
668 2860 906 2913 honores
941 2857 1140 2912 frustra
1171 2858 1475 2927 stolideque
1509 2858 1770 2910 tribuant.
1796 2853 1931 2909 Nam
1969 2869 2091 2923 qua:

517 2950 606 3005 vel
636 2966 700 3004 ex
731 2950 931 3019 lapide,
972 2950 1057 3003 vel
1105 2966 1170 3003 ex
1201 2950 1349 3018 ligno
1377 2948 1668 3003 simulacra
1712 2946 2086 3008 conﬂaverint,

519 3043 785 3111 imagines
823 3042 1040 3095 illorum
1070 3056 1191 3095 esse
1220 3040 1490 3101 dictitant,
1519 3038 1613 3107 qui
1647 3037 1849 3106 aliquid
1880 3037 2089 3091 ducen-

519 3138 601 3189 dae
626 3136 749 3189 vita:
782 3132 1132 3188 commodum
1167 3131 1500 3191 invenerint,
1542 3143 1792 3197 quosque
1817 3128 1931 3181 suis
1960 3128 2089 3197 ipsi-

520 3228 631 3273 met
662 3219 835 3275 oculis
858 3218 1005 3272 omni
1035 3234 1198 3277 sensu
1224 3232 1411 3271 carere
1433 3217 1640 3282 vident,
1668 3231 1761 3270 eos
1792 3213 1933 3268 flexo
1954 3232 2092 3284 quo-

521 3327 805 3382 que.genu
856 3317 1205 3363 venerantur.
1255 3307 1322 3362 Et
1371 3307 1588 3376 quidem
1621 3323 1686 3360 eo
1724 3308 2092 3376 potissimum,

522 3403 668 3472 quod
706 3401 938 3470 alicujus
965 3399 1044 3455 rei
1067 3409 1319 3453 auctores
1365 3397 1590 3464 fuerint,
1624 3398 1691 3452 ad
1729 3400 1868 3455 hanc
1897 3400 2097 3454 divini—

522 3494 655 3548 tatis
677 3493 989 3563 Opinionem
1026 3490 1245 3554 adduci,
1283 3506 1511 3560 prorsus
1542 3491 1722 3544 insani
1749 3491 1944 3560 capitis
1966 3499 2051 3545 est
2077 3508 2092 3544 :

525 3586 723 3654 quippe
763 3585 856 3654 qui
910 3599 975 3638 ex
1036 3584 1103 3639 iis
1162 3582 1448 3648 duntaxat,
1502 3599 1624 3653 qua:
1675 3592 1956 3653 procreata
1981 3583 2093 3651 jam

524 3687 702 3738 erant,
726 3678 864 3731 inter
895 3690 1014 3731 sese
1039 3675 1301 3729 nonnulla
1332 3674 1737 3745 coniunxerint,
1790 3683 1953 3743 atque
1983 3674 2093 3727 uti-

527 3770 563 3825 li
594 3773 696 3821 at‘s
725 3767 931 3837 aliquid
956 3764 1148 3823 afferre
1176 3780 1337 3835 posse
1376 3763 1739 3829 ostenderint,
1774 3772 1831 3818 at
1860 3764 2097 3817 molitio-

528 3878 651 3915 nem
684 3876 872 3913 eorum
899 3875 965 3913 ne
990 3859 1268 3928 attigerint
1294 3858 1536 3927 quidem.
1571 3856 1827 3911 Vecordis
1851 3857 2016 3925 igitur
2035 3871 2098 3910 ac

528 3952 797 4007 dementis
830 3950 1014 4018 fuerit,
1055 3952 1186 4005 huic
1234 3950 1516 4004 hominum
1547 3950 1730 4020 generi
1761 3950 2097 4004 divinitatem

528 4043 803 4113 attingere.
838 4042 1129 4098 Enimvero
1158 4042 1533 4111 superioribus
1588 4041 1696 4097 illis
1730 4042 1887 4111 longe
1924 4041 2098 4095 soler-

529 4138 699 4189 tiores
730 4134 890 4188 hodie
935 4132 1390 4203 quamplurimos,
1438 4147 1503 4186 ac
1551 4148 1733 4185 rerum
1791 4132 2101 4198 cognitione

532 4224 943 4298 praestantiores
968 4224 1236 4289 invenias,
1280 4238 1419 4293 quos
1469 4223 1537 4277 ab
1566 4224 1686 4278 istis
1720 4224 1945 4292 proinde
1978 4232 2098 4276 tan-

531 4300 695 4389 quam
731 4317 863 4373 deos
892 4316 996 4371 coli
1024 4316 1311 4385 oportebit.
1352 4315 1529 4385 Atque
1554 4316 1608 4368 hi
1631 4316 1916 4370 numinum
1953 4313 2103 4369 ﬁcto-

531 4429 621 4468 res
640 4421 695 4467 et
718 4410 1002 4466 architecti
1025 4410 1336 4465 Graecorum
1368 4408 1760 4479 sapientissimi
1791 4409 1980 4462 audire
2003 4422 2099 4461 vo-

530 4506 669 4557 lunt.
702 4500 863 4574 (Quid
907 4502 1055 4557 enim
1099 4499 1478 4571 Egyptiorum
1522 4499 1724 4563 dicam,
1760 4500 2101 4569 aliorumque

531 4594 817 4657 similium,
849 4595 944 4664 qui
978 4594 1031 4647 in
1058 4591 1211 4658 feris,
1246 4592 1595 4661 serpentibus
1638 4606 1701 4645 ac
1726 4591 2097 4660 spurcissimis

532 4686 905 4741 animantibus
937 4700 1034 4755 spe
1064 4684 1214 4739 omni
1246 4685 1530 4749 collocata,
1558 4700 1652 4738 eas
1684 4684 1885 4737 divinis
1919 4684 2098 4737 bono-

529 4779 684 4831 ribus
712 4786 876 4846 atque
901 4775 1186 4831 sacriﬁciis
1207 4790 1316 4829 non
1339 4774 1583 4828 viventes
1602 4774 1784 4837 modo,
1815 4774 1907 4828 sed
1936 4775 2098 4828 etiam

529 4880 778 4922 mortuas
806 4868 1280 4939 prosequuntur?)
1312 4866 1428 4934 His,
1460 4868 1705 4937 inquam,
1736 4866 1993 4922 omnibus
2023 4867 2103 4921 le-

531 4961 757 5031 gislator
790 4962 877 5015 ille
918 4968 1127 5024 noster,
1173 4961 1253 5014 uti
1281 4960 1718 5030 sapientissimus
1769 4969 1906 5023 erat,
1940 4968 2103 5029 atque

534 5071 563 5109 a
595 5052 707 5108 Deo
732 5068 915 5108 rerum
962 5052 1030 5109 ad
1070 5053 1317 5108 omnium
1352 5052 1717 5123 cognitionem
1752 5053 1951 5117 factus,
1978 5053 2103 5107 dili-

536 5155 723 5214 genter
774 5145 1051 5215 expensis,
1109 5145 1517 5215 inexpugnabili
1563 5144 1801 5214 quodam
1856 5145 1998 5200 vallo
2049 5153 2103 5199 et

607 5254 719 5326 (57)
774 5255 1191 5323 Ἑνδεικτικῶς.
1241 5256 1499 5312 Aristzeas
1548 5266 1806 5327 uterque,
1854 5257 2099 5323 ἐνδίκως.

536 5326 648 5394 Ego
694 5327 830 5383 nihil
869 5338 1056 5389 muto,
1104 5345 1204 5384 nec
1243 5329 1537 5397 quidquam
1582 5326 1768 5382 deesse
1817 5330 2100 5384 arbitror:

538 5408 826 5477 sequentes
848 5400 992 5452 enim
1024 5401 1315 5455 accusativi
1340 5399 1405 5452 ad
1435 5399 1681 5468 particip.
1725 5398 1960 5463 διδάξας,
1998 5399 2104 5454 ἀπὸ

537 5468 715 5521 κοινοῦ
743 5468 1068 5522 referuntur.

608 5536 719 5606 (58)
760 5537 1156 5605 Προϋπέδειξε
1185 5538 1315 5608 γάρ.
1351 5536 1523 5593 Totus
1553 5539 1642 5593 hic
1679 5538 1850 5599 locus.
1895 5540 1959 5593 ad
2015 5540 2103 5594 illa

538 5622 712 5675 usque
744 5611 925 5671 verba,
963 5609 1182 5663 δυνατὸν
1215 5608 1639 5680 ἐνδεικνύμενος,
1683 5625 1804 5680 quae
1840 5611 2107 5665 habentur

536 5682 600 5732 Α.
624 5682 747 5735 nlt..
777 5681 1085 5744 parenthesi
1120 5681 1474 5734 includendus
1507 5691 1608 5733 est.

608 5746 718 5817 (59)
760 5747 1037 5822 Etté‘j'dp.
1067 5750 1347 5822 Arisueas,
1383 5751 1435 5802 εἴ
1461 5767 1512 5802 τι
1541 5748 1671 5822 γάρ,
1696 5752 1857 5822 longe
1889 5751 2101 5807 melius.

538 5816 632 5873 Est
665 5816 841 5873 autem
872 5819 993 5869 είτι
1020 5820 1125 5890 γὰρ
1156 5822 1272 5873 κατ’
1310 5822 1483 5873 ἐκεῖνό
1520 5816 1599 5885 τις
1620 5816 1767 5894 θείη,
1792 5816 1936 5878 idem
1996 5823 2106 5878 fere

2187 1940 2414 2003 πολλοὺς
2442 1939 2599 2003 θεοὺς
2623 1935 2760 1993 εἶναι
2789 1941 3120 2010 νομίζουσιν,
3155 1941 3309 1992 αὐτοὶ
3336 1939 3778 2011 δυναμικώτεροι

2188 2031 2366 2102 πολλῷ
2386 2030 2725 2094 καθεστῶτες
2757 2025 2831 2086 ὧν
2863 2032 3107 2085 σέϐονται
3137 2030 3400 2102 ματαίως.
3455 2031 3778 2102 ’Δγάλματα

2187 2123 2293 2193 γὰρ
2327 2123 2649 2193 ποιήσαντες
2706 2123 2769 2173 ἐκ
2819 2120 3047 2191 λίθωνῆ
3099 2120 3299 2184 ξύλων,
3348 2120 3571 2183 εἰκόνας
3618 2121 3778 2189 φασὶν

2188 2210 2325 2266 εἶναι
2376 2211 2484 2265 τῶν
2524 2211 2850 2282 ἐξευρόντων
2886 2229 2939 2264 τι
2972 2212 3107 2283 πρὸς
3140 2213 3198 2266 τὸ
3244 2213 3342 2284 ζῇν
3369 2214 3561 2275 αὐτοῖς
3586 2216 3779 2285 χρήσι-

2193 2323 2310 2376 μον,
2343 2300 2423 2368 οἷς
2454 2303 2837 2375 προσκυνοῦσι,
2874 2304 3025 2375 παρὰ
3050 2305 3217 2368 πόδας
3241 2307 3456 2375 ἔχοντες
3488 2304 3591 2376 τὴν
3632 2306 3779 2359 ἀναιο

2192 2397 2437 2468 σθησίαν.
2490 2393 2614 2447 Είτε
2654 2394 2763 2467 γὰρ
2804 2395 2915 2465 (59)
2958 2397 3078 2449 κατ’
3127 2398 3302 2451 ἐκεῖνό
3342 2415 3426 2461 τις
3462 2397 3613 2468 θείη,
3644 2396 3779 2450 κατὰ

2189 2492 2287 2562 τὴν
2343 2487 2640 2559 ἐξεύρεσιν,
2678 2488 2955 2552 παντελῶς
3003 2489 3257 2559 ἀνόητονο
3306 2489 3415 2542 τῶν
3464 2488 3580 2561 γὰρ
3632 2491 3690 2542 ἐν

2191 2584 2369 2635 κτίσει
2409 2580 2662 2642 λαϐόντες
2705 2579 2861 2642 τινὰ,
2913 2580 3236 2650 συνέθηκαν,
3281 2581 3374 2635 καὶ
3411 2580 3779 2651 προσαπέδει-

2194 2673 2288 2737 ξαν
2328 2669 2437 2729 (UO;
2467 2668 2904 2740 εὐχρηστοτάτην
2933 2667 3030 2739 τὴν
3067 2667 3410 2738 κατασκευὴν
3466 2666 3660 2720 αὐτῶν
3680 2707 3695 2731 ,
3723 2667 3779 2719 ού

2197 2766 2517 2835 ποιήσαντες
2548 2760 2700 2815 αὐτοί
2717 2779 2729 2791 ⁸
2757 2760 2837 2813 διὸ
2857 2762 3011 2814 κενὸν
3034 2762 3128 2815 καὶ
3159 2762 3384 2832 μάταιον
3411 2761 3542 2823 τοὺς
3561 2761 3781 2831 ὁμοίους

2194 2856 2477 2912 ἀποθεοῦν.
2525 2857 2635 2910 Καὶ¹
2673 2854 2782 2925 γὰρ
2838 2854 2919 2907 ἔτι
2962 2857 3054 2907 καὶ
3088 2853 3182 2908 νῦν
3219 2853 3643 2924 εὐρετικιὶιτεροι
3694 2854 3782 2906 καὶ

2194 2947 2658 3021 πολυμαθέστεροι
2684 2945 2792 2999 τῶν
2826 2944 3124 3016 ἀνθρώπων
3143 2945 3251 2997 τῶν
3282 2945 3410 3016 πρίν
3437 2948 3549 2998 εἰσι
3575 2944 3780 3007 τωλλοὶ,

2195 3042 2288 3096 καὶ
2318 3043 2419 3094 οὐκ
2454 3040 2517 3093 ἂν
2548 3039 2798 3108 φθάνοιεν
2830 3039 3026 3101 αὐτοὺς
3056 3037 3515 3107 προσκυνοῦντες.
3548 3039 3671 3092 Καὶ
3699 3056 3780 3091 νο-

2118 3177 2163 3237 c
2199 3134 2444 3207 μίζουσιν
2476 3134 2525 3185 οἱ
2556 3131 2727 3185 ταῦτα
2755 3131 3150 3194 διαπλάσαντες
3192 3131 3285 3186 καὶ
3314 3130 3784 3202 μυθοποιήσαντες

2193 3225 2301 3279 τῶν
2345 3224 2611 3295 Ἑλλήνων
2659 3226 2707 3276 οί
2743 3221 3042 3291 σοφώτατοι
3094 3212 3444 3277 καθεστάναι.
3511 3223 3648 3276 Τῶν
3696 3227 3783 3295 μὲν

2193 3316 2302 3386 γὰρ
2322 3315 2495 3370 ἄλλων
2524 3314 2909 3384 πολυματαίων
2940 3312 2992 3363 τί
3024 3312 3107 3364 δεῖ
3143 3312 3342 3381 λέγειν,
3384 3314 3708 3381 Αἰγυπτίων
3730 3329 3783 3366 τε

2194 3408 2289 3462 καὶ
2340 3407 2449 3460 τῶν
2503 3404 2919 3478 παραπλησίων,
2971 3404 3165 3469 οἵτινες
3204 3404 3294 3457 ἐπὶ
3328 3404 3495 3476 θηρία
3544 3407 3654 3458 καί
3688 3404 3784 3457 τῶν

2196 3501 2440 3576 ἑρπετῶν
2467 3500 2536 3553 τὰ
2565 3499 2811 3562 πλεῖστα,
2844 3498 2939 3552 καὶ
2972 3498 3063 3551 ἐπὶ
3096 3497 3382 3550 κνωδάλων
3415 3498 3517 3569 τὴν
3555 3498 3784 3568 ἀπέρει-

2198 3611 2282 3648 σιν
2308 3592 2653 3664 πεποίηνται,
2688 3591 2782 3644 καὶ
2810 3589 2986 3644 ταῦτα
3017 3587 3382 3659 προσκυνοῦσι
3405 3627 3421 3651 ,
3466 3589 3562 3643 καὶ
3603 3589 3784 3642 θύουσι

2195 3684 2403 3747 τούτοις
2425 3683 2519 3736 καὶ
2552 3681 2687 3747 ζῶσι
2712 3682 2806 3735 καὶ
2835 3681 3225 3750 τελευτήσασις
3252 3680 3661 3753 Συνθεωρήσας
3686 3697 3785 3733 τοι·

2197 3774 2401 3845 γαροῦν
2434 3773 2545 3843 (61)
2575 3773 2783 3826 ἕκαστα
2812 3771 2977 3840 σοφδς
3008 3769 3082 3824 ὢν
3107 3770 3135 3822 ὁ
3158 3769 3452 3839 νομοθέτης
3478 3809 3493 3833 ,
3542 3769 3648 3822 καὶ
3691 3769 3784 3820 ὑπὸ

2197 3867 2332 3921 Θεοῦ
2376 3864 2886 3936 κατεσκευασμένος
2920 3866 2999 3927 είς
3033 3862 3328 3930 ἐπίγνωσιν
3356 3862 3463 3913 τῶν
3503 3862 3783 3919 ἁπάντων,

2199 3956 2559 4030 περιέφραξεν
2603 3957 2751 4028 ήμᾶς
2794 3955 3109 4018 ἀδιακόποις
3161 3953 3359 4025 χάραξι
3396 3953 3494 4005 καὶ
3547 3954 3787 4024 σιδηροῖς

2199 4051 2456 4121 τείχεσιν,
2490 4050 2637 4111 ὅπως
2671 4045 2858 4119 μηδενὶ
2896 4045 3006 4099 τῶν
3045 4045 3218 4099 ἄλλων
3250 4044 3421 4098 ἐθνῶν
3475 4044 3786 4115 ἐπιμισγὼ-

2205 4139 2342 4210 μεθα
2376 4138 2517 4192 κατὰ
2553 4136 2740 4208 μηδὲν,
2775 4136 2929 4204 ἁγνοὶ
2962 4135 3305 4199 καθεστῶτες
3337 4134 3479 4188 κατὰ
3511 4135 3682 4206 σῶμα
3702 4134 3787 4188 καὶ

2201 4229 2343 4284 κατὰ
2374 4228 2571 4300 ψυχὴν,
2603 4227 2995 4298 ἀπολελυμένοι
3029 4228 3269 4298 ματαίων
3293 4226 3484 4292 δοξῶν,
3507 4226 3607 4279 τὸν
3639 4227 3788 4297 μόνον

2201 4323 2334 4377 Θεὸν
2383 4321 2477 4375 καὶ
2531 4319 2754 4373 δυνατὸν
2804 4318 3084 4389 σεϐόμενοι
3130 4320 3257 4390 παρ’
3285 4317 3413 4389 ὅλην
3455 4318 3558 4389 τὴν
3614 4322 3786 4372 πᾶσαν

2205 4411 2400 4466 κτίσιν.
2439 4409 2602 4463 Ὅθεν
2629 4409 2943 4479 Αἰγυπτίων
2981 4411 3029 4461 οἱ
3064 4407 3440 4478 καθηγεμόνες
3481 4409 3660 4479 ἱερεῖς
3704 4410 3786 4475 ἐγ.

2134 4536 2177 4591 D
2206 4502 2503 4572 κεκυφότες
2537 4502 2617 4591 είς
2648 4499 2837 4591 πολλὰ,
2869 4500 2965 4553 καί⁵
3002 4498 3396 4591 μετεσχηκότες
3421 4499 3784 4570 πραγμάτων,

2211 4591 2530 4661 ἀνθρώπους
2557 4589 2692 4643 Θεοῦ
2732 4586 3229 4662 προσονομάζουσιν
3270 4589 3418 4659 ἡμᾶς
3438 4604 3452 4619 ·
3480 4588 3511 4640 ὃ
3541 4592 3663 4651 τοῖς
3688 4588 3786 4641 λοι-

2212 4688 2335 4748 ποῖς
2356 4686 2417 4737 οὐ
2448 4685 2760 4755 πρόσεστιν,
2791 4684 2838 4734 εί
2872 4682 2944 4752 μή
2997 4697 3080 4743 τις
3116 4679 3329 4733 σέϐεται
3376 4680 3465 4733 τὸν
3512 4682 3639 4733 κατ’
3667 4681 3786 4750 dif;

2213 4778 2362 4830 θειαν
2387 4776 2538 4830 Θεόν.
2568 4776 2705 4828 Ἀλλ’
2730 4775 2868 4827 εἰσὶν
2896 4771 2992 4827 ἄνθ
3003 4789 3171 4843 ρωποι
3205 4771 3445 4843 βρωτῶν,
3463 4774 3560 4826 καὶ
3591 4773 3782 4835 ποτῶν,

2212 4870 2308 4922 καὶ
2343 4869 2580 4937 σκέπης’
2618 4869 2651 4937 ἡ
2680 4866 2789 4938 γὰρ
2820 4867 2969 4918 πᾶσα
2998 4865 3235 4928 διάθεσις
3261 4865 3439 4918 αὐτῶν
3483 4868 3579 4919 ἐπὶ
3621 4868 3783 4921 ταῦτα

2213 4961 2566 5031 καταφεύγει.
2601 4960 2725 5023 Τοῖς
2748 4959 2805 5012 δὲ
2836 4959 2967 5029 παρ’
2992 4959 3125 5027 ἡμῖν
3158 4960 3217 5011 ὲν
3242 4958 3415 5011 οὐδενὶ
3439 4958 3622 5013 ταῦτα
3649 4960 3784 5012 λελό-

2212 5070 2416 5121 γισται,
2453 5053 2582 5124 περὶ
2605 5051 2662 5105 δὲ
2692 5047 2793 5122 ’τῆς
2830 5049 2923 5103 τοῦ
2949 5048 3086 5102 Θεοῦ
3117 5048 3431 5114 δυναστείας
3459 5050 3530 5104 δι’
3553 5051 3675 5105 ὅλου
3697 5050 3781 5104 τοῦ

2214 5148 2313 5219 ζῇν
2353 5148 2386 5218 ἡ
2433 5145 2623 5216 σκέψις
2664 5144 2848 5208 αὐτοῖς
2884 5144 3052 5196 ἐστιν.
3084 5142 3275 5206 Ὅπως
3309 5139 3402 5196 οὖν
3430 5145 3629 5214 μηδενὶ
3669 5161 3781 5197 συν·

2214 5260 2376 5329 quod.
2399 5258 2453 5312 εἴ
2475 5276 2527 5329 τι
2550 5258 2658 5329 γὰρ
2686 5258 2860 5329 ἐκεῖνό
2888 5276 2973 5322 τις
2994 5254 3132 5311 εἶναι
3162 5257 3362 5327 τίθησι,
3385 5258 3468 5313 vel
3499 5259 3557 5311 εί
3581 5276 3660 5329 τῳ
3682 5258 3752 5327 τὰ

2215 5274 2376 5329 quou.
2399 5274 2448 5312 ει
2475 5276 2527 5311 τι
2550 5274 2658 5329 γαρ
2686 5274 2860 5313 εκεινο
2888 5276 2973 5322 τις
2994 5274 3132 5311 ειναι
3162 5274 3362 5327 τιυησι,
3385 5274 3468 5313 vet
3499 5274 3549 5311 ει
3581 5276 3660 5329 τῳ
3682 5274 3752 5327 γα

2215 5332 2392 5384 ἐκεῖνο
2449 5326 2588 5383 εἷναί
2618 5346 2670 5382 τι
2691 5324 2913 5388 δόξειεν.
2942 5329 3095 5393 Quod
3132 5340 3310 5383 autem
3346 5330 3617 5396 sequitur,
3650 5274 3781 5381 rat:

2344 5399 2643 5522 ἐξεύρεσιν,
2675 5414 2770 5469 per
2797 5398 3131 5471 ἐπεξήγησιν
3152 5399 3441 5470 quamdam
3470 5400 3779 5467 adjunctum

2216 5487 2269 5523 vt
2311 5487 2338 5521 ρ
2367 5486 2450 5523 ur.

2216 5480 2450 5525 vtdetur.

2288 5540 2397 5609 (60)
2438 5540 2547 5593 Καὶ
2580 5537 3079 5607 προσαπέδειξαν,
3112 5548 3214 5593 etc.
3242 5539 3504 5593 Aristaeas
3536 5550 3778 5609 uterque,

2217 5610 2312 5665 καὶ
2342 5607 2764 5681 προσυπέδειξαν
2795 5608 3086 5681 εὔχρηστα,
3114 5609 3210 5680 τήν
3235 5612 3581 5681 κατασκευὴν
3609 5607 3781 5681 αὐτῶν

2216 5683 2274 5733 οὑ
2329 5678 2647 5751 ποιήσαντες
2697 5679 2870 5732 αὐτοί.
2896 5678 3120 5751 ίΒυοιε,
3155 5678 3257 5733 nisi
3293 5679 3439 5748 quod
3472 5678 3646 5733 ποιεῖν
3688 5679 3780 5748 τήν

2219 5749 2580 5819 κατασκευήν,
2614 5751 2774 5817 paulo
2807 5750 2984 5805 rarius
3007 5749 3234 5819 videtur.

2290 5822 2400 5894 (Gl)
2450 5817 2781 5889 Τοὶγαροῦν.
2812 5819 3001 5888 Arist.,
3037 5817 3149 5888 οὖν,
3182 5819 3396 5873 melius.
