3838 6384
146 351 233 404 629

1233 349 1554 406 ΡΠᾹΞΡΑΒ.
1595 349 1850 403 EV’ANG.
1891 347 2019 402 LIB.
2061 345 2195 401 Vlll.
2229 415 2232 419 ι

3238 344 3340 399 630

143 467 458 538 αλιςγέμενοι,
481 466 614 537 μηδὲ
630 467 939 538 ὁμιλοῦντες
972 469 1175 539 φαύλῳ,
1193 471 1516 542 διαστροφάς
1537 471 1647 542 λαμ

1778 470 1969 525 l‘erreis
1998 469 2154 538 quasi
2189 466 2463 522 moenibus
2498 473 2680 533 septos
2705 477 2826 517 esse
2855 477 2956 516 uos
2992 464 3343 533 munitosque

143 563 378 629 ϐἀνοιμεν,
406 558 668 612 πάντοθεν
691 561 838 630 ἡμᾶς
875 561 1238 632 περιέφραξεν
1279 563 1540 628 ἁγνείαις.
1575 565 1669 617 καὶ

140 652 210 705 διὰ
233 649 446 720 βρωτῶν,
490 651 586 702 καὶ
633 650 831 714 ποτῶν,
885 653 979 704 καὶ
1023 653 1186 722 ἁφῆς,
1215 655 1307 706 καὶ
1341 655 1524 725 ἀκοῆς,
1573 657 1668 709 καὶ

139 744 340 812 ὁράσεως
364 743 610 811 νομικῆς.
642 741 713 794 Τὸ
738 740 845 812 γὰρ
870 741 1098 794 καθόλου
1119 781 1132 804 ,
1187 744 1365 796 πάντα
1413 746 1547 816 πρὸς
1584 747 1667 799 τὸν

139 833 324 905 σιτικὸν
349 831 499 898 λόγον
527 833 688 901 ὃμοια
714 832 1069 903 καθέστηκεν,
1102 833 1206 886 ὑπὸ
1238 837 1364 904 μιᾶς
1386 835 1667 906 δυνάμεως

136 925 545 993 οἱκονομούμενα,
593 924 685 975 καὶ
725 923 844 976 καθ’
878 923 936 977 ὃν
968 924 1174 977 ἕκαστα
1211 925 1318 996 (62)
1351 925 1460 996 ἔχει
1510 926 1664 995 λόγον

140 1017 286 1086 βαθὺν,
316 1015 402 1083 ἀρ’
431 1009 504 1067 ὧν
533 1015 852 1085 ὰπεχόμεθα
885 1015 1025 1068 κατὰ
1048 1016 1146 1087 τὴν
1174 1020 1367 1088 χρῆσιν
1387 1059 1400 1081 ,
1448 1019 1539 1072 καὶ
1584 1015 1665 1084 οἷς

137 1106 469 1178 σδγχρώμεθα.
500 1107 677 1177 Χάριν
710 1106 766 1160 δὲ
801 1107 1215 1178 ὑποδείγματος,
1239 1109 1299 1162 ἒν
1343 1109 1375 1181 ἢ
1415 1110 1664 1183 δεύτερον

133 1198 398 1270 ἐπιδραμών
424 1215 506 1251 σοι
537 1199 786 1268 σημανῶ.
809 1200 899 1270 Μὴ
931 1201 1038 1270 γὰρ
1069 1203 1147 1264 εἰς
1179 1202 1267 1255 τὸν
1301 1220 1663 1258 καταπεπτω-

133 1296 234 1348 κότα
281 1291 423 1359 λόγον
471 1291 742 1363 εἰσέλθῃς,
793 1293 873 1344 ὃτι
931 1293 1081 1362 μυῶν
1125 1295 1216 1347 καὶ
1277 1295 1467 1365 γαλῆς,
1496 1296 1528 1366 ἦ
1555 1297 1663 1350 τῶν

129 1381 338 1434 τοιούτων
381 1381 540 1451 χάριν
611 1381 928 1451 περιεργίας
983 1382 1299 1453 ποιούμενος
1354 1385 1661 1455 ἐνομοθέτει

129 1474 265 1527 ταῦτα
287 1474 508 1544 Μωσῆς,
541 1473 679 1527 ἀλλὰ
708 1475 843 1546 πρὸς
869 1475 1039 1545 ἁγνὴν
1091 1474 1396 1545 ἐπίσκεψιν,
1417 1478 1510 1530 καὶ
1539 1477 1662 1549 τρό-

131 1583 219 1617 ποέν
256 1564 573 1635 ὲξαρτισμδν
595 1606 610 1628 ,
659 1565 1005 1634 δικαιοσύνης
1037 1567 1200 1619 ἕνεκα
1232 1569 1444 1638 σεμνῶς
1483 1570 1660 1623 πάντα

129 1656 457 1710 ἀνατέτακται.
487 1655 613 1708 Τῶν
640 1657 747 1727 γὰρ
764 1657 1045 1720 πετεινῶν,
1063 1654 1142 1720 οἷς
1173 1657 1454 1729 χρώμεθα,
1483 1661 1658 1715 πάντα

126 1751 268 1818 ἧμερα
289 1747 618 1818 καθέστηκε,
655 1747 749 1800 καὶ
777 1747 1020 1818 διαφέρει
1043 1749 1419 1820 καθαριότητι,
1466 1754 1657 1821 πυροῖς

1771 559 1965 625 voluit,
1992 575 2059 613 ne
2084 572 2210 612 cum
2240 557 2361 610 aliis
2392 554 2641 627 gentibus
2669 554 2750 606 vel
2788 555 3014 608 minimo
3042 556 3118 608 rei
3153 557 3344 626 cujus-

1769 666 1876 721 que
1932 648 2264 705 commercio
2321 647 2700 717 iungeremur,
2750 645 2843 700 sed
2884 662 3113 715 corpore
3178 648 3343 703 simul

1769 743 2060 812 animoque
2101 741 2260 807 casti,
2292 739 2637 808 {utiliumque
2689 738 3005 808 opinionum
3060 742 3341 798 erroribus

1767 835 2021 902 expediti,
2042 850 2208 887 unum
2227 848 2390 902 supra
2407 841 2686 887 creaturas
2724 847 2916 888 omnes
2949 849 3011 888 ac
3035 846 3338 905 praepoten-

1769 936 1875 980 tem
1914 925 2082 979 Deum
2113 926 2434 979 coleremus.
2465 925 2649 994 ltaque
2678 940 2778 980 nos
2813 925 2913 994 ipsi
2934 943 3151 996 quoque
3174 928 3337 998 372

1767 1018 2040 1088 principes
2068 1015 2448 1088 Egyptiorum
2474 1015 2805 1083 sacerdotes,
2838 1018 2931 1086 qui
2966 1018 3126 1074 altius
3168 1020 3222 1072 in
3254 1036 3340 1073 re-

1765 1127 1886 1164 rum
1917 1121 2230 1165 nostrarum
2275 1124 2476 1164 arcana
2508 1117 2884 1178 penetrarunt,
2926 1112 3145 1180 proprio
3178 1113 3336 1181 quasi

1764 1203 2004 1266 nomine,
2034 1201 2128 1255 Dei
2161 1201 2408 1256 homines
2452 1201 2810 1270 appellarunt.
2842 1201 2897 1256 ld
2927 1204 3069 1272 quod
3096 1203 3146 1256 in
3177 1205 3333 1266 alios,

1765 1295 1858 1364 qui
1889 1312 1918 1348 a
1948 1293 2060 1347 veri
2094 1292 2343 1346 Numinis
2376 1293 2524 1347 cultu
2572 1293 2734 1347 alieni
2791 1301 2937 1358 sunt,
2981 1295 3130 1348 nullo
3172 1296 3336 1349 modo

1763 1385 2055 1440 convenire
2101 1395 2297 1454 potest.
2353 1384 2461 1440 Eos
2494 1386 2639 1439 enim
2682 1385 2864 1453 potius
2897 1385 3026 1447 cibi,
3058 1394 3240 1454 potus,
3271 1401 3334 1441 ac

1764 1474 2071 1528 vestimenti
2136 1475 2386 1528 homines
2444 1474 2773 1544 appellaris,
2834 1475 3032 1545 quippe
3098 1492 3332 1546 quorum

1763 1567 1979 1620 animus
2005 1567 2056 1618 in
2092 1581 2275 1618 rerum
2306 1564 2538 1618 istarum
2581 1581 2712 1620 cura
2741 1575 2888 1620 totus
2919 1576 2969 1619 et
3003 1568 3332 1636 cogitatione

1762 1666 2025 1712 versetur.
2085 1657 2241 1726 Apud
2287 1665 2509 1710 nostros
2559 1668 2764 1722 autem,
2823 1657 2914 1726 qui
2951 1658 3075 1711 vita:
3122 1667 3333 1726 tempus

1762 1749 2076 1804 universum
2109 1748 2161 1800 in
2191 1763 2300 1801 una
2329 1746 2528 1801 divina.
2552 1747 2839 1816 potestatis
2872 1748 3332 1817 contemplatione

127 1842 197 1891 καὶ
220 1840 442 1908 ὀσπρίοις
467 1838 730 1910 χρώμενα
752 1841 886 1911 πρὸς
910 1840 1132 1912 τροφὴν,
1159 1819 1268 1895 οἷον
1317 1819 1648 1914 περιστεραὶ,

1757 1840 2017 1910 deﬁgunt,
2055 1848 2254 1893 cuncta
2282 1839 2385 1894 ista
2417 1839 2624 1908 jacent.
2663 1837 2804 1906 Ergo
2839 1855 2905 1892 ne
2942 1855 3006 1893 ex
3036 1840 3200 1894 ullius
3229 1840 3330 1893 im-

125 1930 365 2001 τριγόνες,
413 1932 654 1999 ἀτταγαὶ
681 1973 696 1996 ,
733 1933 1008 2004 πέρδικες,
1045 1934 1204 1986 ἔτιδὲ
1249 1937 1426 2005 χῆνες,
1465 1937 1556 1988 καὶ
1591 1937 1658 1988 τὰ

126 2022 229 2076 ἄλλα
247 2024 335 2076 ὅσα
359 2024 607 2078 τοιαῦτα.
633 2024 768 2095 Περὶ
800 2018 874 2078 ὧν
899 2025 954 2078 δὲ
978 2025 1347 2097 ἀπηγόρευται
1378 2026 1656 2091 πετεινῶν,

124 2117 328 2186 εὑρήσεις
349 2117 516 2187 ἄγρια
537 2134 600 2169 τε
623 2119 714 2170 καὶ
743 2119 1081 2188 σαρκοφάγα,
1105 2118 1197 2171 καὶ
1227 2117 1658 2172 καταδυναστεύ-

123 2222 220 2258 οντα
321 2205 446 2276 περὶ
481 2206 627 2258 αὐτὰ
649 2205 872 2275 δυνάμει
896 2205 964 2258 τὰ
989 2205 1167 2270 λοιπὰ,
1204 2209 1296 2260 καὶ
1326 2206 1423 2278 τὴν
1453 2209 1658 2280 τροφὴν

124 2298 274 2364 ἔχοντα
322 2298 416 2366 τὴν
463 2297 775 2369 δαπάνησιν
823 2298 928 2350 τῶν
971 2299 1385 2369 προειρημένων
1439 2301 1657 2372 ἡμέρων

126 2388 231 2454 μετὰ
254 2387 472 2450 ἀδικίας.
510 2386 594 2442 Οὐ
622 2389 778 2458 μόνον
799 2389 854 2442 δὲ
879 2389 1069 2453 ταῦτα,
1097 2390 1233 2444 ἀλλὰ
1262 2392 1356 2444 καὶ
1404 2394 1530 2456 τοὺς
1557 2394 1655 2464 ἄρ-

123 2495 193 2537 v1;
213 2479 291 2529 καὶ
318 2479 538 2548 ἐρίφους
565 2477 890 2548 ἁρπάζουσι,
927 2482 1021 2533 καὶ
1059 2483 1184 2544 τοὺς
1226 2481 1548 2553 ἀνθρώπους
1600 2483 1655 2536 δὲ

123 2567 339 2632 ἀδικοῦσι,
380 2571 618 2641 νεκρούς
655 2588 713 2624 τε
740 2573 832 2625 καὶ
890 2572 1116 2638 ζῶντας.
1177 2575 1511 2646 Παρὰσημον
1563 2570 1654 2627 οῦν

121 2653 237 2705 ἔθετο
263 2655 340 2708 διὰ
396 2657 634 2720 τούτων,
685 2659 967 2732 ἀκάθαρτα
1020 2665 1418 2734 προονομὰσας,
1465 2667 1547 2719 ὅτι
1597 2665 1654 2718 δέ

121 2744 313 2816 ἐπι(63)
352 2748 493 2801 κατὰ
525 2749 741 2819 ψυχὴν,
779 2746 859 2815 οἷς
885 2755 919 2824 ή
955 2754 1241 2824 νομοθεσία
1284 2755 1650 2822 διατέτακται,

119 2835 378 2911 Caucasum
403 2842 772 2912 συγχρῆσθαι,
799 2845 884 2897 καῖ
919 2846 1121 2918 μηδένα
1164 2848 1655 2905 καταδυναστεύειν

122 2929 393 2993 πεποιθότας
429 2933 586 3002 ἰσχύϊ
617 2937 681 3004 τῇ
710 2935 936 3002 ἑαυτῶν,
966 2939 1088 3009 μηδ’
1130 2940 1478 3012 ἀφαιρεῖσθαι
1523 2942 1652 3014 μήθ’

119 3017 177 3080 ἐν,
197 3020 290 3072 ἀλλ’
313 3024 371 3074 ἐκ
394 3022 737 3078 δικαιοτάτου
789 3026 902 3096 βίου
955 3029 1330 3103 διακυϐερνᾷν·
1353 3033 1426 3097 ὡς
1452 3033 1520 3088 τὰ
1543 3034 1652 3090 τῶν

120 3115 487 3217 προειρημένων.
503 3116 769 3217 πετεινῶν
794 3120 976 3192 ἥμερα
1009 3123 1121 3186 ζῶα
1151 3124 1282 3195 (64),
1311 3126 1379 3180 τὰ
1406 3129 1649 3200 φυόμενα
1676 3159 1719 3217 C

119 3203 199 3254 τῶν
221 3206 440 3277 ὀσπρίων
469 3211 572 3261 ἐπὶ
598 3213 700 3281 γῆς
730 3211 960 3283 δαπανᾷ,
996 3215 1088 3268 καὶ
1108 3216 1168 3267 οὐ
1193 3219 1648 3274 καταδυναστεύει

121 3297 219 3360 πρὶς
247 3301 326 3368 τὴν
368 3303 722 3375 ἐπαναίρεσιν
763 3305 885 3358 οὔτε
929 3305 1036 3358 τῶν
1077 3308 1500 3380 ὑποϐεϐηκότων
1525 3312 1648 3366 οὔτε

118 3387 197 3440 τῶν
216 3393 558 3458 σδγγενικῶν.
588 3395 686 3447 Διὰ
715 3395 917 3451 τούτων
950 3393 1042 3450 οῦν
1083 3400 1399 3470 παρέδωκεν
1442 3406 1469 3457 ὁ
1492 3421 1651 3476 νομο-

117 3476 240 3546 θέτης
261 3485 614 3551 σημειοῦσθαι
657 3490 765 3551 τοῖς
798 3493 1072 3554 συνετοῖς,
1116 3488 1252 3545 εἶναι
1293 3493 1529 3560 δικαίους
1567 3515 1645 3560 τε,

120 3569 187 3619 7.1".
212 3571 352 3640 μηδὲν
385 3574 656 3627 ἐπιτελεῖν
684 3576 792 3648 βία,
828 3579 980 3649 μηδὲ,
1010 3582 1076 3650 τῇ
1119 3581 1245 3652 περὶ
1265 3583 1461 3648 αὐτοὺς
1506 3585 1648 3656 ἰσχύϊ

118 3658 410 3724 πεποιθότας,
468 3663 694 3734 ἑτέρους
748 3667 1255 3723 καταδυναστεύειν.
1316 3674 1488 3725 Ὅπου
1543 3675 1648 3745 γὰρ

115 3748 197 3800 οἰοῖ
216 3749 431 3819 ἅψασθαι
463 3755 675 3826 καθῆκε
703 3757 808 3809 τῶν
835 3763 1244 3832 προειρημένων
1282 3763 1370 3816 διὰ
1397 3765 1493 3835 τὴν
1523 3768 1648 3836 περὶ

115 3840 278 3894 ἕκαστα
302 3844 562 3912 διάθεσιν,
591 3849 707 3913 πῶς
737 3853 798 3904 οὐ
822 3852 1119 3919 φυλακτέον
1173 3857 1488 3910 παντάπασι
1522 3861 1646 3922 τοὺς

116 3933 304 4002 τρόπους
327 3940 402 4002 εἰς
426 3940 591 3993 τοῦτο
624 3943 1077 4016 κατακλεισθῆναι
1135 3949 1278 4020 (65);
1323 3951 1510 4005 Πάντα
1554 3949 1645 4006 οὖν

114 4024 165 4075 τὰ
187 4031 582 4100 συγχωρηθέντα
607 4036 699 4087 ἐπὶ
725 4035 926 4088 τούτων
961 4040 1051 4090 καὶ
1077 4039 1181 4091 τῶν
1209 4041 1423 4110 κτηνῶν
1456 4061 1646 4114 τροπο-

115 4112 250 4182 λογῶν
287 4123 576 4178 ἑκτέθεικε.
610 4126 683 4178 Τὸ
713 4129 818 4197 γὰρ
849 4129 1149 4198 διχηλεύειν
1184 4133 1278 4186 καὶ
1319 4112 1643 4188 διαστέλλειν

113 4207 247 4278 ἁπλῆς
269 4212 452 4284 δνυχας
472 4218 699 4287 σημεῖόν
722 4219 836 4271 ἐστι
857 4219 948 4272 τοῦ
971 4221 1298 4277 διαστέλλειν
1314 4226 1517 4279 ’έκαστα
1537 4229 1642 4280 τῶν

115 4298 320 4368 πράξεων
341 4306 430 4358 ἐπὶ
456 4306 522 4359 τὸ
555 4307 734 4370 καλῶς
760 4309 899 4378 ἕχον.
943 4311 1006 4363 Ἠ
1029 4311 1136 4384 γὰρ
1174 4309 1324 4385 ἰσχῦς
1358 4316 1465 4368 τῶν
1505 4317 1638 4369 ὅλων

117 4393 335 4458 πομάτων
378 4396 517 4467 μετὰ
566 4400 844 4467 ἐνεργείας
894 4402 1175 4474 ἀπέρεισιν
1225 4406 1332 4477 (66)
1376 4408 1467 4459 ἐπὶ
1513 4410 1638 4472 τοὺς

1760 1932 1916 2002 probi
1955 1947 2055 1986 usu
2083 1941 2136 1986 et
2169 1931 2536 1985 familiaritate
2566 1931 2682 1984 vitii
2711 1931 3008 2000 quidquam
3041 1940 3094 1985 et
3127 1942 3326 1986 conta-

1759 2025 1936 2093 gionis
1965 2023 2305 2084 hauriemus,
2343 2023 2502 2076 certis
2540 2037 2642 2076 nos
2671 2037 2736 2076 ac
2786 2021 3042 2092 legitimis
3076 2022 3328 2076 esculen-

1761 2127 1965 2180 torum,
2019 2115 2459 2183 poculentorum,
2513 2123 2708 2178 tactus,
2762 2114 3003 2179 auditus,
3050 2122 3327 2184 aspectus.

1757 2206 1966 2276 legibus
1997 2223 2060 2260 ac
2085 2206 2438 2276 religionibus
2471 2204 2697 2258 vallatos
2733 2205 2967 2274 undique
2996 2221 3059 2258 ac
3090 2205 3330 2258 munitos

1757 2316 1878 2354 esse
1903 2300 2090 2353 voluit.
2128 2299 2196 2352 ιιι
2223 2298 2389 2363 enim,
2423 2299 2470 2352 si
2501 2308 2709 2353 natura:
2753 2299 3020 2353 duntaxat
3062 2297 3328 2352 rationem

1759 2391 2036 2452 habueris,
2086 2400 2140 2444 et
2190 2389 2386 2445 similis
2443 2390 2697 2444 universe
2756 2389 3093 2443 conditionis
3147 2387 3329 2441 omnia

1757 2487 1888 2549 sint,
1919 2493 1972 2538 et
1993 2501 2100 2537 una
2125 2485 2428 2554 eademque
2459 2493 2722 2552 potestate
2762 2483 3136 2553 gubernentur
3166 2501 3177 2534 :
3212 2482 3328 2536 sin-

1753 2578 1880 2648 gula
1933 2587 2136 2640 tamen,
2191 2576 2390 2644 quibus
2439 2585 2532 2630 aut
2581 2575 2936 2637 abstinemus,
2974 2584 3067 2628 aut
3102 2575 3324 2633 utimur,

1755 2670 1864 2722 alto
1895 2667 2127 2738 quodam
2157 2666 2388 2720 consilio
2416 2675 2469 2719 et
2501 2661 2710 2718 ratione
2738 2665 3006 2717 nituntur.
3040 2664 3236 2731 Atque,
3270 2673 3328 2717 ut

1755 2773 1822 2812 ex
1855 2757 2041 2827 paucis
2074 2757 2313 2811 aestimes
2339 2764 2554 2820 czetera,
2587 2771 2756 2808 unum
2793 2765 2887 2810 aut
2935 2754 3164 2807 alterum
3201 2771 3326 2807 eur-

1757 2847 1860 2902 sim
1893 2848 2177 2915 attingam.
2214 2843 2359 2898 Cave
2391 2844 2557 2908 enim,
2596 2852 2647 2896 te
2699 2843 2922 2895 humilis
2967 2843 3103 2896 adeo
3137 2843 3326 2897 subeat

1756 2938 2084 3008 indignaque
2117 2935 2394 3006 cogitatio,
2431 2933 2589 3004 quasi
2618 2935 2882 2997 murium,
2918 2943 3012 2987 aut
3058 2936 3324 2988 mustela—

1754 3045 1900 3091 rum,
1951 3038 2045 3082 aut
2073 3038 2391 3082 cazterarum
2438 3025 2707 3096 ejusmodi
2741 3041 2925 3078 rerum
2971 3041 3138 3079 causa
3170 3025 3323 3079 valde

1755 3120 2040 3184 sollicitus,
2081 3133 2144 3173 ea
2174 3117 2352 3172 Moses
2407 3117 2732 3182 instituerit;
2794 3125 2946 3170 caste
2978 3115 3160 3168 omnia
3198 3132 3324 3169 san-

1753 3220 1942 3280 cteque
1971 3211 2188 3280 provisa
2228 3220 2374 3277 sunt,
2405 3219 2569 3279 atque
2617 3218 2676 3262 ut
2723 3209 2791 3262 ad
2827 3224 3042 3261 morum
3104 3207 3323 3261 confor-

1750 3304 2047 3359 mationem
2091 3303 2318 3370 integre,
2362 3303 2440 3355 sic
2467 3303 2531 3355 ad
2560 3300 2871 3368 aequitatem
2922 3298 3318 3360 ,stabiliendmn

1749 3394 1983 3465 graviter
2008 3403 2328 3462 matureque
2363 3393 2590 3446 sancita.
2617 3388 2750 3444 Nam
2783 3407 2846 3444 ex
2875 3391 3066 3444 avibus
3101 3390 3319 3458 quidem

1749 3501 1940 3540 vescas
1995 3493 2208 3540 tantum
2257 3501 2349 3539 eas
2395 3500 2519 3540 esse
2551 3483 2742 3548 voluit,
2776 3499 2898 3553 quae
2931 3498 3053 3538 cum
3108 3483 3320 3537 cicures

1747 3587 1930 3634 essent
1975 3594 2039 3633 ac
2093 3591 2411 3641 mansuetae,
2465 3587 2598 3634 tum-
2615 3578 2825 3632 caeteris
2859 3578 3017 3646 longe
3049 3577 3316 3646 puriores,

1748 3686 1854 3724 non
1886 3669 1988 3723 nisi
2017 3670 2198 3724 tritico
2224 3678 2277 3724 et
2322 3671 2688 3741 leguminibus
2716 3679 3094 3734 vescerentur;
3129 3671 3317 3738 cujus-

1749 3759 1896 3813 modi
1927 3768 2055 3813 sunt
2086 3761 2372 3824 columba,
2430 3770 2695 3822 turtures,
2722 3769 3008 3830 attagenze,
3045 3761 3314 3828 perdices,

1747 3866 1988 3916 anseres,
2011 3867 2075 3904 ac
2112 3851 2332 3920 reliqum
2368 3852 2420 3906 id
2451 3869 2642 3922 genus.
2672 3854 2875 3908 Contra
2909 3867 3057 3916 vero,
3082 3867 3313 3922 quarum

1747 3943 1906 3999 nobis
1937 3959 2031 3996 esu
2069 3945 2414 4000 interdictum
2449 3955 2550 4008 est,
2586 3962 2680 3999 eas
2714 3946 2981 3999 immanes
3019 3961 3160 4008 esse,
3196 3960 3312 3997 car-

1747 4033 2016 4102 nibusque
2048 4036 2198 4104 pasci
2239 4038 2496 4104 reperies,
2531 4053 2629 4092 nec
2658 4039 2711 4090 in
2743 4038 2878 4091 alias
2913 4037 3078 4090 modo
3111 4038 3217 4090 vim
3249 4053 3313 4090 ac

1747 4123 2083 4191 tyrannidem
2109 4139 2380 4186 exercere,
2413 4126 2502 4178 sed
2531 4141 2719 4179 earum
2755 4127 2942 4190 etiam,
2994 4142 3131 4194 quas
3166 4127 3311 4180 cicu-

1745 4228 1832 4267 res
1875 4214 1987 4281 jam
2035 4224 2159 4269 ante
2185 4215 2446 4282 diximus,
2484 4216 2698 4270 laniena
2736 4217 3003 4285 injuriose
3051 4218 3307 4285 saginari.

1744 4303 2068 4374 Quanquam
2100 4322 2205 4360 non
2244 4307 2362 4361 illas
2391 4316 2620 4372 tantum,
2659 4309 2751 4361 sed
2782 4325 2952 4378 agnos
2998 4309 3161 4362 etiam
3199 4309 3312 4364 hm-

1742 4397 1949 4465 dOsque
1979 4397 2220 4466 rapiunt,
2251 4399 2609 4468 hominesque
2632 4410 2877 4456 mortuos
2902 4401 3104 4471 pariter
3132 4400 3312 4454 viven-

113 4479 255 4550 ὤμους
276 4488 379 4558 ἔχει
407 4494 500 4545 καὶ
522 4493 590 4546 τὰ
616 4494 799 4564 σκέλη.
827 4495 978 4548 Μετὰ
1006 4496 1287 4568 διαστολῆς
1312 4495 1403 4551 οὖν
1426 4499 1636 4553 ἅπαντα

1757 4503 1930 4558 .esque
1962 4489 2185 4544 lwdunt.
2247 4489 2433 4560 Itaque
2483 4493 2609 4545 dum
2643 4492 2884 4562 impuras
2920 4493 3040 4547 illas
3070 4493 3310 4562 appella-

115 4572 332 4633 ἐπιτελεῖν
366 4585 498 4654 πρὸς
522 4585 870 4657 δικαιοσύνην
899 4587 1215 4655 ἀναγκάζει,
1260 4589 1337 4658 τῷ
1378 4591 1634 4660 σημειοῦ-

118 4663 209 4719 σθαι
237 4670 334 4742 (67)
361 4674 447 4726 διὰ
478 4677 705 4730 τούτων.
743 4679 862 4731 Ἔτι
890 4679 945 4732 δὲ
970 4681 1063 4733 καὶ
1085 4681 1218 4734 διότι
1249 4683 1398 4752 παρὰ
1431 4684 1638 4746 πάντας

115 4755 377 4827 ἀνθρώπους
397 4766 770 4837 διεστάλμεθα.
800 4771 862 4822 Ui
888 4769 996 4842 γὰρ
1032 4771 1271 4834 πλείονες
1296 4773 1401 4825 τῶν
1435 4773 1636 4826 λοιπῶν

115 4842 294 4915 ἑαυτοὺς
321 4856 631 4924 μολύνουσιν
658 4859 1094 4929 ἐπιμισγόμενοι,
1134 4863 1509 4926 συντελοῦντες
1541 4882 1636 4934 με-

109 4936 245 5008 ,ῒάληί
274 4945 470 4999 ἀδικίαν
489 4966 502 4978 ι
530 4951 625 5002 καὶ
652 4949 846 5020 χῶραι,
876 4953 969 5004 καὶ
999 4951 1181 5016 πόλεις
1224 4953 1342 5006 ὅλαι
1380 4955 1470 5007 ἐπὶ
1512 4957 1634 5008 τού-

116 5040 200 5090 ττις
241 5037 590 5102 σεμνύνονται·
620 5041 680 5092 οὐ
732 5041 891 5110 μόνον
924 5042 1032 5114 γὰρ
1081 5043 1217 5115 πρὸς
1249 5045 1480 5116 ἅρῤενας
1521 5048 1629 5117 (68)

169 5195 258 5285 (69ςὶ
448 5206 521 5258 ὃν
540 5208 790 5285 ἕξεᾳςτςι.
819 5211 986 5266 Arist.
1015 5223 1262 5285 uterque.
1286 5233 1408 5271 cum
1440 5233 1631 5272 manu-

117 5275 470 5345 ffr._0tnnibus.
500 5278 621 5330 καθ’
645 5279 702 5331 ἒν
731 5280 978 5336 ἕκαστον.
1009 5275 1244 5339 Omnino
1275 5287 1399 5339 καθ’
1421 5289 1478 5340 ἓν
1503 5304 1626 5342 vera

283 5351 355 5422 est
381 5360 391 5393 :
420 5344 644 5422 Exacta
667 5352 888 5422 retineri
935 5363 1130 5422 potest.
1421 5329 1625 5412 Ἰζιέιῖὲῆ

119 5401 355 5482 γΔθΖ-Ξνγδέ
375 5429 532 5480 quam
565 5418 656 5470 καὶ
683 5401 911 5476 καθίνέν.

287 5473 492 5564 Ὄτί
508 5485 655 5564 ἐστι,
699 5473 1160 5564 Αιςίςιξιιῐθτίιιιε,
1206 5495 1286 5547 ὅτι
1322 5496 1438 5550 δέον
1471 5496 1622 5560 ἐστί,

121 5554 338 5618 ηυξ-νοτε
367 5554 493 5606 mihi
527 5556 688 5612 lectio
720 5561 835 5615 visa
865 5573 965 5618 est,

442 5621 636 5681 Vocem
672 5630 806 5686 hanc
824 5634 1143 5706 irreplitiam
1161 5634 1431 5699 existimo,
1459 5655 1620 5706 quam

125 5682 264 5773 Ἥξει
289 5703 572 5773 serescunt
624 5682 857 5758 omne."
874 5682 1147 5760 esse};
1164 5682 1619 5766 ὶῖἑνῖὑὶῖζὶιιῖιῖιῖἦὶ

123 5755 337 5811 etcuribus
363 5763 550 5832 agitur.

1742 4588 1845 4642 ret,
1882 4594 1974 4634 eos
2005 4580 2188 4645 simul,
2222 4583 2422 4649 quibus
2477 4581 2620 4650 leges
2677 4581 3012 4647 ferebantur,
3063 4582 3306 4651 ipsarum

1739 4669 1882 4724 notis
1914 4685 1977 4724 ac
2001 4670 2262 4740 symbolis
2291 4671 2641 4736 admonebat,
2665 4671 2974 4741 mquitatem
3011 4673 3193 4726 animo
3221 4671 3305 4724 lo-

1738 4762 1966 4814 vendam
2015 4777 2078 4814 ac
2127 4762 2464 4816 retinendam
2518 4776 2660 4827 esse,
2709 4763 2944 4831 potentia
2990 4763 3306 4832 viribusque

1737 4853 1852 4907 suis
1881 4854 1946 4907 ad
1983 4855 2392 4924 opprimendam
2435 4855 2666 4908 aliorum
2717 4855 3045 4922 libertatein,
3075 4842 3168 4910 aut
3211 4871 3303 4911 eos

1737 4945 1844 4998 ullo
1878 4946 1955 4999 rei
1991 4961 2189 5016 genere
2233 4947 2546 5015 spoliandos
2602 4962 2882 5016 nunquam
2918 4947 3247 5002 abutendum
3288 4968 3299 5002 :

1733 5037 1824 5091 sed
1859 5038 2041 5106 potius
2083 5052 2294 5090 summa
2329 5054 2450 5092 cum
2491 5039 2746 5107 aequitate
2794 5040 2957 5092 vitam
3009 5039 3300 5092 instituen-

1801 5218 1909 5288 (65)
1949 5219 2491 5289 Κατακλεισθῆναι.
2540 5221 2782 5276 Aristeas
2828 5230 3076 5289 uterque,
3132 5239 3300 5274 κατα-

1729 5287 2041 5359 κλασθῆναι,
2072 5291 2285 5344 melius.

1800 5358 1928 5426 (66)
1949 5361 2304 5429 Ἀπέρεισιν.
2331 5361 2423 5415 Sic
2449 5361 2611 5415 Arist.
2642 5371 2887 5430 uterque,
2911 5361 3054 5427 quod
3091 5371 3298 5415 rectum

1725 5432 2276 5511 est;.quod_autem
2339 5433 2489 5501 prius
2555 5432 2858 5500 legebatur,
2917 5431 3061 5502 ἅπερ
3119 5433 3298 5497 εἰσίν,
3365 5457 3368 5462 -

1726 5503 1949 5554 omnino
1989 5503 2268 5556 vitiosum.

1780 5569 1908 5649 .(67)
1951 5569 2033 5635 Τῷ
2066 5571 2365 5642 σημειοῦ.,
2389 5583 2492 5625 etc.
2524 5571 2685 5626 [idem
2715 5572 2902 5636 Arist.,
2923 5573 2984 5625 τὸ
3015 5589 3174 5644 mp",
3212 5590 3300 5628 re-

1722 5647 1884 5692 citus.

1796 5710 1905 5778 (68)
1927 5711 2102 5788 ’Πρὸς
2127 5712 2615 5788 ᾶρῤεναςζΑιξὶδῑη
2645 5716 2768 5788 τοὺς
2953 5713 3114 5770 Forte
3145 5714 3277 5788 ἄρρε

1723 5797 1817 5842 νας
1851 5782 1981 5851 πρὸς
2008 5782 2253 5852 ἄρρενας,
2287 5786 2366 5840 vel
2401 5783 2620 5854 ἄρρεσιν
2653 5782 2906 5856 ἄρρενας.
