3838 6384
152 382 235 435 657
1194 373 1516 427 PIUEPAR.
1558 372 1811 427 EVANG.
1854 371 1986 427 LIB.
2029 369 2163 426 V'lll.
3237 372 3344 427 638

151 494 407 566 ὃβούλεται
446 493 616 562 λέγειν
672 494 703 547 6
746 493 1041 565 νομοθέτης
1096 493 1250 563 ἡμῶν
1303 497 1524 565 Μωσῆς,
1578 498 1663 563 ἐφ’

1774 508 2049 561 manaeque
2076 491 2310 547 similem
2335 490 2585 560 corporis
2609 489 2844 559 speciem
2871 489 3148 544 delabare.
3192 489 3344 546 Solet

151 591 311 660 ἑτέρων
335 590 655 658 πραγμάτων
683 588 870 657 λόγους
901 566 1218 656 ποιούμενος
1237 628 1252 650 ,
1297 586 1437 654 λέγω
1475 588 1530 640 δὲ
1560 587 1665 640 τῶν

1774 585 1913 638 enim
1946 585 2162 656 Moyses
2193 583 2470 654 legislator
2517 591 2726 645 noster,
2767 581 2935 634 animi
2961 597 3119 635 sensa
3157 581 3344 634 multi-

149 682 261 738 κατὰ
283 682 369 750 τὴν
397 681 735 749 ἐπιφάνειαν,
761 681 996 749 φυσικὰς
1017 681 1281 744 διαθέσεις
1314 680 1664 748 ἀπαγγέλλει,

1774 677 1949 731 modis
1977 677 2304 745 exprimere,
2329 675 2456 727 dum
2487 688 2667 726 rerum
2701 672 2955 729 aliarum.
2989 680 3264 740 quatenus
3286 681 3339 725 tn

150 776 222 826 ni
259 773 484 843 μεγάλων
517 774 854 843 πραγμάτων
916 772 1275 835 κατασκευάς.
1308 767 1402 834 Οἷς
1439 773 1536 841 μὲν
1573 769 1665 825 οὖν

1774 784 1992 823 sensum
2021 768 2244 831 cadunt,
2296 782 2457 821 voces
2493 781 2555 820 ac
2585 765 2806 818 nomina
2845 773 3144 827 mutuatus,
3183 772 3347 817 natu-

148 869 333 936 πάρεστι
368 867 422 918 τὸ
459 865 639 926 καλῶς
665 869 825 927 νοεῖν,
860 864 1197 934 θαυμάζουσι
1221 865 1318 936 τὴν
1356 865 1482 935 περὶ
1508 864 1665 917 αὐτὸν

1774 862 1913 915 rales
1963 860 2228 929 quasdam
2282 858 2629 917 aﬁ‘ectiones.
2679 873 3106 925 magnarumque
3158 869 3339 909 rerum

151 960 323 1026 τοξείαν,
368 959 457 1011 καὶ
504 959 563 1012 τὸ
592 959 735 1011 θεῖον
765 959 1008 1028 Πνεῦμα,
1054 959 1175 1011 καθ’
1202 959 1229 1010 ὃ
1258 957 1354 1010 καὶ
1387 959 1665 1028 προφήτης

1774 953 2081 1008 molitiones
2102 959 2514 1006 commemorat.
2537 950 2600 1002 Et
2625 949 2866 1018 quidem,
2895 964 3125 1003 auorum
3165 948 3344 1003 acrior

148 1053 551 1120 ἀνακεκήρυκταῑ.
572 1045 674 1103 *Ων
698 1052 833 1103 εἰσιν
860 1051 908 1104 οἱ
947 1049 1328 1122 προειρημένοι
1370 1049 1665 1120 φιλόσοφοι,

1774 1045 2103 1115 intelligendi
2137 1045 2222 1098 vis
2254 1053 2355 1107 est,
2389 1044 2425 1097 ii
2459 1058 2581 1097 cum
2616 1044 2936 1111 sapientiam
2962 1039 3202 1096 hominis
3228 1042 3344 1096 sin-

146 1142 215 1190 n‘:
241 1139 451 1201 πλείονες
473 1139 651 1208 ἕτεροι
680 1140 772 1191 καὶ
797 1140 1016 1210 ποιηταὶ
1047 1142 1175 1211 παρ’
1219 1139 1384 1192 αὑτοῦ
1431 1138 1665 1210 μεγάλας

1774 1137 2035 1208 gularem,
2071 1145 2183 1190 tum
2210 1135 2456 1189 divinum
2489 1133 2638 1187 illum
2669 1135 2954 1202 Spiritum,
2984 1134 3142 1202 cujus
3161 1132 3344 1186 aﬂlatu

142 1229 346 1299 ἁῷρμὰς
371 1228 670 1299 εἰληφότες,
705 1229 838 1283 καθὸ
885 1230 978 1282 καὶ
1019 1228 1405 1300 θαυμάζονται.
1451 1230 1575 1293 Τοῖς
1612 1229 1665 1281 δὲ

1774 1231 2045 1301 propheta:
2097 1245 2296 1284 nomen
2355 1238 2405 1283 et
2463 1227 2666 1282 famam
2723 1238 3010 1282 assecutus
3047 1236 3151 1289 est,
3225 1239 3342 1280 ma-

143 1321 198 1388 pi;
219 1320 472 1389 μετέχουσι
507 1320 789 1391 δυνάμεως
817 1322 909 1375 καὶ
940 1323 1225 1386 συνέσεως,
1258 1323 1390 1376 ἀλλὰ
1427 1321 1504 1392 τῷ
1532 1339 1665 1392 γρα-

1774 1339 2008 1394 gnopere
2041 1321 2406 1376 admirantur.
2456 1319 2700 1385 Quorum
2730 1319 2784 1372 in
2823 1333 3049 1373 numero
3092 1332 3216 1372 cum
3246 1315 3346 1370 abs

142 1412 231 1482 πτῷ
261 1412 405 1482 μόνον
437 1417 873 1486 προσκειμένοις,
903 1416 963 1468 οὐ
1008 1417 1255 1486 φαίνεται
1309 1417 1591 1488 μεγαλεῖον
1617 1434 1665 1470 τι

1774 1431 1860 1470 me
1888 1416 2002 1485 jam
2037 1413 2449 1468 commemorati
2477 1412 2809 1483 philosophi,
2839 1420 2952 1465 tum
2979 1409 3068 1462 alii
3101 1407 3347 1478 plerique

137 1498 383 1568 διασαφῶν.
417 1502 690 1574 Ἀρξομαι
719 1505 774 1556 δὲ
805 1505 1102 1575 λαμϐάνειν
1145 1508 1267 1560 καθ’
1302 1508 1529 1560 ἕκαστον
1574 1525 1671 1578 ση-

141 1593 433 1662 μαινόμενον,
463 1595 696 1650 καθόσον
728 1598 792 1650 ἂν
820 1597 865 1650 ὦ
885 1599 1124 1663 δυνατός.
1170 1601 1231 1652 Εἰ
1264 1601 1320 1652 δὲ
1363 1601 1435 1672 μὴ
1481 1599 1667 1666 τεῦξοο

139 1702 211 1751 μαι
237 1685 503 1754 τάληθοῦς,
538 1689 675 1759 μηδὲ
702 1690 895 1752 πείσω,
932 1692 1005 1761 μὴ
1061 1691 1138 1761 τῷ
1171 1692 1437 1764 νομοθέτῃ
1503 1707 1672 1761 προσ-

136 1775 246 1846 άψῃς
268 1776 353 1846 τὴν
375 1777 623 1846 ἀλογίαν,
653 1779 765 1834 ἀλλ’
790 1782 912 1851 ἐμοὶ
938 1782 1014 1852 τῷ
1034 1783 1107 1854 μὴ
1131 1783 1412 1854 δυναμένῳ
1443 1783 1670 1854 διαιρεῖ-

141 1872 228 1923 σθαι
250 1871 307 1924 τὰ
326 1874 546 1927 ἐκείνων
563 1883 589 1912 ει
615 1893 768 1945 νενοη
781 1877 934 1945 μένα,
966 1879 1160 1948 Χεῖρες
1187 1879 1282 1947 μὲν
1313 1875 1404 1932 οῦν
1427 1878 1671 1932 νοοῦνται

137 1962 367 2033 πρώἠλως
387 1965 479 2016 καὶ
508 1965 599 2033 ἐφ’
631 1966 786 2035 ἡμῶν
817 1968 1141 2038 κοινότερον.
1181 1970 1347 2021 Ὅταν
1373 1971 1481 2041 γάρ
1509 1971 1672 2026 δυνά-

137 2068 229 2120 μεις
263 2050 652 2124 ἐξαποστέλλῃς
699 2056 762 2107 σὺ
789 2095 803 2119 ,
841 2055 1092 2124 βασιλεὺς
1119 2057 1241 2124 ὦνς.
1268 2059 1589 2129 βουλόμενός
1621 2079 1672 2114 τι

135 2142 550 2210 κατεργάσασθαι,
582 2143 1104 2220 λέγομεν,Μεγάλην
1125 2154 1282 2221 χεῖρα
1313 2150 1426 2222 ἕχει
1458 2154 1486 2206 6
1521 2152 1673 2222 βασι-

134 2232 244 2299 λεὺς,
265 2238 575 2307 φερομένων
598 2238 704 2290 τῶν
739 2239 1040 2293 ἀκουόντων
1065 2243 1157 2296 ἐπὶ
1187 2244 1286 2313 τὴν
1329 2244 1558 2314 δύναμιν
1604 2246 1673 2316 ἣν

133 2328 259 2398 ἔχεις.
301 2333 752 2404 Ἐπισημαίνεται
785 2333 842 2387 δὲ
865 2335 1023 2388 τοῦτο
1052 2338 1146 2389 καὶ
1187 2337 1276 2390 διὰ
1308 2342 1407 2409 τῆς
1447 2339 1672 2410 νομοθε-

134 2423 224 2485 σίας
247 2426 388 2495 ἡμῶν
419 2425 601 2495 λέγων
633 2429 660 2478 6
685 2429 889 2498 Μωσῆς
948 2427 1121 2492 οὕτως
1140 2446 1152 2458 ·
1188 2448 1204 2478 ι
1251 2431 1338 2482 Ἐν
1367 2431 1511 2502 χειρὶ
1539 2449 1673 2500 κρα-

132 2518 227 2582 m;
249 2517 501 2586 ἐξήγαγεν
537 2521 569 2571 ὁ
593 2518 724 2582 Θεός
755 2536 814 2570 σε
835 2518 908 2582 ρὲξ
938 2520 1235 2585 Αἰγύπτου.
1273 2540 1291 2572 ι
1321 2522 1430 2573 Καὶ
1485 2522 1667 2575 πάλιν·

136 2627 149 2656 ι
183 2608 476 2670 Ἀποστελῶ,
532 2611 701 2680 φησὶν
771 2612 799 2662 6
854 2609 1005 2674 Θεὸς,
1067 2611 1165 2681 τὴν
1201 2612 1360 2683 χεῖρά
1400 2630 1497 2682 μου
1524 2654 1538 2676 ,
1579 2615 1672 2665 καὶ

133 2699 312 2763 πατάξω
342 2701 462 2762 τοὺς
495 2701 851 2766 Αἰγυπτίους.
886 2719 903 2750 ι
939 2702 1047 2752 Καὶ
1073 2701 1164 2754 ἐπὶ
1194 2702 1288 2754 τοῦ
1321 2703 1427 2755 τῶν
1458 2705 1668 2773 κτηνῶν

132 2787 318 2842 [Σινάτου
347 2792 477 2863 φησὶ
507 2791 592 2861 τῷ
613 2791 808 2862 Φαραῴ
828 2794 855 2844 6
880 2793 1111 2863 Μωσῆςο
1149 2812 1167 2844 ι
1222 2795 1350 2847 Ἱδοῦ
1385 2796 1506 2867 χεὶρ
1557 2797 1670 2848 Κυ-

133 2887 220 2952 ρίου
249 2884 388 2935 ἔσται
439 2885 498 2936 ὲν
528 2886 646 2945 τοῖς
686 2884 905 2952 κτήνεσί
937 2901 1053 2949 σου,
1084 2887 1176 2939 καὶ
1205 2887 1260 2938 ἐν
1295 2888 1428 2939 πᾶσι
1475 2889 1586 2948 τοῖς
1614 2887 1670 2937 ὲν

130 2981 212 3040 rei;
254 2976 444 3040 πεδίοις
491 2977 725 3039 θάνατος
759 2977 950 3045 μέγας.
996 2995 1014 3028 t
1052 2978 1212 3032 Ὥστε
1253 2981 1306 3033 αἱ
1348 2981 1528 3050 χεῖρες
1578 2978 1672 3032 ἐπὶ

130 3069 362 3137 δυνάμεως
392 3068 650 3121 νοοῦνται
670 3070 824 3123 Θεοῦ.
853 3073 959 3124 Καὶ
986 3067 1094 3140 γὰρ
1144 3070 1256 3122 ἔστι
1307 3069 1542 3124 νοεῖσθαι
1574 3071 1671 3140 τὴν

1772 1519 1920 1576 sunt,
1947 1523 2158 1563 necnon
2204 1516 2257 1561 et
2304 1516 2476 1576 poetae
2496 1547 2511 1572 ,
2538 1506 2630 1576 qui
2667 1506 2877 1560 haustis
2905 1505 2973 1558 ab
3001 1519 3068 1558 eo
3093 1501 3346 1557 maximis

1772 1597 2050 1656 scribendi
2085 1597 2470 1664 argumentis,
2531 1598 2586 1650 in
2646 1595 2926 1649 hominum
2987 1592 3348 1648 admiratione

1771 1701 2080 1746 versantur.
2126 1690 2193 1744 At
2250 1689 2448 1758 quibus
2493 1688 2721 1742 facultas
2752 1699 2805 1741 et
2836 1686 3110 1757 ingenium
3175 1699 3348 1754 angu-

1773 1784 1910 1839 stius
1945 1793 2048 1842 est.
2079 1784 2115 1836 ii
2145 1783 2273 1835 dum
2307 1782 2371 1834 ad
2400 1797 2566 1835 unum
2602 1780 2898 1849 Sciipturae
2949 1778 3208 1832 corticem
3245 1776 3347 1831 ad-

1776 1876 2102 1938 haerescunt,
2129 1874 2262 1927 nihil
2292 1872 2508 1938 angusti
2537 1871 2830 1924 admodum
2861 1880 2915 1924 et
2936 1867 3248 1923 excellentis
3278 1865 3346 1921 at

1775 1981 1840 2019 eo
1869 1967 2083 2019 narrari
2133 1966 2491 2019 arbitrantur.
2525 1961 2878 2032 Singulorum
2914 1976 3040 2030 ergo
3074 1957 3348 2029 signiﬁca-

1775 2061 1975 2114 tionem
2015 2059 2246 2129 apei-ire,
2285 2066 2548 2126 quantum
2582 2057 2635 2109 in
2665 2072 2750 2108 me
2797 2056 2960 2108 situm
2996 2053 3123 2114 erit,
3151 2066 3347 2121 aggre—

1774 2149 1915 2202 diar.
1953 2148 2055 2214 Qui
2091 2150 2134 2203 si
2171 2151 2352 2202 n'iinus
2378 2157 2474 2202 aut
2496 2163 2606 2200 rem
2635 2147 2881 2215 tetigero,
2909 2156 3003 2198 aut
3041 2144 3160 2197 aliis
3189 2144 3346 2197 Iidem

1773 2241 1954 2296 frcero
1984 2260 1997 2306 ;
2028 2243 2265 2296 maxime
2287 2241 2470 2302 velim,
2504 2240 2582 2292 uti
2612 2255 2677 2292 ne
2701 2239 2841 2292 hanc
2880 2239 2932 2290 in
2959 2237 3345 2306 legislatorem,

1773 2337 1865 2391 sed
1900 2336 1952 2389 in
1990 2352 2076 2390 me
2099 2336 2365 2390 duntaxat
2423 2333 2709 2403 imperitia:
2735 2333 2948 2400 culpam
2985 2331 3221 2395 derives,
3253 2329 3348 2400 qui

1771 2445 1860 2483 res
1892 2429 1960 2481 ab
2001 2443 2064 2480 eo
2096 2429 2369 2496 sapienter
2407 2427 2741 2494 excogitatas
2795 2439 3137 2492 nequaquam
3173 2421 3348 2490 expli-

1772 2535 1896 2574 care
1919 2528 2162 2588 potuero.
2183 2520 2437 2574 Mannum
2470 2519 2631 2586 igitur
2672 2517 2832 2568 etiam
2861 2516 3000 2583 apud
3031 2530 3130 2569 nos
3164 2514 3346 2579 latius,

1773 2621 1832 2665 ut
1862 2621 2097 2675 constat,
2154 2611 2478 2681 signiﬁcatio
2514 2618 2678 2678 patet.
2720 2607 2852 2661 Natu
2889 2624 3011 2661 cum
3051 2616 3108 2662 tu
3146 2608 3280 2676 ipse,
3312 2620 3348 2661 ο

1771 2721 1886 2769 rex,
1919 2703 2270 2758 confecturos
2299 2703 2525 2770 aliquid,
2562 2702 2746 2770 copias
2779 2701 2946 2754 mittis
2967 2742 2981 2764 ,
3027 2716 3202 2769 regem
3231 2709 3344 2754 tum

1771 2797 2042 2864 ingentem
2077 2811 2296 2848 manum
2331 2795 2530 2848 habere
2553 2794 2811 2856 dicimus,
2831 2808 2994 2861 quam
3026 2789 3346 2861 vocem,qui

1772 2888 2022 2951 audiunt,
2049 2887 2115 2942 de
2145 2897 2236 2941 tuo
2267 2887 2509 2940 exercitu
2545 2901 2738 2940 omnes
2764 2885 3056 2952 accipiunt.
3083 2882 3255 2948 Quem
3291 2883 3345 2937 in

1772 2996 1992 3036 sensum
2021 2980 2208 3048 utique
2237 2979 2448 3050 Moyses
2480 2979 2531 3032 in
2566 2981 2680 3050 lege
2713 2988 2896 3033 nostra
2912 2977 3139 3034 subinde
3168 2975 3348 3046 loqui-

1774 3081 1881 3137 tur,
1909 3082 1968 3125 ιιι
2001 3088 2123 3126 cum
2147 3073 2265 3137 ait,
2301 3091 2318 3120 ι
2352 3071 2409 3125 In
2439 3086 2604 3125 manu
2645 3071 2870 3126 robusta
2904 3069 3089 3125 eduxit
3116 3079 3166 3123 te
3205 3066 3346 3122 Deus

132 3164 271 3212 πᾶσαν
324 3161 476 3231 ἰσχὺν
518 3161 631 3214 τῶν
659 3162 959 3232 ἀνθρώπων
1002 3163 1097 3215 καὶ
1130 3162 1228 3224 τάς
1282 3161 1557 3233 ἐνεργείας
1610 3162 1665 3214 ἐν

1774 3181 1834 3217 ex
1861 3162 2125 3234 Egypto;
2167 3183 2186 3216 ι
2220 3164 2478 3232 itemque,
2511 3182 2529 3214 ι
2562 3163 2792 3224 Mittam,
2819 3163 2995 3231 inquit
3026 3160 3189 3222 Deus,
3231 3173 3347 3212 ma—

129 3256 220 3314 ταῖς
243 3255 414 3325 χερσὶν
451 3248 620 3306 εἶναι.
648 3255 845 3324 Διόπερ
873 3253 1050 3316 καλῶς
1081 3255 1109 3306 6
1144 3252 1439 3322 νομοθέτης
1482 3253 1574 3305 ἐπὶ
1606 3252 1666 3304 τὸ

131 3345 370 3412 μεγαλεῖον
397 3347 751 3416 μετενήνοχε,
799 3344 971 3413 λέγων
993 3343 1093 3407 τὰς
1136 3342 1440 3407 συντελείας
1479 3345 1666 3415 χεῖρας

129 3433 234 3489 εἶναι
260 3438 403 3491 Θεοῦ.

128 3536 294 3599 omnia,
333 3551 452 3603 qua:
486 3543 621 3588 sunt
671 3533 723 3586 in
760 3532 928 3603 agris,
976 3532 1229 3587 interitus
1273 3548 1525 3600 magnus.
1558 3521 1604 3556 °°

1773 3268 1900 3304 num
1949 3267 2147 3316 meam,
2177 3261 2230 3306 et
2272 3252 2567 3321 percutiam
2596 3250 2902 3323 Egyptios.
2928 3251 2974 3281 ⁸⁸
3009 3268 3028 3301 ›
3076 3248 3140 3300 Et
3167 3247 3233 3301 de.
3257 3247 3347 3315 ju-

1773 3353 2078 3398 mentorum
2110 3354 2284 3398 morte
2328 3344 2407 3398 sic
2441 3343 2620 3399 Moses
2648 3345 2934 3408 Pharaoni,
2958 3343 3120 3412 3-77
3149 3361 3166 3392 ι
3208 3340 3347 3396 Ecce

1774 3450 1970 3489 manus
2021 3435 2234 3490 Domini
2287 3438 2392 3491 erit
2427 3455 2589 3508 super
2634 3438 2882 3506 jumenta
2915 3446 3028 3500 tua,
3083 3445 3135 3489 et
3182 3450 3346 3505 super

1643 3548 1662 3582 ι
1706 3529 1892 3600 Itaque
1939 3548 2134 3588 manus
2197 3533 2266 3587 ad
2319 3535 2517 3591 divinae
2566 3535 2843 3605 potestatis
2897 3535 3003 3586 vim
3054 3533 3343 3602 pertinent,

126 3631 522 3699 quandoquidem
565 3632 875 3682 universum
917 3643 1133 3697 quoque
1171 3629 1339 3682 robur
1368 3626 1648 3682 hominum
1687 3640 1750 3678 ac
1807 3625 1889 3679 vis
1919 3627 2108 3695 agendi
2170 3636 2275 3681 tota
2309 3630 2560 3684 manibus
2603 3629 2930 3684 continetur.
2975 3626 3138 3680 Recte
3184 3625 3347 3695 igitur

126 3724 309 3778 omnino
337 3725 617 3793 legislator
645 3723 784 3776 hanc
811 3739 996 3778 vocem
1031 3723 1099 3777 ad
1161 3723 1398 3792 aliquam
1429 3721 1728 3792 majestatis
1796 3720 2250 3790 signiﬁcationem
2283 3725 2583 3790 transtulit,
2629 3739 2752 3778 cum
2809 3723 3006 3776 divinae
3061 3720 3346 3790 potestatis

125 3834 254 3884 opera
272 3836 460 3873 manus
475 3818 792 3888 appellavit.

181 3929 198 3958 ι
224 3912 404 3976 Στάσις
434 3914 490 3965 δὲ
521 3912 648 3966 θεία
685 3911 862 3975 καλῶς
880 3911 946 3966 ἂν
979 3912 1184 3982 λέγοιτο
1203 3954 1216 3977 ,
1236 3915 1375 3968 κατὰ
1396 3917 1456 3969 τὸ
1497 3935 1666 3988 μεγα-

124 3999 268 4066 λεῖον,
306 4007 336 4074 ἡ
379 4004 475 4057 τοῦ
508 4004 721 4074 κόσμου
765 4007 1097 4074 κατασκευή.
1133 4006 1242 4058 Καὶ
1272 4006 1380 4078 γὰρ
1411 4009 1502 4061 ἐπὶ
1528 4011 1664 4063 πάν-

124 4111 207 4146 των
228 4098 253 4148 6
280 4096 424 4160 Θεὸς,
466 4097 569 4150 καὶ
601 4096 757 4149 πάνθ’
789 4096 1166 4160 ὑποτέτακται,
1187 4099 1282 4150 καὶ
1313 4100 1497 4152 στάσιν
1529 4102 1669 4172 εἵλη-

126 4205 230 4254 τεν·
261 4189 393 4242 ὥστε
423 4191 556 4252 τοὺς
590 4186 908 4259 ἀνθρώπους
951 4188 1388 4259 καταλαμϐάνειν
1434 4191 1668 4263 ἀκίνητα

124 4276 236 4333 εἶναι
262 4283 449 4335 ταῦτα.
477 4283 642 4348 Λέγω
664 4282 719 4334 δὲ
747 4283 806 4334 τὸ
838 4280 1097 4347 τοιοῦτον,
1128 4281 1204 4344 ὼς
1227 4282 1479 4336 οὐδέποτε
1508 4286 1666 4354 γέγο-

123 4390 192 4423 νεν
234 4375 453 4444 οὐρανὸς
503 4378 609 4445 γῆ,
657 4377 725 4444 γῆ
752 4375 796 4426 δ’
842 4373 1088 4444 οὐρανὸς,
1133 4374 1241 4426 οὐδ’
1286 4374 1434 4445 ἣλιος
1469 4377 1662 4450 σελήνη

124 4462 392 4532 λάμπουσα,
442 4466 569 4519 οὐδὲ
606 4465 797 4537 σελήνη
858 4465 1019 4518 πάλιν
1045 4465 1212 4535 ἥλιος,
1269 4467 1389 4519 οὐδὲ
1435 4471 1667 4540 ποταμοὶ

125 4553 371 4622 θάλασσαι,
395 4558 520 4611 οὐδὲ
550 4557 793 4611 θάλασσα
821 4556 1071 4627 ποταμοί.
1098 4558 1205 4610 Καὶ
1249 4557 1408 4610 πάλιν
1439 4560 1530 4612 ἐπὶ
1560 4562 1666 4613 τῶν

126 4645 247 4707 ζώων
265 4650 291 4699 6
323 4650 482 4712 αὑτός
517 4651 631 4701 ἐστι
656 4648 828 4716 λόγος.
867 4649 938 4701 Οὐ
964 4649 1069 4719 γάρ
1095 4648 1373 4720 ἅνθρωπος
1396 4650 1545 4704 ἔσται
1572 4653 1666 4724 θη-

127 4740 232 4805 ρίον,
259 4742 372 4794 οὐδὲ
401 4741 592 4812 θηρίον
617 4740 922 4812 ἄνθρωπος.
960 4742 1067 4793 Καὶ
1089 4741 1182 4794 ἐπὶ
1225 4741 1424 4796 λοιπῶν
1456 4744 1512 4798 δὲ
1543 4747 1668 4799 ταύ-

123 4831 194 4878 τὸν
217 4830 437 4899 ὑπάρχει
464 4871 480 4894 ,
529 4828 713 4897 φυτῶν
739 4845 797 4881 τε
846 4829 940 4881 καὶ
965 4830 1056 4881 ἐπὶ
1080 4829 1186 4883 τῶν
1209 4830 1383 4886 ἄλλων
1403 4851 1415 4862 ·
1457 4834 1665 4904 ἀμετά-

124 4917 262 4989 ϐλητα
295 4922 390 4990 μέν
421 4923 560 4982 ἐστι,
589 4919 686 4982 τὰς
714 4917 881 4982 αὑτὰς
914 4919 957 4971 δ’
992 4921 1049 4972 ὲν
1079 4921 1259 4983 αὐτοῖς
1295 4923 1502 4993 τροπὰς
1529 4922 1665 4994 λαμ-

125 5009 246 5062 om;
282 5013 370 5064 καὶ
413 5011 642 5082 φθοράς.
680 5012 742 5062 Ἥ
772 5011 958 5074 στάσις
989 5008 1080 5065 οὖν
1105 5013 1136 5082 ἡ
1162 5012 1279 5066 θεία
1319 5013 1459 5066 κατὰ
1490 5014 1663 5069 ταῦτα

125 5101 176 5152 ἂν
191 5102 400 5171 λέγοιτο,
435 5104 656 5156 πάντων
684 5103 1057 5173 ὑποκειμένων
1082 5102 1158 5173 τῷ
1187 5103 1323 5174 Θεῷ.
1358 5105 1588 5174 Λέγεται
1606 5106 1663 5160 δὲ

129 5194 389 5258 κατάϐασις
413 5195 508 5247 ἐπὶ
535 5195 596 5247 τὸ
617 5196 738 5264 ὅρος
757 5193 876 5247 θεία
901 5195 1177 5263 γεγονέναι
1200 5195 1286 5248 διὰ
1311 5199 1410 5267 τῆς
1441 5199 1663 5269 Γραφῆς

125 5284 200 5337 τοῦ
245 5289 422 5358 νόμου,
484 5288 607 5342 καθ’
641 5290 698 5342 ὃν
732 5287 1036 5358 ἐνομοθέτει
1085 5289 1293 5360 καιρὸν,
1331 5290 1415 5344 ἵνα
1463 5293 1662 5356 πάντες

128 5373 406 5446 θεωρήσωσι
451 5381 552 5449 τὴν
600 5379 876 5450 ἐνέργειαν
905 5379 998 5431 τοῦ
1023 5379 1154 5432 Θεοῦ
1175 5398 1188 5410 °
1226 5382 1524 5448 κατάϐασις
1553 5385 1661 5457 γὰρ

130 5467 239 5539 αῦτη
271 5475 436 5542 σαφής
472 5474 606 5525 ἐστι.
632 5474 739 5524 Καὶ
761 5473 888 5545 περὶ
916 5473 1120 5526 τούτων
1155 5469 1246 5526 οὖν
1286 5474 1456 5539 οὕτως
1485 5475 1550 5529 ἄν
1575 5494 1660 5540 τις

131 5556 438 5630 ἐξηγήσαιτο,
470 5563 784 5633 βουλόμενος
815 5568 1093 5636 συντηρεῖν
1118 5565 1208 5618 τὸν
1241 5566 1369 5638 περὶ
1403 5567 1536 5622 Θεοῦ
1575 5567 1662 5622 λό-

131 5662 223 5729 γον.
247 5651 499 5733 Δηλοῦται
525 5654 652 5726 γάρ,
674 5655 748 5719 ὡς
775 5655 836 5709 τὸ
867 5655 990 5728 ὅρος
1018 5657 1230 5711 ἐκαίετο
1265 5657 1396 5712 πολὺ
1416 5697 1430 5724 ,
1481 5659 1658 5725 καθώς

190 5757 228 5786 aa
264 5759 424 5815 εςοτι,
469 5779 546 5819 ιη,
584 5763 670 5817 9.0.
747 5765 790 5795 ⁸³
833 5762 1001 5817 Exod.
1047 5781 1120 5819 Ix.
1162 5764 1233 5818 ἓξ

192 5826 333 5884 "lc.
374 5833 580 5900 ἐκείνῳ,

1855 3948 1874 3979 ι
1917 3928 2034 3983 Jam
2087 3931 2232 4000 quod
2283 3937 2428 3986 stare
2481 3932 2694 3986 dicatur
2740 3932 2902 3995 Deus,
2943 3927 2995 3985 id
3030 3930 3346 4000 augustiore

1773 4021 2010 4088 quodam
2042 4036 2205 4075 sensu
2229 4062 2243 4087 ,
2289 4022 2356 4076 de
2389 4022 2576 4076 tnundi
2612 4021 2890 4078 molitione
2930 4022 3100 4090 accipi
3155 4031 3340 4092 queat.

1775 4109 1907 4163 Nam
1944 4121 1996 4164 et
2024 4112 2277 4166 omnibus
2333 4112 2474 4167 Deus
2520 4113 2633 4182 ipse
2657 4121 2871 4182 pra-est,
2902 4121 2955 4167 et
2984 4113 3165 4167 omnia
3218 4128 3343 4168 cum

1776 4200 1885 4255 Deo
1934 4203 2186 4266 subsunt,
2248 4212 2358 4256 tum
2395 4203 2462 4257 ab
2528 4217 2593 4258 eo
2633 4203 2881 4272 gradum,
2955 4204 3008 4256 in
3049 4217 3158 4272 quo
3209 4216 3343 4256 con-

1775 4293 2050 4358 sisterent,
2127 4302 2499 4364 acceperunt:
2540 4303 2601 4349 ut
2661 4296 2848 4350 eadem
2893 4295 3142 4350 homines
3214 4307 3343 4363 pro-

1772 4395 1953 4455 pterea
2009 4386 2130 4441 loco
2191 4394 2443 4456 statuque
2483 4401 2582 4442 suo
2647 4386 2850 4441 moveri
2898 4401 3004 4439 non
3039 4399 3201 4454 posse
3256 4383 3343 4437 in-

1775 4477 2038 4546 telligant.
2072 4477 2362 4532 Enimvero
2390 4493 2566 4546 neque
2586 4478 2782 4532 cmlum
2818 4477 2872 4530 in
2910 4485 3132 4538 terram,
3164 4490 3262 4530 nec
3283 4475 3338 4529 in

1772 4567 1968 4620 cwlum
1995 4583 2233 4636 unquam
2260 4577 2403 4622 terra
2435 4576 2640 4620 mutata
2671 4577 2752 4622 est
2783 4584 2795 4618 :
2822 4565 3064 4633 adeoque
3090 4578 3189 4618 nec
3208 4562 3342 4616 solis

1774 4659 1829 4712 in
1878 4659 2058 4713 lunam
2093 4667 2197 4721 est,
2229 4659 2498 4713 nec-luna:
2521 4659 2574 4711 in
2602 4658 2794 4723 solem,
2829 4672 2930 4711 nec
2966 4655 3254 4709 ﬂuviorum
3283 4654 3339 4707 in

1772 4750 1964 4814 maria,
1997 4765 2098 4804 nec
2143 4751 2310 4806 maris
2360 4752 2414 4805 in
2457 4750 2654 4805 ﬂuvios
2677 4749 2817 4806 facta
2836 4748 3143 4803 conversio.
3181 4745 3339 4811 Quod

1770 4841 1947 4910 ipsum
1991 4842 2045 4895 in
2097 4843 2466 4898 animantibus
2518 4859 2738 4913 quoque
2781 4843 2962 4896 locum
2997 4840 3180 4894 habet.
3228 4835 3339 4892 Nec

1772 4933 1916 4986 enim
1969 4942 2064 4987 aut
2119 4934 2282 4989 homo
2330 4935 2531 5001 bellua,
2581 4945 2676 4990 aut
2737 4935 2918 4990 bellua
2959 4933 3122 4986 homo
3157 4930 3337 4984 futura

1771 5034 1872 5080 est.
1916 5024 2034 5092 Quo
2067 5027 2229 5080 etiam
2268 5028 2428 5082 modo
2455 5044 2578 5082 cum
2609 5028 2675 5082 de
2712 5026 2911 5097 plantis
2945 5035 2996 5080 et
3026 5022 3334 5086 arboribus,

1771 5126 1884 5172 tum
1918 5119 1984 5173 de
2012 5119 2240 5190 reliquis
2271 5120 2526 5175 omnibus
2579 5117 2950 5190 philosophari
2986 5116 3183 5178 liceat,
3216 5128 3336 5182 qua:

1771 5223 1892 5262 cum
1926 5209 1978 5262 in
2015 5209 2120 5262 alia
2152 5210 2348 5264 mutari
2377 5226 2482 5264 non
2518 5209 2748 5280 possint,
2777 5217 2893 5263 tum
2943 5207 3158 5262 easdem
3194 5219 3337 5259 sem-

1771 5314 1865 5366 per
1886 5299 1938 5352 in
1970 5300 2166 5369 seipsis
2222 5301 2540 5356 mutationis
2567 5310 2621 5355 et
2659 5300 2909 5354 interitus
2933 5294 3335 5351 vicissitudines

1769 5391 2209 5445 constantissime
2239 5393 2540 5460 patiuntur.
2573 5390 2684 5445 llac
2714 5405 2844 5460 ergo
2869 5388 3158 5451 sententia,
3185 5385 3332 5456 quod

1767 5480 1950 5535 divino
1973 5481 2186 5537 Numini
2221 5492 2415 5539 cuncta
2448 5483 2838 5547 obsecundent,
2869 5490 3014 5536 stare
3057 5478 3195 5534 Deus
3221 5480 3334 5546 ipse

1766 5588 1872 5625 non
1936 5572 2210 5628 immerito
2247 5573 2353 5629 dici
2404 5574 2592 5645 possit.
2628 5573 2770 5628 Idem
2797 5615 2812 5636 ,
2847 5587 2956 5643 quo
2991 5580 3230 5639 tempore
3257 5569 3334 5622 le-

1767 5680 1884 5734 gem
1917 5665 2055 5721 hanc
2081 5666 2378 5732 sanciebat,
2399 5681 2464 5722 eo
2490 5675 2603 5722 tum
2634 5666 2687 5721 i'n
2721 5673 2961 5721 montem
2986 5663 3119 5734 legis
3157 5661 3332 5730 ipsius
