3838 6384
147 316 225 368 ιιι
1226 320 1548 379 ΡΒΞΡΑΒ.
1592 324 1647 379 E'

1751 326 1851 383 NG.
1894 329 2021 387 LIB.
2067 330 2200 387 Vl".
3234 352 3343 407 διε

142 442 276 501 atque
319 433 369 488 in
396 434 636 490 altiorem
686 436 863 507 legum
899 436 1223 492 sententiam
1276 442 1476 498 mentis
1526 445 1685 499 oculo
1723 458 2010 517 penetrare
2056 453 2243 507 voluit.
2293 455 2469 525 Atque
2498 457 2611 513 haec
2644 458 2749 515 fuit
2796 460 3107 521 Iudaeorum
3174 448 3376 539 philoJ

141 528 397 595 sophorum
417 530 585 591 natio.
611 530 768 599 cujus
822 531 949 586 vita:
1014 546 1341 603 morumque
1377 536 1617 593 rationes
1674 540 1916 598 inﬁnitos
1973 546 2134 600 etiam
2205 548 2535 618 alienigenas
2587 553 2943 611 admiratione
2983 528 3364 630 complerunt;

136 623 192 673 At
219 622 471 687 gentilium
502 639 728 678 suorum
778 624 1068 678 clarissimi
1103 622 1373 695 Josephus
1394 638 1448 683 et
1481 630 1655 696 Philo,
1697 633 1897 703 aliique
1988 639 2335 708 complures,
2385 642 2604 696 eosdem
2670 649 2947 721 memoriae
3014 622 3370 721 pos-teritatis'

138 713 438 781 sempiterna:
476 716 595 768 suis
629 716 794 770 etiam
836 715 1092 785 operibus
1172 722 1560 777 commendare
1622 722 1930 783 voluerunt.
2003 728 2114 799 Ego
2172 747 2321 798 vero,
2376 734 2649 805 plerisque
2699 714 2953 796 omnibus
3015 713 3113 813 pm
3134 722 3370 802 tennis-1

138 806 214 870 sis,
248 824 342 862 uno
370 809 633 865 duntaxat
688 814 739 866 in
770 817 1179 884 praesentiarum
1237 818 1480 875 Philonis
1546 821 1881 888 testimonio,
1947 824 2083 879 dicis
2151 841 2335 889 causa.
2383 840 2672 887 contentus
2733 848 2848 899 ero,
2900 806 3044 905 quod
3092 841 3207 896 suis
3258 842 3347 896 ille

138 901 303 969 passim
330 902 672 959 monimentis
708 905 981 976 inspersit.
1018 907 1261 965 Primum
1288 926 1417 983 ergo
1454 911 1569 981 lege
1594 922 1650 967 tu
1688 913 1844 981 mihi,
1869 931 1993 985 qua:
2011 916 2077 971 de
2103 916 2211 973 illis
2237 918 2291 972 in
2317 935 2414 973 sua
2439 937 2537 989 pro
2557 920 2760 979 Iudaeis
2813 901 3139 997 Drfensione,
3201 933 3345 989 hunc

134 992 183 1047 in
221 993 417 1047 modum
446 994 565 1065 ipse
603 1010 1017 1054 commemorat.

627 1116 1024 1173 ΚΕΦΛΛΑΙΟΝ
1057 1122 1159 1176 IA'.
1694 1132 1742 1189 Δ

136 1245 243 1314 Περὶ
268 1245 548 1323 τῆς-κατὰ
577 1248 685 1323 τὸν
710 1251 854 1323 βίον
898 1252 1113 1320 ἀρετῆς
1148 1254 1266 1308 τῶν
1305 1258 1463 1323 παρὰ
1520 1260 1658 1313 Ἰου-

303 1317 487 1383 δηίοις
530 1320 594 1371 τὸ
622 1321 881 1375 παλαιὸν
924 1317 1437 1393 φιλοὸοφούντωὶκ

188 1468 205 1500 ι
232 1450 456 1521 Μυρίους
482 1452 541 1504 δὲ
572 1452 683 1506 τῶν
706 1455 997 1526 γνωρίμων
1024 1458 1051 1509 ὁ
1074 1458 1338 1530 ἡμέτερος
1367 1461 1661 1534 νομοθέτης

133 1540 310 1610 ἧλειψεν
349 1544 439 1595 ἐπὶ
487 1544 810 1607 κοινωνίαν,
836 1546 883 1599 οἳ
917 1548 1205 1602 καλοῦνται
1248 1551 1347 1620 μὲν
1398 1552 1655 1617 Ἐσσαῖοι,

134 1633 251 1704 παρά
290 1635 381 1705 τὴν
440 1637 719 1709 ὁσιότητα,
785 1640 874 1709 μοὶ
904 1639 1082 1704 δοκῶ,
1136 1642 1235 1713 τῆς
1292 1645 1660 1715 προσηγορίας

132 1725 419 1791 ἀξιωθέντες,
446 1727 657 1781 οξκοῦσι
685 1728 740 1781 δὲ
772 1730 969 1794 πολλάς
995 1731 1092 1802 μὲν
1143 1733 1325 1798 πόλεις
1372 1734 1473 1805 τῆς
1526 1736 1657 1788 Ἰου-

127 1819 265 1882 δαίας,
305 1819 499 1883 πολλὰς
519 1819 578 1873 δὲ
614 1820 825 1891 κώμας,
866 1824 959 1876 καὶ
1002 1825 1268 1893 μεγάλους
1294 1827 1387 1879 καὶ
1431 1828 1659 1884 πολυαν-

129 1908 332 1980 θρώπους
370 1910 617 1981 ὁμίλους.
648 1913 804 1965 Ἔστι
834 1913 876 1966 δ’
918 1916 1099 1979 αὐτοῖς
1142 1918 1176 1988 ἡ
1223 1918 1542 1990 προαίρεσις
1597 1921 1657 1973 οὐ

128 2000 238 2068 γένει
276 2001 443 2071 (γένος
486 2001 618 2073 γὰρ’
650 2003 735 2071 ἐφ’
763 2004 1027 2068 ἑκουσίοις
1054 2006 1115 2058 οὐ
1149 2009 1463 2077 γράφεται),
1494 2009 1579 2062 διὰ
1600 2010 1658 2064 δὲ

129 2088 252 2158 ζῆλον
283 2092 479 2161 ἀρετῆς
527 2094 626 2145 καὶ
664 2092 1072 2165 φιλανθρωπίας
1118 2097 1326 2169 ἵμερον.
1396 2100 1659 2155 Ἐσσαίων

128 2181 227 2249 γοῦν
258 2182 437 2254 κομιδῆ
484 2184 684 2253 νήπιος
704 2184 893 2249 οὐδεὶς,
926 2186 1037 2239 ἀλλ’
1054 2188 1173 2241 οὐδὲ
1196 2191 1586 2261 πρωτογένειος
1623 2193 1656 2263 ἢ

129 2274 391 2344 μειράκιονο
431 2276 558 2328 ἐπεὶ
588 2277 653 2330 τά
684 2294 747 2345 γε
793 2277 995 2330 τούτων
1035 2278 1265 2335 άὸἐὸαια
1314 2282 1417 2354 ἤθη
1447 2282 1526 2354 τῷ
1558 2284 1659 2354 τῆς

126 2363 292 2434 ἡλικίας
314 2366 491 2419 ἀτελεῖ
533 2370 1078 2440 συννεωτερίζονταιο
1114 2372 1305 2425 τέλειοι
1350 2373 1395 2426 δ’
1444 2376 1655 2447 ἄνδρες,

127 2460 338 2531 καὶπρὸς
367 2463 545 2532 γῆρας
574 2463 959 2528 ἀποκλίναντες
994 2466 1096 2536 ήδη
1123 2507 1137 2529 ,
1172 2467 1362 2539 μηκέθ’
1414 2468 1519 2522 ὑπὸ
1554 2470 1653 2539 τῆς
1685 2491 1725 2545 Β

124 2551 193 2604 τοῦ
217 2552 442 2624 σώματος
471 2556 742 2627 ἐπιρροῆς
773 2558 1208 2629 ὲπικλυζόμενοι,
1247 2560 1374 2631 μήθ’
1411 2562 1518 2615 ὑπὸ
1538 2562 1647 2615 τῶν

126 2643 271 2695 παθῶν
311 2646 590 2716 ἀγόμενοι,
652 2647 749 2720 τὴν
800 2650 1002 2722 ἀψευδῆ
1041 2651 1096 2703 δὲ
1132 2652 1225 2704 καὶ
1264 2652 1428 2722 μόνην
1481 2653 1649 2718 ὅντως

125 2734 378 2806 ἐλευθερίαν
407 2738 808 2809 καρπούμενοι.
843 2741 1067 2812 Μάρτυς
1104 2742 1159 2795 δὲ
1198 2742 1297 2814 τῆς
1343 2744 1650 2816 ἐλευθερίας

126 2828 262 2881 αὐτῶν
290 2832 314 2881 ὁ
346 2831 476 2900 βίος.
512 2829 676 2884 Ἰδιον
708 2832 881 2895 οὐδεὶς
904 2833 1024 2885 οὐδὲ
1058 2832 1314 2903 ὑπομένει
1348 2833 1649 2904 κτήσασθαι

124 2917 169 2969 τὸ
192 2922 419 2989 παράπαν
450 2922 645 2986 οὐδὲν,
677 2924 775 2975 οὐκ
806 2923 980 2977 οἰκίαν
1004 2966 1017 2987 ,
1052 2925 1153 2976 οὐκ
1184 2924 1537 2995 ἀνδράποδον,
1586 2926 1647 2978 οὐ

118 3014 311 3082 χωρίον,
369 3016 428 3067 οὐ
466 3014 814 3087 βοσκήματα,
849 3017 947 3086 οὐχ
991 3018 1090 3070 ὅσα
1130 3018 1263 3071 ἄλλα
1310 3019 1651 3088 παρασκευαὶ

114 3105 193 3156 καὶ
219 3108 450 3177 χορηγίαι
485 3109 741 3162 πλουτου.
779 3110 960 3162 Πάντα
991 3109 1035 3161 δ’
1059 3112 1138 3173 είς
1164 3111 1325 3180 μέσον
1351 3109 1522 3181 ἀθρόα
1551 3127 1651 3164 κα-

122 3197 411 3266 τατιθέντες,
461 3200 652 3272 κοινὴν
684 3201 1019 3274 καρποῦνται
1076 3201 1171 3272 τὴν
1206 3203 1461 3255 ἁπάντων
1509 3201 1650 3269 ὠφέ-

120 3285 251 3343 λειαν.
288 3294 501 3348 Οἰκοῦσι
543 3294 588 3346 δ’
626 3295 688 3346 ὲν
732 3293 914 3365 ταὺτῷ
938 3335 952 3358 ,
989 3295 1129 3347 κατὰ
1160 3294 1377 3357 θιάσους
1411 3293 1649 3364 ἑταιρίας

124 3380 195 3432 καὶ
217 3385 442 3437 συσσίτια
475 3384 816 3454 ποιούμενοι,
843 3385 937 3437 καὶ
964 3384 1123 3437 πάνθ’
1155 3385 1293 3453 ὑπὲρ
1322 3384 1412 3436 τοῦ
1454 3400 1643 3436 κοινω-

123 3470 274 3536 palo};
314 3475 822 3544 πραγματευόμενοι
867 3471 1214 3526 διατελοῦσιν.
1273 3472 1410 3524 Ἀλλ’
1450 3472 1649 3543 ἐτέρων

122 3560 266 3632 ἕτεραι
295 3568 687 3636 πραγματεῖαι,
738 3558 825 3627 αἷς
862 3564 1227 3627 ὲπαποδύντες
1276 3563 1484 3625 ἀόκνως
1533 3562 1649 3615 δια-

124 3652 309 3719 θλοῦσιν,
337 3658 394 3708 οὑ
418 3658 655 3728 κρυμὸν,
686 3657 747 3711 οὐ
780 3656 1003 3721 θάλπος,
1033 3657 1129 3725 οὐχ
1154 3656 1253 3708 ὅσα
1273 3655 1431 3725 ἀέρος
1453 3671 1649 3708 νεωτε-

124 3746 315 3815 ρῐτματα
362 3748 861 3819 προφασιζόμενοι·
909 3748 1037 3817 πρὶν
1078 3747 1121 3800 δ’
1175 3746 1324 3817 ἥλιον
1373 3747 1646 3815 ἀνασχεῖν,

122 3837 268 3891 ἐπὶτά
302 3840 497 3911 συνήθη
541 3840 884 3910 τρεπόμενοι,
914 3837 1170 3907 δυομένου
1209 3837 1358 3908 μόλις
1393 3837 1643 3890 ἐπανίασι
1671 3828 1713 3885 C

122 3930 370 4001 χαίροντες,
405 3932 503 4003 οὐχ
539 3926 699 4003 ἦττον
727 3929 833 3982 τῶν
866 3932 923 3982 ὲν
953 3932 1064 3991 τοῖς
1096 3931 1379 3998 γυμνικοῖς
1401 3926 1644 3993 ἐξεταζο-

125 4020 261 4085 μένων
286 4022 498 4091 ἀγῶσιν.
548 4020 1015 4091 Ύπολαμϐάνουσι
1044 4019 1154 4090 γὰρ
1198 4018 1312 4073 ἄττ’
1356 4019 1420 4071 ἂν
1451 4020 1642 4088 ἐπιτη-

122 4107 351 4176 δεύσωσιν,
380 4111 518 4166 εἶναι
545 4111 943 4183 βιωφελέστερα
973 4110 1066 4161 καὶ
1092 4109 1223 4179 ἡδίω
1239 4107 1385 4179 ψυχῇ
1411 4108 1505 4161 καὶ
1534 4105 1641 4160 σώ-

124 4218 224 4267 ματι
246 4206 307 4257 τά
355 4207 724 4276 γυμνάσματα
752 4244 767 4265 ,
808 4204 901 4256 καὶ
934 4198 1398 4273 πολυχρονιώτερα
1426 4198 1533 4251 τῶν
1584 4199 1642 4251 ὲν

124 4292 331 4365 ἀθλήσεσι
354 4337 368 4360 ,
406 4298 479 4368 μὴ
515 4294 897 4367 συνεφηὸῶντα
942 4297 1007 4364 τῇ
1050 4292 1141 4345 τοῦ
1185 4291 1431 4363 σώματος
1464 4292 1637 4361 ἀκμῇ.

124 4384 215 4437 Εἰσὶ
256 4391 352 4460 γάρ
396 4390 573 4444 αὐτῶν
602 4391 649 4442 οἱ
681 4390 779 4460 μὲν
821 4387 1097 4457 γεηπόνοι,
1130 4384 1238 4438 τῶν
1270 4383 1397 4454 περὶ
1433 4382 1641 4455 σπορὰν

125 4478 194 4529 καὶ
218 4482 465 4552 γεωργίαν
490 4483 870 4552 ἐπιστήμονες,
899 4481 946 4533 οἱ
971 4480 1014 4532 δ’
1058 4478 1353 4549 ἀγελάρχαι
1374 4515 1388 4540 ,
1442 4493 1639 4530 παντο-

124 4565 267 4623 δαπῶν
296 4570 617 4642 θρεμμάτων
646 4571 935 4641 ἡγεμόνες·
967 4568 1097 4621 ἔνιοι
1138 4567 1195 4620 δὲ
1232 4567 1409 4636 σμήνη
1461 4565 1641 4636 μελιτ-

125 4657 205 4710 τῶν
243 4664 669 4734 ἐπιτροπεύουσιν
690 4680 704 4693 ο
730 4662 877 4716 ἄλλοι
907 4662 964 4715 δὲ
991 4658 1310 4730 δημιουργοὶ
1348 4657 1457 4709 τῶν
1498 4657 1638 4710 κατά

125 4750 278 4819 τέχνας
332 4756 483 4818 εἰσιν,
543 4755 683 4825 ὑπὲρ
714 4753 806 4806 τοῦ
844 4752 1030 4824 μηδὲν,
1090 4745 1165 4804 ὧν
1225 4750 1280 4802 αἱ
1342 4749 1638 4817 ἀναγκαῖαι

127 4843 264 4908 χρεῖαι
292 4841 575 4912 βιάζονται,
610 4843 799 4896 παθεῖν
819 4859 832 4871 ·
885 4841 1033 4894 οὐδὲν
1067 4836 1485 4906 ἀναϐαλλόμενοι
1531 4834 1638 4889 τῶν

128 4932 187 4993 εἰς
224 4937 464 5006 πορισμὸν
504 4935 840 4990 ἀνυπαίτιον.
887 4934 980 4986 Ἐκ
1012 4932 1074 5003 δὴ
1108 4931 1213 4984 τῶν
1240 4929 1413 4992 οὕτως
1450 4928 1637 4997 διαιρε-

132 5024 286 5090 ρόντων
314 5028 522 5081 ἕκαστοι
554 5028 643 5080 τὸν
668 5026 854 5098 μισθὸν
891 5024 1142 5086 λαϐόντες
1162 5064 1175 5087 ,
1213 5022 1291 5075 ἐνὶ
1328 5020 1527 5074 διδόασι
1559 5018 1637 5090 τῷ

98 5114 493 5236 γχειριπονηθέντι
518 5120 691 5191 ταμίᾳ
710 5136 723 5148 ⁸
757 5117 936 5172 λαϐὼν
964 5117 1007 5169 δ’
1026 5118 1229 5178 ἐκεῖνος
1254 5154 1267 5176 ,
1315 5113 1510 5166 αὐτίκα
1538 5113 1633 5165 τά-

131 5210 326 5236 ..-.':-._
349 5213 399 5236 Α.
424 5216 553 5236 -2---
603 5213 689 5236 ---ι
722 5211 941 5236 ---ι..-.
978 5208 1181 5236 -..ληλρ
1227 5205 1486 5236 amulum..-
1542 5203 1631 5236 νηὶ

110 5203 329 5304 ίπιτήδεια
347 5213 580 5277 ὠνεῖται,
603 5213 695 5265 καὶ
722 5211 945 5281 παρέχει
977 5208 1181 5279 τροφάς
1224 5205 1507 5275 ἀφθόνους,
1542 5203 1637 5256 καὶ

115 5295 259 5375 ξτὲιλλα
299 5297 365 5355 ὧν
407 5306 435 5357 ό
467 5302 799 5374 ἀνθρώπινος
841 5302 953 5371 βίος
998 5297 1279 5369 χρειώδης.
1336 5296 1399 5349 Οἱ
1429 5295 1472 5347 δ’
1509 5296 1640 5365 ὁμο-

116 5388 279 5483 ἰεὶτιτοι
310 5396 394 5448 καὶ
432 5394 793 5466 ὁμοτράπεζοι
831 5392 951 5445 καθ’
986 5391 1221 5460 ἑκάστην
1264 5389 1475 5459 ἡμέραν
1510 5386 1637 5483 sict,

118 5476 215 5551 $07.;
241 5484 396 5548 αὐτοῖς
438 5485 841 5555 ἀσμενίζοντες,
872 5481 1166 5550 ὀλιγοδείας
1194 5479 1437 5550 ἐρασταὶ,
1478 5476 1640 5529 πολυ-

135 5570 317 5637 τέλειαν,
339 5577 406 5639 ὡς
434 5576 610 5647 ψυχῆς
637 5575 728 5628 καὶ
751 5574 996 5644 σώματος
1031 5572 1204 5635 νόσον,
1229 5570 1637 5640 ἐκτρεπόμενοι.

139 5659 267 5734 Κοινὴ
299 5666 336 5718 δ’
365 5668 419 5720 οὑ
470 5665 712 5737 τράπεζα
766 5666 945 5736 μόνον,
997 5664 1130 5717 ἀλλά
1157 5662 1250 5716 καὶ
1270 5661 1433 5733 ἐσθὴς
1455 5662 1634 5725 αὐτοῖς

141 5752 241 5808 ἔστι.
270 5758 564 5830 Πρὸκεινται
594 5761 704 5829 γὰρ
727 5758 949 5830 χειμῶνι
984 5759 1079 5829 μὲν
1104 5754 1367 5826 στρυφναὶ
1399 5754 1632 5823 χλαῖναι,

2282 1121 2445 1191 379
2466 1120 2692 1177 CAPUT
2729 1121 2823 1177 χι.

1762 1232 2088 1310 Πεῖριενιιηι
2116 1254 2256 1325 apud
2283 1254 2523 1337 Hebrmos
2554 1257 2975 1337 philosophorum
3001 1260 3106 1315 vita
3133 1280 3339 1320 summa

2225 1341 2343 1378 cum
2377 1329 2565 1380 virtute
2590 1329 2889 1398 conjuncta.

1838 1474 1857 1508 ι
1903 1455 2209 1520 Maximam,
2240 1455 2437 1527 inquit,
2463 1472 2653 1513 eorum
2702 1460 3127 1529 multitudinem,
3158 1464 3248 1534 qui
3282 1467 3338 1523 in

1761 1548 1880 1618 ejus
1904 1564 2023 1603 sese
2046 1549 2385 1617 disciplinam
2439 1551 2793 1618 tradiderunt,
2822 1553 3094 1622 legislator
3142 1566 3333 1610 noster

1762 1638 1827 1690 ad
1854 1647 2056 1692 mutuae
2088 1638 2369 1693 societatis
2399 1640 2835 1694 communionem
2880 1642 3213 1708 informavit,
3242 1645 3337 1715 qui

1760 1727 2067 1782 Esszcorum
2125 1730 2363 1793 nomine,
2416 1730 2567 1801 παρά
2599 1731 2697 1802 τὴν
2755 1732 3028 1803 ὁσιότητα,
3089 1744 3145 1788 ιιι
3203 1738 3336 1791 mihi

1761 1820 1977 1888 quidem
2024 1820 2255 1884 videtur,
2290 1822 2391 1877 hoc
2437 1831 2521 1875 est
2555 1837 2584 1875 a
2626 1823 2932 1885 sanctitate.
2974 1826 3333 1894 appellantur.

1758 1911 2028 1967 Plurimas
2082 1914 2153 1967 illi
2180 1912 2377 1968 Judreae
2424 1915 2690 1977 civitates,
2732 1932 3008 1987 pagosque
3037 1921 3335 1987 permultos

1759 2003 2021 2065 habitant,
2041 2004 2388 2074 ingentesque
2400 2006 2686 2060 admodum
2703 2016 2754 2061 ιιι
2779 2011 3027 2077 copiosas
3050 2010 3332 2066 hominum

1760 2092 2075 2145 sodalitates
2112 2093 2419 2147 instituunt.
2460 2095 2568 2147 Sua
2597 2095 2702 2149 illis
2736 2097 2856 2152 vitae
2886 2100 3045 2163 ratio,
3092 2117 3196 2154 non
3238 2119 3333 2167 ge-

1759 2197 1889 2235 nere
1921 2194 2134 2237 eonstat
2157 2185 2277 2251 (nec
2313 2186 2455 2239 enim
2487 2200 2699 2252 eorum,
2732 2188 2823 2257 qui
2856 2190 3159 2245 voluntarie
3200 2208 3335 2245 con-

1758 2276 2004 2341 veniunt,
2050 2292 2222 2345 genus
2262 2278 2477 2346 proprie
2527 2280 2710 2331 vocari
2741 2280 2920 2348 solet),
2969 2284 3060 2336 sed
3096 2285 3332 2353 quadam

1758 2366 2104 2420 aemulatione
2155 2367 2391 2429 virtutis,
2415 2376 2468 2422 et
2510 2368 2864 2425 humanitatis
2907 2372 3087 2425 studio
3116 2375 3324 2441 perlici-

1760 2465 1866 2509 tur.
1893 2454 2088 2511 Nullus
2123 2458 2386 2513 inter'eos
2431 2469 2521 2513 aut
2571 2474 2702 2528 puer
2742 2462 3034 2517 admodum
3070 2475 3175 2530 est,
3238 2474 3334 2520 aut

1752 2549 1807 2602 in
1883 2550 2057 2619 prima
2107 2549 2285 2605 adhuc
2326 2550 2406 2604 vel
2455 2551 2755 2619 pulei-tate,
2794 2554 2876 2607 vel
2932 2555 3093 2608 etiam
3153 2556 3333 2612 adole-

1751 2641 1964 2696 scenlia
1994 2643 2323 2696 constitutus
2353 2658 2366 2695 :
2395 2642 2536 2707 quod
2588 2644 2846 2697 similium
2888 2644 2999 2700 fere
3051 2649 3331 2704 versatiles

1750 2733 1926 2786 adhuc
1980 2731 2352 2798 ﬂexibilesque
2381 2747 2557 2787 mores
2580 2734 2897 2791 inﬁrmioris
2947 2738 3122 2792 :rtatis
3155 2751 3331 2793 unua-

1749 2823 2008 2878 bilitatem
2035 2824 2348 2877 imitentur:
2375 2833 2429 2877 at
2458 2823 2553 2877 viri
2577 2824 2688 2893 jam
2720 2826 2961 2896 perfecti,
2988 2829 3190 2898 quique
3218 2845 3325 2884 non

1752 2914 1886 2967 nihil
1920 2913 1971 2966 in
2025 2921 2297 2967 senectam
2344 2924 2643 2980 vergentes,
2677 2925 2734 2969 ut
2786 2933 2893 2971 non
2955 2918 3187 2988 a'mplius
3235 2929 3331 2975 aut

1751 3003 1995 3073 corporis
2022 3013 2155 3057 testu
2192 3018 2254 3056 ac
2279 3002 2532 3057 ﬂuctibus
2583 3005 2930 3066 hauriuntur.
2986 3020 3079 3063 aut
3116 3023 3328 3077 pertur-

1749 3096 2028 3151 bationum
2091 3098 2290 3163 impetu
2351 3097 2653 3166 rapiuntur,
2714 3099 2787 3152 ita
2843 3099 3004 3170 plane
3065 3117 3197 3156 vera
3236 3104 3325 3157 illa

1751 3192 1973 3259 solaque
2002 3190 2247 3245 libertate
2282 3192 2580 3261 potiuntur.
2612 3192 2689 3245 Ac
2708 3194 2861 3247 testis
2904 3195 3120 3263 quidem
3164 3197 3325 3263 hujus

1749 3283 2011 3337 libertatis
2058 3282 2173 3352 ipsa
2209 3283 2329 3337 vitae
2376 3284 2512 3338 ratio
2560 3293 2660 3338 est.
2688 3283 2967 3338 Peculiare
2996 3287 3323 3356 cujusquam

1752 3390 1815 3429 ac
1846 3375 2122 3444 praprium
2158 3376 2289 3428 nihil
2320 3386 2425 3441 est,
2456 3391 2565 3429 non
2600 3378 2817 3442 domus,
2849 3392 2955 3430 non
2975 3394 3183 3441 servus,
3215 3395 3323 3435 non

1753 3466 2037 3536 praedium,
2068 3482 2175 3519 non
2234 3482 2421 3536 pecus,
2454 3483 2561 3520 non
2588 3468 2731 3521 aliud
2769 3469 3064 3538 quidquam
3109 3485 3322 3537 eorum,

1751 3559 1894 3613 unde
1911 3574 2039 3628 opes
2059 3574 2123 3612 ac
2147 3559 2346 3613 divitiae
2370 3570 2777 3629 comparantur.
2810 3559 2878 3613 At
2910 3576 2973 3614 ex
3012 3564 3323 3631 promiscua

1751 3664 1933 3703 rerum
1983 3650 2122 3703 inter
2165 3666 2282 3704 sese
2335 3653 2579 3704 omnium
2616 3653 3025 3716 communione,
3080 3654 3322 3708 omnium

1751 3740 1911 3794 etiam
1949 3740 2004 3793 in
2054 3741 2295 3810 singulos
2320 3741 2530 3797 fructus
2578 3750 2743 3812 atque
2788 3744 2995 3798 utilitas
3036 3746 3321 3799 redundat.

1747 3830 1947 3886 Eodem
1978 3833 2029 3884 in
2060 3832 2178 3886 loco
2206 3833 2540 3887 domicilium
2567 3834 2768 3887 habent
2791 3850 3013 3887 suorum
3041 3834 3322 3890 hominum

1743 3931 1885 3979 coetu
1907 3926 1958 3977 in
1984 3924 2201 3993 aliquot
2223 3925 2537 3979 sodalitates
2558 3935 2610 3979 et
2637 3926 2990 3980 contubernia
3009 3927 3321 3994 distributo,

1743 4015 2081 4084 consiliaque
2122 4030 2219 4068 sua
2247 4017 2432 4069 omnia
2465 4016 2518 4069 in
2555 4017 2829 4085 publicum
2874 4024 2929 4071 et
2978 4033 3321 4073 communem

1744 4121 1900 4161 usum
1937 4105 2157 4159 assidua
2204 4120 2369 4175 opera
2399 4115 2453 4160 et
2499 4107 2682 4160 studio
2725 4106 3034 4162 conferunt.
3069 4092 3319 4162 Aliorum

1742 4205 1922 4250 tamen
1951 4196 2056 4250 alia
2083 4196 2368 4265 occupatio
2388 4206 2493 4257 est.
2526 4197 2579 4251 in
2610 4213 2773 4268 quam
2813 4198 3100 4269 diligenter
3135 4209 3189 4253 et
3216 4200 3317 4253 im.

1742 4291 1893 4362 pigre
1917 4305 2079 4345 nemo
2110 4304 2215 4343 non
2247 4290 2533 4355 incumbit,
2566 4296 2626 4343 ut
2675 4306 2781 4343 non
2819 4292 2981 4344 modo
3005 4306 3180 4359 neque
3208 4291 3319 4351 vim

1743 4384 1984 4455 frigoris.
2024 4400 2198 4453 neque
2229 4393 2443 4449 :leUttt,
2481 4399 2655 4454 neque
2680 4384 2813 4438 alias
2842 4384 2963 4439 C(Bli
2990 4384 3318 4438 mutationes

1744 4477 2082 4545 injuriasque
2114 4484 2427 4539 causentur,
2454 4474 2546 4529 sed
2586 4475 2760 4544 ipsum
2795 4489 3014 4544 quoque
3065 4475 3196 4529 solis
3227 4490 3314 4528 or-

1744 4578 1857 4621 tum
1924 4565 2103 4634 operis
2178 4563 2261 4619 sui
2314 4565 2635 4619 tractatione
2682 4574 3054 4631 antevertant,
3114 4565 3315 4633 vixque

1743 4665 1864 4726 post
1890 4670 2146 4710 occasum
2190 4670 2308 4710 sese
2336 4655 2551 4708 tandem
2582 4654 2864 4724 recipiant.
2907 4653 3027 4721 Quo
3074 4666 3317 4724 tempore

1744 4749 1939 4802 lzetitia:
1963 4762 2179 4801 sensum
2198 4762 2305 4815 pra:
2328 4762 2385 4799 se
2422 4743 2624 4811 ferunt,
2652 4747 2823 4800 nihilo
2852 4749 3117 4800 minorem
3149 4764 3315 4816 quam

1742 4839 2115 4911 quigymnicis
2138 4839 2525 4893 certaminibus
2551 4840 2789 4893 exerceri
2818 4839 3011 4893 solent.
3045 4837 3135 4893 Sic
3170 4841 3315 4894 enim

1743 4931 2070 5000 intelligunt,
2100 4930 2257 4999 longe
2286 4944 2343 4984 se
2375 4945 2498 4983 cum
2530 4929 2781 4983 humanae
2811 4930 2934 4981 vitae
2981 4929 3313 4994 utilioribus,

1743 5032 1856 5077 tum
1884 5022 2065 5077 animo
2094 5022 2256 5077 simul
2293 5030 2346 5075 et
2370 5021 2583 5090 corpori
2616 5020 3032 5090 jucundioribus
3055 5023 3317 5076 exercita-

1748 5115 1986 5169 tionibus
2007 5129 2227 5182 operam
2249 5113 2400 5175 dare,
2434 5113 2542 5167 imo
2592 5113 2775 5176 etiam,
2806 5112 2961 5182 longe
3002 5113 3310 5167 diuturnio-

1738 5204 1909 5267 ribus,
1937 5218 2101 5273 quam
2130 5218 2251 5272 quae
2274 5202 2596 5256 athletarum
2623 5203 2854 5272 propria:
2882 5210 3028 5267 sunt,
3066 5217 3188 5255 cum
3211 5202 3315 5257 illa:

1742 5310 1850 5349 non
1874 5310 1980 5349 una
2002 5310 2125 5349 cum
2157 5293 2328 5364 ipsius
2353 5293 2599 5362 corporis
2622 5292 2754 5347 ﬂore
2784 5300 3144 5346 marcescant.
3176 5291 3312 5346 Nam

1742 5403 1808 5440 ex
1840 5386 1906 5440 iis
1931 5387 2023 5440 alii
2048 5385 2300 5457 agricola:
2338 5392 2487 5448 sunt,
2518 5399 2581 5438 ac
2619 5385 2878 5438 sementis
2924 5383 3206 5447 faciendae,
3260 5395 3314 5438 et

1743 5477 2055 5546 subigendae
2076 5485 2232 5530 teme
2247 5476 2403 5545 periti
2422 5494 2435 5542 ;
2460 5475 2624 5545 380
2641 5475 2731 5528 alii
2751 5475 3034 5543 pascendis
3061 5475 3313 5545 gregibus

1746 5572 1925 5624 omnis
1956 5571 2170 5639 generis
2193 5584 2411 5637 operam
2441 5568 2966 5637 impenduntsuam;
2997 5567 3118 5621 aliis
3147 5583 3309 5637 apum

1742 5660 1993 5716 examina
2024 5667 2079 5714 et
2108 5658 2339 5713 alvearia
2366 5674 2510 5713 cura:
2535 5668 2696 5719 sunt;
2729 5657 2821 5712 alii
2851 5658 3193 5728 quotidianas
3224 5674 3310 5714 ar-

1745 5762 1825 5808 tes
1854 5750 2124 5815 factitant,
2165 5758 2223 5804 ut
2247 5748 2510 5804 molestiis
2546 5749 2821 5817 omnibus,
2846 5765 2983 5818 quas
2998 5748 3191 5805 alIerre
3212 5765 3309 5805 ne-
