3838 6384
485 285 590 340 653

1125 279 1398 337 EUSEBll
1435 280 1918 338 CzESAMENSIS
1957 283 2108 338 OPP.
2149 283 2331 341 PARS
2371 284 2436 341 ll.
2477 316 2544 326 —-
2582 287 3089 346 APOLOGETICA.

3630 297 3733 352 ΘΗ

483 407 712 459 cessitas
736 412 790 458 et
814 403 993 473 inopia
1023 403 1181 470 so’let,
1199 404 1657 472 expeditivivant,
1685 404 1930 476 adeoque
1947 407 2041 460 nul

2175 406 2320 482 θέρει
2351 409 2396 461 δ’
2447 408 2711 479 ἐξωμίδες
2753 411 3019 479 εύτελεῖς,
3065 413 3140 476 ὡς
3165 414 3423 485 εὐμαρῶς
3455 416 3641 481 ἐξεῖναι

484 495 589 550 lam
624 497 848 550 omnino
875 495 1227 558 funetionem,
1258 497 1303 550 si
1333 495 1494 549 modo
1537 496 1696 565 culpa
1750 506 1922 561 vacet,
1947 496 2074 567 quae

482 587 549 642 ad
584 589 836 642 tuendam
891 588 1055 641 vitam
1107 587 1394 642 commoda
1425 587 1515 652 sit,
1549 587 1703 643 obire
1745 588 2066 645 detrectant.

480 675 600 732 Jam
650 679 916 748 quidquid
950 679 1146 748 singuli
1204 695 1268 732 ex
1325 689 1471 733 tanta
1521 695 1748 748 operum
1811 683 2072 737 varietate

481 770 641 838 pretii
687 770 1016 837 acceperint,
1053 768 1103 821 id
1135 778 1307 823 totum
1357 770 1743 823 communibus
1795 769 2069 842 suffragiis

481 873 666 920 creato
701 864 954 932 quaestori
991 863 1212 917 tradunt
1249 865 1301 917 in
1335 880 1550 918 manus.
1587 864 1748 931 Quod
1799 867 1888 921 ille
1931 882 2067 922 con-

481 954 637 1009 tinuo
671 955 725 1008 iu
751 959 1076 1010 necessariis
1097 957 1412 1010 coemendis
1429 958 1706 1026 expendit,
1731 973 1962 1028 quaeque
1983 958 2067 1013 vel

479 1049 546 1101 ad
581 1049 848 1118 reliquum
885 1050 1136 1104 humanae
1169 1049 1294 1104 vita:
1337 1059 1707 1104 commeatum
1755 1067 1892 1120 optts
1950 1051 2068 1107 fue-

477 1140 608 1204 rint,
661 1142 866 1210 prolixe
906 1143 1231 1211 suppeditat.
1284 1142 1773 1212 Atqueillieodem
1819 1145 2066 1214 quotidie

476 1233 600 1288 cibo
635 1235 1022 1303 communique
1042 1251 1225 1288 mensa
1248 1245 1494 1298 utuntur,
1527 1244 1579 1289 et
1599 1237 1777 1290 victus
1804 1237 2060 1290 similitu-

476 1327 603 1382 dine
627 1327 876 1381 delectati
922 1325 1285 1398 frugalitatem
1326 1338 1532 1391 amant,
1570 1329 1758 1382 luxum
1800 1340 2057 1399 tanquam

475 1419 642 1474 animi
661 1420 1015 1488 corporisque
1032 1429 1235 1488 pestem
1257 1419 1934 1492 aversantur-.Quanquam
1954 1438 2058 1478 nou

473 1512 660 1566 minus
691 1513 831 1580 apud
867 1527 962 1566 eos
992 1512 1222 1566 vestium
1255 1521 1356 1575 est,
1387 1528 1551 1582 quam
1585 1529 1788 1568 mensa:
1813 1529 2060 1568 commu-

475 1605 589 1658 nio.
614 1603 748 1659 Nam
792 1606 970 1660 hieme
993 1606 1218 1659 hirsutis
1243 1623 1306 1660 ac
1333 1607 1542 1662 villosis
1570 1622 1762 1660 omnes
1795 1608 1946 1662 lamis
1977 1608 2060 1660 in-

471 1695 947 1760 duuntur,:estate
995 1713 1123 1752 vero
1165 1697 1591 1766 simplicioribus
1646 1712 1711 1751 ac
1760 1697 2056 1754 levioribus

471 1788 742 1859 palliolis;
777 1799 836 1842 ut
863 1788 1018 1843 facile
1049 1789 1222 1844 cuivis
1254 1792 1524 1859 integrum
1555 1791 1646 1852 sit,
1670 1806 2056 1861 quamcunque

470 1881 691 1936 libuerit
747 1881 1015 1950 accipere,
1045 1897 1168 1936 cum
1192 1889 1245 1934 et
1267 1897 1607 1952 quzecunque
1633 1883 1795 1937 unius
1822 1892 1966 1944 sunt,
1991 1883 2057 1936 ad

470 1988 662 2028 omnes
688 1988 840 2042 teque
863 1973 1188 2042 pertineant,
1241 1983 1294 2026 et
1336 1989 1457 2042 qua:
1508 1973 1750 2028 vicissim
1784 1974 2054 2039 omnium,

469 2067 638 2122 unius
689 2082 810 2121 esse
859 2078 1208 2121 censeantur.
1241 2065 1398 2132 Quod
1426 2067 1469 2120 si
1502 2066 1771 2135 quispiam
1805 2067 1858 2119 in
1906 2083 2055 2119 mor-

467 2160 598 2214 bum
633 2159 921 2224 inciderit,
969 2160 1015 2214 is
1064 2159 1450 2212 communibus
1501 2168 1727 2212 curatur
1767 2158 2051 2226 impensis.

467 2263 629 2320 atque
657 2251 900 2304 omnium
931 2250 1125 2304 studiis
1153 2249 1450 2319 officiisque
1474 2259 1766 2304 recreatur.
1799 2248 2053 2305 Seniores

467 2343 611 2412 quod
639 2343 851 2403 attinet,
875 2351 932 2395 ut
963 2341 1150 2396 liberis
1186 2341 1289 2411 ipsi
1315 2352 1558 2406 careant,
1591 2355 1700 2394 non
1744 2340 1926 2392 minus
1966 2349 2051 2393 ta-

465 2451 613 2498 men,
650 2452 812 2506 quam
856 2436 1053 2506 quibus
1092 2445 1145 2498 et
1179 2435 1564 2491 fecundissima
1614 2433 1830 2489 soboles
1859 2444 1910 2486 et
1949 2449 2048 2501 op-

464 2528 598 2582 tima
631 2526 814 2591 fuerit,
847 2529 902 2582 in
931 2527 1250 2583 felicissima
1281 2544 1345 2583 ac
1389 2527 1718 2583 suavissima
1771 2531 2050 2579 senectute

463 2620 624 2674 linem
657 2619 873 2674 vivendi
907 2619 1151 2675 faciunt:
1185 2621 1313 2675 dum
1345 2637 1440 2675 eos
1470 2631 1580 2673 tam
1621 2617 1776 2671 multi
1813 2617 2050 2686 praemiis

463 2719 657 2765 auctos
691 2710 995 2779 potioribus
1029 2711 1180 2766 omni
1227 2712 1433 2765 honore
1465 2718 1893 2780 prosequuntur,
1955 2709 2049 2777 qui

463 2801 530 2856 ad
560 2802 664 2856 hoc
689 2800 852 2871 officii
882 2818 1050 2872 genus
1068 2803 1344 2858 voluntate
1367 2803 1552 2873 potius
1574 2810 1835 2871 certoque
1864 2801 2049 2854 consi-

460 2893 558 2961 lio,
587 2910 750 2964 quam
780 2895 886 2948 ulla
919 2903 1128 2948 natura:
1147 2895 1773 2948 necessitateducantur.
1808 2891 2048 2946 Prmter-

460 3002 548 3054 ea,
601 2989 746 3057 quod
767 3002 897 3042 sane
925 2985 1006 3039 vel
1031 3001 1222 3050 unum,
1255 2985 1337 3039 vel
1369 2984 1612 3038 omnium
1632 2984 1865 3037 maxime
1894 2999 2046 3037 eom-

2177 499 2502 571 βουλομένῳ,
2561 503 2627 572 ἦν
2686 501 2751 554 ἂν
2788 503 3052 573 ἑθελήσοι,
3110 505 3314 568 λαϐεῖν,
3351 506 3540 576 ἐπειδὴ
3564 508 3648 559 καὶ
3678 512 3740 563 τὰ

2173 594 2289 656 ἐνὸς
2321 593 2591 655 ἁπάντων,
2624 594 2720 646 καὶ
2752 594 2818 647 τὰ
2841 597 3079 657 πάντων,
3116 596 3348 667 ἔμπαλιν
3375 598 3494 660 ἑνὸς
3533 600 3740 671 ὑπείληι

2171 703 2321 739 πται.
2357 687 2466 740 Καὶ
2501 687 2604 758 μὴν
2633 687 2686 740 εἴ
2711 705 2796 750 τις
2815 688 2995 741 αὐτῶν
3020 689 3390 760 ἀσθενήσειεν,
3425 693 3488 743 ὲκ
3520 691 3620 745 τῶν
3643 711 3742 747 κοι-

2170 777 2275 830 νῶν
2299 779 2665 850 νοσηλεὺεται,
2697 779 3129 851 θεραπευόμενος
3167 785 3288 846 ταῖς
3330 785 3580 836 ἁπάντων
3631 787 3740 838 ὲπι-

2173 870 2411 942 μελείαις
2441 871 2534 923 καὶ
2568 871 2863 941 φροντίσιν.
2907 872 2968 923 Οἱ
3005 872 3062 924 δὲ
3101 871 3166 942 δὴ
3210 872 3531 943 πρεσϐύται,
3564 875 3663 926 κᾶν
3696 879 3739 928 εί

2167 961 2380 1032 τύχοιεν
2412 962 2646 1023 ἄτεκνοι,
2682 962 2932 1034 καθάπερ
2951 963 3010 1015 οὑ
3041 963 3366 1030 πολύπαιδες
3403 965 3577 1034 μόνον,
3613 967 3739 1020 ἀλλὰ

2167 1053 2263 1105 καὶ
2293 1053 2497 1124 σφόδρα
2521 1053 2792 1115 εῦπαιδες,
2815 1055 2872 1106 ὲν
2900 1055 3280 1126 εὐτυχεστάτῳ
3314 1057 3408 1108 καὶ
3443 1056 3739 1128 λιπαρωτά-

2165 1162 2242 1215 τῳ
2274 1146 2421 1216 γήρα
2451 1145 2542 1198 τὸν
2584 1145 2695 1215 βίον
2738 1144 2960 1198 εἰώθασι
2989 1146 3297 1211 καταλύειν,
3341 1148 3446 1201 ὑπὸ
3483 1149 3738 1202 τοσούτων

2167 1239 2470 1307 προνομίας
2503 1250 2528 1277 α
2563 1236 2868 1309 ἀξιούμενοι
2906 1239 2996 1292 καὶ
3036 1239 3236 1310 τιμῆς,
3281 1240 3513 1310 ἑκουσίῳ
3557 1242 3735 1312 γνώμη

2168 1323 2366 1392 μᾶλλον
2398 1324 2430 1395 ἢ
2459 1324 2671 1392 φύσεως
2699 1327 2909 1397 ἀνάγκη
2935 1327 3257 1398 θεραπεύειν
3283 1328 3597 1392 ἀξιούντων.
3625 1332 3736 1383 Ἕτι

2161 1416 2358 1482 τοίνυν,
2382 1417 2574 1489 ὅπερῆ
2611 1419 2769 1488 μόνον
2799 1419 2829 1490 ἢ
2861 1420 3095 1490 μάλιστα
3115 1419 3212 1490 τὴν
3243 1421 3530 1475 κοινωνίαν
3556 1423 3736 1492 ἔμελλε

2159 1507 2872 1582 διαλύειννόξυδερκέστερον
2901 1511 3118 1576 ἰδόντες,
3147 1512 3324 1582 γάμον
3355 1515 3737 1584 παρῃτήσαντο

2163 1601 2299 1670 μετά
2326 1601 2420 1655 τοῦ
2456 1601 2820 1673 διαφερόντως
2851 1605 3038 1656 ἀσκειν
3074 1603 3422 1676 ἐγκράτειαν.
3483 1607 3736 1661 Ἐσσαίων

2158 1694 2267 1764 γὰρ
2307 1695 2480 1756 οὐδεὶς
2524 1695 2711 1762 ἄγεται
2745 1698 2977 1763 γυναῖκα
3003 1735 3016 1759 ,
3047 1695 3178 1748 διότι
3213 1697 3470 1765 φίλαυτον
3519 1700 3550 1769 ἡ
3582 1703 3733 1772 γυνὴ,

2160 1789 2254 1840 καὶ
2283 1784 2581 1857 ζηλότυπον
2623 1787 2683 1839 οὐ
2748 1788 3004 1859 μετρίως,
3050 1788 3142 1841 καὶ
3191 1788 3363 1842 δεινὸν
3413 1789 3608 1864 ἀνδρὸς
3637 1793 3734 1862 ἤθη

2161 1878 2589 1951 παρασαλεῦσαι,
2643 1881 2736 1932 καὶ
2789 1880 3036 1948 συνεχέσι
3079 1881 3358 1950 γοητείαις
3413 1883 3730 1951 ὑπάγεσθαι.

2158 1969 2513 2038 Μελετήσασα
2545 1971 2653 2041 γὰρ
2683 1969 2871 2033 Οῶπας
2898 1970 3109 2038 λόγους.
3141 1973 3236 2024 καὶ
3260 1973 3358 2044 τὴν
3405 1975 3570 2044 ἀλλην
3612 1976 3735 2028 ὑπό-

2158 2079 2361 2132 κρισιν,
2414 2061 2601 2134 ὥσπερ
2665 2063 2758 2115 ἐπὶ
2804 2063 3038 2133 σκηνῆς,
3073 2063 3224 2132 ὄψεις
3271 2067 3364 2118 καὶ
3409 2067 3581 2130 ἀκοὰς
3613 2070 3734 2122 ὅταν

2155 2155 2398 2229 δελεάσῃ,
2449 2157 2868 2226 διηπατημένων
2904 2151 2991 2209 οἷα
3046 2157 3323 2228 ὑπηκόων,
3361 2159 3451 2211 τὸν
3499 2161 3731 2230 ἡγεμόνα

2155 2245 2278 2299 νοῦν
2327 2246 2625 2314 φενακίζει.
2681 2247 2876 2310 Παῖδες
2902 2247 2944 2299 δ’
2973 2248 3021 2299 εἰ
3056 2245 3298 2315 γένοιντο
3324 2289 3339 2312 ,
3391 2253 3731 2321 φρονήματος

2155 2340 2562 2411 ὑποπλησθεῖσα
2611 2341 2704 2394 καὶ
2741 2340 3072 2412 παρρησίας,
3127 2343 3226 2393 ὅσα
3275 2343 3399 2394 κατ’
3452 2345 3729 2413 εἰρωνείαν

2155 2432 2417 2504 πρότερον
2445 2431 2693 2494 ὑπούλως
2721 2432 3062 2501 ὑπῃνίττετο,
3095 2431 3264 2484 ταῦτα
3292 2433 3384 2483 ἀπ’
3419 2433 3729 2503 εὑτολμοτέο

2158 2543 2250 2598 ρου
2281 2525 2513 2596 θράσους
2540 2524 2761 2578 ἐκκαλεῖ
2788 2523 2922 2596 (90),
2955 2525 3049 2577 καὶ
3091 2527 3528 2596 ἀναισχυντοῦσιν.
3549 2569 3563 2591 ,
3613 2526 3726 2597 βιά-

2153 2619 2301 2683 ζεται
2352 2617 2646 2688 πράττειν·
2677 2611 2750 2670 ὧν
2795 2619 3024 2672 ἕκαστον
3086 2619 3367 2682 κοινωνίας
3401 2620 3614 2691 ἐχθρόν.
3675 2623 3727 2672 '0

2150 2710 2259 2781 γὰρ
2286 2712 2317 2782 ἢ
2354 2711 2609 2778 γυναικὸς
2644 2711 2885 2783 φίλτροις
2912 2712 3166 2774 ὲνδεθεὶς,
3198 2711 3230 2781 ἣ
3257 2713 3482 2776 τέκνων,
3521 2715 3726 2784 ἀνάγκη

2151 2802 2383 2873 φύσεως,
2413 2804 2838 2875 προκηδόμενος,
2871 2803 3056 2858 οὑκέτι
3091 2804 3225 2876 πρὸς
3254 2805 3446 2869 ἄλλους
3498 2807 3527 2858 ὁ
3569 2808 3726 2868 αὑτός

2149 2895 2314 2957 ἐστιν,
2361 2893 2474 2948 ἀλλ’
2507 2894 2692 2964 ἕτερος
2737 2896 2929 2962 γέγονε
2980 2895 3217 2965 λεληθὼς
3275 2897 3388 2949 ἀντ’
3445 2897 3722 2969 ἐλευθέρου

2147 2985 2350 3049 δοῦλος.
2383 2978 2551 3048 Οὗτος
2582 2985 2711 3054 γοῦν
2740 2989 2769 3038 ὁ
2802 2985 2914 3055 βίος
2944 2986 3091 3038 ἐστὶν
3119 2987 3298 3039 αὐτῶν
3329 2988 3720 3058 περιμάχητος.

460 3080 780 3134 munionem
829 3079 978 3132 illam
1023 3078 1292 3147 dissipare
1342 3079 1632 3146 potuisset,
1692 3076 2046 3131 solertissime

2156 3079 2300 3130 ’θεῖτ’
2328 3079 2427 3130 οὑκ
2460 3077 2664 3130 ἰδιῶται
2698 3077 2876 3148 μόνον,
2905 3077 3039 3131 ἀλλά
3078 3079 3171 3131 καὶ
3195 3078 3422 3149 μεγάλοι
3467 3079 3721 3148 βασιὲεἱς,

459 3169 828 3239 providentes,
862 3170 931 3222 ita
967 3169 1185 3238 nuptias
1238 3168 1529 3237 repudiare
1561 3168 1756 3230 solent,
1801 3177 1860 3221 ut
1907 3170 2047 3223 inte-

461 3266 710 3335 gerrimze
733 3263 1080 3319 continentia:
1110 3263 1325 3316 laudem
1355 3262 1458 3316 sibi
1502 3261 1830 3330 praacipuam
1859 3262 2045 3318 defen-

458 3354 610 3408 dant.
645 3353 718 3408 lta
750 3353 1056 3408 Essaeorum
1085 3367 1244 3406 nemo
1274 3367 1498 3406 uxorem
1524 3353 1693 3419 ducit,
1733 3353 1879 3424 quod
1914 3371 2040 3408 mu-

457 3443 557 3498 lier
576 3445 843 3514 ejusmodi
879 3445 973 3507 sit,
1034 3459 1157 3514 quae
1198 3457 1324 3496 cum
1372 3442 1607 3511 seipsam
1661 3445 2041 3500 vehementius

457 3545 623 3598 amet,
682 3551 746 3590 ac
797 3535 1063 3605 zelotypia
1119 3534 1330 3589 laboret
1388 3533 1725 3588 immodica:
1770 3543 1884 3589 tum
1934 3531 2046 3590 viri

2149 3169 2416 3239 ἀγάμενοι
2449 3173 2575 3232 τοὺς
2600 3170 2797 3241 ἄνδρας
2817 3211 2831 3235 ,
2866 3171 3152 3241 τεθήπασι,
3184 3173 3278 3225 καὶ
3309 3171 3370 3224 τὸ
3407 3172 3606 3242 σεμνὸν
3633 3172 3726 3224 αὐ-

2147 3259 2253 3313 τῶν
2278 3261 2568 3331 ἀωδοχαῖς
2595 3265 2688 3314 και
2710 3266 2897 3332 τιμαῖς
2920 3261 2999 3315 ἔτι
3038 3263 3236 3333 μᾶλλον
3268 3263 3668 3334 σεμνοποιοῦσι.
3701 3285 3718 3314 ι

2147 3351 2329 3405 Ταῦτα
2360 3354 2454 3424 μὲν
2482 3352 2697 3406 ἀπὸτοῦ
2721 3354 3009 3424 εἰρημένου
3041 3355 3240 3408 κείσθω
3271 3357 3716 3426 συγγράμματος·

2144 3444 2253 3496 ἀπὸ
2274 3445 2330 3496 δὲ
2361 3445 2454 3497 τοῦ
2476 3484 2490 3506 ,
2515 3446 2654 3514 Περὶ
2693 3444 2801 3498 τοῦ
2831 3445 3026 3498 πάντα
3049 3446 3388 3522 σπουδαῖον
3403 3447 3720 3515 ἐλεύθερα·

2139 3528 2311 3600 εἶναὶ,
2347 3534 2415 3587 τὰ
2441 3535 2612 3599 οὕτως
2636 3535 2826 3606 ἔχοντα
2856 3536 3262 3608 παραθήσομαι.

457 3641 677 3696 quoque
705 3641 882 3679 mores
912 3634 966 3678 et
989 3623 1145 3679 facile
1182 3633 1525 3678 transversos
1570 3632 1694 3693 agat
1723 3632 1776 3678 et
1799 3624 2142 3683 assiduarum
2172 3625 2558 3679 blanditiarum
2590 3627 2860 3681 illecebris
2896 3642 2961 3680 ac
2990 3628 3275 3683 lenociniis
3298 3629 3562 3683 emolliat.
3583 3627 3714 3683 Nam

455 3718 548 3772 ubi
573 3717 752 3771 verbis
778 3717 845 3769 ad
867 3715 1290 3769 assentationem
1315 3715 1794 3784 adulationemque
1814 3715 2153 3784 compositis,
2172 3729 2236 3769 ac
2265 3715 2477 3783 reliquo
2508 3714 2875 3769 simulationis
2900 3716 3152 3780 artiticio,
3171 3724 3430 3787 tauquam
3453 3717 3508 3771 in
3532 3733 3714 3788 scena,

454 3809 643 3866 oculos
669 3809 836 3864 semel
869 3823 1138 3877 auresque
1161 3806 1393 3870 deliniit,
1429 3817 1542 3860 tum
1576 3821 1706 3860 vero
1734 3807 1958 3877 perinde
1986 3821 2050 3861 ac
2074 3807 2459 3862 circumventis
2483 3808 2738 3871 subditis,
2759 3801 2951 3862 ducem
2979 3809 3159 3878 ipsum
3174 3825 3236 3864 ac
3261 3811 3564 3880 principem
3594 3811 3711 3865 ani-

455 3920 606 3961 mum
643 3905 892 3959 eumdem
927 3904 981 3957 in
1013 3918 1254 3958 errorem
1281 3902 1506 3957 inducit.
1538 3901 1670 3968 Quae
1715 3903 1760 3958 si
1792 3904 1993 3959 liberos
2022 3919 2239 3974 quoque
2255 3905 2576 3973 susceperit,
2613 3920 2735 3959 mox
2767 3906 3033 3974 procaciae
3068 3906 3519 3977 conlidentiazque
3537 3910 3710 3977 plena,

454 3997 715 4069 quidquid
741 3996 995 4050 simulate
1008 3997 1162 4065 prius
1184 4011 1248 4050 ac
1265 3995 1492 4050 subdole
1515 3995 1826 4050 insinuabat
1845 3997 2065 4065 331m
2088 3997 2264 4066 palam
2294 4006 2456 4065 atque
2473 3997 2736 4051 audacius
2753 3997 3016 4066 loquitur,
3035 4008 3308 4068 exutoque
3333 4001 3541 4068 pudore
3563 3997 3714 4052 omni

452 4105 551 4161 per
577 4090 684 4143 vim
714 4098 1034 4156 extorquere
1063 4094 1314 4140 conatur.
1335 4084 1466 4152 Quae
1483 4085 1702 4155 quidem
1727 4101 1757 4138 a
1792 4087 2054 4140 societate
2076 4086 2252 4139 aliena
2285 4094 2414 4140 sunt
2443 4086 2647 4140 omnia.
2682 4084 2943 4154 Quisquis
2968 4088 3110 4141 enim
3137 4095 3229 4140 aut
3262 4088 3452 4141 uxoris
3472 4089 3713 4141 irretitus

454 4183 743 4247 illecebris,
765 4190 858 4235 aut
881 4197 1011 4236 cura
1036 4181 1355 4244 liberorum,
1389 4181 1624 4248 quadam
1657 4188 1863 4232 natura:
1887 4179 2229 4242 necessitate,
2254 4179 2558 4248 implicatus
2585 4188 2687 4240 est,
2718 4179 2762 4232 is
2781 4181 3043 4236 adversus
3062 4181 3200 4236 alios
3222 4181 3367 4235 idem
3419 4182 3513 4251 qui
3555 4183 3707 4250 prius

450 4293 575 4334 esse
603 4291 710 4330 non
735 4284 932 4345 potest,
962 4274 1054 4328 sed
1086 4273 1244 4342 plane
1274 4272 1441 4338 aliud,
1477 4273 1580 4326 hoc
1603 4281 1770 4326 estex
1798 4271 1969 4326 libero
2005 4286 2217 4335 servus,
2263 4271 2463 4325 sensim
2490 4286 2554 4325 ac
2580 4271 2698 4325 sine
2737 4287 2902 4327 sensu
2949 4273 3178 4327 edicitur
3199 4313 3214 4329 .
3239 4274 3418 4341 Atque
3437 4273 3705 4342 ejusmodi

451 4379 538 4424 est
595 4369 810 4421 illorum
854 4351 974 4420 vitae
1003 4365 1160 4430 ratio,
1189 4365 1350 4427 digna
1394 4363 1657 4431 profecto,
1688 4378 1851 4433 quam
1885 4365 2134 4417 certatim
2201 4378 2390 4417 omnes
2442 4365 2744 4418 imitentur.
2790 4364 2969 4430 Quare
3005 4381 3113 4419 non
3155 4367 3353 4436 privati
3395 4369 3578 4431 modo,
3614 4370 3704 4423 sed

453 4462 677 4518 maximi
707 4475 923 4529 quoque
938 4473 1090 4527 reges
1119 4457 1169 4510 id
1203 4457 1483 4510 hominum
1520 4473 1690 4527 genus
1740 4457 2091 4511 vehementer
2114 4457 2387 4520 admirati,
2445 4458 2511 4512 ad
2541 4459 2817 4527 prepriam
2853 4459 3086 4513 instituti
3120 4460 3442 4530 dignitatem
3464 4504 3478 4528 ,
3507 4479 3702 4516 novum

453 4556 752 4612 honoribus
779 4555 892 4608 suis
920 4563 974 4606 et
1018 4551 1226 4621 prolixa
1276 4552 1746 4606 commendatione
1783 4551 1950 4606 decus
2011 4552 2354 4607 addiderunt.
2401 4571 2420 4604 ι
2457 4551 2582 4608 Haec
2614 4552 2771 4609 Philo
2801 4554 3344 4627 inApologia.Cujus
3373 4559 3524 4626 item,
3551 4560 3606 4613 in
3640 4576 3703 4613 eo

449 4651 613 4714 libro,
637 4664 746 4719 quo
767 4647 967 4718 probos
1000 4661 1190 4701 omnes
1218 4645 1418 4699 liberos
1453 4661 1574 4700 esse
1602 4646 1844 4700 defendit
1901 4649 2016 4702 lucc
2045 4649 2203 4703 verba
2236 4657 2383 4703 sunt.

884 4741 888 4746 ’
1035 4740 1264 4798 CAPUT
1312 4741 1432 4796 ΧΠ.

2655 4747 3050 4800 ΚΕΦΑΛᾹῙΟΝ
3079 4746 3171 4800 lB’.

2627 4840 2749 4891 Ἔτι
2798 4839 2931 4907 περὶ
2988 4840 3204 4893 αὐτῶν.

2205 4949 2223 4981 ι
2269 4931 2422 4984 Ἔστι
2469 4930 2527 4984 δὲ
2571 4931 2665 4984 καὶ
2699 4930 2807 5004 (91)
2841 4933 2956 5002 ήὲν
2991 4932 3322 5003 Παλαιστίνῃ
3370 4933 3541 5006 Συρία
3595 4937 3699 5006 (9ἓ)

2128 5023 2527 5092 καλοκάγαθίας
2552 5024 2650 5076 οὑκ
2676 5024 2866 5092 ἄγονος
2889 5023 3018 5094 (95),
3051 5024 3117 5094 ἢν
3146 5024 3698 5097 πολυανθρωποτάτου

2124 5115 2308 5179 ἔθνους
2329 5116 2436 5168 τῶν
2473 5116 2738 5169 Ἰουδαίων
2770 5116 2886 5196 οὐκχ
2907 5115 3058 5185 ὀλίγη
3097 5115 3261 5187 μοίρα
3307 5117 3550 5188 νέμεται.
3605 5122 3698 5173 Ab

951 4835 1153 4890 Iterum
1183 4837 1244 4889 de
1284 4837 1492 4890 iisdem.

525 4945 544 4981 ι
581 4925 694 4982 Nec
720 4927 834 4997 ipsa
870 4941 1087 4996 quoque
1123 4925 1423 4980 Palaestina:
1468 4924 1621 4997 Syria
1664 4927 1766 4981 hoc
1805 4926 2026 4996 integri-

447 5020 576 5075 tatis
595 5034 659 5074 ac
682 5019 898 5074 virtutis
915 5027 1177 5088 proventu
1198 5029 1363 5084 caret,
1387 5034 1550 5087 quam
1574 5016 1884 5072 Judaeoruin
1907 5035 2025 5072 am—

446 5113 706 5184 plissimae
736 5111 972 5166 nationis
1010 5126 1137 5181 pars
1171 5110 1358 5166 incolit
1390 5119 1640 5180 tenetque
1671 5127 1777 5165 non
1801 5111 2016 5181 exigua.

504 5281 530 5308 ⁸
552 5269 665 5326 Ἵσ.
707 5269 1030 5342 προνομίας.

2126 5423 2276 5501 στίνη
2304 5423 2399 5501 κοιλΣ
2427 5420 2614 5501 Συρία.
2644 5419 2749 5501 Alt.
2798 5434 3182 5501 e_m'an‘uscr._,
3215 5421 3247 5489 ἡ
3275 5421 3332 5501 εν
3362 5418 3688 5501 Παλαιστίνῃ

2110 5488 2328 5564 Συρίας.
2363 5488 2520 5564 Forte
2556 5491 2788 5564 legend.,
2833 5491 2865 5561 ἡ
2909 5488 3245 5559 Παλαιστίνη
3282 5489 3482 5560 Συρίας
3507 5532 3521 5554 ,
3546 5489 3626 5544 vel
3656 5488 3683 5557 ἠ

2109 5567 2166 5616 ἐν
2192 5561 2364 5634 Συρία
2395 5561 2748 5634 Παλαιστίνη.

2180 5630 2288 5704 (9ὖὶ
2329 5630 2587 5699 Ἅγονος.
2619 5630 2847 5696 Ελωε..
2881 5631 3128 5702 ἄμοιρος.

516 5427 625 5498 (90)
679 5425 960 5498 Ἐκκίιλεί
999 5424 1290 5498 Lege_cum
1321 5424 1415 5498 ait.
1458 5436 1734 5498 manuscr.
1764 5420 2000 5474 ἐκλαλεῖ.

515 5492 627 5567 {9-1)
671 5500 842 5551 Ἔστι
875 5496 942 5567 δὲ
973 5492 1096 5548 καίξ
1135 5493 1450 5567 E_s_s_tat_hic
1484 5494 1650 5567 locus
1702 5492 2001 5567 inmexcuso

442 5561 665 5623 Philone
691 5565 1046 5631 Graeco-Lat”
1083 5581 1132 5634 p.
1163 5564 1286 5618 678.
1322 5561 1450 5616 Vide
1481 5563 1616 5634 infra
1645 5578 1700 5634 p.
1738 5561 2003 5630 40l,quae

441 5641 508 5693 de
541 5637 773 5690 Essaznis
797 5631 1129 5705 Porphyrius
1165 5636 1360 5688 habeat
1383 5650 1446 5686 ex
1476 5631 1729 5705 JAosepho.

537 5707 620 5778 9:2)
668 5709 726 5764 Ἠ
751 5707 804 5760 ἐν
840 5700 1208 5774 Παλαιστίνῃ
1244 5705 1441 5773 Συρία.
1477 5703 1693 5767 Excus.,
1734 5703 1767 5772 ἡ
1800 5700 2000 5754 Παλαι-
