3838 6384
531 338 643 391 (ΞΠ

1174 334 1447 390 EUSEBII
1482 332 1961 392 CESARIENSIS
1998 333 2150 392 OPP.
2188 334 2375 392 PARS
2406 332 2471 390 11.
2512 363 2581 378 —-
2618 335 3121 394 APOLOGETICA.
3658 346 3739 403 M3

534 466 651 518 tur,
680 454 832 525 quasi
863 455 1042 510 minus
1071 455 1324 524 paranda:
1360 453 1545 507 virtuti
1577 456 1965 523 necessariam,
1995 472 2100 512 ver-

2214 455 2323 507 τῶν
2356 455 2529 509 ἄλλων
2558 454 2841 525 ἀνέχοντες
2867 455 3064 527 ἔργων,
3083 455 3169 519 είς
3202 456 3377 525 ίερσὺς
3402 457 3741 530 ἀφικνούμενοι

536 551 734 602 borum
785 550 1242 618 argutiarumque
1261 551 1663 618 captatoribus;
1721 567 1842 621 qua:
1889 567 2016 606 vero
2049 552 2115 607 de

540 650 735 696 natura
785 651 1000 706 tractat,
1050 642 1207 709 quasi
1246 642 1498 695 humana:
1524 653 1732 698 naturae
1762 645 1970 699 viribus
2017 661 2115 699 su—

537 734 840 804 perierem,
867 743 1150 786 ventorum
1184 734 1520 804 uubiumque
1538 738 1899 792 sectatoribus
1950 738 2113 792 relin-

539 832 737 893 quunt,
763 824 870 877 nisi
902 832 1172 891 quatenus
1196 826 1264 881 de
1289 825 1475 880 divina
1504 828 1761 892 essentia,
1788 838 1839 882 et
1872 829 2113 883 universi

540 916 821 969 molitione
858 915 1275 984 philosophatur
1306 934 1319 970 :
1367 917 1420 970 in
1473 934 1616 983 eam,
1647 936 1768 989 quae
1814 935 1991 975 mores
2022 921 2109 974 in-

535 1002 759 1073 format,
796 1025 960 1078 quam
1016 1009 1300 1078 diligenter
1330 1010 1672 1076 incumbunt,
1707 1014 2002 1081 patriarum
2032 1014 2111 1068 le-

537 1103 762 1171 gumusi
797 1104 1134 1172 magisterio,
1158 1120 1386 1174 quarum
1413 1106 1777 1175 intelligentia:
1812 1108 2108 1161 humanum

536 1194 839 1263 ingenium,
896 1196 999 1248 nisi
1060 1196 1323 1251 divinitus
1372 1198 1634 1264 alilatum,
1694 1214 1791 1268 par
1836 1215 1955 1255 esse
2002 1217 2110 1256 non

536 1285 730 1354 possit.
768 1283 876 1341 Eas
922 1302 1104 1354 porro,
1156 1305 1279 1343 cum
1335 1290 1457 1344 aliis
1511 1308 1727 1361 quoque
1755 1294 2107 1362 temporibus,

537 1382 653 1427 tum
684 1379 982 1444 praesertim
1028 1379 1257 1447 septimo
1306 1397 1524 1452 quoque
1572 1385 1658 1437 die
1688 1384 1868 1439 doceri
1911 1387 2105 1441 solent.

538 1463 767 1521 Sacrum
817 1468 1018 1538 quippe
1080 1470 1222 1524 diem
1276 1473 1425 1526 illum
1490 1474 1708 1539 habent,
1736 1493 1845 1545 quo
1888 1479 1956 1531 ab
2001 1480 2109 1533 alio

535 1556 776 1625 quolibet
821 1574 979 1627 opere
1012 1558 1209 1624 feriati,
1261 1564 1623 1619 sanctioribus
1670 1567 1721 1619 in
1760 1567 1923 1633 locis,
1972 1582 2109 1637 quas

536 1663 842 1721 synagogas
876 1652 976 1719 ipsi
1000 1663 1217 1717 vocant,
1259 1656 1333 1709 ita
1367 1659 1719 1724 conveniunt,
1754 1672 1832 1725 ut,
1906 1662 2109 1716 descri-

548 1742 658 1811 ptis
684 1752 947 1811 promtate
966 1745 1269 1807 ordinibus,
1290 1748 1534 1817 juniores
1547 1753 1825 1807 seniorum
1854 1756 1919 1809 ad
1945 1757 2106 1825 pedes

535 1834 891 1901 consideant,
921 1851 1246 1907 summaque
1290 1855 1413 1893 cum
1476 1842 1759 1899 honestate
1806 1862 1871 1901 ac
1924 1848 2109 1903 mode-

536 1923 641 1978 stia
677 1924 935 1981 docentes
988 1929 1231 1984 audiant.
1259 1930 1391 1984 Nam
1428 1933 1555 1987 dum
1607 1951 1749 1990 unus
1778 1939 2045 2007 quisiiiam
2078 1956 2110 1995 e

535 2016 707 2070 sacris
735 2017 939 2086 aliquid
977 2020 1347 2076 voluminibus
1399 2025 1609 2087 recitat,
1652 2028 1791 2082 alius
1830 2031 2049 2098 quidam
2077 2047 2108 2086 e

532 2108 904 2177 peritissimis,
935 2112 1200 2181 quidquid
1240 2114 1531 2170 obscurius
1590 2119 1772 2184 fuerit,
1818 2123 2101 2177 enucleat:

534 2199 791 2268 pleraque
812 2202 957 2254 enim
1000 2202 1075 2255 illi
1112 2202 1303 2273 ﬁguris
1335 2215 1389 2259 et
1418 2209 1629 2263 umbris
1671 2210 1935 2275 involuta,
1966 2217 2107 2269 anti-

532 2289 760 2358 quitatis
792 2293 974 2347 studio
1021 2296 1259 2362 quodam
1319 2307 1372 2350 et
1400 2299 1701 2357 imitatione.
1747 2306 2102 2359 tradiderunt.

532 2379 799 2435 Caeterum
868 2385 1124 2452 pictatis,
1189 2391 1605 2457 sanctimoniae,
1677 2398 1976 2464 aequitatis,
2026 2399 2104 2452 rei

529 2480 648 2526 tum
711 2472 990 2531 familiaris
1048 2486 1160 2531 tum
1210 2482 1438 2547 publicae
1486 2488 1766 2555 praeceptis
1807 2488 2106 2543 informan-

528 2573 641 2630 tur,
697 2580 996 2637 eorumque
1047 2570 1230 2636 simul,
1287 2588 1408 2641 qua:
1452 2591 1578 2629 vere
1647 2593 1743 2632 seu
1804 2580 1965 2646 bona,
2009 2597 2103 2637 seu

530 2656 716 2720 mala,
777 2672 872 2711 seu
926 2657 1158 2728 denique
1226 2662 1585 2718 imhllerentia
1655 2676 1803 2729 Sunt,
1836 2670 2105 2738 cognitio-

532 2760 655 2799 nem
689 2745 965 2812 hauriunt,
1003 2762 1060 2802 ut
1090 2756 1389 2820 expetenda
1425 2770 1846 2825 persequantur,
1871 2760 2106 2827 fugiant-

531 2851 638 2905 que
670 2842 962 2893 contraria.
1004 2841 1216 2907 Quibus
1247 2845 1299 2897 in
1332 2846 1491 2899 rebus
1521 2849 1691 2903 tribus
1717 2851 1871 2918 quasi
1904 2851 2103 2906 liuibus

532 2942 597 2984 ac
623 2930 823 3000 regulis
854 2935 928 2986 uti
965 2936 1161 2999 solent,
1187 2953 1375 2992 amore
1404 2939 1609 3005 divino,
1651 2942 1831 2996 studio
1867 2942 2098 3009 virtutis,

531 3029 586 3074 ct
617 3021 897 3077 hominum
923 3026 1205 3083 charit-ate.
1237 3030 1313 3084 Ac
1347 3030 1563 3086 divinus
1595 3034 1809 3101 quidem
1842 3051 1995 3089 amor
2022 3036 2102 3089 in-

2214 546 2434 609 τόπους,
2456 546 2504 599 οἶ
2533 546 2822 600 καλοῦνται
2855 548 3190 617 συναγωγαὶ,
3215 547 3330 600 καθ’
3362 548 3573 617 ⁴ἡλικίας
3600 553 3648 603 ἐν
3670 555 3744 607 τά.

2215 635 2359 703 ξεσιν
2408 636 2513 689 ὑπὸ
2544 637 2932 707 πρεσϐυτέροις
2965 637 3072 689 νέοι
3120 636 3434 699 καθέζονται
3454 677 3467 698 ,
3515 639 3639 707 μετά
3672 642 3743 693 κό-

2216 743 2353 796 σμου
2386 726 2478 779 τοῦ
2504 728 2868 798 προσήκοντος
2894 727 3109 797 ἔχοντες
3137 729 3495 796 ἀκροατικῶς.
3539 726 3624 791 Εἷς
3667 733 3743 801 μέν

2213 836 2297 880 τις
2328 818 2425 882 τάς
2470 817 2681 887 βίϐλους
2724 819 3086 887 ἀναγινώσκει
3124 818 3332 884 λαϐὼν,
3366 820 3548 890 ἕτερος
3587 821 3636 873 δὲ
3660 823 3742 875 τῶν

2213 909 2619 980 ἐμπειροτάτων
2635 911 2735 963 ὅσα
2766 910 2840 980 μὴ
2871 910 3119 981 γνώριμα
3135 910 3420 981 παρελθὼν
3443 913 3517 981 (5)
3534 914 3741 968 metae.

2214 1020 2333 1055 σκει
2354 1003 2428 1072 (4)
2448 1020 2464 1033 ν
2500 1003 2568 1055 τά
2594 1003 2701 1073 γὰρ
2734 1002 2958 1055 πλεῖστα
2978 1002 3065 1055 διὰ
3087 1002 3369 1072 συμϐόλων
3404 1004 3741 1074 ἀρχαιπρὸπῳ

2213 1093 2445 1165 ζηλώσει
2500 1100 2628 1166 παρ’
2666 1097 2848 1159 αὐτοῖς
2890 1096 3279 1165 φιλοσοφεῖται.
3332 1096 3665 1149 Παιδεύονται
3701 1100 3741 1151 δὲ

2211 1186 2509 1250 εὐσέϐειαν,
2540 1188 2813 1257 ὁσιότητα,
2854 1187 3217 1256 δικαιοσύνην,
3252 1186 3588 1256 οἰκονομίαν,
3622 1187 3740 1240 πολιο

2209 1279 2381 1344 τείαν,
2428 1281 2520 1333 καὶ
2560 1280 2869 1349 ἐπιστήμην
2909 1280 3017 1331 τῶν
3067 1281 3203 1349 πρὸς
3236 1278 3495 1349 ἀληθειαν
3542 1279 3740 1348 ἀγαθῶν,

2210 1371 2304 1422 καὶ
2353 1371 2556 1436 κακῶν,
2606 1370 2701 1424 καὶ
2758 1371 3095 1440 ἀδιαφόρων·
3150 1369 3392 1440 αἱρέσεις
3419 1363 3493 1423 ὧν
3530 1371 3741 1442 χρὴ.καὶ

2210 1464 2387 1534 φυγὰς
2427 1464 2534 1519 τῶν
2579 1464 2833 1518 ἐναντίων
2851 1480 2865 1494 ο
2906 1464 3089 1534 νόμοις
3113 1465 3205 1517 καὶ
3230 1464 3418 1516 κανόσι
3445 1463 3519 1530 (5)
3549 1468 3741 1535 τριττοῖς

2209 1556 2499 1629 χρώμενοι,
2543 1556 2621 1626 τῷ
2649 1574 2710 1608 τε
2739 1555 2967 1626 φιλοθέῳ
2992 1556 3085 1608 καὶ
3112 1555 3417 1626 φιλαρέτῳ,
3455 1556 3545 1609 καὶ
3590 1556 3740 1621 φιλανι

2210 1648 2429 1722 θρώπῳ.
2450 1648 2555 1701 Τοῦ
2580 1649 2675 1719 μὲν
2700 1644 2791 1701 οὖν
2819 1648 3062 1716 φιλοθέου
3084 1647 3347 1717 δείγματα
3364 1648 3532 1719 μυρία
3554 1647 3619 1717 (6)
3637 1666 3741 1717 παρ-

2209 1742 2383 1813 έχειή
2427 1744 2558 1813 παρ’
2604 1741 2726 1795 ὅλον
2777 1740 2868 1793 τὸν
2915 1740 3025 1810 βίον
3068 1739 3297 1809 συνεχὴς
3347 1740 3443 1792 καὶ
3486 1740 3740 1808 ἐπάλληλος

2211 1833 2422 1901 ἁγνεία,
2481 1832 2540 1885 τὸ
2587 1830 2883 1902 ἀνώμοτον,
2944 1830 3006 1883 τὸ
3061 1830 3309 1898 ἀψευδὲς,
3341 1830 3404 1882 τὸ
3431 1831 3631 1883 πάντων
3666 1831 3740 1900 μὲν

2208 1924 2425 1993 ἀγαθῶν
2459 1922 2632 1976 αἴτιον
2651 1966 2664 1988 ,
2710 1922 2882 1976 κακοῦ
2907 1921 2961 1973 δέ
2999 1919 3223 1991 μηδενὸς
3254 1919 3499 1990 νομίζειν
3529 1914 3653 1972 εἶναι
3695 1920 3740 1972 τὸ

2207 2017 2360 2070 Θείον
2378 2031 2396 2047 ‘
2421 2016 2513 2069 τοῦ
2547 2016 2602 2069 δὲ
2625 2014 2911 2085 φιλαρέτου
2938 2014 2999 2066 τὸ
3028 2012 3492 2082 ἀφιλοχρήματον,
3524 2012 3580 2063 τὸ
3599 2011 3740 2079 ἀφιλό-

2206 2106 2375 2172 δοξον,
2422 2106 2482 2158 τὸ
2530 2101 2951 2175 ἀφιλήδυνον,τὸ
2977 2102 3277 2173 ἐγκρατὲς,
3327 2102 3392 2153 τὸ
3438 2103 3735 2172 καρτερικὸν,

2207 2199 2286 2251 ἔτι
2319 2199 2375 2251 δὲ
2400 2197 2747 2264 ὀλιγοδέειαν,
2774 2194 3049 2264 ἀφέλειαν,
3081 2190 3353 2253 εὐκολίαν,
3384 2191 3445 2244 τὸ
3474 2192 3669 2259 ἄτυφον,
3694 2190 3739 2243 τὸ

2206 2289 2453 2358 νόμιμον,
2484 2286 2545 2339 τὸ
2569 2285 2846 2348 εὐσταθὲς,
2891 2286 2985 2338 καὶ
3018 2285 3117 2336 ὅσα
3154 2282 3369 2345 τούτοις
3412 2283 3735 2353 ὁμοιότροπα”

2206 2380 2297 2433 τοῦ
2328 2380 2384 2432 δὲ
2415 2377 2793 2448 φιλανθρώπου
2816 2376 3102 2447 δείγματα,
3138 2374 3319 2428 εὔνοια
3348 2374 3427 2446 (7)
3448 2414 3463 2435 ,
3508 2375 3681 2444 ἰσότης,
3712 2375 3735 2441 ἡ

2206 2471 2406 2534 παντὸς
2435 2470 2592 2540 λόγου
2623 2470 2885 2541 κρείττων
2915 2467 3164 2521 κοινωνία
3189 2507 3203 2532 ,
3241 2468 3372 2538 περὶ
3400 2461 3466 2538 ἦς
3494 2467 3586 2519 οὐκ
3614 2466 3736 2518 hat.

2208 2581 2298 2635 ρον
2335 2563 2539 2634 βραχέα
2567 2564 2759 2614 εἰπεῖν.
2790 2560 3011 2631 Πρῶτον
3040 2560 3216 2612 τοίνυν
3246 2559 3464 2620 οὐδενὸς
3488 2558 3598 2619 ἐνὸς
3624 2557 3735 2609 obita

2203 2657 2287 2720 τίς
2322 2659 2467 2708 ἐστιν
2504 2656 2624 2716 ίδία,
2656 2657 2720 2726 ἣν
2753 2655 2873 2724 οὐχ).
2896 2653 3111 2707 πάντων
3136 2649 3271 2704 εἶναι
3306 2652 3490 2704 κοινὸν
3516 2663 3542 2691 ι
3573 2650 3736 2720 συμϐέ-

2206 2750 2358 2822 ϐηκε.
2393 2748 2536 2820 Πρὸς
2558 2748 2665 2820 γὰρ
2703 2747 2780 2818 τῷ
2807 2747 2946 2799 κατά
2981 2745 3198 2807 θιάσους
3244 2748 3548 2807 συνοικεῖν,
3576 2743 3737 2797 ἀναπέ·

2206 2859 2402 2896 πταται
2432 2840 2658 2902 καὶτοῖς
2689 2836 2950 2909 ἑτέρωθεν
2984 2837 3404 2906 ἀφικνουμένοις
3438 2836 3543 2889 τῶν
3576 2836 3737 2907 ὁμοζήο

2205 2935 2331 2988 λων.
2365 2929 2475 2987 Εἶτ’
2512 2932 2627 2984 ἐστί
2656 2932 2877 3000 ταμεῖον
2905 2928 2962 2982 ἓν
2996 2927 3211 2982 πάντων
3240 2930 3337 2982 καὶ
3370 2929 3623 2982 δαπάναι·
3666 2928 3735 2980 καὶ

2204 3028 2378 3082 κοιναὶ
2419 3025 2519 3097 μὲν
2566 3024 2810 3094 ἐσθῆτες,
2854 3024 3031 3076 κοιναὶ
3060 3023 3117 3075 δὲ
3142 3024 3363 3093 τροφαὶ,
3400 3023 3634 3076 συσσίτια
3660 3037 3734 3074 πει

529 3110 697 3170 ﬁnitis
755 3120 1087 3187 argumentis
1141 3124 1546 3191 comprobatur,
1581 3140 1701 3193 qua:
1728 3128 1921 3195 partim
1974 3142 2100 3182 con-

2207 3119 2532 3191 ποιημένων.
2568 3115 2640 3167 Τὸ
2672 3114 2779 3185 γὰρ
2806 3115 3131 3185 ὁμωρόφιον,
3168 3114 3200 3185 ἦ
3228 3115 3553 3185 ὁμοδίαιτον,
3582 3115 3611 3185 ἢ
3635 3116 3735 3182 ὁμο-

532 3217 683 3263 stans
709 3224 773 3263 ac
794 3222 1051 3279 perpetua
1088 3215 1252 3267 totius
1274 3214 1396 3269 vita:
1421 3217 1764 3281 castimonia,
1798 3220 1991 3287 partim
2033 3222 2101 3276 ab

530 3300 1563 3375 omnijurejurandu383abstiuentia,
1590 3310 1781 3377 partim
1805 3309 1928 3379 fuga
1947 3327 2099 3365 men-

530 3390 695 3456 dacii,
725 3395 919 3461 partim
953 3397 1188 3467 denique
1221 3399 1478 3466 praeclara
1516 3401 1685 3454 illade
1712 3400 1820 3457 Deo
1843 3412 2098 3472 tauquam

527 3482 773 3536 omnium
812 3485 1076 3541 bonorum
1134 3489 1282 3544 fonte
1339 3492 1575 3561 malique
1629 3494 1831 3549 nullius
1880 3505 2100 3550 auctore

528 3579 795 3631 sententia
820 3581 1145 3648 suppeditat.
1196 3581 1361 3637 iidem
1400 3585 1615 3639 virtutis
1663 3601 1825 3654 quam
1870 3587 2099 3641 studiosi

530 3667 661 3733 sint,
692 3684 755 3721 ex
779 3669 1112 3736 divitiarum,
1132 3674 1337 3741 glorize,
1359 3675 1761 3745 voluptatisque
1786 3687 2098 3749 contemptu

530 3775 741 3813 necnon
775 3777 839 3816 ex
870 3767 1244 3833 temperantia,
1290 3768 1597 3833 tolerantia,
1624 3768 1948 3838 frugalitate,
1970 3774 2099 3826 sim-

530 3848 787 3916 plicitate,
822 3851 1108 3918 modestia,
1135 3854 1484 3922 demissione,
1512 3858 1689 3927 legum
1730 3860 2095 3928 observantia,

532 3952 743 3992 morum
775 3940 1008 4010 vitaque
1035 3946 1366 4009 constantia,
1402 3962 1465 4000 ac
1493 3948 1764 4003 similibus
1792 3952 1958 4005 animi
2006 3953 2098 4007 do-

527 4031 676 4087 tibus
701 4032 985 4105 intelhgas.
1026 4035 1310 4099 Postremo
1332 4054 1485 4093 suam
1519 4057 1646 4112 erga
1682 4043 1934 4098 homines
1969 4045 2099 4099 cha-

532 4122 769 4189 ritatem,
805 4125 1198 4190 benevolentia,
1245 4129 1574 4195 mqualitate,
1633 4145 1860 4200 quaaque
1895 4133 2098 4185 oratio-

529 4227 652 4265 nem
682 4227 895 4268 omnem
929 4226 1165 4286 supcrat,
1188 4220 1429 4273 omnium
1463 4221 1602 4275 inter
1636 4237 1695 4275 se
1744 4237 1923 4276 rerum
1955 4239 2098 4278 com-

528 4305 787 4360 munione
816 4307 1110 4362 declaraut.
1160 4310 1235 4364 De
1287 4327 1394 4380 qua
1444 4328 1574 4367 sane
1621 4328 1793 4381 pauca
1844 4313 1949 4369 hoc
1971 4316 2094 4369 loco

528 4397 879 4468 subjungere,
905 4416 1009 4455 non
1038 4403 1134 4456 abs
1158 4418 1213 4457 re
1239 4402 1420 4460 luerit.
1452 4404 1695 4459 Primum
1727 4421 1857 4476 ergo
1888 4407 2092 4461 nemini

2205 3210 2492 3285 τράπεζον,
2521 3209 2620 3262 οὐκ
2640 3207 2704 3260 ἄν
2732 3224 2815 3270 τις
2848 3206 2996 3278 εὖροι
3018 3209 3143 3278 παρ’
3171 3208 3384 3279 ἐτέροις
3409 3208 3597 3277 μᾶλλον
3623 3208 3735 3277 ἔργῳ

2204 3308 2603 3379 βεϐαιούμενον,
2639 3307 2732 3384 καὶ
2767 3307 2902 3377 μήτε
2935 3305 2963 3343 ιι
2990 3302 3233 3366 εἰκότως.
3267 3302 3414 3355 Ὅσα
3435 3302 3538 3374 γὰρ
3563 3303 3619 3355 ἂν
3642 3299 3732 3371 μεθ’

2202 3401 2414 3471 ἡμέραν
2443 3400 2813 3471 ἐργασάμενοι
2868 3396 3103 3450 λάϐωσιν
3134 3396 3228 3448 ἐπὶ
3264 3394 3446 3466 μισθῷ
3466 3434 3480 3458 ,
3524 3393 3657 3448 ταῦτ’
3685 3393 3731 3445 οὗ

2200 3490 2650 3559 διαφυλάττουσιν
2682 3529 2696 3552 ,
2727 3488 2842 3540 ἀλλ’
2865 3489 2944 3550 είς
2978 3486 3141 3556 μέσον
3172 3486 3525 3556 προτιθέντες
3548 3527 3562 3548 ,
3587 3484 3732 3553 κοινὴν

2200 3587 2308 3647 τοῖς
2340 3583 2579 3636 ἐθέλουσι
2601 3580 2832 3652 χρῆσθαι
2860 3582 2959 3651 τὴν
2996 3581 3090 3633 ἀπ’
3123 3579 3299 3632 αὐτῶν
3331 3576 3732 3650 παρασκευάζον

2202 3693 2284 3727 σιν
2308 3673 2591 3743 ὠφέλειαν.
2614 3671 2679 3723 Οἵ
2701 3688 2757 3722 τε
2780 3669 3078 3735 νοσοῦντες,
3110 3669 3229 3740 οὐχ,
3259 3670 3346 3722 ὅτι
3385 3668 3613 3740 πορίζειν
3638 3666 3731 3718 itﬁu-

2200 3764 2471 3829 νατοῦσιν,
2530 3761 2874 3834 ἀμελοῦνται,
2941 3762 3080 3831 πρὸς
3106 3760 3205 3824 τὰς
3235 3762 3522 3833 νοσηλείας
3561 3762 3619 3813 ἐκ
3648 3755 3730 3810 τῶν

2200 3857 2391 3911 κοινῶν
2414 3856 2626 3926 ἔχοντες
2648 3857 2705 3908 ἐν
2739 3853 2962 3923 ἑτοίμῳ,
2991 3852 3067 3912 ὼς
3100 3853 3237 3923 μετὰ
3277 3855 3461 3923 πάσης
3504 3853 3663 3914 ἀδείας
3685 3850 3727 3913 ἐξ

2199 3946 2585 4018 ἀφθονωτέρων
2612 3945 2942 3998 ἀναλίσκειν.
2968 3943 3138 4006 Αίδὼς
3166 3946 3211 3997 δ’
3240 3946 3358 3998 ἐστὶ
3386 3944 3727 4018 πρεσϐυτέρων

2197 4038 2292 4089 καὶ
2324 4038 2560 4107 φροντὶς,
2592 4032 2679 4087 οἷα
2699 4035 2898 4102 γονέων
2920 4034 3023 4087 ὑπὸ
3051 4034 3285 4106 γνησίων
3331 4036 3536 4089 παίδων
3554 4076 3566 4095 ,
3606 4030 3727 4102 χερσὶ

2198 4128 2290 4181 καὶ
2314 4129 2568 4192 διανοίαις
2587 4130 2659 4198 (8)
2679 4130 2895 4200 μυρίαις
2934 4131 2990 4181 ἐν
3015 4128 3243 4199 ἀφθονίᾳ
3272 4127 3382 4181 τῶν
3403 4141 3725 4198 γηροτροφον-

2200 4223 2397 4291 μένων.
2432 4221 2715 4285 Τοιούτους
2736 4225 2769 4293 ἡ
2793 4222 2915 4292 δίχα
2937 4222 3255 4293 περιεργίας
3296 4220 3613 4290 Ἑλληνικῶν
3636 4217 3726 4267 dvo-

2200 4314 2383 4384 μάτων
2409 4313 2643 4383 ἀθλητὰς
2670 4314 2869 4385 ἀρετῆς
2894 4313 3262 4383 ἀπεργάζεται
3305 4314 3585 4382 φιλοσοφία
3607 4352 3619 4374 ,
3648 4325 3723 4377 γυ-

2201 4406 2492 4476 μνάσματα
2526 4406 2835 4477 προτιθεῖσα
2864 4405 2961 4468 τὰς
2987 4406 3271 4467 ἐπαινετάς
3300 4407 3559 4475 πράξεις,
3591 4403 3642 4466 ἐξ
3667 4395 3723 4453 ὧν

527 4492 745 4559 propria
763 4492 844 4545 vel
867 4507 971 4546 una
999 4494 1195 4549 domus
1221 4504 1325 4561 est,
1348 4511 1470 4565 quae
1494 4513 1599 4552 non
1635 4500 1879 4552 omnium
1909 4500 2097 4553 simili-

2204 4500 2227 4566 ἡ
2262 4486 2559 4560 ἀδούλωτος
2591 4498 2871 4568 ἐλευθερία
2905 4497 3235 4567 βεϐαιοῦται.
3265 4499 3497 4568 Σημεῖον
3529 4498 3599 4559 δὲ,
3623 4492 3722 4547 πολ·

527 4592 608 4637 ter
640 4600 704 4639 ac
749 4587 1057 4654 promiscue
1109 4590 1197 4643 sit.
1249 4588 1382 4643 Nam
1424 4602 1781 4663 praeterquam
1842 4596 1986 4663 quod
2034 4595 2089 4649 in

527 4677 839 4732 sodalitates
869 4679 1164 4747 distributi,
1200 4682 1363 4735 simul
1394 4683 1658 4747 habitant,
1698 4686 1896 4754 eadem
1952 4702 2093 4756 prm-

526 4777 674 4823 terea
699 4770 954 4826 omnibus
990 4774 1152 4826 etiam
1177 4773 1395 4829 aliunde
1444 4776 1884 4832 convenientibus
1945 4779 2093 4846 ejus-

526 4860 647 4915 dem
671 4862 882 4916 aemulis
909 4864 1142 4918 instituti
1175 4876 1337 4933 patet.
1378 4865 1581 4920 Deinde
1637 4883 1925 4923 commune
1966 4885 2090 4923 om-

527 4967 625 5007 nes
693 4954 968 5021 azrarium,
1023 4955 1407 5025 impensasque
1479 4972 1796 5013 communes
1864 4959 2085 5023 habent,

526 5052 729 5098 vestem
758 5046 960 5113 pariter
1003 5047 1296 5115 cibumque
1344 5062 1710 5113 communem,
1766 5050 1895 5104 dum
1939 5065 2090 5105 com-

580 5161 607 5190 ⁸
632 5153 749 5213 Ἰσ.
784 5160 990 5231 κοινήν.
1068 5158 1221 5216 a"10'.
1260 5162 1423 5233 μάλα.

712 5273 1048 5357 ᾳαρεὲλᾷιών.
1077 5273 1294 5357 Quidnsi
1310 5276 1582 5357 etatem?

596 5339 670 5410 (4)
715 5339 1139 5420 ᾍναδιδάσκεὶ.
1200 5345 1445 5417 Optime,
1485 5363 1611 5401 nam
1660 5363 1846 5403 excus.
1896 5364 2088 5420 perpe-

524 5423 664 5482 ram,
703 5413 1088 5482 ἀναγικώσκει.

596 5479 671 5549 (5)
710 5479 926 5554 Νόμοις
960 5487 1057 5539 καὶ
1091 5505 1224 5541 καν.
1268 5486 1446 5543 Malim
1491 5489 1634 5558 ὅροις
1666 5490 1758 5541 καὶ
1784 5506 1928 5555 καν.,
1958 5506 2084 5547 cum

522 5562 744 5606 CXCIISO.

594 5621 669 5696 (6)
708 5626 994 5695 Aet-mata
1023 5629 1236 5696 μυρία,
1285 5639 1389 5685 etc.
1436 5628 1682 5683 Excusus
1714 5632 1891 5684 locum
1939 5632 2085 5685 hunc

522 5692 595 5773 ita
624 5694 769 5773 legit,
788 5692 883 5768 τῆν
909 5692 1037 5773 πᾼαρῖ
1062 5692 1180 5773 ὅλον
1206 5701 1296 5752 τὸν
1331 5700 1443 5770 βίον
1465 5700 1663 5773 συνεχῆ
1678 5703 1773 5757 καὶ
1787 5702 2084 5773 ἐπάλληλον

520 5763 760 5834 ἁγνείαν,
789 5763 892 5823 etc.
930 5763 1100 5833 Quam
1143 5763 1429 5826 lectionem
1464 5763 1779 5826 Euse'biana:
1822 5763 2076 5843 praetule-

2198 4588 2303 4640 λῶν
2332 4586 2471 4641 κατά
2500 4587 2721 4656 καιροὺς
2751 4587 3165 4640 ἐπαναστάντων
3186 4590 3249 4657 τῇ
3278 4588 3433 4659 χώρα
3466 4584 3720 4640 δυναστῶν.

2196 4681 2289 4735 καὶ
2342 4679 2533 4749 φύσεσι
2565 4681 2655 4732 καὶ
2706 4680 3054 4751 προαιρέσεσι
3083 4680 3444 4750 χρησαμένων
3482 4674 3721 4746 διαφερού-

2195 4790 2333 4836 σαις.
2363 4773 2424 4825 Οἱ
2450 4771 2546 4841 μὲν
2580 4770 2707 4841 γὰρ,
2741 4773 2819 4834 εἰς
2846 4770 2905 4823 τὸ
2925 4771 3207 4824 ἀτίθασσον
3238 4772 3534 4842 ἀγριότητα
3554 4767 3718 4840 θηρίων

2192 4865 2474 4935 ἐκνικῆσαι
2512 4863 2925 4927 σπουδάσαντες,
2958 4862 3110 4916 οὐδὲν
3132 4864 3526 4935 παραλιπόντες
3546 4864 3637 4917 τῶν
3658 4864 3717 4921 είς

2191 4956 2466 5026 ὡμότητα,
2490 4956 2614 5017 τοὺς
2653 4954 2921 5024 ὑπηκόους
2951 4955 3210 5025 ἀγεληδὸν
3252 4956 3568 5026 ἱερεύοντες,
3596 4956 3623 5025 ἦ
3647 4954 3717 5006 καὶ

2192 5043 2399 5109 ζῶντας
2428 5043 2529 5107 ἔτι,
2563 5043 2837 5113 μαγείρων
2869 5044 3069 5114 τρόπον
3096 5085 3111 5111 ,
3155 5044 3295 5098 κατά
3326 5047 3467 5117 μέρη
3497 5049 3582 5099 καὶ
3606 5044 3713 5115 μέλη

2190 5289 2316 5346 rim.
2342 5288 2576 5342 maxime
2600 5301 2721 5358 cum
2765 5300 2880 5355 seq.
2916 5303 2970 5357 p.
3007 5288 3111 5341 585
3154 5288 3360 5358 legatur
3393 5289 3707 5357 ὀλιγοδέειανο

2186 5360 2462 5428 ἀφέλειαν,
2512 5356 2779 5420 εὐκολίαν,
2818 5356 3251 5426 quiaccusativi
3306 5376 3427 5415 cum
3477 5356 3705 5414 nominat.

2190 5429 2381 5499 ἁγνεία
2412 5430 2702 5483 convenire
2730 5442 2835 5480 non
2866 5438 3115 5496 possunt.

2259 5499 2334 5570 (7)
2375 5499 2681 5568 Δείγματα,
2708 5494 2940 5570 summa,
2968 5509 3072 5552 etc.
3116 5499 3313 5555 Excus.
3337 5500 3476 5554 delet
3521 5494 3707 5570 rb__6sl—

2195 5567 2408 5638 τματα,
2434 5578 2547 5622 tum
2584 5569 2867 5638 sequentia
2898 5583 2992 5635 per
3032 5570 3319 5623 accusandi
3349 5586 3528 5625 casum
3553 5567 3703 5623 elic'rl.

2195 5588 2233 5637 γ
2276 5588 2408 5632 (ιτα,
2434 5588 2547 5622 tum
2584 5588 2867 5638 sequentia
2898 5588 2992 5635 per
3032 5588 3319 5623 accusanut
3349 5588 3528 5625 (ξοςηιη
3553 5588 3701 5623 θυνης

2187 5588 2397 5692 sail/ctam
2413 5678 2427 5701 ,
2455 5640 2675 5711 ἰσότητα
2694 5680 2708 5703 ,
2730 5651 2858 5711 _etc.
2885 5639 2940 5692 In
2957 5655 3075 5711 quo
3098 5641 3199 5711 sibi
3224 5642 3473 5711 praeclare
3502 5642 3701 5694 constat.

2258 5710 2333 5781 (8)
2372 5708 2684 5780 Amm/dcc.
2712 5708 2850 5779 Quid
2877 5711 2923 5765 si
2944 5709 3281 5779 διακονίαιςῖ
