3838 6384
144 349 222 407 639

1154 347 1473 403 ΡΒᾸΞΡΑΒ.
1519 351 1767 409 EVANG.
1810 354 1935 409 LIB.
1983 356 2110 412 Vill.

3180 372 3285 426 650

142 463 498 540 κρωυργοῦντες,
541 463 663 533 ἄχρι
690 462 787 516 τοῦ
811 464 910 527 τὰς
937 462 1106 529 αυτὰς
1143 468 1429 537 ὑπομεῖναι
1465 484 1595 540 συμ-

1711 474 1967 528 munibus
2002 484 2228 529 utuntur
2284 478 2675 537 contuberniis.
2718 481 3030 548 Enimvero,
3100 484 3289 542 lauda—

141 556 264 629 φορὰς
298 556 381 609 ὑπὸ
415 554 499 624 τῆς
538 556 602 607 τὰ
633 552 946 625 ἀνθρώπεια
972 555 1253 629 ἐφορῶσης
1274 558 1428 629 δίκης
1452 600 1466 623 ,
1506 561 1608 616 οὐκ

136 651 392 706 ἐπαύσαντοο
421 651 463 701 οἱ
483 649 555 710 δὲ,
585 648 643 703 τὸ
678 650 1183 721 παρακεκινημένον
1223 651 1317 704 καὶ
1356 652 1611 726 λελυττη-

136 746 200 808 κὸς
224 746 283 806 εἰς
302 742 465 813 ἐτέρας
490 737 619 805 εἶδος
640 742 839 806 κακίας
860 742 1352 815 μεθαρμοσάμενοι,
1385 748 1609 817 πικρίαν

132 842 294 896 ἄλεκτον
323 838 738 909 ἐπιτηδεύσαντες
756 881 769 903 ,
828 838 1003 910 ἡσυχῆ
1033 838 1408 905 διαλαλοῦντες
1430 882 1444 905 ,
1480 844 1611 913 ἡρε-

135 934 350 1003 μαιοτέρας
378 932 543 1000 φωνῆς
575 932 861 1003 ὑποκρίσει
887 930 1196 1002 βαρύμηνον
1222 927 1352 1004 ἦθος
1378 934 1608 1005 ὑποκρι-

131 1024 297 1095 νόμενοι,
327 1022 483 1075 κυνῶν
522 1023 737 1076 ἰοϐόλων
782 1024 980 1094 τρόπον
1020 1026 1423 1095 προσήναντες,
1460 1025 1613 1079 ἀνιά-

127 1132 201 1167 των
238 1115 470 1183 γενόμενοι
500 1113 683 1166 κακῶν
738 1114 923 1178 αἴτιοι,
971 1114 1117 1169 κατά
1154 1114 1337 1176 πόλεις
1372 1118 1611 1187 μνημεῖα

125 1206 193 1275 τῆς
207 1204 372 1258 ἑαυτῶν
394 1204 634 1268 ἀσεϐείας
655 1206 747 1258 καὶ
766 1205 1177 1279 μισανθρωπίας
1202 1205 1484 1273 ἀπέλιπον,
1512 1206 1611 1272 τὰς

121 1296 195 1348 τῶν
219 1295 514 1348 πεπονθότων
537 1295 802 1365 ἁλήστους
833 1297 1146 1367 συμφοράς·
1178 1296 1312 1350 ἀλλὰ
1368 1298 1477 1369 γὰρ
1516 1299 1609 1351 οὑ-

120 1386 195 1450 iri;
212 1387 307 1440 οὔτε
325 1387 419 1439 τῶν
443 1387 644 1456 σφόδρα
676 1387 861 1458 ὠμοθὺ
870 1406 1006 1460 μων,
1033 1387 1156 1442 οὔτε
1188 1390 1298 1442 τῶν
1326 1388 1493 1443 πάλαι
1524 1387 1612 1441 δο-

116 1479 238 1550 λερῶν
278 1480 359 1533 καὶ
396 1478 656 1542 ὑπούλων,
698 1479 884 1550 ἴσχυσε
925 1481 1015 1534 τὸν
1042 1479 1301 1551 λεχθέντα
1345 1479 1452 1533 τῶν
1488 1481 1610 1533 Ἐσ-

119 1572 276 1642 εείωνῆ
307 1573 479 1625 Ὁσίων
501 1571 688 1642 ὅμιλον
715 1572 1086 1627 αἰτιάσασθαι.
1142 1571 1349 1636 Πάντες
1378 1572 1422 1626 δ’
1450 1570 1610 1625 ἀσθε-

114 1666 290 1736 νέστεροι
303 1665 388 1736 τῆς
398 1664 500 1720 τῶν
515 1665 722 1737 ἀνδρῶν
738 1663 1135 1734 καλοκάγαθίας
1153 1663 1454 1735 γενόμενοι,
1474 1662 1610 1716 καθ-

113 1757 210 1827 άπερ
239 1757 522 1827 αὐτονόμοις
570 1758 667 1809 κατ⁹
712 1756 1017 1828 ἐλευθέροις
1060 1751 1210 1809 οὖσιν
1254 1755 1320 1807 ὲκ
1364 1755 1601 1825 φύσεως,

1713 570 1823 618 tam
1860 564 2006 618 illam
2037 564 2281 635 ejusdem
2324 570 2450 623 tecti
2482 609 2497 632 ,
2546 570 2745 635 victus,
2801 589 3113 645 mensaeque
3135 591 3289 632 com-

1710 656 2048 725 munionem,
2072 657 2200 712 alibi
2251 674 2521 730 nusquam
2554 678 2614 718 re
2651 663 2768 734 ipsa
2805 672 2918 721 tam
2973 675 3291 726 constanter

1712 760 2029 819 usurpatam
2063 752 2329 809 invenias.
2389 753 2499 811 Nec
2558 772 2692 813 sane
2743 759 2965 815 mirum.
3009 762 3286 835 Quidquid

1709 844 1853 899 enim
1892 844 2090 914 singuli
2113 844 2313 901 diurno
2336 861 2403 903 ex
2427 849 2770 907 laborelueri
2792 851 3037 919 fecerint,
3092 858 3144 912 id
3176 874 3288 913 non

1704 925 1819 997 jam
1848 933 2129 1002 proprium
2155 949 2219 989 ac
2240 937 2539 1007 sepositum
2577 940 2797 1007 habent,
2829 944 2922 998 sed
2953 943 3005 998 in
3049 947 3288 1001 medium

1709 1020 1996 1077 conferunt
2033 1025 2369 1095 universum,
2402 1028 2531 1085 dum
2585 1046 2763 1102 opera:
2796 1049 2912 1089 sua:
2959 1034 3196 1093 fructum
3219 1038 3291 1095 ad

1678 1164 1695 1177 η,
1710 1123 1900 1167 onmes
1918 1116 2202 1182 pervenire
2231 1118 2439 1174 volunt.
2460 1118 2600 1191 Ergo
2617 1123 2708 1192 qui
2731 1127 2921 1181 morbo
2946 1127 3212 1191 laborant.
3229 1136 3290 1185 ut

1710 1202 1829 1268 eius
1865 1221 1961 1275 per
1988 1223 2047 1262 se
2085 1211 2396 1280 sumptibus
2419 1212 2657 1284 impares
2696 1216 2772 1272 illi
2805 1219 2936 1286 sint,
2968 1235 3077 1275 non
3103 1230 3284 1277 tamen

1706 1293 2051 1365 deseruntur,
2082 1316 2203 1353 cum
2225 1302 2278 1356 in
2309 1314 2565 1375 promptu
2596 1306 2831 1366 habeant
2860 1326 2890 1366 a
2919 1327 2976 1366 re
3007 1316 3287 1369 communi

1712 1388 2036 1454 subsidium,
2069 1390 2344 1463 libereque
2372 1397 2599 1452 omnino
2622 1414 2686 1455 ac
2703 1415 2895 1456 secure
2924 1418 2990 1459 ex
3025 1398 3305 1474 ampliore.

1712 1473 1801 1529 illa
1832 1480 1987 1547 copia
2008 1496 2258 1549 promere
2283 1484 2611 1559 haurireque
2629 1491 2860 1561 possint.
2880 1473 3135 1550 Seniores
3157 1510 3185 1549 a
3202 1494 3286 1566 ju-

1711 1567 1981 1634 nioribus,
2011 1571 2235 1640 perinde
2265 1585 2325 1630 ut
2344 1587 2597 1647 parentes
2620 1596 2651 1636 a
2679 1581 2887 1649 liberis,
2911 1599 3128 1642 summa
3157 1600 3285 1641 cum

1710 1662 2010 1716 reverentia
2027 1672 2080 1717 et
2095 1665 2459 1724 sollicitudine
2480 1669 2858 1741 observantur,
2880 1675 3133 1747 milleque
3150 1677 3285 1733 adeo

1712 1760 1973 1806 manuum
2003 1755 2205 1823 pariter
2248 1772 2311 1814 ac
2348 1761 2610 1816 mentium
2643 1778 2828 1833 opera,
2860 1776 3195 1823 senectutem
3228 1768 3285 1824 in

109 1848 487 1919 προσηνέχθησαν,
514 1848 733 1920 ᾄδοντες
760 1848 938 1903 αὐτῶν
970 1848 1039 1903 τὰ
1069 1846 1319 1902 συσσίτια
1338 1886 1352 1910 ,
1383 1848 1478 1901 καὶ
1504 1848 1595 1921 τὴν

1708 1854 1889 1895 rerum
1907 1844 2149 1899 omnium
2169 1846 2499 1902 abundantia
2513 1832 2899 1919 degunt.Tales
2916 1855 3058 1923 apud
3074 1872 3171 1913 eos
3184 1872 3285 1912 sua

109 1940 251 2002 παντὸς
268 1940 404 2007 λόγου
432 1940 716 2011 κρείττονα
735 1941 1035 2003 κοινωνίαν,
1061 1939 1095 2011 ἦ
1123 1938 1237 2009 βίου
1275 1939 1481 1992 τελείου
1500 1938 1607 1992 ’καὶ

106 2024 252 2102 σφόδρα
274 2032 565 2104 εὐδαίμονός
597 2036 714 2087 ἐστι
741 2034 1074 2103 σαφέστατον
1096 2032 1311 2103 δεῖγμα.
1344 2052 1363 2083 ι
1393 2032 1472 2085 Τὰ
1506 2032 1606 2103 μὲν

104 2121 167 2179 οὖν
186 2126 262 2196 τῆς
289 2126 557 2196 φιλοσόφου
590 2126 744 2200 παρὰ
787 2125 1058 2188 Ἰουδαίοις
1090 2122 1377 2195 ἀσκήσεώς
1404 2141 1463 2177 τε
1510 2124 1606 2179 καὶ

105 2216 307 2282 πολιτείας
346 2219 427 2272 διὰ
462 2219 631 2272 τῶνδε
667 2217 1012 2290 προκείσθω*
1049 2216 1118 2271 τὰ
1161 2218 1218 2271 δὲ
1257 2216 1354 2271 τοῦ
1413 2216 1602 2272 λοιποῦ

104 2308 197 2377 βίον,
222 2310 271 2361 ὃν
308 2310 365 2382 δὴ
411 2310 487 2382 τῷ
521 2310 719 2381 πλήθει
751 2308 845 2363 τοῦ
881 2310 1085 2373 παντὸς
1140 2308 1326 2373 ἔθνους
1370 2311 1418 2363 oi
1471 2310 1603 2364 θεῖοι

99 2401 337 2473 διηγόρευον
363 2404 531 2475 νόμοι,
556 2402 795 2456 τέθειται
824 2400 1154 2471 προλαϐὼνὸ
1177 2400 1353 2469 λόγος.
1382 2402 1447 2454 Τί
1467 2401 1602 2471 δῆτα

99 2494 276 2547 λείπεται
297 2496 380 2547 ἐπὶ
410 2496 620 2558 τούτοις
650 2494 683 2565 ἢ
715 2495 808 2547 καὶ
845 2493 915 2546 τὰ
954 2493 1055 2563 τῆς
1092 2491 1200 2546 τῶν
1250 2492 1385 2545 νέων
1419 2491 1600 2546 θεολο-

96 2585 182 2655 γίας
198 2589 425 2659 σύμφωνα
471 2591 590 2651 ταῖς
632 2585 740 2639 τῶν
767 2585 1130 2658 προπατόρων
1167 2583 1469 2647 εὐσεϐείαις
1498 2602 1601 2638 πα-

97 2683 409 2751 ριπήσασθαι,
440 2682 513 2745 ὡς
546 2680 613 2733 ἂν
642 2678 735 2733 καὶ
774 2677 936 2747 τῆσδε
977 2678 1077 2749 τῆς
1107 2676 1416 2740 ὑποθέσεως
1446 2678 1596 2730 ἐντε-

92 2770 159 2843 λὴς
178 2775 280 2845 ἡμῖν
304 2776 330 2828 ὁ
357 2774 509 2843 λόγος
542 2768 937 2839 ἀποδεδομένος
963 2768 1076 2838 sit];
1127 2768 1281 2820 Ἐπεὶ
1326 2766 1503 2821 τοίνυν
1528 2765 1596 2821 τὰ

90 2866 157 2934 τῆς
174 2867 321 2920 ἐνθέου
346 2849 568 2937 Ῠραφῆς
600 2863 757 2931 λόγια
779 2861 1065 2932 πρόκειται
1089 2860 1176 2916 διὰ
1206 2860 1299 2914 τοῦ
1331 2860 1437 2931 πρὸ
1474 2856 1595 2911 τού--

90 2972 152 3008 του
169 2960 577 3031 συγγράμματος,
614 2954 736 3026 φέρ’
758 2949 848 3008 οὖν
875 2954 966 3010 ἐπὶ
988 2953 1080 3007 τοῦ
1112 2953 1377 3024 παρόντος
1406 2951 1472 3003 τὰ
1496 2951 1595 3021 τῆς

88 3046 262 3114 διανοίας
298 3052 396 3103 τῶν
426 3049 582 3122 παρὰ
638 3046 911 3110 Ἰουδαίοις
956 3044 1133 3114 σοφῶν
1168 3043 1591 3114 ὲπαθρήσωμεν,

1710 1930 1819 1993 illa,
1854 1930 2167 1990 Grtccorum
2216 1937 2499 1992 nominum
2546 1954 2741 2011 pompa
2771 1951 2825 1997 et
2853 1943 3150 2001 ambitione
3190 1960 3284 2001 ca-

1705 2039 1852 2088 rens,
1868 2025 2209 2097 philosophia
2225 2029 2440 2085 virtutis
2458 2030 2686 2086 athletas
2703 2033 2883 2100 eilicit,
2904 2051 3025 2106 qute
3044 2052 3152 2092 non
3175 2040 3280 2094 alia

1704 2129 1868 2183 quam
1896 2130 2080 2171 rerum
2116 2118 2465 2173 laudabilium
2492 2122 2752 2178 exercitia
2780 2126 3052 2197 proponit,
3082 2128 3281 2198 quibus

1704 2205 1924 2262 libertas
1951 2208 2041 2263 illa
2072 2210 2349 2265 servitutis
2374 2212 2552 2267 omnis
2572 2214 2861 2283 impatiens
2888 2219 3124 2275 maxime
3149 2236 3283 2276 con-

1703 2298 1971 2354 ﬁrmatur.
2004 2300 2159 2366 Quod
2198 2300 2419 2370 quidem
2450 2302 2534 2357 vel
2578 2319 2646 2359 ex
2680 2320 2745 2361 eo
2774 2308 2953 2377 quivis
2993 2309 3278 2382 intelligat,

1702 2390 1847 2459 quod
1880 2390 2046 2445 variis
2065 2390 2194 2444 varii
2210 2392 2547 2461 temporibus
2563 2408 2682 2448 eam
2702 2395 2754 2449 in
2780 2398 3052 2467 regionem
3078 2400 3282 2468 princio

1702 2497 1797 2550 pes
1821 2481 2184 2544 incubuerint,
2207 2493 2316 2537 tam
2335 2484 2585 2541 instituto
2611 2501 2775 2556 quam
2796 2487 3012 2559 ingenio
3040 2491 3279 2547 dissimi-

1702 2574 1799 2626 les.
1830 2571 1966 2627 Cum
1993 2573 2138 2627 enim
2170 2574 2262 2627 alii
2295 2575 2598 2633 belluarutn
2624 2594 2843 2651 quoque
2864 2580 3130 2637 feritatem
3173 2584 3279 2638 im-

1702 2663 1957 2718 manitate
1979 2680 2233 2734 superare
2246 2677 2598 2735 conarentur,
2620 2679 2782 2741 atque
2806 2681 2864 2727 ut
2892 2673 3027 2729 nihil
3056 2687 3279 2745 praeter-

1700 2758 1996 2822 mittercnt,
2017 2758 2161 2827 quod
2186 2773 2397 2815 summa
2413 2761 2708 2819 crudelitas
2730 2763 2991 2834 exigeret.
3021 2782 3129 2822 non
3151 2779 3276 2822 ante

1699 2849 2397 2928 subditosmodogregatim
2427 2853 2710 2908 immolare
2751 2854 2913 2910 modo
2929 2857 3277 2915 vivosadbuc

1696 2947 1749 2995 et
1768 2940 2037 3008 spirantes
2061 2942 2403 2995 membratim
2434 2953 2597 3013 atque
2622 2943 2895 2999 frustatim
2918 2947 3190 3003 laniorum
3217 2949 3274 3006 in

1696 3047 1900 3086 morem
1919 3032 2206 3088 concidere
2225 3033 2554 3101 desinerent,
2577 3051 2739 3106 quam
2756 3038 2807 3091 in
2826 3038 3030 3094 similes
3047 3040 3146 3110 ipsi
3162 3057 3276 3109 p03-

87 3138 209 3201 ὡςᾶν
255 3120 526 3213 μάθοιμεν,
588 3138 763 3195 ὁποῖοί
789 3155 933 3202 τινες
964 3137 1060 3190 καὶ
1091 3137 1149 3189 ὲν
1202 3138 1268 3207 τῇ
1321 3132 1589 3230 θεολογίᾳ,

1703 3134 1817 3195 nas,
1850 3130 2040 3188 agente
2071 3120 2160 3174 illa
2185 3137 2364 3176 rerum
2391 3124 2752 3181 humanarum
2794 3130 3157 3187 moderatrice
3182 3132 3275 3202 ju.

2202 3223 2212 3230 ,
2291 3212 2443 3230 Α...
3035 3221 3045 3230 .

85 3229 215 3300 κὰντῇ
234 3231 346 3301 περὶ
371 3232 561 3299 λόγους
592 3231 784 3302 ἀρετῇ,
805 3227 988 3290 παῖδες
1020 3225 1286 3297 Ἐϐραίων
1314 3223 1589 3292 γεγόνασι·

84 3320 203 3373 Πάλιν
222 3320 298 3377 οὖν
320 3326 405 3378 τὸν
426 3325 645 3378 Φίλωνα
676 3321 933 3395 παριτέον
964 3320 1070 3374 ἀπὸ
1098 3318 1191 3373 τοῦ
1231 3316 1445 3388 πρώτου
1485 3313 1592 3367 τῶν

82 3414 135 3475 είς
155 3417 223 3469 τὸν
244 3418 407 3489 νόμον.

1697 3210 1864 3274 stitia,
1899 3211 2253 3280 incidissent;
2289 3212 2457 3286 384
2483 3217 2573 3271 alii
2609 3232 2739 3275 vero
2764 3235 2926 3288 quam
2959 3221 3144 3276 animo
3184 3239 3274 3277 ra~

1692 3302 1834 3356 bicm
1863 3300 2217 3373 furoremque
2236 3317 2618 3375 conceperant,
2646 3308 2699 3363 in
2721 3311 2886 3364 alium
2908 3312 3272 3383 improbitatis

1693 3396 1896 3449 vultum
1950 3397 2299 3468 speciemque
2355 3407 2667 3467 vertentes,
2726 3404 3036 3475 excogitato
3119 3422 3271 3461 nova:

81 3487 320 3557 acerbitatis
360 3518 579 3573 genere,
624 3502 852 3558 comiter
894 3512 1081 3553 omnes
1106 3512 1170 3551 ac
1224 3494 1466 3549 suaviter
1516 3488 1866 3562 appellarent,
1909 3487 2092 3557 itaque
2145 3488 2431 3544 barbaram
2469 3498 2816 3563 atrocemque
2846 3503 3097 3550 naturam
3138 3511 3274 3554 voce

78 3595 251 3651 molliori
278 3600 702 3663 dissmulantes,
734 3599 860 3651 dum
909 3595 1083 3648 instar
1111 3605 1308 3645 canum
1357 3603 1544 3642 morsu
1601 3594 1867 3639 venenato
1931 3583 2270 3639 saevientium
2320 3585 2717 3650 blandiremur,
2750 3587 3022 3656 ejusmodi
3056 3599 3264 3655 tamen,

78 3690 393 3745 tnsanabilibus
423 3692 613 3746 exitiis
640 3690 838 3759 passim
863 3683 1183 3752 importatis,
1214 3682 1534 3737 miserorum
1558 3676 1915 3740 calamitates,
1951 3690 2073 3745 quae
2116 3676 2267 3729 nulla
2314 3691 2557 3747 unquam
2612 3677 2888 3735 oblivione
2921 3681 3270 3751 delebuntur,

76 3785 268 3839 omnibus
291 3794 339 3838 tn
367 3786 597 3840 urbibus
628 3797 883 3851 tanquam
912 3788 1167 3849 perpetua
1207 3791 1332 3830 cum
1371 3773 1662 3844 impietatis
1684 3786 1818 3835 suae,
1855 3779 1970 3825 tum
2002 3771 2281 3826 horribilis
2312 3772 2368 3827 in
2403 3773 2702 3827 humanum
2732 3788 2905 3845 genus
2955 3776 3064 3832 odii
3094 3780 3261 3834 moui-

75 3885 205 3929 menta
236 3880 570 3950 reliquissent
602 3899 615 3934 :
653 3894 813 3933 nemo
845 3886 1022 3930 tamen
1049 3872 1128 3926 vel
1152 3871 1499 3927 etl'eratorutn
1530 3869 1770 3933 illorum,
1803 3866 1883 3923 vel
1915 3866 2391 3922 fraudulentorum
2437 3878 2601 3938 atque
2649 3871 2961 3941 pellacium,
2993 3873 3120 3930 huic
3162 3873 3268 3930 Es.

73 3975 355 4035 seorum,vel
382 3972 681 4027 Hosiorum
715 3971 838 4037 (hoc
861 3976 942 4020 est
965 3964 1303 4033 sanctorum)
1323 3961 1602 4028 sodalitio,
1639 3960 1848 4016 crimen
1880 3958 2053 4012 ttllum
2090 3960 2174 4013 vel
2199 3959 2457 4030 allingerc
2494 3962 2670 4031 potuit
2706 3982 2719 4019 :
2770 3965 2863 4020 sed
2897 3981 3090 4024 omnes
3145 3984 3268 4025 om-

73 4056 165 4111 nino
181 4062 457 4118 abiltorum
484 4062 760 4135 probitate
784 4057 931 4121 victi,
962 4056 1025 4109 iis
1063 4064 1320 4124 tanquam
1348 4069 1379 4107 a
1409 4060 1604 4107 natura
1640 4050 1825 4104 liberis
1850 4049 2103 4119 jurisque
2131 4053 2215 4105 sui
2247 4051 2406 4108 factis
2444 4054 2528 4109 usi
2558 4063 2709 4122 sunt,
2773 4069 3074 4129 eorumque
3129 4074 3268 4115 con-

69 4149 276 4219 tubernia,
306 4157 750 4226 singularemque
789 4161 972 4202 rerum
1006 4143 1250 4199 omnium
1283 4141 1749 4207 communionem,
1782 4138 1928 4209 quod
1957 4148 2339 4209 argumentum
2390 4150 2475 4196 est
2508 4141 2873 4212 integerrisz
2908 4158 2973 4199 ac
3011 4146 3265 4209 beatissi.

70 4244 660 4305 mmitazcertissimum,
696 4257 795 4296 suo
827 4240 988 4294 etiam
1024 4252 1119 4292 ore
1157 4236 1526 4292 celebrarunt.
1563 4253 1582 4285 ι

113 4336 171 4392 Ac
194 4340 250 4394 de
274 4342 615 4412 castigatiore
637 4347 800 4405 atque
816 4345 1090 4389 Sanctiore
1114 4330 1427 4387 Iudaeorum
1475 4328 1762 4398 disciplina
1817 4328 2102 4382 hactenus.
2157 4325 2293 4382 Nam
2358 4328 2426 4382 de
2459 4340 2656 4385 caetero
2712 4332 2837 4385 vitm
2866 4346 3083 4402 genere,
3109 4334 3259 4403 quod

69 4433 195 4500 gentis
215 4437 464 4490 universa:
492 4430 828 4488 multitudini
860 4426 1279 4495 divinislegibus
1313 4424 1635 4492 imperatur,
1670 4420 1833 4491 paulo
1856 4429 1980 4475 ante
2008 4421 2434 4490 disputavimus.
2467 4421 2608 4488 Quid
2646 4439 2777 4495 ergo
2839 4435 3112 4495 superest,
3149 4427 3260 4484 nisi

68 4531 108 4576 ut
126 4537 420 4591 posterorum
451 4539 678 4597 quoque
705 4521 1032 4591 theolOgiam
1053 4534 1179 4572 cum
1217 4516 1488 4586 majorum
1518 4530 1743 4569 suorum
1775 4513 2126 4583 religionibus
2150 4515 2462 4569 consentire
2491 4516 2807 4580 doceamus,
2848 4528 2908 4572 ut
2956 4520 3057 4573 hac
3088 4519 3253 4574 etiam

67 4615 111 4668 de
132 4632 172 4671 re
195 4621 292 4675 suis
320 4621 570 4674 absoluta
597 4615 839 4670 numeris
877 4613 1129 4667 tractatio
1155 4609 1471 4665 habeatur?
1519 4608 1584 4663 Et
1628 4607 1888 4677 quoniam
1925 4607 2204 4675 superiore
2237 4606 2378 4661 libro
2431 4608 2630 4663 divina:
2674 4607 2969 4679 Scriptura)
3029 4612 3253 4667 oracula

63 4709 373 4778 produximus,
405 4726 505 4781 age
534 4710 675 4777 jam,
697 4720 887 4761 eorum
915 4702 1191 4772 deinceps,
1226 4701 1319 4772 qui
1344 4700 1487 4770 apud
1525 4699 1744 4755 Judaeos
1768 4692 2032 4769 sapientia
2060 4700 2381 4769 praestitere.
2432 4707 2667 4757 mentem
2701 4718 3036 4772 sensumque
3066 4706 3255 4761 videa-

66 4815 167 4863 mus,
190 4814 238 4858 ut
264 4820 416 4873 quam
452 4817 564 4857 non
598 4800 651 4854 in
683 4797 952 4863 theologia
986 4795 1168 4857 modo,
1193 4809 1381 4849 verum
1412 4794 1576 4848 etiam
1609 4793 1664 4846 in
1691 4793 1903 4847 caeteris
1961 4792 2169 4847 artibus
2219 4802 2384 4862 atque
2425 4793 2694 4849 doctrinis
2752 4794 3107 4851 Hebraeorum
3163 4814 3255 4855 ne.

62 4904 172 4960 potes
194 4898 439 4952 rationem
471 4893 771 4951 tenuerint,
812 4905 876 4944 ex
901 4889 1118 4943 illorum
1147 4887 1305 4943 nobis
1332 4887 1661 4943 auctoritate
1703 4894 1935 4941 constet.
1974 4887 2150 4957 Atque
2178 4886 2231 4940 in
2261 4886 2454 4955 primis
2506 4888 2759 4943 eumdem
2820 4905 3013 4945 rursus
3069 4889 3255 4949 Philo.

62 4998 169 5049 nem,
190 4990 235 5043 in
259 5006 439 5045 eorum
467 4988 668 5058 primo,
695 4999 834 5053 quos
856 4983 921 5037 de
954 4983 1070 5055 lege
1094 4982 1444 5053 conscripsit,
1472 4982 1576 5037 hac
1604 4979 1672 5036 de
1691 4996 1750 5036 re
1768 4981 2125 5037 disserentem
2163 4983 2475 5036 audiamus.

499 5077 897 5132 ΚΕΦΑΑΑΙΟΝ
925 5076 1049 5127 Kl".

2261 5070 2491 5127 CAPUT
2528 5071 2664 5127 XIII.

61 5150 266 5215 Φίλωνος
291 5154 415 5220 περὶ
442 5150 618 5210 Θεοῦ,
646 5149 746 5220 καὶ
776 5148 907 5220 περὶ
939 5145 1045 5199 τοῦ
1071 5143 1367 5214 γεννητὸν
1414 5137 1567 5197 εἶναι

1703 5147 1765 5199 Ea:
1806 5140 2025 5197 Philone
2076 5142 2139 5198 de
2191 5142 2320 5207 Dea,
2371 5144 2609 5220 quodque
2653 5144 2879 5199 mundus
2930 5154 3107 5204 ortum
3151 5151 3252 5208 lu:-

600 5219 703 5272 τὸν
725 5218 973 5286 κόσμον.

112 5312 273 5375 ιΤινὲς
313 5312 420 5383 γὰρ
464 5310 563 5363 τὸν
606 5307 807 5378 κόσμον
860 5307 934 5377 (9)
987 5305 1185 5377 μᾶλλον
1246 5304 1278 5376 ἢ
1314 5319 1406 5359 τον
1467 5323 1559 5361 κο-

62 5403 259 5466 σμοποιόν
324 5404 742 5474 θαυμάσαντες,
811 5400 901 5452 τὸν
983 5398 1078 5469 μὲν
1135 5397 1426 5466 ἀγέννητον
1504 5415 1563 5450 τε

58 5488 125 5539 καὶ
184 5492 332 5549 ἀΐδιον
397 5492 796 5562 ἀπεφήναντο,
875 5488 967 5544 τοῦ
1046 5487 1182 5542 Θεοῦ
1253 5487 1364 5557 (10)
1432 5489 1562 5541 πολ-

110 5606 166 5675 (9t
181 5612 324 5677 Τινὲς
351 5609 511 5663 ..τὸν
530 5605 782 5680 κόσμοῖ,
802 5611 904 5680 etc.
925 5600 1116 5680 Elstat
1133 5599 1221 5680 hic
1238 5599 1392 5680 locus
1416 5598 1559 5680 aptt-l

55 5667 276 5734 Philonem
300 5667 517 5743 excus.,
564 5667 685 5748 pag.
728 5675 928 5748 2_lib._
962 5672 1098 5748 Περὶ
1151 5669 1260 5748 τῆς
1303 5667 1562 5748 Μωεξέως

57 5753 381 5822 κοσμοποιίας
402 5793 416 5813 ,
448 5738 615 5813 quem
636 5738 735 5822 hic
770 5744 969 5822 Euseb.
1015 5738 1298 5822 inscribit,
1321 5738 1561 5822 ⁸πριέξτον

54 5813 243 5886 νῶἰέὶς
273 5813 375 5877 rei
407 5823 635 5891 Νόμον.
678 5817 958 5872 Secundus
978 5855 992 5879 ,
1042 5814 1255 5882 opinor,
1285 5818 1337 5863 ct
1366 5813 1567 5862 tertius

311 5921 498 5978 Pna.
548 5916 665 5974 Gn.
730 5914 897 5975 XXI.

2416 5217 2570 5269 uerit.

1752 5322 1772 5356 α
1810 5304 2094 5367 Mundum.
2139 5304 2317 5375 inquit
2374 5306 2484 5372 ille,
2532 5304 2785 5374 permulti
2839 5308 3023 5376 potius
3082 5326 3249 5381 quam

1676 5398 1863 5453 mundi
1895 5397 2229 5453 conditorem
2284 5397 2556 5465 admirati,
2587 5414 2711 5452 eum
2757 5408 2881 5455 ortu
2933 5416 3121 5458 carere
3183 5419 3253 5461 ac

1672 5491 2061 5561 sempiternum
2079 5504 2202 5544 esse
2224 5489 2534 5546 voluerunt.
2594 5488 2652 5543 In
2685 5505 2797 5560 quo
2844 5507 2977 5550 sane
3030 5504 3247 5567 turpem

1662 5601 1883 5673 fuerint.
1918 5602 2009 5673 qui
2051 5608 2379 5673 sequuntur,
2410 5600 2558 5673 Legis
2599 5601 2977 5673 allegoriarum
3006 5609 3136 5664 duo.

1734 5671 1846 5742 {10)
1878 5670 1987 5743 Ίξοῦ
2017 5672 2187 5743 Θεοῦ,
2218 5683 2324 5743 etc.
2356 5670 2532 5739 Philo,
2566 5670 2784 5743 melius,
2812 5676 2907 5730 τοῦ
2936 5678 3071 5732 Θεοῦ
3097 5679 3155 5736 δὲ
3178 5697 3248 5739 π.

1664 5745 1718 5799 ὰ.
1746 5740 1963 5810 eme;
1992 5740 2419 5810 κατεψεύσαντο.

2787 5906 2853 5969 2t
