3838 6384
585 330 688 385 651

1226 333 1497 391 EUSEBH
1536 334 2023 394 CxESARIENSlS
2062 338 2213 395 OPP.
2256 340 2436 395 PARS
2474 340 2540 397 ll.
2580 371 2651 382 —-
2687 340 3189 399 APOLOGETICA.
3694 354 3775 412 εει

585 445 880 501 admodum
906 448 1296 521 indignumque
1317 451 1427 506 Deo
1455 461 1735 509 veternum
1797 454 2118 512 aﬂinxerunt

2268 457 2365 530 λὴν
2450 460 2725 531 ἀπραξίαν
2809 462 3059 531 ἀνάγνως
3140 464 3622 536 καταψευσάμενον
3690 472 3778 529 δέον

582 537 747 611 385
782 556 905 597 cum
953 541 1109 612 longe
1145 542 1327 599 verius
1356 542 1571 609 fuisset,
1602 546 1768 616 hujus
1792 549 2011 619 quidem
2045 559 2160 605 tau-

584 648 749 703 quam
815 633 1053 689 auctoris
1112 635 1464 705 parentisque
1517 637 1661 693 vires
1711 654 1776 694 ac
1836 650 2161 710 potestatem

584 725 969 793 obstupescere
1000 764 1016 788 .
1075 720 1225 781 illum
1260 742 1391 783 vero
1423 744 1766 800 nequaquam
1822 746 1987 801 supra
2043 732 2163 801 ejus

582 816 951 872 conditionem
975 817 1266 874 celebrare.
1294 823 1363 875 At
1402 820 1602 887 Moses,
1636 822 1729 892 qui
1782 832 1837 877 et
1885 840 2160 878 summum

582 907 937 979 phiIOSOphire
977 909 1191 964 culmen
1249 912 1523 981 attigerat,
1558 923 1614 967 et
1646 913 1915 983 pra'cipua
1954 923 2163 970 natura:

581 1002 795 1057 occulta
825 1016 888 1057 ex
922 1002 1122 1058 divinis
1172 1005 1448 1075 responsis
1488 1017 1847 1077 cognoverat,
1900 1008 1950 1062 id
1997 1009 2159 1064 etiam

581 1096 817 1151 maxime
860 1097 1230 1151 necessarium
1283 1113 1407 1154 esse
1439 1099 1737 1165 intellexit,
1789 1103 1934 1156 utin
1978 1118 2159 1157 rerum

580 1197 775 1243 natura
811 1188 922 1244 duo
955 1190 1258 1259 praesertim
1302 1202 1486 1247 essent
1510 1236 1525 1259 ,
1581 1192 1819 1249 eliiciens
1883 1194 2112 1249 alterum
2143 1237 2159 1261 ,

579 1295 701 1351 quae
732 1296 885 1336 mens
913 1290 997 1337 est
1029 1282 1267 1338 universi
1320 1283 1615 1353 purissima
1674 1294 1837 1356 atque
1897 1286 2159 1342 sinceris-

578 1372 715 1428 sima
744 1415 758 1440 ,
807 1373 1109 1444 eademque
1164 1389 1288 1429 cum
1340 1376 1588 1442 scientia,
1622 1384 1735 1430 tum
1770 1376 1888 1446 ipso
1943 1392 2162 1447 quoque

576 1467 722 1522 bono
747 1476 910 1540 atque
944 1468 1175 1522 honesto
1206 1468 1440 1523 melior:
1480 1470 1709 1524 alterum
1742 1470 1974 1539 patiens,
2012 1470 2158 1541 quod

575 1560 757 1613 anima
782 1559 945 1615 simul
977 1571 1141 1631 atque
1178 1570 1325 1616 motu
1361 1576 1485 1616 cum
1516 1576 1613 1630 per
1636 1575 1755 1616 sese
1785 1570 1997 1625 careat,
2044 1570 2157 1616 tum

574 1653 643 1705 ab
674 1652 786 1723 ipsa
812 1663 991 1709 mente
1022 1653 1345 1725 impulsum,
1372 1662 1641 1709 mutatum
1666 1694 1680 1717 ,
1736 1661 1901 1724 atque
1947 1655 2159 1708 anima-

574 1757 711 1811 tum,
760 1749 1022 1805 mundum
1059 1750 1208 1806 hunc
1249 1748 1635 1821 aspectabilem
1690 1746 1744 1801 iu
1772 1746 2155 1817 perfectissimi

571 1841 753 1909 operis
788 1840 1019 1897 formam
1062 1844 1441 1913 rationemque
1482 1839 1768 1895 convertit.
1820 1838 1991 1906 Quem
2024 1855 2154 1910 pro-

570 1929 713 1987 fecto
746 1934 837 2003 qui
868 1945 989 1990 ortu
1019 1936 1263 1991 caruisse
1290 1930 1619 1997 defendunt,
1664 1930 1699 1985 ii
1729 1930 2152 2000 Providentiam,

568 2042 690 2094 quae
724 2042 809 2081 res
844 2044 950 2082 una
982 2028 1225 2083 omnium
1273 2029 1339 2084 ad
1378 2025 1724 2083 retinendam
1760 2024 2156 2094 fovendamque

569 2118 881 2186 religionem
930 2119 1219 2175 utilissima
1272 2128 1357 2175 est
1392 2117 1746 2186 maximeque
1800 2114 2152 2176 necessaria,

568 2210 800 2264 rescindi
831 2210 930 2265 abs
979 2227 1097 2266 sese
1129 2212 1353 2281 tollique
1386 2227 1493 2266 non
1537 2206 1807 2264 sentiunt.
1840 2203 1975 2258 Rem
2007 2205 2151 2259 enim

562 2302 774 2355 auctori
801 2317 1078 2373 quamque
1106 2304 1423 2374 parentique
1464 2320 1565 2359 suo
1606 2315 1755 2358 cura:
1807 2311 1969 2361 esse,
2026 2311 2151 2351 vera

562 2408 665 2448 nos
696 2394 832 2447 ratio
861 2394 1017 2449 docet
1047 2412 1061 2449 :
1094 2410 1214 2450 cum
1253 2403 1307 2449 et
1339 2396 1633 2450 liberorum
1665 2402 1821 2465 pater
1850 2432 1866 2458 ,
1917 2396 1972 2441 et
2022 2403 2151 2455 ope-

562 2500 683 2537 rum
714 2500 938 2538 suorum
972 2486 1369 2539 conservationi
1414 2485 1609 2541 artifex
1662 2484 1910 2540 studiose
1937 2478 2153 2552 ρνοερίο

559 2575 689 2639 ciat,
709 2584 762 2630 et
789 2576 1050 2646 quidquid
1089 2575 1345 2630 infestum
1398 2575 1506 2631 illis
1560 2586 1724 2646 atque
1775 2573 2148 2645 perniciosum

557 2677 664 2729 cst,
692 2666 841 2720 omni
867 2668 1216 2723 contentione
1250 2667 1543 2738 depellere,
1594 2668 1859 2739 quidquid
1897 2667 2151 2721 fructuo~

559 2773 681 2813 sum
721 2767 775 2813 et
803 2760 1150 2815 commodum
1197 2775 1317 2815 esse
1374 2769 1596 2831 potest,
1647 2761 1903 2815 omnibus
1946 2761 2144 2830 Opibus

557 2865 878 2921 comparare
904 2866 971 2907 ac
1002 2851 1349 2922 suppeditare
1398 2861 1645 2908 conetur.
1677 2852 1831 2920 Quod
1878 2869 2007 2907 vero
2039 2868 2143 2907 na-

559 2953 674 2997 tum
705 2945 999 3014 aliquando
1034 2960 1141 2998 non
1173 2944 1362 3009 fuerit,
1383 2944 1503 3013 ejus
1530 2962 1663 3001 sane
1704 2962 1834 3001 cura
1887 2947 1953 3000 ad
1986 2947 2135 2999 illum

556 3050 587 3089 a
620 3052 725 3106 quo
756 3037 1004 3091 eﬂ'ectum
1042 3052 1148 3090 non
1186 3038 1276 3103 sit,
1314 3038 1544 3107 pertinet
1572 3038 1797 3093 omnino
1821 3038 1976 3091 nihil.
2002 3036 2134 3090 Tam

556 3143 687 3181 vero
712 3130 1061 3183 contentione
1087 3129 1303 3199 plenum
1322 3138 1424 3194 est,
1444 3145 1610 3199 quam
1638 3130 2132 3195 utilitatevacuum,
2163 3165 2204 3220 Ο

554 3233 771 3274 omnem
802 3236 865 3274 ex
902 3221 1007 3274 hoc
1034 3220 1255 3283 mundo,
1288 3228 1546 3288 tauquam
1603 3236 1668 3275 ex
1697 3222 1878 3291 aliqua
1911 3223 2133 3277 civitate

552 3314 915 3382 principatum
945 3313 1148 3377 tollere,
1181 3313 1271 3366 ubi
1300 3313 1613 3368 nullusiaut
1654 3313 1857 3375 timori,
1894 3324 1987 3367 aut
2014 3330 2133 3368 mo-

552 3410 821 3473 deratori,
874 3419 969 3464 aut
1006 3411 1213 3479 judici,
1270 3424 1299 3463 a
1338 3426 1449 3480 quo
1486 3411 1615 3479 (regi
1636 3411 2132 3479 administrarique

550 3501 736 3555 omnia
794 3500 1019 3567 deceat,
1069 3504 1220 3557 locus
1252 3502 1609 3572 relinquatur.
1641 3504 1710 3555 At
1755 3518 1986 3572 magnus
2044 3504 2132 3558 ille

551 3592 749 3661 Moses,
785 3610 908 3650 cum
941 3596 1395 3651 absurdissimum
1426 3611 1550 3651 esse
1584 3604 1868 3661 statueret,
1898 3606 1955 3651 ut
1988 3596 2127 3650 idem

547 3700 602 3743 et
625 3689 729 3744 sub
758 3698 1037 3760 aspectum
1081 3690 1325 3756 caderet,
1379 3700 1434 3745 et
1488 3698 1611 3744 ortu
1654 3690 1801 3743 omni
1842 3689 2127 3743 caruisset

549 3782 837 3851 (quidquid
874 3783 1018 3837 enim
1062 3782 1317 3837 sensibus
1364 3790 1698 3851 usurpatur,
1728 3781 1778 3833 id
1832 3782 1946 3834 sive
1994 3780 2125 3833 dum

548 3870 764 3937 oritur,
801 3870 914 3925 sive
943 3871 1071 3925 dum
1107 3871 1336 3926 subinde
1384 3881 1626 3925 mutatur
1653 3915 1667 3937 ,
1714 3871 1799 3925 sui
1847 3886 2125 3940 nunquam

546 3961 724 4015 simile
754 3962 979 4035 manet),
1013 3972 1073 4016 ut
1103 3964 1153 4017 ei
1192 3962 1289 4027 rei,
1324 3978 1447 4033 qua:
1483 3977 1592 4016 non
1624 3963 1819 4025 oculis,
1843 3963 1935 4017 sed
1970 3962 2127 4016 intel-

542 4054 761 4125 ligenlia
800 4057 914 4111 sola
945 4063 1259 4110 cerneretur
1287 4095 1304 4121 ,
1364 4055 1724 4109 mteruitatem
1768 4054 1926 4124 quasi
1962 4054 2127 4124 gemi-

543 4161 673 4200 num
690 4146 893 4216 aliquid
923 4155 973 4201 et
990 4154 1279 4218 cognatum
1302 4145 1579 4207 attribuit;
1602 4145 1681 4200 sic
1703 4146 1773 4209 ei,
1807 4160 1929 4215 quae
1956 4160 2120 4200 sensu

540 4239 929 4312 perciperetur,
949 4240 1227 4310 proprium
1263 4240 1540 4310 quoddam
1591 4247 1647 4292 et
1697 4237 1971 4307 singulare
2020 4252 2121 4291 no-

543 4349 665 4388 men
691 4333 968 4403 imposuit.
1002 4332 1271 4398 Quoniam
1309 4331 1472 4403 igitur
1502 4331 1591 4385 hic
1611 4329 1868 4390 mundus.
1904 4336 1965 4383 ut
1989 4343 2117 4397 spe-

2266 549 2499 620 ἕμπαλιν
2528 591 2542 616 ,
2603 552 2793 607 τούτου
2859 554 2959 618 τάς
3006 554 3263 626 δυνάμεις
3326 556 3401 620 ὡς
3460 561 3658 627 ποιητοῦ
3711 568 3780 618 καὶ

2266 643 2472 713 πατρὸς
2506 644 2947 715 καταπλαγῆναι·
2980 646 3073 700 τὸν
3092 647 3148 700 δὲ
3177 647 3251 719 μὴ
3285 648 3442 702 πλέον
3472 650 3779 725 άποσεμνῦναι

2264 734 2355 788 τοῦ
2395 737 2639 807 μετρίου.
2674 738 2883 808 Μωσῆς
2930 737 3010 802 δὲ,
3063 740 3157 793 καὶ¹
3188 739 3499 808 φιλοσοφίας
3548 745 3626 797 ἐπ’
3650 748 3779 818 αὐτὴν

2264 827 2475 896 φθάσας
2502 828 2802 901 ἀκρότητα,
2837 831 2930 884 καὶ
2962 834 3229 902 χρησμοῖς
3260 832 3329 885 τά
3370 833 3533 889 πολλὰ
3585 838 3666 889 καὶ
3692 856 3782 892 mo

2264 923 2604 975 εκτικώτατα
2667 922 2776 975 τῶν
2825 923 2925 992 τῆς
2970 922 3185 991 φύσεως
3239 926 3613 997 ἀναδιδαχθεὶς,
3660 931 3778 998 ἔγνω,

2262 1013 2398 1067 διότι
2437 1014 2863 1081 ἀναγκαιότατόν
2884 1017 3050 1080 ἐστιν,
3079 1020 3138 1071 ὲν
3171 1020 3286 1081 τοῖς
3305 1014 3443 1081 οὖσι,
3472 1020 3528 1073 τὸ
3556 1022 3643 1091 μὲν
3680 1021 3779 1077 εἶναι

2261 1103 2608 1177 δραστήριον,
2641 1105 2669 1157 ὃ
2697 1106 2803 1160 τῶν
2837 1106 2976 1160 ὅλων
3012 1107 3138 1172 νοῦς
3188 1109 3335 1163 ἐστιν
3392 1110 3779 1183 εἰλικρινέστατος

2264 1196 2357 1249 καὶ
2402 1196 2902 1268 ἀκραιφνέστατος,
2964 1199 3227 1270 κρείττων
3289 1200 3321 1270 ἢ
3388 1203 3664 1274 ἐπιστήμη,
3713 1207 3779 1257 καὶ

2264 1289 2525 1360 κρείττων
2556 1290 2589 1361 ἢ
2622 1291 2753 1343 αὐτὸ
2779 1291 2840 1344 τὸ
2870 1291 3071 1360 ἀγαθὸν
3103 1294 3198 1346 καὶ
3253 1294 3387 1346 αὐτὸ
3407 1294 3466 1347 τὸ
3486 1294 3652 1349 καλὸν·
3678 1297 3780 1351 τὸδὲ

2263 1381 2581 1452 παθητικόν,
2608 1382 2833 1453 ἄψυχον,
2866 1384 2961 1437 καὶ
2988 1384 3243 1455 ἀκίνητον
3300 1384 3360 1448 ἐξ
3408 1385 3587 1449 αὐτοῦ,
3612 1388 3779 1457 κινηθὲν

2260 1473 2337 1537 δὲ,
2367 1476 2461 1528 καὶ
2492 1475 3023 1546 μετασχηματισθὲν,
3053 1478 3149 1531 καὶ
3175 1476 3427 1548 ψυχωθὲν
3459 1479 3561 1532 ὑπὸ
3590 1480 3669 1533 τοῦ
3693 1482 3776 1543 νοῦ.

2263 1566 2559 1637 μετέϐαλεν
2591 1570 2671 1632 είς
2698 1568 2759 1621 τὸ
2790 1568 3123 1623 τελειότατον
3141 1570 3302 1641 ἔργον
3331 1571 3479 1624 τόνδε
3506 1571 3589 1625 τὸν
3607 1574 3776 1643 victm-

2260 1658 2318 1710 ὃν
2356 1659 2405 1711 οἱ
2444 1659 2744 1727 φάσκοντες
2764 1658 3076 1730 ἀγέννητον,
3109 1659 3368 1731 λελήθασι
3400 1661 3461 1714 τὸ
3487 1661 3778 1733 ὠφελιμώτα-

2260 1767 2350 1805 τον
2381 1752 2473 1804 καὶ
2506 1751 2931 1819 ἀναγκαιότατον
2961 1751 3070 1805 τῶν
3100 1754 3181 1815 είς
3234 1754 3519 1807 εὐσέϐειαν
3539 1756 3776 1825 ὑποτεμνό-

2189 1806 2231 1861 B
2262 1859 2433 1913 μενοι,
2464 1843 2562 1913 τὴν
2593 1806 2875 1913 ρόνοιαν.
2902 1843 3007 1897 Τοῦ
3059 1806 3303 1915 μὲνυγάρ
3339 1806 3777 1917 γεγονότοςήετξιμιο

2258 1933 2464 1987 λεῖσθαι
2485 1934 2577 1987 τὸν
2600 1934 2812 2006 πατέρα
2837 1936 2931 1989 καὶ
2959 1936 3206 2007 ποιητὴν,
3230 1938 3379 2008 αίρεῖ
3397 1937 3567 2006 λόγος.
3590 1940 3681 1991 Καὶ
3701 1942 3777 2010 γὰρ

2257 2025 2440 2097 πατὴρ
2464 2026 2723 2095 ἐκγόνων,
2772 2028 2866 2079 καὶ
2898 2027 3225 2097 δημιουργὸς
3260 2027 3374 2080 τῶν
3415 2028 3777 2101 δημιουργηθέν-

2254 2134 2363 2170 των
2388 2117 2709 2187 στοχάζεται
2760 2118 2858 2187 τῆς
2900 2117 3185 2189 διαμονῆς,
3234 2121 3329 2172 καὶ
3362 2121 3463 2174 ὅσα
3496 2121 3585 2191 μὲν
3615 2122 3776 2191 ἐπὶζη-

2259 2205 2377 2275 μία,
2412 2208 2627 2276 μηχανῇ
2663 2206 2813 2279 πάσῃ
2844 2206 3136 2269 διωθεῖται,
3186 2208 3287 2261 ὅσα
3347 2208 3406 2261 δὲ
3468 2209 3687 2281 ὼςεέλιμα
3707 2213 3773 2263 xxi

2254 2298 2529 2367 λυσιτελῆ,
2562 2299 2739 2352 πάντα
2784 2298 2984 2367 τρόπον
3047 2299 3364 2371 ἐκπορίζειν
3400 2302 3649 2355 ἐπιποθεῖ.
3673 2303 3774 2373 Πρὸς

2252 2390 2310 2443 δὲ
2340 2390 2401 2443 τὸ
2441 2390 2515 2462 μὴ
2549 2390 2770 2459 γεγονὸς
2807 2390 3077 2454 οἰκείωσις
3122 2390 3352 2462 οὐδεμία
3392 2393 3470 2464 τῷ
3503 2394 3571 2465 μὴ
3599 2411 3775 2465 πεποιη-

2252 2484 2391 2536 κότι.
2458 2482 2839 2553 Περιμάχητον
2881 2482 2938 2534 δὲ
2976 2483 3157 2554 δόγμα
3199 2486 3293 2538 καὶ
3351 2486 3627 2555 ἀνωφελὲς,
3657 2489 3774 2558 ἀναρ-

2251 2573 2373 2643 χίαν
2398 2572 2474 2636 ὡς
2534 2574 2593 2625 ὲν
2639 2573 2793 2626 πόλει
2854 2573 3305 2640 κατασκευάζειν,
3344 2576 3483 2647 τῷδε
3510 2578 3581 2648 τῷ
3615 2578 3772 2648 κόσμῳ,

2250 2666 2342 2718 τόν
2375 2664 2538 2733 φόϐον
2569 2664 2757 2735 (Η),ἢ
2812 2664 3117 2737 βραϐευτὴν
3147 2667 3179 2737 ἢ
3215 2667 3480 2740 δικαστὴν
3514 2670 3604 2722 οὐκ
3627 2669 3771 2739 ἔχοντι.

2252 2755 2343 2825 ὑφ’
2374 2749 2435 2809 οὗ
2468 2755 2648 2809 πάντα
2675 2756 3069 2826 οἰκονομεῖσθαι
3130 2758 3222 2812 καὶ
3277 2759 3683 2830 πρυτανεύεσθαι
3710 2759 3771 2812 θέ-

2248 2863 2368 2922 μις.
2414 2846 2552 2898 Ἀλλ’
2607 2846 2635 2898 ὃ
2672 2863 2736 2914 γε
2784 2846 2955 2916 μέγας
2993 2849 3217 2917 Μωσῆς,
3274 2850 3678 2921 ἀλλοτριώτατόν
3708 2849 3772 2901 τοῦ

2240 2946 2341 3015 ὸρα
2354 2937 2444 2997 τοῦ
2478 2938 2706 3009 νομίσας
2736 2935 2874 2991 εἶναι
2903 2937 2964 2991 τὸ
3017 2938 3313 3010 ἀγέννητον
3343 2943 3486 3011 (πᾶν
3518 2942 3615 3013 γάρ
3640 2942 3689 2994 τὺ
3716 2944 3771 2993 ai-

2242 3036 2465 3108 aﬁyjzbv,
2495 3032 2553 3082 ὲν
2580 3029 2791 3099 γενέσει
2845 3031 2938 3083 καὶ
2996 3030 3343 3100 μεταϐολαῖς,
3387 3034 3627 3088 οὐδέποτε
3674 3034 3772 3087 κατὰ

2237 3129 2433 3185 ταυτὸν
2460 3122 2572 3191 διν),
2605 3120 2683 3192 τῷ
2736 3121 2836 3192 μὲν
2862 3124 3078 3195 ἀοράτῳ
3114 3125 3206 3177 καὶ
3235 3126 3418 3197 νοητῷ
3464 3127 3769 3198 προσένειμεν,

2239 3224 2315 3286 ὡς
2345 3220 2583 3290 ἀδελφὺν
2604 3217 2697 3268 καὶ
2714 3216 2970 3286 συγγενῆ,
2987 3217 3284 3285 άῖδιότητα,
3307 3219 3390 3290 τῷ
3404 3220 3448 3273 δ’
3469 3220 3678 3291 αἰσθητῷ
3692 3220 3767 3287 (1‘3)

2237 3317 2434 3368 οἰκεῖον
2464 3313 2640 3383 ὄνομα
2666 3308 3035 3377 λὲπεφήμισεν.
3082 3310 3235 3363 Ἐπεὶ
3284 3307 3386 3365 οὖν
3419 3312 3602 3383 ὁρατός
3632 3330 3679 3365 τε
3702 3314 3768 3363 καὶ

2238 3406 2491 3479 αἰσθητὸς
2516 3406 2605 3461 ὅδε
2628 3406 2655 3457 ὁ
2683 3399 2915 3470 κόσμος,
2950 3401 3265 3469 ἀναγκαίως
3290 3402 3364 3456 ἂν
3394 3405 3478 3476 εἴη
3520 3407 3602 3458 καὶ
3629 3422 3767 3473 γεννηο

2236 3501 2343 3563 τός’
2379 3500 2500 3553 ὃθεν
2532 3502 2633 3554 οὐκ
2668 3494 2785 3552 ἀπῦ
2811 3492 3017 3546 σκοποῦ
3049 3495 3141 3547 καὶ
3195 3494 3290 3566 τὴν
3343 3498 3553 3565 γένεσιν
3593 3498 3768 3567 ἀνέγρετο

2234 3589 2335 3658 ψεν
2368 3589 2554 3654 αὑτοῦ,
2595 3589 2739 3661 μάλα
2777 3581 2998 3651 σεμνῶς
3054 3581 3441 3653 θεολογήσας.»
3505 3585 3664 3639 Ταῦτα
3697 3583 3767 3653 μὲν

2232 3675 2325 3733 οὖν
2354 3681 2598 3751 περὶτοῦ
2624 3679 2890 3753 γεννητὸν
2924 3670 3064 3726 εἶναι
3090 3673 3181 3727 τὸν
3215 3674 3443 3746 κόσμον.
3488 3676 3540 3728 ’0
3570 3676 3618 3728 δὲ
3648 3672 3764 3731 siti:

2233 3773 2372 3844 ἀνὴρ
2389 3772 2483 3826 καὶ
2503 3775 2627 3845 περὶ
2657 3773 2751 3827 τοῦ
2792 3766 3030 3845 προνοίᾳ
3053 3765 3374 3821 διοικεῖσθαι
3406 3769 3513 3838 (15)
3532 3769 3584 3822 τὸ
3609 3769 3707 3828 πᾶν,
3723 3768 3763 3818 ὲν

2232 3866 2307 3937 τῷ
2340 3865 2482 3933 Περὶ
2503 3868 2811 3935 προνοίας,
2857 3858 3239 3921 νεανικώτατα
3295 3860 3537 3925 διέξεισι,
3574 3860 3655 3923 τὰς
3687 3858 3762 3911 τῶν

2231 3959 2408 4013 ἀθέων
2437 3960 2738 4025 ἀντιθέσεις
2789 3960 3090 4033 προτάξας,
3139 3954 3235 4008 καὶ
3294 3955 3438 4026 πρὸς
3492 3954 3639 4016 αὑτὰς
3673 3951 3762 4020 ἑᾶς

2222 4052 2684 4124 ἀποκρινάμενος.
2720 4055 2830 4108 Καὶ
2883 4054 3095 4108 τούτων
3155 4047 3233 4115 δὲ,
3294 4048 3350 4099 εί
3395 4049 3488 4100 καὶ
3513 4045 3758 4117 μακρότερσ

2228 4144 2448 4210 δόξειεν,
2488 4146 2602 4200 ἀλλ’
2636 4147 2712 4209 ὼς
2751 4148 3039 4216 ἀναγκαῖα,
3099 4144 3174 4200 τὰ
3224 4142 3459 4198 πλεῖστα
3513 4135 3758 4208 συντεμὼν.

2228 4237 2551 4309 ἐκθήσομαι.
2580 4239 2997 4305 Κατασκευάζει
3057 4241 3115 4294 δὲ
3160 4236 3257 4292 τὸν
3303 4233 3471 4306 λόγον
3494 4230 3655 4285 τοῦτον
3694 4227 3758 4278 τὸν

2223 4327 2443 4398 τρόπον.

539 4427 677 4480 clari
707 4426 1005 4497 sentirique
1026 4436 1238 4498 potest,
1286 4426 1359 4481 ita
1404 4425 1716 4481 necessario
1775 4425 1860 4479 sui
1903 4438 2121 4493 quoque
2157 4432 2313 4478 ortus
2342 4423 2669 4493 principium
2729 4425 2939 4492 habuit,
2971 4425 3142 4495 ipsius
3172 4421 3343 4479 etiam
3373 4429 3547 4475 ortum
3608 4425 3755 4481 magri

537 4531 662 4569 cum
697 4518 941 4581 ratione,
1001 4531 1333 4587 summoque
1360 4514 1526 4586 digna
1577 4514 1845 4585 theologia
1894 4514 2155 4583 gravitate
2192 4514 2538 4583 conscripsit.
2576 4534 2595 4567 ι
2649 4516 2727 4570 Ac
2794 4516 2861 4570 de
2898 4517 3085 4571 mundi
3142 4525 3264 4571 ortu
3322 4515 3579 4569 hactenus
3623 4505 3755 4561 Phil!»

536 4610 641 4677 Qui
676 4628 869 4668 rursus
895 4613 948 4667 in
981 4627 1070 4677 co,
1129 4628 1293 4683 quem
1322 4610 1399 4664 De
1439 4608 1784 4664 Providentia
1849 4609 2039 4673 edidit,
2109 4608 2422 4663 universum
2458 4607 2812 4665 Providentia
2877 4612 2990 4681 regi
3017 4651 3032 4675 ,
3089 4611 3528 4666 luculentissima
3574 4615 3620 4659 et
3645 4615 3754 4656 acer.

536 4709 676 4762 rima
742 4708 1107 4778 disputatione
1134 4707 1434 4771 contendit,
1463 4721 1695 4775 quasque
1742 4705 1811 4759 ab
1845 4705 2028 4775 impiis
2058 4704 2416 4775 objiciuntur,
2487 4707 2559 4760 ita
2599 4706 2869 4775 proponit,
2902 4714 3068 4761 utea
3129 4704 3395 4777 deinceps
3438 4702 3607 4761 omnia
3658 4712 3752 4752 con-

536 4803 694 4860 futet.
743 4803 917 4870 Quam
957 4819 1059 4872 ego
1121 4803 1566 4872 disputationem,
1596 4809 1657 4855 ut
1704 4801 1916 4871 longior
1943 4815 2006 4853 ea
2069 4801 2305 4870 cuipiam
2372 4801 2542 4857 videri
2611 4801 2843 4856 fortasse
2864 4802 3077 4871 possit,
3121 4804 3248 4870 quia
3302 4812 3487 4855 tamen
3542 4798 3632 4850 hoc
3664 4791 3748 4843 loco

536 4898 900 4954 necessariam
927 4899 1200 4962 existimo,
1232 4908 1437 4967 partem
1484 4895 1779 4950 maximam
1805 4893 2116 4949 describere
2152 4895 2340 4958 statui,
2401 4895 2751 4965 paucioribus
2812 4895 3001 4949 verbis
3041 4894 3516 4964 comprehensam.
3573 4886 3649 4941 Sic
3683 4879 3747 4949 δέ’

534 4998 623 5049 tur
651 5005 810 5045 suum
845 5004 1152 5045 sermonem
1191 4990 1339 5043 illum
1376 4988 1628 5043 instituit.

1027 5081 1193 5153 336
1221 5077 1449 5135 CAPUT
1489 5076 1625 5133 xw.

673 5176 869 5234 Divina
902 5173 1247 5229 Providentia
1287 5170 1540 5224 mundum
1565 5170 1963 5224 administrari.

604 5352 626 5386 ‹
664 5334 820 5389 Tune
842 5331 1245 5387 Providentiam
1266 5372 1282 5399 ,
1334 5329 1527 5401 inquit,
1558 5336 1705 5384 tanta
1729 5343 1862 5383 cum
1897 5336 2110 5398 pertur-

600 5511 712 5579 (Η)
749 5512 861 5566 Τὸν
887 5514 1093 5581 φόϐον.
1127 5510 1282 5565 Philo
1303 5552 1317 5575 ,
1352 5510 1441 5565 τδν
1491 5510 1719 5581 ἔφορον,
1766 5508 2108 5578 inspectorem

526 5599 590 5636 ac
621 5585 960 5650 provisorem.
989 5586 1147 5652 longe
1180 5584 1395 5636 melius.

598 5648 709 5722 (Η)
738 5653 1031 5721 Αὶσθητῷ.
1058 5648 1214 5706 Ῑῖίιίιι)
1264 5653 1386 5705 add.
1412 5652 1647 5720 γένεσιν,
1672 5648 1892 5719 optimc,
1922 5662 2111 5717 quem-

526 5727 819 5793 admodum
851 5725 1027 5793 νοητῷ
1051 5723 1331 5793 ἀῖδιότητα
1367 5726 1649 5776 tribuerat.

596 5791 707 5862 (ιδ)
736 5788 1389 5866 Ιῖρονοῖᾷὸιοικεῖὸθαι.
1426 5793 1703 5855 Nondum,
1730 5788 1872 5858 quod
1905 5790 2098 5853 si'iam',

2754 5072 3149 5127 ΚΕΦΑᾹΑΙΟΝ
3170 5072 3265 5126 ῐΔ’.

2224 5167 2333 5223 Τοῦ
2364 5166 2551 5221 αὐτοῦ
2582 5166 2844 5235 περὶτοῦ
2861 5166 3111 5253 πρρνοίῃ
3143 5165 3289 5219 Θεοῦ
3318 5161 3642 5218 διοικεῖσθαι
3662 5154 3741 5208 τὸν

2875 5252 3124 5306 κοσμον.

2293 5344 2311 5380 ι
2342 5329 2600 5401 Πρόνοιαν
2632 5323 2768 5381 εἶναι
2800 5328 2978 5396 λέγεις
3030 5330 3089 5381 ἐν
3136 5328 3369 5399 τοσαύτῃ
3393 5327 3499 5379 τῶν
3528 5316 3732 5395 πραγμάο

2215 5510 2416 5579 prodiit
2444 5509 2497 5563 in
2534 5509 2707 5562 lucem
2737 5524 2873 5577 opus
2904 5509 3033 5562 illud
3066 5508 3308 5579 Philonis
3335 5506 3407 5559 De
3437 5502 3730 5579 providentis.

2221 5569 2381 5646 rujus
2416 5582 2501 5633 hic
2534 5569 2865 5633 luculentum
2903 5596 3032 5632 sane
3060 5578 3416 5643 fragmentum
3437 5569 3520 5630 'ab
3543 5569 3747 5649 Eusebi".

2221 5644 2544 5715 subjicitur,
2594 5660 2744 5703 lauto
2786 5650 2967 5702 carius
3003 5651 3265 5709 lutmrum.
3302 5655 3499 5716 quanto
3542 5644 3727 5709 longiUS.

2221 5722 2326 5772 nisi
2358 5720 2659 5774 minutiora
2691 5720 2883 5776 divina;-
2915 5721 3075 5791 hujus
3117 5717 3464 5772 Providentia’
3494 5728 3607 5773 cura
3630 5722 3722 5777 δρα

2212 5792 2389 5845 “aret.
