3838 6384
515 332 621 390 663

1155 332 1427 389 EUSEBII
1464 286 1945 392 CASSARIENSIS
1981 337 2131 391 OPP.
2174 336 2355 394 PARS
2388 336 2451 394 Il.
2489 366 2561 377 —
2595 330 3092 392 APOLOGETICA.
3623 338 3701 393 ιιι

512 448 674 523 391
706 449 1247 506 observantissimam
1296 462 1422 507 ucet
1450 468 1513 507 ac
1540 454 1921 509 suavissimam
1964 469 2093 509 con-

2199 455 2379 527 ἐπειδὴ
2416 454 2655 526 περιέχει
2694 452 3041 523 παμπληθεῖς
3083 452 3181 522 μὲν
3216 452 3486 525 χορηγίας,
3515 454 3707 512 ἀπόλαυ.

463 567 482 589 ~
510 544 696 617 jugem
719 554 1026 615 suspectam
1053 542 1222 599 fuisse
1252 544 1495 599 tradunt.
1532 544 1666 599 Nam
1698 546 1969 605 interioris
1998 563 2094 603 cu-

514 635 682 693 biculi
744 637 1110 702 vestibulum,
1160 652 1271 707 quo
1314 637 1417 707 ipsi
1464 639 1643 694 aditus
1672 640 1738 694 ad
1778 657 1897 697 sese
1932 640 2090 709 foret,

512 731 759 787 tabulato
793 730 961 786 sterni
1006 730 1193 799 jussit,
1239 746 1307 784 ne
1340 732 1557 799 quando
1589 731 1775 787 furtim
1809 735 2091 805 irreperet,

444 886 452 895 ,
513 824 609 879 sed
638 824 783 878 illius
816 822 1079 878 adventus
1102 822 1220 892 ipso
1249 822 1532 879 subeuntis
1552 826 1731 881 sonitu
1759 829 2096 900 strepituque

517 918 866 990 proderetur.
931 915 1064 971 Eam
1092 918 1308 983 deinde,
1340 934 1447 974 non
1479 919 1641 974 modo
1672 921 1789 976 sine
1819 922 2086 990 vestibus,

514 1013 613 1066 sed
658 1012 914 1067 omnibus
944 1012 1109 1067 etiam
1135 1054 1149 1077 ,
1184 1028 1321 1083 quas
1352 1028 1382 1068 a
1417 1014 1550 1069 viris
1586 1016 1755 1071 videri
1807 1016 1960 1074 nefas
2010 1029 2094 1075 cst

511 1104 763 1173 partibus
796 1105 996 1160 nudam
1027 1106 1228 1160 intrare
1269 1106 1461 1163 voluit.
1518 1106 1781 1165 Przctrrea
1810 1112 2096 1169 continens

514 1195 669 1261 illud,
699 1196 844 1265 quod
874 1197 973 1251 via:
1003 1196 1307 1265 objacebat,
1333 1200 1461 1269 regii
1486 1200 1687 1255 liminis
1714 1202 1888 1256 solum
1918 1203 1971 1257 in
2004 1220 2097 1258 ru-

515 1287 665 1343 sticae
696 1286 855 1342 fossa:
885 1288 1224 1345 latitudinem
1254 1291 1707 1362 altitudinemque
1732 1293 1983 1362 deprimi,
2027 1310 2097 1351 ne

514 1380 644 1451 quid
668 1380 956 1436 moliendis
976 1382 1113 1436 clam
1144 1382 1356 1438 insidiis
1384 1393 1755 1452 comparatum
1780 1386 1945 1441 latere
1974 1402 2098 1456 pos-

516 1484 619 1540 set,
672 1491 795 1530 cum
832 1484 925 1530 aut
970 1477 1222 1543 saltibus,
1272 1487 1366 1531 aut
1411 1478 1745 1549 longioribus
1793 1480 2093 1545 trajiciendi

516 1567 688 1621 mox-is
736 1565 896 1621 facile
948 1567 1307 1638 detegeretur.
1346 1568 1514 1635 Quot,
1566 1571 1815 1637 obsecro,
1854 1572 2099 1626 scatebat

516 1656 607 1711 ille
638 1658 896 1722 miseriis,
935 1660 1025 1729 qui
1050 1660 1313 1716 adversns
1339 1677 1597 1729 uxorem,
1629 1666 1713 1717 cui
1745 1679 1855 1732 prae
1888 1665 2097 1719 caeteris

516 1747 774 1803 omnibus
805 1748 963 1802 fidem
1012 1748 1209 1804 habere
1249 1750 1557 1816 debuisset,
1590 1762 1698 1807 tam
1738 1755 1906 1809 multa
1938 1770 2086 1809 corn-

516 1849 735 1909 pararet
767 1848 929 1909 atque
955 1840 1276 1895 moliretur?
1306 1840 1375 1897 lis
1411 1844 1597 1913 utique
1631 1844 1923 1913 persimilis
1957 1854 2094 1911 erat,

516 1934 610 2002 qui
642 1940 865 1988 naturas
910 1934 1065 1998 illas,
1097 1948 1218 2003 quae
1260 1934 1314 1989 in
1367 1935 1507 1991 coelo
1552 1947 1869 2003 versantur,
1899 1938 2100 1993 clarius

514 2042 679 2082 nosse
702 2028 1005 2098 cupientes,
1034 2044 1129 2098 per
1150 2029 1440 2097 abruptum
1474 2031 1913 2101 prmcipitemque
1941 2047 2100 2087 mon-

516 2131 622 2174 lem
651 2120 904 2191 ingressi,
930 2123 1019 2176 ubi
1046 2122 1133 2175 vix
1158 2125 1375 2177 demum
1407 2124 1473 2177 ad
1498 2124 1894 2193 prominentem
1925 2142 2100 2196 usque

516 2214 781 2270 cervicem
832 2224 1154 2279 evaserunt,
1193 2232 1293 2271 nec
1339 2218 1476 2271 ultra
1529 2219 1810 2287 progredi,
1842 2236 1942 2285 ea,
1977 2236 2100 2290 qua!

515 2314 798 2372 superest,
842 2304 960 2375 jugi
992 2305 1277 2360 altitudine
1311 2304 1470 2361 fracti
1506 2306 1913 2378 debilitatique,
1966 2325 2097 2378 pos-

514 2403 666 2461 sunt,
697 2410 797 2449 nec
825 2396 1155 2451 descendere
1180 2397 1416 2461 audent,
1448 2397 1575 2452 dum
1621 2399 1685 2453 ad
1717 2408 1879 2455 tanta:
1911 2402 2096 2471 subje-

514 2499 725 2541 ctarum
758 2488 963 2543 labium
999 2490 1359 2559 hiatuumque
1403 2490 1675 2546 vastitatis
1704 2503 1983 2562 aspectum
2016 2501 2099 2549 at-

514 2581 674 2635 toniti
721 2581 1133 2650 obstupescunt.
1193 2580 1328 2635 Nam
1374 2582 1466 2653 qui
1514 2584 1680 2637 semel
1732 2587 2093 2655 tyrannidem,

512 2672 739 2740 perinde
768 2687 834 2728 ac
853 2674 1097 2728 divinum
1134 2673 1358 2743 aliquid,
1387 2683 1548 2744 atque
1581 2674 1727 2729 omni
1751 2676 2098 2731 contentione

512 2764 738 2834 dignum
771 2760 1117 2830 affectasset,
1151 2780 1248 2819 nec
1276 2766 1329 2819 in
1360 2780 1422 2819 ea
1454 2781 1513 2819 se
1540 2772 1663 2819 tuto
1705 2765 1911 2820 lucrere
1935 2806 1948 2825 .
1996 2781 2096 2821 nec

513 2870 574 2909 se
602 2854 676 2909 illi
703 2854 1009 2909 subducere
1040 2870 1231 2909 secure
1257 2870 1417 2923 posse
1441 2854 1716 2909 statuebat
1763 2874 1776 2909 :
1818 2856 2019 2926 quippe
2048 2857 2093 2911 si

514 2948 766 3009 haereret,
800 2946 1076 3003 confertas
1103 2955 1157 3000 et
1180 2946 1590 3016 inexplicabiles
1618 2948 1671 3001 in
1705 2963 1825 3003 sese
1851 2949 2095 3018 quotidie

513 3039 851 3093 calamitates
873 3038 1181 3105 confluere;
1212 3040 1295 3094 sin
1326 3038 1587 3109 aufugere
1617 3051 1934 3105 conaretur,
1972 3057 2092 3096 cer-

2198 564 2281 599 σιν
2327 546 2374 599 δ’
2399 546 2611 610 οὐδενὸς
2653 545 2913 617 χρηστοῦ·
2951 544 3149 614 φόϐους
3196 544 3239 597 δ’
3273 546 3602 619 ἐπαλλήλους,
3637 557 3708 604 καὶ

2197 637 2471 700 κινδύνους
2490 638 2842 707 ἀνηκέστους,
2869 638 2963 690 καὶ
2994 637 3147 692 νόσον
3174 638 3508 709 ἑρπηνὼδους
3530 642 3621 711 (51)
3639 646 3710 699 καὶ

2198 726 2492 798 φθινώδους
2519 729 2925 799 χαλεπωτέραν,
2970 730 3338 801 ἀθεράπευτον
3373 733 3457 785 ἀεὶ
3489 734 3709 805 φέρουσαν

2196 819 2434 891 ὄλεθρον.
2484 823 2546 874 Ol
2588 821 2645 874 δὲ
2689 821 2872 876 πολλοὶ
2920 822 3029 875 τῶν
3068 823 3450 887 ἀνεξετάστων,
3502 826 3595 879 ὑπὸ
3634 828 3711 899 τῆς

2197 908 2451 983 λαμπρᾶς
2481 912 2841 983 φανερότητος
2862 908 3231 984 ἀπατώμενοι,
3256 916 3443 968 ταύτὸν
3465 917 3709 972 πεπόνθασι

2197 1006 2309 1067 τοῖς
2340 1004 2853 1075 ἀγκιστρευομένοις
2887 1006 2992 1060 ὑπὸ
3018 1006 3128 1059 τῶν
3156 1007 3408 1076 είδεχθῶν
3440 1010 3709 1079 ἑταιριδίων,

2197 1093 2233 1148 ἃ
2258 1096 2354 1166 τὴν
2386 1097 2725 1168 δυσμορφίαν
2770 1097 2959 1169 ἐσθῆτι
3005 1099 3099 1151 καὶ
3131 1099 3339 1171 χρυσῷ,
3380 1101 3471 1153 καὶ
3503 1105 3607 1165 ταῖς
3638 1102 3713 1167 ei;

2196 1186 2372 1257 ὅψεως
2424 1190 2767 1260 ὑποαίραφαίς
2822 1189 3226 1256 ἐπισκιάζοντα,
3277 1192 3494 1262 γνησίου
3534 1192 3713 1257 κάλλους

2197 1276 2422 1349 ἀπορίᾳ,
2459 1278 2610 1331 νόθον
2640 1281 2725 1332 ἐπ’
2756 1279 2948 1352 ἐνέδρᾳ
2975 1280 3085 1333 τῶν
3115 1279 3401 1351 θεωμένων
3427 1282 3712 1353 δημιουργεῖ.

2196 1368 2462 1439 Τοιαύτης
2484 1369 2713 1439 γέμουσι
2741 1370 3158 1442 βαρυδαιμονίας
3189 1372 3239 1423 οἱ
3261 1371 3381 1425 λίαν
3412 1372 3645 1442 εὐτυχεῖς.
3666 1370 3717 1444 ἧς

2195 1458 2296 1522 τὰς
2330 1459 2429 1513 ὐπε
2441 1460 2635 1531 ρϐολάς
2661 1462 2813 1514 αὐτοὶ
2838 1462 3160 1526 δικάσαντες
3182 1463 3292 1531 (52)
3320 1464 3447 1535 παρ’
3471 1468 3655 1528 ἑαυτοῖς
3671 1468 3716 1519 οὐ

2201 1548 2498 1619 στέγουσιν.
2562 1552 2698 1605 Ἀλλ’
2729 1551 2919 1625 ὥσπερ
2957 1556 3006 1608 οἱ
3047 1553 3115 1607 τά
3153 1555 3367 1626 ἄρρητα
3410 1557 3498 1610 ὑπ’
3524 1557 3719 1626 ἀνάγκης

2198 1644 2569 1710 ἑκλαλοῦντες,
2618 1648 2811 1714 ἀφιᾶσι
2858 1646 2957 1711 τὰς
3002 1650 3068 1701 ἑκ
3116 1648 3324 1714 πάθους
3376 1650 3720 1719 ἀψευδεστάτιις

2199 1742 2401 1809 φωνὰς,
2449 1742 2541 1796 ἐπὶ
2589 1744 2844 1817 συνουσία
2894 1747 3173 1818 τιμωριῶν
3214 1748 3310 1801 καὶ
3352 1750 3619 1820 παρουσῶν
3652 1752 3722 1804 καὶ

2202 1836 2666 1908 προσδοκωμένων
2687 1837 2905 1902 ζῶντες,
2936 1838 3187 1911 καθάπερ
3214 1840 3327 1893 τῶν
3360 1842 3723 1913 θρεμμάτωντά

2202 1927 2338 1998 πρὸς
2388 1928 2695 2000 ἱερουργίαν
2750 1930 3090 2001 πιαινόμενα.
3144 1934 3254 1989 Καὶ
3304 1935 3415 2007 γάρ
3457 1935 3611 1988 ταῦτα
3649 1936 3723 2006 τῆς

2202 2020 2460 2091 πλείστης
2488 2021 2802 2093 ἐπιμελείας
2830 2024 2922 2076 ἐπὶ
2950 2023 3027 2093 τῷ
3074 2025 3351 2095 σφαγῆναι
3390 2028 3623 2096 τυγχάνει
3657 2027 3723 2081 διὰ

2198 2112 2513 2183 πολύκρεων
2546 2113 2797 2184 εὐωχίαν.
2853 2117 2973 2169 Εἰσὶ
3015 2116 3060 2169 δ’
3098 2117 3147 2170 οἳ
3181 2120 3273 2172 καὶ
3311 2120 3440 2191 περὶ
3480 2120 3725 2191 χρημάτων

2200 2203 2409 2256 ἀσεϐῶν
2434 2204 2533 2256 οὐκ
2561 2204 2806 2274 ἀδήλους,
2838 2206 2973 2260 ἀλλὰ
3004 2207 3244 2279 φανεράς
3277 2209 3467 2263 ἔδοσαν
3496 2210 3648 2274 δίκας,
3668 2203 3724 2263 ὧν

2199 2296 2265 2349 τὰ
2292 2295 2467 2368 πλήθη
2499 2297 2891 2367 καταλέγεσθαι
2927 2301 3175 2372 περιττὸς
3204 2302 3387 2367 πόνος·
3410 2304 3605 2375 ἀπόχρη
3627 2303 3663 2356 δ’
3682 2303 3725 2356 ἓν

2199 2388 2358 2459 ἔργον
2405 2390 2752 2461 παράδειγμα
2788 2392 3004 2445 πάντων
3046 2394 3288 2450 ἑστάναι.
3325 2395 3547 2463 Λέγεται
3588 2396 3725 2449 τοίνυν

2200 2480 2303 2532 ὑπὸ
2360 2479 2467 2533 τῶν
2519 2482 2975 2550 ἀναγεγραφότων
3036 2484 3128 2538 τὸν
3194 2485 3341 2557 ἱερὸν
3401 2486 3614 2557 πόλεμον
3659 2484 3725 2539 τδν

2199 2574 2255 2624 ἑν
2291 2572 2510 2636 Φωκίδι,
2555 2574 2717 2644 νόμου
2746 2576 3021 2647 κειμένου,
3061 2576 3152 2630 τὸν
3188 2577 3465 2649 ἱερόσυλον
3492 2596 3724 2649 κατακρη-

2200 2663 2501 2732 μνίζεσθαι,
2559 2665 2591 2736 ἢ
2641 2667 3131 2733 καταποντοῦσθαι,
3180 2669 3213 2741 ἢ
3257 2671 3724 2741 καταπίμπρασθαι·

2194 2759 2342 2824 τρεῖς
2376 2757 2709 2829 συλήσαντας
2732 2757 2791 2810 τὸ
2818 2758 3115 2830 ἑν“Δελφοῖς
3143 2760 3313 2833 ἱερὸν,
3337 2762 3636 2833 Φιλόμηλον,
3657 2763 3728 2816 καὶ

2210 2850 2559 2921 Ὀνόμαρχον,
2582 2853 2674 2905 καὶ
2692 2852 2950 2917 Φάῡλλον,
2972 2854 3353 2924 διανείμασθαι
3374 2855 3470 2919 τὰς
3486 2856 3727 2926 τιμωρίας⁹

2194 2940 2287 2993 τόν
2330 2943 2429 3013 μὲν
2463 2942 2574 3015 γὰρ
2616 2941 2704 2996 διὰ
2739 2943 2903 3011 λόφου
2959 2946 3203 3017 τραχέως
3247 2946 3347 2999 καὶ
3393 2946 3627 3011 λιεώδους
3654 2948 3727 3018 d1-

2195 3034 2389 3105 γείσης
2430 3034 2636 3106 πέτρας
2676 3036 3241 3108 κατακρημνησθῆναί
3278 3055 3344 3091 τε
3383 3040 3476 3092 καὶ
3519 3038 3719 3093 καταλεν

513 3129 784 3184 tissimum
835 3128 958 3184 vitae
1008 3128 1111 3184 sibi
1160 3130 1462 3199 periculum
1511 3130 1813 3193 imminere,
1851 3148 1974 3186 cum
2016 3140 2093 3185 tot

2199 3125 2418 3195 σθῆναιο
2445 3127 2537 3179 τὸν
2565 3126 2642 3191 δὲ,
2673 3127 3072 3199 ἀφηνιάσαντος
3106 3128 3200 3183 τοῦ
3236 3131 3551 3200 κομίζοντος
3580 3130 3727 3187 ἵππου.

512 3239 673 3278 suum
702 3222 756 3277 in
782 3231 966 3293 caput,
998 3221 1042 3276 si
1071 3221 1254 3275 minus
1277 3221 1621 3291 corporibus,
1642 3230 1697 3276 at
1717 3222 1915 3277 animis
1944 3223 2103 3279 certe'

510 3314 728 3385 quidem
763 3323 1006 3370 armatos
1026 3328 1148 3369 esse
1174 3313 1511 3382 intelligeret.
1553 3313 1730 3383 Atque
1759 3313 1811 3367 id
1845 3330 1912 3368 ex
1941 3315 2089 3384 ipso-

512 3416 622 3463 nct
646 3407 884 3478 Dionysii
907 3406 1048 3461 facto
1070 3407 1206 3461 satis
1226 3420 1497 3475 superque
1524 3414 1881 3475 constat,qno
1911 3407 2089 3476 ipsum

510 3501 577 3555 ad
607 3516 731 3556 eum
759 3499 1137 3562 refellendum,
1184 3499 1275 3569 qui
1308 3498 1516 3553 felicem
1547 3508 1897 3569 tyrannorum
1923 3500 2087 3555 vitam

509 3606 635 3647 esse
661 3590 964 3658 dictitabat,
994 3605 1151 3644 usum
1177 3605 1299 3646 esse
1328 3589 1531 3645 ferunt.
1554 3589 1838 3645 llominem
1869 3607 1993 3646 cum
2022 3592 2090 3647 ad

512 3682 722 3737 lautum
770 3682 925 3737 valde
967 3681 1362 3753 opiparumque
1416 3682 1725 3737 convivium
1784 3683 2088 3750 invitasset,

512 3778 828 3841 peracutum
868 3773 1127 3838 securim,
1180 3789 1303 3844 quae
1347 3773 1578 3829 summis
1627 3774 1747 3842 ejus
1788 3775 2091 3832 cervicibus

513 3861 852 3929 immineret,
906 3862 1231 3918 tenuissimo
1286 3861 1533 3918 funiculo
1592 3866 1852 3934 suspendi
1904 3866 2088 3936 jussit.

512 3953 687 4021 Quam
716 3953 826 4020 ille,
857 3953 948 4009 ubi
980 3954 1345 4023 accubuisset,
1365 3963 1584 4025 repente
1614 3956 1938 4024 suspiciens,
1964 3973 2087 4012 cum

511 4060 615 4100 nec
636 4060 863 4117 surgere
890 4058 1155 4115 praesente
1184 4055 1417 4118 tyranno
1456 4050 1700 4112 auderet,
1734 4062 1835 4103 nec
1867 4049 1973 4102 cibi
2010 4049 2090 4103 ul~

511 4136 621 4194 lius
647 4137 967 4194 suavitatem
994 4136 1284 4209 degustare
1325 4153 1435 4207 prie
1465 4139 1636 4194 nimio
1664 4139 1861 4193 timore
1885 4149 2090 4209 posset,

507 4228 621 4285 vim
655 4238 863 4286 tantam
893 4231 1448 4302 exquisitissimarum
1483 4232 1801 4287 deliciarum
1831 4248 2090 4301 asperna-

510 4330 623 4390 tus,
650 4322 845 4393 supina
873 4323 1087 4379 cervice
1120 4323 1437 4392 intentoque
1461 4323 1635 4388 vultu,
1667 4326 1956 4380 momentis
1977 4325 2093 4380 sin-

512 4413 656 4483 gulis
698 4413 975 4470 interitum
1023 4413 1372 4484 exspectabat
1417 4431 1601 4471 suum.
1669 4414 1768 4471 Hic
1800 4415 2091 4489 Dionysius

511 4522 735 4563 sensum
767 4508 1009 4563 hominis
1032 4508 1385 4579 animumque
1410 4510 1717 4578 pervidens,
1765 4508 1958 4565 .lamne
1989 4526 2088 4566 no-
2120 4516 2162 4568 ι)

513 4600 607 4665 sti,
642 4600 858 4671 inquit,
902 4602 1025 4656 vitae
1053 4602 1217 4671 hujus
1246 4611 1449 4659 nostra:
1491 4612 1600 4657 tam
1632 4604 1924 4674 splendidae
1952 4614 2090 4659 tam-

511 4709 623 4767 que
654 4697 903 4766 expetita:
930 4697 1338 4753 conditionem?
1370 4696 1517 4754 Talis
1552 4698 1697 4755 enim
1732 4698 1974 4769 profecto
2002 4700 2090 4755 illa

511 4796 634 4854 est,
678 4787 786 4843 nisi
834 4787 879 4843 si
924 4788 1050 4859 quis
1099 4786 1283 4844 fucum
1319 4790 1436 4860 ipse
1481 4790 1585 4845 sibi
1615 4789 1791 4845 facere
1838 4791 2088 4847 voluerit.

512 4880 771 4935 Abundat
816 4881 1012 4950 opibus
1047 4880 1135 4935 illa
1171 4882 1411 4951 quidrm,
1460 4883 1605 4937 bono
1652 4892 1831 4938 tamen
1879 4884 2095 4953 penitus

562 4992 697 5081 ΑΜ)
743 4993 1173 5063 Ὲρπηνώδους.
1224 4995 1619 5068 Corrigendum
1676 4994 1890 5052 videtur
1932 4997 2091 5069 ἑρπι-

508 5078 732 5120 νωοους.

752 5133 1138 5204 Δικάσαντες.
1170 5135 1314 5191 ldem
1349 5137 1561 5192 videtur
1591 5152 1744 5202 esse,
1777 5137 1920 5208 quod
1950 5138 2094 5192 οίκο-

511 5209 871 5276 νομήσαντες.
920 5208 1045 5262 Suze
1094 5211 1239 5263 enim
1292 5208 1527 5262 fortunae
1578 5209 1815 5265 artifices
1867 5216 1916 5263 et
1952 5209 2090 5262 fabri

511 5279 733 5349 quidam
766 5280 939 5349 fuere.
969 5278 1085 5333 Huc
1114 5279 1347 5349 pertinet
1376 5277 1640 5334 Eustatltii
1685 5289 1841 5343 nota,
1879 5280 1933 5333 in
1964 5280 2092 5334 illud

514 5346 735 5403 llomer.
781 5348 976 5404 Ἰλιάδ.
1010 5350 1086 5413 Μ,
1114 5346 1221 5404 “υ1)ἰ
1272 5347 1416 5403 Juno
1451 5364 1611 5405 suum
1629 5350 1695 5404 in
1721 5349 1904 5404 Jovem
1929 5351 2092 5420 paulo

512 5421 859 5484 commotior,
892 5423 1036 5490 quod
1078 5437 1138 5476 se
1180 5421 1236 5474 in
1267 5436 1447 5476 rerum
1482 5428 1536 5474 et
1561 5421 1915 5475 consiliorum
1963 5436 2095 5476 suo-

512 5504 632 5543 rum
659 5502 866 5560 partem
903 5507 969 5545 ac
1000 5492 1315 5547 societatem
1346 5506 1452 5545 non
1487 5501 1733 5545 vocaret:

596 5560 715 5615 ’Asf
753 5578 810 5617 τι
848 5563 1034 5631 φίλων
1072 5562 1281 5624 ἐστίν,
1315 5561 1525 5632 inquit,
1550 5561 1695 5631 ἐμεῦ
1725 5560 2095 5703 ἀδῖιέόζόῑίςριν

1888 5649 2017 5697 rea,

584 5702 929 5772 vaxtddta
956 5702 1286 5772 φρονέοντα
1308 5701 1635 5765 δικαζέμεν.

514 5772 767 5844 Δικάζειν
798 5773 965 5841 λέγει,
1002 5778 1075 5828 ait
1115 5774 1386 5835 Eustatlt.,
1414 5773 1727 5844 tb‘ttettvib;
1760 5774 1851 5825 xui
1891 5772 2093 5841 βασιλιο

518 5842 625 5910 ιὼς
660 5847 985 5912 οίκονομεῐν,
1014 5844 1106 5897 καὶ
1142 5844 1459 5897 ἐπικρίνειν.
1487 5842 1633 5900 νιειίιί
1678 5847 1839 5899 etiam
1872 5860 1977 5898 non
2011 5845 2092 5900 in-

2196 3220 2290 3273 καὶ
2308 3220 2467 3292 μέχρι
2484 3218 2759 3291 θαλάσσης
2779 3221 3138 3287 καταϐάντος,
3166 3222 3553 3296 ἐπιδραμόντος
3570 3225 3647 3278 τοῦ
3666 3242 3715 3275 πε

2195 3314 2411 3382 λάγους,
2433 3315 2513 3376 είς
2530 3314 2701 3385 ἀχανῆ
2726 3314 2882 3384 βυθὸν
2898 3315 3046 3385 αὐτῷ
3066 3314 3189 3387 ζὼῳ
3211 3318 3525 3372 καταδῦναι·
3540 3318 3731 3372 Φάῦλλον

2196 3405 2253 3457 δὲ
2278 3403 2529 3473 φθινώδει
2549 3406 2689 3476 νόσῳ
2716 3406 2909 3474 (διττὸς
2925 3406 3037 3479 γὰρ
3062 3408 3091 3459 ὁ
3120 3410 3250 3479 περὶ
3266 3409 3437 3462 αὐτοῦ
3468 3410 3623 3478 λόγος)
3639 3428 3729 3463 συν-

2196 3498 2445 3568 τακῆναι,
2468 3498 2501 3568 ἢ
2526 3500 2583 3551 ἑν
2598 3498 2675 3570 τῷ
2695 3499 2751 3551 ἐν
2778 3498 2970 3563 ’Ἄϐαις
2996 3498 3125 3571 ἱερῷ
3150 3502 3619 3572 συνεμπρησθέντα
3635 3503 3730 3555 ἀτο-

2197 3588 2400 3643 λέσθαι.
2459 3588 2644 3644 Ταῦτα
2686 3589 2794 3663 γὰρ
2842 3591 3266 3659 φιλονεικότατον
3301 3593 3482 3663 λέγειν
3512 3594 3728 3664 ἀποϐῆναι

2200 3680 2340 3734 κατά
2353 3679 2543 3751 τύχην.
2562 3681 2625 3734 Εἰ
2646 3680 2743 3751 μὲν
2759 3680 2867 3751 γάρ
2887 3698 3051 3745 τινες,
3070 3682 3101 3753 ἦ
3127 3684 3184 3735 ἑν
3204 3683 3520 3755 διαφέρουσι
3543 3686 3727 3756 καιροῖς.

2198 3774 2230 3844 ἧ
2252 3772 2465 3845 ἑτέραις
2479 3772 2847 3842 ἐκολάσθησαν
2862 3774 3169 3845 τιμωρίαις,
3193 3775 3345 3841 είκδς
3370 3774 3437 3849 ἦν
3464 3778 3521 3830 τὸ
3546 3778 3729 3831 ἄστατον

2196 3866 2298 3935 τῆς
2311 3866 2479 3937 τύχης
2495 3864 2947 3937 προφασίζεσθαι·
2966 3867 3184 3921 πάντων
3199 3868 3244 3921 δ’
3254 3869 3649 3939 ἀθρόως,κα“ιύφ
3658 3869 3729 3921 ἑνα

2199 3960 2506 4030 καιρὸν,καὶ
2524 3960 2597 4031 μὴ
2615 3959 2828 4031 ἑτέραις
2843 3960 3155 4031 τιμωρίαις,
3176 3960 3315 4014 ἀλλὰ
3330 3966 3449 4025 ταῖς
3464 3979 3523 4015 πε
3532 3958 3730 4033 ριεχομέ-

2199 4069 2314 4113 ναις
2335 4054 2392 4105 ὲν
2416 4054 2527 4115 τοῖς
2538 4052 2723 4122 νόμοις
2744 4051 3133 4114 κολασθέντων,
3166 4051 3389 4121 εὔλογον
3419 4054 3645 4123 φάσκειν.
3666 4050 3727 4103 ὅτι

2198 4142 2334 4196 Θεοῦ
2345 4143 2660 4207 δικάσαντος
2672 4143 2986 4215 ἑλάσαν(5’5)
2996 4145 3077 4199 ,Εἰ
3091 4144 3147 4197 δέ
3165 4162 3311 4210 τινες
3319 4146 3429 4200 τῶν
3444 4142 3729 4212 ὑπολειφθέν-

2197 4252 2305 4289 των
2327 4234 2534 4305 βιαίων,
2555 4235 2775 4299 καὶτοῖς
2804 4234 3062 4307 πλήθεσιν
3088 4238 3528 4301 ἐπαναστάντων,
3549 4236 3630 4289 καὶ
3645 4234 3729 4287 δου-

2197 4327 2273 4379 λω
2280 4344 2345 4381 σα
2351 4326 2526 4398 μένων
2538 4328 2599 4380 οὐ
2619 4327 2776 4397 μόνον
2790 4327 2852 4399 δή
2862 4344 2996 4397 μους
3006 4328 3092 4380 ἑτέ
3101 4345 3244 4399 ρους,
3259 4329 3397 4383 ἀλλά
3412 4332 3502 4383 καὶ
3514 4325 3727 4397 πατρίδας

2199 4419 2296 4483 τὲς
2318 4418 2547 4483 ἑαυτῶν,
2574 4418 2909 4492 ἀτιμώρητον.
2925 4420 3253 4486 διετέλεσαν,
3269 4422 3575 4494 θαυμαστὸν
3592 4417 3723 4473 οὐδέν.

2193 4510 2415 4580 Πρῶτον
2433 4510 2530 4582 μὲν
2544 4510 2653 4583 γάρ
2668 4512 2766 4581 οὐχ
2783 4512 2983 4581 ὁμοίως
2998 4511 3093 4565 ἄνθ
3102 4530 3281 4583 ρωπος
3296 4514 3504 4579 δικάζει
3518 4507 3723 4571 καὶθεός

2194 4599 2327 4653 διότι
2357 4599 2425 4653 τὰ
2460 4600 2557 4671 μὲν
2585 4600 2797 4672 φανερά
2824 4602 2984 4673 ἡμεῖς
3013 4602 3347 4674 ἑρευνῶμεν,
3377 4606 3405 4657 ό
3426 4603 3500 4665 δὲ,
3523 4604 3632 4673 ἄχρι
3653 4617 3727 4669 μυ·

2194 4691 2305 4763 χῶν
2348 4692 2527 4763 ψυχῆς
2569 4693 2913 4765 είσδυόμενος
2941 4693 3205 4765 ἀψοφητὶ,
3238 4694 3491 4767 καθάπερ
3527 4696 3579 4747 ἑν
3604 4689 3723 4761 ἡλίῳ.

2192 4785 2453 4859 λαμπρὰν
2489 4786 2726 4841 διάνοιαν
2753 4785 3002 4855 αὐγάζει,
3043 4786 3417 4858 ἀπαμπίσχων
3456 4788 3548 4859 μὲν
3572 4784 3631 4838 τά
3654 4798 3725 4834 πει

2195 4878 2401 4949 ρίαπτα
2434 4878 2566 4950 (54),
2592 4874 2673 4944 οἷς
2702 4880 3123 4949 ἑγκεκάλυπται,
3158 4880 3341 4951 γυμνὰ
3373 4881 3431 4935 δὲ
3467 4875 3723 4951 περιαθρῶν

2192 4992 2483 5047 commode
2522 4994 2732 5062 possit,
2766 5010 2918 5047 sensu
2955 4993 3265 5063 judicioque
3290 5011 3387 5048 suo
3418 4994 3721 5048 wslimantnt.

2194 5065 2427 5137 vcltsuo
2460 5064 2564 5137 ipsi
2592 5081 2835 5137 sensuque
2859 5065 3067 5133 judicio
3098 5066 3522 5137 comprobarunt.
3553 5136 3560 5137 ί
3695 5126 3704 5137 ο

2267 5134 2381 5205 (55)
2416 5133 2703 5191 Ἐλάσαν.
2744 5132 2895 5190 ΙηΙαυιΙ
2928 5136 3156 5190 dubium
3197 5136 3327 5205 quin
3382 5136 3643 5206 legendum
3671 5132 3724 5181 sit

2194 5205 2439 5260 ἑάλωσαν
2495 5207 2650 5260 Ευιτ.

2267 5276 2379 5348 (54)
2424 5277 2856 5346 Ἀπαμπέσχων
2882 5276 3000 5346 μὲν
3038 5277 3111 5332 τὰ
3145 5277 3440 5346 περίαπτα
3462 5315 3476 5339 ,
3517 5284 3612 5348 etc.
3638 5267 3723 5321 Hoc

2194 5344 2374 5417 ipsum
2429 5356 2514 5402 est
2561 5344 2706 5413 quod
2760 5344 2961 5401 Paulus
3009 5350 3074 5404 ad
3120 5344 3281 5402 Hebr.
3334 5363 3457 5415 cap.
3512 5361 3557 5399 tv
3602 5344 3723 5417 Ιοίξὲῐε

2194 5409 2437 5472 divinius
2457 5436 2488 5489 Δι
2519 5409 2636 5471 Ζῶν
2668 5418 2774 5489 γὰρ
2803 5421 2829 5471 ὁ
2878 5419 3034 5486 λόγος
3068 5418 3162 5472 τοῦ
3197 5409 3486 5489 Θεοῦνκαὶ
3518 5409 3718 5489 ἐνεργὴς)

2194 5489 2289 5543 καὶ
2330 5485 2636 5566 τομώτερος
2679 5477 2820 5559 bri-sp
2839 5477 3030 5566 πᾶσαν
3050 5477 3346 5566 μάχαιραν
3361 5477 3613 5566 δίστομόνξ
3651 5477 3721 5566 κῖί

2192 5558 2564 5632 διικῬύμ-ενοξ
2590 5560 2717 5632 ἄχρι
2736 5558 3005 5632 μέρισμοῦ
3034 5558 3211 5631 ψυχῆς
3234 5558 3413 5632 τεκαὶ
3441 5558 3718 5632 πνεύματος.

2193 5627 2511 5701 ἀρμῶντε
2539 5627 2917 5701 καῖ”μ·.ἑελῶν,
2969 5627 3063 5683 καὶ
3113 5627 3353 5701 κριτικὸς
3399 5627 3717 5701 ἑνθυμὴσεαξν.

2194 5688 2289 5773 καί
2338 5700 2555 5773 ἐννοιῶν
2584 5688 2852 5773 ῌκαρδίας.
2892 5688 3001 5755 Καὶ
3054 5688 3165 5773 οὔκ⁸
3197 5701 3308 5753 ἐστι
3335 5688 3719 5773 κτίσις’.α’φα“ζὴς

2194 5770 2422 5827 ἐνώπιον
2444 5770 2630 5843 αὑτοῦ·
2668 5758 2845 5828 πάντα
2868 5773 2927 5826 δὲ
2955 5771 3156 5843 γυμνά,
3186 5773 3278 5825 καὶ
3305 5758 3719 5841 τετραχηλιτρινα

2196 5846 2304 5906 τοῖς
2330 5841 2624 5904 ὀφθαλμοῖς
2656 5843 2838 5898 αὑτοῦ.
