3838 6384
153 340 232 401 673
1176 327 1492 390 ΡΒᾹΞΡΑΗ.
1544 335 1610 389 Ei

1716 336 1794 395 iG.
1837 335 1964 394 LIB.
2013 336 2144 392 Vili.

3213 347 3321 406 678

150 455 291 530 ταύτῃ,
315 452 416 509 καθ’
435 453 488 508 ὃν
509 454 691 526 χρόνον
722 454 802 520 είς
833 453 895 508 τὸ
927 454 1177 528 πατρῷον
1209 457 1350 529 ἱερὸν
1383 457 1610 512 ὲστελλό

1731 476 1901 517 muni.
1957 459 2427 527 Quemadmodum
2475 460 2646 531 igitur
2687 462 2767 518 sol
2830 472 2995 534 atque
3045 463 3198 533 luna,
3235 468 3316 522 sic

152 568 244 623 μην,
266 547 501 617 εὐξόμενός
524 564 577 599 τε
607 547 700 600 καὶ
720 546 923 609 θύσων.
951 549 1230 620 ἀμήχανόν
1251 569 1303 604 τι
1333 551 1628 606 πελειάδων

147 639 298 708 πλῆθος
333 638 408 689 ἐπὶ
450 635 546 688 τῶν
597 637 819 708 τριόδων
865 639 959 691 καὶ
1007 641 1126 692 κατ’
1161 641 1338 695 οἰκίαν
1390 643 1627 714 ἑκάστην

146 730 396 799 ἐθεασάμην.
437 728 818 800 Πυνθανομένῳ
847 729 903 782 δέ
939 748 1029 802 μοι
1071 732 1170 803 τὴν
1214 733 1390 787 αἰτίαν
1421 735 1627 804 ἔφασαν

143 823 188 878 οὐ
211 820 378 892 θεμιτὸν
401 816 525 874 εἶναι
562 823 985 893 συλλαμϐάνειν
1041 826 1371 898 ἀπειρῆσθαι
1406 829 1514 902 γὰρ
1565 832 1626 884 ἐκ

144 913 311 969 παλαιοῦ
332 918 427 977 τοῖς
447 917 714 987 οἰκήτορσι
746 917 845 988 τὴν
870 918 1081 990 χρῆσιν.
1117 919 1306 985 Uir-rw;
1339 922 1625 996 ήμέρωται

143 1007 186 1062 τὸ
209 1007 310 1072 ζῶον
335 1009 412 1060 ὑπ’
439 1008 632 1073 ἀδείας,
663 1009 791 1088 ὥστ’
827 1013 888 1064 οὐ
925 1013 1085 1084 μόνον
1126 1014 1456 1087 ὑπωρόφιον,
1492 1017 1626 1071 ἀλλὰ

141 1097 207 1152 καὶ
229 1096 542 1167 ὁμοτράπεζον
583 1099 668 1151 ἀεὶ
693 1099 955 1166 γίνεσθαι,
991 1103 1086 1155 καὶ
1125 1106 1246 1168 ταῖς
1301 1105 1624 1176 ἐκεχειρίαις

140 1194 355 1263 ἑντρυφᾷν.
394 1193 472 1246 Ἐν
503 1193 758 1265 Αἰγύπτῳ
787 1194 843 1248 δὲ
884 1198 978 1251 καὶ
1019 1196 1465 1268 θαυμασιώτερον
1497 1199 1624 1253 ἰδεῖν

141 1287 335 1340 iam.“
357 1287 453 1359 γὰρ
486 1288 918 1360 ἀνθρωποϐόρον,
959 1292 1054 1345 καὶ
1095 1292 1299 1363 Θηρίων
1344 1293 1624 1364 ἀργαλεώ-

136 1396 246 1434 τατον
261 1380 576 1452 κροκόδειλος,
602 1380 938 1453 γεννώμενος
967 1385 1062 1437 καὶ
1085 1387 1419 1457 τρεφόμενος
1458 1388 1514 1438 ἐν
1545 1387 1624 1459 τῷ

137 1474 338 1543 ἱερωτάτῳ
365 1473 544 1544 Νείλῳ,
578 1473 678 1545 τῆς
716 1474 985 1544 ὠφελείας
1009 1517 1023 1541 ,
1068 1477 1248 1530 καίτοι
1298 1477 1482 1548 βύθιος
1523 1480 1618 1545 ὢν,

135 1566 446 1621 ἐπαισθάνεται.
483 1567 617 1639 Παρ’
661 1565 745 1631 οἷς
776 1568 872 1638 μὲν
922 1568 1033 1642 γὰρ
1065 1572 1311 1641 τιμᾶται,
1358 1571 1620 1644 πληθύνει

135 1658 325 1728 μάλιστα·
355 1658 492 1729 παρὰ
516 1659 571 1711 δὲ
597 1662 713 1723 τοίς
742 1659 1157 1732 λυμαινομένοις
1183 1663 1291 1715 οὐδ’
1327 1663 1462 1736 ὄναρ
1492 1664 1620 1734 φαί-

132 1767 256 1803 νεταιο
292 1752 356 1815 ὡς
384 1752 483 1806 τῶν
517 1751 790 1807 πλεόντων
837 1754 971 1807 ὅπου
1022 1755 1121 1826 μὲν
1168 1763 1262 1810 καί
1311 1758 1440 1822 τοὺς
1476 1759 1618 1812 πάνυ

1731 555 1892 607 etiam
1923 553 2185 623 quidquid
2219 553 2273 607 in
2318 555 2456 608 etelo
2490 565 2595 618 est,
2632 565 2691 609 ut
2740 572 2768 610 a
2816 557 3081 613 rimandis
3121 560 3318 632 singu-

1732 642 1907 694 lorum
1941 643 2153 696 naturis
2181 659 2242 697 ac
2274 644 2504 709 viribus,
2549 648 2874 714 assequendi
2911 648 3316 718 desperatione,

1730 733 2114 786 abstinendum
2148 743 2480 799 statuamus,
2523 737 2706 789 divina
2751 734 3099 794 Providentia
3134 743 3316 812 perle-

1729 838 1874 879 Ctum
1917 835 2018 880 est.
2058 827 2126 880 At
2157 842 2283 880 vero
2315 841 2472 882 teme
2515 839 2716 894 motus,
2754 832 3094 900 pestilentiae,
3128 835 3314 888 fulmi-

1730 933 1857 970 num
1894 932 2076 978 casus,
2110 918 2324 986 aliaque
2357 918 2406 971 id
2443 936 2636 988 genus,
2678 922 2898 976 immitti
2925 927 3186 982 divinitus
3221 929 3314 984 illa

1728 1008 1971 1078 quidem,
2014 1009 2108 1063 sed
2153 1011 2335 1064 minus
2381 1026 2524 1077 vere,
2579 1013 2869 1082 dicuntur;
2928 1020 3131 1074 nullus
3165 1021 3313 1074 enim

1728 1103 1952 1154 omnino
1983 1102 2108 1155 mali
2143 1118 2304 1156 causa
2353 1101 2495 1157 Deus
2535 1115 2653 1166 est;
2687 1107 2779 1161 sed
2814 1124 2877 1162 ex
2909 1110 3308 1166 elementorum

1729 1195 2123 1250 mutationibus
2169 1196 2240 1249 ita
2293 1197 2612 1266 gignuntur,
2650 1209 2708 1253 ut
2752 1203 3022 1272 praecipua
3061 1205 3308 1274 quzcdam

1728 1301 1791 1341 ac
1819 1286 2077 1356 primaria
2127 1300 2334 1342 natura:
2363 1305 2526 1358 opera
2577 1306 2682 1344 non
2720 1293 2851 1358 sint,
2882 1311 3068 1349 verum
3108 1313 3173 1352 ex
3211 1313 3311 1353 ne-

1726 1377 1980 1433 cessariis
2017 1391 2179 1449 atque
2216 1382 2492 1450 primariis
2546 1387 2926 1439 tantununodo
2967 1404 3311 1459 consequan-

1724 1481 1834 1524 tur.
1869 1469 2024 1536 Quod
2054 1472 2122 1534 si,
2156 1488 2344 1526 eorum
2376 1474 2538 1527 etiam
2581 1479 2853 1541 nonnulli,
2903 1482 2994 1550 qui
3029 1482 3180 1549 probi
3222 1484 3306 1537 vi-

1724 1561 2016 1629 dcbautur,
2048 1564 2114 1618 iis
2157 1564 2427 1618 interdum
2479 1569 2885 1625 calamitatibus
2922 1583 2974 1626 et
3008 1575 3188 1630 exitiis
3225 1576 3310 1630 in-

1722 1657 2034 1724 volvantur,
2068 1672 2247 1711 causa:
2282 1667 2462 1712 tamen
2503 1660 2636 1714 nihil
2683 1672 2786 1727 est,
2838 1669 3193 1733 quamobrem
3226 1670 3309 1723 di-

1723 1748 1862 1803 vinae
1893 1749 2305 1818 gubernationis
2335 1749 2474 1804 ratio
2505 1763 2814 1807 accusetur.
2852 1752 3092 1812 Primum
3136 1760 3306 1823 enim,

131 1843 284 1914 θρασεῖς
316 1844 423 1915 μηδ’
453 1844 618 1915 ἀκρον
672 1845 972 1917 ἐπιτολμᾷν
1022 1845 1272 1900 καθιέναι
1326 1847 1610 1914 δάκτυλον,

1725 1839 1878 1909 probi
1906 1841 2170 1894 continuo
2206 1857 2261 1894 re
2302 1841 2416 1911 ipsa
2451 1860 2556 1897 non
2594 1854 2743 1910 sunt,
2773 1859 3042 1918 quotquot
3070 1865 3190 1904 esse
3220 1866 3310 1904 ar-

129 1934 314 2007 ὰγεληδὸν
351 1937 754 2006 ὲπιφοιτῶντας,
785 1939 918 1992 ὅπου
949 1937 1006 1990 δὲ
1043 1939 1136 1993 καὶ
1169 1942 1295 2004 τοὺς
1343 1940 1482 2008 ἄγαν
1515 1942 1620 1994 δει-

125 2026 210 2091 λοὺς
227 2027 564 2098 ἐξαλλομένους
591 2031 852 2102 νήχεσθαι
888 2030 1028 2103 μετὰ
1049 2031 1288 2096 παιδιᾶς.
1312 2031 1479 2104 Χώρα
1508 2033 1618 2105 (45)

127 2117 194 2190 8⁸η
215 2120 484 2175 Κυκλώπων
514 2122 723 2194 (ἐπειδὴ
757 2124 817 2177 τὸ
849 2125 1006 2194 γένος
1037 2124 1218 2177 αὐτῶν
1255 2127 1370 2178 ἐστι
1396 2127 1621 2198 πλάσμα

129 2209 271 2282 μύθου)
299 2211 403 2282 δίχα
446 2216 654 2285 σπορᾶς
704 2216 798 2269 καὶ
834 2217 1128 2285 γεωπόνων
1169 2217 1376 2290 ἀνδρῶν
1413 2219 1620 2291 ἥμερος

126 2302 272 2373 καρπὸς
294 2305 347 2356 οὔ
375 2303 579 2375 φύεται,
607 2306 862 2380 καθάπερ
890 2308 997 2361 οὐδ’
1031 2310 1096 2362 ἐκ
1138 2309 1232 2362 τοῦ
1272 2310 1344 2380 μὴ
1377 2310 1527 2376 όντος
1568 2329 1618 2364 τι

123 2400 321 2463 γεννᾶται.
360 2401 461 2470 Τῆς
505 2401 552 2454 δ’
617 2401 868 2466 Ἐλλάδος
923 2403 982 2455 ού
1049 2405 1490 2475 κατηγορητέον,
1542 2405 1618 2469 ὡς

122 2486 268 2558 λυπρᾶς
291 2491 371 2542 καὶ
411 2492 601 2560 ἀγόνου
625 2511 638 2523 ·
683 2492 816 2547 πολὺ
864 2493 974 2564 γὰρ
1004 2495 1106 2547 κάν
1147 2493 1321 2568 ταύτῃ
1359 2495 1420 2548 τὸ
1456 2494 1617 2565 βαθύ-

119 2593 232 2644 γξιον.
258 2579 308 2633 Ιιίί
346 2581 439 2652 δή
478 2583 753 2655 βάρϐαρος
797 2583 1040 2654 διαφέρει
1085 2588 1205 2649 ταῖς
1247 2586 1575 2657 εύκαρπίαις
1599 2626 1612 2650 ,

121 2670 352 2725 πλεονεκτεῖ
382 2675 474 2744 μὲν
512 2679 765 2747 τροφαῖς,
812 2676 1128 2730 ἐλαττοῦται
1172 2677 1228 2730 δὲ
1265 2681 1378 2742 τοῖς
1419 2695 1615 2750 τρεφο-

120 2763 260 2832 μένοις,
280 2759 342 2818 ὧν
363 2767 513 2837 χάριν
541 2769 598 2820 αἱ
627 2769 842 2839 τροφαί.
860 2769 1011 2840 Μόνη
1045 2768 1152 2841 γὰρ
1175 2771 1208 2840 ἠ
1239 2769 1426 2833 Ἑλλὰς
1447 2771 1614 2841 ἀψευ-

117 2849 186 2914 ὁῶς
217 2854 610 2925 ἀνθρωπογονεῖ,
662 2857 826 2926 φυτὸν
867 2858 1152 2931 οὐράνιον,
1194 2861 1286 2914 καὶ
1326 2859 1615 2933 βλάστημα

116 2939 211 2996 θείαν
238 2947 605 3020 ἠκριϐωμένων.
661 2949 920 3020 λογισμὸν
967 2952 1340 3005 ἀποτίκτουσα
1373 2953 1611 3007 οἰκειού-

118 3051 228 3102 μενον
260 3041 530 3113 ἐπιστήμη.
582 3041 658 3095 Τὸ
709 3041 752 3094 δ’
784 3042 990 3096 αἴτιονο
1046 3044 1335 3115 λεπτότητι
1383 3045 1612 3119 ἀέροςή

112 3127 260 3185 aibat:
288 3134 511 3203 πέφυκεν
540 3134 864 3188 ἀκονᾶσθαι.
895 3135 987 3188 Διὸ
1018 3137 1111 3188 καὶ
1139 3136 1486 3208 Ἡράκλειτος
1513 3139 1612 3191 οὐκ

112 3222 186 3276 ἀπὸ
221 3227 387 3278 σκοποῦ
437 3244 600 3296 φησιν
626 3244 641 3257 ·
695 3221 770 3281 Οὖ
817 3228 888 3300 γῆ
936 3227 1106 3300 ξηρὴ,
1142 3228 1286 3300 ψυχὴ
1323 3232 1609 3302 σοφωτάτη

110 3316 173 3367 καί
201 3318 376 3390 ἀρίστη.
418 3318 879 3394 Τεκμηριώσαιτο
937 3321 982 3374 δ’
1016 3322 1081 3376 ἂν
1125 3339 1210 3385 τις
1252 3323 1346 3374 καὶ
1408 3325 1471 3377 ἐκ
1515 3324 1608 3378 τοῦ

109 3406 196 3469 τοὺς
239 3410 318 3478 μὲν
361 3412 630 3481 νήφοντας
681 3413 772 3468 καὶ
845 3413 1134 3483 ὀλιγοδεεῖς
1211 3415 1610 3485 συνετωτέρους

108 3490 226 3562 εἶναι,
258 3500 363 3564 τοὺς
392 3501 445 3556 δὲ
476 3503 663 3556 ποτῶν
704 3503 793 3556 ἀεὶ
829 3505 923 3557 καὶ
953 3504 1134 3556 σιτίων
1166 3504 1609 3574 ἐμπιπλαμένους

106 3585 250 3656 ﬁrma
288 3595 593 3666 φρονίμους,
650 3594 746 3649 ἅτε
793 3593 1188 3666 βαπτιζομένου
1235 3599 1346 3658 τοῖς
1394 3597 1607 3650 ἐπιοῦσι

106 3681 168 3734 :15
188 3683 423 3758 λογισμοῦ.
452 3689 544 3742 Διὸ
576 3689 722 3742 κατά
752 3689 851 3758 τὴν
888 3688 1160 3761 βάρϐαρον
1194 3689 1324 3761 ἔρνη
1356 3690 1452 3760 μὲν
1485 3694 1607 3754 ταῖς

105 3773 343 3845 εὖτροφίαις
390 3782 480 3834 καὶ
539 3780 772 3852 στελέχη
832 3783 1238 3855 περιμήκιστα,
1303 3782 1396 3835 καὶ
1453 3781 1606 3846 ζώων

105 3865 255 3933 ἀλόγων
279 3871 462 3944 σφόδρα
492 3874 562 3928 τὰ
594 3872 962 3943 γονιμώτατα,
1000 3873 1124 3936 νοῦς
1154 3874 1199 3926 δ’
1228 3873 1310 3934 οὔ,
1347 3874 1378 3944 ἢ
1407 3875 1606 3946 ἥκιστα

105 3962 317 4018 γεννᾶταν
365 3963 494 4018 διότι
539 3965 606 4018 τὸ
652 3965 930 4036 ὑψωθῆναι
978 3965 1037 4032 ἐξ
1077 3966 1239 4038 ἀέρος
1283 3966 1396 4038 (44)
1437 3967 1603 4020 αὑτοῦ

103 4045 141 4097 αἱ
170 4048 249 4120 γῆς
287 4055 368 4107 καὶ
411 4055 603 4118 ὓδατος
647 4056 934 4128 ἐπάλληλοι
980 4059 1071 4111 καὶ
1118 4061 1359 4128 συνεχεῖς
1407 4060 1604 4113 ἀναθυ-

105 4138 260 4204 μιάσεις
281 4147 686 4217 κατεκράτησαν
719 4187 732 4199 .
776 4147 995 4217 Ἰχθύων
1021 4149 1077 4202 δὲ
1112 4149 1207 4202 καὶ
1240 4149 1471 4220 ὀρνίθων
1510 4152 1604 4204 καὶ

103 4231 302 4298 χερσαίων
343 4236 468 4310 γένη
503 4237 662 4303 ζώων
694 4241 794 4292 οὐκ
835 4239 982 4292 ἐστιν
1027 4240 1348 4312 ἐγκλήματα
1392 4241 1602 4310 φύσεως

102 4320 334 4398 ὲ’θ’ήδιινὶειν
380 4331 836 4403 παρακαλούσης,
887 4331 1024 4385 ἀλλά
1072 4332 1244 4396 δεινὸς
1283 4333 1450 4402 ψόγος
1502 4333 1602 4402 τῆς

102 4412 215 4482 ἡμῶν
251 4419 410 4476 αὐτῶν
451 4423 742 4495 ἀκρασίας.
787 4425 1102 4494 Ἀναγκαῖον
1147 4427 1244 4496 μὲν
1283 4426 1391 4498 γὰρ
1427 4422 1494 4498 ἦν
1524 4429 1602 4490 εἰς

100 4504 166 4574 τὴν
194 4511 268 4565 τοῦ
299 4515 411 4568 ὅλου
459 4517 871 4589 συμπλήρωσιν,
912 4518 998 4571 ἵνα
1046 4518 1272 4590 γένηται
1299 4519 1500 4589 κόσμος
1544 4522 1600 4573 ἐν

100 4596 256 4675 ἑκάστῳ
297 4607 472 4679 μέρει,
526 4610 690 4679 φῦναι
749 4609 905 4675 ζώων
957 4613 1099 4676 ἰδέας
1156 4613 1439 4667 ἁπάντωνο
1505 4616 1604 4669 οὐκ

100 4690 323 4763 ἀναγκαῖον
350 4701 405 4754 δὲ
429 4704 521 4756 ἐπὶ
550 4703 651 4774 τὴν
699 4703 905 4757 τούτων
937 4705 1235 4758 ἀπόλαυσιν
1267 4705 1509 4776 ὁρμῆσαι
1541 4705 1604 4758 τὸ

102 4789 239 4856 mihi;
253 4798 661 4865 συγγενέστατον
703 4800 890 4870 χρῆμα
911 4799 1003 4852 τὸν
1025 4797 1332 4870 ἄνθρωπον,
1357 4799 1598 4870 μεταϐα-

100 4874 212 4934 λόντα
243 4889 309 4950 είς
340 4889 639 4964 ἀγριότητα
675 4891 898 4963 θηρίων.
931 4891 1022 4944 Διὸ
1053 4893 1149 4945 καὶ
1177 4891 1340 4963 μέχρι
1372 4891 1488 4954 νῦν,
1515 4885 1596 4956 οἷς

99 4967 211 5038 Mra;
245 4978 582 5052 ἐγκρατείας,
642 4983 791 5048 ἅπαξ
829 4984 1086 5039 ἁπάντων
1137 4984 1453 5055 ἀπέχονται.
1503 4984 1598 5038 λα-

97 5066 261 5131 κανῶδει
283 5075 405 5149 χλόῃ
441 5078 538 5131 καὶ
570 5080 804 5149 καρποῖς
846 5076 1098 5148 δένδρων,
1147 5075 1396 5148 προσοψή
1409 5092 1593 5147 μασιν,

97 5155 236 5232 ἡδίστη
277 5166 580 5230 ἀπολαύσει,
625 5169 933 5241 χρώμενοιο
988 5172 1100 5234 τοῖς
1136 5169 1194 5222 δὲ
1238 5169 1339 5240 τὴν
1375 5167 1483 5221 τῶν
1522 5169 1601 5220 el-

100 5253 286 5319 ριξμὲνων
313 5259 486 5332 θοίνην
526 5263 852 5333 ἡγουμένοις
895 5258 1032 5316 εἶναι
1075 5261 1218 5316 κατά
1268 5259 1432 5330 φύσιν
1467 5260 1598 5313 ἑπέ-

99 5353 246 5411 στησαν
285 5349 614 5416 διδάσκαλοι,
675 5354 1063 5425 σωφρονισταὶ,
1131 5352 1417 5422 νομοθέται
1455 5351 1598 5406 κατὰ

97 5432 246 5502 πέλεις.
282 5439 354 5507 οἷς
394 5445 626 5516 ἐμέλησε
691 5446 788 5515 τὴν
820 5445 1084 5516 ἀμετρίαν
1116 5442 1227 5496 τῶν
1290 5441 1594 5513 ἐπιθυμιῶν

99 5526 265 5592 πεῖλαι,
295 5535 360 5605 μὴ
394 5536 718 5609 ἐπιτρέψασι
746 5535 844 5606 τὴν
878 5536 1071 5606 χρῆσιν
1115 5533 1250 5588 ἀδεᾶ
1287 5534 1420 5586 πᾶσι
1460 5531 1596 5586 πάν-

96 5627 184 5670 των.
211 5621 262 5674 Ei
287 5623 336 5678 δὲ
359 5629 447 5680 καὶ
478 5630 627 5699 ῥόδα,
672 5628 766 5681 καὶ
802 5627 1032 5698 κρόκος,
1081 5625 1176 5678 καὶ
1218 5626 1251 5696 ἡ
1302 5624 1434 5694 ἄλλη
1481 5622 1591 5675 τῶν

1723 1934 2011 1999 bitramur,
2051 1950 2174 1989 cum
2213 1934 2466 1992 liumanre
2492 1939 2854 2005 cogitationes
2881 1952 3045 2010 atque
3078 1943 3303 1997 consilia

1721 2023 2032 2079 divinorum
2071 2027 2410 2096 judiciorum
2459 2032 2786 2086 certitudiue
2828 2034 2987 2103 longe
3044 2037 3307 2090 multum-

1721 2134 1827 2186 que
1874 2129 2220 2186 superentur.
2277 2119 2482 2175 Deinde
2529 2123 2612 2177 vis
2666 2123 2753 2176 illa
2805 2123 3169 2182 Providentia:
3220 2143 3305 2182 res

1721 2210 1908 2265 n'tundi
1939 2223 2241 2280 .partesque
2297 2214 2603 2282 praecipuas
2661 2217 2897 2270 maxime
2942 2228 3188 2286 spectare
3241 2237 3306 2272 ac

1721 2301 1992 2355 moderari
2040 2304 2200 2365 solet,
2232 2307 2692 2374 quemadmodum
2744 2307 2796 2360 in
2833 2308 3015 2378 regnis
3065 2312 3198 2378 ipsis
3240 2327 3307 2366 ac

1719 2395 2050 2449 militaribus
2097 2397 2340 2466 imperiis
2373 2397 2486 2452 lieri
2522 2399 2788 2464 videmus,
2839 2408 2897 2453 ut
2928 2401 3208 2456 civitatum
3251 2413 3307 2458 er.

1717 2487 2056 2541 exercituum
2103 2487 2463 2559 integrorum,
2513 2496 2620 2544 non
2653 2491 2848 2561 abjecti
2885 2494 3177 2562 cujuslibet
3206 2495 3304 2548 ob-

1718 2580 1974 2648 scurique
2026 2581 2218 2650 rapitis
2270 2583 2499 2636 salutem
2553 2600 2739 2653 regum
2796 2595 2849 2640 et
2909 2586 3300 2655 imperatorum

1715 2685 1848 2726 cura
1877 2673 2291 2742 complectatur.
2342 2675 2565 2728 Addunt
2593 2691 2814 2746 quoque
2846 2679 2951 2732 hoc
3001 2678 3119 2734 loco
3154 2695 3302 2733 non-

1718 2764 1873 2827 nulli,
1902 2766 2044 2818 sicut
2067 2765 2118 2817 in
2149 2769 2790 2837 tyrannorumczedibus,
2818 2771 3109 2841 propinqui
3132 2775 3299 2826 etiam

1712 2864 1879 2924 atque
1914 2857 2130 2926 cognati
2172 2857 2350 2928 legum
2387 2861 2714 2913 auctoritate
2768 2863 3052 2927 tolluntur,
3105 2873 3164 2916 ut
3195 2877 3302 2918 ca:-

1716 2949 1814 3003 teri
1851 2966 1878 3002 a
1914 2949 2187 3004 similibus
2237 2951 2453 3020 injuriis
2485 2962 2649 3020 atque
2695 2953 2995 3009 sceleribus
3046 2955 3296 3024 supplicii

1716 3046 2086 3114 magnitudine
2121 3055 2445 3100 revocentur
2474 3064 2486 3096 :
2518 3045 2596 3100 sic
2638 3046 2952 3100 morborum
2995 3047 3298 3104 exitialium

1717 3133 2041 3202 contagione
2097 3133 2415 3186 innocentes
2469 3135 2677 3202 aliquot
2724 3136 2935 3204 perire,
2991 3144 3048 3188 ut
3101 3138 3297 3209 reliqui

1719 3231 1874 3277 tanto
1909 3232 2036 3277 ante
2073 3224 2156 3277 bis
2199 3225 2465 3293 exemplis
2515 3226 2711 3280 eruditi
2763 3226 3034 3280 moderari
3080 3243 3202 3284 sese
3233 3245 3298 3285 ac

1718 3315 1998 3369 continere
2026 3314 2239 3369 discant
2273 3335 2286 3369 :
2322 3326 2376 3370 ut
2414 3316 2546 3370 illud
2575 3319 2846 3381 omittam,
2881 3321 3173 3389 quamdam
3205 3321 3294 3391 iis,

1716 3423 1811 3476 qur
1839 3406 2087 3460 morbido
2115 3409 2253 3461 coelo
2292 3408 2661 3473 involvantur,
2697 3411 3052 3467 conti-aliendi
3095 3414 3294 3479 morbi,

1717 3513 1824 3551 non
1870 3513 2030 3552 secus
2066 3509 2230 3569 atque
2271 3500 2396 3564 illis,
2448 3500 2540 3569 qui
2589 3502 2712 3554 navi
2769 3505 3181 3571 tempestatibus
3216 3507 3297 3576 ja-

1715 3600 1858 3646 ctata
1887 3594 2180 3659 vehuntur,
2208 3592 2472 3647 subeundi
2499 3593 2782 3663 :eqnaliter
2807 3596 3026 3663 periculi
3061 3599 3298 3652 necessi-

1717 3693 1882 3738 tatem
1933 3684 2162 3755 imponi.
2197 3683 2314 3738 Jam
2354 3683 2563 3739 feroces
2595 3685 2700 3740 illa:
2731 3686 3083 3757 valentesque
3113 3687 3297 3743 bestia;

1717 3779 1837 3840 (nec
1861 3775 2005 3829 enim
2043 3777 2476 3844 przetereundum
2513 3777 2642 3830 illud
2675 3786 2780 3842 est,
2807 3779 3022 3833 tametsi
3051 3788 3294 3834 nostram

1714 3868 1876 3934 hanc,
1908 3883 2012 3937 qua
2046 3880 2101 3922 tu
2153 3867 2206 3921 in
2244 3868 2475 3922 dicendo
2505 3868 2762 3924 facultate
2805 3887 2883 3934 es,
2921 3870 3293 3926 tlet'ensionem

1712 3962 2033 4032 occupando
2065 3961 2394 4030 traduxeris)
2433 3961 2746 4018 hominibus
2790 3964 2856 4017 ad
2895 3963 3085 4019 bellica
3119 3976 3296 4020 certa-

1713 4062 1857 4108 mina
1915 4053 2236 4108 exercendis
2281 4064 2580 4124 procreata:
2646 4062 2792 4110 sunt.
2859 4055 3092 4111 Assidua
3147 4057 3294 4112 enim

1710 4156 1764 4200 et
1807 4147 2183 4217 gymnicorum
2233 4145 2481 4199 ludorum
2532 4155 2585 4200 et
2628 4145 2977 4202 venationnm
3022 4147 3294 4202 exercita-

1712 4238 1809 4302 tio,
1850 4237 2114 4307 majorem
2157 4239 2211 4291 in
2291 4239 2510 4292 modum
2565 4240 2815 4308 corporis
2855 4239 3164 4294 ﬁrmitatem
3228 4255 3293 4296 ac

1713 4331 1879 4385 rolmr
1939 4338 2120 4400 auget,
2174 4333 2429 4400 quodque
2478 4345 2707 4402 Corpore
2749 4333 2904 4403 longe
2951 4335 3130 4403 potius
3183 4341 3288 4397 est,

1709 4421 1950 4475 animum
2010 4420 2186 4488 ipsum
2237 4421 2304 4475 ad
2359 4423 2672 4492 repentinas
2719 4421 2957 4476 hostium
3019 4423 3290 4479 incursio-

1709 4529 1806 4567 nes
1865 4513 2047 4567 invicti
2105 4513 2341 4584 pectoris
2407 4515 2714 4568 constantia
2770 4514 3099 4569 deridendas
3162 4529 3282 4570 con-

1709 4607 1961 4662 suel‘acit.
2015 4604 2150 4660 Nam
2211 4605 2304 4676 qui
2357 4607 2594 4662 mitioris
2649 4607 2851 4678 ingenii
2897 4617 3044 4673 sunt,
3077 4607 3111 4660 ii
3164 4621 3290 4661 cum

1708 4699 1928 4753 urbium
1968 4699 2284 4766 mmnibus,
2343 4708 2456 4753 tum
2509 4699 2675 4754 etiam
2722 4699 3042 4756 domesticis
3092 4699 3288 4754 inclusi

1705 4792 1953 4861 septique
2001 4790 2210 4847 foribus
2269 4807 2462 4847 secure
2530 4791 2727 4863 degere
2778 4801 3044 4862 possunt.
3108 4791 3288 4846 maxic

1704 4885 1810 4940 mis
1842 4885 2085 4939 cicurum
2117 4885 2476 4939 animantium
2515 4885 2769 4955 gregibus
2801 4885 2866 4938 ad
2906 4884 3284 4954 quotidianum

1699 4974 1862 5046 397
1895 4991 2055 5030 usum
2089 4976 2447 5031 abundantes.
2468 4974 2699 5045 Quippe,
2730 4990 2859 5030 sues
2881 4975 3052 5036 enim.
3075 4975 3282 5041 leones,

1700 5083 1764 5123 ac
1788 5067 2003 5140 generis
2035 5067 2278 5136 ejusdem
2308 5077 2557 5129 caeteras,
2589 5083 2712 5137 qua:
2739 5076 2949 5121 natura:
2979 5066 3283 5121 libertatem

1701 5161 1958 5226 retinent,
1994 5176 2063 5214 ne
2091 5160 2374 5215 hominum
2409 5160 2624 5216 insidiis
2660 5161 2882 5230 gravius
2925 5159 3130 5229 aliquid
3181 5174 3281 5214 su~

1701 5253 1882 5315 beant,
1922 5252 2110 5322 procul
2147 5253 2216 5306 ab
2236 5252 2463 5306 urbibus
2497 5252 2779 5306 su‘bmotas
2818 5252 3089 5306 videmus.
3133 5249 3283 5316 Qua-
3320 5302 3341 5334 εἰ

1704 5359 1825 5397 rum
1878 5344 2070 5399 lustris
2100 5344 2142 5399 si
2174 5344 2268 5414 qui
2317 5343 2458 5400 forte
2489 5342 2851 5414 negligentius
2881 5343 3063 5412 armis
3089 5343 3282 5412 praesi-

1701 5436 1901 5506 dioque
1929 5437 2058 5490 nudi
2084 5452 2203 5492 sese
2225 5436 2619 5499 commiserint,
2661 5433 2928 5504 quidquid
2959 5434 3155 5490 deinde
3184 5447 3282 5504 pa-

1701 5530 1740 5583 ti
1797 5530 2119 5601 contigerit,
2148 5546 2268 5586 sese
2298 5529 2376 5584 illi
2410 5530 2592 5600 potius
2623 5545 2788 5599 quam
2826 5538 3082 5583 naturam
3110 5543 3278 5583 accu-

1700 5629 1842 5686 sent,
1864 5623 1960 5693 qui
1987 5622 2130 5679 auod
2151 5622 2453 5693 periculum
2477 5619 2714 5691 effugere
2759 5623 3064 5692 potuissent
3080 5663 3098 5690 ,
3121 5619 3282 5689 incus

457 5743 764 5815 Legi-udum
791 5743 1015 5815 videtur
1034 5783 1046 5804 ,
1092 5743 1148 5794 ὲν
1188 5738 1340 5812 χώρᾳ
1388 5738 1445 5793 δὲ
1477 5735 1584 5794 τῶν

1716 5715 1999 5792 nam."

147 5799 232 5869 tu)
262 5799 344 5876 ἐξ
365 5799 566 5881 tum.”
583 5815 755 5868 Malim
784 5813 848 5867 δι’
878 5799 1056 5876 diem;
