3838 6384
575 278 682 334 675
1227 275 1497 334 EL'SEBII
1533 270 2022 334 CxESlR'lENSlS
2055 274 2206 332 OPP.
2246 274 2427 330 PARS
2456 274 2520 330 ll.
2555 307 2625 318 —--
2655 277 3161 336 APOLOGETICA.
3673 292 3753 352 675

575 403 655 458 ria
697 401 1050 476 neglexerint.
1083 399 1322 462 Prorsus
1359 401 1500 457 utin
1547 401 1786 472 equestri
1847 399 2091 454 certamin

2245 397 2420 452 ἀνθῶν
2463 399 2706 453 ποικιλία
2749 399 2887 472 πρὸς
2941 400 3185 470 ὑγίειαν,
3233 399 3293 454 οὒ
3335 397 3464 474 πρὸς
3497 404 3656 478 ἡδονὴν
3689 412 3757 480 γέ.

572 495 868 551 nonnullos
895 493 1189 563 aliquando
1219 492 1462 564 vidi,qui
1482 493 1790 547 temeritate
1821 491 2088 560 praecipite

2256 507 2433 559 γονεν.
2484 491 2741 546 Ἀπλετοι
2791 491 2900 561 γὰρ
2926 491 3129 545 τούτων
3178 492 3233 545 αἱ
3275 491 3535 565 δυνάμεις,
3564 498 3643 550 καὶ
3668 504 3755 557 καθ’

572 603 698 644 cum
729 586 1025 642 sedendum
1063 593 1118 638 et
1151 584 1333 654 quiete
1360 583 1713 657 spectandum
1749 594 1913 649 esset,
1947 584 1999 636 in
2031 600 2088 636 nr

2254 583 2422 646 αὑτὰς
2467 583 2556 637 διὰ
2595 582 2702 636 τῶν
2751 582 2936 654 ὀσμῶν
2985 583 3310 654 ὠφελοῦσιν,
3354 587 3565 651 εὐωδίας
3601 589 3753 656 πάντας

571 680 664 734 dio
700 677 1083 738 consisterent,
1127 685 1181 730 et
1239 674 1439 744 impetu
1476 673 1867 745 quadrigarum
1907 673 2087 742 impul:

2255 673 2704 745 ἁναπιμπλᾶσαι,
2749 673 2843 728 καὶ
2890 674 3023 729 πολὺ
3073 675 3273 746 μᾶλλον
3314 678 3368 729 ὲν
3407 681 3518 741 ταῖς
3549 682 3755 752 ἰατρικαῖς

570 786 837 842 equorum
878 769 1118 837 ungulis,
1153 767 1400 838 rotisque
1445 783 1708 822 curruum
1749 768 2086 822 obterereutu

2256 767 2534 821 συνθέσεσι
2584 767 2691 820 τῶν
2738 769 3061 840 φαρμάκων.
3121 769 3278 823 Ἐνια
3317 768 3422 840 γὰρ
3463 771 3756 842 ἀναμιχθέντα

569 864 762 934 dignas
815 862 1057 918 stultitiae
1099 875 1292 930 poenas
1337 859 1577 914 luentes.
1610 860 1687 914 Ac
1713 860 1780 914 de
1812 859 1896 913 his
1928 859 2085 928 quide

2253 859 2352 924 τὰς
2386 859 2593 914 ἑαυτῶν
2623 859 2880 931 δυνάμεις
2914 860 3300 932 ἀριδηλοτέρας
3340 863 3631 933 παρέχεται,
3656 866 3754 920 2:0-

567 957 857 1012 liactenus.
889 951 1025 1006 Nam
1062 968 1128 1007 ex
1175 952 1479 1021 repentium
1517 952 1738 1023 quidem
1778 951 2083 1007 animantiu

2254 953 2395 1026 άπερ
2430 955 2508 1017 εἰς
2551 952 2689 1018 Cum”
2719 954 2934 1024 γένεσίν
2985 955 3018 1027 ἡ
3070 955 3298 1029 ἄρρενος
3328 956 3416 1008 καὶ
3445 956 3612 1026 θήλεος
3636 958 3753 1030 μίξις,

567 1064 788 1121 genere,
819 1047 912 1121 qui
933 1062 1142 1102 veneno
1175 1045 1401 1106 feriunt.
1437 1045 1473 1099 ii
1495 1063 1598 1100 non
1628 1045 1990 1101 Providentire
2013 1061 2075 1098 eo

2254 1045 2360 1118 ἰδία
2418 1046 2678 1117 ἐκατέρου
2737 1047 2812 1118 μὴ
2865 1046 3168 1116 πεφυκότος
3220 1051 3426 1113 ποιεῖν,
3475 1049 3600 1122 ἄτερ
3632 1053 3753 1122 ἄμφω

567 1145 714 1206 silio,
741 1143 835 1197 sed
863 1158 993 1197 casu
1013 1143 1252 1212 quodam
1281 1157 1348 1195 ex
1380 1140 1542 1194 rebus
1571 1139 1693 1194 aliis
1714 1180 1727 1202 ,
1757 1140 1832 1193 uti
1871 1139 1986 1209 jam
2027 1139 2078 1191 di

2253 1137 2596 1192 συνελθόντα.
2666 1137 2828 1192 Ταῦτ’
2889 1139 3205 1208 ἀναγκαίως
3263 1139 3506 1195 λέλεκται
3557 1143 3668 1214 πρὸς
3711 1146 3754 1199 τὰ

565 1246 682 1292 tum
707 1244 810 1300 est,
844 1243 1216 1305 consequente
1249 1242 1570 1288 nascuntur.
1598 1231 1737 1288 Tum
1760 1234 1906 1286 enim
1934 1230 2078 1284 anim

2249 1229 2410 1283 λοιπὰ
2456 1229 2563 1282 τῶν
2610 1229 2714 1283 ὑπὸ
2762 1228 2854 1285 σοῦ
2907 1229 3367 1302 διαπορηθέντων,
3404 1232 3588 1307 ἱκανὴν
3625 1233 3757 1289 πίστιν

563 1330 611 1383 ri
648 1329 842 1394 solent,
863 1344 985 1381 eum
1018 1328 1237 1381 innatus
1276 1327 1475 1380 humor
1502 1324 2075 1379 vehementiusincalu

2250 1321 2584 1394 ἐργάσασθαι
2641 1322 2916 1392 δυνάμενα
2983 1325 3098 1386 τοῖς
3153 1322 3226 1393 μὴ
3287 1322 3587 1392 φιλονείκως
3625 1326 3755 1398 ἔχοντι

565 1421 705 1475 Sunt
731 1421 893 1474 etiam
931 1419 1202 1483 nonnulli,
1240 1421 1333 1490 qui
1361 1436 1426 1473 ex
1457 1419 1574 1489 ipsa
1599 1417 1950 1488 corruptione
1977 1416 2081 1472 vita

2249 1414 2377 1486 περὶ
2433 1413 2526 1467 τοῦ
2573 1414 2665 1468 τὸν
2710 1414 2840 1468 Θεὸν
2887 1414 2994 1467 τῶν
3043 1414 3400 1486 ἀνθρωπίνων
3453 1417 3759 1487 ἐπιμελεῖσθαι

561 1513 844 1574 hauriunt,
878 1524 936 1567 ut
964 1513 1242 1576 lumbrici,
1270 1511 1361 1582 qui
1393 1527 1456 1566 ex
1486 1510 1748 1575 alimenti,
1784 1508 2016 1579 pediculi
2043 1524 2077 1578 q

2247 1506 2604 1577 πραγμάτων.
2625 1526 2642 1558 ι
2678 1505 2862 1560 Ταῦτα
2890 1507 2986 1580 μὲν
3017 1503 3110 1564 οὖν
3135 1509 3197 1560 ἐκ
3226 1507 3322 1561 τοῦ
3351 1507 3655 1580 δηλωθέντος
3692 1513 3759 1563 ἐπ-

560 1622 626 1660 ex
660 1605 877 1660 sudoris
908 1605 1040 1658 vitio
1065 1603 1505 1669 oriuntunQuos
1532 1617 1663 1657 vero
1693 1601 1908 1670 propria
1935 1616 1997 1654 ex
2033 1616 2076 1654 Ill

2245 1600 2521 1671 ετεμόμην
2550 1600 2761 1672 ἀνδρὸς,
2789 1600 2923 1672 ὁμοῦ
2969 1601 3071 1674 μὲν
3117 1601 3363 1664 δεικνὺς,
3417 1595 3514 1654 οἷοι
3544 1603 3624 1656 καὶ
3659 1604 3759 1657 κατὰ

561 1696 697 1750 teria
731 1693 1025 1763 infusoque
1053 1694 1281 1757 semine,
1315 1693 1685 1762 principaliter
1707 1707 1771 1746 ac
1806 1691 2022 1760 proprie
2046 1706 2076 1742 n

2244 1692 2368 1754 τοὺς
2399 1691 2552 1750 νέους
2581 1691 2869 1760 γεγόνασιν
2904 1691 3171 1764 Ἐϐραίων
3217 1691 3409 1756 παῖδες
3428 1732 3441 1755 ,
3471 1692 3594 1762 ὁμοῦ
3623 1693 3668 1751 δὲ
3693 1694 3758 1747 καὶ

559 1796 682 1840 tura
734 1786 1005 1856 producit,
1033 1786 1067 1839 ii
1094 1784 1462 1838 Providentize
1503 1799 1604 1838 suo
1645 1783 1769 1852 jure
1799 1783 2075 1836 trilmuntu

2245 1781 2308 1834 τὰ
2353 1781 2454 1851 τῆς
2499 1781 2757 1846 εὐσεϐοῦς
2807 1781 2988 1836 αὐτῶν
3038 1783 3167 1856 περὶ
3210 1781 3350 1834 Θεοῦ
3395 1781 3683 1852 διαλήψεως,
3713 1783 3761 1838 τά

558 1877 887 1947 Quanquam
921 1879 986 1932 de
1011 1877 1284 1948 prioribus
1311 1876 1473 1929 etiam
1495 1875 1622 1937 illis,
1672 1871 1825 1944 quasi
1857 1873 1922 1925 ad
1960 1872 2074 1924 hon:

2241 1889 2299 1925 τε
2335 1873 2436 1942 τῆς
2483 1874 2616 1945 πρὸς
2668 1877 2796 1938 τοὺς
2844 1875 3198 1946 προπάτορας
3251 1874 3556 1944 ὁμοφωνίας
3595 1873 3757 1943 ἐμφανῆ

558 1973 645 2027 nis
676 1973 960 2026 utilitatem
997 1981 1350 2040 procreentur
1373 1969 1473 2038 ipsi
1497 1982 1732 2038 quoque,
1750 1967 1858 2018 duo
1882 1980 1967 2018 me
1990 1980 2074 2033 qu:

2244 1965 2540 2030 καθιστάς’
2597 1967 2697 2039 ήδη
2754 1967 2800 2021 δ’
2833 1967 3082 2020 ἐντεῦθεν
3135 1965 3440 2036 μεταϐῆναι
3488 1964 3654 2037 καιρὸς
3696 1967 3760 2020 καὶ

552 2064 679 2118 dam
720 2065 905 2121 audire
939 2064 1182 2125 memini,
1211 2079 1333 2132 quze
1355 2063 1458 2116 hoc
1499 2062 1617 2115 loco
1654 2059 2001 2114 dissimulare
2026 2074 2068 2114 ni

2243 2058 2336 2113 ἐπὶ
2369 2058 2466 2120 τὰς
2493 2057 2601 2110 τῶν
2635 2059 2832 2125 ἔξωθεν
2860 2060 2989 2132 περὶ
3013 2059 3122 2114 τῶν
3150 2059 3334 2113 αὐτῶν
3365 2058 3657 2132 μαρτυρίας.

562 2161 764 2229 placet,
833 2161 1074 2216 Alterum
1141 2168 1245 2227 est,
1273 2176 1303 2214 a
1335 2158 1562 2214 medicis
1629 2155 1955 2227 quihusdam
1995 2156 2413 2214 commemorari
2446 2156 2667 2214 solitum
2705 2176 2719 2211 :
2759 2158 2814 2212 in
2875 2157 3124 2227 pluribus
3179 2166 3481 2212 venenatos
3535 2163 3757 2225 serpentes

553 2250 681 2304 usui
722 2266 864 2316 esse,
889 2266 954 2305 ac
991 2251 1180 2322 peritis
1214 2251 1378 2320 hujus
1440 2248 1596 2311 artis.
1623 2247 1669 2303 si
1735 2247 1897 2302 modo
1959 2246 2085 2310 illis,
2125 2246 2217 2300 ubi
2255 2261 2394 2313 opus
2460 2247 2608 2316 erit,
2660 2249 2895 2305 scienter
2947 2250 3268 2315 abutemur,
3313 2250 3426 2304 vim
3478 2251 3760 2319 praesentium

552 2346 918 2402 mletorum
951 2347 1244 2403 maximam
1304 2352 1610 2414 suppetere,
1666 2340 1867 2412 quibus
1923 2349 2115 2409 praeter
2166 2339 2448 2394 homin-um
2480 2341 2814 2412 opinionem,
2846 2343 3055 2413 integra
3078 2343 3542 2413 periculosissime
3566 2343 3762 2399 laboran-

552 2441 701 2495 tibus
734 2440 985 2496 valetudo
1014 2441 1271 2510 salusque
1308 2441 1584 2495 reddatur.
1616 2437 1802 2506 Itaque
1836 2436 2022 2490 videas
2049 2436 2350 2492 etiamnum
2384 2452 2481 2492 eos
2510 2439 2605 2508 qui
2649 2427 2973 2496 medicinam
3037 2442 3178 2496 haud
3207 2443 3509 2497 oscitanter
3567 2457 3627 2496 ac
3675 2453 3763 2508 per-

549 2534 823 2593 functorie
852 2545 1105 2598 tractant,
1152 2534 1505 2590 conﬁciendis
1544 2531 1790 2603 quotidie
1853 2531 2142 2598 remediis,
2171 2546 2240 2586 ex
2275 2531 2518 2602 quolibet
2592 2547 2790 2604 genere
2854 2535 3080 2604 aliquid,
3126 2549 3227 2591 nec
3258 2535 3441 2590 obiter
3487 2535 3535 2589 id
3577 2532 3761 2604 quidem,

546 2633 1132 2690 admiscere.Alterum
1166 2648 1232 2686 ex
1256 2631 1707 2703 philosophorum
1743 2631 2131 2699 potius,quam
2171 2643 2237 2682 ex
2269 2628 2604 2683 medicorum
2637 2627 2879 2686 fontibus
2947 2631 3212 2685 haustum
3282 2630 3586 2684 videbatur.
3614 2625 3673 2679 Ea
3712 2627 3763 2680 si-

547 2728 770 2802 quidem
819 2737 1134 2796 comparata
1187 2725 1450 2802 divinitus
1499 2724 1792 2778 adxersum
1853 2721 2130 2790 improbos
2191 2735 2474 2789 poenarum
2524 2721 2886 2778 instrunmento
2933 2737 3054 2777 esse
3117 2720 3416 2785 statuebat,
3475 2720 3763 2791 quemadmo-

546 2824 677 2878 dum
714 2837 746 2878 a
794 2821 1115 2877 ducibuset
1187 2815 1610 2886 imperatoribus
1663 2814 1872 2886 ﬂagella
1921 2827 2318 2882 nonnunquam
2388 2814 2687 2884 asperiora,
2763 2813 3079 2884 ferrumque
3139 2815 3321 2886 ipsum
3374 2815 3606 2871 adhiberi
3649 2814 3762 2868 solet.

544 2910 734 2979 Itaque
759 2925 883 2968 cum
913 2909 1056 2966 alias
1105 2906 1388 2977 quiescere
1421 2921 1486 2960 ac
1517 2905 1702 2959 mitius
1752 2920 1913 2973 agere
1944 2904 2349 2964 consueverint,
2384 2915 2496 2962 tum
2532 2908 2689 2963 novis
2734 2905 2891 2979 quasi
2959 2906 3168 2963 viribus
3233 2907 3502 2964 adversus
3537 2908 3764 2962 damnatos

545 3005 921 3067 stimulantur,
952 3002 1003 3055 in
1028 3015 1169 3071 quos
1192 3008 1386 3053 natura
1407 2998 1522 3066 ipsa
1544 2998 1597 3051 iu
1631 2997 1724 3051 illo
1757 3012 1859 3052 suo
1933 2997 2284 3066 integerrimo
2315 2997 2733 3068 castissimoque
2779 2998 2919 3068 foro,
2979 3001 3267 3075 capitalem
3342 3003 3647 3057 sententiam
3701 3012 3763 3055 tu-

543 3095 688 3150 lerit.
715 3093 847 3150 Nam
875 3093 926 3146 in
959 3092 1164 3147 aedibus
1199 3090 1404 3146 nostris
1480 3099 1539 3143 ut
1610 3090 1913 3159 plurimuir
1990 3088 2093 3143 hoc
2158 3088 2516 3145 animantium
2571 3109 2742 3162 getius
2781 3093 3119 3159 delitescere,
3174 3095 3382 3150 falsum
3427 3098 3634 3151 omnino
3662 3108 3762 3151 e51:

542 3185 710 3259 398
737 3203 862 3245 cum
895 3186 1024 3242 illud
1053 3195 1206 3240 extra
1243 3188 1428 3249 urbes,
1461 3183 1513 3236 in
1545 3184 1778 3252 campis,
1850 3197 1915 3237 ac
1989 3183 2396 3250 solitudinibus,
2437 3186 2582 3254 quod
2646 3186 2922 3242 hominem
2988 3190 3176 3258 utique
3241 3199 3505 3260 tanquam
3541 3190 3762 3244 dominum

542 3281 736 3351 fugiat,
765 3279 924 3350 vulgo
960 3279 1156 3348 degere
1192 3277 1496 3331 videamus.
1532 3273 1688 3341 Quod
1751 3285 1936 3328 tamen
1976 3274 2106 3328 dum
2144 3290 2304 3330 secus
2369 3276 2642 3335 interdum
2710 3280 2996 3350 contingit,
3031 3296 3098 3336 ne
3145 3289 3258 3334 tum
3330 3283 3546 3352 quidem
3591 3297 3674 3337 sua
3707 3294 3763 3331 ra-

542 3375 689 3429 tione
715 3381 864 3431 caret
908 3387 1034 3426 cum
1067 3370 1120 3424 in
1145 3371 1281 3425 locis
1307 3369 1630 3440 quibusdam
1659 3367 2104 3438 profundioribus
2143 3366 2335 3438 ingens
2365 3370 2519 3440 copia
2546 3371 2803 3426 stercoris
2827 3387 2893 3426 ac
2951 3373 3196 3428 sordium
3255 3385 3568 3446 aggeratur,
3613 3372 3762 3441 quibus

541 3483 664 3524 sese
693 3467 1024 3534 immergunt
1069 3463 1174 3517 illa:
1216 3463 1496 3531 cupidius,
1542 3471 1901 3532 praeterquam
1949 3462 2094 3532 quod
2145 3461 2262 3531 ipse
2315 3475 2532 3531 quoque
2597 3462 2754 3518 nidor
2801 3465 3076 3534 propriam
3143 3465 3405 3521 illicieudi
3459 3470 3563 3520 vim
3628 3463 3760 3518 habet.

540 3559 660 3616 Jam
692 3559 1010 3615 hirundines
1035 3557 1319 3612 nobiscum
1354 3555 1561 3610 versari
1610 3556 1809 3610 mirum
1842 3552 2086 3626 profecto
2141 3554 2299 3618 nihil,
2353 3569 2478 3608 cum
2511 3554 2581 3609 ab
2607 3554 2675 3610 iis
2713 3555 3066 3625 insequendis
3127 3559 3532 3622 abstineamus,
3594 3556 3763 3612 salutis-

540 3672 649 3729 que
675 3653 888 3710 tucudte
916 3651 1208 3723 cupiditas,
1242 3665 1350 3704 non
1414 3659 1623 3703 tantum
1657 3650 1709 3702 in
1785 3648 1997 3703 ratione
2038 3648 2282 3718 prazditis
2329 3648 2722 3712 animantibus,
2762 3651 2856 3706 sed
2890 3651 3057 3706 etiam
3127 3653 3182 3708 in
3226 3671 3292 3710 ea
3366 3655 3661 3712 carentibus
3699 3652 3761 3705 in-

541 3754 646 3809 sita
681 3749 753 3805 sit
778 3757 939 3818 atque
1004 3745 1202 3800 delixa.
1267 3743 1336 3797 At
1395 3743 1595 3812 quibus
1648 3742 1726 3796 uti
1792 3742 2041 3796 hornines
2079 3744 2331 3812 vescique
2364 3751 2628 3812 posxunt,
2676 3759 2867 3800 earum
2933 3763 3060 3805 vero
3109 3749 3404 3806 nobiscum
3455 3753 3595 3811 nulla
3635 3749 3758 3818 degit.

539 3842 788 3932 quodab
815 3838 1027 3896 insidiis
1060 3836 1163 3932 sibi
1194 3835 1396 3932 nostris
1443 3843 1707 3898 metuant,
1764 3834 1870 3889 nisi
1926 3833 2101 3932 sicubi
2141 3833 2254 3902 lege
2324 3836 2628 3903 prohibitus
2677 3851 2866 3893 earum
2940 3856 3073 3897 usus
3146 3840 3337 3902 fuerit.
3393 3841 3531 3904 Urbs
3565 3843 3758 3914 quad:

539 3924 624 3993 est
677 3929 845 4005 Syriae
929 3929 1253 3993 maritima,
1317 3926 1642 3982 Ascalonem
1705 3935 1941 3993 vocant,
2009 3924 2098 3980 uhi
2162 3941 2288 3980 cum
2361 3927 2654 3998 aliquando
2717 3945 3008 3993 versarer,
3065 3951 3176 4005 quo
3261 3944 3513 4007 tempore
3579 3938 3761 4004 patrium

539 4031 595 4086 in
663 4028 922 4097 templum
979 4023 1309 4095 precationis
1353 4031 1408 4077 et
1457 4022 1712 4078 sacriﬁcii
1777 4037 1944 4076 causa
2017 4019 2426 4091 proﬁciscebar,
2483 4025 2590 4077 vim
2647 4026 3026 4082 columbarum
3084 4029 3358 4084 inﬁnitam
3433 4047 3555 4086 cum
3612 4032 3656 4084 in
3691 4028 3760 4082 tri.

535 4125 645 4182 viis
689 4120 912 4192 passim,
959 4129 1072 4172 tum
1123 4118 1180 4172 in
1227 4117 1456 4187 singulis
1488 4117 1652 4172 etiam
1695 4117 1904 4171 aedibus
1946 4117 2218 4172 videbam.
2275 4117 2510 4172 Causam
2578 4123 2842 4189 quaerenti
2914 4123 3070 4189 mihi,
3133 4139 3227 4179 eas
3251 4139 3458 4194 capere
3510 4125 3646 4181 nefas
3675 4134 3762 4177 esse

536 4214 961 4284 responderunt,
1010 4211 1155 4284 quod
1199 4210 1311 4281 jam
1363 4210 1490 4263 olim
1535 4209 1747 4264 civibus
1811 4223 2001 4264 earum
2059 4225 2160 4264 usu
2202 4207 2552 4264 interdictum
2593 4221 2757 4266 esset.
2806 4212 2988 4284 Usque
3014 4215 3151 4271 adeo
3184 4230 3365 4288 genus
3430 4219 3531 4273 hoc
3566 4217 3760 4271 animan-

539 4312 609 4369 tis
637 4309 930 4366 securitate
959 4306 1254 4369 cicuratur,
1287 4312 1346 4358 ut
1376 4319 1480 4356 non
1518 4310 1728 4355 tantum
1760 4303 1865 4356 sub
1913 4301 2106 4357 eodem
2145 4310 2312 4366 tecto,
2345 4302 2438 4356 sed
2473 4303 2638 4358 etiam
2669 4304 2721 4357 in
2744 4306 2934 4360 eadem
2961 4323 3149 4362 mensa
3199 4309 3490 4364 assiduum
3552 4310 3633 4370 sit,
3672 4319 3762 4361 con-

534 4418 800 4472 cessoque
850 4414 980 4471 pace
1032 4398 1098 4453 ad
1147 4398 1370 4455 delicias
1399 4397 1674 4452 abutatur.
1704 4393 1801 4450 Est
1868 4403 2048 4450 tamen
2117 4395 2171 4450 in
2213 4394 2469 4467 Egypto,
2501 4396 2646 4468 quod
2676 4398 3050 4455 vehementius
3095 4403 3394 4459 admirere.
3462 4403 3588 4459 Nam
3619 4414 3748 4458 croco

534 4496 677 4550 dilus
712 4494 800 4548 ille
861 4491 1144 4548 hominum
1221 4491 1529 4553 devorator,
1600 4505 1665 4545 ac
1734 4489 2035 4546 bestiarum
2096 4489 2552 4556 immaniSsimus,
2587 4493 2731 4562 quod
2765 4492 2817 4544 in
2844 4494 3192 4549 sanctissimo
3221 4496 3330 4551 Nili
3373 4499 3740 4554 nominenam

538 4597 623 4642 tur
656 4587 958 4658 alaturque,
989 4601 1210 4641 sensum
1234 4584 1492 4654 aliquem,
1531 4593 1590 4638 ut
1639 4582 1750 4638 fere
1802 4585 1906 4638 sub
1939 4583 2098 4651 aquis
2135 4583 2438 4648 delitescat,
2467 4586 2754 4654 praesentis
2821 4589 3227 4646 commoditatis
3287 4592 3477 4648 habet.
3536 4595 3578 4646 Δ
3607 4592 3759 4661 quibus

530 4682 678 4737 enim
745 4680 860 4750 ipse
916 4678 1133 4739 colitur.
1180 4677 1322 4745 apud
1367 4692 1462 4731 eos
1523 4679 1726 4730 inultus
1774 4693 1897 4732 esse
1961 4677 2148 4743 solet;
2189 4692 2328 4746 quos
2356 4686 2540 4732 autem
2604 4677 2831 4735 infestos
2877 4689 3174 4751 pateretur,
3225 4687 3375 4754 apud
3424 4687 3545 4740 illos
3597 4702 3653 4739 ne
3692 4697 3760 4752 per

530 4774 807 4830 somnium
833 4773 1050 4843 quidem
1070 4772 1302 4827 videtur.
1329 4769 1470 4841 Ergo
1502 4769 1794 4841 quiNilum
1821 4772 2095 4840 navigant,
2139 4771 2436 4834 interdum,
2472 4778 2533 4824 ut
2605 4773 2954 4828 andacissimi
3012 4775 3234 4840 fuerint,
3294 4794 3364 4832 ac
3437 4779 3685 4834 turmatim
3712 4789 3758 4827 eo

529 4866 828 4929 conﬂuant,
857 4867 909 4919 in
934 4880 1130 4936 aquam
1165 4881 1233 4921 ne
1257 4881 1532 4922 summum
1599 4863 1818 4935 quidem
1876 4863 2167 4919 immittere
2205 4863 2432 4934 digitum
2464 4865 2706 4921 audeant
2771 4886 2786 4924 ι
2823 4869 3118 4936 interdum,
3155 4872 3410 4929 homines
3463 4877 3614 4928 etiam
3661 4870 3761 4924 timi-

528 4958 740 5017 dissimi
771 4958 914 5012 ultro
967 4957 1260 5028 prosiliunt
1326 4966 1622 5026 natantque
1683 4956 1988 5011 ludibundi.
2039 4956 2336 5027 Cyclopum
2374 4958 2424 5010 in
2474 4966 2648 5012 tractu
2695 4959 2890 5030 (genus
2928 4962 3074 5016 enim
3154 4965 3208 5020 id
3255 4965 3541 5022 hominum
3581 4943 3760 5020 (fabula!

530 5065 899 5118 commentum
941 5070 1006 5109 ac
1051 5054 1194 5110 fetus
1220 5054 1440 5125 quidam
1478 5054 1582 5125 est)
1618 5053 1762 5124 quod
1804 5053 1950 5108 nulla
1994 5051 2065 5106 ibi
2107 5052 2387 5114 sementis,
2421 5053 2676 5122 agricolae
2699 5056 2854 5120 nulli,
2919 5057 3202 5112 mitiorum
3281 5059 3506 5132 frugum
3569 5059 3760 5116 nascitur

527 5148 754 5202 omnino
821 5147 976 5211 nihil,
1047 5156 1105 5202 ut
1151 5162 1326 5218 neque
1390 5163 1456 5202 ex
1495 5146 1665 5200 nihilo
1705 5146 2005 5217 quidquam
2054 5145 2203 5217 gigni
2242 5154 2437 5214 potest.
2477 5146 2685 5203 Graecia
2717 5163 2846 5203 vero
2899 5153 3209 5206 accusanda
3250 5153 3499 5223 profecto
3548 5169 3645 5208 non
3682 5157 3756 5208 est.

525 5251 789 5308 tanquam
852 5239 1002 5294 arida
1031 5242 1261 5296 nimium
1311 5251 1366 5296 et
1407 5239 1732 5305 infecunda;
1806 5242 1970 5296 habet
2017 5240 2160 5294 enim
2203 5241 2414 5297 altioris
2484 5242 2862 5312 molliorisque
2905 5244 3009 5300 soli
3054 5245 3346 5316 plerosque
3384 5258 3608 5303 tractus.
3642 5242 3757 5312 Quod

527 5331 576 5386 si
610 5341 766 5389 terra
788 5335 1036 5405 quaedam
1070 5336 1315 5391 barbarae
1342 5333 1559 5406 frugum
1582 5336 1827 5389 ubertate
1842 5342 2119 5403 prmstant,
2160 5343 2221 5388 ut
2247 5335 2525 5390 abundent
2556 5334 2853 5401 alimentis,
2912 5352 3101 5392 eorum
3134 5348 3313 5396 tamen
3337 5382 3353 5404 ,
3424 5343 3516 5412 qui
3569 5341 3754 5402 alantur,

525 5442 873 5502 quorumque
923 5445 1086 5484 causa
1158 5429 1536 5484 tantummodo
1577 5428 1832 5481 alimenta
1903 5426 2232 5496 proveniunt
2303 5430 2575 5498 paucitate
2643 5431 2914 5487 laborant.
2947 5432 3074 5488 Sola
3101 5436 3300 5505 quippe
3329 5433 3558 5504 Griecia,
3595 5435 3633 5490 si
3666 5442 3760 5484 vene

525 5521 673 5589 loqui
714 5519 961 5584 velimus,
996 5520 1278 5576 hominum
1339 5518 1672 5590 procreatrix
1741 5524 1844 5583 est,
1903 5527 2088 5587 utpote
2124 5534 2248 5588 qua:
2299 5519 2578 5576 cmleStem
2623 5522 2849 5578 omnino
2912 5525 3176 5594 plantam,
3239 5528 3410 5600 399
3453 5530 3758 5591 divinumque

525 5625 768 5677 germen,
801 5621 858 5667 et
928 5613 1076 5669 omni
1122 5628 1188 5667 ex
1213 5621 1365 5682 parte
1429 5609 1725 5682 perfectum
1753 5649 1766 5671 ,
1803 5609 1908 5664 hoc
1945 5616 2030 5663 est
2075 5608 2486 5680 intelligentiam
2559 5611 2731 5682 ipsam
2763 5615 2958 5684 pariat,
2989 5631 3113 5672 cum
3177 5622 3408 5678 scientia
3435 5621 3604 5680 nativa
3657 5630 3760 5689 qua

515 5705 650 5763 dum
679 5706 999 5777 cognatione
1033 5705 1402 5770 coniunctam.
1436 5704 1606 5774 Cujus
1653 5706 1731 5761 rei
1776 5719 1942 5761 causa
1999 5704 2112 5761 hac
2149 5710 2251 5767 est,
2291 5701 2437 5772 quod
2486 5705 2630 5761 aeris
2712 5708 2974 5770 tenuitate
3045 5728 3199 5770 mens
3242 5714 3486 5773 hominis
3527 5720 3753 5772 acuetur:
