3838 6384
132 364 202 419 681
1160 359 1484 416 ΡΒΛΕΡΑΒ.
1524 361 1582 416 E‘

1697 361 1775 419 iG.
1821 361 1947 418 LIB.
1991 364 2082 420 lX.
3189 371 3293 428 σεε

127 485 186 536 ὅτι
214 477 272 549 μὴ
311 474 445 538 ἐκτὸς
486 474 752 546 σώφρονος
799 475 1059 548 λογισμοῦ
1113 477 1213 550 τὴν
1268 477 1378 532 τῶν
1421 479 1582 552 δηλου

1712 498 1834 552 quae
1862 498 2035 554 usque
2063 498 2095 538 a
2123 484 2305 555 prisco
2328 486 2598 557 majorum
2635 502 2860 542 suorum
2901 503 3016 544 aevo
3047 489 3289 558 ducitur,

128 573 258 643 μένων
303 567 584 636 φιλοσοφίαν
626 567 734 623 τῶν
807 568 1072 638 Ἐλλήνων
1107 573 1582 644 προτετιμήκαμεν

1714 575 1958 630 historia:
1983 578 2352 633 meminerint.
2399 578 2689 635 Ordiemur
2717 589 2899 637 autem
2929 583 2996 638 ab
3021 584 3153 654 ipsis
3194 602 3292 656 po-

133 655 357 712 Ἀκόλουθα
394 654 513 724 γοῦν
564 659 677 720 τοῖς
733 657 1232 730 προεξητασμένοις
1261 665 1334 716 ’ὲν
1377 662 1454 733 τῷ
1503 681 1579 734 πρ

1715 665 1828 736 puli
1855 667 2140 736 moribus,
2177 677 2238 724 ut
2287 669 2555 740 intelligas
2588 671 2841 739 prudenti
2894 688 2996 729 nos
3046 654 3292 746 sanoque

123 750 261 804 τούτου
308 748 671 821 συγγράμματι
731 752 826 804 καὶ
884 752 953 806 τὰ
1018 752 1118 823 τῆς
1168 753 1366 826 ἠθικῆς
1429 756 1582 810 αὑτοῖ

1714 757 1946 813 consilio
1975 774 2166 814 eorum
2190 760 2536 831 disciplinam
2580 760 2894 817 Graecorum
2930 765 3290 837 philosophia:

123 841 404 895 ἐπιτελεῖσθαι
445 843 823 912 συνασκήσεως
862 844 923 897 οὑ
965 845 1126 914 μόνον
1164 847 1221 899 ai
1257 848 1388 919 παρ’
1422 849 1582 901 αὑτοϊη

1712 852 2037 922 praetulisse.
2064 851 2256 909 Testes
2299 854 2580 910 enimvero
2629 867 2759 914 sunt
2809 875 2918 914 non
2949 876 3121 916 sacra:
3143 864 3286 918 dun-

123 935 224 1005 ἱεραὶ
243 933 402 1002 βίϐλοι,
435 932 565 988 ἀλλὰ
593 933 685 985 καὶ
721 935 828 988 τῶν
877 937 1006 1006 παρ’
1034 937 1260 1009 Ἕλλησι
1302 939 1582 1010 φιλοσόφον

1712 954 1865 1000 taxat
1891 944 2247 1001 Hebraeorum
2278 946 2492 1013 litterae,
2529 951 2622 1004 sed
2657 951 2824 1006 etiam
2867 953 2905 1007 ii
2938 955 3030 1024 qui
3065 964 3119 1010 et
3140 955 3290 1011 Grae-

119 1028 155 1080 οἱ
194 1025 378 1095 μάλιστα
427 1024 698 1093 διαφανεῖς
756 1028 850 1079 καὶ
927 1019 1045 1081 καθ’
1077 1031 1226 1100 ἡμᾶς
1291 1030 1582 1103 βεϐοημένο

1709 1051 1806 1092 cos
1833 1036 1975 1092 inter
2000 1052 2347 1108 summopere
2378 1037 2704 1105 ﬂoruerunt,
2741 1043 3012 1115 hodieque
3052 1049 3290 1106 maxime

121 1117 395 1188 μαρτυροῦσι.
423 1117 529 1170 Καὶ
551 1117 615 1190 δὴ
645 1117 825 1172 λαϐὼν
848 1121 1124 1190 ἀνάγνωθι
1143 1123 1212 1176 τὰ
1237 1124 1582 1197 Θεοφράστου

1708 1129 2059 1184 celebrantur
2084 1131 2422 1201 philosophi,
2449 1143 2875 1190 consentaneum
2902 1137 2999 1204 iis,
3035 1156 3158 1209 qua:
3196 1159 3290 1196 su-

118 1213 157 1262 ὲν
185 1212 266 1271 τοῖς
291 1209 557 1281 Πορφυρίῳ
592 1215 852 1281 γραφεῖσι
873 1215 1013 1282 Περὶ
1031 1214 1143 1283 τῆς
1169 1214 1290 1269 τῶν
1317 1217 1582 1287 ἐμψύχωι

1711 1221 1925 1289 pcriore
1953 1221 2090 1276 libro
2121 1223 2408 1294 diligenter
2435 1226 2812 1295 expendimus,
2867 1243 2964 1286 eos
3002 1232 3129 1287 vitae
3169 1249 3288 1287 mo-

115 1295 303 1367 ἀποχῆς,
320 1301 527 1371 κείμενα
548 1299 738 1354 τοῦτον
768 1300 860 1355 τὸν
892 1304 1114 1376 τρόπον.

1708 1327 1943 1384 rumque
1968 1316 2236 1371 rationem
2280 1326 2483 1373 tenere.
2518 1319 2631 1388 Age
2657 1320 2841 1389 igitur,
2883 1336 2948 1376 ea
3003 1324 3138 1378 mihi
3171 1342 3288 1396 per-

116 1391 323 1460 lege,qua:
344 1389 670 1462 Porphyrius
693 1395 746 1449 in
769 1412 899 1453 suos
926 1399 1002 1452 De
1026 1417 1204 1453 rerum
1238 1404 1602 1458 animatarum
1641 1405 1962 1461 abstinentia
2001 1409 2175 1463 libros
2224 1411 2371 1466 hunc
2426 1411 2481 1465 in
2525 1411 2750 1466 modum
2781 1429 2872 1484 ‘ex
2907 1389 3287 1486 Theophrasm

115 1488 254 1540 retulit.

549 1606 951 1663 ΚΕΦΑΛΑῘΟΝ
989 1610 1063 1661 B'.

111 1715 404 1783 Θεοφράστου
463 1718 595 1786 περὶ
668 1721 991 1788 Ἰουδαίων,
1051 1726 1170 1780 ἀπὸ
1222 1727 1329 1782 τοῦ
1389 1727 1442 1784 α’
1482 1731 1602 1786 τῶν

154 1788 427 1854 Περφῳιου
461 1789 602 1856 Περὶ
648 1789 759 1858 τῆς
797 1791 915 1844 τῶν
939 1795 1231 1864 ἐμψύχων
1269 1799 1527 1869 ἀποχῆς.

2335 1613 2566 1670 CAPUT
2601 1613 2667 1668 Ii.

1891 1725 1968 1782 De
1992 1726 2202 1780 Iudaeis
2224 1743 2287 1780 ea:
2313 1727 2688 1795 Theophrasto,
2733 1745 2886 1798 quem
2929 1729 3116 1784 laudat
3144 1730 3282 1786 Por-

1743 1799 1962 1870 phyrius
1994 1799 2164 1868 primo
2202 1799 2275 1850 De
2311 1814 2485 1851 rerum
2511 1801 2871 1852 animatarum
2905 1801 3244 1858 abstinentia.

157 1900 371 1952 «Καίτοι
399 1901 525 1954 διότι
569 1900 684 1973 (45)
719 1901 908 1976 Σύρων
948 1906 1048 1974 μὲν
1092 1909 1335 1964 Ἰουδαῖοι
1376 1913 1464 1968 διὰ
1500 1915 1582 1987 τὴε

1779 1909 1875 1963 «Et
1892 1924 2044 1975 sane,
2072 1908 2271 1979 inquit,
2305 1907 2350 1963 si
2377 1923 2443 1963 ex
2474 1907 2627 1979 Syris
2659 1908 2853 1976 Judaei,
2881 1911 2996 1981 qui,
3026 1913 3169 1982 quod
3196 1915 3282 1968 in—

106 1988 146 2054 ἐξ
167 1991 297 2062 ἀρχῆς
331 1991 509 2046 θυσίαν
553 1994 637 2048 ἔτι
684 1995 780 2049 καὶ
824 1997 940 2062 νῦν,
982 2001 1144 2069 φησιν
1179 2001 1208 2053 ὁ
1235 1992 1596 2074 Θεόφραστος,

105 2083 376 2145 ζωθυτοῦσιν
414 2086 522 2158 (46)
548 2129 564 2152 ,
635 2091 686 2142 εἰ
727 2089 825 2151 ,τὸν
869 2091 1030 2144 αὑτὸν
1075 2094 1221 2164 ἡμᾶς
1271 2097 1472 2166 τρόπον
1515 2115 1600 2161 τις

104 2174 252 2228 κελεύοι
279 2176 376 2246 (47)
406 2177 569 2243 θύειν,
599 2180 979 2252 ἀποσταίημεν
1006 2181 1072 2235 ἂν
1095 2184 1194 2254 τῆς
1221 2182 1492 2254 πράξεως.
1523 2187 1597 2239 Οὑ

105 2269 177 2340 γὰρ
195 2268 463 2339 ἑστιώμενοι
505 2272 619 2341 (48)
672 2272 780 2325 τῶν
825 2273 1114 2338 τυθέντων,
1177 2275 1598 2340 ὁλοκαυτοῦντες

102 2360 139 2413 σε
156 2361 282 2415 ταῦτα
301 2364 497 2430 νυκτὸς,
532 2365 630 2418 καὶ
659 2367 780 2418 κατ’
802 2366 982 2419 αὐτῶν
1013 2367 1146 2420 πολὺ
1183 2367 1303 2438 μέλι
1328 2368 1424 2421 καὶ
1455 2365 1597 2422 οἶνον

103 2453 317 2518 λείϐοντες,
362 2456 651 2525 ἀνήλισκον
701 2455 801 2527 τὴν
854 2456 1044 2510 θυσίαν
1100 2457 1315 2523 θᾶττον,
1365 2460 1452 2512 ἵνα
1501 2459 1596 2513 τοῦ

100 2544 218 2598 δεινοῦ
237 2546 328 2618 (i9)
355 2548 468 2618 μηδ’
497 2551 525 2601 ὁ
560 2549 676 2620 (50)
705 2551 984 2622 πανόπτης
998 2551 1209 2619 γένοιτο
1237 2551 1456 2623 θεατής.
1482 2554 1598 2606 Καὶ

102 2636 206 2690 τοῦτο
231 2639 389 2709 δρῶσι,
419 2642 773 2711 νηστεύοντες
802 2642 902 2706 τὰς
929 2642 1033 2698 ἀνὰ
1066 2641 1228 2714 μέσον
1248 2643 1455 2698 τούτων
1482 2643 1567 2714 (51
1578 2649 1596 2712 )

101 2728 269 2800 ἠμέρσςε
298 2730 426 2784 κατὰ
450 2732 505 2785 δὲ
533 2732 720 2786 πάντα
746 2733 934 2786 τοῦτον
959 2733 1052 2786 τὸν
1083 2732 1296 2806 χρόνον,
1327 2733 1422 2787 ἅτε
1447 2733 1596 2802 φιλό-

100 2833 202 2885 σοφοι
234 2822 282 2874 τὸ
302 2822 445 2890 γένος
480 2823 659 2888 ὄντες,
701 2825 828 2896 περὶ
869 2823 965 2877 τοῦ
1003 2823 1160 2878 Θείου
1207 2826 1304 2896 μὲν
1348 2824 1596 2898 ἀλλήλοις

99 2907 270 2975 λαλοῦσι,
302 2914 391 2983 τῆς
427 2913 484 2967 δὲ
522 2915 721 2977 νυκτὸς
750 2913 859 2968 τῶν
910 2914 1126 2984 ἄστρων
1176 2915 1449 2968 ποιοῦνται
1495 2914 1595 2987 τὴν

98 3000 274 3073 θεωρίαν,
313 3005 594 3076 βλέποντες
647 3010 727 3070 εἰς
777 3007 945 3072 αὐτὰ,
995 3008 1089 3060 καὶ
1134 3007 1223 3061 διὰ
1267 3007 1374 3060 τῶν
1421 3007 1594 3079 εὑχῶν

96 3088 432 3160 θεοκλυτοῦντες.
464 3096 824 3170 Κατήρξαντο
846 3098 954 3168 γὰρ
979 3092 1124 3151 οὗτοι
1153 3097 1360 3167 πρῶτοι
1397 3096 1504 3150 τῶν
1533 3113 1592 3150 τε

95 3183 235 3238 λοιπῶν
273 3186 442 3253 ζώων,
495 3192 593 3244 καὶ
655 3190 807 3260 σφῶν
847 3190 1047 3254 αὐτῶν,
1094 3190 1312 3262 ἀνάγκῃ
1359 3191 1454 3244 καὶ
1489 3191 1591 3243 οὑκ

95 3278 284 3352 ἐπιθυμίᾳ
309 3283 451 3336 τοῦτο
483 3283 816 3355 πράξαντες·
864 3305 882 3336 ³

1700 2002 1952 2058 stitutum
1985 2001 2125 2071 apud
2152 2017 2246 2056 eos
2285 1999 2400 2070 jam
2441 2001 2565 2055 inde
2605 2003 2672 2057 ab
2707 2002 2863 2058 initio
2892 2003 2997 2059 hoc
3026 2006 3280 2062 sacriﬁcii

1697 2109 1870 2162 genus
1899 2093 2086 2161 fuerit,
2116 2093 2438 2160 etiamnum,
2466 2091 2642 2163 inquit
2688 2093 3124 2164 Theophrastus,
3163 2101 3281 2154 ani-

1699 2189 1912 2236 mantes
1934 2183 2239 2246 immolant,
2271 2183 2484 2246 eodem,
2507 2199 2619 2253 quo
2641 2183 2764 2252 ipsi,
2798 2185 2906 2238 ritu
2931 2201 3086 2240 sacra
3103 2185 3281 2242 facere

1698 2286 1803 2326 nos
1824 2271 2098 2340 juberent,
2140 2288 2421 2341 nunquam
2468 2291 2534 2328 eo
2566 2289 2665 2328 nos
2710 2276 2905 2329 adduci
2945 2285 3276 2345 pateremur.

1697 2360 1808 2418 Nec
1833 2363 1978 2417 enim
2012 2363 2168 2418 caesis
2190 2363 2428 2419 victimis
2461 2365 2529 2418 ad
2583 2364 2766 2420 cibum
2797 2367 2876 2420 uti
2929 2367 3125 2435 solent,
3183 2370 3280 2423 sed

1699 2452 1940 2522 integras
1967 2468 2032 2507 ac
2064 2453 2286 2517 solidas,
2333 2463 2387 2508 et
2413 2455 2584 2510 multo
2627 2456 2787 2510 melle
2823 2457 3058 2528 vinoque
3097 2461 3281 2529 perfu-

1699 2559 1793 2600 sas
1820 2553 1982 2600 noctu
2024 2543 2260 2599 ﬂammis
2291 2546 2602 2613 absumere,
2642 2563 2705 2601 ac
2738 2557 2910 2603 totum
2943 2551 3278 2606 sacrificium

1698 2637 1888 2706 paucis
1914 2637 2122 2706 aliquot
2153 2637 2304 2693 boris
2338 2653 2617 2708 peragere,
2646 2639 2834 2709 utique
2863 2656 2929 2694 ne
2967 2642 3160 2697 oculus
3189 2643 3279 2697 ille

1697 2728 1882 2782 omnia
1906 2727 2195 2797 pervidens
2225 2728 2509 2800 indignum
2545 2729 2757 2787 facinus
2787 2733 3036 2802 aspiciat.
3071 2732 3278 2788 Deinde

1696 2833 1848 2885 vero,
1873 2819 2067 2876 diebus
2093 2821 2169 2875 illi
2197 2822 2451 2894 singulis,
2484 2823 2613 2877 dum
2644 2824 2914 2893 ejusmodi
2947 2825 3119 2881 sacris
3148 2842 3280 2896 ope-

1697 2926 1814 2965 ram
1845 2913 1994 2978 dant,
2017 2927 2142 2968 cum
2167 2912 2378 2983 jejunio
2403 2929 2526 2969 sese
2563 2914 2788 2980 dedunt,
2828 2923 2943 2969 tum
2995 2917 3061 2970 de
3089 2917 3276 2970 divino
3315 2953 3318 2955 ›

1698 3001 1954 3070 Numine,
1988 3004 2068 3058 uti
2103 3003 2354 3060 homines
2419 3006 2536 3075 ipso
2566 3023 2763 3078 genere
2792 3008 3150 3079 phil050phos
3173 3010 3275 3064 de~

1696 3104 1801 3159 cet,
1837 3099 1952 3146 toto
1984 3091 2077 3147 illo
2106 3101 2349 3163 tempore
2392 3109 2674 3151 sermones
2724 3095 2867 3150 inter
2905 3111 2964 3150 se
2994 3097 3226 3153 miscent
3256 3117 3271 3155 :

1697 3191 1859 3238 noctu
1896 3192 2077 3238 autem
2121 3185 2298 3239 sidera
2328 3185 2521 3240 delixis
2568 3185 2621 3239 in
2675 3187 2874 3241 cmlum
2917 3188 3092 3243 oculis
3141 3205 3274 3244 con-

1613 3264 1660 3326 C
1694 3276 2046 3346 templantur,
2115 3292 2243 3332 suas
2290 3277 2496 3332 interea
2537 3293 2725 3348 preces
2773 3288 2936 3348 atque
2990 3291 3113 3335 vota
3161 3281 3272 3336 Deo

93 3383 398 3442 nuncupantes.
437 3376 499 3430 Hi
555 3375 708 3431 enim
762 3391 869 3430 non
923 3385 1148 3430 caeteras
1211 3381 1422 3428 tantum
1487 3372 1830 3434 animantes,
1870 3368 1965 3424 sed
2007 3368 2172 3424 etiam
2233 3373 2558 3442 semctipsos
2607 3373 2769 3443 primi
2814 3373 3057 3429 omnium
3077 3375 3274 3430 oﬂ'erte

93 3480 329 3537 coeperunt,
381 3473 708 3530 necessitate
758 3470 1004 3542 profecto
1036 3512 1052 3538 ,
1104 3485 1216 3527 non
1278 3468 1578 3538 cupiditate
1615 3465 1784 3522 ducti.
1821 3483 1839 3515 ι

539 3589 942 3642 ΚΕΦΑΛΑΙΟΝ
974 3587 1048 3642 Γ’.

93 3693 346 3764 Πορφυρίων
391 3699 687 3786 περὶητῆς
728 3699 797 3786 τὸ
849 3699 1107 3786 xanimor
1144 3698 1582 3786 ,διαλαμψάσης

334 3771 484 3839 παρὰ
522 3771 832 3836 Ἰουδαίοις
864 3771 1248 3839 φιλοσοφίας.

134 3877 210 3932 Καὶ
243 3882 290 3935 ὲν
343 3883 414 3954 τῷ
460 3885 712 3957 τετάρτῳ
779 3883 838 3937 δὲ
889 3883 987 3954 τῆς
1037 3883 1210 3954 αὑτῆς
1269 3883 1583 3947 ὑποθέσεως

89 3970 246 4026 τοιαῦτα
267 3977 380 4047 περὶ
407 3977 514 4029 τῶν
541 3977 725 4032 αὑτῶν
758 3978 962 4046 ἱστορεῖ
1000 3979 1029 4030 ὁ
1051 3976 1384 4048 Πορφύρίος’
1419 3995 1437 4028 ⁴
1463 3976 1583 4029 Εἰσὶ

88 4059 208 4115 τοίνυν
232 4065 325 4136 (52)
355 4069 400 4120 oi
433 4069 692 4134 Ἐσσαῖοι,
738 4067 979 4121 Ἰουδαῖοι
1012 4068 1111 4139 μὲν
1146 4067 1208 4120 τὸ
1241 4066 1417 4136 γένος,
1459 4067 1582 4138 φιλ-

88 4150 239 4223 ᾶιληλοι
275 4158 325 4211 δὲ
365 4159 454 4212 κα)⁸
498 4159 612 4213 τῶν
671 4159 844 4214 ἄλλων
896 4159 1076 4214 πλέον.
1147 4152 1308 4213 Οὗτοι
1339 4158 1437 4223 τὰς
1482 4159 1580 4230 μὲν

86 4242 220 4310 ἡδονὰς
240 4248 302 4312 ὡς
320 4251 502 4304 κακίαν
521 4251 958 4321 ἀποστρέφονται
978 4267 992 4280 υ
1024 4250 1125 4320 τὴν
1147 4249 1203 4302 δὲ
1229 4249 1575 4320 ἐγκράτειαν,

86 4337 148 4387 ni.
168 4339 214 4390 τὸ
240 4341 301 4412 μὴ
329 4346 432 4408 τοῖς
461 4344 693 4398 πάθεσιν
725 4343 1076 4408 ὑποπίπτειν,
1105 4341 1306 4414 ἀρετὴν
1332 4343 1577 4412 ὑπολαμ-

87 4421 259 4483 iiiis-um.
284 4432 382 4485 Καὶ
419 4434 595 4504 γάμου
638 4433 738 4504 μὲν
779 4432 963 4494 αὐτοῖς
999 4433 1270 4503 ὑπεροψία
1294 4449 1306 4462 ·
1355 4433 1482 4496 τοὺς
1527 4431 1572 4485 δ’

2317 3581 2550 3640 CAPUT
2580 3581 2668 3638 Ill.

1694 3697 1777 3751 Ea:
1825 3699 2139 3769 Porphyrio,
2171 3699 2234 3753 de
2284 3700 2458 3768 prisca
2515 3708 2563 3752 et
2593 3699 2790 3769 insigni
2848 3701 2993 3770 apud
3046 3701 3266 3756 Juda’os

2144 3770 2546 3839 philosophandi
2578 3771 2804 3825 ratione.

1787 3879 1906 3935 iam
1971 3896 2099 3936 vero
2133 3923 2147 3944 ,
2210 3896 2332 3951 quae
2375 3889 2701 3949 sequuntur,
2730 3881 2783 3935 in
2824 3892 3022 3952 quarto
3061 3883 3268 3938 laudati

1691 3975 1871 4044 operis
1901 3973 2064 4038 libro,
2097 3974 2162 4027 de
2191 3972 2382 4027 iisdem
2413 3971 2754 4044 Porphyrius
2781 3973 2898 4043 ipse
2922 3989 3262 4030 commemo-

1689 4075 1794 4120 rat.
1824 4064 2045 4129 cEssaai,
2073 4065 2249 4133 inquit
2273 4065 2380 4130 ille,
2406 4072 2564 4135 gente
2589 4065 2809 4134 quidem
2841 4064 3014 4121 Judaei
3031 4077 3177 4135 sunt,
3210 4079 3268 4124 at

1691 4160 1885 4206 mutuo
1916 4166 2038 4206 sese
2069 4166 2256 4205 amore
2311 4166 2422 4220 pra:
2480 4152 2695 4206 caeteris
2723 4154 2984 4211 omnibus
3027 4157 3265 4227 comple-

1686 4253 1929 4300 ctuntur.
1962 4244 2008 4298 A
2038 4243 2412 4314 voluptatibus
2453 4244 2752 4299 abhorrent
2803 4254 3060 4318 tauquam
3087 4263 3117 4302 a
3145 4264 3264 4304 sce-

1685 4337 1830 4403 lere;
1868 4336 2258 4392 continentiam
2315 4347 2364 4392 et
2427 4337 2786 4408 cupiditatum
2818 4340 3104 4395 victoriam
3148 4341 3264 4395 vir-

1684 4431 1813 4484 tutis
1843 4429 1964 4484 loco
1985 4430 2211 4484 ducunt.
2239 4429 2457 4500 Nuptiis
2483 4432 2758 4486 abstinent
2783 4433 2859 4486 illi
2889 4432 3128 4503 quidem,
3161 4432 3260 4489 sed

86 4515 313 4592 ἀλλοτρξους
343 4528 528 4591 παῖδας
560 4525 1015 4596 ἐκλαμϐάνοντες,
1047 4524 1289 4588 ἁπαλοὺς
1320 4524 1398 4578 ἔτι
1437 4525 1573 4596 πρὸς

1697 4522 1886 4578 ιιὶεηοε
1939 4522 2162 4589 liberos,
2209 4521 2338 4576 dum
2388 4523 2454 4578 ad
2513 4525 2881 4594 capessendas
2939 4525 3257 4595 disciplinas

84 4610 130 4661 τὰ
159 4615 420 4687 μαθήματα,
464 4621 748 4688 συγγενεῖς
791 4615 1070 4688 ἡγοῦνται,
1116 4617 1212 4670 καὶ
1244 4619 1355 4679 τοῖς
1387 4615 1574 4686 ἧθεσιν

87 4704 229 4758 ἑαυτῶν
251 4711 547 4766 ἐντυποῦσι·
582 4711 677 4765 τόν
704 4728 768 4780 γε
791 4711 968 4782 γάμον
995 4710 1107 4781 (53)
1135 4710 1231 4764 καὶ
1261 4710 1360 4780 τὴν
1391 4709 1449 4776 ἐξ
1475 4710 1571 4763 αὑ-

130 4876 208 4949 (45)
229 4884 323 4953 Καί
346 4902 428 4940 τοι
470 4886 642 4940 διότι.
690 4883 933 4939 [labetur
958 4884 1047 4938 hic
1079 4883 1231 4938 locus
1260 4883 1401 4953 apud
1435 4883 1570 4936 Por-

84 4945 512 5024 ἓῖητξοιηδεεο-ιιιιι.
558 4971 733 5024 nuper
764 4971 952 5010 excus.
988 4955 1104 5024 hoc
1135 4962 1218 5008 est
1246 4945 1373 5009 ann.
1407 4954 1570 5018 i620,

85 5011 237 5094 [ib-un,
273 5040 379 5093 pag.
421 5027 550 5091 167;
598 5011 732 5081 aiter
769 5024 1025 5080 editionis
1075 5023 1274 5078 Grzecae
1314 5039 1435 5094 pag.
1475 5011 1564 5078 27.

86 5081 381 5148 νοθειιιὸιὰἵι
437 5081 700 5168 Porphyr.
756 5102 812 5150 et
877 5109 1154 5149 manuscr.
1215 5081 1564 5164 exp'ungunt,

84 5168 197 5213 recte.

133 5229 210 5299 (ίδ)
235 5237 632 5308 Ζωοθυτοῦσιν.
667 5237 962 5308 Porphyr.,
991 5234 1324 5308 ζωοθυτοὺν,
1351 5243 1565 5308 utrum-

84 5309 155 5380 ςΙιιε
179 5306 307 5380 male,
334 5311 417 5364 sed
450 5313 550 5365 hoc
583 5309 756 5380 pejus.
781 5303 1205 5380 —Ni'liilo_meliu_s
1232 5303 1565 5371 ζωοθυτούν-

84 5379 172 5449 ῖωπεν
195 5379 494 5449 quodhahet
525 5374 616 5436 alt.
646 5374 946 5434 'manuscr.
973 5374 1209 5447 Legend.
1245 5392 1375 5449 ergo
1402 5385 1564 5446 puta-

85 5444 202 5516 νετίμει
229 5444 600 5516 ζωοθυτοῦντες.

128 5509 318 5592 μηΪις
345 5509 588 5578 κελεύοί.
636 5521 925 5592 Porphyr.,
957 5517 1265 5592 κελεύοιεν,
1311 5517 1429 5592 sine
1476 5533 1562 5592 τις

88 5587 200 5654 ἷθῖδιεο
230 5584 382 5643 Possit
411 5604 584 5648 tamen
612 5584 838 5649 Eusebii
851 5589 1008 5644 lectio
1039 5587 1284 5651 retineri,
1318 5588 1364 5642 si
1396 5588 1562 5641 modo

87 5647 318 5732 “ﬁgam
339 5647 555 5717 habetur
574 5647 735 5732 super
756 5670 996 5732 mutetur
1028 5661 1082 5714 in
1111 5659 1215 5732 dig,
1231 5647 1330 5732 vel
1344 5657 1558 5732 ὥσπερ.

138 5717 307 5790 (ιε)ὀύ
334 5732 434 5800 γὰρ
453 5717 811 5802 ἐστιῶιὲκω.
844 5731 1028 5802 Ignota
1063 5740 1116 5787 et
1147 5717 1283 5786 falsa
1317 5717 1562 5806 loquitur

89 5779 427 5851 Theonhrastus-

147 5805 427 5863 eophrastus.

323 5894 500 5958 Pun.
534 5897 651 5960 Gn.
702 5895 880 5958 XXI.

1675 4615 1868 4671 molles
1896 4613 2080 4669 adhuc
2105 4622 2158 4670 et
2192 4614 2457 4671 ﬂexibiles
2490 4615 2526 4669 ii
2561 4625 2710 4682 sunt,
2734 4617 3045 4672 educandos
3072 4632 3255 4672 δυσοι-

1673 4709 1848 4778 piunt,
1881 4722 2020 4777 quos
2047 4708 2271 4777 perinde
2297 4718 2356 4764 ut
2381 4709 2718 4778 propinquos
2744 4718 2798 4765 et
2826 4707 3011 4764 amnes
3029 4709 3251 4777 habent,

1743 4883 1853 4954 (49)
1887 4884 1998 4956 Τοῦ
2026 4885 2258 4949 δεινοῦ,
2287 4895 2393 4941 etc.
2437 4885 2570 4941 Vide
2604 4900 2736 4940 num
2758 4884 3047 4956 Porphyrii
3082 4885 3253 4939 inter-

1671 4969 1819 5022 pres,
1855 4955 1989 5009 satis
2014 4972 2075 5009 ex
2104 4956 2222 5024 ejus
2256 4967 2434 5011 mente
2462 4957 2702 5022 verterit,
2733 4972 2796 5009 ne
2822 4955 3247 5026 quis’gravitatis

1671 5027 1908 5094 mysterii
1941 5026 2010 5077 sit
2044 5036 2328 5094 spectator.

1742 5094 1854 5167 ($0)
1889 5095 2040 5160 Μηδ’
2065 5099 2118 5151 ὀ.
2150 5095 2440 5167 Βοτριηνικ,
2477 5097 2549 5166 μὴ
2578 5097 2626 5160 ὁ,
2659 5095 2804 5166 quod
2839 5094 3046 5149 malim.

1741 5165 1850 5232 (5|)
1885 5167 2133 5218 Τούτων.
2164 5165 2686 5237 Ροιέριιήγτηγτούτου.

1740 5237 1852 5305 (52)
1896 5237 2030 5290 Εἰσὶ
2064 5235 2294 5300 τοίνυν,
2322 5235 2425 5291 etc.
2462 5236 2795 5304 Porphyrius
2839 5237 2928 5289 lih.
2965 5249 3038 5295 IV,
3068 5252 3120 5305 p.
3153 5235 3244 5302 55,

1667 5306 1794 5360 edit.
1823 5305 2043 5372 Graacze,
2068 5305 2472 5362 atGraeco-Lat.
2500 5307 2756 5360 ’58211ερρ
2780 5306 2847 5359 de
2875 5307 3072 5360 Essazis
3097 5322 3245 5360 com-

1668 5387 1932 5432 memorat
1960 5393 2028 5433 ex
2068 5375 2339 5446 Josepho,
2373 5377 2511 5431 Belli
2542 5376 2763 5430 Judaici
2799 5377 2893 5430 lib.
2932 5391 2970 5430 ll
2991 5417 3005 5434 .
3038 5391 3156 5442 cap.
3189 5375 3242 5444 7,

1668 5447 1802 5519 alias
1837 5448 1926 5512 12,
1961 5449 2029 5504 de
2057 5449 2265 5519 quibu_s_
2301 5449 2458 5519 longe
2493 5449 2710 5502 brevius
2741 5453 2942 5519 egerat,
2975 5446 3239 5516 Antiq-eit.

1665 5518 1952 5643 Εὲτιινιη,
1983 5517 2102 5590 cap.
2132 5518 2187 5574 2.
2222 5517 2356 5574 Vide
2398 5517 2562 5590 Supra
2603 5533 2726 5587 pag.
2774 5517 2876 5572 379
2929 5527 2982 5572 et
3028 5533 3144 5588 seq.
3175 5531 3242 5571 ex

1751 5605 1762 5640 ι
1791 5605 1912 5643 one.

1751 5605 1912 5644 none.

1703 5659 1849 5784 ά(55)
1883 5660 1994 5784 Ίὲόν·
2040 5678 2106 5732 τε
2152 5659 2289 5731 τάμ.
2335 5657 2599 5731 Porphyr.
2637 5666 2692 5714 et
2734 5656 2981 5727 Joseph.,
3014 5657 3107 5711 τὸν
3141 5655 3242 5728 μὲν

1743 5771 1780 5784 ..
1816 5745 1906 5784 rec
1931 5746 1980 5784 e.

1665 5740 1780 5798 γα,
1816 5740 1980 5790 recte.

2747 5883 2826 5942 22
