4086 6384
300 334 440 394 ϐἕιδ

1564 344 1886 400 ΡΒΑΞΡΛΒ.
1930 343 2182 402 EVANG.
2225 346 2353 402 LIB.
2393 345 2483 402 1X.

3515 353 3617 408 685

303 452 626 509 εσθὲντων
663 456 723 510 δὲ
764 455 882 526 μεθ’
914 457 1163 528 ἡσυχίας,
1191 459 1221 512 ὁ
1267 458 1363 530 μὲν
1397 459 1666 522 σιτοποιὸς
1693 460 1753 512 ἐν
1791 458 1917 524 τάξε

2044 458 2177 513 solis
2199 465 2381 513 ortum
2418 457 2738 527 loquuntur,
2781 456 2873 513 sed
2903 455 3392 530 patrias'quasdam
3415 463 3464 517 ei
3493 480 3617 533 pre-

304 554 724 626 παρατίθησιν
752 555 969 626 ἄρτους,
993 557 1021 608 ὁ
1039 555 1096 608 δὲ
1125 556 1388 628 μάγειρος
1418 555 1476 608 ἓν
1498 556 1717 624 ἀγγεῖον
1739 555 1797 622 ἐξ
1822 556 1940 619 ἐνὸς

302 638 651 712 ἐδέσματος
677 647 891 718 ἑκάστῳ
913 664 926 677 ·
970 648 1414 721 προκατάρχεται
1455 649 1512 702 δὲ
1540 649 1675 718 (65⁸)
1697 650 1726 700 ὁ
1761 650 1940 721 ἱερεὺς

299 729 426 799 τῆς
461 735 686 806 τροφῆς
716 736 884 807 ἁγνῆς
907 723 1072 808 οὔσης
1097 739 1191 792 καὶ
1214 739 1461 811 καθαρᾶς
1498 740 1612 809 (καὶ
1634 739 1934 807 γεύσασθαί

299 837 458 876 τινα.
518 827 652 898 πρὶν
694 828 790 899 τῆς
829 830 992 901 εὐχῆς
1031 831 1348 902 ἀθέμιτον)·
1378 833 1938 904 ἀριστοποιησάμενος

300 912 372 966 δὲ
419 918 735 990 ἐπεύχεται
778 923 995 993 μᾶλλον,
1047 927 1338 998 ἀρχόμενοί
1384 945 1443 980 τε
1502 928 1594 982 καὶ
1642 929 1936 998 παυόμενοι

302 1009 672 1081 γεραίρουσι
703 1013 795 1068 τὸν
840 1016 993 1070 Θεόν.
1027 1019 1237 1072 Ἔπειθ’
1269 1019 1346 1082 ὡς
1382 1019 1534 1091 ἱερὰς
1575 1019 1935 1090 καταθέμενοι

301 1098 426 1164 τὰς
467 1104 736 1176 ἐσθῆτας,
767 1109 926 1162 πάλιν
952 1111 1036 1162 ἐπ’
1065 1111 1200 1181 ἔργα
1223 1112 1514 1182 τρέπονται
1544 1112 1703 1186 μέχρι
1734 1113 1932 1186 δείλης.

303 1192 639 1250 ΔΞιπνοῦσι
686 1198 732 1251 δ’
773 1199 1211 1272 ὑποστρέψαντες
1253 1203 1474 1272 ὁμοίως,
1525 1204 1934 1276 συγκαθεζομέ-

304 1300 437 1335 νων
476 1286 595 1339 τῶν
629 1286 813 1354 ξένων,
853 1291 902 1344 οἳ
929 1291 1138 1362 τύχοιεν
1171 1294 1354 1357 αὐτοῖς
1384 1295 1668 1366 παρόντες.
1705 1295 1844 1350 Οὔτε
1867 1297 1926 1350 δὲ

304 1380 564 1450 κραυγή
599 1398 729 1434 ποτε
758 1383 849 1436 τὸν
876 1378 1022 1437 οἷκον
1067 1383 1189 1438 οὔτε
1226 1385 1452 1457 θόρυϐος
1480 1385 1713 1456 μιαίνει·
1742 1388 1841 1451 τὰς
1873 1389 1931 1442 δὲ

303 1466 541 1534 λαλιὰς
585 1474 643 1526 ἐν
691 1474 843 1540 τάξει
897 1477 1316 1550 παραχωροῦσιν
1354 1479 1631 1550 ἀλλήλοις,
1683 1481 1777 1534 καὶ
1815 1485 1929 1546 τοῖς

308 1559 545 1624 ἔξωθεν
577 1565 652 1628 ὡς
687 1569 982 1640 μυστήριόν
1011 1587 1064 1623 τι
1093 1571 1318 1642 φρικτὸν
1357 1572 1390 1642 ἡ
1419 1571 1528 1624 τῶν
1561 1571 1708 1626 ἔνδον
1749 1574 1927 1646 σιωπὴ

307 1657 759 1723 καταφαίνεται.
804 1660 1004 1714 Τούτου
1047 1661 1107 1715 δὲ
1149 1663 1318 1716 αίτιον
1363 1664 1397 1733 ἡ
1450 1663 1701 1735 διηνεκὴς
1744 1663 1924 1735 νῆψις,

309 1748 427 1800 καὶ
461 1751 526 1802 τὸ
557 1752 866 1824 μετρεῖσθαι
897 1756 1026 1824 παρ’
1059 1754 1240 1818 αὐτοῖς
1270 1753 1474 1827 τροφὴν
1509 1755 1602 1808 καὶ
1635 1755 1798 1810 ποτὸν
1831 1756 1926 1828 μέ-

309 1856 424 1909 χρι
467 1842 634 1912 κόρου
671 1842 801 1913 (66).
828 1845 953 1909 Τοῖς
981 1845 1038 1898 δὲ
1073 1844 1296 1918 ζηλοῦσι
1321 1847 1420 1919 τὴν
1444 1849 1657 1919 αἵρεσιν
1687 1849 1788 1902 οὐκ
1832 1850 1924 1902 εὐ-

312 1928 432 1994 θὺς
473 1934 504 2003 ἡ
541 1933 793 2004 πάροδος,
838 1935 954 1989 ἀλλ’
1001 1939 1087 1991 ἐπ’
1122 1939 1367 1992 ἐνιαυτὸν
1400 1939 1518 2004 -ἐξω
1565 1940 1779 2011 μένοντι
1827 1943 1926 2015 τὴν

313 2022 517 2094 αὐτὴν
563 2025 904 2081 ὑποτίθενται
947 2028 1176 2094 δίαιταν,
1214 2030 1491 2103 ἀξινάριόν
1535 2049 1594 2084 τε
1637 2034 1732 2086 καὶ
1776 2034 1927 2106 περί-

315 2115 498 2187 ζωμα
554 2117 759 2183 δόντες,
809 2121 902 2174 καὶ
947 2119 1146 2194 λευκὴν
1194 2123 1416 2187 ἐσθῆτα.
1471 2123 1722 2178 Ἐπειδὰν
1763 2125 1822 2178 δὲ
1869 2127 1926 2178 ἐν

315 2209 518 2280 τούτῳ
542 2210 619 2281 τῷ
643 2213 817 2284 χρόνῳ
847 2217 1040 2285 πεῖραν
1075 2216 1402 2287 ἐγκρατείας
1423 2217 1519 2288 δῷ,
1549 2218 1796 2289 πρόσεισι
1830 2217 1926 2288 μὲν

319 2303 527 2370 ἔγγιον
551 2307 617 2376 τῇ
645 2304 844 2380 διαίτῃ,
881 2308 973 2360 καὶ
995 2307 1377 2381 καθαρώτερον
1406 2309 1513 2364 τῶν
1536 2310 1674 2382 πρὸς
1701 2311 1925 2378 ἁγνείαν

318 2395 550 2449 ὑδάτων
593 2397 1034 2469 μεταλαμϐάνει·
1071 2400 1558 2471 παραλαμϐάνεται
1608 2401 1664 2454 δὲ
1704 2404 1785 2465 εἰς
1826 2401 1926 2467 τὰς

323 2486 679 2557 συμϐιώσεις
721 2491 970 2544 οὐδέπωο
1017 2491 1155 2563 μετὰ
1206 2493 1314 2564 γὰρ
1352 2493 1454 2565 τὴν
1485 2494 1584 2565 τῆς
1629 2493 1924 2565 καρτερίας

324 2583 603 2651 ἐπίδειξιν
645 2586 794 2639 δυσὶν
841 2586 1018 2651 ἄλλοις
1062 2588 1207 2642 έτεσι
1258 2589 1318 2642 τὸ
1365 2585 1498 2660 ἦθος
1547 2587 1920 2658 δοκιμάζεται,

325 2674 432 2725 καὶ
482 2676 670 2742 φανεὶς
700 2677 865 2742 ἄξιος,
901 2678 1074 2741 οὕτως
1117 2681 1198 2743 είς
1239 2679 1330 2732 τὸν
1375 2679 1560 2750 ὅμιλον
1588 2680 1919 2751 ἐγκρίνεται.

327 2768 481 2836 Πρὶν
512 2767 569 2820 δὲ
597 2770 693 2838 τῆς
730 2770 916 2840 κοινῆς
958 2770 1194 2841 ἅψασθαι
1239 2772 1466 2844 τροφῆς,
1513 2773 1708 2845 ὅρκους
1742 2775 1924 2838 αὐτοῖς

326 2860 536 2927 ὖμνυσι
567 2859 856 2931 φρικώδεις
879 2879 892 2894 ⁸
923 2862 1138 2934 πρῶτον
1187 2865 1282 2934 μὲν
1315 2865 1632 2936 εὐσεϐήσειν
1662 2865 1722 2918 τὸ
1748 2866 1919 2931 Θεῖον,

329 2952 532 3004 ἔπειτα
554 2950 622 3004 τά
653 2953 785 3022 πρὸς
810 2953 1130 3025 ἀνθρώπους
1150 2955 1334 3010 δίκαια
1360 2957 1637 3027 φυλάξειν,
1666 2959 1759 3010 καὶ
1785 2959 1921 3029 μήτε

330 3049 482 3103 κατά
528 3050 751 3120 γνώμην
795 3050 1015 3121 βλάψειν
1058 3053 1200 3118 τινά,
1252 3056 1374 3125 μήτ’
1414 3052 1472 3117 ἐξ
1522 3049 1916 3123 ἐπιτάγματος,

2043 565 2135 605 ces
2167 557 2504 620 nuncupant,
2530 549 2764 620 quasiut
2788 547 3069 606 illucescat
3092 553 3446 610 obsecrando.
3476 555 3612 610 Tum

2042 643 2108 696 ad
2139 657 2281 709 eam,
2304 658 2467 712 quam
2491 643 2726 712 quisque
2755 643 2923 711 novit,
2959 654 3134 700 artem
3167 648 3456 716 prazsidum
3494 665 3615 705 sese

2034 735 2192 805 jussu
2230 735 2542 802 conferunt,
2580 736 2636 790 in
2692 751 2799 805 qua
2847 749 3108 809 perpetuo
3136 750 3188 795 et
3217 742 3515 796 continenti
3545 743 3610 798 ad

2038 827 2284 896 quintam
2316 827 2507 883 horam
2557 827 2746 885 labore
2795 831 3016 897 versati,
3071 833 3322 888 eumdem
3359 834 3522 888 simul
3556 836 3612 889 in

2037 916 2220 972 locum
2251 918 2431 974 denuo
2457 920 2812 987 conveniunt,
2844 938 2908 977 ac
2938 923 3096 978 lineis
3119 924 3393 992 praecincti
3418 923 3611 995 frigida

2038 1025 2236 1080 corpus
2254 1011 2502 1077 abluunt,
2528 1028 2767 1083 moxque
2791 1015 2858 1069 ab
2876 1031 2938 1069 ea
2959 1015 3298 1082 lustratione,
3326 1019 3609 1087 proprium

2039 1103 2092 1156 in
2123 1104 2484 1171 domicilium,
2517 1121 2626 1176 quo
2682 1107 2913 1162 alterius
2965 1116 3128 1163 sectae
3171 1109 3375 1163 nemini
3413 1111 3608 1179 pedem

2036 1193 2236 1251 inferre
2262 1197 2409 1263 licet,
2451 1213 2560 1252 una
2595 1214 2785 1254 omnes
2811 1199 3110 1264 conﬂuunt,
3143 1211 3308 1270 atque
3362 1202 3431 1256 ab
3458 1204 3608 1257 omni

2034 1286 2155 1341 labe
2187 1288 2332 1357 puri,
2365 1305 2474 1344 non
2509 1290 2665 1344 aliter
2711 1291 2762 1344 in
2795 1291 3079 1346 caenaculo
3106 1308 3271 1362 quam
3302 1293 3356 1347 in
3380 1292 3609 1350 delubro

2035 1379 2306 1435 sanctiore
2338 1391 2647 1436 versantur.
2683 1379 2780 1437 llis
2811 1397 2940 1453 ergo
2966 1383 3176 1453 placide
3193 1399 3261 1440 ac
3293 1385 3476 1454 quiete
3513 1402 3604 1441 se-

2033 1467 2302 1533 dentibus,
2330 1486 2499 1540 panes
2553 1487 2584 1526 a
2632 1474 2860 1542 pistore,
2912 1489 3193 1543 unumque
3255 1475 3486 1545 singulis
3537 1492 3604 1532 ex

2031 1559 2218 1614 eodem
2263 1561 2384 1617 cibo
2429 1560 2696 1618 ferculum
2731 1580 2763 1618 a
2798 1579 2975 1634 coquo
3030 1579 3138 1618 non
3181 1564 3300 1620 sine
3330 1567 3527 1624 decore
3553 1577 3608 1624 et

2032 1653 2220 1709 ordine
2246 1656 2556 1725 apponitur.
2578 1656 2744 1712 Cibos
2771 1667 2953 1712 autem
2981 1670 3150 1726 puros
3176 1656 3304 1714 licet
3344 1676 3409 1716 ac
3440 1678 3605 1717 mun-

2031 1743 2150 1810 dos,
2201 1747 2368 1802 certis
2393 1747 2646 1817 precibus
2700 1750 2956 1806 sacerdos
3007 1761 3134 1807 ante
3163 1763 3450 1809 consecrat
3481 1759 3605 1822 (nec

2033 1835 2124 1888 ulli
2156 1835 2266 1891 nisi
2326 1837 2609 1907 prmmissa
2661 1841 2972 1908 precatione
3031 1843 3330 1914 quidquam
3383 1852 3604 1915 gustare

2029 1925 2112 1981 fas
2133 1927 2256 1999 est),
2288 1927 2541 2000 idemque
2571 1932 2818 1988 confecto
2857 1933 3089 2002 prandio
3136 1935 3350 1991 cunctis
3399 1935 3598 1991 iterum

2027 2020 2165 2076 bene
2180 2033 2451 2092 precatur,
2474 2024 2661 2096 sicque
2689 2035 2800 2080 tam
2827 2028 2930 2082 sub
2972 2027 3136 2083 ﬁnem
3167 2044 3330 2099 quam
3356 2029 3459 2085 sub
3493 2029 3601 2084 ini-

2029 2113 2186 2180 tium,
2225 2112 2335 2170 Deo
2361 2116 2566 2171 cultum
2618 2117 2784 2190 406
2827 2119 3204 2190 honoremque
3260 2120 3599 2190 persolvunt.

2027 2201 2176 2268 Inde,
2210 2209 2384 2262 sacris
2403 2209 2562 2277 quasi
2613 2211 2856 2265 vestibus
2912 2211 3126 2280 positis,
3184 2227 3408 2267 rursum
3463 2226 3602 2279 opus

2028 2297 2260 2368 quisque
2289 2314 2450 2354 suum
2480 2301 2548 2354 ad
2581 2315 2861 2370 vesperam
2895 2317 3070 2372 usque
3086 2303 3300 2373 repetit,
3323 2319 3434 2374 quo
3464 2312 3604 2359 tem~

2028 2404 2162 2458 pore
2187 2405 2401 2446 coenam
2433 2391 2652 2455 eodem,
2708 2407 2817 2462 quo
2860 2394 3172 2461 prandium,
3201 2394 3310 2450 ritu
3352 2406 3598 2459 sumunt,

2027 2481 2437 2537 considentibus
2470 2482 2634 2537 simul
2675 2482 3002 2553 hospitibus,
3035 2484 3082 2538 si
3118 2484 3213 2554 qui
3246 2483 3385 2540 forte
3438 2485 3603 2539 adve-

2027 2575 2227 2628 nerint.
2249 2574 2519 2630 Caeterum
2549 2575 2699 2630 nullo
2744 2593 2984 2647 unquam
3030 2578 3174 2634 aedes
3218 2587 3315 2632 aut
3361 2578 3602 2634 clamore

2027 2677 2122 2722 aut
2142 2667 2369 2738 strepitu
2393 2667 2734 2738 polluuntur,
2763 2669 2858 2724 sed
2889 2669 3013 2724 aliis
3041 2670 3135 2724 alii
3160 2670 3402 2726 modeste
3436 2681 3599 2740 atque

2027 2758 2218 2814 ordine
2254 2760 2511 2829 loquendi
2547 2761 2728 2815 locum
2779 2761 2999 2826 cedunt,
3041 2762 3287 2832 adeoque
3318 2763 3596 2826 omnibus,

2027 2855 2120 2920 qui
2153 2850 2286 2906 foris
2319 2852 2450 2906 illuc
2497 2853 2814 2918 adveniunt,
2856 2853 3114 2907 horrendi
3153 2854 3326 2908 instar
3355 2855 3600 2925 mysterii

2025 2958 2236 3006 eorum,
2270 2943 2362 3013 qui
2394 2944 2590 2998 domus
2643 2943 2804 2999 istius
2839 2943 3008 3014 septis
3038 2944 3409 3012 continentur,
3441 2945 3601 3000 silen-

2028 3035 2160 3088 lium
2184 3041 2269 3088 est
2294 3052 2308 3087 :
2332 3033 2489 3103 cujus
2521 3049 2654 3090 sane
2692 3049 2858 3088 causa
2886 3041 2966 3088 est
2994 3042 3250 3102 perpetua
3283 3034 3597 3089 continens-

335 3145 596 3214 μισήσειν
618 3143 662 3196 δ’
696 3143 782 3196 ἀεὶ
810 3145 936 3207 τοὺς
977 3144 1213 3208 ἀδίκους,
1249 3145 1340 3197 καὶ
1376 3145 1775 3198 συναδικεῖσθαι
1805 3148 1918 3210 τοῖς
1945 3147 1989 3206 C.
2026 3141 2132 3195 (1υο
2194 3125 2498 3196 ῖτυεαιίιθεν
2549 3141 2656 3196 qua
2700 3127 2759 3179 Ῑίί
2783 3167 2798 3191 ι
2857 3135 2917 3180 ιιι
2967 3126 3148 3181 Cibum
3197 3137 3360 3197 θιαυθ
3409 3137 3598 3196 Pomm

329 3235 598 3298 δικαίοις·
632 3235 691 3288 τὸ
723 3237 912 3289 πιστὸν
957 3239 1090 3290 πᾶσι
1145 3238 1241 3308 μὲν
1282 3235 1558 3308 παρέξειν,
1598 3236 1830 3307 μάλιστα
1861 3237 1917 3289 δὲ

328 3331 450 3391 τοῖς
484 3328 802 3398 κρατοῦσιν·
834 3330 895 3382 οὐ
926 3329 1034 3400 γὰρ
1058 3329 1179 3399 δίχα
1211 3328 1345 3381 Θεοῦ
1378 3325 1788 3399 περιγίγνεσθαι
1810 3346 1916 3383 τινι

330 3420 400 3471 τὸ
440 3421 648 3490 ἄρχειν.
686 3421 804 3474 Κᾶν
839 3421 1002 3484 αὐτὸς
1033 3422 1195 3493 ἄρχῃ,
1235 3419 1590 3492 μηδεπώποτε
1636 3421 1917 3494 ἐξυϐρίσαι

333 3512 419 3572 εἰς
451 3510 548 3580 τὴν
581 3509 850 3575 ἐξουσίαν,
885 3511 1018 3582 μηδὲ
1051 3511 1258 3581 ἐσθῆτι,
1301 3510 1334 3580 ἦ
1364 3527 1470 3563 τινι
1501 3511 1685 3565 πλέονι
1727 3511 1916 3583 κόσμῳ

333 3604 462 3665 τοὺς
496 3604 964 3675 ὑποτεταγμένους
1010 3603 1582 3676 ὑπερλαμπρύνεσθαι.
1643 3605 1753 3677 Τὴν
1783 3605 1918 3678 ἀλῆ-

333 3696 487 3748 θειαν
529 3698 748 3767 ἀγαπᾷν
786 3698 894 3759 ἀεὶ,
930 3697 1023 3750 καὶ
1059 3697 1186 3760 τοὺς
1223 3696 1588 3768 ψευδομένους
1617 3697 1916 3752 ἀποϐάλλεο

334 3787 494 3840 09m.-
531 3791 720 3858 χεῖρας
750 3787 955 3858 κλοπῆς
989 3787 1081 3841 καὶ
1111 3786 1290 3858 ψυχὴν
1319 3789 1532 3841 ἀνοσίου
1568 3789 1793 3861 κέρδους
1826 3807 1917 3844 κα-

335 3876 509 3949 θαρὰν
555 3877 829 3947 φυλάξειν,
882 3879 976 3932 καὶ
1016 3880 1150 3950 μήτε
1187 3880 1416 3952 κρύψειν
1454 3899 1508 3934 τι
1549 3883 1675 3945 τοὺς
1721 3884 1917 3954 αἱρετι-

337 3968 488 4030 στάς,
529 3967 654 4038 μήθ’
703 3969 910 4038 ἐτέροις
957 3967 1132 4020 αὐτῶν
1169 3986 1223 4021 τι
1271 3968 1550 4040 μηνύσειν,
1599 3968 1702 4022 κᾶν
1748 3967 1913 4039 μέχρι

335 4060 566 4114 θανάτου
593 4077 677 4122 τις
702 4059 973 4130 βιάζηται.
1001 4061 1143 4133 Πρὸς
1174 4060 1232 4113 δὲ
1257 4059 1469 4125 τούτοις
1500 4061 1694 4132 ὄμνυσι
1725 4058 1915 4130 μηδενὶ

339 4153 435 4220 μὲν
473 4149 794 4222 μεταδοῦναι
825 4151 936 4206 τῶν
973 4151 1259 4224 δογμάτων
1301 4152 1527 4224 ἑτέρως,
1569 4150 1602 4222 ἢ
1635 4151 1711 4215 ὡς
1752 4149 1914 4214 αὐτὸς

335 4241 665 4312 παρέλαϐεν,
706 4242 1000 4312 ἀφέξεσθαι
1036 4244 1097 4297 δὲ
1125 4243 1399 4315 λῃστείας,
1431 4245 1526 4296 καὶ
1557 4244 1913 4314 συντηρήσειν

328 4334 534 4403 ὁμοίως
562 4333 631 4387 τά
653 4353 713 4388 τε
745 4336 843 4406 τῆς
865 4335 1128 4405 αἱρέσεως
1161 4333 1340 4388 αὐτῶν
1371 4333 1569 4404 βιϐλία,
1601 4334 1695 4387 καὶ
1719 4333 1786 4387 τὰ
1804 4333 1912 4388 τῶν

331 4425 579 4493 ἀγγέλων
609 4427 865 4496 ὀνόματα.
899 4426 1140 4479 Τοιοῦτοι
1165 4426 1263 4497 μὲν
1303 4428 1351 4479 οἱ
1397 4427 1567 4498 ὅρκοι.
1597 4428 1658 4479 Οἱ
1687 4426 1742 4479 δὲ
1769 4426 1915 4480 ἁλόν-

2019 3219 2183 3287 justae
2223 3216 2566 3272 necessitatis
2605 3218 2723 3288 lege
2756 3218 3070 3273 metiantur.
3130 3217 3303 3273 Porro
3350 3218 3512 3288 hujus
3540 3218 3598 3272 in

2021 3321 2182 3366 sectae
2207 3321 2373 3381 atque
2405 3311 2638 3367 instituti
2665 3311 2978 3365 societatem
3008 3311 3194 3366 venire
3222 3309 3461 3379 cupienti
3485 3323 3598 3364 non

2021 3402 2281 3460 continuo
2302 3412 2449 3473 patet
2476 3404 2780 3474 ingressus,
2818 3403 2910 3457 sed
2956 3403 3006 3457 ei
3043 3402 3176 3457 foris
3220 3417 3422 3456 annum
3455 3401 3597 3454 inte-

2022 3512 2179 3567 grum
2210 3496 2450 3551 manenti
2473 3509 2644 3565 genus
2663 3494 2808 3548 idem
2831 3495 2957 3549 vitae
2979 3495 3360 3564 praescribunt,
3397 3510 3463 3549 ac
3492 3494 3595 3548 do-

2019 3588 2292 3651 labellam,
2316 3587 2616 3656 cingulum,
2646 3594 2964 3657 vestemque
3013 3585 3299 3641 candidam
3351 3586 3590 3640 tradunt.

2019 3682 2122 3750 Qui
2151 3690 2440 3752 postquam
2485 3681 2591 3736 hoc
2637 3680 2899 3749 temporis
2934 3679 3219 3735 intervallo
3250 3679 3595 3733 abstinentiae

2018 3773 2497 3844 temperantieque
2525 3788 2640 3828 suae
2666 3772 2994 3827 documenta
3024 3771 3191 3840 dedit,
3220 3773 3445 3843 propius
3470 3774 3594 3843 qui-

2018 3867 2138 3920 dem
2173 3865 2238 3918 ad
2263 3864 2499 3918 instituti
2527 3863 2970 3919 communionem
2994 3861 3226 3930 accedit,
3252 3878 3317 3919 ac
3347 3864 3593 3933 puriori-

2017 3957 2122 4011 bus
2143 3955 2300 4026 aquis
2331 3970 2440 4010 una
2468 3969 2592 4009 cum
2615 3953 2828 4010 caeteris
2877 3953 3099 4009 lustrari
3126 3953 3338 4024 incipit,
3359 3954 3592 4008 necdum

2016 4060 2198 4104 tamen
2229 4048 2298 4103 ad
2325 4048 2634 4104 convictum
2681 4048 3006 4103 admittitur.
3034 4045 3170 4101 Nam
3199 4053 3323 4115 post
3351 4045 3592 4100 toleran-

2015 4141 2106 4194 tiae
2171 4139 2568 4210 probationsm,
2605 4139 2727 4193 aliis
2759 4139 2974 4194 duobus
3026 4136 3184 4191 annis
3245 4149 3428 4190 mores
3468 4134 3590 4203 ejus

2015 4233 2330 4302 explorant;
2363 4232 2563 4302 quibus
2617 4231 2843 4294 exactis,
2875 4231 2922 4285 si
2951 4229 3148 4298 dignus
3207 4227 3499 4290 habeatur,
3533 4227 3590 4280 in

2017 4327 2355 4383 consortium
2406 4324 2624 4378 tandem
2685 4323 2978 4392 accipiunt.
3029 4320 3358 4390 Priusquam
3404 4328 3588 4375 tamen

2016 4432 2363 4474 communem
2391 4416 2571 4470 cibum
2607 4416 2858 4486 attingat,
2912 4411 3168 4469 horrendi
3220 4427 3338 4466 sese
3363 4411 3468 4464 illis
3493 4410 3587 4480 ju-

332 4532 445 4578 τες,
477 4519 571 4570 καὶ
597 4517 972 4587 ἐκϐληθέντες,
1017 4515 1172 4586 κακῷ
1223 4515 1373 4586 μόρῳ
1421 4514 1750 4586 φθείρονται.
1787 4515 1913 4576 Τοῖς

2024 4511 2313 4584 risjurandi
2368 4510 2604 4566 formula
2656 4508 2946 4578 obstringit
2982 4526 2995 4562 :
3032 4507 3088 4560 in
3120 4505 3312 4576 primis
3367 4504 3589 4574 quidem

335 4610 443 4681 γὰρ
479 4611 660 4682 ὅρκοις
711 4612 803 4664 καὶ
863 4615 974 4674 τοῖς
1026 4609 1200 4663 ἔθεσιν
1244 4607 1594 4678 ἐνδεδεμένοι,
1652 4606 1772 4659 οὐδὲ
1815 4606 1913 4676 τῆς

339 4704 486 4776 παρὰ
522 4706 636 4768 τοῖς
689 4703 867 4767 ἄλλοις
909 4703 1113 4774 τροφῆς
1160 4701 1408 4755 δύνανται
1455 4697 1910 4771 μεταλαμϐάνειν,

339 4797 746 4869 ποηφαγοῦντες
785 4797 862 4860 δέ,
894 4797 987 4851 καὶ
1018 4794 1160 4867 λιμῷ
1192 4792 1622 4865 διαφθειρόμενοι
1649 4791 1913 4845 ἀπόλλυν-

336 4911 442 4947 ται.
487 4891 581 4944 Διὸ
623 4889 688 4962 δὴ
731 4888 958 4952 πολλοὺς
1007 4888 1346 4958 ἐλεήσαντες,
1398 4886 1455 4938 ἐν
1493 4889 1611 4948 ταῖς
1655 4884 1912 4954 ἐσχάταις

337 4987 601 5054 ἀνάγκαις
643 4982 922 5045 ἀνέλαϐον,
972 4979 1164 5052 ἱκανὴν
1191 4979 1461 5050 τιμωρίαν
1507 4977 1794 5031 δεδωκέναι
1822 4993 1912 5030 νο-

341 5075 584 5147 μίζοντες
625 5075 720 5127 ἐπὶ
765 5077 877 5137 τοῖς
923 5073 1280 5145 ἁμαρτήμασι
1329 5069 1424 5142 τὴν
1475 5069 1636 5142 μέχρι
1683 5068 1911 5123 θανάτου

340 5169 587 5237 βάσανον.
627 5166 738 5237 Τὴν
765 5166 822 5219 δὲ
867 5166 1088 5220 σκαλίδα
1120 5165 1321 5218 διδόασι
1367 5164 1478 5227 τοῖς
1509 5161 1792 5232 μέλλουσιν
1823 5163 1912 5214 αἱ-

341 5262 628 5329 ρετισταῖς,
656 5260 776 5314 ἐπεὶ
811 5259 906 5312 καὶ
927 5257 1079 5311 αὐτοὶ
1105 5256 1277 5319 ἄλλως
1306 5255 1367 5308 οὐ
1399 5253 1720 5308 θακεύουσιν
1752 5253 1784 5323 ἦ
1819 5253 1909 5324 βό·-

336 5353 464 5422 θρον
500 5353 788 5424 ὀρύξαντες
837 5353 916 5414 είς
941 5349 1102 5420 βάθος
1147 5348 1408 5409 ποδιαῖον,
1443 5345 1910 5416 περικαλύψαντες

338 5445 648 5516 θοιματίων,
680 5445 755 5509 ὡς
795 5445 870 5516 μὴ
911 5445 1032 5506 ταῖς
1055 5443 1248 5510 αὐγαῖς
1285 5438 1586 5510 ἐνυϐρίζειν
1624 5438 1718 5491 τοῦ
1750 5436 1905 5492 Θεοῦ.

337 5538 583 5610 Τοσαύτη
608 5539 653 5592 δ’
698 5538 844 5591 ἐστὶν
865 5535 1044 5590 αὐτῶν
1076 5536 1110 5606 ή
1152 5533 1366 5603 λιτότης
1401 5533 1434 5602 ἡ
1484 5530 1612 5602 περὶ
1639 5531 1738 5602 τὴν
1766 5531 1906 5584 δίαι-

407 5655 544 5740 (65ς)
558 5653 1214 5740 Ῑιροκςιτάρχεταιλξονιο
1237 5652 1517 5722 legendum
1533 5649 1902 5720 προκατεύχε-

337 5725 529 5796 canet
559 5725 683 5782 mox
710 5725 1006 5796 ἐπεύχεται
1030 5725 1212 5779 πάλιν.

408 5795 516 5858 (66)
544 5797 728 5859 Μέγρι
766 5790 966 5859 κόόου.
1000 5796 1129 5851 Post
1168 5796 1280 5850 hinc
1314 5793 1505 5860 verba,
1551 5800 1674 5846 ante
1704 5793 1816 5855 τοῖς
1846 5790 1902 5846 δὲ

2015 4606 2164 4676 pium
2197 4621 2257 4660 sc
2313 4620 2379 4660 ac
2422 4603 2736 4674 religiosum
2767 4607 3028 4656 adversus
3058 4597 3266 4653 Numen
3299 4596 3585 4660 futurum;

2016 4697 2210 4754 deinde
2239 4697 2444 4752 illibata
2471 4698 2725 4749 humanm
2749 4694 3020 4749 societatis
3073 4691 3197 4762 jura
3221 4700 3586 4749 servaturum,

2016 4791 2260 4860 adeoque
2288 4804 2386 4843 nec
2412 4799 2624 4858 sponte,
2657 4801 2755 4840 nec
2777 4784 3165 4854 alteriusjussu
3187 4783 3242 4836 in
3264 4781 3589 4850 cujusquam

2018 4880 2276 4949 injuriam
2320 4879 2614 4934 adductum
2675 4877 2776 4940 iri;
2823 4876 2914 4931 sed
2964 4875 3148 4944 potius
3203 4885 3257 4928 et
3291 4873 3591 4942 injuriosos

2016 4988 2208 5029 omnes
2239 4973 2364 5027 odio
2413 4972 2746 5035 habiturum,
2803 4977 2856 5024 et
2905 4968 3084 5023 illatas
3131 4965 3316 5036 probis
3359 4965 3590 5034 injurias

2016 5067 2308 5137 conjuncta
2353 5065 2630 5120 voluntate
2682 5061 3012 5118 subiturum.
3085 5059 3249 5113 Addit
3304 5067 3587 5128 praeterea,

2015 5157 2318 5214 constantis
2355 5164 2410 5210 et
2431 5155 2653 5224 integrae
2676 5167 2799 5206 cum
2819 5165 2946 5220 erga
2984 5158 3208 5204 caeteros
3233 5161 3446 5210 omnes,
3473 5156 3593 5199 tum

2015 5249 2313 5321 praesertim
2329 5263 2454 5318 erga
2488 5245 2744 5317 praesides
2767 5258 2826 5299 se
2838 5243 2960 5297 lidei
2987 5241 3126 5307 fore,
3145 5239 3290 5309 quod
3317 5237 3593 5324 nulli-sine

2019 5343 2349 5399 Deinumine
2378 5339 2678 5410 imperandi
2722 5338 2814 5408 jus
2845 5335 3118 5390 obveniat.
3151 5331 3305 5398 Quod
3341 5333 3386 5386 si
3444 5331 3590 5388 forte

2019 5437 2122 5491 sibi
2157 5433 2450 5505 aliquando
2484 5432 2778 5495 deferetur,
2832 5428 3086 5482 daturum
3141 5442 3200 5480 se
3243 5439 3488 5494 operam,
3520 5439 3587 5476 ne

2018 5530 2269 5600 potestati
2303 5541 2416 5583 suae
2446 5525 2623 5579 labem
2659 5523 2859 5586 inurat,
2900 5519 3071 5574 necin
3102 5526 3251 5574 veste
3270 5515 3588 5586 corporisve

2011 5649 2251 5722 ζηλοῦσι,
2277 5663 2466 5722 versus
2509 5646 2712 5715 aliquot
2757 5642 3027 5713 Iosephus
3061 5639 3285 5706 intexit,
3317 5636 3412 5693 sed
3443 5651 3587 5708 quos

2008 5719 2314 5778 exscribere
2337 5719 2472 5774 tanti
2504 5732 2612 5771 non
2646 5724 2749 5771 est.
