3838 6384
489 283 591 337 657

1120 285 1385 335 LlJSlslSll
1435 276 1910 333 (ZJESARIENSIS
1949 275 2096 332 ΟΡΡ.
2136 275 2316 330 PARS
2353 273 2414 329 11.
2457 305 2525 315 ——
2567 273 3066 330 APOLOGETICA.
3584 285 3660 341 eas

489 407 638 460 cultu
673 418 782 473 prae
810 402 952 469 aliis,
1009 374 1210 470 quibus
1253 396 1560 468 imperabit,
1598 396 1859 452 eximium
1906 395 2050 466 quid‘

2168 410 2264 445 ταν
2310 392 2403 446 καὶ
2453 393 2485 462 ἡ
2532 391 2636 460 ὀλιγ
2650 393 2800 461 ότης,
2847 392 2921 454 ώς
2957 393 3013 444 ὲν
3040 394 3107 463 τῇ
3133 391 3380 462 ἐϐδομάδι
3415 395 3477 465 μὴ
3508 397 3665 456 δεῖσθαι

488 512 652 569 quam
688 504 781 550 aut
813 491 1154 564 splendidum
1188 489 1520 545 habiturum.
1554 489 1637 543 Ad
1686 489 1820 555 haec,
1869 489 2061 542 verita-

490 592 558 644 tis
577 576 816 643 amorem
846 601 909 639 ac
961 583 1223 650 studium,
1275 581 1668 650 hominumque
1713 580 2057 634 mendacium

486 680 694 752 fugam,
719 693 913 731 manus
941 690 972 729 a
1025 673 1192 738 furto,
1247 673 1488 727 animum
1538 673 1608 727 ab
1635 672 1823 742 iniquo
1848 680 2054 741 quaestu

486 786 683 842 purum
715 785 778 824 ac
823 768 1123 831 sincerum,
1179 765 1339 836 plana
1391 765 1505 820 suis
1526 773 1820 834 apertaque
1851 763 2055 828 omnia,

486 861 628 932 apud
663 861 866 914 alienos
889 872 1017 910 vero
1049 856 1242 924 altum,
1270 857 1527 927 quodque
1560 873 1627 911 ne
1647 856 1900 926 praesenti
1937 855 2059 924 qui-

487 957 608 1012 dem
643 956 792 1010 necis
825 955 1006 1010 timori
1039 953 1214 1016 cedat,
1239 969 1430 1007 eorum
1465 952 1531 1006 de
1573 951 1734 1006 rebus
1780 949 2056 1004 silentium

483 1050 785 1118 pollicetur.
813 1047 894 1102 Ad
928 1056 1232 1102 extremum
1265 1044 1398 1109 fore,
1446 1044 1522 1097 uti
1555 1059 1653 1098 nec
1677 1043 1854 1108 aliter,
1891 1057 2053 1111 quam

2167 485 2466 549 κενώσεως,
2510 486 2576 556 ἢν
2607 488 2793 557 τηρεῖν
2824 484 3074 538 εἰώθασιν
3125 486 3205 548 εἰς
3239 485 3427 556 ὕμνους
3465 490 3529 560 τῷ
3560 492 3665 563 Θεῷ,

2161 580 2256 633 καὶ
2306 579 2384 643 εἰς
2429 579 2755 633 ἀνάπαυσιν.
2805 579 2900 632 Ἐκ
2953 579 3009 632 δὲ
3057 578 3155 650 τῆς
3200 581 3466 650 ἀσκήσεως
3511 585 3669 658 ταύτης

2160 670 2429 739 τοσαύτην
2474 672 2797 741 πεποίηνται
2841 672 3157 744 καρτερίαν,
3204 673 3280 735 ὡς
3327 673 3670 748 στρεϐλούμενοι

2160 765 2252 816 καὶ
2273 761 2609 833 λογιζόμενοι
2645 776 2670 803 ει
2705 765 2797 816 καὶ
2821 765 3097 834 καόμενοι,
3127 765 3218 818 καὶ
3249 763 3337 816 διὰ
3362 767 3545 820 πάντων
3560 772 3672 824 ὁδεύ-

2159 871 2310 917 οντες
2342 853 2450 908 τῶν
2498 854 2928 926 βασανιστηρίων
2963 857 3230 926 ὀργάνων,
3256 857 3321 908 ἶν’
3348 857 3380 928 ἢ
3414 857 3673 934 βλασφημή-

2163 963 2294 999 σωσι
2322 946 2412 1000 τὸν
2451 946 2820 1018 νομοθέτην,ἢ
2851 947 3064 1016 φάγωσι
3088 965 3140 1000 τι
3173 946 3278 1002 τῶν
3305 949 3572 1021 ἀσυνήθων,
3604 955 3672 1006 οὐ-

2159 1039 2375 1111 δέτερον
2421 1040 2732 1110 ὑπομένειν.
2774 1040 3047 1109 Διέδειξαν
3091 1042 3148 1094 δὲ
3179 1041 3338 1095 τοῦτο
3383 1045 3434 1094 ὲν
3471 1044 3537 1113 τῷ
3573 1046 3674 1116 πρὸς

2172 1129 2472 1200 Ῥωμαίους
2520 1132 2757 1204 πολέμῳ.
2804 1134 2954 1186 Ἐπεὶ
2982 1134 3026 1186 δ’
3080 1133 3108 1174 b
3137 1134 3198 1186 ού
3248 1133 3544 1187 κολακεῦσαι
3583 1139 3673 1200 τοὺς

2160 1225 2557 1296 αἰκιζομένους,
2599 1230 2630 1299 ἦ
2679 1229 2942 1301 δακρῦσαι
2977 1231 3304 1302 ὑπομένουσι
3343 1243 3387 1295 ε,
3431 1233 3678 1303 μειδιῶντες

2158 1316 2214 1368 δὲ
2255 1319 2325 1380 ὲν,
2343 1322 2464 1382 ταῖς
2502 1319 2776 1389 ἀλγηδόσι,
2818 1323 2910 1374 καὶ
2943 1323 3454 1393 κατειρωνευόμενοι
3479 1324 3571 1376 τῶν
3603 1326 3677 1387 τὰς

2160 1411 2425 1480 βασάνους
2459 1415 2890 1483 προσφερόντων,
2921 1415 3143 1486 εὔθυμοι
3169 1417 3268 1478 τὰς
3292 1416 3461 1486 ψυχὰς
3478 1418 3678 1487 ἠφίεσαν,

2155 1503 2230 1566 ὡς
2265 1503 2425 1557 πάλιν
2459 1506 2824 1577 κομιούμενοι.
2868 1510 2973 1561 Καὶ
3001 1510 3109 1582 γὰρ
3137 1510 3372 1582 ἔρρωται
3395 1514 3507 1582 παρ’
3537 1513 3676 1575 αὐτοῖς

2155 1593 2249 1662 ἣδε
2281 1596 2312 1664 ή
2352 1594 2497 1659 δόξα,
2534 1596 2747 1668 φθαρτὰ
2784 1598 2881 1668 μὲν
2919 1594 3054 1652 εἶναι
3095 1600 3164 1653 τὰ
3215 1601 3462 1671 σώματα,
3493 1603 3571 1654 καὶ
3605 1603 3678 1673 τὴν

2159 1682 2288 1754 ὕλην
2319 1686 2377 1737 ού
2416 1688 2641 1756 μόνιμον
2675 1688 2872 1751 αὐτῶν,
2904 1691 3004 1753 τὰς
3033 1691 3089 1743 δὲ
3112 1690 3289 1761 ψυχὰς
3322 1693 3592 1756 ἀθανάτους
3617 1695 3682 1748 ἀεὶ

2157 1775 2431 1845 διαμένειν
2453 1794 2466 1807 ⁸
2503 1779 2595 1831 καὶ
2628 1781 3032 1850 συμπλέκεσθαι
3070 1783 3169 1853 μὲν
3193 1785 3256 1836 ἐκ
3285 1783 3380 1837 τοῦ
3416 1785 3684 1839 λεπτοτάτου

2159 1867 2430 1935 φοιτώσας
2492 1870 2742 1940 αἰθέρος,
2796 1872 2943 1944 ῥύμῃ
3004 1878 3204 1945 φυσικῇ
3270 1877 3681 1946 κατασπωμένας,

2155 1959 2372 2010 ἐπειδὰν
2403 1960 2445 2010 δ’
2481 1961 2710 2014 ἀνεθῶσι
2751 1963 2859 2016 τῶν
2891 1965 3030 2018 κατά
3066 1966 3245 2037 σάρκα
3267 1967 3494 2037 δεσμῶν,
3527 1964 3619 2021 οἷον
3640 1968 3686 2039 δὴ

2159 2051 2373 2120 μακρᾶς
2399 2050 2641 2117 δουλείας
2668 2055 3111 2127 ἀπηλλαγμένας,
3136 2061 3257 2112 τότε
3286 2063 3491 2130 χαίρειν
3519 2062 3599 2114 καὶ
3619 2078 3684 2130 με·

2152 2140 2389 2212 τεώρους
2443 2145 2724 2215 φέρεσθαι.
2773 2147 2904 2200 Ἀπὸ
2944 2147 3008 2218 δὴ
3054 2149 3156 2217 τῆς
3209 2150 3462 2222 τοιαύτης
3503 2150 3684 2220 διαίτης,

2159 2233 2250 2285 καὶ
2281 2233 2380 2305 τῆς
2411 2235 2547 2306 πρὸς
2572 2235 2846 2308 ἀλήθειαν,
2873 2239 2966 2290 καὶ
2990 2238 3088 2309 τὴν
3119 2240 3403 2294 εὐσέϐειαν
3435 2242 3684 2310 ἀσκήσεως,

2159 2324 2382 2389 εἰκότως
2416 2328 2473 2378 ἐν
2505 2329 2688 2391 αὐτοῖς
2721 2328 2923 2393 πολλοὶ,
2972 2329 3020 2382 οἳ
3054 2332 3147 2383 καὶ
3193 2330 3261 2384 τὰ
3313 2331 3559 2403 μέλλοντα
3595 2346 3688 2401 προν

2161 2416 2550 2484 γινώσκουσιν,
2601 2418 2746 2472 ὼσὰν
2800 2419 3000 2490 βίϐλοις
3055 2424 3257 2492 ἱεραῖς,
3323 2425 3415 2477 καὶ
3463 2424 3688 2492 διαφόροις

2162 2508 2426 2575 ἁγνείαις,
2469 2511 2564 2563 καὶ
2603 2511 2900 2584 προφητῶν
2947 2514 3368 2586 ἀποφθέγμασιν
3399 2514 3688 2585 ἐμπαιδοτρι-

2159 2599 2446 2670 ϐούμενοι·
2510 2602 2733 2655 σπάνιον
2782 2604 2839 2657 δὲ
2889 2607 2938 2658 εἰ
2993 2607 3049 2658 ὲν
3097 2611 3216 2670 ταῖς
3273 2607 3690 2680 προαγορεύσεσιν

2156 2691 2463 2762 ἀστοχοῦσι.
2509 2713 2526 2744 ι
2585 2693 2769 2748 Ταῦτα
2805 2695 2903 2765 μὲν
2947 2697 2975 2748 ὁ
3019 2698 3351 2770 Πορφύριος,
3387 2703 3448 2753 ἐκ
3495 2697 3691 2752 παλαιῶν

2157 2780 2292 2850 (6⁷),
2333 2781 2408 2845 ὡς
2440 2783 2605 2847 εἰκὸς,
2641 2784 3106 2855 ἀναγνωσμάτων,
3141 2790 3205 2858 τῇ
3255 2788 3369 2840 τῶν
3401 2785 3692 2858 δηλουμένων

481 1142 771 1211 acceperit,
807 1155 931 1195 cum
965 1141 1087 1194 aliis
1113 1147 1274 1193 sectae
1308 1153 1420 1193 suae
1446 1136 1700 1206 dogmata
1748 1135 2056 1190 communi-

476 1241 586 1296 cet,
624 1233 770 1286 etab
799 1231 948 1285 omni
993 1221 1283 1284 latrocinio
1335 1235 1546 1294 caveat,
1579 1225 1927 1296 institutique
1971 1225 2054 1280 sui

482 1323 649 1379 libros
676 1333 728 1377 et
757 1321 1074 1391 angelorum
1105 1319 1327 1375 nomina
1362 1319 1478 1387 pari
1524 1316 1803 1386 diligentia
1855 1315 2057 1370 studio-

480 1430 586 1483 que
618 1421 922 1468 conservet.
952 1410 1276 1481 Hujusmodi
1298 1425 1425 1478 ergo
1472 1416 1553 1462 est
1583 1408 1908 1462 sacramenti
1941 1405 2053 1461 for-

477 1505 647 1558 mula.
677 1502 939 1572 Quisquis
960 1511 1139 1556 autem
1157 1499 1420 1570 gravioris
1443 1498 1689 1553 criminis
1724 1507 1973 1567 peractus
1988 1497 2056 1552 ab

480 1596 568 1661 iis,
599 1609 662 1648 ac
692 1603 972 1663 propterea
1023 1591 1232 1661 ejectus
1294 1589 1482 1656 fuerit,
1523 1604 1648 1643 eum
1685 1590 1826 1643 male
1879 1589 2056 1658 perire

468 1688 638 1760 .407
673 1703 893 1742 necesse
922 1694 1025 1741 est.
1060 1684 1194 1739 Nam
1235 1693 1288 1738 et
1311 1682 1669 1753 jurejurando
1697 1682 2054 1752 moribusque

479 1780 828 1844 constrictus,
880 1793 948 1832 ne
1002 1777 1234 1831 aliorum
1269 1777 1487 1846 quidem
1519 1776 1661 1832 escis
1717 1776 1798 1829 uti
1849 1784 2049 1845 potest,
2087 1757 2128 1809 Β

479 1869 570 1924 sed
606 1869 789 1925 herbis
842 1868 1158 1939 aliquandiu
1218 1868 1544 1934 victitando,
1600 1868 1800 1922 misere
1835 1868 2052 1923 tandem

478 1961 622 2017 fame
665 1961 1021 2018 contabescit.
1080 1961 1261 2027 Quare
1308 1961 1511 2015 multos
1545 1959 1649 2030 ipsi
1701 1959 2053 2014 miseratione

477 2054 756 2119 commoti,
791 2069 1102 2123 supremam
1135 2053 1200 2108 ad
1233 2053 1616 2107 necessitatem
1645 2053 1933 2115 adductos,
1964 2064 2053 2104 re-

475 2155 756 2214 ceperunt,
807 2145 912 2199 rati
948 2144 1222 2209 videlicet,
1272 2159 1463 2213 graves
1515 2144 1649 2197 satis
1699 2151 2049 2212 peccatorum

478 2252 704 2290 suorum
740 2252 936 2307 pmnas
978 2237 1047 2290 ab
1079 2235 1145 2291 iis
1191 2250 1313 2289 esse
1349 2235 1450 2289 hoc
1496 2235 1563 2289 ad
1614 2242 1844 2289 mortem
1879 2248 2053 2303 usque

472 2329 720 2382 Cruciatu
780 2327 1103 2397 persolutas.
1165 2324 1435 2381 Caeterum
1495 2323 1729 2394 ligonem
1785 2324 1902 2378 suis
1973 2323 2051 2376 illi

477 2418 839 2473 sectatoribus
897 2418 1001 2472 hac
1044 2417 1110 2472 de
1143 2431 1308 2472 causa
1355 2415 1596 2480 tradunt,
1648 2413 1791 2483 quod
1837 2412 2054 2483 ipsimet

478 2525 586 2562 non
620 2507 725 2566 nisi
780 2507 833 2561 in
871 2505 1046 2572 fovea,
1077 2521 1242 2576 quam
1291 2504 1442 2559 humi
1478 2502 1630 2574 pedis
1654 2503 1939 2558 altitudine
1971 2503 2054 2558 fo-

475 2584 674 2666 derint,
709 2597 995 2653 considere
1030 2598 1262 2663 soleant,
1301 2596 1464 2664 idque
1493 2602 1645 2649 veste
1687 2594 1952 2658 obvoluti,
1978 2610 2046 2650 ne

470 2691 571 2746 Dei
606 2689 878 2761 splendori
903 2705 967 2744 ac
990 2689 1158 2743 radiis
1195 2688 1450 2759 injuriam
1481 2687 1699 2741 faciant.
1737 2686 1803 2740 Et
1825 2685 2047 2756 quidem

474 2790 625 2835 tanta
655 2781 898 2852 ipsorum
943 2789 1028 2836 est
1053 2779 1108 2833 in
1151 2781 1295 2834 victu
1335 2777 1637 2848 frugalitas,
1668 2786 1832 2847 atque
1876 2778 2051 2846 parci-

475 2874 678 2937 monia,
718 2882 776 2928 ut
824 2889 892 2928 ne
931 2871 1235 2942 septimana
1289 2871 1508 2940 quidem
1555 2869 1766 2938 integra
1799 2869 2049 2938 egerendi

2159 2872 2362 2943 ἀνδρῶν
2407 2873 2658 2946 εὐσεϐείᾳ
2697 2893 2756 2928 τε
2803 2878 2936 2948 ὁμοῦ
2991 2880 3082 2932 καὶ
3129 2879 3417 2951 φιλοσοφίᾳ
3447 2883 3500 2932 ὲν
3527 2878 3593 2949 τῷ
3628 2895 3691 2931 τε·

475 2969 548 3021 sit
584 2969 693 3021 ulla
748 2966 1086 3021 necessitas!
1150 2962 1324 3030 Quam
1360 2963 1462 3017 sibi
1509 2962 1850 3017 abstinentiae
1877 2963 2048 3032 legem

2159 2967 2337 3038 τάρτῳ
2368 2968 2760 3040 συγγράμματι
2790 2971 2899 3024 τῶν
2939 2973 3386 3028 σπουδασθέντων
3418 2973 3554 3044 αὐτῷ
3579 2971 3690 3038 Περὶ

473 3061 682 3125 dixere,
740 3058 937 3128 partim
998 3065 1057 3111 ut
1103 3055 1169 3110 ad
1234 3055 1469 3125 hymnos
1511 3053 1622 3108 Deo
1675 3055 2046 3111 concinendos

2159 3056 2254 3126 τῆς
2278 3059 2396 3112 τῶν
2420 3060 2708 3128 ἐμψύχων
2727 3061 2983 3131 ἀποχῆς,
3019 3066 3421 3138 ἐμαρτύρησεν.

469 3153 709 3222 aptiores
741 3151 870 3218 sint,
921 3148 1118 3220 partim
1163 3156 1222 3203 ut
1275 3146 1505 3202 faciliori
1573 3155 1799 3200 utantur
1847 3162 2063 3201 somno.
2105 3149 2281 3218 Atque
2343 3150 2447 3206 hoc
2501 3163 2764 3222 perpetuo
2800 3155 3016 3209 vivendi
3066 3174 3285 3227 genere,
3332 3174 3399 3213 eo
3443 3159 3694 3214 tolerantiae

474 3251 855 3314 pervenerunt,
897 3250 956 3295 ut
998 3254 1100 3294 nec
1171 3236 1404 3304 equuleo
1450 3235 1720 3291 tidibusve
1763 3237 1888 3291 torti
1940 3246 2102 3306 atque
2140 3238 2404 3306 distracti,
2450 3255 2550 3295 nec
2613 3242 2842 3299 flammis
2886 3245 3015 3309 usti,
3077 3263 3177 3300 nec
3224 3251 3440 3305 caeteris
3485 3251 3694 3306 omnibus

471 3337 816 3392 cruciatuum
858 3331 1130 3387 machinis
1190 3329 1399 3396 tentati,
1436 3337 1495 3383 ut
1540 3328 1623 3382 vel
1683 3327 1859 3398 legum
1907 3343 2130 3384 suarum
2172 3332 2382 3387 auctori
2439 3332 2785 3400 maledicam,
2827 3338 2907 3391 vel
2944 3339 2994 3391 in
3041 3340 3302 3395 usitatum
3351 3343 3530 3397 cibum
3565 3347 3696 3398 attin-

473 3441 622 3499 gant,
701 3429 1022 3483 alterutrum
1078 3427 1147 3479 ab
1198 3439 1318 3480 sese
1385 3438 1643 3492 unquam
1680 3423 1994 3492 extorqueri
2057 3424 2353 3493 patiantur.
2423 3426 2592 3498 Cujus
2654 3430 2732 3484 rei
2803 3431 3080 3502 singulare
3126 3432 3384 3489 Romano
3437 3438 3564 3492 bello
3600 3453 3694 3506 spe-

473 3530 651 3581 cimen
700 3539 765 3580 ac
811 3523 1198 3578 documentum
1268 3520 1484 3576 dedere.
1536 3517 1824 3589 Nunquam
1891 3519 2038 3574 enim
2080 3521 2212 3591 ipsis
2265 3523 2494 3592 exprimi
2547 3532 2640 3578 aut
2669 3539 2795 3595 erga
2830 3535 3064 3582 tortores
3129 3530 3355 3584 mollior
3396 3547 3459 3587 ac
3489 3532 3695 3586 blandior

475 3620 584 3672 ulla
627 3633 754 3679 vox,
802 3625 897 3671 aut
950 3613 1123 3671 oculis
1162 3614 1460 3684 lacrymula
1513 3613 1720 3683 potuit;
1774 3612 1868 3667 sed
1910 3613 1965 3667 in
2028 3615 2222 3670 mediis
2265 3624 2660 3674 tormentorum
2695 3619 2974 3676 doloribus
3039 3622 3400 3690 subridendo,
3459 3625 3693 3680 carnifices

471 3713 624 3781 ipsos
664 3708 908 3764 dieteriis
943 3707 1259 3777 salibusque
1297 3705 1640 3770 mordebant,
1690 3704 2041 3776 animumque
2080 3721 2261 3774 suum,
2328 3718 2589 3778 tanquam
2639 3710 2818 3766 denuo
2865 3715 3154 3783 recepturi,
3206 3716 3424 3785 placide
3449 3728 3599 3786 atque
3632 3717 3693 3773 bi-

473 3806 659 3860 lariter
722 3802 1072 3858 emittebant.
1129 3799 1362 3870 Quippe,
1417 3798 1557 3869 apud
1622 3797 1770 3866 ipsos
1848 3799 1993 3852 enim
2050 3807 2310 3854 constans
2380 3802 2495 3856 hac
2549 3805 2814 3858 sententia
2887 3805 3143 3869 obtinuit,
3209 3823 3442 3878 corpora
3514 3810 3691 3880 quidem

472 3900 715 3958 interitui
782 3913 904 3953 esse
975 3897 1234 3961 obnoxia,
1290 3909 1390 3949 nec
1459 3893 1631 3948 solida
1686 3908 1752 3946 ex
1813 3891 2037 3945 materia
2090 3892 2440 3962 perennique.
2478 3895 2814 3962 consistere;
2871 3897 3088 3953 animos
3143 3906 3331 3954 tamen
3399 3902 3696 3956 immortales

472 4001 636 4053 vitam
671 4010 832 4067 agere
865 3993 1276 4062 sempiternam,
1321 3989 1417 4060 qui
1450 3988 1667 4043 tametsi
1718 3985 2041 4042 tenuissimo
2078 4002 2141 4040 ac
2193 3987 2551 4043 subtilissimo
2613 4005 2680 4044 ex
2739 3990 2958 4053 aethere,
2999 4000 3208 4047 naturae
3245 3995 3490 4063 quodam
3525 3996 3692 4062 impetu

471 4091 722 4154 detracti,
787 4087 1108 4157 corporibus
1165 4085 1230 4140 ad
1289 4095 1503 4155 tempus
1555 4084 1853 4154 illigentur,
1903 4097 2094 4136 eorum
2155 4083 2450 4152 aliquando
2507 4093 2686 4139 tamen
2738 4085 2972 4141 vinculis
3024 4088 3286 4156 expediti,
3349 4091 3432 4145 sic
3475 4101 3695 4159 tanquam

472 4182 734 4240 servitute
785 4179 1048 4236 diuturna
1098 4175 1333 4241 liberati,
1393 4175 1667 4231 exsultent
1717 4175 1973 4243 deinceps
2029 4189 2095 4230 ac
2131 4175 2393 4230 sublimes
2427 4174 2692 4231 ferantur.
2755 4174 2869 4232 Hoc
2900 4178 3064 4249 igitur
3087 4195 3152 4233 ex
3204 4180 3482 4248 instituto,
3512 4191 3561 4234 et
3588 4195 3693 4232 eon-

473 4279 665 4335 tinenti
693 4276 936 4333 veritatis
991 4273 1320 4346 pietatisque
1370 4272 1574 4336 studio,
1632 4271 1833 4325 mirum
1881 4269 2128 4340 profecto
2166 4287 2276 4325 non
2329 4277 2433 4338 est,
2479 4272 2714 4326 existere
2747 4273 3034 4343 plurimos,
3086 4290 3270 4329 rerum
3315 4277 3480 4332 etiam
3524 4277 3696 4331 futura-

472 4392 596 4431 rum
647 4374 876 4428 scientia
926 4371 1204 4442 praeditos,
1257 4369 1456 4438 quippe
1518 4366 1610 4438 qui
1658 4383 1688 4420 a
1729 4365 1959 4436 pueritia
1993 4381 2115 4421 cum
2159 4366 2330 4421 sacris
2392 4366 2608 4433 litteris,
2659 4377 2774 4422 tum
2820 4368 2986 4424 variis
3025 4370 3466 4438 lustrationibus,
3510 4371 3697 4441 prophe-

472 4482 761 4539 tarumque
801 4467 959 4523 dictis
986 4464 1206 4522 assidue
1233 4480 1299 4520 ac
1335 4462 1620 4534 diligenter
1674 4461 2035 4517 informentur
2085 4481 2097 4515 :
2142 4473 2199 4516 ut
2258 4478 2382 4516 raro
2435 4463 2730 4517 admodum
2785 4465 2898 4518 suis
2954 4465 3006 4518 in
3064 4467 3514 4535 prmdictionibus
3543 4468 3646 4521 illos
3675 4483 3697 4518 a

469 4574 601 4613 vero
626 4559 880 4612 aberrare
904 4557 1236 4625 contingat.»
1275 4552 1400 4610 Haec
1441 4550 1798 4622 Porphyrius,
1823 4566 1890 4605 ex
1945 4551 2206 4621 antiquis,
2240 4561 2298 4606 ut
2343 4551 2502 4607 facile
2554 4553 2734 4624 quivis
2785 4553 3058 4624 intelligit,
3117 4557 3318 4613 hausta
3363 4559 3695 4614 monimentis.

473 4654 540 4706 de
575 4651 889 4708 Essaeorum
940 4651 1136 4720 partim
1190 4649 1475 4718 religione,
1527 4653 1725 4718 partim
1798 4647 2215 4719 philosophandi
2279 4649 2512 4713 ratione,
2549 4649 2602 4703 in
2648 4659 2846 4719 quarto
2888 4651 2973 4705 sui
2999 4650 3076 4705 De
3120 4669 3298 4707 rerum
3365 4658 3697 4710 animatantm

473 4750 793 4804 abstinentia
833 4749 1014 4817 operis
1048 4747 1187 4801 libro
1222 4754 1450 4801 testatus
1482 4754 1589 4800 est.

969 4841 1396 4918 mearur
1466 4841 1560 4897 IV.
1984 4843 1988 4850 ‘
2078 4847 2123 4900 υ

897 4937 981 4992 Ea:
1009 4941 1277 4999 Hecataeo,
1305 4935 1369 4990 de
1401 4933 1622 4989 luditis.

2690 4837 3084 4891 ΚΕΦΑΛΑΙΟΝ
3116 4842 3186 4892 Δ¹.

2441 4928 2750 4981 Ἑκαταίου
2791 4926 2924 4996 (68),
2958 4929 3091 4995 περὶ
3130 4930 3453 4983 Ἰουδαίων.

547 5031 826 5086 Ιίεοιιιαιυε
859 5040 1040 5084 autem
1074 5028 1354 5094 Abderita,
1396 5027 1618 5097 vir-non
1653 5025 1817 5081 modo
1864 5026 2046 5095 philo-

543 5184 570 5212 ι
609 5172 693 5223 ιον.
735 5167 909 5236 λυγιζ.
989 5167 1016 5205 δ
1057 5165 1141 5218 ῐσ.
1184 5163 1392 5234 ἐπειδή.
1472 5174 1493 5199 ο
1538 5162 1623 5216 Ia.
1669 5160 2046 5232 ὑπομένοντες.

548 5307 654 5378 (67)
695 5302 1143 5378 Ἐκστιιλᾳιῶν,
1187 5308 1290 5378 etc.
1320 5297 1451 5378 'l‘ion
1497 5298 1832 5378 meminerat
1877 5294 2045 5378 Euse-

472 5365 618 5441 bius,
638 5365 776 5432 'cum
811 5375 861 5428 id
888 5373 1168 5432 scriberet,
1201 5371 1316 5424 haec
1349 5369 1710 5440 Porphyrium
1737 5383 1768 5421 a
1806 5365 2040 5433 Joseplio

473 5449 692 5502 totidem
725 5461 858 5514 pene
887 5443 1066 5498 verbis
1087 5441 1385 5514 accepisse.

546 5517 656 5587 (68)
700 5507 1032 5587 Ἑκαταίου.
1085 5511 1162 5568 De
1209 5507 1432 5587 ljocgita
1459 5508 1678 5587 ﬂuidas
1715 5507 2041 5587 ίἙκαταῖος

484 5578 807 5658 Ἀϐδηρίτης
853 5585 1169 5658 φιλοσοφος,
1213 5583 1272 5644 ὃς
1323 5580 1598 5658 ἑπεκλῄθη
1651 5579 1744 5632 καὶ
1801 5578 2043 5658 κριτικὸς

470 5650 889 5728 γραμματικὸς,
927 5651 1023 5728 οἷα-
1054 5650 1441 5724 γραμματικὴν
1486 5651 1624 5728 ἔχων
1670 5650 2038 5728 παρασκευήν

469 5718 603 5796 (ξιιιύ
631 5718 962 5791 'seuuuntur
993 5718 1272 5779 decurtata
1313 5718 1438 5776 sunt
1466 5739 1476 5772 :
1511 5718 1704 5785 Γέγονε
1732 5718 1775 5773 δ’
1811 5720 1901 5771 ἐπὶ
1933 5718 2039 5770 τῶν

2229 5021 2509 5083 Ἑκαταῖος
2538 5019 2594 5072 δὲ
2625 5021 2653 5072 ὁ
2690 5011 3028 5090 Ἀϐδηρίτης,
3086 5021 3224 5092 ἀνὴρ
3259 5023 3549 5092 φιλόσοπ
3609 5019 3699 5088 ἅμα

2149 5291 2421 5360 διαδόχων.
2450 5287 2639 5360 Βιϐλία
2686 5285 2852 5360 αύτοῦ
2883 5285 3095 5360 ταῦτα,
3145 5288 3272 5356 περὶ
3318 5287 3424 5358 τῆς
3467 5288 3697 5354 ποιήσεως

2158 5355 2395 5432 Ὀμήρου
2430 5360 2531 5432 καὶ
2571 5357 2833 5432 Ἡσιόδου.
2883 5355 3124 5432 Primum
3173 5355 3357 5432 tamen
3380 5355 3529 5432 '_illud
3558 5368 3698 5432 meai:

2145 5421 2316 5486 minii
2336 5429 2494 5484 facile
2526 5427 2764 5496 suppleri
2795 5436 2972 5495 potest
3000 5429 3101 5496 hoc
3129 5428 3315 5490 modo,
3342 5429 3530 5496 γέγονε
3558 5427 3597 5477 δ’
3626 5421 3698 5496 ἐπὶ

2145 5503 2250 5554 τῶν
2287 5495 2642 5569 Ἀλεξάνδρου
2682 5496 2963 5569 διαδόχων.
3019 5495 3132 5569 imo
3165 5507 3216 5550 et
3266 5498 3376 5551 sub
3424 5495 3697 5550 Alexandro

2148 5574 2264 5640 ipso
2321 5567 2598 5623 floruerat.
2653 5567 3113 5640 ‘Joseptius_lib.
3172 5577 3382 5640 tcum.
3439 5569 3696 5640 Apicum.

2148 5635 2268 5709 pag.
2296 5640 2451 5701 1048,
2477 5641 2605 5692 edit.
2639 5637 2894 5691 Graeco-Is
2915 5656 2926 5691 :
2946 5635 3220 5709 Ἑκαταῖος
3252 5637 3694 5709 δεγὸἊϐϐηρίπς.

2146 5705 2283 5771 ἀνῆο
2313 5709 2599 5769 φιλόσοφος
2633 5709 2748 5765 aea
2785 5709 2878 5761 καὶ
2924 5709 3047 5760 περὶ
3075 5706 3171 5763 τὰς
3200 5708 3434 5766 ποάεεις
3468 5705 3697 5761 ἱκανώτα-
