3838 6384
201 437 281 492 639

198 557 268 610 καὶ
294 553 402 624 περὶ
424 551 515 615 τὰς
543 551 764 623 πράξεις

195 647 282 708 θεὶς
303 648 358 716 τῇ
389 645 506 714 περῖ⁵
549 643 810 698 Ἰουδαίων
845 645 1078 715 ἱστορίᾳ,
1106 642 1334 696 πλεῖστα
1375 643 1503 714 περὶ
1529 639 1708 696 αὐτῶν

192 739 411 804 διέξεισιν,
440 738 527 805 ἀφ’
563 730 636 789 ὧν
669 737 763 789 ἐπὶ
793 737 885 789 τοῦ
925 736 1189 807 παρόντος
1219 735 1440 808 ἀρκέσει
1470 750 1709 805 παρατε-

191 827 312 880 Θέντα
336 826 490 879 ταῦτα
513 844 526 856 ·
575 845 593 876 ι
634 826 789 878 Ἐστι
822 825 930 897 γάρ
956 826 1062 878 τῶν
1112 825 1378 879 Ἰουδαίων
1415 825 1482 878 τὰ
1539 823 1708 878 πολλά

188 917 458 988 ὀχυρώματα
488 917 627 970 κατά
672 917 770 987 τὴν
803 917 1004 989 χώραν,
1051 917 1144 969 καὶ
1178 916 1392 987 κῶμαι·
1431 916 1526 987 μία
1571 916 1628 970 δὲ
1670 916 1703 986 ἡ

195 1009 495 1079 Ἰερουσαλὴμ
525 1009 633 1080 (69)
667 1010 820 1073 πόλις
848 1010 1041 1082 ὀχυρὰ,
1076 1010 1409 1080 πεντήκοντα
1445 1008 1555 1080 (70)
1600 1011 1704 1080 μά-

184 1104 304 1155 λιστα
343 1101 558 1154 σταδίων
593 1102 688 1172 τὴν
727 1104 1086 1175 περίμετρον·
1123 1103 1188 1173 ἣν
1227 1103 1436 1156 οἰκοῦσι
1477 1103 1574 1173 μὲν
1615 1105 1707 1157 ἀν-

184 1194 368 1265 θρώπων
398 1195 522 1266 περὶ
555 1194 761 1249 δώδεκα
797 1195 1056 1267 μυριάδες
1103 1195 1234 1265 (7i),
1271 1194 1492 1249 καλοῦσι
1528 1195 1572 1248 δ’
1609 1196 1706 1249 αὺ-

179 1289 251 1357 τὴν
280 1289 621 1358 Ἰεροσόλυμα.
665 1290 929 1344 Ἐνταῦθα
973 1290 1029 1344 δέ
1076 1291 1191 1343 ἐστι
1225 1290 1364 1344 κατὰ
1402 1291 1562 1360 μέσον
1600 1290 1705 1360 μά-

178 1382 296 1434 λιστα
333 1383 423 1452 τῆς
460 1382 670 1445 πόλεως
710 1382 992 1453 περίϐολος
1023 1381 1219 1446 λίθινος
1263 1382 1394 1452 (72),
1434 1383 1605 1452 μῆκος
1629 1380 1706 1445 ὡς

176 1474 546 1545 πεντάπλεθρος,
579 1470 738 1544 εὖρος
762 1474 817 1527 δὲ
850 1473 1069 1544 πηχέων
1096 1473 1308 1535 ἑκατὸν,
1343 1472 1481 1543 ἔχων
1513 1471 1704 1534 διπλᾶς

178 1564 328 1627 πύλας,
363 1567 417 1616 ἐν
539 1565 722 1635 βωμός
753 1566 867 1617 ἐστι
906 1569 1265 1636 τετράγωνος·
1302 1565 1556 1634 ἀτμήτων
1590 1562 1700 1631 (75)

175 1657 426 1708 συλλέκτων
453 1656 640 1726 ἀργῶν
671 1657 832 1709 λίθων
863 1656 1005 1710 οὕτω
1038 1655 1391 1726 συγκείμενος
1411 1671 1422 1684 ·
1463 1653 1702 1724 πλευράν

1297 429 1622 484 ΡΒᾸΞΡΑΒ.
1660 427 1908 484 EVANG.
1949 426 2078 481 LIB.
2119 425 2208 480 IX.

812 551 1162 618 ἱκανώτατος,
1201 551 1338 604 ἰδίαν
1372 548 1548 620 βίὸλον
1577 548 1690 601 ἀνα-

1815 547 2038 616 sopbus,
2081 546 2172 600 sed
2219 542 2384 598 etiam
2427 542 2590 599 rebus
2620 545 2868 614 gerendis
2915 546 3252 616 aptissimus,
3291 546 3376 602 Ju-

3272 429 3378 486 690

1809 640 2050 695 deorum
2102 637 2344 694 historiae
2391 637 2670 707 singulare
2700 653 2764 693 ac
2803 639 3080 709 proprium
3126 639 3378 695 volumen

1809 731 2166 796 consecravit,
2216 729 2308 784 ubi
2357 745 2480 785 cum
2511 730 2579 786 de
2608 731 2717 786 illis
2763 731 2932 786 multa
2964 742 3376 796 commemoret,

1811 832 1924 876 tum
1955 824 2068 878 haec
2103 823 2156 879 in
2190 823 2602 892 praesentiarum
2634 841 2701 880 ex
2735 840 2801 879 eo
2843 824 3094 890 retulisse
3127 824 3376 880 sulliciet.

1815 915 2041 971 «Multae
2079 918 2319 986 quidem,
2369 918 2513 988 apud
2558 917 2796 986 Judzeos,
2847 917 3044 989 inquit,
3079 932 3232 972 arces
3282 933 3378 987 pa-

1809 1008 1970 1077 gique
2001 1008 2157 1062 multi
2193 1016 2300 1063 tota
2334 1011 2535 1080 passim
2598 1011 2818 1082 regione
2872 1020 3031 1066 sunt:
3082 1026 3188 1065 una
3237 1025 3370 1065 vero

1809 1100 2021 1153 munita
2056 1099 2112 1153 in
2152 1101 2343 1170 primis
2384 1102 2602 1166 civitas,
2639 1101 2962 1166 Jerusalem,
3011 1101 3170 1172 cujus
3199 1102 3376 1157 ambi-

1808 1201 1894 1245 tus
1926 1205 2035 1244 non
2074 1192 2392 1260 pauciorum
2423 1208 2586 1262 quam
2620 1194 3016 1266 quinquaginta
3068 1196 3372 1252 stadiorum

1805 1292 1909 1340 est.
1950 1282 2103 1340 Hanc
2149 1285 2368 1340 circiter
2394 1287 2583 1356 viginti
2638 1303 2803 1358 supra
2857 1297 3074 1343 centum
3131 1289 3377 1344 incolunt

1807 1374 2091 1431 hominum
2127 1376 2338 1441 millia;
2388 1375 2824 1450 Hierosolymam
2861 1379 3023 1448 vulgo
3067 1379 3372 1433 nominant.

1805 1467 1977 1536 Cujus
2016 1469 2070 1523 in
2110 1469 2410 1524 meditullio
2434 1483 2644 1540 septum
2675 1471 2807 1527 tedis
2847 1472 3072 1540 lapidem
3107 1473 3374 1536 cernitur,

1803 1561 2047 1630 quinque
2119 1559 2232 1615 fere
2306 1561 2560 1632 jugerum
2617 1562 3006 1632 longitudinis,
3073 1563 3376 1619 latitudinis

1804 1652 2110 1706 cubitorum
2167 1660 2405 1706 centum.
2471 1651 2647 1709 Porta
2709 1669 2900 1710 omnes
2943 1654 3172 1724 geminae
3225 1664 3372 1710 sunt.

172 1745 213 1796 δὲ
243 1747 450 1816 ἑκάστην
495 1747 670 1799 εἴκοσι
709 1747 946 1817 πηχέων,
986 1746 1118 1817 ὕψος
1163 1746 1538 1816 δωδεκάπηχυ.
1595 1745 1690 1797 Kal

1808 1743 2006 1798 Ibidem
2047 1744 2217 1799 altare
2245 1745 2570 1816 quadratum
2611 1761 2676 1800 ex
2715 1746 3048 1817 integrorum
3077 1756 3132 1801 et
3168 1747 3377 1818 impoli-

170 1836 267 1906 παρ’
297 1837 442 1894 αὑτὸν
471 1837 680 1908 οἴκημα
711 1837 851 1906 μέγα
893 1830 954 1888 οὗ
992 1837 1170 1908 βωμός
1205 1839 1320 1890 ἐστι
1345 1837 1439 1889 καὶ
1467 1834 1699 1906 λυχνίον,

1806 1845 1990 1890 torum
2029 1837 2269 1906 lapidum
2318 1838 2788 1906 coagmentatione
2837 1837 3156 1902 conﬂatum,
3213 1841 3372 1910 cujus

171 1903 403 1997 ἀμᾷότερα
435 1903 632 1998 χρυσέ,
659 1903 753 1980 δυο
782 1903 1017 1981 τάλαντα
1044 1903 1142 2000 silv
1167 1929 1360 1999 ὁλκήν·
1388 1929 1481 1981 ἐπὶ
1505 1903 1565 1981 δέ
1585 1903 1690 1980 τού·

1807 1925 1977 1980 latera
2039 1903 2254 1997 singula
2321 1903 2514 1996 viginti
2568 1928 2879 1982 cubitorum
2939 1938 3084 1995 sunt,
3148 1903 3375 1986 altitudo

168 2035 247 2069 των
272 2018 372 2087 φῶς
393 2020 538 2073 ἐστιν
564 2019 969 2074 ἀναπόσϐεστον
1004 2022 1097 2074 καὶ
1124 2020 1222 2084 τὰς
1253 2020 1452 2082 νύκτας
1485 2021 1578 2073 καὶ
1601 2020 1700 2084 τὰς

168 2109 351 2180 ἡμέρας.
391 2112 644 2183 Ἀγαλμα
677 2113 720 2164 δ’
744 2113 842 2165 οὐκ
869 2113 1016 2165 ἔστιν
1047 2113 1156 2165 οὐδ’
1193 2113 1448 2184 ἀνάθημα
1473 2113 1532 2166 τὸ
1559 2129 1700 2182 παρ-

166 2199 291 2264 άπαν,
318 2201 430 2254 οὐδὲ
465 2202 724 2274 φύτευμα
757 2203 865 2274 (74)
904 2204 1201 2267 παντελῶς,
1234 2205 1354 2258 οὐδὲ
1383 2199 1493 2258 οἷον
1523 2203 1698 2256 ἀλσῶ-

163 2289 290 2360 δεςῆ
329 2309 375 2343 τι
415 2293 680 2346 τοιοῦτον.
717 2293 1062 2364 Διατρίϐουσι
1101 2293 1146 2346 δ’
1191 2295 1248 2346 ὲν
1289 2294 1437 2361 αὐτῷ
1473 2293 1696 2358 καὶτὰς

163 2380 320 2446 νύκτας
341 2384 426 2436 καὶ
457 2385 558 2448 τὰς
592 2386 805 2457 ἡμέρας
837 2387 1020 2457 ἱερεῖς,
1056 2386 1276 2455 ἁγνείας
1315 2387 1468 2450 τινὰς
1497 2386 1694 2453 ἁγνεύ-

161 2491 292 2550 οντες,
323 2479 408 2529 καί
444 2478 506 2530 τὸ
539 2479 799 2549 παράπαν
831 2474 973 2532 οἶνον
1005 2480 1063 2532 οὐ
1095 2479 1338 2543 πίνοντες
1385 2479 1494 2551 (75)
1529 2481 1585 2532 ὲν
1617 2477 1705 2548 τῷ·

161 2566 302 2638 ἱερῷ.»
333 2569 509 2624 Ταῦτα
539 2571 733 2633 εἰπὼν,
770 2571 996 2636 ὑποϐὰς,
1027 2575 1108 2627 δτι
1140 2573 1232 2626 καὶ
1267 2572 1596 2644 Ἀλεξάνδρῳ
1617 2572 1694 2644 τῷ

161 2660 326 2728 βασιλεῖ
354 2664 904 2736 συνεστρατεύσαντο,
940 2666 1033 2718 καὶ
1071 2665 1207 2736 μετά
1236 2665 1406 2718 ταῦτα
1436 2669 1547 2728 τοῖς
1578 2666 1692 2719 δια-

155 2751 290 2823 δόχοις
330 2755 508 2821 αὐτοῦ,
555 2757 1002 2828 μεμαρτύρηκεν.
1033 2751 1128 2820 Οἷς
1166 2757 1210 2809 δ’
1257 2759 1418 2823 αὐτὸς
1450 2775 1694 2831 παρατυ-

155 2846 241 2912 χεῖν
269 2864 436 2916 φησιν,
471 2849 564 2900 ὑπ’
589 2847 784 2918 ἀνδρὸς
814 2847 1065 2900 Ἰουδαίου
1102 2847 1242 2900 κατὰ
1272 2848 1368 2918 τὴν
1404 2850 1692 2920 στρατείαν

155 2934 434 3005 γενομένοις,
483 2937 648 2991 τοῦτο
699 2937 1109 3010 παραθήσομαι.
1161 2937 1322 3005 Λέγει
1379 2938 1434 2990 δὲ
1482 2938 1686 3002 οὕτως·

156 3043 169 3072 ε
208 3026 346 3095 Ἐξλοῦ
382 3027 511 3095 γοῦν
550 3029 649 3083 ἐπὶ
689 3028 789 3099 τὴν
834 3027 1102 3099 Ἐρυθρὰν
1137 3027 1408 3080 θάλασσαν
1449 3027 1691 3098 βαδίζον-

150 3131 234 3179 τος,
266 3119 640 3190 συνηκολούθει
677 3137 762 3182 τις
812 3119 950 3190 μετὰ
987 3119 1093 3172 τῶν
1137 3119 1307 3174 ἄλλων
1358 3119 1466 3172 τῶν
1513 3138 1691 3194 παρα-

150 3213 428 3280 πεμπόντων
473 3216 632 3285 ἡμᾶς
664 3212 871 3266 ἱππέων
917 3212 1200 3275 Ἰουδαίων,
1233 3213 1401 3283 ὄνομα
1432 3212 1690 3283 Μοσόμα-

151 3321 227 3371 (to;
256 3306 373 3378 (76),
422 3307 717 3379 ἄνθρωπος
765 3304 944 3368 ἱκανὸς
985 3303 1096 3373 (77)
1144 3302 1284 3357 κατά
1337 3305 1435 3375 τὴν
1488 3301 1688 3375 ψυχὴν,

147 3396 392 3468 εὔρωστος,
427 3401 521 3455 καὶ
551 3399 780 3470 τοξότης
813 3397 917 3450 ὑπὸ
962 3396 1026 3468 δὴ
1075 3398 1290 3450 πάντων
1319 3396 1692 3468 ὁμολογούμε-

147 3505 215 3552 νος
241 3493 322 3544 καὶ
361 3493 466 3544 τῶν
502 3491 780 3562 Ἐλλήνων
826 3491 918 3543 καὶ
960 3491 1072 3542 τῶν
1116 3489 1402 3560 βαρϐάρων
1448 3491 1687 3562 ἄριστος.

145 3574 280 3646 οὗτος
317 3581 404 3638 οὗν
455 3588 484 3638 ὁ
535 3583 846 3654 ἄνθρωπος,
893 3580 1216 3651 βαδιζόντων
1277 3583 1486 3637 πολλῶν
1549 3583 1691 3637 κατὰ

145 3675 221 3745 τὴν
261 3676 387 3741 ὁδὸν,
442 3679 539 3730 καὶ
603 3675 852 3747 μάντεώς
907 3694 1050 3739 τινος
1103 3675 1532 3747 ὀρνιθευομένου,
1598 3677 1690 3731 καὶ

142 3766 311 3830 πάντας
366 3771 617 3838 ἐπισχεῖν
669 3766 964 3831 ἀξιοῦντος,
999 3764 1251 3837 ἠρώτησε
1297 3765 1383 3820 διὰ
1425 3767 1478 3820 τί
1523 3785 1691 3840 προσ-

144 3860 343 3929 μένουσι.
391 3861 684 3927 Δείξαντος
735 3859 791 3913 se
837 3859 929 3912 τοῦ
985 3858 1230 3930 μάντεως
1280 3857 1429 3930 αὐτῷ
1475 3859 1566 3912 τὸν
1598 3859 1690 3930 δρ-

139 3951 251 4012 νιθα,
271 3955 357 4006 καὶ
388 3956 684 4025 φήσαντος,
719 3951 814 4004 ὲάν
852 3951 948 4021 μὲν
982 3949 1146 4004 αὑτοῦ
1183 3951 1338 4023 μένῃ,
1362 3952 1687 4024 προσμένειν

142 4041 370 4111 συμφέρει
413 4045 616 4096 πᾶσινο
669 4040 763 4093 ἐὰν
813 4041 868 4093 δὲ
903 4041 1141 4104 ἀναστάς
1185 4043 1266 4104 είς
1309 4040 1685 4113 τοῦμπροσθεν

137 4133 352 4204 πέτηται,
384 4137 654 4208 προάγειν
673 4151 686 4164 ο
720 4133 816 4187 ἐὰν
839 4133 895 4187 δὲ
921 4135 1001 4198 είς
1027 4134 1088 4187 τὸ
1119 4133 1361 4198 ὄπισθεν,
1384 4136 1685 4207 ἀναχωρεῖν

133 4304 222 4362 τος,
251 4290 594 4362 ,Ἀλεξάνδρῳ
625 4288 704 4362 τῷ
739 4287 944 4358 βασιλεῖ
970 4286 1325 4362 συνακμάσας
1356 4284 1431 4353 (id
1465 4293 1566 4362 est,
1594 4287 1686 4355 qui

134 4361 208 4410 sub
229 4355 524 4414 Alexandro
543 4355 748 4430 ﬂoruit,
776 4373 904 4430 non,
937 4365 997 4430 ut
1026 4355 1270 4430 interpr._,
1307 4371 1424 4408 cum
1451 4355 1685 4430 Alexan-

133 4430 211 4480 dro
236 4434 484 4500 nutritus)
540 4426 638 4484 καὶ
679 4427 1000 4500 Πτολεμαίῳ
1048 4426 1128 4500 τῷ
1191 4427 1372 4500 Adito”
1418 4427 1683 4500 EUYIST’é‘

134 4516 265 4566 μενος
285 4544 299 4564 ,
330 4502 391 4554 οὐ
443 4496 741 4572 παρέργως
759 4538 775 4563 ,
825 4496 979 4572 ἀλ)ᾲά
1008 4499 1137 4568 περὶ
1166 4496 1360 4572 ἀυτῶν
1417 4497 1682 4572 Ἰουδαίων

134 4572 450 4643 συγγέγραφε
483 4568 688 4641 pisum
709 4610 723 4634 ,
755 4577 858 4624 etc.
899 4568 1037 4622 Tum
1071 4584 1124 4637 p.
1160 4568 1296 4623 1049
1327 4568 1504 4643 locum
1536 4569 1681 4623 hunc

133 4642 283 4695 verbis
308 4657 446 4711 pene
475 4643 700 4711 totidem
732 4648 1089 4711 repraesentat
1117 4657 1131 4692 :
1174 4653 1275 4711 nec

131 4711 239 4776 quin
268 4709 538 4768 Eusebius
563 4727 630 4765 ex
659 4709 896 4779 Josepho
918 4709 1266 4777 descripserit
1291 4725 1305 4760 :
1337 4720 1396 4762 ut
1429 4718 1573 4779 patet
1613 4726 1679 4763 ex

134 4783 292 4845 paucis
339 4783 596 4838 versibus
643 4782 734 4851 qui
783 4777 943 4850 paulo
991 4790 1130 4851 post,
1176 4795 1296 4847 cap.
1344 4777 1679 4851 9.__Hecat:ei

133 4851 267 4906 verba
320 4847 678 4908 intercidunt:
721 4847 875 4906 Alius
931 4847 1035 4904 fuit
1089 4847 1370 4904 Hecatzeus
1416 4848 1678 4914 Milesius,

133 4918 355 4991 Abderita
385 4924 678 4987 vetustior,
709 4922 775 4976 de
808 4937 915 4991 quo
943 4920 1112 4982 intra.
1147 4935 1200 4988 p.
1237 4919 1360 4972 466.

189 4990 284 5060 (69)
315 4992 724 5062 Ἰερουσαλήμ.
749 4990 968 5060 JoSeph.
1003 4992 1142 5044 hanc
1163 5005 1351 5044 vocem
1377 5004 1485 5062 non
1512 5004 1683 5059 agno-

134 5061 234 5184 1δὲἱει,
262 5076 319 5146 ει.
353 5059 505 5121 recte
533 5084 547 5119 :
575 5059 702 5118 nam
745 5059 906 5133 paulo
959 5069 1104 5132 post,
1148 5076 1346 5115 nomen
1399 5059 1680 5117 Hecatatus

135 5145 160 5180 ἃ
195 5145 365 5184 tumul.

135 5137 365 5187 adiungit.

188 5149 727 5271 ίξδξιῆεντήκοντα.
772 5202 1128 5257 Timochares
1176 5200 1350 5263 infra,
1400 5201 1676 5271 pag.7452,

136 5274 464 5344 quadraginta
507 5270 698 5331 solum
755 5275 804 5329 ei
859 5274 1049 5327 tribuit
1092 5289 1104 5323 :
1149 5270 1680 5344 ibidemque’Syriae

137 5339 343 5413 ilcnsor,
371 5357 584 5401 tantum
615 5347 701 5399 27.
740 5344 965 5399 Diverso
1007 5354 1249 5412 tempore
1288 5339 1682 5413 diversus'am-

137 5410 402 5486 bitusgeSse
432 5418 628 5486 potuit.
661 5416 982 5484 Quanquam
1016 5410 1484 5486 testimoniumab
1508 5411 1682 5486 Heca-

138 5491 222 5537 taeo
260 5483 528 5557 Josepbus
558 5498 611 5540 et
652 5483 952 5549 Eusebius,
990 5500 1097 5538 non
1139 5483 1438 5538 testimonii
1476 5484 1592 5539 reb.
1623 5485 1678 5539 in

137 5556 314 5628 omnii).
342 5556 403 5608 τὸ
435 5557 658 5628 ἀκριϐές
681 5557 984 5628 exigebant.

195 5625 292 5696 (7-1)
325 5624 557 5680 Δώδεκα
579 5624 881 5696 μυριάδες.
924 5626 1152 5679 Centum
1185 5635 1239 5680 et
1283 5625 1472 5697 viginti
1498 5627 1680 5682 homi-

142 5706 248 5746 num
272 5699 462 5767 millia,
491 5713 596 5750 non
637 5706 851 5752 centum
876 5697 1368 5767 etquinquaginta,
1408 5705 1467 5752 ut
1509 5699 1677 5752 inter-

140 5775 242 5836 pres
257 5764 474 5836 Jtrseplli
505 5768 681 5822 vertit.

201 5833 297 5900 (Η)
325 5833 641 5905 Πὲρίἔολος
675 5839 920 5903 λίθινος.
954 5837 1032 5890 Ad
1063 5837 1346 5908 Templum
1379 5839 1478 5893 ista
1509 5840 1676 5908 perti-

147 5915 287 5972 nent,
323 5923 429 5978 quo
465 5910 531 5962 de
559 5950 572 5976 ,
607 5927 728 5980 quae
776 5911 840 5964 ad
879 5908 1108 5964 Hecatwi
1156 5921 1209 5965 et
1251 5911 1530 5983 Eupolemi
1555 5928 1675 5966 set..-

1717 3251 1760 3310 C

1312 4639 1538 4692 dubium
1574 4649 1678 4702 est,
1714 4614 1759 4673 υ

1803 2031 1934 2071 vero
1965 2017 2274 2072 duodecim.
2330 2016 2534 2073 Praeter
2575 2017 2682 2074 hoc
2729 2021 2923 2088 altare,
2958 2021 3151 2094 ingens
3191 2023 3372 2079 laber-

1803 2109 2057 2162 naculum
2093 2116 2196 2174 est,
2231 2123 2341 2178 quo
2369 2119 2422 2162 et
2450 2125 2541 2164 ara
2604 2117 2658 2163 et
2706 2112 3092 2167 candelabrum
3124 2115 3376 2171 contine-

1801 2205 1914 2263 tur,
1945 2207 2235 2267 utrumque
2266 2215 2516 2264 aureum,
2547 2201 2802 2269 ponderis
2830 2203 3156 2258 talentorum
3180 2205 3371 2269 duum,

1803 2288 1892 2343 ubi
1929 2289 2110 2343 lumen
2139 2290 2528 2344 inexstinetum
2554 2293 2672 2346 dies
2700 2301 3002 2363 noctesque
3034 2295 3376 2350 continenter

1801 2381 1972 2437 ardet.
2034 2381 2254 2438 Nullum
2292 2384 2366 2438 ibi
2401 2384 2781 2453 simulacrum,
2814 2386 3106 2442 donarium
3144 2389 3373 2443 omnino

1799 2477 2033 2541 nullum,
2070 2477 2312 2548 adeoque
2353 2493 2455 2532 nec
2499 2479 2708 2548 planta,
2745 2495 2845 2535 nec
2885 2481 3064 2548 lucus,
3096 2496 3196 2536 nec
3228 2481 3374 2536 aliud

1797 2567 2094 2637 quidquam
2123 2569 2415 2638 ejusmodi.
2453 2567 2782 2625 Sacerdotes
2816 2571 2871 2624 in
2917 2587 2984 2626 eo
3029 2580 3191 2628 noctu
3228 2573 3376 2642 pari-

1798 2667 1880 2714 ter
1906 2669 2068 2728 atque
2098 2660 2334 2715 interdiu
2367 2660 2594 2726 assidui,
2631 2661 2796 2716 certis
2827 2663 3155 2732 quibusdam
3184 2664 3378 2733 expia-

1794 2752 2037 2808 tionibus
2068 2752 2198 2806 dant
2225 2768 2484 2822 operam;
2528 2769 2668 2823 quos
2709 2756 2763 2809 in
2813 2757 3015 2825 templo
3040 2756 3226 2810 vinum
3260 2773 3364 2828 gu-

1795 2853 1940 2898 stare
1969 2843 2144 2899 neias.
2187 2865 2205 2896 »
2225 2843 2362 2899 Tum
2393 2859 2720 2916 progressus
2750 2847 2998 2912 ulterius,
3024 2848 3244 2902 eosdem
3267 2849 3371 2903 sub

1794 2934 2105 2990 Alexandro
2137 2935 2366 3006 ejusque
2407 2937 2824 2992 successoribus
2877 2938 3144 2994 militasse
3196 2947 3364 2993 testa-

1796 3034 1901 3081 tur.
1961 3025 2093 3080 liihi
2142 3042 2290 3093 vero,
2329 3028 2474 3097 quod
2529 3028 2583 3082 in
2639 3029 2741 3082 ista
2792 3029 3154 3098 expeditione,
3195 3031 3370 3085 homi~

1793 3117 1879 3175 nis
1907 3134 2028 3174 sese
2050 3118 2220 3174 Judaei
2252 3118 2460 3175 factum
2502 3121 2676 3177 oculis
2712 3123 2992 3192 aspexisse
3036 3137 3370 3179 commemo-

1791 3216 1896 3274 rat,
1933 3210 2181 3279 ipsismet
2229 3211 2376 3265 illius
2408 3212 2593 3267 verbis
2640 3213 2843 3266 referre
2865 3213 2999 3267 satis
3027 3215 3156 3270 erit.
3184 3232 3203 3265 ι
3234 3212 3365 3268 Per-

1794 3303 1960 3372 genti,
1992 3303 2193 3372 inquit,
2218 3303 2351 3356 mihi
2380 3303 2448 3358 ad
2479 3320 2629 3359 mare
2679 3303 2947 3371 Rubrum,
2983 3319 3106 3360 cum
3156 3307 3379 3361 caeteris

1793 3395 2068 3465 equitibus
2092 3394 2312 3462 Judaeis,
2357 3411 2498 3468 quos
2545 3397 2755 3452 itineris
2806 3399 2975 3455 duces
3007 3398 3366 3466 habebamus,

1791 3502 1936 3542 unus
1963 3503 2154 3542 eorum
2205 3489 2406 3558 aliquis
2436 3489 2821 3556 comitabatur,
2870 3489 3244 3546 Mosomamus
3271 3506 3368 3546 no-

1791 3581 1959 3646 mine,
2010 3580 2094 3635 vir
2124 3594 2250 3634 cum
2287 3582 2453 3635 animi
2478 3583 2855 3652 magnitudine
2883 3598 2947 3638 ac
2976 3582 3216 3650 solertia,
3251 3592 3367 3638 tum

1791 3671 2041 3742 corporis
2082 3671 2278 3727 robore
2327 3688 2438 3726 non
2485 3673 2718 3743 vulgari,
2771 3673 3022 3743 idemque
3053 3673 3386 3744 sagittarius.

1789 3765 2034 3820 omnium
2067 3773 2174 3818 tam
2208 3763 2522 3820 Grmcorum
2557 3780 2720 3834 quam
2752 3765 3116 3820 Barbarorum
3152 3765 3368 3820 confes-

1788 3858 1942 3912 sione
1965 3857 2350 3927 peritissimus.
2385 3857 2456 3924 ls,
2491 3873 2614 3913 cum
2649 3857 2716 3911 ad
2752 3857 2892 3914 vatis
2933 3857 3220 3929 cujusdam
3270 3874 3368 3911 au-

1788 3951 1942 4021 guria
1979 3949 2246 4020 captantis
2283 3965 2490 4015 vocem,
2549 3950 2802 4005 universa
2853 3965 3068 4017 eorum,
3122 3950 3216 4021 qui
3251 3961 3366 4006 tum

1787 4043 1888 4098 iter
1921 4043 2053 4098 illud
2108 4043 2362 4114 agebant,
2410 4045 2703 4101 multitudo
2748 4055 2970 4114 repente
3022 4045 3363 4111 subsisteret,

1785 4145 1960 4207 rogat,
1997 4151 2264 4207 quorsum
2327 4138 2379 4194 id
2427 4137 2599 4193 ﬁeret.
2655 4137 2903 4192 Ostendit
2943 4145 3125 4192 autem
3169 4153 3362 4206 augur,

1786 4307 1929 4353 sum.
1969 4291 2105 4348 infra
2142 4309 2264 4364 pag.
2292 4293 2396 4347 447
2417 4301 2470 4347 et
2511 4309 2633 4364 seq.
2679 4295 2985 4351 necessaria
3011 4295 3357 4350 videbuntur.

1859 4363 1970 4445 (75)
2017 4364 2348 4445 ’.λᾳτμνῄτωνίι
2370 4373 2476 4418 etc.
2501 4363 2721 4445 Joseph.
2750 4367 2850 4420 οὐκ
2977 4365 3218 4436 τμητῶν,
3249 4367 3360 4419 ἀλλ’

1786 4435 1850 4488 ὲκ
1897 4434 2006 4488 τῶν
2038 4435 2223 4506 ἀργῶν
2269 4434 2430 4488 λίθων
2454 4475 2468 4498 ,
2505 4437 2706 4491 rectius
2740 4446 2800 4491 ut
2843 4434 3056 4491 videtur
3079 4434 3098 4489 Ξ
3138 4451 3261 4490 nam
3310 4449 3382 4489 (-t=

1787 4507 2171 4560 Deuteronom.
2205 4522 2375 4568 xxvu,
2417 4507 2470 4570 5,
2502 4507 2766 4560 habetur:
2803 4506 2879 4560 De
2912 4506 3198 4575 lapidibus,
3233 4522 3378 4576 quos

1788 4577 1989 4646 [errunr
2019 4592 2122 4629 non
2157 4578 2352 4646 tetigit,
2385 4586 2434 4629 et
2467 4577 2529 4631 de
2559 4579 2703 4630 saxis
2735 4577 3075 4646 informibus,
3105 4587 3154 4630 et
3191 4576 3360 4642 impo-

1785 4645 1931 4717 litis;
1964 4644 2132 4702 Josue
2184 4644 2304 4709 vui,
2336 4647 2395 4717 δῇ
2430 4666 2442 4700 :
2493 4646 2566 4700 De
2596 4644 2859 4715 lapidibus
2907 4648 3197 4717 impolitis,
3229 4663 3359 4716 quos

1785 4716 1985 4787 ferrum
2013 4734 2114 4771 non
2147 4718 2338 4786 tetigit.
2364 4714 2756 4784 Josephuslib.
2786 4734 2823 4771 ll
2855 4737 2868 4773 :
2907 4714 3002 4772 Ἐκ
3031 4717 3192 4771 λίθων
3221 4714 3359 4787 συμ-

1785 4785 2011 4860 μίκτων,
2056 4788 2117 4840 οὐ
2156 4785 2609 4860 λελατομημένων
2653 4792 2717 4843 ὲκ
2760 4788 3000 4860 σιδήρου,
3046 4796 3104 4860 et
3136 4788 3229 4842 lib.
3261 4785 3311 4841 tv
3343 4808 3356 4842 :

1796 4856 1891 4909 Ἐκ
1916 4856 2076 4978 ἒίθων
2108 4857 2188 4929 μὴ
2231 4856 2735 4930 κατειργασμένων,
2783 4856 2919 4913 ἀλλά
2950 4858 3184 4929 λογάδην
3231 4874 3360 4925 συγ-

1796 4943 1914 4978 ιειυ.
1945 4945 2067 4978 νων.

1783 4942 1844 4978 κε
1853 4945 1868 4979 ι
1876 4942 2067 4981 μενων.

1855 4996 1966 5066 (74)
1997 4998 2150 5069 Οὐδὲ
2197 4999 2485 5069 φύτευμα.
2519 4997 2904 5054 Deuteronom.
2935 5015 3056 5061 xvr.
3086 4999 3148 5054 9.!
3186 5015 3199 5050 :
3237 4996 3357 5050 Non

1782 5067 2060 5140 glantabt’sﬂ
2097 5068 2296 5135 lucum,
2341 5067 2396 5124 et
2435 5086 2636 5124 omnem
2670 5070 2933 5136 arborem,
2977 5071 3138 5140 juxta
3187 5069 3360 5122 altare

1783 5135 1998 5190 Domini
2033 5139 2126 5192 Dei
2160 5140 2260 5193 tui.

1854 5206 1963 5280 (75)
1995 5204 2173 5262 οἶνον
2197 5211 2268 5280 οὐ
2296 5213 2589 5274 πίνοντες.
2625 5210 2932 5273 Leviticix.
2956 5215 2987 5268 9
3015 5229 3027 5264 :
3068 5210 3278 5274 Vinum,
3309 5220 3357 5263 et
3387 5216 3401 5238 ‘

1782 5279 2098 5349 omne'quod
2150 5279 2644 5349 inebriare-potest,
2695 5299 2796 5335 non
2845 5282 3028 5336 bibetis
3061 5291 3139 5346 tu,
3174 5292 3222 5333 et
3256 5280 3359 5348 ﬁlii

1784 5349 1884 5412 tui,
1920 5347 2131 5420 quando
2156 5349 2526 5420 intrabitisjn
2565 5347 3000 5420 gTabernaculum
3045 5347 3353 5410 testimonii.
3416 5365 3417 5370 ‘

1781 5435 1846 5472 ne
1885 5418 2191 5474 m'oriamini
2214 5463 2229 5486 ,
2264 5431 2371 5477 etc.
2419 5418 2680 5474 Ezechiel
2719 5438 2878 5487 κων,
2912 5423 2983 5477 εο
3017 5441 3028 5476 :
3079 5420 3148 5474 Et
3180 5423 3358 5475 uinum

1781 5505 1887 5564 non
1919 5489 2054 5544 bibet
2104 5495 2276 5545 omnis
2326 5489 2603 5556 sacerdos,
2637 5492 2845 5560 quando
2895 5496 3228 5564 ingressurus
3278 5502 3355 5545 est

1781 5562 1979 5614 atrium
2006 5564 2249 5616 interius.

1852 5631 1964 5703 ('16)
1995 5635 2374 5703 Μοσόμαμος.
2402 5630 2620 5702 Joseph.
2663 5631 3014 5704 Μοσόλλαμος
3035 5676 3050 5703 ,
3084 5645 3136 5691 et
3166 5651 3356 5689 rursus

1783 5699 1907 5757 infr.
1939 5718 2062 5758 bag.
2094 5703 2222 5758 409.

1782 5716 1907 5757 intr.
1939 5718 2062 5768 pag.
2094 5716 2222 5758 ουν.

1853 5719 2248 5848 (iriaiizggé,
2275 5782 2383 5848 etc.
2413 5773 2654 5848 Rectius,
2670 5775 2895 5848 opinor,
2931 5791 3091 5845 quam
3130 5785 3187 5831 ut
3212 5775 3356 5848 apud

1779 5842 1996 5914 Ioseph.
2037 5844 2235 5909 ἱκανῶς
2262 5845 2398 5898 κατά
2429 5844 2606 5915 ψυχὴν
2639 5842 2927 5918 εὔρωστος.
