  <div class='ocr_page' id='page_1' title='image "/cluster/home/n/w/nwhite01/storage/ocr_20150623/21/hvd.32044073501165/360.png"; bbox 0 0 3838 6384; ppageno 0'>
   <div class='ocr_carea' id='block_1_1' title="bbox 128 357 212 411">
    <p class='ocr_par' dir='ltr' id='par_1_1' title="bbox 128 357 212 411">
     <span class='ocr_line' id='line_1_1' title="bbox 128 357 212 411; baseline -0.024 0"><span class='ocrx_word' id='word_1_1' title='bbox 128 357 212 411; x_wconf 64' lang='lat'><strong>695</strong></span> 
     </span>
    </p>
   </div>
   <div class='ocr_carea' id='block_1_2' title="bbox 1231 349 2127 410">
    <p class='ocr_par' dir='ltr' id='par_1_2' title="bbox 1231 349 2127 410">
     <span class='ocr_line' id='line_1_2' title="bbox 1231 349 2127 410; baseline 0.003 -5"><span class='ocrx_word' id='word_1_2' title='bbox 1231 349 1550 408; x_wconf 65' lang='lat' dir='ltr'><strong>PREPAR.</strong></span> <span class='ocrx_word' id='word_1_3' title='bbox 1594 353 1843 410; x_wconf 79' lang='lat' dir='ltr'><strong>EVANG.</strong></span> <span class='ocrx_word' id='word_1_4' title='bbox 1874 354 2000 410; x_wconf 86' lang='lat' dir='ltr'><strong>LIB.</strong></span> <span class='ocrx_word' id='word_1_5' title='bbox 2034 353 2127 409; x_wconf 66' lang='grc' dir='ltr'><strong>ιχ.</strong></span> 
     </span>
    </p>
   </div>
   <div class='ocr_carea' id='block_1_3' title="bbox 3208 349 3310 428">
    <p class='ocr_par' dir='ltr' id='par_1_3' title="bbox 3208 349 3310 428">
     <span class='ocr_line' id='line_1_3' title="bbox 3208 349 3310 428; baseline 0.01 -25"><span class='ocrx_word' id='word_1_6' title='bbox 3208 349 3310 428; x_wconf 73' lang='lat' dir='ltr'><strong>sat</strong></span> 
     </span>
    </p>
   </div>
   <div class='ocr_carea' id='block_1_4' title="bbox 124 468 1609 548">
    <p class='ocr_par' dir='ltr' id='par_1_4' title="bbox 124 468 1609 548">
     <span class='ocr_line' id='line_1_4' title="bbox 124 468 1609 548; baseline -0.004 -16"><span class='ocrx_word' id='word_1_7' title='bbox 124 476 424 548; x_wconf 64' lang='grc' dir='ltr'>σδηικείωτο,</span> <span class='ocrx_word' id='word_1_8' title='bbox 476 473 758 546; x_wconf 78' lang='grc' dir='ltr'>παρεδίδου</span> <span class='ocrx_word' id='word_1_9' title='bbox 791 491 849 527; x_wconf 73' lang='grc' dir='ltr'><strong>τι</strong></span> <span class='ocrx_word' id='word_1_10' title='bbox 889 472 1088 544; x_wconf 74' lang='grc' dir='ltr'>μᾶλλον</span> <span class='ocrx_word' id='word_1_11' title='bbox 1119 468 1193 528; x_wconf 83' lang='grc' dir='ltr'>ὧν</span> <span class='ocrx_word' id='word_1_12' title='bbox 1228 470 1359 544; x_wconf 79' lang='grc' dir='ltr'><strong>εἶχε.</strong></span> <span class='ocrx_word' id='word_1_13' title='bbox 1401 495 1420 527; x_wconf 75' lang='grc' dir='ltr'><strong>ι</strong></span> <span class='ocrx_word' id='word_1_14' title='bbox 1454 473 1609 528; x_wconf 66' lang='grc' dir='ltr'>Ταῦτα</span> 
     </span>
    </p>
   </div>
   <div class='ocr_carea' id='block_1_5' title="bbox 1716 468 3311 548">
    <p class='ocr_par' dir='ltr' id='par_1_5' title="bbox 1743 474 3311 548">
     <span class='ocr_line' id='line_1_5' title="bbox 1743 474 3311 548; baseline -0.001 -17"><span class='ocrx_word' id='word_1_15' title='bbox 1743 478 2070 548; x_wconf 85' lang='lat' dir='ltr'><strong>quihusdam</strong></span> <span class='ocrx_word' id='word_1_16' title='bbox 2137 476 2498 547; x_wconf 61' lang='lat' dir='ltr'><strong>philosophiae</strong></span> <span class='ocrx_word' id='word_1_17' title='bbox 2552 474 2817 532; x_wconf 79' lang='lat' dir='ltr'><strong>studiosis</strong></span> <span class='ocrx_word' id='word_1_18' title='bbox 2871 483 3196 541; x_wconf 71' lang='lat' dir='ltr'><strong>versaretur,</strong></span> <span class='ocrx_word' id='word_1_19' title='bbox 3257 483 3311 530; x_wconf 78' lang='lat' dir='ltr'><strong>et</strong></span> 
     </span>
    </p>
   </div>
   <div class='ocr_carea' id='block_1_6' title="bbox 125 567 544 636">
    <p class='ocr_par' dir='ltr' id='par_1_6' title="bbox 125 567 544 636">
     <span class='ocr_line' id='line_1_6' title="bbox 125 567 544 636; baseline -0.012 -12"><span class='ocrx_word' id='word_1_20' title='bbox 125 570 196 624; x_wconf 69' lang='lat' dir='ltr'><strong>ut</strong></span> <span class='ocrx_word' id='word_1_21' title='bbox 220 572 244 621; x_wconf 78' lang='grc'>6</span> <span class='ocrx_word' id='word_1_22' title='bbox 269 567 544 636; x_wconf 77' lang='grc' dir='ltr'>Κλέαρχος.</span> 
     </span>
    </p>
   </div>
   <div class='ocr_carea' id='block_1_7' title="bbox 1742 561 3306 635">
    <p class='ocr_par' dir='ltr' id='par_1_7' title="bbox 1742 561 3306 635">
     <span class='ocr_line' id='line_1_7' title="bbox 1742 561 3306 635; baseline -0.005 -14"><span class='ocrx_word' id='word_1_23' title='bbox 1742 581 1935 621; x_wconf 90' lang='lat' dir='ltr'><strong>eorum</strong></span> <span class='ocrx_word' id='word_1_24' title='bbox 1972 567 2026 620; x_wconf 93' lang='lat' dir='ltr'><strong>in</strong></span> <span class='ocrx_word' id='word_1_25' title='bbox 2061 566 2341 635; x_wconf 68' lang='lat' dir='ltr'><strong>sapientiae</strong></span> <span class='ocrx_word' id='word_1_26' title='bbox 2388 572 2598 635; x_wconf 86' lang='lat' dir='ltr'><strong>partem</strong></span> <span class='ocrx_word' id='word_1_27' title='bbox 2643 579 2708 618; x_wconf 91' lang='lat' dir='ltr'><strong>ac</strong></span> <span class='ocrx_word' id='word_1_28' title='bbox 2741 563 3052 619; x_wconf 84' lang='lat' dir='ltr'><strong>societatem</strong></span> <span class='ocrx_word' id='word_1_29' title='bbox 3080 561 3306 614; x_wconf 84' lang='lat' dir='ltr'><strong>veniret.</strong></span> 
     </span>
    </p>
   </div>
   <div class='ocr_carea' id='block_1_8' title="bbox 120 657 3304 732">
    <p class='ocr_par' dir='ltr' id='par_1_8' title="bbox 120 657 3304 732">
     <span class='ocr_line' id='line_1_8' title="bbox 120 657 3304 732; baseline -0.003 -14"><span class='ocrx_word' id='word_1_30' title='bbox 120 667 274 732; x_wconf 82' lang='lat' dir='ltr'><strong>Atque,</strong></span> <span class='ocrx_word' id='word_1_31' title='bbox 296 672 350 716; x_wconf 88' lang='lat' dir='ltr'><strong>ut</strong></span> <span class='ocrx_word' id='word_1_32' title='bbox 369 675 488 716; x_wconf 87' lang='lat' dir='ltr'><strong>cum</strong></span> <span class='ocrx_word' id='word_1_33' title='bbox 523 658 772 728; x_wconf 86' lang='lat' dir='ltr'><strong>plurimis</strong></span> <span class='ocrx_word' id='word_1_34' title='bbox 811 657 1058 714; x_wconf 77' lang='lat' dir='ltr'><strong>doctrina</strong></span> <span class='ocrx_word' id='word_1_35' title='bbox 1114 659 1504 730; x_wconf 66' lang='lat' dir='ltr'><strong>praestantibus</strong></span> <span class='ocrx_word' id='word_1_36' title='bbox 1573 658 1913 716; x_wconf 77' lang='lat' dir='ltr'><strong>familiariter</strong></span> <span class='ocrx_word' id='word_1_37' title='bbox 1978 661 2210 726; x_wconf 81' lang='lat' dir='ltr'><strong>vixerat,</strong></span> <span class='ocrx_word' id='word_1_38' title='bbox 2257 660 2378 732; x_wconf 88' lang='lat' dir='ltr'><strong>plus</strong></span> <span class='ocrx_word' id='word_1_39' title='bbox 2427 659 2728 730; x_wconf 90' lang='lat' dir='ltr'><strong>aliquanto,</strong></span> <span class='ocrx_word' id='word_1_40' title='bbox 2796 673 2960 728; x_wconf 89' lang='lat' dir='ltr'><strong>quam</strong></span> <span class='ocrx_word' id='word_1_41' title='bbox 3017 657 3304 726; x_wconf 89' lang='lat' dir='ltr'><strong>acciperet,</strong></span> 
     </span>
    </p>
   </div>
   <div class='ocr_carea' id='block_1_9' title="bbox 121 753 1448 812">
    <p class='ocr_par' dir='ltr' id='par_1_9' title="bbox 121 753 1448 812">
     <span class='ocr_line' id='line_1_9' title="bbox 121 753 1448 812; baseline -0.002 0"><span class='ocrx_word' id='word_1_42' title='bbox 121 758 348 812; x_wconf 83' lang='lat' dir='ltr'><strong>nobiscum</strong></span> <span class='ocrx_word' id='word_1_43' title='bbox 373 755 459 811; x_wconf 89' lang='lat' dir='ltr'><strong>ille</strong></span> <span class='ocrx_word' id='word_1_44' title='bbox 483 753 938 811; x_wconf 87' lang='lat' dir='ltr'><strong>communicabat.</strong></span> <span class='ocrx_word' id='word_1_45' title='bbox 971 773 993 806; x_wconf 71' lang='grc' dir='ltr'><strong>ι</strong></span> <span class='ocrx_word' id='word_1_46' title='bbox 1029 754 1106 809; x_wconf 88' lang='lat' dir='ltr'><strong>Ita</strong></span> <span class='ocrx_word' id='word_1_47' title='bbox 1128 755 1448 812; x_wconf 82' lang='lat' dir='ltr'><strong>Clearchus.</strong></span> 
     </span>
    </p>
   </div>
   <div class='ocr_carea' id='block_1_10' title="bbox 573 849 1096 917">
    <p class='ocr_par' dir='ltr' id='par_1_10' title="bbox 573 849 1096 917">
     <span class='ocr_line' id='line_1_10' title="bbox 573 849 1096 917; baseline 0.004 -13"><span class='ocrx_word' id='word_1_48' title='bbox 573 849 963 904; x_wconf 72' lang='grc' dir='ltr'><strong>ΚΕΦΑΛΑΙΟΝ</strong></span> <span class='ocrx_word' id='word_1_49' title='bbox 1002 851 1096 917; x_wconf 70' lang='grc' dir='ltr'><strong>(τ’.</strong></span> 
     </span>
    </p>
   </div>
   <div class='ocr_carea' id='block_1_11' title="bbox 118 961 1625 1032">
    <p class='ocr_par' dir='ltr' id='par_1_11' title="bbox 118 961 1625 1032">
     <span class='ocr_line' id='line_1_11' title="bbox 118 961 1625 1032; baseline 0.002 -14"><span class='ocrx_word' id='word_1_50' title='bbox 118 963 396 1032; x_wconf 62' lang='grc' dir='ltr'>Κλήμεντος</span> <span class='ocrx_word' id='word_1_51' title='bbox 422 963 556 1031; x_wconf 70' lang='grc' dir='ltr'>περὶ</span> <span class='ocrx_word' id='word_1_52' title='bbox 596 961 716 1016; x_wconf 78' lang='grc' dir='ltr'>τῶν</span> <span class='ocrx_word' id='word_1_53' title='bbox 754 963 1304 1032; x_wconf 76' lang='grc' dir='ltr'><strong>μνημονευσάντων</strong></span> <span class='ocrx_word' id='word_1_54' title='bbox 1331 965 1435 1020; x_wconf 85' lang='grc' dir='ltr'>τοῦ</span> <span class='ocrx_word' id='word_1_55' title='bbox 1475 967 1625 1021; x_wconf 85' lang='grc' dir='ltr'>Ἰου-</span> 
     </span>
    </p>
   </div>
   <div class='ocr_carea' id='block_1_12' title="bbox 241 1031 1454 1104">
    <p class='ocr_par' dir='ltr' id='par_1_12' title="bbox 241 1031 1454 1104">
     <span class='ocr_line' id='line_1_12' title="bbox 241 1031 1454 1104; baseline 0.001 -16"><span class='ocrx_word' id='word_1_56' title='bbox 241 1034 402 1088; x_wconf 78' lang='grc' dir='ltr'>δαίων</span> <span class='ocrx_word' id='word_1_57' title='bbox 429 1035 666 1099; x_wconf 77' lang='grc' dir='ltr'>ἔθνους,</span> <span class='ocrx_word' id='word_1_58' title='bbox 695 1031 812 1087; x_wconf 87' lang='grc' dir='ltr'><strong>ἀπὸ</strong></span> <span class='ocrx_word' id='word_1_59' title='bbox 845 1031 951 1088; x_wconf 81' lang='grc' dir='ltr'>τοῦ</span> <span class='ocrx_word' id='word_1_60' title='bbox 972 1041 1023 1086; x_wconf 85' lang='grc' dir='ltr'>α’</span> <span class='ocrx_word' id='word_1_61' title='bbox 1048 1035 1454 1104; x_wconf 84' lang='grc' dir='ltr'>Στρωματέως.</span> 
     </span>
    </p>
   </div>
   <div class='ocr_carea' id='block_1_13' title="bbox 165 1145 1626 1222">
    <p class='ocr_par' dir='ltr' id='par_1_13' title="bbox 165 1145 1626 1222">
     <span class='ocr_line' id='line_1_13' title="bbox 165 1145 1626 1222; baseline 0.003 -24"><span class='ocrx_word' id='word_1_62' title='bbox 165 1145 326 1199; x_wconf 78' lang='grc' dir='ltr'><strong>Τούτου</strong></span> <span class='ocrx_word' id='word_1_63' title='bbox 375 1145 428 1200; x_wconf 80' lang='grc' dir='ltr'>δὲ</span> <span class='ocrx_word' id='word_1_64' title='bbox 487 1145 815 1218; x_wconf 81' lang='grc' dir='ltr'><strong>μνημονεύει</strong></span> <span class='ocrx_word' id='word_1_65' title='bbox 858 1147 953 1200; x_wconf 75' lang='grc' dir='ltr'><strong>καὶ</strong></span> <span class='ocrx_word' id='word_1_66' title='bbox 1007 1149 1036 1200; x_wconf 88' lang='lat'><strong>6</strong></span> <span class='ocrx_word' id='word_1_67' title='bbox 1082 1148 1349 1220; x_wconf 74' lang='grc' dir='ltr'>ἡμέτερος</span> <span class='ocrx_word' id='word_1_68' title='bbox 1396 1149 1626 1222; x_wconf 81' lang='grc' dir='ltr'><strong>Κλήμης</strong></span> 
     </span>
    </p>
   </div>
   <div class='ocr_carea' id='block_1_14' title="bbox 114 1230 1628 1313">
    <p class='ocr_par' dir='ltr' id='par_1_14' title="bbox 114 1230 1628 1313">
     <span class='ocr_line' id='line_1_14' title="bbox 114 1230 1628 1313; baseline 0.003 -23"><span class='ocrx_word' id='word_1_69' title='bbox 114 1239 156 1290; x_wconf 71' lang='grc' dir='ltr'>ὲν</span> <span class='ocrx_word' id='word_1_70' title='bbox 178 1236 238 1306; x_wconf 79' lang='grc' dir='ltr'><strong>τῷ</strong></span> <span class='ocrx_word' id='word_1_71' title='bbox 261 1235 444 1308; x_wconf 81' lang='grc' dir='ltr'><strong>πρώτῳ</strong></span> <span class='ocrx_word' id='word_1_72' title='bbox 458 1236 814 1307; x_wconf 80' lang='grc' dir='ltr'>Στρωμιιτεῖ,</span> <span class='ocrx_word' id='word_1_73' title='bbox 830 1236 896 1290; x_wconf 82' lang='grc' dir='ltr'><strong>δι’</strong></span> <span class='ocrx_word' id='word_1_74' title='bbox 917 1230 992 1290; x_wconf 84' lang='grc' dir='ltr'>ὧν</span> <span class='ocrx_word' id='word_1_75' title='bbox 1013 1237 1190 1292; x_wconf 79' lang='grc' dir='ltr'>ταῦτά.</span> <span class='ocrx_word' id='word_1_76' title='bbox 1214 1240 1628 1313; x_wconf 54' lang='grc' dir='ltr'>φησιΨΚλέαρ-</span> 
     </span>
    </p>
   </div>
   <div class='ocr_carea' id='block_1_15' title="bbox 113 1325 1624 1400">
    <p class='ocr_par' dir='ltr' id='par_1_15' title="bbox 113 1325 1624 1400">
     <span class='ocr_line' id='line_1_15' title="bbox 113 1325 1624 1400; baseline 0.003 -20"><span class='ocrx_word' id='word_1_77' title='bbox 113 1325 292 1396; x_wconf 77' lang='grc' dir='ltr'>χος(85)</span> <span class='ocrx_word' id='word_1_78' title='bbox 320 1325 360 1378; x_wconf 79' lang='grc' dir='ltr'>δ’</span> <span class='ocrx_word' id='word_1_79' title='bbox 399 1328 428 1378; x_wconf 93' lang='lat'><strong>6</strong></span> <span class='ocrx_word' id='word_1_80' title='bbox 479 1325 910 1398; x_wconf 72' lang='grc' dir='ltr'>περιπατητικὸς</span> <span class='ocrx_word' id='word_1_81' title='bbox 940 1328 1136 1382; x_wconf 80' lang='grc' dir='ltr'>εἰδέναι</span> <span class='ocrx_word' id='word_1_82' title='bbox 1175 1329 1286 1399; x_wconf 90' lang='grc'><strong>(86)</strong></span> <span class='ocrx_word' id='word_1_83' title='bbox 1321 1329 1452 1400; x_wconf 85' lang='grc' dir='ltr'>φησί</span> <span class='ocrx_word' id='word_1_84' title='bbox 1501 1347 1624 1384; x_wconf 88' lang='grc' dir='ltr'>τινα</span> 
     </span>
    </p>
   </div>
   <div class='ocr_carea' id='block_1_16' title="bbox 120 1402 1640 1495">
    <p class='ocr_par' dir='ltr' id='par_1_16' title="bbox 120 1402 1640 1495">
     <span class='ocr_line' id='line_1_16' title="bbox 120 1402 1640 1495; baseline 0.005 -26"><span class='ocrx_word' id='word_1_85' title='bbox 120 1417 395 1480; x_wconf 59' lang='grc' dir='ltr'>Ἰουδαῖονβς</span> <span class='ocrx_word' id='word_1_86' title='bbox 425 1417 784 1488; x_wconf 82' lang='grc' dir='ltr'>Ἀριστοτέλει</span> <span class='ocrx_word' id='word_1_87' title='bbox 812 1419 1293 1487; x_wconf 65' lang='grc' dir='ltr'>συνεγένετοηΚαὶ</span> <span class='ocrx_word' id='word_1_88' title='bbox 1319 1419 1436 1492; x_wconf 85' lang='grc' dir='ltr'>μεθ’</span> <span class='ocrx_word' id='word_1_89' title='bbox 1461 1402 1640 1495; x_wconf 69' lang='grc' dir='ltr'><strong>ἕτερα⁷</strong></span> 
     </span>
    </p>
   </div>
   <div class='ocr_carea' id='block_1_17' title="bbox 109 1509 1620 1583">
    <p class='ocr_par' dir='ltr' id='par_1_17' title="bbox 109 1509 1620 1583">
     <span class='ocr_line' id='line_1_17' title="bbox 109 1509 1620 1583; baseline 0.005 -23"><span class='ocrx_word' id='word_1_90' title='bbox 109 1509 344 1576; x_wconf 75' lang='grc' dir='ltr'>ἐπιλέγει-ι</span> <span class='ocrx_word' id='word_1_91' title='bbox 365 1509 588 1580; x_wconf 78' lang='grc' dir='ltr'><strong>Νουμᾶς</strong></span> <span class='ocrx_word' id='word_1_92' title='bbox 613 1510 672 1564; x_wconf 80' lang='grc' dir='ltr'>δὲ</span> <span class='ocrx_word' id='word_1_93' title='bbox 704 1512 732 1562; x_wconf 98' lang='lat'><strong>6</strong></span> <span class='ocrx_word' id='word_1_94' title='bbox 767 1511 1050 1581; x_wconf 77' lang='grc' dir='ltr'>Ῥωμαίων</span> <span class='ocrx_word' id='word_1_95' title='bbox 1087 1511 1338 1583; x_wconf 85' lang='grc' dir='ltr'>βασιλεὺς</span> <span class='ocrx_word' id='word_1_96' title='bbox 1378 1513 1620 1582; x_wconf 73' lang='grc' dir='ltr'>πυθαγόι-</span> 
     </span>
    </p>
   </div>
   <div class='ocr_carea' id='block_1_18' title="bbox 110 1593 1638 1677">
    <p class='ocr_par' dir='ltr' id='par_1_18' title="bbox 110 1593 1638 1677">
     <span class='ocr_line' id='line_1_18' title="bbox 110 1593 1638 1677; baseline 0.005 -25"><span class='ocrx_word' id='word_1_97' title='bbox 110 1618 214 1669; x_wconf 69' lang='lat' dir='ltr'><strong>peto;</strong></span> <span class='ocrx_word' id='word_1_98' title='bbox 237 1601 319 1670; x_wconf 83' lang='grc' dir='ltr'>μὲν</span> <span class='ocrx_word' id='word_1_99' title='bbox 360 1596 425 1672; x_wconf 80' lang='grc' dir='ltr'>ἦν</span> <span class='ocrx_word' id='word_1_100' title='bbox 459 1602 602 1670; x_wconf 80' lang='grc'>(87),</span> <span class='ocrx_word' id='word_1_101' title='bbox 631 1603 696 1654; x_wconf 85' lang='grc' dir='ltr'>ὲκ</span> <span class='ocrx_word' id='word_1_102' title='bbox 734 1602 788 1656; x_wconf 82' lang='grc' dir='ltr'>δὲ</span> <span class='ocrx_word' id='word_1_103' title='bbox 817 1601 925 1655; x_wconf 84' lang='grc' dir='ltr'>τῶν</span> <span class='ocrx_word' id='word_1_104' title='bbox 976 1604 1254 1667; x_wconf 83' lang='grc' dir='ltr'>Μωῦσέως</span> <span class='ocrx_word' id='word_1_105' title='bbox 1297 1593 1638 1677; x_wconf 52' lang='grc' dir='ltr'>ὠφεληθεὶς,</span> 
     </span>
    </p>
   </div>
   <div class='ocr_carea' id='block_1_19' title="bbox 106 1693 1617 1767">
    <p class='ocr_par' dir='ltr' id='par_1_19' title="bbox 106 1693 1617 1767">
     <span class='ocr_line' id='line_1_19' title="bbox 106 1693 1617 1767; baseline 0.005 -23"><span class='ocrx_word' id='word_1_106' title='bbox 106 1693 363 1747; x_wconf 78' lang='grc' dir='ltr'><strong>διεκώλυσεν</strong></span> <span class='ocrx_word' id='word_1_107' title='bbox 395 1694 770 1766; x_wconf 79' lang='grc' dir='ltr'><strong>ἀνθρωποειδῆ</strong></span> <span class='ocrx_word' id='word_1_108' title='bbox 805 1696 899 1748; x_wconf 84' lang='grc' dir='ltr'><strong>καὶ</strong></span> <span class='ocrx_word' id='word_1_109' title='bbox 927 1694 1242 1767; x_wconf 78' lang='grc' dir='ltr'>ζωόμορφον</span> <span class='ocrx_word' id='word_1_110' title='bbox 1275 1697 1458 1752; x_wconf 83' lang='grc' dir='ltr'>εἰκόνα</span> <span class='ocrx_word' id='word_1_111' title='bbox 1483 1699 1617 1752; x_wconf 75' lang='grc' dir='ltr'><strong>Θεοῦ</strong></span> 
     </span>
    </p>
   </div>
   <div class='ocr_carea' id='block_1_20' title="bbox 2357 837 2707 895">
    <p class='ocr_par' dir='ltr' id='par_1_20' title="bbox 2357 837 2707 895">
     <span class='ocr_line' id='line_1_20' title="bbox 2357 837 2707 895; baseline -0.011 0"><span class='ocrx_word' id='word_1_112' title='bbox 2357 837 2584 895; x_wconf 83' lang='lat' dir='ltr'><strong>CAPUT</strong></span> <span class='ocrx_word' id='word_1_113' title='bbox 2620 837 2707 893; x_wconf 73' lang='lat' dir='ltr'><strong>Vl.</strong></span> 
     </span>
    </p>
   </div>
   <div class='ocr_carea' id='block_1_21' title="bbox 1736 951 3304 1029">
    <p class='ocr_par' dir='ltr' id='par_1_21' title="bbox 1736 951 3304 1029">
     <span class='ocr_line' id='line_1_21' title="bbox 1736 951 3304 1029; baseline -0.007 -12"><span class='ocrx_word' id='word_1_114' title='bbox 1736 961 1814 1017; x_wconf 84' lang='lat' dir='ltr'><strong>De</strong></span> <span class='ocrx_word' id='word_1_115' title='bbox 1835 961 1902 1014; x_wconf 68' lang='lat' dir='ltr'><strong>iis</strong></span> <span class='ocrx_word' id='word_1_116' title='bbox 1936 959 2027 1029; x_wconf 79' lang='lat' dir='ltr'><strong>qui</strong></span> <span class='ocrx_word' id='word_1_117' title='bbox 2054 955 2298 1011; x_wconf 69' lang='lat' dir='ltr'><strong>Iudaica:</strong></span> <span class='ocrx_word' id='word_1_118' title='bbox 2326 954 2886 1029; x_wconf 38' lang='lat' dir='ltr'><strong>gentisgneminerunt,</strong></span> <span class='ocrx_word' id='word_1_119' title='bbox 2917 969 2980 1006; x_wconf 79' lang='lat' dir='ltr'><strong>ex</strong></span> <span class='ocrx_word' id='word_1_120' title='bbox 3017 951 3304 1015; x_wconf 73' lang='lat' dir='ltr'><strong>Clemente,</strong></span> 
     </span>
    </p>
   </div>
   <div class='ocr_carea' id='block_1_22' title="bbox 2274 1022 2763 1094">
    <p class='ocr_par' dir='ltr' id='par_1_22' title="bbox 2274 1022 2763 1094">
     <span class='ocr_line' id='line_1_22' title="bbox 2274 1022 2763 1094; baseline 0.006 -17"><span class='ocrx_word' id='word_1_121' title='bbox 2274 1026 2444 1094; x_wconf 81' lang='lat' dir='ltr'><strong>primo</strong></span> <span class='ocrx_word' id='word_1_122' title='bbox 2477 1022 2763 1081; x_wconf 82' lang='lat' dir='ltr'><strong>Stromate.</strong></span> 
     </span>
    </p>
   </div>
   <div class='ocr_carea' id='block_1_23' title="bbox 1801 1136 3305 1214">
    <p class='ocr_par' dir='ltr' id='par_1_23' title="bbox 1801 1136 3305 1214">
     <span class='ocr_line' id='line_1_23' title="bbox 1801 1136 3305 1214; baseline -0.005 -16"><span class='ocrx_word' id='word_1_123' title='bbox 1801 1145 1983 1214; x_wconf 83' lang='lat' dir='ltr'><strong>Atque</strong></span> <span class='ocrx_word' id='word_1_124' title='bbox 2040 1141 2198 1197; x_wconf 87' lang='lat' dir='ltr'><strong>istius</strong></span> <span class='ocrx_word' id='word_1_125' title='bbox 2234 1140 2404 1193; x_wconf 88' lang='lat' dir='ltr'><strong>etiam</strong></span> <span class='ocrx_word' id='word_1_126' title='bbox 2427 1137 2680 1192; x_wconf 87' lang='lat' dir='ltr'><strong>Clemens</strong></span> <span class='ocrx_word' id='word_1_127' title='bbox 2726 1144 2911 1192; x_wconf 89' lang='lat' dir='ltr'><strong>noster</strong></span> <span class='ocrx_word' id='word_1_128' title='bbox 2952 1137 3091 1190; x_wconf 89' lang='lat' dir='ltr'><strong>libro</strong></span> <span class='ocrx_word' id='word_1_129' title='bbox 3127 1136 3305 1205; x_wconf 91' lang='lat' dir='ltr'><strong>primo</strong></span> 
     </span>
    </p>
   </div>
   <div class='ocr_carea' id='block_1_24' title="bbox 1731 1228 3303 1298">
    <p class='ocr_par' dir='ltr' id='par_1_24' title="bbox 1731 1228 3303 1298">
     <span class='ocr_line' id='line_1_24' title="bbox 1731 1228 3303 1298; baseline -0.008 -5"><span class='ocrx_word' id='word_1_130' title='bbox 1731 1236 2066 1293; x_wconf 84' lang='lat' dir='ltr'><strong>Stromatum</strong></span> <span class='ocrx_word' id='word_1_131' title='bbox 2106 1234 2192 1288; x_wconf 90' lang='lat' dir='ltr'><strong>his</strong></span> <span class='ocrx_word' id='word_1_132' title='bbox 2228 1231 2407 1286; x_wconf 85' lang='lat' dir='ltr'><strong>verbis</strong></span> <span class='ocrx_word' id='word_1_133' title='bbox 2449 1229 2735 1284; x_wconf 89' lang='lat' dir='ltr'><strong>meminit:</strong></span> <span class='ocrx_word' id='word_1_134' title='bbox 2763 1243 2782 1278; x_wconf 82' lang='grc' dir='ltr'><strong>ι</strong></span> <span class='ocrx_word' id='word_1_135' title='bbox 2811 1228 3110 1283; x_wconf 84' lang='lat' dir='ltr'><strong>Clearchus</strong></span> <span class='ocrx_word' id='word_1_136' title='bbox 3154 1228 3303 1298; x_wconf 89' lang='lat' dir='ltr'><strong>peri-</strong></span> 
     </span>
    </p>
   </div>
   <div class='ocr_carea' id='block_1_25' title="bbox 1726 1320 3306 1400">
    <p class='ocr_par' dir='ltr' id='par_1_25' title="bbox 1726 1320 3306 1400">
     <span class='ocr_line' id='line_1_25' title="bbox 1726 1320 3306 1400; baseline -0.007 -16"><span class='ocrx_word' id='word_1_137' title='bbox 1726 1327 2012 1400; x_wconf 85' lang='lat' dir='ltr'><strong>pateticus,</strong></span> <span class='ocrx_word' id='word_1_138' title='bbox 2044 1325 2242 1396; x_wconf 81' lang='lat' dir='ltr'><strong>inquit,</strong></span> <span class='ocrx_word' id='word_1_139' title='bbox 2273 1321 2524 1378; x_wconf 69' lang='lat' dir='ltr'><strong>Judaeum</strong></span> <span class='ocrx_word' id='word_1_140' title='bbox 2559 1320 2872 1392; x_wconf 86' lang='lat' dir='ltr'><strong>quemdam,</strong></span> <span class='ocrx_word' id='word_1_141' title='bbox 2899 1322 3145 1391; x_wconf 89' lang='lat' dir='ltr'><strong>quicum</strong></span> <span class='ocrx_word' id='word_1_142' title='bbox 3180 1320 3306 1374; x_wconf 82' lang='lat' dir='ltr'><strong>Ari-</strong></span> 
     </span>
    </p>
   </div>
   <div class='ocr_carea' id='block_1_26' title="bbox 1725 1415 3305 1484">
    <p class='ocr_par' dir='ltr' id='par_1_26' title="bbox 1725 1415 3305 1484">
     <span class='ocr_line' id='line_1_26' title="bbox 1725 1415 3305 1484; baseline -0.005 -10"><span class='ocrx_word' id='word_1_143' title='bbox 1725 1419 1917 1484; x_wconf 82' lang='lat' dir='ltr'><strong>stotele</strong></span> <span class='ocrx_word' id='word_1_144' title='bbox 1946 1427 2197 1474; x_wconf 87' lang='lat' dir='ltr'><strong>versatus</strong></span> <span class='ocrx_word' id='word_1_145' title='bbox 2226 1425 2331 1481; x_wconf 86' lang='lat' dir='ltr'><strong>est,</strong></span> <span class='ocrx_word' id='word_1_146' title='bbox 2363 1416 2462 1471; x_wconf 89' lang='lat' dir='ltr'><strong>abs</strong></span> <span class='ocrx_word' id='word_1_147' title='bbox 2505 1430 2626 1471; x_wconf 89' lang='lat' dir='ltr'><strong>sese</strong></span> <span class='ocrx_word' id='word_1_148' title='bbox 2670 1415 2850 1471; x_wconf 87' lang='lat' dir='ltr'><strong>visum</strong></span> <span class='ocrx_word' id='word_1_149' title='bbox 2902 1428 3024 1469; x_wconf 90' lang='lat' dir='ltr'><strong>esse</strong></span> <span class='ocrx_word' id='word_1_150' title='bbox 3063 1429 3305 1468; x_wconf 89' lang='lat' dir='ltr'><strong>commc-</strong></span> 
     </span>
    </p>
   </div>
   <div class='ocr_carea' id='block_1_27' title="bbox 1725 1505 3300 1579">
    <p class='ocr_par' dir='ltr' id='par_1_27' title="bbox 1725 1505 3300 1579">
     <span class='ocr_line' id='line_1_27' title="bbox 1725 1505 3300 1579; baseline -0.003 -13"><span class='ocrx_word' id='word_1_151' title='bbox 1725 1520 1922 1567; x_wconf 83' lang='lat' dir='ltr'><strong>morat.</strong></span> <span class='ocrx_word' id='word_1_152' title='bbox 1962 1529 1981 1562; x_wconf 76' lang='grc' dir='ltr'><strong>ι</strong></span> <span class='ocrx_word' id='word_1_153' title='bbox 2010 1509 2265 1579; x_wconf 83' lang='lat' dir='ltr'><strong>Idemque</strong></span> <span class='ocrx_word' id='word_1_154' title='bbox 2317 1507 2591 1577; x_wconf 87' lang='lat' dir='ltr'><strong>pluribus,</strong></span> <span class='ocrx_word' id='word_1_155' title='bbox 2647 1505 2926 1561; x_wconf 88' lang='lat' dir='ltr'><strong>nonnullis</strong></span> <span class='ocrx_word' id='word_1_156' title='bbox 2976 1505 3300 1575; x_wconf 88' lang='lat' dir='ltr'><strong>interjectis,</strong></span> 
     </span>
    </p>
   </div>
   <div class='ocr_carea' id='block_1_28' title="bbox 1730 1598 3304 1672">
    <p class='ocr_par' dir='ltr' id='par_1_28' title="bbox 1730 1598 3304 1672">
     <span class='ocr_line' id='line_1_28' title="bbox 1730 1598 3304 1672; baseline -0.003 -14"><span class='ocrx_word' id='word_1_157' title='bbox 1730 1624 1749 1657; x_wconf 77' lang='grc' dir='ltr'><strong>ι</strong></span> <span class='ocrx_word' id='word_1_158' title='bbox 1778 1603 1977 1667; x_wconf 84' lang='lat' dir='ltr'><strong>Numa,</strong></span> <span class='ocrx_word' id='word_1_159' title='bbox 2025 1601 2226 1672; x_wconf 85' lang='lat' dir='ltr'><strong>inquit,</strong></span> <span class='ocrx_word' id='word_1_160' title='bbox 2270 1598 2646 1655; x_wconf 82' lang='lat' dir='ltr'><strong>Romanorum</strong></span> <span class='ocrx_word' id='word_1_161' title='bbox 2675 1615 2793 1664; x_wconf 79' lang='lat' dir='ltr'><strong>rex,</strong></span> <span class='ocrx_word' id='word_1_162' title='bbox 2827 1606 2884 1653; x_wconf 90' lang='lat' dir='ltr'><strong>ut</strong></span> <span class='ocrx_word' id='word_1_163' title='bbox 2921 1598 3304 1668; x_wconf 66' lang='lat' dir='ltr'><strong>pythagorteus</strong></span> 
     </span>
    </p>
   </div>
   <div class='ocr_carea' id='block_1_29' title="bbox 1726 1689 3300 1761">
    <p class='ocr_par' dir='ltr' id='par_1_29' title="bbox 1726 1689 3300 1761">
     <span class='ocr_line' id='line_1_29' title="bbox 1726 1689 3300 1761; baseline -0.003 -14"><span class='ocrx_word' id='word_1_164' title='bbox 1726 1693 1910 1760; x_wconf 81' lang='lat' dir='ltr'><strong>fuerit,</strong></span> <span class='ocrx_word' id='word_1_165' title='bbox 1941 1693 2086 1747; x_wconf 91' lang='lat' dir='ltr'><strong>hunc</strong></span> <span class='ocrx_word' id='word_1_166' title='bbox 2111 1691 2302 1747; x_wconf 87' lang='lat' dir='ltr'><strong>saltem</strong></span> <span class='ocrx_word' id='word_1_167' title='bbox 2336 1689 2584 1761; x_wconf 81' lang='lat' dir='ltr'><strong>Moysise</strong></span> <span class='ocrx_word' id='word_1_168' title='bbox 2609 1689 2829 1759; x_wconf 88' lang='lat' dir='ltr'><strong>scriptis</strong></span> <span class='ocrx_word' id='word_1_169' title='bbox 2867 1689 3103 1744; x_wconf 77' lang='lat' dir='ltr'><strong>fructum</strong></span> <span class='ocrx_word' id='word_1_170' title='bbox 3135 1689 3300 1758; x_wconf 90' lang='lat' dir='ltr'><strong>cepit,</strong></span> 
     </span>
    </p>
   </div>
   <div class='ocr_carea' id='block_1_30' title="bbox 114 1780 1609 1862">
    <p class='ocr_par' dir='ltr' id='par_1_30' title="bbox 114 1785 1609 1862">
     <span class='ocr_line' id='line_1_30' title="bbox 114 1785 1609 1862; baseline 0.005 -26"><span class='ocrx_word' id='word_1_171' title='bbox 114 1785 352 1853; x_wconf 72' lang='grc' dir='ltr'>Ῥωμαίους</span> <span class='ocrx_word' id='word_1_172' title='bbox 399 1787 624 1851; x_wconf 78' lang='grc' dir='ltr'>κτίζειν.</span> <span class='ocrx_word' id='word_1_173' title='bbox 679 1788 766 1840; x_wconf 87' lang='grc' dir='ltr'>Ἐν</span> <span class='ocrx_word' id='word_1_174' title='bbox 812 1786 941 1855; x_wconf 78' lang='grc' dir='ltr'>γοῦν</span> <span class='ocrx_word' id='word_1_175' title='bbox 998 1787 1190 1840; x_wconf 76' lang='grc' dir='ltr'>ἑκατὸν</span> <span class='ocrx_word' id='word_1_176' title='bbox 1240 1789 1334 1842; x_wconf 62' lang='grc' dir='ltr'><strong>καὶ⁵</strong></span> <span class='ocrx_word' id='word_1_177' title='bbox 1387 1789 1609 1862; x_wconf 77' lang='grc' dir='ltr'>ἐϐδομή-</span> 
     </span>
    </p>
   </div>
   <div class='ocr_carea' id='block_1_31' title="bbox 1716 1780 3301 1862">
    <p class='ocr_par' dir='ltr' id='par_1_31' title="bbox 1721 1780 3301 1845">
     <span class='ocr_line' id='line_1_31' title="bbox 1721 1780 3301 1845; baseline -0.003 -6"><span class='ocrx_word' id='word_1_178' title='bbox 1721 1787 1799 1840; x_wconf 83' lang='grc' dir='ltr'>ιιιὶ</span> <span class='ocrx_word' id='word_1_179' title='bbox 1829 1784 2106 1839; x_wconf 79' lang='lat' dir='ltr'><strong>Romanos</strong></span> <span class='ocrx_word' id='word_1_180' title='bbox 2156 1797 2186 1837; x_wconf 90' lang='lat' dir='ltr'><strong>a</strong></span> <span class='ocrx_word' id='word_1_181' title='bbox 2223 1782 2316 1837; x_wconf 90' lang='lat' dir='ltr'><strong>Dei</strong></span> <span class='ocrx_word' id='word_1_182' title='bbox 2357 1781 2654 1837; x_wconf 85' lang='lat' dir='ltr'><strong>simulacro</strong></span> <span class='ocrx_word' id='word_1_183' title='bbox 2691 1781 2770 1835; x_wconf 87' lang='lat' dir='ltr'><strong>vel</strong></span> <span class='ocrx_word' id='word_1_184' title='bbox 2814 1780 2868 1833; x_wconf 92' lang='lat' dir='ltr'><strong>in</strong></span> <span class='ocrx_word' id='word_1_185' title='bbox 2901 1780 3162 1845; x_wconf 90' lang='lat' dir='ltr'><strong>hominis,</strong></span> <span class='ocrx_word' id='word_1_186' title='bbox 3218 1782 3301 1835; x_wconf 85' lang='lat' dir='ltr'><strong>vel</strong></span> 
     </span>
    </p>
   </div>
   <div class='ocr_carea' id='block_1_32' title="bbox 105 1870 1616 1953">
    <p class='ocr_par' dir='ltr' id='par_1_32' title="bbox 105 1870 1616 1953">
     <span class='ocr_line' id='line_1_32' title="bbox 105 1870 1616 1953; baseline 0.007 -27"><span class='ocrx_word' id='word_1_187' title='bbox 105 1893 223 1927; x_wconf 75' lang='grc' dir='ltr'>κοντα</span> <span class='ocrx_word' id='word_1_188' title='bbox 264 1879 362 1940; x_wconf 83' lang='grc' dir='ltr'>τοῖς</span> <span class='ocrx_word' id='word_1_189' title='bbox 391 1870 656 1949; x_wconf 75' lang='grc' dir='ltr'><strong>’πρώτοις</strong></span> <span class='ocrx_word' id='word_1_190' title='bbox 704 1878 882 1943; x_wconf 73' lang='grc' dir='ltr'>ἔτεσι,</span> <span class='ocrx_word' id='word_1_191' title='bbox 941 1881 1100 1944; x_wconf 81' lang='grc' dir='ltr'>ναοὺς</span> <span class='ocrx_word' id='word_1_192' title='bbox 1160 1881 1616 1953; x_wconf 78' lang='grc' dir='ltr'>οἰκοδομούμενοι,</span> 
     </span>
    </p>
   </div>
   <div class='ocr_carea' id='block_1_33' title="bbox 102 1966 1624 2046">
    <p class='ocr_par' dir='ltr' id='par_1_33' title="bbox 102 1966 1624 2046">
     <span class='ocr_line' id='line_1_33' title="bbox 102 1966 1624 2046; baseline 0.006 -27"><span class='ocrx_word' id='word_1_193' title='bbox 102 1966 266 2038; x_wconf 61' lang='grc' dir='ltr'>ἄγαλμα</span> <span class='ocrx_word' id='word_1_194' title='bbox 283 1968 420 2023; x_wconf 76' lang='grc' dir='ltr'>οὐδὲν</span> <span class='ocrx_word' id='word_1_195' title='bbox 447 1969 576 2023; x_wconf 78' lang='grc' dir='ltr'>οὔτε</span> <span class='ocrx_word' id='word_1_196' title='bbox 606 1971 862 2035; x_wconf 80' lang='grc' dir='ltr'><strong>πλαστὸν,</strong></span> <span class='ocrx_word' id='word_1_197' title='bbox 891 1970 1014 2024; x_wconf 74' lang='grc' dir='ltr'>οὔτε</span> <span class='ocrx_word' id='word_1_198' title='bbox 1050 1972 1154 2044; x_wconf 78' lang='grc' dir='ltr'>μὴν</span> <span class='ocrx_word' id='word_1_199' title='bbox 1176 1974 1420 2044; x_wconf 82' lang='grc' dir='ltr'>γραπτὸν</span> <span class='ocrx_word' id='word_1_200' title='bbox 1444 1975 1624 2046; x_wconf 86' lang='grc' dir='ltr'>ὲποιή-</span> 
     </span>
    </p>
   </div>
   <div class='ocr_carea' id='block_1_34' title="bbox 104 2059 1619 2133">
    <p class='ocr_par' dir='ltr' id='par_1_34' title="bbox 104 2059 1619 2133">
     <span class='ocr_line' id='line_1_34' title="bbox 104 2059 1619 2133; baseline 0.005 -24"><span class='ocrx_word' id='word_1_201' title='bbox 104 2075 235 2111; x_wconf 75' lang='grc' dir='ltr'>σαντο.</span> <span class='ocrx_word' id='word_1_202' title='bbox 275 2059 641 2113; x_wconf 83' lang='grc' dir='ltr'>Ἐπεδείκνυτο</span> <span class='ocrx_word' id='word_1_203' title='bbox 672 2060 780 2133; x_wconf 79' lang='grc' dir='ltr'>γὰρ</span> <span class='ocrx_word' id='word_1_204' title='bbox 833 2062 1014 2126; x_wconf 73' lang='grc' dir='ltr'>αὐτοῖς</span> <span class='ocrx_word' id='word_1_205' title='bbox 1048 2064 1076 2115; x_wconf 91' lang='lat'><strong>6</strong></span> <span class='ocrx_word' id='word_1_206' title='bbox 1123 2063 1344 2132; x_wconf 74' lang='grc' dir='ltr'>Νουμᾶς</span> <span class='ocrx_word' id='word_1_207' title='bbox 1391 2062 1456 2116; x_wconf 89' lang='grc' dir='ltr'><strong>δι’</strong></span> <span class='ocrx_word' id='word_1_208' title='bbox 1485 2064 1619 2116; x_wconf 82' lang='grc' dir='ltr'><strong>ἀπο-</strong></span> 
     </span>
    </p>
   </div>
   <div class='ocr_carea' id='block_1_35' title="bbox 104 2149 1616 2225">
    <p class='ocr_par' dir='ltr' id='par_1_35' title="bbox 104 2149 1616 2225">
     <span class='ocr_line' id='line_1_35' title="bbox 104 2149 1616 2225; baseline 0.004 -23"><span class='ocrx_word' id='word_1_209' title='bbox 104 2149 312 2220; x_wconf 59' lang='grc' dir='ltr'>θρύψεως,</span> <span class='ocrx_word' id='word_1_210' title='bbox 340 2153 411 2215; x_wconf 83' lang='grc' dir='ltr'>ὡς</span> <span class='ocrx_word' id='word_1_211' title='bbox 441 2153 545 2206; x_wconf 78' lang='grc' dir='ltr'><strong>οὐκ</strong></span> <span class='ocrx_word' id='word_1_212' title='bbox 590 2153 905 2224; x_wconf 64' lang='grc' dir='ltr'>ἐφάψασθαι</span> <span class='ocrx_word' id='word_1_213' title='bbox 942 2154 1036 2207; x_wconf 83' lang='grc' dir='ltr'>τοῦ</span> <span class='ocrx_word' id='word_1_214' title='bbox 1083 2154 1361 2225; x_wconf 79' lang='grc' dir='ltr'><strong>βελτίστου</strong></span> <span class='ocrx_word' id='word_1_215' title='bbox 1394 2155 1616 2209; x_wconf 84' lang='grc' dir='ltr'>δυνατὸν</span> 
     </span>
    </p>
   </div>
   <div class='ocr_carea' id='block_1_36' title="bbox 101 2239 1616 2317">
    <p class='ocr_par' dir='ltr' id='par_1_36' title="bbox 101 2239 1616 2317">
     <span class='ocr_line' id='line_1_36' title="bbox 101 2239 1616 2317; baseline 0.006 -26"><span class='ocrx_word' id='word_1_216' title='bbox 101 2239 272 2312; x_wconf 77' lang='grc' dir='ltr'><strong>γλώττῃ,</strong></span> <span class='ocrx_word' id='word_1_217' title='bbox 294 2245 428 2314; x_wconf 77' lang='grc' dir='ltr'>μόνῳ</span> <span class='ocrx_word' id='word_1_218' title='bbox 450 2245 508 2297; x_wconf 75' lang='grc' dir='ltr'>δὲ</span> <span class='ocrx_word' id='word_1_219' title='bbox 539 2245 621 2316; x_wconf 81' lang='grc' dir='ltr'>τῷ</span> <span class='ocrx_word' id='word_1_220' title='bbox 651 2245 746 2316; x_wconf 81' lang='grc' dir='ltr'><strong>νῷ.</strong></span> <span class='ocrx_word' id='word_1_221' title='bbox 777 2247 923 2298; x_wconf 74' lang='grc' dir='ltr'>»Ἔτι</span> <span class='ocrx_word' id='word_1_222' title='bbox 947 2246 1083 2316; x_wconf 78' lang='grc' dir='ltr'>πρὸς</span> <span class='ocrx_word' id='word_1_223' title='bbox 1101 2245 1312 2310; x_wconf 81' lang='grc' dir='ltr'><strong>τούτοις</strong></span> <span class='ocrx_word' id='word_1_224' title='bbox 1331 2246 1456 2317; x_wconf 79' lang='grc' dir='ltr'><strong>ἑξῆς</strong></span> <span class='ocrx_word' id='word_1_225' title='bbox 1485 2247 1616 2300; x_wconf 84' lang='grc' dir='ltr'>ὐπο-</span> 
     </span>
    </p>
   </div>
   <div class='ocr_carea' id='block_1_37' title="bbox 101 2331 1618 2410">
    <p class='ocr_par' dir='ltr' id='par_1_37' title="bbox 101 2331 1618 2410">
     <span class='ocr_line' id='line_1_37' title="bbox 101 2331 1618 2410; baseline 0.006 -27"><span class='ocrx_word' id='word_1_226' title='bbox 101 2331 184 2396; x_wconf 71' lang='grc' dir='ltr'>δᾱς,</span> <span class='ocrx_word' id='word_1_227' title='bbox 208 2335 312 2387; x_wconf 77' lang='grc' dir='ltr'>τάδε</span> <span class='ocrx_word' id='word_1_228' title='bbox 342 2335 499 2406; x_wconf 82' lang='grc' dir='ltr'>φησί’</span> <span class='ocrx_word' id='word_1_229' title='bbox 539 2355 558 2386; x_wconf 81' lang='grc' dir='ltr'><strong>ι</strong></span> <span class='ocrx_word' id='word_1_230' title='bbox 584 2336 950 2407; x_wconf 84' lang='grc' dir='ltr'>Φανερώτατα-</span> <span class='ocrx_word' id='word_1_231' title='bbox 980 2337 1036 2390; x_wconf 82' lang='grc' dir='ltr'>δὲ</span> <span class='ocrx_word' id='word_1_232' title='bbox 1059 2337 1415 2410; x_wconf 79' lang='grc' dir='ltr'><strong>Μεγασθένης</strong></span> <span class='ocrx_word' id='word_1_233' title='bbox 1439 2341 1467 2392; x_wconf 88' lang='lat'><strong>6</strong></span> <span class='ocrx_word' id='word_1_234' title='bbox 1489 2355 1618 2408; x_wconf 87' lang='grc' dir='ltr'>συγ-</span> 
     </span>
    </p>
   </div>
   <div class='ocr_carea' id='block_1_38' title="bbox 98 2428 1613 2503">
    <p class='ocr_par' dir='ltr' id='par_1_38' title="bbox 98 2428 1613 2503">
     <span class='ocr_line' id='line_1_38' title="bbox 98 2428 1613 2503; baseline 0.003 -24"><span class='ocrx_word' id='word_1_235' title='bbox 98 2429 298 2494; x_wconf 68' lang='grc' dir='ltr'>γραφεὺς,</span> <span class='ocrx_word' id='word_1_236' title='bbox 323 2431 348 2481; x_wconf 94' lang='lat'><strong>6</strong></span> <span class='ocrx_word' id='word_1_237' title='bbox 376 2428 630 2499; x_wconf 77' lang='grc' dir='ltr'>Σελεύκῳ</span> <span class='ocrx_word' id='word_1_238' title='bbox 657 2428 734 2499; x_wconf 80' lang='grc' dir='ltr'>τῷ</span> <span class='ocrx_word' id='word_1_239' title='bbox 763 2429 1444 2501; x_wconf 75' lang='grc' dir='ltr'>Νικάνορισυμϐεϐιωκὼς,</span> <span class='ocrx_word' id='word_1_240' title='bbox 1464 2432 1520 2484; x_wconf 84' lang='grc' dir='ltr'>ὲν</span> <span class='ocrx_word' id='word_1_241' title='bbox 1549 2435 1613 2503; x_wconf 79' lang='grc' dir='ltr'>τῇ</span> 
     </span>
    </p>
   </div>
   <div class='ocr_carea' id='block_1_39' title="bbox 99 2515 1614 2594">
    <p class='ocr_par' dir='ltr' id='par_1_39' title="bbox 99 2515 1614 2594">
     <span class='ocr_line' id='line_1_39' title="bbox 99 2515 1614 2594; baseline 0.005 -27"><span class='ocrx_word' id='word_1_242' title='bbox 99 2517 209 2587; x_wconf 72' lang='grc' dir='ltr'>τρίτῃ</span> <span class='ocrx_word' id='word_1_243' title='bbox 250 2518 344 2572; x_wconf 82' lang='grc' dir='ltr'>τῶν</span> <span class='ocrx_word' id='word_1_244' title='bbox 389 2520 655 2574; x_wconf 71' lang='grc' dir='ltr'>Ἰνδικῶν</span> <span class='ocrx_word' id='word_1_245' title='bbox 710 2515 812 2574; x_wconf 83' lang='grc' dir='ltr'>ὧδε</span> <span class='ocrx_word' id='word_1_246' title='bbox 859 2523 1096 2592; x_wconf 67' lang='grc' dir='ltr'>γράψει’</span> <span class='ocrx_word' id='word_1_247' title='bbox 1135 2523 1384 2576; x_wconf 77' lang='grc' dir='ltr'>Ἅπαντα</span> <span class='ocrx_word' id='word_1_248' title='bbox 1433 2524 1614 2594; x_wconf 87' lang='grc' dir='ltr'>μέντοι</span> 
     </span>
    </p>
   </div>
   <div class='ocr_carea' id='block_1_40' title="bbox 97 2609 1614 2687">
    <p class='ocr_par' dir='ltr' id='par_1_40' title="bbox 97 2609 1614 2687">
     <span class='ocr_line' id='line_1_40' title="bbox 97 2609 1614 2687; baseline 0.006 -27"><span class='ocrx_word' id='word_1_249' title='bbox 97 2609 143 2660; x_wconf 66' lang='grc' dir='ltr'>τὰ</span> <span class='ocrx_word' id='word_1_250' title='bbox 158 2612 254 2681; x_wconf 73' lang='grc' dir='ltr'>περὶ</span> <span class='ocrx_word' id='word_1_251' title='bbox 279 2612 481 2680; x_wconf 74' lang='grc' dir='ltr'>φύσεως</span> <span class='ocrx_word' id='word_1_252' title='bbox 511 2614 783 2684; x_wconf 81' lang='grc' dir='ltr'><strong>εἰρημένα</strong></span> <span class='ocrx_word' id='word_1_253' title='bbox 810 2615 961 2685; x_wconf 80' lang='grc' dir='ltr'>παρὰ</span> <span class='ocrx_word' id='word_1_254' title='bbox 987 2617 1098 2678; x_wconf 84' lang='grc' dir='ltr'>τοῖς</span> <span class='ocrx_word' id='word_1_255' title='bbox 1124 2615 1369 2687; x_wconf 84' lang='grc' dir='ltr'>ἀρχαίοις</span> <span class='ocrx_word' id='word_1_256' title='bbox 1397 2615 1614 2685; x_wconf 88' lang='grc' dir='ltr'>λέγεται</span> 
     </span>
    </p>
   </div>
   <div class='ocr_carea' id='block_1_41' title="bbox 95 2699 1612 2776">
    <p class='ocr_par' dir='ltr' id='par_1_41' title="bbox 95 2699 1612 2776">
     <span class='ocr_line' id='line_1_41' title="bbox 95 2699 1612 2776; baseline 0.007 -25"><span class='ocrx_word' id='word_1_257' title='bbox 95 2699 161 2752; x_wconf 73' lang='grc' dir='ltr'><strong>καὶ</strong></span> <span class='ocrx_word' id='word_1_258' title='bbox 198 2703 325 2773; x_wconf 70' lang='grc' dir='ltr'>παρὰ</span> <span class='ocrx_word' id='word_1_259' title='bbox 366 2707 477 2768; x_wconf 82' lang='grc' dir='ltr'>τοῖς</span> <span class='ocrx_word' id='word_1_260' title='bbox 510 2703 621 2768; x_wconf 79' lang='grc' dir='ltr'><strong>ἔξω</strong></span> <span class='ocrx_word' id='word_1_261' title='bbox 665 2705 767 2776; x_wconf 81' lang='grc' dir='ltr'>τῆς</span> <span class='ocrx_word' id='word_1_262' title='bbox 824 2706 1071 2769; x_wconf 80' lang='grc' dir='ltr'><strong>Ἑλλάδος</strong></span> <span class='ocrx_word' id='word_1_263' title='bbox 1127 2705 1507 2776; x_wconf 72' lang='grc' dir='ltr'>φιλοσοφοῦσι·</span> <span class='ocrx_word' id='word_1_264' title='bbox 1543 2707 1612 2761; x_wconf 66' lang='grc' dir='ltr'><strong>τὰ</strong></span> 
     </span>
    </p>
   </div>
   <div class='ocr_carea' id='block_1_42' title="bbox 95 2791 1613 2870">
    <p class='ocr_par' dir='ltr' id='par_1_42' title="bbox 95 2791 1613 2870">
     <span class='ocr_line' id='line_1_42' title="bbox 95 2791 1613 2870; baseline 0.007 -28"><span class='ocrx_word' id='word_1_265' title='bbox 95 2791 166 2859; x_wconf 78' lang='grc' dir='ltr'>μὲν</span> <span class='ocrx_word' id='word_1_266' title='bbox 184 2795 307 2865; x_wconf 66' lang='grc' dir='ltr'>παρὰ</span> <span class='ocrx_word' id='word_1_267' title='bbox 336 2799 443 2858; x_wconf 83' lang='grc' dir='ltr'>τοῖς</span> <span class='ocrx_word' id='word_1_268' title='bbox 489 2797 679 2860; x_wconf 81' lang='grc' dir='ltr'>Ἰνδοῖς</span> <span class='ocrx_word' id='word_1_269' title='bbox 712 2798 818 2851; x_wconf 79' lang='grc' dir='ltr'><strong>ὑπὸ</strong></span> <span class='ocrx_word' id='word_1_270' title='bbox 848 2799 956 2850; x_wconf 84' lang='grc' dir='ltr'>τῶν</span> <span class='ocrx_word' id='word_1_271' title='bbox 989 2799 1348 2870; x_wconf 83' lang='grc' dir='ltr'><strong>Βραχμάνων,</strong></span> <span class='ocrx_word' id='word_1_272' title='bbox 1380 2799 1447 2851; x_wconf 84' lang='grc' dir='ltr'><strong>τὰ</strong></span> <span class='ocrx_word' id='word_1_273' title='bbox 1471 2798 1527 2851; x_wconf 83' lang='grc' dir='ltr'>δὲ</span> <span class='ocrx_word' id='word_1_274' title='bbox 1555 2801 1613 2852; x_wconf 82' lang='grc' dir='ltr'>ὲν</span> 
     </span>
    </p>
   </div>
   <div class='ocr_carea' id='block_1_43' title="bbox 93 2879 1612 2960">
    <p class='ocr_par' dir='ltr' id='par_1_43' title="bbox 93 2879 1612 2960">
     <span class='ocr_line' id='line_1_43' title="bbox 93 2879 1612 2960; baseline 0.007 -28"><span class='ocrx_word' id='word_1_275' title='bbox 93 2879 214 2953; x_wconf 67' lang='grc' dir='ltr'>Συρίᾳ</span> <span class='ocrx_word' id='word_1_276' title='bbox 262 2886 355 2938; x_wconf 74' lang='grc' dir='ltr'><strong>ὑπὸ</strong></span> <span class='ocrx_word' id='word_1_277' title='bbox 397 2887 504 2939; x_wconf 84' lang='grc' dir='ltr'><strong>τῶν</strong></span> <span class='ocrx_word' id='word_1_278' title='bbox 539 2886 894 2958; x_wconf 79' lang='grc' dir='ltr'>καλουμένων</span> <span class='ocrx_word' id='word_1_279' title='bbox 923 2889 1212 2943; x_wconf 78' lang='grc' dir='ltr'>Ἰουδαίων.</span> <span class='ocrx_word' id='word_1_280' title='bbox 1249 2909 1268 2942; x_wconf 73' lang='grc' dir='ltr'><strong>ι</strong></span> <span class='ocrx_word' id='word_1_281' title='bbox 1303 2890 1422 2942; x_wconf 83' lang='grc' dir='ltr'><strong>Ἔτι</strong></span> <span class='ocrx_word' id='word_1_282' title='bbox 1477 2889 1612 2960; x_wconf 84' lang='grc' dir='ltr'>πρὸς</span> 
     </span>
    </p>
   </div>
   <div class='ocr_carea' id='block_1_44' title="bbox 93 2969 1610 3049">
    <p class='ocr_par' dir='ltr' id='par_1_44' title="bbox 93 2969 1610 3049">
     <span class='ocr_line' id='line_1_44' title="bbox 93 2969 1610 3049; baseline 0.008 -30"><span class='ocrx_word' id='word_1_283' title='bbox 93 2969 243 3036; x_wconf 63' lang='grc' dir='ltr'>τούτοις</span> <span class='ocrx_word' id='word_1_284' title='bbox 268 2977 293 3026; x_wconf 87' lang='lat'><strong>6</strong></span> <span class='ocrx_word' id='word_1_285' title='bbox 319 2975 551 3046; x_wconf 84' lang='grc' dir='ltr'>Κλήμης</span> <span class='ocrx_word' id='word_1_286' title='bbox 596 2975 1009 3045; x_wconf 80' lang='grc' dir='ltr'>Ἀριστοϐούλου</span> <span class='ocrx_word' id='word_1_287' title='bbox 1041 2976 1133 3030; x_wconf 81' lang='grc' dir='ltr'>τοῦ</span> <span class='ocrx_word' id='word_1_288' title='bbox 1177 2978 1610 3049; x_wconf 74' lang='grc' dir='ltr'>περιπατητικοῦ</span> 
     </span>
    </p>
   </div>
   <div class='ocr_carea' id='block_1_45' title="bbox 93 3063 1604 3142">
    <p class='ocr_par' dir='ltr' id='par_1_45' title="bbox 93 3063 1604 3142">
     <span class='ocr_line' id='line_1_45' title="bbox 93 3063 1604 3142; baseline 0.008 -30"><span class='ocrx_word' id='word_1_289' title='bbox 93 3063 448 3136; x_wconf 66' lang='grc' dir='ltr'>ωἰΝουμηνίου</span> <span class='ocrx_word' id='word_1_290' title='bbox 483 3068 582 3121; x_wconf 75' lang='grc' dir='ltr'><strong>τοῦ</strong></span> <span class='ocrx_word' id='word_1_291' title='bbox 627 3067 991 3142; x_wconf 86' lang='grc' dir='ltr'>πυθαγορείου</span> <span class='ocrx_word' id='word_1_292' title='bbox 1023 3069 1370 3141; x_wconf 84' lang='grc' dir='ltr'>μνημονεύει,</span> <span class='ocrx_word' id='word_1_293' title='bbox 1402 3071 1604 3139; x_wconf 86' lang='grc' dir='ltr'>λέγων·</span> 
     </span>
    </p>
   </div>
   <div class='ocr_carea' id='block_1_46' title="bbox 1723 1873 3300 1948">
    <p class='ocr_par' dir='ltr' id='par_1_46' title="bbox 1723 1873 3300 1948">
     <span class='ocr_line' id='line_1_46' title="bbox 1723 1873 3300 1948; baseline -0.004 -14"><span class='ocrx_word' id='word_1_294' title='bbox 1723 1878 1778 1934; x_wconf 93' lang='lat' dir='ltr'><strong>in</strong></span> <span class='ocrx_word' id='word_1_295' title='bbox 1815 1879 2138 1948; x_wconf 86' lang='lat' dir='ltr'><strong>cujusquam</strong></span> <span class='ocrx_word' id='word_1_296' title='bbox 2182 1877 2479 1931; x_wconf 90' lang='lat' dir='ltr'><strong>animantis</strong></span> <span class='ocrx_word' id='word_1_297' title='bbox 2533 1875 2769 1945; x_wconf 87' lang='lat' dir='ltr'><strong>speciem</strong></span> <span class='ocrx_word' id='word_1_298' title='bbox 2805 1873 3057 1943; x_wconf 83' lang='lat' dir='ltr'><strong>ﬁngendo</strong></span> <span class='ocrx_word' id='word_1_299' title='bbox 3087 1882 3300 1927; x_wconf 81' lang='lat' dir='ltr'><strong>averte-</strong></span> 
     </span>
    </p>
   </div>
   <div class='ocr_carea' id='block_1_47' title="bbox 1721 1966 3297 2041">
    <p class='ocr_par' dir='ltr' id='par_1_47' title="bbox 1721 1966 3297 2041">
     <span class='ocr_line' id='line_1_47' title="bbox 1721 1966 3297 2041; baseline -0.004 -17"><span class='ocrx_word' id='word_1_300' title='bbox 1721 1971 1811 2025; x_wconf 90' lang='lat' dir='ltr'><strong>rit.</strong></span> <span class='ocrx_word' id='word_1_301' title='bbox 1845 1970 2105 2041; x_wconf 84' lang='lat' dir='ltr'><strong>Adeoque</strong></span> <span class='ocrx_word' id='word_1_302' title='bbox 2134 1969 2264 2024; x_wconf 88' lang='lat' dir='ltr'><strong>totis</strong></span> <span class='ocrx_word' id='word_1_303' title='bbox 2303 1969 2494 2024; x_wconf 86' lang='lat' dir='ltr'><strong>saltem</strong></span> <span class='ocrx_word' id='word_1_304' title='bbox 2533 1968 2730 2038; x_wconf 87' lang='lat' dir='ltr'><strong>primis</strong></span> <span class='ocrx_word' id='word_1_305' title='bbox 2753 1966 3101 2036; x_wconf 72' lang='lat' dir='ltr'><strong>septuaginta</strong></span> <span class='ocrx_word' id='word_1_306' title='bbox 3129 1980 3297 2035; x_wconf 87' lang='lat' dir='ltr'><strong>supra</strong></span> 
     </span>
    </p>
   </div>
   <div class='ocr_carea' id='block_1_48' title="bbox 1719 2056 3289 2129">
    <p class='ocr_par' dir='ltr' id='par_1_48' title="bbox 1719 2056 3289 2129">
     <span class='ocr_line' id='line_1_48' title="bbox 1719 2056 3289 2129; baseline -0.004 -13"><span class='ocrx_word' id='word_1_307' title='bbox 1719 2070 1937 2118; x_wconf 89' lang='lat' dir='ltr'><strong>centum</strong></span> <span class='ocrx_word' id='word_1_308' title='bbox 2005 2061 2184 2128; x_wconf 90' lang='lat' dir='ltr'><strong>annis,</strong></span> <span class='ocrx_word' id='word_1_309' title='bbox 2239 2060 2439 2129; x_wconf 87' lang='lat' dir='ltr'><strong>templa</strong></span> <span class='ocrx_word' id='word_1_310' title='bbox 2479 2059 2700 2128; x_wconf 87' lang='lat' dir='ltr'><strong>quidem</strong></span> <span class='ocrx_word' id='word_1_311' title='bbox 2783 2056 3141 2122; x_wconf 59' lang='lat' dir='ltr'><strong>aedificarunt,</strong></span> <span class='ocrx_word' id='word_1_312' title='bbox 3193 2056 3289 2112; x_wconf 87' lang='lat' dir='ltr'><strong>sed</strong></span> 
     </span>
    </p>
   </div>
   <div class='ocr_carea' id='block_1_49' title="bbox 1721 2150 3294 2222">
    <p class='ocr_par' dir='ltr' id='par_1_49' title="bbox 1721 2150 3294 2222">
     <span class='ocr_line' id='line_1_49' title="bbox 1721 2150 3294 2222; baseline -0.002 -16"><span class='ocrx_word' id='word_1_313' title='bbox 1721 2153 1925 2208; x_wconf 87' lang='lat' dir='ltr'><strong>nullam</strong></span> <span class='ocrx_word' id='word_1_314' title='bbox 2006 2154 2230 2208; x_wconf 92' lang='lat' dir='ltr'><strong>omnino</strong></span> <span class='ocrx_word' id='word_1_315' title='bbox 2320 2165 2496 2222; x_wconf 81' lang='lat' dir='ltr'><strong>neque</strong></span> <span class='ocrx_word' id='word_1_316' title='bbox 2574 2150 2779 2215; x_wconf 78' lang='lat' dir='ltr'><strong>ﬁctam,</strong></span> <span class='ocrx_word' id='word_1_317' title='bbox 2856 2165 3032 2219; x_wconf 90' lang='lat' dir='ltr'><strong>neque</strong></span> <span class='ocrx_word' id='word_1_318' title='bbox 3091 2150 3294 2219; x_wconf 89' lang='lat' dir='ltr'><strong>pictam</strong></span> 
     </span>
    </p>
   </div>
   <div class='ocr_carea' id='block_1_50' title="bbox 1723 2241 3299 2316">
    <p class='ocr_par' dir='ltr' id='par_1_50' title="bbox 1723 2241 3299 2316">
     <span class='ocr_line' id='line_1_50' title="bbox 1723 2241 3299 2316; baseline -0.001 -17"><span class='ocrx_word' id='word_1_319' title='bbox 1723 2246 2019 2316; x_wconf 82' lang='lat' dir='ltr'><strong>imaginem</strong></span> <span class='ocrx_word' id='word_1_320' title='bbox 2092 2245 2414 2299; x_wconf 82' lang='lat' dir='ltr'><strong>intulerunt.</strong></span> <span class='ocrx_word' id='word_1_321' title='bbox 2497 2243 2614 2299; x_wconf 81' lang='lat' dir='ltr'><strong>Hoc</strong></span> <span class='ocrx_word' id='word_1_322' title='bbox 2673 2244 2816 2298; x_wconf 88' lang='lat' dir='ltr'><strong>enim</strong></span> <span class='ocrx_word' id='word_1_323' title='bbox 2868 2243 3018 2313; x_wconf 91' lang='lat' dir='ltr'><strong>ipsos</strong></span> <span class='ocrx_word' id='word_1_324' title='bbox 3082 2241 3299 2297; x_wconf 85' lang='lat' dir='ltr'><strong>occulte</strong></span> 
     </span>
    </p>
   </div>
   <div class='ocr_carea' id='block_1_51' title="bbox 1717 2333 3294 2406">
    <p class='ocr_par' dir='ltr' id='par_1_51' title="bbox 1717 2333 3294 2406">
     <span class='ocr_line' id='line_1_51' title="bbox 1717 2333 3294 2406; baseline -0.001 -15"><span class='ocrx_word' id='word_1_325' title='bbox 1717 2337 1892 2393; x_wconf 84' lang='lat' dir='ltr'><strong>Numa</strong></span> <span class='ocrx_word' id='word_1_326' title='bbox 1949 2338 2156 2403; x_wconf 84' lang='lat' dir='ltr'><strong>docuit,</strong></span> <span class='ocrx_word' id='word_1_327' title='bbox 2215 2354 2322 2391; x_wconf 90' lang='lat' dir='ltr'><strong>non</strong></span> <span class='ocrx_word' id='word_1_328' title='bbox 2390 2337 2597 2406; x_wconf 80' lang='lat' dir='ltr'><strong>lingua,</strong></span> <span class='ocrx_word' id='word_1_329' title='bbox 2681 2337 2777 2392; x_wconf 89' lang='lat' dir='ltr'><strong>sed</strong></span> <span class='ocrx_word' id='word_1_330' title='bbox 2826 2344 3006 2390; x_wconf 86' lang='lat' dir='ltr'><strong>mente</strong></span> <span class='ocrx_word' id='word_1_331' title='bbox 3057 2335 3172 2390; x_wconf 88' lang='lat' dir='ltr'><strong>sola</strong></span> <span class='ocrx_word' id='word_1_332' title='bbox 3214 2333 3294 2399; x_wconf 82' lang='lat' dir='ltr'><strong>id,</strong></span> 
     </span>
    </p>
   </div>
   <div class='ocr_carea' id='block_1_52' title="bbox 1717 2425 3297 2499">
    <p class='ocr_par' dir='ltr' id='par_1_52' title="bbox 1717 2425 3297 2499">
     <span class='ocr_line' id='line_1_52' title="bbox 1717 2425 3297 2499; baseline 0 -18"><span class='ocrx_word' id='word_1_333' title='bbox 1717 2429 1863 2499; x_wconf 89' lang='lat' dir='ltr'><strong>quod</strong></span> <span class='ocrx_word' id='word_1_334' title='bbox 1902 2429 2168 2498; x_wconf 83' lang='lat' dir='ltr'><strong>Optimum</strong></span> <span class='ocrx_word' id='word_1_335' title='bbox 2223 2435 2330 2495; x_wconf 88' lang='lat' dir='ltr'><strong>est,</strong></span> <span class='ocrx_word' id='word_1_336' title='bbox 2365 2427 2558 2497; x_wconf 79' lang='lat' dir='ltr'><strong>attingi</strong></span> <span class='ocrx_word' id='word_1_337' title='bbox 2617 2442 2802 2497; x_wconf 91' lang='lat' dir='ltr'><strong>posse.</strong></span> <span class='ocrx_word' id='word_1_338' title='bbox 2869 2425 3122 2492; x_wconf 64' lang='lat' dir='ltr'><strong>iQuibus</strong></span> <span class='ocrx_word' id='word_1_339' title='bbox 3178 2426 3297 2481; x_wconf 71' lang='lat' dir='ltr'><strong>haec</strong></span> 
     </span>
    </p>
   </div>
   <div class='ocr_carea' id='block_1_53' title="bbox 1715 2517 3293 2590">
    <p class='ocr_par' dir='ltr' id='par_1_53' title="bbox 1715 2517 3293 2590">
     <span class='ocr_line' id='line_1_53' title="bbox 1715 2517 3293 2590; baseline -0.002 -17"><span class='ocrx_word' id='word_1_340' title='bbox 1715 2520 1878 2574; x_wconf 90' lang='lat' dir='ltr'><strong>etiam</strong></span> <span class='ocrx_word' id='word_1_341' title='bbox 1907 2520 2162 2590; x_wconf 90' lang='lat' dir='ltr'><strong>deinceps</strong></span> <span class='ocrx_word' id='word_1_342' title='bbox 2212 2517 2456 2588; x_wconf 80' lang='lat' dir='ltr'><strong>adjungit</strong></span> <span class='ocrx_word' id='word_1_343' title='bbox 2481 2535 2495 2571; x_wconf 90' lang='lat'><strong>:</strong></span> <span class='ocrx_word' id='word_1_344' title='bbox 2528 2535 2546 2568; x_wconf 88' lang='grc'><em>‹</em></span> <span class='ocrx_word' id='word_1_345' title='bbox 2576 2517 2940 2589; x_wconf 87' lang='lat' dir='ltr'><strong>Megasthenis</strong></span> <span class='ocrx_word' id='word_1_346' title='bbox 2969 2527 3171 2583; x_wconf 88' lang='lat' dir='ltr'><strong>autem,</strong></span> <span class='ocrx_word' id='word_1_347' title='bbox 3205 2517 3293 2571; x_wconf 90' lang='lat' dir='ltr'><strong>in-</strong></span> 
     </span>
    </p>
   </div>
   <div class='ocr_carea' id='block_1_54' title="bbox 1715 2609 3288 2683">
    <p class='ocr_par' dir='ltr' id='par_1_54' title="bbox 1715 2609 3288 2683">
     <span class='ocr_line' id='line_1_54' title="bbox 1715 2609 3288 2683; baseline -0.001 -17"><span class='ocrx_word' id='word_1_348' title='bbox 1715 2613 1854 2683; x_wconf 90' lang='lat' dir='ltr'><strong>quit,</strong></span> <span class='ocrx_word' id='word_1_349' title='bbox 1908 2613 2174 2678; x_wconf 89' lang='lat' dir='ltr'><strong>historici,</strong></span> <span class='ocrx_word' id='word_1_350' title='bbox 2211 2611 2306 2682; x_wconf 89' lang='lat' dir='ltr'><strong>qui</strong></span> <span class='ocrx_word' id='word_1_351' title='bbox 2358 2627 2485 2666; x_wconf 91' lang='lat' dir='ltr'><strong>cum</strong></span> <span class='ocrx_word' id='word_1_352' title='bbox 2543 2609 2773 2667; x_wconf 88' lang='lat' dir='ltr'><strong>Seleuco</strong></span> <span class='ocrx_word' id='word_1_353' title='bbox 2822 2609 3096 2666; x_wconf 88' lang='lat' dir='ltr'><strong>Nicanore</strong></span> <span class='ocrx_word' id='word_1_354' title='bbox 3131 2610 3288 2674; x_wconf 77' lang='lat' dir='ltr'><strong>vixit,</strong></span> 
     </span>
    </p>
   </div>
   <div class='ocr_carea' id='block_1_55' title="bbox 1714 2703 3294 2767">
    <p class='ocr_par' dir='ltr' id='par_1_55' title="bbox 1714 2703 3294 2767">
     <span class='ocr_line' id='line_1_55' title="bbox 1714 2703 3294 2767; baseline -0.002 -6"><span class='ocrx_word' id='word_1_355' title='bbox 1714 2706 1854 2761; x_wconf 87' lang='lat' dir='ltr'><strong>libro</strong></span> <span class='ocrx_word' id='word_1_356' title='bbox 1898 2705 1976 2760; x_wconf 87' lang='lat' dir='ltr'><strong>De</strong></span> <span class='ocrx_word' id='word_1_357' title='bbox 2003 2705 2158 2759; x_wconf 82' lang='lat' dir='ltr'><strong>rebus</strong></span> <span class='ocrx_word' id='word_1_358' title='bbox 2197 2703 2402 2758; x_wconf 77' lang='lat' dir='ltr'><strong>Iudicis</strong></span> <span class='ocrx_word' id='word_1_359' title='bbox 2438 2704 2618 2767; x_wconf 89' lang='lat' dir='ltr'><strong>tertio,</strong></span> <span class='ocrx_word' id='word_1_360' title='bbox 2648 2703 2990 2758; x_wconf 88' lang='lat' dir='ltr'><strong>clarissimus</strong></span> <span class='ocrx_word' id='word_1_361' title='bbox 3020 2703 3108 2757; x_wconf 90' lang='lat' dir='ltr'><strong>hic</strong></span> <span class='ocrx_word' id='word_1_362' title='bbox 3140 2704 3294 2758; x_wconf 83' lang='lat' dir='ltr'><strong>locus</strong></span> 
     </span>
    </p>
   </div>
   <div class='ocr_carea' id='block_1_56' title="bbox 1713 2791 3290 2869">
    <p class='ocr_par' dir='ltr' id='par_1_56' title="bbox 1713 2791 3290 2869">
     <span class='ocr_line' id='line_1_56' title="bbox 1713 2791 3290 2869; baseline -0.003 -17"><span class='ocrx_word' id='word_1_363' title='bbox 1713 2805 1799 2852; x_wconf 88' lang='lat' dir='ltr'><strong>est</strong></span> <span class='ocrx_word' id='word_1_364' title='bbox 1830 2791 2148 2869; x_wconf 86' lang='lat' dir='ltr'><strong>:Quidquid</strong></span> <span class='ocrx_word' id='word_1_365' title='bbox 2192 2795 2260 2850; x_wconf 89' lang='lat' dir='ltr'><strong>ab</strong></span> <span class='ocrx_word' id='word_1_366' title='bbox 2325 2795 2572 2864; x_wconf 84' lang='lat' dir='ltr'><strong>antiquis</strong></span> <span class='ocrx_word' id='word_1_367' title='bbox 2620 2795 2686 2849; x_wconf 89' lang='lat' dir='ltr'><strong>de</strong></span> <span class='ocrx_word' id='word_1_368' title='bbox 2720 2804 2917 2848; x_wconf 89' lang='lat' dir='ltr'><strong>natura</strong></span> <span class='ocrx_word' id='word_1_369' title='bbox 2944 2795 3149 2849; x_wconf 90' lang='lat' dir='ltr'><strong>dictum</strong></span> <span class='ocrx_word' id='word_1_370' title='bbox 3185 2805 3290 2860; x_wconf 87' lang='lat' dir='ltr'><strong>est,</strong></span> 
     </span>
    </p>
   </div>
   <div class='ocr_carea' id='block_1_57' title="bbox 1712 2884 3292 2958">
    <p class='ocr_par' dir='ltr' id='par_1_57' title="bbox 1712 2884 3292 2958">
     <span class='ocr_line' id='line_1_57' title="bbox 1712 2884 3292 2958; baseline -0.002 -15"><span class='ocrx_word' id='word_1_371' title='bbox 1712 2903 1905 2944; x_wconf 89' lang='lat' dir='ltr'><strong>eorum</strong></span> <span class='ocrx_word' id='word_1_372' title='bbox 1935 2890 2098 2941; x_wconf 87' lang='lat' dir='ltr'><strong>etiam</strong></span> <span class='ocrx_word' id='word_1_373' title='bbox 2126 2887 2219 2958; x_wconf 91' lang='lat' dir='ltr'><strong>qui</strong></span> <span class='ocrx_word' id='word_1_374' title='bbox 2251 2893 2403 2942; x_wconf 77' lang='lat' dir='ltr'><strong>extra</strong></span> <span class='ocrx_word' id='word_1_375' title='bbox 2432 2884 2697 2940; x_wconf 68' lang='lat' dir='ltr'><strong>Grmciam</strong></span> <span class='ocrx_word' id='word_1_376' title='bbox 2724 2884 3207 2954; x_wconf 77' lang='lat' dir='ltr'><strong>philosophantur,</strong></span> <span class='ocrx_word' id='word_1_377' title='bbox 3233 2895 3292 2940; x_wconf 90' lang='lat' dir='ltr'><strong>ut</strong></span> 
     </span>
    </p>
   </div>
   <div class='ocr_carea' id='block_1_58' title="bbox 1711 2973 3286 3048">
    <p class='ocr_par' dir='ltr' id='par_1_58' title="bbox 1711 2973 3286 3048">
     <span class='ocr_line' id='line_1_58' title="bbox 1711 2973 3286 3048; baseline -0.004 -14"><span class='ocrx_word' id='word_1_378' title='bbox 1711 2980 2114 3036; x_wconf 88' lang='lat' dir='ltr'><strong>Brachmanum</strong></span> <span class='ocrx_word' id='word_1_379' title='bbox 2162 2978 2304 3048; x_wconf 91' lang='lat' dir='ltr'><strong>apud</strong></span> <span class='ocrx_word' id='word_1_380' title='bbox 2345 2976 2530 3042; x_wconf 88' lang='lat' dir='ltr'><strong>Indos,</strong></span> <span class='ocrx_word' id='word_1_381' title='bbox 2561 2986 2615 3031; x_wconf 87' lang='lat' dir='ltr'><strong>ct</strong></span> <span class='ocrx_word' id='word_1_382' title='bbox 2666 2973 2986 3029; x_wconf 67' lang='lat' dir='ltr'><strong>Judmorum</strong></span> <span class='ocrx_word' id='word_1_383' title='bbox 3015 2975 3069 3028; x_wconf 89' lang='lat' dir='ltr'><strong>in</strong></span> <span class='ocrx_word' id='word_1_384' title='bbox 3103 2975 3286 3045; x_wconf 87' lang='lat' dir='ltr'><strong>Syria,</strong></span> 
     </span>
    </p>
   </div>
   <div class='ocr_carea' id='block_1_59' title="bbox 1712 3065 3287 3129">
    <p class='ocr_par' dir='ltr' id='par_1_59' title="bbox 1712 3065 3287 3129">
     <span class='ocr_line' id='line_1_59' title="bbox 1712 3065 3287 3129; baseline -0.005 0"><span class='ocrx_word' id='word_1_385' title='bbox 1712 3087 1966 3129; x_wconf 89' lang='lat' dir='ltr'><strong>sermone</strong></span> <span class='ocrx_word' id='word_1_386' title='bbox 2009 3071 2385 3126; x_wconf 64' lang='lat' dir='ltr'><strong>celebratura-</strong></span> <span class='ocrx_word' id='word_1_387' title='bbox 2450 3067 2528 3122; x_wconf 82' lang='lat' dir='ltr'><strong>Ac</strong></span> <span class='ocrx_word' id='word_1_388' title='bbox 2581 3081 2778 3121; x_wconf 86' lang='lat' dir='ltr'><strong>rursus</strong></span> <span class='ocrx_word' id='word_1_389' title='bbox 2839 3065 2984 3120; x_wconf 88' lang='lat' dir='ltr'><strong>idem</strong></span> <span class='ocrx_word' id='word_1_390' title='bbox 3033 3065 3287 3121; x_wconf 75' lang='lat' dir='ltr'><strong>Clemens</strong></span> 
     </span>
    </p>
   </div>
   <div class='ocr_carea' id='block_1_60' title="bbox 95 3156 1609 3233">
    <p class='ocr_par' dir='ltr' id='par_1_60' title="bbox 95 3156 1609 3232">
     <span class='ocr_line' id='line_1_60' title="bbox 95 3156 1609 3232; baseline 0.005 -24"><span class='ocrx_word' id='word_1_391' title='bbox 95 3173 106 3202; x_wconf 71' lang='grc' dir='ltr'><strong>ί</strong></span> <span class='ocrx_word' id='word_1_392' title='bbox 124 3156 465 3226; x_wconf 72' lang='grc' dir='ltr'>Ἀριστόϐουλος</span> <span class='ocrx_word' id='word_1_393' title='bbox 479 3160 538 3213; x_wconf 75' lang='grc' dir='ltr'>δὲ</span> <span class='ocrx_word' id='word_1_394' title='bbox 554 3161 616 3212; x_wconf 77' lang='grc' dir='ltr'>ἐν</span> <span class='ocrx_word' id='word_1_395' title='bbox 637 3159 716 3230; x_wconf 79' lang='grc' dir='ltr'>τῷ</span> <span class='ocrx_word' id='word_1_396' title='bbox 731 3160 930 3232; x_wconf 84' lang='grc' dir='ltr'>πρώτῳ</span> <span class='ocrx_word' id='word_1_397' title='bbox 947 3161 1053 3214; x_wconf 83' lang='grc' dir='ltr'><strong>τῶν</strong></span> <span class='ocrx_word' id='word_1_398' title='bbox 1069 3162 1228 3229; x_wconf 77' lang='grc' dir='ltr'>Πρὸς</span> <span class='ocrx_word' id='word_1_399' title='bbox 1241 3161 1349 3214; x_wconf 75' lang='grc' dir='ltr'><strong>τὸν</strong></span> <span class='ocrx_word' id='word_1_400' title='bbox 1362 3161 1609 3231; x_wconf 76' lang='grc' dir='ltr'>Φιλομή-</span> 
     </span>
    </p>
   </div>
   <div class='ocr_carea' id='block_1_61' title="bbox 1716 3156 3289 3233">
    <p class='ocr_par' dir='ltr' id='par_1_61' title="bbox 1716 3157 3289 3233">
     <span class='ocr_line' id='line_1_61' title="bbox 1716 3157 3289 3233; baseline -0.004 -13"><span class='ocrx_word' id='word_1_401' title='bbox 1716 3165 2084 3221; x_wconf 78' lang='lat' dir='ltr'><strong>Aristohulum</strong></span> <span class='ocrx_word' id='word_1_402' title='bbox 2131 3161 2542 3233; x_wconf 89' lang='lat' dir='ltr'><strong>pcripatcticum</strong></span> <span class='ocrx_word' id='word_1_403' title='bbox 2589 3168 2644 3214; x_wconf 90' lang='lat' dir='ltr'><strong>ct</strong></span> <span class='ocrx_word' id='word_1_404' title='bbox 2707 3157 3037 3213; x_wconf 89' lang='lat' dir='ltr'><strong>Numenium</strong></span> <span class='ocrx_word' id='word_1_405' title='bbox 3093 3159 3289 3229; x_wconf 83' lang='lat' dir='ltr'><strong>pytha-</strong></span> 
     </span>
    </p>
   </div>
   <div class='ocr_carea' id='block_1_62' title="bbox 91 3251 1607 3325">
    <p class='ocr_par' dir='ltr' id='par_1_62' title="bbox 91 3251 1607 3325">
     <span class='ocr_line' id='line_1_62' title="bbox 91 3251 1607 3325; baseline 0.009 -28"><span class='ocrx_word' id='word_1_406' title='bbox 91 3252 351 3312; x_wconf 49' lang='grc' dir='ltr'>κροτητὰ</span> <span class='ocrx_word' id='word_1_407' title='bbox 380 3251 526 3317; x_wconf 80' lang='grc' dir='ltr'>λέξιν</span> <span class='ocrx_word' id='word_1_408' title='bbox 557 3252 766 3324; x_wconf 73' lang='grc' dir='ltr'>γράφει</span> <span class='ocrx_word' id='word_1_409' title='bbox 791 3269 804 3282; x_wconf 87' lang='grc'><strong>·</strong></span> <span class='ocrx_word' id='word_1_410' title='bbox 835 3253 1292 3325; x_wconf 80' lang='grc' dir='ltr'>Κατηκολούθηκε</span> <span class='ocrx_word' id='word_1_411' title='bbox 1316 3254 1374 3308; x_wconf 85' lang='grc' dir='ltr'>δὲ</span> <span class='ocrx_word' id='word_1_412' title='bbox 1406 3255 1434 3306; x_wconf 88' lang='lat'><strong>6</strong></span> <span class='ocrx_word' id='word_1_413' title='bbox 1466 3257 1607 3310; x_wconf 82' lang='grc' dir='ltr'><strong>Πλά-</strong></span> 
     </span>
    </p>
   </div>
   <div class='ocr_carea' id='block_1_63' title="bbox 89 3341 1603 3416">
    <p class='ocr_par' dir='ltr' id='par_1_63' title="bbox 89 3341 1603 3416">
     <span class='ocr_line' id='line_1_63' title="bbox 89 3341 1603 3416; baseline 0.007 -27"><span class='ocrx_word' id='word_1_414' title='bbox 89 3355 162 3389; x_wconf 77' lang='grc' dir='ltr'>των</span> <span class='ocrx_word' id='word_1_415' title='bbox 179 3342 233 3410; x_wconf 78' lang='grc' dir='ltr'>τῇ</span> <span class='ocrx_word' id='word_1_416' title='bbox 255 3341 362 3394; x_wconf 85' lang='grc' dir='ltr'>καθ’</span> <span class='ocrx_word' id='word_1_417' title='bbox 380 3345 530 3415; x_wconf 79' lang='grc' dir='ltr'>ἡμᾶς</span> <span class='ocrx_word' id='word_1_418' title='bbox 562 3343 874 3416; x_wconf 70' lang='grc' dir='ltr'>νομοθεσίᾳ,</span> <span class='ocrx_word' id='word_1_419' title='bbox 890 3345 982 3397; x_wconf 75' lang='grc' dir='ltr'><strong>καὶ</strong></span> <span class='ocrx_word' id='word_1_420' title='bbox 1003 3345 1233 3416; x_wconf 82' lang='grc' dir='ltr'>φανερός</span> <span class='ocrx_word' id='word_1_421' title='bbox 1249 3347 1363 3398; x_wconf 75' lang='grc' dir='ltr'>ἐστι</span> <span class='ocrx_word' id='word_1_422' title='bbox 1379 3363 1446 3398; x_wconf 88' lang='grc' dir='ltr'><strong>πε</strong></span> <span class='ocrx_word' id='word_1_423' title='bbox 1457 3364 1603 3413; x_wconf 76' lang='grc' dir='ltr'>ριερο</span> 
     </span>
    </p>
   </div>
   <div class='ocr_carea' id='block_1_64' title="bbox 86 3433 1604 3510">
    <p class='ocr_par' dir='ltr' id='par_1_64' title="bbox 86 3433 1604 3510">
     <span class='ocr_line' id='line_1_64' title="bbox 86 3433 1604 3510; baseline 0.006 -28"><span class='ocrx_word' id='word_1_424' title='bbox 86 3433 292 3500; x_wconf 77' lang='grc' dir='ltr'>γασμένος</span> <span class='ocrx_word' id='word_1_425' title='bbox 313 3434 516 3491; x_wconf 70' lang='grc' dir='ltr'>ἕκαστα</span> <span class='ocrx_word' id='word_1_426' title='bbox 534 3436 648 3490; x_wconf 84' lang='grc' dir='ltr'><strong>τῶν</strong></span> <span class='ocrx_word' id='word_1_427' title='bbox 665 3437 722 3489; x_wconf 81' lang='grc' dir='ltr'>ἐν</span> <span class='ocrx_word' id='word_1_428' title='bbox 749 3436 1237 3508; x_wconf 31' lang='grc' dir='ltr'>αὑτῇ-λεγομένων.</span> <span class='ocrx_word' id='word_1_429' title='bbox 1261 3438 1604 3510; x_wconf 84' lang='grc' dir='ltr'>Διηρμήνευ-</span> 
     </span>
    </p>
   </div>
   <div class='ocr_carea' id='block_1_65' title="bbox 87 3527 1604 3605">
    <p class='ocr_par' dir='ltr' id='par_1_65' title="bbox 87 3527 1604 3605">
     <span class='ocr_line' id='line_1_65' title="bbox 87 3527 1604 3605; baseline 0.005 -29"><span class='ocrx_word' id='word_1_430' title='bbox 87 3540 150 3576; x_wconf 79' lang='grc' dir='ltr'><strong>ται</strong></span> <span class='ocrx_word' id='word_1_431' title='bbox 167 3527 210 3579; x_wconf 79' lang='grc' dir='ltr'>δὲ</span> <span class='ocrx_word' id='word_1_432' title='bbox 220 3529 734 3605; x_wconf 76' lang='grc' dir='ltr'>πρὸΔημητρίουὺφ’</span> <span class='ocrx_word' id='word_1_433' title='bbox 757 3531 977 3603; x_wconf 81' lang='grc' dir='ltr'>ἐτέρων,</span> <span class='ocrx_word' id='word_1_434' title='bbox 994 3532 1100 3603; x_wconf 81' lang='grc' dir='ltr'><strong>πρὸ</strong></span> <span class='ocrx_word' id='word_1_435' title='bbox 1120 3531 1221 3602; x_wconf 80' lang='grc' dir='ltr'>τῆς</span> <span class='ocrx_word' id='word_1_436' title='bbox 1255 3531 1604 3602; x_wconf 77' lang='grc' dir='ltr'>Ἀλεξάνδρου</span> 
     </span>
    </p>
   </div>
   <div class='ocr_carea' id='block_1_66' title="bbox 86 3620 1602 3695">
    <p class='ocr_par' dir='ltr' id='par_1_66' title="bbox 86 3620 1602 3695">
     <span class='ocr_line' id='line_1_66' title="bbox 86 3620 1602 3695; baseline 0.004 -25"><span class='ocrx_word' id='word_1_437' title='bbox 86 3620 153 3671; x_wconf 78' lang='grc' dir='ltr'><strong>καὶ</strong></span> <span class='ocrx_word' id='word_1_438' title='bbox 164 3621 350 3692; x_wconf 73' lang='grc' dir='ltr'>Περσῶν</span> <span class='ocrx_word' id='word_1_439' title='bbox 361 3624 640 3695; x_wconf 82' lang='grc' dir='ltr'>ὲπικρατή</span> <span class='ocrx_word' id='word_1_440' title='bbox 649 3622 881 3687; x_wconf 83' lang='grc' dir='ltr'>σεως,τά</span> <span class='ocrx_word' id='word_1_441' title='bbox 899 3639 959 3676; x_wconf 88' lang='grc' dir='ltr'>τε</span> <span class='ocrx_word' id='word_1_442' title='bbox 985 3621 1126 3676; x_wconf 86' lang='grc' dir='ltr'>κατὰ</span> <span class='ocrx_word' id='word_1_443' title='bbox 1139 3621 1236 3694; x_wconf 83' lang='grc' dir='ltr'>τὴν</span> <span class='ocrx_word' id='word_1_444' title='bbox 1254 3621 1313 3688; x_wconf 80' lang='grc' dir='ltr'><strong>ὲξ</strong></span> <span class='ocrx_word' id='word_1_445' title='bbox 1329 3623 1602 3691; x_wconf 78' lang='grc' dir='ltr'>Αἰγύπτου</span> 
     </span>
    </p>
   </div>
   <div class='ocr_carea' id='block_1_67' title="bbox 85 3709 1605 3788">
    <p class='ocr_par' dir='ltr' id='par_1_67' title="bbox 85 3709 1605 3788">
     <span class='ocr_line' id='line_1_67' title="bbox 85 3709 1605 3788; baseline 0.001 -21"><span class='ocrx_word' id='word_1_446' title='bbox 85 3709 300 3787; x_wconf 73' lang='grc' dir='ltr'>ἐξαγωγὴν</span> <span class='ocrx_word' id='word_1_447' title='bbox 322 3716 425 3770; x_wconf 81' lang='grc' dir='ltr'><strong>τῶν</strong></span> <span class='ocrx_word' id='word_1_448' title='bbox 468 3714 742 3788; x_wconf 75' lang='grc' dir='ltr'>Ἐϐραίων</span> <span class='ocrx_word' id='word_1_449' title='bbox 777 3714 885 3768; x_wconf 82' lang='grc' dir='ltr'><strong>τῶν</strong></span> <span class='ocrx_word' id='word_1_450' title='bbox 916 3713 1200 3786; x_wconf 81' lang='grc' dir='ltr'>ἡμετέρων</span> <span class='ocrx_word' id='word_1_451' title='bbox 1228 3713 1480 3780; x_wconf 85' lang='grc' dir='ltr'>πολιτῶν,</span> <span class='ocrx_word' id='word_1_452' title='bbox 1510 3716 1605 3771; x_wconf 64' lang='grc' dir='ltr'><strong>καὶ⁹</strong></span> 
     </span>
    </p>
   </div>
   <div class='ocr_carea' id='block_1_68' title="bbox 83 3802 1604 3873">
    <p class='ocr_par' dir='ltr' id='par_1_68' title="bbox 83 3802 1604 3873">
     <span class='ocr_line' id='line_1_68' title="bbox 83 3802 1604 3873; baseline 0.001 -20"><span class='ocrx_word' id='word_1_453' title='bbox 83 3803 214 3869; x_wconf 71' lang='grc' dir='ltr'>ἡτῶν</span> <span class='ocrx_word' id='word_1_454' title='bbox 253 3806 540 3873; x_wconf 82' lang='grc' dir='ltr'>γεγονότων</span> <span class='ocrx_word' id='word_1_455' title='bbox 605 3804 862 3858; x_wconf 78' lang='grc' dir='ltr'>ἁπάντων</span> <span class='ocrx_word' id='word_1_456' title='bbox 905 3803 1088 3866; x_wconf 82' lang='grc' dir='ltr'>αὐτοῖς</span> <span class='ocrx_word' id='word_1_457' title='bbox 1134 3802 1455 3871; x_wconf 75' lang='grc' dir='ltr'>ἐπιφάνεια,</span> <span class='ocrx_word' id='word_1_458' title='bbox 1511 3804 1604 3857; x_wconf 77' lang='grc' dir='ltr'><strong>καὶ</strong></span> 
     </span>
    </p>
   </div>
   <div class='ocr_carea' id='block_1_69' title="bbox 84 3892 1604 3967">
    <p class='ocr_par' dir='ltr' id='par_1_69' title="bbox 84 3892 1604 3967">
     <span class='ocr_line' id='line_1_69' title="bbox 84 3892 1604 3967; baseline -0.013 -4"><span class='ocrx_word' id='word_1_459' title='bbox 84 3893 288 3962; x_wconf 74' lang='grc' dir='ltr'><strong>κράτησις</strong></span> <span class='ocrx_word' id='word_1_460' title='bbox 315 3897 408 3967; x_wconf 82' lang='grc' dir='ltr'><strong>τῆς</strong></span> <span class='ocrx_word' id='word_1_461' title='bbox 432 3895 643 3967; x_wconf 81' lang='grc' dir='ltr'>χώρας,</span> <span class='ocrx_word' id='word_1_462' title='bbox 675 3895 768 3949; x_wconf 67' lang='grc' dir='ltr'>καὶ</span> <span class='ocrx_word' id='word_1_463' title='bbox 788 3894 887 3965; x_wconf 82' lang='grc' dir='ltr'><strong>τῆς</strong></span> <span class='ocrx_word' id='word_1_464' title='bbox 913 3892 1042 3963; x_wconf 80' lang='grc' dir='ltr'>ὅλης</span> <span class='ocrx_word' id='word_1_465' title='bbox 1069 3892 1388 3963; x_wconf 80' lang='grc' dir='ltr'>νομοθεσίας</span> <span class='ocrx_word' id='word_1_466' title='bbox 1413 3893 1604 3964; x_wconf 78' lang='grc' dir='ltr'>ἐπεξή-</span> 
     </span>
    </p>
   </div>
   <div class='ocr_carea' id='block_1_70' title="bbox 84 3980 1603 4059">
    <p class='ocr_par' dir='ltr' id='par_1_70' title="bbox 84 3980 1603 4059">
     <span class='ocr_line' id='line_1_70' title="bbox 84 3980 1603 4059; baseline 0.002 -24"><span class='ocrx_word' id='word_1_467' title='bbox 84 3997 217 4051; x_wconf 52' lang='lat' dir='ltr'><strong>mox.</strong></span> <span class='ocrx_word' id='word_1_468' title='bbox 244 3987 389 4040; x_wconf 78' lang='grc' dir='ltr'>Ὥστε</span> <span class='ocrx_word' id='word_1_469' title='bbox 435 3986 664 4059; x_wconf 72' lang='grc' dir='ltr'>εὔδηλον</span> <span class='ocrx_word' id='word_1_470' title='bbox 695 3980 835 4039; x_wconf 75' lang='grc' dir='ltr'>εἶναι</span> <span class='ocrx_word' id='word_1_471' title='bbox 879 3983 970 4037; x_wconf 84' lang='grc' dir='ltr'>τὸν</span> <span class='ocrx_word' id='word_1_472' title='bbox 1010 3983 1404 4056; x_wconf 81' lang='grc' dir='ltr'>προειρημένον</span> <span class='ocrx_word' id='word_1_473' title='bbox 1455 3985 1603 4053; x_wconf 81' lang='grc' dir='ltr'>φιλό-</span> 
     </span>
    </p>
   </div>
   <div class='ocr_carea' id='block_1_71' title="bbox 84 4074 1602 4149">
    <p class='ocr_par' dir='ltr' id='par_1_71' title="bbox 84 4074 1602 4149">
     <span class='ocr_line' id='line_1_71' title="bbox 84 4074 1602 4149; baseline 0.001 -22"><span class='ocrx_word' id='word_1_474' title='bbox 84 4088 202 4142; x_wconf 73' lang='grc' dir='ltr'>σοφον</span> <span class='ocrx_word' id='word_1_475' title='bbox 221 4077 478 4149; x_wconf 63' lang='grc' dir='ltr'>εἰληφέναι</span> <span class='ocrx_word' id='word_1_476' title='bbox 504 4076 704 4141; x_wconf 83' lang='grc' dir='ltr'>πολλά,</span> <span class='ocrx_word' id='word_1_477' title='bbox 724 4075 919 4145; x_wconf 86' lang='grc' dir='ltr'>γέγονε</span> <span class='ocrx_word' id='word_1_478' title='bbox 937 4074 1047 4146; x_wconf 82' lang='grc' dir='ltr'><strong>γὰρ</strong></span> <span class='ocrx_word' id='word_1_479' title='bbox 1069 4074 1406 4147; x_wconf 79' lang='grc' dir='ltr'>πολυμαθὴς,</span> <span class='ocrx_word' id='word_1_480' title='bbox 1421 4075 1602 4138; x_wconf 86' lang='grc' dir='ltr'>καθὼς</span> 
     </span>
    </p>
   </div>
   <div class='ocr_carea' id='block_1_72' title="bbox 83 4164 1601 4240">
    <p class='ocr_par' dir='ltr' id='par_1_72' title="bbox 83 4164 1601 4240">
     <span class='ocr_line' id='line_1_72' title="bbox 83 4164 1601 4240; baseline 0.001 -24"><span class='ocrx_word' id='word_1_481' title='bbox 83 4164 149 4217; x_wconf 76' lang='grc' dir='ltr'><strong>καὶ</strong></span> <span class='ocrx_word' id='word_1_482' title='bbox 169 4167 460 4240; x_wconf 81' lang='grc' dir='ltr'>Πυθαγόρας</span> <span class='ocrx_word' id='word_1_483' title='bbox 492 4167 670 4222; x_wconf 79' lang='grc' dir='ltr'>πολλὰ</span> <span class='ocrx_word' id='word_1_484' title='bbox 689 4166 799 4220; x_wconf 85' lang='grc' dir='ltr'><strong>τῶν</strong></span> <span class='ocrx_word' id='word_1_485' title='bbox 829 4168 960 4238; x_wconf 86' lang='grc' dir='ltr'>παρ’</span> <span class='ocrx_word' id='word_1_486' title='bbox 993 4168 1125 4238; x_wconf 76' lang='grc' dir='ltr'>ἡμῖν</span> <span class='ocrx_word' id='word_1_487' title='bbox 1154 4164 1493 4238; x_wconf 85' lang='grc' dir='ltr'>μετενεγκὼν</span> <span class='ocrx_word' id='word_1_488' title='bbox 1521 4167 1601 4231; x_wconf 85' lang='grc' dir='ltr'><strong>εἰς</strong></span> 
     </span>
    </p>
   </div>
   <div class='ocr_carea' id='block_1_73' title="bbox 81 4260 1599 4335">
    <p class='ocr_par' dir='ltr' id='par_1_73' title="bbox 81 4260 1599 4335">
     <span class='ocr_line' id='line_1_73' title="bbox 81 4260 1599 4335; baseline 0.002 -24"><span class='ocrx_word' id='word_1_489' title='bbox 81 4260 151 4329; x_wconf 77' lang='grc' dir='ltr'>τὴν</span> <span class='ocrx_word' id='word_1_490' title='bbox 184 4264 352 4318; x_wconf 74' lang='grc' dir='ltr'>ἑαυτοῦ</span> <span class='ocrx_word' id='word_1_491' title='bbox 391 4263 836 4335; x_wconf 76' lang='grc' dir='ltr'>δογματοποιίαν.</span> <span class='ocrx_word' id='word_1_492' title='bbox 870 4263 1178 4332; x_wconf 83' lang='grc' dir='ltr'>Νουμήνιος</span> <span class='ocrx_word' id='word_1_493' title='bbox 1205 4260 1263 4313; x_wconf 78' lang='grc' dir='ltr'>δὲ</span> <span class='ocrx_word' id='word_1_494' title='bbox 1300 4261 1330 4312; x_wconf 82' lang='grc' dir='ltr'>ὁ</span> <span class='ocrx_word' id='word_1_495' title='bbox 1361 4260 1599 4330; x_wconf 86' lang='grc' dir='ltr'>πυθαγο-</span> 
     </span>
    </p>
   </div>
   <div class='ocr_carea' id='block_1_74' title="bbox 83 4351 1599 4426">
    <p class='ocr_par' dir='ltr' id='par_1_74' title="bbox 83 4351 1599 4426">
     <span class='ocr_line' id='line_1_74' title="bbox 83 4351 1599 4426; baseline 0.005 -27"><span class='ocrx_word' id='word_1_496' title='bbox 83 4351 193 4417; x_wconf 56' lang='lat' dir='ltr'><strong>putt;</strong></span> <span class='ocrx_word' id='word_1_497' title='bbox 218 4355 484 4426; x_wconf 73' lang='grc' dir='ltr'>φιλόσοφος</span> <span class='ocrx_word' id='word_1_498' title='bbox 520 4357 785 4425; x_wconf 80' lang='grc' dir='ltr'>ἄντικρυς</span> <span class='ocrx_word' id='word_1_499' title='bbox 814 4353 1043 4425; x_wconf 76' lang='grc' dir='ltr'>γράφει·</span> <span class='ocrx_word' id='word_1_500' title='bbox 1078 4352 1144 4405; x_wconf 81' lang='grc' dir='ltr'><strong>Τί</strong></span> <span class='ocrx_word' id='word_1_501' title='bbox 1175 4352 1283 4424; x_wconf 86' lang='grc' dir='ltr'>γάρ</span> <span class='ocrx_word' id='word_1_502' title='bbox 1315 4353 1429 4406; x_wconf 77' lang='grc' dir='ltr'>ἐστι</span> <span class='ocrx_word' id='word_1_503' title='bbox 1456 4353 1599 4407; x_wconf 81' lang='grc' dir='ltr'><strong>ῐΙλάι-</strong></span> 
     </span>
    </p>
   </div>
   <div class='ocr_carea' id='block_1_75' title="bbox 80 4440 1454 4518">
    <p class='ocr_par' dir='ltr' id='par_1_75' title="bbox 80 4440 1454 4518">
     <span class='ocr_line' id='line_1_75' title="bbox 80 4440 1454 4518; baseline 0.004 -26"><span class='ocrx_word' id='word_1_504' title='bbox 80 4440 204 4512; x_wconf 78' lang='grc' dir='ltr'><strong>τωνῆ</strong></span> <span class='ocrx_word' id='word_1_505' title='bbox 254 4445 479 4518; x_wconf 78' lang='grc' dir='ltr'>Μωῡσῆς</span> <span class='ocrx_word' id='word_1_506' title='bbox 507 4446 836 4511; x_wconf 70' lang='grc' dir='ltr'>ἀπικίξωνς</span> <span class='ocrx_word' id='word_1_507' title='bbox 877 4462 896 4497; x_wconf 75' lang='grc' dir='ltr'><strong>ι</strong></span> <span class='ocrx_word' id='word_1_508' title='bbox 935 4443 1118 4498; x_wconf 84' lang='grc' dir='ltr'>Ταῦτα</span> <span class='ocrx_word' id='word_1_509' title='bbox 1149 4444 1178 4496; x_wconf 86' lang='lat'><strong>6</strong></span> <span class='ocrx_word' id='word_1_510' title='bbox 1204 4443 1454 4516; x_wconf 80' lang='grc' dir='ltr'>Κλήμης.</span> 
     </span>
    </p>
   </div>
   <div class='ocr_carea' id='block_1_76' title="bbox 1710 3249 3288 3328">
    <p class='ocr_par' dir='ltr' id='par_1_76' title="bbox 1710 3249 3288 3328">
     <span class='ocr_line' id='line_1_76' title="bbox 1710 3249 3288 3328; baseline -0.005 -15"><span class='ocrx_word' id='word_1_511' title='bbox 1710 3273 1953 3328; x_wconf 74' lang='lat' dir='ltr'><strong>gorzeum</strong></span> <span class='ocrx_word' id='word_1_512' title='bbox 1997 3255 2182 3309; x_wconf 90' lang='lat' dir='ltr'><strong>laudat</strong></span> <span class='ocrx_word' id='word_1_513' title='bbox 2207 3254 2293 3308; x_wconf 88' lang='lat' dir='ltr'><strong>his</strong></span> <span class='ocrx_word' id='word_1_514' title='bbox 2319 3253 2542 3308; x_wconf 86' lang='lat' dir='ltr'><strong>verbis:</strong></span> <span class='ocrx_word' id='word_1_515' title='bbox 2572 3253 2950 3307; x_wconf 70' lang='lat' dir='ltr'><strong>«Aristobulus</strong></span> <span class='ocrx_word' id='word_1_516' title='bbox 3001 3249 3056 3304; x_wconf 92' lang='lat' dir='ltr'><strong>in</strong></span> <span class='ocrx_word' id='word_1_517' title='bbox 3109 3251 3288 3318; x_wconf 89' lang='lat' dir='ltr'><strong>primo</strong></span> 
     </span>
    </p>
   </div>
   <div class='ocr_carea' id='block_1_77' title="bbox 1708 3343 3288 3418">
    <p class='ocr_par' dir='ltr' id='par_1_77' title="bbox 1708 3343 3288 3418">
     <span class='ocr_line' id='line_1_77' title="bbox 1708 3343 3288 3418; baseline -0.004 -14"><span class='ocrx_word' id='word_1_518' title='bbox 1708 3364 1922 3415; x_wconf 89' lang='lat' dir='ltr'><strong>eorum,</strong></span> <span class='ocrx_word' id='word_1_519' title='bbox 1958 3363 2100 3418; x_wconf 86' lang='lat' dir='ltr'><strong>quos</strong></span> <span class='ocrx_word' id='word_1_520' title='bbox 2131 3347 2199 3400; x_wconf 86' lang='lat' dir='ltr'><strong>ad</strong></span> <span class='ocrx_word' id='word_1_521' title='bbox 2240 3347 2604 3401; x_wconf 75' lang='lat' dir='ltr'><strong>Philomelam</strong></span> <span class='ocrx_word' id='word_1_522' title='bbox 2633 3345 2860 3416; x_wconf 88' lang='lat' dir='ltr'><strong>scripsit</strong></span> <span class='ocrx_word' id='word_1_523' title='bbox 2899 3345 3048 3400; x_wconf 89' lang='lat' dir='ltr'><strong>hunc</strong></span> <span class='ocrx_word' id='word_1_524' title='bbox 3081 3343 3138 3398; x_wconf 91' lang='lat' dir='ltr'><strong>in</strong></span> <span class='ocrx_word' id='word_1_525' title='bbox 3168 3358 3288 3398; x_wconf 81' lang='lat' dir='ltr'><strong>mo-</strong></span> 
     </span>
    </p>
   </div>
   <div class='ocr_carea' id='block_1_78' title="bbox 1707 3437 3287 3510">
    <p class='ocr_par' dir='ltr' id='par_1_78' title="bbox 1707 3437 3287 3510">
     <span class='ocr_line' id='line_1_78' title="bbox 1707 3437 3287 3510; baseline -0.001 -15"><span class='ocrx_word' id='word_1_526' title='bbox 1707 3441 1837 3495; x_wconf 90' lang='lat' dir='ltr'><strong>dum</strong></span> <span class='ocrx_word' id='word_1_527' title='bbox 1866 3439 2146 3510; x_wconf 83' lang='lat' dir='ltr'><strong>loquitur:</strong></span> <span class='ocrx_word' id='word_1_528' title='bbox 2199 3437 2354 3492; x_wconf 83' lang='lat' dir='ltr'><strong>Plato</strong></span> <span class='ocrx_word' id='word_1_529' title='bbox 2401 3438 2516 3508; x_wconf 91' lang='lat' dir='ltr'><strong>ipse</strong></span> <span class='ocrx_word' id='word_1_530' title='bbox 2547 3453 2767 3508; x_wconf 90' lang='lat' dir='ltr'><strong>quoque</strong></span> <span class='ocrx_word' id='word_1_531' title='bbox 2812 3438 3028 3507; x_wconf 92' lang='lat' dir='ltr'><strong>reipub.</strong></span> <span class='ocrx_word' id='word_1_532' title='bbox 3075 3450 3287 3493; x_wconf 71' lang='lat' dir='ltr'><strong>nostra:</strong></span> 
     </span>
    </p>
   </div>
   <div class='ocr_carea' id='block_1_79' title="bbox 1708 3532 3285 3603">
    <p class='ocr_par' dir='ltr' id='par_1_79' title="bbox 1708 3532 3285 3603">
     <span class='ocr_line' id='line_1_79' title="bbox 1708 3532 3285 3603; baseline 0 -17"><span class='ocrx_word' id='word_1_533' title='bbox 1708 3533 1853 3603; x_wconf 81' lang='lat' dir='ltr'><strong>leges</strong></span> <span class='ocrx_word' id='word_1_534' title='bbox 1885 3543 1939 3587; x_wconf 91' lang='lat' dir='ltr'><strong>et</strong></span> <span class='ocrx_word' id='word_1_535' title='bbox 1978 3532 2228 3587; x_wconf 88' lang='lat' dir='ltr'><strong>instituta</strong></span> <span class='ocrx_word' id='word_1_536' title='bbox 2259 3540 2498 3586; x_wconf 87' lang='lat' dir='ltr'><strong>sectatus</strong></span> <span class='ocrx_word' id='word_1_537' title='bbox 2525 3541 2630 3598; x_wconf 90' lang='lat' dir='ltr'><strong>est,</strong></span> <span class='ocrx_word' id='word_1_538' title='bbox 2673 3547 2702 3585; x_wconf 88' lang='lat' dir='ltr'><strong>a</strong></span> <span class='ocrx_word' id='word_1_539' title='bbox 2734 3547 2844 3602; x_wconf 87' lang='lat' dir='ltr'><strong>quo</strong></span> <span class='ocrx_word' id='word_1_540' title='bbox 2873 3539 3058 3601; x_wconf 89' lang='lat' dir='ltr'><strong>partes</strong></span> <span class='ocrx_word' id='word_1_541' title='bbox 3089 3546 3285 3586; x_wconf 91' lang='lat' dir='ltr'><strong>eorum</strong></span> 
     </span>
    </p>
   </div>
   <div class='ocr_carea' id='block_1_80' title="bbox 1707 3623 3286 3696">
    <p class='ocr_par' dir='ltr' id='par_1_80' title="bbox 1707 3623 3286 3696">
     <span class='ocr_line' id='line_1_80' title="bbox 1707 3623 3286 3696; baseline 0 -16"><span class='ocrx_word' id='word_1_542' title='bbox 1707 3625 1960 3696; x_wconf 68' lang='lat' dir='ltr'><strong>singulas.</strong></span> <span class='ocrx_word' id='word_1_543' title='bbox 2002 3623 2220 3679; x_wconf 86' lang='lat' dir='ltr'><strong>curiose</strong></span> <span class='ocrx_word' id='word_1_544' title='bbox 2237 3638 2301 3677; x_wconf 87' lang='lat' dir='ltr'><strong>ac</strong></span> <span class='ocrx_word' id='word_1_545' title='bbox 2328 3623 2616 3695; x_wconf 80' lang='lat' dir='ltr'><strong>diligenter</strong></span> <span class='ocrx_word' id='word_1_546' title='bbox 2644 3625 2918 3694; x_wconf 88' lang='lat' dir='ltr'><strong>inspectas</strong></span> <span class='ocrx_word' id='word_1_547' title='bbox 2939 3632 2995 3678; x_wconf 88' lang='lat' dir='ltr'><strong>ct</strong></span> <span class='ocrx_word' id='word_1_548' title='bbox 3023 3639 3286 3680; x_wconf 78' lang='lat' dir='ltr'><strong>excussas</strong></span> 
     </span>
    </p>
   </div>
   <div class='ocr_carea' id='block_1_81' title="bbox 1705 3713 3281 3786">
    <p class='ocr_par' dir='ltr' id='par_1_81' title="bbox 1705 3713 3281 3786">
     <span class='ocr_line' id='line_1_81' title="bbox 1705 3713 3281 3786; baseline -0.004 -14"><span class='ocrx_word' id='word_1_549' title='bbox 1705 3730 1826 3772; x_wconf 87' lang='lat' dir='ltr'><strong>esse</strong></span> <span class='ocrx_word' id='word_1_550' title='bbox 1851 3724 2090 3772; x_wconf 88' lang='lat' dir='ltr'><strong>constat.</strong></span> <span class='ocrx_word' id='word_1_551' title='bbox 2111 3713 2248 3768; x_wconf 87' lang='lat' dir='ltr'><strong>Nam</strong></span> <span class='ocrx_word' id='word_1_552' title='bbox 2280 3715 2350 3769; x_wconf 90' lang='lat' dir='ltr'><strong>ab</strong></span> <span class='ocrx_word' id='word_1_553' title='bbox 2366 3714 2474 3768; x_wconf 89' lang='lat' dir='ltr'><strong>alio</strong></span> <span class='ocrx_word' id='word_1_554' title='bbox 2504 3715 2739 3786; x_wconf 89' lang='lat' dir='ltr'><strong>quodam</strong></span> <span class='ocrx_word' id='word_1_555' title='bbox 2768 3726 2893 3769; x_wconf 86' lang='lat' dir='ltr'><strong>ante</strong></span> <span class='ocrx_word' id='word_1_556' title='bbox 2924 3713 3281 3775; x_wconf 86' lang='lat' dir='ltr'><strong>Demetrium,</strong></span> 
     </span>
    </p>
   </div>
   <div class='ocr_carea' id='block_1_82' title="bbox 1706 3805 3284 3878">
    <p class='ocr_par' dir='ltr' id='par_1_82' title="bbox 1706 3805 3284 3878">
     <span class='ocr_line' id='line_1_82' title="bbox 1706 3805 3284 3878; baseline -0.003 -14"><span class='ocrx_word' id='word_1_557' title='bbox 1706 3808 1952 3878; x_wconf 91' lang='lat' dir='ltr'><strong>adeoque</strong></span> <span class='ocrx_word' id='word_1_558' title='bbox 2013 3815 2138 3863; x_wconf 89' lang='lat' dir='ltr'><strong>ante</strong></span> <span class='ocrx_word' id='word_1_559' title='bbox 2185 3805 2481 3865; x_wconf 84' lang='lat' dir='ltr'><strong>Alexandri</strong></span> <span class='ocrx_word' id='word_1_560' title='bbox 2531 3821 2595 3861; x_wconf 90' lang='lat' dir='ltr'><strong>ac</strong></span> <span class='ocrx_word' id='word_1_561' title='bbox 2644 3805 2936 3862; x_wconf 90' lang='lat' dir='ltr'><strong>Persarum</strong></span> <span class='ocrx_word' id='word_1_562' title='bbox 2989 3806 3284 3876; x_wconf 88' lang='lat' dir='ltr'><strong>imperium</strong></span> 
     </span>
    </p>
   </div>
   <div class='ocr_carea' id='block_1_83' title="bbox 1705 3897 3285 3968">
    <p class='ocr_par' dir='ltr' id='par_1_83' title="bbox 1705 3897 3285 3968">
     <span class='ocr_line' id='line_1_83' title="bbox 1705 3897 3285 3968; baseline -0.003 -12"><span class='ocrx_word' id='word_1_563' title='bbox 1705 3914 1968 3956; x_wconf 90' lang='lat' dir='ltr'><strong>conversa</strong></span> <span class='ocrx_word' id='word_1_564' title='bbox 2002 3897 2188 3952; x_wconf 84' lang='lat' dir='ltr'><strong>Graece</strong></span> <span class='ocrx_word' id='word_1_565' title='bbox 2235 3898 2470 3966; x_wconf 81' lang='lat' dir='ltr'><strong>fuerant,</strong></span> <span class='ocrx_word' id='word_1_566' title='bbox 2516 3913 2626 3953; x_wconf 94' lang='lat' dir='ltr'><strong>non</strong></span> <span class='ocrx_word' id='word_1_567' title='bbox 2656 3913 2719 3952; x_wconf 90' lang='lat' dir='ltr'><strong>ea</strong></span> <span class='ocrx_word' id='word_1_568' title='bbox 2760 3898 2948 3960; x_wconf 88' lang='lat' dir='ltr'><strong>modo,</strong></span> <span class='ocrx_word' id='word_1_569' title='bbox 2989 3913 3113 3968; x_wconf 83' lang='lat' dir='ltr'><strong>quae</strong></span> <span class='ocrx_word' id='word_1_570' title='bbox 3154 3897 3285 3952; x_wconf 83' lang='lat' dir='ltr'><strong>dum</strong></span> 
     </span>
    </p>
   </div>
   <div class='ocr_carea' id='block_1_84' title="bbox 1704 3984 3280 4060">
    <p class='ocr_par' dir='ltr' id='par_1_84' title="bbox 1704 3984 3280 4060">
     <span class='ocr_line' id='line_1_84' title="bbox 1704 3984 3280 4060; baseline 0.003 -20"><span class='ocrx_word' id='word_1_571' title='bbox 1704 3986 1865 4060; x_wconf 67' lang='grc'><strong>41],</strong></span> <span class='ocrx_word' id='word_1_572' title='bbox 1898 4001 1964 4040; x_wconf 79' lang='lat' dir='ltr'><strong>ex</strong></span> <span class='ocrx_word' id='word_1_573' title='bbox 1992 3984 2227 4058; x_wconf 66' lang='lat' dir='ltr'><strong>Egypto</strong></span> <span class='ocrx_word' id='word_1_574' title='bbox 2259 3984 2469 4042; x_wconf 84' lang='lat' dir='ltr'><strong>Hebraei</strong></span> <span class='ocrx_word' id='word_1_575' title='bbox 2519 3987 2664 4042; x_wconf 87' lang='lat' dir='ltr'><strong>cives</strong></span> <span class='ocrx_word' id='word_1_576' title='bbox 2692 3987 2867 4043; x_wconf 88' lang='lat' dir='ltr'><strong>nostri</strong></span> <span class='ocrx_word' id='word_1_577' title='bbox 2896 3987 3280 4056; x_wconf 87' lang='lat' dir='ltr'><strong>educerentur,</strong></span> 
     </span>
    </p>
   </div>
   <div class='ocr_carea' id='block_1_85' title="bbox 1703 4076 3281 4149">
    <p class='ocr_par' dir='ltr' id='par_1_85' title="bbox 1703 4076 3281 4149">
     <span class='ocr_line' id='line_1_85' title="bbox 1703 4076 3281 4149; baseline 0.003 -17"><span class='ocrx_word' id='word_1_578' title='bbox 1703 4078 1804 4132; x_wconf 80' lang='lat' dir='ltr'><strong>sed.</strong></span> <span class='ocrx_word' id='word_1_579' title='bbox 1856 4076 2020 4131; x_wconf 88' lang='lat' dir='ltr'><strong>etiam</strong></span> <span class='ocrx_word' id='word_1_580' title='bbox 2078 4091 2419 4147; x_wconf 67' lang='lat' dir='ltr'><strong>quaecunque</strong></span> <span class='ocrx_word' id='word_1_581' title='bbox 2449 4076 2558 4132; x_wconf 90' lang='lat' dir='ltr'><strong>illis</strong></span> <span class='ocrx_word' id='word_1_582' title='bbox 2591 4077 2922 4149; x_wconf 83' lang='lat' dir='ltr'><strong>singularem</strong></span> <span class='ocrx_word' id='word_1_583' title='bbox 2977 4079 3042 4134; x_wconf 90' lang='lat' dir='ltr'><strong>ad</strong></span> <span class='ocrx_word' id='word_1_584' title='bbox 3077 4079 3281 4136; x_wconf 79' lang='lat' dir='ltr'><strong>famam</strong></span> 
     </span>
    </p>
   </div>
   <div class='ocr_carea' id='block_1_86' title="bbox 1702 4167 3283 4242">
    <p class='ocr_par' dir='ltr' id='par_1_86' title="bbox 1702 4167 3283 4242">
     <span class='ocr_line' id='line_1_86' title="bbox 1702 4167 3283 4242; baseline 0.003 -20"><span class='ocrx_word' id='word_1_585' title='bbox 1702 4167 1937 4240; x_wconf 82' lang='lat' dir='ltr'><strong>insignia</strong></span> <span class='ocrx_word' id='word_1_586' title='bbox 1961 4168 2459 4240; x_wconf 79' lang='lat' dir='ltr'><strong>contigerunt,tum</strong></span> <span class='ocrx_word' id='word_1_587' title='bbox 2481 4169 2942 4240; x_wconf 87' lang='lat' dir='ltr'><strong>quemadmodum</strong></span> <span class='ocrx_word' id='word_1_588' title='bbox 2970 4186 3035 4226; x_wconf 88' lang='lat' dir='ltr'><strong>ea</strong></span> <span class='ocrx_word' id='word_1_589' title='bbox 3058 4172 3283 4242; x_wconf 80' lang='lat' dir='ltr'><strong>regione</strong></span> 
     </span>
    </p>
   </div>
   <div class='ocr_carea' id='block_1_87' title="bbox 1700 4259 3276 4332">
    <p class='ocr_par' dir='ltr' id='par_1_87' title="bbox 1700 4259 3276 4332">
     <span class='ocr_line' id='line_1_87' title="bbox 1700 4259 3276 4332; baseline 0.001 -18"><span class='ocrx_word' id='word_1_590' title='bbox 1700 4261 1866 4330; x_wconf 79' lang='lat' dir='ltr'><strong>potiti</strong></span> <span class='ocrx_word' id='word_1_591' title='bbox 1929 4261 2060 4326; x_wconf 88' lang='lat' dir='ltr'><strong>sint,</strong></span> <span class='ocrx_word' id='word_1_592' title='bbox 2129 4259 2374 4331; x_wconf 89' lang='lat' dir='ltr'><strong>adeoque</strong></span> <span class='ocrx_word' id='word_1_593' title='bbox 2427 4259 2589 4332; x_wconf 86' lang='lat' dir='ltr'><strong>Legis</strong></span> <span class='ocrx_word' id='word_1_594' title='bbox 2651 4260 2907 4316; x_wconf 87' lang='lat' dir='ltr'><strong>universa</strong></span> <span class='ocrx_word' id='word_1_595' title='bbox 2952 4261 3276 4331; x_wconf 73' lang='lat' dir='ltr'><strong>complexio.</strong></span> 
     </span>
    </p>
   </div>
   <div class='ocr_carea' id='block_1_88' title="bbox 1702 4351 3282 4424">
    <p class='ocr_par' dir='ltr' id='par_1_88' title="bbox 1702 4351 3282 4424">
     <span class='ocr_line' id='line_1_88' title="bbox 1702 4351 3282 4424; baseline 0 -16"><span class='ocrx_word' id='word_1_596' title='bbox 1702 4351 1883 4419; x_wconf 82' lang='lat' dir='ltr'><strong>Quare</strong></span> <span class='ocrx_word' id='word_1_597' title='bbox 1910 4353 2117 4408; x_wconf 89' lang='lat' dir='ltr'><strong>nemini</strong></span> <span class='ocrx_word' id='word_1_598' title='bbox 2149 4352 2379 4407; x_wconf 90' lang='lat' dir='ltr'><strong>dubium</strong></span> <span class='ocrx_word' id='word_1_599' title='bbox 2405 4367 2527 4408; x_wconf 89' lang='lat' dir='ltr'><strong>esse</strong></span> <span class='ocrx_word' id='word_1_600' title='bbox 2561 4362 2742 4424; x_wconf 87' lang='lat' dir='ltr'><strong>potest</strong></span> <span class='ocrx_word' id='word_1_601' title='bbox 2771 4354 2905 4424; x_wconf 86' lang='lat' dir='ltr'><strong>quin</strong></span> <span class='ocrx_word' id='word_1_602' title='bbox 2949 4354 3119 4408; x_wconf 88' lang='lat' dir='ltr'><strong>multa</strong></span> <span class='ocrx_word' id='word_1_603' title='bbox 3155 4354 3282 4410; x_wconf 86' lang='lat' dir='ltr'><strong>inde</strong></span> 
     </span>
    </p>
   </div>
   <div class='ocr_carea' id='block_1_89' title="bbox 1703 4443 3279 4516">
    <p class='ocr_par' dir='ltr' id='par_1_89' title="bbox 1703 4443 3279 4516">
     <span class='ocr_line' id='line_1_89' title="bbox 1703 4443 3279 4516; baseline -0.001 -18"><span class='ocrx_word' id='word_1_604' title='bbox 1703 4444 1957 4501; x_wconf 88' lang='lat' dir='ltr'><strong>laudatus</strong></span> <span class='ocrx_word' id='word_1_605' title='bbox 1975 4445 2334 4516; x_wconf 82' lang='lat' dir='ltr'><strong>phiIOSOphus</strong></span> <span class='ocrx_word' id='word_1_606' title='bbox 2353 4446 2685 4515; x_wconf 80' lang='lat' dir='ltr'><strong>excerpserit</strong></span> <span class='ocrx_word' id='word_1_607' title='bbox 2708 4464 2720 4499; x_wconf 95' lang='lat'>:</span> <span class='ocrx_word' id='word_1_608' title='bbox 2748 4443 3108 4515; x_wconf 86' lang='lat' dir='ltr'><strong>plurimarum</strong></span> <span class='ocrx_word' id='word_1_609' title='bbox 3132 4445 3279 4499; x_wconf 89' lang='lat' dir='ltr'><strong>enim</strong></span> 
     </span>
    </p>
   </div>
   <div class='ocr_carea' id='block_1_90' title="bbox 81 4535 3281 4608">
    <p class='ocr_par' dir='ltr' id='par_1_90' title="bbox 81 4535 3281 4608">
     <span class='ocr_line' id='line_1_90' title="bbox 81 4535 3281 4608; baseline 0.003 -24"><span class='ocrx_word' id='word_1_610' title='bbox 81 4547 214 4590; x_wconf 80' lang='lat' dir='ltr'><strong>rerum</strong></span> <span class='ocrx_word' id='word_1_611' title='bbox 241 4538 454 4594; x_wconf 87' lang='lat' dir='ltr'><strong>scientia</strong></span> <span class='ocrx_word' id='word_1_612' title='bbox 503 4537 710 4601; x_wconf 85' lang='lat' dir='ltr'><strong>ﬂoruit,</strong></span> <span class='ocrx_word' id='word_1_613' title='bbox 762 4535 1222 4607; x_wconf 88' lang='lat' dir='ltr'><strong>quemadmodum</strong></span> <span class='ocrx_word' id='word_1_614' title='bbox 1271 4545 1328 4590; x_wconf 92' lang='lat' dir='ltr'><strong>et</strong></span> <span class='ocrx_word' id='word_1_615' title='bbox 1385 4535 1742 4607; x_wconf 81' lang='lat' dir='ltr'><strong>Pythagoras,</strong></span> <span class='ocrx_word' id='word_1_616' title='bbox 1802 4537 1897 4607; x_wconf 91' lang='lat' dir='ltr'><strong>qui</strong></span> <span class='ocrx_word' id='word_1_617' title='bbox 1955 4545 2010 4592; x_wconf 93' lang='lat' dir='ltr'><strong>et</strong></span> <span class='ocrx_word' id='word_1_618' title='bbox 2043 4537 2160 4607; x_wconf 88' lang='lat' dir='ltr'><strong>ipse</strong></span> <span class='ocrx_word' id='word_1_619' title='bbox 2191 4537 2460 4606; x_wconf 89' lang='lat' dir='ltr'><strong>permulta</strong></span> <span class='ocrx_word' id='word_1_620' title='bbox 2503 4537 2706 4593; x_wconf 89' lang='lat' dir='ltr'><strong>nostris</strong></span> <span class='ocrx_word' id='word_1_621' title='bbox 2739 4552 2770 4592; x_wconf 93' lang='lat' dir='ltr'><strong>e</strong></span> <span class='ocrx_word' id='word_1_622' title='bbox 2799 4537 3009 4608; x_wconf 79' lang='lat' dir='ltr'><strong>legibus</strong></span> <span class='ocrx_word' id='word_1_623' title='bbox 3035 4537 3091 4591; x_wconf 91' lang='lat' dir='ltr'><strong>in</strong></span> <span class='ocrx_word' id='word_1_624' title='bbox 3117 4545 3281 4592; x_wconf 78' lang='lat' dir='ltr'><strong>secta:</strong></span> 
     </span>
    </p>
   </div>
   <div class='ocr_carea' id='block_1_91' title="bbox 80 4630 3281 4705">
    <p class='ocr_par' dir='ltr' id='par_1_91' title="bbox 80 4630 3281 4705">
     <span class='ocr_line' id='line_1_91' title="bbox 80 4630 3281 4705; baseline 0.001 -23"><span class='ocrx_word' id='word_1_625' title='bbox 80 4641 162 4684; x_wconf 73' lang='lat' dir='ltr'><strong>sua:</strong></span> <span class='ocrx_word' id='word_1_626' title='bbox 202 4643 446 4705; x_wconf 63' lang='lat' dir='ltr'><strong>pracepta</strong></span> <span class='ocrx_word' id='word_1_627' title='bbox 501 4634 769 4688; x_wconf 77' lang='lat' dir='ltr'><strong>traduxit.</strong></span> <span class='ocrx_word' id='word_1_628' title='bbox 817 4631 974 4699; x_wconf 84' lang='lat' dir='ltr'><strong>Quod</strong></span> <span class='ocrx_word' id='word_1_629' title='bbox 1017 4640 1198 4687; x_wconf 81' lang='lat' dir='ltr'><strong>autem</strong></span> <span class='ocrx_word' id='word_1_630' title='bbox 1252 4630 1584 4686; x_wconf 89' lang='lat' dir='ltr'><strong>Numenium</strong></span> <span class='ocrx_word' id='word_1_631' title='bbox 1652 4633 2041 4704; x_wconf 91' lang='lat' dir='ltr'><strong>philosophum</strong></span> <span class='ocrx_word' id='word_1_632' title='bbox 2088 4633 2500 4704; x_wconf 83' lang='lat' dir='ltr'><strong>pythagoricum</strong></span> <span class='ocrx_word' id='word_1_633' title='bbox 2563 4633 2775 4699; x_wconf 89' lang='lat' dir='ltr'><strong>attinet,</strong></span> <span class='ocrx_word' id='word_1_634' title='bbox 2826 4632 3102 4701; x_wconf 89' lang='lat' dir='ltr'><strong>ipsissima</strong></span> <span class='ocrx_word' id='word_1_635' title='bbox 3164 4633 3281 4686; x_wconf 80' lang='lat' dir='ltr'><strong>haec</strong></span> 
     </span>
    </p>
   </div>
   <div class='ocr_carea' id='block_1_92' title="bbox 79 4721 3066 4798">
    <p class='ocr_par' dir='ltr' id='par_1_92' title="bbox 79 4721 3066 4798">
     <span class='ocr_line' id='line_1_92' title="bbox 79 4721 3066 4798; baseline 0.002 -24"><span class='ocrx_word' id='word_1_636' title='bbox 79 4721 199 4776; x_wconf 64' lang='lat' dir='ltr'><strong>13b:</strong></span> <span class='ocrx_word' id='word_1_637' title='bbox 223 4725 369 4783; x_wconf 85' lang='lat' dir='ltr'><strong>habet</strong></span> <span class='ocrx_word' id='word_1_638' title='bbox 393 4747 406 4782; x_wconf 89' lang='lat'>:</span> <span class='ocrx_word' id='word_1_639' title='bbox 436 4726 582 4794; x_wconf 84' lang='lat' dir='ltr'><strong>Quid</strong></span> <span class='ocrx_word' id='word_1_640' title='bbox 610 4727 756 4782; x_wconf 86' lang='lat' dir='ltr'><strong>enim</strong></span> <span class='ocrx_word' id='word_1_641' title='bbox 780 4725 926 4781; x_wconf 86' lang='lat' dir='ltr'><strong>aliud</strong></span> <span class='ocrx_word' id='word_1_642' title='bbox 947 4724 1101 4781; x_wconf 89' lang='lat' dir='ltr'><strong>Plato</strong></span> <span class='ocrx_word' id='word_1_643' title='bbox 1123 4735 1204 4781; x_wconf 88' lang='lat' dir='ltr'><strong>est</strong></span> <span class='ocrx_word' id='word_1_644' title='bbox 1233 4742 1394 4797; x_wconf 76' lang='lat' dir='ltr'><strong>quam</strong></span> <span class='ocrx_word' id='word_1_645' title='bbox 1421 4725 1635 4798; x_wconf 75' lang='lat' dir='ltr'><strong>Moyses</strong></span> <span class='ocrx_word' id='word_1_646' title='bbox 1671 4728 1848 4784; x_wconf 88' lang='lat' dir='ltr'><strong>Attica</strong></span> <span class='ocrx_word' id='word_1_647' title='bbox 1881 4728 2063 4798; x_wconf 83' lang='lat' dir='ltr'><strong>lingua</strong></span> <span class='ocrx_word' id='word_1_648' title='bbox 2092 4729 2360 4798; x_wconf 86' lang='lat' dir='ltr'><strong>loquens?</strong></span> <span class='ocrx_word' id='word_1_649' title='bbox 2397 4747 2415 4778; x_wconf 73' lang='grc' dir='ltr'><strong>ι</strong></span> <span class='ocrx_word' id='word_1_650' title='bbox 2452 4727 2628 4797; x_wconf 90' lang='lat' dir='ltr'><strong>Atque</strong></span> <span class='ocrx_word' id='word_1_651' title='bbox 2662 4728 2766 4782; x_wconf 87' lang='lat' dir='ltr'><strong>ista</strong></span> <span class='ocrx_word' id='word_1_652' title='bbox 2795 4726 3066 4781; x_wconf 88' lang='lat' dir='ltr'><strong>Clemens.</strong></span> 
     </span>
    </p>
   </div>
   <div class='ocr_carea' id='block_1_93' title="bbox 554 4837 1064 4892">
    <p class='ocr_par' dir='ltr' id='par_1_93' title="bbox 554 4837 1064 4892">
     <span class='ocr_line' id='line_1_93' title="bbox 554 4837 1064 4892; baseline -0.004 0"><span class='ocrx_word' id='word_1_653' title='bbox 554 4837 951 4892; x_wconf 77' lang='grc' dir='ltr'><strong>ΚΕΦΑΛΑῙΟΝ</strong></span> <span class='ocrx_word' id='word_1_654' title='bbox 993 4839 1064 4891; x_wconf 89' lang='grc' dir='ltr'><strong>Ζ’.</strong></span> 
     </span>
    </p>
   </div>
   <div class='ocr_carea' id='block_1_94' title="bbox 101 4946 1569 5020">
    <p class='ocr_par' dir='ltr' id='par_1_94' title="bbox 101 4946 1569 5020">
     <span class='ocr_line' id='line_1_94' title="bbox 101 4946 1569 5020; baseline 0.005 -23"><span class='ocrx_word' id='word_1_655' title='bbox 101 4946 383 5016; x_wconf 68' lang='lat' dir='ltr'><strong>Novum-[ou</strong></span> <span class='ocrx_word' id='word_1_656' title='bbox 433 4953 541 5007; x_wconf 83' lang='grc' dir='ltr'>τοῦ</span> <span class='ocrx_word' id='word_1_657' title='bbox 591 4950 988 5020; x_wconf 78' lang='grc' dir='ltr'>πυθαγορικοῦ</span> <span class='ocrx_word' id='word_1_658' title='bbox 1037 4954 1378 5020; x_wconf 66' lang='grc' dir='ltr'>φιλοσόφου</span> <span class='ocrx_word' id='word_1_659' title='bbox 1433 4951 1569 5020; x_wconf 74' lang='grc' dir='ltr'>περὶ</span> 
     </span>
    </p>
   </div>
   <div class='ocr_carea' id='block_1_95' title="bbox 192 5020 1447 5091">
    <p class='ocr_par' dir='ltr' id='par_1_95' title="bbox 192 5020 1447 5091">
     <span class='ocr_line' id='line_1_95' title="bbox 192 5020 1447 5091; baseline 0.002 -19"><span class='ocrx_word' id='word_1_660' title='bbox 192 5020 478 5089; x_wconf 77' lang='grc' dir='ltr'>Ἰουδαίων,</span> <span class='ocrx_word' id='word_1_661' title='bbox 508 5021 630 5078; x_wconf 65' lang='grc' dir='ltr'><strong>ἀπὸ</strong></span> <span class='ocrx_word' id='word_1_662' title='bbox 661 5023 764 5076; x_wconf 84' lang='grc' dir='ltr'>τοῦ</span> <span class='ocrx_word' id='word_1_663' title='bbox 787 5028 837 5075; x_wconf 86' lang='grc' dir='ltr'>α’</span> <span class='ocrx_word' id='word_1_664' title='bbox 861 5020 980 5075; x_wconf 80' lang='grc' dir='ltr'>τῶν</span> <span class='ocrx_word' id='word_1_665' title='bbox 1003 5023 1140 5090; x_wconf 81' lang='grc' dir='ltr'>Περὶ</span> <span class='ocrx_word' id='word_1_666' title='bbox 1169 5021 1447 5091; x_wconf 79' lang='grc' dir='ltr'>τάγαθοῦ.</span> 
     </span>
    </p>
   </div>
   <div class='ocr_carea' id='block_1_96' title="bbox 131 5130 1591 5208">
    <p class='ocr_par' dir='ltr' id='par_1_96' title="bbox 131 5130 1591 5208">
     <span class='ocr_line' id='line_1_96' title="bbox 131 5130 1591 5208; baseline 0.008 -27"><span class='ocrx_word' id='word_1_667' title='bbox 131 5130 215 5184; x_wconf 74' lang='grc' dir='ltr'><strong>Καὶ</strong></span> <span class='ocrx_word' id='word_1_668' title='bbox 255 5136 404 5189; x_wconf 81' lang='grc' dir='ltr'>αύτοῦ</span> <span class='ocrx_word' id='word_1_669' title='bbox 455 5137 515 5190; x_wconf 82' lang='grc' dir='ltr'>δὲ</span> <span class='ocrx_word' id='word_1_670' title='bbox 569 5136 662 5189; x_wconf 85' lang='grc' dir='ltr'>τοῦ</span> <span class='ocrx_word' id='word_1_671' title='bbox 708 5135 1074 5208; x_wconf 81' lang='grc' dir='ltr'>πυθαγορικοῦ</span> <span class='ocrx_word' id='word_1_672' title='bbox 1137 5136 1446 5206; x_wconf 69' lang='grc' dir='ltr'>φιλοσόφου,</span> <span class='ocrx_word' id='word_1_673' title='bbox 1495 5136 1591 5192; x_wconf 77' lang='grc' dir='ltr'><strong>τοῦ</strong></span> 
     </span>
    </p>
   </div>
   <div class='ocr_carea' id='block_1_97' title="bbox 82 5217 1626 5300">
    <p class='ocr_par' dir='ltr' id='par_1_97' title="bbox 82 5217 1626 5300">
     <span class='ocr_line' id='line_1_97' title="bbox 82 5217 1626 5300; baseline 0.009 -30"><span class='ocrx_word' id='word_1_674' title='bbox 82 5217 325 5293; x_wconf 68' lang='grc' dir='ltr'>Νωμηνίου</span> <span class='ocrx_word' id='word_1_675' title='bbox 370 5229 533 5297; x_wconf 85' lang='grc' dir='ltr'>λέγω,</span> <span class='ocrx_word' id='word_1_676' title='bbox 589 5229 698 5282; x_wconf 82' lang='grc' dir='ltr'><strong>ἀπὸ</strong></span> <span class='ocrx_word' id='word_1_677' title='bbox 750 5228 844 5281; x_wconf 76' lang='grc' dir='ltr'>τοῦ</span> <span class='ocrx_word' id='word_1_678' title='bbox 887 5228 1102 5300; x_wconf 83' lang='grc' dir='ltr'>πρώτου</span> <span class='ocrx_word' id='word_1_679' title='bbox 1145 5229 1285 5297; x_wconf 81' lang='grc' dir='ltr'>Περί</span> <span class='ocrx_word' id='word_1_680' title='bbox 1335 5229 1626 5299; x_wconf 49' lang='grc' dir='ltr'>τάγαθοῦ,</span> 
     </span>
    </p>
   </div>
   <div class='ocr_carea' id='block_1_98' title="bbox 85 5312 1590 5393">
    <p class='ocr_par' dir='ltr' id='par_1_98' title="bbox 85 5312 1590 5393">
     <span class='ocr_line' id='line_1_98' title="bbox 85 5312 1590 5393; baseline 0.008 -29"><span class='ocrx_word' id='word_1_681' title='bbox 198 5320 591 5392; x_wconf 64' lang='grc' dir='ltr'>παραθήσομαγ</span> <span class='ocrx_word' id='word_1_682' title='bbox 617 5340 635 5371; x_wconf 79' lang='grc' dir='ltr'><strong>ι</strong></span> <span class='ocrx_word' id='word_1_683' title='bbox 661 5323 754 5385; x_wconf 85' lang='grc' dir='ltr'><strong>Εἰς</strong></span> <span class='ocrx_word' id='word_1_684' title='bbox 768 5323 825 5375; x_wconf 86' lang='grc' dir='ltr'>δὲ</span> <span class='ocrx_word' id='word_1_685' title='bbox 851 5323 1008 5374; x_wconf 77' lang='grc' dir='ltr'>τοῦτο</span> <span class='ocrx_word' id='word_1_686' title='bbox 1022 5322 1223 5393; x_wconf 87' lang='grc' dir='ltr'>δεήσει,</span> <span class='ocrx_word' id='word_1_687' title='bbox 1249 5322 1470 5376; x_wconf 86' lang='grc' dir='ltr'>εἰπόντα</span> <span class='ocrx_word' id='word_1_688' title='bbox 1499 5322 1590 5376; x_wconf 81' lang='grc' dir='ltr'><strong>καὶ</strong></span> 
     </span>
    </p>
   </div>
   <div class='ocr_carea' id='block_1_99' title="bbox 87 5407 1588 5485">
    <p class='ocr_par' dir='ltr' id='par_1_99' title="bbox 87 5407 1588 5485">
     <span class='ocr_line' id='line_1_99' title="bbox 87 5407 1588 5485; baseline 0.004 -25"><span class='ocrx_word' id='word_1_689' title='bbox 87 5407 395 5477; x_wconf 48' lang='grc' dir='ltr'>ἢμηνάμενον</span> <span class='ocrx_word' id='word_1_690' title='bbox 425 5415 544 5475; x_wconf 78' lang='grc' dir='ltr'>ταῖς</span> <span class='ocrx_word' id='word_1_691' title='bbox 595 5413 918 5485; x_wconf 81' lang='grc' dir='ltr'>μαρτυρίαις</span> <span class='ocrx_word' id='word_1_692' title='bbox 958 5412 1052 5465; x_wconf 78' lang='grc' dir='ltr'>τοῦ</span> <span class='ocrx_word' id='word_1_693' title='bbox 1103 5413 1406 5478; x_wconf 85' lang='grc' dir='ltr'>Πλάτωνος,</span> <span class='ocrx_word' id='word_1_694' title='bbox 1457 5415 1588 5467; x_wconf 86' lang='grc' dir='ltr'>ἀνα-</span> 
     </span>
    </p>
   </div>
   <div class='ocr_carea' id='block_1_100' title="bbox 135 5579 1582 5663">
    <p class='ocr_par' dir='ltr' id='par_1_100' title="bbox 135 5579 1582 5663">
     <span class='ocr_line' id='line_1_100' title="bbox 135 5579 1582 5663; baseline 0.008 -27"><span class='ocrx_word' id='word_1_695' title='bbox 135 5579 550 5663; x_wconf 43' lang='grc' dir='ltr'><strong>ίῧλκλέιιρχος.</strong></span> <span class='ocrx_word' id='word_1_696' title='bbox 599 5589 848 5647; x_wconf 86' lang='lat' dir='ltr'><strong>Clemens</strong></span> <span class='ocrx_word' id='word_1_697' title='bbox 903 5592 1019 5648; x_wconf 68' lang='lat' dir='ltr'><strong>haec</strong></span> <span class='ocrx_word' id='word_1_698' title='bbox 1067 5593 1228 5648; x_wconf 86' lang='lat' dir='ltr'><strong>habet</strong></span> <span class='ocrx_word' id='word_1_699' title='bbox 1274 5609 1394 5663; x_wconf 72' lang='lat' dir='ltr'><strong>pag.</strong></span> <span class='ocrx_word' id='word_1_700' title='bbox 1457 5594 1582 5658; x_wconf 69' lang='lat'><strong>29.5,</strong></span> 
     </span>
    </p>
   </div>
   <div class='ocr_carea' id='block_1_101' title="bbox 88 5646 522 5714">
    <p class='ocr_par' dir='ltr' id='par_1_101' title="bbox 88 5646 522 5714">
     <span class='ocr_line' id='line_1_101' title="bbox 88 5646 522 5714; baseline 0.044 -19"><span class='ocrx_word' id='word_1_701' title='bbox 88 5646 181 5702; x_wconf 74' lang='lat' dir='ltr'><strong>edit.</strong></span> <span class='ocrx_word' id='word_1_702' title='bbox 207 5646 522 5714; x_wconf 45' lang='lat' dir='ltr'><strong>Graecoll&#39;fat:</strong></span> 
     </span>
    </p>
   </div>
   <div class='ocr_carea' id='block_1_102' title="bbox 131 5719 1581 5798">
    <p class='ocr_par' dir='ltr' id='par_1_102' title="bbox 131 5719 1581 5798">
     <span class='ocr_line' id='line_1_102' title="bbox 131 5719 1581 5798; baseline 0.004 -19"><span class='ocrx_word' id='word_1_703' title='bbox 131 5719 480 5798; x_wconf 39' lang='grc' dir='ltr'>,εὕωξὶδέναα</span> <span class='ocrx_word' id='word_1_704' title='bbox 531 5729 761 5786; x_wconf 88' lang='lat' dir='ltr'><strong>Dubium</strong></span> <span class='ocrx_word' id='word_1_705' title='bbox 810 5741 910 5798; x_wconf 88' lang='lat' dir='ltr'><strong>est,</strong></span> <span class='ocrx_word' id='word_1_706' title='bbox 982 5749 1176 5789; x_wconf 88' lang='lat' dir='ltr'><strong>eumne</strong></span> <span class='ocrx_word' id='word_1_707' title='bbox 1253 5734 1352 5788; x_wconf 87' lang='lat' dir='ltr'><strong>sibi</strong></span> <span class='ocrx_word' id='word_1_708' title='bbox 1406 5735 1581 5788; x_wconf 79' lang='lat' dir='ltr'><strong>visum</strong></span> 
     </span>
    </p>
   </div>
   <div class='ocr_carea' id='block_1_103' title="bbox 86 5783 1132 5874">
    <p class='ocr_par' dir='ltr' id='par_1_103' title="bbox 86 5783 1132 5874">
     <span class='ocr_line' id='line_1_103' title="bbox 86 5783 1132 5874; baseline 0.012 -28"><span class='ocrx_word' id='word_1_709' title='bbox 86 5783 215 5846; x_wconf 57' lang='lat' dir='ltr'><strong>fuisse</strong></span> <span class='ocrx_word' id='word_1_710' title='bbox 237 5796 381 5867; x_wconf 87' lang='lat' dir='ltr'><strong>dicat,</strong></span> <span class='ocrx_word' id='word_1_711' title='bbox 411 5811 505 5854; x_wconf 86' lang='lat' dir='ltr'><strong>aut</strong></span> <span class='ocrx_word' id='word_1_712' title='bbox 537 5783 1132 5874; x_wconf 56' lang='grc' dir='ltr'><strong>ωέοιῖάίιεῖὸξηεἰἶιῆἷζ</strong></span> 
     </span>
    </p>
   </div>
   <div class='ocr_carea' id='block_1_104' title="bbox 2292 4839 2674 4896">
    <p class='ocr_par' dir='ltr' id='par_1_104' title="bbox 2292 4839 2674 4896">
     <span class='ocr_line' id='line_1_104' title="bbox 2292 4839 2674 4896; baseline 0 -1"><span class='ocrx_word' id='word_1_713' title='bbox 2292 4839 2522 4896; x_wconf 78' lang='lat' dir='ltr'><strong>CAPUT</strong></span> <span class='ocrx_word' id='word_1_714' title='bbox 2563 4840 2674 4895; x_wconf 84' lang='lat' dir='ltr'><strong>VII.</strong></span> 
     </span>
    </p>
   </div>
   <div class='ocr_carea' id='block_1_105' title="bbox 1698 4951 3274 5025">
    <p class='ocr_par' dir='ltr' id='par_1_105' title="bbox 1698 4951 3274 5025">
     <span class='ocr_line' id='line_1_105' title="bbox 1698 4951 3274 5025; baseline 0.002 -18"><span class='ocrx_word' id='word_1_715' title='bbox 1698 4951 1773 5007; x_wconf 82' lang='lat' dir='ltr'><strong>De</strong></span> <span class='ocrx_word' id='word_1_716' title='bbox 1802 4951 2030 5019; x_wconf 74' lang='lat' dir='ltr'><strong>Judwis,</strong></span> <span class='ocrx_word' id='word_1_717' title='bbox 2064 4970 2128 5007; x_wconf 80' lang='lat' dir='ltr'><strong>ea:</strong></span> <span class='ocrx_word' id='word_1_718' title='bbox 2161 4953 2414 5007; x_wconf 82' lang='lat' dir='ltr'><strong>Numenii</strong></span> <span class='ocrx_word' id='word_1_719' title='bbox 2447 4955 2742 5024; x_wconf 80' lang='lat' dir='ltr'><strong>philosophi</strong></span> <span class='ocrx_word' id='word_1_720' title='bbox 2767 4957 3093 5025; x_wconf 71' lang='lat' dir='ltr'><strong>pytlmgorwt’</strong></span> <span class='ocrx_word' id='word_1_721' title='bbox 3139 4955 3274 5010; x_wconf 78' lang='lat' dir='ltr'><strong>libro</strong></span> 
     </span>
    </p>
   </div>
   <div class='ocr_carea' id='block_1_106' title="bbox 2221 5025 2697 5092">
    <p class='ocr_par' dir='ltr' id='par_1_106' title="bbox 2221 5025 2697 5092">
     <span class='ocr_line' id='line_1_106' title="bbox 2221 5025 2697 5092; baseline 0.011 -17"><span class='ocrx_word' id='word_1_722' title='bbox 2221 5025 2392 5092; x_wconf 81' lang='lat' dir='ltr'><strong>primo</strong></span> <span class='ocrx_word' id='word_1_723' title='bbox 2425 5025 2502 5079; x_wconf 83' lang='lat' dir='ltr'><strong>De</strong></span> <span class='ocrx_word' id='word_1_724' title='bbox 2545 5027 2697 5080; x_wconf 85' lang='lat' dir='ltr'><strong>bona.</strong></span> 
     </span>
    </p>
   </div>
   <div class='ocr_carea' id='block_1_107' title="bbox 1771 5138 3320 5210">
    <p class='ocr_par' dir='ltr' id='par_1_107' title="bbox 1771 5138 3320 5210">
     <span class='ocr_line' id='line_1_107' title="bbox 1771 5138 3320 5210; baseline 0.003 -18"><span class='ocrx_word' id='word_1_725' title='bbox 1771 5138 1925 5194; x_wconf 79' lang='lat' dir='ltr'><strong>Libet</strong></span> <span class='ocrx_word' id='word_1_726' title='bbox 1946 5148 2126 5194; x_wconf 90' lang='lat' dir='ltr'><strong>autem</strong></span> <span class='ocrx_word' id='word_1_727' title='bbox 2148 5155 2214 5194; x_wconf 81' lang='lat' dir='ltr'><strong>ex</strong></span> <span class='ocrx_word' id='word_1_728' title='bbox 2249 5141 2426 5210; x_wconf 91' lang='lat' dir='ltr'><strong>primo</strong></span> <span class='ocrx_word' id='word_1_729' title='bbox 2452 5140 2697 5210; x_wconf 88' lang='lat' dir='ltr'><strong>ejusdem</strong></span> <span class='ocrx_word' id='word_1_730' title='bbox 2733 5138 2985 5195; x_wconf 89' lang='lat' dir='ltr'><strong>Numenii</strong></span> <span class='ocrx_word' id='word_1_731' title='bbox 3008 5139 3086 5194; x_wconf 77' lang='lat' dir='ltr'><strong>De</strong></span> <span class='ocrx_word' id='word_1_732' title='bbox 3115 5141 3268 5207; x_wconf 72' lang='lat' dir='ltr'><strong>bona,</strong></span> <span class='ocrx_word' id='word_1_733' title='bbox 3315 5159 3320 5163; x_wconf 76' lang='lat'><strong><em>&#39;</em></strong></span> 
     </span>
    </p>
   </div>
   <div class='ocr_carea' id='block_1_108' title="bbox 1695 5231 3273 5303">
    <p class='ocr_par' dir='ltr' id='par_1_108' title="bbox 1695 5231 3273 5303">
     <span class='ocr_line' id='line_1_108' title="bbox 1695 5231 3273 5303; baseline 0 -15"><span class='ocrx_word' id='word_1_734' title='bbox 1695 5231 1844 5288; x_wconf 85' lang='lat' dir='ltr'><strong>hunc</strong></span> <span class='ocrx_word' id='word_1_735' title='bbox 1874 5243 2132 5303; x_wconf 69' lang='lat' dir='ltr'><strong>praeterea</strong></span> <span class='ocrx_word' id='word_1_736' title='bbox 2164 5232 2346 5287; x_wconf 90' lang='lat' dir='ltr'><strong>locum</strong></span> <span class='ocrx_word' id='word_1_737' title='bbox 2375 5233 2648 5302; x_wconf 86' lang='lat' dir='ltr'><strong>subjicere</strong></span> <span class='ocrx_word' id='word_1_738' title='bbox 2678 5249 2693 5285; x_wconf 91' lang='lat'><strong>:</strong></span> <span class='ocrx_word' id='word_1_739' title='bbox 2734 5251 2753 5284; x_wconf 81' lang='grc' dir='ltr'><strong>ι</strong></span> <span class='ocrx_word' id='word_1_740' title='bbox 2808 5231 2914 5298; x_wconf 88' lang='lat' dir='ltr'><strong>Qui</strong></span> <span class='ocrx_word' id='word_1_741' title='bbox 2973 5232 3136 5297; x_wconf 87' lang='lat' dir='ltr'><strong>hanc,</strong></span> <span class='ocrx_word' id='word_1_742' title='bbox 3189 5234 3273 5288; x_wconf 88' lang='lat' dir='ltr'><strong>in-</strong></span> 
     </span>
    </p>
   </div>
   <div class='ocr_carea' id='block_1_109' title="bbox 1696 5323 3271 5396">
    <p class='ocr_par' dir='ltr' id='par_1_109' title="bbox 1696 5323 3271 5396">
     <span class='ocr_line' id='line_1_109' title="bbox 1696 5323 3271 5396; baseline -0.001 -14"><span class='ocrx_word' id='word_1_743' title='bbox 1696 5326 1836 5396; x_wconf 89' lang='lat' dir='ltr'><strong>quit,</strong></span> <span class='ocrx_word' id='word_1_744' title='bbox 1863 5325 1918 5380; x_wconf 92' lang='lat' dir='ltr'><strong>in</strong></span> <span class='ocrx_word' id='word_1_745' title='bbox 1944 5325 2368 5396; x_wconf 88' lang='lat' dir='ltr'><strong>disputationem</strong></span> <span class='ocrx_word' id='word_1_746' title='bbox 2413 5326 2695 5394; x_wconf 90' lang='lat' dir='ltr'><strong>ingressus</strong></span> <span class='ocrx_word' id='word_1_747' title='bbox 2745 5323 2990 5380; x_wconf 88' lang='lat' dir='ltr'><strong>Platonis</strong></span> <span class='ocrx_word' id='word_1_748' title='bbox 3033 5341 3154 5380; x_wconf 90' lang='lat' dir='ltr'><strong>eam</strong></span> <span class='ocrx_word' id='word_1_749' title='bbox 3193 5336 3271 5381; x_wconf 89' lang='lat' dir='ltr'><strong>te-</strong></span> 
     </span>
    </p>
   </div>
   <div class='ocr_carea' id='block_1_110' title="bbox 1695 5415 3270 5487">
    <p class='ocr_par' dir='ltr' id='par_1_110' title="bbox 1695 5415 3270 5487">
     <span class='ocr_line' id='line_1_110' title="bbox 1695 5415 3270 5487; baseline -0.001 -15"><span class='ocrx_word' id='word_1_750' title='bbox 1695 5417 1970 5472; x_wconf 85' lang='lat' dir='ltr'><strong>stimoniis</strong></span> <span class='ocrx_word' id='word_1_751' title='bbox 1998 5417 2321 5487; x_wconf 85' lang='lat' dir='ltr'><strong>obsignarit,</strong></span> <span class='ocrx_word' id='word_1_752' title='bbox 2354 5415 2600 5470; x_wconf 88' lang='lat' dir='ltr'><strong>eamdem</strong></span> <span class='ocrx_word' id='word_1_753' title='bbox 2632 5415 2702 5469; x_wconf 88' lang='lat' dir='ltr'><strong>ab</strong></span> <span class='ocrx_word' id='word_1_754' title='bbox 2736 5415 2855 5485; x_wconf 91' lang='lat' dir='ltr'><strong>ipso</strong></span> <span class='ocrx_word' id='word_1_755' title='bbox 2909 5430 3130 5486; x_wconf 89' lang='lat' dir='ltr'><strong>quoque</strong></span> <span class='ocrx_word' id='word_1_756' title='bbox 3177 5434 3270 5471; x_wconf 86' lang='lat' dir='ltr'><strong>su-</strong></span> 
     </span>
    </p>
   </div>
   <div class='ocr_carea' id='block_1_111' title="bbox 1764 5593 3267 5670">
    <p class='ocr_par' dir='ltr' id='par_1_111' title="bbox 1764 5593 3267 5670">
     <span class='ocr_line' id='line_1_111' title="bbox 1764 5593 3267 5670; baseline 0.002 -19"><span class='ocrx_word' id='word_1_757' title='bbox 1764 5597 1876 5665; x_wconf 89' lang='lat'><strong>(87)</strong></span> <span class='ocrx_word' id='word_1_758' title='bbox 1909 5597 2303 5670; x_wconf 71' lang='grc' dir='ltr'>Πυθοιτόρειος</span> <span class='ocrx_word' id='word_1_759' title='bbox 2329 5595 2442 5665; x_wconf 81' lang='grc' dir='ltr'>μὲν</span> <span class='ocrx_word' id='word_1_760' title='bbox 2465 5593 2560 5670; x_wconf 65' lang='grc' dir='ltr'><strong>ἦν.</strong></span> <span class='ocrx_word' id='word_1_761' title='bbox 2586 5595 2844 5651; x_wconf 83' lang='lat' dir='ltr'><strong>Immanis</strong></span> <span class='ocrx_word' id='word_1_762' title='bbox 2870 5597 2935 5652; x_wconf 88' lang='lat' dir='ltr'><strong>de</strong></span> <span class='ocrx_word' id='word_1_763' title='bbox 2960 5596 3267 5670; x_wconf 76' lang='lat' dir='ltr'><strong>Pythagora</strong></span> 
     </span>
    </p>
   </div>
   <div class='ocr_carea' id='block_1_112' title="bbox 1697 5668 3268 5739">
    <p class='ocr_par' dir='ltr' id='par_1_112' title="bbox 1697 5668 3268 5739">
     <span class='ocr_line' id='line_1_112' title="bbox 1697 5668 3268 5739; baseline 0.003 -20"><span class='ocrx_word' id='word_1_764' title='bbox 1697 5668 2130 5739; x_wconf 57' lang='lat' dir='ltr'><strong>upoxpova6;_,</strong></span> <span class='ocrx_word' id='word_1_765' title='bbox 2182 5670 2232 5721; x_wconf 91' lang='lat' dir='ltr'><strong>in</strong></span> <span class='ocrx_word' id='word_1_766' title='bbox 2291 5684 2398 5735; x_wconf 84' lang='lat' dir='ltr'><strong>quo</strong></span> <span class='ocrx_word' id='word_1_767' title='bbox 2454 5669 2649 5739; x_wconf 81' lang='lat' dir='ltr'><strong>mirum</strong></span> <span class='ocrx_word' id='word_1_768' title='bbox 2697 5677 2778 5721; x_wconf 87' lang='lat' dir='ltr'><strong>est</strong></span> <span class='ocrx_word' id='word_1_769' title='bbox 2823 5670 2983 5721; x_wconf 83' lang='lat' dir='ltr'><strong>etiam</strong></span> <span class='ocrx_word' id='word_1_770' title='bbox 3045 5668 3268 5723; x_wconf 67' lang='lat' dir='ltr'><strong>ltmsissc</strong></span> 
     </span>
    </p>
   </div>
   <div class='ocr_carea' id='block_1_113' title="bbox 1693 5736 3262 5794">
    <p class='ocr_par' dir='ltr' id='par_1_113' title="bbox 1693 5736 3262 5794">
     <span class='ocr_line' id='line_1_113' title="bbox 1693 5736 3262 5794; baseline 0.002 -3"><span class='ocrx_word' id='word_1_771' title='bbox 1693 5736 2044 5794; x_wconf 36' lang='lat' dir='ltr'><strong>Cletti&#39;enleni.</strong></span> <span class='ocrx_word' id='word_1_772' title='bbox 2087 5736 2156 5792; x_wconf 78' lang='lat' dir='ltr'><strong>De</strong></span> <span class='ocrx_word' id='word_1_773' title='bbox 2193 5740 2290 5792; x_wconf 88' lang='lat' dir='ltr'><strong>hoc</strong></span> <span class='ocrx_word' id='word_1_774' title='bbox 2326 5747 2377 5790; x_wconf 83' lang='lat' dir='ltr'><strong>et</strong></span> <span class='ocrx_word' id='word_1_775' title='bbox 2402 5737 2671 5794; x_wconf 86' lang='lat' dir='ltr'><strong>similibus</strong></span> <span class='ocrx_word' id='word_1_776' title='bbox 2702 5739 2793 5793; x_wconf 87' lang='lat' dir='ltr'><strong>lib.</strong></span> <span class='ocrx_word' id='word_1_777' title='bbox 2833 5755 2869 5792; x_wconf 67' lang='grc' dir='ltr'>χ,</span> <span class='ocrx_word' id='word_1_778' title='bbox 2900 5740 3262 5794; x_wconf 82' lang='lat' dir='ltr'><strong>commodius.</strong></span> 
     </span>
    </p>
   </div>
  </div>
