3838 6384
534 334 638 388 Ὴὲ

1207 327 1478 386 EUSEBll
1518 319 2002 382 CESARlENSlS
2040 317 2188 373 OPP.
2228 315 2410 371 PARS
2450 313 2512 368 ΙΙ.
2556 272 3055 370 APOL'OGETlCA‘.
3632 323 3707 378 τις

534 449 687 503 Liam
738 456 791 502 et
847 444 1135 501 Raclielem
1195 445 1438 509 duxisse,
1487 444 1629 497 circa
1679 455 1880 495 annum
1930 436 2103 492 aetatis

2217 432 2442 502 Ῥουῦήν
2461 448 2473 460 ·
2508 432 2597 485 xui.
2621 431 2698 500 τῷ
2728 431 2837 484 ἔτει
2872 431 2927 484 δὲ
2954 430 3035 501 τῷ
3057 431 3283 501 ὲννάτῳ,
3303 434 3422 503 μηνὶ
3447 434 3609 506 ὀγδόῳ,
3635 441 3712 493 Συ.

530 547 787 611 quartum
842 548 893 593 et
925 537 1345 608 octogesimum,
1378 536 1721 604 aliorumque
1762 541 1968 601 septem
2002 544 2099 583 an-

530 647 727 688 norum
756 631 932 700 spatio
955 631 1156 684 liberos
1186 628 1495 696 suscepisse
1526 625 1751 679 omnino
1790 622 2099 678 duodecim.

530 724 742 795 Quippe
801 721 976 777 octavi
1026 721 1151 776 anni
1203 735 1393 774 mense
1440 718 1653 773 decimo
1687 716 1973 771 Rubenum
2009 730 2103 782 ge-

532 817 742 875 nuisse.
778 815 907 869 noni
945 824 1138 869 octavo
1178 812 1531 883 Symeonem,
1564 810 1759 865 decimi
1796 817 1949 862 sexto
2002 806 2105 859 Le-

531 912 743 971 vinum,
784 908 1057 962 undecimi
1108 915 1303 977 quarto
1346 904 1565 959 Judam.
1603 902 1742 957 Tum
1772 916 1902 955 vero
1932 916 1960 954 a
1993 898 2103 953 Ra—

532 1002 705 1063 cliele,
740 1001 885 1070 quod
914 1002 1115 1055 sterilis
1159 1008 1322 1063 esset,
1361 996 1609 1051 muliebri
1658 996 1919 1049 adversus
1953 1007 2105 1047 soro-

534 1109 645 1147 rem
682 1092 882 1146 invidia
917 1091 1201 1160 ﬂagrante,
1236 1088 1493 1159 Zelpham
1519 1087 1773 1141 ancillam
1827 1086 1880 1138 in
1916 1083 2104 1138 Jacobi

532 1184 729 1239 lectum
749 1184 941 1238 eodem
965 1193 1206 1253 tempore
1234 1182 1563 1236 submissam
1593 1180 1781 1243 fuisse,
1806 1194 1917 1248 quo
1940 1178 2104 1232 etiam

532 1274 677 1328 Balla
724 1272 1165 1343 Nephtbalimum
1220 1271 1554 1340 conceperit,
1603 1271 1732 1325 anni
1765 1270 1977 1324 scilicet
2006 1284 2109 1322 un-

532 1366 729 1421 decimi
762 1382 950 1420 mense
976 1365 1191 1435 quinto,
1224 1380 1287 1419 ac
1321 1363 1628 1419 uuodecimi
1660 1362 1903 1417 secundo
1932 1362 2105 1415 lilium

532 1460 825 1529 peperisse,
883 1474 1042 1526 quem
1078 1456 1314 1511 Gatlium
1347 1457 1443 1511 Lia
1481 1456 1813 1522 nominarit;
1850 1455 2110 1509 alterum-

529 1566 637 1621 que
671 1551 927 1619 deinceps
958 1549 1203 1619 ejusdem
1239 1550 1366 1602 anni
1409 1564 1595 1602 mense
1642 1547 1986 1613 duodecimo,
2020 1546 2107 1601 cui

529 1643 717 1697 Aseris
779 1658 981 1696 nomen
1031 1643 1219 1696 eadem
1273 1639 1367 1695 Lia
1424 1640 1651 1695 dederit.
1704 1639 1943 1693 Rursum
1978 1654 2109 1693 vero

531 1734 682 1788 Liam
714 1750 812 1801 pro
845 1734 1220 1802 mandragorae
1248 1732 1444 1803 pomis,
1470 1748 1591 1803 qua:
1623 1730 1884 1787 Rubenus
1908 1732 1972 1785 ad
1997 1729 2105 1785 Ra-

2208 526 2351 597 μεών
2370 542 2383 555 ⁸
2416 526 2509 578 καὶ
2530 524 2608 595 τῷ
2637 524 2745 577 ἔτει
2774 524 2831 577 δὲ
2856 524 2935 595 τῷ
2968 524 3200 595 δεκάτῳ,
3228 525 3358 595 μηνὶ
3386 526 3532 599 ἕκτῳ,
3560 532 3710 583 Λευῖν·

2202 616 2282 688 τῷ
2308 617 2365 670 δὲ
2399 617 2668 687 ἑνδεκάτῳ
2715 616 2846 679 ἔτει,
2900 617 3032 688 μηνὶ
3074 617 3339 687 τετάρτῳ,
3379 618 3581 673 Ἰούδαν·
3618 622 3717 677 Ῥα-

2204 711 2307 782 χὴλ
2334 728 2392 762 τε
2430 709 2502 781 μὴ
2540 711 2825 763 τίκτουσαν
2857 703 3094 779 ζηλῶσαι
3136 710 3235 781 τὴν
3264 709 3503 782 ἀδελφὴνν
3530 715 3609 767 καὶ
3636 733 3717 769 πα·

2210 804 2521 874 ρακοιμίσαι
2565 802 2641 873 τῷ
2686 801 2877 855 Ἰακὼϐ
2928 802 3026 873 τὴν
3073 802 3272 872 ἑαυτῆς
3318 804 3579 877 παιδίσκην
3622 809 3721 861 Ζελ-

2206 895 2312 963 φὰν
2345 894 2476 965 (45),
2517 894 2596 965 τῷ
2630 894 2779 964 αὐτῷ
2825 894 3021 965 χρόνῳ,
3056 888 3101 962 ᾧ
3134 896 3228 948 xui.
3265 894 3469 948 Βάλλαν
3498 898 3722 953 συλλαϐεῖν

2204 988 2295 1039 τὸν
2339 986 2655 1056 Νεφθαλείμ
2681 986 2814 1056 (46),
2850 986 2927 1056 τῷ
2983 987 3253 1060 ἑνδεκάτῳ
3297 987 3423 1051 ἑτει,
3461 991 3574 1061 μηνὶ
3616 992 3723 1063 πέμο

2205 1093 2343 1147 πτῳ,
2364 1079 2457 1130 καὶ
2479 1080 2657 1130 τεκεῖν
2687 1076 2765 1147 τῷ
2788 1077 3073 1147 δωδεκάτῳ
3093 1077 3223 1141 ἔτει,
3238 1077 3469 1150 δευτέρῳ
3495 1083 3723 1151 μηνὶυὶὸν,

2205 1169 2265 1221 ὃν
2308 1170 2413 1222 ὑπὸ
2445 1170 2610 1233 Λείας
2641 1169 2749 1223 Γὰθ
2779 1168 3165 1241 ὀνομασθῆναι.
3207 1172 3317 1224 Καὶ
3362 1172 3425 1224 ὲκ
3466 1173 3555 1243 τῆς
3577 1177 3725 1246 αὐτῆς,

2206 1260 2299 1313 τοῦ
2324 1260 2487 1314 αὐτοῦ
2512 1261 2685 1325 ἔτους,
2712 1260 2806 1314 xui.
2840 1260 3006 1331 μηνὸς
3032 1261 3357 1327 δωδεκάτου,
3375 1263 3546 1334 ἕτερον
3570 1272 3725 1331 τεκεῖν,

2206 1354 2264 1407 ὃν
2296 1354 2389 1407 καὶ
2420 1354 2580 1407 αὑτὸν
2614 1353 3119 1425 προσαγορευθῆναι
3144 1354 3248 1407 ὑπὸ
3271 1357 3433 1420 Λείας
3468 1358 3727 1430 Ἀσήρ.Καὶ

2208 1447 2371 1500 Λείαν
2424 1446 2584 1500 πάλιν
2635 1448 2755 1500 ἀντὶ
2802 1446 2911 1500 τῶν
2960 1446 3143 1517 μήλων
3173 1447 3283 1499 τῶν
3320 1449 3672 1522 μανδραγόρου,
3703 1452 3730 1505 ἃ

2220 1538 2447 1610 Ῥουϐὴν
2495 1540 2830 1607 εἰσενεγκεῖν
2866 1538 3017 1609 παρὰ
3072 1538 3307 1609 Ῥαχήλ·
3354 1540 3609 1595 συλλαϐεῖν
3646 1542 3729 1613 (Π)

2210 1631 2305 1683 καὶ
2330 1632 2430 1702 τὴν
2476 1631 2769 1701 παιδίσκην
2805 1631 3014 1700 Ζελφὰν
3046 1628 3125 1699 τῷ
3154 1629 3301 1699 αὐτῷ
3326 1633 3515 1704 χρόνῳ,

2210 1725 2359 1795 κάτῳ
2396 1724 2527 1789 ἔτει,
2570 1725 2699 1795 μηνὶ
2740 1724 2927 1795 τρίτῳ,
2954 1724 3048 1777 xui.
3080 1729 3259 1779 τεκεῖν
3291 1726 3389 1779 τοῦ
3424 1727 3574 1780 αὐτοῦ
3598 1728 3731 1791 ἔτους,

530 1828 738 1883 clielem
779 1828 1058 1893 attulerat,
1090 1828 1393 1897 eodemque
1424 1836 1664 1896 tempore
1701 1823 1959 1896 Zelpliam
2000 1839 2098 1877 an-

2211 1818 2376 1889 μηνὸς
2403 1817 2727 1885 δωδεκάτου,
2746 1820 2880 1882 υἱὸν,
2908 1820 3002 1873 xui.
3033 1821 3202 1893 ὄνομα
3237 1821 3389 1892 αὑτῷ
3415 1822 3586 1876 θέσθαι
3611 1824 3735 1878 Ἰσσα-

532 1918 734 1983 cillam,
767 1918 873 1973 hoc
910 1928 993 1973 est
1019 1918 1147 1971 anni
1181 1916 1487 1971 duodecimi
1524 1929 1712 1969 mense
1746 1914 1904 1969 tertio
1934 1913 2103 1967 ﬁlium

532 2012 869 2082 concepisse,
904 2011 1260 2080 ejusdemque
1304 2007 1430 2062 anni
1464 2006 1787 2061 duodecimo
1832 2006 2103 2077 genuisse,

529 2121 689 2175 quem
739 2104 1075 2159 lssacliarem
1120 2102 1471 2170 nuncuparit.
1508 2100 1687 2168 Atque
1719 2098 1915 2152 iterum
1952 2097 2104 2152 Liam

529 2198 724 2253 decimi
752 2199 896 2251 tertii
930 2197 1144 2251 decimo
1170 2195 1401 2249 alterum
1434 2192 1744 2261 suscepisse
1771 2192 1989 2246 nomine
2009 2192 2108 2245 Za-

530 2292 821 2356 bulonem;
854 2291 1162 2358 iterumque
1186 2286 1383 2341 decimi
1428 2287 1607 2356 quarti
1650 2294 1846 2340 octavo
1893 2284 2106 2339 Danum

536 2383 834 2454 peperisse.
870 2382 1162 2436 Kaclielem
1196 2394 1348 2444 vero,
1379 2394 1549 2449 quum
1580 2380 1771 2433 eodem
1810 2376 1922 2432 fere
1970 2390 2107 2433 tem—

2209 1926 2332 1980 χαρ.
2360 1910 2471 1962 Καὶ
2518 1910 2678 1963 πάλιν
2725 1910 2890 1963 Λείαν
2922 1910 3001 1981 τῷ
3033 1912 3465 1983 τρισκαιδεκάτῳ
3494 1914 3609 1977 ἔτει,
3638 1915 3735 1983 μηνὶ

2207 2003 2436 2073 δεκάτῳ,
2486 2004 2599 2055 υἱὸν
2650 2003 2805 2057 ἄλλον
2839 2008 3040 2067 τεκεῖν,
3075 1998 3119 2072 ᾧ
3154 2005 3325 2076 ὄνομα
3367 2006 3640 2068 Ζαϐουλὼν,
3670 2007 3737 2060 καὶ

2207 2098 2305 2167 τὴν
2341 2097 2509 2168 αὐτὴν
2553 2096 2630 2167 τῷ
2658 2098 3235 2169 τεσσαρεσκαιδεκάτιε)
3268 2099 3401 2163 ἔτει,
3440 2101 3558 2171 μηνί
3589 2100 3734 2169 ὀγδόῳ.

2207 2192 2387 2241 τεκεῖν
2401 2188 2516 2241 υἱὸν
2542 2189 2711 2259 ὄνομα
2733 2188 2839 2241 Δάν
2864 2189 2997 2259 (48)·
3024 2190 3083 2241 ὲν
3100 2183 3145 2257 ᾧ
3164 2191 3260 2242 καὶ
3290 2192 3491 2261 Ῥαχὴλ
3516 2191 3670 2244 λαϐεῖν
3695 2193 3738 2242 ὲν

2209 2280 2405 2348 γαστρὶ
2427 2278 2502 2349 τῷ
2531 2277 2677 2349 αὺτῷ
2709 2292 2905 2351 χρονῳ,
2923 2272 2967 2347 ᾧ
2992 2280 3087 2333 xui.
3118 2280 3283 2334 Λείαν
3320 2285 3498 2335 τεκεῖν
3520 2282 3736 2353 θυγατέρα

2209 2372 2426 2435 Δείναν,
2485 2374 2578 2425 xui.
2622 2377 2804 2426 τεκεῖν
2859 2374 2937 2445 τῷ
3000 2376 3574 2448 τεσσαρεσκαιδεκάτῳ
3624 2376 3737 2437 ἔτει,

2214 2466 2341 2535 μηνὶ
2364 2463 2551 2535 ὀγδὸῳ,
2574 2465 2705 2532 υἱὸν,
2729 2467 2788 2520 ὃν
2813 2466 3178 2541 ὀνομασθῆναι
3220 2470 3445 2541 Ἰωσὴφ,
3470 2469 3596 2522 ὥστε
3622 2486 3738 2537 γεγο-

2210 2556 2357 2611 νέναι
2383 2558 2441 2610 ἐν
2467 2561 2576 2621 τοῖς
2602 2558 2740 2611 ἑπτὰ
2760 2558 2903 2611 ἔτεσι
2928 2564 3042 2625 τοῖς
3067 2562 3217 2633 παρὰ
3237 2562 3426 2616 Λάὸαν
3443 2562 3626 2616 δώδεκα
3647 2579 3741 2615 παι-

2209 2649 2317 2702 δία.
2344 2650 2575 2703 Θέλοντα
2601 2651 2656 2704 δὲ
2687 2651 2778 2704 τὸν
2814 2652 3007 2705 Ἰακὼϐ
3044 2655 3181 2724 πρὸς
3205 2655 3294 2708 τὸν
3331 2655 3538 2725 πατέρα
3570 2656 3636 2717 είς
3657 2654 3739 2705 Χα-

2211 2742 2344 2795 ναὰν
2398 2743 2634 2807 ἀπιέναι,
2668 2744 2967 2809 ἀξιωθέντα
3016 2746 3121 2799 ὑπὸ
3161 2746 3350 2801 Λάὸαν
3403 2748 3533 2802 ἄλλα
3581 2747 3659 2817 ἐτη
3697 2744 3741 2809 ἓξ

2216 2836 2417 2903 μεῖναι,
2442 2834 2581 2888 ὥστε
2601 2835 2668 2888 τὰ
2702 2836 2877 2889 πάντα
2902 2838 3065 2891 αὑτὸν
3101 2842 3275 2909 μεῖναι
3302 2841 3365 2892 ἐν
3398 2839 3610 2912 Χαρράν
3628 2845 3741 2908 παρ1

2211 2924 2395 2979 Λάϐαν
2434 2926 2527 2997 ἐτη
2561 2927 2733 2980 εἴκοσι
2767 2928 2900 3000 (49).
2938 2930 3293 3003 Πορευομένῳ
3320 2932 3380 2986 δὲ
3411 2931 3551 3003 αὐτῷ
3575 2935 3641 2995 είς
3661 2931 3742 2983 Χα-

530 2491 682 2546 pore,
715 2491 825 2545 quo
854 2473 950 2527 Lia
992 2472 1183 2525 Dinam
1214 2471 1381 2525 tiliam
1408 2478 1745 2540 susceperat,
1777 2479 1991 2524 uterum
2016 2484 2109 2539 ge-

518 2579 679 2623 stare
708 2567 983 2637 coepisset,
1011 2564 1140 2618 anni
1170 2563 1365 2622 decimi
1388 2563 1567 2632 quarti
1600 2578 1788 2616 mense
1822 2571 2015 2616 octavo
2042 2560 2107 2614 li-

524 2663 663 2714 lium
698 2673 1037 2730 procreasse,
1064 2672 1227 2726 quem
1258 2654 1555 2725 Joseplium
1590 2653 1914 2724 appellarit;
1944 2663 2109 2722 atque

531 2755 605 2807 ita
641 2754 854 2809 liberos'
873 2753 1097 2806 omnino
1128 2750 1414 2806 duodecim
1444 2746 1670 2813 Jacobo,
1718 2757 1921 2816 septem
1951 2746 2109 2801 annis

530 2846 733 2917 quibus
760 2844 907 2915 apud
950 2842 1231 2897 Labanum
1268 2842 1495 2904 vixerat,
1543 2848 1701 2893 natos
1746 2838 1935 2892 fuisse.
1969 2835 2106 2890 Tum

528 2954 662 2993 vero
696 2938 762 2992 ad
792 2948 1001 3007 patrem
1035 2935 1161 2989 licet
1203 2934 1258 2986 in
1295 2941 1496 2986 terram
1530 2930 1895 2984 Chananzeam
1934 2927 2111 2982 redire

532 3041 861 3101 cupientem,
890 3027 1098 3081 Labani
1128 3037 1309 3080 tamen
1340 3024 1594 3095 precibus
1618 3022 1823 3075 victum
1854 3020 1991 3075 alios
2013 3034 2109 3073 sex

532 3138 707 3178 annos
756 3121 957 3175 ibidem
1000 3128 1401 3173 commoratum
1457 3131 1600 3179 esse,
1652 3114 1836 3182 itaque
1886 3111 2109 3166 Charra:

532 3214 673 3285 apud
699 3212 982 3267 Labanum
1026 3220 1173 3265 lotos
1223 3222 1276 3265 et
1329 3208 1672 3264 continentes
1702 3204 1892 3275 viginti
1933 3218 2106 3257 annos

530 3307 725 3377 egisse.
761 3305 972 3371 Quibus
1014 3303 1243 3368 exactis,
1287 3302 1517 3371 patriam
1575 3297 1842 3367 repetenti
1883 3295 2107 3350 obvium

532 3398 627 3453 Dei
657 3397 933 3469 angelum,
971 3404 1259 3465 postquam
1307 3391 1625 3462 aliquandiu
1661 3405 1787 3445 cum
1832 3404 1897 3444 eo
1937 3388 2109 3442 lucta-

531 3508 619 3545 tus
645 3498 812 3555 esset,
846 3488 1024 3543 femur
1052 3487 1168 3555 ejus
1199 3500 1306 3555 qua
1360 3493 1514 3554 parte
1572 3483 1737 3537 latius
1763 3491 1848 3535 est
1882 3494 2109 3550 percus-

528 3584 691 3647 sisse,
720 3579 1096 3649 Jacobumque
1134 3578 1297 3633 simul
1342 3592 1409 3632 eo
1434 3576 1682 3631 membro
1710 3581 2107 3644 torpescentem

528 3674 843 3729 claudicare
872 3673 1105 3742 caepisse
1128 3673 1260 3741 (quo
1290 3670 1493 3725 factum
1526 3669 1806 3739 deinceps,
1837 3675 1897 3722 ut
1927 3681 1995 3722 ex
2021 3682 2110 3737 pe-

597 3796 629 3829 ε
666 3785 752 3839 ισ.
789 3786 891 3838 οὐκ
930 3782 1223 3837 ἐσθίεσθαι.

529 3904 719 3953 curate
764 3896 956 3951 scribit
996 3894 1339 3957 Demetrius,
1376 3901 1433 3946 ut
1466 3905 1659 3946 novem
1692 3889 1912 3945 circiter
1943 3889 2110 3945 inter-

530 3968 673 4022 vallo
707 3965 933 4027 Ruben,
971 3965 1278 4034 fratresque
1322 3971 1713 4034 nascerentur;
1750 3960 1897 4034 quod
1944 3961 2107 4034 etiam

532 4040 588 4093 in
621 4038 832 4091 caeteris
862 4036 1117 4089 omnibus
1152 4032 1337 4088 liberis
1363 4033 1673 4089 observavit
1702 4051 1716 4084 :
1750 4032 1883 4086 ﬁdes
1917 4032 1991 4085 sit
2016 4046 2108 4100 pe-

534 4126 627 4163 nes
652 4118 953 4161 auctorem.
980 4105 1244 4159 Minutam
1274 4105 1417 4159 banc
1454 4104 1789 4173 diligentiam
1827 4101 2110 4171 Scriptura

534 4181 757 4235 missam
790 4176 937 4230 fecit.

605 4246 1066 4320 (45)Παιὸίσκηκ
1092 4245 1350 4320 Ζελφὰν.
1374 4242 1840 4320 Nominumlacta
1877 4243 2109 4320 mantatio

530 4313 634 4377 est.
670 4313 798 4373 Bala
832 4318 977 4370 enim
1024 4316 1276 4371 Raclielis
1309 4318 1505 4370 ancilla
1540 4317 1858 4380 vocabatur,
1908 4313 2106 4368 Genes.

538 4407 669 4453 xxx,
735 4391 788 4443 5.
851 4386 964 4441 Lize
1027 4402 1177 4451 vero,
1238 4385 1659 4455 Zelpha;ibid.,
1710 4386 1764 4438 9.
1798 4383 1953 4439 Hunc
1979 4385 2105 4455 item

532 4454 1851 4547 Demea“-lecesteugggroétetﬁcere;
1903 4454 2101 4547 eaee-
2138 4492 2181 4547 υ

534 4542 668 4586 ιοιη.
698 4530 750 4593 1,
794 4541 942 4582 anno
973 4528 1163 4581 mundi
1196 4526 1366 4594 2283,
1399 4543 1463 4581 ac
1493 4528 1789 4597 prmsertim
1822 4529 1877 4581 in
1905 4526 2103 4590 scliol.,

532 4614 586 4656 et
613 4601 867 4656 Petavius
895 4600 1019 4651 item
1055 4599 1360 4653 nosterlib.
1395 4613 1470 4662 Ix,
1499 4613 1619 4667 cap.
1648 4598 1734 4661 l9,
1768 4598 1950 4667 magni
1980 4611 2107 4650 vere

530 4673 711 4742 operis
743 4670 820 4723 De
850 4668 1091 4742 doctrina
1122 4680 1434 4742 temporum.

602 4742 714 4811 (46)
753 4739 1087 4794 Συλλαϐεῖν
1130 4738 1240 4792 τὸν
1280 4738 1638 4811 Νεφθαλείμ.
1693 4737 1886 4791 Veram
1936 4737 2104 4793 habes

532 4808 965 4882 patriarcharum
1018 4811 1245 4882 istorum
1281 4825 1474 4882 seriem
1509 4810 1560 4862 in
1588 4808 1787 4863 Genes.
1820 4824 1941 4882 cap.
1973 4826 2103 4864 xxix

530 4879 586 4937 et
612 4898 742 4937 xxx.
776 4881 905 4935 Bala
942 4882 1160 4950 quidem
1188 4879 1631 4950 Nephtlialimum
1670 4881 1875 4949 genuit,
1908 4888 1965 4932 ut
2002 4882 2101 4932 lia-

530 4956 709 5018 betur,
737 4951 934 5006 Genes.
962 4949 1183 5015 xxx,8.
1219 4950 1323 5003 Sed
1361 4949 1666 5005 Demetrius
1698 4952 1779 5004 bis
1811 4952 2053 5018 peccavit
2082 4969 2099 5003 :

531 5025 720 5089 semel,
751 5024 897 5091 quod
930 5022 1040 5076 Lize
1073 5021 1257 5076 Balam
1292 5022 1584 5087 attribuat;
1616 5023 1815 5074 iterum
1846 5023 1991 5088 quod
2027 5023 2098 5085 ei,

529 5092 857 5219 ἓυὲωἶιλω
907 5093 1160 5147 ancillam
1202 5091 1435 5159 fecerat,
1470 5092 1910 5162 Neplitbalimuiu
1956 5093 2102 5147 hunc

568 5183 596 5219 e
637 5182 711 5218 eri
744 5207 757 5218 .

531 5166 757 5219 dederit.

602 5235 716 5306 (Π)
770 5234 939 5306 {lupa
994 5234 1236 5306 γῬαχήλ·
1274 5232 1622 5289 συλλαϐεῖν.
1671 5232 1746 5306 Et
1775 5232 1879 5306 _bic
1930 5233 2099 5306 multa

531 5304 723 5376 peccat
768 5304 1095 5360 Demetrius.
1131 5306 1375 5359 Primum
1426 5307 1668 5359 indicare
1702 5304 1916 5376 videtur
1947 5304 2097 5357 Liam

532 5375 871 5446 concepisse,
923 5392 1021 5429 nec
1055 5386 1235 5431 tamen
1286 5378 1453 5430 fetum
1506 5377 1606 5444 ipsi
1654 5376 1822 5428 ullum
1844 5375 2096 5446 _tribuit:

532 5444 741 5517 (Graeca
769 5462 899 5501 sane
924 5448 1106 5501 minus
1134 5448 1222 5502 hic
1252 5464 1384 5517 pura
1411 5445 1812 5517 suntzjcleinde
1842 5444 2097 5517 Zelpliam

532 5516 641 5572 Lim
674 5519 883 5580 reddit,
930 5533 1091 5586 quam
1126 5515 1595 5573 ante‘sustulerat.
1630 5515 1815 5569 Tertio
1846 5516 2096 5569 Issaclia-

534 5606 645 5642 rem
692 5589 857 5641 lilium
891 5590 1010 5661 ejus
1041 5588 1191 5654 facit,
1219 5606 1382 5659 quem
1414 5587 1757 5661 ipsametLia
1788 5598 2095 5657 pepererat,

531 5663 729 5714 Cenes.
760 5673 889 5722 xxx,
920 5659 1006 5712 18.

602 5726 954 5803 (48)]ὲκεῐζ
981 5727 1332 5803 υἱὸν-»ὄνομα
1362 5730 1499 5784 Δάν.
1534 5730 1676 5785 Cave
1709 5730 1919 5785 credas.
1970 5727 2100 5803 Fuit

529 5796 675 5858 enim
729 5799 847 5853 Dan
914 5796 1057 5852 Bala:
1114 5796 1365 5859 llaclielis
1416 5805 1625 5859 ancilla:
1679 5802 2095 5874 primogenitus.

2214 3018 2365 3083 ναὰν,
2400 3019 2628 3089 ἄγγελον
2659 3020 2753 3074 τοῦ
2793 3020 2928 3074 Θεοῦ
2960 3022 3259 3089 παλεῦσαι,
3294 3026 3393 3080 καὶ
3428 3025 3645 3096 ἅψασθαι
3672 3021 3741 3075 τώ

2214 3112 2447 3176 πλάτους
2496 3112 2591 3166 τοῦ
2627 3112 2805 3185 μηροῦ
2839 3112 2932 3167 τοῦ
2972 3114 3163 3169 Ἰακώὸ
3184 3133 3195 3146 ο
3222 3116 3314 3171 τὸν
3347 3118 3406 3171 δὲ
3455 3119 3743 3190 νσρκήσαντα

2211 3202 2548 3267 ὲπισκάζειν.
2568 3204 2729 3258 Ὅθεν
2746 3206 2807 3259 οὐ
2834 3205 3153 3260 καθίεσθαι·
3168 3209 3275 3262 τῶν
3299 3210 3512 3282 κτηνῶν
3530 3210 3584 3263 τὸ
3601 3213 3648 3262 ἐν
3660 3211 3743 3269 τοῖς

2210 3313 2285 3367 μη
2296 3299 2405 3367 ροῖς
2422 3296 2630 3368 νεῦρον.
2656 3300 2764 3351 Καὶ
2778 3299 2940 3367 φάναι
2956 3300 3103 3371 αὐτῷ
3118 3301 3207 3354 τὸν
3225 3303 3483 3372 ἄγγελον,
3522 3304 3615 3359 ἀπὸ
3624 3300 3743 3355 τοῦδε

2211 3388 2409 3460 μηκέτι
2438 3389 2650 3455 Ἰακὼϐ,
2688 3390 2804 3443 ἀλλ’
2830 3393 3044 3465 Ἰσραὴλ
3063 3395 3659 3468 ὁνομασθήσεσθαι.Καὶ
3679 3394 3741 3445 ἐλ-

2209 3477 2322 3532 θεῖν
2344 3479 2505 3533 αὑτὸν
2521 3480 2619 3551 τῆς
2634 3480 2853 3535 Χαναὰν
2878 3483 2980 3553 γῆς
3002 3484 3081 3546 εἰς
3106 3484 3299 3556 ἑτέραν
3327 3486 3582 3558 Σικίμων,
3595 3486 3743 3556 ἔχοντα

2214 3571 2404 3624 παιδία
2438 3571 2662 3643 Ῥουϐὴν
2686 3572 2820 3625 ἐτῶν
2844 3572 2934 3639 ιδ’,
2974 3574 3159 3644 μηνῶν
3181 3575 3349 3629 δυοῖνο
3378 3577 3625 3649 Συμεῶνα
3642 3574 3745 3629 ἐτῶν

2210 3663 2415 3737 ιϐ’(50),
2442 3664 2626 3737 μηνῶν
2642 3666 2939 3737 τεσσάρων·
2958 3668 3120 3723 Λευῖν
3141 3668 3277 3723 ἐτῶν
3292 3668 3739 3743 ιϐ’(51),μηνῶνέξ·

2210 3892 2405 3948 Cenes.
2435 3908 2564 3956 xxx,
2597 3893 2651 3947 6.

2436 3966 2573 4031 Ἔτη
2602 3964 2816 4045 εζκοᾳι.
2860 3962 3055 4020 Cenes.
3088 3982 3243 4045 xxxi,
3271 3968 3340 4045 4i
3367 3989 3381 4045 ς
3415 3989 3434 4022 ι
3462 3967 3647 4039 Sicque
3672 3983 3744 4045 per

2211 4036 2399 4115 viginti
2434 4049 2608 4115 annos
2640 4036 2693 4088 in
2731 4036 2893 4090 domo
2922 4045 3011 4090 tua
3050 4039 3245 4115 servivi
3283 4036 3744 4115 tibi,_quati_ionle-

2210 4104 2315 4159 cim
2348 4119 2447 4173 pro
2478 4104 2785 4179 ﬁliabus,et
2813 4121 2907 4160 sex
2935 4122 3033 4179 pro
3064 4110 3329 4179 gregibus
3361 4104 3494 4165 ιιιίεῖ
3539 4129 3556 4163 ι
3586 4110 3749 4179 Ρειρεέ

2212 4190 2330 4251 ram
2373 4189 2504 4251 ergo
2546 4173 2818 4244 Josepbus
2853 4173 3115 4251 ian—tiquii.
3162 4173 3257 4235 lib.
3309 4198 3362 4245 ι,
3409 4197 3527 4251 cap.
3565 4173 3746 4245 l9,qui

2210 4244 2432 4321 J_ose_ph_i_
2452 4244 2618 4307 'ortu,
2653 4262 2814 4313 quem
2853 4244 3133 4321 scriptura
3163 4244 3379 4305 decimo
3412 4244 3602 4321 quarto
3631 4244 3746 4303 anno

2214 4316 2672 4397 Bachelimatum
2728 4332 2846 4371 esse
2879 4316 3070 4397 docet,
3102 4320 3230 4397 _hoc_
3272 4316 3467 4393 viginti
3520 4335 3745 4397 annorum

2214 4386 2557 4460 intervallum
2609 4388 3042 4460 circumscribat.
3098 4388 3291 4444 Statim
3332 4386 3486 4446 cnim
3532 4402 3641 4460 post
3678 4389 3748 4442 illa

2212 4458 2373 4533 verba
2395 4496 2410 4521 ,
2448 4456 2660 4533 χρόνοις
2706 4457 2760 4533 δ’.
2787 4457 3153 4533 *ὕστερονᾉκαὶ
3208 4463 3453 4533 Ῥαχήλῃ
3508 4456 3693 4530 -ίίνεται
3726 4462 3749 4513 ὸ

2223 4526 2477 4603 Ἰώσηπος
2516 4526 2957 4603 uidgtsubjungi't
2988 4529 3221 4603 εΤοῦτον
3250 4526 3549 4603 πᾲνξᾱτδν
3574 4533 3746 4603 χρόνον,

2210 4597 2319 4680 ἔτη,
2350 4596 2581 4680 δςθὲστὶν
2626 4596 2867 4680 εἴκοσιν,
2888 4596 3199 4680 ῖέποίμαινε
3240 4602 3317 4671 τῷ
3366 4596 3633 4674 πενθερῷ,
3663 4613 3744 4653 etc.

2207 4666 2321 4744 Nai
2363 4669 2610 4722 dicamus
2645 4670 2729 4722 liis
2759 4670 2938 4723 verbis
2967 4666 3153 4723 τοῦτον
3188 4666 3367 4744 πάντα
3424 4666 3747 4744 eadem».

2210 4739 2351 4815 lianc
2396 4755 2615 4808 quoque
2659 4755 2754 4815 sex
2784 4755 3053 4815 annorum
3099 4743 3420 4815 προσθήκην
3476 4739 3745 4799 inclusisse.

2209 4807 2399 4885 Videat
2427 4807 2611 4885 porro,
2647 4810 2740 4878 qui
2776 4826 2961 4885 secum
2989 4811 3103 4879 ipse
3132 4807 3467 4874 consentiat,
3495 4817 3582 4885 qui
3616 4826 3748 4881 supe‘

2206 4880 2320 4955 rius
2356 4897 2461 4933 non
2505 4881 2606 4955 nisi
2654 4882 3036 4955 postalteriini
3083 4886 3363 4955 servitutis
3399 4880 3745 4955 septennium.

2205 4950 2423 5003 ductant
2472 4965 2501 5003 a
2546 4949 2713 5004 Iacob
2762 4950 3050 5005 Rachelem
3086 4954 3303 5010 dixerit.
3360 4949 3620 5009 An'vero
3672 4967 3745 5006 sex

2207 5029 2414 5074 tantum
2467 5024 2626 5075 annis
2673 5023 3167 5091 consequentibus,
3208 5024 3409 5080 liberos
3450 5041 3517 5081 ex
3549 5024 3745 5079 RaCIIele

2205 5092 2475 5159 suscepit?
2523 5090 2759 5164 Falsum,
2789 5090 2890 5146 est.
2933 5091 3068 5145 Nam
3113 5097 3392 5164 conceptis
3426 5098 3598 5149 verbis
3628 5095 3746 5147 Scri-

2206 5172 2363 5235 ptura
2392 5163 2765 5235 tradit,gsimul
2807 5179 2877 5235 ex
2904 5164 3170 5217 ambabus
3189 5205 3204 5227 ,
3252 5163 3641 5235 ainbarumque
3667 5178 3746 5216 an-

2204 5233 2345 5286 cillis
2389 5233 2694 5302 suscepisse
2723 5248 2734 5283 :
2772 5234 2914 5287 unde
2940 5234 3101 5287 etiam
3138 5235 3227 5289 illa
3257 5237 3496 5290 duarum
3528 5233 3744 5292 sutorum

2203 5305 2495 5356 aemulatio.

2274 5374 2407 5446 (50)
2476 5370 2773 5446 Evpsobru
2819 5372 2961 5426 ἐτῶν
3027 5376 3114 5429 c6”.
3192 5375 3507 5446 Legendum
3558 5372 3745 5446 omnino

2202 5445 2338 5519 ἐτῶν
2369 5451 2467 5509 ια’,
2508 5446 2711 5519 alioqui
2747 5445 2958 5499 duobus
2989 5444 3287 5502 mensibus
3308 5447 3542 5503 Rubcno
3572 5444 3744 5519 primo-

2202 5516 2381 5584 genito
2414 5518 2594 5569 senior
2621 5525 2808 5576 csset._

2274 5585 2399 5657 (51)
2446 5586 2629 5637 Λευῒν
2662 5584 2811 5637 ἐτῶν
2852 5586 2939 5639 ιϐ’.
2990 5586 3213 5657 Corrige
3251 5588 3506 5643 similiter
3549 5587 3671 5640 ἐτῶν
3698 5588 3742 5643 ι’.

2202 5654 2404 5724 alioqui
2448 5657 2727 5710 mensibus
2756 5667 2989 5725 quatuor
3034 5654 3256 5714 fratrem
3298 5670 3429 5713 natu
3477 5661 3741 5713 maximum

2202 5725 2677 5851 agtggseiluelglguid
2704 5728 2850 5797 quod
2889 5732 3139 5799 superior
3192 5728 3491 5801 μηνολογία
3522 5745 3611 5800 per
3640 5738 3737 5781 sese

2204 5801 2256 5851 id
2283 5801 2553 5867 postulati
