3838 6384
206 371 291 425 7ἑ7

1296 358 1611 414 I’IUEPAB.
1656 356 1907 414 I‘JV'ANG.
1945 355 2072 411 LIB.
2114 356 2200 412 IX.

3306 359 3405 411 TIR

213 482 384 540 Ίοέδαν
408 477 537 533 ἑτῶν
562 476 627 542 θό
656 475 837 549 μηνῶν
865 475 1009 529 ὀκτὼ
1028 493 1040 505 ·
1066 474 1380 547 Νεφθαλεὶμ
1410 476 1544 528 ὲτῶν
1574 475 1738 537 ὀκτὼ,

1847 474 2072 529 cudibus
2106 472 2327 526 femoris
2356 486 2577 527 nervum
2602 470 2911 526 Iudaeorum
2946 471 3173 541 attingat
3202 482 3405 539 nemo).

204 577 362 650 μηνῶν
383 574 505 627 δέκα
523 590 537 602 ’
565 572 673 625 Γὰδ
698 571 831 624 ἑτῶν
850 568 1012 631 ὀκτὼ,
1037 568 1219 640 μηνῶν
1240 568 1385 621 δέκα·
1419 568 1584 639 Ἀσὴρ
1605 570 1739 621 ἐτῶν

200 669 352 723 ὸκτώ’
389 666 639 736 Ἰσσαχαρ
690 663 826 716 ἐτῶν
875 661 1049 715 ὁκτιέγ
1086 660 1368 715 Ζαϐουλὼν
1402 660 1538 713 ἐτῶν
1578 661 1737 725 ἑπτὰ,

202 760 360 831 μηνῶν
408 760 583 811 δυοῖν·
642 757 829 809 Δείναν
888 756 1026 807 ἐτῶν
1072 753 1150 818 ἓξ,
1193 754 1379 824 μηνῶν
1428 754 1736 824 τεσσάρων·

210 851 375 921 Ἰωσὴιρ
430 850 566 903 ἐτῶν
613 849 691 913 ἓξ,
749 847 931 919 μηνῶν
964 847 1261 918 τεσσάρων.
1304 847 1642 918 Παροικῆσαι
1672 846 1742 899 οδε

209 944 393 1015 Ἰσραὴλ
441 940 593 1013 παρὰ
624 940 849 1012 Ἑμμὼρ
887 939 982 1011 ἔτη
1007 939 1135 993 δέκα
1174 939 1308 1009 (59.),
1346 941 1439 993 καὶ
1472 939 1743 1011 φθαρῆναι

196 1037 276 1108 τὴν
313 1036 514 1107 Ἰσραὴλ
544 1018 818 1105 Θυγατέρᾶ
846 1034 1034 1086 Δείναν
1061 1032 1163 1084 ὑπὸ
1187 1032 1367 1103 Συχὲμ
1390 1031 1483 1084 τοῦ
1518 1030 1745 1102 Ἑμμὼρ

197 1128 312 1192 olei,
342 1128 472 1179 ἐτῶν
522 1121 688 1180 οὖσαν
734 1125 945 1191 δεκαὲξ,
986 1125 1168 1196 μηνῶν
1200 1125 1499 1195 τεσσάρων.
1556 1123 1743 1186 Ἐξαλ-

194 1219 420 1292 λομένους
447 1220 503 1273 δὲ
535 1221 662 1282 τοὺς
706 1218 921 1292 Ἰσραὴλ
964 1217 1133 1281 υἱοὺς,
1171 1215 1433 1287 Συμεῶνα
1470 1215 1567 1284 μὲν
1617 1214 1745 1266 ὅντα

194 1312 307 1365 ἑτῶν
348 1313 669 1375 εἰκοσιενὸς,
725 1310 907 1382 μηνῶν
952 1312 1252 1380 τεσσάρων,
1300 1307 1460 1362 Λευῒν
1507 1308 1562 1361 δὲ
1611 1307 1747 1361 ὲτῶν

193 1407 355 1466 εἴκοσι,
400 1404 588 1475 μηνῶν
640 1404 720 1470 ἒξ,
765 1404 1078 1456 ἀποκτεῖναι
1115 1402 1206 1455 τόν
1252 1418 1311 1453 τε
1361 1400 1607 1472 Ἑμμὼρ,
1652 1401 1745 1452 καὶ

193 1499 345 1568 Συχὲμ
396 1498 482 1549 τὸν
511 1498 629 1550 υἱὸν
661 1496 846 1559 αὑτοῦ,
877 1496 969 1548 καὶ
990 1496 1195 1558 πάντας
1227 1494 1351 1556 τοὺς
1378 1494 1632 1564 ἄρσενας,
1661 1493 1748 1545 διὰ

195 1592 275 1660 τὴν
302 1588 479 1652 Δείνας
514 1588 745 1659 φθοράν.
764 1586 955 1641 Ἰακὼϐ
983 1587 1040 1639 δὲ
1069 1586 1189 1639 τότε
1218 1582 1353 1638 εἶναι
1384 1585 1522 1637 ἐτῶν
1557 1585 1749 1637 ἑκατὸν

194 1680 325 1732 ἑπτά.
364 1680 615 1733 Ἐλθόντα
659 1681 718 1733 δὲ
762 1676 854 1733 οὖν
897 1679 1059 1733 αὑτὸν
1092 1682 1173 1742 εἰς
1210 1676 1389 1741 Λουζὰ
1420 1677 1518 1748 τῆς
1547 1678 1746 1749 Βαθὴλ,

193 1773 329 1840 φάναι
364 1773 450 1825 τὸν
497 1772 631 1826 Θεὸν
672 1772 867 1844 μηκέτι
907 1770 1118 1833 Ἰακὼϐ,
1155 1771 1268 1825 ἀλλ’
1309 1770 1523 1842 Ἰσραὴλ
1546 1770 1745 1841 ὀνομά-

1842 563 1923 617 Ab
1944 564 2135 632 angelo
2169 570 2349 615 autem
2377 560 2620 615 futurum
2650 563 2908 626 audiisse,
2962 573 3021 616 ut
3050 563 3101 615 in
3132 574 3408 632 posterum

1843 668 1953 707 non
1984 652 2241 716 Iacobus,
2286 654 2378 708 seu
2420 649 2585 707 Israel
2624 662 2931 707 vocaretur.
2985 650 3171 723 Itaque
3204 655 3256 708 in
3289 671 3410 710 eam

1845 754 1997 798 terra
2038 743 2295 798 Chanaan
2350 743 2685 797 successisse
2733 753 2964 813 partem,
3020 761 3142 815 qum
3192 745 3414 802 Sicimis

1845 834 2074 888 adversa
2103 842 2268 895 esset,
2320 832 2615 887 liberorum
2650 848 2876 887 suorum
2927 836 3187 889 comitatu
3240 838 3413 907 stipa-

1845 934 1981 979 tum.
2008 924 2048 977 E
2073 925 2272 995 quibus
2297 922 2557 979 Rnbenus
2579 940 2754 979 annos
2779 925 3063 979 duodecim
3088 942 3417 998 mensesque

1846 1018 1985 1073 duos
2023 1025 2184 1071 natus
2214 1026 2352 1083 erat,
2387 1015 2626 1088 Symeon
2657 1031 2831 1071 annos
2862 1016 3083 1071 totidem
3116 1026 3169 1071 et
3198 1033 3415 1073 menses

1846 1119 2105 1179 quatuor,
2142 1109 2378 1165 Levinus
2402 1124 2576 1165 annos
2600 1110 2909 1175 duodecim,
2946 1125 3271 1181 mensesque
3296 1126 3414 1170 sex.

1846 1199 2016 1255 Iudas
2043 1216 2215 1255 annos
2251 1217 2442 1255 novem
2479 1216 2542 1256 ac
2576 1217 2790 1257 menses
2831 1211 2976 1266 octo,
3002 1200 3420 1271 Nepbtbalimus

1849 1290 2011 1363 424
2043 1307 2213 1345 annos
2245 1303 2388 1353 octo,
2420 1307 2745 1363 mensesque
2797 1292 3005 1357 decem,
3049 1294 3233 1349 Gallus
3292 1296 3420 1349 toti-

1849 1384 1996 1445 dem,
2046 1383 2182 1435 Aser
2209 1392 2263 1437 et
2292 1381 2539 1438 Issachar
2584 1400 2759 1439 annos
2789 1396 2934 1451 octo,
2969 1384 3211 1440 Zabulon
3246 1402 3419 1442 annos

1849 1483 2052 1542 septem
2082 1489 2405 1544 mensesque
2434 1475 2593 1543 duos,
2648 1475 2779 1529 Dina
2827 1488 2882 1531 et
2928 1476 3199 1546 Iosephus
3246 1486 3421 1532 annos

1850 1582 1944 1619 sex
1992 1574 2044 1620 et
2077 1581 2290 1621 menses
2327 1576 2581 1636 quatuor.
2630 1568 2896 1622 Caeterum
2952 1569 3207 1623 Israelem
3259 1572 3421 1622 annis

1852 1657 1956 1711 sibi
1988 1658 2174 1713 decem
2200 1658 2357 1725 juxta
2397 1656 2709 1713 Emmorem
2741 1660 3081 1714 domicilium
3108 1660 3376 1729 delegisse
3404 1679 3418 1714 :

1848 1750 2005 1820 cujus
2034 1751 2157 1805 lilia:
2197 1749 2346 1803 Dina:
2391 1766 2564 1806 annos
2621 1761 2760 1807 nata:
2807 1752 3042 1807 sedecim
3098 1768 3423 1822 mensesque

194 1830 366 1928 ξεσθαι.
406 1863 648 1917 Ἐκεῖθεν
672 1830 745 1915 ’δὲ’
764 1862 942 1915 ἐλθεῖν
968 1862 1048 1925 εἰς
1071 1830 1360 1932 Χαφραοὰ,
1388 1830 1541 1913 ἔνθεν
1571 1830 1740 1932 παρα-

1850 1852 2110 1913 quatuor,
2138 1830 2263 1897 curn
2297 1841 2597 1912 Sychemus
2644 1842 2918 1898 Emmoris
2970 1844 3115 1898 ﬁlius
3168 1853 3419 1914 stuprum

191 1957 405 2024 γενέσθαι
438 1958 518 2020 εἰς
578 1956 842 2026 Ἐφραθὰ,
885 1956 951 2027 ἢν
1000 1952 1139 2008 εἶναι
1184 1953 1451 2024 Βηθλεὲμ,
1484 1954 1576 2006 καὶ
1618 1971 1742 2022 γεν-

192 2052 321 2121 νῆσαι
370 2050 530 2103 αὐτὸν
579 2051 701 2103 ἐκεῖ
746 2048 1021 2120 Βενιαμὶν,
1053 2048 1147 2101 καὶ
1173 2046 1490 2118 τελευτῆσαι
1525 2047 1743 2119 Ῥαχὴλ,

190 2143 415 2196 τεκοῦσαν
444 2144 537 2196 τὸν
572 2143 863 2212 Βενιαμὶν,
898 2140 1203 2210 συμϐιῶσαι
1235 2139 1281 2192 δ’
1334 2141 1472 2211 αὐτῇ
1518 2141 1607 2194 τὸν
1641 2143 1744 2194 Ἰα-

192 2235 282 2289 κὼὸ
323 2236 411 2304 ἔτη
462 2234 793 2305 εἰκοσιτρία.
831 2233 1064 2287 Αὑτόθεν
1117 2233 1175 2286 δὲ
1217 2232 1391 2286 ἐλθεῖν
1434 2234 1525 2285 τὸν
1552 2232 1744 2286 Ἰακὼϐ

190 2331 253 2392 εἰς
280 2328 513 2402 Μαμὸρῆ
546 2328 655 2396 τῆς
694 2326 941 2397 Χεϐρὼν,
981 2328 1115 2398 πρὸς
1152 2327 1337 2381 Ἰσαὰκ
1374 2327 1464 2380 τὸν
1511 2329 1741 2399 πατέρα.

192 2413 315 2469 Εἶναι
342 2416 395 2469 δὲ
430 2416 550 2469 τότε
597 2415 795 2486 Ἰωσὴφ
838 2414 974 2467 ἐτῶν
1017 2416 1308 2481 δεκαεπτὰ,
1338 2418 1430 2470 καὶ
1472 2420 1745 2489 πραθῆναι

194 2509 324 2560 αὐτὸν
356 2509 432 2571 είς
471 2508 775 2575 Αἴγυπτον,
814 2508 907 2560 καὶ
940 2510 996 2559 ὲν
1029 2507 1107 2577 τῷ
1149 2509 1507 2580 δεσμωτηρίῳ
1558 2515 1737 2581 μεῖναι

193 2597 265 2669 ἔτη
287 2598 554 2670 δεκατρία.
588 2598 722 2651 ὡστ’
766 2594 902 2651 εἶναι
936 2598 1096 2651 αὑτὸν
1123 2600 1259 2652 ἐτῶν
1295 2601 1606 2670 τριάκοντα,
1635 2604 1742 2657 Ίαο

194 2690 284 2742 κὼδ
310 2692 360 2743 δὲ
388 2690 523 2743 ἐτῶν
554 2690 754 2743 ἑκατὸν
792 2689 943 2750 δέκα,
979 2692 1036 2742 ἐν
1075 2685 1118 2757 ᾧ
1163 2692 1257 2744 καὶ
1294 2693 1614 2763 τελευτῆσαι
1652 2695 1744 2747 τὸν

192 2780 347 2836 Ἰσαὰκ
374 2783 478 2836 ἔτει
511 2784 597 2835 ἐνὶ
632 2782 959 2854 ἔμπροσθεν,
1008 2782 1145 2834 ἐτῶν
1176 2784 1307 2838 ὄντα
1337 2785 1532 2838 ἑκατὸν
1558 2787 1743 2859 ὀγδοή-

194 2889 341 2926 κοντα.
387 2874 665 2944 Κρίναντα
710 2872 765 2925 δὲ
812 2871 890 2942 τῷ
925 2871 1133 2941 βασιλεί
1169 2873 1261 2925 τὸν
1319 2874 1519 2945 Ἰωσὴφ
1560 2875 1629 2928 τὰ
1662 2878 1743 2929 ὲν-

196 2960 347 3027 ὑπνια,
383 2963 544 3035 ἄρξαι
566 2961 847 3031 Αἰγύπτου
875 2961 968 3031 ἐτη
998 2962 1157 3025 ἑπτὰ,
1188 2964 1245 3014 ἐν
1273 2957 1356 3025 οἷς
1372 2965 1465 3018 καὶ
1490 2968 1741 3037 συνοικῆ-

198 3071 267 3106 σαι
293 3052 513 3119 ’Δσενὲθ,
561 3055 845 3125 Πεντεφρῇ
874 3053 969 3106 τοῦ
1013 3053 1407 3119 Ἡλιουπόλεως
1437 3056 1625 3129 ἱερέως
1653 3059 1745 3112 Θυ-

196 3148 344 3219 γατρὶ,
375 3150 464 3203 καὶ
490 3149 753 3219 γεννῆσαι
786 3149 1085 3219 Μανασσῆν
1115 3151 1208 3202 καὶ
1232 3150 1495 3221 Ἐφραῒμ,
1523 3152 1618 3205 καὶ
1646 3151 1743 3207 τοῦ

1848 1932 2157 1998 obtulisset,
2194 1931 2544 2003 Symeonem,
2576 1934 2669 2004 qui
2695 1950 2937 1989 mensem
2963 1943 3219 2005 quartum
3255 1951 3420 2005 supra

1848 2038 2053 2076 annum
2078 2023 2399 2077 vicesimum
2431 2023 2694 2092 primum,
2733 2032 2785 2077 ct
2817 2022 3103 2088 Levinum,
3131 2023 3226 2092 qui
3263 2040 3422 2078 men-

1848 2131 1961 2170 sem
1994 2123 2206 2170 sextum
2232 2129 2397 2183 supra
2428 2130 2634 2169 annum
2658 2115 2979 2169 vicesimum
3012 2125 3214 2185 ageret,
3245 2114 3423 2169 Israc-

1848 2213 1916 2268 lis
1939 2212 2104 2279 filios,
2140 2212 2347 2266 sororis
2383 2212 2581 2281 injuria
2632 2213 2868 2281 graviter
2910 2222 3238 2277 commotos,
3288 2212 3418 2266 Em-

1848 2318 2057 2358 morem
2096 2319 2160 2358 ac
2190 2304 2519 2375 Syenemum
2555 2304 2673 2373 ejus
2718 2304 2914 2367 lilium,
2973 2320 3261 2375 maresque
3299 2306 3423 2359 uni-

1848 2411 2033 2450 versos
2066 2396 2271 2466 impetu
2302 2393 2449 2448 facto
2476 2395 2782 2461 czeeidisse;
2838 2412 2948 2466 quo
2982 2408 3224 2467 tempore
3252 2414 3425 2452 anno-

1848 2504 1967 2543 rum
2034 2500 2238 2559 septem
2292 2504 2453 2558 supra
2507 2498 2727 2543 centum
2783 2488 3019 2545 Iacobus
3067 2500 3232 2545 esset.
3284 2490 3421 2545 Eum

1846 2595 2033 2649 porro,
2072 2596 2197 2635 cum
2229 2580 2429 2638 Lusam
2464 2582 2703 2637 Bathelis
2742 2582 2932 2637 urbem
2964 2583 3222 2647 venisset,
3253 2599 3283 2637 a
3311 2582 3422 2637 Dco

1842 2674 2081 2742 jussum,
2115 2675 2305 2730 relicto
2338 2674 2525 2730 Jacobi
2567 2676 2807 2741 nomine,
2834 2675 3086 2732 Israelem
3116 2678 3423 2747 nuncupari

1847 2765 2096 2834 coepisse.
2135 2765 2273 2821 Tum
2331 2767 2722 2837 Capbratham,
2773 2769 3007 2838 indeque
3059 2768 3420 2839 prratham,

1848 2874 2012 2928 quam
2067 2858 2439 2915 Betbleemum
2492 2869 2709 2925 vocant,
2748 2862 2995 2931 petiisse,
3048 2862 3142 2916 ubi
3196 2861 3421 2923 Rachel,

1849 2960 2105 3019 suscepto
2135 2950 2478 3021 Benjamino,
2510 2953 2652 3007 diem
2684 2967 2999 3021 supremum
3024 2953 3243 3018 obierit,
3269 2970 3422 3024 pes;-

1848 3056 2014 3109 quam
2045 3056 2222 3099 annos
2255 3052 2365 3099 tres
2393 3060 2457 3100 ac
2489 3046 2679 3117 viginti
2706 3061 2831 3103 cum
2865 3063 2927 3101 ea
2970 3045 3209 3102 Iacobus
3256 3044 3425 3103 vixis-

1848 3142 1981 3211 set.:
2020 3134 2142 3190 inde
2170 3150 2364 3191 rursus
2399 3136 2676 3195 Mambren
2709 3140 3012 3195 Chebronis
3062 3141 3317 3211 Oppidum
3356 3143 3423 3196 ad

375 3198 721 3310 ἐπιγενέσὲαι
750 3241 843 3310 ἔτη
1003 3198 1105 3291 Τδν
1138 3240 1194 3293 δὲ
1227 3198 1554 3315 Ἰωγσιηιρέτη
1590 3245 1740 3299 ἐννέα

1850 3198 2097 3281 Isaacum
2134 3236 2345 3297 patrem
2390 3231 2624 3286 venisse.
2660 3232 2728 3285 At
2757 3229 3057 3302 Iosepbum
3086 3248 3152 3287 co
3179 3244 3425 3305 tempore

197 3333 551 3404 εὐτυχήσαντα,
593 3334 733 3406 πρὸς
782 3336 872 3388 τὸν
925 3336 1136 3408 πατέρα
1184 3336 1259 3407 μὴ
1300 3336 1535 3407 πέμψαι,
1566 3335 1655 3390 διὰ
1686 3338 1747 3388 τὸ

198 3427 392 3496 ποιμένα
436 3427 598 3481 αὐτόν
652 3443 715 3479 τε
765 3428 856 3481 καὶ
895 3429 1021 3491 τοὺς
1047 3428 1309 3499 ἀδελφοὺς
1332 3424 1501 3482 εἶναι’
1534 3428 1746 3482 ἐπονεί-

195 3513 339 3570 διστον
388 3518 441 3571 δὲ
504 3518 829 3587 Αίγυπτίοις
884 3514 1023 3573 εἶναι
1090 3522 1154 3575 τὸ
1224 3522 1553 3591 ποιμαίνειν.
1620 3522 1742 3573 ’Ὀτι

196 3606 240 3658 δὲ
282 3608 364 3662 διὰ
414 3609 575 3663 τοῦτο
636 3611 740 3663 οὐκ
808 3610 1073 3681 ἔπεμψεν,
1141 3611 1303 3664 αὑτὸν
1354 3611 1737 3683 δεδηλωκέναι.

195 3696 446 3755 Ἐλθόντων
483 3703 595 3774 γὰρ
635 3702 801 3756 αὐτοῦ
844 3704 953 3757 τῶν
989 3704 1285 3773 συγγενῶν,
1314 3704 1477 3772 φάναι
1538 3706 1740 3767 αὐτοῖς.

198 3790 273 3841 ἐὰν
298 3792 555 3862 κληθῶσιν
625 3795 733 3847 ὑπὸ
781 3796 874 3847 τοῦ
940 3794 1223 3865 βασιλέως,
1270 3796 1364 3847 καὶ
1437 3796 1745 3867 ἐρωτῶνται

197 3884 239 3933 τί
289 3885 739 3958 διαπράσσονται,
812 3888 993 3956 λέγειν
1080 3890 1478 3960 κτηνοτρόφους
1549 3891 1746 3953 αὐτοὺς

199 3972 328 4030 εἶναι.
357 3980 734 4051 Διαπορεῖσθαι
771 3981 849 4044 δὲ,
892 3980 979 4033 διὰ
1012 3981 1065 4034 τί
1101 4000 1229 4035 ποτε
1261 3983 1289 4034 ὁ
1322 3982 1520 4053 Ἰωσὴφ
1557 3984 1744 4037 Βενια-

201 4067 378 4135 μὶνὲπὶ
412 4070 503 4124 τοῦ
550 4071 776 4141 ἀρίστου
823 4070 1257 4125 πενταπλασίονα
1318 4072 1511 4143 μερίδα
1555 4073 1742 4135 ἔδωκε.

202 4158 261 4228 μὴ
298 4161 580 4232 δυναμένου
630 4160 794 4215 αὑτοῦ
856 4162 1091 4217 τοσαῦτα
1148 4165 1526 4219 καταναλῶσαι
1583 4168 1740 4239 κρέα.

199 4248 340 4304 τοῦτο
381 4249 467 4306 οὖν
504 4254 669 4307 αὐτὸν
696 4256 1054 4326 πεποιηκέναι
1100 4256 1188 4311 διὰ
1236 4258 1297 4310 τὸ
1350 4259 1415 4311 ἐκ
1448 4260 1547 4331 τῆς
1580 4261 1746 4325 Λείας

200 4343 261 4412 τῷ
310 4348 464 4417 πατρὶ
515 4346 684 4401 αὐτοῦ
749 4347 1027 4415 γεγονέναι
1084 4350 1234 4413 υἱοὺς
1305 4350 1485 4413 ἑπτὰ,
1566 4353 1631 4405 ὲκ
1688 4353 1745 4406 δὲ

210 4433 379 4509 Ῥαχὴλ
404 4440 499 4511 τῆς
534 4442 739 4513 μητρὸς
784 4439 948 4495 αὐτοῦ
976 4440 1100 4494 δύο·
1146 4442 1233 4495 διὰ
1265 4443 1421 4496 τοῦτο
1454 4445 1532 4515 τῷ
1560 4446 1742 4499 Βενια-

1848 3335 1971 3373 cum
2005 3332 2151 3376 esset
2180 3337 2449 3378 annorum
2481 3325 2890 3393 septemdecim,
2937 3325 3206 3398 Egyptiis
3235 3329 3426 3382 vendi-

1853 3422 1986 3478 tum,
2011 3422 2154 3468 totos
2181 3415 2439 3471 tredecim
2474 3432 2649 3472 annos
2679 3418 2731 3470 in
2755 3418 2990 3473 vinculis
3024 3418 3214 3484 fuisse,
3248 3420 3425 3475 donec

1850 3506 1966 3575 ipse
1996 3507 2216 3577 quidem
2242 3510 2605 3577 tricesimum,
2625 3509 2863 3567 Iacobus
2888 3528 3017 3567 vero
3038 3515 3306 3569 decimum
3332 3531 3425 3570 su-

1850 3611 1945 3664 pra
1977 3586 2335 3652 centesimuni
2389 3601 2563 3655 aetatis
2612 3618 2818 3656 annum
2855 3602 3205 3669 confecisset,
3238 3604 3427 3661 Isaacn

1844 3688 1957 3757 jam
1990 3704 2133 3743 anno
2168 3690 2471 3760 superiore,
2505 3692 2609 3747 hoc
2640 3702 2724 3747 est
2744 3694 2919 3749 aetatis
2946 3696 3284 3767 octogesimo
3334 3713 3431 3752 sue

1848 3797 1946 3850 pra
1972 3783 2330 3837 centesimum
2378 3785 2487 3839 vita
2535 3784 2742 3840 functo.
2770 3786 2848 3842 Ac
2876 3778 3174 3857 Iosephum
3202 3788 3426 3858 quidem

1847 3883 1971 3944 post
2005 3873 2225 3929 felicem
2256 3877 2400 3945 regis
2442 3879 2781 3933 somniorum
2825 3881 3268 3951 explicationem,
3327 3886 3426 3939 toti

1852 3966 2087 4037 zEgypto
2114 3967 2276 4021 annis
2308 3976 2513 4038 septem
2553 3969 2858 4039 praefuisse,
2888 3988 2997 4042 quo
3021 3982 3266 4044 tempore
3290 3976 3426 4032 Ase-

1852 4061 2067 4113 netbem
2126 4058 2445 4129 Pcntepbrae
2498 4059 2842 4130 Heliopoleos
2893 4065 3195 4122 sacerdotis
3257 4068 3424 4121 liliam

1848 4152 2134 4221 conjugcm
2163 4151 2402 4217 duxerit,
2433 4160 2595 4222 atque
2621 4169 2688 4207 ex
2733 4169 2797 4208 ea
2836 4153 3143 4211 Manassen]
3197 4158 3429 4227 Epitrai-

1848 4260 2108 4314 mumque
2140 4245 2461 4313 susceperit.
2498 4245 2637 4299 Tum
2671 4248 2830 4303 annis
2869 4248 3085 4305 duobus
3143 4250 3288 4305 fame
3345 4252 3427 4306 la-

1848 4336 2028 4390 borari
2061 4344 2321 4406 emptum.
2347 4333 2609 4391 Eumdem
2637 4353 2768 4393 vero
2791 4354 2984 4395 novem
3013 4356 3279 4396 annorum
3303 4358 3428 4413 spa-

1848 4430 1943 4492 tio,
1974 4430 2176 4500 quibus
2204 4428 2479 4484 fortunate
2506 4432 2801 4486 admodum
2834 4433 3057 4499 vixerit,
3091 4444 3304 4501 patrem
3340 4451 3427 4490 ac-

205 4531 279 4596 p‘tv
320 4532 468 4585 πέντε
525 4534 746 4605 μερίδας
804 4532 1161 4605 παραθεῖναι,
1214 4534 1308 4588 καὶ
1361 4536 1523 4589 αὑτὸν
1556 4536 1740 4591 λαϐεῖν

1848 4539 2065 4578 cersere
2090 4523 2352 4590 noluisse,
2377 4524 2524 4594 quod
2571 4534 2679 4579 tam
2708 4525 2823 4596 ipse
2859 4543 3023 4597 quam
3067 4525 3268 4583 fratres
3303 4544 3428 4597 pas-

205 4622 308 4688 μίαν
334 4625 458 4694 (55)-
480 4626 729 4695 γενέσθαι
765 4622 856 4681 οὖν
889 4626 1052 4690 ἑπτὰ,
1080 4628 1213 4691 ὅσας
1250 4630 1494 4691 καὶτοὺς
1536 4631 1599 4683 ἐκ
1634 4630 1733 4700 τῆς

202 4710 334 4777 Astu;
374 4717 518 4780 υἱοὺς
560 4716 759 4771 λαϐεῖν.
851 4716 1119 4781 Ὡσαύτως
1151 4718 1208 4771 δὲ
1262 4720 1355 4772 καὶ
1389 4719 1480 4772 ἐπὶ
1511 4718 1605 4772 τοῦ
1638 4721 1735 4782 τὰς

261 4846 358 4915 (52)
398 4850 535 4917 Ἕτη
572 4850 733 4904 δέκα.
767 4850 965 4905 Genes.
1021 4867 1227 4913 xxxiii,
1259 4850 1343 4903 l7.
1380 4848 1555 4905 Iacob
1582 4861 1737 4905 ante-

207 4929 339 4981 quam
380 4919 442 4972 ad
481 4920 710 4991 Sieimos
743 4922 967 4979 veniret.
1008 4937 1073 4975 eo
1099 4922 1150 4974 in
1182 4922 1300 4975 loco
1330 4920 1568 4974 tentoria
1599 4922 1733 4991 ﬁgit,

208 5000 337 5058 quem
365 4999 636 5058 propterea
666 4990 889 5051 Sochot,
918 4992 969 5046 id
1002 5000 1086 5046 est
1147 4992 1517 5054 tabernacula,
1551 4990 1730 5045 nomi-

210 5057 346 5131 navit.
393 5059 493 5131 sed
543 5063 780 5130 quandiu
830 5062 935 5115 illic
984 5062 1233 5119 haeserit.
1291 5060 1573 5131 Scriptura
1627 5078 1735 5115 non

212 5124 355 5201 docet.
404 5128 540 5201 Sunt
562 5124 672 5201 'qui
701 5133 886 5187 decem
920 5130 1030 5185 fere
1061 5147 1233 5186 annos
1290 5132 1342 5185 in
1373 5124 1577 5186 Socbot
1628 5141 1737 5185 tra-

213 5194 371 5274 ductos
397 5199 560 5256 fuisse
598 5194 798 5274 velint,
846 5211 904 5255 ut
948 5202 1227 5274 perbrevis
1272 5204 1414 5274 apud
1459 5202 1735 5257 Sicimitas

214 5272 308 5329 ejus
330 5285 467 5325 mora
509 5273 688 5327 fuerit.
725 5272 923 5327 Conlra
957 5273 1254 5327 Demetrius
1287 5272 1493 5327 Socliot
1526 5288 1593 5326 ne
1624 5289 1738 5327 tne-

215 5338 583 5412 minitquidem.
608 5352 661 5397 at
688 5344 870 5402 decem
890 5358 1064 5397 annos
1086 5342 1205 5411 ejus
1221 5343 1362 5412 apud
1385 5342 1733 5398 Hemmorem

217 5402 493 5483 habitationi
527 5416 735 5468 tribuit.
782 5416 924 5468 Sane
968 5402 1303 5483 probabilius
1337 5415 1569 5474 videtur,
1600 5428 1735 5482 pau-

216 5488 281 5555 εις
306 5483 510 5555 omnino
541 5486 618 5537 vel
650 5485 829 5549 annis,
864 5484 947 5537 vel
975 5485 1139 5538 etiam
1171 5485 1472 5546 mensibus,
1500 5485 1647 5537 illam
1680 5484 1731 5536 in

219 5549 386 5623 §ocbot
409 5568 605 5607 moram
636 5555 1030 5618 circumscribi,
1060 5570 1182 5609 cum
1211 5555 1490 5623 Scriptura
1522 5564 1733 5609 tantum

219 5614 335 5693 dicat
360 5620 424 5693 ibi
452 5624 555 5676 lixa
587 5641 706 5680 esse
747 5628 976 5679 tentoria
998 5614 1027 5691 ;’
1061 5626 1201 5693 apud
1249 5614 1521 5681 Sicimitas
1548 5636 1732 5680 autem

221 5684 506 5746 domicilium
559 5711 673 5750 esse
714 5684 1057 5751 collocatum.
1093 5684 1247 5761 Quod
1300 5707 1479 5749 autem
1529 5697 1729 5750 Genes.

222 5761 477 5836 ξψῃῖι,
510 5763 728 5831 Hemor,
758 5783 879 5821 cum
918 5767 1047 5830 lilio,
1072 5765 1258 5819 Jacobi
1296 5765 1557 5819 familiam
1588 5767 1731 5835 apud

228 5822 457 5889 Sicimitas
499 5822 912 5903 commendans,
968 5822 1112 5893 viros
1160 5840 1416 5907 pacilicos
1473 5853 1595 5892 esse
1624 5822 1727 5890 Idi-

1840 4616 2031 4671 ccndis
2058 4616 2254 4670 ovibus
2283 4632 2505 4687 operam
2534 4618 2746 4682 darent,
2778 4635 2902 4687 quae
2932 4619 3057 4672 vitae
3101 4621 3242 4675 ratio
3285 4624 3428 4691 apud

1839 4707 2125 4779 Egyptios
2150 4709 2350 4777 probro
2375 4709 2694 4766 duceretur.
2744 4710 2920 4782 Atque
2943 4711 3084 4766 hanc
3114 4712 3162 4765 ei
3189 4728 3289 4767 cur
3322 4729 3423 4784 pa-

1839 4854 1943 4906 cat,
1976 4854 2105 4917 εις..
2143 4843 2195 4897 id
2229 4846 2551 4917 tambrevis
2586 4862 2752 4901 morae
2779 4858 3104 4917 argumento
3153 4864 3260 4903 non
3290 4860 3374 4905 est
3407 4868 3420 4903 :

1818 4931 1965 4968 .nam
2001 4915 2397 4989 aliquot_anuis
2427 4931 2623 4989 eorum,
2656 4915 2923 4989 mor'eset
2950 4918 3167 4988 ingenia
3201 4921 3424 4989 probari

1840 4994 2158 5054 potuerunt.
2208 4985 2320 5041 Nec
2360 4997 2522 5058 urget
2570 4988 2702 5041 illud
2757 4985 3056 5052 Tornielli’.
3105 4985 3251 5058 quod
3308 5001 3426 5044 tum

1841 5058 2085 5129 primum
2095 5071 2321 5129 egressa
2358 5057 2491 5129 Dina
2526 5058 2797 5120 videatur,
2832 5061 2987 5129 quasi
3014 5057 3203 5114 recens
3239 5076 3304 5115 eo
3336 5078 3426 5115 ve-

1842 5128 2032 5180 nisset.
2067 5124 2202 5181 Nam
2249 5128 2393 5195 quod
2432 5138 2558 5182 ante
2588 5129 2671 5181 vel
2713 5124 2933 5195 egressa
2971 5147 3077 5183 non
3112 5130 3305 5195 fuerit,
3341 5135 3425 5189 vel

1841 5200 1885 5249 si
1917 5213 2140 5267 egressa
2166 5208 2249 5251 est
2271 5238 2284 5256 .
2319 5199 2501 5266 probri
2538 5200 2672 5253 nihil
2703 5202 2969 5253 subierit:
3002 5202 3122 5268 ejus
3159 5203 3267 5266 rei,
3298 5218 3423 5255 cum

1841 5269 1993 5331 alite,
2048 5277 2159 5321 tum
2200 5268 2317 5323 haec
2366 5269 2419 5322 in
2454 5270 2653 5341 primis
2676 5286 2839 5323 causa
2872 5285 2993 5324 esse
3036 5272 3248 5341 potuit,
3278 5276 3421 5341 quod

1840 5340 2080 5391 nondum
2111 5354 2207 5408 per
2241 5340 2416 5394 relatis
2442 5340 2577 5395 satis
2608 5340 2660 5392 id
2691 5341 2901 5394 liceret.
2931 5340 2997 5393 At
3022 5338 3087 5394 ex
3120 5338 3420 5407 Demetrio,

1841 5425 1964 5462 cum
1998 5408 2252 5474 injuriam
2289 5410 2433 5463 illam
2458 5412 2689 5478 accepit,
2722 5425 2989 5466 annorum
3023 5415 3258 5466 sedecim
3294 5414 3419 5474 fuit,

1841 5490 1935 5532 aut
1962 5480 2196 5534 circiter.
2232 5481 2418 5541 Adde,
2464 5488 2580 5551 tum
2634 5481 2773 5534 forte
2818 5482 3057 5534 oblatam
3081 5524 3095 5545 ,
3141 5498 3264 5551 quae
3297 5495 3423 5539 ante

1840 5551 2125 5673 Fommoda
2166 5554 2300 5605 satis
2332 5564 2441 5603 non
2470 5549 2680 5615 fuerat,
2707 5552 2827 5621 ejus
2854 5552 3042 5621 ﬂagitii
3073 5549 3421 5609 occasionem

1866 5636 2034 5673 uisse.

1866 5636 2034 5673 UISSG.

1910 5691 2023 5757 (55)
2064 5692 2241 5747 Μίαν.
2308 5691 2513 5748 Sensus
2564 5704 2615 5747 et
2669 5692 2962 5747 ἀκολουθία
3008 5695 3253 5761 postulat
3294 5693 3424 5760 δύο,

1840 5762 2043 5830 alioqui
2086 5779 2181 5819 sex
2232 5771 2479 5832 tantum,
2523 5780 2629 5819 non
2675 5776 2882 5834 Septem
2921 5775 3104 5834 partes
3142 5767 3429 5822 habiturus

1840 5840 1975 5888 erat.
