3838 6384
1167 139 1196 160 ’κ

489 355 594 410 ’119

490 565 774 628 claratum.
829 564 1108 621 Fratribus
1150 567 1291 620 enim
1338 567 1472 631 suis,
1510 583 1633 621 cum
1682 567 1748 622 ad
1795 583 1916 623 eum
1952 567 2050 621 ali-

487 657 707 728 quando
733 657 1028 718 venissent,
1075 658 1179 711 hoc
1210 657 1262 711 in
1305 659 1574 712 mandatis
1609 660 1782 728 ipsum
1814 659 2049 722 dedisse,

489 751 588 816 uti,
619 750 662 805 si
695 749 832 806 forte
882 767 911 805 a
966 767 1090 822 rege
1136 762 1565 818 accerserentur,
1611 753 1808 822 rogati,
1857 753 2051 823 ecquid

487 839 610 894 vitm
662 855 832 909 genus
881 840 1265 909 profiterentur
1304 881 1318 904 ,
1377 841 1532 910 equis
1597 841 1804 896 alendis
1859 858 2053 897 vacare

489 945 610 984 sese
670 929 1073 1000 responderent.
1147 929 1522 999 Benjaminum
1599 931 1742 1000 quod
1820 931 2048 996 attinet,

489 1023 773 1092 quaesitum
823 1038 852 1076 a
907 1023 1199 1093 plerisque,
1250 1025 1601 1093 quamobrem
1653 1022 1921 1093 Joseplius
1971 1025 2052 1078 in-

489 1125 569 1168 ter
643 1115 1013 1184 prandendum
1109 1124 1315 1184 partem
1396 1115 1442 1168 ei
1508 1115 1795 1185 quintuplo
1867 1115 2053 1182 singu-

491 1207 557 1262 lis
625 1207 887 1276 majorem
959 1207 1156 1276 apponi
1228 1207 1504 1270 voluerit,
1565 1223 1687 1261 eum
1766 1216 1844 1261 tot
1917 1208 2054 1262 cibis

489 1297 804 1352 adolescens
863 1313 961 1366 par
1023 1313 1144 1351 esse
1204 1313 1308 1351 non
1380 1307 1581 1366 posset.
1658 1297 1820 1370 425
1886 1298 2054 1367 Cujus

491 1390 569 1443 rei
639 1389 777 1444 lianc
830 1389 918 1443 ille
979 1388 1241 1441 rationem
1293 1387 1588 1452 afferebat,
1641 1391 1785 1459 quod
1852 1389 2054 1444 Jacobo

491 1483 628 1550 patri
685 1490 886 1550 septem
949 1495 1015 1532 ex
1069 1478 1205 1544 Lia,
1275 1496 1342 1534 ex
1397 1479 1628 1535 Rachele
1696 1497 1827 1536 vero
1883 1493 2055 1536 matre

492 1589 612 1635 sua,
647 1572 755 1626 duo
799 1581 1006 1627 tantum
1049 1573 1202 1627 liberi
1253 1573 1360 1626 nati
1406 1583 1620 1639 essent;
1665 1589 1832 1644 eoque
1865 1575 2054 1644 Benjao

492 1664 644 1716 mino
673 1672 854 1733 partes
884 1664 1144 1732 quinque,
1173 1663 1276 1717 sibi
1307 1674 1485 1719 autem
1518 1666 1654 1720 «luas
1685 1667 1962 1729 tribuisse,
1997 1676 2056 1721 ut

491 1768 613 1806 cum
647 1753 954 1822 septenario
1003 1752 1113 1807 Lize
1161 1753 1391 1808 filiorum
1427 1759 1653 1810 numer‘o
1689 1758 1922 1826 partium
1957 1774 2056 1811 nu-

1122 356 1390 414 EUSEBll
1431 357 1903 413 CESARIENSIS
1951 356 2100 414 OPP.
2141 357 2323 414 PARS
2362 358 2426 416 ll.
2467 389 2537 402 ——
2575 359 3078 416 APOLOGETICA.

491 482 626 527 trem
677 487 783 526 non
830 473 1030 528 acciret
1064 489 1286 528 causam
1323 472 1510 539 fuisse,
1545 475 1612 529 ab
1653 490 1719 529 eo
1745 490 1801 529 re
1826 475 1939 544 ipsa
1966 475 2057 529 de-

2174 474 2352 539 ςτολὰς
2410 473 2592 528 δοῦναι
2646 476 2861 546 ἑκάστῳ
2923 475 3159 538 διπλᾶς,

3603 369 3688 427 720

3237 476 3313 548 τῷ
3366 478 3421 532 δέ
3468 478 3690 552 Βενιαμὶν

2156 565 2317 617 πέντε
2368 565 2463 617 καὶ
2512 565 2856 636 τριακοσίους
2905 565 3174 636 χρυσοῦς,
3227 567 3319 620 καὶ
3365 567 3439 638 τῷ
3471 573 3690 641 πατρὶδέ

2157 655 2470 710 ἀποστεῖλαι
2532 655 2675 710 κατὰ
2729 655 2940 721 ταύτὰ,
3023 655 3165 710 ὥστε
3221 658 3311 711 τὸν
3368 655 3507 713 οἷκον
3554 664 3692 719 αὒτοῦ

2155 748 2253 817 τῆς
2302 748 2504 819 μητρὸς
2533 745 2670 800 εἶναι
2723 745 2862 800 ἴσον.
2947 749 3184 817 Οἱκῆσαι
3223 750 3279 802 δὲ
3327 751 3515 816 αὐτοὺς
3557 757 3607 807 ἐν
3635 761 3691 828 γῇ

2157 840 2377 892 Χαναὰν
2399 880 2414 904 ,
2473 841 2564 908 ἀφ’
2597 834 2658 894 οὗ
2706 841 2994 910 ἐκλεγῆναι
3038 842 3286 912 Ἀϐραὰμ
3315 845 3376 896 ἐκ
3403 846 3503 899 τῶν
3533 848 3691 913 ἐθνῶν,

2157 933 2248 984 καὶ
2277 931 2551 1003 μετελθεῖν
2572 933 2650 995 εἰς
2670 933 2909 996 Χαναὰν,
2947 933 3198 1004 Ἀϐραὰμ
3219 933 3352 988 ἐτῶν
3373 938 3692 1005 εἰκοσιπέντε,

2170 1023 2352 1076 Ἰσαὰκ
2373 1022 2508 1077 ἐτῶν
2530 1024 2790 1094 ἐξήκοντα
2813 1065 2827 1087 ,
2862 1024 3054 1078 Ἰακὼϐ
3076 1026 3213 1078 ἐτῶν
3235 1028 3427 1080 ἑκατὸν
3445 1032 3693 1102 τριάκοντα

2159 1114 2396 1182 γίνεσθαι
2421 1155 2436 1180 ,
2470 1116 2536 1169 τὰ
2566 1117 2742 1169 πάντα
2776 1115 2868 1187 ἔτη
2902 1117 2960 1169 ἐν
2990 1120 3060 1188 γῇ
3090 1119 3312 1172 Χαναὰν
3349 1128 3442 1174 σιε’
3469 1123 3590 1193 (54)·
3620 1129 3695 1180 καὶ

2158 1207 2234 1278 τῷ
2261 1208 2430 1280 τρίτῳ
2463 1209 2606 1274 ἔτει,
2652 1208 2810 1280 λιμοῦ
2844 1208 3011 1280 οὔσης
3039 1213 3096 1263 ἐν
3128 1213 3421 1284 Αἰγύπτῳ,
3453 1215 3607 1268 ἐλθεῖν
3632 1218 3695 1282 εἰς

2160 1299 2429 1368 Αἴγυπτον
2461 1299 2552 1352 τὸν
2592 1299 2784 1354 Ἰακὼϐ
2805 1342 2819 1364 ,
2868 1301 2998 1354 ὄντα
3032 1302 3169 1355 ἐτῶν
3204 1305 3397 1358 ἑκατὸν
3422 1308 3694 1378 τριάκοντα,

2174 1390 2402 1461 Ῥουϐὴν
2442 1390 2579 1444 ἐτῶν
2611 1397 2713 1461 με’,
2751 1390 3014 1462 Συμεῶνα
3065 1391 3202 1444 ἐτῶν
3234 1393 3336 1463 μδ’,
3394 1395 3545 1448 Λειῒν
3585 1397 3696 1450 ἐτῶν

2165 1488 2272 1551 μγ¹,
2327 1480 2526 1535 Ἰούδαν
2577 1481 2714 1534 ἐτῶν
2763 1482 2869 1552 μβ’,
2921 1481 3104 1552 μηνῶν
3138 1483 3340 1554 τριῶν,
3400 1486 3554 1559 Ἀσὴρ
3585 1489 3696 1541 ἐτῶν

2164 1572 2275 1642 (55)
2321 1580 2370 1643 μ’
2392 1614 2406 1638 ,
2453 1573 2635 1646 μηνῶν
2667 1573 2840 1637 ὀκτὼ,
2869 1575 3190 1646 Νεφθαλεὶμ
3229 1578 3369 1630 ἐτῶν
3405 1585 3510 1649 μα’,
3546 1581 3698 1650 μηνῶν

2163 1665 2206 1729 ξ’
2226 1705 2240 1728 ,
2274 1666 2381 1718 Γὰδ
2411 1666 2548 1719 ἐτῶν
2577 1665 2687 1736 μα’,
2723 1666 2906 1737 μηνῶν
2941 1675 3011 1736 γ’,
3044 1669 3331 1722 Ζαϐουλὼν
3362 1671 3494 1724 ἐτῶν
3521 1679 3585 1741 μ’,
3605 1672 3698 1725 Δει-

2161 1773 2258 1808 ναν
2285 1755 2420 1809 ἐτῶν
2452 1756 2549 1819 λθ’,
2580 1758 2834 1828 Βενιαμὶν
2856 1757 2992 1810 ἐτῶν
3016 1766 3121 1828 κη’.
3157 1758 3259 1811 Τὸν
3291 1759 3349 1812 δὲ
3385 1760 3570 1830 Ἰωσήφ
3593 1778 3698 1831 φησι

491 1860 679 1899 merus
703 1855 1024 1915 aequaretur.
1096 1844 1355 1901 Similiter
1395 1849 1562 1903 stolas
1585 1850 1800 1918 quidem
1833 1852 2058 1921 singulis

2174 1847 2407 1917 γενέσθαι
2440 1849 2496 1901 ἐν
2530 1847 2785 1918 Αἰγύπτῳ
2809 1849 2900 1920 ἔτη
2938 1849 3014 1902 λθ’
3067 1850 3200 1921 (56).
3238 1850 3394 1905 Εἶναι
3422 1853 3476 1904 δὲ
3509 1851 3696 1904 ἀπδτοῦ

492 1935 757 2005 geminas,
794 1946 850 1992 at
880 1937 1196 2006 Benjamino
1219 1940 1460 2010 quinque
1484 1957 1607 1995 cum
1639 1944 1817 1997 aureis
1850 1954 2057 1999 trecen-

492 2027 563 2080 tis
591 2027 838 2094 dedisse,
884 2029 1212 2100 totidemque
1256 2030 1321 2084 ad
1354 2040 1560 2100 patrem
1606 2033 1852 2099 misisse,
1880 2034 1957 2088 uti
1990 2050 2057 2088 ne

491 2133 596 2187 qua
627 2119 678 2172 in
707 2134 764 2174 re
790 2130 1031 2174 materna
1064 2120 1269 2175 familia
1303 2123 1455 2177 alteri
1488 2125 1823 2179 concederet.
1889 2127 2058 2180 Crete-

493 2221 635 2269 rum,
661 2222 725 2262 ex
748 2223 856 2278 quo
887 2208 1229 2265 Abrahamus
1260 2212 1526 2268 universis
1557 2229 1585 2268 a
1609 2215 1858 2284 gentibus
1877 2215 2058 2270 divina

489 2303 770 2360 voluntate
810 2307 1065 2373 selectus,
1113 2309 1165 2361 in
1195 2315 1395 2362 terram
1425 2307 1786 2364 Chananaeam
1825 2311 2057 2380 primum

492 2407 870 2465 concesserat,
899 2399 1074 2470 ipsum
1109 2401 1325 2471 quidem
1353 2417 1526 2457 annos
1561 2403 1746 2473 viginti
1797 2405 2057 2473 quinque,

491 2485 742 2542 lsaacum
781 2502 911 2542 vero
958 2491 1236 2558 sexaginta
1260 2531 1272 2553 ,
1301 2489 1558 2545 Jacubum
1585 2492 1816 2562 denique
1844 2492 2059 2563 triginta

494 2594 659 2647 supra
686 2589 926 2648 centum,
975 2581 1170 2636 ibidem
1202 2584 1395 2652 egisse,
1448 2584 1538 2652 qui
1581 2598 1770 2638 omnes
1796 2599 2061 2638 annorum

493 2668 803 2737 quindecim
837 2688 998 2738 supra
1019 2673 1279 2727 ducentos
1306 2690 1576 2729 summam
1603 2674 1855 2730 efficiant.
1891 2672 2064 2744 Atque

496 2759 601 2816 hoc
644 2762 797 2832 ipso,
835 2764 926 2833 qui
971 2765 1130 2820 famis
1184 2766 1324 2835 apud
1372 2767 1658 2839 Egyptios
1707 2768 1894 2823 tertius
1926 2776 2062 2830 erat,

493 2859 748 2907 cunctam
801 2869 990 2909 eorum
1045 2852 1304 2908 familiam
1347 2855 1400 2909 in
1431 2855 1723 2927 Aigyptum
1776 2856 2060 2926 migrasse,

441 2970 447 2977 -
493 2953 619 2997 cum
651 2945 911 3004 Rubenus
963 2966 1139 3005 annos
1191 2950 1431 3021 quinque
1487 2964 1651 3018 supra
1705 2948 2064 3018 quadraginta

464 3030 466 3032 ’
494 3044 658 3094 natus
691 3050 856 3108 esset,
887 3041 1122 3114 Symeon
1163 3053 1396 3113 quatuor
1421 3051 1472 3097 et
1501 3042 1878 3113 quadraginta,
1909 3041 2065 3095 Levi-

494 3142 600 3184 nus
627 3138 736 3187 tres
768 3142 822 3187 et
849 3135 1223 3205 quadraginta,
1249 3133 1418 3189 Judas
1441 3135 1580 3189 duos
1607 3141 1661 3188 et
1684 3133 2060 3202 quadraginta,

495 3234 621 3275 cum
649 3223 822 3280 tribus
851 3225 1074 3296 insuper
1119 3227 1416 3286 mensibus.
1466 3226 1601 3280 Aser
1623 3225 1978 3295 quadraginta
2011 3233 2066 3278 et

500 3328 716 3370 menses
760 3327 920 3385 octo,
948 3317 1364 3388 Nephthalimus
1412 3335 1579 3372 unum
1609 3329 1662 3372 et
1705 3317 2065 3387 quadraginta

499 3420 826 3479 mensesque
856 3419 1083 3479 septem,
1110 3409 1294 3466 Gadus
1326 3410 1548 3464 totidem
1576 3424 1899 3478 mensesque
1935 3417 2064 3474 tres,

498 3495 743 3554 Zabulon
776 3502 1156 3572 quadraginta,
1177 3501 1310 3556 Dina
1339 3516 1532 3555 novem
1563 3515 1629 3554 ac
1655 3500 1895 3570 triginta,
1933 3499 2068 3554 Ben-

499 3589 739 3659 jaminus
779 3603 902 3649 octo
931 3605 985 3650 et
1011 3593 1220 3666 viginti.
1279 3591 1573 3663 Josephum
1603 3601 1781 3647 autem
1813 3592 1867 3647 in
1903 3590 2070 3662 Egy-

502 3691 594 3751 pto
650 3686 809 3742 annis
860 3703 1051 3741 novem
1107 3701 1171 3740 ac
1232 3684 1448 3755 triginta
1500 3684 1721 3739 vixisse.
1780 3681 1969 3752 Itaque
2001 3682 2070 3736 ab

577 3838 691 3909 (54)
742 3840 838 3893 Ἐν
864 3837 943 3908 τῇ
972 3838 1215 3893 Χαναὰν
1241 3846 1370 3892 me".
1401 3837 1666 3909 Accurata
1696 3835 2067 3909 cli‘ronologia.

503 3906 642 3962 Nam
674 3906 1048 3976 Abrahamus,
1078 3909 1166 3979 qui
1195 3925 1339 3962 anno
1365 3909 1541 3962 aetatis
1571 3908 1640 3962 75
1675 3910 1724 3979 in
1751 3906 2070 3961 Cliananiti-

507 3980 631 4034 dem
680 3991 928 4047 venerat,
960 3978 1304 4035 centenarius
1332 3994 1457 4033 cum
1486 3987 1666 4042 esset,
1695 3978 1942 4031 lsaacum
1979 3991 2073 4047 ge:

509 4051 662 4115 nuit,
702 4061 761 4105 ut
792 4045 1020 4106 habetur
1048 4049 1244 4105 Genes.
1276 4066 1366 4103 χχι
1389 4089 1403 4112 ,
1439 4049 1492 4103 5.
1527 4049 1690 4117 Atqui
1723 4049 1792 4102 ab
1827 4045 2074 4117 anno’75

510 4121 577 4174 ad
628 4121 730 4175 100
773 4123 901 4175 anni
931 4119 1125 4192 viginti
1165 4120 1404 4192 quinque
1439 4115 2074 4192 numerantiir._lsaacus

509 4200 688 4247 autem
745 4185 1161 4263 sexagenarius,
1182 4185 1455 4263 Ilaec—bum
1485 4199 1538 4243 et
1565 4187 1707 4263 Esau
1737 4185 2075 4263 ex_Rebecca

511 4263 784 4331 suscepit,
821 4259 1017 4317 Cenes.
1048 4277 1175 4324 xxv,
1207 4261 1298 4327 26,
1345 4260 1438 4330 qui
1472 4259 1610 4331 anni
1647 4259 1926 4331 sexaginta
1951 4272 2075 4331 cum

511 4327 783 4402 prioribus
813 4333 1000 4402 viginti
1034 4334 1300 4402 quinque,
1330 4327 1502 4384 annos
1532 4327 2077 4402 efficiuntoctoginta

513 4398 772 4472 quinque.
829 4398 1112 4458 Postremo
1172 4398 1408 4458 Iacobus
1455 4415 1602 4453 anno
1649 4398 1821 4472 artatis
1870 4399 1970 4472 t50
2023 4399 2074 4472 in

2171 1937 2339 2008 Ἀδὰμ
2358 1977 2372 2000 ,
2403 1937 2513 2008 (57)
2548 1937 2651 2000 ἕως
2679 1938 2772 1990 τοῦ
2799 1939 3060 1994 εἰσελθεῖν
3084 1944 3164 2004 εἰς
3192 1943 3465 2010 Αἴγυπτον
3493 1943 3604 2005 τοὺς
3622 1942 3696 1996 τοῦ

2171 2028 2364 2101 Ἰωσὴφ
2389 2033 2664 2098 συγγενεῖς
2694 2030 2786 2103 ἐτη
2812 2033 2958 2102 γχκδ¹
2981 2050 2995 2064 ο
3021 2034 3128 2086 ἀπὸ
3158 2033 3214 2086 δὲ
3235 2033 3335 2087 τοῦ
3358 2035 3698 2106 κατακλυσμοῦ

2157 2122 2262 2186 ἕως
2308 2123 2407 2192 τῆς
2452 2121 2644 2176 Ἰακὼϐ
2686 2113 3008 2195 ’παρουσίας
3041 2127 3120 2189 εἰς
3156 2127 3434 2196 Αἴγυπτον
3465 2129 3697 2199 Eamne"

2160 2215 2252 2284 ἀφ’
2284 2208 2343 2268 οὗ
2371 2215 2425 2267 δὲ
2456 2215 2739 2286 ἐκλεγῆναι
2790 2216 3034 2288 Ἀϐραὰμ
3066 2218 3129 2270 ἐκ
3152 2217 3259 2270 τῶν
3298 2219 3464 2272 ἐθνῶν
3486 2260 3499 2284 ,
3532 2220 3613 2272 καὶ
3629 2219 3696 2271 tl-

2161 2306 2272 2359 θεῖν
2293 2308 2355 2359 ἐκ
2377 2305 2598 2378 Χαρρὰν
2619 2307 2700 2371 εἰς
2730 2308 2948 2362 Χαναὰν
2963 2351 2979 2375 ,
2999 2308 3104 2372 ἕως
3127 2308 3192 2361 ἂν
3218 2311 3303 2373 εἰς
3328 2312 3583 2378 Αἴγυπτον
3600 2312 3697 2374 τοὺς

2161 2396 2288 2467 περὶ
2334 2395 2524 2450 Ἰακὼϐ
2575 2397 2786 2460 ἐλθεῖν,
2818 2398 2913 2468 ἐτη
2971 2407 3089 2452 σιε’.
3145 2398 3345 2452 Ἰακὼϐ
3382 2401 3438 2454 δὲ
3482 2402 3540 2454 ἐκ
3582 2401 3702 2472 liab-

2164 2484 2263 2556 ῥὰν
2324 2485 2455 2555 πρὸς
2511 2485 2695 2539 Δάϐαν
2747 2486 2921 2540 ἐλθεῖν
2946 2526 2962 2550 ,
3020 2487 3156 2541 ἐτῶν
3193 2489 3326 2543 ὄντα
3360 2497 3412 2543 π’
3465 2491 3596 2561 (58),
3625 2494 3697 2544 καὶ

2164 2577 2422 2647 γεννῆσαι
2457 2579 2617 2631 Λευῖν
2641 2595 2654 2608 ·
2715 2579 2878 2632 Λευῒν
2913 2580 2971 2632 δέ
3005 2582 3063 2633 ἐν
3088 2581 3354 2652 Αἰγύπτῳ
3398 2583 3697 2650 ἐπιγενέσθαι

2163 2671 2256 2741 ἐτη
2281 2671 2365 2737 ιζ’,
2401 2668 2569 2742 ἀφ’οὗ
2590 2675 2653 2726 ἐκ
2679 2672 2898 2728 Χαναὰν
2931 2675 3092 2727 αὑτὸν
3126 2674 3302 2726 ἐλθεῖν
3343 2677 3422 2738 εἰς
3451 2677 3696 2742 Αἴγυπτον,

2164 2761 2304 2816 ὥστε
2339 2759 2476 2817 εἶναι
2510 2765 2669 2817 αὐτὸν
2701 2765 2837 2817 ἐτῶν
2868 2765 2932 2832 ξ’,
2980 2767 3074 2819 καὶ
3107 2766 3371 2836 γεννῆσαι
3401 2766 3544 2821 Κλάθ
3578 2766 3695 2835 (59)·

2163 2854 2310 2926 αὑτῷ
2341 2855 2396 2908 δὲ
2453 2855 2559 2908 ἔτει
2607 2848 2651 2922 ᾧ
2704 2857 2954 2924 γενέσθαι
3012 2855 3162 2910 Κλὰθ
3218 2856 3369 2927 (60),
3425 2857 3699 2926 τελευτῆσαι

2176 2944 2371 3000 Ἰακὼϐ
2445 2947 2502 2999 ἐν
2578 2947 2876 3018 Αἰγύπτῳ,
2961 2948 3329 3019 εὐλογήσαντα
3374 2951 3498 3012 τοὺς
3540 2947 3698 3018 Ἰωσὴφ

2164 3038 2346 3101 υἱοὺς,
2402 3037 2530 3091 ὄντα
2562 3039 2698 3092 ἐτῶν
2754 3038 2877 3110 ρμζν
2933 3039 3080 3111 (61),
3122 3041 3490 3093 καταλιπόντα
3543 3039 3698 3109 Ἰωσὴφ

2166 3128 2303 3181 ἐτῶν
2326 3135 2440 3194 νίζ’.
2461 3129 2620 3182 Λευῒν
2651 3130 2707 3182 δὲ
2744 3131 3032 3200 γενόμενον
3067 3130 3203 3184 ἐτῶν
3235 3131 3360 3202 ρλζ¹
3385 3131 3696 3200 τελευτῆσαν

2166 3220 2314 3274 Κλὰθ
2340 3221 2394 3273 δὲ
2425 3220 2552 3274 ὄντα
2595 3222 2730 3274 ἐτῶν
2758 3228 2808 3292 μ’
2844 3221 2979 3292 (6l‘)
3029 3224 3282 3294 γεννῆσαι
3331 3223 3569 3295 Ἀϐραὰμ
3593 3222 3696 3291 (62).

2164 3313 2223 3365 ὃν
2289 3311 2425 3364 ἐτῶν
2485 3308 2622 3364 εἶναι
2683 3313 2756 3366 ιδ’
2787 3317 2809 3338 ⁶
2840 3315 2898 3365 ἐν
2959 3305 3004 3380 ᾧ
3062 3313 3387 3385 τελευτῆσαι
3449 3313 3621 3385 Ἰωσὴφ
3655 3314 3700 3364 tv

2166 3403 2427 3474 Αἰγύπτῳ
2477 3403 2605 3458 ὄντα
2659 3409 2739 3474 ρι’
2795 3404 2965 3458 ἐτῶν·
3010 3405 3160 3459 Κλὰθ
3198 3406 3253 3458 δὲ
3295 3407 3574 3477 γενόμενον
3601 3406 3699 3458 ἐκαο

2165 3495 2255 3548 τὸν
2286 3496 2379 3564 λγ’
2431 3495 2783 3565 τελευτῆσαι.
2852 3495 3104 3568 Ἀϐραὰμ
3146 3497 3335 3550 λαϐεῖν
3386 3501 3599 3567 γυναῖκα
3623 3495 3699 3565 τὴν

2166 3584 2260 3638 τοῦ
2322 3586 2465 3639 θείου
2529 3587 2804 3659 θυγατέρα
2871 3588 3162 3658 Ἰωχαϐἐτ,
3227 3589 3326 3643 καὶ
3376 3591 3501 3644 ὄντα
3559 3590 3699 3642 ἐνιαυ-

2167 3678 2276 3732 τῶν
2333 3687 2425 3744 οε’,
2487 3680 2744 3751 γεννῆσαι
2789 3678 2998 3750 Ἀαρὼν
3055 3681 3150 3734 κα)⁵
3206 3681 3438 3752 Μωσῆν.
3483 3679 3698 3747 Γεννῆσαι

2173 3828 2666 3903 Diluviu_m_incidit
2704 3831 2757 3884 in
2804 3846 2948 3903 anno
2982 3834 3167 3888 mundi
3205 3835 3369 3895 l655,
3407 3851 3560 3903 quam
3583 3848 3700 3889 sum-

2174 3914 2316 3974 mam
2347 3900 2392 3954 si
2432 3900 2736 3974 detraxeris
2765 3917 2831 3956 ex
2861 3901 3000 3974 2237
3023 3946 3038 3970 ,
3072 3915 3407 3974 supererunt
3428 3900 3562 3966 589.;
3603 3918 3700 3974 pro-

2175 3969 2300 4043 inde
2333 3985 2510 4043 annus
2540 3972 2628 4025 ille
2656 3973 2919 4043 adventus
2955 3969 3371 4043 in’Eg'yptum,
3401 3990 3465 4030 ex
3496 3969 3696 4043 ejusdem

2175 4040 2546 4108 chrunologia:
2579 4042 2881 4110 principiis,
2910 4044 3014 4096 erit
3045 4040 3222 4100 annus
3250 4061 3283 4099 a
3313 4040 3644 4100 diluvio'582.

2251 4111 2362 4182 (58)
2431 4111 2607 4185 Ἐτῶν
2655 4111 2800 4185 ὄντα
2846 4118 2925 4166 π’.
2982 4112 3250 4185 Circiter,
3311 4131 3422 4170 non
3478 4113 3694 4185 ἀκριϐῶς.

2176 4181 2541 4308 fTumTenim,
2593 4191 2654 4237 ut
2702 4183 2862 4236 etiam
2911 4193 3036 4238 ante
3088 4184 3429 4253 Demetrius,
3475 4181 3696 4240 annorum

2204 4264 2281 4308 uit
2361 4267 2402 4304 ι.

2204 4255 2281 4308 uit
2316 4251 2402 4304 77.

2273 4323 2358 4387 59)
2400 4320 2586 4374 Κλὰθ.
2613 4319 2783 4374 Caath
2815 4323 3130 4388 vocabatur,
3161 4340 3268 4380 non
3299 4325 3476 4380 Clath.

2273 4324 2358 4387 59)
2400 4324 2586 4374 Κλὰθ.
2613 4324 2783 4374 Caath
2815 4324 3130 4388 vocabatur,
3161 4340 3268 4380 non
3299 4325 3476 4380 Clath.

2250 4324 2362 4462 (60)
2405 4391 2695 4444 Γενέσθαι
2733 4393 2917 4446 Κλάθ.
2965 4393 3075 4448 1ιιιο
3116 4412 3245 4450 sane
3281 4398 3466 4450 multis
3497 4401 3606 4449 ante
3631 4389 3699 4462 δεῖ

514 4459 806 4556 Egyptum
841 4474 1148 4534 descendit.
1195 4473 1391 4556 Genes:
1449 4487 1629 4556 τειχει,
1675 4471 1735 4556 9.·
1784 4468 1992 4556 Quibus
2031 4468 2076 4522 si
2111 4529 2152 4556 ῃ
2179 4459 2301 4544 cobi
2346 4459 2582 4556 mortem
2651 4462 2809 4516 annis
2842 4478 2856 4515 :
2888 4463 3032 4532 quod
3081 4477 3259 4519 tamen
3331 4477 3478 4522 certo
3525 4459 3697 4520 definiri

515 4529 786 4599 addideris
815 4548 1023 4614 priores
1057 4529 1157 4608 85⁷,
1197 4542 1485 4597 liomadem
1521 4529 1666 4594 illam
1723 4529 1946 4594 habebis
1979 4555 2078 4592 an-
2109 4529 2152 4583 Ι)
2184 4536 2493 4614 \‘ixnpotest.

516 4631 709 4669 norum
735 4616 860 4669 ⁸215.

587 4685 701 4754 (55)
743 4684 916 4753 Ἀσὴρ
947 4683 1116 4744 ἑτῶν,
1145 4691 1250 4737 etc.
1283 4681 1529 4754 Sequens
1545 4679 2080 4754 _an_norum_istor_um

515 4746 654 4826 ratio
685 4746 901 4826 longqu
931 4772 960 4807 a
995 4746 1508 4826 veritate_disc'edit.
1545 4751 1728 4826 Primo
1756 4750 1948 4826 enim,
1969 4746 2080 4826 Dan

517 4842 546 4879 a
583 4824 719 4880 Juda
754 4817 1035 4896 proximus
1064 4824 1184 4885 luit,
1209 4817 2084 4896 GenesLxx‘x,5._‘Deinde‘Nepli-

517 4886 776 4952 tlialiinus
816 4895 1024 4948 Danum
1061 4896 1337 4962 sequitur,
1388 4890 1828 4962 Neplitlialimuin
1862 4886 2082 4953 Cadus,

517 4966 729 5022 Gadum
757 4970 893 5021 Aser
912 5005 925 5028 ,
955 4979 1114 5033 quem
1141 4960 1231 5018 liic
1261 4973 1387 5015 ante
1428 4960 1864 5033 Neplrtlialinium
1900 4975 2085 5012 recen-

521 5046 635 5100 set,
683 5029 986 5104 eodemque
1030 5045 1210 5088 tamen
1258 5033 1529 5104 juniorrm
1567 5031 1712 5104 facit.
1744 5029 1963 5104 Aserem
2001 5043 2090 5082 se-

521 5098 708 5175 quitur
742 5098 1022 5170 lssacbar,
1058 5098 1393 5175 lssaclizirein
1433 5101 1710 5175 Zabulon,
1752 5098 2086 5175 Zabulonem

527 5171 682 5237 Dina,
716 5176 904 5230 Dinam
934 5175 1222 5244 Joseplius,
1254 5171 1549 5244 Josepliutn
1583 5171 1956 5244 Benjaminus.

597 5247 710 5315 (56)
763 5247 858 5300 Ἐν
881 5242 1156 5315 Αἰγύπτῳ
1184 5245 1288 5315 ἕτῃ
1319 5247 1428 5297 .10'.
1468 5242 2040 5315 lmo_n9naginta_tres
2069 5257 2082 5294 :

526 5310 791 5385 siquidem
823 5310 970 5370 anno
1010 5315 1075 5369 t7
1123 5316 1175 5368 in
1225 5313 1516 5385 Aﬂgyptum
1559 5311 1860 5374 abductus,
1889 5310 2083 5385 Qenes.

527 5380 848 5510 “Regna.
881 5386 1080 5441 ibidem
1132 5400 1275 5439 anno
1306 5380 1409 5436 ΠΟ
1453 5392 1699 5437 mortuus
1732 5391 1847 5448 est,
1891 5380 2084 5437 Geues.

528 5469 593 5510 ι..
701 5497 714 5510 .

528 5469 593 5520 1.,
622 5469 714 5510 '22.

603 5526 714 5595 (57)
766 5527 897 5579 Ἀπὸ
933 5527 1038 5579 τοῦ
1081 5523 1253 5594 Ἀδάμ
1277 5565 1292 5588 ,
1343 5532 1448 5577 etc.
1481 5521 1706 5584 Creato,
1743 5523 2090 5595 animortuo?

533 5593 892 5664 undecunque
946 5593 1226 5659 numeres,
1259 5607 1367 5648 tam
1399 5595 1638 5664 incertus
1657 5601 1746 5664 est
1782 5593 1868 5664 liic
1885 5608 2087 5664 iiume-g

534 5683 656 5731 rus,
704 5660 865 5734 qua—ni
907 5682 1083 5721 annus
1108 5665 1256 5720 orbis
1294 5664 1516 5719 conditi.
1551 5662 1607 5716 In
1652 5660 1831 5718 Patris
1884 5663 2086 5734 Peta_vii

531 5731 917 5806 Chronélogia,
950 5738 1036 5790 cui
1081 5737 1377 5806 plurimum
1413 5734 1591 5806 tribuo
1617 5773 1632 5798 ,
1667 5748 1844 5787 annus
1876 5731 2089 5806 illeJa-

530 5809 653 5865 cobi
684 5806 738 5860 in
769 5805 1055 5877 {Egyptqu
1081 5803 1312 5860 καθόδου
1333 5846 1348 5873 ,
1381 5803 1569 5860 mundi
1611 5820 1788 5860 annus
1815 5814 1898 5861 est
1925 5805 2086 5862 2237.

2253 4602 2367 4664 (61)
2415 4600 2591 4654 Ἐτῶν
2613 4601 2759 4670 ρμζτ.
2794 4604 2868 4656 Ita
2905 4602 3096 4658 Cenes.
3137 4619 3308 4669 3:1.in,
3341 4605 3431 4659 27.

2254 4672 2385 4744 (6l')
2424 4673 2590 4726 Κλὰο
2633 4673 2775 4744 ὄντα
2814 4673 2964 4726 ἑτῶν
2995 4673 3283 4744 μἠΕΠοε
3314 4693 3380 4730 ex
3417 4672 3568 4744 priori
3596 4685 3699 4727 cou-

2183 4742 2436 4811 sequens,
2474 4759 2585 4810 quo
2609 4742 2796 4796 eodem
2830 4759 2970 4796 anno
2997 4754 3046 4797 et
3078 4742 3342 4799 Jacobum
3377 4742 3699 4804 niortuumﬁ

2183 4813 2449 4867 Caatlium
2480 4815 2534 4866 in
2565 4813 2736 4868 lucem
2769 4813 2973 4868 editum
3009 4815 3206 4882 posuit.
3240 4815 3411 4869 Error
3431 4817 3696 4882 auteiniest,

2185 4897 2308 4936 cum
2344 4883 2466 4937 inde
2497 4893 2754 4950 sequatur
2789 4893 2972 4938 natum
3001 4881 3121 4938 esse
3153 4885 3423 4939 Canthum
3476 4885 3525 4939 in
3567 4881 3698 4950 Ᾰῐιεῐο

2187 4966 2297 5022 pto,
2332 4968 2454 5006 cum
2490 4963 2671 5022 tamen
2705 4955 2871 5007 frater
2896 4955 3014 5022 ejus
3054 4954 3268 5019 Merari,
3300 4966 3427 5010 natu
3460 4955 3693 5009 minimus.

2185 5021 2311 5094 ante
2339 5023 2488 5078 illum
2527 5025 2580 5077 in
2609 5021 2844 5094 Egypto
2870 5021 3029 5078 natus
3050 5023 3231 5086 fuerit,
3256 5026 3452 5080 Genes.
3482 5039 3604 5084 aut,
3631 5022 3692 5072 H-

2185 5093 2354 5170 Multo
2386 5110 2514 5170 ergo
2547 5093 2728 5148 senior
2774 5095 3010 5170 Caatbus
3053 5105 3203 5170 erat,
3235 5111 3360 5170 cum
3394 5097 3694 5170 Auiraanium

2187 5166 2392 5235 genuit.
2429 5164 2617 5235 Annus
2659 5173 2839 5218 tamen
2868 5165 2955 5218 ille
2983 5165 3121 5218 haud
3146 5167 3370 5230 certius,
3401 5180 3554 5235 quam
3583 5164 3696 5229 ejus-

2186 5235 2308 5288 dem
2329 5234 2524 5306 iCaathi
2560 5235 3017 5306 ortusijesignari
3049 5245 3244 5302 potest.
3419 5234 3431 5235 ί
3606 5299 3621 5306 _
3667 5296 3675 5306 ,

2257 5305 2394 5376 (‘69),
2423 5302 2685 5373 Ἁϐραάμ.
2733 5299 2992 5360 llebraice
3017 5299 3208 5368 dm.
3266 5306 3560 5359 Demetrius
3603 5299 3696 5376 fecit

2201 5373 2469 5446 Ἀϐραάμ,
2498 5376 2710 5446 sublato
2740 5393 2798 5444 μ,
2831 5386 2886 5429 et
2924 5376 3126 5429 inserto
3162 5393 3196 5429 α
3222 5395 3237 5429 :
3261 5377 3371 5446 nisi
3407 5385 3569 5429 tamen
3593 5373 3695 5446 seri;

2187 5433 2369 5515 pserat
2403 5433 2698 5516 ίἊμραὰμ.
2737 5433 3085 5516 septuaginta
3138 5445 3423 5516 ’Δμϐράμ,
3475 5433 3696 5516 inserto§

2188 5508 2260 5586 ob
2293 5508 2620 5583 euphoniam
2641 5508 2671 5569 ἰ
2703 5508 3113 5586 vulgaris'eiiim
3162 5508 3248 5586 liic
3275 5508 3430 5570 error
3459 5525 3562 5578 est,
3584 5508 3693 5586 (μείξει

2189 5585 2242 5638 in
2291 5579 2642 5655 triariuscript.
2675 5579 2956 5641 codicibus
2995 5603 3034 5655 μ
3066 5596 3119 5642 et
3155 5585 3187 5638 6
3223 5587 3408 5640 eodem
3441 5587 3542 5639 fere
3570 5579 3694 5655 modo

2187 5653 2684 5736 pingereutur.‘8ie
2732 5657 2874 5714 infra
2914 5653 3241 5728 Μώαμῖται,
3285 5673 3384 5726 pro
3423 5653 3693 5711 Mwaﬁiesh

2189 5734 2446 5796 scriptum
2477 5735 2580 5782 est.
