3838 6384
504 347 609 407 79.7

1067 466 1297 522 CAPUT
1348 466 1514 520 XXV.

955 579 1029 632 De
1061 579 1196 632 Juba
1217 621 1232 644 ,
1271 595 1337 634 ex
1367 581 1613 634 Arisltea.

566 691 722 749 Nunc
775 709 954 748 autem
1009 694 1134 748 audi
1185 696 1296 758 sis,
1342 711 1464 764 qua:
1514 697 1581 751 de
1608 695 1747 750 Jobo
1785 697 1926 751 idem
1961 700 2076 768 ipse

495 793 902 840 commemoret.
923 804 944 838 ι
965 787 1256 853 Aristaras,
1309 787 1518 857 inquit,
1575 789 1626 841 in
1653 805 1749 842 sua
1783 789 1848 844 de
1873 789 2074 846 Judmis

497 873 759 937 Historia,
795 887 986 932 auctor
1017 887 1098 930 est
1128 877 1327 932 Esaum
1359 895 1424 933 ex
1455 879 1684 934 Bassara
1718 881 1948 951 conjuge
1980 880 2072 936 Jo-

495 972 621 1022 bum
655 971 708 1022 in
740 969 972 1025 Idumaea
1022 971 1192 1024 lilium
1221 971 1509 1041 genuisse,
1557 973 1850 1042 sedemque
1881 974 1984 1027 sibi
2015 975 2067 1026 in

492 1061 742 1116 Ausitide
775 1063 992 1132 regione
1018 1064 1084 1116 ad
1120 1065 1297 1132 ipsum
1345 1062 1593 1118 Idumam
1614 1074 1667 1118 et
1695 1065 1908 1119 Arabiae
1939 1080 2070 1120 con-

493 1151 679 1205 [inium
708 1153 992 1222 delegisse.
1025 1151 1288 1206 Eumdem
1311 1154 1562 1224 aquitate
1590 1165 1935 1224 praestantem
1954 1199 1968 1222 ,
2005 1172 2069 1211 ac

490 1259 686 1313 pecore
704 1245 756 1297 in
776 1245 968 1313 primis
998 1244 1364 1300 abundantem
1389 1244 1562 1301 fuisse
1596 1264 1609 1300 :
1645 1248 2063 1317 quippe,ovium

487 1335 634 1389 enim
690 1345 919 1405 septem,
957 1338 1288 1392 camelorum
1334 1339 1438 1392 tria
1483 1338 1671 1406 millia,
1707 1341 1857 1409 paria
1900 1341 2064 1394 boum

487 1427 806 1496 quingenta,
854 1429 1204 1499 gregalesque
1250 1430 1433 1486 asinas
1471 1431 1692 1486 totidem
1724 1447 2062 1486 numerasse.

485 1520 708 1588 Copiam
741 1537 992 1590 agrorum
1024 1538 1132 1576 non
1161 1523 1486 1578 absimilem.
1518 1526 1596 1580 Ac
1618 1522 1814 1580 Jobum
1846 1525 2061 1594 quidem

482 1611 644 1684 43],
683 1611 968 1667 Jobamum
1028 1625 1188 1668 antea
1248 1615 1588 1670 nominatum
1653 1632 1793 1671 esse.
1857 1615 2054 1679 Porro,

485 1703 655 1758 Deum
700 1706 1047 1774 explorandze
1102 1707 1344 1762 hominis
1397 1709 1798 1777 probatidzeque
1841 1707 2060 1762 virtutis

1070 369 1073 372 ·
1167 347 1433 419 EUSEBll
1474 345 1959 403 CIESARlE‘NSlS
1995 347 2143 402 OPP.
2187 347 2364 402 PARS
2403 348 2468 403 ll.
2507 381 2570 390 —-
2609 348 3103 407 APOLOGETICA.

3643 349 3732 408 738

2680 471 3076 524 ΚΕΦΑΛΑΙΟΝ
3115 469 3244 523 KE'.

2553 585 2915 650 Ἀρισταίου,
2947 581 3080 649 περὶ
3109 580 3214 634 τοῦ
3250 580 3388 635 Ἰὼϐ.

2257 698 2451 750 Ἀκουε
2493 698 2549 750 δὲ
2592 693 2680 750 οἷα
2723 697 2816 749 καὶ
2847 697 2974 768 περὶ
3008 695 3106 749 τοῦ
3138 694 3258 748 Ἰὼϐ
3285 695 3314 746 ό
3340 693 3502 755 αὐτὸς
3529 690 3731 765 ἱστορεῖ.

2183 809 2201 842 ι
2235 793 2541 862 Ἀρισταίας
2567 792 2625 846 δέ
2675 807 2838 860 φησιν
2899 790 2956 840 ἐν
3003 787 3082 858 τῷ
3125 789 3262 855 Πηρὶ
3307 785 3604 841 Ἰουδαίων
3649 787 3729 841 τὸν

2187 879 2380 941 Ἡσαῦ,
2415 881 2668 950 γήμαντα
2694 881 2983 951 Βασσάρας
3015 879 3132 932 υἱὸν
3153 878 3262 948 (69)
3300 878 3356 929 ἐν
3393 875 3584 946 Ἑδὼμ,
3620 894 3725 944 γενσ

2171 974 2330 1041 νῆσαι
2358 973 2492 1024 υἱόν.
2526 974 2814 1026 Κατοικεῖν
2840 973 2895 1025 δὲ
2925 971 3111 1025 τοῦτον
3143 973 3199 1023 ἐν
3216 973 3279 1041 τῇ
3301 969 3539 1022 Αὐσίτιδι
3571 968 3726 1040 χώρᾳ,

2171 1066 2263 1117 ἐπὶ
2288 1068 2399 1128 τοῖς
2427 1066 2575 1136 ὅροις
2599 1065 2700 1135 τῆς
2737 1065 3042 1135 Ἰδουμαίας
3067 1064 3161 1117 καὶ
3196 1062 3474 1133 Ἀραϐίας.
3494 1061 3730 1115 Γενέσθαι

2170 1157 2412 1219 δ’,αὒτὸν
2461 1157 2666 1210 δίκαιον
2721 1157 2813 1210 καὶ
2859 1155 3211 1226 πολύκτηνον.
3265 1154 3584 1226 κτήσασθαι
3630 1153 3728 1226 γὰρ

2170 1247 2332 1299 αὑτὸν
2353 1247 2598 1317 πρόϐατα
2621 1249 2717 1317 μὲν
2746 1247 3148 1318 ἑπτακισχίλια,
3168 1247 3447 1318 καμήλους
3468 1247 3522 1300 δὲ
3541 1265 3729 1320 τρισχι-

2168 1337 2307 1403 λίας,
2336 1336 2502 1410 ζεύγη
2532 1337 2669 1408 βοῶν
2699 1338 3052 1402 πεντακόσια,
3078 1339 3231 1403 ὅνους
3257 1339 3478 1409 θηλείας
3511 1340 3728 1410 impia-1;

2167 1432 2549 1494 πεντακοσίας.
2583 1428 2710 1501 Εἶχε
2745 1431 2800 1483 δὲ
2836 1433 2930 1484 καὶ
2977 1431 3248 1502 γεωργίας
3292 1433 3502 1496 ἱκανάς.
3546 1432 3727 1487 Τοῦτον

2163 1519 2222 1572 δὲ
2255 1519 2344 1572 τὸν
2379 1518 2499 1572 Ἰὼϐ
2527 1520 2788 1592 πρότερον
2835 1519 3035 1590 Ἰωϐἀμ
3065 1520 3176 1591 (70)
3207 1521 3589 1591 ὀνομάζεσθαι.
3619 1522 3725 1574 Πει-

2166 1611 2400 1682 ρὰζοντα
2427 1611 2470 1663 δ’
2505 1612 2666 1664 αὑτὸν
2712 1610 2820 1665 τδνο
2846 1611 2981 1664 Θεὸν
3026 1614 3283 1683 ἐμμεῖναι
3308 1652 3322 1676 ,
3377 1613 3637 1684 μεγάλαις
3675 1613 3727 1668 δὲ

2165 1704 2476 1776 περιϐαλεῖν
2506 1705 2669 1756 αὐτὸν
2712 1704 2978 1776 ἀτυχίαις.
3036 1704 3260 1774 Πρῶτον
3295 1705 3393 1774 μὲν
3438 1704 3546 1776 γὰρ
3577 1703 3726 1760 αὑτοῦ

483 1797 698 1866 gratia,
743 1797 1016 1853 diuturnis
1061 1814 1184 1854 eum
1235 1801 1600 1870 gravibusque
1657 1801 2040 1856 calamitatibus

2163 1795 2286 1859 τους
2315 1813 2374 1848 τε
2401 1795 2554 1859 ὅνους
2578 1798 2672 1850 καὶ
2701 1795 2827 1866 βοῦς
2857 1797 2963 1850 ὑπὸ
3002 1797 3214 1870 λῃστῶν
3241 1797 3598 1868 ἀπελαθῆναι,
3623 1794 3728 1852 εἶτα

483 1889 818 1945 exercuisse.
852 1890 1095 1946 Primum
1149 1893 1295 1947 enim
1344 1893 1622 1948 asinarum
1656 1895 1930 1964 boumque
1963 1909 2057 1947 ar-

481 1993 664 2038 menta
699 2000 729 2039 a
755 1985 1056 2040 latronibus
1078 2001 1171 2054 per
1200 1985 1308 2040 vim
1333 1986 1526 2041 abacta
1555 2001 1712 2052 esse;
1776 1994 1893 2042 tum
1925 2001 2058 2044 oves

479 2075 642 2130 simul
674 2086 835 2144 atque
863 2087 1106 2146 pastores
1134 2077 1258 2148 igne
1297 2079 1513 2134 caelitus
1559 2078 1808 2135 immisso
1852 2080 2056 2136 conﬂa-

478 2183 702 2237 grasse;
743 2185 869 2223 mox
900 2179 957 2224 et
985 2171 1223 2226 camelos
1258 2187 1288 2226 a
1323 2172 1625 2228 latronibus
1653 2175 1904 2228 similiter
1953 2176 2052 2229 ab-

477 2261 694 2324 ductos,
755 2259 1004 2332 ﬁliosque
1048 2278 1238 2319 omnes
1286 2264 1483 2319 aedium
1543 2265 1702 2320 ruina
1763 2282 2052 2336 oppressos

477 2353 646 2409 fuisse
678 2372 696 2409 :
722 2362 1000 2424 postremo
1028 2355 1179 2410 illum
1215 2355 1377 2410 etiam
1417 2371 1484 2411 eo
1526 2356 1647 2426 ipso
1679 2357 1769 2413 die
1813 2357 2050 2414 foedissi-

476 2460 567 2499 mo
604 2447 771 2500 totius
802 2448 1050 2516 corporis
1083 2447 1263 2503 ulcere
1291 2449 1593 2505 laborasse.
1626 2449 1837 2516 Quibus
1871 2451 1926 2505 in
1959 2466 2051 2505 an-

473 2537 669 2604 gustiis
710 2538 924 2610 positus
968 2555 1094 2594 cum
1131 2549 1301 2602 esset.
1333 2541 1400 2595 ad
1428 2557 1553 2595 eum
1583 2541 1851 2597 inviseudi
1881 2559 2048 2598 causa

477 2629 719 2700 Elipbam
747 2630 1193 2686 Themanitarum
1215 2649 1416 2704 regem.
1439 2633 1730 2689 Baldadem
1761 2634 2046 2692 Sauchaao-

473 2737 593 2774 rum
638 2730 948 2792 tyrannum,
981 2723 1280 2794 Sopliarem
1331 2724 1705 2782 Mannaorum
1756 2743 1962 2798 regem,
1992 2739 2046 2784 et

475 2810 648 2866 Elimn
698 2813 1033 2870 Baracbielis
1079 2816 1251 2870 lilium
1298 2815 1542 2872 Zobitem
1572 2819 1910 2874 convenisse.
1939 2818 2043 2885 Qui

470 2917 593 2956 eum
627 2918 751 2958 eum
783 2905 1026 2976 alloquio
1054 2907 1383 2972 solarentur,
1410 2909 1610 2978 ipsum,
1647 2911 1862 2965 tametsi
1909 2927 2044 2966 con-

470 2993 740 3050 solatione
765 2997 916 3052 omni
941 3008 1170 3064 careret,
1191 2997 1433 3055 futurum
1460 3011 1639 3056 tamen
1667 3003 2036 3072 respondisse,

469 3086 554 3140 uti.
571 3087 788 3157 pietatis
821 3106 934 3146 sum
962 3091 1178 3145 laudem
1203 3091 1304 3145 hac
1333 3092 1385 3144 in
1417 3099 1568 3146 tanta
1593 3092 1861 3147 malorum
1885 3110 2037 3150 acer-

2161 1887 2227 1940 τά
2257 1887 2505 1957 πρόϐατα
2534 1888 2638 1941 ὑπὸ
2668 1888 2763 1942 τοῦ
2801 1890 2971 1961 πυρὸς
2994 1890 3058 1942 ὲκ
3086 1889 3177 1942 τοῦ
3215 1889 3447 1963 οὐρανοῦ
3487 1892 3726 1954 πεσόντος

2158 1979 2504 2050 κατακαῆναι
2551 1982 2649 2034 σὺν
2678 1983 2790 2044 τοῖς
2835 1981 3093 2053 ποιμέσι’
3127 1984 3244 2052 μετ’
3282 1982 3344 2035 οὐ
3373 1981 3508 2036 πολὺ
3557 1982 3613 2036 δὲ
3643 1983 3726 2038 καὶ

2154 2073 2250 2136 τὰς
2275 2071 2555 2144 καμήλους
2578 2073 2684 2126 ὑπὸ
2711 2073 2926 2144 λῃστῶν
2953 2073 3321 2145 ἀπελαθῆναι·
3351 2069 3471 2126 εἶτα
3493 2073 3562 2127 τὰ
3579 2075 3726 2128 τέκνα

2153 2165 2315 2220 αὐτοῦ
2351 2165 2659 2229 ἀποθανεῖν,
2689 2165 2963 2236 πεσούσης
2997 2167 3096 2238 τῆς
3121 2167 3315 2230 οἰκίας,
3341 2167 3724 2239 Αὐθημερὸνδὲ

2151 2257 2316 2310 αὐτοῦ
2356 2257 2448 2309 καὶ
2478 2256 2536 2309 τὸ
2575 2256 2735 2328 σῶμα
2771 2257 3029 2312 ἐλκῶσαε.
3071 2259 3293 2323 Φαύλως
3319 2259 3377 2313 δὲ
3422 2259 3590 2313 αὐτοῦ
3619 2260 3720 2313 δια-

2151 2350 2435 2421 κειμένου,
2470 2349 2642 2403 ὲλθεῖν
2680 2352 2760 2414 εἰς
2805 2351 3092 2417 ἐπίσκεψιν
3141 2352 3359 2420 Ἐλίφαν
3397 2353 3492 2407 τὸν
3523 2354 3722 2423 Θαψα-

2149 2443 2309 2496 νιτῶν
2339 2441 2562 2512 βασιλέα
2585 2483 2599 2506 ,
2631 2442 2726 2496 καὶ
2759 2442 2965 2496 Βαλδάδ
2997 2444 3106 2496 τῶν
3131 2444 3414 2514 Σαυχαίων
3453 2445 3720 2517 τύραννον,

2150 2535 2244 2588 καὶ
2289 2533 2489 2604 Σωφάρ
2525 2534 2618 2587 τὸν
2663 2535 2953 2589 Μανναίων
3004 2534 3260 2604 βασιλέα,
3315 2535 3491 2590 ἐλθεῖν
3534 2538 3590 2590 δὲ
3639 2540 3719 2590 καὶ

2161 2627 2364 2680 Ἐλιοῦν
2388 2627 2478 2679 τὸν
2505 2626 2784 2700 Βαραχιὴλ
2809 2627 2900 2679 τὸν
2927 2627 3188 2697 Ζωϐίτην.
3219 2629 3719 2701 Παρακαλουμένιη

2145 2720 2223 2784 δὲ,
2257 2719 2421 2788 φάναι
2471 2718 2567 2771 καὶ
2606 2719 2776 2789 χωρὶς
2817 2719 3215 2789 παρακλήσεως
3261 2723 3526 2791 ἐμμενεῖν
3572 2723 3718 2776 αὐτὸν

2145 2811 2201 2864 ἕν
2222 2828 2280 2864 τε
2312 2813 2377 2881 τῇ
2412 2809 2662 2880 εὐσεϐείᾳ
2693 2811 2787 2862 καὶ
2818 2812 2931 2874 τοῖς
2963 2810 3174 2874 δεινοῖς.
3199 2811 3300 2863 Τὸν
3325 2811 3379 2863 δὲ
3409 2811 3568 2877 Θεὸν,
3598 2816 3719 2882 ἀγα·

2147 2903 2345 2958 σθέντα
2367 2902 2462 2974 τὴν
2495 2901 2757 2971 εὐψυχίαν
2791 2901 2977 2966 αὐτοῦ,
3011 2902 3112 2972 τῆς
3134 2920 3192 2956 τε
3219 2902 3374 2956 νόσου
3403 2904 3571 2956 αὑτὸν
3599 2907 3717 2957 ἁπο-

2143 2997 2324 3061 λῢσαι,
2369 2997 2460 3048 καὶ
2500 2995 2707 3048 πολλῶν
2749 2995 2935 3067 κύριον
2992 2996 3276 3068 ὑπάρξεων
3342 2998 3718 3069 ποιῆσαι.›1”ο-

2145 3073 2318 3149 σαῦτα
2358 3091 2453 3144 καὶ
2480 3089 2607 3162 περὶ
2635 3089 2840 3142 τούτων
2870 3091 2899 3142 ὁ
2925 3090 3263 3162 Πολυΐστωρ.

468 3179 638 3236 bitate
661 3192 977 3254 perpetuam
1016 3184 1291 3240 retineret.
1317 3185 1488 3240 Deum
1522 3201 1652 3242 vero
1684 3185 1789 3241 hac
1820 3188 1942 3258 ejus
1978 3186 2306 3262 integritatis
2333 3193 2388 3240 et
2415 3184 2737 3239 constantia:
2769 3182 2820 3236 vi
2850 3183 3110 3252 majorem
3143 3183 3198 3237 in
3223 3182 3446 3237 modum
3477 3183 3710 3251 probata,

466 3289 575 3328 non
607 3276 783 3345 ipsum
808 3286 1018 3332 tantum
1049 3279 1242 3333 morbo
1272 3279 1554 3347 liberasse,
1587 3297 1774 3338 verum
1805 3285 1967 3340 etiam
2003 3281 2312 3357 ingentibus
2339 3277 2595 3345 deinceps
2625 3274 2820 3345 opibus
2854 3290 2919 3329 ac
2953 3275 3186 3330 fortunis
3211 3275 3576 3330 cumulasse.»
3599 3273 3712 3328 llaec

465 3368 645 3425 omnia
675 3369 998 3440 Polyhistor.
1531 3425 1540 3434 ,

1028 3483 1258 3539 CAPUT
1290 3485 1480 3541 XXVI.

877 3593 953 3646 De
989 3593 1187 3664 Moyse,
1214 3613 1278 3650 ea:
1317 3596 1616 3667 Eupolemo.

533 3701 679 3757 Idem
711 3718 930 3774 quoque
958 3705 1191 3776 plurima
1220 3707 1287 3762 de
1325 3705 1509 3780 Moyse
1538 3709 1702 3766 habet
1733 3711 1920 3768 auditu
1950 3711 2038 3767 di-

462 3809 584 3865 gna.
609 3805 630 3840 ι
654 3794 916 3868 Moysem,
966 3797 1161 3867 inquit,
1190 3810 1376 3854 narrat
1424 3799 1755 3871 Eupolemus
1797 3805 2036 3875 primum

461 3886 757 3956 sapientem
788 3886 980 3955 fuisse,
1010 3887 1321 3960 Judaeisque
1352 3893 1588 3962 primum
1627 3895 1836 3951 litteras
1868 3897 2036 3951 tradi-

457 3979 623 4043 disse,
673 3994 702 4034 a
755 3981 957 4050 quibus
998 3997 1091 4038 eas
1135 3981 1443 4047 Pluenices,
1498 3996 1557 4039 ut
1605 4001 1634 4040 a
1679 3985 2034 4046 Phcenicibus

457 4069 651 4137 Graeci,
681 4073 986 4142 acceperint
1021 4094 1034 4127 :
1068 4073 1430 4144 eumdemque
1458 4075 1660 4134 iudmis
1691 4079 1836 4150 leges
1881 4083 2033 4151 prin-

457 4161 630 4230 cipem
666 4162 993 4219 condidisse.
1021 4178 1042 4212 ι

998 4369 1226 4426 CAPUT
1265 4373 1480 4430 XXVII.

879 4481 953 4532 De
984 4482 1186 4551 eodem,
1211 4501 1275 4538 ex
1306 4489 1600 4558 Artapano.

519 4589 827 4659 Artapanus
870 4600 1050 4647 autem
1103 4595 1156 4648 in
1209 4611 1310 4650 suo
1352 4597 1419 4652 de
1451 4597 1653 4655 Judaais
1698 4617 1858 4671 opere
1892 4619 2027 4658 scrt-

449 4681 544 4747 bit,
566 4683 876 4738 Abrahamo
903 4700 1027 4739 cum
1066 4687 1604 4756 Mcmpsasthenotbe
1633 4693 1763 4759 lilio,
1798 4695 2026 4765 ipsoque

449 4773 830 4847 Egyptiorum
866 4793 1013 4848 rege,
1046 4779 1156 4833 vita
1188 4779 1397 4846 functo,
1427 4780 1840 4841 Palmanothem
1890 4788 2022 4842 alte-

447 4882 568 4920 rum
619 4867 862 4937 ejusdem
913 4871 1082 4925 lilium
1114 4872 1330 4944 .Egypti
1375 4875 1664 4946 imperium
1694 4881 2020 4950 capessisse,

443 4955 800 5029 Judaeumque
829 4963 1088 5032 populum
1117 4963 1313 5020 durius
1344 4967 1620 5024 habuisse.
1649 4971 1732 5024 Ab
1759 4971 1862 5026 hoc
1906 4972 2020 5042 pri-

444 5065 592 5104 mum
640 5049 862 5106 Cessam
912 5055 1209 5123 conditam,
1245 5058 1298 5111 in
1330 5074 1502 5129 eaque
1551 5062 1860 5126 delubrum,
1894 5080 2018 5119 mox

443 5144 702 5214 templum
751 5149 893 5217 apud
945 5148 1269 5222 Heliopolim
1315 5170 1458 5209 esse.
1507 5154 1669 5227 432
1712 5158 1795 5211 Ab
1825 5159 2016 5213 eodem

513 5280 624 5360 (69)
665 5284 992 5360 βασσάρας
1024 5289 1176 5351 υἱόν,
1213 5299 1316 5343 etc.
1361 5285 1505 5344 Verti
1531 5334 1544 5354 ,
1587 5293 1810 5360 perinde
1853 5311 1916 5348 ac
1965 5297 2010 5350 si

440 5353 591 5421 prius
631 5353 746 5407 υίόν
773 5356 984 5428 abesset
1013 5400 1026 5419 ,
1064 5362 1338 5428 posterius
1369 5353 1545 5415 autem
1581 5353 1632 5414 in
1674 5363 1792 5416 Ἰὼϐ
1834 5375 2011 5420 muta-

439 5429 554 5475 tum
601 5434 763 5479 esset.
798 5425 1085 5502 Bassaram
1133 5429 1346 5493 Jobabi,
1379 5449 1539 5500 quem
1576 5444 1759 5502 postea
1811 5435 2007 5491 Jnlmm

439 5508 638 5572 [μεεηο
679 5511 959 5572 consensu
1021 5501 1225 5554 dictum
1275 5517 1395 5556 esse
1451 5505 1674 5565 volunt,
1740 5517 2006 5572 matrem;

440 5562 788 5643 §eptuagiuta
823 5565 1108 5643 Bossoram
1147 5583 1428 5635 vocarunt,
1466 5562 1670 5628 Cenes;
1699 5592 1883 5643 xxxvr,
1918 5562 2003 5632 13.

437 5631 763 5714 GravisZest
805 5642 1054 5714 qmestio,
1093 5644 1389 5712 perdiuque
1418 5631 1665 5714 'jactata,
1701 5631 1900 5714 quibus
1939 5631 2004 5703 ei

435 5703 752 5785 parentibus
781 5703 872 5760 aut
907 5710 994 5762 ubi
1028 5703 1188 5766 natus
1212 5703 1514 5781 pati-iareba
1545 5703 1734 5779 Jobus,
1774 5735 1883 5784 qua
1913 5719 2002 5785 de,

438 5784 494 5827 ut
540 5784 782 5829 omittam
817 5787 1078 5844 exteros,
1126 5785 1420 5840 novissime
1469 5786 1716 5854 pluribus
1760 5790 2004 5858 disputa-

2640 3480 3037 3534 ΚΕΦΑΛΑΙΟΝ
3077 3482 3201 3548 κεῖν

2510 3593 2885 3664 Εὐπολέμου,
2917 3594 3050 3662 περὶ
3076 3595 3356 3662 Μωσέως.

2209 3710 2318 3764 Καὶ
2369 3710 2496 3782 περὶ
2526 3708 2771 3774 Μωσέως
2816 3708 2873 3762 δὲ
2913 3709 2942 3761 ὁ
2986 3709 3147 3773 αὐτὸς
3196 3709 3428 3765 πλεῖστα
3486 3713 3706 3782 παρατί-

2139 3801 2312 3868 θεται,
2344 3799 2418 3855 ὧν
2449 3803 2542 3855 καὶ
2587 3800 2767 3854 αὐτῶν
2833 3801 3135 3856 ἐπακοῦσαι
3171 3802 3349 3884 ἄξιονς
3372 3803 3707 3873 «Εὐπόλεμπ

2135 3893 2191 3947 δέ
2239 3912 2371 3965 φησι
2423 3894 2514 3946 τὸν
2562 3893 2766 3964 Μωσῆν
2825 3893 3039 3966 πρῶτον
3081 3895 3243 3963 σοφὸν
3290 3895 3569 3964 γενέσθαι,
3621 3897 3707 3949 καὶ

2135 3984 2440 4056 γράμματα
2474 3983 2805 4054 παραδοῦναι
2835 3988 2948 4050 τοῖς
2990 3985 3262 4050 Ἰουδαίοις
3291 3986 3526 4056 πρῶτον,
3560 3988 3704 4061 παρὰ

2133 4076 2191 4129 δὲ
2227 4075 2494 4129 Ἰουδαίων
2525 4075 2774 4141 Φοίνικας
2808 4077 3164 4149 παραλαϐεῖν,
3193 4077 3461 4151 ’Έλληνας
3481 4080 3536 4134 δὲ
3559 4080 3704 4152 παρὰ

2131 4168 2422 4220 Φοινίκων·
2483 4167 2681 4240 νόμους
2713 4186 2772 4221 τε
2821 4168 3036 4238 πρῶτον
3086 4169 3292 4242 γράψαι
3341 4172 3546 4243 Μωσῆν
3593 4176 3701 4235 τοῖς

2145 4259 2430 4323 Ἰουδαίοις.
2462 4275 2479 4308 ι

2640 4373 3038 4428 ΚΕΦΑΑΑΙΟΝ
3078 4377 3200 4428 KZ'.

2452 4489 2508 4541 Ἀ
2509 4485 2842 4555 ρταπὰνου,
2870 4490 3002 4556 περὶ
3038 4490 3144 4544 τοῦ
3175 4491 3384 4545 αὐτοῦ.

2223 4599 2557 4670 Ἀρταπάνος
2613 4599 2671 4654 δέ
2736 4618 2900 4672 φησιν
2975 4602 3035 4654 ὲν
3096 4605 3161 4674 τῇ
3220 4604 3350 4675 περὶ
3405 4605 3689 4667 Ἰουδαίων,

2138 4690 2388 4763 Ἀϐραὰμ
2429 4691 2868 4764 τελευτήσαντος,
2905 4695 2998 4748 καὶ
3045 4695 3138 4749 τοῦ
3167 4696 3284 4749 υἱοῦ
3331 4698 3496 4751 αὐτοῦ
3543 4701 3689 4768 May-

2123 4781 2428 4851 ψασθενὼθ,
2469 4785 2760 4855 ὁμοίως·δέ
2814 4787 2909 4840 καὶ
2945 4787 3039 4840 τοῦ
3077 4788 3341 4860 βασιλέως
3379 4790 3490 4844 τῶν
3539 4793 3689 4857 Αἰγυ-

2125 4873 2332 4939 πτίων,
2374 4875 2474 4946 τὴν
2519 4876 2838 4930 δυναστείαν
2895 4878 3229 4950 παραλαϐεῖν
3275 4881 3367 4932 τὸν
3432 4883 3546 4935 υἱὸν
3585 4865 3687 4952 (71)

2122 4964 2286 5018 αὑτοῦ
2319 4964 2715 5038 Παλμανώθην.
2751 4968 2950 5022 Τοῦτον
2977 4969 3034 5023 δὲ
3079 4972 3193 5034 τοῖς
3244 4971 3513 5037 Ἰουδαίοις
3563 4974 3685 5042 φαύ-

2121 5056 2227 5122 λως
2284 5060 2721 5133 προσφέρεσθαιο
2770 5061 2865 5114 καὶ
2915 5062 3130 5134 πρῶτον
3179 5059 3280 5133 μὲν
3328 5064 3427 5134 τὴν
3481 5064 3682 5119 Κεσσὰν

2118 5151 2488 5222 οἰκοδομῆσαι,
2529 5153 2589 5205 τό
2616 5170 2674 5205 τε
2723 5156 2811 5207 ἐπ’
2849 5155 2986 5225 αὐτῇ
3040 5153 3182 5226 ἱερὸν
3228 5155 3677 5227 καθιδρύσασθαι,

2117 5316 2266 5368 runt,
2295 5306 2547 5362 Salianus
2577 5318 2628 5362 et
2656 5307 2934 5372 Petavius,
2961 5309 3122 5364 ambo
3151 5311 3323 5362 nostri
3358 5328 3370 5361 :
3405 5312 3541 5366 alter
3561 5330 3673 5368 ern-

2117 5375 2276 5454 dnitor.
2313 5377 2528 5454 Arma!L
2556 5389 2687 5454 totn.
2724 5377 2765 5454 l,
2793 5397 2920 5433 ann.
2956 5381 3351 5454 mundih2519;
3383 5386 3521 5436 alter
3553 5400 3673 5454 prce-

2115 5447 2246 5499 clari
2275 5449 2455 5516 operis
2489 5447 2562 5501 De
2595 5450 2837 5503 doctrina
2873 5461 3089 5517 lempor.
3123 5451 3213 5504 lib.
3254 5467 3326 5511 Ix.
3362 5468 3412 5505 ο.
3446 5454 3533 5506 ΞΟ.

2186 5517 2300 5589 ς’ἵΟ)
2351 5518 2566 5585 Ἰωϐάμ.
2605 5518 2912 5589 Legendum
2937 5522 3099 5575 credo
3131 5522 3340 5574 Ἰωϐάδ.
3372 5524 3670 5578 Similitudo

2113 5586 2205 5638 τοῦ
2238 5605 2296 5656 μ,
2331 5589 2423 5640 καὶ
2446 5589 2538 5641 τοῦ
2573 5589 2624 5659 β,
2645 5586 2696 5644 in
2729 5606 3008 5646 manuscr.
3036 5592 3315 5648 codicibus
3349 5593 3496 5649 hunc
3521 5599 3668 5648 etiam

2113 5673 2353 5727 errorem
2387 5662 2611 5727 peperit.

2181 5726 2294 5808 fil)
2343 5726 2628 5784 Tor’vldr.
2659 5729 2772 5786 Vox
2798 5773 2811 5798 ,
2845 5732 3093 5803 alterum,
3123 5734 3178 5790 in
3203 5732 3512 5789 versionem
3543 5736 3666 5790 irrc.

2110 5810 2233 5867 psnt:
2271 5814 2538 5871 expunge.
