3838 6384
140 345 222 397 729
1246 339 1492 397 ΡΒᾹῙΡΑ
1504 340 1568 396 Β.
1611 341 1662 394 Ε

1764 342 1861 397 ΝΟ.
1904 341 2031 396 LIB.
2072 341 2164 396 lx.

3228 340 3332 395 730

137 455 229 512 εἶτα
255 457 334 510 τὸν
361 457 414 509 ἐν
452 457 781 510 Ἡλιουπόλει
809 457 936 510 ναὸν
978 456 1404 512 κατασκευάσαι.
1452 459 1654 514 Τοῦτον

1764 460 1994 516 Merrhin
2045 460 2212 514 tiliam
2273 466 2606 526 susceptam,
2645 470 2707 510 ac
2736 454 3070 524 Cbenrpbrm
3115 453 3329 508 cuidam

134 552 178 603 δέ
200 549 423 618 γεννῆσαι
456 549 730 620 θυγατέρα
762 550 991 620 Μέρριν,
1013 552 1078 620 ῆν
1111 550 1359 622 Χενεφρῇ
1394 567 1498 603 τινι
1524 561 1676 604 κατ-’

135 642 370 711 εγγυῆσαι,
415 639 523 693 τῶν
575 641 714 712 ὑπὲρ
763 643 989 712 Μέμφιν
1034 641 1213 695 τόπων
1285 641 1646 712 βασιλεύοντιο

138 729 318 789 πολλοὺς
341 729 439 799 γὰρ
467 730 589 782 τότε
623 734 721 800 τῆς
764 731 1036 799 Αίγύπτου
1084 731 1405 802 βασιλεύειν.
1437 735 1652 806 Ταύτην

136 821 177 873 δέ
202 821 388 891 στείραν
419 821 766 892 ὑπάρχουσαν
798 823 1162 879 ὑποϐαλέσθαι
1195 827 1338 891 τινὸς
1371 827 1478 881 τῶν
1520 829 1651 881 Ἰου-

135 911 264 965 δαίων
299 912 492 965 παιδίον
513 929 528 942 °
555 913 712 966 τοῦτο
747 915 804 967 δὲ
855 915 1085 970 Μὼὓσον
1123 917 1416 988 ὀνομάσαιο
1462 920 1566 972 ὑπὸ
1595 920 1652 972 δὲ

134 1003 216 1056 τῶν
263 1003 501 1076 Ἑλλήνων
550 1007 713 1058 αὑτὸν
761 1009 1102 1080 ἀνδρωθέντα
1153 1013 1426 1066 Μουσαῖον
1483 1032 1651 1085 προσ-

136 1098 458 1169 αγορευθῆναι.
477 1099 732 1153 Γενέσθαι
755 1100 809 1153 δέ
832 1103 922 1154 τὸν
944 1104 1173 1156 Μώὺσον
1192 1105 1379 1158 τοῦτον
1412 1107 1653 1178 Ὀρφέως

135 1190 392 1244 διδάσκαλον
411 1209 424 1222 ο
460 1192 799 1264 ἀνδρωθέντα
839 1194 884 1247 δ’
917 1196 1079 1248 αὑτὸν
1111 1196 1279 1251 πολλὰ
1307 1201 1417 1262 τοῖς
1444 1198 1655 1272 ἀνθρώ-

137 1302 227 1347 ποις
248 1283 500 1355 εὔχρηστα
532 1285 885 1357 παραδοῦναι.
915 1289 1021 1341 Καὶ
1052 1289 1162 1362 γάρ
1197 1290 1376 1355 πλοῖα,
1418 1292 1510 1345 καὶ
1555 1309 1656 1363 μη-

135 1377 264 1446 χανὰς
293 1377 418 1446 πρὸς
451 1377 552 1440 τὰς
603 1377 927 1444 λιθοθεσίας,
965 1381 1056 1434 κα)⁸
1085 1380 1154 1434 τὰ
1181 1381 1453 1451 Αἰγύπτια
1494 1383 1652 1447 ὅπλα,

135 1469 204 1520 καὶ
226 1469 280 1520 τά
311 1469 506 1539 ὄργανα
534 1469 604 1522 τὰ
638 1469 926 1541 ὑδρευτικὰ
957 1474 1051 1525 καὶ
1083 1473 1384 1544 πολεμικὰ.
1437 1475 1529 1526 καὶ
1558 1473 1656 1544 τὴν

136 1558 392 1627 φιλοσοφίαν
425 1557 670 1631 ἐξευρεῖν
691 1579 704 1590 ο
735 1561 815 1614 ἔτι
849 1562 905 1614 δὲ
938 1561 1032 1633 τὴν
1061 1563 1211 1616 πόλιν
1245 1566 1322 1628 είς
1349 1563 1434 1628 λς’
1461 1563 1657 1634 νομοὺς

134 1652 311 1713 διελεῖν,
337 1653 423 1705 καὶ
469 1653 690 1722 ἑκάστῳ
730 1654 837 1707 τῶν
890 1654 1069 1726 νομῶν
1106 1655 1371 1722 άποτάξαι
1403 1656 1492 1710 τὸν
1525 1656 1656 1710 Θεὸν

138 1743 463 1813 σεᾳθήσεσθαι,
511 1744 585 1798 τά
615 1762 675 1798 τε
723 1745 841 1816 ἱερά
891 1746 1192 1817 γράμματα
1241 1752 1352 1811 τοῖς
1389 1747 1651 1819 ἱερεῦσιν·

1753 553 1960 622 regioni
1997 566 2160 620 supra
2190 548 2483 617 Memphim
2519 549 2634 602 sitm
2681 546 2962 616 imperanti
3003 547 3329 614 desponsam

1754 644 1922 698 fuisse
1961 661 1973 696 :
2011 652 2125 696 tum
2174 643 2317 695 enim
2371 640 2555 710 plures
2600 638 2894 710 Egyptum
2949 638 3168 704 reg-dos
3227 637 3332 691 ba-

1752 735 1956 788 buisse.
1995 732 2143 786 llanc
2169 745 2352 802 porro,
2395 729 2595 784 sterilis
2631 747 2752 786 cum
2781 737 2945 792 esset,
2980 727 3179 783 Judmm
3214 744 3332 782 mu-

1753 825 1902 879 lieris
1951 822 2211 877 infantem
2277 820 2650 891 supposuisse,
2695 837 2858 890 quem
2913 819 3157 890 Moysum
3214 820 3331 889 ipsa

1754 916 2011 986 primum,
2043 915 2236 969 deinde
2265 929 2390 968 vero
2419 913 2612 977 Grmci,
2643 929 2767 967 eum
2821 913 2886 965 ad
2939 913 3147 966 virilem
3194 921 3328 965 teta-

1755 1019 1859 1062 tem
1893 1008 2246 1077 pervenisset,
2281 1005 2542 1061 Muszeum
2579 1007 2934 1060 notninarint.
2967 1005 3144 1074 Atque
3183 1005 3330 1060 hunc

1755 1101 1950 1170 Orphei
1999 1101 2318 1170 magistrum
2368 1100 2537 1155 fuisse
2590 1109 2918 1162 tnemorant,
2954 1115 3017 1153 ac
3058 1100 3326 1168 permulta

1755 1196 1998 1248 humano
2047 1193 2231 1264 generi
2279 1192 2573 1247 utilissima
2625 1193 2931 1247 tradidisse.
2966 1190 3044 1244 illi
3081 1191 3249 1256 enim,
3279 1199 3333 1244 et

1754 1285 2120 1356 navigiorum,
2153 1293 2204 1337 et
2254 1283 2653 1349 machinarum,
2691 1285 2892 1354 quibus
2942 1283 3160 1338 adducti
3209 1299 3332 1337 sur-

1755 1395 1875 1434 sum
1925 1379 2133 1448 lapides
2187 1380 2326 1434 inter
2370 1395 2493 1434 sese
2546 1390 2730 1450 postea
2782 1390 3250 1451 coagmententur,
3283 1389 3338 1434 et

1755 1486 2035 1525 armorum
2071 1471 2543 1543 Egyptiacorum,
2573 1481 2626 1525 et
2674 1473 3165 1526 instrumentorum
3215 1487 3340 1542 par—

1757 1564 1854 1618 tim
1901 1564 2214 1619 haurienda:
2255 1567 2336 1619 vel
2372 1564 2702 1619 deducendae
2742 1580 2917 1632 aquae,
2956 1564 3153 1634 partim
3197 1563 3339 1618 bello

1757 1655 2217 1719 necessariorum,
2249 1655 2531 1725 ipsiusque
2565 1655 2700 1708 adeo
2741 1655 3102 1724 pbilosoiibize
3150 1653 3341 1708 inven-

1760 1746 1962 1800 tionem
1997 1759 2274 1816 acceptam
2303 1745 2502 1802 ferunt.
2535 1746 2613 1800 Ad
2649 1747 2762 1801 bare
2791 1747 3066 1801 civitatem
3097 1748 3165 1801 ab
3188 1763 3254 1802 eo
3285 1749 3340 1802 in

135 1830 238 1888 εἶναι
263 1837 310 1888 δὲ
337 1837 426 1890 καὶ
455 1836 746 1909 αἰλούρους
768 1880 784 1902 ,
818 1839 911 1890 καὶ
946 1837 1132 1901 κύνας,
1179 1839 1276 1892 καὶ
1316 1839 1480 1902 ἴϐεις·
1521 1840 1658 1891 ἀπο-

1764 1852 1858 1891 sex
1885 1845 1939 1891 et
1971 1836 2190 1906 triginta
2223 1836 2576 1907 prml'ecturas
2606 1835 2858 1902 divisam,
2884 1853 3123 1906 suosque
3154 1837 3343 1907 singu-

135 1930 273 1997 νεῖμαι
295 1927 345 1979 δὲ
373 1928 603 1992 καὶτοῖς
647 1929 883 2000 ἱερεῦσιν
919 1927 1194 2001 ἐξαίρετον
1239 1929 1442 2002 χώραν.
1477 1930 1660 1984 Ταῦτα

134 2016 174 2069 δέ
199 2017 347 2071 πάντα
384 2018 611 2089 ποιῆσαι
641 2021 803 2090 χάριν
838 2019 931 2072 τοὺ
979 2020 1075 2090 τὴν
1109 2021 1402 2092 μοναρχίαν
1441 2021 1659 2092 βεϐαίαν

133 2109 191 2180 τῷ
212 2111 431 2181 Χενειρρῇ
466 2111 818 2180 διαφυλάξαι.
849 2111 1118 2182 Πρότερον
1161 2111 1270 2182 γάρ
1307 2113 1660 2176 ἀδιατάκτους

137 2201 256 2266 Evn;
278 2204 392 2266 τοὺς
418 2202 633 2271 ὄχλους,
677 2202 806 2255 ποτὲ
836 2203 934 2272 μὲν
970 2201 1274 2267 ἐκϐάλλειν,
1306 2204 1432 2256 ποτὲ
1452 2203 1510 2257 δέ
1525 2205 1662 2259 καθ-

141 2299 320 2348 ιστάνειν
380 2293 662 2363 βασιλεῖς,
712 2294 807 2346 καὶ
839 2292 1097 2356 πολλάκις
1135 2292 1236 2363 μὲν
1273 2295 1397 2356 τοὺς
1441 2293 1658 2357 αὑτοὺς,

135 2381 292 2445 ἐνιάκις
322 2382 374 2436 δὲ
407 2385 629 2448 ἄλλους.
669 2385 769 2438 Διὰ
817 2384 986 2438 ταῦτα
1027 2381 1119 2438 οὖν
1145 2384 1235 2438 τὸν
1282 2383 1509 2438 Μὼὓσον
1557 2384 1662 2438 ὑπὸ

135 2474 210 2527 τῶν
236 2475 384 2545 ὄχλων
417 2477 798 2548 ἀγαπηθῆναι,
833 2477 924 2530 καὶ
955 2477 1060 2531 ὑπὸ
1093 2477 1198 2531 τῶν
1231 2477 1418 2548 ἱερέων
1451 2476 1662 2531 ἰσοθέου

133 2569 256 2640 τιμῆς
299 2571 702 2634 καταξιωθέντα
765 2571 1265 2644 προσαγορευθῆναι
1313 2571 1518 2643 Ἑρμῆν
1575 2569 1666 2626 διὰ

134 2662 206 2732 τὴν
228 2663 318 2715 τῶν
349 2664 508 2735 ἱερῶν
543 2664 894 2736 γραμμάτων
924 2665 1238 2735 ἑρμηνείαν.
1269 2664 1370 2716 Τὸν
1404 2665 1459 2717 δὲ
1499 2665 1666 2717 Χενε-

137 2753 258 2824 φῄν,
302 2755 505 2827 ὁρῶντα
555 2755 659 2826 τὴν
709 2755 909 2828 ἀρετὴν
949 2755 1044 2808 τοῦ
1095 2755 1366 2819 Μωΰσου,
1403 2755 1664 2826 φθονῆσαι

136 2846 260 2914 αὐτῷ,
278 2849 362 2900 καὶ
383 2847 566 2918 ζητεῖν
598 2848 762 2900 αὑτὸν
794 2848 878 2900 ἐπ’
901 2848 1108 2919 εὑλόγῳ
1135 2847 1282 2918 αἰτία
1303 2847 1410 2900 τινὶ
1433 2847 1662 2903 ἀνελεῖν.

137 2937 288 3010 Καὶδή
328 2957 451 2992 ποτε
490 2939 598 2994 τῶν
645 2939 917 2993 Αἰθιόπων
974 2939 1550 3012 ἐπιστρατευσαμένων
1597 2943 1664 3013 τῇ

135 3033 360 3103 Αἰγύπτῳ.
391 3036 482 3087 τὸν
513 3032 823 3103 Χενεφρῆν,
860 3033 1198 3087 ὑπολαϐόντα
1226 3033 1516 3105 εὑρηκέναι
1548 3049 1666 3086 και-

134 3124 432 3192 parsi-051w,
471 3124 692 3195 πέμψαι
730 3124 820 3176 τὸν
862 3123 1092 3177 Μώῡσον
1124 3125 1208 3176 ἐπ’
1256 3123 1452 3188 αὑτοὺς
1497 3140 1665 3196 στρα-

136 3216 262 3283 τηγὸν
291 3215 417 3287 μετὰ
461 3215 772 3286 δυνάμεως.
821 3215 895 3268 Τὸ
935 3215 990 3267 δὲ
1037 3214 1144 3267 τῶν
1193 3216 1467 3284 συγγενῶν
1515 3213 1664 3285 αὑτῷ

137 3306 349 3377 συστῆσαι
378 3307 606 3378 πλῆθος,
640 3305 981 3360 ὑπολαϐόντα
1024 3306 1222 3378 ῥᾳδίως
1258 3307 1416 3360 αὑτὸν
1450 3306 1536 3360 διὰ
1567 3305 1664 3377 τὴν

134 3399 214 3451 τῶν
239 3401 566 3471 στρατιωτῶν
599 3399 885 3454 ἀσθένειαν
912 3399 1016 3452 ὑπὸ
1045 3399 1154 3452 τῶν
1195 3399 1466 3471 πολεμίων
1509 3402 1662 3454 ἀναι-

137 3489 423 3561 ρεθήσεσθαι.
456 3495 564 3547 Τὸν
593 3494 654 3547 δὲ
684 3493 915 3546 Μώὺσον
948 3491 1170 3545 ἐλθόντα
1190 3493 1283 3546 ἐπὶ
1314 3493 1404 3545 τὸν
1433 3493 1665 3564 Ἕρμου-

135 3584 311 3656 πολίτην
339 3586 740 3658 ὀνομαζόμενον
779 3583 974 3654 νομὸν,
1001 3582 1194 3654 έχοντα
1227 3584 1357 3654 περὶ
1403 3582 1534 3636 δέκα
1565 3601 1666 3654 μυ-

135 3676 282 3746 ριάδας
320 3678 613 3750 γεωργῶν,
678 3674 843 3729 αὑτοῦ
895 3674 1383 3746 καταπρατεῦσαι.
1446 3675 1666 3744 Πέμψαι

133 3768 172 3821 δέ
200 3773 504 3841 στρατηγοὺς
541 3771 674 3833 τοὺς
724 3767 1260 3840 ποοκαθεδουμένους
1305 3768 1404 3839 τῆς
1448 3767 1663 3840 χώρας,

134 3861 204 3924 οὓς
236 3864 291 3934 δὴ
315 3865 657 3917 πλεονεκτεῖν
695 3862 977 3930 ἐπιφανῶς
1016 3862 1158 3916 κατὰ
1193 3861 1292 3926 τὰς
1321 3862 1521 3932 μάχας.
1565 3864 1666 3916 Λέ-

135 3972 222 4021 γειν
259 3957 308 4010 δέ
335 3976 496 4030 φησιν
554 3957 966 4018 Ἠλιουπολίτας
1005 3954 1257 4023 γενέσθαι
1305 3955 1396 4008 τὸν
1434 3955 1667 4025 πόλεμον

134 4047 279 4102 τοῦτον
315 4050 403 4122 ἐτη
440 4051 598 4104 δέκα.
628 4049 765 4111 Τοὺς
797 4043 890 4100 οὖν
923 4047 1052 4118 περὶ
1083 4045 1174 4099 τὸν
1205 4045 1454 4113 Μώῦσον,
1489 4046 1578 4099 διὰ
1605 4046 1667 4099 τὸ

137 4139 319 4208 μέγεθος
381 4142 482 4213 τῆς
543 4140 844 4212 στρατιᾶς,
917 4137 1071 4192 πόλιν
1133 4139 1191 4190 ἐν
1257 4137 1430 4210 τούτῳ
1486 4139 1666 4192 κτίσαι

134 4229 193 4300 τῷ
237 4233 370 4305 τόπῳ
404 4276 420 4300 ,
468 4234 565 4287 καὶ
613 4232 714 4304 τὴν
776 4230 882 4283 ῖόιν
951 4230 1010 4282 ἐν
1071 4228 1219 4300 αὑτῷ
1295 4227 1665 4299 καθιερῶσαι,

133 4322 201 4378 διὰ
246 4327 298 4380 τὸ
342 4328 544 4399 ταύτην
606 4326 911 4398 βλάπτοντα
959 4322 1074 4388 ζῶα
1151 4324 1278 4386 τοὺς
1346 4320 1666 4394 ἀνθρώπους

135 4414 347 4487 ἀναιρεῖν.
415 4417 865 4490 Προσαγορεῦσαι
935 4415 993 4468 δὲ
1061 4416 1230 4484 αὑτὴν
1286 4413 1662 4486 Ἑρμοὺπολιν.

1759 1931 1828 1985 lis
1856 1928 2078 1984 Numini
2106 1929 2337 1985 colendo
2373 1931 2513 1984 ritus
2543 1930 2873 1999 assignatus,
2910 1930 3226 1999 litterasque
3263 1945 3346 1984 sa-

1759 2037 1902 2084 cras,
1934 2028 2064 2089 puta
2111 2017 2320 2083 felium,
2353 2033 2574 2080 canum,
2609 2017 2776 2071 ibium
2817 2018 3016 2087 liguras
3043 2015 3344 2070 sacerdoti-

1759 2117 1862 2171 bus
1913 2131 2037 2170 cum
2096 2113 2360 2185 singulari
2415 2129 2479 2169 ac
2522 2113 2739 2184 propria
2791 2112 3013 2182 regione
3053 2111 3344 2166 attributas

1761 2208 1947 2264 fuisse.
1986 2207 2119 2274 Qum
2146 2207 2331 2262 omnia
2378 2222 2443 2261 eo
2483 2205 2712 2260 consilio
2741 2204 3046 2274 perfecerit,
3081 2212 3141 2258 ut
3188 2219 3344 2257 sum-

1762 2316 1910 2355 mum
1958 2300 2295 2370 Cbenepbrae
2342 2298 2628 2367 imperium
2679 2297 2978 2364 stabiliret;
3011 2312 3137 2351 cum
3195 2296 3347 2349 nullo

1762 2391 2018 2448 distincta
2048 2392 2242 2446 ordine
2271 2390 2565 2445 multitudo
2598 2405 2750 2459 reges
2795 2398 2952 2443 antea
2985 2388 3145 2442 modo
3176 2387 3345 2456 ejice-

1763 2493 1865 2551 ret,
1897 2484 2061 2538 modo
2104 2493 2335 2549 crearet,
2367 2498 2430 2538 ac
2485 2497 2626 2551 smpe
2649 2481 2867 2551 quidem
2903 2480 3146 2545 eosdem,
3180 2479 3349 2533 inter-

1764 2577 1895 2631 dum
1923 2577 2086 2630 etiam
2124 2576 2281 2630 alios.
2317 2574 2527 2640 Quibus
2573 2574 2688 2643 ipse
2726 2573 2889 2627 rebus
2918 2587 3028 2626 non
3061 2571 3222 2625 modo
3250 2586 3350 2640 po-

1765 2671 2015 2740 pulorum
2079 2668 2182 2722 sibi
2243 2683 2482 2722 amorem
2535 2665 2880 2730 conciliarit,
2940 2679 3128 2718 verum
3181 2664 3345 2716 etiam

1766 2779 1948 2834 parem
2000 2762 2215 2831 superis
2266 2761 2526 2814 honorem
2573 2775 2602 2812 a
2637 2757 3036 2822 sacerdotibus,
3087 2756 3178 2825 qui
3225 2756 3348 2826 Ἐρ-

1771 2857 1876 2927 μῆν
1907 2853 2081 2917 illum,
2117 2852 2221 2907 hoc
2242 2861 2324 2906 est
2353 2850 2700 2912 Mercurium,
2732 2849 2845 2904 sive
2877 2849 3244 2915 interpretem.
3275 2847 3346 2900 ob

1768 2963 2049 3003 sacrarum
2099 2946 2402 2999 litterarum
2463 2942 2780 3014 ἑρμηνείαν,
2817 2940 3346 3008 interpretationem,

1769 3039 2129 3109 appellarunt,
2165 3035 2322 3090 facile
2369 3033 2693 3104 impetrarit.
2727 3032 2795 3086 At
2825 3046 2955 3085 vero
2986 3031 3343 3100 Cbenepbren

1770 3133 1940 3204 Moysi
1997 3131 2290 3186 virtutibus
2349 3129 2700 3190 invidentem,
2750 3124 3050 3196 perimendi
3108 3123 3346 3178 hominis

1769 3226 2006 3280 colorem
2037 3225 2298 3294 aliquem,
2320 3223 2715 3290 ltonestamque
2746 3217 2977 3288 speciem
3002 3215 3342 3287 quaasivisse.

1769 3317 1957 3386 Itaque
1992 3331 2116 3370 cum
2147 3315 2198 3368 i-n
2235 3313 2528 3385 Egyptum
2565 3312 2759 3366 armati
2796 3309 3078 3377 [Ethiopes
3113 3307 3347 3361 invasis-

1769 3416 1909 3474 sent,
1945 3406 2288 3462 commodam
2339 3403 2440 3459 sibi
2483 3401 2742 3456 facinoris
2806 3399 3040 3455 oblatam
3097 3399 3347 3453 occasiu-

1768 3515 1890 3554 nem
1951 3513 2073 3553 esse
2125 3506 2326 3558 ratum,
2357 3494 2602 3566 Moysum
2668 3493 3048 3562 imperatorem
3083 3491 3346 3545 adversus

1767 3608 1863 3648 eos
1919 3607 2042 3646 cum
2075 3589 2339 3649 exercitu,
2373 3603 2438 3641 ex
2472 3585 2764 3655 gentilibus
2790 3593 2844 3637 et
2873 3581 3197 3652 propinquis
3225 3580 3346 3650 ejus

1768 3685 2063 3740 maximam
2092 3693 2297 3753 partem
2328 3678 2567 3735 conﬂato
2603 3677 2838 3740 misisse,
2875 3676 3021 3746 quod
3061 3690 3186 3729 eum
3218 3691 3348 3744 pro-

1767 3787 1887 3846 pter
1917 3775 2147 3828 militum
2190 3772 2616 3827 imbecillitatem
2646 3769 2715 3824 ab
2752 3769 2906 3823 boste
2932 3767 3081 3822 nullo
3126 3768 3346 3837 negotio

1769 3869 2166 3924 conﬁciendum
2219 3875 2452 3936 putaret.
2482 3863 2726 3934 Moysum
2755 3874 2934 3915 autem
2961 3859 3029 3914 ad
3060 3860 3346 3930 praefectu-

1769 3977 1885 4016 ram
1925 3958 2240 4030 quamdam,
2283 3955 2371 4010 cui
2432 3953 2812 4023 llermopolitze
2869 3970 3090 4018 nomen,
3116 3969 3346 4024 qumque

1768 4051 2087 4105 colonorum
2146 4047 2212 4101 ad
2277 4055 2494 4100 centum
2560 4046 2725 4100 millia
2781 4046 3124 4108 numerabat,
3166 4043 3346 4114 profe—

1768 4153 1938 4204 ctum,
1970 4151 2148 4196 castra
2202 4140 2276 4195 ibi
2321 4139 2600 4209 posuisse;
2632 4139 2934 4208 legatorum
2971 4152 3197 4192 suorum
3234 4135 3345 4188 for-

1769 4233 1998 4290 tissimis
2025 4247 2089 4288 ac
2121 4232 2517 4286 strenuissimis
2551 4231 2860 4300 quibusque
2900 4227 3218 4298 praemissis,
3249 4225 3344 4295 qui

1768 4328 1950 4382 locum
1991 4342 2057 4380 ac
2096 4325 2276 4380 sedem
2310 4332 2660 4393 occuparent.
2689 4321 2844 4388 Quod
2877 4321 3076 4376 bellum
3112 4327 3225 4373 toto
3251 4319 3345 4372 de-

1768 4419 1963 4473 eennio
2023 4425 2232 4489 gestum
2285 4431 2427 4482 esse,
2455 4416 2525 4469 ab
2554 4413 2966 4484 lleli0politanis
3015 4427 3134 4468 sese
3188 4426 3344 4465 acce-

136 4505 255 4560 Οὑτω
278 4509 336 4580 δὴ
385 4513 511 4573 τοὺς
558 4509 856 4571 Αἰθίοπας,
892 4506 1095 4576 καίπερ
1136 4507 1296 4569 ὄντας
1353 4505 1662 4574 πολεμίους,

1772 4512 1917 4581 pisse
1964 4519 2212 4565 testatur.
2237 4507 2411 4563 Porro
2461 4507 2727 4580 Moysum,
2761 4506 3038 4576 copiarum
3071 4504 3350 4574 magnitu-

140 4599 314 4669 στέρξαι
348 4603 438 4656 τὸν
467 4601 736 4667 Μώῡσον,
769 4600 908 4654 ὥστε
947 4600 1040 4652 καὶ
1073 4599 1171 4669 τὴν
1216 4597 1525 4670 περιτομὴν
1557 4597 1665 4649 τῶν

139 4691 304 4746 αἰῶίων
337 4697 462 4765 παρ’
493 4695 703 4748 ἐκείνου
743 4693 968 4765 μαθεῖν’
1014 4693 1074 4746 οὗ
1128 4693 1287 4763 μόνον
1319 4693 1377 4746 δὲ
1422 4690 1664 4753 τούτωυῆ

281 4787 366 4840 καὶ
412 4789 542 4850 τοὺς
601 4788 764 4857 ἱερεῖς
795 4786 1060 4850 ἅπαντας.
1108 4786 1212 4838 Τὸν
1244 4785 1301 4837 δέ
1355 4783 1665 4854 Χενεφρῆν,

139 4871 341 4942 λυθέντος
368 4879 460 4932 τοῦ
492 4879 756 4949 πολέμου,
785 4877 926 4950 λόγῳ
963 4879 1059 4950 μὲν
1090 4877 1251 4930 αὑτὸν
1281 4874 1665 4939 ἀποδέξασθαι,

140 4963 251 5037 Im
267 4969 316 5021 δέ
342 4970 726 5023 ἐπιϐουλεύειν.
760 4970 1132 5042 Παρελὸμενον
1162 4967 1294 5038 γοῦν
1333 4966 1498 5020 αὑτοῦ
1543 4967 1668 5029 τοὺς

141 5059 308 5131 ὕχλους,
332 5067 454 5129 τοὺς
491 5067 589 5136 μὲν
625 5066 716 5119 ἐπὶ
742 5066 811 5119 τὰ
841 5067 964 5136 ὅρια
1001 5065 1099 5134 τῆς
1121 5061 1406 5124 Αἰθιοπίας
1429 5060 1665 5132 πέμψαι,

146 5145 444 5228 προφυλακῆς
482 5159 676 5228 χάριν·
726 5161 837 5221 τοῖς
872 5157 929 5210 δὲ
977 5156 1276 5228 προστάξαι
1323 5155 1414 5208 τὸν
1451 5157 1509 5207 ἐν
1547 5153 1668 5216 Διὸς

144 5243 398 5300 πόλειναδν
431 5248 492 5312 ἐξ
534 5248 706 5316 ὀπτῆς
755 5247 975 5300 πλίνθου
1011 5243 1513 5312 κατεσκευασμένον
1569 5259 1668 5295 κα-

145 5333 312 5406 Θαιρείν
331 5357 344 5369 ·
373 5341 556 5410 ἕτερον
583 5340 638 5392 δὲ
671 5340 866 5393 λίθινον
901 5337 1328 5410 κατασκευάσαι,
1363 5336 1422 5388 τὺ
1442 5333 1668 5404 πλησίον

144 5425 240 5497 ὅρος
277 5407 691 5504 λατομή-σαντας.
741 5431 911 5496 Τάξαι
970 5431 1025 5484 δέ
1079 5431 1171 5482 ἐπὶ
1213 5407 1314 5498 τῆς
1361 5427 1669 5497 οἰκοδομίας

146 5518 392 5594 ἐπιστάτην
425 5525 744 5596 Ναχέρωτα.
773 5525 876 5578 Τὸν
902 5524 980 5586 δὲ,
1013 5522 1232 5576 ἐλθόντα
1267 5521 1406 5592 μετὰ
1435 5521 1667 5575 Μωΰσου

148 5611 208 5673 ei;
227 5613 447 5684 Μέμφιν,
473 5616 740 5670 πυθέσθαι
787 5618 916 5688 παρ’
948 5612 1134 5678 αὑτοῦ,
1170 5615 1222 5668 εἴ
1251 5632 1304 5667 τι
1352 5613 1480 5668 ἄλλο
1521 5613 1669 5666 ἐστὶν

150 5699 395 5772 εὔχρηστον
426 5710 538 5770 τοῖς
565 5707 889 5778 ἀνθρώποις.
924 5705 1028 5758 Τὸν
1077 5703 1132 5756 δὲ
1165 5705 1329 5772 φάναι
1370 5705 1525 5772 γένος
1562 5703 1669 5755 τῶν

154 5782 278 5852 βοῶν,
307 5792 378 5846 διὸ
402 5795 462 5847 τὸ
488 5797 584 5865 τὴν
631 5797 731 5866 γῆν
765 5795 870 5849 ὑπὸ
908 5793 1111 5849 τούτων
1147 5793 1428 5853 ἀροὺσθαι.
1474 5794 1576 5849 Τὸν
1609 5794 1665 5850 δὲ

1770 4598 1896 4653 dine
1929 4599 2279 4659 instructum.
2320 4597 2510 4653 eodem
2548 4599 2600 4652 in
2637 4598 2756 4651 loco
2797 4597 2987 4650 urbem
3015 4595 3341 4660 condidisse,

1770 4691 2136 4762 Hermopolim
2198 4693 2436 4755 nomine,
2483 4692 2535 4744 in
2585 4707 2688 4760 qua
2751 4690 2981 4758 primum
3017 4687 3167 4751 ibim,
3196 4689 3342 4757 quod

1769 4783 1959 4837 noxias
2010 4783 2321 4837 hominibus
2371 4783 2674 4836 animantes
2706 4782 2956 4850 perimat,
2987 4779 3339 4834 consecrarit.

1768 4873 1927 4945 433
1961 4871 2246 4943 Ethiopes
2299 4883 2480 4927 autem
2534 4872 2704 4942 ipsos,
2736 4871 2949 4925 tametsi
2991 4871 3195 4934 hostes,
3232 4880 3342 4923 tam

1769 4981 2040 5035 propenso
2065 4975 2245 5020 tamen
2274 4965 2328 5018 in
2363 4964 2610 5036 Moysum
2639 4966 2824 5020 animo
2863 4963 3053 5026 fuisse,
3086 4971 3143 5016 ut
3171 4962 3344 5030 ipsius

1769 5073 1985 5128 quoque
2014 5057 2450 5113 circumcisionis
2494 5057 2563 5111 ab
2611 5073 2676 5111 eo
2729 5059 2891 5110 ritum
2926 5057 3255 5125 acciperent.
3285 5053 3342 5109 ld

1767 5153 1910 5221 quod
1939 5167 1969 5205 a
2001 5150 2377 5206 sacerdotibus
2407 5151 2570 5204 etiam
2601 5148 3180 5220 onmibuspraastitum
3227 5144 3343 5200 fue-

1769 5245 1860 5297 rit.
1890 5243 2158 5298 Caeterum
2205 5243 2587 5312 Cbenephren,
2621 5241 2867 5297 confecto
2921 5242 3082 5307 bello,
3123 5240 3341 5294 tametsi

1771 5335 2198 5390 benevolentiam
2232 5349 2328 5388 ore
2363 5333 2668 5395 simularet,
2705 5333 2840 5386 clam
2894 5333 2943 5386 ei
2995 5341 3175 5386 tamen
3207 5332 3341 5386 insi-

1768 5426 1902 5481 diari
1956 5425 2134 5493 reipsa
2193 5423 2514 5492 perrexisse.
2577 5421 2760 5488 Itaque
2817 5418 2983 5490 Moysi
3034 5418 3218 5488 copias
3262 5417 3339 5473 ita

1769 5517 2107 5582 distraxisse,
2141 5525 2199 5570 ut
2258 5515 2455 5585 partim
2511 5513 2575 5567 ad
2621 5511 2912 5582 Ethiopia:
2964 5511 3199 5566 conﬁnia
3243 5524 3340 5580 per

1771 5624 1991 5664 causam
2026 5606 2266 5677 praesidii
2297 5605 2590 5674 ablegaret,
2621 5601 2817 5673 partim
2860 5601 3177 5672 Diospoleos
3203 5609 3338 5654 tem-

1770 5700 1918 5770 plum
1945 5701 2126 5769 operis
2153 5696 2371 5753 Iateritii
2397 5697 2635 5760 diruere,
2665 5697 2940 5766 aliudque,
2969 5697 3241 5765 lapidibus
3267 5707 3336 5745 ex

1770 5792 1950 5849 vicino
2010 5801 2192 5846 monte
2245 5789 2420 5859 caesis,
2456 5789 2723 5860 lapideum
2773 5790 3041 5846 aedificare
3105 5791 3338 5863 inberet.
