3838 6384
413 343 508 397 751

1046 342 1315 401 EUSEBll
1352 344 1841 402 CrESARlENSiS
1880 343 2032 402 OPP.
2077 342 2261 401 PARS
2300 342 2363 401 ΙΙ.
2405 376 2474 388 -
2513 344 3026 404 APOLOGETICA.

3568 344 3667 406 739.

412 468 549 526 Huic
582 471 730 540 operi
768 470 1118 526 Nacherotem
1153 474 1441 541 quemdam
1476 474 1543 528 ab
1578 488 1643 528 eo
1677 470 1975 541 praefectun

2094 467 2393 538 Χενεφρῆν,
2424 464 2941 538 προσαγορεύσαντα
2971 463 3172 535 ταῦρον
3200 466 3385 527 Ἀπιν,
3408 462 3670 521 ’κελεῦσαι

410 582 553 626 esse,
580 567 671 634 qui
699 565 990 636 Memphim
1024 582 1129 621 una
1157 583 1279 622 cum
1300 566 1486 637 Moyso
1520 568 1815 636 profectus,
1840 584 1988 638 quaa-

410 659 564 713 sierit
613 674 677 713 ex
738 674 825 721 eo,
890 660 1155 729 numquid
1211 671 1466 728 praeterea
1514 662 1750 716 humano
1804 663 1988 733 generi

408 751 757 803 commodum
810 751 1046 821 utileque
1091 760 1298 805 nosset.
1356 753 1454 806 Cui
1485 751 1724 823 Moysus,
1757 770 1814 809 se
1857 770 1988 809 vero

408 859 593 908 nosse,
621 844 788 899 boves
834 845 1116 911 nimirum,
1141 846 1342 914 quibus
1391 846 1445 900 in
1497 848 1701 903 aranda
1731 859 1874 904 terra
1908 850 1985 904 uti

408 937 613 991 liceret.
648 937 715 990 At
748 936 1127 1007 Cheuephreu,
1162 938 1253 994 ubi
1301 949 1458 994 tauro
1490 940 1619 1008 Apis
1666 957 1862 995 nomen
1903 944 1987 996 in-

408 1029 652 1092 didisset,
682 1030 729 1083 ci
773 1031 1034 1084 continuo
1071 1032 1328 1101 templum
1384 1049 1413 1087 a
1463 1034 1809 1089 multitudine
1836 1035 1984 1104 poni,

408 1121 708 1190 eodemque
738 1123 1032 1178 translatas
1059 1126 1365 1179 animantes
1392 1141 1420 1179 a
1450 1125 1822 1197 Moyso'prius
1853 1144 1986 1182 eun-

410 1223 651 1269 secratas
699 1215 913 1283 sepeliri
963 1215 1221 1279 voluisse,
1252 1218 1327 1270 uti
1360 1234 1543 1272 rerum
1572 1221 1640 1273 ab
1668 1237 1732 1274 eo
1764 1222 1985 1276 institu-

410 1315 588 1359 tarum
635 1307 954 1359 memoriam
1003 1324 1110 1361 una
1159 1309 1432 1370 sepeliret.
1481 1308 1679 1364 Verum
1710 1312 1983 1368 abaliena-

410 1407 495 1451 tos
525 1412 553 1451 a
586 1412 644 1451 se
680 1408 964 1468 propterea
1011 1417 1134 1455 eum
1165 1400 1544 1472 {Egyptiorum
1579 1406 1791 1461 animos
1825 1406 1986 1460 intel-

409 1488 618 1558 ligeret,
647 1491 785 1544 clam
826 1493 1186 1561 jurejur.=ndo
1233 1497 1533 1551 amicorum
1562 1514 1785 1553 suorum
1825 1500 1980 1554 tidem

408 1581 792 1648 obstrinxisse,
826 1586 901 1638 uti
959 1602 1024 1640 ne
1077 1588 1199 1656 quis
1251 1586 1437 1660 Moyso
1475 1600 1698 1660 paratas
1755 1594 1983 1649 insidias

409 1673 662 1739 aperiret.
685 1676 956 1745 simulque
989 1676 1201 1733 futuros
1232 1681 1392 1736 credis
1420 1694 1671 1738 auctores
1699 1684 1984 1755 designas-

408 1781 487 1819 se.
532 1764 973 1823 Reclamantibus
1024 1771 1298 1837 omnibus,
1333 1772 1766 1839 Chanethothen,
1816 1793 1977 1846 quem

2095 558 2237 631 ἱερὸν
2267 558 2429 613 αὑτοῦ
2465 561 2590 622 τοὺς
2622 558 2815 629 ὄχλους
2844 558 3298 628 καθιδρύσασθαι,
3329 556 3426 611 καὶ
3457 559 3527 613 τά
3560 557 3671 623 ζῶα

2089 654 2157 705 τα
2210 652 2611 721 καθιερωθέντα
2663 652 2768 705 ὑπὸ
2813 652 2907 705 τοῦ
2970 652 3207 706 Μωΰσου
3261 651 3508 706 κελεύειν
3559 653 3673 705 ἐκεῖ

2091 745 2357 816 φέροντας
2392 744 2650 808 θάπτειν,
2684 743 3089 815 κατακρύπτειν
3118 745 3286 798 θέλων
3326 745 3440 815 (72)
3474 748 3546 799 τά
3576 749 3669 802 τοῦ

2088 837 2321 892 Μωῦσου
2347 838 2710 907 ἐπινοήματα.
2749 836 3234 903 Ἀποξενωσάντων
3279 840 3335 892 δὲ
3366 838 3530 893 αύτδν
3564 840 3668 894 τῶν

2087 931 2420 997 Αἰγυπτίων,
2450 929 2833 1002 όρκωμοτῆσαι
2868 933 2993 995 τοὺς
3026 930 3211 1000 φίλους
3247 933 3320 1002 μῆ
3358 932 3669 1000 ἐξαγγεῖλαι

2086 1022 2164 1092 τῷ
2193 1021 2411 1093 Μωῦσῳ
2454 1022 2555 1092 τὴν
2603 1023 3095 1093 ὲπισυνισταμένην
3151 1023 3301 1094 αύτῷ
3338 1024 3667 1096 ἐπιϐουλὴν,

2089 1114 2181 1167 καὶ
2210 1113 2573 1184 προϐαλέσθαι
2609 1115 2735 1177 τοὺς
2771 1116 3163 1187 ἀναιρήσοντας
3200 1116 3384 1170 αὐτόν.
3424 1116 3673 1185 Μηδενὸς

2086 1206 2130 1258 δ’
2162 1204 2589 1270 ὑπακούσαντος,
2613 1206 2865 1260 ὀνειδίσαι
2889 1207 2981 1261 τὸν
3008 1208 3291 1279 Χενεφρῆν
3318 1208 3666 1278 Χανεθὼθην,

2086 1298 2177 1350 τὸν
2236 1296 2467 1368 μάλιστα
2516 1298 3050 1370 προσαγορευόμενον
3100 1299 3191 1352 ὑπ’
3241 1298 3426 1353 αὑτοῦ.
3474 1299 3581 1352 Τδν
3614 1302 3668 1353 δὲ

2086 1390 2465 1451 ὀνειδισθέντα,
2493 1390 2822 1462 ὑποσχέσθαι
2851 1391 2950 1462 τὴν
2982 1391 3243 1454 ἐπίθεσιν,
3275 1391 3513 1445 λαϐόντα
3551 1409 3671 1446 xw.-

2089 1479 2200 1550 ρόν.
2236 1479 2370 1532 Ὑπὸ
2397 1478 2454 1532 δὲ
2483 1479 2671 1533 τοῦτον
2698 1478 2791 1533 τὸν
2812 1481 3022 1553 καιρὸν,
3058 1481 3157 1552 τῆς
3189 1482 3461 1552 anteme;
3487 1481 3671 1535 τελευ-

2084 1572 2347 1642 τησάσης,
2387 1573 2719 1644 ὑποσχέσθαι
2762 1574 2853 1627 τὸν
2897 1573 3182 1645 Χενεφρῆν
3224 1573 3302 1644 τῷ
3338 1592 3395 1627 τε
3447 1576 3669 1647 Μωίσφ

2084 1666 2177 1718 καὶ
2210 1664 2288 1735 τῷ
2322 1664 2615 1735 Χανεθώθῃ
2652 1666 2711 1719 τὸ
2748 1665 2925 1737 σῶμα,
2961 1665 3103 1719 ὥστε
3131 1667 3563 1737 διακομίσαντας
3589 1672 3668 1731 είς

2082 1759 2210 1819 τοὺς
2239 1757 2378 1828 ὑπὲρ
2407 1756 2681 1826 Αἴγυπτον
2720 1757 2919 1820 τόπους
2954 1757 3152 1827 θάψαι,
3208 1757 3554 1813 ὑπολαϐόντα
3579 1760 3670 1813 τὸν

408 1873 471 1912 ex
511 1861 766 1914 omnibus
811 1863 1080 1931 praecipue
1110 1866 1373 1931 nominat,
1418 1868 1666 1923 acerbius
1701 1869 1975 1938 increpas-

2082 1846 2312 1901 Μώῦσον
2341 1850 2444 1902 ὑπὸ
2476 1849 2569 1902 τοῦ
2614 1848 2871 1903 Χανεθὼθ
2908 1849 3381 1920 ἀναιρεθήσεσθαι.
3426 1853 3668 1923 Πορευο-

408 1964 488 2014 se,
516 1951 609 2019 qui
642 1952 785 2019 regis
823 1955 1037 2007 tandem
1074 1955 1373 2013 offensione
1404 1970 1705 2028 permotus,
1738 1976 1983 2016 commo-

405 2042 477 2095 do
532 2057 590 2096 se
654 2052 892 2113 tempore
953 2045 1164 2103 facinus
1218 2051 1491 2105 obiturum
1528 2056 1807 2123 receperit.
1841 2055 1982 2125 Ergo

407 2149 531 2186 cum
590 2134 643 2187 in
701 2151 795 2190 eos
852 2137 991 2192 forte
1042 2140 1159 2195 dies
1206 2141 1434 2198 Merrhis
1462 2146 1644 2201 obitus
1676 2148 1978 2213 incidisset,

406 2221 760 2294 Chenephren
799 2230 1155 2285 transferendi
1191 2233 1331 2287 ultra
1370 2235 1585 2307 Egypti
1619 2239 1753 2294 fines
1781 2255 1978 2309 eorpo~

408 2317 506 2380 ris,
548 2319 856 2390 ibidemque
900 2325 1216 2392 sepeliendi,
1265 2326 1453 2397 Moyso
1492 2338 1545 2383 et
1588 2330 1982 2388 Cbanethothae

406 2420 727 2477 potestatem
789 2413 1004 2476 fecisse,
1052 2433 1175 2469 cum
1234 2419 1574 2475 interfectum
1636 2424 1700 2476 iri
1751 2425 1820 2478 ab
1876 2426 1980 2480 isto

406 2500 652 2574 Moysum
684 2515 919 2574 putaret.
953 2507 1151 2563 Verum
1189 2511 1401 2567 insidiis
1430 2528 1458 2566 a
1489 2518 1710 2569 conscio
1744 2519 1979 2585 quodam

406 2596 460 2647 in
507 2595 701 2650 itinere
735 2599 837 2653 sibi
884 2601 1188 2669 patefactis.
1223 2603 1466 2675 Moysum
1495 2607 1656 2661 saluti
1700 2626 1813 2665 sua:
1859 2612 1981 2665 dili-

405 2689 620 2752 gentius
654 2693 862 2747 cavisse
899 2711 913 2746 :
954 2695 1063 2758 cui,
1101 2707 1223 2764 post
1268 2700 1531 2767 sepultam
1574 2700 1834 2767 Merrhin,
1871 2703 1981 2757 Me-

405 2795 638 2851 roesque
672 2800 869 2837 nomen
905 2786 1070 2840 fluvio
1103 2797 1264 2851 atque
1292 2792 1411 2844 urbi
1445 2793 1508 2846 ad
1551 2791 1774 2847 ﬂuvium
1806 2796 1977 2849 aedili-

404 2883 539 2927 cataa
586 2876 897 2944 impositum
937 2880 1136 2948 (quam
1169 2883 1386 2951 quidem
1419 2884 1680 2951 Merrhin,
1716 2887 1979 2957 indigena:

404 2965 548 3019 haud
600 2969 796 3023 minori
844 2988 1005 3041 quam
1058 2972 1162 3028 lsin
1218 2976 1388 3045 ipsam
1426 2978 1685 3047 religione
1719 2996 1979 3036 veneren—

404 3059 534 3124 tur),
572 3059 749 3114 Aarou
784 3062 967 3126 frater,
1005 3066 1097 3134 qui
1124 3076 1177 3120 et
1208 3067 1321 3136 ipse
1344 3070 1775 3138 conjurationem
1810 3073 1978 3128 resei-

403 3160 573 3215 verat,
607 3162 796 3208 auctor
827 3155 1009 3223 fuerit,
1045 3158 1119 3211 uti
1149 3157 1326 3228 fugam
1357 3161 1410 3213 in
1443 3162 1698 3217 Arabiam
1727 3180 1975 3233 capesse-
2001 3195 2044 3250 ρ

402 3250 503 3296 ret.
545 3242 697 3298 Illum
737 3261 866 3315 ergo
896 3248 1184 3301 consilium
1226 3249 1410 3303 fratris
1440 3262 1708 3318 secutum,
1738 3253 1973 3324 Memphi

402 3335 654 3399 solvisse,
690 3336 919 3407 Niloque
973 3340 1199 3409 trajecto
1259 3344 1313 3396 in
1370 3344 1624 3399 Arabiam
1679 3349 1971 3417 appulisse.

400 3420 565 3494 [.35.
587 3424 1018 3481 Chanethothem
1048 3444 1197 3494 vero,
1219 3429 1341 3502 fuga
1364 3433 1651 3502 intellecta,
1673 3436 1898 3493 insidias
1924 3440 1973 3493 ci

402 3515 715 3583 tetendisse,
743 3519 943 3586 quibus
974 3530 1259 3590 exceptum
1315 3525 1678 3594 opprimeret;
1728 3529 1974 3600 adeoque

401 3603 636 3657 venienti
689 3606 877 3661 stricto
920 3608 1101 3677 gladio
1126 3613 1432 3667 occurrisse
1468 3634 1479 3668 :
1513 3625 1565 3669 at
1601 3615 1847 3687 Moysum
1880 3621 1975 3675 ho~

400 3694 603 3748 minem
635 3710 951 3766 occupasse,
983 3716 1082 3756 nec
1115 3703 1232 3770 ejus
1265 3712 1473 3760 tantum
1521 3707 1823 3766 inhibuisse
1858 3728 1975 3767 ma-

401 3799 555 3845 num,
584 3787 678 3841 sed
712 3789 873 3843 etiam
926 3791 1075 3845 illum
1127 3794 1324 3849 educto
1366 3812 1497 3853 ense
1544 3802 1877 3859 confodisse.
1929 3805 1969 3858 E

400 3876 628 3947 vestigio
686 3879 928 3949 elapsum
986 3884 1040 3937 in
1102 3885 1381 3951 Arabiam,
1410 3891 1476 3944 ad
1514 3891 1801 3963 Baguelem
1854 3897 1973 3965 ejus

399 3977 514 4022 tum
545 3971 783 4037 regionis
821 3975 1122 4045 principem
1156 3979 1470 4046 adhaesisse,
1503 3983 1571 4038 ab
1596 4000 1772 4055 eoque
1805 3988 1971 4043 filiam

401 4061 455 4113 in
488 4076 709 4116 uxorem
750 4068 1046 4135 accepisse.
1084 4067 1258 4126 Porro
1290 4089 1411 4126 cum
1447 4075 1500 4129 in
1530 4074 1813 4147 [Egyptios
1854 4096 1972 4136 mo-

402 4169 526 4208 vere
559 4154 833 4224 Raguelus
884 4159 1232 4217 vehementer
1282 4174 1512 4233 optaret,
1542 4177 1599 4221 ut
1630 4167 1877 4239 Moysum
1907 4188 1971 4226 eo

398 4242 707 4309 deduceret,
736 4246 964 4317 ﬁliaeque
992 4250 1154 4304 simul
1184 4268 1247 4306 ac
1274 4271 1471 4321 genero
1502 4257 1787 4328 imperium
1818 4277 1970 4318 asse-

399 4346 543 4390 reret
583 4354 595 4390 :
632 4336 898 4408 Moysum,
930 4342 1072 4411 quod
1101 4345 1391 4414 gentilibus
1427 4350 1542 4405 suis
1586 4361 1871 4421 metueret,
1903 4355 1971 4410 ab

399 4444 461 4482 ea
514 4430 689 4498 ipsum
742 4442 922 4487 mente
972 4434 1249 4491 dimovere
1275 4450 1530 4496 conatum
1563 4458 1682 4500 esse
1726 4447 1967 4517 quidem,

400 4521 491 4575 sed
537 4531 713 4577 tamen
771 4534 826 4579 et
864 4526 1135 4584 Arabibus
1187 4531 1477 4601 abstinere,
1534 4544 1588 4590 et
1638 4553 1702 4592 ex
1735 4538 1967 4612 x’Egypto
2002 4554 2044 4608 Ι)

398 4615 608 4683 praedas
668 4632 826 4686 agere
885 4634 915 4672 a
969 4618 1207 4688 Raguelo
1256 4622 1470 4690 jussum
1511 4625 1701 4683 fuisse.
1762 4630 1969 4689 Interea

396 4703 751 4775 Chenephren
780 4708 1098 4778 elephantine
1140 4714 1331 4768 morbo
1378 4719 1688 4773 mortalium
1723 4725 1965 4779 omnium

396 4797 693 4868 principem
728 4801 949 4867 abiisse,
978 4819 1099 4859 cum
1134 4806 1187 4861 in
1218 4823 1339 4861 eum
1372 4809 1673 4879 incidisset,
1697 4816 1839 4884 quod
1869 4815 1968 4871 Ju-

395 4890 560 4955 daeos,
598 4891 766 4947 laneae
810 4895 978 4949 vestis
1010 4912 1109 4951 usu
1146 4900 1440 4967 prohibito,
1477 4903 1736 4961 sindones
1765 4907 1965 4976 jussis-

396 4991 478 5037 set
505 4983 751 5049 induere,
790 5002 898 5057 quo
926 4987 1138 5045 facilius
1172 4992 1226 5045 in
1258 5008 1351 5048 eos
1379 4994 1482 5049 hoc
1508 5010 1536 5049 a
1570 4999 1779 5053 ueteris
1814 5001 1960 5055 cultu

394 5075 679 5131 distinctos
704 5079 893 5134 saevire
916 5093 1119 5150 posset.
1150 5085 1218 5138 At
1241 5084 1480 5157 Moysum
1511 5091 1686 5158 gentis
1721 5108 1833 5148 sua;
1861 5095 1964 5148 mi-

395 5167 568 5221 serias
597 5170 736 5238 apud
774 5169 941 5225 Deum
973 5174 1191 5230 assidue
1217 5176 1615 5247 deprecantem,
1645 5196 1708 5236 eo
1740 5183 1958 5239 demum

395 5266 636 5327 tempore
652 5258 859 5316 Numen
882 5266 1172 5333 propitium
1202 5269 1478 5336 habuisse,
1500 5288 1563 5327 ac
1589 5284 1808 5343 repente
1838 5293 1962 5332 suc-

393 5366 615 5407 censum
664 5369 695 5409 e
728 5364 869 5412 terra
898 5359 1077 5430 ignem
1108 5363 1350 5433 erupisse
1380 5365 1475 5428 ait,
1506 5368 1598 5437 qui
1629 5372 1841 5425 tametsi
1877 5372 1959 5427 lo-

392 5457 489 5497 cus
520 5445 589 5498 ah
625 5448 771 5502 omni
821 5449 966 5520 ligno
1015 5454 1230 5524 aliaque
1283 5458 1505 5511 materia
1540 5457 1648 5529 igni
1687 5465 1959 5531 pascendo

389 5546 514 5605 apta
545 5554 750 5597 vacuus
776 5554 938 5611 esset,
971 5548 1163 5604 ardere
1190 5559 1367 5605 tamen
1396 5567 1505 5605 non
1538 5553 1954 5623 desineret.Quo

466 5673 585 5730 οἷον.
625 5684 1168 5754 προκατασχήσαντα.
1247 5685 1274 5726 δ
1315 5689 1399 5745 ῑσ.
1430 5691 1667 5759 γεγονός.

2087 1940 2263 2011 μένων
2296 1941 2351 1995 δὲ
2382 1942 2583 2004 αὐτῶν,
2612 1942 2707 2011 τὴν
2730 1941 3019 2013 ἐπιϐουλὴν
3048 1941 3125 2012 τῷ
3156 1942 3377 2014 Μωΰσῳ
3397 1943 3507 1997 τῶν
3542 1961 3669 1997 συν-

2081 2032 2297 2086 ειδότων
2333 2033 2643 2102 ὲξαγγεῖλαί
2676 2052 2820 2088 τινα.
2855 2034 2959 2087 Τὸν
3005 2036 3062 2088 δὲ
3111 2035 3453 2104 φυλάσσοντα
3506 2037 3671 2089 αὑτὸν

2080 2123 2179 2192 τὴν
2211 2124 2308 2194 μὲν
2348 2123 2560 2195 Μέρῤιν
2600 2124 2787 2194 θάψαι,
2828 2125 2918 2177 τὸν
2953 2125 3009 2179 δὲ
3050 2127 3314 2196 ποταμὸν,
3347 2127 3443 2179 καὶ
3478 2127 3579 2197 τὴν
3610 2128 3670 2179 ὲν

2082 2213 2275 2282 ἐκείνῳ
2304 2214 2458 2267 πόλιν
2489 2215 2708 2286 Μερόην
2751 2215 3216 2287 προσαγορεῦσαι.
3252 2217 3563 2288 (Τιμᾶσθαι
3610 2218 3667 2270 δὲ

2080 2304 2178 2376 τὴν
2206 2306 2416 2375 Μέρῤιν
2459 2308 2665 2377 ταύτην
2691 2308 2796 2360 ὑπὸ
2837 2307 2943 2360 τῶν
2984 2309 3263 2379 ἐγχωρίων
3310 2310 3410 2362 οὐκ
3445 2309 3667 2363 ἔλαττον

2080 2399 2112 2469 ἢ
2153 2398 2250 2469 τὴν
2288 2395 2476 2469 Ἶσιν.)
2528 2400 2773 2472 Ἀάρωνα
2798 2400 2854 2453 δὲ
2897 2401 2986 2454 τὸν
3013 2401 3104 2454 τοῦ
3147 2403 3382 2455 Μωΰσου
3414 2402 3665 2471 ἀδελφὸν,

2079 2489 2150 2541 τά
2188 2490 2315 2560 περὶ
2354 2490 2452 2562 τὴν
2483 2491 2774 2562 ἐπιϐουλὴν
2803 2493 3117 2561 ἐπιγνόντα,
3158 2493 3562 2564 συμϐουλεῦσαι
3589 2496 3668 2565 τῷ

2080 2582 2292 2652 ἀδελφῷ
2317 2587 2507 2652 φυγεῖν
2543 2586 2622 2647 εἰς
2664 2586 2762 2654 τὴν
2796 2586 3074 2656 Ἀραϐίαν.
3116 2588 3218 2639 Τὸν
3263 2587 3320 2640 δὲ
3349 2588 3667 2653 πεισθέντα,

2079 2675 2185 2726 ἀπὸ
2234 2675 2511 2746 Μέμφεως
2550 2677 2640 2730 τὸν
2680 2674 2870 2731 Νεῖλον
2909 2679 3342 2745 διαπλεύσαντα,
3384 2684 3667 2738 ἀπαλλάσ-

2082 2767 2265 2820 σεσθαι
2290 2771 2367 2831 είς
2389 2769 2486 2839 τὴν
2521 2770 2797 2841 ’Λραϐίαν.
2834 2772 2936 2824 Τὸν
2961 2772 3017 2824 δὲ
3038 2772 3387 2845 Χανεθώθην,
3423 2776 3666 2848 πυθόμε-

2078 2878 2167 2913 νον
2197 2860 2288 2915 τοῦ
2328 2863 2560 2915 Μωΰσου
2594 2864 2690 2935 τὴν
2731 2864 2930 2935 φυγὴν,
2976 2864 3277 2937 ἐνεδρεύειν
3318 2867 3395 2931 ὡς
3436 2870 3665 2944 ἀναιρῆ-

2082 2967 2262 3005 σοντα.
2290 2952 2486 3006 Ἰδόντα
2513 2954 2567 3006 δὲ
2594 2956 2905 3024 ἐρχόμενον,
2927 2957 3230 3011 σπάσασθαι
3256 2959 3355 3030 τὴν
3388 2962 3665 3033 μάχαιραν

2077 3041 2165 3095 ἐπ’
2198 3042 2377 3095 αὐτόν.
2404 3043 2506 3096 Τὸν
2529 3044 2585 3097 δὲ
2611 3043 2861 3108 Μὼῦσον,
2892 3050 3385 3119 προκαταχήσαντα
3410 3063 3435 3091 ι
3470 3056 3575 3122 τήν
3605 3072 3664 3107 τε

2076 3135 2234 3204 χεῖρα
2279 3138 2569 3204 κατασχεῖν
2622 3136 2782 3189 αὑτοῦ
2810 3177 2823 3197 ,
2859 3140 2954 3192 καὶ
3006 3140 3350 3211 σπασάμενον
3382 3143 3443 3195 τὸ
3488 3145 3660 3215 ξίφος,

2079 3225 2332 3294 φονεῦσαι
2391 3226 2483 3279 τὸν
2550 3228 2898 3298 Χανεθὼθην.
2940 3232 3260 3303 Διεκδρᾶναι
3311 3234 3370 3286 δὲ
3425 3236 3512 3299 εἰς
3562 3239 3661 3307 τὴν

2089 3317 2361 3388 Ἀραϐίαν,
2385 3318 2479 3372 καὶ
2506 3319 2818 3390 ’Ῥαγουήλῳ
2838 3322 3033 3392 τῷτῶν
3061 3324 3241 3378 τόπων
3272 3328 3493 3397 ἄρχοντι
3528 3346 3659 3397 συμ-

2077 3407 2253 3473 ϐιοῦν,
2283 3408 2514 3462 λαϐόντα
2555 3410 2652 3482 τὴν
2697 3412 2907 3464 ἐκείνου
2952 3411 3244 3485 θυγατέρα.
3290 3415 3395 3469 Τὸν
3435 3416 3495 3469 δὲ
3541 3418 3659 3470 Ῥαο

2074 3501 2301 3571 γουῆλον
2332 3501 2615 3571 βούλεσθαι
2662 3504 2979 3574 στρατεύειν
3010 3507 3103 3559 ἐπὶ
3146 3507 3272 3573 τοὺς
3305 3510 3658 3577 Αἰγυπτίους,

2075 3594 2333 3663 κατάγειν
2365 3595 2685 3667 βουλόμενον
2711 3598 2801 3649 τὸν
2826 3597 3077 3664 Μὼῦσον,
3103 3602 3197 3653 καὶ
3214 3602 3313 3672 τὴν
3337 3601 3657 3659 δυναστείαν

2072 3690 2137 3757 τῇ
2172 3706 2230 3741 τε
2255 3688 2486 3760 θυγατρὶ
2515 3690 2608 3743 καὶ
2639 3688 2717 3760 τῷ
2741 3689 2976 3760 γαμϐρῷ
3005 3693 3437 3746 κατασκευάσαι.
3466 3695 3572 3747 Τὸν
3600 3696 3655 3749 δὲ

2074 3778 2307 3832 Μώῦσον
2338 3779 2724 3845 ἀποκωλῦσαι,
2762 3780 3155 3851 στοχαζόμενον
3188 3783 3296 3836 τῶν
3341 3783 3654 3853 ὁμοφύλων.

2073 3871 2177 3923 Τὸν
2236 3871 2292 3924 δὲ
2345 3871 2668 3941 Ῥαγουῆλον
2736 3872 3101 3928 διακωλύοντα
3166 3876 3480 3946 στρατεύειν
3546 3881 3652 3942 τοῖς

2078 3962 2301 4031 Ἄραψι,
2327 3961 2625 4033 προστάξαι
2649 3963 2930 4036 λῃστεύειν
2958 3964 3055 4036 τὴν
3093 3966 3387 4035 Αἴγυπτον.
3423 3969 3561 4023 Ὑπὸ
3594 3970 3649 4023 δὲ

2071 4054 2163 4109 τὸν
2224 4054 2385 4108 αὑτὸν
2434 4056 2623 4125 χρόνον
2666 4058 2759 4111 καὶ
2808 4059 3090 4130 Χενεφρῆν
3136 4062 3349 4130 πρῶτον
3397 4063 3650 4117 ἁπάντων

2073 4144 2374 4217 ἀνθρώπων
2441 4146 2905 4216 έλεφαντιάσαντα
2964 4151 3311 4221 μεταλλάξαι.
3358 4155 3549 4225 Τούτῳ
3592 4154 3649 4208 δὲ

2070 4236 2148 4306 τῷ
2190 4235 2350 4289 πάθει
2399 4242 2716 4308 περιπεσεῖν
2757 4240 2843 4293 διὰ
2871 4241 2931 4293 τὸ
2974 4244 3100 4305 τοὺς
3140 4244 3426 4310 Ἰουδαίους
3483 4264 3645 4317 προσ-

2070 4323 2228 4389 τάξαι
2263 4323 2505 4389 σινδόνας
2552 4327 2985 4397 ἀμφιέννυσθαι,
3020 4333 3181 4403 ἐρεᾶν
3228 4333 3274 4386 δ’
3325 4335 3531 4406 ἐσθῆτα
3574 4337 3648 4407 μὴ

2070 4412 2448 4483 ἀμπέχεσθαι,
2501 4417 2649 4480 ὅπως
2674 4419 2824 4483 ὄντες
2872 4420 3131 4493 ἐπίσημοι
3173 4424 3509 4490 κολάζωνται
3556 4427 3647 4480 ὑπ’

2072 4503 2254 4557 αὑτοῦ.
2281 4505 2383 4557 Τὸν
2414 4506 2471 4558 δὲ
2517 4507 2748 4562 Μὼῦσον
2781 4508 3035 4580 εὔχεσθαι
3076 4512 3153 4584 τῷ
3196 4514 3317 4585 Θεῷ
3337 4557 3351 4578 ,
3386 4516 3488 4587 ἤδη
3519 4517 3649 4570 ποτὲ

2071 4597 2197 4658 τοὺς
2223 4597 2383 4661 λαοὺς
2423 4599 2626 4654 παῦσαι
2672 4602 2780 4655 τῶν
2811 4606 3211 4662 κακοπαθειῶν.
3268 4609 3647 4679 Ἱλασκομένου

2069 4688 2112 4740 δ’
2147 4688 2332 4753 αὑτοῦ,
2367 4692 2678 4760 αἰφνιδίως,
2728 4697 2923 4765 φησὶν,
2957 4700 3022 4753 ἐκ
3074 4701 3173 4770 τῆς
3207 4700 3314 4773 γῆς
3346 4701 3457 4772 πῦρ
3514 4704 3643 4755 ἀνα-

2069 4778 2290 4848 φθῆναι,
2320 4782 2598 4835 καὶτοῦτο
2624 4785 2882 4855 κάεσθαι,
2924 4790 3062 4859 μήτε
3103 4790 3237 4861 ὕλης
3286 4793 3425 4862 μήτε
3477 4793 3648 4863 ἄλλης

2065 4866 2210 4931 τινὸς
2248 4866 2461 4933 ξυλείας
2486 4868 2652 4940 οὔσης
2698 4873 2756 4925 ὲν
2805 4873 2882 4942 τῷ
2915 4875 3080 4946 τόπῳ.
3132 4876 3239 4930 Τὸν
3280 4877 3338 4930 δὲ
3384 4878 3642 4944 Μὼῦσον,

2063 4959 2315 5014 δείσαντα
2347 4961 2408 5014 τὸ
2434 4962 2588 5030 γένος
2609 4964 2659 5027 δ,
2705 4965 2957 5034 φεύγειν·
2996 4968 3177 5040 φωνὴν
3214 4969 3261 5023 δ’
3295 4970 3445 5040 αὐτῷ
3492 4968 3645 5025 θείαν

2061 5053 2253 5115 εἰπεῖν,
2290 5053 2602 5125 στρατεύειν
2631 5056 2715 5110 ἐπ’
2741 5055 3036 5127 Αἴγυπτον,
3062 5059 3156 5112 καὶ
3188 5060 3317 5123 τοὺς
3355 5061 3643 5127 Ἰουδαίους

2062 5142 2424 5207 διασώσαντα,
2462 5148 2543 5210 είς
2586 5148 2685 5217 τὴν
2715 5149 2949 5220 ἀρχαίαν
2977 5153 3203 5219 ἀγαγεῖν
3243 5151 3499 5223 πατρίδα.
3538 5153 3642 5205 Τὸν

2062 5232 2138 5293 δὲ,
2176 5234 2544 5305 θαρῤήσαντα,
2582 5237 2811 5307 δύναμιν
2850 5239 3113 5310 πολεμίαν
3142 5240 3367 5308 ἐπάγειν
3403 5240 3640 5309 διαγνῶ-

2061 5342 2147 5378 ναι
2191 5328 2304 5390 τοῖς
2354 5328 2686 5393 Αἰγυπτίοις.
2735 5328 2954 5400 Πρῶτον
3007 5331 3062 5384 δὲ
3096 5332 3233 5403 πρὸς
3272 5331 3519 5403 Ἀαρῶνα
3549 5334 3639 5385 τὸν

2061 5414 2288 5483 ἀδελφὺν
2320 5414 2511 5469 ἐλθεῖν.
2539 5416 2640 5471 Τὸν
2676 5419 2732 5471 δὲ
2760 5418 2982 5488 βασιλέα
3022 5420 3130 5473 τῶν
3164 5422 3499 5490 Αἰγυπτίων,
3533 5440 3636 5475 πυ⁶

2061 5505 2285 5575 θόμενον
2311 5506 2409 5578 τὴν
2460 5509 2554 5561 τοῦ
2584 5511 2818 5564 Μωῢσου
2849 5513 3148 5583 παρουσίαν
3171 5554 3185 5575 ,
3222 5513 3445 5567 καλέσαι
3498 5515 3634 5585 πρὲις

2057 5599 2239 5663 αὑτὸν,
2276 5601 2367 5653 καὶ
2400 5601 2759 5657 πυνθάνεσθαι
2793 5606 2879 5675 ἐφ’
2904 5606 3010 5677 ὅτῳ
3037 5606 3179 5677 ἥκοι.
3212 5606 3315 5658 Τὸν
3358 5605 3415 5659 δὲ
3444 5606 3633 5673 φάναι,

457 5808 567 5867 (τε)
620 5811 835 5872 δέμων.
886 5818 1124 5890 Corrige,
1172 5824 1389 5881 θέλοντα
1436 5840 1749 5900 :postrema
1798 5834 1943 5889 enim

2076 5838 2213 5907 laba,
2245 5841 2312 5896 ob
2349 5846 2629 5909 sequentis
2660 5845 3074 5906 similitudinem
3110 5850 3304 5906 abrasa
3345 5858 3452 5907 est.
