3838 6384
81 438 156 491 753

80 543 316 623 προστάξαι
339 537 476 608 αὐτῷ
509 535 603 588 τὸν
628 533 725 603 τῆς
776 524 1099 597 οἰκουμένης
1119 519 1399 587 Δεσπότην
1436 514 1572 567 ἀπο-
1601 515 1641 566 A

76 606 196 694 λίσαι
219 606 324 697 τοὺς
364 606 662 690 Ἰουδαίους.
693 622 798 678 Τὸν
832 620 910 684 δὲ,
940 616 1262 686 πυθόμενον,
1289 611 1368 673 εἰς
1402 606 1572 679 φυλα-

78 732 154 802 κὴν
191 723 324 780 αὑτὸν
347 714 639 790 καθεῖρξαι.
687 711 898 773 Νυκτὸς
945 708 1002 762 δὲ
1051 701 1441 774 ἐπιγενομένης
1475 698 1573 802 τάς

75 789 130 877 τε⁵
172 816 312 889 θύρας
376 789 551 873 πάσας
595 805 913 876 αὐτομάτως
963 797 1276 870 ἀνοιχθῆναι
1344 791 1438 846 τοῦ
1484 789 1572 842 δε-

80 909 348 985 aimqpiou,
391 906 482 958 ml.
523 901 635 956 τῶν
676 898 930 969 φυλάκων
967 893 1061 976 οὓς
1097 892 1194 958 μὲν
1231 885 1572 954 τελευτῆσαι,

77 1006 192 1068 τινὰς
225 1003 273 1058 δὲ
313 999 410 1054 ὑπὸ
463 996 554 1050 τοῦ
613 994 780 1047 ὕπνου
823 988 1164 1061 παρεθῆναι,
1210 981 1282 1035 τά
1327 997 1387 1032 τε
1434 976 1575 1031 ὅπλα

77 1098 354 1167 κατεαγῆναι.
393 1091 710 1157 Ἐξελθόντα
733 1088 789 1140 δὲ
811 1086 902 1139 τὸν
928 1083 1178 1145 Μώῦσον,
1203 1079 1296 1132 ἐπὶ
1330 1077 1399 1129 τὰ
1424 1073 1576 1145 βασί-

78 1196 160 1249 λεια
179 1165 319 1246 ἐλθεῖν
335 1204 349 1218 ·
371 1186 601 1258 εὑρόντα
625 1183 683 1235 δὲ
706 1179 1054 1251 ἀνεῳγμένας
1085 1175 1185 1237 τὰς
1211 1171 1273 1225 Θύ
1281 1187 1380 1242 ρας
1406 1165 1577 1220 εἰσελ-

81 1287 176 1349 θεῖν,
198 1283 276 1336 καὶ
304 1279 480 1334 ἐνθάδε
509 1276 620 1330 τῶν
649 1273 901 1345 φυλάκων
926 1267 1270 1340 παρειμένων
1296 1263 1388 1317 τὸν
1425 1259 1577 1330 βασις

80 1374 412 1445 λέαὲξεγεῖραι.
447 1371 554 1424 Τὸν
593 1370 671 1434 δὲ,
707 1365 1047 1433 ἐκπλαγέντα
1075 1360 1168 1414 ἐπὶ
1202 1357 1282 1428 τῷ
1308 1353 1573 1445 γεγονότι,

79 1469 268 1522 κελεῦσαι
295 1466 364 1536 τῷ
403 1465 627 1534 Μωΰσῳ
666 1461 729 1516 τὸ
756 1459 848 1514 τοῦ
887 1456 1201 1528 πέμψαντος
1238 1449 1398 1504 αὑτὸν
1441 1444 1576 1500 Θεοῦ

79 1564 201 1614 εἰπεῖν
227 1560 394 1630 ὄνομα,
422 1556 853 1628 διαχλευάσαντα
875 1551 1056 1605 αὐτόν.
1088 1547 1194 1600 Τὸν
1233 1545 1310 1612 δὲ,
1338 1539 1578 1614 προσκύο

76 1657 203 1722 ψαπα
219 1655 331 1723 πρὸς
352 1651 410 1703 τὸ
429 1645 542 1712 οὖς,
571 1649 768 1701 εἰπεῖν.
787 1643 1116 1698 Ἀκούσαντα
1138 1641 1193 1693 δὲ
1218 1639 1308 1692 τὸν
1333 1635 1575 1708 βασιλέα,

79 1749 212 1801 πεσεῖν
235 1744 458 1813 ἀξωνονο
502 1739 938 1812 διακρατηθέντα
975 1736 1032 1789 δὲ
1064 1735 1168 1788 ὑπὸ
1195 1732 1286 1785 τοῦ
1318 1731 1575 1794 Μωΰσου,

79 1841 196 1893 πάλιν
221 1837 515 1892 ἀναϐιῶσαι.
547 1834 845 1907 Γράψαντα
887 1831 944 1884 δὲ
980 1829 1218 1897 τοῦνομα
1255 1827 1340 1889 εἰς
1369 1825 1576 1888 δέλτον,
1610 1859 1652 1913 Β

78 1929 577 2002 κατασφραγίσασθαιο
608 1929 717 1982 τῶν
744 1926 799 1979 δὲ
841 1927 1033 1996 ἱερέων
1060 1923 1151 1976 τὸν
1179 1919 1579 1991 ὲκφαυλίσαντα

77 2031 126 2081 τὰ
148 2029 190 2078 ἐν
221 2028 275 2095 τῇ
303 2023 535 2077 πινακίδι
581 2019 961 2093 γεγραμμένα,
996 2017 1134 2089 μετά
1190 2011 1438 2084 σπασμοῦ
1489 2011 1579 2065 τὸν

80 2120 159 2189 βίον
179 2119 494 2188 ὲκλιμπάνειν
512 2135 527 2147 ·
560 2118 738 2170 εἰπεῖν
778 2131 837 2167 τε
884 2114 975 2166 τὸν
1017 2111 1241 2181 βασιλέα
1272 2107 1494 2179 σημεῖόν
1524 2123 1578 2158 τι

79 2210 184 2279 αὐτῷ
205 2209 416 2279 ποιῆσαι.
449 2208 555 2261 Τὸν
587 2207 644 2260 δὲ
675 2205 926 2268 Μώῦσον,
961 2204 1027 2275 ἢν
1057 2199 1168 2273 εἶχε
1197 2200 1388 2272 ῥάϐδον
1416 2198 1579 2251 ἑκϐα-

78 2304 206 2370 idm,
229 2305 334 2372 59w
366 2303 597 2371 ποιῆσαι
616 2317 629 2330 ·
668 2298 1007 2368 πτοηθέντων
1036 2294 1093 2348 δὲ
1131 2294 1366 2355 πάντων,
1393 2290 1579 2344 ἐπιλα-

79 2395 242 2465 ϐόμενον
267 2395 356 2465 τῆς
375 2395 543 2465 οὐρᾶς
564 2385 876 2455 ἀνελέσθαι,
901 2388 995 2442 καὶ
1016 2385 1175 2440 πάλιν
1201 2383 1393 2456 ῥάϐδον
1425 2381 1580 2452 ποιῆ-

82 2486 467 2558 σαι.Προελθόντα
503 2486 565 2540 δὲ
599 2483 814 2556 μικρὸν,
840 2480 931 2535 τὸν
957 2479 1146 2532 Νεῖλον
1175 2480 1240 2549 τῇ
1272 2475 1453 2548 ῥάϐδῳ
1475 2491 1579 2529 πα-

79 2580 216 2643 τὰξαι·
250 2579 328 2632 τὺν
366 2579 420 2632 δὲ
469 2576 742 2647 ποταμὸν,
777 2573 1041 2642 πολύχουν
1068 2569 1378 2639 γενόμενον,
1410 2582 1578 2620 κατα-

82 2670 237 2733 κλύζειν
263 2671 377 2741 ὅλην
401 2669 499 2741 τὴν
523 2667 820 2736 Αἴγυπτον.
839 2665 970 2720 Ἀπὸ
1002 2664 1120 2718 τότε
1147 2662 1205 2715 δὲ
1237 2662 1329 2716 καὶ
1357 2660 1454 2731 τὴν
1481 2677 1578 2713 κα-

81 2763 244 2817 eum
265 2762 415 2817 αὐτοῦ
451 2760 719 2831 γίνεσθαι.
753 2756 1060 2826 Συναγαγὸν
1088 2755 1146 2808 δὲ
1170 2754 1233 2808 τὸ
1261 2753 1406 2823 ὕδωρ
1437 2754 1575 2806 ἀπο-

81 2856 203 2919 ζέσαι,
227 2857 305 2909 καὶ
330 2856 394 2909 τὰ
425 2855 673 2925 ποτάμια
696 2851 1003 2922 διαφθεῖραι
1030 2848 1164 2915 ζῶα,
1188 2847 1314 2910 τούς
1337 2863 1396 2898 τε
1417 2844 1578 2908 λαοὺς

79 2948 139 3001 διὰ
168 2949 242 3020 τήν
278 2948 426 3019 δίψαν
464 2945 809 3018 φθείρεσθαι.
852 2943 956 2996 Τὸν
995 2941 1051 2994 δὲ
1101 2938 1343 3012 βασιλέα,
1374 2937 1578 2992 τούτων

80 3041 313 3110 γενομένων
334 3042 436 3094 τῶν
461 3039 730 3110 τεράτων,
750 3035 914 3106 φάναι
939 3033 1076 3105 μετά
1100 3032 1245 3102 μῆνα
1273 3030 1397 3092 τοὺς
1415 3028 1579 3092 λαοὺς

79 3131 314 3195 ἀπολύσειν,
340 3131 430 3184 ὲάν
473 3129 907 3196 ἀποκαταστήσῃ
957 3124 1048 3177 τὸν
1094 3121 1354 3192 ποταμόν.
1390 3119 1494 3173 Τὸν
1519 3117 1576 3172 δὲ

1159 395 1475 458 PREPAR.
1517 382 1770 444 EVANG.
1814 379 1941 437 LIB.
1982 378 2074 434 ιι.

3137 367 3241 425 734

1673 505 1921 574 prodigio
1947 505 2223 574 Moysum,
2255 517 2380 558 cum
2416 498 2711 556 exterritus
2736 499 2966 572 fugeret,
2994 515 3128 555 voce
3159 500 3245 554 di-

1673 596 1876 651 vinitus
1927 596 2172 650 immissa
2221 595 2557 652 admonitum
2587 610 2731 661 esse,
2767 602 2827 650 ut
2866 595 2919 650 in
2947 593 3242 667 Egyptum

1673 687 2012 756 expeditione
2036 694 2309 756 suscepta,
2335 685 2552 742 Judaeos
2580 685 2857 751 liberaret,
2875 699 2940 739 ac
2955 684 3243 755 pristinam

1675 781 1730 834 in
1757 781 1989 850 patriam
2021 780 2313 851 aliquando
2338 781 2637 836 reduceret.
2683 779 2869 850 Itaque
2923 781 3246 835 conﬁrmato

1675 873 1860 928 animo
1876 874 2077 930 bellum
2108 872 2377 946 Egyptiis
2402 873 2605 930 inferre
2629 876 2908 940 statuisse,
2936 874 3016 929 sic
3041 884 3244 939 tamen,

1676 974 1735 1020 ut
1774 966 2046 1020 Aaronem
2085 965 2304 1020 fratrem
2337 974 2464 1020 ante
2493 966 2678 1019 omnia
2707 967 3044 1021 conveniret.
3075 965 3247 1036 Cujus

1676 1058 1909 1112 adventu
1942 1055 2228 1123 nuntiato,
2261 1057 2576 1129 Egyptium
2626 1072 2808 1128 regem
2856 1072 2922 1112 ex
2965 1072 3051 1122 eo,
3083 1073 3245 1126 quem

1676 1153 1744 1206 ad
1794 1166 1916 1207 sese
1956 1149 2240 1206 confestim
2275 1159 2616 1217 evocaverat,
2649 1151 2952 1220 quaasiisse,
2983 1164 3245 1220 quorsum

1676 1243 1806 1299 illuc
1835 1243 2071 1299 venisset
2106 1260 2121 1297 :
2159 1242 2335 1313 ipsum
2365 1253 2571 1308 autem,
2606 1244 2755 1300 orbis
2792 1244 3033 1300 universi
3063 1243 3250 1297 mode-

1675 1339 1880 1393 ratoris
1921 1336 2081 1407 jussu
2130 1351 2194 1392 ac
2241 1337 2461 1392 nomine
2494 1338 2607 1407 regi
2637 1337 3010 1402 denuntiasse,
3044 1337 3120 1391 uti
3151 1335 3250 1407 ιυτ

1677 1428 1824 1485 datos
1878 1429 2082 1485 liberos
2130 1445 2462 1500 securosque
2513 1402 2828 1485 dimitteret.
2859 1402 3255 1497 Quamobrem,

1677 1533 1801 1573 cum
1835 1518 1890 1572 in
1918 1533 2192 1574 carcerem
2240 1518 2309 1573 ab
2347 1533 2414 1574 eo
2438 1519 2719 1590 conjectus
2743 1529 2908 1586 esset,
2936 1529 3100 1576 noctu
3128 1536 3254 1590 por-

1678 1621 1762 1668 tas
1820 1626 2012 1668 omnes
2066 1611 2306 1667 carceris
2360 1621 2553 1681 sponte
2595 1613 2857 1683 patuisse,
2889 1615 3254 1684 custodesque

1679 1707 1874 1778 partim
1937 1706 2222 1777 repentino
2275 1705 2520 1762 sublatos
2576 1707 2833 1771 interitu,
2890 1709 3086 1778 partim
3145 1709 3254 1763 alto

1679 1789 1874 1859 somno
1908 1804 2122 1860 solutos
2156 1801 2345 1858 fractis
2398 1803 2602 1873 passim
2633 1802 2802 1857 armis
2822 1802 3081 1872 iacuisse.
3114 1801 3274 1872 May--

1678 1914 1801 1954 sum
1835 1914 1865 1954 e
1899 1899 2126 1968 vestigio
2155 1913 2274 1954 sese
2302 1898 2355 1953 in
2383 1898 2612 1968 regiam,
2660 1895 2947 1967 patefactis
2975 1897 3139 1950 etiam
3174 1897 3253 1950 ul-

1680 2002 1765 2047 tro
1787 1991 1996 2062 jannis,
2025 1991 2296 2054 intulisse,
2322 2006 2387 2045 ac
2415 1988 2771 2060 praesidiariis
2814 1988 3080 2043 militibus
3127 2003 3253 2057 pro-

1681 2083 1848 2140 fundo
1879 2100 2097 2155 quoque
2123 2099 2318 2140 somno
2344 2083 2591 2154 sepultis,
2626 2095 2805 2152 regem
2837 2081 3139 2146 excitasse;
3161 2080 3255 2150 qui

1678 2176 1809 2233 facti
1863 2179 2156 2232 novitatem
2207 2177 2444 2248 primum
2494 2175 2712 2246 quidem
2741 2172 3100 2243 obstupuerit,
3132 2187 3257 2225 mox

1678 2281 1881 2334 tamen,
1915 2272 2074 2342 quasi
2106 2270 2265 2325 ludos
2292 2269 2535 2342 Moysum
2566 2269 2790 2334 faceret,
2812 2267 2948 2322 Deia
2965 2282 3074 2338 quo
3095 2263 3259 2338 435

1677 2365 1882 2421 missus
1930 2373 2095 2428 esset,
2136 2378 2334 2418 nomen
2389 2379 2515 2419 eum
2568 2362 2780 2432 aperire
2803 2360 3029 2432 jusserit
3067 2378 3080 2414 :
3113 2360 3257 2429 quod

1678 2458 1772 2514 ubi
1805 2456 2023 2529 Moysus
2053 2459 2109 2512 in
2147 2473 2332 2512 aurem
2365 2457 2722 2519 insinuasset,
2759 2472 2939 2525 regem
2973 2455 3120 2511 illico
3139 2470 3261 2508 mu-

1678 2561 1793 2608 tum
1828 2552 2156 2618 concidisse,
2187 2552 2363 2607 donec
2421 2551 2492 2606 ab
2549 2550 2742 2605 eodem
2779 2557 3033 2618 arreptus
3059 2548 3162 2602 sibi
3195 2563 3261 2602 ac

1679 2646 1800 2702 vita:
1825 2646 2160 2703 redderetur.
2198 2642 2261 2699 Et
2292 2645 2444 2698 illum
2472 2643 2690 2714 quidem
2723 2642 3024 2697 indicatum
3058 2655 3258 2694 nomen

1680 2740 1891 2796 tabellis
1940 2739 2308 2809 inscripsisse,
2339 2754 2476 2806 quas
2522 2737 2872 2807 postmodum
2906 2735 3211 2804 obsignarit
3243 2751 3258 2786 :

1678 2835 1967 2905 quemdam
1997 2849 2124 2888 vero
2152 2833 2512 2896 sacerdotem,
2536 2830 2627 2901 qui
2658 2829 2847 2899 scripti
2875 2827 3114 2882 nominis
3139 2842 3259 2880 ma~

1671 2927 1926 2994 jestatem
1947 2925 2204 2991 elevaret,
2237 2922 2520 2994 repentino
2551 2936 2770 2990 spasmo
2795 2929 3104 2990 correptum
3138 2932 3261 2985 per-

1679 3018 1830 3074 iisse.
1858 3017 2146 3081 Praeterea,
2183 3031 2308 3072 cum
2358 3030 2450 3070 rex
2495 3030 2525 3069 a
2571 3013 2756 3086 Moyso
2797 3011 3107 3083 prodigium
3159 3008 3262 3062 ali-

1683 3111 1830 3183 quod
1883 3118 2181 3181 expeteret,
2216 3124 2341 3164 eum
2389 3123 2555 3179 quam
2584 3122 2750 3162 manu
2778 3105 2985 3174 virgam
3020 3102 3260 3164 tenebat,

79 3224 264 3287 nam»,
288 3225 436 3278 πάλιν
481 3225 553 3292 τῇ
605 3219 784 3291 ῥάϐδῳ
833 3215 1145 3282 πατάξαντα
1187 3213 1250 3267 τὸ
1291 3212 1452 3282 ὕδωρ,
1483 3228 1576 3265 συ-

1685 3205 1740 3260 in
1773 3214 2080 3273 serpentem
2138 3202 2319 3258 subito
2348 3199 2703 3266 convertisse,
2739 3197 3104 3266 omnibusque
3140 3204 3258 3249 stu-

80 3318 228 3370 στεΰιαι
261 3317 312 3370 τὸ
337 3317 535 3389 ῥεῦμα.
575 3314 774 3366 Τούτου
803 3311 860 3365 δὲ
884 3309 1195 3379 γενομένου,
1227 3306 1320 3361 τὸν
1353 3304 1582 3376 βασιλέα

77 3409 165 3471 τοὺς
205 3411 344 3481 ἱερεῖς
383 3413 509 3474 τοὺς
551 3408 694 3478 ὑπὲρ
738 3405 960 3474 Μέμφιν
1002 3401 1250 3463 καλέσαι,
1281 3399 1376 3453 καὶ
1418 3397 1581 3467 φάναι

77 3502 220 3566 αὐτοὺς
240 3504 564 3574 ἀναιρήσειν.
585 3499 679 3553 καὶ
706 3498 773 3550 τὰ
800 3497 921 3567 ἱερά
954 3491 1348 3562 κατασκάψειν,
1381 3490 1475 3544 ἐὰν
1508 3491 1583 3562 μὴ

77 3598 141 3646 καὶ
174 3596 302 3649 αὐτοὶ
341 3593 844 3666 τερατουργήσωσι.
879 3589 1016 3653 Τοὺς
1054 3586 1112 3640 δὲ
1148 3585 1271 3639 τότε
1305 3583 1395 3637 διά
1421 3600 1584 3636 τινων

78 3687 306 3755 μιγγάνων
350 3689 440 3740 καὶ
487 3683 760 3738 ἐπαοιδῶν
786 3681 1054 3754 δράκοντα
1091 3677 1334 3749 ποιῆσαι,
1368 3675 1462 3728 καῖ⁵
1494 3674 1586 3728 τὸν

76 3780 260 3849 man
302 3777 673 3851 μεταχρῶσαι.
704 3776 808 3828 Τὸν
861 3774 918 3827 δὲ
972 3770 1196 3844 βασιλέα
1251 3783 1588 3838 φρονηματι-

77 3871 219 3923 σθέντα
259 3874 341 3925 ἐπὶ
371 3872 446 3942 τῷ
491 3868 759 3939 γεγονότι,
791 3867 940 3938 πάσῃ
965 3862 1206 3934 τιμωρίᾳ
1239 3860 1333 3920 καὶ
1369 3857 1586 3913 κολάσει

76 3961 344 4026 κιταικίζειν
383 3964 515 4025 τοὺς
561 3958 864 4021 Ἰουδαίους.
890 3956 994 4010 Τὸν
1032 3954 1088 4007 δὲ
1132 3951 1384 4015 Μώῦσον,
1415 3948 1587 4004 ταῦτα

75 4054 246 4124 ὁρῶντα,
270 4054 393 4109 ἄλλα
423 4071 483 4107 τε
521 4054 726 4123 σημεῖα
755 4051 996 4121 ποιῆσαι,
1024 4047 1118 4101 καὶ
1148 4045 1463 4112 πατάξαντα
1489 4045 1588 4114 τὴν

75 4149 148 4216 γῆν
165 4151 216 4218 τῇ
240 4149 429 4220 ῥάϐδῳ,
454 4145 598 4212 ζῶόν
627 4163 678 4198 τι
711 4143 911 4214 πτηνὸν
938 4143 1162 4204 ἀνεῖναι,
1185 4139 1214 4192 ὂ
1245 4137 1587 4210 λυμῄνασθαι

76 4240 166 4303 τοὺς
191 4242 518 4309 Αἰγυπτίους,
553 4238 732 4291 πάντα
763 4253 824 4289 τε
851 4233 1211 4303 ὲξελκωθῆναι
1238 4232 1308 4286 τὰ
1337 4230 1584 4302 σώματα.

77 4331 163 4384 Τῶν
179 4334 224 4386 δὲ
250 4332 441 4404 ἰατρῶν
465 4333 545 4404 μὴ
564 4328 875 4400 δυναμένων
898 4327 1084 4381 ἰᾶσθαι
1107 4325 1233 4388 τοὺς
1257 4323 1584 4394 κάμνοντας,

78 4425 178 4476 οὕτω
201 4427 341 4481 πάλιν
366 4428 608 4488 ἀνέσεως
634 4425 818 4492 τυχεῖν
842 4425 968 4482 τοὺς
999 4419 1303 4480 Ἰουδαίους.
1334 4416 1502 4470 Πάλιν
1526 4431 1586 4468 τε

1684 3297 1960 3369 pentibus,
1999 3303 2216 3364 arrepta
2275 3293 2448 3348 cauda
2502 3292 2739 3362 priorem
2787 3289 2838 3344 ei
2875 3302 3069 3342 rursus
3096 3287 3262 3355 virgae

1685 3389 1915 3444 formam
1949 3385 2266 3442 reddidisse.
2297 3383 2468 3439 Paulo
2501 3392 2622 3452 post
2665 3380 2845 3435 Nilum
2890 3379 3078 3436 eadem
3108 3377 3256 3447 virga

1683 3497 2024 3554 percussum,
2059 3475 2547 3533 intumescentibus
2596 3474 2778 3540 undis,
2811 3471 3102 3544 Egyptum
3133 3473 3261 3524 uni-

1689 3590 1899 3630 versam
1932 3573 2238 3644 proluisse;
2269 3584 2337 3624 ex
2367 3582 2544 3638 eoque
2565 3579 2808 3635 tempore
2823 3565 2982 3620 statis
3007 3562 3263 3630 deinceps

1686 3670 1896 3725 vicibus
1930 3668 1984 3721 in
2016 3680 2180 3736 agros
2209 3677 2330 3718 sese
2360 3659 2540 3715 Nilum
2563 3657 2838 3714 ell‘udisse.
2857 3656 2978 3711 Mox
3007 3655 3262 3710 collectas

1684 3777 1740 3820 et
1761 3771 2072 3834 stagnantes
2100 3759 2304 3828 passim
2331 3770 2504 3826 aquas
2532 3752 2871 3817 ellerbuisse,
2893 3764 2996 3804 nec
3019 3747 3263 3818 piscibus

1687 3857 1852 3912 modo
1899 3854 2202 3918 interitum,
2238 3849 2332 3905 sed
2382 3847 2655 3905 exitialem
2698 3858 2917 3916 quoque
2949 3841 3267 3898 hominibus

1687 3949 1834 4006 sitim
1861 3945 2132 4002 attulisse.
2161 3943 2346 4012 Itaque
2379 3954 2561 4010 regem
2591 3946 2668 3993 tot
2695 3934 2960 4006 prodigiis
2989 3932 3264 3995 territum,

1687 4058 1809 4099 sese
1835 4049 1958 4110 post
1988 4034 2466 4093 mensemJudaeos
2498 4031 2853 4086 dimissurum
2884 4023 3266 4096 spopondissa,

1687 4135 1736 4188 si
1766 4131 2034 4203 pristinus
2064 4125 2276 4182 [lumini
2321 4133 2501 4180 status
2523 4138 2554 4176 a
2587 4120 2774 4191 Moyse
2807 4117 3123 4174 redderetur
3153 4131 3168 4170 :
3202 4112 3268 4167 il-

1688 4231 1801 4286 lum
1853 4243 2054 4299 aquam
2104 4225 2284 4279 denuo
2319 4222 2471 4291 virga
2517 4217 2780 4287 tetigisse,
2815 4213 3118 4281 eodemque
3146 4222 3268 4262 mo-

1689 4332 1873 4380 mento
1930 4320 2253 4376 insolentem
2306 4315 2426 4385 ejus
2481 4313 2742 4382 impetum
2802 4305 3135 4363 constitisse.
3168 4300 3268 4355 Hic

1688 4433 1818 4472 vero
1851 4430 2054 4484 regem,
2082 4409 2344 4476 evocatis,
2375 4407 2471 4478 qui
2520 4418 2673 4460 trans
2725 4400 3016 4471 Memphim
3065 4396 3269 4451 incole-

76 4518 138 4570 τὸν
158 4521 356 4574 Μώὓσον
398 4525 668 4591 βάτραχον
706 4491 798 4570 διὰ
837 4516 938 4584 τῆς
967 4513 1163 4583 ῥάϐδου
1192 4512 1419 4573 ἀνεῖναι,
1452 4509 1582 4579 πρὸς

1691 4512 1845 4574 bant,
1877 4506 2280 4567 sacerdotibus,
2313 4516 2502 4556 necem
2547 4497 2805 4554 omnibus
2832 4491 3267 4554 interminatum,

73 4611 114 4662 δὲ
128 4612 295 4678 τούτοις
311 4615 557 4686 ἀκρίδας,
574 4615 667 4664 καί
692 4606 944 4670 σκνίπας.
964 4605 1060 4660 Διά
1084 4604 1240 4658 τοῦτο
1254 4603 1310 4657 δὲ
1339 4602 1433 4656 καὶ
1457 4602 1583 4665 τοὺς

74 4707 336 4772 Αἰγυπτξους
377 4709 479 4780 τὴν
539 4704 728 4776 ῥάϐδον
779 4699 1091 4755 ἀνατιθέναι
1136 4700 1216 4761 εἰς
1261 4697 1369 4750 πᾶν
1418 4693 1580 4767 ἱερὸν,

73 4800 222 4866 $30501;
241 4801 290 4854 δὲ
319 4803 412 4856 καὶ
439 4805 511 4871 τῇ
543 4799 718 4859 Ἴσιδι,
755 4795 842 4849 διὰ
882 4795 944 4848 τὸ
979 4792 1076 4863 τὴν
1123 4791 1224 4862 γῆν
1252 4785 1388 4842 εἶναι
1416 4787 1580 4849 Ἶσιν,

74 4893 309 4963 καιομένην
351 4894 407 4946 δὲ
445 4895 515 4963 τῇ
568 4889 768 4962 ῥάϐδῳ,
793 4886 862 4940 τά
890 4886 1092 4956 τέρατα
1118 4884 1347 4937 ἀνεῖναι.
1385 4879 1492 4931 Τοῦ
1526 4878 1584 4931 δὲ

76 4980 280 5048 βασιλέως
309 4987 385 5040 ἔτι
414 4982 838 5056 ἀφρονουμένου,
871 4979 964 5032 τὸν
992 4976 1223 5031 Μώῦσον
1252 4972 1491 5045 χάλαζάν
1524 4987 1584 5025 τε

75 5076 144 5127 καὶ
173 5082 398 5149 σεισμοὺς
445 5079 534 5132 διὰ
575 5075 765 5138 νυκτὸς
791 5071 1134 5133 ἀποτελέσαι,
1164 5068 1304 5121 ὥστε
1338 5068 1462 5129 τοὺς
1494 5065 1584 5117 τὸν

77 5168 246 5236 σεισμὸν
283 5171 577 5239 φεύγοντας
620 5167 729 5221 ἀπὸ
773 5166 870 5233 τῆς
915 5162 1155 5236 χαλάζης
1209 5157 1581 5231 ἀναιρεῖσθαι,

77 5259 167 5323 τούς
200 5279 252 5315 τε
279 5264 370 5335 τὴν
409 5261 651 5334 χάλαζαν
687 5259 1030 5320 ὲκκλίνοντας
1072 5257 1176 5309 ὑπὸ
1207 5255 1316 5308 τῶν
1345 5251 1584 5323 σεισμῶν

76 5342 432 5420 διαφθείρεσθαι.
465 5351 768 5422 Συμπεσείν
789 5348 844 5400 δὲ
868 5348 988 5400 τότε
1017 5346 1114 5409 τὰς
1147 5346 1246 5416 μὲν
1273 5345 1448 5406 οἰκίας
1476 5344 1583 5397 πά-

82 5451 168 5500 σας.
191 5441 280 5494 τῶν
308 5461 364 5496 τε
392 5445 537 5498 ναῶν
567 5443 691 5505 τοὺς
713 5441 1015 5503 πλείστους.
1049 5437 1369 5490 Τελιευταῖον
1397 5436 1583 5489 τοιαύ-

82 5543 166 5591 ταις
196 5537 471 5606 συμφοραῖς
497 5534 856 5606 περιπεσόντα
896 5531 986 5584 τὸν
1022 5529 1262 5599 βασιλέα,
1296 5529 1422 5592 τοὺς
1465 5529 1586 5580 ’1ου-

83 5617 218 5687 lnios;
255 5627 527 5687 ἀπολῦσαι.
563 5628 702 5690 Τοὺς
745 5626 801 5678 δὲ
858 5623 1236 5696 χρησαμένους
1282 5620 1434 5690 παρὰ
1476 5621 1584 5674 τῶν

85 5712 328 5778 Αἰγυπτίων
358 5720 522 5773 πολλὰ
555 5719 656 5790 μὲν
688 5717 1009 5788 ἐκπώματα,
1037 5717 1136 5769 οὐκ
1167 5716 1346 5785 ὀλίγον
1371 5716 1428 5769 δὲ
1455 5719 1584 5787 ἱμα-

89 5807 418 5876 =13u’t‘v.ii.}.nv
462 5831 516 5866 τε
570 5810 871 5878 παμπληθῆ
923 5810 1115 5875 γάζαν,
1143 5809 1432 5874 διαϐάντας
1459 5810 1584 5872 τοὺς

1691 4604 1794 4659 nisi
1841 4602 2042 4658 similia
2077 4598 2177 4669 ipsi
2211 4610 2429 4667 quoque
2459 4592 2703 4663 prodigia
2738 4587 3102 4645 ostenderent.
3133 4581 3265 4648 Eos,

1689 4691 1979 4765 praestigiis
2005 4698 2059 4744 et
2092 4686 2438 4744 cantionibus
2471 4679 2801 4752 quibusdam
2832 4683 3052 4747 repente
3081 4673 3268 4728 draco-

1689 4789 1795 4854 nisi
1821 4785 2056 4856 speciem
2106 4779 2396 4850 olijecisse,
2427 4792 2490 4830 ac
2520 4772 2762 4828 ﬂuminis
2797 4770 3035 4824 colorem
3066 4766 3268 4820 immu-

1689 4892 1869 4944 tasse;
1921 4891 2031 4948 quo
2081 4872 2224 4927 facto
2273 4869 2553 4925 elatiorem
2601 4880 2664 4919 ac
2710 4861 3059 4918 tumidiorem
3100 4871 3266 4928 quam

1689 4983 1848 5028 antea
1884 4983 2085 5038 regem,
2119 4963 2270 5020 omni
2307 4975 2591 5032 poenarum
2637 4972 2700 5012 ac
2746 4951 3139 5023 suppliciorum
3181 4961 3268 5018 ge-

1690 5079 1820 5120 nere
1850 5059 2196 5132 postmodum
2225 5054 2441 5109 Judzeos
2469 5065 2716 5106 vexasse.
2736 5045 2890 5112 Quod
2920 5043 3012 5097 ubi
3048 5041 3267 5112 Moysus

1689 5155 1916 5217 videret,
1942 5167 2066 5207 cum
2097 5149 2203 5204 alia
2233 5147 2490 5217 pleraque
2519 5142 2588 5196 ab
2615 5154 2683 5195 eo
2710 5135 2970 5192 miracula
3003 5132 3144 5188 edita
3176 5145 3266 5184 es,-

1691 5263 1771 5313 se,
1805 5255 1923 5299 tum
1954 5260 2020 5298 ex
2063 5251 2230 5302 terra,
2259 5253 2422 5309 quam
2480 5235 2634 5303 virga
2693 5235 3060 5300 percusserat,
3095 5236 3266 5292 genus

1691 5339 1962 5409 quoddam
1995 5334 2122 5390 alati
2157 5330 2452 5387 animantis
2483 5325 2778 5388 exstitisse,
2809 5319 2953 5390 quod
2986 5314 3268 5385 Egyptios

1690 5430 1927 5502 pessime
1977 5432 2218 5486 vexaret,
2266 5419 2623 5485 omniumque
2680 5409 3004 5480 corporibus
3059 5405 3265 5460 fmdum

1692 5523 1968 5578 morsibus
1996 5515 2496 5590 punctionibusque
2538 5509 2654 5564 suis
2685 5507 2841 5560 ulcus
2867 5504 3129 5558 inureret.
3166 5498 3267 5552 Cui

1691 5617 1884 5670 morbo
1929 5628 2054 5668 cum
2113 5609 2321 5666 nullum
2359 5602 2554 5659 medici
2590 5599 2891 5656 remedium
2943 5594 3265 5654 invenirent,

1690 5710 1908 5765 Judaeos
1956 5701 2355 5775 aliquantulum
2407 5697 2588 5751 denuo
2646 5693 2968 5762 respirasse.
3019 5687 3264 5757 Moysum

1690 5819 1842 5869 vero,
1876 5799 2116 5869 ejusdem
2145 5795 2309 5864 virgae
2337 5797 2595 5856 contactu
2639 5802 2800 5843 ranas
2830 5780 3266 5855 praetereadocu-
3286 5801 3307 5817 -ι
