3838 6384
540 366 642 420 7:27

620 493 891 568 Inusitata
915 498 1047 552 mole
1070 501 1389 568 geminatum
1417 497 1522 564 fere

621 567 885 639 ᾼάωᾳιιαι
909 567 1142 638 aquilam
1165 585 1182 622 :
1204 569 1480 639 multiplex
1503 585 1698 639 pennas
1721 567 1866 621 color

621 637 856 692 Subinde
878 637 1050 691 mutat
1075 656 1091 694 :
1112 655 1346 707 purpura
1361 637 1548 708 pectus
1572 638 1741 693 rubet.

621 708 854 762 Miniata
877 709 1095 762 rutilant
1118 725 1312 762 crura:
1336 709 1573 763 villosum
1595 726 1754 762 aureo

620 778 902 847 Profunda
925 781 1074 833 vestit
1099 778 1280 848 pluma
1304 781 1553 833 cervicem
1575 796 1748 834 croco.

619 918 902 988 Sub/lacus
926 930 1096 973 exstat
1121 921 1334 983 oculus;
1359 921 1410 973 in
1436 921 1606 974 medio
1629 930 1760 974 teres

618 989 843 1059 Pupilla
863 1006 1014 1043 cocco
1037 991 1228 1043 similis
1255 992 1464 1045 ardenti
1490 991 1670 1043 micat.

627 1059 811 1113 Vocem
836 1077 922 1114 ore
946 1062 1107 1114 mittit
1127 1061 1358 1114 onmium
1384 1061 1774 1115 suavissimam.

616 1132 785 1200 Atque
807 1131 851 1183 is
875 1131 1144 1184 volucrum
1170 1131 1330 1199 facile
1352 1148 1406 1184 se
1434 1147 1603 1200 regem
1625 1131 1835 1199 probat,

616 1200 707 1271 Sic
728 1202 894 1254 omnis
923 1201 1074 1254 illum
1100 1202 1303 1269 trepida
1325 1203 1656 1271 subsequitur
1677 1202 1884 1266 cohors,

616 1270 738 1339 Ipse
761 1272 898 1324 velut
923 1274 1091 1323 altum
1109 1281 1293 1326 taurus
1318 1270 1562 1324 attollens
1585 1284 1763 1340 caput,

616 1342 867 1410 Princeps
892 1343 1055 1394 citato
1078 1342 1329 1411 graditur
1351 1342 1626 1397 exsultans
1650 1342 1796 1411 pede.
1817 1365 1834 1397 ι

1147 376 1412 432 EUSEBII
1453 364 1933 431 CIESARIENSS
1974 374 2126 432 ΟΡΡ.
2170 373 2354 429 PARS
2394 372 2460 428 ll.
2510 403 2576 414 -—-
2617 371 3130 430 APOLOGETICA.
3625 373 3698 434 7‘8

2150 503 2201 559 Α
2298 494 2562 569 44.1.1012:-
2585 499 2698 565 γὰρ
2727 491 2807 569 ἦν
2833 494 2900 548 τὸ
2935 493 3126 569 μῆκος
3161 495 3353 569 αἰετοῦ
3377 499 3581 569 σχεδῶο,

2299 565 2576 634 ΙΙτεροῖσι
2601 567 2967 618 ποικίλοισιν
3005 565 3114 632 ἠδὲ
3159 565 3428 634 χρώμασι.

2302 636 2528 702 Στῆθος
2549 636 2666 705 μὲν
2703 635 2890 688 αὑτοῦ
2913 636 3261 703 πορφυροῦν
3289 637 3543 705 ἐφαίνετο.

2295 707 2493 777 ξιξκέλη
2525 704 2593 777 δὲ
2619 705 3012 777 μιλτόχρω-τα,
3041 705 3139 759 καὶ
3176 707 3299 759 κατ’
3323 704 3520 777 αὐχένα

2299 775 2341 827 Κ
2341 775 2688 842 ροκωτίνοις
2706 775 3040 844 μωλοῖσιν
3075 775 3444 844 ώτρεπίζετο,

2294 845 2458 913 Κὰρα
2481 844 2549 897 δὲ
2578 847 2804 916 κοίτης,
2832 845 3074 916 ἡμέροις
3103 849 3475 916 παρεμφερὲς,

2291 917 2400 969 Καὶ
2427 916 2654 984 μηλίνῃ
2682 915 2798 984 μὲν
2827 915 2902 982 τῇ
2939 917 3082 984 κόρῃ
3118 915 3473 984 προσέϐλεπε

2293 987 2528 1048 Κύκλῳ.
2545 987 2713 1055 ,Κόρη
2741 985 2811 1038 δὲ
2839 987 3058 1055 κόκκος
3085 989 3167 1053 ὡς
3189 987 3466 1055 ἐφαίνετο.

2291 1055 2504 1123 Φωνὴν
2528 1054 2596 1129 δὲ
2623 1055 2863 1129 πᾴντῳν
2889 1053 3053 1124 εἶχεν
3083 1053 3561 1129 ἐκπρεπεστάτην.

2291 1125 2694 1196 Βασιλεὺςίδὲ
2726 1125 2968 1178 πάντων
2996 1127 3219 1195 ὀρνέων
3249 1125 3522 1196 ἐφαίνετο,

2419 1193 2502 1271 ﬁn
2518 1195 2781 1271 roﬁqae._
2791 1193 3241 1271 [itiner—rapa
3274 1193 3436 1264 πτήν’
3467 1193 3594 1271 ὁμοῦ

2295 1267 2575 1319 Ὄπισθεν
2598 1266 2785 1319 αὑτοῦ
2818 1266 3106 1320 δειλιῶντ’
3136 1268 3449 1330 ἐπέσσυτο,

2289 1336 2481 1410 4mg
2513 1335 2581 1388 δὲ
2601 1337 3140 1410 πρόσθε-νηζαῦρος
3181 1338 3267 1410 ὡς,
3288 1343 3662 1410 γαυρούμενος.

2294 1407 2530 1460 Ἕϐιιινε
2561 1407 2855 1474 κραιπνὸν
2875 1405 3045 1477 ,βῆμα
3067 1405 3380 1471 ,ϐαστάζων
3400 1405 3609 1479 ποδός.»

545 1521 612 1575 Et
641 1519 830 1589 paucis
891 1518 1556 1588 interjectis,cQu:Bsitum
1593 1534 1620 1571 a
1654 1519 1910 1589 quopiam
1948 1519 2108 1576 fuisse

2218 1516 2330 1570 Καὶ
2398 1515 2535 1586 μετὰ
2611 1514 3210 1590 βραχέα-«Ἐπιζητεῖν
3273 1519 3329 1572 δέ
3378 1538 3489 1574 τινα
3546 1524 3640 1587 πῶς
3674 1524 3710 1579 οι

541 1613 638 1672 ait.
666 1613 758 1682 qui
809 1613 1023 1666 tandem
1079 1626 1230 1665 arma
1261 1611 1521 1664 Israelita:
1554 1611 1656 1664 sibi
1682 1622 2115 1681 comparassent,

539 1706 636 1776 qui
670 1704 904 1759 inermes
949 1719 1014 1757 ex
1050 1700 1283 1772 Egypto
1330 1702 1676 1772 prodiissent.
1709 1702 1939 1772 Quippe,
1997 1720 2116 1760 sese

543 1806 663 1864 post
701 1794 864 1848 tridui
897 1795 1017 1858 iter,
1051 1793 1363 1862 factumque
1422 1791 1529 1847 Deo
1579 1795 1930 1862 sacrificium,
1965 1811 2114 1851 eam-

2230 1605 2553 1676 Ἰσραηλῖται
2594 1605 2734 1659 ὅπλα
2766 1606 2941 1677 ἔσχον,
2993 1607 3212 1662 ἄνοπλοι
3251 1609 3557 1676 ἐξελθόντες.
3584 1613 3714 1682 Ἔφα-

2217 1711 2316 1748 σαν
2361 1695 2704 1770 γὰρ,ιτριῶν
2747 1696 2970 1768 ἡμερῶν
3016 1697 3134 1750 ὁδὸν
3187 1699 3499 1766 ἐξελθόντες,
3540 1704 3616 1756 καὶ
3656 1703 3714 1757 θν-

2217 1788 2523 1853 σιᾴσαντες,
2557 1787 2717 1841 πάλιν
2752 1789 3113 1859 ἀνακάμψειν.
3151 1791 3400 1845 Φαίνεται
3432 1790 3515 1847 οὖν
3540 1797 3642 1858 τοὺς
3665 1795 3718 1865 μὴ

539 1886 663 1940 dem
705 1887 957 1955 relegisse
986 1885 1126 1939 viam
1165 1885 1561 1939 memorabant.
1600 1885 1828 1956 lntelligi
1863 1903 1994 1958 ergo
2029 1887 2108 1942 fa-

2217 1877 2688 1944 κατακλυσθέντας
2714 1882 2828 1945 τοῖς
2859 1882 3082 1936 ἐκείνων
3118 1883 3306 1948 ὅπλοις
3333 1884 3622 1956 χρήσασθαι.

537 1979 641 2032 cile
680 1984 877 2047 potest,
911 1976 1006 2044 qui
1036 1974 1290 2029 ﬂuctibus
1337 1974 1518 2029 obruti
1548 1991 1654 2029 non
1704 1975 1953 2046 fuissent,
1991 1978 2111 2034 illo-

541 2088 663 2126 rum
695 2086 815 2126 sese
842 2069 1011 2124 armis
1044 2067 1343 2123 induisse.»

1104 2158 1329 2214 CAPUT
1371 2159 1540 2213 XXX.

534 2241 695 2328 447
725 2255 798 2311 De
823 2254 1042 2320 Dauide,
1063 2251 1371 2376 'Salomtlme,
1405 2265 1451 2308 et
1485 2252 1886 2324 Hierosolymis,
1911 2271 1975 2310 ea:
2002 2255 2114 2309 Eu-

1197 2340 1261 2376 no
1287 2340 1418 2376 emo.

1197 2340 1418 2392 paterno.

603 2418 712 2472 «At
732 2433 860 2473 vero
900 2415 1229 2485 Eupolemus
1283 2416 1339 2470 in
1393 2433 1492 2471 suo
1544 2417 1782 2487 quodam
1845 2418 1923 2472 De
1971 2415 2111 2472 Elia:

532 2511 804 2579 prophetia
834 2525 1016 2580 opere,
1047 2517 1236 2564 auctor
1263 2518 1347 2563 est
1380 2508 1600 2580 Moysen
1664 2525 1838 2565 annos
1871 2511 2110 2579 quadra-

533 2602 680 2671 ginta
715 2603 992 2672 prophetae
1022 2617 1221 2656 munus
1251 2601 1475 2666 obiisse,
1511 2602 1599 2655 cui
1644 2600 1812 2658 Jesus
1867 2599 2013 2656 Nave
2043 2602 2109 2656 li-

532 2693 1000 2757 liussuecesserit,
1036 2693 1229 2746 eodem
1285 2709 1458 2748 annos
1505 2694 1726 2764 triginta
1765 2693 2106 2764 perfunctus,

531 2789 641 2840 vita
673 2787 737 2840 ad
763 2800 964 2839 annum
999 2785 1272 2840 decimum
1309 2801 1474 2854 supra
1503 2786 1864 2840 centesimum
1912 2800 2110 2856 propa-

531 2887 674 2945 gata.
704 2875 786 2928 Ab
807 2873 910 2928 hoc
937 2889 1153 2928 sacrum
1178 2881 1433 2944 praeterea
1465 2875 1879 2929 tabernaculum
1914 2875 1968 2928 in
1995 2872 2108 2929 Silo

530 2969 699 3020 fixum
730 2981 870 3020 esse.
907 2963 1100 3020 Postea
1131 2963 1436 3019 Samuelem
1463 2963 1780 3032 pr0phetam
1810 2963 2105 3032 exstitisse,

531 3060 601 3113 ab
652 3073 826 3128 eoque
884 3057 1231 3128 postmodum
1288 3055 1506 3109 Saulem
1560 3071 1744 3126 regem
1802 3055 1899 3111 Dei
1944 3055 2104 3126 jussu

529 3161 775 3206 creatum
805 3148 994 3214 fuisse,
1035 3148 1130 3219 qui
1155 3148 1299 3202 circa
1332 3163 1538 3202 annum
1571 3148 1724 3217 regni
1773 3147 2103 3203 vicesimum

530 3243 767 3314 primum
790 3240 1004 3296 obierit.
1032 3237 1221 3292 Eidem
1243 3253 1370 3292 vero
1393 3237 1654 3296 Davidem
1705 3238 1878 3308 ipsius
1932 3238 2105 3292 ﬁlium

529 3335 882 3397 successisse,
903 3333 997 3402 qui
1021 3330 1188 3401 Syros
1216 3331 1283 3385 ad
1301 3329 1634 3400 Euphratem
1681 3331 2000 3398 incolentes,
2053 3339 2108 3386 et

529 3427 950 3494 Commagenen)
979 3422 1259 3492 oppidum,
1310 3437 1437 3476 cum
1487 3422 1576 3487 iis,
1627 3422 1722 3492 qui
1777 3421 2104 3479 Galadenem

529 3519 786 3574 tenebant
817 3515 1056 3586 Assyriis
1095 3531 1158 3570 ac
1195 3513 1547 3570 thnicibus
1601 3515 1904 3570 debellarit.
1941 3514 2106 3571 Eum-

529 3613 651 3666 dem
701 3610 961 3664 adversus
1020 3605 1311 3670 Idumaeos,
1385 3607 1750 3673 Ammonitas,
1811 3606 2101 3676 Moabitas,

530 3701 774 3765 lturazos,
811 3696 1116 3760 Nabataeos,
1139 3707 1193 3751 et
1217 3694 1504 3761 Nabdzcos,
1526 3697 1765 3768 itemque
1792 3706 1982 3753 contra
2012 3695 2107 3751 Su-

529 3809 719 3849 ronem
751 3790 877 3862 Tyri
910 3787 1312 3858 Phrenicizeque
1347 3803 1524 3858 regem
1556 3790 1812 3854 movisse,
1846 3805 1985 3860 quos
2017 3789 2106 3844 ille

531 3900 721 3939 omnes
751 3882 946 3937 ludat-is
975 3884 1028 3935 in
1062 3890 1338 3950 posterum
1367 3881 1572 3935 tributa
1623 3881 1860 3951 pendere
1912 3897 2107 3953 coege-

532 3979 622 4032 rit.
653 3977 722 4030 At
753 3991 876 4031 cum
905 3972 1118 4044 Vapbre
1143 3973 1522 4044 Aigyptiorum
1572 3988 1698 4043 rege
1753 3972 1932 4029 fcedus
1977 3989 2106 4044 per-

529 4071 792 4126 cussisse.
825 4062 994 4122 Porro
1026 4081 1150 4120 cum
1187 4065 1297 4120 Deo
1325 4066 1588 4135 templum
1614 4065 1853 4121 excitare
1885 4074 1888 4078 '
1915 4082 2107 4136 percu-

530 4174 702 4236 peret,
737 4160 1110 4216 vehementius
1146 4175 1176 4213 a
1206 4159 1317 4213 Deo
1350 4158 1714 4223 contendisse,
1742 4159 1821 4212 uti
1845 4160 1949 4212 sibi
1993 4159 2110 4214 exi-

534 4261 706 4314 mium
731 4255 1022 4313 statuendo
1054 4251 1210 4306 altari
1257 4251 1436 4305 locum
1494 4250 1759 4306 indicaret
1790 4265 1806 4304 :
1840 4251 2110 4322 simulque

527 4360 750 4420 repente
771 4349 1011 4404 oblatum
1037 4345 1088 4400 ei
1113 4343 1362 4413 angelum
1389 4342 1581 4410 fuisse,
1615 4342 1709 4412 qui
1745 4358 1907 4412 supra
1928 4343 2108 4398 locum

531 4459 680 4508 eum,
715 4441 808 4496 ubi
840 4438 1227 4506 Hierosolyma;
1257 4451 1350 4489 ara
1380 4434 1557 4508 posita
1585 4442 1668 4488 est
1694 4434 2016 4489 consisteret
2045 4450 2110 4499 ;a

2736 2161 3135 2216 ΚΕΦΑΛΑΙΟΝ
3182 2163 3265 2214 A'.

2247 2253 2628 2325 Εὐπολέμου,
2685 2247 3223 2392 περέερῒίιῗῗῦμνῶιῗ.
3250 2252 3600 2345 Σολομῶνος,
3625 2251 3700 2308 καὶ

2297 2438 2316 2471 ‹
2348 2419 2657 2490 Εὐπόλεμος
2695 2417 2751 2471 δέ
2794 2432 2955 2487 φησιν
2995 2416 3052 2469 έν
3096 2431 3205 2469 τινι
3250 2415 3393 2483 Περὶ
3432 2413 3532 2480 τῆς
3569 2411 3721 2466 Ἠλίου

2218 2511 2582 2579 προφητείας
2603 2509 2805 2578 Μωσῆν
2828 2505 3199 2579 προφητεῦσαι
3217 2505 3316 2576 ἔτη
3339 2512 3410 2576 μ’.
3432 2501 3550 2556 Εἶτα
3563 2498 3722 2570 Ἰησοῦν

2217 2600 2308 2653 τὸν
2339 2600 2430 2653 τοῦ
2462 2600 2616 2668 Ναυῆ
2655 2598 2767 2650 υἱὸν
2807 2598 2898 2668 ἔτη
2935 2597 3010 2649 λ”
3047 2597 3240 2667 βιῶσαι
3276 2597 3324 2650 δ’
3365 2595 3518 2649 αὐτὸν
3548 2593 3628 2661 ἔτη
3653 2596 3724 2660 ρι’.

2211 2690 2381 2762 πῆξαί
2409 2708 2470 2743 τε
2496 2690 2594 2762 τὴν
2626 2689 2776 2761 ἱερὰν
2817 2689 3019 2760 σκηνὴν
3048 2691 3104 2741 ὲν
3139 2689 3320 2758 Σηλοῖ.
3351 2689 3502 2743 Μετὰ
3527 2688 3576 2740 δὲ
3603 2684 3733 2739 ταῦτα

2210 2784 2498 2856 προφήτην
2532 2781 2784 2849 γενέσθαι
2824 2781 3099 2851 Σαμουήλ.
3126 2776 3262 2833 Εἶτα
3293 2784 3359 2852 τῇ
3390 2780 3480 2833 τοῦ
3505 2777 3623 2831 Θεοῦ
3645 2777 3736 2847 βου-

2208 2875 2385 2946 λήσει,
2419 2873 2524 2926 ύπδ
2559 2871 2812 2944 Σαμουὴλ
2840 2871 3072 2925 Σαοῦλον
3108 2872 3333 2943 βασιλέα
3362 2870 3638 2941 αἱρεθήναν
3662 2869 3735 2936 ἄρ-

2211 2965 2375 3032 ξαντα
2407 2967 2462 3020 δὲ
2493 2965 2585 3038 ἔτη
2616 2965 2719 3031 κα’,
2751 2965 3087 3036 τελευτῆσαι.
3115 2962 3249 3020 Εἶτα
3287 2965 3454 3020 Δαὸὶδ
3483 2965 3568 3016 τὸν
3591 2959 3739 3014 τούτου

2209 3059 2324 3114 υἱὸν
2376 3058 2754 3126 δυναστεῦσαι,
2801 3058 2860 3111 δν
2903 3058 3390 3129 καταστρέψασθαι
3424 3057 3628 3126 Σύρους,
3648 3054 3738 3112 τοὺς

2210 3151 2362 3227 παρὰ
2387 3152 2478 3206 τὸν
2506 3151 2798 3222 Εὐφράτην
2827 3150 3110 3212 οἰκοῦντας
3134 3151 3403 3222 ποταμὸν,
3428 3151 3517 3203 καὶ
3535 3148 3620 3219 τὴν
3635 3147 3744 3214 Κομ-

2216 3246 2487 3319 μαγηνὴν,
2522 3243 2614 3297 καὶ
2641 3245 2768 3307 τοὺς
2790 3247 2846 3298 ὲν
2874 3244 3153 3315 Γαλαδηνῇ
3189 3244 3530 3316 Ἀσσυρίους,
3556 3242 3636 3294 καὶ
3654 3236 3744 3290 Φοῖ-

2213 3353 2388 3400 νικας.
2420 3333 2752 3407 Στρατεῦσαι
2782 3335 2825 3387 δ’
2853 3335 3014 3388 αὐτὸν
3050 3336 3142 3388 καὶ
3169 3337 3266 3388 ἐπὶ
3314 3335 3646 3406 Ἰδουμαίους,
3677 3329 3747 3381 καὶ

2231 3430 2584 3502 Ἀμμανίτας,
2611 3429 2704 3482 καὶ
2723 3427 3039 3494 Μωαϐίτας,
3064 3429 3157 3481 καὶ
3189 3430 3540 3501 Ἰτουραίους,
3567 3425 3646 3479 καὶ
3665 3423 3747 3474 Να-

2211 3523 2487 3588 ϐαταίους,
2516 3522 2610 3578 καὶ
2641 3521 2963 3586 Ναϐδαίους.
2996 3516 3163 3586 Αὖθις
3182 3521 3240 3574 δὲ
3259 3518 3667 3593 ἐπιστρατεῦσαι
3682 3514 3751 3568 ἐπὶ

2207 3616 2461 3688 Σούρωνα
2493 3615 2717 3685 βασιλέα
2748 3614 2924 3684 Τύρου
2965 3615 3058 3667 καὶ
3089 3615 3371 3687 Φοινίκης,
3400 3614 3493 3678 οὓς
3511 3613 3596 3666 καὶ
3620 3611 3751 3673 away-

2208 3709 2374 3763 κάσαι
2407 3708 2604 3779 φόρους
2648 3705 2926 3769 Ἰουδαίοις
2958 3705 3259 3759 ὑποτελεῖν·
3296 3708 3439 3779 πρός
3461 3723 3520 3759 τε
3543 3699 3752 3770 Οὒαφρῖμ

2207 3798 2298 3851 τὸν
2327 3797 2639 3866 Αἰγυπτίων
2666 3795 2890 3866 βασιλέα
2921 3795 3102 3865 φιλίαν
3129 3796 3451 3850 συνθέσθαι.
3476 3788 3753 3861 Βουλόμενὸν

2207 3906 2266 3944 τε
2297 3889 2387 3943 τὸν
2418 3888 2580 3942 Δαεῆδ
2607 3887 2959 3958 οἰκοδομῆσαι
3005 3887 3150 3959 ἱερὸν
3194 3888 3276 3959 τῷ
3311 3887 3460 3960 Θεῷ,
3495 3883 3659 3950 ἀξιοῦν
3686 3879 3754 3933 τὸν

2209 3982 2340 4037 Θεὸν
2380 3981 2546 4035 τόπον
2593 3981 2742 4052 αύτῷ
2783 3981 2950 4047 δεῖξαι
2989 3980 3083 4034 τοῦ
3125 3980 3542 4054 θυσιαστηρίου·
3575 3977 3682 4030 ἔνθα
3710 3972 3756 4039 δὴ

2210 4073 2442 4143 ἄγγελον
2480 4073 2629 4144 αὐτῷ
2660 4073 2913 4144 ὀφθῆναι,
2954 4073 3162 4127 ἑστῶτα
3192 4075 3391 4129 ἐπάνω
3414 4072 3510 4127 τοῦ
3532 4072 3696 4130 τόπου,
3714 4056 3759 4117 οἶ)

2208 4165 2300 4218 τὸν
2333 4165 2514 4236 βωμὸν
2552 4165 2797 4238 ἱδρῦσθαι
2841 4169 2899 4220 ἐν
2957 4167 3381 4239 Ἰεροσολύμοις,
3434 4169 3527 4220 καὶ
3564 4161 3761 4218 κελεύειν

2211 4257 2373 4311 αὐτὸν
2410 4258 2483 4329 μὴ
2518 4257 2762 4328 ἱδρῦσθαι
2782 4259 2843 4311 τὸ
2865 4260 3028 4330 ἱερὸν,
3061 4261 3152 4313 διὰ
3171 4260 3232 4313 τὸ
3251 4262 3459 4331 αἵματι
3486 4251 3762 4329 ἀνθρωπίνῳ

2214 4349 2508 4421 πεφῦρθαι,
2531 4351 2624 4403 καὶ
2651 4350 2818 4403 πολλὰ
2844 4350 2936 4422 ἐτη
2959 4352 3436 4424 πεπολεμηκέναι.
3462 4347 3607 4404 Εἶναι
3632 4347 3671 4399 δ’
3690 4343 3764 4396 αὖ·

2221 4441 2300 4513 τῷ
2322 4441 2492 4512 ὄνομα
2517 4441 2802 4496 Διαναθὰνο
2827 4443 3125 4514 προστάξαι
3148 4461 3206 4497 τε
3229 4445 3393 4515 αύτῷ
3421 4442 3625 4505 τοῦτον,
3649 4439 3764 4498 ὅπως

529 4553 641 4604 quo
665 4543 844 4588 tamen
865 4528 1134 4600 ejusmodi
1193 4527 1452 4596 templum
1500 4511 1758 4579 aedificari
1803 4525 2108 4594 prohibitus

2213 4533 2292 4604 τῷ
2321 4532 2423 4604 υἱῷ
2453 4534 2725 4608 ἐπιτρέψῃ
2753 4535 2849 4606 τὴν
2878 4535 3205 4607 οἰκοδομίαν·
3231 4536 3425 4590 ἀὑτὸν
3459 4537 3518 4589 δὲ
3553 4529 3758 4603 εὑτρεπί·

530 4628 717 4691 fuerit,
741 4623 886 4696 quod
910 4637 1028 4678 sese
1052 4621 1292 4675 humano
1329 4618 1597 4686 sanguine
1653 4616 1964 4686 proluisset,
2013 4633 2111 4671 an-

534 4733 744 4788 nosque
770 4715 1034 4787 plurimos
1061 4712 1217 4767 bellis
1261 4709 1511 4781 gerendis
1543 4718 1842 4778 occupatus
1897 4707 2108 4764 fuisset.

530 4811 722 4881 Angeli
750 4823 969 4871 nomen,
1027 4805 1426 4860 Dianathanum
1477 4817 1597 4858 esse
1653 4802 1839 4868 refert,
1863 4801 2110 4872 jussum-

533 4919 642 4974 que
667 4903 735 4955 ab
767 4917 832 4954 eo
869 4899 1144 4965 Davidem,
1177 4897 1362 4952 relicta
1415 4896 1527 4950 tilio
1557 4894 1932 4949 aedificationis
1989 4909 2110 4948 mo-

531 4992 725 5048 liendae
755 5007 907 5058 cura,
933 5008 1055 5061 qua:
1076 4991 1242 5045 futuri
1271 4990 1450 5060 operis
1479 4991 1810 5046 substructio
1865 4990 2110 5060 postula-

530 5098 869 5153 ret,aurum,
899 5094 1202 5154 argentum,
1234 5099 1328 5146 tes,
1360 5085 1587 5154 lapides,
1628 5085 1797 5153 ligna,
1834 5096 1946 5138 tam
2011 5099 2106 5155 cy-

531 5175 780 5248 pressina
803 5189 966 5244 quam
990 5175 1228 5242 cedrina,
1265 5177 1554 5246 diligenter
1595 5185 1720 5230 ante
1766 5191 2106 5246 comparare.

530 5269 676 5340 Ergo
697 5268 976 5333 Davidem,
1011 5270 1094 5323 his
1123 5268 1345 5331 auditis,
1370 5269 1713 5336 navibusque
1764 5268 1905 5336 apud
1933 5265 2110 5320 Acha-

529 5375 601 5414 na
631 5360 846 5414 Arabia:
872 5360 1144 5413 civitatem
1194 5357 1498 5424 aediﬁcetis,
1557 5359 1846 5412 eifodiendi
1907 5357 2109 5410 metalli

531 5454 770 5507 artifices
792 5450 1009 5522 Urpben
1045 5452 1215 5506 Rubri
1242 5451 1407 5505 maris
1439 5451 1674 5506 insulam
1734 5450 1852 5502 auri
1905 5449 2109 5503 fodinis

531 5543 897 5597 abundantem
928 5542 1162 5605 misisse,
1189 5544 1283 5612 qui
1313 5542 1430 5597 auri
1459 5541 1751 5611 plurimum
1778 5539 1831 5592 in
1865 5537 2106 5594 Judaeum

533 5638 657 5689 inde
681 5635 985 5690 retulerim.
1022 5634 1278 5691 Davidem
1331 5645 1535 5698 autem,
1589 5646 1878 5704 postquam
1933 5650 2106 5687 annos

532 5728 892 5797 quadraginta
948 5737 1245 5797 regnasset,
1297 5728 1583 5796 imperium
1667 5726 1946 5780 Salomoni
1996 5725 2107 5779 filio

534 5834 705 5873 annos
755 5816 1040 5874 duodecim
1086 5829 1234 5879 nato.
1287 5833 1470 5876 coram
1543 5819 1694 5876 llelio
1755 5819 2099 5877 sacerdotum

2214 4625 2326 4690 ζειν
2348 4625 2417 4678 τὰ
2449 4624 2586 4697 πρὸς
2611 4625 2708 4697 τὴν
2733 4628 3073 4700 κατασκευὴν
3103 4630 3409 4701 ἀνήκοντα,
3443 4627 3671 4703 χρυσίον,
3691 4624 3767 4695 ἁρ-

2211 4717 2421 4790 γύριον,
2469 4717 2690 4788 χαλκὸν,
2735 4719 2936 4786 λίθους,
2985 4721 3115 4788 ξύλα
3145 4724 3554 4794 κυπαρίσσινα,
3588 4720 3672 4773 καὶ
3701 4714 3769 4768 κέο

2207 4809 2385 4882 δρινσ..
2437 4809 2772 4865 Ἀκούσαντα
2803 4811 2858 4864 δὲ
2895 4812 2984 4866 τὸν
3025 4813 3208 4879 Δαϐὶδ,
3242 4814 3421 4868 πλοῖα
3455 4812 3770 4884 ναυπηγήσα-

2213 4901 2336 4955 σθαι
2377 4904 2434 4954 ὲν
2481 4901 2724 4972 Ἀχάνοις
2768 4903 2920 4956 πόλει
2963 4905 3061 4974 τῆς
3108 4897 3405 4978 Ἀραϐίας,
3459 4910 3551 4961 καὶ
3597 4904 3772 4974 πέμψαι

2214 4993 2574 5065 μεταλλευτὰς
2619 4997 2697 5058 είς
2742 4996 2840 5066 τὴν
2892 4996 3078 5066 Ούρφῆ
3127 4998 3318 5069 νῆσον,
3358 5001 3617 5072 κειμένην
3650 4994 3772 5061 ἐντῇ

2223 5086 2462 5159 Ἐρυθρᾷ
2493 5085 2754 5160 θαλάσσῃ,
2797 5087 3034 5159 μέταλλα
3061 5091 3305 5162 χρυσικά
3339 5091 3596 5161 ἔχουσαν·
3625 5087 3706 5141 καὶ
3731 5085 3776 5134 τὺ

2212 5179 2431 5250 χρυσίον
2474 5180 2682 5234 ἐκεῖθεν
2726 5181 3091 5251 μετακομίσαι
3132 5183 3259 5245 τοὺς
3311 5179 3679 5253 μεταλλευτὰς
3714 5176 3773 5234 εἰς

2212 5271 2310 5340 τὴν
2356 5271 2629 5324 Ἰουδαίαν.
2678 5271 3082 5326 Βασιλεύσαντα
3129 5273 3186 5326 δὲ
3247 5275 3356 5327 τὸν
3415 5275 3586 5328 Δαὸὶδ
3625 5272 3704 5340 ἐτη
3738 5273 3778 5334 μ’

2212 5361 2484 5431 Σολομῶνι
2523 5361 2602 5432 τῷ
2640 5362 2741 5433 υἱῷ
2778 5363 2877 5434 τὴν
2909 5365 3086 5437 ἀρχὴν
3120 5365 3496 5436 παραδοῦναι,
3535 5359 3776 5418 δντιὲτῶν

2214 5456 2312 5518 ιϐ’,
2375 5454 2603 5509 ἐνώπιον
2649 5451 2796 5508 Ἠλεὶ
2855 5456 2948 5510 τοῦ
3005 5457 3343 5528 ἀρχιερέως,
3422 5461 3522 5512 καὶ
3579 5456 3680 5509 τῶν
3728 5448 3782 5502 ιε’

2212 5545 2536 5615 φυλάρχων,
2585 5545 2676 5598 καὶ
2738 5543 3071 5615 παραδοῦναι
3129 5543 3277 5613 αὐτῷ
3325 5546 3428 5599 τόν
3483 5562 3545 5598 τε
3591 5538 3778 5613 χρυσὸν,

2211 5637 2302 5690 καὶ
2330 5636 2588 5707 ἄργυρον,
2626 5636 2719 5688 καὶ
2749 5636 2970 5706 χαλκὸν,
3004 5636 3097 5689 καὶ
3127 5636 3296 5701 λίθον,
3331 5639 3439 5692 καὶ
3477 5637 3606 5702 ξύλα
3634 5646 3784 5686 κυπα-

2213 5729 2444 5800 ρίσσινα,
2472 5728 2566 5782 καὶ
2597 5727 2836 5800 κέδρινα.
2871 5730 2978 5781 Καὶ
3008 5729 3170 5782 αὑτὸν
3191 5730 3298 5799 μὲν
3329 5731 3676 5801 τελευτῆσαι,
3703 5723 3780 5775 Σο-

2211 5821 2428 5894 λομῶνα
2456 5822 2510 5878 δὲ
2537 5821 2858 5894 βασιλεύειν,
2883 5823 2985 5878 ικαὶ
3011 5822 3209 5893 γράψαι
3235 5825 3402 5895 πρὸς
3433 5821 3690 5894 οὐαφρῆν
3709 5817 3785 5872 τὸν
