3838 6384
465 406 563 460 751

1004 511 1231 568 CAPUT
1268 511 1506 567 XXXIV.

691 629 862 684 Suron
889 627 1166 694 Salomoni
1205 630 1313 700 regi
1348 645 1536 700 magno
1559 629 1803 683 salutem.

436 733 442 751 ⁷
541 765 561 799 ι
581 745 906 801 Benedictus
921 742 1062 798 Deus
1079 753 1233 799 terrae
1249 758 1313 798 ac
1327 744 1451 800 coeli
1474 743 1740 808 conditor,
1758 742 1851 814 qui
1864 743 2037 798 virum

461 840 732 909 optimum
757 853 822 891 ac
855 837 1093 906 parentis
1121 837 1309 907 optimi
1341 837 1512 892 lilium
1542 837 1780 906 elegerit.
1809 835 2042 892 Litteras

464 939 591 982 tuas
615 927 776 981 simul
821 935 983 996 atque
1026 927 1259 998 perlegi,
1293 942 1562 982 summam
1592 927 1775 980 animo
1795 927 2040 996 volupta-

468 1027 575 1073 tem
607 1017 756 1086 cepi,
792 1016 1008 1087 Deoque
1047 1019 1248 1087 gratias
1272 1018 1386 1088 egi,
1416 1017 1562 1088 quod
1594 1031 1817 1089 regnum
1848 1032 2038 1087 capes-

468 1112 657 1166 sisses.
702 1108 855 1176 Quod
919 1118 1096 1164 autem
1132 1127 1181 1175 Α
1220 1111 1379 1165 nobis
1439 1109 1688 1165 homines
1738 1123 2041 1180 operasque

469 1204 682 1274 poscis,
713 1200 1002 1273 Tyriorum
1035 1217 1099 1256 ac
1128 1202 1449 1257 Phtenicum
1481 1200 1750 1271 octoginta
1777 1201 1940 1254 millia
1971 1200 2039 1256 ad

467 1302 521 1348 te
553 1293 717 1357 misi,
760 1303 922 1362 atque
971 1293 1110 1347 inter
1151 1301 1376 1348 caeteros
1419 1292 1808 1358 architectum,
1865 1290 2037 1361 patria

469 1385 689 1455 quidem
745 1385 968 1455 Tyrium
996 1423 1011 1448 ,
1055 1384 1150 1439 sed
1194 1393 1368 1440 matre
1415 1381 1601 1438 Judaea
1638 1383 1932 1452 eademque
1973 1398 2040 1437 ex

468 1480 687 1538 Davidis
741 1481 881 1536 tribu
931 1491 1154 1535 natum:
1199 1481 1292 1551 qui
1342 1481 1440 1535 tibi
1491 1491 1828 1549 quascunque
1867 1491 1932 1529 ex
1973 1489 2039 1530 eo

469 1573 782 1644 quaesieris,
816 1588 937 1642 quae
982 1573 1104 1627 cmli
1140 1571 1302 1642 hujus
1340 1570 1547 1624 ambitu
1584 1569 1959 1631 continentur,
1991 1566 2038 1620 si

469 1663 635 1718 modo
668 1664 733 1718 ad
763 1664 1181 1718 architecturam
1216 1661 1582 1728 pertinebunt,
1614 1675 1675 1714 ca
1707 1675 1829 1713 cum
1863 1658 2040 1711 scien-

468 1766 554 1810 ter
580 1755 844 1810 edisseret
865 1755 1068 1819 omnia,
1099 1763 1210 1808 tum
1233 1754 1393 1808 etiam
1418 1753 1573 1807 facile
1600 1751 1857 1822 perficiet.
1884 1749 2036 1815 Quod

1136 397 1398 453 EUSEBII
1439 391 1916 453 CIESARIENSIS
1953 394 2038 450 ΟΡ

2143 392 2322 452 PARS
2358 395 2421 456 II.
2461 428 2519 439 —
2549 394 3046 454 APOLOGETICA.

2063 517 2111 575 Λ

3601 399 3687 454 ’159

2641 511 3036 566 ΚΕΦΑΛΛΙΟΝ
3071 515 3190 567 ΛΔ’.

2221 627 2460 695 Σούρων
2491 625 2791 696 Σολομῶνι
2821 626 3073 692 ,ϐασιλεῖ
3087 627 3330 698 μεγάλῳ
3361 627 3612 698 χαίρειν.

2212 757 2232 791 t
2268 739 2572 811 Εὐλογητὸς
2610 741 2638 792 ὁ
2665 739 2815 804 Θεὸς,
2852 741 2912 804 δς
2958 740 3056 812 τὴν
3087 740 3192 810 γῆν
3237 739 3330 793 καὶ
3366 739 3460 792 τὸν
3484 737 3694 809 ούρανὺι

2137 832 2369 896 ἔκτισεν,
2403 832 2461 896 ὃς
2490 832 2660 884 εἵλετο
2687 831 2968 904 ἄνθρωπον
2997 831 3227 904 χρηστὸν
3265 833 3331 884 ὲκ
3351 831 3592 903 χρηστοῦ
3614 833 3694 884 άνο

2137 921 2280 993 δρός.
2313 923 2462 992 ’Ἀμα
2491 921 2584 974 τοῦ
2619 921 2921 990 ἀναγνῶναι
2953 922 3050 994 τὴν
3080 921 3231 994 παρὰ
3263 921 3356 974 σοῦ
3403 921 3696 993 ἐπιστολὴν,

2139 1014 2344 1087 σφόδρα
2383 1015 2604 1086 ὲχάρην,
2634 1015 2728 1067 καὶ
2771 1014 3036 1086 εύλόγησα
3067 1015 3158 1068 τὸν
3187 1015 3337 1079 Θεὸν,
3369 1015 3464 1067 ἐπὶ
3501 1014 3580 1084 τῷ
3606 1031 3698 1069 πα-

2139 1106 2451 1178 ρειληφέναι
2481 1123 2540 1159 σε
2565 1106 2663 1178 τὴν
2696 1105 2991 1177 βασιλείαν.
3019 1106 3154 1178 Περὶ
3185 1107 3241 1160 δὲ
3265 1099 3340 1160 ὧν
3360 1105 3595 1177 γράςρεις
3623 1125 3700 1177 μοι

2138 1199 2268 1270 περὶ⁵
2291 1198 2398 1252 τῶν
2421 1198 2558 1252 κατὰ
2582 1199 2706 1262 τοὺς
2729 1198 2892 1263 λαοὺς
2909 1200 3032 1263 τοὺς
3054 1199 3184 1267 παρ’
3209 1200 3360 1269 ἡμῖν,
3396 1181 3700 1252 ἀπέσταλκά

2139 1307 2222 1344 σοι
2255 1291 2465 1362 Τυρίων
2497 1291 2590 1343 καὶ
2615 1291 2876 1344 Φοινίκων
2903 1289 3385 1360 ὀκτακισμυρίους,
3417 1291 3512 1344 καὶ
3555 1291 3700 1361 άρχι·

2137 1381 2364 1435 τέκτονά
2392 1398 2474 1435 σοι
2502 1381 2816 1436 ἀπέσταλκα
2849 1381 3128 1454 ἄνθρωπον
3160 1381 3379 1452 Τύριον,
3411 1382 3476 1434 ὲκ
3510 1383 3703 1452 μητρὸς

2151 1467 2425 1536 Ἰουδαίας,
2453 1473 2517 1526 ἐκ
2547 1475 2644 1544 τῆς
2676 1473 2851 1543 φυλῆς
2881 1473 2982 1542 τῆς
3010 1471 3190 1536 Δαὸὶδ,
3223 1473 3365 1543 ὑπὲρ
3416 1466 3495 1526 ὧν
3528 1473 3596 1527 ἂν
3626 1474 3704 1528 αύ-

2136 1565 2227 1618 τὸν
2251 1565 2531 1637 ἐρωτήσῃς
2555 1564 2663 1619 τῶν
2696 1565 2799 1618 ὑπὸ
2833 1564 2924 1617 τὸν
2950 1564 3175 1634 οὐρανὸν
3210 1563 3425 1617 πάντων
3455 1565 3550 1616 καὶ
3572 1576 3597 1604 ⁸
3628 1567 3705 1636 ἀρ-

2139 1657 2490 1727 χιτεκτονίαν,
2521 1655 2855 1727 ὑφηγήσεταί
2879 1673 2960 1708 σοι
2981 1655 3073 1708 καὶ
3095 1657 3326 1726 ποιήσει.
3366 1656 3503 1727 Περὶ
3529 1656 3589 1710 δὲ
3612 1656 3706 1710 τῶν

2140 1750 2363 1804 δεόντων
2419 1749 2513 1802 καὶ
2564 1749 3041 1821 ἀποστελλομένων
3089 1765 3171 1801 σοι
3233 1750 3474 1813 παίδων,
3534 1751 3707 1816 καλῶς

470 1854 753 1916 superest,
778 1847 1011 1914 partium
1044 1856 1258 1898 tuarum
1288 1847 1409 1909 erit,
1441 1843 1507 1897 ad
1541 1843 1783 1898 locorum
1813 1839 2036 1910 prazfec-

2143 1844 2384 1913 ποιήσεις
2417 1841 2723 1905 ἐπιστείλας
2753 1843 2863 1904 τοῖς
2889 1841 3027 1894 κατὰ
3065 1843 3228 1895 τόπον
3253 1842 3537 1913 ἐπάρχοις,
3570 1843 3710 1906 ὅπως

470 1948 556 1994 tos
584 1939 860 2002 scribere,
891 1938 968 1990 uti
994 1937 1117 1990 huic
1172 1944 1333 1989 tantae
1371 1935 1650 1989 hominum
1685 1930 2035 1998 multitudini,

469 2044 806 2102 quaecunque
830 2027 1136 2084 necessaria
1163 2026 1383 2092 fuerint,
1405 2027 1686 2098 diligenter
1722 2024 2040 2094 abundeque

468 2121 802 2194 provideant.
841 2138 859 2171 ι
901 2119 1156 2174 Salomon
1198 2120 1393 2190 igitur,
1443 2119 1528 2173 his
1589 2118 1758 2190 lectis,
1787 2128 2040 2188 paterno-

469 2230 592 2268 rum
620 2213 918 2267 amicorum
952 2212 1154 2266 auxilio
1203 2210 1406 2275 fretus,
1459 2218 1513 2265 et
1551 2207 1841 2281 Tyriorum
1883 2208 2040 2264 Sido-

468 2303 795 2374 niorumque
820 2317 986 2356 manu
1014 2301 1244 2373 stipatus
1267 2343 1282 2368 ,
1311 2301 1539 2356 lustrato
1579 2308 1763 2355 monte
1792 2299 2001 2354 Libano
2020 2337 2036 2365 ,

470 2394 733 2464 quidquid
784 2393 1055 2464 lignorum
1090 2407 1122 2446 a
1157 2402 1380 2462 parente
1418 2407 1618 2448 caesum
1662 2391 1790 2445 olim
1827 2390 2038 2456 fuerat,

451 2493 573 2553 'pcr
601 2496 753 2537 mare
801 2479 1008 2550 Joppen
1041 2496 1213 2550 usque
1237 2481 1560 2547 transvexit,
1594 2480 1822 2550 indeque
1847 2481 2039 2551 pedes-

473 2573 541 2627 tri
565 2573 728 2628 ductu
779 2571 1209 2642 Hierosolymam
1266 2571 1642 2642 comportarit.
1688 2570 1942 2628 Protinus
1973 2573 2040 2627 ad

471 2662 657 2730 templi
689 2659 798 2716 Deo
823 2663 935 2716 voti
966 2676 1087 2716 sese
1137 2661 1548 2716 aediﬁcationem
1597 2664 1864 2727 accinxit,
1897 2677 2040 2719 anno

470 2753 646 2806 atatis
673 2753 884 2808 decimo
916 2752 1094 2807 tertio.
1135 2751 1291 2818 Quod
1340 2753 1394 2807 in
1443 2770 1578 2823 opus
1610 2754 1738 2809 dum
1788 2755 2039 2809 universa

473 2842 562 2896 illa
596 2843 932 2910 diversorum
963 2845 1288 2915 populorum
1339 2848 1630 2901 multitudo
1671 2847 2039 2914 incumberet,

471 2934 648 2989 tribus
691 2933 1000 2990 Iudaeorum
1027 2937 1315 2992 duodecim
1349 2952 1436 2992 res
1468 2937 1801 2992 necessarias
1823 2947 2040 2992 centum

473 3036 528 3082 et
558 3028 837 3097 sexaginta
867 3029 1148 3084 hominum
1197 3030 1437 3084 millibus
1482 3035 1551 3085 ita
1586 3032 2038 3101 suppeditabant,

474 3128 537 3174 ut
567 3136 726 3174 suum
784 3121 1011 3192 singulae
1057 3137 1301 3177 mensem
1332 3122 1459 3177 huic
1485 3139 1627 3178 curae
1656 3139 1719 3178 ac
1744 3124 2040 3193 provisioni

2138 1934 2437 2007 χορηγῆται
2455 1935 2524 1988 τά
2539 1931 2740 1987 δέοντα.
2755 1949 2775 1984 ι
2792 1932 3022 1986 Διελθὼν
3045 1933 3101 1986 δὲ
3125 1933 3395 2004 Σολομὼν,
3421 1935 3566 2004 ἔχων
3596 1936 3707 1998 τοὺς

2139 2027 2438 2099 πατρικοὺς
2470 2026 2652 2097 φίλους
2679 2027 2771 2080 ἐπὶ
2797 2027 2858 2079 τὸ
2879 2026 3002 2097 ὅρος
3032 2027 3125 2080 τοῦ
3154 2026 3407 2091 Λιϐάνου,
3447 2027 3595 2097 μετὰ
3615 2028 3711 2080 τῶν

2138 2119 2402 2174 Σιδωνίων
2434 2120 2527 2173 καὶ
2551 2118 2782 2190 Τυρίων,
2828 2120 3128 2189 μετήνεγκε
3158 2118 3226 2172 τὰ
3257 2116 3386 2182 ξύλα
3413 2118 3486 2172 τά
3520 2135 3714 2191 προκε-

2140 2211 2387 2282 κομμένα
2415 2209 2520 2263 ὑπὸ
2542 2209 2636 2262 τοῦ
2669 2210 2874 2281 πατρὸς
2896 2210 3058 2264 αὐτοῦ
3092 2209 3179 2263 διὰ
3205 2211 3304 2280 τῆς
3329 2209 3611 2280 θαλάττης
3643 2213 3712 2275 εἰς

2152 2301 2393 2371 Ἰόππην,
2423 2299 2629 2353 ἐκεῖθεν
2657 2298 2715 2352 δὲ
2739 2297 2873 2370 πεζῇ
2907 2301 2987 2362 είς
3021 2299 3397 2370 Ἰεροσόλυμα⁶
3431 2301 3528 2354 καὶ
3553 2301 3716 2372 ἄρξα-

2141 2391 2263 2445 σθαι
2309 2392 2606 2462 οἰκοδομεῖν
2644 2389 2704 2443 τὸ
2746 2391 2888 2462 ἱερὸν
2923 2390 3017 2444 τοῦ
3047 2390 3204 2454 Θεοῦ,
3255 2390 3384 2443 ὄντα
3436 2391 3586 2445 ἑτῶν
3632 2398 3716 2459 ιγ’.

2153 2483 2509 2554 Ἐργάζεσθαι
2545 2483 2602 2536 δὲ
2626 2482 2694 2536 τὰ
2723 2481 2849 2553 ἔθνη
2893 2481 2962 2535 τὰ
2991 2483 3377 2554 προειρημένα,
3418 2484 3516 2536 καὶ
3550 2483 3717 2552 φυλάς

2135 2575 2209 2640 ,ιϐ’
2234 2576 2342 2630 τῶν
2382 2575 2668 2639 Ἰουδαίων,
2708 2575 2802 2629 καὶ
2828 2575 3086 2647 παρέχειν
3121 2575 3230 2646 (88)
3263 2579 3379 2638 ταῖς
3419 2576 3719 2629 ἑκκαίδεκα

2144 2668 2367 2740 μυριάσι
2399 2668 2467 2721 τά
2521 2668 2704 2721 δέοντα
2759 2669 2932 2723 πάντα
2981 2666 3123 2720 κατὰ
3167 2668 3307 2737 μῆνα
3340 2667 3518 2739 φυλὴν
3577 2669 3720 2738 μίαν,

2141 2757 2466 2829 θεμελιῶσαί
2521 2776 2580 2812 τε
2628 2759 2718 2812 τὸν
2769 2759 2892 2813 ναὸν
2937 2757 3030 2810 τοῦ
3079 2757 3245 2821 Θεοῦ,
3290 2761 3468 2830 μῆκος
3530 2761 3722 2830 πηχῶν

2140 2847 2198 2914 ἒξ
2228 2848 2364 2919 (89),
2411 2847 2609 2912 πλάτος
2639 2848 2827 2920 πηχῶν
2855 2847 2898 2915 ξ’
2919 2865 2932 2878 °
2964 2849 3025 2901 τὸ
3063 2849 3118 2903 δὲ
3151 2848 3349 2912 πλάτος
3382 2851 3488 2920 τῆς
3516 2852 3728 2904 οἰκοδοσ

2145 2941 2250 3012 μῆς
2300 2941 2394 2994 καὶ
2441 2940 2547 2994 τῶν
2589 2941 2851 3011 θεμελίων
2895 2940 3084 3012 πηχῶν
3114 2941 3160 2994 ι’.
3199 2941 3352 2995 Οὕτω
3409 2943 3528 3014 γὰρ
3583 2942 3728 3012 αὐτῷ

2141 3032 2440 3104 προστάξαι
2481 3032 2666 3087 Νάθαν
2710 3033 2802 3086 τὸν
2850 3036 3131 3106 προφήτην
3162 3033 3255 3086 τοῦ
3286 3033 3449 3088 Θεοῦ.
3507 3036 3735 3089 Οἰκοδο-

2144 3125 2263 3192 μεῖν
2287 3122 2343 3176 δὲ
2368 3121 2592 3188 ἐναλλὰξ
2627 3124 2789 3194 δόμον
2821 3124 3018 3179 λίθινον
3046 3125 3136 3178 καὶ
3177 3124 3433 3196 ἐνδεσμον
3457 3129 3727 3198 κυπαρίσ·

475 3209 807 3278 assignatum
834 3218 889 3264 et
932 3209 1260 3280 descriptum
1322 3210 1601 3267 haberent.
1660 3212 1803 3285 Ergo
1852 3217 2036 3285 templi

2143 3232 2306 3279 σινον,
2360 3215 2661 3280 πελεκίνοις
2707 3217 2922 3288 χαλκοῖς
2965 3218 3319 3282 ταλαντιαίοις
3355 3221 3736 3291 καταλαμᾶὶ-

475 3298 826 3354 fundamenta
865 3300 1044 3369 jacta,
1081 3301 1224 3370 quod
1253 3317 1377 3356 cum
1413 3305 1688 3372 sexaginta
1733 3305 2038 3362 cubitorum

477 3388 836 3459 longitudine,
869 3390 1199 3461 totidemque
1231 3393 1514 3449 latitudine
1540 3396 1772 3463 spatium
1802 3412 2038 3468 occupa-

475 3489 591 3545 ret,
619 3488 728 3533 tum
769 3496 896 3535 vero
941 3480 1287 3538 fundamenta
1344 3485 1649 3542 latitudinis
1701 3488 1814 3557 ipsa
1854 3505 1950 3559 per
1978 3505 2038 3545 se

476 3569 660 3624 decem
689 3571 909 3625 omnino
943 3573 1154 3628 cubitos
1182 3571 1514 3630 obtinebant.
1535 3577 1699 3649 450
1724 3579 1814 3634 Sic
1837 3581 1979 3636 enim
2005 3598 2038 3638 a

476 3658 688 3714 Nathan
707 3661 799 3716 Dei
819 3664 1078 3733 prOpheta
1093 3665 1279 3734 jussus
1302 3667 1555 3724 Salomon
1573 3670 1765 3726 fuerat.
1779 3674 1856 3728 Ac
1868 3680 2040 3730 struc-

479 3761 653 3806 turam
685 3753 902 3823 quidem
958 3756 1266 3811 universam
1289 3758 1362 3813 ita
1411 3762 1680 3832 compingi
1731 3763 1930 3832 voluit,
1981 3775 2040 3821 ut

474 3842 669 3896 alterni
706 3859 825 3899 sese
856 3844 1116 3914 lapidum,
1149 3857 1203 3902 et
1229 3851 1665 3918 cypressinarum
1691 3853 1923 3908 trabium
1949 3871 2039 3910 or-

476 3933 630 3989 dines
673 3936 1011 4005 exciperent,
1067 3939 1212 4008 quod
1270 3949 1558 4011 utrumque
1613 3945 1821 3999 corium
1875 3948 2037 4004 :eneis

476 4024 838 4094 quibusdam,
874 4026 1050 4096 iisque
1083 4029 1266 4083 talenti
1295 4032 1505 4100 pondo,
1545 4034 1814 4089 securium
1844 4037 2033 4104 instar,

475 4119 708 4174 vinculis
735 4121 1142 4190 astringeretur.
1173 4120 1291 4178 Jam
1322 4135 1495 4180 stante
1529 4128 1765 4184 universi
1827 4132 2035 4189 arditicii

476 4212 647 4280 mole,
695 4212 932 4266 ccdrinis
985 4215 1424 4287 cupressinisque
1476 4219 1674 4273 tabulis
1715 4222 2036 4278 exteriorem

478 4305 716 4374 lapidum
747 4304 967 4372 faciem,
1004 4322 1071 4361 ne
1128 4309 1342 4362 oculqu
1392 4310 1711 4377 oli‘euderet,
1759 4316 2036 4385 undequa-

477 4413 584 4465 que
611 4397 854 4464 vestivit;
884 4398 1192 4454 interiorem
1212 4417 1339 4456 vero
1369 4403 1448 4456 sic
1488 4403 1757 4458 inauravit
1777 4446 1791 4469 ,
1815 4418 1871 4460 ut
1903 4424 2036 4462 con-

476 4485 634 4540 ﬂatos
685 4501 751 4541 ex
787 4503 921 4542 auro
958 4489 1152 4544 lateres
1195 4491 1502 4546 cubitorqu
1549 4495 1819 4564 quinque,
1866 4499 2032 4554 clavis

2145 3324 2333 3370 νοντας
2355 3309 2480 3370 τοὺς
2497 3308 2588 3360 δύο
2604 3309 2818 3379 δόμους.
2842 3310 2996 3364 Οὕτω
3011 3311 3053 3364 δ’
3077 3311 3237 3364 αὑτὸν
3257 3311 3528 3384 οἰκοδομή
3539 3331 3735 3378 σαντα,

2146 3399 2378 3464 ξυλῶσαι
2413 3400 2608 3465 ἔξωθεν
2638 3401 2896 3473 κεδρίνοις
2933 3402 3108 3468 ξύλοις
3151 3404 3244 3455 καλ⁵
3276 3407 3742 3475 κυπαρισσίνοις,

2144 3489 2282 3544 ὥστε
2311 3491 2406 3563 τὴν
2433 3491 2636 3562 λιθίνην
2661 3493 2945 3564 οἰκοδομὴν
2985 3494 3058 3566 μὴ
3105 3494 3409 3563 φαίνεσθαι,
3443 3496 3744 3568 χρυσῶσαί

2142 3599 2201 3635 τε
2228 3582 2317 3636 τὸν
2346 3583 2470 3636 ναὸν
2507 3583 2704 3637 ἔσωθεν
2737 3585 3012 3654 χωννύντα
3050 3584 3263 3638 πλινθία
3305 3590 3493 3656 χρυσᾶ
3540 3606 3752 3642 πενταο

2145 3676 2315 3745 πήχη,
2351 3674 2441 3727 καὶ⁷
2471 3674 2813 3746 προστιθέναι
2851 3676 3222 3747 προσηλοῦντα
3251 3678 3403 3749 ἥλοις
3437 3681 3747 3752 ἀργυροῖς.

2143 3768 2500 3832 ταλαντιαίοις
2523 3768 2620 3840 τὴν
2648 3768 2830 3840 ὁλκὴν,
2863 3770 3198 3840 μαστοειδέσι
3228 3771 3319 3824 τὸν
3349 3773 3610 3843 ῥυθμὸν,
3635 3774 3757 3826 τέσ-

2147 3877 2306 3931 σαρσι
2331 3860 2387 3912 δὲ
2415 3859 2505 3912 τὸν
2547 3858 2798 3932 ἀριθμόν.
2838 3861 2992 3913 Οὕτω
3016 3861 3059 3913 δ’
3090 3861 3249 3915 αὑτὸν
3286 3864 3597 3932 χρυσῶσαι
3644 3866 3756 3918 ἀπὸ

2144 3953 2370 4022 ἐδάφους
2400 3952 2504 4016 ἕως
2528 3953 2626 4024 τῆς
2657 3955 2876 4025 ὀροφῆς,
2904 3955 2964 4007 τό
3003 3971 3061 4008 τε
3102 3956 3360 4026 ὀρόφωμα
3410 3959 3670 4029 ποιῆσαι
3695 3958 3761 4010 tu.

2144 4047 2513 4117 φατνωμάτων
2554 4047 2786 4118 χρυσῶν,
2818 4048 2879 4100 τὸ
2919 4047 2974 4099 δὲ
3013 4047 3170 4118 δῶμα
3207 4049 3439 4118 ποιῆσαι
3471 4051 3759 4122 χαλκοῦν.

2143 4138 2251 4190 ἀπὸ
2300 4138 2607 4209 κεραμίδων
2657 4138 2891 4208 χαλκῶν,
2947 4139 3142 4219 χαλκδν
3198 4141 3602 4212 χωνεύσαντα,
3668 4144 3772 4197 καλ

2142 4228 2328 4283 τοῦτον
2358 4229 2688 4299 καταχέοντα
2705 4230 2751 4283 1³.
2782 4231 3078 4300 Ποιήσαιδὲ
3097 4232 3190 4286 δύο
3209 4234 3439 4299 στύλους
3471 4238 3768 4307 χαλκοῦς,

2143 4325 2235 4376 καὶ
2301 4323 2718 4394 καταχρυσῶσαι
2763 4325 2959 4388 αὐτοὺς
3003 4328 3208 4398 χρυσίῳ
3243 4327 3444 4400 ἀδόλῳ,
3479 4331 3776 4404 δακτύλῳ

2143 4413 2202 4465 τὸ
2241 4413 2429 4484 πάχος.
2470 4409 2621 4467 Εἶναι
2669 4414 2726 4468 δὲ
2773 4415 2898 4479 τοὺς
2941 4416 3163 4481 στύλους
3205 4419 3283 4490 τῷ
3319 4421 3443 4492 ναῷ
3478 4425 3777 4496 ἰσομετέ.

2147 4504 2279 4568 θεις,
2307 4505 2367 4557 τὸ
2385 4505 2441 4558 δὲ
2480 4505 2678 4570 πλάτος
2703 4507 2885 4578 κύκλῳ
2913 4507 3140 4563 ἕκαστον
3169 4510 3320 4562 κίονα
3343 4515 3568 4583 πηχῶν
3604 4518 3772 4571 δέκα

477 4577 746 4645 argenteis
769 4590 1002 4646 quatuor
1022 4621 1036 4645 ,
1059 4580 1242 4635 talenti
1283 4584 1494 4652 pondo,
1545 4596 1704 4654 atque
1729 4587 1952 4641 uberum
1987 4589 2038 4644 in

2150 4597 2337 4667 στῆναι
2355 4597 2410 4649 δὲ
2443 4598 2641 4662 αὐτοὺς
2661 4598 2752 4651 τοῦ
2785 4599 2932 4652 οἴκου
2964 4600 3022 4653 ὃν
3058 4600 3229 4671 μὲνὲκ
3259 4602 3484 4670 δεξιῶν,
3522 4607 3599 4660 ὃν
3619 4610 3684 4662 δὲ
3719 4611 3780 4675 ἐξ

478 4670 886 4725 similitudinem
911 4672 1188 4730 collocatis
1210 4675 1278 4731 ad
1308 4677 1540 4747 parietes
1566 4678 1816 4750 adigeret.
1850 4679 2046 4751 Sicque

478 4760 840 4827 apavimento
879 4759 946 4814 ad
995 4776 1272 4819 summum
1321 4779 1494 4836 usque
1535 4773 1734 4822 tectum
1763 4769 1906 4824 :edcs
1931 4778 2040 4826 tota

481 4863 614 4902 auro
643 4849 978 4907 collucebat:
1037 4853 1314 4926 ipsiusque
1347 4856 1481 4911 adeo
1513 4855 1784 4927 laquearis
1816 4875 2043 4916 aureum

481 4939 782 4995 tabulatum
802 4982 817 5008 ,
843 4945 1082 5000 exterius
1097 4960 1224 5001 vero
1251 4947 1461 5002 culmen
1496 4963 1695 5003 aereum
1727 4958 1897 5005 totum
1927 4963 2045 5008 erat

479 5031 583 5086 hoc
608 5043 691 5088 est
742 5035 899 5090 aereis
941 5037 1133 5107 tegulis
1166 5037 1287 5094 fuso
1313 5055 1418 5094 sere
1452 5040 1699 5096 conﬂatis
1727 5041 2038 5098 instratum.

474 5121 776 5179 Columnas
818 5133 1075 5193 praeterea
1126 5129 1262 5185 duas
1292 5130 1346 5184 in
1379 5132 1576 5201 templo
1615 5133 1835 5198 statuit,
1871 5151 2042 5192 aereas

475 5213 694 5281 quidem
745 5214 901 5281 illas,
947 5217 1040 5271 sed
1073 5233 1206 5272 auro
1236 5219 1530 5288 purissimo
1569 5225 1637 5276 ad
1690 5224 1839 5295 digiti
1883 5232 2042 5285 unius

474 5305 894 5362 crassitudinem
921 5307 1200 5376 inductas,
1231 5327 1260 5364 a
1285 5312 1487 5369 dextris
1516 5330 1677 5369 unam
1699 5355 1714 5380 ,
1748 5317 1970 5374 alteram
2008 5337 2039 5375 a

475 5395 744 5466 sinistris;
775 5400 962 5455 ambas
993 5409 1170 5456 nutem
1200 5402 1465 5472 ejusmodi
1492 5446 1506 5471 ,
1531 5422 1652 5476 quae
1704 5409 2039 5479 longitudine

477 5497 676 5544 tectum
703 5493 879 5559 ipsum
914 5495 1270 5566 attingerent,
1320 5497 1520 5551 ambitu
1559 5500 1770 5557 cubitos
1815 5503 2039 5574 singulae

556 5616 586 5644 II
629 5607 713 5664 τσ.
753 5608 860 5663 τῶν
900 5613 1058 5668 κατά.
1137 5613 1164 5653 δ
1189 5615 1270 5669 ῖσ.
1303 5616 1659 5686 καταχέαντα.

480 5718 660 5858 39;)
700 5723 809 5776 Kal
842 5725 1142 5794 παρέχειν.
1173 5728 1278 5780 Καί
1310 5731 1507 5786 rectius
1528 5771 1544 5797 ,
1579 5732 1789 5802 opinor,
1839 5749 2038 5805 expuu-

2146 4686 2459 4758 εὐωνύμων.
2492 4688 2720 4759 Ποιῆσαι
2748 4687 2804 4741 δὲ
2839 4690 2930 4742 καὶ
2958 4689 3177 4760 λυχνίας
3208 4695 3440 4762 χρυσᾶς,
3481 4695 3659 4751 δέκα,
3691 4700 3784 4752 τά.

2144 4779 2310 4834 λαντα
2341 4778 2576 4850 ἑκάστην
2617 4779 2781 4851 ὁλκὴν
2832 4779 3088 4848 ἀγούσας,
3139 4781 3450 4855 ὑπόδειγμα
3507 4788 3787 4844 λαϐόντα

2145 4871 2244 4942 τὴν
2300 4870 2411 4924 ὑπὸ
2450 4871 2691 4934 Μωσέως
2733 4874 2790 4924 ὲν
2821 4874 2886 4942 τῇ
2924 4875 3092 4943 σκηνῇ
3125 4872 3218 4926 τοῦ
3271 4880 3627 4948 μαρτυρίου
3688 4898 3790 4935 τε-

2145 4961 2346 5014 θεῖσαν.
2382 4962 2579 5033 Στῆσαι
2607 4961 2650 5014 δ’
2683 4960 2743 5026 ἐξ
2768 4961 3024 5033 ἑκατέρου
3056 4963 3253 5034 μέρους
3271 4964 3370 5018 τοῦ
3400 4971 3645 5037 σηκοῦ,
3685 4977 3796 5037 τὰς

2147 5053 2245 5125 μὲν
2277 5055 2340 5106 ὲκ
2366 5052 2574 5120 δεξιῶν,
2599 5052 2695 5116 τὰς
2714 5053 2771 5106 δὲ
2801 5053 2856 5120 ἐξ
2890 5054 3201 5126 εὐωνύμων.
3227 5056 3474 5127 Ποιῆσαι
3503 5063 3567 5116 δ’
3604 5068 3796 5121 αὐτὸν

2143 5144 2237 5197 καὶ
2260 5143 2483 5214 λύχνους
2533 5142 2766 5216 χρυσοῦς
2794 5143 2854 5208 o',
2889 5142 3027 5197 ὥστε
3081 5145 3330 5201 καίεσθαι
3373 5149 3469 5217 ἐφ’
3507 5153 3802 5230 ἑκάστης

2143 5233 2359 5305 λυχνίας
2416 5236 2571 5290 ἑπτά.
2609 5235 2972 5306 Οἱκοδομῆσαι
3010 5237 3066 5288 δὲ
3108 5240 3199 5291 καὶ
3250 5238 3350 5302 τὰς
3400 5243 3633 5311 πύλας
3693 5249 3800 5305 τοῦ

2148 5325 2313 5399 ἱεροῦ,
2367 5327 2460 5380 καὶ
2508 5327 2925 5398 κατακοσμῆσαι
2950 5329 3156 5401 χρυσίῳ
3180 5330 3273 5383 καὶ
3310 5332 3618 5410 ἀργυρίῳ
3641 5360 3658 5372 ο
3696 5347 3806 5397 καὶ

2142 5417 2542 5487 καταστεγάσαι
2597 5417 2916 5490 φατνώμασι
2965 5420 3223 5491 κεδρίνοις
3251 5423 3348 5475 καὶ
3391 5437 3802 5504 κυπαριτσξ.

2140 5526 2269 5572 νοις.
2302 5510 2531 5580 Ποιῆσαι
2561 5511 2724 5564 δὲκαὶ
2753 5511 2892 5565 κατὰ
2923 5513 2982 5566 τὸ
3013 5514 3147 5586 πρὸς
3185 5513 3386 5587 βορρᾶν
3419 5522 3653 5595 μέρος
3699 5532 3806 5584 τες,

2211 5733 2319 5816 (89)
2359 5735 2575 5818 μηχῶν
2769 5735 2912 5818 Verti
2968 5737 3188 5818 perinde
3233 5753 3298 5818 ac
3341 5739 3383 5791 si
3463 5744 3809 5818 legeretur

2138 5804 2326 5878 πηχῶν
2356 5805 2414 5872 ξ’.
2447 5807 2682 5864 Consule
2708 5804 3004 5879 Josephuth
3039 5810 3303 5879 Antiquit.
3343 5824 3455 5866 nu
3489 5856 3514 5883 ,
3537 5804 3640 5881 vi,
