3838 6384
174 291 260 346 753
1283 285 1612 343 regem.
1656 289 1910 346 nunc.
1953 291 2078 347 LIB.
2110 290 2196 346 tx.
3257 300 3364 353 ηιςι

168 404 290 478 ἱεροῦ
325 403 489 464 στοὰν,
517 403 606 456 καὶ
655 402 877 464 στύλους
929 403 1063 474 αὖτῇ
1104 403 1406 474 ὑποστῆσαι
1455 403 1684 474 χαλκοῦς

1846 421 1976 460 :cem
2009 407 2309 476 implerent.
2337 408 2514 462 Aurea
2545 408 2706 463 etiam
2735 409 3058 466 candelabra
3107 411 3222 466 fieri
3264 431 3362 469 cu-

167 505 257 569 pq'.
288 496 681 549 Κατασκευάσαι
708 495 765 547 δὲ
819 495 912 549 καὶ
945 496 1180 567 λουτῆρα
1227 495 1460 566 χαλκοῦν
1519 497 1683 567 μῆκος

1844 498 1928 552 ivit
1948 540 1962 561 ,
1989 499 2168 568 pondo
2191 498 2402 569 singula
2428 500 2699 556 talentum
2715 500 2922 567 decem,
2955 518 3076 572 qua:
3104 505 3169 558 ad
3195 504 3360 571 illius,

163 588 320 659 πηχῶν
344 594 405 651 κ’,
433 587 521 639 καὶ
549 587 746 648 πλάτος
767 586 957 656 πηχῶν
982 587 1050 640 κ’·
1079 587 1138 640 τὺ
1167 587 1223 640 δὲ
1255 587 1385 658 ὕψος
1413 588 1599 658 πηχῶν
1622 588 1679 642 ε’.

1849 592 1934 645 tod
1968 591 2020 645 in
2062 592 2417 646 tabernaculo
2440 591 3069 648 testimoniicollocatnm
3112 611 3143 650 a
3179 592 3363 666 Moyse

163 681 352 749 [Ιοιῆσαι
384 678 436 732 δὲ
468 679 551 731 ἐπ’
579 676 725 747 αὑτῷ
759 677 1027 749 στεφάνην
1074 678 1210 750 πρὸς
1255 678 1354 749 τὴν
1387 678 1538 746 βάσιν
1585 675 1679 742 ἔξω

1851 685 2302 754 erat,exemplar
2347 685 2633 754 expressit.
2657 683 2792 755 ilice
2836 695 3064 754 utraque
3112 687 3365 744 similiter

162 770 485 842 ὑπερέχουσαν
513 769 686 839 πῆχυν
729 769 823 822 ’ἐνα
854 769 988 840 πρὸς
1017 769 1074 822 τὺ
1105 772 1231 832 τοὺς
1270 769 1435 840 ἱερεῖς
1462 767 1587 831 τοῦς
1626 784 1678 818 τε

1844 776 1918 829 lis
1941 791 2005 829 ex
2043 787 2192 845 parte
2216 777 2530 837 constituta,
2556 777 2622 832 ad
2655 778 2932 840 dexteram
2970 779 3112 843 alia,
3156 779 3261 834 alia
3294 780 3360 834 ad

161 862 295 922 πόδας
320 858 760 932 προσκλῦζεσθαι,
791 863 887 914 καὶ
920 861 1018 923 τὰς
1048 863 1233 934 χεῖρας
1260 859 1541 914 νίπτεσθαι
1567 861 1677 912 ἐπι-

1844 867 2067 921 nistram
2087 909 2100 933 ,
2127 868 2428 936 additaque
2449 867 2876 922 aureaelucerna:
2901 870 3264 938 septuaginta,
3300 881 3360 924 ut

160 953 393 1015 ϐαίνοντας
413 968 426 981 ο
474 952 694 1022 ποιῆσαι
739 951 792 1004 δὲ
829 952 922 1005 καὶ
963 951 1060 1014 τὰς
1090 952 1274 1023 βάσεις
1303 951 1396 1004 τοῦ
1425 951 1676 1022 λουτῆρος

1837 968 1988 1028 ptem
2059 975 2318 1015 accensas
2360 961 2684 1015 candelabra
2741 961 2950 1032 singula
3005 964 3353 1018 sustinerent.

159 1045 392 1119 τορευτὰς,
434 1044 706 1115 χωνευτὰς
751 1043 974 1112 δώδεκα,
1010 1045 1213 1116 καὶτῷ
1253 1045 1375 1116 ὕψει
1417 1046 1675 1119 ἀνδρομή-

1843 1052 1995 1122 empli
2019 1067 2236 1122 quoque
2266 1051 2451 1108 valvas
2485 1068 2619 1107 auro
2642 1063 2971 1124 argentoque
3004 1056 3131 1108 texit
3151 1098 3164 1116 ,
3185 1054 3359 1108 forni-

156 1158 246 1203 κεις
262 1157 274 1169 -
295 1139 378 1191 καὶ
403 1138 593 1208 στῆσαι
625 1137 683 1202 ἐξ
706 1138 929 1210 ὑστέρω
963 1139 1160 1211 μέρους
1182 1139 1284 1192 ὑπὸ
1315 1140 1405 1192 τὸν
1423 1139 1672 1211 λουτῆρα1

1841 1129 2013 1212 ῖηιιιιιε
2049 1142 2282 1213 desuper
2313 1144 2548 1199 cedrinis
2598 1161 2661 1200 ac
2683 1146 3013 1217 cypressinis
3050 1161 3116 1199 ex
3161 1146 3357 1202 tabulis

153 1233 202 1285 ἑκ
231 1229 396 1295 δεξιῶν
440 1231 534 1284 τοῦ
585 1230 992 1303 θυσιαστηρίου.
1034 1233 1263 1303 Ποιῆσαι
1298 1232 1354 1286 δὲ
1391 1232 1486 1285 xul.
1529 1232 1669 1302 $0139.

1842 1235 2039 1288 nuavit.
2067 1233 2186 1288 Jam
2233 1235 2298 1290 ad
2340 1237 2813 1306 septentrionalem
2860 1237 2991 1291 aedis
3023 1246 3230 1306 partem
3272 1237 3358 1291 in-

153 1324 317 1394 χαλκῆν
356 1324 428 1394 τῷ
470 1323 594 1393 ὕψει
639 1324 831 1394 πηχῶν
883 1325 1048 1388 δυοῖν,
1101 1326 1238 1378 κατὰ
1290 1325 1380 1378 τὸν
1427 1325 1669 1396 λουτῆρα,

1841 1337 1994 1382 ἠιριη
2053 1329 2320 1398 porticum
2363 1331 2598 1400 aperuit,
2651 1329 2920 1385 columnis
2958 1331 3114 1385 :ercis
3155 1338 3279 1384 octo
3302 1338 3357 1384 et

152 1415 203 1469 ἵν’
250 1418 502 1490 ἐφεστήκῃ
572 1419 656 1470 ἐπ’
707 1419 875 1490 αὐτῆς
933 1420 960 1470 ὁ
1011 1418 1296 1489 βασιλεὺς,
1362 1419 1488 1471 ὅταν
1518 1435 1668 1492 προσ-

1839 1422 2140 1491 iadraginta
2207 1421 2503 1476 suffultam.
2586 1422 2820 1476 Labrum
2894 1422 3019 1476 item
3106 1423 3355 1491 adiunxit

150 1508 362 1577 εὑχηται,
393 1509 542 1572 ὅπως
594 1509 896 1581 ὀπτάνηται
939 1509 1017 1582 τῷ
1072 1509 1186 1580 λαῷ
1214 1509 1332 1573 ,τῶν
1390 1510 1666 1564 Ἰουδαίων.

1835 1528 2022 1574 neum,
2060 1512 2414 1584 longitudinis
2445 1514 2660 1582 quidem
2709 1528 2772 1568 ac
2807 1511 3108 1568 latitudinis
3141 1512 3351 1582 viginti,

149 1600 457 1671 Οἰκοδομῆσαι
488 1603 544 1654 δὲ
584 1603 677 1655 καὶ
703 1603 762 1656 τὸ
791 1603 1175 1674 θυσιαστήριον
1201 1646 1215 1668 ,
1260 1603 1450 1674 πηχῶν
1484 1603 1560 1657 κε’
1588 1604 1665 1656 ὲπ¹

1840 1604 2081 1658 titudinis
2128 1619 2256 1658 vero
2299 1605 2540 1674 quinque
2597 1604 2860 1658 duntaxat
2884 1604 3096 1658 cubitos
3123 1604 3347 1659 habens.

148 1693 303 1759 πήχεις
327 1689 390 1754 κ’,
410 1693 471 1744 τὸ
501 1693 547 1745 δ’
583 1691 717 1762 ὕψος
749 1693 940 1764 πηχῶν
977 1693 1064 1745 ιδ’.
1096 1694 1326 1764 Ποιῆσαι
1355 1695 1410 1748 δὲ
1452 1697 1546 1748 καὶ
1589 1696 1664 1748 δάε

1835 1710 1899 1749 oc
1933 1695 2131 1749 limbus
2161 1696 2380 1764 quidam
2405 1696 2642 1750 exterius
2662 1697 2728 1751 ad
2747 1696 2989 1750 cubitum
3019 1712 3189 1774 unum
3213 1698 3351 1749 emi-

144 1781 348 1846 κτυλίους
374 1782 463 1836 δύο
484 1784 722 1854 χαλκοῦς
743 1786 1119 1850 ἁλυσιδωτοῦς,
1145 1787 1237 1839 καὶ
1267 1787 1459 1858 στῆσαι
1480 1789 1660 1852 αὐτοὺς

1836 1802 1924 1842 ens
1948 1826 1962 1852 ,
1993 1802 2058 1842 ac
2084 1803 2276 1842 versus
2305 1787 2480 1841 basim
2498 1787 2900 1843 circumductus
2929 1789 3223 1851 ambiebat,
3243 1802 3352 1858 quo

144 1873 212 1926 ἐπὶ
261 1876 658 1946 μηχανημάτων
701 1877 1073 1949 ὑπερεχόντων
1131 1877 1210 1948 τῷ
1239 1878 1364 1948 ὕψει
1416 1879 1506 1932 τὸν
1551 1880 1660 1934 ναὺη

1838 1880 1998 1935 cilius
2031 1894 2330 1935 conscenso
2383 1879 2562 1945 labro,
2623 1879 2930 1935 sacerdotes
2978 1880 3172 1949 pedum
3231 1895 3353 1933 ma-

142 1969 295 2039 πήχεις
319 1967 380 2032 κ’,
411 1970 506 2022 xui.
537 1969 784 2034 σκιάζειν
813 1971 997 2026 ἐπάνω
1025 1970 1225 2036 παντὸς
1256 1972 1348 2025 τοῦ
1386 1972 1553 2044 ίεροῦ·
1582 1973 1658 2027 κα¹

1836 1986 2060 2041 tumque
2093 1971 2280 2025 sordes
2313 1972 2576 2025 eluerent.
2616 1968 2801 2025 Eidem
2837 1971 3036 2041 gradus
3070 1973 3352 2027 tornatiles

142 2059 509 2130 προσκρεμάσαι
537 2061 750 2133 ἑκάστῃ
781 2060 960 2114 δικτύῖ
1008 2061 1265 2126 κώδωνας
1306 2062 1542 2132 χαλκοῦς
1584 2081 1658 2117 τα⁴

1841 2064 2075 2133 silesque
2115 2062 2401 2118 duodecim
2424 2103 2439 2126 ,
2463 2079 2585 2118 cum
2613 2064 2758 2133 justa
2791 2065 3030 2120 hominis
3057 2066 3220 2122 unius
3239 2083 3354 2120 ma-

139 2149 394 2216 λαντιαίους
436 2153 858 2223 τετρακοσίους’
906 2154 998 2207 καὶ
1033 2154 1255 2224 ποιῆσαι
1305 2154 1432 2218 ὅλας
1461 2155 1560 2220 τὰς
1593 2157 1655 2210 δι-

1832 2156 2061 2210 iitudine
2083 2155 2352 2226 adaequati
2380 2195 2394 2220 ,
2423 2154 2488 2208 ad
2525 2165 2730 2225 partem
2774 2157 2919 2212 illius
2967 2159 3348 2227 posteriorem,

140 2243 287 2307 κτύας,
314 2245 441 2316 πρδς
463 2247 524 2298 τὺ
555 2246 747 2316 ψοφεῖν
773 2247 898 2310 τοὺς
930 2247 1203 2311 κώδωνας,
1241 2248 1334 2302 καὶ
1386 2249 1656 2304 ἀποσοϐεῖη

1836 2249 1966 2305 taris
1990 2265 2116 2305 vero
2141 2250 2416 2304 dexteram
2447 2250 2730 2319 suppositi.
2761 2250 2954 2304 Addita
2995 2251 3216 2320 insuper
3251 2251 3351 2305 ba-

140 2336 190 2389 τὰ
216 2337 374 2408 ὄρνεα,
407 2339 564 2403 ὅπως
595 2339 668 2409 μὴ
701 2339 894 2411 καθίζῃ
921 2340 1011 2392 ἐπὶ
1041 2340 1133 2393 τοῦ
1176 2341 1342 2414 ἱεροῦ,
1385 2343 1520 2414 μηδὲ
1555 2361 1656 2398 νοσ-

1836 2357 1857 2396 s
1881 2357 2061 2408 aenea,
2093 2356 2202 2396 non
2229 2341 2419 2411 procul
2444 2357 2474 2395 a
2492 2341 2662 2408 labro,
2687 2343 2970 2406 altitudine
2982 2343 3198 2399 cubitus
3215 2343 3352 2399 duos

142 2427 242 2498 σεύῃ
263 2428 342 2480 ἐπὶ
370 2433 478 2493 τοῖς
505 2429 834 2500 φατνώμασι
866 2430 974 2483 τῶν
1016 2431 1199 2484 πυλῶν
1223 2433 1316 2486 καὶ
1355 2434 1544 2500 στοῶν,
1580 2436 1658 2488 καί

1836 2433 2064 2498 ηἰηοηε,
2159 2432 2247 2486 cui
2330 2447 2430 2487 rex
2515 2440 2771 2488 oraturus
2843 2433 3150 2499 insisteret,
3241 2449 3352 2503 quo

143 2519 299 2590 μολύνῃ
334 2524 439 2583 τοῖς
475 2523 880 2592 ἀποπατήμασι
918 2523 978 2575 τὸ
1035 2524 1198 2595 ἱερόν.
1257 2525 1577 2596 Περιϐαλεῖν
1616 2527 1659 2580 δὲ

1835 2522 1992 2576 cilius
2039 2521 2482 2577 acircumstante
2530 2522 2716 2578 Judzeo
2759 2525 2960 2594 p0pulo
3016 2534 3347 2578 cerneretur.

142 2612 289 2665 καὶτὰ
334 2615 681 2686 Ἱεροσόλυμα
703 2615 800 2686 τὴν
829 2615 984 2668 πόλιν
1004 2617 1236 2691 ,τείχεσ-ι,
1289 2618 1382 2671 καὶ
1419 2619 1658 2689 πύργοις.

1837 2612 1936 2683 51
1969 2612 2050 2666 Ad
2081 2613 2194 2667 hac
2224 2614 2394 2668 altare
2427 2614 2619 2679 erexit,
2667 2615 2825 2684 cujus
2865 2615 3103 2670 ambitus
3139 2615 3353 2670 cubito-

140 2701 211 2752 καὶ
246 2703 474 2774 τάφροις.
547 2707 910 2779 Οίκοδομῆσαι
969 2708 1024 2761 δὲ
1081 2711 1174 2762 καὶ
1204 2708 1448 2779 βασίλεια
1473 2709 1656 2780 ἑαυτῷ

1836 2719 1898 2757 ιω
1947 2702 2187 2772 quinque
2224 2711 2278 2756 et
2321 2703 2681 2773 quadraginta
2709 2745 2724 2770 ,
2758 2703 2981 2758 altitudo
3035 2719 3163 2759 vero
3214 2706 3352 2760 duo-

139 2790 612 2866 Προσαγορευθῆναι
651 2797 708 2850 δὲ
745 2798 959 2870 πρῶτον
983 2798 1080 2868 μὲν
1109 2799 1169 2852 τὸ
1198 2799 1495 2871 ἀνάκτορον
1529 2799 1655 2870 ίερὸγ

1834 2793 1951 2847 :cim
2005 2799 2214 2846 tantum
2266 2801 2429 2848 esset.
2479 2791 2792 2857 Postremo,
2848 2796 3079 2850 annulos
3131 2813 3196 2851 ex
3245 2814 3350 2853 iere

140 2883 420 2954 Σολομῖινος,
470 2887 708 2960 ὕστερον
739 2890 814 2951 δὲ,
861 2891 1329 2962 παρεφθαρμένως
1376 2891 1472 2963 τὴν
1521 2891 1656 2944 πόλιτ

1830 2882 2025 2938 :minos
2079 2885 2285 2938 catenis
2334 2884 2628 2953 implicitos
2658 2925 2672 2948 ,
2709 2885 2976 2940 machinis
3021 2887 3346 2956 quibusdam

137 2974 218 3032 ἀπὸ
237 2974 316 3028 τοῦ
352 2977 497 3049 ίεροῦ
553 2978 904 3050 Ἰερουσαλὴμ
924 2979 1316 3051 ὀνομασθῆναι·
1350 2980 1453 3034 ὑπὸ
1485 2981 1541 3033 δὲ
1565 2980 1653 3033 τῶι

1833 2989 1941 3043 Ipra
1973 2974 2156 3044 templi
2198 2973 2473 3045 fastigium
2523 2975 2712 3045 viginti
2763 2976 2961 3031 cubitis
3007 2981 3349 3037 exstantibus

143 3063 364 3138 Ἑλλήνιον
394 3068 742 3140 φερωνύμως
787 3068 1130 3140 Ἱεροσόλυμα
1176 3069 1445 3138 λέγεσθαι.
1479 3071 1659 3122 Συντε-

1837 3064 2070 3133 ipositis,
2100 3080 2335 3134 quorum
2362 3066 2557 3120 umbra
2587 3068 2640 3120 in
2674 3075 2844 3120 totum
2871 3068 3104 3137 desuper
3132 3070 3346 3127 culmen

133 3123 323 3213 λέσαντα
357 3123 417 3214 δὲ.
447 3123 511 3214 τὸ
552 3123 694 3234 ἱερὸν
721 3123 828 3213 ,καὶ
857 3123 970 3233 ι’τὴν
1000 3123 1151 3214 πόλιν
1197 3123 1539 3232 τειχίσαντα,
1590 3161 1649 3214 ὲλ

1837 3155 2114 3208 cumberet
2139 3174 2152 3210 :
2182 3159 2321 3225 eque"
2354 3157 2583 3227 singulis
2610 3157 2810 3212 retibus
2839 3173 2931 3213 seu
2961 3162 3168 3215 catenis
3200 3178 3347 3220 amca

139 3249 224 3301 θεῖν
244 3254 314 3315 είς
332 3251 558 3324 Σηλὼμ,
591 3253 686 3305 xul.
719 3252 908 3305 θυσίαν
965 3250 1043 3322 τῷ
1081 3251 1199 3321 Θεῷ
1236 3255 1316 3315 εἰς
1360 3252 1655 3324 ὁλοκὰρπω

1827 3246 2164 3310 ntinnabula,
2192 3247 2378 3301 talenti
2403 3249 2604 3317 pondo,
2624 3250 3020 3318 quadringenta
3043 3255 3343 3322 suspendit,

137 3359 201 3394 σιν
229 3346 612 3414 προσαγαγεῖν,
651 3343 775 3412 βοῦς
804 3343 1026 3414 χιλίους.
1055 3344 1300 3398 Λαϐόντα
1336 3343 1391 3396 δὲ
1419 3344 1515 3415 τὴν
1540 3361 1653 3416 σκη·

1825 3351 1896 3390 me
1922 3339 2126 3392 catenis
2158 3339 2449 3394 commotis
2483 3341 2750 3409 impulsa,
2786 3344 2982 3396 tinnitu
3020 3359 3082 3397 ac
3117 3343 3341 3412 strepitu

135 3438 210 3505 γὴν
236 3439 319 3492 καὶ
348 3439 406 3492 τὸ
443 3439 854 3509 θυσιαστήριον,
896 3438 988 3492 καί
1015 3437 1084 3491 τά
1124 3437 1329 3507 σκεύη,
1370 3438 1406 3492 ἃ
1452 3439 1651 3509 ἐποίησι

1832 3427 2023 3484 ilucres
2057 3429 2337 3498 abigerent
2365 3469 2379 3492 ,
2431 3445 2498 3485 ne
2529 3430 2612 3485 vel
2663 3430 2961 3488 insiderent
2998 3435 3196 3503 templo
3219 3475 3232 3499 ,
3264 3437 3348 3491 vel

136 3529 326 3601 Μωής,
368 3533 446 3594 είς
482 3530 836 3602 Ἱεροσόλυμα
882 3532 1158 3599 ἐνεγκεῖν,
1223 3531 1316 3583 καὶ
1352 3533 1407 3584 ὲν
1434 3531 1511 3602 τῷ
1543 3531 1652 3601 οίκο

1985 3520 2039 3573 in
2073 3520 2354 3574 valvarum
2409 3530 2502 3574 aut
2553 3522 2860 3591 porticuum
2915 3525 3170 3580 tabulatis
3216 3541 3350 3580 con-
3445 3551 3451 3562 ι

134 3617 291 3675 θεῖναι.
324 3623 432 3676 Καὶ
475 3623 580 3695 τὴν
637 3622 866 3676 κιϐωτὸν
895 3623 952 3675 δὲ
985 3621 1193 3676 καὶτὸν
1221 3621 1403 3693 βωμὸν
1426 3623 1513 3676 τὸν
1541 3640 1650 3694 χρυ

1831 3619 2068 3674 ruerent,
2101 3611 2381 3682 aedemque
2431 3628 2644 3668 sacram
2697 3615 2951 3671 sordibus
2979 3615 3344 3685 inquinarent.

133 3710 251 3776 σοῦν,
294 3714 382 3766 καὶ
429 3714 530 3786 τὴν
585 3713 839 3784 λυχνίαν,
878 3714 971 3767 καὶ
1005 3712 1103 3786 τὴν
1136 3713 1435 3785 τράπεζαν,
1483 3715 1576 3767 καὶ
1608 3731 1649 3766 τι

1829 3718 1944 3757 erro
1980 3703 2148 3772 ipsam
2203 3719 2422 3772 quoilue
2463 3702 2850 3775 Hierosolyma:
2893 3708 3082 3764 urbem
3131 3708 3304 3764 muris
3331 3750 3345 3771 ,

132 3799 239 3853 ἄλλα
289 3805 450 3877 σκεύη
514 3807 637 3858 ἐκεῖ
687 3805 1090 3871 κατατίθεσθαι,
1149 3805 1331 3870 καθὼς
1379 3807 1648 3876 προστάξα

1840 3795 2040 3861 rribus,
2073 3795 2347 3865 fossisque
2383 3796 2623 3863 vallavit,
2659 3808 3058 3869 augustamque
3105 3799 3209 3853 sibi
3247 3800 3348 3869 ipsi

137 3894 257 3966 αὐτῷ
289 3899 372 3950 τὸν
394 3900 705 3971 προφήτην.
747 3901 1124 3971 Προσαγαγεῖν
1152 3900 1209 3953 δὲ
1240 3900 1317 3971 τῷ
1342 3899 1460 3970 Θεῴ
1487 3899 1653 3953 θυσίαι

1829 3887 1979 3956 egiam
2005 3885 2278 3940 excitavit.
2297 3887 2361 3940 At
2393 3886 2628 3956 primum
2650 3889 2868 3958 quidem
2893 3904 3049 3944 sacra
3071 3888 3160 3943 illa
3185 3891 3345 3957 aedes,

136 3987 318 4056 μυρίαν,
349 3990 606 4061 πρόϐατα
637 3990 890 4061 δισχίλια,
918 3991 1149 4062 μόσχους
1186 3991 1513 4063 τρισχιλίους
1546 4008 1644 4042 πεν

1831 3978 1919 4050 ρδν
1944 3977 2272 4047 Σολομῶνος,
2298 3976 2608 4034 Salomonis
2635 3981 2914 4048 templum,
2942 3982 3216 4035 nominata
3233 3990 3347 4048 est;

133 4082 400 4146 τακοσίους.
455 4083 530 4135 Τὸ
580 4081 638 4135 δὲ
676 4081 896 4154 σύμπαν
932 4083 1172 4156 χρυσίον,
1222 4085 1282 4137 τὸ
1311 4086 1389 4145 είς
1414 4085 1538 4146 τοὺς
1584 4085 1642 4136 δύ

1832 4072 1971 4125 :indc
2005 4088 2154 4135 vero,
2191 4072 2322 4125 urbs
2351 4073 2464 4141 ipsa
2501 4068 2838 4126 Hierusalem
2861 4114 2874 4140 ,
2911 4085 3167 4144 corrupto
3195 4074 3348 4128 vitia-

134 4172 324 4239 στύλους
371 4178 467 4230 καὶ
518 4176 614 4230 τδν
643 4176 768 4230 ναδν
815 4177 1184 4249 καταχρησθὲν
1208 4219 1222 4243 ν
1270 4173 1404 4231 εἶναι
1444 4179 1650 4231 Tim“

1831 4182 1942 4233 >qlte
1973 4165 2154 4233 templi
2188 4164 2404 4217 nomine
2444 4164 2732 4232 appellata,
2765 4181 2929 4234 quam
2963 4163 3136 4219 Graeci
3165 4177 3347 4234 postea

136 4266 378 4335 μυριάδων
403 4268 504 4335 υξ,
541 4271 622 4332 είς
643 4269 700 4321 δὲ
731 4271 857 4332 τοὺς
876 4270 1037 4339 ἥλους
1065 4269 1159 4323 καὶ
1192 4269 1288 4340 τὴν
1323 4270 1484 4340 ἄλλην
1517 4287 1652 4327 κατα

1832 4256 2209 4326 ierosolymam
2243 4254 2385 4308 afﬁni
2415 4254 2742 4323 geminoque
2773 4255 3036 4308 vocabulo
3069 4270 3348 4324 nuncupa-

133 4355 303 4428 σκευὴν
330 4360 598 4431 ἀργυρίου
630 4358 864 4412 τάλαντα
887 4358 1032 4429 χίλια
1073 4359 1320 4412 διακόσια
1361 4376 1649 4430 τριάκοντα

1832 4357 1927 4403 tnt.
1959 4347 2070 4402 Rex
2098 4355 2275 4400 autem
2303 4356 2425 4416 post
2459 4346 2721 4414 templum
2753 4346 3100 4411 aedificatum,
3131 4347 3348 4401 urbem-

129 4445 227 4501 δύο·
254 4451 450 4520 χαλκοῦ
483 4453 542 4505 δὲ
577 4454 655 4516 είς
683 4453 807 4514 τοὺς
834 4451 1017 4514 κίονας
1046 4451 1138 4505 καὶ
1173 4451 1261 4504 τὸν
1307 4451 1542 4523 λουτῆρα
1580 4469 1645 4505 κα

1831 4455 1883 4494 ιε
1910 4439 2198 4505 munitam,
2230 4435 2506 4491 Selomum
2543 4435 2841 4506 profectus,
2872 4435 2978 4490 Deo
3009 4437 3153 4492 mille
3182 4438 3347 4492 boum

132 4539 210 4608 τὴν
235 4541 387 4594 στοὰν
413 4541 656 4597 τάλαντα
693 4541 860 4612 μύρια
897 4541 1274 4612 ὀκτακισχίλια
1318 4543 1648 4613 πεντήκοντα

1829 4531 2163 4585 olocaustum
2204 4527 2402 4582 obtulit
2432 4545 2446 4593 ;
2476 4527 2729 4597 idemque
2756 4527 3127 4597 postmodum,
3179 4535 3232 4582 et
3265 4537 3345 4582 ta~

138 4628 458 4704 ’Δποπὲμψαι
490 4635 549 4687 δὲ
582 4635 670 4687 τὸν
708 4633 996 4704 Σολομῶνα
1029 4634 1124 4686 καὶ
1163 4634 1287 4698 τοὺς
1322 4635 1652 4703 Αἰγυπτίους

1835 4622 2151 4684 :rnaculum,
2183 4631 2235 4675 et
2264 4637 2439 4689 aram,
2472 4633 2524 4675 et
2550 4620 2817 4692 quidquid
2846 4636 3015 4676 sacra:
3045 4621 3351 4690 supellecti~

127 4725 204 4776 καὶ
234 4726 352 4790 τοὺς
388 4727 662 4789 Φοίνικας,
698 4725 961 4788 ἑκάστους
983 4725 1060 4788 είς
1081 4723 1178 4796 τὴν
1216 4726 1442 4791 ἑαυτῶν,
1462 4726 1643 4780 ἑκάστι

1829 4723 2234 4785 scomparatum
2257 4729 2287 4768 a
2307 4712 2456 4768 Mose
2473 4712 2670 4777 fuerat,
2691 4729 2893 4778 arcam,
2914 4714 3082 4768 altare
3099 4729 3345 4780 aureum,

130 4817 304 4886 χρυσοῦ
339 4819 559 4883 σίκλους
591 4818 745 4871 δόντα
771 4818 900 4871 δέκα
918 4835 933 4848 ·
970 4818 1033 4872 τὸ
1061 4819 1117 4877 δὲ
1143 4820 1401 4876 τάλαντον
1427 4815 1564 4873 εἶναι
1595 4821 1646 4873 σί

1829 4807 2186 4871 indelabrum,
2220 4821 2488 4872 mensam,
2513 4814 2566 4860 et
2593 4804 2856 4876 quidquid
2888 4805 3033 4860 aliud
3065 4804 3187 4868 fuit,
3221 4804 3345 4860 Hie-

130 4908 251 4962 χλον,
285 4913 394 4965 κατι
426 4911 508 4982 τῷ
544 4913 641 4983 μὲν
668 4910 940 4980 Αίγύπτου
983 4910 1189 4981 βασιλεῖ
1230 4912 1454 4985 oga-1,935
1495 4912 1674 4967 ἐλαίου
1777 4900 2108 4972 rosolymam
2141 4908 2578 4968 comportatum,
2629 4914 2784 4954 sacra
2817 4898 2870 4952 in
2914 4898 3027 4952 aede
3072 4898 3348 4968 prophetat

133 4999 379 5069 μετρητάς
417 4999 665 5072 μυρίους,
695 4999 1149 5067 φοινικοϐαλάνων
1198 5000 1442 5071 ἀρτάϐας
1479 5001 1649 5072 χιλίας

1827 5009 1930 5048 lSSll
1953 4991 2218 5062 reposuit,
2243 4991 2514 5060 simulque
2538 4991 2861 5045 immensum
2886 4989 2996 5044 Deo
3017 4990 3343 5045 sacrificium

133 5088 318 5154 μέλιτος
352 5093 409 5146 δὲ
435 5095 630 5163 ἀγγεῖα
659 5093 870 5156 ὲκατὸν,
902 5092 992 5147 καὶ
1019 5092 1284 5164 ἀρώματα
1322 5093 1564 5164 πέμψαν
1599 5096 1649 5147 τί

1831 5086 1933 5152 cit,
1967 5085 2163 5140 ovibus
2191 5084 2259 5138 ad
2307 5083 2416 5138 duo
2448 5098 2512 5138 ac
2542 5083 2790 5152 juvencis
2837 5081 2903 5136 ad
2932 5081 3036 5134 tria
3079 5079 3246 5134 millia
3295 5090 3347 5133 et

130 5175 176 5226 δὲ
200 5177 420 5250 Σουρωνι
443 5184 524 5246 είς
551 5182 724 5254 Τῦρον
753 5183 964 5255 πέμψαι
997 5182 1088 5235 τὸν
1114 5183 1347 5255 χρυσοῦν
1370 5167 1522 5238 κίονα
1546 5225 1560 5249 ,
1586 5187 1646 5238 τὸ

1829 5178 2072 5249 ιιὶιιεοηιο
2108 5179 2381 5232 mactatis.
2413 5177 2676 5231 Czeterum
2727 5175 2808 5228 vis
2856 5175 2974 5228 auri
3026 5181 3242 5237 cuncta,
3293 5172 3345 5226 in

133 5268 180 5320 ἐν
210 5271 356 5343 Τύρῳ
385 5274 737 5345 ἀνακείμενον
756 5277 813 5329 ὲν
845 5275 921 5347 τῷ
960 5275 1089 5348 ἱερῴ
1120 5276 1212 5329 τοῦ
1250 5277 1387 5341 Διός.
1426 5277 1647 5347 Θεόφιλο

1828 5271 2065 5325 )lumnas
2101 5271 2238 5324 duas
2261 5311 2274 5335 ,
2310 5265 2373 5324 ac
2409 5270 2664 5337 templum
2716 5267 3027 5320 universum
3075 5272 3344 5336 expensa,

130 5357 180 5410 δέ
203 5379 321 5433 φησι
344 5366 436 5418 τὸν
467 5367 900 5438 περισσεύσαντα
923 5368 1119 5438 χρυσὸν
1158 5368 1249 5420 τὸν
1279 5368 1567 5439 Σολομῶνα
1599 5370 1646 5422 τέ

1829 5363 2042 5416 ιιοηιιιηι
2074 5361 2175 5416 fuit
2225 5361 2548 5432 quadragies
2595 5359 2812 5424 sexies;
2863 5358 3069 5428 argenti
3119 5374 3246 5410 vero
3293 5359 3345 5412 in

137 5450 293 5526 Τυρίῳ
324 5457 536 5528 βασιλεῖ
561 5460 790 5531 πέμψαι.
831 5461 932 5514 Τὸν
961 5460 1036 5527 δὲ,
1072 5461 1253 5514 εἰκόνα
1291 5462 1390 5532 τῆς
1412 5461 1653 5532 θυγατρί).

1833 5471 1965 5511 avos
1991 5471 2054 5509 ac
2081 5455 2352 5523 reliquum
2384 5463 2735 5522 apparatum,
2765 5453 3120 5507 ducentorum
3158 5467 3221 5504 ac
3253 5452 3348 5504 tri-

139 5542 252 5602 ζῶον
281 5548 618 5619 ὁλοσώματον
647 5551 1072 5613 κατασκευάσαι,
1107 5551 1198 5605 xu‘t
1223 5551 1440 5620 ἔλυτρον
1475 5548 1553 5620 τῷ
1581 5550 1644 5602 ἀν

1838 5560 1927 5604 nta
1951 5550 2117 5605 duum
2144 5564 2307 5618 supra
2333 5551 2506 5613 mille;
2533 5551 2656 5603 aeris
2681 5548 2933 5616 denique,
2957 5548 3011 5601 in
3040 5561 3346 5610 corumnas,

139 5635 318 5703 ὃριάντι
353 5643 445 5697 τὸν
495 5646 725 5716 χρυσοῦν
771 5647 924 5700 κίονα
966 5647 1288 5718 περιθεῖναι.
1339 5645 1568 5713 Ποιῆσαι
1620 5643 1655 5696 ὃς

1835 5645 1991 5698 brum
2021 5655 2073 5700 et
2108 5644 2395 5713 porticum,
2428 5643 2821 5714 quinquaginta
2854 5657 3015 5711 supra
3047 5637 3346 5695 octodecim

141 5747 279 5800 eam
295 5737 321 5790 ὁ
345 5738 654 5809 Εὐπόλεμος
675 5739 765 5793 τὸν
793 5739 1078 5810 Σολομῶνα
1102 5741 1195 5794 καὶ
1226 5737 1454 5802 ἀσπίδας
1470 5741 1657 5809 χρυσᾶέ

1829 5738 1968 5792 iillia.
2019 5735 2188 5794 Porro
2241 5734 2523 5806 Aigyptios
2576 5752 2636 5790 ac
2680 5734 3003 5801 Pbmniccs,
3055 5733 3243 5787 divisis
3291 5733 3345 5784 in
