3838 6384
187 309 270 365 757
1259 304 1580 361 PRAEPAR.
1621 305 1871 363 EVANG.
1911 307 2037 363 LIB.
2079 309 2167 363 IX.
3269 311 3370 366 758

191 428 442 502 Ἀρισταῖος
471 426 523 476 ἐν
545 423 620 495 τῷ
643 425 902 495 γραφέντι
929 424 1078 495 αὐτῷ
1104 423 1290 497 βιϐλίῳ
1323 428 1449 498 περὶ
1472 428 1567 497 τῆς
1596 429 1687 500 έρ-

1852 431 2233 500 terpretatione
2259 427 2605 499 conscripsit,
2639 427 2704 482 de
2734 428 2894 498 aquis
2919 428 3025 483 illis
3053 429 3368 502 ilierosul-yn

182 521 366 594 μηνείας
391 518 475 570 τοῦ
496 518 602 570 τῶν
640 518 904 571 Ἰουδαίων
932 518 1098 588 νόμου
1127 517 1299 572 ταῦτα
1322 520 1544 589 ἱστορεῖ·
1569 538 1587 570 ι
1631 521 1690 572 ’0

1896 539 1996 576 ana
2031 523 2164 576 urbe
2214 522 2508 577 ﬂuentibus
2545 522 2619 576 ita
2674 533 2903 576 narrat:
2962 540 2980 571 ι
3039 519 3365 590 Templum,
3408 543 3412 550 ·

176 613 219 665 δὲ
246 607 369 672 nixo;
415 607 700 660 ἀποϐλέπει
737 607 873 678 πρὸς
921 607 1024 677 ἠῶ,
1075 607 1143 661 τὰ
1197 609 1240 661 δ’
1279 609 1500 663 ὀπίσθια
1527 611 1690 664 αὑτοῦ

1846 617 1991 685 ιουὶι,
2024 632 2053 670 a
2091 615 2268 669 fronte
2299 626 2478 670 ortum
2507 655 2523 680 ,
2567 630 2824 670 occasum
2860 631 2889 668 a
2939 623 3091 684 tergo
3137 624 3362 683 spectat.

177 702 285 773 πρὸς
307 701 541 771 ἑσπέραν.
568 699 640 752 Τὸ
667 699 724 753 δὲ
763 700 870 753 πᾶν
900 699 1096 768 εδαφος
1134 698 1493 771 λιθόστρωτον
1560 701 1693 756 καθ-

1852 706 1984 760 )lum
2032 706 2153 774 ejus
2204 706 2520 761 universum
2572 706 2748 775 lapide
2793 713 3020 760 stratum
3051 746 3066 771 ,
3117 705 3368 771 idemque

176 795 352 865 ἔστηκε.
391 793 476 845 καὶ
497 791 732 862 κλίματα
777 791 915 864 πρὸς
962 793 1088 856 τοὺς
1116 791 1457 863 καθήκοντας
1494 793 1692 858 τόπους

1852 796 1957 850 :rtis
1988 805 2041 850 et
2069 798 2390 866 opportunis
2424 798 2479 852 in
2522 799 2656 854 locis
2699 798 2980 864 declivius,
3013 816 3124 871 quo
3152 801 3368 858 facilius

175 886 260 956 ἔχει
283 885 367 953 τῆς
397 882 498 936 τῶν
522 882 728 936 ὑδάτων
759 882 1020 954 ἐπιρροῆς
1048 882 1256 946 ἕνεκεν,
1287 884 1320 954 ἢ
1364 883 1570 952 γίνεται
1604 883 1691 937 διὰ

1853 905 1949 958 [uae
1979 889 2295 955 decurrant,
2333 890 2534 960 quibus
2566 891 2633 945 ad
2667 891 3088 962 abstergendum
3120 894 3369 948 victima-

172 977 248 1046 τὴν
287 974 461 1046 σμῆξιν
490 973 601 1026 τῶν
628 974 734 1027 ἀπὸ
755 973 863 1026 τῶν
914 973 1112 1027 θυσιῶν
1163 974 1438 1045 αἱμάτωνο
1499 975 1688 1030 πολλαὶ

1849 996 1916 1033 tm
1965 981 2284 1050 sanguinem
2337 984 2702 1051 pavimentum
2754 985 2929 1053 prolui
2977 999 3199 1039 necesse
3243 994 3365 1048 est,

172 1071 252 1141 γὰρ
280 1067 512 1139 μυριάδες
531 1067 744 1138 κτηνῶν
760 1067 1122 1137 προσάγονται
1148 1067 1290 1121 κατὰ
1318 1067 1415 1132 τὰς
1435 1069 1542 1121 τῶν
1573 1071 1688 1141 ἑορ-

1851 1069 1934 1123 tod
1968 1071 2136 1124 multa
2173 1086 2428 1140 pecorum
2460 1072 2626 1126 millia
2651 1073 2846 1129 diebus
2882 1073 3032 1129 festis
3082 1075 3367 1128 immolen-

169 1164 250 1216 τῶν
281 1164 490 1232 ἡμέρας.
523 1160 754 1224 ’Υδατος
779 1161 834 1214 δὲ
872 1160 1224 1224 ἀνέκλειπτος
1251 1161 1366 1213 ἐστι
1410 1160 1685 1224 σύστασις,

1857 1176 1900 1213 r.
1943 1161 2020 1214 Ac
2061 1161 2315 1230 perennis
2363 1163 2579 1231 quidem
2634 1173 2917 1233 propterea
2967 1174 3050 1219 est
3101 1180 3367 1233 aquarum

167 1258 225 1319 ὡς
245 1256 298 1309 ἂν
327 1254 411 1307 καὶ
433 1253 616 1324 πηγῆς
637 1252 836 1306 ἔσωθεν
877 1252 1214 1325 πολυρρύτου
1257 1252 1502 1322 φυσικῶς
1536 1255 1683 1324 ἐπιρ-

1850 1250 2061 1303 usmodi
2098 1250 2178 1304 vis
2212 1261 2373 1320 atque
2403 1252 2649 1315 collectio
2669 1296 2683 1318 ,
2714 1253 2859 1321 quod
2891 1269 3014 1308 cum
3045 1270 3111 1308 ex
3145 1255 3366 1308 interio-

168 1346 368 1417 ῥεούσης,
401 1346 474 1398 ἔτι
495 1346 551 1399 δὲ
584 1345 904 1416 θαυμασίων
932 1346 1024 1399 καὶ
1054 1345 1362 1416 ἀδιηγήτων
1385 1346 1684 1417 ύποδοχέων

1850 1344 1944 1394 bus
1980 1341 2082 1396 soli
2119 1342 2422 1399 visceribus
2450 1386 2463 1409 ,
2497 1343 2620 1399 l'ons
2668 1345 2887 1413 quidam
2936 1345 3268 1409 uberrimus,
3304 1360 3366 1399 ac

166 1438 465 1511 ὑπαρχόντων
493 1437 607 1490 ὑπὸ·
623 1439 748 1508 γῆν,
777 1435 958 1500 καθὼς
987 1437 1299 1507 ὲπέφαινον,
1354 1438 1512 1491 πέντε
1561 1455 1682 1492 στα-

1854 1435 2058 1489 urimas
2086 1445 2268 1491 sectus
2295 1437 2350 1490 in
2394 1452 2577 1503 venas,
2607 1452 2674 1492 eo
2703 1439 2822 1492 loco
2851 1438 3034 1492 nativo
3079 1454 3241 1493 cursu
3279 1438 3364 1490 in-

165 1531 261 1583 δίων
287 1529 528 1583 κυκλόθεν
560 1529 662 1598 τῆς
691 1528 830 1581 κατὰ
862 1529 922 1580 τὸ
973 1529 1117 1600 ἱερὸν
1147 1528 1472 1598 καταϐολῆς,
1508 1531 1601 1583 καὶ
1628 1532 1681 1584 ἐκ

1851 1536 1966 1592 tat;
2007 1538 2120 1582 tum
2151 1544 2280 1582 vero
2326 1530 2601 1584 mirabiles
2632 1540 2891 1599 prteterea
2939 1529 3074 1596 tubi,
3109 1530 3367 1598 omnique

164 1621 325 1675 τούτων
359 1621 621 1693 σύριγγας
672 1619 1007 1693 ἀναρίθμους
1067 1620 1190 1673 καθ’
1234 1621 1463 1674 ’ἑκαστον
1527 1621 1680 1693 μέρος

1847 1621 2042 1675 'atione
2088 1623 2324 1692 majores
2366 1624 2469 1677 sub
2517 1635 2714 1677 terram
2765 1623 3028 1677 elaborati
3075 1623 3215 1686 sint,
3248 1603 3363 1690 qui,

164 1716 338 1778 ἑαυταῖς
381 1713 761 1767 συναπτόντων
811 1713 917 1766 τῶν
973 1713 1278 1785 ῥευμάτων.
1341 1714 1451 1766 Καὶ
1515 1713 1680 1768 ταῦτα

1846 1721 2059 1768 tantum
2081 1729 2146 1768 ex
2178 1715 2296 1769 visu
2325 1716 2598 1784 conjicere
2625 1716 2767 1781 licet,
2791 1716 3033 1786 quinque
3062 1715 3362 1769 stadiorum

163 1806 299 1859 πάντα
322 1804 762 1876 μεμολυϐδῶσθαι
797 1805 916 1858 κατ’
949 1805 1175 1873 ἐδάφους
1205 1805 1297 1858 καὶ
1328 1805 1435 1858 τῶν
1458 1807 1679 1876 τοίχων·

1848 1820 1939 1860 rea
1977 1807 2159 1877 templi
2191 1808 2388 1862 molem
2422 1825 2614 1879 gyrum
2661 1809 2915 1872 eﬂiciant,
2944 1824 3008 1862 ex
3043 1807 3242 1876 quibus
3283 1806 3362 1858 iu-

162 1898 230 1949 ὲπὶ
267 1898 315 1950 δὲ
349 1897 546 1950 τούτων
602 1893 864 1966 κεχύσθαι
925 1896 1062 1950 πολὺ
1117 1896 1319 1968 πλῆθος
1371 1895 1678 1961 κονιάσεως,

1848 1897 2161 1953 imerabiles
2195 1897 2360 1971 454
2391 1900 2579 1954 ﬁstulae
2623 1901 2689 1954 ad
2724 1900 2892 1954 latera
2924 1897 3134 1967 singula
3165 1895 3364 1966 produ-

161 1983 349 2056 ἐνεργῶς
370 1986 749 2056 γεγενημένων
776 1985 1047 2039 ἁπάντων.
1087 2004 1106 2038 ι

1846 1997 2013 2057 mtur,
2041 1991 2243 2060 quibus
2269 2008 2424 2062 aqua:
2450 1991 2706 2046 omnibus
2735 2009 2799 2046 ex
2827 1991 3070 2061 partibus
3092 1987 3362 2044 conﬂuen-

161 2096 220 2141 tes
251 2096 536 2156 egerantur.
571 2087 751 2158 Atque
782 2087 898 2141 bzec
935 2086 1142 2152 omnia,
1176 2085 1373 2156 partim
1442 2085 1510 2140 ad
1556 2085 1944 2156 pavimentum,
1994 2089 2191 2158 partim
2241 2089 2308 2143 ad
2371 2089 2517 2158 ipsos
2562 2104 2778 2158 quoque
2846 2087 3079 2156 parietes
3107 2125 3124 2148 ,
3199 2096 3362 2152 opere

160 2178 438 2248 plumbario,
475 2178 660 2235 infusa
703 2178 940 2250 desuper
993 2177 1066 2232 vi.
1107 2195 1303 2250 magna
1357 2180 1544 2246 calcis,
1611 2178 1998 2250 adhaerescere,
2067 2183 2310 2254 adeoque
2333 2183 2594 2254 singulari
2626 2193 2678 2238 et
2706 2190 2958 2238 accurata
2987 2177 3222 2250 quadam
3246 2183 3362 2229 arte

158 2287 362 2330 constare
386 2275 595 2331 scribit.
632 2294 654 2328 ›
2353 2301 2356 2306 ·

621 2367 1017 2421 ΚΕΦΑᾹΑΙΟΝ
1043 2367 1166 2423 ΛΘ⁹.

2315 2365 2544 2420 CAPUT
2595 2364 2833 2419 XXXIX.

235 2481 591 2550 είνπολέμου,
616 2479 750 2548 περὶ
797 2480 1070 2550 Ἰερεμίου
1108 2481 1214 2534 τοῦ
1242 2479 1569 2548 προφήτου.

2055 2481 2130 2536 De
2152 2479 2384 2536 Ieremia
2410 2481 2682 2550 propheta,
2706 2496 2770 2534 ea:
2799 2479 3103 2550 Eupolemo.

217 2594 316 2648 Ἐπὶ
335 2595 560 2660 τούτοις,
621 2595 716 2648 καὶ
757 2595 856 2666 τῆς
912 2588 1174 2666 Ἰερεμῗίου
1211 2596 1546 2667 προφητείας
1589 2596 1682 2649 τοῦ

1861 2595 1930 2647 At
1959 2593 2126 2658 enim,
2150 2607 2274 2646 cum
2299 2593 2551 2646 laudatus
2581 2607 2745 2661 supra
2780 2591 3089 2663 Polyhistor
3115 2591 3361 2646 Jeremiaa

155 2685 458 2759 Πολυΐστορος
487 2689 712 2759 μνήμην
740 2687 1131 2758 πεποιημένου,
1179 2689 1329 2758 ἡμᾶς
1375 2689 1671 2758 ἀποσιωττῆ¹

1843 2699 2008 2755 Joque
2040 2683 2336 2754 prophetia:
2377 2683 2707 2746 meminerit,
2745 2683 3141 2748 ineptissimum
3173 2684 3359 2753 utique

155 2795 223 2832 σαι
247 2779 429 2851 ταύτην
459 2780 682 2835 πάντων
715 2781 781 2834 ἂν
824 2781 907 2850 εἴη
940 2779 1420 2851 παραλογώτατον.
1469 2779 1671 2832 Κείσθο

1846 2782 1953 2838 πῖθι,
1987 2775 2130 2828 hanc
2162 2789 2191 2826 a
2241 2773 2399 2828 nobis
2433 2773 2650 2828 silentio
2695 2773 2977 2842 praeteriri.
3027 2772 3156 2826 Eam
3200 2773 3362 2844 igitur

155 2871 290 2924 τοίνυν
323 2875 412 2927 καὶ
441 2873 611 2943 αὖτη’
655 2891 674 2924 ι
702 2868 836 2926 Εἶτα
873 2873 1150 2943 Ἰωακείμ.
1189 2871 1511 2926 Ἑπὶτούτου
1555 2889 1671 2943 προ

1843 2883 1897 2922 ac
1921 2867 2084 2920 etiam
2113 2865 2233 2919 loco
2260 2873 2588 2920 attexamus.
2629 2883 2648 2916 ι
2686 2863 2822 2918 Tum
2871 2864 3235 2927 Joachimum,
3278 2866 3359 2918 in-

154 2964 370 3033 φητεῦσαι
412 2966 686 3037 Ἰερεμίαν
711 2965 802 3018 τὸν
828 2967 1133 3036 προφήτην.
1184 2965 1385 3020 Τοῦτον
1405 3005 1420 3030 ,
1459 2965 1563 3018 ὑπὸ
1593 2965 1670 3020 τοὶ

1845 2955 1925 3019 iit,
1955 2969 2181 3024 regnum
2213 2953 2518 3024 capessisse
2545 2995 2560 3019 ,
2596 2955 2754 3024 cujus
2802 2964 3046 3024 tempore
3101 2951 3361 3010 Jereniias

153 3055 256 3110 Θεοῦ
286 3060 674 3124 ἀποσταλέντα,
728 3059 1052 3112 καταλαϐεῖν
1090 3060 1217 3122 τοὺς
1273 3059 1556 3123 Ἰουδαίους
1595 3058 1669 3113 θυ⁴

1843 3046 2050 3114 'opbeta
2082 3046 2303 3102 oracula
2336 3061 2432 3101 sua
2461 3045 2710 3100 ediderit.
2741 3045 2969 3116 Quippe,
3007 3045 3151 3102 hunc
3187 3061 3216 3099 a
3250 3043 3359 3099 Deo

154 3148 389 3215 σιάζοντας
421 3151 630 3221 εἰδώλῳ
657 3150 861 3222 χρυσῷ,
897 3145 941 3219 ᾧ
969 3147 1109 3206 εἶναι
1150 3151 1320 3224 ὄνομα
1353 3152 1518 3206 Βάαλ.
1555 3152 1670 3207 Τοῦ

1839 3141 2046 3203 ιίδδυηι,
2073 3138 2312 3203 Iudaeos,
2345 3138 2557 3193 interim
2587 3137 2715 3192 dum
2747 3138 2890 3192 idolo
2918 3138 3130 3192 cuidam
3158 3153 3355 3200 aureo,

154 3259 221 3295 τον
243 3245 288 3297 δὲ
316 3247 488 3310 αὐτοῖς
536 3245 638 3317 τὴν
674 3247 977 3317 μέλλουσαν
1012 3249 1240 3318 ἀτυχίαν
1284 3247 1544 3319 δηλῶσαι.
1585 3247 1670 3300 Τὸε

1841 3230 2009 3284 aalem
2043 3230 2331 3293 vocabant,
2382 3228 2713 3283 sacrificium
2747 3227 3007 3294 facerent,
3055 3226 3357 3298 deprehen-

152 3333 195 3388 δὲ
221 3338 448 3410 Ἰωακεὶμ
484 3339 669 3404 ζῶντα
717 3339 880 3393 αὑτὸν
916 3340 1268 3394 ἐπιϐαλέσθαι
1310 3339 1650 3394 κατακαῦσαι

1839 3324 1958 3386 isse,
1984 3322 2179 3392 quibus
2205 3321 2604 3392 impendentem
2637 3321 2999 3376 calamitatem
3028 3319 3355 3390 praedixerit.

155 3427 222 3480 τὸν
239 3429 286 3482 δὲ
314 3431 469 3500 φάναι
512 3434 633 3494 τοῖς
676 3431 853 3498 ξύλοις
894 3431 1104 3494 τούτοις
1157 3431 1517 3495 Βαϐυλωνίοις
1561 3432 1671 3500 ὀψο-

1841 3433 1869 3472 c
1901 3415 2243 3471 Joacbimum
2281 3415 2524 3486 quidem,
2564 3415 2746 3468 virum
2776 3413 2925 3466 illum
2971 3427 3034 3468 ac
3063 3412 3355 3481 spirantem

132 3521 374 3591 ποιήσειν,
407 3523 500 3577 καὶ
526 3523 763 3594 σκάψειν
795 3523 894 3587 τὰς
921 3523 1015 3576 τοῦ
1047 3523 1296 3594 Τίγριδος
1337 3524 1432 3577 καὶ
1465 3523 1648 3596 Εὑφρά

1839 3525 2034 3563 'emare
2058 3508 2296 3562 voluisse
2319 3525 2332 3561 :
2357 3515 2412 3562 at
2434 3515 2621 3561 contra
2643 3505 2992 3561 denuntiasse
3015 3504 3355 3574 pr0phetam,

153 3625 224 3664 του
243 3612 492 3686 διώρυχας
513 3613 1074 3686 αἰχμαλωτισθέντας.
1107 3616 1210 3668 Τὸν
1237 3615 1293 3667 δὲ
1314 3615 1419 3669 τῶν
1442 3617 1514 3668 Βσ
1525 3616 1669 3669 ϐυλω

1844 3614 1892 3653 )c
1920 3613 2016 3653 eos
2053 3597 2326 3666 lignorum
2366 3595 2561 3666 genere
2595 3596 2906 3666 Babyloniis
2937 3595 3165 3648 obsonia
3202 3609 3360 3648 cura-

154 3703 253 3757 νίων
274 3705 484 3776 βασιλέα
537 3708 852 3766 ἀκούσαντα
882 3707 1353 3779 Ναϐουχοδονόσορ
1379 3708 1446 3760 τὰ
1467 3709 1570 3761 ὑπὸ
1593 3707 1670 3760 τοί

1843 3706 1963 3754 ros,
1992 3699 2046 3744 et
2077 3689 2296 3744 canales
2319 3689 2386 3742 ad
2411 3687 2731 3742 derivandas
2762 3685 2940 3758 Tigris
2971 3695 3024 3740 et
3068 3683 3359 3754 Euphratis

161 3795 376 3868 Ἰερεμίου
413 3799 914 3872 προμαντευθέντα,
949 3799 1328 3872 παρακαλέσαι
1362 3798 1677 3868 Ἀστιϐάρηκ

1843 3784 1964 3839 idas
1997 3781 2242 3837 fossuros
2294 3795 2444 3846 esse,
2478 3787 2832 3849 posteaquam
2867 3793 3054 3832 eorum
3082 3779 3135 3832 in
3165 3793 3359 3833 manus

152 3887 220 3941 τὸν
242 3891 424 3961 Μήδων
443 3869 669 3963 βασιλέα
695 3869 1079 3963 συστρατεύειν
1100 3891 1266 3962 αὐτῷ.
1295 3891 1668 3962 Παραλαϐόντε

1836 3893 1852 3931 :
1884 3885 2206 3947 potestatem
2237 3875 2530 3930 venissent.
2587 3871 2772 3941 Itaque
2800 3869 3352 3924 Nabucodouosorem

151 3970 194 4024 tt
214 3961 562 4040 Βαϐυλωνίους
585 3976 681 4029 καὶ
709 3961 947 4044 Μήδους,
978 3975 1072 4028 καὶ
1104 3961 1478 4043 συναγαγόντα
1507 3973 1667 4038 πεξῶη

1843 3970 2209 4041 abyloniorum
2240 3983 2444 4036 regem,
2479 3967 2570 4020 ubi
2597 3982 2742 4030 rem,
2775 3964 3050 4036 quomodo
3094 3964 3162 4017 ab
3211 3961 3359 4016 Jere-

155 4065 230 4132 μὲν
247 4067 626 4129 ὀκτωκαίδεκα,
664 4067 873 4120 ἱππέων
899 4067 955 4120 δὲ
1007 4068 1273 4139 μυριάδας
1307 4067 1550 4135 δώδεκα,
1594 4067 1671 4120 κα¹

1848 4061 1897 4115 ia
1922 4060 2284 4131 praenuntiata
2331 4057 2532 4120 fuerat,
2564 4056 2892 4121 rescivisset,
2926 4053 3212 4109 Astibaren
3248 4051 3358 4105 Me-

153 4159 297 4222 ’πεζῶν
332 4159 549 4232 ἅρματα
605 4158 795 4230 μύρια,
833 4159 1047 4230 πρῶτον
1076 4161 1174 4231 μὲν
1218 4159 1316 4230 τὴν
1360 4159 1669 4230 Σαμαρεῖτιη

1842 4170 1980 4207 rrum
2032 4167 2237 4224 regem,
2283 4151 2362 4204 uti
2395 4149 2556 4220 hujus
2615 4147 2976 4218 expeditionis
3025 4146 3206 4200 socius
3237 4159 3358 4198 esse

151 4254 615 4324 καταστρέψασθαι,
644 4253 740 4306 καὶ
765 4251 1074 4315 Γαλιλαίαν,
1104 4254 1196 4306 καὶ
1218 4251 1568 4315 Σκυθόπολιν,
1594 4253 1667 4304 κα“

1839 4244 1964 4307 :llet,
2011 4243 2330 4297 obsecrasse
2355 4260 2369 4308 ;
2399 4241 2798 4310 conjunctoque
2834 4237 3252 4309 Babyloniorum
3293 4253 3355 4291 ac

151 4345 249 4408 τοὺς
274 4348 326 4399 ὲν
355 4351 419 4418 τῇ
447 4347 737 4401 Γαλαατίδι
764 4345 1046 4408 οἰκοῦντας
1078 4343 1391 4406 Ἰουδαίουςο
1444 4338 1599 4406 αὖθις
1627 4342 1667 4394 δὲ

1839 4336 2066 4390 edorum
2117 4335 2399 4398 exercitu,
2451 4335 2546 4403 qui
2601 4341 2796 4404 prmter
2851 4331 3035 4385 decem
3092 4344 3352 4383 curruum

150 4432 204 4494 τὰ
238 4434 563 4510 Ἱεροσόλυμα
594 4439 951 4510 παραλαϐεῖν,
978 4436 1070 4488 καὶ
1091 4435 1184 4488 τὸν
1226 4434 1491 4488 Ἰουδαίων
1532 4433 1666 4503 βασι-

1844 4429 1952 4482 illia
1976 4470 1991 4495 ,
2040 4428 2280 4496 peditum
2314 4427 2589 4496 octoginta
2622 4439 2786 4494 supra
2821 4433 3033 4479 centum
3063 4463 3078 4486 ,
3112 4422 3354 4491 equitum

153 4521 226 4580 λέα
261 4528 500 4600 Ἰωακεὶμ
529 4530 845 4602 ζωγρῆσαι.
891 4529 996 4582 Τὸν
1038 4528 1095 4581 δὲ
1142 4525 1341 4597 χρυσὸν
1378 4526 1471 4580 τὸν
1508 4527 1564 4578 ἐν
1604 4525 1669 4596 τᾷ

1835 4537 1914 4575 πο
1942 4530 2161 4575 centum
2194 4535 2257 4575 ac
2283 4519 2471 4590 viginti
2508 4518 2748 4572 millibus
2780 4524 3081 4576 constaret,
3118 4514 3351 4584 primum

153 4617 274 4687 ἱερῷ,
305 4624 392 4674 καὶ
413 4623 672 4694 ἄργυρον,
700 4623 794 4676 καὶ
821 4620 1018 4692 χαλκὸν
1039 4619 1354 4682 ἐκλέξαντα,
1410 4619 1489 4681 είς
1512 4617 1669 4670 Βαϐυι

1840 4613 2022 4676 tidem,
2054 4613 2356 4674 Samariam
2387 4654 2402 4678 ,
2433 4611 2730 4675 Galilmam,
2761 4607 3151 4679 Scythopolim,
3175 4613 3227 4659 et
3254 4602 3353 4658 Ju-

152 4705 268 4763 λῶνα
293 4712 597 4767 ἀποστεῖλαι
623 4715 790 4784 χωρὶς
812 4713 911 4782 τῆς
935 4710 1166 4764 κιϐωτοῦ
1197 4709 1290 4762 καὶ
1324 4709 1432 4763 τῶν
1460 4711 1516 4762 ὲν
1547 4709 1668 4778 αὐτῇ

1837 4721 1928 4761 eos
1975 4706 2309 4760 Galaatidem
2360 4704 2660 4758 incolentes
2710 4700 3010 4755 delevisse:
3045 4714 3171 4751 mox
3225 4712 3353 4751 vero

156 4799 358 4858 πλακῶν.
388 4807 602 4876 Ταύτην
631 4807 688 4859 δὲ
715 4806 806 4859 τὸν
847 4804 1113 4877 Ἰερεμίαν
1144 4804 1456 4872 κατασχεῖν.
1483 4821 1502 4855 ι

1834 4814 1956 4852 usam
1986 4813 2203 4868 quoque
2226 4796 2677 4866 Hierosolymam,
2701 4792 3150 4860 Joacbimumque
3173 4804 3350 4858 regem

153 4891 301 4948 vivum
359 4897 589 4967 cepisse,
644 4907 696 4952 et
724 4896 988 4966 quidquid
1028 4895 1082 4950 in
1113 4896 1313 4964 templo
1343 4894 1482 4956 auri,
1531 4892 1736 4961 argenti
1775 4892 2006 4960 aerisque
2040 4891 2160 4956 fuit,
2193 4892 2494 4945 detractum
2545 4888 2871 4958 Babylonem
2901 4885 3136 4951 misisse,
3162 4893 3354 4954 prreter

155 5001 323 5056 arcam,
347 5001 398 5047 et
426 4994 666 5048 inclusas
693 4993 746 5046 in
779 5007 841 5046 ea
870 4992 1118 5046 tabulas:
1165 4991 1307 5045 hanc
1334 4991 1477 5045 enim
1510 5004 1673 5060 penes
1710 4988 2000 5046 Jeremiam
2036 4987 2425 5043 remansisse.»

635 5083 1032 5136 ΚΕΦΑΛΑΙΟΝ
1078 5081 1167 5135 Μ’.

2375 5073 2605 5130 CAPUT
2656 5073 2765 5127 XL.

157 5189 440 5267 Βηρῳσσοῦ
456 5193 609 5267 (91),Δ
642 5194 774 5267 περὶ
836 5193 946 5267 τῆς
1014 5193 1334 5267 Ἰουδαίων,
1379 5195 1673 5267 αἰχμαλω-

1949 5194 2035 5267 Εεεγ
2051 5193 2266 5267 Βενοδο3
2287 5205 2433 5267 quem
2447 5186 2705 5267 Iosephus
2728 5184 2937 5267 laudat.
2962 5184 3024 5236 de
3039 5182 3347 5267 J'udtz’orttgt

208 5253 342 5333 εξίας,
366 5253 473 5330 τῆξ
499 5253 616 5319 ὑπὸ
641 5253 1199 5332 Νᾰϐουχὸδονόσορ·
1245 5264 1340 5315 καὶ
1383 5253 1513 5331 πέᾖὶ
1561 5265 1680 5317 τῶν

1837 5253 2148 5333 ἷίῆηἱυὶιαιε
2179 5261 2273 5333 sub
2291 5253 2850 5333 Nabuchodonosore;
2880 5253 3349 5333 dequeBabylouis

204 5321 485 5404 βασιλέωὲ
508 5335 617 5401 τῆς
650 5321 1007 5398 ΒαϐυᾸῶνος
1044 5321 1162 5387 ἀπῦ
1213 5333 1316 5386 τοῦ
1369 5321 1678 5387 Νᾶϐοπαλ-

1847 5321 2072 5404 regibus.
2120 5350 2152 5385 a
2189 5329 2648 5398 Nabopallasaro,
2705 5341 2864 5392 usque
2904 5321 2971 5375 ad
3013 5325 3229 5392 Cyrum.
3268 5321 3348 5374 [ιιι

207 5403 450 5535 λρὶστὶρου
477 5405 645 5474 μέχρι
679 5407 828 5473 πρὸς
861 5405 962 5457 τὸν
993 5405 1215 5471 Κῦρον·
1247 5404 1366 5458 ἀπὸ
1404 5404 1522 5456 τῶν
1563 5406 1673 5458 Ἰω-
1845 5403 2092 5474 Josepho.

207 5486 242 5521 σ
277 5487 402 5526 που.

213 5580 234 5610 ι
254 5563 458 5629 Τούτοις
489 5566 815 5635 ἐπισυνάψαι
843 5567 1138 5635 ἀναγκαῖον
1161 5567 1254 5619 καὶ
1301 5567 1368 5619 τὰ
1408 5566 1548 5636 περὶ
1578 5566 1676 5636 τῆς

1858 5581 1874 5613 ‹
1914 5559 2007 5615 llis
2035 5576 2218 5631 porro,
2250 5557 2560 5614 Iudaeorum
2616 5555 2778 5608 etiam
2811 5555 3172 5622 captivitatem
3212 5559 3349 5606 atte—

209 5679 304 5756 (9l)
339 5687 676 5752 Βηρωσσοῦ.
719 5685 991 5740 Eximinm
1037 5687 1300 5756 planeque
1331 5702 1555 5742 aureum
1590 5695 1672 5742 est
1711 5685 1812 5741 hoc
1865 5681 2502 5751 Berossifragmentum,
2553 5675 2698 5745 quod
2739 5673 3002 5746 Josepbus
3058 5675 3148 5730 lib.
3203 5692 3238 5732 ι.
3295 5673 3345 5726 in

159 5749 386 5822 Apionem,
407 5749 528 5828 pag.
556 5757 690 5812 10H
722 5767 774 5811 ct
812 5757 972 5822 1045,
1006 5749 1365 5814 conservavit.
