3838 6384
122 285 191 340 761

1225 289 1544 347 ΡΒΑΞΡΔΒ.
1582 291 1809 348 EVAN‘G
1872 295 2000 350 [ΑΒ.
2048 295 2140 352 IX.

3201 275 3314 352 τοὶ

114 404 258 473 γραφῇ
290 400 410 472 περὶ
454 401 547 454 τοῦ
593 402 1062 478 Ναϐουχοδονοσορ
1083 403 1270 458 ταῦτα·
1303 424 1320 456 ι
1351 405 1634 474 Μεγασθέ-

1743 409 1888 463 rebus
1917 410 2168 481 scripsit,
2199 408 2453 472 historia.
2495 408 2563 464 de
2593 405 3130 463 Nabuchodonosore
3189 407 3306 464 haec

107 511 180 564 νης
205 492 301 564 (92)
326 493 379 546 δέ
401 510 550 564 φησι,
582 492 1087 570 Ναϐουχώρὸσορον
1138 496 1452 570 Ἡρακλέως
1483 498 1635 551 ἀλκι-

107 587 312 659 μώτερον
341 589 618 654 γεγονότα,
648 587 740 642 ὲπί
766 605 825 641 τε
855 589 1058 660 Λιϐύην
1083 590 1176 643 καὶ
1216 589 1454 662 Ἰϐηρίην
1479 605 1636 660 στρα-

105 680 274 735 τεῦσαι.
323 679 535 742 Ταύτας
589 680 645 732 δὲ
691 683 1126 751 χειρωσάμενον,
1183 681 1494 752 ἀποδασμδν
1534 681 1631 734 αὺ-

104 775 210 826 τέων
233 775 303 834 είς
334 771 397 824 τὰ
429 772 582 836 δεξιὰ
618 773 713 825 τοῦ
747 774 949 828 Πόντου
984 775 1308 828 κατοικίσαι.
1346 773 1499 827 Μετὰ
1553 773 1631 838 δὲ,

103 863 276 930 λέγεται
307 864 438 934 πρὸς
459 864 760 927 Χαλδαίων,
790 865 885 928 ὡς.
916 865 1121 928 ἀναϐὰς
1148 865 1238 917 ἐπὶ
1265 863 1329 916 τά
1361 863 1631 935 βασιλήῖαν

105 955 417 1026 κατασχεθείη
466 955 602 1026 θεῷ’
645 957 735 1009 ὅτε
786 955 894 1027 ᾠδῇ
948 955 1096 1027 (95),
1161 955 1532 1025 φθεγξάμενος
1578 954 1634 1008 δὲ

105 1044 250 1101 εἶπενο
304 1042 471 1111 Οὗτος
529 1049 641 1116 ἐγὼ
691 1048 1214 1122 Ναϐουχοδρόσορος,
1275 1042 1320 1100 ὦ
1381 1047 1634 1100 Βαϐυλὼ-

103 1159 196 1201 νιοι,
240 1140 330 1210 τὴν
384 1139 680 1210 μέλλουσαν
722 1141 851 1210 ὑμῖν
914 1141 1266 1212 προαγγέλλω
1327 1142 1632 1214 συμφορὴν,

111 1236 178 1303 τὴν
220 1235 244 1287 δ
291 1250 348 1285 τε
401 1234 574 1302 Βῆλος
619 1233 751 1304 ἐμὸς
807 1235 1109 1305 πρόγονος,
1175 1235 1209 1304 ἦ
1259 1252 1317 1286 τε
1385 1235 1635 1304 βασίλεια

106 1326 262 1392 Βῆλτις
347 1324 653 1395 ἀποτρέψαι
737 1325 948 1392 Μοίρας
1030 1327 1211 1376 πείσαι
1295 1324 1633 1378 ἀσθενοῦσιν.

105 1417 228 1482 Ἥξει
265 1416 477 1487 Πέρσης
520 1416 763 1485 ἡμίονος,
820 1419 988 1467 τοῖσιν
1052 1415 1363 1485 ὑμετέροισι
1420 1417 1636 1486 δαίμοσι

104 1508 368 1579 χρεώμενος
402 1509 786 1578 συμμάχοισιν·
830 1506 1019 1573 ἐπάξει
1086 1507 1142 1560 δὲ
1189 1507 1531 1579 δουλοσύνην.
1563 1501 1637 1562 OB

101 1601 145 1668 δὴ
170 1598 417 1661 συναίτιος
480 1599 629 1651 ἔσται
678 1599 884 1669 Μήὴς,
932 1599 994 1651 τὸ
1058 1597 1340 1669 Ἀσσύριον
1393 1596 1635 1668 αὔχημα.

107 1686 174 1738 'D-
197 1687 295 1740 εἴθε
333 1706 444 1757 μιν,
472 1688 706 1758 πρόσθεν
745 1686 777 1757 ἢ
808 1686 990 1739 δοῦναι
1045 1687 1171 1750 τοὺς
1211 1687 1493 1760 πολιήτας,
1527 1686 1638 1740 Χά-

99 1780 249 1852 ρδϐδίν
289 1798 408 1834 τ,να
460 1780 494 1850 ἢ
553 1779 823 1834 θάλασσαν
885 1779 1304 1851 εἰσδεξαμένην,
1377 1778 1636 1833 ἀϊστῶσαι

97 1873 371 1944 πρόρριζον·
399 1875 434 1944 ἦ
469 1891 560 1944 μιν
593 1874 757 1936 ἄλλας
803 1873 956 1937 ὁδους
1012 1874 1322 1944 στραᾳέντα
1377 1872 1636 1944 φέρεσθαι

96 1964 162 2017 διὰ
189 1965 278 2030 τῆς
306 1967 532 2036 ἐρήμου,
568 1966 656 2018 ἵνα
686 1964 810 2019 οὗτε
843 1967 1030 2028 ἄστεα,
1065 1965 1188 2018 οὒτε
1223 1966 1390 2028 πάτος
1430 1964 1638 2037 ἀνθρώ-

97 2073 206 2116 tm,
233 2056 387 2126 θῆρες
415 2057 472 2109 δὲ
504 2056 669 2126 νομὸν
697 2057 897 2127 έχουσι,
929 2057 1022 2109 καὶ
1070 2056 1280 2128 ὄρνιθες
1323 2055 1634 2121 πλάζονται,

97 2151 138 2201 ἐν
154 2168 202 2203 τε
232 2151 458 2222 πέτρῃσι
489 2151 582 2203 καὶ
631 2151 934 2221 χαραδρησι
972 2148 1165 2220 μοῦνον
1208 2148 1503 2219 ἀλώμενον·
1536 2149 1637 2219 ἐμέ

98 2260 137 2299 τε
161 2243 275 2314 πρὶν
300 2246 374 2305 είς
411 2242 531 2295 νόον
557 2241 814 2312 βαλέσθαι
862 2241 1053 2302 ταῦτα,
1114 2240 1297 2304 τέλεος
1358 2239 1636 2310 ἀμείνονος

95 2335 313 2406 κυρῆσαι.
374 2335 434 2387 Ὀ
486 2333 585 2403 μὲν
629 2331 890 2395 θεσπίσας
932 2332 1270 2403 παραχρῆμα
1296 2332 1576 2400 ἠφάνισε-θ’
1607 2331 1637 2384 ὁ

91 2425 192 2480 Eia!
216 2429 334 2490 παῖς
368 2424 870 2495 Εὐῖλμαλούρουχος
899 2423 1197 2476 ἐϐασίλευε.
1237 2424 1338 2476 Τὸν
1367 2424 1410 2476 δ’
1447 2425 1474 2475 ὁ
1531 2439 1636 2494 κη-

91 2516 251 2586 δεστὴς
283 2516 609 2578 ἀποκτείνας
649 2514 1081 2586 Νηριγλισάρης,
1129 2514 1278 2566 λεῖπε
1331 2515 1495 2567 παῖδα
1524 2516 1634 2567 Λα-

91 2607 484 2678 ϐασσοαρασκον.
513 2605 714 2659 Τούτου
749 2605 804 2658 δὲ
861 2605 1220 2669 ἀποθανόντος
1268 2606 1425 2676 βιαίῳ
1461 2606 1633 2677 μόρῳ,

90 2699 449 2768 Ναϐαννίδοχον
478 2697 823 2752 ἀποδεικνῦσι
849 2696 1070 2768 βασιλέα
1105 2697 1235 2767 (94),
1291 2697 1637 2768 προσήκοντά

87 2792 291 2845 οξούὀέν.
317 2794 407 2863 Τῷ
429 2792 484 2844 δὲ
516 2790 716 2864 Κῦρος,
753 2789 886 2844 ἐλὼν
950 2789 1260 2852 Βαϐυλῶνα,
1311 2789 1635 2860 Καρμανίης

89 2886 352 2954 ἡγεμονίην
383 2884 696 2955 δωρέεται.»
717 2884 825 2937 Καὶ
847 2883 974 2955 περὶ
1003 2882 1095 2936 τοῦ
1114 2881 1292 2934 κτίσαι
1325 2881 1382 2934 δὲ
1413 2881 1501 2933 τὸν
1533 2882 1637 2933 Να-

88 2975 439 3048 ϐουχοδονόσορ
471 2976 567 3047 τὴν
597 2975 891 3028 Βαϐυλῶνα
946 2977 976 3027 ὁ
1024 2973 1185 3036 αὐτὸς
1215 2973 1386 3026 ταῦτα
1413 2972 1631 3042 γράψει’

92 3087 106 3116 ι
126 3071 338 3136 Λέγεται
357 3069 469 3138 (95)
489 3068 545 3121 δὲ
577 3069 751 3120 πάντα
771 3068 866 3138 μὲν
894 3066 950 3132 ἐξ
974 3067 1145 3137 ἀρχῆς
1178 3063 1322 3136 ὕδωρ
1351 3061 1512 3130 εἶναι,
1538 3064 1634 3118 θά-

87 3160 262 3214 λατ-ςαν
284 3160 639 3230 καλεομένην⁸
677 3161 844 3230 Βῆλον
874 3159 930 3211 δέ
964 3175 1099 3225 σφεα
1131 3157 1242 3226 (96)
1271 3155 1495 3218 παῦσαι,
1531 3153 1637 3226 χὼ-

87 3270 167 3321 ρην
191 3253 399 3320 ἑκάστῳ
426 3251 815 3320 ἁπονείμαντα,
864 3248 958 3302 καὶ
1017 3246 1308 3300 Βαϐυλῶνα
1337 3246 1506 3317 τείχει
1540 3263 1639 3298 πε-

86 3343 318 3408 ριϐαλεῖν·
373 3341 452 3411 τῷ
479 3342 656 3412 χρόνῳ
686 3341 741 3393 δὲ
797 3339 873 3410 τῷ
921 3339 1217 3409 ἱκνευμένῳ
1257 3338 1637 3408 ἀφανισθῆναι.

83 3435 300 3503 Τειχίσαι
355 3434 412 3488 δὲ
466 3430 624 3496 αὖθις
669 3431 1194 3502 Ναϐουχοδονόσορον
1235 3430 1295 3482 τὸ
1333 3430 1494 3501 μέχρι
1539 3429 1638 3500 τῆς

82 3523 404 3576 Μακεδονίων
458 3523 634 3594 ἀρχῆς
659 3523 938 3592 διαμεῖναν
996 3521 1084 3574 ἐὸν
1104 3519 1493 3592 χαλκόπυλον.»
1532 3522 1641 3574 Καὶ

82 3616 366 3688 μεθ’ἒτερα
398 3616 662 3683 ἐπιλέγει·
694 3633 711 3666 t
753 3614 1279 3685 Ναϐουχοδονόσορος
1320 3612 1377 3664 δὲ
1403 3612 1640 3678 διαδεξά-

82 3725 216 3778 μενος
241 3711 346 3782 τὴν
405 3709 602 3781 ἀρχὴν,
655 3707 947 3762 Βαϐυλῶνα
1008 3706 1107 3778 μὲν
1166 3705 1398 3775 ἐτείχισε
1430 3705 1640 3777 τριπλῷ

76 3803 332 3873 περιϐόλῳ
363 3805 420 3856 ἐν
475 3799 864 3855 πεντεκαίδεκα
917 3800 1170 3871 ἡμέρῃσι,
1211 3799 1304 3852 τόν
1328 3815 1388 3850 τε
1434 3797 1640 3868 Ἀρμα-

77 3895 226 3964 κὰλην
282 3894 534 3965 ποταμὸν
582 3893 866 3964 ἐξήγαγεν,
921 3891 1076 3945 ἐόντα
1117 3892 1282 3962 κέρας
1321 3891 1636 3961 Εὐφρήτεω,

74 3988 150 4039 τόν
177 4006 230 4040 τε
273 3988 638 4060 Ἀκράκανον.
706 3985 880 4057 Ὑπὲρ
920 3985 973 4038 δὲ
1001 3985 1102 4054 τῆς
1135 3983 1497 4057 Σιππαρηνῶν
1544 3984 1640 4038 πό·-

73 4077 416 4142 λιος,)άκκον
471 4077 805 4150 ὀρυξάμενος
863 4077 1190 4148 περίμετρον
1222 4077 1318 4146 μὲν
1374 4080 1644 4149 τεσσαρά-

71 4189 214 4226 κοντα
245 4172 680 4245 παρασαγγέων,
713 4170 873 4241 βάθος
922 4170 964 4223 δ’
990 4158 1253 4240 ὀργυιέων
1303 4169 1494 4229 εἴκοσι,
1537 4169 1640 4223 πύ-

69 4263 151 4326 λας
169 4265 465 4336 ἐπέστησε,
487 4264 586 4325 τὰς
603 4262 909 4331 ἀνοίγοντες
939 4259 1199 4333 ἄρδεσκον
1235 4260 1294 4313 τὸ
1323 4261 1519 4314 πεδίονο
1548 4279 1641 4316 κα·

67 4354 228 4409 λέουσι
246 4359 292 4411 δ’
322 4357 500 4420 αὑτὰς
551 4353 1039 4426 Ἐχετογνώμονας.
1097 4353 1429 4422 Ἐπετείχισε
1461 4353 1517 4407 δὲ
1546 4354 1640 4407 καὶ

1671 1753 1708 1810 Β

1734 511 1990 570 praeterea
2012 501 2187 572 reperi
2221 519 2236 558 :
2266 521 2284 553 ι
2328 501 2729 572 Megasthenes,
2763 497 2962 568 inquit,
2994 506 3188 553 auctor
3221 509 3303 553 est

1735 593 2285 649 Nabm-hodrosorum
2337 591 2551 647 Herculi
2608 590 2711 660 ipsi
2759 589 3075 644 fortitudine
3136 597 3308 659 atque

1739 686 1934 740 animis
1957 686 2296 756 pratstitisse,
2327 694 2492 754 atque
2527 684 2578 738 in
2607 681 2831 754 Libyam
2862 692 2915 736 et
2945 681 3170 736 lberiam
3203 683 3308 736 imo

1737 788 1860 848 petu
1904 777 2068 842 facto,
2096 777 2380 837 utriusque
2401 776 2513 846 jam
2546 775 2764 830 domitae
2799 772 3045 828 colonias
3075 771 3126 826 in
3176 772 3308 828 dex-

1738 881 1873 924 tram
1917 870 2074 925 Ponti
2123 871 2335 942 plagam
2389 869 2724 937 deportasse.
2777 866 2986 932 Quibus
3033 865 3302 934 peractis,

1737 961 1972 1016 Chaldmi
2004 962 2201 1025 ferunt,
2231 976 2355 1015 eum
2386 974 2685 1014 conscenso
2705 958 2909 1028 palatio
2938 958 3198 1012 divinitus
3221 973 3306 1012 re-

1737 1061 1896 1123 pente
1921 1052 2180 1115 adlatum,
2217 1054 2363 1123 quod
2405 1052 2655 1122 sequitur
2677 1051 2958 1104 oraculum
3001 1048 3257 1104 effudisse
3287 1062 3301 1101 ;

1736 1144 1828 1200 Ille
1851 1161 1952 1216 ego
1979 1144 2523 1210 Nabuchodrosorus,
2551 1159 2584 1196 ο
2618 1142 2916 1213 Babylonii,
2935 1141 3305 1194 imminentem

1735 1238 1891 1292 vobis
1950 1237 2312 1292 calamitatem
2375 1236 2724 1306 praenuntio,
2778 1247 2940 1303 quam
2991 1229 3178 1286 Parcis
3224 1231 3304 1285 uti

1737 1336 2114 1390 averruncent,
2149 1344 2249 1382 nec
2300 1327 2462 1382 Belus
2508 1326 2722 1396 generis
2750 1324 2921 1380 nostri
2960 1333 3171 1389 auctor,
3208 1337 3307 1380 nec

1736 1418 1921 1484 regina
1946 1416 2110 1474 Beltis
2141 1420 2465 1488 persuadere
2483 1434 2725 1488 unquam
2751 1424 3025 1487 poterunt.
3051 1415 3308 1471 Persicus

1737 1505 1898 1577 457
1923 1506 2096 1560 veniet
2128 1509 2330 1572 mulus,
2361 1508 2453 1577 qui
2487 1508 2796 1561 dannnnum
2839 1515 3146 1560 vestrorum
3174 1519 3309 1561 usus

1739 1599 1964 1661 auxilio,
2022 1598 2218 1652 durum
2275 1600 2582 1654 cervicibus
2606 1599 3011 1668 vostrisjugum
3047 1599 3305 1667 imponet.

1741 1687 1912 1756 Atque
1945 1689 2106 1759 hujus
2131 1690 2301 1744 cladis
2334 1701 2522 1746 auctor
2543 1693 2707 1746 etiam
2733 1690 3152 1761 Medusquidam
3183 1689 3308 1756 erit,

1743 1795 1850 1848 quo
1875 1791 1997 1834 ante
2019 1782 2226 1850 Assyrii
2255 1798 2578 1852 magnopere
2608 1784 2997 1854 gloriabantur.
3025 1782 3068 1837 Ο
3100 1783 3310 1837 utinam

1743 1873 1877 1943 ipse,
1911 1874 2224 1944 priusquam
2259 1877 2404 1930 cives
2427 1878 2499 1930 ita
2528 1892 2677 1932 meos
2737 1877 3018 1945 proderet,
3050 1885 3144 1930 aut
3166 1875 3311 1929 Cha-

1743 1966 1896 2038 rybdi
1950 1968 2209 2037 quadam,
2248 1978 2343 2022 aut
2375 1968 2639 2038 profundo
2669 1969 2859 2038 pelago
2889 1970 3116 2022 haustus
3147 1977 3311 2037 atque

1741 2061 2029 2128 absorptus
2058 2069 2276 2130 periret,
2301 2071 2392 2114 aut
2419 2062 2554 2116 alias
2577 2062 2857 2130 abreptus,
2891 2061 3067 2114 invias
3092 2075 3190 2129 per
3214 2075 3309 2116 so-

1742 2153 1998 2208 litudines
2024 2168 2146 2209 erro
2175 2164 2462 2220 vagaretur
2487 2195 2503 2219 ,
2537 2154 2628 2207 ubi
2673 2153 2876 2208 nullius
2933 2169 3108 2222 neque
3158 2154 3310 2209 urbis

1741 2259 1917 2313 neque
1952 2244 2189 2298 hominis
2222 2245 2510 2312 vestigium
2540 2254 2797 2313 appareat
2824 2285 2839 2305 ,
2874 2244 2964 2297 sed
3000 2242 3126 2297 fera:
3180 2242 3312 2296 dun-

1740 2346 1891 2392 taxat
1939 2336 2105 2390 libere
2131 2345 2424 2405 pascantur
2467 2336 2827 2404 volucresque
2885 2335 3308 2400 circumvolant,

1739 2429 1985 2499 adeoque
2018 2429 2165 2484 solus
2216 2429 2421 2482 medios
2475 2428 2615 2483 inter
2655 2429 2908 2498 scopulos
2935 2445 2998 2484 ac
3029 2430 3312 2498 voragines

1737 2523 2058 2594 iactaretur.
2115 2521 2242 2576 Mihi
2289 2537 2508 2592 quoque
2541 2563 2556 2585 ,
2607 2524 2925 2594 priusquam
2965 2524 3080 2578 haec
3110 2523 3158 2578 ei
3199 2534 3308 2578 tam

1741 2615 1945 2670 nefaria
1982 2630 2133 2668 mens
2181 2614 2376 2684 injecta
2408 2615 2496 2676 sit,
2533 2613 2830 2668 feliciorem
2871 2614 3074 2668 exitum
3127 2616 3311 2672 sortiri

1740 2708 1915 2762 liceat.
1949 2703 2074 2760 Haec
2100 2704 2316 2769 elIatus,
2351 2704 2632 2758 hominum
2664 2721 2729 2759 ex
2757 2705 2930 2759 oculis
2957 2712 3171 2773 repente
3189 2704 3316 2759 sub-

1746 2805 1888 2858 latus
1942 2799 2182 2853 evanuit.
2217 2799 2393 2867 Atque
2413 2795 3123 2857 Evilmaluruchumlilium,
3158 2797 3310 2862 regni

1739 2892 1957 2964 quidem
1993 2891 2180 2946 habuit
2209 2906 2616 2946 successorem:
2651 2889 2741 2943 sed
2773 2903 2838 2942 eo
2879 2886 3219 2956 postmodum
3272 2901 3305 2940 a

1740 3001 1799 3041 se
1825 2985 2168 3052 interempto,
2199 2981 2554 3053 Neriglisares
2578 2980 2786 3035 sororis
2818 2979 2937 3046 ejus
2971 2979 3052 3032 vir
3073 3017 3087 3042 ,
3115 2977 3308 3048 .lilinm

1741 3075 1959 3144 reliquit
1990 3073 2511 3128 Labassoarascum.
2547 3070 2666 3138 Quo
2710 3070 2872 3124 etiam
2911 3068 3144 3122 violenta
3181 3079 3312 3122 nece

1740 3159 1976 3231 sublato,
2029 3163 2518 3220 Nabanuidochum
2576 3163 2723 3216 nulla
2785 3176 2905 3216 cum
2956 3173 3022 3213 eo
3055 3158 3312 3214 aﬂinitate

1739 3261 2116 3329 conjunctum,
2158 3273 2338 3327 regem
2365 3264 2574 3318 creant,
2611 3255 2697 3309 cui
2729 3253 2905 3325 Cyrus
2935 3259 3116 3320 postea
3147 3249 3314 3321 Baby-

1740 3351 1864 3404 lone
1893 3351 2116 3420 potitus,
2162 3345 2465 3403 Carmania:
2519 3344 2876 3414 principatum
2920 3341 3062 3394 ultro
3088 3352 3309 3393 conces-

1741 3444 1830 3498 sit.
1862 3461 1881 3494 ι
1906 3441 2044 3496 Idem
2073 3457 2231 3510 porro
2255 3439 2531 3494 conditam
2551 3451 2580 3488 a
2598 3432 3122 3488 l‘abuchodonosore
3148 3429 3311 3498 Baby-

1741 3535 1919 3588 lonem
1957 3531 2125 3585 fuisse
2159 3530 2230 3584 ita
2253 3537 2438 3584 narrat
2469 3544 2516 3580 ε(
2550 3527 2774 3591 Ferunt,
2811 3525 3012 3594 inquit,
3042 3523 3164 3578 loca
3195 3524 3311 3578 hare

1742 3624 1925 3678 omnia
1945 3623 2058 3692 jam
2086 3621 2208 3676 inde
2255 3621 2324 3674 ab
2355 3620 2508 3675 initio
2566 3617 2724 3688 aquis
2758 3617 2952 3671 obruta
3000 3614 3167 3669 fuisse
3198 3629 3314 3668 ma-

1740 3715 1926 3784 risque
1975 3713 2195 3768 nomine
2249 3711 2556 3782 appellata:
2605 3723 2795 3763 verum
2830 3713 2849 3730 ‘
2880 3721 3034 3762 suam
3084 3706 3314 3775 singulis

1742 3806 2017 3875 regionem
2053 3803 2241 3858 Belum
2269 3803 2578 3872 assignasse
2599 3841 2615 3867 ,
2642 3798 3083 3870 Babylonemque
3118 3797 3314 3852 moeni-

1740 3899 1844 3954 bus
1872 3897 2110 3953 cinxisse
2139 3937 2155 3962 ,
2203 3911 2267 3951 ac
2295 3895 2552 3963 deinceps
2612 3891 2924 3947 mortalium
2974 3889 3150 3945 oculis
3197 3905 3316 3943 ere-

1740 4004 1891 4063 ptum
1919 4005 2042 4044 esse
2070 4007 2083 4043 :
2118 3995 2305 4058 postea
2337 4001 2467 4041 vero
2494 3993 2706 4055 septum
2735 3982 2889 4048 illud,
2917 3982 3094 4036 valvis
3113 3980 3312 4034 distin-

1741 4093 1887 4138 ctum
1923 4083 2099 4147 aereis,
2131 4097 2160 4135 a
2190 4077 2734 4134 Nabuchodonosoro
2755 4084 3095 4130 exstructum
3121 4072 3318 4140 fuisse.

1741 4172 1888 4244 quod
1918 4172 1983 4226 ad
2017 4170 2373 4225 Macedonum
2404 4168 2694 4238 imperium
2724 4180 2897 4235 usque
2924 4164 3155 4220 steterit.
3195 4164 3312 4218 »Αο

1740 4281 1935 4321 rursus
1962 4263 2240 4318 nonnullis
2265 4261 2562 4330 interjectis
2589 4300 2604 4325 ,
2642 4278 2660 4312 t
2696 4257 3267 4314 Nabuchodonosorus
3292 4295 3320 4322 ι

1742 4356 1940 4426 inquit,
1973 4370 2139 4425 regno
2185 4353 2407 4423 potitus,
2449 4348 2786 4420 Babylonem.
2831 4348 2970 4403 intra
3002 4347 3317 4417 quindecim

66 4448 152 4516 τῆς
189 4449 466 4520 Ἐρυθρῆς
495 4447 770 4517 θαλάσσης
797 4448 894 4516 τὴν
921 4446 1222 4508 ἐπίκλυσιν,
1253 4448 1346 4500 καὶ
1368 4447 1636 4518 Τερηδόνα

1743 4450 1954 4504 dierum
1987 4448 2222 4518 spatium
2253 4445 2451 4517 triplici
2489 4457 2649 4499 muro
2695 4442 2888 4506 cinxit,
2929 4450 3092 4511 atque
3112 4442 3314 4496 Arma-

67 4539 201 4591 m’lw
227 4540 453 4593 ἔκτισεν
481 4539 621 4591 κατὰ
653 4538 752 4599 τὰς
798 4536 1040 4608 Ἀράϐων
1077 4536 1340 4599 εἰσϐολάςο
1371 4537 1440 4590 τά
1461 4554 1519 4589 τε
1545 4536 1638 4606 βα-

66 4631 229 4702 σιλήὶα
287 4631 537 4703 δένδροις
581 4631 824 4700 ἤσκησε,
880 4631 1221 4699 κρεμαστοὺς
1277 4629 1638 4700 παραδείσους

63 4723 340 4793 ὀνομάσας.
379 4744 399 4776 ›
439 4723 550 4775 Καὶ
583 4721 752 4774 ταῦτα
800 4720 855 4774 δέ
889 4739 978 4790 μοι
1023 4720 1130 4772 ἀπὸ
1180 4721 1281 4790 τῆς
1308 4719 1636 4792 δηλωθείσης

63 4814 247 4868 κείσθω
272 4814 529 4886 γραφῆς,
569 4813 654 4864 διὰ
685 4812 743 4863 τὸ
779 4811 1035 4883 φέρεσθαι
1100 4813 1156 4864 ὲν
1183 4814 1249 4882 τῇ
1294 4811 1389 4864 τοῦ
1445 4813 1638 4882 Δανιὴλ

62 4907 382 4978 προφητεία,
419 4907 495 4968 ὡς
525 4906 631 4973 ἄρα
664 4903 1128 4973 Ναϐουχοδονόσορ
1159 4905 1214 4955 έν
1254 4902 1333 4973 τῷ
1381 4903 1492 4974 ναῷ
1540 4904 1638 4974 τῆς

63 4996 320 5066 βασιλείας
345 4996 541 5055 αὑτοῦ,
576 4995 654 5066 τῷ
682 4999 736 5048 ὲν
764 4995 1073 5059 Βαϐυλῶνι,
1124 4995 1460 5067 περιπατῶν,
1497 4996 1638 5066 μέγα

61 5093 344 5159 φρονήσας,
375 5089 789 5161 ἀπηυθαὸίσατο
807 5087 993 5142 εἰπών·
1026 5105 1046 5138 ι
1085 5088 1195 5157 Οὐχ
1223 5086 1358 5158 αὕτη
1384 5088 1500 5140 ἐστὶ
1530 5087 1635 5141 Βα-

123 5248 228 5319 (92)
270 5247 695 5319 Μεγασθένης.
743 5243 1125 5319 Fragmentum
1175 5243 1470 5319 Berosiano
1500 5260 1636 5319 con-

56 5314 490 5387 jmictissimitm.
529 5315 716 5369 Exstat
759 5318 900 5384 apud
929 5314 1153 5385 Joseph.
1181 5315 1369 5370 eodem
1406 5317 1498 5369 lib.
1534 5332 1546 5368 l
1579 5317 1636 5370 in

60 5391 240 5456 Apion.
271 5391 404 5455 ejus
435 5389 616 5456 aliqua
653 5389 874 5439 mentio.

121 5462 228 5530 ωδ)
271 5453 421 5514 ’Ὅτε
448 5453 598 5524 ᾠδῇ.
651 5456 1017 5530 Qtirijiciebalu
1265 5453 1635 5530 φθεγξάμενος

62 5526 218 5584 εἶδεν(
249 5531 402 5585 Malo
459 5539 640 5582 tamen
679 5527 811 5596 ὅτεῳ
841 5526 903 5597 δή
925 5565 938 5588 ,
974 5536 1034 5580 ut
1065 5527 1259 5595 legitur
1289 5528 1429 5594 apud
1465 5527 1636 5580 Scali-

59 5617 230 5668 ger-nm
241 5643 252 5653 .

123 5671 227 5734 t‘H)
282 5667 705 5726 Ἀποδεικνῦσι
743 5666 1028 5738 βασιλέα.
1071 5665 1379 5738 Legendum
1416 5667 1632 5720 ἀποδει-

62 5755 266 5794 ιωυουσι
299 5740 490 5812 βασιλ.
517 5754 623 5793 non
649 5737 1090 5803 ἀποδεικνῦσι,υῑ
1115 5737 1166 5793 in
1184 5739 1345 5810 priori
1376 5739 1629 5794 editione.

1744 4544 1895 4598 calcn
1930 4543 2380 4608 Acracanumqne
2434 4537 2651 4600 ﬂuvios,
2700 4537 2767 4590 ab
2814 4533 3090 4605 Euphrate
3140 4543 3317 4603 ortos,

1744 4637 1851 4690 alio
1883 4633 2164 4689 derivavit.
2194 4631 2331 4686 Tum
2358 4630 2785 4701 Sipparenorum
2815 4629 2968 4683 urbis
3000 4627 3052 4680 in
3085 4627 3314 4697 gratiam

1744 4726 1993 4796 paludem
2025 4724 2194 4790 fodit,
2227 4723 2388 4793 cujus
2423 4721 2665 4775 ambitus
2697 4735 3027 4790 parasangas
3079 4718 3315 4788 quadra-

1744 4820 1913 4888 ginta,
1939 4817 2168 4871 altitudo
2198 4831 2326 4869 vero
2368 4815 2522 4868 ulnas
2551 4811 2747 4884 viginti
2781 4812 3068 4866 obtineret.
3124 4808 3313 4863 Eidem

1744 4911 1979 4964 claustra
2016 4908 2294 4978 imposuit,
2333 4904 2843 4976 Echctognomonas
2873 4911 3088 4968 vocant,
3114 4901 3314 4967 quibus

1745 4999 2025 5069 patefactis
2056 5014 2243 5068 agrum
2276 4998 2350 5052 illi
2373 5013 2534 5052 suum
2565 4997 2869 5067 irrigarent.
2898 4994 3059 5048 Maris
3098 5007 3313 5063 quoque

1747 5091 1913 5145 llubri
1943 5092 2248 5146 eluvionem
2283 5091 2514 5160 objectis
2545 5090 2802 5160 repressit
2835 5087 3102 5152 obicibus,
3128 5101 3192 5140 ac
3210 5083 3313 5140 Te-

1743 5247 1853 5303 Nec
1878 5247 2021 5302 enim
2045 5245 2528 5300 Nahannidochum
2567 5249 2728 5301 istum
2753 5244 2954 5297 creavit
2981 5241 3307 5311 Neriglissa-

1742 5335 1854 5376 ras.
1886 5319 1975 5388 qui
2003 5327 2279 5388 superstes
2306 5332 2411 5388 non
2442 5328 2558 5370 erat
2591 5317 2734 5388 ;scd
2765 5314 3063 5388 Babylonii.

1815 5382 1924 5459 (95)
1966 5382 2216 5459 Λέγεται,
2250 5386 2338 5439 δέ.
2381 5387 2672 5459 Sequentia
2703 5382 3138 5459 uniusEuwbii,
3167 5382 3313 5452 quod

1741 5455 1947 5523 sciam,
1978 5455 2272 5527 diligentiae
2297 5455 2674 5527 acceptagferri
2709 5456 2922 5527 debent.

1813 5531 1923 5588 (96)
1965 5523 2166 5595 Βῆ.ῐον
2195 5527 2261 5578 δέ
2291 5523 2470 5596 σφεα.
2516 5525 2675 5580 Forte
2720 5524 2887 5596 Βῆλον
2925 5523 2994 5596 δέ
3019 5538 3197 5596 σφεαςΔ
3219 5537 3311 5574 του

1742 5592 2129 5670 κατακλυσμοῦ
2177 5599 2308 5670 (aut
2338 5592 2586 5652 'alterius
2634 5592 2842 5664 simil.)
2889 5593 3130 5659 παῦσαι,
3179 5592 3311 5646 hanc

1742 5674 2027 5725 clatrionem
2065 5669 2385 5737 repressisse.
