3838 6384
569 301 675 358 763

1174 299 1443 358 EUSEBII
1486 298 1967 357 CASSARIENSIS
2001 302 2148 357 OPP.
2193 303 2368 357 PARS
2412 303 2472 357 ll.
2520 334 2587 344 -
2636 301 3150 367 APOLOGETICA.,
3647 312 3721 368 Τῦι

569 424 830 479 redonem
883 421 1073 475 urbem
1126 421 1384 475 adversus
1414 421 1653 476 Arabum
1698 423 2026 494 irruptiones
2055 441 2147 478 ex—

2253 424 2425 477 ϐυλὼν
2459 426 2490 495 ἡ
2538 425 2767 497 μεγάλη,
2796 428 2863 497 ἣν
2894 426 3004 496 ἐγὼ
3041 426 3354 498 ᾠκοδόμησα
3381 429 3452 491 εἰς
3476 422 3599 482 οἷκον
3618 430 3748 499 βασι-τ

570 514 779 578 citavit,
804 512 1175 585 palatiumque
1198 528 1358 567 suum
1386 512 1675 568 arboribus
1720 515 1948 569 consitis
1979 524 2136 584 (pen-

573 606 702 662 siles
761 606 947 660 hortos
986 604 1257 674 vocabat),
1292 605 1598 659 exornavit.
1639 624 1657 656 I
1716 607 1892 677 Atque
1934 608 2047 662 haec
2076 624 2142 661 ex

572 696 832 769 Abydeno
858 696 1061 752 referre
1082 696 1424 767 potissimum
1453 713 1518 753 eo
1543 698 1733 764 libuit,
1769 698 1914 768 quod
1937 698 1991 751 in
2026 698 2142 767 ipsa

574 787 814 843 Danielis
854 788 1158 858 prophetia,
1198 787 1722 853 Nabuchodonosor,
1756 803 1879 844 cum
1908 789 1961 843 in
1994 789 2147 859 regni

2246 517 2395 581 λείας
2418 520 2475 570 ἐν
2507 517 2583 588 τῷ
2604 518 2793 589 κράτει
2816 519 2912 589 τῆς
2943 519 3123 589 ἰσχύος
3160 537 3258 590 μου
3311 523 3385 584 εἰς
3414 520 3555 591 τιμὴν
3577 510 3743 591 tam."

2256 606 2350 678 ξης
2389 626 2519 677 μους
2550 610 2637 663 ὅτε
2671 610 2821 673 ὄντος
2853 611 2932 663 ἔτι
2963 610 3053 663 τοῦ
3090 610 3244 679 λόγου
3287 612 3386 663 ἐπὶΔ
3408 613 3634 682 στόματος
3658 618 3727 670 αὖ·

2252 700 2367 763 τοῦ,
2383 721 2399 752 ι
2419 702 2485 755 τὰ
2500 703 2597 770 τῆς
2624 703 2981 774 μετελθούσης
3002 705 3375 774 καταστροφῆς
3395 707 3525 775 αύτῷ
3542 709 3723 774 γέγονε.ι

2250 789 2435 843 Ταῦτα
2483 791 2581 862 μὲν
2607 787 2699 844 οὖν
2725 794 2853 863 ἡμῖν
2878 792 3168 863 αὐτάρκως
3194 792 3316 862 περὶ
3346 790 3515 843 τῶνδε.
3732 780 3742 831 ί

572 881 658 937 sui
692 882 890 951 templo
940 881 1212 953 Babylone
1265 882 1485 936 condito
1538 882 1919 948 inambularet,
1954 882 2053 937 has
2086 882 2141 934 in
2177 896 2339 937 voces
2388 883 2707 945 temeritatis
2730 893 2784 939 et
2830 885 3154 955 arrOgantize
3207 885 3386 954 plenas
3447 885 3651 955 erupisse
3677 887 3727 940 le-

574 985 732 1045 gatur
756 975 824 1037 ’°,
860 992 879 1026 ι
906 972 1094 1030 Nonne
1123 976 1237 1031 haec
1267 985 1349 1030 est
1377 975 1617 1047 Babylon
1652 992 1870 1045 magna,
1908 991 2074 1046 quam
2102 990 2202 1042 ego
2239 976 2500 1033 aediﬁcavi
2533 978 2585 1034 in
2620 979 2840 1034 domum
2872 979 3041 1048 regni,
3080 979 3133 1033 in
3175 978 3337 1050 458
3379 976 3551 1034 robore
3575 980 3729 1034 fortitu-

571 1065 716 1120 dinis
742 1080 875 1120 mea:
917 1074 970 1120 et
1000 1067 1052 1119 in
1076 1066 1241 1135 gloria
1274 1067 1486 1122 decoris
1517 1066 1645 1123 mei.
1676 1065 1924 1137 Cumque
1970 1081 2150 1121 sermo
2188 1068 2365 1124 adhuc
2405 1070 2627 1129 essetin
2662 1086 2757 1126 ore
2796 1071 2935 1140 ejus,
2964 1089 2982 1122 ι
3041 1071 3270 1127 ultorem
3313 1071 3456 1126 illum
3506 1085 3533 1125 e
3567 1075 3729 1141 vestigio

572 1160 712 1214 tanti
747 1158 926 1217 fastus
950 1160 1155 1215 exitum
1195 1161 1381 1216 subiit.
1406 1180 1425 1212 ι

1132 1252 1365 1307 CAPUT
1420 1251 1581 1307 XLII.

579 1363 653 1421 De
679 1365 744 1420 iis
784 1365 875 1436 qui
907 1363 1152 1436 Iudaica:
1185 1365 1353 1435 gentis
1383 1366 1750 1436 meminerunt,
1781 1379 1846 1418 ex
1875 1365 2010 1419 libro
2043 1362 2142 1419 Ja-

878 1437 1043 1504 sep/ti,
1067 1435 1144 1489 De
1173 1434 1487 1504 antiquitate
1512 1434 1845 1491 J‘udworum.

644 1613 771 1671 Haec
802 1614 967 1685 igitur
991 1622 1276 1670 auctorum
1312 1614 1529 1669 illorum
1563 1614 1874 1671 testimonia
1902 1623 2144 1670 nostram
2178 1573 2234 1627 Β

575 1708 630 1761 in
660 1722 775 1761 rem
812 1707 1107 1776 protulisse
1140 1705 1392 1761 sufﬁciat.
1440 1706 1828 1777 Superioribus
1868 1707 2145 1773 omnibus,

573 1798 793 1867 .losephi
820 1806 1029 1852 tantum
1053 1813 1115 1851 ex
1136 1797 1166 1850 J
1183 1798 1493 1851 udaicarum
1511 1798 1903 1867 Antiquitatum
1926 1798 2147 1853 historia

574 1889 739 1944 verba
762 1888 1182 1959 subjungamus,
1212 1889 1304 1943 ubi
1348 1889 1581 1945 laudatis
1614 1890 1951 1945 inﬁnitarum
1982 1906 2150 1960 prope

575 1981 903 2051 scriptorum
933 1982 1090 2045 locis,
1127 1980 1293 2051 idque
1329 1982 1549 2037 totidem
1579 1984 1797 2054 syllabis
1821 2026 1835 2050 ,
1868 1985 1934 2038 ad
1966 1994 2148 2039 extre-

573 2089 724 2127 mum
754 2072 827 2127 ita
855 2074 1200 2127 concluditzc
1240 2071 1531 2128 Enimvero
1586 2076 1721 2133 satis
1766 2075 2148 2145 eruut,inquit,

573 2165 641 2219 ad
685 2164 841 2219 ﬁdem
873 2164 1037 2233 hujus
1064 2166 1404 2234 antiquitatis
1444 2165 1748 2221 faciendam
1779 2209 1793 2233 ,
1846 2166 2104 2239 Syrorum
2133 2209 2148 2231 ,

564 2254 951 2310 Chaldaeorum
1006 2272 1071 2312 ac
1132 2256 1448 2313 Phoenicum
1477 2258 1759 2314 historiae:
1822 2260 2021 2330 quibus
2072 2266 2151 2313 tot

571 2348 737 2402 etiam
761 2347 1074 2403 Graecorum
1102 2351 1484 2404 auctoritatem
1524 2351 1879 2415 attexuimus,
1903 2366 2025 2404 cum
2054 2350 2149 2403 ad-

571 2439 701 2495 dere
748 2449 1007 2511 prteterea
1050 2442 1296 2496 licuisset
1342 2441 1727 2511 Theophilum,
1779 2440 2131 2499 Theodorum

573 2531 871 2597 Mnaseam,
896 2532 1340 2602 AristOphanem,
1359 2531 1775 2603 Hermogenem,
1801 2533 2149 2595 Evemerum,

571 2626 894 2691 Comonem,
942 2639 1006 2679 ac
1049 2622 1430 2694 Zopyrionem,
1482 2623 1732 2693 aliosque
1792 2623 1936 2678 forte
1986 2639 2149 2693 quam

568 2717 839 2789 plurimos
872 2734 887 2782 ;
912 2732 1010 2771 nec
1040 2717 1184 2770 enim
1219 2731 1412 2771 omnes
1435 2717 1609 2771 evolvi
1641 2716 1835 2784 libros,
1858 2718 2150 2787 quirerum

572 2816 887 2863 nostrarum
922 2822 988 2862 ex
1019 2806 1267 2877 professo
1318 2808 1706 2862 meminerunt.
1736 2808 1799 2862 Et
1837 2825 2149 2879 quanquam

574 2915 762 2955 eorum
792 2900 978 2964 etiam,
1015 2915 1154 2969 quos
1175 2899 1501 2953 nominatim
1541 2901 1853 2965 eitavimus,
1882 2902 2144 2971 plerique,
2175 2929 2217 2986 ο

573 2992 718 3061 quod
742 2991 948 3046 litteras
977 3000 1195 3047 nostras
1221 2991 1446 3047 minime
1474 2993 1816 3063 attigerint,a
1841 2994 2146 3064 rerumjam

574 3082 699 3138 inde
729 3082 797 3136 ab
820 3082 976 3136 initio
1006 3091 1281 3152 gestarum
1318 3081 1547 3137 veritate
1576 3083 1904 3139 aberrarunt
1938 3104 1952 3149 ;
1993 3102 2149 3143 cum-

576 3180 728 3233 mnni
780 3188 960 3237 tamen
1031 3194 1301 3235 consensu
1368 3190 1559 3230 omnes
1613 3175 1789 3230 eidem
1839 3176 2150 3247 antiquitati

578 3272 859 3343 suifragati
891 3281 1039 3333 sunt,
1086 3268 1233 3339 quod
1258 3282 1426 3322 unum
1452 3265 1558 3319 hoc
1596 3266 1716 3321 loco
1745 3266 1878 3321 mihi
1910 3268 2154 3337 proposi-

578 3371 693 3418 tum
726 3363 921 3418 fuerat.
948 3362 1027 3415 Ex
1056 3362 1257 3431 quibus
1308 3374 1441 3413 sane
1475 3356 1783 3413 Demetrius
1830 3356 2149 3428 Phalereus,

578 3453 733 3508 Philo
764 3453 1064 3523 antiquior,
1099 3462 1153 3509 et
1176 3452 1529 3524 Eupolemus,
1564 3466 1592 3505 a
1626 3464 1757 3504 vero
1794 3446 2013 3520 propius
2055 3450 2151 3505 ab-

578 3550 821 3613 fuerunt,
873 3546 1074 3616 quibus
1127 3546 1288 3600 etiam
1328 3546 1373 3600 si
1414 3546 1544 3619 quid
1574 3550 1903 3615 peccarunt,
1927 3541 2145 3595 veniam

580 3641 685 3694 hoc
712 3638 931 3692 nomine
957 3638 1089 3692 dare
1114 3653 1331 3707 aequum
1364 3638 1553 3706 utique
1582 3636 1673 3702 sit,
1699 3635 1844 3704 quod
1888 3633 2149 3688 librorum

579 3737 893 3786 nostrorum
923 3745 1145 3784 sensum
1176 3729 1358 3783 minus
1401 3739 1657 3783 accurate
1698 3741 1893 3797 capere
1922 3734 1976 3781 et
2003 3740 2155 3780 8888-

580 3823 673 3894 qui
702 3822 997 3893 potuerint.
1032 3840 1050 3873 »
1083 3821 1361 3877 Hactenus
1395 3821 1683 3890 Josepbus.
1720 3818 1818 3873 Cui
1861 3832 1990 3872 vero
2023 3832 2155 3871 con-

580 3916 811 3985 scriptos
843 3915 911 3968 ab
933 3930 997 3969 eo
1026 3913 1099 3967 De
1132 3913 1444 3968 Judworum
1473 3913 1807 3983 Antiquitate
1860 3910 2029 3965 libros
2060 3926 2153 3964 vo-

580 4005 757 4060 lutare
803 4005 1168 4083 placuerit,
1201 4005 1349 4075 apud
1392 4021 1517 4059 eum
1565 4004 1670 4058 alia
1700 4004 1958 4072 pleraque
2001 4000 2154 4055 testi-

582 4095 769 4149 monia
814 4095 1073 4165 reperiat,
1108 4111 1322 4150 summa
1377 4111 1500 4150 cum
1539 4095 1627 4158 iis,
1658 4108 1778 4164 quae
1828 4092 2005 4147 adhuc
2036 4092 2155 4145 lau-

580 4187 851 4256 davimus,
896 4187 1257 4244 consensione
1309 4187 1623 4258 conjuncta.
1675 4185 2022 4260 Quanquam,
2076 4185 2157 4238 in-

2756 1248 3144 1304 ΚΕΦΑΛΑΙΟΝ
3198 1250 3330 1302 MB'.

2265 1357 2582 1433 Ἰωσήπου,
2614 1336 2760 1425 περὶ
2808 1357 2925 1433 τῶν
2954 1359 3610 1433 μνημονευλσάντωνλτοῦ
3637 1364 3732 1416 ἰου-

2325 1428 2510 1503 (Salone
2539 1428 2775 1495 ἔθνους,
2804 1429 2922 1483 ἀπὸ
2960 1428 3078 1483 τοῦ
3101 1428 3169 1482 ἀ’
3204 1429 3307 1497 τῆς
3379 1431 3637 1485 Ἰουδαίων
3659 1433 3747 1503 Ἀρι

2323 1500 2651 1566 χαιότητος,

2321 1611 2634 1682 Προκείσθω
2662 1612 2717 1665 δὲ
2746 1612 2838 1664 ἐπὶ
2862 1613 2994 1664 πᾶσι
3022 1613 3114 1670 καὶ
3141 1612 3208 1666 τὰ
3256 1612 3361 1666 ἀπὸ
3386 1612 3475 1683 τῆς
3514 1613 3736 1668 Ἰουδαιᾷυι·

2261 1705 2681 1773 Ἀρχαιὸτητος
2720 1705 3004 1775 Ἰωσήπου,
3047 1704 3175 1758 ἔνθα
3209 1704 3414 1776 μυρίων
3464 1706 3736 1777 συγγραφέων

2251 1795 2526 1860 αὐτολεξεὶ
2555 1795 2819 1867 παραθεὶς
2870 1796 3072 1866 φωνὰς,
3123 1795 3298 1850 ταῦτα
3355 1796 3585 1864 ἐπιλέγειο
3614 1817 3627 1847 ι
3658 1798 3736 1867 Ἀρ-

2252 1888 2409 1945 κοῦσι
2442 1889 2484 1942 δ’
2518 1890 2666 1960 ὅμως
2699 1890 2778 1951 είς
2802 1890 2900 1960 τὴν
2931 1888 3206 1953 ἀπόδειξιν
3243 1890 3338 1959 τῆς
3371 1890 3738 1960 ἁρχαιότητος,αί

2250 2000 2309 2035 τε
2336 1982 2520 2053 Σύρων
2550 1981 2644 2034 καὶ
2697 1981 2998 2046 Χαλδαίων,
3057 1982 3153 2034 καὶ
3195 1980 3450 2035 Φοινίκων
3487 1981 3735 2049 ἀναγραφιί·

2252 2074 2386 2145 πρὸς
2416 2074 2654 2137 ἐκείναις
2703 2090 2764 2126 τε
2824 2073 3067 2127 τοσοῦτοι
3122 2072 3233 2127 τῶν
3278 2073 3527 2143 Ἑλλήνων
3568 2090 3737 2143 συγγρα-

2252 2170 2390 2237 φεῖς·
2423 2167 2505 2220 ἔτι
2534 2167 2591 2220 δὲ
2626 2166 2763 2239 πρὸς
2791 2168 2904 2230 τοῖς
2933 2166 3245 2239 εἰρημένοις
3274 2166 3532 2236 Θεόφιλος,
3557 2166 3631 2219 καὶ
3651 2165 3736 2219 Θεό-

2252 2260 2422 2323 δοτος,
2456 2260 2549 2313 καὶ
2570 2258 2846 2321 Μνασέας,
2890 2258 2985 2311 καὶ
3044 2258 3452 2329 Ἀριστοφάνης,
3485 2260 3565 2311 καὶ
3601 2259 3736 2327 Ίῐρμο⁹

2253 2351 2436 2420 γένης,
2465 2350 2745 2422 Εύὴμερός
2775 2367 2833 2402 τε
2880 2351 2974 2403 καὶ
3003 2350 3236 2420 Κόμων,
3263 2355 3356 2406 καὶ
3382 2350 3652 2420 Ζωπυρίων,
3678 2351 3737 2401 καὶ

2252 2445 2436 2498 πολλοί
2466 2461 2607 2507 τινες
2632 2444 2770 2513 τάχα
2795 2442 2961 2497 ἄλλοι·
2995 2444 3055 2495 οὐ
3086 2444 3191 2513 γὰρ
3222 2442 3396 2512 ἔγωγε
3435 2446 3575 2498 πᾶσιν
3595 2443 3738 2495 ἐντετύ-

2251 2557 2395 2610 χηκα
2420 2541 2530 2601 τοῖς
2562 2535 2805 2606 βιϐλίοις,
2835 2537 2895 2589 ού
2923 2536 3215 2608 παρέργως
3263 2537 3415 2609 ἡμῶν
3448 2552 3738 2607 μεμνημονευ·

2252 2632 2422 2685 κόσιν.
2449 2631 2511 2682 Οἱ
2540 2629 2723 2683 πολλοὶ
2767 2629 2822 2681 δὲ
2851 2629 2956 2681 τῶν
2983 2628 3289 2699 εἰρημένων
3330 2628 3524 2695 ἀνδρῶν
3562 2628 3639 2697 τῆς
3676 2628 3739 2695 μὲν

2252 2720 2507 2791 ἀληθείας
2551 2718 2658 2774 τῶν
2701 2718 2757 2785 ἐξ
2792 2718 2963 2790 ἀρχῆς
3016 2720 3358 2789 πραγμάτων
3405 2718 3667 2789 διήμαρτον,
3688 2718 3740 2767 Em

2257 2814 2330 2885 μὴ
2358 2815 2479 2876 ταῖς
2509 2814 2679 2883 ἱεραῖς
2710 2810 2865 2881 ἡμῶν
2897 2810 3098 2880 βίϐλοις
3129 2812 3398 2881 ὲνέτυχοψ
3429 2810 3596 2871 κοινῶς
3617 2810 3741 2879 μέντοι

2254 2908 2379 2978 περὶ
2433 2905 2532 2975 τῆς
2589 2905 2942 2975 ἀρχαιότητος
3003 2903 3245 2967 ἅπαντες
3325 2904 3739 2975 μεμαρτυρήκααν,

2251 2999 2391 3069 ὑπὲρ
2419 2992 2477 3051 οὗ
2500 2997 2663 3050 τανῦν
2714 2996 2890 3065 λέγειν
2928 2996 3263 3067 προεθέμην.
3329 2997 3386 3050 Ὀ
3436 2996 3591 3067 μέντοι
3624 2993 3741 3061 diuit;-

2256 3089 2379 3161 ρεὺς
2409 3089 2739 3160 Δημήτριος,
2767 3088 2861 3140 καὶ
2891 3086 3062 3139 Φίλων
3094 3090 3125 3139 ὁ
3168 3088 3546 3159 πρεσϐύτερος,
3575 3085 3647 3139 καὶ
3672 3083 3740 3135 Εὖ·

2251 3176 2483 3247 πόλεμος
2511 3178 2569 3230 ού
2598 3177 2731 3230 πολὺ
2763 3176 2863 3247 τῆς
2910 3177 3164 3249 ἀληθείας
3224 3178 3528 3249 διήμαρτον⁸
3572 3171 3634 3238 οἷς
3660 3191 3743 3240 συγ·

2251 3268 2538 3341 γινώσκειν
2586 3269 2753 3334 ἄξιον·
2810 3270 2870 3322 ού
2918 3270 3027 3340 γὰρ
3077 3269 3203 3340 ὲνῆν
3260 3271 3439 3331 αὐτοῖς
3480 3267 3595 3339 μετά
3618 3266 3740 3333 πάσης

2251 3361 2533 3433 ἀκριϐείας
2563 3363 2673 3425 τοῖς
2700 3359 2985 3433 ἡμετέροις
3009 3361 3307 3433 γράμμασι
3350 3356 3736 3432 mammia-40th.:

2251 3453 2432 3506 Ταῦτα
2465 3453 2557 3506 καὶ
2584 3454 2612 3505 ὁ
2656 3450 2937 3523 Ἰώσηπος.
2967 3452 3111 3523 Ὅτῳ
3140 3452 3196 3505 δὲ
3232 3452 3383 3521 φίλον
3423 3454 3523 3514 τοῖς
3545 3449 3644 3520 περὶ
3676 3448 3739 3514 τῆς

2263 3544 2559 3598 Ἰουδαίων
2590 3544 3004 3612 Ἀρχαιότητος
3030 3543 3207 3611 λόγοις
3244 3546 3477 3613 ἐντυχεῖν
3491 3540 3570 3595 τοῦ
3592 3537 3739 3608 ἀνδᾷδς.

2252 3634 2511 3698 πλείστας
2561 3634 2626 3688 ἂν
2659 3634 2805 3706 εὖροι
2840 3634 3165 3705 συμφώνους
3187 3640 3309 3699 ταῖς
3337 3634 3631 3693 ὲκτεθείσαις
3650 3644 3741 3699 tu?

2252 3726 2463 3798 τυρίας.
2495 3727 2605 3778 Καὶ
2629 3726 2794 3791 πολὺς
2835 3727 2891 3780 δὲ
2930 3727 3087 3791 ἄλλος
3139 3727 3432 3799 μαρτύρων
3486 3728 3595 3796 ἡμῖν
3638 3721 3741 3792 δρα

2252 3818 2499 3873 παλαιῶν
2527 3836 2585 3871 τε
2616 3820 2709 3872 καὶ
2762 3820 2895 3874 νέων
2929 3823 3163 3891 ἐπιρρεῖ,
3197 3820 3309 3873 τῶν
3348 3819 3524 3891 ὁμοίαν
3562 3818 3649 3878 τοῖς
3684 3828 3740 3865 τε·

2253 3910 2389 3965 θεῖσι
2420 3912 2601 3983 ψῆφον
2636 3913 3200 3985 ἐπισφραγιζομένων,
3236 3906 3310 3968 ὧν
3342 3914 3436 3978 τὰς
3485 3910 3653 3981 φωνὰς,
3686 3905 3741 3957 λό-

2252 4020 2350 4071 γου
2382 4005 2772 4076 προνοούμενοι
2797 4006 3286 4077 συμμετρίας,τοῖς
3315 4000 3741 4077 φιλομαθέσιζητεῖν

2252 4112 2311 4150 τε
2346 4096 2440 4148 καὶ
2474 4096 2755 4169 διερευνᾷν
2805 4098 3213 4169 ἀπολείψαντες,
3268 4100 3361 4153 ἐπὶ
3386 4100 3491 4173 τὴν¹
3530 4094 3740 4148 λείπουσίν

2254 4188 2406 4240 αὐτοὶ
2441 4190 2859 4261 μεταϐησόμεθα
2880 4191 3233 4262 ἐπαγγελίαν.

579 4288 794 4347 gentem
855 4279 1121 4349 ejusmodi
1173 4282 1437 4346 testium,
1500 4290 1611 4335 tam
1674 4288 1919 4334 veterum
1984 4294 2151 4348 quam
2202 4282 2567 4337 recentiorum
2622 4285 2834 4354 copiam
2869 4327 2885 4352 ,
2943 4285 3009 4340 ad
3086 4302 3311 4342 manum
3390 4284 3621 4340 habemus
3673 4274 3740 4346 ipsi

581 4385 818 4440 quoque,
848 4373 944 4440 qui
969 4371 1034 4426 ad
1062 4386 1277 4439 eorum,
1313 4389 1453 4443 quos
1516 4382 1640 4428 ante
1699 4370 2078 4445 produximus,
2156 4376 2560 4454 auctoritatem,
2605 4378 2881 4434 calculum
2942 4380 3239 4451 adjungant
3289 4396 3463 4435 suum.
3494 4376 3671 4437 Verum,
3696 4383 3740 4421 ne

581 4463 803 4517 modum
832 4464 1094 4520 excedere
1138 4466 1444 4534 videamur,
1495 4481 1590 4524 eos
1616 4466 1838 4540 quidem
1887 4465 2148 4524 studiosis
2228 4470 2587 4529 excutiendas
2635 4472 3067 4545 scrutandosque
3120 4475 3501 4538 reliuuuemus,
3555 4468 3740 4531 (lcincell5

581 4564 957 4625 argumentum
993 4567 1354 4626 pertexcmus.

655 4673 702 4710 "
744 4673 877 4730 Dan.
920 4692 993 4743 tv,
1032 4676 1122 4732 27.
