3840 6370
493 352 586 407 ῖῚΙ
1155 349 1424 406 EUSEBll
1461 348 1939 406 CJESARIENSIS
1969 349 2120 407 OPP.
2155 352 2342 408 PARS
2368 352 2433 406 ll.
2474 379 2542 393 —
2578 349 3068 406 APOLOGETICA.
3606 351 3705 410 πὶ

490 464 786 521 constituta
817 474 1187 534 sumpserunt,
1221 480 1324 534 pro
1351 466 1468 520 suis
1497 474 1680 534 postea
1703 465 2047 520 venditarint.

2156 485 2252 540 ραν
2279 466 2612 538 ἐπιστροφὴν
2642 465 2955 537 παραδόξως
2990 464 3375 537 ἐνεργούμενα,
3434 466 3710 542 Ἑλληνικῇ

489 555 652 628 463
687 554 840 611 Nunc
878 572 1005 610 vero
1054 571 1161 610 non
1218 556 1350 610 satis
1384 556 1484 626 ipsi
1539 542 1890 612 barbarorum
1932 572 2050 612 sen-

2159 561 2450 631 μυθολογίᾳ
2494 559 2568 630 (6)
2628 559 3055 630 τερατευόμενοι.
3117 559 3227 612 Καὶ
3267 559 3352 628 δὴ,
3410 561 3717 631 πευσόμεθα

493 648 693 704 tentias
718 648 895 718 palam
927 646 1180 701 suﬂ'urari
1227 646 1571 709 habuerunt;
1624 647 1718 702 sed
1750 647 1912 701 etiam
1968 661 2050 702 res

2156 652 2262 724 γάρ
2289 652 2485 716 αὐτῶν,
2513 652 2630 721 ἦτοι
2658 649 2827 720 ἀληθῆ
2857 649 3029 704 ταῦτα
3055 651 3220 713 ἐστιν,
3260 649 3297 704 ἀ
3331 651 3654 722 ἱστοροῦσιν,
3684 652 3714 724 ἢ

492 741 730 794 αιωιιιειί
772 751 1018 802 nostras,
1063 753 1185 808 qua:
1216 739 1388 792 nostri
1417 736 1700 792 erudiendi
1747 753 1912 792 causa
1950 737 2050 791 viri

2156 744 2342 814 ψευδῆ.
2387 738 2566 815 Ψευδῆ
2603 745 2700 815 μὲν
2729 746 2827 798 οὐκ
2858 746 2923 799 ἂν
2947 745 3190 814 φήσαιεν·
3237 743 3296 796 οὐ
3330 743 3438 814 γάρ
3463 742 3529 798 ἂν
3557 762 3715 799 κατα-

493 831 865 897 sanctissimi,
918 846 1081 900 supra
1116 845 1458 885 communem
1497 829 1775 883 hominum
1842 828 2056 898 opinio-

492 938 640 988 nem,
669 923 850 977 divina
874 923 924 976 vi
955 931 1104 977 tanto
1137 931 1260 977 ante
1283 922 1638 992 perfecerant,
1664 937 1726 976 ea
1743 921 2054 976 Graecarum

491 1012 802 1069 fabularum
852 1015 1112 1070 monstris
1164 1015 1473 1069 induerunt.
1504 1012 1816 1077 Enimvero,
1847 1027 2054 1082 quare-

491 1119 618 1160 mus
637 1119 705 1159 ex
734 1105 822 1171 iis,
849 1120 1049 1160 verane
1071 1106 1178 1160 sint
1204 1121 1272 1159 an
1306 1105 1437 1159 falsa
1475 1120 1595 1175 quae
1631 1112 1872 1158 narrant.
1894 1103 2050 1159 Falsa

491 1196 682 1264 utique
712 1210 986 1265 nunquam
1020 1210 1140 1250 esse
1165 1195 1436 1257 dixerint;
1469 1209 1568 1249 nec
1596 1195 1741 1249 enim
1784 1195 2052 1250 sententia

489 1295 777 1342 sua—tanta:
816 1303 875 1342 se
916 1287 989 1340 illi
1026 1280 1265 1341 stultitiae
1304 1286 1710 1349 damnaverint,
1771 1295 1830 1340 ut
1858 1285 1954 1340 abs
1995 1299 2054 1340 se

489 1375 630 1434 falsa
663 1379 829 1434 scribi
858 1377 1146 1432 fateantur.
1206 1376 1343 1432 Vera
1384 1378 1546 1447 igitur
1576 1378 1664 1431 illa
1709 1392 1830 1432 esse
1870 1375 2054 1431 defen-

489 1467 636 1526 dent.
673 1470 784 1526 Cur
807 1484 958 1539 ergo,
994 1484 1113 1538 qua:
1142 1484 1172 1522 a
1212 1467 1395 1538 Moyse
1434 1468 1820 1538 prOphetisquc
1843 1467 2052 1522 caneris

489 1561 634 1620 edita
664 1561 924 1617 miracula
955 1572 1102 1625 sunt,
1132 1560 1291 1615 [idem
1337 1560 1443 1615 illis
1489 1562 1666 1615 adhuc
1706 1576 1921 1616 omnem
1961 1577 2054 1616 su-

484 1667 682 1724 perare
730 1653 1053 1708 videantur?
1085 1651 1221 1706 Nam
1271 1661 1570 1722 praepotens
1609 1653 1696 1708 ille
1725 1652 1867 1708 Deus
1891 1692 1908 1718 ,
1954 1669 2051 1722 pro

488 1762 556 1803 ea
601 1761 708 1818 qua
755 1746 1009 1801 homines
1063 1744 1348 1800 universos
1402 1760 1530 1798 cura
1575 1744 2051 1814 benevolentiaque

487 1825 886 1910 complectitur,
921 1839 1094 1909 jussis
1125 1839 1262 1893 alios
1282 1877 1297 1902 ,
1330 1838 1467 1892 alios
1520 1837 2047 1904 connninationibus,

485 1930 750 2002 prodigiis
793 1930 956 1984 etiam
999 1929 1365 1998 monstrisque
1402 1929 1691 1983 nonnullos
1717 1970 1736 1994 ,
1784 1929 2050 1998 quosdam

489 2037 620 2079 vero
649 2021 862 2076 blandis
894 2021 1346 2092 promissionibus
1365 2021 1435 2074 ad
1455 2019 1833 2090 cogitationem
1862 2021 2052 2078 salutis

492 2118 732 2176 adducit.
766 2117 938 2174 Graeci
976 2118 1284 2183 enimvero,
1334 2133 1458 2172 cum
1491 2116 1831 2170 diuturniorc
1876 2133 2053 2187 quon-

487 2210 616 2266 dam
659 2219 793 2265 aestu
831 2207 1037 2264 Graecia
1087 2209 1290 2279 passim
1339 2209 1601 2264 exhausta
1653 2209 1959 2278 squaleret,
2000 2218 2054 2264 et

489 2302 649 2373 longa
675 2300 891 2371 frugum
918 2301 1162 2355 omnium
1206 2299 1382 2354 inedia
1413 2309 1746 2369 premeretur
1766 2339 1781 2363 ,
1828 2302 1921 2370 qui
1955 2316 2051 2355 su-

483 2393 742 2465 perstites
767 2393 946 2448 adhuc
978 2404 1153 2457 erant,
1189 2390 1370 2457 famis,
1409 2392 1680 2461 inquiunt,
1727 2391 2052 2462 depellenda:

483 2500 676 2549 causa,
709 2483 941 2554 Delphos
971 2484 1241 2554 Supplices
1291 2483 1492 2538 adiere.
1549 2481 1662 2549 llis,
1695 2484 2051 2553 quemadmo-

488 2578 619 2634 dum
647 2586 798 2633 tanto
828 2577 972 2632 malo
996 2576 1438 2647 defungeremur,
1459 2575 2046 2637 consulentibus,viam

489 2670 633 2724 hanc
664 2683 825 2722 unam
863 2666 1055 2738 Pythia
1088 2668 1328 2723 levanda
1374 2669 1699 2723 calamitatis
1725 2672 1965 2739 aperuit,
2003 2667 2050 2724 si

486 2758 646 2815 Aiaci
669 2759 918 2829 precibus
957 2767 1256 2816 uterentur.
1289 2759 1498 2826 Quibus
1531 2761 1618 2815 ille
1650 2761 2047 2825 obsecundans,

489 2851 724 2920 aliquem
754 2849 808 2903 in
839 2848 1060 2903 Graecia:
1094 2857 1333 2903 montem
1371 2851 1686 2906 conscendit
1735 2851 1914 2921 ibique
1947 2867 2049 2920 pu-

489 2943 568 2997 ris
601 2943 655 2996 in
693 2941 891 2997 caelum
924 2940 1174 2996 manibus
1197 2941 1448 3007 sublatis,
1480 2959 1821 2996 communem
1858 2943 2048 3009 Deum,

489 3036 569 3091 uti
598 3050 722 3090 eum
755 3033 976 3106 perdita:
997 3032 1216 3089 Graecia:
1247 3033 1651 3088 commiseratio
1673 3042 1914 3104 caperet,
1952 3034 2051 3087 oh-

2153 835 2475 905 ψηφίσαιντο
2506 836 2710 889 ἑαυτῶν
2731 836 2940 899 ἑκόντες
2960 835 3058 906 τὴν
3088 835 3346 904 μεγίστην
3368 833 3640 904 εὐήθειαν.
3661 836 3716 888 τὸ

2153 927 2320 998 ψευδῆ
2349 927 2696 998 συγγράφειν·
2740 923 2912 997 ἀληθῆ
2939 926 2982 978 δ’
3014 922 3150 978 εἶναι
3181 924 3240 989 ἐξ
3271 925 3516 995 ἀνάγκης
3545 926 3716 995 ὁμολο-

2153 1017 2399 1087 γήσαιεν.
2435 1015 2545 1070 Καὶ
2573 1015 2688 1080 πῶς
2731 1015 2810 1069 ἔτι
2853 1016 3054 1069 ἄπιστα
3109 1015 3291 1076 αὐτοῖς
3335 1014 3715 1082 καταφαίνεται

2153 1107 2317 1162 τάδιά
2339 1109 2600 1171 Μωσέως,
2647 1109 2740 1160 καί
2766 1107 2874 1161 τῶν
2911 1107 3080 1161 ἄλλων
3105 1108 3398 1179 προφητῶν
3426 1107 3715 1176 τεραστίως

2153 1201 2592 1272 ἐπιδεδειγμένα;
2632 1199 2851 1253 Πάντων
2874 1200 2979 1270 γὰρ
3009 1197 3308 1271 ἀνθρώπων
3356 1201 3386 1250 6
3419 1197 3713 1267 παντοκρά-

2151 1312 2264 1366 τωρ
2295 1293 2585 1364 κηδόμενος
2619 1293 2769 1356 Θεὸς,
2796 1293 2919 1355 τοὺς
2942 1292 3039 1363 μὲν
3066 1291 3323 1354 ἐντολαῖς,
3345 1291 3473 1352 τοὺς
3500 1290 3547 1341 δ’
3569 1291 3714 1342 ἀπει-

2150 1385 2290 1449 λαῖς,
2328 1385 2438 1438 ἐστι
2472 1386 2515 1439 δ’
2532 1384 2624 1449 οὓς
2649 1384 2891 1456 σημείοις
2923 1383 3240 1455 τεραστίοις,
3263 1381 3437 1443 ἐνίους
3456 1381 3514 1434 δὲ
3541 1381 3713 1448 trior;

2153 1479 2499 1547 ἐπαγγελίαις
2530 1478 2844 1549 ἐπιστρέφει
2877 1478 3012 1550 πρὸς
3039 1469 3328 1547 σωτηρίαν.
3364 1476 3512 1546 Πλὴν
3539 1474 3649 1528 ἀλλ’
3667 1474 3711 1527 οἰ

2155 1571 2429 1641 Ἕλληνες,
2462 1571 2670 1641 αὐχμοῦ
2725 1587 2854 1624 ποτε
2918 1570 3016 1639 τὴν
3077 1566 3301 1622 Ἐλλάδα
3355 1567 3712 1640 πολυχρονίῳ

2152 1663 2482 1735 φθείροντος,
2513 1663 2606 1716 καὶ
2639 1665 2938 1732 ἐπεχούσης
2964 1662 3183 1728 ἀγονίας
3215 1659 3461 1731 καρπῶν,
3485 1660 3536 1712 οἱ
3565 1670 3712 1713 καταο

2151 1754 2476 1824 λειφθέντες,
2509 1755 2658 1823 φασὶ,
2684 1753 2770 1807 διὰ
2802 1753 2956 1824 λιμὸν
2982 1745 3154 1805 ἱκέται
3175 1751 3611 1822 παραγενόμενοι
3641 1753 3711 1813 εἰς

2148 1847 2400 1916 Δελφοὺς,
2429 1847 2620 1917 ἤροντο
2674 1843 2770 1914 τὴν
2835 1844 3054 1908 Πυθίαν,
3091 1838 3205 1906 πῶς
3259 1841 3326 1896 ἃν
3358 1843 3708 1911 ἀπαλλαγεῖεν

2147 1933 2238 1987 τοῦ
2271 1933 2462 1986 δεινοῦ.
2501 1933 2642 1987 Μίαν
2703 1932 2745 1985 δ’
2773 1933 2954 1994 αὐτοῖς
3009 1932 3235 2003 ἔχρησεν
3276 1932 3600 2003 ἀπαλλαγὴν
3627 1934 3708 2003 τῆς

2151 2029 2451 2098 συμφορᾶς,
2484 2028 2532 2078 εί
2556 2027 2850 2096 χρήσαιντο
2882 2027 2946 2094 τῇ
2999 2023 3199 2077 Αἰακοῦ
3251 2025 3405 2096 εὐχῇ.
3470 2024 3707 2086 Πεισθεὶς

2149 2113 2239 2171 οὖν
2269 2118 2448 2180 αὐτοῖς
2478 2116 2696 2180 Αἰακὸς,
2749 2114 2981 2169 ἀνελθὼν
3015 2115 3104 2168 ἐπὶ
3127 2115 3188 2168 τὸ
3218 2114 3341 2186 ὅρος
3375 2115 3436 2168 τὺ
3481 2115 3709 2186 Ἐλληνι-

2150 2212 2264 2272 κὺν,
2303 2211 2400 2273 τὰς
2422 2209 2669 2282 καθαρὰς
2705 2205 2891 2280 χεῖρας
2944 2209 3188 2271 ἐκτείνας
3233 2200 3312 2271 εἰς
3340 2208 3589 2279 οὐρανὸν,
3616 2225 3710 2261 ato-.-

2149 2300 2236 2354 νὺν
2270 2301 2591 2364 ἐπικαλέσας
2645 2299 2856 2368 πατέρα
2893 2299 2984 2352 τὸν
3043 2299 3196 2362 Θεὸν,
3229 2299 3428 2370 ηῦξατο
3454 2303 3708 2368 οἰκτεῖραι

2149 2384 2307 2444 αὑτὸν
2339 2388 2750 2460 τετρυχωμένην
2781 2389 2879 2460 τὴν
2913 2387 3154 2441 Ἐλλάδα.
3205 2390 3354 2458 Ἅμα
3387 2382 3442 2442 δέ
3497 2389 3710 2459 εὐχομέ-

2150 2500 2262 2545 νου,
2318 2481 2510 2553 βροντὴ
2567 2481 2797 2546 ἐξαίσιος
2851 2481 3173 2543 ὑπεκτύπει,
3203 2481 3296 2534 καὶ
3325 2483 3434 2544 πᾶς
3484 2484 3514 2535 6
3560 2482 3709 2553 πέριξ

2151 2566 2256 2646 ἀὴρ
2287 2573 2556 2642 ἐνεφοῦτο·
2582 2571 2770 2643 λάϐμοι
2800 2571 2854 2625 δέ
2884 2570 2977 2625 καὶ
3008 2575 3244 2642 συνεχεῖς
3277 2571 3493 2644 δμὸροι,
3518 2575 3710 2644 καταρ-

2154 2664 2427 2737 ραγέντες,
2472 2664 2598 2735 ὃλην
2651 2661 2970 2734 ἐπλήρωσαν
3013 2665 3110 2734 τὴν
3173 2663 3372 2736 χώραν.
3440 2663 3708 2718 Ἐντεῦθεν

2149 2752 2378 2824 ἄφθονος
2419 2757 2511 2808 καὶ
2558 2752 2784 2808 πλουσία
2833 2755 3230 2827 τελεσφορεῖται
3286 2756 3564 2826 εὐκαρπία
3603 2761 3709 2819 ταῖς

2148 2849 2351 2902 Αἰακοῦ
2397 2848 2772 2919 γεωργηθεῖσα
2817 2849 3021 2917 εὐχαῖς.
3086 2843 3234 2901 «καὶ
3279 2850 3660 2910 ἐπεκαλέσατο,
3688 2867 3704 2899 ι

2151 2941 2316 3010 φησί,
2376 2959 2394 2990 ι
2444 2939 2692 3010 Σαμουὴλ
2747 2939 2838 2991 τὸν
2904 2939 3139 3010 Κύριον,
3219 2941 3312 2992 καὶ
3383 2940 3552 2994 ἔδωκε
3610 2939 3710 2994 Κῦε

2149 3048 2263 3104 ριος
2292 3031 2492 3100 φωνὰς,
2520 3031 2611 3085 καὶ
2638 3024 2789 3084 ὖετδν
2819 3032 2876 3085 ἐν
2930 3031 3108 3102 ἡμέρᾳ
3168 3031 3445 3103 θερισμοῦ.
3498 3054 3516 3084 ι
3540 3035 3706 3107 Ὁρᾷς,

487 3127 739 3184 secravit.
778 3125 1038 3180 Precibus
1065 3125 1154 3178 ille
1198 3125 1324 3179 dum
1386 3125 1630 3190 instaret,
1665 3124 1853 3194 ingens
1906 3124 2050 3179 illico

2156 3123 2232 3177 δτι
2269 3126 2297 3177 6
2329 3123 2576 3194 «βρέχων
2624 3123 2718 3176 ἐπὶ
2769 3123 3007 3187 δικαίους
3039 3123 3134 3177 καὶ
3181 3124 3392 3190 ἀδίκους
3457 3127 3549 3181 διά
3617 3128 3710 3181 τῶν

481 3221 692 3276 tonitru
719 3218 986 3281 exaudiri,
1027 3218 1259 3272 nubibus
1301 3217 1508 3271 circum
1569 3215 1807 3285 undique
1856 3215 2051 3270 obduci

489 3311 712 3373 caelum,
742 3311 1008 3364 immensa
1044 3308 1411 3377 continuaque
1459 3307 1540 3361 vis
1587 3306 1840 3359 imbrium
1892 3314 2047 3360 vasto

487 3405 694 3473 impetu
725 3401 999 3471 regionem
1039 3399 1345 3454 universam
1391 3399 1672 3453 inundare.
1721 3393 1850 3451 Inde
1899 3397 2051 3451 beata

489 3496 685 3551 messis
712 3495 1002 3556 exsistens,
1029 3490 1183 3547 Δ]εοί
1209 3491 1352 3546 culta
1399 3501 1619 3561 sataque
1650 3491 1932 3560 precibus,
1983 3489 2053 3544 ad

489 3585 666 3639 lanam
695 3583 1058 3638 maturitatem
1114 3581 1441 3652 perducitur.
1480 3600 1498 3633 ι
1537 3580 1801 3634 Nimirum
1825 3621 1840 3644 ,
1877 3580 2054 3649 inquit

488 3677 805 3748 Scriptura,
863 3676 1135 3732 invocavit
1182 3674 1399 3729 Samuel
1441 3673 1748 3738 Dominum,
1801 3673 2054 3742 deditque

491 3767 753 3824 Dominus
781 3783 940 3822 voces
959 3776 1012 3821 et
1039 3765 1276 3836 pluviam
1305 3765 1359 3819 in
1389 3764 1475 3819 die
1501 3763 1696 3819 messis
1720 3763 1786 3818 ⁹¹.
1833 3783 1851 3815 ι
1895 3763 2052 3818 Vides

488 3876 659 3916 unum
724 3875 844 3914 esse
906 3858 1117 3922 Deum,
1183 3857 1276 3926 qui
1332 3872 1427 3926 per
1483 3855 1756 3924 subiectas
1821 3855 2050 3910 virtutes

494 3971 515 4006 ι
548 3951 702 4022 pluit,
738 3965 899 4020 super
919 3949 1097 4020 iustos
1124 3956 1178 4002 et
1202 3946 1471 4017 injustos?
1507 3964 1526 3997 ι
1567 3945 1633 3998 Et
1665 3961 1784 4014 quae
1803 3961 2045 4014 sequun.

490 4053 599 4100 tur.
651 4043 864 4098 lnlinita
919 4042 1119 4112 quippe
1170 4038 1448 4108 subiungit
1509 4036 1797 4099 Clemens,
1850 4035 2048 4106 quibus

2156 3215 2600 3287 ὑποτεταγμένων
2629 3215 2940 3286 δυνάμεων;
2981 3235 2998 3268 ι
3049 3215 3158 3269 Καὶ
3199 3216 3269 3270 τὰ
3325 3218 3470 3289 ἑξῆς.
3504 3221 3710 3283 Τοῦτοις

2159 3306 2325 3378 μυρία
2355 3307 2591 3376 συνάψας
2644 3307 2672 3358 ό
2719 3307 2968 3378 Κλήμης,
3005 3304 3234 3373 κλέπτας
3288 3311 3570 3378 γεγονέναι
3598 3314 3709 3375 τοὺς

2158 3398 2420 3469 Ἕλληνας
2441 3397 2857 3468 ἀναμφιλέκτοις
2904 3398 3143 3468 ἐλέγχοις
3194 3400 3601 3472 κατεφώρασεν.
3653 3405 3706 3456 Εἰ

2156 3486 2213 3542 δέ
2239 3505 2319 3541 σοι
2355 3488 2428 3558 μὴ
2454 3487 2639 3551 πιστὸς
2665 3480 2838 3551 οὗτος,
2871 3489 2963 3541 ἅτε
3012 3489 3112 3557 τῆς
3157 3489 3472 3560 Ἑλληνικῆς
3503 3493 3593 3545 καὶ
3623 3494 3709 3546 αὖ·

2155 3581 2244 3644 τὸς
2272 3580 2367 3651 τὴν
2398 3579 2665 3651 βάρϐαρον
2686 3579 2880 3649 ὁμοίως
2903 3579 3030 3650 ἡμῖν
3057 3579 3470 3650 προτετιμηκὼς
3511 3583 3708 3652 φιλοσυν-

2158 3674 2303 3743 φίαν·
2334 3672 2426 3726 καὶ
2481 3672 2544 3743 δὴ
2601 3672 2797 3735 ὲάσθω,
2851 3672 3051 3741 καίπερ
3081 3672 3180 3724 οὐκ
3222 3674 3447 3736 οἰκείαις
3497 3678 3703 3742 φωναῖς.

2156 3767 2272 3828 ταῖς
2301 3762 2343 3816 δ’
2376 3762 2550 3816 αὐτῶν
2590 3762 2850 3832 Ἐλλήνων
2880 3762 3186 3824 ἀπευθύνας
3215 3762 3304 3815 τὸν
3357 3761 3534 3830 λόγον.
3564 3766 3625 3816 ΤΞ
3663 3763 3705 3817 δ’

2154 3856 2220 3910 ἂν
2253 3856 2444 3921 εἴποις,
2471 3857 2519 3908 εἰ
2571 3854 2638 3908 τὰ
2682 3855 2837 3924 ὃμοια
2869 3855 2962 3907 καὶ
3002 3857 3126 3926 παρ’
3157 3855 3333 3907 αὐτῶν
3375 3856 3562 3926 μάθοις
3606 3857 3703 3910 τῶν

2153 3943 2410 4016 γενναίων
2437 3961 2529 3998 σου
2560 3942 2893 4013 φιλοσόφων;
2931 3943 3092 4013 Δέχου
3120 3943 3252 4015 δῆτα
3284 3961 3378 3998 και
3404 3945 3600 4000 τούτων
3617 3948 3704 4009 τὰς

2155 4036 2475 4110 μαρτυρίας.

488 4147 749 4208 tanquam
817 4133 1135 4192 certissimis
1177 4130 1585 4203 probationibus
1637 4129 1942 4185 Graecorum
1980 4130 2122 4186 furta
2161 4128 2444 4184 manifeste
2476 4127 2737 4196 coarguit.
2764 4125 2866 4193 Qui
2893 4127 2939 4182 si
2980 4127 3075 4182 tibi
3109 4126 3248 4184 forte
3276 4135 3552 4200 suspectus
3581 4132 3699 4194 erit,

485 4227 631 4298 quod
688 4228 910 4300 perinde
967 4242 1032 4283 ac
1082 4242 1183 4281 nos
1239 4226 1590 4281 barbarorum
1647 4226 2043 4296 philosophiam
2081 4225 2278 4282 Graeca:
2299 4223 2595 4294 prmtulerit
2625 4223 2739 4291 ipse
2757 4237 2975 4292 quoque
3015 4223 3296 4279 omittatur
3345 4225 3434 4281 ille
3474 4226 3699 4295 quidem,

482 4323 706 4379 tametsi
762 4337 870 4377 non
916 4323 1061 4386 suis,
1115 4322 1207 4375 sed
1265 4319 1575 4376 Graecorum
1624 4320 1863 4390 ipsorum
1909 4321 2134 4374 vocibus
2170 4319 2313 4374 hanc
2358 4315 2782 4386 disputationem
2844 4315 3182 4370 instruxerit.
3229 4314 3369 4382 Quid
3425 4317 3704 4386 respondeo

481 4415 568 4470 bis
600 4429 785 4486 porro,
810 4414 855 4469 si
879 4413 1056 4468 aliinia
1095 4426 1321 4482 prorsus
1352 4426 1415 4467 ac
1447 4412 1660 4482 gemina
1691 4426 1758 4465 ex
1807 4411 1922 4466 suis
1949 4411 2055 4467 illis
2091 4409 2473 4482 prestantibus
2520 4407 2858 4480 cgregiisque
2882 4405 3219 4476 philosophis
3267 4407 3520 4464 audieris.
3566 4408 3700 4478 Age-

477 4507 558 4563 sis
596 4522 750 4578 ergo,
779 4516 832 4561 et
861 4505 1073 4560 illorum
1108 4506 1268 4559 etiam
1301 4504 1482 4572 accipe
1517 4504 1843 4559 testimonia.

2675 4580 3069 4634 ΚΕΦΑΛᾹῙΟΝ
3115 4581 3190 4635 Γν.

983 4596 1146 4668 464
1194 4595 1420 4649 CAPUT
1471 4594 1559 4651 ιιι.
2077 4598 2132 4657 ι)

477 4689 702 4746 σι’-ωερε
734 4691 876 4759 fures
904 4706 1039 4750 esse,
1087 4704 1152 4742 ex
1191 4686 1471 4810 Priirfzhyrii
1507 4688 1698 4756 primo,
1728 4688 1801 4743 De
1846 4688 2052 4743 erudito

1181 4774 1248 4810 au
1290 4775 1305 4810 ι
1335 4775 1388 4811 ιι.

570 4933 591 4968 ι
624 4915 868 4979 Athenis,
898 4913 1092 4984 inquit,
1128 4913 1196 4968 ad
1249 4911 1626 4969 celebrandam
1654 4910 1895 4967 Platonis
1934 4927 2047 4966 me-

491 5009 723 5066 moriam
748 5007 996 5062 convivio
1024 5019 1122 5061 nos
1159 5004 1438 5075 Longinus
1465 5014 1769 5074 exceperat,
1799 5005 2047 5074 interque

490 5101 800 5170 complures
829 5099 983 5166 alios,
1021 5097 1336 5168 Nicagoram
1373 5098 1670 5167 sophistam
1692 5141 1707 5163 ,
1756 5097 2004 5152 Maeoram
2033 5139 2048 5163 ,

493 5192 836 5264 Apollonium
861 5192 1292 5262 grammaticum,
1344 5189 1668 5246 Demetrium
1700 5201 2048 5262 geometram,

493 5282 784 5339 Prosenem
821 5281 1232 5351 Peripateticum
1276 5290 1332 5336 et
1357 5281 1613 5336 Calietem
1639 5281 1882 5338 Stoicum
1914 5283 2052 5336 invi-

498 5385 656 5430 tarat.
688 5373 1022 5441 Quibuscum
1062 5373 1321 5443 septimus
1365 5373 1480 5443 ipse
1528 5373 1920 5428 accumbebat:
1957 5373 2050 5442 qui

493 5467 730 5523 fervente
757 5468 868 5536 jam
905 5466 1174 5533 convivio,
1204 5474 1458 5538 motaque
1481 5467 1620 5521 inter
1643 5466 1776 5520 alios
1797 5467 1862 5520 de
1886 5465 2052 5536 epho-

495 5577 560 5616 ro
592 5562 909 5630 quaestione,
940 5559 1272 5623 Audiamus,
1319 5559 1531 5629 inquit,
1574 5560 1640 5614 de
1681 5558 1895 5628 Ephoro
1921 5559 2051 5629 quid

2155 4677 2515 4749 Πορφυρίων,
2537 4745 2547 4749 Α
2573 4673 2705 4749 περὶ
2742 4673 2848 4749 τρῦ
2906 4675 3167 4749 κλέπτα-ς
3196 4670 3380 4749 εἶναιΔ
3413 4674 3549 4749 τοὺς
3571 4675 3700 4749 Ἐς.

2221 4742 2415 4816 Ᾰήνὰς
2436 4788 2450 4813 ,
2517 4745 2633 4800 ἀπὸ
2689 4745 2795 4799 τοῦ
2850 4753 2900 4798 α’
2951 4743 3059 4812 τῆς
3106 4745 3455 4816 «mqu
3502 4742 3700 4814 ἀκροά-

2223 4837 2395 4884 σεως.

2226 4931 2246 4964 ι
2276 4911 2356 4964 Τὰ
2390 4906 2701 4988 Πλατώνεια
2727 4906 2918 4959 ἑστιῶν
2947 4907 3093 4978 ἡμᾶς
3137 4907 3397 4975 Λογγῖνος
3441 4907 3696 4979 Ἀθήνῃσι,

2149 5004 2414 5074 κέκληκεν
2440 4999 2628 5063 ἄλλους
2660 5016 2719 5052 τε
2755 4996 3001 5061 πολλοὺς,
3038 4997 3132 5050 καὶ
3172 4998 3485 5070 Νικαγόραν
3510 5000 3587 5052 τὸν
3614 5016 3696 5051 σο-

2158 5094 2373 5166 φιστὴν,
2409 5095 2501 5147 καί⁸
2528 5091 2795 5164 Μαιόραν,
2843 5089 3191 5144 Ἀπολλώνιόν
3214 5109 3271 5145 τε
3296 5091 3385 5146 τὸν
3416 5109 3698 5164 γραμματι-

2157 5183 2271 5248 κὸν,
2301 5183 2394 5235 καὶ
2418 5182 2723 5252 Δημήτριον
2745 5179 2837 5232 τὸν
2865 5180 3203 5252 γεωμέτρην,
3231 5181 3510 5254 Προσήνην
3538 5199 3590 5234 τε
3614 5180 3697 5232 τὸν

2158 5271 2614 5346 Περιπατητικὸν,
2639 5271 2730 5324 καὶ
2752 5270 2844 5323 τὸν
2888 5271 3122 5323 Στωϊκὸν
3168 5271 3457 5343 Καλιέτην.
3480 5271 3598 5325 Μεθ’
3627 5264 3697 5323 ὧν

2155 5365 2379 5436 ἕϐδομος
2409 5363 2566 5428 αὐτὸς
2622 5360 2983 5425 κατακλιθεὶς,
3010 5362 3101 5416 τοῦ
3149 5363 3363 5417 δείπνου
3391 5363 3699 5435 προκόπτον-

2155 5471 2264 5521 τος,
2294 5453 2386 5508 καί
2406 5471 2549 5518 τινος
2570 5453 2845 5523 ζητήσεως
2897 5453 3027 5523 περὶ
3066 5452 3289 5524 Ἐφόρου
3319 5455 3376 5507 ἐν
3407 5457 3510 5516 τοῖς
3533 5450 3699 5514 ἄλλοις

2157 5551 2490 5622 γενομένης,
2535 5549 2893 5620 Ἀκούσωμεν,
2934 5549 3059 5621 ἔφη,
3114 5551 3196 5612 τίς
3242 5553 3272 5604 6
3330 5551 3452 5621 περί
3487 5547 3696 5619 Ἐφόρου

495 5652 777 5706 turbarum
852 5652 1136 5706 excitetur.
1201 5651 1606 5707 Contendebant
1664 5649 1946 5721 Caystrius
2000 5660 2050 5706 ct

2159 5641 2402 5714 θόρυϐος.
2433 5637 2612 5696 Ἦσαν
2660 5643 2703 5695 δ’
2745 5644 2792 5696 οἰ
2839 5640 3124 5712 ζητοῦντες
3169 5644 3471 5715 Καΰστριός
3502 5658 3553 5694 τε
3606 5641 3698 5694 καὶ

564 5745 606 5775 ’⁸
650 5742 668 5795 l
708 5742 837 5809 Reg.
881 5760 978 5808 xu,
1020 5743 1106 5798 18.

563 5835 638 5909 (6)
691 5834 1012 5906 Ἑλληνικῇ
1056 5836 1403 5908 μυθολογίᾳ.
1431 5835 1653 5906 Melius,
1685 5846 1742 5894 ut
1771 5837 2040 5906 existimo,

2161 5852 2248 5894 am
2263 5837 2528 5909 ap.Clcm.
2557 5837 2867 5909 Ἑλληνικὴν
2900 5841 3242 5907 μυθολογίαν.
