3840 6370
140 395 220 451 775
1243 383 1558 441 PRJEPAR.
1597 380 1847 437 EVANC.
1890 380 2019 435 LIB.
2052 382 2118 435 Χ.

3192 384 3293 440 7³η

132 514 398 587 Μάξιμοςοό
427 512 519 582 μὲν
549 510 654 584 γὰρ
676 508 834 564 αὐτὸν
858 510 953 565 xal
972 508 1288 579 Θεοπόμπου
1321 506 1611 582 προύτίθει.⁴

1721 502 2009 559 Maximus.
2039 500 2314 573 Ephorum
2344 500 2542 571 quippe
2588 498 2690 570 ipsi
2729 512 2945 566 quoque
2978 495 3292 569 Theopom-

127 607 212 662 όδὲ
238 606 507 674 Καΰστριος
528 600 762 673 κλέπτην
801 600 1082 656 ἀπεκάλει.
1119 601 1227 653 Καὶ
1248 599 1299 652 τί
1322 598 1430 670 γὰρ
1466 596 1623 666 Ἐφό-

128 713 201 768 ρου
228 695 352 756 ίδιον,
378 692 491 761 ἔφη,
517 692 579 743 ὲκ
601 690 706 744 τῶν
742 690 1037 761 Δαῖμάχου,
1085 690 1179 741 καὶ
1206 686 1621 749 Καλλισθένους,

129 788 199 840 καὶ
235 783 567 852 Ἀναξιμένους
588 784 776 846 αὐταῖς
817 783 1044 846 λέξεσιν,
1094 780 1241 835 ἔστιν
1276 781 1387 845 ὅτε,
1412 797 1623 851 τρισχι-

128 878 242 941 λίους
262 878 389 939 ὅλους
414 875 782 946 μετατιθέντος
812 874 1062 944 στίχους;
1112 874 1254 945 Πρὸς
1284 872 1341 926 ὃν
1373 873 1402 925 ὁ
1450 888 1623 943 γραμ-

131 969 305 1041 ματικὸς
338 966 674 1029 Ἀπολλώνιος
701 965 824 1036 ἔφη·
856 968 931 1019 Ub
956 967 1063 1037 γὰρ
1090 965 1277 1033 ἔγνως,
1306 965 1386 1018 ὅτι
1409 964 1504 1017 καὶ
1531 963 1621 1015 τὸν

127 1058 401 1125 θεόπομπον,
425 1054 481 1107 ὃν
503 1056 566 1107 σὺ
597 1057 884 1126 προτιμᾷς,
919 1055 1209 1125 κατείληφε
1261 1054 1412 1107 τουτὶ
1433 1053 1493 1105 τὸ
1518 1052 1621 1105 πά-

129 1147 211 1209 θος,
238 1149 285 1198 ὲν
304 1146 389 1215 μὲν
412 1148 472 1214 τῇ
500 1144 758 1216 ἑνδεκάτῃ
796 1142 900 1197 τῶν
932 1142 1061 1211 περὶ
1092 1142 1411 1206 Φιλίππου,
1438 1144 1502 1197 ὲκ
1524 1140 1617 1195 τοῦ

138 1238 407 1309 Ἰσοκράτους
456 1235 912 1309 ’Δρεοπαγητικοῦ
963 1238 1381 1306 μεταγράψαντα
1436 1235 1617 1297 αὐτοῖς

126 1328 323 1399 ὀνόμασιν
338 1331 527 1392 ἐκεῖνα,
554 1330 634 1382 ὅτι
678 1327 783 1382 τῶν
814 1326 1029 1396 ἀγαθῶν
1058 1328 1152 1380 καὶ
1183 1325 1290 1379 τῶν
1323 1324 1507 1379 κακῶν
1536 1326 1618 1377 οὑ-

124 1420 186 1474 δὶν
206 1418 309 1473 αὐτὸ
337 1418 449 1473 καθ’
479 1419 612 1473 αὐτὸ
645 1418 999 1489 παραγίνεται
1022 1420 1134 1480 τοῖς
1161 1415 1490 1486 ἀνθρώποις,
1524 1418 1616 1470 καὶ

125 1509 173 1561 τὰ
194 1509 309 1578 ἑξῆς.
341 1506 520 1561 Καίτοι
549 1510 877 1579 ὑπερφρονεῖ
896 1507 985 1560 τὸν
1023 1505 1354 1577 Ἰσοκράτην,
1386 1511 1477 1559 καὶ
1526 1523 1615 1559 νει

124 1599 626 1668 νικῆσθαιὺφ’έαυτοῦ
662 1599 827 1668 λέγει,
872 1598 1014 1653 κατὰ
1053 1598 1144 1651 τὸν
1190 1599 1283 1649 ἐπὶ
1332 1596 1615 1667 Μαυσωλῷ

121 1691 272 1757 ἀγῶνα,
292 1690 369 1742 τὸν
394 1689 726 1742 διδάσκαλον.
763 1690 1105 1760 Πραγμάτων
1139 1688 1182 1741 δ’
1214 1688 1493 1759 ὑφαίρεσιν
1528 1706 1617 1741 πε-

122 1785 300 1855 ποίηται,
328 1783 568 1853 μεταθεὶς
600 1783 672 1835 τὰ
698 1783 783 1834 ἐπ’
817 1782 987 1836 ἄλλων
1031 1783 1227 1847 ἄλλοις,
1265 1783 1349 1835 ἵνα
1377 1782 1469 1835 καὶ
1491 1780 1616 1851 ψεύ-

1724 611 1795 666 po
1825 594 2091 649 Maximus
2125 593 2516 663 anteponebat,
2567 592 2815 646 eumdem
2865 590 3146 662 Caystrius
3180 591 3296 661 pla-

1724 685 1953 755 giarium
1994 685 2240 738 vocabat.
2292 682 2432 748 Quid
2477 680 2662 747 enim,
2724 681 3035 750 inquiebat,
3092 679 3293 751 Ephori

1723 776 1997 846 singulare
2019 791 2083 829 ac
2110 774 2384 844 proprium
2410 781 2513 839 est,
2542 772 2634 843 qui
2660 788 2723 827 ex
2760 770 3058 836 Daimachi,
3096 771 3292 826 Callis-

1725 866 1933 928 thenis.
1975 875 2029 921 et
2076 866 2427 919 Anaximenis
2454 865 2707 933 operibus
2739 865 2840 918 tria
2898 878 3292 929 nonnunquam

1723 954 1836 1023 ipsa
1866 971 2117 1010 versuum
2149 956 2315 1009 millia
2350 955 2583 1009 todidem
2622 954 2799 1009 verbis
2829 954 2881 1007 in
2922 969 3020 1008 sua
3055 963 3293 1007 transtu-

1721 1046 1879 1101 lerit?
1951 1048 2053 1101 Cui
2119 1048 2473 1118 Appollonius
2532 1048 2945 1119 grammaticus,
3004 1045 3291 1100 Enimvero

1720 1137 1919 1203 nescis,
1945 1138 2139 1206 inquit,
2183 1136 2593 1207 Theopompum
2652 1136 2825 1201 illum,
2854 1149 3020 1205 quem
3076 1134 3126 1188 ei
3153 1148 3291 1203 prae-

1720 1226 1862 1282 ferre
1893 1230 2086 1298 gestis.
2133 1230 2321 1283 eodem
2366 1243 2583 1299 quouue
2630 1228 2819 1281 morbo
2876 1227 3153 1290 laborare,
3197 1224 3292 1294 qui

1719 1319 1855 1374 libro
1884 1319 1958 1374 De
1986 1318 2220 1389 Philippi
2248 1321 2396 1373 rebus
2430 1320 2735 1385 undecimo,
2759 1334 2823 1374 ex
2845 1316 3097 1373 Isocratis
3124 1318 3295 1371 Aero-

1717 1409 1946 1479 pagitica
1998 1410 2177 1464 locum
2236 1410 2384 1463 illum
2445 1409 2512 1463 ad
2563 1410 2786 1464 verbum
2849 1408 3273 1479 transeripserit.

1717 1500 1850 1556 Boni
1898 1505 2135 1572 malique
2195 1503 2328 1556 nihil
2384 1518 2477 1571 per
2542 1518 2661 1557 sese
2709 1502 3019 1556 hominibus
3050 1502 3287 1567 evenire,

1715 1602 1771 1647 et
1798 1610 1917 1663 quae
1947 1603 2271 1663 sequuntur.
2312 1593 2599 1648 Isocratem
2636 1594 2839 1647 interea
2893 1593 3157 1663 despicit,
3190 1609 3289 1650 eo-

1716 1699 1820 1753 que
1848 1686 2164 1748 certamine,
2197 1685 2340 1755 quod
2380 1685 2433 1738 in
2488 1684 2714 1738 Mausoli
2767 1685 3025 1737 honorem
3070 1683 3292 1738 institu-

1716 1787 1828 1832 tum
1883 1789 1984 1841 est,
2027 1779 2230 1832 victum
2296 1779 2394 1835 abs
2451 1794 2571 1833 sese
2623 1778 2941 1847 magistrum
3005 1777 3286 1845 gloriatur.

122 1894 216 1947 στης
239 1875 331 1945 ἁλῷ
356 1876 533 1929 τοῦτον
563 1875 658 1928 τὸν
691 1874 909 1945 τρόπον.
942 1875 1243 1945 Ἀνδρωνος
1291 1874 1398 1945 γὰρ
1442 1876 1499 1926 ὲν
1540 1873 1611 1943 τῷ

1717 1867 2023 1935 Quinetiam
2068 1886 2154 1925 res
2201 1872 2345 1939 ipsas
2388 1870 2475 1924 ille
2526 1871 2834 1935 subtraxit,
2884 1886 3006 1941 quae
3055 1871 3288 1926 aliorum

124 1968 299 2036 Τρίποδι
328 1969 443 2040 περὶ
470 1968 788 2039 Πυθαγόρου
813 1966 905 2019 τοῦ
944 1966 1227 2035 φιλοσόφου
1258 1967 1323 2019 τὰ
1370 1967 1495 2037 περὶ
1518 1965 1616 2028 τὰς

120 2062 379 2131 προρρήσεις
410 2061 484 2131 t7)
518 2059 885 2131 ἱστορηγύτος,
938 2059 1182 2122 ειπόντος
1226 2058 1407 2125 τευὼς
1461 2058 1617 2129 διψή-

123 2169 191 2215 σας
212 2153 315 2205 ποτὲ
342 2155 393 2205 ἐν
413 2154 795 2223 Μεταποντίῳ,
830 2152 925 2206 καὶ
950 2152 1013 2205 ἐκ
1064 2169 1205 2216 τινος
1254 2152 1485 2223 φρέατος
1531 2153 1616 2205 ἀν-

120 2247 284 2314 ιμήσας,
312 2248 393 2297 καὶ
420 2244 578 2309 πιὼν,
629 2248 906 2317 προεῖπεν,
961 2244 1035 2307 ὡς
1063 2246 1141 2307 εἰς
1173 2243 1361 2316 τρίτην
1401 2244 1615 2315 ἡμέραν

119 2332 246 2386 ἔσοιτο
270 2335 485 2404 σεισμός.
514 2335 629 2388 Καὶ
689 2335 851 2405 ἕτερά
886 2352 1003 2387 τινα
1049 2334 1257 2397 τούτοις
1297 2332 1609 2401 ἐπαγαγὼν,

118 2425 307 2494 ἐπιλέγει·
341 2427 493 2481 Ταῦτ’
526 2423 622 2480 οὖν
676 2427 769 2481 τοῦ
802 2428 1094 2499 Ἀνδρωνος
1128 2428 1253 2499 περὶ⁵
1296 2427 1611 2498 Πυθαγόρου

118 2518 405 2590 ἱστορηκότος,
438 2522 621 2575 πάντα
650 2522 897 2591 ὑφείλετο
915 2520 1250 2591 Θεόπομπος·
1286 2521 1334 2572 εί
1366 2520 1461 2589 μὲν
1486 2521 1613 2591 περὶ

118 2612 359 2685 Πυθαγόρου
378 2614 566 2683 λέγων,
586 2616 732 2685 τάχα
750 2615 814 2667 ἂν
836 2616 926 2667 καὶ
949 2615 1122 2684 ἓτεροι
1167 2612 1463 2682 ἠπίσταντο
1483 2629 1549 2665 πε
1556 2612 1611 2683 ρὶ

116 2704 250 2767 αὑτοῦ,
264 2706 341 2758 καὶ
354 2706 554 2775 ἔλεγον·
566 2707 757 2760 Ταῦτα
774 2707 865 2759 καὶ
879 2705 1036 2768 αὐτὸς
1057 2706 1122 2758 ἂν
1148 2701 1298 2759 εἷπον
1317 2704 1410 2774 (8)’
1444 2703 1536 2757 νῦν
1553 2703 1609 2755 δὲ

116 2792 183 2863 τὴν
195 2794 361 2865 κλοπὴν
373 2796 530 2866 δήλην
551 2796 853 2865 πεποίηκεν
865 2798 897 2865 ἡ
916 2794 1010 2847 τοῦ
1023 2796 1284 2866 ὀνόματος
1302 2794 1605 2865 μετάθεσις.

114 2883 201 2947 Τοῖς
230 2888 307 2955 μὲν
335 2888 434 2959 γάρ
474 2889 766 2959 πράγμασι
808 2888 1069 2959 κέχρηται
1096 2890 1207 2950 τοῖς
1253 2888 1456 2949 αὐτοῖς,
1489 2885 1597 2937 ἓτε-

116 2993 178 3044 ρον
209 2978 244 3029 δ’
282 2980 433 3049 ὄνομα
476 2982 820 3051 μετενήνοχε.
870 2977 1176 3050 Φερεκύδην
1223 2978 1332 3049 γὰρ
1371 2977 1461 3029 τὸν
1509 2976 1607 3029 Σύ-

116 3087 193 3139 ριον
219 3073 447 3143 πεποίηκε
474 3074 654 3127 ταῦτα
684 3072 1030 3144 προλέγοντα.
1058 3072 1131 3123 Οὐ
1164 3071 1319 3141 μόνον
1355 3070 1410 3123 δὲ.
1435 3070 1606 3140 τούτῳ

111 3163 351 3235 τῷὁνὸματι
378 3166 720 3237 ἀποκρύπτει
744 3166 841 3237 τὴν
872 3164 1096 3235 κλοπὴν,
1127 3163 1260 3217 ἀλλά
1292 3164 1386 3216 καὶ
1426 3162 1607 3215 τόπων

1718 1964 1950 2032 propria:
1986 1975 2131 2027 sunt,
2163 1964 2285 2019 aliis
2321 1964 2629 2029 tribuendo,
2668 1972 2727 2017 ut
2772 1964 2875 2018 hoc
2917 1964 3079 2019 etiam
3127 1963 3299 2017 modo-

1720 2055 1987 2108 mendacii
2014 2065 2276 2109 teneatur.
2306 2055 2442 2110 Cum
2480 2056 2624 2111 enim
2654 2054 2837 2109 Andro
2870 2054 2923 2108 in
2957 2052 3190 2123 Tripode
3208 2069 3294 2109 res

1719 2162 1750 2201 a
1781 2145 2089 2217 Pythagora
2129 2150 2453 2219 philosopho
2488 2150 2773 2220 prmdictas
2822 2150 3167 2221 collegisset,
3203 2150 3288 2204 in-

1718 2248 1905 2309 terque
1934 2251 2128 2295 cetera
2159 2253 2670 2307 commemorasset,
2702 2260 2826 2298 eum
2855 2244 3149 2313 aliquando
3173 2242 3288 2298 Me-

1716 2330 1925 2398 taponti
1954 2332 2224 2385 sitientem
2249 2372 2263 2397 ,
2296 2349 2420 2387 cum
2474 2335 2721 2389 haustam
2750 2352 2814 2389 ex
2855 2336 3091 2405 quodam
3126 2344 3289 2404 puteo

1713 2435 1910 2489 aquam
1969 2423 2210 2489 bibisset,
2283 2434 2650 2480 terrwmotum
2702 2437 2827 2480 ante
2872 2427 3016 2481 diem
3067 2428 3287 2481 tertium

1714 2509 1955 2566 futurum
2014 2515 2347 2583 praedixisse.
2400 2515 2497 2571 Hic
2554 2519 2829 2571 nonnullis
2881 2518 3180 2588 interjectis
3207 2521 3281 2574 ita

1711 2606 2099 2673 prosequitur:
2135 2605 2279 2659 Illam
2340 2608 2501 2677 igitur
2538 2610 2809 2664 Andronis
2866 2612 2933 2666 de
2978 2610 3286 2683 Pythagora

1712 2694 1994 2749 historiam
2039 2695 2421 2767 Theopompus
2454 2700 2714 2770 integram
2764 2701 2975 2758 furatus
3030 2715 3133 2759 est.
3180 2702 3284 2771 Qui

1710 2785 1755 2839 si
1783 2800 1900 2839 eam
1933 2786 1999 2840 de
2024 2785 2327 2857 Pythagora
2362 2801 2834 2859 commemoraret,
2862 2794 2974 2859 alii,
2998 2796 3195 2865 quibus
3221 2810 3287 2851 ea

1711 2877 1849 2934 forte
1888 2892 2009 2934 nota
2048 2881 2157 2951 jam
2206 2895 2371 2949 esset,
2401 2885 2645 2939 eamdem
2703 2886 2864 2940 etiam
2910 2889 2977 2943 ab
3027 2889 3285 2944 Androne

1710 2980 1981 3026 narratam
2031 2989 2151 3028 esse
2197 2975 2456 3030 dicerent.
2523 2976 2674 3033 Nune
2722 2994 2850 3032 vero
2901 2978 3104 3033 furtum
3170 2981 3285 3050 ipse

1708 3078 1865 3118 suum
1893 3066 2126 3120 nominis
2162 3068 2459 3122 mutatione
2482 3068 2751 3138 patefecit.
2781 3068 2942 3141 465
2975 3069 3107 3125 Rem
3130 3072 3280 3127 enim

1708 3159 1952 3210 eamdem
1987 3159 2251 3219 scribens.
2289 3176 2485 3214 nomen
2514 3164 2801 3231 supposuit
2823 3165 3080 3218 alienum.
3112 3164 3167 3220 ld
3200 3165 3287 3221 vi-v

113 3220 357 3327 μίταθέσει·
383 3260 438 3313 τό
469 3220 534 3313 τέ
551 3259 667 3330 γὰρ
695 3220 823 3330 περὶ
854 3256 955 3328 τῆς
986 3220 1337 3328 προρρήσεως
1367 3255 1459 3308 τοῦ
1496 3272 1606 3308 σει-

1715 3245 1899 3300 delicet
1921 3262 1950 3300 a
1980 3245 2284 3319 Pherecyde
2313 3252 2545 3319 quodam
2583 3220 2719 3324 ISer
2762 3255 3075 3324 praedictum
3107 3220 3282 3313 fuisse

112 3352 208 3421 qm;
233 3354 278 3405 ὲν
302 3354 648 3424 Μεταποντίῳ
679 3352 767 3405 ὑπ’
802 3351 1101 3423 Ἀνδρωνος
1131 3349 1315 3422 ῥηθὲν,
1345 3352 1402 3403 ὲν
1438 3350 1606 3421 Συρίᾳ

111 3442 296 3513 εἰρῆσθαί
336 3464 486 3516 φησιν
520 3448 549 3498 δ
582 3445 933 3515 Θεόπομπος’
964 3445 1025 3497 τό
1068 3461 1127 3496 τε
1160 3444 1287 3516 περὶ
1320 3442 1380 3495 τὸ
1422 3443 1603 3495 πλοῖον

108 3534 179 3587 οὐκ
198 3536 282 3588 ἀπὸ
308 3538 564 3609 Μεγάρων
600 3538 703 3607 τῆς
736 3536 1003 3601 Σικελίας,
1043 3536 1149 3589 ἀπὸ
1180 3534 1235 3588 δὲ
1262 3535 1444 3604 Σάμου
1472 3535 1604 3603 φησι

111 3626 407 3700 θεωρηθῆναι·
439 3633 532 3685 καὶ
558 3630 662 3700 τὴν
690 3630 971 3700 Συϐάρεως
1004 3628 1245 3681 ἆπλωσιν
1275 3626 1349 3696 (9)
1382 3627 1475 3678 ἐπὶ
1503 3626 1602 3697 τὴν

1708 3333 1889 3387 tradit.
1924 3335 2039 3389 Imo
2070 3350 2177 3389 non
2202 3336 2592 3405 hujustantum
2623 3340 2858 3394 nominis
2885 3342 3277 3412 integumento,

1705 3438 1894 3478 verum
1922 3427 2083 3479 etiam
2118 3427 2359 3482 locorum
2390 3430 2690 3485 mutatione
2719 3447 2877 3485 suum
2897 3433 3010 3502 ipse
3037 3434 3275 3503 plagium

1704 3517 1977 3572 occultare
2012 3528 2259 3574 conatur.
2294 3521 2468 3586 Quam
2515 3523 2659 3575 enim
2703 3524 2769 3577 de
2817 3525 2907 3579 illo
2935 3536 3091 3580 terra!
3124 3536 3276 3581 motu

1704 3610 2106 3677 praedictionem
2152 3610 2443 3681 Metaponti
2496 3616 2690 3668 factam
2732 3630 2850 3670 esse
2897 3617 3083 3672 Andro
3124 3634 3279 3673 com-

109 3718 330 3795 Μεσσήνης
360 3724 685 3795 μετέθεικεν.
718 3723 830 3774 Ἵνα
870 3721 927 3774 δέ
960 3738 1010 3772 τι
1052 3720 1179 3791 δοκῇ
1210 3719 1385 3787 λέγειν
1417 3736 1603 3790 περιτ-

1715 3712 2003 3769 memorat,
2066 3719 2185 3758 eam
2244 3705 2297 3757 in
2335 3703 2490 3775 Syria
2542 3708 2833 3776 contigisse
2888 3707 3277 3780 Theopompus

109 3812 187 3877 τὸν,
207 3794 387 3870 καὶντοῦ
409 3818 555 3881 ξένου
591 3814 905 3885 προτέθεικε
932 3810 1187 3883 τοῦνομα,
1218 3811 1477 3883 Περίλαον
1506 3810 1602 3863 αύ-

1715 3797 1881 3851 labet.
1911 3794 2193 3867 Navigium
2242 3797 2369 3852 item
2404 3798 2533 3851 illud
2562 3838 2578 3864 ,
2626 3814 2731 3851 non
2765 3800 2834 3853 ab
2882 3800 3095 3870 Megara
3140 3805 3277 3858 urbe

110 3904 171 3955 τὸν
187 3907 418 3962 καλεῖσθαι
441 3909 640 3978 λέγων.
668 3904 857 3974 Κάγὼ,
887 3904 1049 3975 φησιν
1073 3906 1101 3957 ὁ
1131 3903 1463 3974 Νικαγόρας,
1490 3904 1599 3965 τοῖς

1715 3888 1919 3957 Siciliae,
1949 3890 2043 3945 sed
2080 3890 2148 3944 ab
2183 3889 2349 3945 Samo
2378 3891 2553 3945 visum
2603 3890 2790 3947 fuisse.
2841 3891 3125 3950 Postremo
3176 3894 3275 3968 Sy-

114 3984 409 4062 Ἑλληνικοῖς
422 3996 759 4068 ἐντυγχάνων
774 3996 937 4051 αὺτοῦ
954 4012 1013 4050 τε
1053 3994 1147 4047 καὶ
1181 3994 1276 4048 τοῦ
1318 3993 1598 4062 Ξενοφῶν-

1715 3983 1847 4038 )aris
1875 3985 2329 4054 expugnationem
2361 3984 2429 4038 ad
2468 3984 2730 4040 Messana:
2775 3986 2980 4040 cladem
3033 3996 3273 4043 transtu-

108 4087 336 4145 τθςνπολλά
356 4087 443 4140 τοῦ
468 4087 810 4156 Ξενοφῶντος
842 4086 1002 4139 αὑτὸν
1033 4086 1383 4157 μετατιθέντα
1415 4085 1599 4139 κατεί-

1717 4074 1776 4128 it.
1810 4073 2131 4144 Quanquam
2166 4085 2223 4130 ut
2261 4077 2519 4131 eximium
2574 4078 2720 4132 aliud
2771 4078 2951 4134 dicere
2983 4080 3229 4137 videatur
3251 4122 3269 4148 ,

108 4171 223 4245 λητα,
248 4182 325 4233 καὶ
351 4183 406 4235 τὸ
435 4182 625 4245 δεινὸν,
651 4182 731 4234 ὃτι
765 4180 856 4231 ἐπὶ
884 4179 943 4231 τὸ
974 4182 1170 4250 χεῖρον.
1207 4178 1287 4231 Τὰ
1317 4177 1447 4247 γοῦν
1472 4177 1598 4249 περὶ

1715 4167 1925 4235 ιοερίιὶε
1952 4183 2169 4237 quoque
2200 4185 2395 4223 nomen
2431 4169 2712 4239 adiunxit,
2767 4168 3037 4227 Perilaum
3091 4174 3268 4243 ipsum

107 4265 174 4337 τῆς
196 4270 502 4341 Φαρναϐάζου
530 4271 670 4343 πρὸς
707 4270 1024 4342 Ἀγησίλαον
1052 4269 1289 4334 συνόδου,
1314 4269 1382 4322 δι’
1415 4270 1598 4322 Ἀπολ-

1715 4258 1998 4326 iuncupari
2027 4257 2291 4312 scribens.
2335 4256 2446 4328 Ego
2483 4274 2641 4321 vero,
2674 4260 2885 4328 excepit
2924 4258 3221 4331 Nicagoras
3248 4302 3266 4327 ,

108 4357 300 4428 λοφάνους
324 4366 408 4419 τοῦ
439 4364 770 4436 Κυζικηνοῦ,
804 4365 898 4418 καὶ
928 4364 1027 4427 τὰς
1050 4364 1251 4434 ἀμφοῖν
1274 4364 1407 4435 πρὸς
1434 4363 1596 4435 ἀλλή-

1718 4362 1751 4399 η
1778 4360 1987 4412 eorum,
2014 4364 2135 4416 qua:
2157 4364 2279 4402 cum
2314 4349 2427 4417 ipse
2450 4389 2465 4411 ,
2519 4357 2629 4401 tum
2658 4349 2958 4418 Xenophon
2999 4352 3067 4405 de
3103 4352 3266 4410 rebus

106 4448 191 4517 λους
215 4458 495 4522 ἐνσπόνδους
526 4434 809 4524 διαλέξεις,
832 4457 897 4520 ἃς
917 4458 974 4510 ὲν
993 4459 1058 4528 τῇ
1083 4434 1329 4528 τετάρτη
1346 4452 1595 4523 Ξενοφῶν

1715 4434 2002 4491 ῖιιδαιοοιδυιη
2040 4439 2313 4492 memoria:
2338 4438 2825 4508 prodiditlectione
2859 4458 3105 4507 versans,
3138 4458 3263 4498 eum

106 4543 314 4617 ἀνέγραψε
355 4553 483 4605 πάνυ
520 4550 818 4623 χαριέντως
872 4551 961 4604 καὶ
1004 4525 1320 4621 πρεπόντως
1366 4548 1588 4619 ἀμφοῖν,

1715 4528 1856 4581 :tiam
1887 4542 1917 4582 e
1947 4525 2300 4597 Xenophonte
2349 4529 2614 4597 permulta
2669 4547 2824 4586 suam
2882 4532 2935 4586 in
2979 4533 3262 4589 historiam

104 4632 158 4696 εις
180 4636 253 4706 τὴν
275 4618 555 4711 ἑνδεκάτην.
567 4618 674 4693 τῶν
719 4618 1081 4707 Ἐλληνικῶ
1120 4637 1369 4709 μεταθεὶς
1400 4638 1428 4690 ό
1456 4636 1586 4690 Θεό-

1715 4619 2000 4674 ,raduxisse
2027 4618 2353 4687 deprehendi
2379 4636 2393 4685 ;
2434 4621 2686 4691 quodque
2713 4624 2930 4693 gravius
2956 4640 3078 4680 esse
3100 4667 3117 4693 ,
3168 4627 3263 4681 de-

106 4736 281 4793 πιμπος,
304 4730 437 4799 ἀργά
454 4707 511 4783 τέ
536 4732 629 4783 καὶ
656 4729 885 4801 ἀκίνητα
907 4707 1169 4800 πεποίηκε
1192 4731 1285 4783 καὶ
1309 4729 1583 4801 ἄπρακτα.

1717 4710 1891 4764 eriora
1942 4707 2155 4763 fecisse.
2202 4707 2336 4762 Nam
2388 4710 2539 4764 illum
2571 4727 2701 4765 sane
2738 4712 3075 4769 Pharnabazi
3133 4732 3258 4773 cum

102 4809 229 4879 Λόγου
251 4817 343 4890 γὰρ
367 4820 609 4891 δύναμιν,
650 4821 744 4872 καὶ
778 4817 865 4873 ὃιά
896 4822 995 4891 τὴν
1022 4820 1224 4891 κλοπὴν
1264 4820 1585 4893 ἐξεργασίαν

1715 4801 1941 4871 lgesilao
1991 4816 2375 4873 congressum,
2421 4802 2514 4871 qui
2571 4802 2942 4873 Apoll0phane
2991 4805 3258 4878 Cyziceno

106 4900 339 4972 ἑμεάλλειν,
366 4913 455 4965 καὶ
487 4912 887 4965 ἐπιδείκνυσθαι
919 4910 1230 4975 σπουδάζων
1268 4911 1464 4983 βραδὺς
1490 4912 1583 4965 καὶ

1715 4903 1970 4961 equestre
2023 4894 2242 4949 habitus
2291 4903 2413 4957 est,
2468 4908 2530 4947 ac
2590 4904 2838 4949 mutuum
2876 4897 3162 4967 utriusque
3203 4901 3254 4953 in

106 4993 275 5061 ίεῊων,
306 5004 389 5054 καὶ
424 5003 837 5071 ἀναδαλλομένῳ
878 5002 1067 5065 ἐοικὼς
1096 4982 1362 5071 φαίνεται,
1394 5005 1485 5055 καὶ
1524 5004 1583 5055 τὸ

1715 4983 1981 5035 anciendo
2029 4982 2231 5036 findere
2285 4983 2638 5052 colloquium,
2673 4984 2818 5053 quod
2874 4985 3013 5039 libro
3061 4999 3256 5057 quarto

105 5082 284 5157 ἔμψυχον
328 5094 411 5145 καὶ
466 5060 704 5165 ἐνεργὸν¹
737 5060 820 5145 τὸ.
848 5060 1181 5160 Ξενοφῶντος
1235 5060 1577 5163 διαφθείρων.

1715 5074 1987 5145 ienophon
2040 5075 2313 5145 eleganter
2358 5076 2686 5144 admodum,
2739 5088 2794 5132 et
2836 5093 2936 5147 pro
2969 5082 3253 5135 amborum

153 5268 210 5338 (⁷)
227 5276 579 5347 Προρρήσεις.
611 5280 751 5333 Sane
797 5277 1042 5332 Laertius
1074 5276 1275 5331 dictum
1309 5276 1577 5347 Pythago-

1757 5275 1830 5347 (9)
1859 5275 2165 5344 Συϐάρεως
2192 5276 2484 5330 ἅπλωσιν.
2518 5274 2659 5347 Lege
2691 5277 3011 5333 Strabonem
3048 5278 3138 5331 lib.
3173 5294 3248 5341 vt.

103 5341 373 5420 tamiuiss'e'
404 5341 591 5411 tradit,
636 5350 785 5420 παρά
832 5348 1009 5420 ’τὸ-ὼς
1036 5341 1574 5420 Πύθιον--ἀγόρεύὲιν,

1717 5341 2359 5420 ιςρὶοιιοιο.’8ἰοιιι.-ιίι).
2403 5364 2499 5420 xit.
2552 5341 2832 5420 Trecenta»
2875 5350 3248 5420 Sybaritarum

106 5411 333 5489 ﬁuasjbnu
359 5420 526 5473 minor
544 5421 682 5489 ejus,
709 5411 869 5488 quam
898 5417 1070 5489 Pythii
1094 5411 1356 5487 Apollinis
1381 5411 1577 5472 bracu—
1683 5417 1874 5480 millia,
1907 5433 1943 5489 a7
1968 5426 2187 5489 centum,
2213 5416 2647 5489 Crotoniatarum
2685 5411 2943 5477 millibus.
2980 5419 3117 5473 duce
3148 5419 3249 5471 Mi-

104 5473 152 5529 ίίε
190 5481 296 5557 ﬁdes
325 5473 611 5544 haberetur.
642 5473 779 5544 Hinc.
820 5498 873 5542 et
914 5473 1105 5557 magiae
1141 5473 1423 5556 suspectus
1454 5504 1576 5543 esse
1682 5488 1805 5543 Ione
1836 5473 2055 5557 athleta
2070 5486 2387 5549 fortissimo,
2416 5488 2609 5554 partim
2642 5502 2799 5552 caesa,
2830 5473 3021 5557 partim
3056 5490 3246 5557 proﬂi-

103 5550 238 5630 φρὶξ
276 5555 397 5622 Adi,
434 5559 481 5613 si
523 5561 732 5630 placet,
777 5550 1343 5628 leium"Rhodigin.
1386 5559 1480 5612 lib.
1517 5574 1572 5623 ι,
1682 5568 1803 5628 gata
1833 5568 1981 5630 sunt.
2013 5555 2163 5630 Urbs
2184 5559 2300 5630 ipsa
2332 5550 2455 5609 mox
2481 5566 2690 5630 aequata
2718 5550 2880 5612 solo":
2924 5550 3247 5630 post'annos

105 5621 269 5697 ελρλἸζ
306 5694 325 5697 ξ
388 5621 391 5622 ⁷
524 5621 541 5630 “
719 5621 728 5625 ’
882 5693 901 5697 Α
1108 5696 1117 5697 7
1236 5621 1261 5628 ⁷
1560 5621 1565 5623 ’
1681 5621 1810 5684 ῐνιιι
1846 5644 1875 5682 a
1925 5621 2219 5693 Thessalis
2245 5621 2589 5681 instaurata:
2620 5621 3124 5697 iteruntque'lustrn
3161 5633 3245 5687 vix

136 5687 212 5770 ,(ξ)
238 5694 395 5770 Τειῦτα
422 5699 513 5753 καί
541 5700 721 5766 αὐτὸς
749 5699 825 5753 ἂν
847 5693 1034 5752 εἶπον.
1074 5696 1454 5770 Μοιίηιᾼταυτὰ
1480 5700 1574 5751 καὶ

1715 5709 1888 5761 xacto,
1926 5687 2304 5770 novis'tncolis
2337 5698 2404 5770 ab
2443 5698 2685 5766 antiquis
2733 5687 3030 5753 victoribus
3060 5701 3245 5770 ejectis

106 5757 221 5838 ξὺτδί
248 5758 393 5838 εἶπεν,
425 5779 481 5823 ut
527 5757 795 5834 αὑτόςόἀ
839 5771 1145 5833 Αιυ]ι-‹›ηοιη
1190 5768 1473 5822 referatur.
1506 5771 1575 5822 At

1715 5757 2019 5826 etnidiruta.
2052 5768 2315 5823 Thurinm
2348 5769 2467 5838 ejus
2495 5770 2544 5823 in
2576 5757 2751 5823 locum
2784 5774 3068 5829 successit.

108 5834 148 5879 ω
174 5833 442 5907 versionem,
470 5856 562 5912 pro
594 5833 845 5895 Androne
865 5880 878 5905 ,
924 5838 1302 5909 TheOpompus
1334 5838 1568 5911 irrepsit.
