4042 6384
159 400 264 454 τη

1321 369 1678 454 “Paullum.
1723 395 1972 450 EVANG.
2017 396 2144 450 LIB.
2191 395 2257 448 χ.

3335 396 3433 449 773

172 514 394 582 ταύτην
427 513 678 574 διάνοιαν
709 514 1007 586 Σιμωνίδης
1038 514 1096 566 ἐν
1135 512 1212 584 τῷ
1262 513 1529 584 ἑνδεκάτῳ
1578 527 1766 582 μετεν-

1868 509 1938 563 ab
1969 508 2247 564 Simonide
2284 508 2421 563 libro
2449 507 2736 562 undecimo
2764 508 2911 564 hunc
2935 508 2987 563 in
3021 508 3243 564 modum
3275 525 3437 565 usur-

164 607 371 676 l3vsyxe
417 602 612 659 λαϐὼν
643 605 815 669 οὕτως
837 622 850 635 ·

234 715 561 781 Γυναικός
596 717 775 770 οὐδὲν
809 717 988 786 χρῆμ’
1014 718 1170 786 ἀνὴρ
1195 717 1452 786 ληΐζεται

242 789 538 854 Ἄμεινον
578 786 823 854 ἐσθλῆς,
859 788 1000 841 οὐδὲ
1019 789 1212 858 ῥίγιον
1238 788 1448 856 κακῆς.

171 878 486 949 εὐριπίδης
508 879 571 932 δὲ
597 881 654 933 ὲν
687 882 751 952 τῇ
783 881 1144 950 Μελανίππῃ
1172 880 1482 951 δεσμώτιδι
1506 899 1519 912 °

249 1053 374 1123 Τῆς
398 1056 527 1125 μὲν
557 1057 750 1125 κακῆς
796 1059 1008 1112 κάκιον
1037 1057 1215 1112 οὐδὲν
1247 1060 1469 1128 γίνεται

246 1129 570 1192 Γυναικός
594 1148 604 1158 ο
641 1128 868 1196 ἐσθλῆς
898 1130 948 1182 δ’
974 1129 1154 1182 οὐδὲν
1182 1133 1266 1194 εἰς
1291 1128 1631 1196 ὑπερϐολὴν

247 1197 486 1263 Πέφωέ
526 1199 797 1268 ἄμεινον’
827 1199 1175 1268 διαφέρουσι
1203 1200 1253 1252 δ’
1280 1203 1336 1252 αὶ
1367 1200 1600 1268 φύσεις.

183 1287 283 1342 Τοῦ
313 1288 373 1340 δὲ
416 1289 717 1360 Εὐριπίδου
754 1291 996 1354 εἰπόντος
1019 1309 1033 1323 ο

250 1382 432 1433 Γυνα
444 1380 570 1446 ἷκές
599 1383 785 1450 ἐσμεν
808 1382 1170 1437 ἀθλιώτατον
1194 1384 1405 1453 φυτόν,

186 1470 493 1542 Θεοδέκτης
519 1473 577 1525 ὲν
620 1473 974 1542 Ἀλκμαίωνι
1009 1492 1172 1545 φησι·

252 1565 387 1635 ξαρ
401 1561 720 1635 ὴςᾲμὲνΑέν
747 1564 1059 1635 βροτοῖσιν
1090 1563 1354 1633 ὑμνεῖται
1393 1565 1599 1635 λόγος,

267 1633 361 1704 Ὠς
395 1631 587 1704 οὐδέν
614 1632 782 1686 ἐστιν
815 1631 1172 1702 ἀθλιώτερον
1199 1636 1392 1704 φυτόν

259 1703 594 1768 Γυναικός.

1871 613 2050 672 palam
2066 645 2081 669 ,

1946 712 2117 785 {facere
2150 715 2335 767 melius
2367 715 2444 767 nil
2474 715 2606 767 bona
2628 719 2911 785 quidquam
2940 717 3049 769 viro
3069 757 3084 780 ,

1944 784 2089 836 Mala
2111 785 2309 838 evenire
2338 786 2520 838 tetrius
2541 784 2703 854 pass-it
2726 784 2876 844 nihil.

1872 874 2042 940 Quem
2083 876 2330 928 eumdem
2365 877 2417 930 in
2465 892 2686 931 sensum
2731 876 3014 939 Euripides
3046 878 3100 932 in
3145 875 3440 945 Melanippe

1873 969 2077 1037 captiva
2093 1007 2106 1032 ,

1946 1057 2096 1128 itala
2114 1057 2336 1110 inveniri
2371 1059 2566 1126 femina
2589 1074 2734 1126 pejus
2761 1068 2914 1128 queat

1947 1126 2119 1190 Nihil,
2157 1128 2386 1196 bonaque
2413 1129 2597 1180 melius
2627 1126 2798 1196 optari
2824 1131 2984 1185 nihil.

1944 1200 2013 1250 Λι
2050 1199 2147 1250 iste
2175 1199 2377 1250 varium
2404 1215 2556 1250 sexus
2591 1201 2852 1268 ingenium
2891 1203 3052 1269 capit.

1873 1287 2130 1358 Ejusdem
2166 1289 2437 1358 Euripidis
2469 1290 2598 1343 illud
2628 1300 2742 1349 est.

1945 1379 2055 1432 Nos
2083 1380 2215 1433 heu!
2247 1381 2493 1434 mulieres
2517 1398 2721 1451 germen
2742 1383 2927 1452 infelix
2956 1400 3156 1436 sumus.

1872 1469 2026 1535 Quod
2063 1469 2398 1526 Theodectes
2439 1472 2490 1525 in
2524 1472 2821 1526 Alcmaeone
2853 1473 2932 1529 sic
2958 1475 3262 1543 expressit,

1949 1561 2063 1634 [loc
2087 1561 2211 1634 jure
2233 1564 2429 1629 passim
2460 1579 2605 1616 nemo
2633 1581 2730 1616 non
2754 1565 3022 1618 hominum
3053 1567 3228 1634 canit,

1946 1630 2105 1684 Haud
2137 1649 2246 1685 esse
2274 1650 2478 1702 germen
2513 1635 2705 1702 femina
2741 1636 3022 1704 infelicius.

194 1785 358 1854 Οὗτος
393 1793 457 1844 οὐ
509 1793 668 1863 μόνον
708 1793 806 1864 τὴν
851 1793 1106 1864 ὲπιὸολὴν
1138 1795 1344 1848 ἐκεῖθεν
1371 1794 1611 1865 εἴληφεν,
1639 1793 1768 1847 ἀλλὰ

1873 1785 2035 1856 467
2089 1784 2194 1850 Qui
2242 1786 2462 1855 quidem
2502 1789 2783 1844 sententiae
2810 1789 2971 1857 hujus
2999 1805 3186 1843 ansam
3220 1805 3327 1844 non
3371 1806 3435 1845 ex

195 1885 283 1937 καὶ
314 1886 441 1946 ταῖς
476 1883 688 1949 λέξεσιν
720 1885 907 1948 αὐταῖς
957 1885 1346 1956 συγκέχρηται,
1377 1864 1484 1938 καῖ
1513 1886 1768 1956 ἠθέλησεν

1876 1879 1970 1932 illo
2001 1888 2215 1932 tantum
2247 1878 2523 1948 Euripidis
2552 1897 2711 1934 versu
2745 1881 2997 1950 arripuit,
3035 1883 3126 1936 sed
3162 1883 3307 1936 illam
3341 1883 3440 1938 iis-

194 1978 322 2031 αὐτὸ
356 1975 687 2047 πανούργως
730 1975 1090 2046 παροιμιακὸν
1131 1975 1328 2046 μᾶλλον
1369 1971 1527 2040 εἶναι,
1567 1977 1660 2029 καὶ
1699 1976 1774 2040 ὡς

198 2070 299 2124 ὑπὸ
328 2069 548 2121 πολλῶν
585 2068 862 2152 λεγομένῳ
894 2068 1318 2142 συγκεχρῆσθαι,
1360 2069 1393 2140 ἢ
1425 2070 1599 2123 δοκεῖν
1639 2069 1777 2140 εἰλη-

1874 1970 1996 2025 dem
2025 1986 2242 2042 quoque
2263 1972 2443 2026 verbis
2466 1972 2683 2037 extulit,
2700 1973 2804 2028 nisi
2821 1974 2963 2043 quod
2987 1988 3202 2030 versute
3222 1975 3438 2044 quidem

1874 2073 1928 2118 et
1981 2065 2195 2130 callide,
2248 2065 2519 2135 proverbii
2566 2066 2826 2134 genusid
2858 2065 3057 2133 facere,
3097 2083 3269 2137 eoque
3314 2077 3436 2121 tan-

200 2162 352 2230 φέναι
408 2161 563 2233 παρά
593 2161 685 2213 τοῦ
713 2161 1118 2231 γεγεννηκότος.
1162 2161 1218 2213 Ὁ
1252 2161 1298 2214 δ’
1323 2160 1666 2232 Ἀντίμαχος,
1705 2161 1768 2213 τὰ

1875 2170 2041 2224 quam
2079 2156 2224 2225 vulgi
2262 2171 2355 2210 ore
2409 2156 2516 2226 iam
2551 2156 2676 2209 trito
2719 2156 2867 2210 abuti
2923 2157 3133 2223 maluit,
3179 2174 3342 2227 quam
3371 2161 3441 2212 ab

213 2253 451 2324 Ὀμήρου
487 2251 756 2318 κλέπτων,
784 2251 1154 2324 παραδιορθοῖ.
1196 2253 1434 2326 Ὀμήρου
1461 2251 1568 2324 γὰρ
1594 2253 1772 2305 εἰπόν-

201 2362 288 2409 τος
310 2361 326 2376 ⁹
429 2399 455 2430 ο

206 2525 358 2579 Ἴδεώ
383 2525 436 2580 θ’
465 2525 533 2592 ὃς
559 2523 874 2593 κάρτιστος
899 2521 1254 2591 ἐπιχθονίων
1281 2520 1466 2591 γένετ’
1502 2521 1736 2590 ἀνδρῶν
1753 2541 1765 2552 ·

218 2705 538 2776 Ἀντίμαχος
563 2703 740 2771 λέγει·

213 2795 366 2849 ,ἱδεὼ
414 2795 525 2864 (15)
572 2797 623 2848 θ’
669 2793 738 2859 ὃς
783 2792 1100 2861 κάρτιστος
1135 2789 1616 2934 ἐπιχθονίωῐδῆν
1663 2795 1768 2849 ἀν-

1534 2880 1679 2931 ρων.

211 2956 316 3008 Καὶ
341 2955 632 3026 Λυκόφρων
669 2955 880 3008 ἐπαινεῖ
913 2955 1010 3027 τὴν
1040 2953 1349 3025 μετάθεσιν,
1388 2953 1464 3017 ὡς
1490 2953 1554 3007 δι’
1600 2953 1771 3024 αὐτῆς

211 3043 600 3113 ὲστηριγμένου
626 3041 719 3094 τοῦ
750 3042 951 3112 στίχου.
978 3045 1051 3096 Τὸ
1081 3043 1218 3116 γὰρ,

1875 2247 1994 2315 ejus
2016 2257 2239 2303 auctore
2261 2257 2544 2302 mutuatus
2573 2248 2765 2302 videri.
2818 2249 3180 2303 Antimachus
3218 2266 3344 2305 vero
3385 2251 3438 2304 in

1874 2337 2073 2406 quibus
2107 2335 2324 2391 Homeri
2370 2338 2666 2406 plagiarius
2709 2345 2813 2403 est,
2853 2339 2908 2392 in
2961 2339 3030 2394 iis
3076 2351 3438 2395 correctorem

1877 2428 2007 2496 agit,
2041 2444 2167 2482 nam
2200 2429 2348 2482 illum
2383 2428 2598 2482 Homeri
2627 2445 2838 2484 versum
2863 2471 2878 2495 ,

1879 2518 2046 2574 Ἴδεώ
2077 2520 2126 2575 θ’
2152 2520 2220 2586 ὃς
2252 2520 2565 2589 κάρτιστος
2589 2523 2942 2590 ἐπιχθονίων
2971 2524 3157 2593 γένετ’
3184 2523 3436 2592 ἀνδρῶν·

1876 2611 2045 2679 Atque
2073 2608 2210 2677 Idw,
2247 2610 2471 2680 reliquos
2501 2611 2732 2666 homines
2756 2613 2846 2682 qui
2880 2613 3062 2667 robore
3096 2615 3242 2677 vicit,

1875 2699 2032 2751 vocis,
2072 2698 2235 2752 unius
2267 2699 2563 2752 mulatione
2603 2700 2682 2755 sic
2721 2711 2945 2770 usurpat
2988 2705 3366 2771 Antimachus,

1878 2773 2034 2844 Ἴδεώ
2056 2789 2106 2845 θ’
2141 2790 2210 2857 ὃς
2237 2789 2554 2859 κάρτιστος
2579 2792 2938 2862 ἐπιχθονίων
2953 2790 3032 2864 ἦν
3064 2795 3323 2863 ἀνδρῶν.

1874 2945 2046 3013 Quam
2089 2947 2208 3017 ejus
2273 2946 2704 3001 emendationem
2776 2947 3092 3018 Lycophron
3157 2952 3436 3021 approbat,

1873 3038 2018 3106 quod
2070 3053 2130 3092 ea
2185 3053 2402 3092 versum
2461 3037 2653 3093 fulcire
2703 3038 2970 3094 videatur.
3028 3039 3162 3094 Nam
3206 3043 3434 3098 alterum

1874 3127 2094 3198 quidem
2119 3128 2293 3195 illum,

217 3214 329 3268 Τὸν
375 3215 425 3268 δ’
467 3215 933 3285 ἀπαμειϐόμενος
987 3215 1260 3287 λφοσέφη
1305 3219 1549 3295 κρείων,
1570 3217 1774 3295 ριομή-
1803 3209 1844 3269 C
1883 3217 1988 3270 Τόν
2013 3217 2066 3269 δ’
2085 3219 2552 3288 ἀπαμειϐόμενος
2576 3219 2850 3288 προσέφη
2891 3224 3105 3290 κρείων
3123 3225 3436 3295 Διομήδης,

1531 3285 1700 3357 τδηὲ,
1777 3320 1783 3324 -

216 3423 369 3490 σιγῶ,
425 3423 661 3493 Ὁμήρου
718 3423 1141 3493 κωμῳδηθέντος
1202 3423 1308 3476 ὑπὸ
1360 3425 1630 3496 Κρατίνου
1687 3425 1772 3478 διὰ

214 3514 280 3567 τδ
303 3515 583 3568 πλεονάσαι
621 3517 678 3568 ἐν
709 3514 806 3585 τῷ,
843 3515 949 3568 τὸν
975 3513 1028 3567 δ’
1055 3515 1549 3584 ἀπαμειϐόμενος·
1637 3517 1773 3588 ὅπερ

216 3605 351 3658 οὕτω
401 3606 782 3678 πεπατημένον
823 3606 922 3660 οὐκ
960 3604 1203 3676 ὤκνησεν
1239 3606 1561 3677 Ἀντίμαχος
1605 3624 1771 3678 μετα-

218 3698 398 3751 ϐεῐναι.
441 3697 547 3750 Τοῦ
579 3696 635 3749 δέ
655 3714 668 3726 ·

221 3876 378 3930 Δαῶν
439 3877 550 3948 (14)
598 3873 756 3929 οἶσιν
809 3876 1070 3941 ἄνασσε,
1118 3875 1314 3944 πατὴρ
1361 3875 1414 3928 δ’
1457 3878 1552 3977 ὡςῘ
1583 3877 1772 3977 ἔξπιος

1570 3966 1589 4000 1
1611 3963 1698 4011 εν,

233 4032 514 4103 Ὁμηρικοῦ
564 4032 744 4094 ὄντος·
793 4034 882 4085 καὶ
913 4033 1073 4086 πάλιν
1117 4032 1352 4104 ἀλλαχοῦ
1396 4051 1500 4086 που
1537 3943 1769 4108 [Asiage-

220 4139 298 4175 νου
322 4139 334 4152 ·

226 4217 278 4266 Ol
318 4213 367 4267 δ’
412 4215 539 4268 ἐπεὶ
587 4213 700 4285 (15)
751 4217 1160 4285 ἀμφοτέρωθεν
1214 4217 1616 4340 ἑκαρτῖῦῖαντο
1661 4215 1772 4286 φά-

361 4321 364 4324 .
1485 4303 1694 4340 armo.

361 4321 364 4324 -
1403 4286 1694 4358 Harrac,

221 4375 246 4425 ὁ
269 4375 577 4446 Ἀντίμαχος
614 4376 866 4446 μεταθεὶς
899 4378 1203 4447 ἡμιστίχια,
1247 4379 1516 4447 πεποίηκε
1541 4393 1556 4407 ·

221 4548 374 4603 Δαῶν
403 4546 564 4604 οἷσιν
599 4549 876 4605 ἄνασσον
899 4552 1300 4620 ἐκαρτύναντο
1328 4553 1660 4623 φάλαγγας.

233 4662 352 4714 Ἀλλ’
386 4663 473 4716 ἵνα
507 4662 581 4734 μὴ
615 4665 707 4716 καὶ
736 4663 916 4726 αὐτὸς,
945 4663 1150 4733 κλοπῆς
1191 4665 1382 4728 ἄλλους
1425 4665 1764 4735 αἰτιώμενος,

222 4754 436 4825 κλέπτης
463 4754 594 4820 ἁλῶ,
628 4755 752 4816 τοὺς
776 4757 1366 4825 πραγματευσαμένους
1391 4756 1460 4808 τὰ
1488 4757 1613 4827 περὶ
1648 4755 1768 4810 τού-

221 4859 311 4898 των
340 4844 575 4916 μηνύσω.
601 4845 910 4914 Λυσιμάχου
937 4846 1035 4914 μὲν
1061 4846 1175 4898 ἔστι
1195 4845 1305 4910 δύο,
1322 4847 1461 4914 Περὶ
1486 4847 1589 4915 τῆς
1609 4849 1769 4916 Ἐφό-

219 4952 312 5002 ρου
332 4935 577 5005 κλοπῆς·
598 4935 842 4998 Ἀλκαῖος
867 4935 923 4988 δὲ
952 4939 980 4989 ὁ
1002 4936 1110 4989 τῶν
1135 4938 1388 5009 λοιδὸρων
1415 4938 1622 5008 ἰάμϐων
1674 4940 1768 4993 καὶ

222 5027 633 5098 ἐπιγραμμάτων
666 5029 910 5098 ποιητὴς,
940 5027 1226 5099 παρῴδηκε
1259 5029 1357 5093 τὰς
1385 5028 1614 5101 Ἐφόρου
1647 5031 1768 5084 κλο-

225 5120 314 5181 πὰς
340 5120 649 5189 ἐξελέγχων.
673 5119 936 5183 Πολίωνος
953 5120 1007 5172 δὲ
1039 5120 1366 5188 Ἐπιστολὴ
1397 5121 1546 5189 πρὸς
1574 5126 1766 5191 Σωτη-

219 5211 408 5278 plroar
423 5212 562 5280 Περὶ
586 5211 694 5279 τῆς
719 5213 981 5279 Κτησίου
1006 5212 1239 5280 κλοπῆς
1258 5229 1271 5242 ⁶
1296 5212 1387 5265 τοῦ
1413 5213 1632 5266 δἀὑτοῦ
1673 5216 1766 5268 καὶ

223 5302 342 5370 Περὶ
384 5303 489 5370 τῆς
529 5303 846 5371 ’Προὸότου
873 5304 1108 5373 κλοπῆς
1168 5307 1283 5358 ἐστι
1319 5306 1545 5376 βιϐλίον·
1584 5309 1679 5360 καὶ
1707 5309 1764 5361 ὲν

225 5395 618 5468 ἐπιγραφομένῳ
630 5399 908 5466 Ἰχνευταὶ
927 5397 1094 5450 πολλὰ
1111 5415 1175 5450 πε
1185 5400 1236 5470 pi.
1257 5398 1577 5469 Θεοπόμπου
1609 5400 1762 5468 λέγε-

225 5503 314 5541 ται.
339 5489 627 5561 Ἀρητὰὃου
679 5491 736 5543 τέ
771 5494 883 5544 ἐστι
931 5491 1066 5557 Περὶ
1118 5491 1592 5560 συνεμπτώσεως
1632 5509 1765 5563 πρα-

226 5582 449 5647 γματεία,
474 5579 532 5644 ὲξ
559 5576 626 5641 ἧς
659 5579 881 5632 τοιαῦτα
902 5579 1068 5632 πολλά
1095 5580 1209 5633 ἔστι
1241 5580 1459 5648 γνῶναι.
1490 5583 1600 5638 Καὶ
1643 5581 1762 5654 μεθ’

285 5739 378 5807 (l3)
408 5739 582 5794 Ἴδεω.
621 5737 825 5790 Iliados
852 5739 924 5800 Γ,
957 5739 1080 5792 554.

286 5809 379 5878 (Η)
406 5808 593 5863 Δαῶν.
634 5808 824 5876 Odyss.
858 5809 930 5870 B',
961 5811 1084 5862 254.

512 5903 703 5960 Pun.
742 5903 857 5961 (in.
903 5902 1073 5964 XXI.

1876 3309 1976 3364 His
2012 3321 2198 3364 contra
2227 3313 2468 3382 princeps
2501 3312 2776 3368 Diomedes
2808 3316 3018 3370 vocibus
3051 3317 3189 3385 inﬁt,

1874 3425 2034 3480 facile
2064 3438 2345 3497 praetereo,
2395 3441 2518 3481 cum
2565 3442 2632 3482 eo
2676 3429 2895 3484 nomine
2927 3427 3194 3485 Homerus
3233 3429 3438 3485 Cratini

1872 3517 2137 3571 comoedia
2169 3518 2505 3584 traducatur,
2541 3519 2685 3586 quod
2713 3535 2874 3573 suum
2905 3519 3058 3585 illud,
3085 3521 3193 3575 τὸν
3218 3520 3269 3574 δ’
3289 3521 3440 3576 dau-

1865 3611 2234 3679 μειϐόμενος,
2283 3609 2350 3664 ad
2403 3612 2707 3665 satietatem
2765 3612 3019 3667 inculcet.
3067 3612 3222 3679 Quod
3265 3630 3440 3685 usque

1872 3701 2011 3755 adeo
2046 3701 2340 3756 contritum
2370 3701 2521 3768 licet,
2550 3703 2668 3758 suis
2693 3712 2872 3758 tamen
2902 3703 3146 3760 inserere
3175 3719 3282 3759 non
3311 3722 3438 3760 eru-

1870 3792 1987 3848 buit
2030 3792 2410 3848 Antimachus.
2455 3792 2720 3849 Praeterea
2775 3793 3125 3852 Homericum
3156 3797 3286 3852 illud
3315 3809 3435 3853 est:

1871 3882 1920 3935 E
1951 3883 2176 3952 populis,
2200 3885 2377 3954 patrio
2402 3901 2530 3955 quos
2554 3885 2779 3941 blandus
2832 3901 3009 3942 amore
3040 3887 3248 3958 regebat
3275 3905 3296 3953 ;

1873 4033 2112 4104 itemque
2146 4033 2376 4092 alterum
2405 4033 2532 4099 hoc,

1873 4216 1939 4268 At
2007 4226 2284 4286 postquam
2338 4217 2459 4270 hinc
2508 4229 2663 4287 atque
2704 4217 2823 4269 hinc
2879 4218 3094 4271 densam
3140 4220 3435 4273 instruxere

2995 4287 3350 4360 [phatangem,

1871 4378 1991 4444 Quo
2010 4393 2076 4432 ex
2119 4387 2351 4448 utroque
2403 4378 2634 4448 sumptis
2685 4379 3044 4436 hemistichiis
3074 4381 3434 4440 Antimachus

1870 4485 2088 4524 versum
2121 4470 2266 4524 hunc
2289 4470 2547 4524 conflavit
2581 4483 2593 4517 :

1798 4553 1841 4607 D
1940 4560 1989 4614 E
2021 4562 2165 4632 regni
2190 4563 2395 4632 pOpulis
2419 4564 2632 4615 densam
2656 4563 2947 4619 instruxere
2973 4565 3303 4636 phalangem.

1872 4671 1944 4725 At
1991 4672 2307 4738 enimvero,
2344 4688 2412 4727 ne
2452 4672 2580 4728 dum
2635 4677 2764 4731 furti
2808 4678 2942 4733 alios
2991 4679 3270 4745 insimulo,
3303 4677 3433 4734 furti

1869 4766 2074 4820 crimen
2105 4767 2326 4821 subeam
2352 4769 2463 4834 ipse
2494 4782 2730 4836 quoque,
2759 4770 2981 4837 quinam
3012 4770 3155 4826 furta
3196 4772 3298 4826 ista
3329 4788 3431 4841 pa-

1869 4857 2148 4913 tefecerint
2198 4857 2470 4911 indicabo.
2525 4855 2834 4926 Lysimachi
2885 4869 3103 4914 exstant
3168 4860 3247 4914 De
3276 4861 3432 4930 furtis

1870 4947 2071 5020 Ephori
2103 4948 2226 5003 libri
2259 4948 2388 5001 duo.
2427 4945 2625 5000 Eadem
2660 4948 2872 5003 Alcaeus
2907 4951 3432 5005 contumeliosorum

1869 5042 2172 5096 iamborum
2205 5041 2764 5109 epigrammatumquc
2810 5041 3063 5111 scriptor,
3101 5042 3274 5097 faceto
3312 5060 3433 5097 car-

1869 5135 2032 5189 minis
2059 5148 2252 5203 genere
2274 5132 2538 5200 coarguit.
2576 5131 2817 5186 Polionis
2839 5132 2919 5184 Ad
2947 5131 3283 5187 Soterindam
3316 5135 3430 5202 epi-

1865 5227 2058 5280 stolam
2091 5225 2152 5277 de
2183 5224 2392 5289 Ctesias,
2420 5225 2655 5294 itemque
2678 5223 2875 5276 librum
2894 5222 2968 5274 De
2992 5221 3248 5278 Herodoti
3273 5224 3428 5293 furtis

1871 5319 2154 5372 habemus.
2207 5315 2261 5367 ln
2293 5331 2358 5369 eo
2399 5315 2671 5378 similiter,
2701 5314 2788 5369 cui
2819 5314 3007 5368 titulus
3044 5324 3146 5380 est,
3193 5314 3422 5385 Indaga-

1869 5421 2027 5469 tores,
2055 5409 2119 5461 de
2161 5405 2512 5475 Theopompo
2537 5406 2703 5460 multa
2738 5407 3009 5473 leguntur.
3053 5405 3425 5463 Exstatetiam

1805 5551 1810 5557 ,
1865 5498 2116 5552 Aretadis
2171 5495 2248 5550 De
2303 5496 2524 5566 fortuita
2584 5497 2939 5549 convenientia
2995 5513 3133 5566 opus
3187 5498 3425 5568 aliquod,

1866 5589 2008 5644 unde
2043 5588 2355 5658 hujusmodi
2392 5589 2646 5658 pleraque
2675 5589 2890 5641 haurire
2939 5589 3116 5642 liceat.
3163 5590 3430 5646 Rursum-

1935 5749 2045 5820 115)
2084 5752 2146 5802 Οἱ
2171 5748 2222 5800 δ’
2249 5749 2397 5802 ἐπεί.
2434 5748 2664 5814 Passmi,
2705 5760 2758 5802 ul
2791 5747 2953 5802 Iliad.
2987 5749 3065 5812 Il',
3093 5749 3216 5804 565.

3038 5909 3114 5967 ‘33
