4042 6384
514 326 614 384 ’179

1185 331 1458 389 susse"
1498 330 1982 388 cmssnmusrs
2024 329 2173 386 opp.
2220 326 2404 386 pass
2443 331 2511 387 ιι.
2555 292 3162 387 rhtpowcmtcs.

3663 330 3781 383 τοι)

513 459 617 513 que
648 453 774 514 post
797 444 903 500 alia
930 451 1176 516 quaedam
1206 464 1219 500 :
1248 446 1565 518 Plagiarios,
1590 447 1766 516 inquit
1794 446 2086 509 Prosenes,

2194 445 2375 518 ἕτερα,
2424 445 2517 500 καὶ
2557 448 2586 500 6
2640 447 2957 518 Προσήνηςο
3004 447 3143 509 Τοὺς
3193 438 3291 516 μὲν
3351 443 3582 508 ἄλλους,
3639 442 3778 512 ἔφη,

508 536 648 590 alios
682 537 1016 607 prodidistis.
1053 539 1122 594 At
1150 537 1431 593 Platonem
1455 539 1606 594 illum
1635 539 1903 604 divinum,
1930 539 2087 609 cuius

510 643 540 682 ο
588 631 809 685 nomine
863 631 1061 685 festum
1105 630 1274 703 468
1328 631 1473 686 hunc
1518 631 1661 687 diem
1712 632 2078 695 celebramus,

508 733 702 775 eorum
758 722 999 791 scriptis,
1050 721 1143 791 qui
1195 729 1321 775 ante
1371 737 1431 777 se
1462 722 1738 789 vixerunt,
1798 722 2086 793 permultis

513 813 664 867 abuti
721 812 919 882 (furem
954 813 1100 868 enim
1138 814 1298 868 talem
1333 814 1509 869 virum
1538 815 1811 884 appellare
1844 830 1955 868 non
1986 830 2088 868 au-

512 905 660 976 deo,)
701 915 945 961 vestrum
994 905 1175 959 adhuc
1225 921 1385 961 nemo
1417 906 1797 977 deprehendit.
1849 906 1988 974 Quid
2025 916 2086 961 tu

512 999 634 1053 ais?
688 996 865 1067 inquit
888 996 1161 1052 Callictes.
1210 995 1302 1052 llle
1348 1005 1572 1053 autem:
1626 996 1921 1053 Enimvero
1975 1013 2085 1053 non

400 1153 405 1157 ρ
510 1098 723 1144 tantum
757 1088 871 1155 aio,
897 1088 990 1142 sed
1025 1089 1190 1142 etiam
1222 1087 1403 1144 verbis
1431 1091 1610 1158 reipsa
1635 1087 1796 1143 fidem
1824 1088 2082 1160 adjungo.

511 1180 661 1235 Libri
693 1179 911 1250 quidem
942 1194 1158 1242 eorum,
1207 1179 1300 1250 qui
1335 1189 1492 1235 aetate
1521 1178 1803 1235 Platonem
1835 1190 2086 1237 anteces-

511 1273 706 1341 serint,
758 1280 976 1328 exstant
1028 1287 1163 1327 sauc
1220 1272 1501 1343 perpauci,
1548 1287 1785 1342 quorum
1840 1272 1887 1327 si
1928 1276 2084 1344 cupia

510 1368 673 1433 foret,
705 1367 862 1437 plura
898 1364 1149 1421 fortassis
1178 1365 1341 1435 hujus
1367 1366 1675 1436 philosophi
1706 1364 1851 1421 furta
1883 1366 2083 1437 depre-

510 1461 684 1515 hensa
714 1456 910 1512 forent.
952 1457 1097 1513 Casu
1134 1472 1265 1513 vero
1297 1458 1430 1513 mihi
1465 1473 1758 1514 occurrere
1793 1459 2078 1514 nonnulla.

509 1550 647 1607 Cum
684 1551 829 1605 enim
871 1549 1181 1620 Protagorae
1223 1548 1419 1603 librum
1462 1549 1539 1603 De
1565 1559 1681 1604 eute
1727 1551 2083 1622 perlegerem,

510 1645 598 1701 his
633 1645 784 1699 illum
816 1657 917 1715 ego
957 1642 1286 1705 rationibus,
1338 1657 1456 1708 eos,
1510 1642 1604 1712 qui
1654 1657 1750 1698 ens
1819 1642 2085 1698 duntaxat

2192 538 2425 602 κλέπτας
2473 539 2791 611 ὲφωράσατε
2810 556 2824 568 ·
2865 540 2947 592 ὃτι
2973 540 3031 593 δὲ
3077 541 3170 593 καὶ
3191 540 3351 604 αὐτὸς
3391 536 3548 605 οὗτος
3572 540 3603 593 6
3628 537 3783 610 ἱερὸς

2189 632 2433 697 Πλάτων,
2464 626 2527 685 οὗ
2568 633 2665 704 τὴν
2694 632 2978 704 ἐπώνυμον
3026 635 3219 706 ἑορτὴν
3253 635 3493 705 σήμερον
3522 646 3784 701 πανηγυ-

2192 720 2434 793 ρίζομεν,
2462 721 2673 786 πολλοῖς
2703 722 3044 793 καταχρῆται
3077 723 3184 776 τῶν
3217 724 3323 795 πρὸ
3348 721 3534 786 αὐτοῦ,
3567 717 3781 792 (al.6013-

2193 830 2291 885 μαι
2322 813 2432 886 γὰρ
2479 814 2556 885 τῷ
2604 816 2701 885 τῆς
2748 814 2955 885 κλοπῆς
3009 816 3232 886 ὀνόματι
3278 814 3370 867 ἐπὶ
3428 812 3614 866 τούτου
3643 809 3787 881 χρῆ-

2192 906 2374 978 σθαι·)
2414 906 2595 961 οὐκέτι
2640 906 3024 979 κατειλήφατε.
3062 909 3129 961 Τί
3160 907 3373 975 λέγειςς
3430 905 3534 975 ἔφη
3562 906 3592 957 6
3623 901 3783 956 Καλ-

2189 997 2391 1069 λιέτης.
2438 999 2510 1052 Οὐ
2559 998 2701 1066 λέγω
2748 999 2928 1069 μόνον,
2958 1001 3142 1071 φησιν,
3170 998 3307 1052 ἀλλά
3336 1000 3431 1052 καὶ
3460 998 3562 1067 τὴν
3592 996 3786 1050 πίστιν

2189 1089 2267 1161 τῷ
2300 1089 2444 1162 λόγῳ
2505 1092 2744 1163 παρέχω.
2795 1091 3005 1146 Σπάνια
3031 1092 3087 1145 δὲ
3132 1092 3200 1145 τὰ
3229 1091 3337 1144 τῶν
3369 1090 3475 1162 πρὸ
3512 1087 3609 1142 τοῦ
3637 1087 3786 1141 11λά-

2188 1199 2356 1247 τωνος
2387 1183 2688 1252 γεγονότων
2725 1182 2902 1253 βιϐλία
2925 1201 2938 1213 ·
2976 1185 3096 1237 ἐπεὶ
3144 1184 3274 1247 ἴσως
3318 1182 3543 1246 πλείους
3578 1180 3646 1235 ἄν
3694 1196 3783 1242 τις

2189 1273 2441 1347 ἐφώρασε
2487 1275 2580 1329 τοῦ
2633 1277 2923 1345 φιλοσόφου
2972 1277 3197 1340 κλοπάς.
3243 1273 3386 1344 Ἐγὼ
3430 1274 3475 1328 δ’
3521 1270 3615 1327 οὖν
3662 1288 3782 1325 τισι

2188 1368 2330 1423 κατά
2363 1371 2534 1441 τύχην
2580 1370 2938 1441 ὲμπέπτωκα.
2968 1369 3333 1443 Πρωταγόρου
3364 1368 3475 1440 γὰρ
3506 1366 3596 1421 τὸν
3628 1364 3779 1420 Περὶ

2186 1464 2295 1519 τοῦ
2322 1465 2495 1533 ὄντος
2540 1466 2926 1536 ἀναγινώσκων
2972 1467 3148 1537 λόγον,
3195 1466 3331 1538 πρὸς
3361 1466 3489 1529 τοὺς
3523 1464 3584 1518 ἓν
3614 1463 3680 1517 τὸ
3719 1464 3784 1515 δν

2187 1559 2507 1627 εἰσάγοντας
2528 1559 2805 1624 τοιαύταις
2828 1560 2989 1614 αὑτὸν
3020 1559 3258 1629 εὑρίσκω
3291 1555 3574 1628 χρώμενον
3607 1556 3785 1609 ἀπαν-

2188 1653 2437 1723 τήσεσινο
2488 1650 2797 1704 ἐσπούδασα
2830 1651 2936 1722 γὰρ
2984 1652 3173 1713 αύταῖς
3214 1649 3391 1717 λέξεσι
3431 1648 3502 1702 τὰ
3542 1648 3781 1720 ρηθέντα

510 1753 681 1791 unum
735 1751 856 1791 esse
907 1735 1119 1796 volunt,
1171 1732 1424 1789 refellere
1472 1733 1751 1805 comperi:
1802 1733 1909 1790 hoc
1936 1736 2081 1790 enim

2194 1740 2573 1814 μνημονεύειν.
2607 1761 2625 1794 ι
2655 1743 2766 1796 Καὶ
2792 1743 2944 1796 ταῦτ’
2975 1740 3166 1805 εἰπὼν,
3199 1741 3287 1795 διά
3302 1740 3564 1794 πλειόνων
3595 1739 3782 1810 τίθησι

510 1829 616 1900 egi,
651 1839 710 1881 ut
758 1843 878 1897 qua!
928 1827 996 1881 ab
1045 1826 1137 1879 illo
1182 1825 1323 1880 hanc
1368 1826 1422 1879 in
1458 1840 1573 1879 rem
1617 1825 1987 1895 disputantur,
2017 1825 2083 1879 ad

2194 1805 2319 1897 tam"
2338 1833 2659 1900 ἀποδείξεις.
2709 1834 2851 1886 Ἀλλ’
2903 1837 3088 1899 ὁποῖος
3140 1835 3237 1905 μὲν
3288 1832 3397 1887 τῶν
3448 1805 3782 1904 Ἑλληνικῶν

509 1922 734 1976 verbum
751 1907 1241 1976 edisceremallzec
1270 1918 1386 1988 ipse
1412 1916 1693 1987 praefatus,
1716 1916 1904 1971 multis
1930 1916 2085 1970 dein-

509 2028 638 2083 ceps
696 2012 826 2067 dicti
898 2010 982 2065 sui
1029 2009 1314 2065 veritatem
1386 2008 1746 2064 demonstrat.
1808 2007 2084 2074 Sedenim,

509 2102 815 2176 cuiusmodi
859 2099 1177 2158 Graecorum
1224 2100 1559 2171 scriptorum
1604 2100 1745 2154 ratio
1789 2099 1881 2165 sit,
1914 2106 2084 2169 utque

508 2216 580 2256 ne
623 2197 831 2254 mutuis
870 2195 1090 2267 quidem
1130 2193 1363 2248 aliorum
1409 2193 1502 2247 alii
1557 2191 2082 2263 reprehensionibus

506 2292 871 2365 pepercerint,
900 2289 982 2343 vel
1008 2304 1075 2342 ex
1103 2287 1245 2349 istis,
1276 2301 1399 2357 qua:
1432 2285 1501 2341 de
1523 2284 1753 2340 infinitis
1773 2299 1944 2354 pauca
1978 2284 2089 2337 col-

507 2387 637 2458 lcgi,
686 2385 819 2441 satis
862 2390 1117 2437 constare
1168 2379 1444 2435 existimo.
1500 2376 1620 2432 Jam
1672 2392 1836 2443 vero,
1883 2384 1944 2431 ut
1998 2377 2084 2431 via

509 2467 739 2539 summa:
787 2481 865 2535 illi
916 2466 1148 2534 utilitati'
1194 2475 1366 2546 magis
1446 2472 1733 2542 magisque
1787 2476 2082 2535 sternatur,

508 2592 632 2646 qua:
664 2575 718 2629 in
749 2572 970 2628 Graecos
997 2569 1350 2624 Hebraeorum
1388 2581 1450 2620 ex
1492 2562 1693 2617 litteris
1734 2560 2081 2625 redundavit,

511 2667 783 2722 facturum
818 2677 905 2717 me
947 2658 1320 2715 necessarium
1378 2668 1558 2724 operte
1602 2650 1838 2722 pretium
1871 2651 2084 2718 putavi,

508 2759 554 2815 si
587 2771 807 2811 omnem
839 2754 1011 2819 illam,
1042 2766 1165 2821 quae
1186 2756 1467 2817 tantopere
1487 2745 1747 2816 iactatur,
1778 2743 2082 2798 doctrinam

507 2845 1022 2920 philosophiamque
1071 2839 1411 2902 Graecorum,
1478 2847 1694 2888 necnon
1753 2846 1947 2887 eorum
1977 2832 2088 2903 pri—

510 2940 716 2994 marias
740 2949 987 3007 quasque
1014 2931 1355 3003 disciplinas,
1388 2930 1778 2996 momentaque
1803 2926 1940 2981 artis
1971 2927 2087 2982 dis-

2192 1925 2551 1997 συγγραφέων
2588 1928 2618 1979 6
2655 1926 2875 1998 τρόπος,
2910 1927 2993 1979 ὅτι
3022 1942 3081 1979 τε
3117 1926 3237 1979 οὐδὲ
3279 1926 3373 1978 τοῦ
3402 1926 3525 1979 καθ’
3567 1925 3787 1979 ἑαυτὰ)

2188 2019 2479 2088 ἐφείσαντο
2528 2017 2773 2088 ἐλέγχου,
2815 2019 3006 2090 ἀρκεῖν
3045 2016 3154 2070 ἀπὸ
3199 2017 3407 2089 μυρίων
3443 2017 3784 2088 ήγοῦμαιτὰ

2190 2110 2479 2182 είρημένα.
2513 2110 2634 2162 Ἔτι
2671 2109 2727 2162 δὲ
2765 2112 2846 2174 είς
2892 2110 3350 2182 προπαρασκευὴν
3382 2111 3483 2181 τῆς
3520 2108 3632 2163 ἀπὸ
3667 2108 3782 2161 τῶν

2208 2199 2512 2272 Ἑϐραϊκῶν
2537 2198 2710 2268 λόγων
2736 2200 3090 2273 ὲπιρῤυείσης
3115 2202 3194 2264 είς
3217 2200 3484 2271 Ἕλληνας
3508 2199 3785 2268 ὠφελείας

2195 2286 2253 2344 εὖ
2293 2286 2380 2361 μοι
2414 2291 2561 2343 δοκεῖ
2588 2290 2682 2343 καὶ
2713 2290 3024 2359 ἀναγκαίως
3069 2289 3298 2344 καθόλου
3350 2291 3541 2361 πᾶσαν
3569 2288 3786 2343 ἀποδεξ-

2196 2348 2404 2452 ξαιιτὴν
2440 2380 2721 2453 βοωμένην
2768 2348 3033 2452 Ἑλλήνων
3068 2380 3314 2434 παιδείαν
3344 2396 3405 2432 τε
3434 2348 3542 2433 καί
3569 2378 3785 2448 φιλοσο-

2193 2474 2345 2544 φίαν,
2386 2473 2457 2527 τά
2487 2491 2546 2527 τε
2577 2475 2769 2546 πρῶτα
2802 2474 2980 2528 αυτῶν
3017 2473 3335 2546 μαθήματα,
3377 2472 3474 2525 καὶ
3503 2470 3575 2526 τὰ
3603 2472 3784 2542 σεμνὰ

2192 2566 2290 2640 τῆς
2314 2567 2540 2637 λογικῆς
2573 2569 2905 2639 ἐπιστήμης,
2939 2567 3046 2621 ἀπὺ
3097 2566 3386 2639 βαρϐάρων
3418 2567 3604 2630 αὐτοῖς
3647 2582 3785 2634 συμ-

2195 2659 2573 2733 πεφορημένα,
2604 2659 2680 2723 ὡς
2710 2659 2776 2713 ἂν
2807 2658 2998 2732 μηκέθ’
3027 2661 3157 2730 ἡμῖν
3187 2658 3556 2730 ἐπιμέμφοιτό
3577 2674 3665 2720 τις
3687 2658 3787 2710 αῦ-

2192 2748 2322 2815 τῶν,
2352 2750 2435 2802 ὅτι
2476 2749 2538 2821 δὴ
2579 2749 2677 2821 τὴν
2714 2749 2865 2823 παρὰ
2895 2753 3008 2814 τοῖς
3053 2749 3347 2823 βαρϐάροις
3394 2748 3679 2803 εὐσέϐειάν
3715 2766 3786 2801 τε

2196 2841 2291 2895 καὶ
2322 2840 2638 2911 φιλοσοφίαν
2680 2841 2787 2896 τῶν
2822 2843 2953 2914 παρ’
2987 2843 3171 2906 αὐτοῖς
3199 2841 3409 2914 σεμνῶν
3452 2844 3767 2915 προτετιμή

2197 2947 2398 3004 καμεν.

509 3031 725 3089 serendi
770 3028 1043 3100 graviora,
1077 3024 1281 3094 passim
1323 3036 1418 3076 cos
1451 3033 1773 3091 corrogasse
1802 3034 1834 3073 ο
1864 3018 2114 3075 barbaris
2163 3025 2418 3083 universe
2462 3026 2755 3083 ostendero
2798 3044 2813 3082 :
2853 3041 2920 3081 ne
2947 3026 3073 3097 quis
3103 3028 3345 3097 ipsorum
3379 3026 3615 3096 amplius
3648 3041 3786 3097 pro-

508 3126 609 3179 bro
635 3123 792 3178 nobis
818 3129 1024 3176 vertere
1057 3116 1275 3180 audeat.
1301 3112 1448 3178 quod
1477 3112 1729 3167 haustam
1768 3126 1799 3165 a
1838 3110 2089 3168 barbaris
2147 3115 2463 3187 religionem
2507 3128 2670 3190 atque
2692 3119 3095 3190 pliiloSOphiam
3127 3117 3374 3188 angustis
3424 3118 3533 3172 illis
3584 3133 3789 3174 eorum

510 3218 792 3293 mysteriis
833 3214 1102 3287 potiorem
1137 3208 1515 3265 habuerimus.

1109 3322 1340 3382 CAPUT
1384 3322 1476 3379 1V.

512 3447 668 3515 Quod
699 3462 801 3499 non
822 3446 935 3499 sine
965 3457 1130 3515 causa
1160 3438 1511 3515 H‘e‘brworunt
1532 3437 1857 3515 theologiam
1882 3437 2088 3494 Greco-

812 3532 929 3569 rum
955 3511 1295 3582 philosophia:
1321 3508 1732 3579 pratulerimus.

581 3631 739 3700 Quod
771 3645 879 3685 non
928 3627 1049 3683 sine
1099 3636 1316 3681 maturo
1365 3638 1610 3694 sanoque
1641 3623 1897 3690 consilio,
1934 3631 2088 3693 post-

511 3726 698 3783 habita
733 3722 1047 3779 Graecorum
1080 3717 1453 3789 philosophia,
1504 3714 1856 3772 Hebraeorum
1880 3715 2091 3771 theolo-

511 3819 656 3892 giam
678 3813 947 3885 complexi
978 3811 1265 3873 fuerimus,
1302 3808 1390 3863 vel
1424 3822 1492 3864 ex
1522 3822 1589 3863 eo
1623 3808 1758 3863 satis
1794 3806 2087 3876 intelligas,

511 3910 658 3982 quod
690 3924 721 3965 e
773 3905 979 3963 Graecis
1031 3918 1100 3959 ue
1150 3902 1227 3957 illi
1267 3900 1488 3972 quidem
1530 3899 1658 3970 ipsi,
1690 3898 1786 3969 qui
1837 3898 2085 3953 omnium

511 4001 716 4071 optime
762 3993 1166 4068 philosophiam
1202 3998 1600 4052 tractaverunt,
1651 3997 1704 4043 et
1750 3987 1962 4058 vulgari
2021 3988 2088 4043 de

510 4093 619 4147 diis
649 4086 997 4157 contritoque
1046 4097 1303 4140 sermone
1350 4080 1588 4152 amplius
1618 4078 1826 4150 aliquid
1879 4078 2091 4149 majus-

509 4199 621 4256 que
648 4181 980 4253 cogitarunt,
1011 4176 1118 4232 alia
1162 4173 1380 4230 veritati
1437 4180 1806 4230 consentanea
1851 4171 2091 4240 reperire

512 4281 768 4349 dogmata
802 4272 1105 4345 potuerint,
1141 4284 1305 4340 quam
1336 4283 1457 4338 quae
1480 4267 1621 4341 apud
1654 4264 2090 4349 Hebrazos'tanto

509 4381 638 4427 ante
666 4367 877 4425 sancita
904 4374 959 4419 et
1002 4363 1299 4419 constituta
1344 4360 1596 4415 fuissent.
1656 4356 1792 4412 Nam
1836 4371 1961 4411 cum
1998 4355 2088 4409 alii

511 4470 715 4516 temere
771 4464 908 4512 testu
957 4452 1193 4523 quodam
1250 4448 1510 4504 falsarqu
1564 4462 1630 4501 ac
1702 4443 2090 4514 multiplicium

510 4551 833 4623 opinionum
860 4546 1090 4615 abrepti,
1124 4541 1349 4598 tandem
1378 4540 1432 4594 in
1464 4539 1635 4595 altum
1669 4537 1868 4607 ineptae
1894 4537 2089 4605 loqua-

2731 3320 3128 3374 ΚΕΦΑΛΑΙΟΝ
3162 3322 3235 3373 Δν.

2195 3435 2318 3491 Ὅτι
2355 3436 2441 3505 μὴ
2495 3435 2730 3505 ἀλόγως
2778 3432 2894 3501 τὴν
2936 3432 3071 3505 παρξ
3122 3431 3406 3499 Ἑϐραίοις
3461 3429 3788 3505 θεολογίαν

2262 3499 2373 3575 τῆξ
2424 3499 2730 3571 Ἑλλήίιων
2771 3499 3137 3573 φιλοσοφίας
3174 3499 3703 3571 προτετιμήκαμεν.

2265 3619 2386 3671 Ὅτι
2422 3616 2497 3688 μὴ
2532 3616 2659 3671 ἄνευ
2688 3616 2846 3685 λόγου
2877 3614 3171 3687 σώφρονος,
3205 3613 3432 3685 δεύτερα
3458 3612 3676 3684 θέμενοι
3708 3610 3789 3665 τὰ

2191 3713 2290 3784 τῆς
2332 3710 2598 3780 Ἐλλήνων
2632 3707 2967 3778 φιλοσοφίας,
2991 3706 3090 3778 τὴν
3124 3706 3253 3778 παρ’
3297 3704 3568 3775 Ἑϐραίοις
3597 3701 3786 3755 θεολο-

2191 3797 2316 3867 γίαν
2364 3794 2865 3866 προτετιμήκαμεν,
2915 3790 3101 3862 γνοίης
3154 3788 3239 3855 ἂν,
3300 3786 3505 3859 μαθὼν,
3555 3786 3632 3850 ὡς
3683 3785 3787 3838 καὶ

2192 3885 2371 3940 αὐτῶν
2422 3882 2689 3955 Ἐλλήνων
2740 3882 2790 3934 οἱ
2836 3878 2901 3952 δὴ
2952 3879 3184 3951 μάλιστα
3231 3877 3518 3952 ὀρθότερον
3563 3876 3787 3945 φιλοσο-

2192 3976 2320 4046 φίας
2349 3975 2638 4046 ἁψάμενοι,
2667 3973 2760 4027 καί
2793 3991 2844 4027 τι
2887 3970 3048 4026 πλέον
3081 3972 3176 4025 καὶ
3225 3969 3410 4044 μεῖξον
3438 3969 3539 4041 τῆς
3575 3969 3785 4040 πανδή-

2196 4086 2296 4141 μου
2340 4069 2468 4141 περὶ
2505 4066 2642 4121 θεῶν
2682 4065 2855 4137 ἀκοῆς
2899 4063 3291 4135 διανοηθέντες,
3325 4061 3435 4115 οὐδ’
3476 4060 3642 4132 ἕτερα
3667 4060 3785 4114 τῶν

2194 4164 2344 4231 παρὰ
2370 4164 2481 4225 τοῖς
2516 4159 2786 4230 Ἑϐραίοις
2811 4154 3321 4229 προκεκυρωμένων
3350 4152 3579 4224 ἐφεῦρον
3600 4151 3782 4222 ἀληθῆ

2192 4252 2454 4322 δόγματα.
2507 4252 2569 4304 Οἱ
2623 4250 2721 4322 μὲν
2768 4247 2878 4318 γὰρ
2919 4245 3084 4316 ἄλλην
3122 4245 3296 4309 ἄλλως
3335 4242 3448 4316 (16)
3499 4242 3783 4304 ποικίλαις

2192 4342 2557 4415 ψευδοδοξὶαις
2600 4338 2959 4412 ἀπαχθέντες,
2986 4340 3066 4401 είς
3088 4336 3248 4408 βυθὸν
3275 4334 3587 4406 ἀδολεσχίας
3619 4351 3783 4406 περι-

2195 4438 2550 4511 ετράπησανο
2603 4434 2653 4487 οἱ
2722 4432 2779 4484 δέ
2824 4447 2889 4500 γε
2936 4429 3119 4493 ποσῶς
3163 4426 3442 4499 ἀγνώμονι
3476 4425 3590 4497 (17)
3632 4425 3783 4495 λογι-

2198 4529 2318 4601 σμῷ
2346 4526 2696 4599 κεχρημένοι,
2732 4527 2790 4579 ὲν
2816 4519 2897 4589 οἷς
2933 4522 3032 4593 τῆς
3071 4518 3338 4592 τάληθοῦς
3364 4517 3646 4591 ἐφήψαντο
3673 4534 3782 4571 κα-

511 4612 694 4701 citatis
736 4612 1010 4713 gurgitem
1044 4635 1204 4693 effusi
1262 4642 1425 4701 sunt;
1463 4643 1578 4688 tum
1638 4631 1715 4685 illi
1754 4630 2087 4701 sane,paulo

2194 4623 2504 4695 ταλήψεως,
2534 4623 2592 4675 ὲν
2634 4619 2845 4683 τούτοις
2886 4618 2985 4689 τῆς
3029 4615 3296 4688 Ἐϐραίων
3325 4612 3572 4668 κοινωνοὶ
3600 4613 3784 4682 πεφή-

512 4735 814 4795 sinceriore
876 4732 961 4788 usi
1012 4729 1245 4800 judicio,
1324 4726 1526 4797 quibus
1572 4723 1739 4796 469
1798 4722 1866 4779 de
1926 4723 2087 4777 rebus

2196 4730 2320 4769 νασι
2361 4710 2725 4774 διδασκαλίας.
2755 4708 2919 4771 Εἰκὸς
2960 4705 3054 4761 οὖν
3098 4703 3431 4776 πολυμαθεῖς
3460 4701 3782 4772 γεγονότας,

510 4842 696 4883 veram
725 4825 909 4880 animo
931 4822 1209 4877 notionem
1242 4817 1629 4881 iuformaruut,
1660 4816 1713 4869 in
1756 4814 1825 4869 iis
1864 4812 2090 4882 quidem

512 4919 838 4977 nonnullum
875 4932 932 4971 se
974 4912 1255 4969 Hebraicaa
1289 4909 1551 4965 doctrinae
1587 4916 1802 4978 gustum
1835 4903 2095 4958 habuisse

512 5012 815 5068 declarant.
854 5007 1053 5062 Etvero
1106 5010 1535 5059 consentaneum
1564 4998 1750 5068 utique
1784 5005 1888 5061 est,
1920 4993 2093 5064 utqui

513 5116 698 5157 rerum
755 5099 860 5154 sibi
909 5096 1202 5152 multarum
1251 5090 1618 5163 cognitionem
1679 5092 2093 5156 compararunt,

515 5205 809 5262 moresque
847 5186 1173 5260 populorum
1229 5192 1393 5252 atque
1443 5178 1765 5248 disciplinas
1814 5176 2097 5232 curiosius

513 5288 895 5360 explorarunt,
927 5281 963 5335 ii
1006 5294 1104 5334 nec
1134 5278 1376 5339 illorum,
1424 5274 1491 5329 de
1534 5272 1736 5343 quibus
1788 5269 2093 5339 loquimur,

588 5440 702 5512 (16)
740 5433 1233 5512 ΑἈλλῃνκᾶλλως.
1285 5429 1468 5512 Malim
1524 5425 1887 5512 ἀλληνάλλως,
1936 5423 2096 5478 unica

516 5497 753 5574 voce,“
783 5520 866 5564 est
890 5497 965 5570 ὥς
994 5506 1202 5576 ἔτυχεν,
1236 5512 1293 5556 ut
1316 5501 1551 5576 explicat
1576 5497 1791 5576 S_uitl.as.

590 5563 1323 5653 (ﬁliiﬁAﬁrtbjt-ow.“scim”
1350 5563 1519 5653 Ρςίίῧίῑ
1560 5565 1888 5653 ἷῨγΫώμονίῖ
1913 5563 2097 5653 Qu??-

518 5633 697 5724 quamf
724 5633 827 5720 legi
868 5633 1031 5702 etiam
1057 5645 1235 5724 possit
1263 5633 1538 5724 γνώμονι..
1569 5633 1773 5724 Vulgus
1792 5637 1973 5724 ﬁlii-lli,
2003 5633 2097 5724 ἁλῖ

524 5706 819 5794 ἶηνάλὶωξξ
848 5706 1395 5777 ιοιιιειόῚοιεὺιιίιινξ
1425 5708 1737 5794 philosophi
1785 5706 2013 5776 judicio,
2044 5714 2098 5758 et

518 5781 953 5847 ratiocinatione,
997 5797 1257 5857 tauquam
1291 5784 1473 5853 regula
1508 5781 1741 5852 quadam
1775 5795 1835 5833 ac
1869 5792 2097 5847 perpen-

520 5864 699 5917 diculo
732 5861 1040 5915 utebantur.

2196 4805 2264 4860 τά
2282 4822 2341 4858 τε
2360 4803 2468 4857 τῶν
2495 4802 2663 4856 ἐθνῶν
2680 4800 2890 4872 νόμιμά
2911 4817 2970 4852 τε
2985 4798 3080 4853 καὶ
3097 4796 3394 4869 μαθήματα
3423 4794 3757 4866 περιεργότε

2200 4913 2290 4968 ρον
2316 4893 2665 4966 ἐξητακότας.
2688 4891 2783 4945 καὶ
2805 4891 2901 4962 τὴν
2913 4889 3019 4942 τῶν
3041 4886 3382 4960 δηλουμένων
3414 4884 3489 4956 μὴ
3510 4883 3787 4953 ἀγνοῆσαι

2198 4988 2534 5058 φιλοσοφίαν,
2555 4984 2853 5055 νεωτέρους
2882 4982 2981 5053 μὲν
3005 4979 3084 5051 τῷ
3106 4980 3304 5052 χρόνῳ,
3328 4979 3404 5041 ὡς
3426 4977 3559 5041 ἔπος
3581 4980 3785 5040 εἰπεῖν,

2198 5081 2452 5135 ἁπάντων
2482 5078 2581 5147 οὐχ
2615 5074 2881 5147 Ἑϐραίων
2917 5072 3076 5145 μόνον
3104 5071 3238 5143 (18),
3259 5069 3383 5124 οὐδέ
3405 5085 3471 5138 γε
3514 5067 3787 5122 Φοινίκων

2199 5173 2294 5227 καὶ
2325 5170 2654 5240 Αἰγυπτίων,
2679 5167 2813 5221 ἀλλὰ
2842 5167 2935 5220 καὶ
2969 5162 3149 5218 αὐτῶν
3182 5161 3290 5214 τῶν
3318 5159 3562 5213 παλαιῶν
3586 5157 3785 5228 Ἑλλήο

2158 5264 2161 5271 ’
2200 5283 2306 5319 νων
2337 5263 2554 5334 φύντας.
2593 5256 2688 5325 Οἷς
2714 5259 2783 5313 τὰ
2809 5260 2908 5332 μὲν
2937 5261 3002 5312 ὲκ
3028 5256 3280 5326 Φοινίκης
3306 5252 3526 5324 Κάδμος
3550 5253 3579 5305 6
3625 5252 3785 5322 ’Δγή-

2275 5419 2391 5490 (18)
2436 5419 2717 5490 Ἑϐραίων
2737 5416 2949 5490 μόνον,
2977 5424 3081 5490 etc.
3104 5412 3389 5490 _Diogeqes
3422 5409 3697 5490 _Lacrtius,_
3727 5408 3784 5490 in

2231 5479 2482 5551 rdmmio,
2509 5479 2580 5542 Τὸ
2609 5486 2706 5554 τῆς
2738 5479 3073 5556 ’φιλοσοφίας
3102 5479 3260 5556 ἔργον
3305 5479 3435 5556 ἔνιοί
3458 5495 3644 5556 ’φαειν
3674 5480 3785 5533 ἀπὸ

2231 5507 2482 5551 ιὀαηηιο,
2510 5507 2580 5542 ἰο
2609 5507 2706 5554 της
2755 5507 3072 5556 φιλοσοφιας
3102 5507 3127 5536 ε
3167 5507 3260 5551 γον
3305 5507 3435 5535 δνιυι
3480 5507 3644 5549 ψαυιν
3674 5507 3785 5533 ιιπυ

2192 5507 2487 5632 ᾃαρϐάρων
2516 5558 2695 5630 ἄρξαι·
2731 5553 3058 5626 γεγενῆσθαι
3089 5507 3198 5625 «(Ep
3229 5551 3379 5623 παρά
3417 5552 3513 5623 μὲν
3544 5551 3785 5621 Πέρσαις

2194 5632 2444 5682 Μάγους.
2495 5630 2645 5682 παρὰ
2688 5628 2746 5680 δὲ
2801 5625 3159 5682 Βαϐυλωνίοις
3206 5624 3239 5682 ἢ
3289 5622 3593 5682 Ἀσσυρίοις
3637 5619 3776 5672 Χαλ-

2194 5624 2444 5700 Μᾶγους,
2495 5624 2645 5701 παρὰ
2688 5624 2753 5680 δε
2801 5624 3240 5696 Βαϐυλωνίοιςῆ
3289 5624 3593 5692 Ἀσσυρίοις
3637 5624 3776 5672 Χαλ-

2193 5702 2403 5779 δαίους,
2451 5700 2545 5779 κα).
2569 5696 3026 5779 [υμνοσοφιστάς
3074 5696 3225 5779 παρὰ
3250 5688 3783 5779 ν’ῐνδοῖςιςᾲτξὶαράητξ

2195 5757 2420 5893 Kal-cog;
2450 5771 2541 5822 καὶ
2569 5757 2988 5831 Γαλάταιςτους
3024 5757 3391 5834 καλουμένους
3423 5757 3653 5832 Δρυΐδας
3687 5757 3783 5810 καὶ

2198 5845 2383 5907 Σεμνοπ
2411 5842 2549 5903 ἐους,
2580 5849 2685 5895 (16.
