4042 6384
295 367 412 418 ἳδι

1493 367 1813 422 primum.
1845 365 2096 424 EVANG.
2137 366 2264 421 LIB.
2307 357 2375 423 Χ.
3475 355 3583 424 nu

293 495 504 550 νορος,
529 479 602 533 τὰ
621 468 665 532 5i
696 475 755 546 ἐξ
783 479 1058 547 Αἰγύπτου
1086 479 1194 550 (19)
1226 481 1351 552 περὶ
1382 479 1538 546 θεῶν,
1564 480 1597 551 ἢ
1623 482 1715 534 καί
1743 481 1891 536 ποθει

2009 482 2368 551 phiIOSOphi-a:
2413 495 2581 551 genus
2615 480 2952 552 ignorarint:
2999 497 3123 536 cum
3179 481 3464 548 omnibus,
3521 484 3577 540 ul

292 570 573 638 ἄλλοθεν,
623 574 894 644 μυστήρια
920 573 1014 626 καὶ
1051 572 1292 636 τελετὰς,
1326 573 1528 638 ξοάνων
1557 591 1616 627 τε
1648 573 1900 644 ἱδρύσεις,

295 662 414 715 καὶ
463 651 692 733 ὕμνους,
721 662 865 734 ᾠδάς
915 679 975 715 τε
1019 662 1112 716 καὶ
1164 662 1396 732 ἐπῳδὰς,
1438 664 1554 734 ἦτοι
1595 665 1624 715 6
1672 663 1907 735 Θρᾴκιος

309 754 595 826 Ὀρφεὺς,
623 755 656 826 ἢ
709 755 801 808 καί
827 772 911 818 τις
951 755 1136 826 ἕτερος
1169 755 1447 828 ⁸Ἐλλην,ἢ
1481 756 1774 828 βάρϐαρος,
1806 757 1906 826 τῆς

295 851 536 923 πλάνης
585 847 820 923 ἀρχηγοὶ
870 851 1169 923 γενόμενοι,
1221 852 1616 922 συνεστήσαντο
1641 869 1652 880 ⁸
1702 852 1905 904 τούτων

297 941 430 1013 γὰρ
479 944 704 1007 οὐδένας
753 944 847 997 καὶ
901 945 1054 998 αὐτοὶ
1101 944 1166 998 ἂν
1207 943 1601 1014 ὁμολογήσαιεν
1649 943 1906 1014 Ἕλληνες

297 1034 718 1107 παλαιοτέρους
743 1035 956 1089 εἰδέναι.
984 1036 1208 1107 Πρῶτον
1236 1034 1366 1104 γοῦν
1395 1036 1648 1090 ἁπάντων
1682 1037 1906 1107 Ὀρφέα,

298 1121 439 1178 εἶτα
476 1127 541 1180 δὲ
575 1129 756 1191 Λῖνον,
789 1127 1024 1180 κᾶπειτα
1064 1129 1356 1191 Μουσαῖον,
1395 1129 1538 1198 ἀμφὶ
1567 1128 1635 1182 τά
1684 1129 1906 1200 Τρωϊκά

297 1218 693 1288 γενομένους,
753 1218 786 1290 ἢ
842 1217 1022 1291 μικρῷ
1079 1218 1314 1289 πρόσθεν
1358 1215 1665 1289 ἠκμακέναι
1720 1219 1901 1288 φασίν.

314 1300 500 1362 Ἀλλὰ
526 1312 668 1364 κατά
697 1327 758 1379 γε
791 1310 1010 1374 τούτους
1038 1310 1196 1363 πλέον
1225 1311 1377 1363 οὐδὲν
1405 1310 1504 1382 τῆς
1524 1311 1786 1364 Φοινίκων
1811 1313 1903 1366 καὶ

300 1402 640 1469 Αἰγυπτίων
675 1402 1050 1466 πολυπλανοῦς
1083 1401 1361 1468 θεολογίας
1389 1401 1541 1474 παρὰ
1568 1405 1680 1467 τοῖς
1709 1403 1903 1474 Ἔλλη-

303 1509 400 1545 σιν
454 1494 816 1547 ἐπολιτεύετο.
851 1494 962 1548 Καὶ
995 1493 1058 1565 δὴ
1089 1495 1184 1548 καὶ
1215 1496 1271 1546 ἐν
1312 1496 1426 1557 τοῖς
1454 1493 1658 1558 λοιποῖς
1703 1494 1902 1559 ἔθνεσι,

302 1585 462 1638 κατὰ
511 1586 690 1649 πάσας
735 1585 919 1657 χώρας
958 1602 1016 1638 τε
1052 1585 1144 1638 καὶ
1176 1583 1377 1647 πόλεις,
1416 1584 1472 1636 ἕν
1503 1603 1560 1637 τε
1606 1588 1770 1657 ἱεροῖς
1811 1587 1905 1640 καὶ

307 1677 668 1748 μυστηρίοις,
715 1676 850 1730 αὐτὰ
891 1677 954 1747 δὴ
987 1676 1179 1742 ταῦτα,
1224 1677 1317 1730 καὶ
1355 1678 1454 1739 ὅσα
1483 1677 1690 1741 τούτοις
1720 1679 1900 1748 ὃμοια,

306 1767 786 1839 παρεφυλάττετο.
819 1768 993 1832 Πολὺς
1019 1767 1146 1837 γοῦν
1187 1767 1338 1839 παρὰ
1366 1771 1478 1832 τοῖς
1507 1771 1668 1822 πᾶσιν
1707 1772 1735 1822 6
1771 1769 1900 1840 περὶ

304 1858 460 1912 θεῶν
490 1852 856 1931 προδηλωθεὶς
878 1860 1096 1932 ἐκράτει
1122 1860 1278 1928 λόγος
1303 1877 1316 1890 ·
1347 1859 1482 1924 νεώς
1515 1859 1626 1927 (‘20)
1654 1876 1712 1911 τε
1743 1876 1894 1930 περι-

305 1952 560 2015 καλλεῖς,
591 1948 866 2014 παντοίοις
907 1951 1185 2020 ἀγάλμασι
1238 1943 1332 2004 καὶ
1379 1948 1691 2021 ἀναθήμασι
1736 1967 1896 2003 κεκο-

310 2043 639 2114 σμημένους
671 2043 822 2114 παρὰ
844 2045 954 2106 τοῖς
995 2045 1160 2096 πᾶσιν
1182 2042 1481 2114 ἐξήσκηντο
1503 2058 1516 2071 ο
1549 2040 1689 2113 ἀτὰρ
1716 2041 1779 2112 δὴ
1805 2043 1898 2095 καὶ

311 2132 484 2199 ξόανα
520 2134 776 2198 παντοίας
812 2132 945 2204 ὖλης
975 2136 1056 2199 είς
1101 2137 1279 2187 πᾶσαν
1322 2133 1528 2205 θνητῶν
1559 2132 1711 2197 ζώων
1753 2133 1897 2187 ἰδέαν

310 2223 678 2295 τετυπωμένα
730 2224 1030 2292 φιλοκάλως
1081 2224 1414 2296 ἐξείργαστο.
1477 2223 1586 2278 Καὶ
1644 2223 1750 2296 μὴν
1805 2225 1897 2280 καὶ

315 2319 591 2387 μαντείων
637 2317 861 2390 πλείστη
903 2335 986 2382 τις
1033 2313 1100 2390 ἦν
1142 2320 1234 2372 καὶ
1279 2319 1509 2389 ἄφθονος
1565 2319 1715 2390 παρὰ
1763 2321 1896 2372 πᾶσι

317 2411 629 2480 περιουσία.
661 2411 865 2480 Σεμνός
895 2427 958 2480 γε
1001 2413 1107 2482 μήν
1148 2429 1230 2475 τις
1264 2411 1358 2465 καὶ
1392 2412 1561 2482 μέγας
1591 2410 1711 2474 θεὸς
1745 2410 1898 2482 παρὰ

311 2506 431 2566 τοῖς
469 2503 692 2574 Ἕλλησι
735 2503 1118 2575 διαφερόντως,
1168 2505 1228 2557 τὸ
1271 2504 1523 2576 τηνικάδε
1569 2504 1804 2576 μάλιστα
1829 2499 1896 2576 ἧν

313 2592 607 2662 ἀκμάζων,
658 2594 686 2645 ὁ
742 2593 959 2656 Πύθιος,
1010 2595 1104 2646 καὶ
1152 2596 1180 2647 6
1220 2594 1477 2665 Κλάριος,
1509 2595 1601 2647 καὶ
1632 2597 1660 2647 6
1708 2594 1896 2647 Δωδω-

316 2687 471 2749 ναῖος
513 2685 658 2756 (21)·
706 2680 822 2739 εἶτα
886 2684 1224 2756 Ἀμφιάρεως
1266 2686 1358 2738 καὶ
1420 2685 1758 2756 Ἀμφίλοχος,
1801 2687 1895 2738 καὶ

319 2780 414 2832 ἐπὶ
440 2776 649 2841 τούτοις
688 2779 874 2850 μυρίος
909 2778 1066 2840 ἄλλος
1092 2777 1359 2850 ἐπιρρέων
1385 2777 1722 2849 χρησμῳδῶν
1756 2777 1889 2848 μᾶλ-

317 2868 432 2931 λον,
461 2867 493 2941 ἢ
529 2868 765 2939 ποιητῶν
789 2886 844 2921 τε
880 2871 974 2922 καὶ
1036 2867 1298 2938 ῥαψῳδῶν
1327 2868 1500 2938 δχλος.
1529 2864 1628 2920 Ὧν
1663 2868 1894 2939 μακροῖς

321 2959 441 3014 ποθ’
473 2960 697 3031 ὕστερον
729 2957 938 3030 χρόνοις
967 2961 1046 3024 είς
1077 2959 1342 3030 Ἕλληνας
1376 2958 1721 3030 παρελθοῦσα
1747 2958 1894 3028 φιλο-

321 3053 507 3123 σοφία,
531 3053 694 3123 μηδὲν
724 3053 832 3105 τῶν
865 3053 1000 3123 αὐτῇ
1029 3051 1411 3124 προσηκόντων
1439 3051 1590 3124 παρὰ
1619 3053 1730 3114 τοῖς
1755 3066 1892 3122 προ-

2013 577 2091 630 ita
2131 576 2330 641 dicam,
2359 591 2470 630 non
2497 572 2738 630 Hebraeis
2781 575 2964 637 modo,
2993 575 3076 630 vel
3111 576 3484 641 thnicibus,
3527 579 3578 634 el

2012 667 2307 738 Aigyptiis,
2338 669 2430 722 sed
2463 667 2624 722 etiam
2658 667 2862 721 Grzecis
2895 667 3000 722 illis
3023 655 3426 738 antiquioribus
3451 678 3578 725 tem-

2011 774 2141 826 pore
2167 759 2416 827 juniores
2445 759 2773 813 exstiterint.
2819 757 3097 828 Siquidem
3133 760 3238 814 illis
3277 761 3471 830 partim
3501 777 3568 816 ex

2011 851 2267 905 Phaanice
2298 850 2536 904 Cadmus
2580 851 2836 920 Agenoris
2875 851 3039 916 lilius,
3071 852 3266 920 partim
3299 867 3364 906 ex
3405 839 3575 924 ΔΞωέ

2009 954 2120 1014 plo,
2167 945 2249 997 vel
2283 943 2591 1008 undeunde,
2635 958 2734 997 sua
2774 943 2864 997 illa
2897 945 3124 998 deorum
3176 945 3455 1016 mysteria,
3488 962 3576 1001 sa-

2012 1051 2340 1105 crorumque
2367 1035 2526 1101 ritus,
2562 1035 2845 1106 signorum
2887 1036 3297 1102 collocationes,
3324 1037 3576 1109 hymnos,-

2008 1127 2164 1191 odas,
2194 1129 2525 1197 epodasque,
2568 1143 2661 1180 seu
2700 1126 2968 1182 Thracius
3004 1127 3273 1197 Orpheus,
3320 1144 3418 1184 seu
3451 1133 3576 1201 qui-'-

2006 1220 2092 1274 vis
2139 1219 2232 1272 alii
2279 1218 2366 1272 vel
2413 1216 2696 1273 Graicchl
2755 1217 2996 1281 barbari,
3040 1219 3244 1274 erroris
3283 1219 3450 1275 duces
3515 1225 3575 1274 ad

2005 1307 2281 1380 principes
2321 1307 2696 1363 fabricarum:
2748 1323 2847 1363 nec
2895 1309 3040 1362 enim
3071 1309 3396 1365 vetustiores
3438 1310 3577 1367 alios

2004 1415 2125 1456 sese
2157 1400 2242 1455 vel
2296 1400 2400 1470 ipsi
2430 1414 2651 1469 quoque
2708 1398 2881 1454 Graeci
2937 1415 3098 1454 nosse
3150 1399 3440 1455 fateantur.
3495 1400 3576 1457 Ac

2004 1491 2241 1561 primum
2282 1489 2502 1559 quidem
2533 1487 2831 1558 Orpheum,
2879 1487 3076 1543 Linum
3126 1489 3270 1558 inde,
3315 1498 3432 1545 tum
3457 1491 3576 1544 Mu-

2005 1596 2197 1645 sarum,
2227 1581 2370 1636 circa
2397 1579 2633 1650 Trojaua
2677 1590 2942 1650 tempora,
2983 1581 3064 1635 vel
3095 1582 3261 1650 paulo
3302 1594 3431 1638 ante
3471 1583 3570 1638 ίιυέ

2004 1677 2179 1730 ruisse
2222 1676 2429 1731 volunt.
2483 1677 2644 1745 Atqui
2697 1675 2829 1729 nihil
2862 1691 2992 1730 sane
3020 1687 3156 1741 tum,
3189 1688 3383 1748 printer
3410 1679 3573 1736 Pl)(B-

2003 1769 2185 1823 nicum
2235 1777 2398 1836 atque
2468 1766 2850 1838 Egyptiorum
2919 1777 3216 1823 scatentem
3290 1771 3572 1826 erroribus

2003 1860 2357 1930 theologiam,
2408 1859 2720 1915 Grarcorum
2756 1861 3063 1929 respublica
3098 1873 3342 1918 noverat.
3393 1861 3569 1930 Quam

1998 1953 2243 2007 eamdem
2298 1951 2353 2006 in
2409 1951 2664 2006 omnibus
2728 1966 3014 2006 sacrorum
3071 1954 3570 2024 mysteriorumque

1998 2045 2264 2098 rationem
2315 2051 2503 2113 gentes
2529 2042 2693 2097 etiam
2727 2043 2950 2112 reliqua:
2983 2043 3036 2096 in
3071 2044 3185 2098 suis
3226 2060 3456 2114 quaeque
3483 2062 3571 2100 re—

2000 2137 2254 2207 gionibus
2303 2135 2644 2204 urbibusque
2681 2134 3006 2188 retinebant.
3081 2132 3292 2204 Quippe
3343 2135 3433 2190 illa
3457 2137 3571 2206 jam

1999 2239 2114 2284 tum
2162 2229 2304 2300 apud
2351 2242 2561 2292 omnes,
2598 2227 2666 2281 de
2703 2242 2809 2296 qua
2863 2226 3122 2296 superius
3155 2227 3320 2282 locuti
3354 2243 3568 2289 sumus,

1999 2321 2066 2377 de
2097 2321 2201 2376 diis
2234 2319 2422 2390 Opinio
2467 2319 2672 2389 passim
2722 2319 3034 2374 obtinebat:
3097 2319 3293 2387 templa
3371 2322 3571 2392 ubique

1999 2415 2309 2486 magniﬁca,
2366 2415 2624 2485 omnique
2667 2414 2948 2485 signorum
3001 2430 3064 2468 ac
3097 2415 3450 2470 denariorum
3479 2433 3571 2485 ge-

1999 2523 2128 2563 nere
2161 2508 2229 2562 ad
2273 2507 2528 2563 eximiam
2571 2506 2806 2576 speciem
2868 2507 3241 2562 ornabantur:
3277 2507 3568 2564 simulacra

1999 2614 2120 2652 cum
2147 2613 2214 2653 ex
2247 2598 2396 2652 omni
2429 2598 2674 2663 materia,
2709 2605 2821 2650 tum
2847 2597 2901 2651 in
2928 2598 3229 2666 quamlibet
3255 2600 3567 2654 mortalium

1999 2688 2359 2744 animantium
2393 2686 2625 2741 formam
2656 2686 2887 2755 eleganti
2933 2687 3164 2742 artilicio
3203 2689 3564 2759 ﬁngebantur.

1999 2781 2239 2836 Plurima
2267 2794 2487 2850 quoque
2507 2778 2650 2849 apud
2680 2793 2871 2834 omnes
2900 2779 3252 2834 oraculdrum
3286 2791 3405 2836 erat
3450 2797 3568 2838 ma-

2001 2873 2257 2941 ximaque
2283 2870 2477 2940 copia:
2521 2870 2724 2940 quique
2761 2884 2991 2941 magnus
3039 2871 3179 2940 apud
3221 2870 3440 2929 Graecos
3469 2888 3567 2944 po-

1999 2964 2274 3019 tissimum
2352 2961 2576 3016 habitus
2626 2971 2709 3016 est
2763 2971 3137 3031 augustusque
3180 2963 3335 3030 deus,
3374 2965 3565 3021 eodem

2001 3055 2238 3110 maxime
2294 3053 2522 3108 ﬂorebat
2570 3063 2833 3122 tempore,
2860 3051 3110 3125 Pythius,
3158 3054 3404 3123 inquam,
3448 3055 3559 3117 ille.

321 3149 584 3216 πάτορσιν
637 3143 892 3213 εὑροῦσα,
929 3143 997 3196 τὰ
1048 3144 1145 3214 μὲν
1196 3145 1368 3214 σεμνὰ
1402 3144 1495 3196 καὶ
1540 3141 1744 3196 παλαιὰ
1793 3141 1891 3210 τῆς

1998 3149 2234 3212 Clarius,
2317 3157 2480 3215 atque
2562 3145 2896 3201 Dodonaeus:
2975 3161 3136 3216 quem
3197 3147 3563 3216 Amphiaraus

319 3235 590 3306 πατρικῆς
641 3232 820 3287 αὐτῶν
859 3233 1154 3300 θεολογίας,
1198 3230 1337 3287 αὐτά
1384 3249 1440 3285 τε
1487 3232 1553 3285 τά
1604 3230 1891 3301 θαυμαστά

318 3328 415 3379 καὶ
464 3324 614 3396 παρὰ
661 3327 793 3378 πᾶσι
850 3322 1118 3394 βοώμενα,
1153 3323 1271 3378 θεῖά
1308 3341 1367 3376 τε
1425 3323 1522 3377 καὶ
1579 3323 1888 3394 χρηστήρια

316 3417 464 3489 ἔργῳ
508 3414 734 3488 περιττὰ
789 3417 881 3469 καὶ
920 3415 1167 3484 ἀνωφελῆ
1211 3415 1558 3467 κατελάϐετο.
1596 3413 1688 3466 Διὸ
1718 3413 1890 3466 ταῦτα

317 3511 418 3580 μὲν
451 3513 530 3573 είς
558 3509 804 3580 δεύτερον
845 3506 1188 3570 ἀνεϐάλλετο,
1213 3508 1286 3570 ὡς
1320 3507 1384 3560 ἂν
1410 3507 1560 3560 οὐδὲν
1584 3507 1721 3578 αὐτῇ
1750 3508 1888 3578 πρὸς

464 3602 574 3656 τῶν
625 3597 938 3668 ἀναγκαίων
993 3599 1087 3654 καὶ
1141 3597 1356 3668 ἀληθῶν
1405 3597 1618 3668 εὕρεσιν
1673 3597 1887 3650 λυσιτε-

315 3693 540 3746 λοῦντα·
585 3692 652 3744 τά
691 3688 748 3744 δὲ
792 3689 972 3743 ὀθνεῖα
1014 3689 1197 3743 λοιπὸν
1249 3689 1340 3742 καὶ
1375 3687 1640 3758 βάρϐαρα,
1688 3681 1775 3740 οἷά
1808 3704 1889 3750 τις

314 3784 514 3855 γυμνὴ,
548 3784 641 3838 καὶ
672 3781 885 3836 οἰκείων
923 3779 1274 3851 πτωχεύουσα
1302 3780 1473 3848 λόγων
1502 3796 1560 3831 τε
1591 3781 1683 3832 καὶ
1711 3777 1886 3848 μαθη-

318 3878 523 3948 μάτων,
553 3874 767 3947 περιῄει
792 3872 1209 3946 διερευνωμένη,
1245 3872 1313 3925 τά.
1358 3889 1416 3924 τε
1459 3872 1704 3941 χρήσιμα
1756 3887 1890 3924 παν-

318 3967 538 4038 ταχόθεν
571 3969 736 4037 ἑαυτῇ
770 3963 1084 4037 πορίζουσα,
1119 3964 1422 4032 συνάγουσά
1455 3980 1534 4026 τε,
1569 3964 1662 4016 καὶ
1706 3965 1886 4034 ἐρανι-

313 4061 537 4133 ζομένη,
559 4063 652 4116 ὄτί
685 4078 812 4114 ποτε
840 4062 968 4133 παρ’
1002 4061 1248 4122 ἑκάστοις
1284 4057 1434 4129 εὖροι
1464 4057 1571 4110 τῶν
1597 4057 1785 4110 ἐθνῶν.
1812 4058 1886 4110 Οὐ

313 4155 420 4224 γὰρ
439 4149 534 4209 οὖν
547 4154 682 4224 μόνα
697 4153 767 4206 τὰ
792 4153 891 4223 τῆς
921 4151 1154 4223 ἀληθοῦς
1186 4150 1460 4218 θεολογίας
1481 4149 1734 4203 λείποντα
1762 4167 1888 4202 κατ-

311 4246 736 4315 ιμάνθανεοτοῖς
805 4243 1078 4313 Ἕλλησιν,
1128 4241 1264 4294 ἀλλὰ
1307 4239 1400 4295 καὶ
1444 4235 1551 4292 τῶν
1585 4241 1758 4293 ἄλλων
1799 4257 1887 4293 τε-

310 4336 450 4407 χνῶν
475 4353 533 4388 τε
567 4335 660 4388 καί
683 4333 998 4403 ἐπιστημῶν
1025 4333 1122 4395 τὰς
1153 4329 1604 4402 βιωφελεστάτας.
1647 4330 1886 4398 Συνομο-

310 4425 525 4493 ).ογοῦσί
559 4425 622 4494 γέ
645 4443 728 4477 τοι
775 4424 1032 4495 Ἕλληνες
1058 4424 1229 4487 αὐτοὶ,
1269 4424 1404 4494 μετά
1429 4439 1493 4490 γε
1538 4421 1758 4492 Ὀρφέα,
1795 4422 1886 4473 Λῖ-

1999 3239 2217 3305 deinde,
2241 3238 2655 3308 Amphilochus,
2701 3246 2752 3291 et
2797 3236 3010 3291 inﬁnita
3047 3237 3306 3308 deinceps
3332 3241 3437 3294 alia
3469 3257 3560 3295 va-

1996 3343 2109 3387 tum
2148 3333 2332 3402 potius
2375 3345 2539 3400 quam
2568 3339 2848 3400 poetarum
2883 3338 2976 3385 aut
3000 3331 3396 3401 rhapsodorum
3424 3335 3565 3387 mul-

1993 3423 2170 3477 titudo
2225 3430 2521 3476 consecuta
2567 3429 2671 3474 est.
2736 3419 2803 3472 At
2855 3435 2978 3474 vero
3025 3421 3368 3492 philoSOphia
3435 3439 3559 3478 cum

1993 3514 2213 3568 nonnisi
2273 3513 2459 3568 multis
2501 3521 2624 3582 post
2666 3526 2760 3566 eos
2789 3512 3004 3566 saculis
3051 3513 3290 3568 venisset
3326 3514 3380 3568 in
3413 3513 3560 3570 Gran-

1992 3608 2155 3671 ciam,
2189 3620 2289 3660 nec
2315 3605 2610 3675 quidquam
2680 3619 2860 3658 rerum
2911 3619 3132 3658 suarum
3184 3605 3326 3675 apud
3369 3621 3558 3660 eorum

1992 3698 2229 3768 majores
2254 3698 2543 3759 inveniret,
2567 3693 2831 3766 quidquid
2861 3695 3084 3764 insuper
3109 3695 3161 3749 in
3189 3697 3378 3765 patria-
3405 3697 3557 3752 then-

1991 3790 2147 3860 logiae
2175 3789 2452 3856 mysteriis
2481 3791 2729 3859 praaclari
2769 3791 2897 3844 olim
2925 3787 3208 3857 sanctique
3234 3788 3556 3853 habebatur,

1990 3896 2203 3936 necnon
2248 3881 2359 3946 illa,
2407 3897 2528 3950 qua:
2585 3883 2829 3936 omnium
2878 3896 2973 3935 ore
3001 3880 3370 3950 jactabantur,
3405 3896 3557 3952 egre-

1991 3970 2074 4041 gia
2103 3970 2400 4039 divinaque
2449 3970 2692 4036 oracula,
2725 3969 2892 4042 470
2915 3977 2970 4023 et
3003 3970 3161 4037 plena
3197 3968 3476 4032 vanitatis,
3505 3981 3558 4022 et

1991 4062 2060 4117 ab
2087 4063 2237 4116 omni
2273 4062 2504 4116 utilitate
2551 4077 2724 4117 vacua
2754 4065 2934 4130 reipsa
2965 4060 3344 4129 deprehendit.
3417 4059 3559 4131 Ergo

1992 4153 2059 4207 iis
2085 4153 2386 4206 secundum
2419 4153 2472 4206 in
2506 4153 2685 4208 locum
2712 4152 2952 4222 rejectis,
2987 4151 3130 4221 quod
3168 4152 3303 4205 nihil
3344 4151 3449 4205 sibi
3492 4152 3557 4205 ad

1990 4260 2174 4300 rerum
2211 4244 2642 4299 necessariarum
2692 4261 2757 4300 ac
2788 4260 3040 4298 verarum
3088 4243 3554 4314 investigationem

1989 4337 2394 4393 commoditatis
2442 4337 2636 4392 all‘erre
2671 4347 2913 4407 possent,
2950 4352 3134 4391 errare
3184 4335 3440 4406 deinceps
3462 4351 3558 4390 va-

1990 4428 2235 4498 garique,
2291 4436 2348 4482 et
2402 4427 2623 4496 quando
2656 4427 2802 4480 nuda
2855 4441 2953 4496 per
2995 4441 3114 4480 sese
3138 4432 3276 4491 erat,
3311 4438 3376 4478 ac
3428 4437 3558 4493 pro-

311 4517 398 4570 νόν
433 4533 494 4568 τε
533 4517 627 4569 καὶ
665 4516 956 4578 Μουσαῖον,
997 4515 1045 4567 οἳ
1083 4510 1146 4586 δὴ
1193 4514 1426 4584 μάλιστα
1469 4511 1732 4580 θεολόγων
1787 4530 1887 4564 πα-

1996 4516 2232 4585 priarum
2282 4515 2600 4570 facultatum
2649 4515 2828 4584 inops,
2879 4515 3163 4584 peregrina
3200 4513 3392 4569 saltem
3435 4513 3558 4568 bar-

311 4607 578 4660 λαιότατοί
603 4624 662 4659 τε
689 4608 781 4659 καὶ
815 4605 1021 4677 πρῶτοι
1067 4603 1342 4676 κατῆρξαν
1375 4605 1558 4664 αὐτοῖς
1590 4603 1689 4673 τῆς
1723 4603 1884 4656 πολυ-

313 4695 436 4749 θέου
465 4696 691 4765 πλάνης,
727 4696 851 4758 τοὺς
889 4695 1028 4748 ἑπτὰ
1076 4697 1200 4766 παρ’
1234 4695 1414 4758 αὐτοῖς
1446 4694 1646 4764 ἄνδρας
1675 4693 1767 4747 ἐπὶ
1797 4711 1882 4762 φι-

309 4787 532 4858 λοσοφίᾳ
555 4786 950 4857 θαυμασθῆναι,
975 4786 1067 4850 οὓς
1089 4787 1152 4858 δὴ
1183 4788 1274 4840 καὶ
1298 4785 1633 4855 ἐπονομάσαι
1657 4785 1878 4853 Σοφούς.

319 4879 487 4949 ’Δμφὶ
517 4879 698 4949 Κῦρον
729 4879 785 4932 δὲ
826 4875 931 4931 οἶδε
960 4878 1049 4931 τὸν
1077 4878 1300 4948 Περ-σῶν
1340 4879 1595 4948 ἤκμασαν
1635 4876 1877 4946 βασιλέα.

310 4965 476 5035 Οὗτος
501 4969 544 5023 δ’
569 4967 636 5043 ἦν
662 4972 691 5023 ὁ
737 4969 923 5040 χρόνος
969 4972 1024 5021 ὲν
1051 4963 1094 5037 ᾧ
1118 4969 1226 5021 τῶν
1260 4968 1388 5039 παρ’
1429 4968 1704 5038 Ἑϐραίοις
1751 4983 1880 5038 προ-

313 5067 494 5137 φητῶν
540 5069 588 5119 οἱ
650 5065 860 5119 πάντων
913 5061 1129 5119 ὕστατοι
1182 5066 1569 5137 προεφήτευον,
1622 5064 1730 5116 τῶν
1783 5063 1880 5134 μὲν

309 5155 568 5228 Τρωῖκῶν
606 5150 829 5227 ὕστερον
867 5156 1009 5209 ἔτεσι
1055 5155 1215 5209 πλέον
1256 5155 1288 5224 ἢ
1335 5154 1655 5218 ἑξακοσίοις,
1689 5153 1788 5222 τῆς
1822 5152 1878 5204 δὲ

307 5251 584 5314 Μωῡσέως
632 5247 864 5314 ἡλικίας,
893 5251 991 5303 οὐκ
1030 5250 1246 5303 ἔλαττον
1300 5249 1330 5320 ἢ
1376 5249 1567 5319 χιλίοις
1601 5249 1696 5300 καὶ
1747 5260 1878 5299 πεν-

305 5341 580 5404 τακοσίοις
594 5337 892 5411 γενόμενοι.
908 5341 1076 5394 Τοῦτο
1097 5337 1153 5394 δέ
1172 5353 1253 5394 σοι
1281 5340 1380 5404 τὰς
1392 5339 1498 5394 τῶν
1515 5340 1720 5413 χρόνων
1750 5341 1878 5392 ἁνα-

379 5453 490 5524 (ιο)
533 5450 662 5507 Post
697 5453 767 5506 τὰ
810 5453 862 5506 δ’
910 5452 976 5517 ἐξ
1024 5430 1635 5524 Αίγύπτουίὶιιιτῑυενρι
1682 5451 1878 5524 distin-

304 5521 448 5577 ctius
481 5526 744 5592 legeretur
765 5567 778 5586 ,
805 5524 837 5594 ἦ
871 5521 1154 5594 καίὴποθεν
1185 5523 1425 5582 ἄλλοθεν,
1452 5523 1576 5594 περὶ
1611 5521 1753 5594 θεῶν
1779 5539 1877 5591 μν-

310 5595 522 5664 στήρια,
551 5606 678 5656 etc.,
705 5593 912 5648 tatur-tsi
945 5593 1279 5655 Graecorum,
1309 5596 1470 5647 etiam
1497 5593 1878 5647 disertissimu-

306 5665 702 5745 riunt-intricata
737 5679 878 5745 saepe
907 5680 969 5744 ac
993 5665 1214 5745 trajecta
1241 5665 1419 5745 oratio
1449 5675 1553 5718 est.

377 5733 690 5801 (‘20)Nscbq.
739 5734 875 5798 Quid
915 5734 960 5788 si
992 5733 1115 5804 νεῲ,
1150 5745 1200 5788 ct
1248 5735 1344 5804 lin.
1389 5744 1668 5803 sequente,
1719 5751 1876 5786 κεκο-

306 5805 591 5868 σμημένοι,
623 5820 716 5867 pro
743 5805 1222 5869 κεκοσμημένονςί
1247 5803 1370 5860 Haec
1398 5820 1526 5862 sane
1566 5808 1721 5860 lectio
1750 5821 1872 5858 cum

1988 4609 2228 4678 baraque
2262 4608 2472 4676 rimari,
2501 4623 2729 4678 quaeque
2755 4607 2857 4662 sibi
2893 4607 3017 4662 usui
3047 4622 3168 4662 esse
3200 4613 3426 4677 possent
3450 4607 3557 4662 col-

1986 4697 2154 4769 ligere
2179 4699 2440 4768 undique,
2471 4709 2524 4752 et
2546 4697 2807 4768 quidquid
2857 4697 2998 4767 apud
3030 4698 3303 4768 quoslibet
3329 4697 3555 4767 populos

1986 4792 2266 4861 reperiret,
2315 4791 2506 4846 sedulo
2529 4806 2838 4861 corrogare.
2892 4788 3003 4843 Nec
3031 4790 3174 4845 enim
3202 4805 3386 4844 veram
3415 4794 3555 4844 dun-

1988 4889 2138 4936 taxat
2182 4881 2533 4950 theologiam,
2581 4881 2674 4935 sed
2725 4881 2861 4935 alias
2892 4881 3055 4934 etiam
3084 4888 3230 4934 artes
3264 4889 3426 4951 atque
3458 4879 3555 4932 do-

1987 4973 2192 5028 ctrinas
2240 4971 2492 5026 humana:
2529 4971 2649 5026 vitae
2687 4970 2966 5040 perutiles,
3009 4969 3212 5026 Graecis
3239 4970 3554 5025 hominibus

1982 5065 2173 5120 deesse
2196 5063 2469 5131 cognovit.
2503 5061 2568 5116 Et
2611 5078 2739 5117 vero
2776 5062 2948 5118 Graeci
3004 5061 3240 5116 fatentur
3271 5065 3397 5134 ipsi,
3426 5079 3553 5117 non-

1983 5155 2087 5210 nisi
2124 5166 2244 5224 post
2273 5152 2576 5224 Orpheum,
2630 5153 2828 5209 Linum
2861 5170 2926 5209 ac
2961 5154 3248 5221 Musreum,
3283 5156 3376 5226 qui
3405 5156 3551 5210 vide-

1983 5244 2108 5299 licet
2142 5244 2522 5314 theologorum
2569 5245 2812 5299 omnium
2872 5244 3266 5314 antiquissimi,
3309 5262 3372 5299 ac
3401 5246 3551 5314 prin-

1979 5335 2147 5404 cipes,
2173 5334 2321 5390 falsa:
2347 5337 2510 5405 hujus
2534 5336 2600 5390 de
2625 5336 2972 5391 multitudine
3004 5336 3228 5390 deorum
3256 5337 3548 5404 opinionis.

1980 5451 2167 5520 priori.
2198 5451 2621 5532 ἐκράτει-λόγος,
2673 5459 2723 5506 et
2767 5450 3032 5520 sequenti,
3081 5449 3244 5517 ξόανα
3304 5449 3552 5520 ἐξείργα-

1981 5538 2092 5580 στο,
2129 5530 2460 5575 conveniret.

2051 5591 2162 5662 (21)
2191 5591 2548 5657 Δωδωναῖος.
2586 5590 2918 5662 Praestiterit
2959 5591 3276 5661 Διδυμαῖος,
3339 5599 3394 5644 ιιι
3438 5591 3548 5662 jam

1979 5660 2082 5730 sub
2131 5663 2311 5732 operis
2363 5662 2527 5731 hujus
2582 5661 2795 5716 initium
2848 5677 2934 5716 me
2998 5660 3261 5715 adnotare
3305 5660 3552 5715 memini:

1979 5732 2118 5788 Sunt
2147 5737 2289 5788 enim
2329 5736 2442 5789 haec
2467 5733 2728 5802 Apollinis
2752 5742 3131 5804 cognomenta.
3497 5762 3500 5764 -
