4042 6384
582 322 687 376 785

1225 322 1496 378 unseen
1538 322 2019 378 CESARlENSlS
2057 324 2205 379 ore.
2247 326 2428 381 rans
2462 325 2521 381 ιι.
2574 355 2637 366 -
2676 325 3154 381 APOLOGE'I'ILA
3258 290 3273 307 ’

3704 328 3816 376 ’ῑδι

581 439 933 492 lundamenta
982 437 1253 508 jecerunt,
1304 442 1449 495 viros
1503 443 1624 498 illos
1655 443 1879 499 omnino
1934 453 2103 515 septet

2205 446 2459 518 ιγραφὰς
2522 445 2714 516 μικρὸν
2765 443 2990 514 ὕστερον
3038 441 3225 494 διιόντι
3276 441 3587 510 καταφανὲς
3636 441 3812 495 ἔσται,

578 530 935 602 philosophia:
984 533 1037 586 in
1087 530 1293 587 Graecia
1343 534 1503 589 laude
1548 536 1832 600 claruisse,
1865 552 2004 607 quos
2038 539 2139 608 ipsi

579 638 792 694 quoque
840 622 1125 694 Sapientes
1168 628 1525 683 nominat-int.
1562 631 1727 700 Atqui
1766 631 1909 702 Cyro
1959 630 2140 689 Persis

577 719 872 787 imperante
893 716 1195 774 ﬂoruerunt
1223 735 1415 776 omnes
1438 740 1451 775 :
1495 737 1605 792 quo
1630 733 1874 792 tempore
1902 724 2137 794 prophe-

576 819 749 863 tarum
776 809 916 878 apud
956 808 1211 865 llebraeos
1273 812 1518 867 omnium
1553 814 1831 868 novissimi
1859 818 2134 883 exstitere,

575 901 730 956 annis
780 912 903 972 post
938 902 1177 973 Trojana
1220 905 1440 975 quidem
1478 915 1718 977 tempora
1747 910 1981 978 amplius
2013 925 2136 965 sex-

573 993 777 1059 centis;
820 1002 944 1063 post
966 993 1205 1066 Moysen)
1233 1010 1362 1051 vero
1384 1012 1491 1050 non
1522 998 1870 1066 paucioribus
1895 1000 2042 1053 mille
2071 1015 2134 1055 ac

572 1085 905 1156 quingentis,
946 1097 1005 1142 ut
1054 1088 1208 1142 facile
1240 1089 1333 1142 tibi
1382 1091 1543 1158 paulo
1576 1100 1699 1159 post
1730 1106 1794 1145 ex
1826 1100 2130 1162 temporum

571 1175 780 1231 ratione
840 1178 1086 1247 serieque
1148 1180 1442 1234 constabit.
1497 1180 1767 1235 Caeterum
1801 1197 1867 1236 eo
1911 1183 2131 1239 circiter

568 1282 701 1335 agro,
744 1283 867 1323 cum
913 1270 1245 1327 recentiores
1277 1273 1365 1327 isti
1400 1282 1603 1341 septem
1640 1272 1925 1343 Sapientes
1952 1291 2129 1330 emer-

568 1360 790 1428 sissent,
825 1361 1166 1417 humanioris
1200 1363 1419 1433 quidem
1463 1373 1517 1418 et
1552 1365 1916 1435 castigatioris
1964 1367 2129 1423 disci-

566 1449 725 1516 plina
758 1452 1003 1521 magistri
1032 1452 1201 1508 fuisse
1231 1454 1607 1522 perhibentur,
1643 1458 1734 1510 sed
1771 1466 1955 1511 tamen
1985 1473 2128 1527 pra:-

565 1549 645 1595 ter
683 1541 923 1596 celebres
966 1543 1230 1612 quasdam
1288 1545 1639 1614 eruditasque
1678 1547 1996 1610 sententias,
2040 1548 2126 1601 ni-

564 1632 638 1687 hil
661 1633 951 1688 admodum
985 1636 1339 1705 reliquerunt.
1394 1637 1462 1690 At
1490 1638 1649 1708 longe
1675 1639 1851 1693 serius
1882 1639 2126 1709 philoso-

562 1724 793 1793 phorum
821 1726 874 1780 in
921 1725 1126 1782 Graecia
1165 1729 1348 1799 vigere
1393 1744 1592 1784 nomen
1617 1744 1679 1786 ac
1710 1731 1985 1801 praedicari
2014 1747 2127 1787 οω-

562 1815 656 1881 pit.
704 1814 911 1869 Horum
960 1818 1213 1887 princeps
1264 1818 1355 1872 ille
1397 1817 1752 1890 Pythagoras,
1797 1816 2123 1893 Pberecyd’ts

559 1915 683 1958 ante
714 1906 1038 1975 discipulus,
1085 1923 1113 1960 a
1159 1924 1270 1977 quo
1296 1910 1652 1979 philosophia:
1686 1927 1880 1966 nomen
1927 1914 2121 1968 inven-

560 2005 671 2050 tum
703 2005 807 2062 est,
834 1999 1069 2060 Samius,
1098 2011 1162 2056 ut
1209 2003 1455 2057 nonnulli
1510 2005 1716 2072 volunt,
1749 2011 1855 2068 vel,
1894 2016 1955 2062 ut
1996 2008 2120 2063 aliis

556 2088 754 2155 placet,
787 2088 1003 2145 Tuscus
1035 2101 1179 2145 erat.
1220 2090 1331 2148 Nec
1371 2094 1564 2149 desunt
1609 2097 1699 2165 qui
1753 2095 1950 2168 Syrum
1992 2115 2119 2154 eum

556 2189 650 2233 aut
679 2178 900 2250 Tyrium
926 2179 1093 2237 fuisse
1125 2184 1328 2239 dicant.
1374 2183 1507 2240 Utut
1538 2188 1629 2254 sit,
1660 2188 1811 2242 illum
1851 2197 1905 2243 et
1935 2190 2115 2260 philo—

556 2274 851 2340 sophorum
905 2275 1224 2345 principem,
1257 2287 1309 2332 et
1356 2277 1669 2335 Graecorum
1727 2282 1976 2338 omnium
2017 2298 2116 2340 ore

554 2365 904 2428 celebratum,
964 2382 1072 2421 non
1117 2367 1361 2424 Graecum
1400 2380 1602 2439 tamen,
1669 2373 1764 2428 sed
1821 2374 2115 2431 barbarum

551 2468 675 2509 esse
718 2454 994 2511 fatendum
1023 2470 1126 2513 est.
1181 2459 1489 2525 Quinetiam
1523 2464 1700 2532 ipsum
1726 2479 1945 2536 quoque
1978 2464 2117 2522 Phe-

553 2545 823 2615 recydem,
857 2548 944 2601 cui
993 2546 1355 2619 Pythagoram
1392 2567 1614 2621 operam
1649 2554 1866 2611 dedisse
1907 2554 2110 2622 ferunt,

551 2637 747 2706 Syrum
780 2637 952 2692 fuisse
980 2648 1304 2693 memorant.
1362 2641 1688 2711 Quanquam
1738 2658 1848 2698 non
1894 2660 1960 2701 eo
1992 2653 2113 2700 tan-

550 2737 662 2781 tum
691 2727 914 2783 doctore
952 2727 1313 2799 Pythagoram
1360 2748 1518 2786 usum
1553 2749 1676 2790 esse
1724 2735 1969 2803 tradunt,
2016 2738 2112 2793 sed

548 2821 712 2874 etiam
743 2834 865 2875 cum
899 2821 1070 2890 magis
1095 2823 1235 2890 apud
1271 2820 1488 2888 Persas,
1516 2839 1639 2880 cum
1673 2827 1950 2896 prophetis
1967 2829 2110 2899 apud

548 2908 831 2980 Algyptios
874 2910 1323 2965 consuetudinem
1376 2912 1663 2981 habuisse;
1716 2931 1830 2986 quo
1888 2917 2107 2987 quidem

547 3012 787 3072 tempore
834 3003 1028 3073 partim
1073 3021 1129 3058 in
1170 3000 1486 3075 Egyptum,
1530 3006 1728 3077 partim
1773 3007 2105 3080 Babylonem

2253 536 2512 591 Ἑνταῦθὰ
2561 553 2659 589 που
2690 536 2799 587 νέοι
2828 533 2905 603 τῷ
2946 534 3120 603 χρόνῳ
3141 530 3284 583 ἑπτά
3324 531 3601 602 γενόμενοι
3629 532 3818 600 Σοφοὶ,

2239 629 2332 682 ἐπὶ
2363 625 2693 697 κατορθώσει
2728 622 3149 696 μνημονεύονται
3179 621 3396 693 ἀγωγῆς
3422 622 3521 693 τῆς
3543 621 3816 692 ἠθικωτέ-

2241 737 2358 793 ρας,
2386 711 2459 773 ὧν
2506 718 2665 771 πλέον
2703 717 2855 770 οὐδὲν
2906 716 3008 769 τῶν
3056 715 3340 786 βοωμένων
3371 714 3825 787 ἀποφθεγμάτων

2241 810 2654 884 μνημονεύεται.
2698 810 2822 879 Ὀψὲ
2866 809 2923 861 δέ
2956 827 3027 871 τι,
3057 810 3152 860 καὶ
3198 802 3396 877 μᾶλλον
3442 809 3556 869 τοῖς
3596 807 3820 877 χρόνοις

2238 904 2658 975 ὑποϐεϐηκότες,
2700 906 2749 956 oi
2782 904 2911 974 παρ’
2948 902 3173 971 Ἕλλησι
3207 900 3480 971 φιλόσοφοι
3512 898 3819 970 διαπρέᾣαι

2238 995 2681 1067 μνημονεύονται.
2726 986 2822 1046 Ὧν
2874 992 3192 1063 Πυθαγόρας
3245 991 3455 1062 πρῶτος
3508 993 3817 1064 Φερεκύδου

2235 1085 2539 1157 γνώριμος,
2578 1084 2638 1137 τὸ
2688 1082 3003 1153 φιλοσοφίαν
3056 1080 3297 1153 ἀνευρὼν
3343 1082 3542 1153 ὄνομα,
3580 1083 3657 1146 ὡς
3707 1082 3819 1153 μέν

2233 1194 2392 1241 τινες,
2420 1177 2642 1247 Σάμιος,
2668 1175 2743 1239 ὡς
2766 1175 2809 1228 δ’
2843 1174 3019 1246 ἕτεροί
3047 1191 3196 1243 φασι,
3229 1174 3506 1247 Τυρρηνὸς
3532 1169 3619 1246 ἦν.
3648 1173 3815 1236 Τινὲς

2231 1268 2275 1321 δ’
2317 1268 2475 1322 αὑτὸν
2519 1267 2709 1339 Σύριον
2755 1267 2787 1336 ἢ
2836 1265 3030 1337 Τύριον
3077 1261 3212 1321 εἶναι
3249 1266 3535 1334 λέγουσιν·
3568 1264 3713 1317 ὥστε
3749 1281 3809 1316 σε

2234 1362 2527 1435 βάρϐαρον,
2561 1361 2673 1415 ἀλλ’
2701 1363 2799 1432 οὐχ
2834 1362 3068 1433 Ἕλληνα
3098 1360 3377 1430 γεγονέναι
3407 1359 3691 1430 ὁμολογεῖν
3716 1358 3811 1411 τὸν

2232 1452 2447 1523 πρῶτον
2475 1453 2583 1506 τῶν
2610 1452 2934 1522 φιλοσόφων,
2968 1451 3073 1504 ἀνὰ
3103 1450 3275 1519 στόμα
3305 1450 3520 1503 πάντων
3534 1447 3809 1519 Ἑλλήνων

2229 1546 2505 1617 ᾀδόμενον.
2535 1547 2643 1599 Καὶ
2670 1546 2760 1599 τὸν
2793 1545 3099 1616 Φερεκύδην
3140 1544 3197 1597 δὲ
3222 1543 3411 1615 Σύριον
3455 1542 3809 1613 ἀναγράφω-

2230 1656 2335 1703 σιν,
2377 1634 2421 1707 ᾧ
2453 1639 2787 1711 μαθητεῦσαι
2824 1640 2913 1692 τὸν
2943 1637 3264 1708 Πυθαγόραν
3308 1635 3493 1704 φασίν.
3519 1637 3596 1688 Οὐ
3643 1636 3807 1706 μόνον

2226 1732 2282 1785 δὲ
2322 1732 2494 1803 τούτῳ
2526 1732 2883 1801 συγγενέσθαι
2923 1731 2951 1784 ό
2980 1731 3301 1802 Πυθαγόρας
3328 1729 3568 1797 λέγεται,
3596 1728 3807 1799 διατρίο

2161 1790 2199 1844 Β
2223 1820 2320 1889 ψαι
2346 1820 2401 1872 δὲ
2436 1790 2529 1873 καὶ
2558 1790 2708 1890 παρὰ
2751 1824 2863 1884 τοῖς
2890 1820 3113 1893 Περσῶν
3142 1790 3353 1891 μάγοις,
3378 1790 3472 1872 καὶ
3493 1790 3606 1881 τοῖς
3637 1790 3807 1887 Λίγυ-

2224 1911 2392 1963 πτίων
2441 1910 2497 1963 δὲ
2555 1911 2861 1983 προφήταις
2917 1908 3271 1980 μαθητεῦσαι,
3322 1908 3445 1962 καθ’
3499 1895 3558 1963 ὃν
3608 1909 3805 1981 χρόνον

2234 2002 2496 2074 Ἐϐραίων
2529 2003 2576 2055 οἱ
2623 2003 2722 2074 μὲν
2760 2003 2845 2054 ἐπ’
2871 2001 3167 2071 Αἰγύπτου,
3190 2004 3238 2054 οἱ
3269 2000 3312 2053 δ’
3355 2003 3447 2053 ἐπὶ
3475 2001 3807 2065 Βαϐυλῶνος

2222 2091 2503 2160 φαίνονται
2544 2090 2641 2162 τὴν
2686 2091 2964 2160 μετοικίαν
3010 2090 3384 2162 πεποιημένοι.
3425 2090 3587 2144 Ἀλλά
3624 2090 3738 2163 γὰρ
3766 2094 3803 2144 ὁ

2216 2182 2562 2254 δηλούμενος,
2589 2182 2658 2234 τὰ
2692 2185 2819 2254 παρ’
2849 2183 3097 2247 ἑκάστοις
3128 2183 3264 2253 σοφὰ
3299 2183 3797 2254 πολυπραγμονῶν,

2218 2273 2417 2345 ἐπῆλθε
2450 2273 2743 2327 Βαϐυλῶνα
2798 2276 2889 2328 καὶ
2922 2275 3210 2344 Αἴγυπτον,
3242 2276 3335 2329 καὶ
3383 2276 3638 2348 Περσίδα,
3680 2280 3800 2339 τοῖς

2216 2382 2276 2417 τε
2309 2365 2502 2436 μάγοις
2526 2363 2758 2429 καὶτοῖς
2796 2364 2998 2437 ἱερεῦσι
3033 2365 3486 2437 μαθητευόμενος.
3530 2367 3799 2437 Ἀκηκοέ-

2217 2475 2303 2511 ναι
2331 2474 2391 2509 τε
2432 2456 2569 2527 πρὸς
2607 2456 2814 2521 τούτοις
2851 2457 3187 2529 Βραχμάνων
3234 2457 3543 2529 ἱστόρηται·
3578 2457 3796 2528 (Ἰνδῶν

2215 2547 2272 2600 δέ
2298 2548 2434 2601 εἰσιν
2461 2541 2604 2601 οὗτοι
2636 2547 2967 2621 φιλόσοφοι
2998 2550 3093 2603 καὶ
3126 2552 3256 2622 παρ’
3292 2543 3365 2603 ὧν
3400 2549 3497 2619 μὲν
3529 2548 3795 2620 ἀστρολο-

2215 2640 2361 2708 γίαν,
2405 2640 2534 2711 παρ’
2577 2636 2652 2693 ὧν
2692 2639 2749 2693 δὲ
2779 2639 3139 2713 γεωμετρίαν,
3169 2639 3535 2712 ἀριθμητικήν
3567 2657 3624 2692 τε
3654 2641 3793 2711 παρ’

2212 2729 2386 2784 ἄλλων
2415 2729 2510 2784 καὶ
2544 2731 2826 2805 μουσικὴν,
2872 2730 2962 2782 καὶ
2994 2729 3127 2783 ἄλλα
3154 2729 3284 2802 παρ’
3311 2729 3483 2783 ἄλλων
3530 2729 3791 2794 συλλεξά-

2213 2839 2394 2893 μενος,
2439 2822 2598 2893 μόνον
2628 2822 2775 2893 παρὰ
2798 2821 2905 2875 τῶν
2938 2821 3115 2891 σοφῶν
3154 2821 3417 2893 Ἑλλήνων
3445 2822 3600 2893 ἔσχεν
3631 2823 3792 2875 οὐδὲν

2209 2916 2370 2988 πενίᾳ
2404 2916 2593 2984 σοφίας
2635 2917 2730 2970 καὶ
2757 2917 2959 2990 ᾁπορίᾳ
2992 2916 3398 2970 συνοικούντων.
3433 2916 3708 2987 Ἔμπαλιν
3733 2916 3789 2969 δ’

2207 3002 2301 3062 οὖν
2330 3006 2437 3059 τῶν
2467 3006 2665 3073 ἔξωθεν
2690 3007 2837 3078 αὐτῷ
2862 3007 3483 3077 πεπορισμένων,αῖτιος
3497 3008 3660 3071 αὐτὸς
3680 3009 3789 3078 τῆς

546 3093 800 3149 Hebraeos
837 3096 1100 3166 migrasse
1130 3097 1320 3167 liquet.
1366 3097 1527 3170 47],
1555 3101 1633 3155 Ita
1660 3111 1846 3157 noster
1875 3103 1963 3159 hic
1984 3104 2102 3175 phi-

2211 3098 2498 3171 μαθήσεως
2533 3100 2769 3169 κατέστη
2803 3101 2913 3161 τοῖς
2955 3098 3228 3168 Ἕλλησιν.
3269 3097 3327 3151 Ὀ
3356 3098 3454 3169 μὲν
3478 3094 3570 3152 οὖν
3599 3098 3788 3152 Πυθα⁴

544 3187 825 3254 Iosophus.
855 3188 984 3256 quid
1013 3189 1154 3258 apud
1185 3204 1434 3258 quosque
1474 3191 1795 3260 praeclarum
1823 3203 1878 3249 et
1918 3196 2105 3251 erudi-

539 3288 653 3330 tum
698 3287 861 3341 esset,
899 3278 1184 3349 diligenter
1210 3280 1519 3349 explorans,
1552 3279 1903 3354 Babylonem,
1930 3284 2102 3358 Egy-

543 3382 689 3438 ptum
722 3368 1110 3442 Persidemque
1140 3373 1465 3443 peragravit,
1498 3389 1784 3445 magorum
1815 3391 1878 3432 ac
1921 3392 2102 3433 sacer-

538 3463 728 3515 dotum
759 3463 1063 3533 disciplinis
1112 3464 1375 3520 imbutus.
1418 3464 1565 3520 ldem
1607 3474 1864 3536 praeterea
1895 3467 2101 3524 Brach-

539 3568 728 3609 manas
753 3556 1378 3627 (lndorum-philosophi
1408 3558 1486 3612 illi
1515 3559 1664 3630 sunt)
1703 3559 1942 3617 audiisse
1989 3560 2099 3617 l'er-

536 3656 639 3699 tur.
695 3645 745 3700 ls
774 3660 904 3718 ergo
927 3661 1051 3702 cum
1088 3648 1158 3703 ab
1176 3648 1299 3702 aliis
1325 3649 1696 3721 astrologiam,
1744 3653 2096 3723 geometriam

539 3737 609 3791 ab
643 3737 786 3804 aliis,
824 3739 894 3792 ab
941 3740 1064 3794 aliis
1117 3740 1517 3796 arithmeticam
1550 3751 1605 3797 et
1637 3745 1926 3811 musicam,
1959 3747 2096 3801 alia-

531 3843 639 3899 que
669 3829 738 3884 ab
765 3830 887 3886 aliis
916 3832 1218 3896 didicisset,
1254 3847 1285 3886 a
1320 3833 1453 3888 solis
1477 3832 1679 3891 Graecis
1709 3834 1926 3891 auferre
1956 3838 2093 3892 nihil

532 3919 707 3987 potuit
734 3937 749 3985 ;
780 3928 931 3974 tanta
958 3920 1036 3973 illi
1077 3929 1190 3985 tum
1218 3924 1446 3991 penuria
1480 3924 1780 3993 sapientiae,
1810 3940 1876 3981 ac
1907 3926 2089 3982 rerum

531 4012 773 4066 omnium
813 4012 1116 4082 ignorantia
1169 4012 1511 4069 laborabant.
1561 4013 1763 4071 Contra
1790 4019 2092 4089 peregrinis

530 4103 644 4172 ipse
692 4103 905 4157 artibus
952 4102 1328 4173 doctrinisque
1373 4105 1707 4170 cumulatus,
1761 4108 2088 4165 eruditionis

525 4193 706 4249 omnis
738 4194 794 4249 in
839 4193 1047 4250 Graecia
1094 4195 1296 4250 fontem
1342 4197 1572 4266 aperuit.
1626 4198 1707 4254 Ac
1754 4197 2089 4271 Pythagoras

525 4285 745 4355 quidem
792 4284 1061 4358 ejusmodi
1121 4286 1245 4342 fuit.
1306 4288 1389 4343 Ah
1429 4305 1495 4344 eo
1543 4290 1798 4361 deinceps
1849 4294 2084 4362 primum

524 4378 882 4449 philosOphiaa
913 4393 1084 4449 genus
1107 4389 1465 4452 propagatum
1499 4392 1603 4449 est,
1629 4384 1774 4453 quod
1801 4385 1870 4439 ab
1908 4383 2082 4453 Italia,

2207 3190 2396 3263 γόρας,
2433 3189 2690 3253 τοιοῦτος.
2720 3188 2917 3261 Πρώτη
2939 3189 2983 3243 δ’
3019 3191 3083 3242 ὲκ
3113 3191 3212 3261 τῆς
3244 3190 3429 3244 τούτου
3463 3191 3711 3262 διαδοχῆς
3744 3193 3786 3263 ἡ

2206 3282 2468 3352 κληθεῖσα
2501 3281 2731 3353 Ἰταλικὴ
2758 3280 2984 3354 συνέστη
3012 3280 3315 3351 φιλοσοφία,
3340 3283 3437 3353 τῆς
3462 3282 3786 3352 ἐπωνυμίας

2203 3376 2269 3427 ὲκ
2302 3373 2403 3444 τῆς
2435 3372 2575 3426 κατὰ
2597 3372 2696 3442 τὴν
2739 3372 2965 3455 Ἰταλίαν
2996 3370 3276 3442 διατριϐῆς
3301 3370 3587 3435 ἀξιωθεῖσα
3611 3388 3625 3401 ⁸
3652 3370 3782 3442 μεθ’

2201 3464 2268 3535 ἣν
2298 3465 2331 3535 ἡ
2360 3463 2469 3517 ἀπὸ
2505 3462 2679 3516 Θαλοῦ
2720 3462 2812 3516 τοῦ
2850 3462 2958 3517 τῶν
2996 3464 3135 3515 ἑπτὰ
3168 3464 3352 3531 Σοφῶν
3380 3462 3514 3525 ἑνὸς,
3562 3461 3780 3535 Ἰωνικὴ

2204 3553 2732 3625 προσαγορευθεῖσα·
2772 3553 3066 3624 κᾶπειταή
3116 3552 3415 3624 Ἐλεατικὴ,
3462 3551 3778 3624 Ξενοφάνην

2197 3646 2290 3698 τὸν
2327 3644 2668 3714 Κολοφώνιον
2711 3646 2918 3717 πατέρα
2952 3645 3379 3717 ὲπιγραφομένη.
3417 3644 3573 3698 Ἀλλὰ
3600 3646 3696 3698 καὶ
3743 3648 3779 3700 ὁ

2197 3737 2397 3808 Θαλῆς,
2443 3736 2518 3800 ὥς
2556 3754 2701 3800 τινες
2744 3737 3033 3808 ἱστοροῦσι,
3063 3736 3239 3801 Φοίνιξ
3281 3732 3367 3808 ἦν·
3409 3737 3484 3799 ὡς
3526 3736 3581 3789 δέ
3623 3753 3778 3799 τινες

2199 3824 2549 3899 ὑπειλήφασι,
2580 3827 2860 3900 Μιλήσιος.
2898 3828 3207 3896 Αἰγυπτίων
3234 3828 3290 3881 δὲ
3321 3831 3412 3881 καὶ
3436 3822 3588 3892 οὗτος
3611 3828 3774 3897 λέγε-

2196 3931 2285 3967 ται
2326 3918 2437 3978 τοῖς
2466 3917 2771 3987 προφήταις
2820 3916 3272 3987 συμϐεϐηκέναι.
3314 3917 3526 3971 Σόλωνα
3568 3919 3624 3971 δὲ
3670 3921 3774 3973 καὶ

2194 4006 2354 4059 αύτὸν
2385 4006 2492 4059 τῶν
2535 4007 2675 4059 ἑπτὰ
2705 4008 2911 4077 Σοφῶν,
2955 4009 3014 4063 ὃν
3045 4010 3108 4082 δὴ
3141 4012 3234 4065 καὶ
3271 4011 3425 4081 λόγος
3463 4012 3769 4085 Ἀθηναίοις

2193 4096 2571 4168 νομοθετῆσαι,
2590 4100 2907 4167 Αἰγυπτίοις
2917 4101 3116 4171 ὁμοίως
3140 4103 3339 4175 φησὶνό
3354 4103 3573 4157 Πλάτων
3595 4119 3769 4174 προσ-

2193 4187 2502 4257 εσχηκὲναι,
2545 4188 2780 4259 ὁπηνίκα
2826 4189 2986 4243 πάλιν
3031 4190 3207 4261 ᾤκουν
3246 4192 3482 4263 Ἑϐραῖοι
3547 4191 3642 4263 τὴν
3673 4193 3768 4246 Δία

2191 4296 2414 4348 γυπτον.
2452 4280 2677 4348 Είσάγει
2718 4281 2762 4334 δ’
2800 4277 2893 4335 οὖν
2926 4282 3088 4335 αὐτὸν
3133 4284 3191 4335 ὲν
3245 4286 3452 4353 Τιμαίῳ
3484 4286 3619 4356 πρὸς
3664 4285 3762 4339 τοῦ

2192 4372 2465 4446 βαρϐάρου
2506 4374 2910 4444 παιδευόμενον,
2962 4376 3018 4428 ὲν
3049 4370 3132 4439 οἷς
3182 4393 3344 4447 φησιν
3389 4378 3417 4429 ὁ
3465 4378 3762 4447 Αἰγύπτιος

523 4470 615 4524 ubi
647 4471 942 4540 plurimum
974 4471 1238 4542 viguerat,
1267 4471 1510 4528 Italicum
1544 4475 1906 4543 appellarunt.
1942 4475 2080 4531 Tum

2205 4466 2324 4535 πρὸς
2351 4465 2513 4519 αὐτόν
2536 4482 2549 4495 ·
2585 4485 2603 4516 ‹
2660 4463 2730 4519 Ὦ
2758 4467 2956 4529 Σόλων,
2992 4468 3189 4532 Σόλων,
3219 4470 3475 4541 ’Έλληνες
3514 4471 3599 4523 ἀεὶ
3630 4474 3760 4524 παῖ-

523 4562 754 4617 alterum
788 4563 917 4617 illud
954 4572 1201 4619 secutum
1248 4575 1351 4633 est,
1397 4566 1540 4636 quod
1576 4563 1773 4622 Thales
1814 4583 1847 4622 e
1873 4577 2082 4639 septem

524 4653 869 4725 Sapientibus
900 4672 1042 4713 unus
1077 4658 1330 4725 instituit,
1360 4661 1612 4731 quodque
1654 4662 1909 4717 dixerunt
1940 4662 2084 4718 loni-

518 4762 664 4802 cum.
691 4745 830 4802 Huic
855 4750 1119 4805 successit
1146 4749 1466 4816 Eleaticum,
1498 4752 1645 4822 quod
1680 4750 2077 4823 Xenophanem

516 4835 912 4908 Colophonium
945 4849 1220 4910 parentem
1254 4841 1356 4897 sibi
1398 4843 1656 4897 vindicat.
1715 4842 1888 4898 Porro
1921 4843 2073 4898 Tha-

517 4932 593 4987 les
622 4932 736 5001 ipse
762 4947 1000 5002 quoque,
1034 4933 1115 4987 vel
1151 4931 1404 5000 Plic'enix,
1435 4943 1496 4988 ut
1526 4934 1770 4990 nonnulli
1812 4935 2076 5002 scribunt,

515 5022 599 5079 vel
631 5033 690 5078 ut
716 5022 843 5089 alii,’
889 5023 1131 5080 Milesius
1177 5025 1317 5081 fuit:
1368 5025 1619 5096 idemque
1649 5041 1773 5081 cum
1807 5022 2086 5098 Egyptiis

513 5114 671 5168 etiam
706 5115 984 5185 prophetis
1011 5117 1414 5171 commercium
1435 5116 1695 5173 habuisse
1729 5115 1922 5172 fertur.
1952 5116 2074 5172 Jam

514 5204 792 5270 Solonem,
836 5221 1005 5261 unum
1058 5208 1183 5261 item
1227 5221 1258 5261 ο
1295 5216 1502 5277 septem
1549 5206 1658 5262 illis
1704 5205 2073 5277 Sapientibus,

510 5311 782 5372 quemque
824 5300 1247 5355 Atheniensibus
1294 5300 1440 5370 leges
1488 5300 1679 5356 tulisse
1723 5300 1869 5355 fama
1915 5316 2070 5356 eom-

513 5393 696 5448 munis
723 5401 826 5459 est,
861 5391 1154 5463 Egyptiis,
1184 5406 1295 5462 quo
1338 5399 1579 5460 tempore
1617 5389 1826 5448 Hebraei
1877 5407 2071 5448 rursus

514 5482 801 5555 Egyptum
838 5483 1168 5547 incolebant,
1205 5482 1456 5538 similiter
1478 5483 1765 5539 inhaesisse
1804 5484 1959 5539 testis
1987 5494 2073 5539 est

512 5573 683 5626 l’lato.
718 5571 856 5627 Eum
904 5572 1123 5643 quidem
1185 5571 1239 5626 in
1298 5569 1515 5639 Timaeo,
1572 5572 1728 5642 quasi
1771 5588 1800 5626 a
1838 5574 2069 5628 barbaro

506 5661 741 5731 quodam
791 5664 1094 5729 erudiatur,
1157 5662 1384 5728 inducit,
1443 5663 1533 5717 ubi
1589 5662 1873 5735 Egyptius
1928 5663 2069 5718 inter

505 5763 701 5810 caetera
750 5774 763 5809 :
826 5755 912 5810 tt)
964 5753 1153 5820 Solon.
1184 5756 1376 5822 inquit,
1426 5754 1613 5822 Solon,
1659 5756 1817 5829 pueri
1852 5771 2069 5824 semper

2186 4555 2273 4619 δές
2300 4557 2444 4620 ἐστε,
2474 4556 2652 4628 γέρων
2680 4557 2737 4610 δὲ
2787 4557 3050 4629 Ἑλλήνων
3097 4559 3292 4624 οὐδεὶς,
3321 4561 3440 4613 οὐδὲ
3471 4560 3583 4613 ἔστι
3629 4564 3757 4633 παρ’

2185 4647 2311 4719 ὑμῖν
2345 4649 2519 4720 χρόνῳ
2552 4648 2734 4702 πολιὸν
2767 4650 3013 4720 μάθημα.
3051 4670 3069 4701 ι
3106 4650 3215 4704 Καὶ
3246 4645 3400 4717 οὗτος
3443 4653 3498 4705 δὲ
3533 4655 3560 4706 ὁ
3602 4652 3755 4705 Πλά-

2182 4756 2312 4805 των,
2338 4743 2451 4803 τοῐς
2484 4742 2541 4793 ἐν
2584 4740 2782 4811 Ἰταλία
2808 4740 3197 4813 Πυθαγορείοις
3221 4744 3501 4814 σχολάσας,
3525 4745 3585 4798 οὐ
3615 4746 3754 4818 μόνῃ

2182 4830 2246 4900 τῇ
2276 4828 2425 4901 παρὰ
2452 4830 2663 4893 τούτοις
2694 4832 2934 4905 ἠρκέσθη
2962 4832 3230 4905 διατριϐῇ.
3259 4836 3489 4905 Λέγεται
3515 4837 3570 4890 δὲ
3603 4840 3751 4893 ἀπᾶ-

2183 4937 2275 4991 ραι
2308 4922 2387 4983 είς
2421 4922 2713 4989 Αἴγυπτον,
2737 4925 2830 4977 καὶ
2859 4927 2925 4996 τῇ
2959 4926 3160 4979 τούτων
3189 4927 3473 5001 φιλοσοφία
3502 4930 3751 4986 πλεῖστον

2181 5013 2868 5087 ἀναθεῖναιχρόνον.Τοῦτό
2886 5036 2965 5072 τοι
2983 5018 3077 5073 καὶ
3110 5021 3271 5086 αὐτὸς
3304 5026 3415 5087 τοῖς
3454 5024 3749 5097 βαρϐάροις

2179 5106 2447 5177 πολλαχοῦ
2493 5108 2600 5160 τῶν
2662 5108 2807 5163 ἰδίων
2853 5111 3026 5180 λόγων
3050 5118 3335 5186 μαρτυρεῖ,
3383 5113 3441 5170 εὖ
3488 5135 3577 5189 μοι
3603 5118 3750 5173 δοκεῖ

2178 5197 2368 5262 ποιῶν,
2397 5198 2491 5251 καὶ
2512 5198 2579 5252 τὰ
2612 5199 2873 5255 κάλλιστα
2898 5205 3299 5278 ἐμπορευθῆναι
3327 5208 3406 5269 εἰς
3429 5205 3747 5277 φιλοσοφίαν

2179 5289 2330 5361 παρὰ
2377 5290 2482 5343 τῶν
2527 5290 2819 5365 βαρϐάρων
2871 5295 3227 5369 εὐγνωμόνως
3254 5301 3355 5353 οὐκ
3399 5301 3744 5374 ἀπαρνούμε-

2174 5399 2282 5445 νος.
2330 5382 2582 5437 Ἀκοῦσαι
2613 5384 2669 5436 δ’.
2692 5382 2785 5439 οὖν
2817 5387 2977 5440 αὐτοῦ
3017 5388 3285 5460 πολλαχοῦ
3328 5392 3425 5462 μὲν
3458 5394 3741 5463 πάρεστιν,

2173 5476 2235 5529 οὺ
2284 5475 2390 5546 μὴν
2434 5475 2567 5529 ἀλλὰ
2613 5477 2708 5530 καὶ
2736 5480 2793 5532 ὲν
2834 5480 3193 5551 Ἐπιμενίδῃ,
3240 5484 3426 5555 Σύρων
3467 5483 3603 5556 ὁμοῦ
3648 5488 3742 5540 καὶ

2172 5568 2484 5635 Αἰγυπτίων
2530 5562 2631 5623 ὧδὲ
2685 5587 2761 5643 πη
2817 5574 3244 5644 μνημονεύοντος
3267 5593 3281 5606 ’
3342 5596 3360 5628 ι
3425 5577 3627 5630 Τούτου
3682 5577 3737 5630 δὲ

2150 5654 2343 5723 ἀἴτιος
2382 5659 2410 5711 ὁ
2444 5658 2655 5731 πρῶτος
2694 5661 2865 5716 ταῦτα
2894 5664 3144 5730 κατιδὼν,
3191 5665 3461 5739 βάρϐαρος
3483 5666 3576 5722 ὥν.
3624 5668 3736 5721 Πασ-

2172 5750 2319 5815 λαιδς
2342 5751 2455 5823 γάρ
2487 5751 2550 5824 δὴ
2584 5753 2744 5817 τόπος
2786 5755 2980 5826 ἔτρεψε
3006 5758 3131 5821 τοὺς
3174 5758 3423 5828 πρώτους
3451 5758 3620 5813 ταῦτα
3650 5760 3737 5815 ὲν·
