4042 6384
524 285 628 345 ἹΒἹ

523 502 776 555 ornatum
803 497 1154 566 quaerebant:
1186 497 1322 552 adeo
1353 496 1597 566 quidem,
1656 507 1714 551 ut
1742 513 1810 552 ex
1843 495 2092 566 precaria

523 584 662 654 stipe
711 601 810 640 sua
840 586 953 656 jam
1004 588 1113 643 illis
1148 588 1496 662 philosophia
1547 597 1759 654 constet
1813 587 2090 642 universa.

521 673 655 740 Nam
687 677 907 750 aliunde
939 679 1045 734 alia
1069 680 1485 750 disciplinarum
1543 696 1741 750 genera
1791 679 2096 750 exprimen—

522 775 628 833 tes,
675 747 1028 837 geometriam
1057 769 1126 824 ab
1157 747 1448 842 Egyptiis,
1482 785 1513 825 a
1547 747 1822 826 —Chalda:is
1855 747 2096 825 astrolo-

523 857 696 930 giam,
728 858 797 913 ab
828 859 950 916 aliis
981 861 1088 916 alia
1116 861 1450 916 habuerunt.
1491 861 1603 918 Nec
1642 871 1823 917 tamen
1856 875 2092 931 usquam

523 951 786 1020 gentium,
813 954 860 1007 ei
889 953 1032 1009 bono
1057 955 1233 1010 simile
1265 954 1565 1025 quidquam
1601 962 1942 1024 repererunt,
1992 970 2092 1009 cu»

518 1041 611 1108 jus
637 1043 778 1112 apud
824 1042 1080 1100 Hebraeos
1122 1047 1365 1116 ipsorqu
1414 1045 1695 1100 nonnullis
1753 1042 1896 1098 facta
1935 1043 2093 1113 copia

521 1142 628 1190 est.
700 1134 916 1202 Summi
990 1154 1172 1192 rerum
1245 1139 1490 1197 omnium
1565 1138 1928 1193 moderatoris
1996 1136 2093 1191 Dei

523 1227 916 1297 cognitionem,
1014 1246 1349 1301 suorumque
1459 1230 1748 1285 numinum
1841 1229 2094 1298 rejectio-

527 1334 647 1381 nem
752 1322 1014 1392 intelligo,
1095 1338 1261 1392 quam
1352 1335 1643 1392 utramque
1724 1323 1884 1393 paulo
1970 1331 2094 1392 post

525 1421 794 1482 suscepta:
908 1415 1292 1484 disputationis
1391 1429 1710 1485 pregressus
1824 1414 2087 1469 ostendet.

521 1501 684 1574 473
712 1503 869 1576 Nunc
886 1506 1030 1561 enim
1077 1515 1285 1570 tantum
1314 1506 1365 1560 id
1423 1506 1655 1576 agimus,
1698 1505 1872 1560 nostri
1920 1515 1982 1560 ut
2013 1505 2092 1558 le-

522 1602 698 1659 ctores
750 1596 1070 1668 intelligant,
1101 1597 1319 1654 Graecos
1373 1599 1494 1658 illos
1539 1606 1748 1654 veteres
1802 1611 1908 1650 non
1963 1609 2089 1649 vera

524 1686 687 1742 modo
754 1691 1049 1761 theologia,
1101 1691 1192 1746 sed
1228 1690 1394 1746 etiam
1442 1689 1836 1755 doctrinarum,
1889 1687 2090 1758 quibus

1193 283 1460 341 EUSEBII
1495 281 1982 341 CAESARIENSIS
2019 280 2168 337 OPP.
2205 278 2386 334 PARS
2426 276 2489 332 11.
2533 306 2601 318 -
2634 265 3132 329 APOLOGETICA.

526 401 721 467 alienis
765 402 871 457 sibi
903 403 1127 474 plumis,
1169 413 1229 462 ut
1256 413 1342 460 est
1366 405 1419 458 in
1452 403 1658 472 fabula,
1687 404 1893 469 cultum
1928 412 2080 473 atque

2195 401 2383 470 σοφίαν
2405 396 2765 468 ὼφελημένοι,
2809 389 2947 447 ἀλλὰ
2988 389 3083 444 καὶ
3108 386 3219 448 τοῖς
3255 382 3394 474 Θεοῖς⁹

3666 253 3774 304 788

3423 376 3603 432 αὐτῶν
3635 374 3778 427 ἐνδί-

2196 466 2306 553 κως
2346 466 2810 558 ἐπιμεμψάμενοι,
2857 480 2950 534 καί
2976 494 3121 538 τινες
3173 474 3259 528 διὰ
3291 471 3462 525 ταῦτα
3500 466 3776 570 ἀϐεύτητα

2198 582 2397 653 μᾶλλον
2429 580 2530 648 τῆς
2559 579 2667 631 τῶν
2693 576 2830 630 θεῶν
2859 569 3154 645 θεραπείας
3191 559 3676 640 προτετιμηκότεςο
3720 559 3779 608 τί

2195 673 2299 744 χρὴ
2331 673 2515 726 λοιπὸν
2544 672 2691 743 ἡμᾶς
2724 665 3149 739 ἐπιμέμφεσθαι,
3181 666 3301 735 οὐχὶ
3320 665 3376 718 δέ
3411 656 3780 729 ἀποδέχεσθαι

2195 766 2290 819 καὶ
2317 767 2582 828 ἐπαινεῖν,
2617 765 2720 830 ὅτι,
2753 763 2814 816 τὸ
2847 765 3095 834 κρεῖττον
3135 759 3537 830 ἀγαπήσαντες,
3567 753 3779 826 μᾶλλον

2193 855 2252 909 δὲ
2280 856 2338 910 τὸ
2373 857 2532 926 μόνον
2587 855 2784 927 ἀληθὲς
2834 855 3086 927 εὑρόντες
3125 853 3222 906 καὶ
3259 848 3638 920 ἀπειληφότες,
3672 845 3778 898 τοῦ

2193 946 2420 1019 ψεύδους
2440 950 2883 1022 ἀνεχωρήσαμεν,
2914 947 3036 1000 οὗτε
3081 947 3160 1009 είς
3185 943 3340 999 ἄθεον
3367 941 3623 1012 λογισμὸν
3651 940 3779 1000 τοῖς

2197 1042 2379 1110 σοφοῖς
2419 1040 2682 1112 Ἐλλήνων
2709 1041 2908 1111 ὁμοίως
2937 1038 3384 1111 περιτραπέντες,
3429 1034 3552 1089 οὔτε
3605 1033 3779 1086 πάλιν

2193 1135 2305 1195 τοῖς
2325 1131 2424 1185 Θαυ
2433 1135 2653 1204 μαστοῖς
2679 1131 3072 1203 παραπλησίως
3102 1129 3405 1199 φιλοσόφοις
3435 1127 3653 1201 ἀναμὶξ,
3669 1126 3779 1196 τὴν

2193 1225 2400 1294 πλάνην
2430 1225 2528 1298 τὴν
2556 1224 2816 1278 πολύθεον
2843 1227 2908 1296 τῇ
2922 1222 3120 1293 γνώσει
3141 1223 3234 1276 τοῦ
3266 1224 3358 1277 ἐπὶ
3386 1221 3603 1275 πάντων
3629 1217 3775 1272 Θεοῦ

2195 1315 2482 1388 φύραντες,
2501 1316 2620 1370 ούδέ
2653 1334 2714 1386 γε
2739 1316 2799 1369 τὸ
2827 1315 3018 1385 ψεῦδος
3048 1316 3163 1386 ἃμα
3182 1315 3260 1386 τῷ
3291 1314 3479 1386 ἀληθεῖ
3510 1312 3776 1384 συγχέαν-

2191 1427 2310 1474 τες;
2357 1410 2514 1464 Ἀλλὰ
2547 1411 2710 1486 μήπω
2730 1408 2921 1476 ταῦτα,
2947 1411 3129 1463 ἐκεῖνα
3152 1409 3207 1462 δέ
3234 1427 3323 1479 μοι
3351 1408 3540 1480 πρῶτα
3569 1407 3772 1469 δίελθε,

2191 1499 2257 1552 δι’
2293 1493 2367 1553 ὧν
2391 1499 2651 1570 ’Έλληνες
2670 1499 2737 1552 τὰ
2764 1501 2940 1553 πάντα
2967 1497 3318 1570 σεσυληκέναι
3346 1497 3678 1570 βαρϐάρους,
3711 1498 3773 1549 ού

2197 1595 2332 1664 μόνα
2384 1594 2454 1647 τὰ
2502 1594 2765 1664 φιλόσοφα
2817 1594 3136 1666 μαθήματα,
3173 1593 3306 1646 ἀλλὰ
3335 1591 3554 1656 καὶτὰς
3581 1590 3775 1654 κοινὰς

2196 1688 2290 1740 καὶ
2325 1686 2607 1757 βιωφελείς
2638 1688 2900 1758 εὑρέσεις,
2926 1687 3337 1756 ἀπελέγχονται.

519 1778 874 1852 ιξΙιιΙοεορΙιίιξδ
905 1785 1081 1849 studia
1106 1785 1406 1855 promoveri
1438 1791 1686 1853 possunt,
1727 1781 1972 1856 adeoque
2029 1781 2243 1835 illarum
2298 1781 2562 1851 ipsarum,
2589 1781 2789 1851 quibus
2829 1781 3141 1851 reipublicae
3194 1788 3367 1834 status
3419 1775 3774 1840 informatur,

520 1876 831 1944 cognitione
872 1879 1133 1934 caruisse.
1175 1879 1342 1948 Cujus
1417 1892 1517 1952 ego
1587 1876 1666 1932 rei
1724 1877 2123 1946 probationem,
2164 1874 2232 1930 ad
2259 1874 2411 1939 iHud,
2460 1874 2605 1945 quod
2632 1872 2969 1928 efﬁciendum
2997 1872 3132 1927 mihi
3162 1871 3415 1939 deinceps
3437 1883 3502 1924 ac
3542 1866 3780 1922 demon-

519 1967 799 2029 strandum
828 1970 1110 2040 proposui,
1177 1970 1315 2026 lucis
1373 1969 1666 2040 plurimum
1699 1969 1989 2023 allaturum
2037 1983 2159 2023 esse
2196 1967 2410 2023 confido
2443 1983 2456 2019 :
2492 1967 2758 2036 siquidem
2803 1981 2865 2020 ea
2916 1963 3247 2020 defensionis
3282 1970 3482 2017 nostra!
3514 1969 3775 2028 suscepta

519 2057 658 2112 ratio
687 2069 790 2125 est,
823 2061 901 2115 uti
924 2078 1032 2116 non
1061 2062 1367 2117 inconsulto
1388 2078 1454 2118 ac
1486 2071 1710 2128 temere,
1737 2061 2112 2125 Hebraeorum,
2156 2062 2259 2117 hoc
2285 2070 2391 2128 est,
2433 2070 2491 2115 ut
2515 2060 2619 2130 ipsi
2650 2060 2867 2130 quidem
2910 2059 3352 2126 interpretantur,
3404 2053 3775 2109 barbarorum

518 2147 799 2208 hominum
825 2194 840 2220 ,
895 2154 1290 2225 philoSOphiam
1326 2155 1526 2211 Grazca:
1569 2171 1600 2210 a
1635 2155 1792 2210 nobis
1857 2155 2218 2225 antepositam
2281 2154 2450 2210 fuisse
2489 2153 2858 2209 ostendamus.
2927 2149 3061 2204 Nam
3099 2149 3144 2203 si
3178 2147 3395 2203 Grmcos
3418 2146 3588 2216 ipsos,
3629 2146 3774 2200 clam

515 2241 659 2310 licet,
698 2246 882 2301 omnia
927 2256 1108 2302 tamen
1153 2265 1182 2303 a
1222 2249 1471 2304 barbaris
1519 2255 1672 2303 tanto
1721 2257 1846 2302 ante
1900 2264 2240 2317 corrogasse,
2303 2263 2403 2303 nec
2463 2247 2644 2302 solum
2702 2246 2800 2300 abs
2844 2244 2958 2298 Diis
2988 2243 3104 2298 suis
3133 2241 3268 2296 nihil
3321 2239 3389 2295 ad
3427 2253 3776 2308 consequen—

513 2332 638 2387 dam
685 2337 1085 2408 philosophiam
1139 2341 1261 2410 opis
1327 2340 1623 2410 accepisse,
1653 2355 1843 2396 verum
1909 2341 2072 2394 etiam
2107 2340 2271 2410 justis
2317 2356 2411 2396 eos
2478 2340 2794 2395 nominibus
2828 2336 3174 2392 insimulasse
3204 2331 3535 2433 constiterit,
3573 2345 3777 2433 quam-

513 2423 702 2479 obrem
763 2431 1007 2484 nonnulli
1089 2448 1307 2504 quoque
1351 2434 1686 2490 divinitatem
1756 2448 1972 2487 omnem
2043 2433 2252 2497 tollere,
2310 2448 2474 2503 quam
2518 2432 2621 2487 hoc
2685 2431 2912 2486 deorum
2960 2443 3132 2500 genus
3190 2426 3370 2480 colere
3426 2422 3769 2478 maluerint:

514 2515 638 2584 «tuis
688 2517 944 2590 deinceps
995 2522 1195 2580 factum
1266 2526 1648 2596 reprehendat,
1677 2543 1742 2582 ac
1793 2543 1902 2596 non
1968 2529 2147 2596 potius
2183 2532 2394 2600 probet,
2454 2529 2743 2599 laudetqne
2786 2535 3070 2591 nostrum;
3136 2523 3229 2592 qui
3289 2520 3533 2575 melioris
3579 2533 3775 2574 amore

513 2607 674 2676 capti,
709 2619 800 2669 aut
834 2613 1015 2681 potius
1054 2615 1108 2667 in
1137 2624 1290 2684 parta
1355 2617 1496 2686 ejus,
1540 2619 1684 2686 quod
1731 2635 1920 2674 verum
1983 2638 2151 2677 unum
2197 2633 2302 2689 est,
2355 2623 2666 2696 cognitione
2723 2621 3150 2692 acquiescentes,
3215 2632 3317 2670 nos
3372 2613 3597 2669 vanitati
3634 2613 3774 2668 sub-

512 2696 849 2768 duxerimus,
873 2718 1047 2773 neque
1073 2705 1127 2758 in
1159 2706 1466 2764 Divinitatis
1493 2709 1717 2768 sublata:
1758 2717 1934 2774 scelus
1961 2729 2084 2768 cum
2127 2715 2244 2770 istis
2307 2715 2621 2774 Graecorum
2687 2713 3021 2785 sapientibus
3061 2708 3363 2782 praecipites
3397 2707 3526 2772 acti,
3588 2721 3775 2776 neque

511 2802 635 2842 cum
673 2794 904 2864 egregiis
943 2795 1279 2867 philosOphis
1309 2801 1591 2857 vecordem
1636 2803 1780 2859 illam
1842 2807 2200 2879 insanamque
2244 2811 2469 2881 deorum
2540 2811 2966 2875 multitudinem,
3023 2822 3147 2862 cum
3210 2803 3408 2860 summi
3441 2817 3504 2857 ac
3554 2816 3772 2872 praepo-

512 2883 677 2943 tentis
727 2883 821 2940 Dei
855 2889 1049 2945 notitia
1103 2889 1404 2948 ftedissime
1438 2897 1876 2966 commiscentes,
1901 2917 2077 2973 neque
2113 2903 2312 2959 falsum
2335 2905 2562 2966 omnino
2586 2919 2710 2966 cum
2741 2919 2870 2958 vero
2928 2895 3360 2956 confundentes?
3426 2892 3623 2948 Verum
3648 2893 3774 2948 han

512 2988 698 3045 postea
763 2981 1107 3040 viderimus:
1143 3001 1289 3042 nunc
1317 3002 1380 3042 ea
1428 2995 1486 3042 tu
1539 2991 1672 3049 mihi
1739 2995 1976 3062 primum
2021 2999 2297 3068 expende,
2332 2999 2542 3069 quibus
2610 2996 2793 3052 Graaci
2834 3009 2941 3050 non
2991 2992 3138 3059 solas
3199 2985 3560 3059 philosophia:
3595 2984 3773 3040 disci-

511 3069 709 3138 Plinas,
739 3073 830 3128 sed
853 3073 1000 3143 ipsas
1035 3076 1199 3130 etiam
1219 3077 1342 3133 vitae
1357 3082 1662 3144 communis
1693 3085 1906 3144 tuendae
1933 3096 2080 3144 artes
2115 3089 2365 3145 barbaris
2395 3089 2710 3149 hominibus
2734 3085 2897 3141 furati
2925 3099 3047 3140 esse
3083 3088 3402 3152 arguanth

1136 3187 1366 3246 CAPUT
1395 3190 1454 3246 ν.

2705 3196 3100 3255 ΚΕΦΑΛΑΙΟΝ
3144 3196 3220 3248 E'.

2127 3339 2139 3349 ι
2194 3313 2286 3381 Ὠς
2302 3314 2372 3368 τὰ
2392 3313 2587 3367 πάντα
2598 3308 3376 3380 παρὰβαρϐἁρωνἜλληκες
3399 3305 3760 3376 ὠφέληνται.

2254 3405 2476 3478 Πρῶτος
2499 3403 2786 3476 τοιγαροῦν
2813 3403 2842 3454 ὁ
2872 3401 2940 3454 τὰ
2973 3399 3128 3454 κοινὰ
3155 3399 3478 3471 γράμματα,
3512 3396 3654 3452 αὐτά
3691 3397 3765 3469 δὴ

2183 3498 2248 3551 τὰ
2279 3498 2468 3570 πρῶτα
2503 3497 2603 3566 τῆς
2643 3491 3038 3567 γραμματικῆς
3082 3494 3339 3562 στοιχεῖα,
3388 3490 3613 3560 Ἕλλησι
3645 3491 3766 3543 εἰσ-

691 3293 839 3349 ΝἱΙιὶι
881 3315 982 3352 non
1026 3318 1057 3354 a
1095 3301 1334 3358 barbaris
1366 3303 1574 3361 Graecos
1623 3311 1901 3379 accepisse.

579 3386 842 3443 Cadmum
875 3391 1023 3445 illum
1064 3405 1208 3450 certe
1241 3396 1480 3465 quidem,
1510 3401 1602 3468 qui
1653 3417 1968 3460 communes
1991 3404 2080 3458 lit-

512 3487 655 3534 teras
685 3480 927 3552 adeoque
956 3487 1132 3553 prima
1171 3489 1560 3555 grammatices
1587 3492 1853 3549 elementa
1874 3493 2079 3551 Graecis

513 3564 851 3651 infbrmavit,
891 3590 1086 3645 genere
1135 3575 1446 3634 Phoenicem
1508 3579 1678 3639 fuisse
1721 3595 1958 3653 constat,
2021 3598 2080 3643 ut

509 3661 724 3717 easdem
754 3664 959 3739 litteras
1005 3678 1214 3724 veteres
1243 3673 1490 3726 nonnulli
1543 3685 1828 3745 propterea
1857 3677 2081 3736 Phteni-

513 3755 624 3811 cias
654 3757 994 3825 appellarint.
1026 3756 1135 3814 Nec
1161 3761 1375 3829 desunt,
1401 3765 1543 3834 quia
1565 3765 1716 3838 Syris
1745 3771 2078 3842 excogitatas

509 3843 632 3901 illas
688 3845 860 3904 fuisse
894 3850 1071 3904 velint.
1134 3851 1255 3923 Syri
1287 3863 1467 3910 autem
1519 3857 1618 3922 illi,
1669 3857 1878 3916 Hebrazi
1915 3863 2077 3918 etiam

511 3938 699 4027 utique
723 3939 946 4013 fuerint,
1000 3945 1092 4013 qui
1139 3946 1420 4002 finitimam
1456 3933 1746 4008 Phoenicia:
1779 3953 1945 4027 474
1991 3973 2078 4011 re-

508 4026 744 4105 gionem,
767 4051 996 4105 qumque
1024 4035 1301 4094 Phoenicia
1351 4045 1626 4111 quondam
1661 4044 1776 4116 ipsa
1835 4026 2073 4119 quoque.

509 4135 621 4194 tum
654 4119 862 4200 Judaéa,
897 4128 1058 4185 hodie
1103 4146 1275 4186 veroa
1308 4139 1513 4192 nostris
1543 4135 1829 4196 Palaestina
1854 4141 2074 4208 dicitur,

509 4216 834 4288 incolebant.
885 4217 949 4274 Et
992 4236 1121 4276 vero
1155 4224 1398 4291 proxime.
1439 4243 1570 4282 sane
1617 4230 1683 4284 ad
1714 4229 2074 4293 Hebraeorum

507 4311 729 4386 nomina
785 4311 1092 4370 Graecarum
1146 4319 1444 4375 litterarum
1507 4323 1720 4378 accedit
1767 4326 2071 4394 appellatio.

505 4399 644 4477 Cum
699 4403 843 4457 enim
876 4420 1037 4459 suum
1097 4409 1290 4479 cuique
1313 4412 1453 4482 apud
1508 4411 1761 4468 Hebraeos
1805 4415 2074 4484 elemento

2180 3587 2529 3659 ηγησάμενος
2547 3585 2788 3656 Κάδμος,
2811 3585 2872 3636 τὸ
2891 3584 3044 3652 γένος
3065 3580 3242 3647 Φοίνιξ
3264 3576 3352 3651 ἦν,
3380 3579 3500 3633 ὅθεν
3522 3581 3616 3632 καὶ
3634 3581 3764 3633 Φοι-

2181 3682 2367 3751 νικήῖα
2399 3678 2467 3733 τὰ
2507 3678 2808 3749 γράμματά
2840 3692 2984 3737 τινες
3028 3673 3136 3728 τῶν
3185 3672 3429 3726 παλαιῶν
3463 3671 3763 3741 ἐπικεκλῆ-

2182 3790 2359 3826 κασιν.
2381 3773 2502 3825 Εἰσὶ
2516 3770 2573 3823 δὲ
2596 3770 2643 3823 οἳ
2661 3769 2864 3841 Σύρους
2894 3767 3196 3837 γράμματα
3224 3766 3505 3836 ἐπινοῆσαι
3537 3763 3765 3832 λέγουσι

2184 3863 2450 3935 πρώτους.
2483 3861 2641 3933 Σύροι
2671 3859 2716 3912 δ’
2746 3859 2811 3912 ἂν
2843 3855 2952 3910 εἷεν
2977 3859 3073 3911 καὶ⁵
3115 3855 3382 3928 Ἑϐραῖοι,
3416 3855 3514 3926 τὴν
3540 3855 3768 3923 γείτονα.

2179 3955 2448 4024 Φοινίκης,
2481 3953 2576 4007 καὶ
2607 3953 2776 4023 αὐτὴν
2812 3951 2873 4004 τὸ
2906 3950 3006 4022 μὲν
3037 3949 3262 4003 παλαιὸν
3325 3947 3594 4019 Φοινίκην,
3628 3966 3768 4019 μετ-

2181 4049 2370 4101 έπειτα
2399 4047 2452 4100 δὲ
2491 4045 2764 4111 Ἰουδαίαν,
2788 4043 2955 4113 καθ’ἡ
2966 4045 3071 4114 μᾶς
3097 4043 3154 4095 δὲ
3184 4041 3545 4113 Παλαιστίνην
3560 4042 3764 4113 ὀνομα-

2182 4138 2436 4208 ζομένην,
2488 4135 2788 4197 οίκοῦντες·
2826 4127 2900 4188 ὧν
2939 4135 3030 4187 καὶ
3073 4134 3306 4205 μάλιστα
3361 4134 3462 4186 οὐκ
3501 4133 3764 4205 ἁλλοτρίδ

2183 4231 2426 4299 φαίνεται
2455 4229 2487 4298 ὴ
2516 4228 2626 4280 τῶν
2661 4224 2989 4297 Ἑλληνικῶν
3016 4226 3359 4296 γραμμάτων
3385 4225 3559 4296 φωνή.
3585 4225 3763 4278 Ἕκα-

2182 4340 2304 4376 στον
2336 4321 2466 4390 γοῦν
2489 4320 2597 4374 τῶν
2634 4318 2915 4390 στοιχείων
2943 4320 3070 4389 παρ’
3097 4318 3281 4380 αὐτοῖς
3313 4317 3455 4371 κατά
3483 4334 3629 4381 τινος
3659 4334 3761 4388 ση-

2183 4413 2449 4484 μαντικῆς
2479 4412 2716 4476 διανοίας
2758 4411 2855 4482 τὴν
2886 4409 3256 4483 προσηγορίαν
3286 4409 3464 4480 φέρει,
3489 4409 3628 4481 ὅπερ
3654 4409 3762 4463 οὐκ

507 4506 706 4560 nomen
749 4493 1007 4566 singulari
1041 4499 1272 4567 quadam
1324 4496 1378 4554 et
1426 4505 1643 4572 propria
1679 4503 2076 4572 significatione

2183 4505 2325 4556 ἐστιν
2351 4504 2531 4574 εὑρεῖν
2561 4501 2708 4572 παρὰ
2735 4505 2848 4564 τοῖς
2877 4499 3098 4569 Ἕλλησι
3123 4516 3135 4528 ο
3167 4499 3249 4552 διὸ
3277 4499 3372 4553 καλ⁵
3409 4499 3642 4571 μάλιστα
3675 4502 3755 4572 μὴ

504 4585 821 4642 attributum
858 4587 1040 4655 fuerit,
1077 4593 1217 4660 quod
1283 4595 1424 4662 apud
1484 4595 1700 4652 Graecos
1729 4597 1907 4652 locum
1955 4615 2077 4668 pro-

2183 4595 2310 4648 ὄντα
2336 4594 2440 4648 ἴδια
2480 4592 2742 4664 Ἑλλήνων
2789 4593 3150 4663 ὡμολόγηται.
3207 4593 3364 4644 Ἔστι
3395 4593 3449 4645 δέ
3476 4591 3546 4645 τὰ
3571 4593 3758 4648 πάντα

505 4678 644 4733 fecto
694 4681 900 4734 nullum
953 4683 1132 4757 habet,
1184 4687 1430 4754 sequitur
1469 4689 1712 4752 omnino,
1738 4678 1800 4743 u't
1849 4691 2072 4746 minime

502 4770 814 4839 Grtecorum
857 4775 1071 4844 propria
1103 4792 1223 4831 esse
1247 4777 1533 4835 fateamur.
1591 4780 1728 4836 Sunt
1755 4792 1934 4837 autem
1962 4784 2072 4838 elc-

502 4872 681 4918 menta
715 4862 954 4938 Hebraeis
988 4869 1168 4922 omnia
1225 4870 1331 4942 duo
1371 4885 1434 4924 ac
1477 4871 1685 4939 viginti.
1711 4871 1952 4927 Primum
1990 4875 2072 4928 di-

501 4957 644 5010 citur
663 4956 809 5026 alph,
830 4957 1113 5032 disciplina
1140 4960 1324 5017 Graece
1366 4964 1516 5036 reddi
1549 4964 1738 5032 possit.
1757 4963 2066 5021 Secundum

2183 4690 2310 4759 παρ’
2347 4687 2616 4759 Ἑϐραίοις
2673 4690 2910 4758 στοιχεῖα
2942 4686 3035 4740 δύο
3064 4687 3158 4740 καὶ
3192 4688 3425 4740 εἴκοσιν
3451 4679 3526 4740 ὧν
3556 4685 3618 4738 τὸ
3653 4687 3757 4757 μὲν

2179 4779 2394 4850 πρῶτόν
2451 4781 2597 4831 ἐστιν
2642 4777 2770 4848 ἂλφ,
2827 4779 2854 4831 ὃ
2901 4778 3241 4849 μεταληφθέν
3274 4781 3353 4842 είς
3385 4779 3482 4848 τὴν
3527 4778 3759 4832 Ἐλλάδα

2179 4873 2360 4942 φωνὴν
2412 4872 2607 4939 λέγοιτ’
2653 4870 2718 4923 ἂν
2745 4870 3007 4940 μάθησις
3031 4888 3043 4901 °
3089 4871 3148 4924 τὸ
3197 4871 3252 4924 δὲ
3293 4870 3543 4942 δεύτερον
3575 4869 3701 4941 βὴθ,
3725 4871 3758 4923 ὃ

2180 4963 2639 5036 μεθερμηνεύεται
2671 4962 2841 5017 οἴκου
2861 4981 2874 4994 ο
2909 4963 2970 5015 τὸ
2989 4963 3168 5033 τρίτον
3187 4963 3414 5033 γίμελ,ὃ
3445 4965 3563 5016 ἐστι
3596 4962 3755 5028 πλή-

503 5048 650 5110 beth,
680 5049 836 5116 quasi
871 5048 1080 5118 domus.
1135 5050 1375 5122 Tertium
1409 5054 1592 5133 gimel,
1635 5056 1738 5110 hoc
1789 5064 1873 5110 est
1897 5057 2070 5126 pleni-

2183 5073 2387 5123 ρωσιςο
2441 5057 2501 5109 τὸ
2532 5057 2785 5125 τέταρτον
2842 5055 2982 5118 me,
3034 5056 3064 5108 ὃ
3108 5056 3358 5126 σημαίνει
3383 5055 3644 5110 δέλτων·
3689 5056 3754 5108 τὸ

502 5139 651 5194 mdo.
676 5139 941 5205 Quartum
999 5142 1164 5207 delth,
1206 5145 1362 5213 quasi
1401 5145 1656 5199 librorum
1704 5147 1874 5202 dicas.
1902 5148 2074 5226 Quin-

499 5243 613 5286 tum
645 5233 734 5300 he,
761 5234 813 5288 id
841 5244 926 5290 est
952 5235 1088 5303 ipsa.
1111 5234 1243 5302 Qua:
1271 5238 1453 5292 omnia
1479 5239 1523 5292 si
1553 5239 1922 5308 conjunxeris,
1950 5257 2075 5297 sen-

501 5325 719 5379 tentiam
741 5327 1256 5399 ejusmodialiquam
1283 5329 1481 5385 efﬁcias
1507 5349 1518 5382 :
1549 5329 1842 5400 Disciplina
1855 5332 2069 5397 domus,

500 5418 778 5485 plenitudo
830 5420 1092 5486 librorum
1141 5422 1279 5491 ipsa.
1345 5420 1462 5476 .lam
1517 5432 1727 5482 sextum
1760 5425 1828 5478 ab
1860 5424 1930 5482 iis
1957 5425 2068 5484 ele-

499 5520 740 5566 mentum
765 5528 866 5567 vau
915 5524 1277 5584 nuncupatur,
1320 5517 1422 5567 hoc
1446 5525 1546 5580 est,
1593 5517 1645 5568 in
1711 5516 1846 5585 ipsa.
1892 5515 2068 5586 Septi-

499 5619 647 5674 mum
685 5621 788 5667 sat,
833 5607 934 5661 hoc
959 5619 1060 5673 est,
1123 5609 1265 5662 vivit.
1302 5607 1562 5662 Octavum
1609 5609 1761 5676 heth,
1819 5609 1962 5679 quod
1995 5609 2069 5664 si-

2176 5151 2422 5220 πέμπτον
2451 5150 2506 5220 ἢ,
2533 5148 2562 5200 ὃ
2587 5148 2734 5199 ἐστιν
2761 5147 2930 5214 αὕτη.
2987 5146 3152 5216 Ὀμοῢ
3180 5147 3237 5200 δὲ
3262 5146 3330 5200 τὰ
3361 5147 3538 5201 πάντα
3569 5148 3755 5220 ἀπαρ-

2170 5239 2308 5304 τίζει
2338 5240 2590 5308 τοιαύτην
2639 5237 2761 5292 τινὰ
2801 5238 3033 5292 διάνοιαν
3061 5257 3074 5268 ·
3110 5238 3361 5308 Μάθησις
3402 5239 3573 5303 οἴκου,
3603 5239 3751 5310 πλή-

2179 5350 2343 5405 ρωσις
2382 5332 2579 5385 δέλτων
2614 5330 2774 5402 αὕτη.
2820 5327 2952 5385 Εἶτα
2987 5331 3124 5402 μετὰ
3150 5331 3322 5384 ταῦτά
3350 5333 3464 5384 ἐστι
3487 5334 3750 5401 στοιχεῖον

2173 5427 2328 5479 ἓκτον
2351 5467 2364 5489 ,
2389 5425 2678 5493 λεγόμενον
2703 5424 2830 5494 παρ’
2858 5425 3039 5487 αὐτοῖς
3062 5423 3217 5488 ούαῦ,
3246 5425 3273 5477 ὃ
3289 5426 3433 5492 ἐστιν
3460 5423 3529 5480 ἐν
3556 5421 3712 5491 αὐτῇ
3732 5440 3746 5453 ⁸

2176 5518 2363 5572 ἔπειτα
2384 5515 2492 5582 Cati,
2515 5517 2543 5570 ὅ
2560 5519 2675 5571 ἐστι
2692 5516 2778 5585 ζῇ·
2804 5517 2919 5587 μεθ’
2940 5517 2968 5568 ὃ
2986 5516 3076 5587 ἣθ,
3100 5519 3128 5570 ὃ
3148 5518 3293 5569 ἐστιν
3313 5519 3344 5569 ό
3371 5515 3503 5576 ζῶνο
3533 5515 3598 5571 ἵν’
3688 5516 3749 5567 τὸ

2175 5611 2326 5664 ὅλον·
2373 5610 2460 5662 Ἑν
2487 5609 2623 5680 αὐτῇ
2659 5607 2724 5679 ζῇ
2754 5611 2782 5661 ὁ
2808 5607 2935 5672 ζῶν.
2973 5607 3126 5660 Μετὰ
3169 5607 3341 5661 ταῦτα
3376 5609 3633 5677 στοιχεῖον
3661 5606 3750 5659 ἕν-

501 5695 716 5779 gnilicat
747 5699 933 5751 vivens.
968 5699 1042 5752 Ex
1077 5700 1275 5768 quibus
1322 5700 1409 5754 hic
1447 5715 1642 5756 sensus
1668 5701 1940 5770 colligitur
1967 5720 1978 5754 :
2005 5701 2064 5754 In

2183 5718 2339 5765 ρατον,
2369 5700 2429 5753 τὸ
2448 5699 2568 5771 τὴθ,
2592 5701 2621 5752 ὃ
2645 5701 2757 5752 ἐστι
2775 5697 2929 5763 καλή
2949 5715 2961 5727 ο
2987 5697 3173 5768 ἔπειτα
3194 5697 3307 5765 ίὼθ,
3339 5697 3368 5748 ὂ
3389 5695 3747 5768 ἑρμηνεύεται

503 5802 617 5864 ipsa
643 5789 773 5862 vivit
798 5790 997 5857 vivens.
1028 5789 1261 5848 Nouum.
1295 5792 1428 5868 tctb,
1451 5791 1500 5846 id
1538 5802 1621 5849 est
1653 5792 1862 5850 bonum.
1914 5792 2066 5860 Deci-

2166 5791 2349 5870 dpxri'
2386 5790 2520 5857 ὁμοῦ
2569 5790 2635 5845 τὰ
2679 5791 2800 5858 δύο·
2832 5791 2986 5858 Καλῆ
3013 5791 3174 5859 ἀρχή.
3214 5789 3335 5843 Ἐπὶ
3357 5788 3563 5852 τούτοις
3611 5788 3748 5859 κὰφ,
