4042 6384
226 256 350 309 789

1440 255 1762 310 l‘llePAR.
1808 257 2056 314 EVANG.
2099 258 2227 316 LIB.
2267 257 2327 312 Χ.

3405 253 3518 305 790.

225 373 258 426 δ
285 375 459 426 ἐστιν
491 374 669 442 ὅμως·
703 373 890 426 ἔπειτα
921 369 1050 426 λὰὸδ
1076 373 1208 445 (9.4),
1226 376 1253 427 ὅ
1277 374 1582 444 ἐστιμάθεο
1615 377 1674 429 τὸ
1697 377 1836 443 ὅλον,

1948 377 2245 446 mumjoth,
2270 375 2417 446 quod
2451 373 2692 428 redditur
2715 374 3032 443 principium
3058 389 3076 436 ;
3111 372 3382 441 quaeduo,
3403 371 3524 424 ΒΟ..

229 470 451 534 Ὅμως
486 466 644 536 μάθε.
674 466 827 518 Μετὰ
887 465 1055 518 ταῦτα
1089 467 1528 537 τρισκαιδέκατον
1575 469 1836 539 στοιχεῖόν

224 557 356 609 ἐστι
403 558 471 610 τὸ
496 557 636 629 μὴμ,
662 559 690 611 ὅ
724 560 867 610 ἐστιν
896 558 964 623 ἐξ
992 557 1220 611 αὐτῶν·
1251 558 1441 612 ἔπειτα
1475 559 1661 624 νοῦν,ὄ
1690 563 1835 614 ἑστιν

225 651 497 703 αὶωνία·
532 647 650 704 εἶτα
677 648 846 720 σὰμχ,
876 650 904 702 ὃ
923 649 1280 721 ἑρμηνεύεται
1315 651 1596 720 βοήθεια·
1626 649 1745 727 ἴν’ᾖ
1775 653 1835 705 τὸ

225 739 580 810 λεγόμενον*
624 741 712 808 Ἐξ
745 741 920 794 αὐτῶν
941 743 1132 794 αἰωνία
1175 743 1414 814 βοήθεια.
1458 745 1580 797 Ἐπὶ
1617 744 1863 809 τούτοις

227 833 296 883 τὸ
332 832 455 894 ἄῖν,
474 832 507 884 ὃ
536 832 875 904 μεταληφθὲν
906 834 1158 904 σημαίνει
1192 835 1467 906 amrier
1499 837 1829 905 ὀρθιαίμόν·

229 924 447 976 ἔπειτα
515 924 576 976 τὸ
611 924 702 995 φῆ,
735 925 928 993 στόμα
949 941 963 954 ο
997 920 1094 977 εἷθ’
1126 925 1272 995 ἑξῆς,
1296 926 1356 978 τὸ
1390 926 1544 996 σάδη,
1571 925 1837 979 educato-

229 1016 458 1082 σιπνην
485 1033 499 1045 ο
523 1010 597 1068 ὧν
647 1019 679 1087 ή
714 1015 920 1068 διάνοιά
962 1017 1113 1068 ἐστι·
1141 1018 1318 1088 Πηγὴ,
1353 1018 1384 1088 ἢ
1421 1018 1515 1070 καὶ
1539 1017 1831 1087 ὀφθαλμὸς,

230 1107 333 1160 καὶ
374 1108 561 1178 στόμα
587 1107 948 1179 δικαιοσύνης.
998 1109 1153 1162 Μετὰ
1202 1108 1374 1162 ταῦτα
1419 1110 1678 1179 στοιχεῖόν
1721 1111 1834 1162 ἑστι

232 1201 392 1271 κὼερ,
421 1203 456 1254 ὃ
486 1203 840 1274 ἑρμηνεύεται
868 1202 1120 1272 κλῆσιςο
1153 1205 1341 1258 ἔπειτα
1379 1205 1496 1277 ῥὴς.
1530 1207 1557 1259 ὅ
1592 1209 1706 1259 ἐστι
1740 1224 1836 1260 κε-

230 1291 413 1360 φαλή
439 1309 452 1318 ·
483 1294 578 1345 καὶ
597 1292 733 1364 μετὰ
767 1292 938 1346 ταῦτα
968 1293 1076 1357 σὲν,
1111 1294 1246 1364 ὅπερ
1279 1295 1422 1346 ἐστὶν
1440 1293 1680 1359 ὀδόντες
1703 1312 1714 1323 ·
1745 1295 1835 1348 ἐπὶ

233 1385 380 1435 πᾶσι
413 1384 484 1437 τὸ
512 1384 593 1436 κ6’
631 1386 888 1452 στοιχεῖον
922 1383 1160 1436 καλεῖται
1183 1386 1311 1455 παρ’
1332 1385 1515 1446 αὐτοῖς
1538 1383 1662 1450 Οαῦ,
1687 1383 1714 1436 ὃ
1737 1384 1834 1455 δη·-

231 1473 321 1525 λοῖ
349 1474 622 1543 σημεῖα·
675 1475 787 1545 ἑχοι
831 1475 874 1528 δ’
897 1475 961 1527 ἂν
1019 1477 1050 1545 ή
1083 1475 1315 1528 διάνοια·
1352 1476 1557 1546 Κλῆσις
1597 1475 1836 1546 κεφαλῆς

235 1566 336 1618 καὶ
361 1566 606 1619 ὀδόντων
647 1570 865 1637 σημεῖα.
900 1568 1009 1620 Καὶ
1056 1567 1203 1639 παρὰ
1238 1568 1336 1639 μὲν
1369 1567 1639 1636 Ἑϐραίοις
1660 1568 1833 1621 τοιάδε

234 1658 322 1718 τίς
351 1659 569 1729 ἐστινὴ
603 1657 708 1711 τῶν
741 1657 1014 1727 στοιχείων
1046 1659 1382 1732 μετάφρασις
1414 1660 1506 1712 καὶ
1549 1661 1831 1732 ἑρμηνεία,

233 1750 419 1816 λόγου
466 1749 704 1803 διάνοιαν
758 1749 1151 1821 ἀπαρτίζουσα,
1185 1755 1249 1822 τῇ
1289 1751 1395 1804 τῶν
1423 1753 1699 1822 στοιχείων
1733 1771 1835 1823 μα-

238 1842 410 1913 θήσει
441 1860 500 1896 τε
536 1844 629 1896 καὶ
682 1842 983 1913 ἐπαγγελίᾳ
1037 1846 1415 1914 προσήκουσαν
1437 1859 1448 1871 ·
1494 1843 1554 1894 τὸ
1587 1844 1771 1914 ὅμοιον
1794 1845 1838 1898 δ’

241 1937 346 1988 οὐκ
385 1936 456 1988 ἂν
491 1935 670 2007 εὕροις
727 1937 858 2007 παρ’
884 1936 1158 2005 Ἕλλησιν,
1183 1936 1322 1996 ὅθεν,
1366 1936 1438 1998 ὡς
1470 1936 1623 2006 ἔφην,
1654 1937 1840 2007 ὁμολο-

243 2029 366 2092 γεῖν
398 2026 617 2096 ἀνάγκη
653 2026 725 2097 μὴ
759 2025 884 2078 ὄντα
930 2027 1105 2078 οἰκεῖα
1144 2026 1428 2096 Ἑλλήνων,
1460 2043 1856 2098 παραπεποιη-’

246 2119 395 2188 μένα
421 2118 484 2171 δὲ
531 2119 789 2189 ἄντικρυς
816 2117 922 2171 ἀπὺ
968 2119 1065 2189 τῆς
1100 2118 1378 2190 βαρϐάρου
1402 2119 1603 2190 φωνῆς,
1649 2119 1742 2172 καὶ
1783 2119 1842 2183 ἑξ

248 2210 426 2280 αὐτῆς
456 2209 512 2262 δὲ
535 2209 811 2278 ἐλέγχεται
836 2209 935 2278 τῆς
953 2209 1072 2262 καθ’
1096 2209 1326 2262 ἕκαστον
1352 2215 1608 2280 στοιχεῖον
1635 2213 1842 2264 ἐπωνυ-

249 2300 406 2368 μίας.
442 2299 632 2371 Τίγὰρ
661 2298 754 2351 τοῦ
790 2300 897 2370 at?
934 2300 995 2353 τὸ
1022 2301 1164 2369 ἄλφα
1198 2300 1532 2372 διενήνοχεν;
1570 2302 1716 2372 ἢτοῦ

249 2389 309 2441 τὸ
342 2389 510 2458 βῆτα,
545 2389 577 2458 ἢ
602 2389 693 2441 τοῦ
715 2389 911 2459 γάμμα
932 2389 990 2442 τὸ
1023 2389 1204 2460 γίμελ,
1243 2390 1275 2461 ἦ
1306 2390 1399 2442 τοῦ
1429 2391 1548 2444 δὲλθ
1574 2391 1633 2443 τὸ
1664 2392 1841 2455 δέλτα,

251 2481 282 2550 ἢ
307 2480 411 2534 τοῦ
429 2500 461 2553 η
491 2481 550 2534 τὸ
567 2499 611 2544 ε,
641 2481 667 2552 ἢ
695 2480 787 2533 τοῦ
816 2480 902 2546 ζαῒ
923 2481 983 2534 τὸ
1012 2479 1169 2551 ζῆτα,
1195 2482 1226 2553 ἢ
1255 2482 1347 2536 τοῦ
1364 2481 1461 2552 τὴθ
1485 2483 1544 2535 τὸ
1571 2483 1728 2554 Θῆτα,
1750 2487 1844 2538 καὶ

250 2572 353 2623 ὅσα
365 2570 580 2634 τούτοις
605 2573 992 2642 παραπλήσιας
1026 2571 1165 2624 ὥστε
1197 2573 1593 2643 ἀναμφίλεκτον
1618 2570 1757 2629 εἶναι
1785 2577 1846 2629 τὸ

255 2662 332 2734 μὴ
389 2663 662 2733 Ἑλλήνων
717 2663 921 2726 οἰκείας
971 2659 1108 2717 εἶναι
1163 2663 1258 2727 τὰς
1310 2663 1563 2729 τοιαύτας
1626 2669 1841 2736 φωνάς’

263 2752 546 2824 Ἑϐραίων
571 2753 699 2826 ἄρα,
719 2757 844 2826 παρ’
863 2750 942 2818 οἷς
965 2756 1057 2808 καὶ
1072 2755 1332 2826 σημαῖνόν
1347 2774 1397 2809 τι
1415 2756 1642 2810 ἕκαστον
1666 2759 1845 2812 αὐτῶν

254 2843 666 2898 ἀποδείκνυται.
686 2844 843 2916 Παρὰ
859 2844 915 2897 δὲ
928 2845 1133 2908 τούτοις
1149 2845 1382 2918 πρώτοις
1399 2846 1700 2917 ἀρξάμενα.
1722 2868 1848 2920 προ-

256 2932 426 3003 ῆλθεν
459 2933 539 2998 είς
569 2952 626 2988 τε
649 2934 840 2998 ἄλλους
869 2937 963 2989 καὶ
1008 2935 1072 3006 δὴ
1095 2937 1187 2988 καὶ
1220 2938 1299 2998 είς
1347 2936 1628 3008 Ἓλληνας.
1666 2939 1849 2994 Ταῦτα

1943 483 2067 520 num
2087 466 2429 537 principium,
2460 465 2717 520 elliciunt.
2757 464 3113 520 Undecimum
3158 463 3354 533 chaph,
3399 466 3514 516 hoc.

1935 569 2039 621 est,
2070 571 2450 613 verumtamen.
2481 557 2870 612 Duodecimum
2893 556 3038 621 labd,
3073 557 3176 610 hoc
3195 564 3298 618 est,
3316 555 3456 608 disce
3482 569 3504 608 :

1936 651 2078 718 quod
2111 660 2402 719 utrumque
2431 649 2590 704 simul
2613 658 2696 705 est
2728 666 2740 700 :
2774 649 3163 703 Verumtamen
3203 647 3370 702 disce.
3406 644 3508 699 De-

1936 756 2136 794 cimum
2172 743 2413 808 tertium,
2441 756 2604 807 mem,
2638 742 2782 812 quod
2806 741 3094 812 signiﬁcat,
3122 756 3186 794 ea:
3213 739 3361 806 ipsis.
3404 735 3508 792 De—

1937 834 2141 887 cimum
2165 842 2441 902 quartum,
2479 851 2588 889 nun
2619 875 2632 901 ,
2662 835 2714 888 id
2759 843 2842 888 est
2889 845 3158 888 aeternum.
3224 829 3504 885 Decimum

1935 924 2184 994 quintum
2215 925 2423 987 samch,
2450 927 2592 994 quod
2645 924 2931 995 exponitur
2983 923 3263 989 auxilium,
3301 929 3506 976 utsen-

1935 1031 2030 1071 sus
2061 1017 2146 1070 hic
2177 1017 2404 1070 exsistat
2434 1017 2544 1070 :Ex
2579 1017 2709 1087 ipsis
2737 1024 2996 1071 retentum
3043 1015 3327 1069 auxilium.
3352 1012 3510 1066 Deci-

1936 1122 2084 1160 mum
2134 1117 2368 1172 sextum,
2426 1109 2536 1173 ain,
2566 1109 2712 1178 quod
2740 1110 2938 1177 fontem
2984 1107 3064 1161 vel
3091 1107 3300 1160 oculum
3346 1104 3510 1173 signi-

1937 1200 2080 1252 licat.
2114 1198 2390 1254 Decimum
2427 1202 2735 1270 septimum,
2761 1202 2885 1270 phe,
2922 1217 2998 1254 os.
3042 1199 3320 1254 Decimum
3358 1208 3516 1252 octa-

1936 1306 2061 1344 vum
2090 1290 2239 1354 sade,
2277 1275 2380 1346 hoc
2409 1303 2510 1358 est,
2534 1293 2785 1361 justitia;
2819 1294 2960 1346 unde
3003 1293 3141 1346 hanc
3183 1290 3518 1346 sententiam.

1935 1383 2156 1438 elicias:
2193 1382 2361 1451 Fons,
2393 1386 2476 1438 vel
2505 1385 2716 1452 oculus,
2750 1394 2803 1440 et
2844 1400 2905 1439 os
2931 1384 3174 1453 justitize.
3228 1381 3510 1436 Decimum

1936 1488 2144 1528 nonum
2183 1475 2344 1544 coph,
2402 1475 2455 1529 id
2499 1488 2584 1531 est
2637 1476 2942 1546 appellatio.
3009 1473 3339 1528 Vicesimum
3383 1488 3507 1538 res,

1937 1565 2083 1634 quod
2108 1575 2196 1620 est
2249 1575 2426 1636 caput.
2477 1566 2806 1623 Vicesimum
2844 1567 3078 1637 primum
3113 1581 3230 1630 sen,
3288 1566 3391 1620 hoc
3427 1573 3512 1620 est

1938 1655 2134 1711 dentes.
2165 1656 2494 1713 Vicesimum
2519 1659 2842 1722 secundum,
2861 1659 3114 1728 idemque
3137 1667 3468 1727 postremmn
3491 1695 3506 1720 ,

1940 1759 2164 1804 vocatur
2197 1751 2264 1804 ab
2294 1751 2400 1806 illis
2425 1750 2572 1812 thau,
2597 1752 2740 1822 quod
2764 1753 2915 1821 signa
2943 1751 3285 1815 interpretari
3301 1765 3470 1820 queas
3493 1765 3507 1800 :

1942 1841 2046 1896 hoc
2101 1857 2291 1907 sensu,
2324 1843 2632 1913 Appellatio
2663 1844 2877 1913 capitis,
2919 1845 3273 1913 denliumque
3333 1842 3506 1912 signa.

1943 1931 2266 2002 llujusmodi
2300 1949 2430 2004 ergo
2458 1936 2760 1988 litterarum
2814 1935 2956 2005 apud
2985 1934 3240 1989 Hebraeos
3271 1933 3511 2002 appella-

1941 2030 2018 2082 tio
2048 2026 2502 2096 significationem
2561 2027 2739 2091 habet,
2785 2043 2851 2080 ex
2905 2043 3011 2096 qua
3045 2026 3262 2094 quidem
3292 2027 3514 2096 integra:

1943 2119 2204 2174 orationis
2238 2119 2447 2173 exsistit
2480 2134 2542 2173 ea
2577 2119 2866 2187 sententia,
2907 2135 3028 2188 qua:
3060 2120 3358 2173 litterarum
3389 2120 3518 2173 ista-

1943 2228 2064 2266 rum
2099 2211 2416 2281 cognitioni,
2439 2227 2504 2265 ac
2536 2211 2884 2282 promissioni
2917 2212 3130 2266 cuidam
3159 2212 3294 2266 belle
3329 2211 3508 2265 admo-

1945 2301 2072 2355 dum
2117 2311 2348 2371 apteque
2391 2301 2697 2356 conveniat.
2757 2301 2855 2356 Cui
2897 2301 3075 2356 simile
3119 2303 3260 2371 apud
3298 2301 3516 2356 Graecos

1950 2394 2081 2448 nihil
2117 2409 2356 2462 unquam
2385 2393 2648 2462 reperias,
2670 2403 2729 2448 ut
2759 2409 2872 2457 eas,
2905 2395 3048 2463 quod
3081 2395 3240 2462 paulo
3285 2401 3410 2447 ante
3433 2393 3516 2446 di—

1946 2485 2158 2551 cebam,
2187 2485 2340 2539 iateri
2365 2501 2589 2540 necesse
2646 2488 2715 2541 sit
2761 2486 3074 2542 Graecorum
3127 2487 3378 2557 proprias
3408 2503 3514 2542 non

1946 2591 2085 2642 esse,
2121 2577 2213 2631 sed
2240 2577 2414 2646 palam
2451 2593 2515 2632 ex
2547 2579 2774 2632 barbara
2805 2579 2987 2647 lingua
3024 2580 3126 2632 levi
3162 2578 3399 2648 quadam
3423 2595 3517 2631 vo-

1946 2670 2026 2723 cis
2059 2670 2356 2723 mutatione
2387 2669 2688 2724 traductas.
2722 2671 2776 2722 Id
2834 2670 2981 2739 quod
3011 2686 3074 2725 ex
3112 2671 3296 2725 Graeca
3331 2672 3517 2740 singu-

1948 2760 2124 2812 lorum
2176 2760 2566 2814 elementorum
2609 2760 2971 2828 appellatione
3017 2761 3197 2830 quivis
3233 2762 3514 2829 intelligat.

1946 2851 2108 2926 475
2131 2850 2270 2919 Quid
2296 2853 2439 2907 enim
2492 2852 2614 2921 alph
2653 2853 2719 2907 ab
2756 2853 2914 2922 alpha
2942 2869 3266 2924 magnopere
3311 2853 3522 2920 dilfertﬁ'

1949 2944 2078 3012 quid
2105 2951 2284 3011 autem
2334 2943 2417 2996 vel
2468 2943 2626 2997 betha
2655 2956 2686 2995 a
2717 2941 2863 3007 beth,
2900 2944 2978 2997 vel
3009 2959 3038 2997 a
3066 2959 3279 3013 gamma
3336 2945 3516 3013 gimel,

259 3026 367 3095 μὲν
388 3022 482 3080 οὖν
512 3044 601 3098 μοι
629 3027 754 3101 περὶ
776 3028 882 3081 τῶν
902 3027 1131 3099 πρώτων
1158 3029 1436 3099 στοιχείων
1460 3028 1717 3101 εἰρήσθω.
1737 3031 1847 3103 Τῆς

1950 3043 2045 3089 aut
2068 3035 2207 3088 delta
2233 3049 2264 3088 a
2296 3035 2464 3096 delth,
2500 3043 2594 3088 aut
2625 3033 2834 3102 epsilon
2877 3034 2944 3088 ab
2972 3035 3169 3097 he,aut
3194 3051 3222 3088 a
3249 3036 3330 3088 zai
3383 3047 3519 3100 aeta,

258 3118 299 3171 δ’
331 3119 504 3188 αὐτῆς
540 3121 669 3190 ήμῖν
697 3120 1005 3184 ὑποθέσεως
1037 3121 1385 3190 ἐφαψάμενος
1412 3122 1505 3174 καὶ
1533 3124 1560 3175 ὁ
1589 3122 1840 3194 Κλήμης,

260 3210 572 3264 ἐπάκουσον
592 3212 626 3266 ἆ
650 3229 827 3282 φησιν.

1951 3136 2046 3181 aut
2074 3129 2220 3182 theta
2250 3144 2279 3182 a
2303 3128 2473 3194 theth,
2505 3136 2808 3198 caateraque
2827 3127 3122 3197 deinceps?
3149 3128 3522 3200 Maneatergo,

1951 3236 2112 3277 voces
2154 3224 2276 3279 illas
2304 3239 2414 3278 non
2473 3222 2809 3288 Graecorum,
2848 3221 2943 3278 sed
2984 3222 3332 3280 Helirzeorum
3380 3239 3523 3289 esse,

261 3312 411 3372 apud
443 3319 580 3374 quos
605 3320 702 3359 sua
727 3306 923 3374 cuique
948 3305 1270 3376 signiﬁcatio
1298 3305 1575 3360 tribuitur.
1613 3299 1690 3360 lbi
1708 3323 1835 3363 vero
1872 3321 2012 3368 nata:
2057 3332 2178 3370 cum
2210 3327 2411 3384 essent,
2445 3333 2567 3372 cum
2595 3317 2659 3370 a.l
2717 3312 2853 3368 alios
2891 3317 3086 3373 deinde
3115 3325 3252 3379 .tum
3280 3316 3344 3370 ad
3377 3315 3524 3384 ipsos

262 3411 488 3467 quoque
516 3397 733 3452 Gnaeos
757 3413 1068 3468 pervenere.
1092 3399 1267 3468 Atque
1297 3399 1412 3452 hzec
1469 3399 1535 3452 de
1588 3399 1779 3468 primis
1829 3401 2130 3462 litterarum
2173 3412 2455 3466 elementis
2486 3413 2647 3468 modo
2687 3413 2840 3468 satis.
2871 3410 2988 3466 lam
3035 3424 3166 3465 vero
3196 3408 3528 3463 Clementem

264 3489 418 3556 audi,
449 3489 503 3544 in
533 3490 720 3545 eadem
746 3505 956 3545 meeum
975 3489 1340 3559 disputatione
1363 3499 1690 3545 versantem.

799 3582 1194 3636 ΚΕΦΑΛΑΙΟΝ
1225 3585 1314 3649 ς’.

447 3673 586 3743 Περὶ
625 3673 731 3728 τοῦ
763 3672 971 3735 αὐτοῦ,
1001 3673 1119 3727 ἀπὸ
1149 3672 1268 3726 τῶν
1294 3672 1666 3742 Κλήμεντος.

349 3784 369 3816 ι
423 3765 692 3836 ’ἰατρικὴν
745 3765 854 3838 (25)
897 3765 954 3818 δὲ
1005 3767 1168 3819 Ἀπιν
1221 3766 1538 3834 Αἰγύπτιον,
1603 3765 1743 3836 μετὰ
1793 3766 1849 3819 δὲ

273 3859 447 3912 ταῦτα
510 3858 833 3929 Ἀσκληπιὸν
875 3856 1104 3930 αὐξῆσαι
1127 3857 1224 3928 τὴν
1268 3859 1462 3928 τέχνην
1517 3857 1846 3930 ἱστοροῦσιν.

281 3952 482 4016 Ἀτλας
505 3953 563 4006 δὲ
592 3953 806 4016 ὁΛίϐυς
846 3951 1060 4022 πρῶτος
1104 3952 1234 4006 ναῦν
1278 3953 1714 4022 ἐναυπηγήσατο,
1759 3954 1853 4006 καὶ

275 4047 377 4119 τὴν
404 4045 676 4100 θάλασσαν
693 4045 919 4098 ἔπλευσε
945 4044 1075 4114 (26).
1098 4045 1208 4097 Καὶ
1238 4044 1594 4116 ἀστρολογίαν
1613 4044 1671 4098 δὲ
1701 4043 1857 4116 πρῶ-

276 4157 358 4194 τοι
386 4141 467 4202 είς
498 4137 820 4210 ἀνθρώπους
860 4137 1158 4207 ἐξήνεγκαν
1204 4135 1514 4204 Αἰγύπτιοι,
1557 4135 1758 4206 ὁμοίως
1802 4135 1860 4188 δὲ

277 4233 375 4285 καὶ
408 4230 665 4284 Χαλδαῖοι
694 4229 829 4301 (27).
857 4229 978 4282 Εἰσὶ
1007 4228 1063 4282 δὲ
1092 4228 1140 4282 οἶ
1171 4229 1360 4299 Κᾶρας
1397 4231 1493 4299 τὴν
1519 4227 1583 4279 δι’
1617 4226 1861 4298 ἀστέρων

278 4325 589 4396 πρόγνωσιν
612 4322 1017 4394 ἐπινενοηκέναι
1033 4322 1267 4390 λέγουσι.
1295 4323 1404 4392 Πτή
1416 4339 1526 4384 σεις
1550 4321 1602 4374 δὲ
1633 4320 1862 4392 ὀρνίθων

2574 3589 2802 3645 CAPUT
2843 3589 2932 3644 VI.

2133 3683 2197 3738 In
2243 3685 2476 3738 eamdem
2505 3684 2819 3738 sententiam
2865 3681 3147 3736 Clementis
3176 3678 3350 3733 verba.

2033 3793 2050 3824 ι
2076 3774 2398 3830 Medicinam
2455 3785 2662 3839 autem,
2703 3774 2880 3845 inquit
2909 3774 3018 3838 ille,
3067 3773 3306 3842 primum
3331 3770 3399 3824 ab
3429 3768 3530 3838 Api

1959 3869 2194 3939 quodam
2229 3867 2486 3940 Egyptio
2521 3869 2818 3933 inventam,
2866 3867 3062 3921 deinde
3093 3865 3162 3919 ab
3216 3861 3531 3931 Esculapio

1961 3973 2176 4018 auctam
2239 3978 2363 4018 esse
2411 3961 2602 4017 ferunt.
2665 3963 2815 4016 Atlas
2855 3961 2943 4015 ille
2989 3959 3224 4029 Libycus
3249 3966 3302 4012 et
3349 3956 3529 4010 navim

1959 4055 2244 4110 aedificavit
2307 4055 2552 4125 primus,
2624 4067 2678 4110 et
2753 4054 2962 4124 primus
3025 4066 3174 4106 mare
3241 4049 3530 4118 navigavit.

1963 4146 2200 4219 Aigyptii
2252 4162 2375 4202 cum
2421 4145 2688 4202 Chaldazis
2734 4147 3086 4217 astrologiam
3129 4145 3181 4197 in
3252 4142 3533 4197 hominum

1964 4253 2135 4308 genus
2165 4237 2438 4308 principes
2469 4238 2814 4292 invexerunt.
2853 4235 2964 4292 Nec
2984 4237 3199 4300 desunt,
3234 4232 3328 4304 qui
3365 4241 3541 4286 artem.

1965 4345 2031 4383 ex
2063 4328 2336 4384 sideribus
2359 4328 2741 4398 prmsentiendi
2810 4345 2840 4383 a
2889 4329 3120 4383 Cat-ibus
3173 4325 3534 4394 excogitatam

279 4414 667 4490 παρεφύλαξαν
715 4414 921 4486 πρῶτοι
959 4413 1188 4487 Φρύγες.
1223 4413 1333 4467 Καὶ
1367 4412 1590 4482 θυτικὴν
1626 4411 1847 4484 ἠκρίϐω-

1967 4436 2088 4476 esse
2107 4421 2296 4475 velint.
2322 4421 2516 4475 Avium
2544 4431 2724 4476 autem
2750 4421 2961 4476 volatus
2987 4417 3145 4488 primi
3173 4416 3412 4488 Phryges
3436 4415 3537 4469 ob-

279 4525 378 4561 σαν
429 4506 683 4570 Τοῦσκοι,
731 4505 960 4569 Ἰταλίας
1003 4505 1256 4573 γείτονες.
1335 4505 1573 4575 Ἰσαυροι
1639 4502 1695 4554 δὲ
1768 4504 1860 4554 καὶ

286 4598 524 4670 Ἄραϐες
558 4599 884 4668 ἐξεπόνησαν
913 4596 1010 4668 τὴν
1045 4595 1406 4666 οἱωνιστικὴν,
1443 4594 1629 4665 ὥσπερ
1668 4594 1860 4664 ἀμέλει

283 4692 606 4762 Τελμισσεῖς
659 4690 754 4761 τὴν
805 4691 870 4743 δι’
916 4689 1138 4760 ὀνείρων
1198 4688 1484 4760 μαντικήν.
1531 4687 1859 4759 Τυρρηναίοι

283 4784 338 4838 δὲ
369 4784 640 4852 σάλπιγγα
696 4782 1013 4853 ἐπενόησαν,
1046 4782 1136 4836 καί
1176 4779 1384 4850 Φρύγες
1417 4777 1580 4831 αὐλόν
1600 4795 1612 4806 ·
1652 4776 1861 4846 Φρύγες

281 4875 395 4946 γὰρ
436 4877 608 4947 ἤστην
641 4875 919 4946 Ὄλυμπός
960 4891 1018 4926 τε
1068 4875 1161 4926 καὶ
1205 4870 1492 4942 Μαρσύας.
1529 4868 1773 4938 Λύχνους
1798 4885 1857 4920 τε

287 4965 355 5022 αὖ
390 4969 500 5038 (‘28)
527 4967 701 5022 καίειν
737 4965 940 5037 πρῶτοι
980 4964 1293 5028 κατέδειξαν
1323 4962 1628 5032 Αἰγύπτιοι,
1653 4959 1860 5013 καὶτὸν

358 5147 472 5218 (Si)
503 5146 680 5201 Λάϐδ.
749 5144 873 5218 Leg.
923 5144 1064 5215 λάμδ
1101 5161 1113 5173 ο
1155 5142 1214 5195 τὸ
1255 5142 1301 5212 β,
1369 5140 1573 5210 vulgari
1646 5153 1855 5202 errore,

225 5213 231 5219 ’
288 5213 464 5275 subiit
483 5218 535 5270 in
569 5218 745 5270 locum
775 5217 868 5269 τοῦ
910 5233 966 5275 μ.

363 5233 456 5272 tmt
483 5233 535 5270 In
570 5233 745 5270 locum
775 5233 868 5269 του
955 5255 966 5267 .

363 5289 474 5357 (ἳ5)
546 5285 844 5356 Ἰατρικήν.
879 5357 882 5358 ν
910 5233 1101 5358 Exstat
1165 5283 1258 5358 hic
1314 5277 1623 5358 Clementis;
1671 5278 1823 5358 locus
1846 5319 1860 5343 ,

292 5347 551 5414 Stromat.
589 5374 626 5423 ι,
648 5347 782 5427 pag.
801 5357 935 5417 2’23,
965 5355 1188 5429 edition.
1209 5347 1686 5429 ‘(AirzecoflfattQtti
1710 5348 1862 5402 locus

291 5430 521 5484 subinde
550 5421 628 5482 vel
657 5421 945 5482 truncatur
970 5427 1038 5480 at)
1063 5425 1316 5486 Eusebio,
1351 5423 1433 5476 vel
1468 5421 1663 5486 insigni
1699 5434 1863 5471 mem-

293 5502 515 5552 hrorum
552 5514 616 5553 ac
649 5499 994 5567 periodorum
1044 5495 1356 5567 trajectione
1402 5498 1659 5544 nmtatur.
1691 5486 1861 5567 Porro

293 5557 664 5631 ’l‘heodoret.,'
704 5567 934 5623 ercar.
974 5557 1146 5634 (τίγρειῖ
1198 5565 1290 5618 lib.
1338 5579 1375 5625 ι,
1425 5577 1531 5614 non
1581 5557 1860 5634 proculah

294 5641 470 5703 iunio,
500 5629 662 5710 simili
712 5629 1095 5710 disputationis
1125 5638 1190 5710 in
1226 5649 1422 5710 genere
1462 5637 1730 5710 versatur,
1754 5629 1857 5710 sed

296 5700 533 5768 brevius.
578 5700 1012 5766 Fronto-noster
1055 5707 1082 5758 ὁ
1124 5700 1447 5774 Μακαρίτης
1519 5700 1858 5755 dissimulato

1965 4519 2274 4567 servarunt.
2305 4512 2688 4582 Aruspicinam
2760 4510 2921 4566 Tusci
2966 4509 3132 4564 Italia:
3175 4508 3392 4563 finitimi
3444 4522 3538 4574 ap-

1963 4604 2138 4674 prime
2171 4605 2498 4659 calluerunt.
2554 4604 2724 4659 Isauri
2779 4613 2942 4673 atque
2995 4602 3202 4656 Arabes
3234 4599 3538 4670 augurandi

1965 4697 2272 4761 scientiam,
2304 4695 2738 4751 Thelmissenses
2790 4695 3184 4751 divinationem
3217 4709 3281 4747 ex
3310 4692 3544 4748 somniis

1966 4789 2215 4844 haustam
2253 4789 2488 4843 coluere.
2521 4786 2786 4858 Tyrrheni
2837 4787 3040 4850 tubam,
3096 4785 3335 4856 Phryges
3353 4784 3538 4837 tibiam

1964 4875 2264 4930 invenere:
2295 4873 2557 4946 Olympus
2599 4876 2743 4930 enim
2783 4884 2837 4929 et
2898 4874 3141 4946 Marsyas
3193 4890 3257 4927 ex
3310 4872 3540 4942 Phrygia

1965 4967 2183 5021 oriundi
2203 4978 2382 5022 erant.
2422 4968 2694 5022 Lucernas
2725 4969 2849 5021 item
2909 4967 3204 5021 accendere
3226 4965 3386 5034 primi
3418 4978 3538 5017 oni—

1967 5151 2206 5216 nomine,
2237 5150 2414 5204 locum
2463 5149 2611 5202 illum
2649 5147 2943 5201 Clementis
2988 5145 3197 5216 erudite
3216 5141 3536 5216 illustravit.

1964 5215 2452 5274 lnterimrPlinium
2488 5219 2733 5284 consule,
2761 5217 2852 5270 lib.
2889 5233 2984 5282 vlt,
3015 5232 3134 5284 cap.

2037 5290 2149 5359 (‘26)
2185 5293 2510 5344 Ἔπλευσε.
2562 5288 2689 5343 Post.
2718 5281 2837 5342 'hoc
2872 5281 3118 5348 verhuni,
3146 5297 3276 5359 qua:
3300 5281 3540 5352 sequnh-

1964 5371 2073 5418 tur.
2106 5355 2417 5426 praecedunt
2445 5359 2586 5428 apud
2615 5361 2967 5428 Clementem,
2993 5372 3114 5428 pag.
3140 5355 3267 5428 224.

2037 5379 2073 5418 ι’.
2106 5373 2417 5426 praecedunt
2445 5373 2586 5428 apuo
2615 5373 2967 5420 metuentem,
2993 5373 3114 5478 ﬂag.
3141 5373 3267 5408 224.

2037 5430 2480 5501 (27)Χα.18αῖοι.
2536 5432 2634 5483 llic
2668 5428 2831 5482 etiam
2879 5427 2947 5484 ab
3015 5425 3228 5480 ‘usebio
3279 5424 3538 5480 nonnulla

1963 5514 2300 5556 resecantur.

2038 5573 2148 5641 ('28)
2181 5575 2457 5642 Λύχνους
2485 5590 2545 5626 τε
2584 5568 2684 5625 αὗ.
2730 5567 2852 5622 llaec
2868 5568 3016 5642 item
3063 5567 3183 5642 loco
3213 5575 3537 5642 motasnnt.

1963 5636 2098 5695 Nam
2133 5636 2655 5714 apud-Clementem
2697 5638 2987 5714 1335.224,
3019 5637 3202 5692 statim
3249 5636 3542 5708 posth-

1966 5714 2124 5772 δαῖοι.
2163 5709 2287 5772 ante
2321 5715 2434 5772 illa.
2465 5714 2570 5766 εἰσὶ
2601 5709 2656 5765 δὲ
2681 5710 2728 5762 οἳ
2761 5710 2936 5779 Κᾶραι
2970 5711 3243 5772 leguntur.
