4042 6384
512 200 607 256 791

1142 200 1413 256 EUSEBII
1452 200 1933 258 CESARIENSIS
1970 198 2119 257 OPP.
2161 197 2346 256 PARS
2383 197 2448 253 11.
2486 228 2558 241 -—
2597 197 3098 254 APOLOGETICA.

3650 192 3761 247 79?.

509 313 661 367 nium
689 310 928 394 Egyptii
956 314 1280 380 docuerunt,
1337 315 1496 386 primi
1528 324 1583 372 et
1616 333 1818 372 annum
1868 318 2055 373 duode

2174 315 2418 370 ἐνιαυτὸν
2447 316 2526 379 είς
2586 314 2650 367 ιϐ’
2682 314 2857 385 μῆνας
2889 313 3103 376 διεῖλον,
3133 309 3225 364 καὶ
3259 309 3318 363 ἓν
3347 309 3511 382 ἱεροῖς
3541 309 3761 376 γυναιξὶ

508 405 614 459 «sim
646 405 699 460 in
727 420 946 461 menses
1004 406 1357 474 tribuerunt,
1388 416 1444 462 et
1482 423 1605 464 cum
1659 407 1979 464 mulieribus
2017 409 2073 462 in

506 498 724 568 templis
754 515 866 554 rem
921 499 1121 556 habere
1164 508 1468 559 vetuerunt.
1500 509 1555 555 et
1583 500 1808 561 nemini.
1845 501 1939 571 qui
1965 515 2072 555 non

508 604 629 643 sese
658 589 727 644 ab
743 590 933 646 uxoris
958 582 1256 661 cengressu
1308 592 1615 656 lustrasset,
1660 601 1844 661 patere
1874 592 2072 661 templa

506 680 816 737 voluerunt.
878 681 960 739 Ab
1006 682 1195 738 iisdem
1242 697 1461 752 quoque
1506 682 1747 753 profecta
1778 685 2072 753 geometria

504 781 606 827 est.
638 772 840 829 Telmis
886 783 1067 829 autem
1098 783 1152 831 et
1193 772 1623 832 Damnameneus
1652 777 1911 832 ldzeorum
1962 776 2070 831 Da-

507 864 634 935 ctyli
660 865 861 919 ferrum
891 865 945 920 in
974 865 1151 937 Cypro
1183 885 1196 921 :
1230 866 1387 923 Delas
1429 868 1568 924 alius
1591 868 1812 938 quidam
1874 870 2069 935 Idaeus,

506 956 969 1013 velutllesiodus
1026 960 1252 1026 mavult,
1310 960 1532 1032 Scytha.
1574 959 1703 1016 ferri
1734 962 2070 1031 temperandi

505 1058 676 1106 artem
707 1052 865 1120 primi
896 1062 1230 1121 repererunt.
1295 1050 1435 1107 Sane
1481 1052 1698 1123 quidem
1747 1052 1985 1109 Thraces
2018 1063 2072 1108 et
2112 1080 2117 1087 ι

508 1141 670 1211 primi
695 1143 917 1212 harpen,
943 1144 1205 1198 incurvus
1233 1144 1277 1199 is
1321 1143 1533 1213 gladius
1583 1151 1689 1209 est,
1724 1143 2067 1208 invenerunt,

504 1242 557 1286 et
583 1233 743 1302 primi
770 1234 941 1303 peltas
972 1235 1025 1289 in
1061 1236 1217 1303 equis
1239 1244 1449 1304 gestare
1477 1244 1758 1305 coeperunt
1795 1253 1808 1288 :
1838 1249 2066 1304 quarum

502 1325 665 1383 etiam
693 1341 850 1379 usum
883 1340 975 1393 per
1025 1341 1146 1381 sese
1194 1324 1356 1397 Illyrii
1391 1326 1715 1381 habuerunt.
1746 1324 1941 1381 Tuscis
1966 1326 2070 1382 iiu-

503 1416 660 1485 gendi
687 1424 857 1471 artem
882 1417 1043 1487 vulgo
1060 1429 1332 1486 acceptam
1357 1416 1557 1476 ferunt.
1588 1418 1762 1485 Itano;
1792 1419 1886 1488 qui
1907 1417 2069 1474 Sam~

502 1508 646 1564 nites
679 1507 800 1572 fuit.
829 1519 1064 1564 scutum.
1100 1509 1339 1566 Cadmus
1386 1509 1552 1582 4⁵16
1595 1509 2068 1582 Ρὶιωηίοἰιιειορί-

502 1600 734 1655 cidinam
801 1602 1018 1670 reperit,
1055 1603 1282 1671 aurique
1334 1603 1550 1656 metalla
1630 1602 1734 1657 sub
1775 1600 2065 1675 Pangaeum

2179 406 2469 479 μίγνυσθαι
2494 404 2794 470 ἐκώλυσαν,
2828 402 2962 476 μηδὲ
2991 404 3072 465 είς
3111 400 3231 472 ἱερὰ
3254 399 3480 454 εἰσιέναι
3508 399 3617 453 ἀπὶ
3652 416 3753 467 γυ-

2175 498 2377 555 ναικῶν
2418 497 2673 560 ἀλούτους
2728 494 3143 566 ἐνομοθέτησαν.
3201 492 3547 563 Γεωμετρίας
3592 507 3649 543 τε
3683 484 3757 542 αὖ

2173 592 2392 663 εὑρεταὶ
2442 593 2491 644 οἱ
2542 589 2698 644 αὐτοὶ
2726 588 3003 658 γεγόνασι.
3039 586 3239 657 Τέλμις
3265 602 3326 640 τε
3354 586 3449 641 καὶ
3469 586 3760 655 Δαμναμε-

2171 682 2298 746 vein;
2327 681 2436 753 (29)
2462 684 2511 735 oi
2541 680 2649 734 τῶν
2706 679 2972 734 Ἰουδαίων
3020 678 3130 749 (50)
3165 676 3424 732 Δάκτυλοι
3446 676 3651 749 πρῶτοι
3695 677 3759 728 ἐν

2174 773 2385 846 Κύπρῳ
2410 773 2624 846 σίδηρον
2661 766 2839 845 εὗρον.
2865 773 3032 838 Δέλας
3070 772 3127 826 δὲ
3170 771 3328 835 ἄλλος
3367 771 3615 835 Ἰουδαῖος
3635 770 3757 839 (51)

2171 859 2297 936 εῦρε
2340 864 2539 937 χαλκοῦ
2590 867 2807 937 κρᾶσιν,
2851 866 2926 928 ὡς
2956 864 3012 918 δὲ
3064 862 3322 927 Ἡσίοδος,
3363 860 3594 932 Σκύθης.
3638 860 3759 915 Ναὶ

2174 955 2280 1027 μὴν
2305 954 2519 1028 Θρᾷκες
2563 955 2767 1027 πρῶτοι
2816 954 2914 1026 τὴν
2960 952 3300 1024 καλουμένην
3337 950 3516 1024 ἆρπην
3550 944 3754 1023 εὗρον·

2172 1043 2365 1097 ἔστιδὲ
2416 1043 2661 1116 μάχαιρα
2708 1043 2970 1116 καμπύλη
2990 1059 3004 1073 ·
3038 1042 3133 1096 καὶ
3170 1041 3374 1115 πρῶτοι
3405 1040 3625 1104 πέλταις
3651 1040 3757 1096 ἐπὶ

2167 1135 2276 1191 τῶν
2316 1137 2498 1191 ἵππων
2526 1139 2845 1210 ἐχρήσαντο.
2899 1136 3130 1208 Ὁμοίως
3157 1135 3215 1189 δὲ
3245 1135 3339 1190 καὶ
3378 1133 3622 1207 Ἰλλυριοὶ
3644 1133 3755 1205 τὴν

2168 1225 2508 1298 καλουμένην
2536 1226 2738 1298 πέλτην
2773 1219 2951 1298 εὗρον.
2987 1227 3108 1280 Ἔτι
3153 1225 3305 1295 φασὶ,
3334 1224 3461 1287 τοὺς
3489 1223 3693 1288 καλοὺς
3718 1234 3749 1264 ι

2166 1318 2265 1388 τὴν
2294 1317 2594 1391 πλαστικὴν
2615 1317 2900 1397 ἐπινοῆσαι
2923 1333 2937 1348 ·
2975 1316 3174 1370 Ἰτανόν
3194 1332 3273 1381 τε,
3304 1312 3565 1385 Σαυνίτης
3591 1307 3753 1377 οὗτος

2166 1405 2256 1482 ἦν,
2309 1409 2524 1482 πρῶτον
2574 1409 2763 1484 θυρεὸν
2813 1407 3237 1463 κατασκευάσαι.
3291 1406 3512 1477 Κάδμος
3563 1404 3674 1477 γάρ
3721 1407 3755 1456 ὁ

2167 1499 2346 1566 Φοίνιξ
2392 1499 2703 1571 λιθοτομίαν
2735 1498 2945 1571 ἐξεῦρε,
2998 1497 3094 1552 καὶ
3146 1496 3383 1568 μέταλλα
3426 1497 3629 1569 χρυσοῦ
3675 1498 3748 1550 τά

2169 1594 2296 1665 περ).
2319 1592 2382 1646 τὸ
2409 1590 2689 1661 Πάγγαιον
2720 1590 2843 1662 ὅρος
2874 1589 3185 1661 ἐπενόησεν.
3214 1588 3354 1659 Ἤδη
3385 1588 3443 1642 δὲ
3476 1589 3572 1643 καὶ¹
3612 1588 3747 1642 ἄλλο

502 1704 740 1747 montem
771 1692 1141 1762 deprehendit.
1172 1695 1538 1764 Cappadoces,
1589 1693 1735 1751 aliud
1777 1674 2055 1764 quoddam

2168 1682 2318 1746 ἔθνος
2344 1681 2753 1736 Καππαδόκαιὶ)
2778 1681 2986 1756 πρῶτοι
3006 1674 3162 1751 εὗρον
3184 1680 3283 1752 τὴν
3320 1679 3518 1734 νάϐλαν
3546 1680 3746 1734 καλου-

500 1783 781 1837 hominum
815 1798 1006 1855 genus,
1037 1785 1116 1839 uti
1142 1785 1286 1854 quod
1312 1784 1552 1840 nablinm
1575 1793 1789 1849 vocant,
1813 1785 1887 1839 ita
1916 1785 2061 1855 quod

499 1875 843 1939 dichordnm,
881 1874 1087 1947 Assyrii
1130 1874 1402 1946 principes
1450 1876 1723 1933 invenere.
1772 1875 2063 1942 Quadrire-

499 1983 622 2023 men
646 1968 1130 2039 Carthaginienses
1160 1970 1327 2025 moliti
1353 1969 1515 2039 primi
1537 1979 1686 2034 sunt,
1722 1985 1884 2040 quam
1920 1968 2060 2026 Bos-

496 2078 663 2130 porus
689 2062 942 2131 indigena
967 2063 1269 2119 aediﬁcavit.
1317 2062 1517 2119 Medaea
1546 2063 1635 2119 illa
1663 2061 1902 2128 Colchis,
1921 2062 2061 2119 Altae

496 2151 624 2216 tilia,
681 2150 984 2207 inliciendae
1014 2167 1183 2209 comae
1222 2162 1392 2211 artem
1427 2152 1770 2223 excogitavit.
1817 2151 2059 2224 Noropes

496 2243 651 2309 (gens
673 2248 756 2294 est
783 2239 1033 2307 Paeoniae,
1074 2239 1303 2299 Noricos
1333 2242 1491 2299 hodie
1542 2243 1895 2315 appellamus)
1923 2260 2056 2301 con-

494 2331 659 2385 ﬂandi
686 2331 830 2397 aeris,
854 2331 1092 2401 ferrique
1112 2335 1377 2405 purgandi
1401 2334 1665 2390 rationem
1695 2335 1854 2406 primi
1870 2345 2059 2392 tenne-

493 2433 640 2477 runt.
671 2423 931 2494 Amycus,
963 2440 1060 2480 rex
1114 2425 1521 2499 Bebryciorum,
1574 2434 1772 2483 caestus
1816 2428 2056 2498 pugilum

494 2511 702 2578 primus
715 2510 998 2571 invenit.ln
1015 2512 1221 2569 musica
1233 2514 1460 2589 Lydium
1474 2515 2059 2589 concentumOlympus

495 2602 674 2672 Mysus
732 2604 920 2659 sedulo
968 2619 1033 2657 ac
1082 2605 1307 2660 solerter
1354 2606 1590 2661 excoluit
1635 2625 1648 2661 :
1700 2607 2056 2680 Troglodytae,

490 2708 629 2759 quos
650 2702 867 2759 vocant,
898 2695 1191 2761 sambucae,
1213 2695 1355 2765 quod
1381 2705 1436 2751 et
1495 2696 1671 2766 ipsum
1710 2698 2055 2754 instrumenti

490 2783 681 2837 musici
716 2799 884 2853 genus
909 2792 1011 2849 est,
1030 2794 1280 2842 auctores
1309 2784 1479 2842 fuere.
1511 2787 1581 2841 At
1603 2787 1879 2857 obliquam
1904 2788 2055 2844 ﬁstu-

490 2875 594 2929 lam
629 2874 829 2947 Satyri,
878 2876 1236 2943 trichordum,
1287 2893 1563 2947 quamque
1613 2879 1895 2935 diatonum
1931 2880 2058 2934 har-

488 2968 726 3022 moniam
776 2977 1111 3040 nuncupant,
1171 2970 1372 3039 Agnis;
1429 2970 1817 3040 pulsandarum
1870 2972 2056 3028 ﬁdium

2168 1774 2355 1846 μένην,
2382 1774 2440 1828 ὃν
2462 1774 2664 1848 τρόπον
2697 1775 2789 1828 καὶ
2820 1773 2881 1827 τὸ
2911 1772 3150 1845 δίχορδον
3199 1772 3492 1845 Ἀσσύριοι.
3517 1773 3743 1844 Καρχη-

2161 1864 2322 1918 δόνιοι
2348 1863 2454 1936 γὰρ
2490 1862 2699 1935 πρῶτοι
2744 1863 2984 1935 τετρήρη
3024 1862 3462 1917 κατεσκεύασαν·
3508 1864 3742 1936 ὲναυπήο

2162 1972 2297 2025 γησε
2327 1955 2373 2009 δ’
2420 1955 2588 2027 αὐτὴν
2622 1954 2896 2026 Βόσπορος
2928 1953 3207 2025 αὐτόχθων
3243 1953 3381 2026 (32).
3413 1955 3627 2027 Μήδειά
3660 1972 3741 2019 τε,

2161 2049 2194 2119 ή
2227 2047 2447 2118 Αἰήτου,
2480 2048 2514 2118 ή
2545 2045 2768 2117 Κολχὶς,
2800 2044 2992 2117 πρώτη
3015 2044 3215 2116 τριχῶν
3243 2045 3503 2116 ἐπενόησε
3538 2045 3741 2117 βαφήν.

2173 2136 2331 2193 Ἀλλὰ
2362 2138 2456 2192 καὶ
2480 2137 2742 2209 Νώροπες
2781 2137 2951 2208 (ἔθνος
2979 2136 3025 2190 δ’
3057 2136 3168 2191 ἐστι
3207 2138 3510 2204 Παιονικδν,
3558 2138 3653 2193 νῦν
3684 2139 3743 2191 δὲ

2160 2229 2400 2302 Νωρικοὶ
2428 2229 2761 2300 καλοῦνται,)
2794 2230 3224 2304 κατειργάσαντο
3256 2232 3476 2303 χαλκὸν,
3510 2233 3606 2287 καὶ
3659 2233 3731 2285 σί-

2159 2320 2323 2394 δηρον
2381 2322 2659 2395 ἐκάθηραν
2701 2323 2929 2396 πρῶτοι.
2995 2324 3237 2397 Ἀμυκός
3277 2342 3338 2378 τε
3377 2327 3405 2379 ὁ
3445 2324 3738 2396 Βεϐρύκων

2163 2413 2414 2484 βασιλεὺς
2463 2415 2692 2485 ἱμάντας
2733 2416 3030 2481 πυκτικοὺς
3077 2409 3223 2490 εὗρε.
3257 2416 3397 2488 Περί
3441 2432 3513 2483 τε,
3550 2430 3737 2485 μουσι-

2160 2508 2260 2579 κὴν
2287 2506 2398 2579 (55)
2418 2505 2702 2580 Ὄλυμπος
2730 2509 2955 2573 ὁΜυσὸς
2988 2508 3085 2579 τὴν
3110 2508 3303 2562 Λύδιον
3329 2508 3595 2580 ἁρμονίαν
3620 2509 3736 2573 ἐφι-

2159 2601 2511 2673 λοτέχνησεν·
2547 2600 2602 2654 οῖ
2639 2616 2697 2653 τε
2755 2599 3132 2672 Τρωγλοδύται
3167 2599 3490 2671 καλούμενοι
3526 2600 3737 2670 σαμϐύ-

2160 2710 2263 2763 κην
2293 2687 2468 2765 εὗρον,
2498 2692 2729 2765 ὄργανον
2771 2692 3047 2763 μουσικόν.
3082 2692 3217 2746 Φασὶ
3248 2692 3304 2745 δὲ
3346 2691 3440 2745 καὶ
3471 2690 3572 2764 τὴν
3600 2690 3739 2744 πλα-

2159 2784 2282 2851 γίαν
2329 2782 2561 2855 σύριγγα
2623 2782 2863 2855 Σάτυρον
2917 2783 3093 2855 εὑρεῖν
3115 2781 3207 2836 τὸν
3246 2780 3467 2854 Φρύγα·
3518 2782 3732 2854 τρίχορ-

2158 2874 2247 2929 δον
2270 2874 2378 2945 (56)
2403 2874 2459 2927 δὲ
2483 2874 2702 2945 ὁμοίως,
2726 2875 2820 2929 καὶ
2845 2873 2941 2945 τὴν
2966 2874 3202 2928 διάτονον
3227 2873 3494 2945 ἁρμονίαν
3531 2874 3734 2943 Ἀγνηι.

2156 2968 2247 3021 τὸν
2272 2967 2367 3021 καὶ
2394 2966 2553 3021 αὐτὸν
2584 2967 2770 3038 Φρύγα
2789 2983 2804 2997 ·
2840 2966 3125 3039 κρούματα
3145 2965 3201 3019 δὲ
3226 2965 3508 3036 Ὄλυμπον
3530 2965 3733 3036 ὁμοίως

488 3069 659 3113 artem
714 3058 958 3132 Olympi;
995 3062 1432 3133 mixophrygium
1490 3072 1542 3118 et
1572 3063 1925 3136 mixolydium
1962 3083 2055 3137 ge-

2158 3056 2246 3111 τὸν
2302 3058 2522 3131 Φρύγα·
2558 3060 2654 3112 καὶ
2710 3058 2809 3129 τὴν
2858 3058 3209 3129 μιξοφρύγιον
3254 3058 3348 3112 καὶ
3408 3057 3731 3130 μιξολύδιον,

488 3166 613 3215 nus,
641 3149 869 3222 Marsyae
897 3151 1175 3205 inventum
1208 3166 1331 3206 esse
1363 3149 1564 3215 ferunt,
1594 3168 1732 3222 quos
1759 3168 1950 3208 omnes
1996 3154 2053 3209 in

487 3244 718 3314 Phrygia
732 3238 801 3299 na
804 3251 884 3297 tos
900 3257 1018 3297 esse
1032 3249 1261 3296 constat.
1279 3240 1346 3294 At
1360 3241 1615 3314 Thamyri
1629 3244 1841 3300 cuidam
1857 3244 2052 3299 Thraci

489 3333 739 3390 Doricum
775 3334 1052 3389 tribuitur.
1079 3332 1196 3388 Jam
1242 3349 1273 3388 a
1321 3332 1501 3389 Persis
1548 3350 1791 3402 currum,
1827 3337 2050 3406 lectum,

484 3434 646 3492 atque
670 3424 1096 3493 suppedaneum,
1120 3439 1146 3476 a
1174 3421 1413 3477 Sidoniis
1447 3439 1575 3478 vero
1612 3425 1876 3480 triremim
1929 3442 2053 3496 pro-

487 3516 678 3569 fectam
708 3531 829 3569 esse
859 3516 1187 3586 accepimus.
1216 3515 1383 3572 Siculi
1415 3527 1595 3572 autem
1633 3516 1797 3573 Italiae
1830 3517 2045 3574 ﬁnitimi

482 3622 605 3661 cum
668 3608 1070 3678 phormingem,
1128 3608 1354 3662 cithara:
1404 3624 1513 3663 non
1567 3608 1894 3678 absimilem,
1932 3618 2045 3664 tum

480 3698 642 3753 etiam
670 3700 995 3768 crepitacula
1030 3700 1190 3769 primi
1217 3715 1482 3771 reperere.
1503 3699 1721 3756 Vestem
1762 3702 2039 3773 byssinam

482 3787 837 3844 Semiramidc
896 3790 1133 3861 Assyriis
1194 3790 1494 3860 imperante
1543 3791 1815 3847 inventam
1876 3792 2043 3851 fuisse

548 3917 576 3947 ι
613 3904 695 3961 Cl.
723 3904 1082 3969 Τουσκανούς.
1157 3905 1185 3945 ιι
1211 3904 1293 3960 Cl.
1321 3904 1719 3970 Καππάδωκες.

551 3997 660 4072 (ἳθ)
685 4000 902 4072 reme
930 4015 993 4051 τε
1024 3998 1120 4050 καὶ
1148 3999 1583 4072 Δαμγςιμενεύς,
1616 4009 1721 4056 etc.
1750 3998 1876 4072 Haec
1899 4002 2045 4072 leges

478 4068 1000 4145 aptul’Clemcntem
1056 4068 1358 4145 Μελ-225,
1418 4080 1540 4145 post
1600 4071 1852 4145 superius
1911 4068 2042 4127 iliud

478 4138 727 4192 ἔπλευσε.
758 4138 953 4212 Verum
987 4154 1081 4212 pro
1115 4137 1335 4212 Τέλμις,
1366 4141 1589 4212 οςίίῑιιηι
1616 4137 1697 4212 est
1730 4141 1957 4212 Κέλμις,
1992 4151 2046 4197 et

479 4225 575 4282 pro
597 4210 1001 4282 Δαμναμενεὺς,
1034 4207 1366 4282 Δαμνανεύς.
1398 4209 1561 4282 Recte
1580 4209 1808 4281 Κὲλμις,
1832 4207 2045 4282 Ᾱαμνα-

476 4277 600 4401 ὖεύς
628 4277 840 4333 vitiose.
888 4279 1091 4333 Auitor
1123 4279 1241 4348 ejus
1287 4281 1567 4348 carminis,
1599 4277 1743 4350 quod
1776 4277 2039 4337 Pltorouis

517 4359 682 4401 Ictum
712 4360 793 4401 est
843 4364 858 4401 :

517 4351 682 4405 ictum
712 4360 793 4405 est
843 4364 858 4401 :

2158 3151 2446 3224 Μαρσύαν,
2475 3152 2575 3223 τῆς
2592 3151 2760 3223 αὐτῆς
2781 3151 2910 3205 ὄντα
2941 3154 3055 3215 τοῖς
3084 3150 3499 3224 προειρημένοις
3515 3151 3729 3223 χώρας·

2159 3245 2253 3300 καὶ
2284 3244 2382 3314 τὴν
2412 3242 2613 3314 Δώριον
2641 3243 2889 3315 Θάμυριν
2918 3244 3201 3314 ἐπινοῆσαι
3237 3243 3328 3297 τὸν
3361 3242 3572 3315 Θρᾷκα.
3596 3243 3743 3315 Πέρ-

2166 3353 2264 3400 σας
2290 3353 2349 3389 τε
2383 3334 2631 3406 πρώτους
2658 3335 2972 3407 ἀκηκόαμεν
3004 3336 3217 3407 ἀπήνην
3269 3336 3364 3389 καὶ
3398 3335 3602 3407 κλίνην,
3638 3337 3728 3389 καὶ

2158 3427 2443 3481 ὑποπόδιον
2488 3426 2844 3497 ἐργάσασθαι,
2878 3425 3003 3491 τούς
3032 3444 3091 3480 τε
3138 3427 3421 3492 Σιδωνίους
3452 3428 3729 3499 τρίκωπου

2154 3519 2285 3572 ναῦν
2317 3519 2743 3574 κατασκευάσαι.
2789 3517 2997 3572 Σικελοί
3037 3536 3096 3572 τε
3144 3521 3193 3573 οἱ
3244 3518 3379 3592 πρὸς
3415 3522 3480 3590 τῇ
3526 3518 3727 3591 Ἰταλία

2154 3612 2360 3684 πρῶτοι
2412 3612 2694 3683 φόρμιγγα
2725 3606 2903 3683 εὗρον,
2951 3612 3010 3665 ού
3055 3611 3186 3665 πολὺ
3225 3611 3322 3681 τῆς
3354 3610 3588 3683 κιθάρας
3611 3611 3728 3664 λει-

2152 3704 2415 3775 πομένην,
2450 3704 2543 3757 καὶ
2605 3703 2837 3775 κρόταλα
2871 3703 3187 3774 ἐπενόησαν.
3234 3703 3356 3756 Ἐπί
3382 3720 3443 3756 τε
3484 3703 3726 3775 Σεμιρά-

2154 3815 2296 3867 μεως
2349 3797 2619 3867 βασιλίδος
2679 3797 2975 3869 Ἀσσυρίων
3014 3797 3126 3868 (55)
3157 3796 3225 3851 τὰ
3272 3796 3497 3868 βύσσινα
3536 3796 3727 3867 ἱμάτια

2149 4004 2277 4075 dum
2334 4003 2585 4075 Scythem
2644 4013 3020 4070 monstrasse,
3068 4002 3476 4073 Theophrastus
3532 4000 3719 4059 Delam

2148 4073 2419 4144 Phrygem
2442 4083 2614 4143 putat.

2221 4143 2688 4214 (52)Αὺτόχθων.
2736 4143 2900 4198 Recte
2940 4151 2998 4197 ut
3041 4143 3202 4214 paulo
3240 4151 3379 4214 ante
3406 4143 3564 4198 Ἀπὶν
3623 4147 3722 4200 αύ-

2146 4212 2373 4296 sexsex);
2396 4212 2622 4269 dixerat.
2648 4215 2899 4269 Clemens
2925 4213 3263 4283 αὐτοσχέδιον
3281 4212 3427 4284 legit,
3443 4225 3719 4287 corrupte.

2546 4372 2610 4425 τε
2652 4352 2972 4424 μουσικήν.
2999 4351 3181 4425 juvat
3220 4352 3377 4425 Plinii
3434 4352 3614 4425 locum
3650 4371 3719 4412 ex

1626 4422 1808 4495 ᾜνρα
1834 4421 2046 4491 γόητες

2158 4408 2257 4478 lih‘.
2278 4408 2376 4492 vit,
2405 4408 2522 4495 cap.
2555 4408 2969 4490 56,'aSCribere.
2998 4422 3297 4495 Musicani,
3340 4423 3509 4495 inquit
3536 4408 3717 4490 ,HiAm:

490 4487 676 4559 Ἰδαῖοι
704 4490 950 4558 Φρύγες,
981 4488 1195 4556 ἄνδρες
1220 4488 1517 4559 ὀρέστεροι
1549 4492 1684 4544 οἰκί’
1713 4487 1935 4544 ἔναιον·

476 4558 1131 4631 Κέλμις,Διιμναμενεύς
1142 4577 1202 4612 τε
1206 4559 1509 4631 μέγας-,καὶ
1524 4562 2052 4631 ὺπέρὸἰοςᾌκιαυν·

481 4629 562 4699 Ol"
580 4629 796 4696 πρῶτοι
830 4631 1054 4697 τέχνην
1084 4629 1450 4698 πολυμήτιος
1486 4631 1825 4699 Ἡφαίστοιο

474 4694 676 4770 Εὗρον
704 4701 773 4754 ἐν
804 4694 1072 4769 οὐρὲίῄσι
1100 4694 1339 4766 νάπάις,
1370 4694 1565 4754 ὶόὲντά
1589 4701 1841 4770 σίδηρον

486 4768 580 4842 Ἐς
610 4769 729 4842 πλῦρ
760 4772 808 4824 τ’
828 4769 1108 4842 ἤνεγκαν,
1128 4770 1223 4823 καὶ
1254 4770 1564 4838 ἐριπρεπὲς
1585 4768 1772 4842 ,ἔργον
1794 4770 2047 4835 ἔδειξαν.

476 4838 602 4894 llmc
634 4838 955 4896 Phoronidis
988 4850 1177 4895 auctor
1221 4850 1400 4908 poeta.
1434 4842 1521 4894 Sic
1563 4838 1768 4894 dictum
1817 4858 2036 4897 carmen

476 4910 667 4992 illuda
702 4909 987 4966 Phoroneo
1011 4911 1342 4992 Argivorum.
1368 4926 1512 4981 rege.
1540 4910 1683 4992 cave
1720 4911 1861 4965 enim
1903 4910 2048 4992 _Pllo-

474 4979 720 5033 ronidem
775 4989 986 5049 poetam
1040 4979 1208 5034 fuisse
1251 4979 1449 5047 putes,“
1476 4990 1532 5035 ut
1584 4981 1863 5036 Erasmus.
1903 4981 2044 5037 Infra

475 5066 594 5120 pag.
623 5050 750 5112 497,
794 5066 858 5105 ex
890 5050 1164 5120 Clemente
1198 5050 1481 5104 Alexand.;
1535 5051 1915 5114 Ἀκουσίλαος,
1942 5054 2044 5105 Φο-

476 5119 648 5192 ρωνέα
683 5120 894 5192 πρῶτον
926 5119 1225 5192 ἀνθρώπων
1270 5120 1519 5192 γενέσθαι
1545 5120 1720 5190 λέγει·
1749 5121 1869 5175 ὅθεν
1896 5124 1987 5176 καὶ
2015 5124 2043 5177 ὁ

470 5185 568 5260 τῆς
593 5185 927 5258 Φορωνίδος
958 5185 1215 5262 ποιητὴς,
1267 5185 1401 5243 εἶναι
1449 5185 1625 5244 αὐτὸν
1674 5192 1777 5263 ἔφη
1833 5193 2041 5265 πατέρα

472 5260 681 5313 θνητῶν
714 5260 1033 5313 ἀνθρώπων.
1403 5278 1411 5293 ⁸

505 5278 681 5313 ντξτων
714 5278 810 5313 ανυ
819 5278 1033 5313 οωπων.
1403 5278 1411 5293 ⁸

543 5304 654 5401 (50)
697 5304 1012 5401 Ἰουδαίων.
1038 5330 1356 5387 Manifestus
1394 5348 1565 5386 error.
1601 5331 1763 5386 Recte
1789 5331 2039 5389 Clemens

470 5417 590 5453 cum
630 5401 720 5454 illo
754 5399 1067 5457 Phoronidis
1105 5413 1347 5465 auctore,
1379 5404 1544 5458 ldzeos
1570 5404 1804 5456 vocavit.

541 5471 869 5540 (51)Δέλ(ις
909 5472 977 5523 δὲ
1025 5471 1213 5538 ἄλλος
1272 5472 1561 5539 Ἰουδαῖος.
1619 5474 1868 5527 (Jemens
1905 5477 1933 5527 6
1981 5475 2037 5527 δὲ

466 5539 639 5611 alio;
667 5542 868 5603 Ἰδαῖον
906 5543 1037 5595 Vere
1075 5545 1290 5611 quidem
1340 5545 1521 5606 Ἰδαῖος
1544 5586 1558 5607 ,
1593 5544 1683 5596 sed
1721 5560 1915 5599 nomen
1944 5546 2036 5597 Δέ-

467 5610 565 5671 la;
601 5626 665 5664 ex
709 5623 896 5681 nostro
927 5610 1159 5667 Eusebio
1187 5616 1554 5681 repetendum.
1584 5614 1788 5666 Plinius
1816 5614 1908 5667 lib.
1937 5631 2031 5677 vn,

466 5697 583 5747 (τοι).
615 5683 683 5737 56
710 5701 722 5736 :
748 5680 843 5739 Ais
876 5681 1110 5738 conﬂare
1140 5693 1191 5738 et
1234 5680 1549 5751 temperare,
1586 5685 1899 5740 Aristoteles
1930 5685 2033 5755 Ly-

2154 4495 2318 4563 phion
2350 4511 2363 4546 :
2397 4492 2630 4550 ﬁstulam
2660 4504 2715 4548 et
2746 4495 3037 4549 monaulon
3086 4492 3195 4547 Pan
3236 4492 3485 4548 Mercurii
3519 4512 3534 4549 :
3576 4497 3718 4550 obli—

2153 4579 2314 4635 quam
2369 4566 2554 4620 tibiam
2610 4563 2781 4618 Midas
2829 4566 2883 4618 in
2920 4565 3201 4635 Phrygia;
3257 4564 3500 4635 geminas
3552 4567 3718 4622 tibias

2150 4631 2470 4706 Marsyasin
2494 4634 2684 4689 eadem
2695 4643 2869 4706 gente
2889 4653 2901 4688 :
2919 4631 3118 4706 Lydios
3138 4631 3386 4706 modulos
3401 4633 3672 4706 Amphion
3697 4656 3711 4692 :

2152 4650 2393 4706 marsyas
2418 4652 2470 4689 Ill
2494 4650 2684 4689 eadem
2746 4650 2869 4689 ente
2889 4650 2960 4688 :1.
2999 4650 3118 4688 (nos
3138 4650 3386 4689 modulos
3401 4650 3498 4687 am
3543 4650 3672 4691 mon
3697 4656 3711 4692 :

2152 4703 2344 4776 Dorios
2368 4705 2665 4774 Thamyras
2693 4651 2875 4759 ’ighrax
2901 4724 2912 4759 :
2941 4650 3205 4776 lyhrygios
3230 4703 3473 4775 Marsyas
3495 4650 3712 4776 tam“

2149 4774 2412 4829 citharam
2455 4775 2757 4844 Amphion;
2806 4784 2865 4829 ut
2905 4776 3031 4838 alii,
3056 4773 3311 4844 Orpheus
3337 4792 3350 4828 :
3379 4773 3440 4827 ut
3468 4774 3583 4838 alii,
3608 4773 3714 4830 Li-

2149 4858 2253 4915 nus
2284 4861 2297 4896 :
2352 4854 2555 4915 septem
2581 4844 2798 4899 chordis
2817 4846 3015 4915 additis
3060 4844 3372 4914 Terpander
3404 4861 3439 4915 :7
3464 4854 3715 4902 octavam

2149 4911 2457 4969 Simonides
2489 4916 2679 4968 addit:
2715 4930 2913 4969 nonam
2946 4911 3263 4970 Timotheus
3305 4931 3320 4969 :
3356 4914 3563 4971 cithara
3594 4916 3717 4973 sine

2145 4998 2280 5056 voce
2328 4982 3124 5056 cecinityThamyrasprimus
3157 5003 3169 5037 :
3199 5001 3323 5039 cum
3369 4998 3532 5056 cantu
3579 4986 3714 5041 Am-

2145 5054 2346 5127 ph_ion_;
2378 5063 2439 5109 ut
2471 5054 2583 5127 alii,
2607 5054 2778 5110 Linus
2811 5073 2824 5109 :
2850 5054 3199 5127 citharmdiea
3232 5055 3472 5110 carmina
3496 5071 3714 5127 compo-

2144 5124 2255 5179 suit
2296 5124 2648 5195 Terpander:
2681 5140 2805 5180 cum
2837 5126 3014 5195 tibiis,
3062 5140 3258 5179 canere
3297 5140 3449 5195 voce,
3491 5124 3713 5182 Tritic-

2143 5196 2266 5251 nius
2299 5194 2581 5251 Dardanus
2614 5195 2871 5250 instituit.
2903 5194 3003 5251 Hic
3040 5195 3343 5265 Thamyras
3373 5194 3548 5265 Plinio
3575 5198 3712 5252 diei-

2142 5273 2248 5333 tur,
2285 5281 2444 5389 qiuem
2490 5266 2652 5335 paulo
2690 5275 2814 5335 post
2853 5265 3170 5337 Thamyrim
3218 5263 3374 5319 vocat
3419 5263 3710 5335 Eusebius,

2142 5350 2261 5389 cum
2341 5351 2545 5389 omero.

2139 5350 2204 5389 Cll
2214 5353 2261 5389 m
2291 5350 2545 5390 Homero.

2211 5406 2319 5476 (54)
2355 5406 2689 5475 Τριχορδον,
2723 5416 2829 5459 etc.
2860 5404 3054 5459 Totum
3087 5407 3191 5460 hoc
3230 5406 3534 5461 membrum
3565 5408 3709 5477 apud

2136 5474 2464 5531 Clementem
2488 5479 2689 5539 deerat,
2705 5485 2826 5544 post
2854 5487 3032 5529 tamen
3053 5494 3115 5530 ex
3141 5486 3327 5531 nostro
3342 5487 3586 5531 assutum
3602 5474 3706 5532 est.

2207 5547 2317 5616 (55)
2358 5545 2724 5616 Σεμιράμεως
2776 5546 3102 5612 ,βασιλίδος
3164 5548 3517 5614 Ἀσσιιιοίων.
3572 5548 3703 5603 Hinc

2136 5619 2506 5671 emendandus
2532 5619 2801 5673 Clemens.
2833 5616 2973 5685 apud
2999 5632 3159 5683 quem
3192 5618 3489 5672 inveterato
3512 5621 3697 5674 mendo

2139 5687 2354 5755 legitur,
2381 5688 2732 5749 Σεαιοάμεως
2766 5687 3026 5748 ϐασιλέως
3056 5685 3387 5751 Αἰγυπτίων.
