4042 6384
498 261 605 317 795

1140 257 1406 317 EUSEBII
1446 257 1930 314 CESARIENSIS
1967 254 2117 311 OPP.
2158 251 2337 309 PARS
2377 252 2439 308 ll.
2474 284 2543 294 -—
2579 247 3077 307 APOLOGETICA.

3641 238 3751 295 79f.

495 388 620 431 esse
663 372 896 440 volunt,
949 389 1044 429 eas
1095 373 1172 426 illi
1224 388 1344 428 sese
1384 388 1414 427 a
1464 371 1817 427 Phoenicibus
1848 379 2009 441 atque
2041 386 2070 423 a

2175 370 2248 421 Οὐ
2299 367 2402 438 μὴν
2431 366 2538 420 οὐδ’
2571 365 2665 419 ἀπ’
2692 363 2898 416 ἐκείνου
2936 361 3048 433 (41)
3077 360 3169 413 τοῦ
3200 360 3388 431 χρόνου
3417 356 3632 412 δύναιτό
3662 375 3755 421 τις

495 464 705 521 Cadmo
759 466 1038 535 accepisse
1082 465 1402 535 gloriantur.
1445 462 1629 535 Neque
1678 474 1857 518 tamen
1916 461 2070 533 quis-

497 568 661 623 quam
691 553 866 608 autin
899 554 1093 620 sacris,
1128 559 1223 607 aut
1253 552 1306 606 in
1351 553 1585 623 publicis
1621 567 1850 622 usquam
1880 565 2071 604 manu-

501 644 739 711 mentis,
797 644 1098 699 litterarum
1147 643 1316 698 ullum
1373 643 1493 713 ejus
1539 644 1797 713 temporis
1857 647 2072 696 exstare

496 732 787 802 vestigium
833 732 1152 800 ostenderit,
1185 748 1311 788 eum
1343 732 1411 787 de
1440 733 1547 787 illis
1594 732 1726 801 ipsis
1755 732 1848 803 qui
1877 728 2069 799 Troja-

498 842 623 881 nam
655 826 1055 898 expeditionem
1087 834 1236 881 tanto
1268 834 1391 895 post
1418 840 1727 895 suscepere,
1763 827 2068 884 dubitatum

497 918 690 988 perdiu
725 920 1127 990 qutesitumque
1177 919 1268 983 sit,
1322 935 1451 973 num
1510 919 1708 977 litteris
1768 931 2067 979 uterentur.

500 1004 618 1071 Qua
646 1006 712 1061 de
736 1022 795 1062 re
835 1006 1012 1062 verior
1036 1022 1098 1061 ea
1128 1007 1574 1078 constantiorque
1606 1012 1873 1067 sententia
1905 1013 2072 1086 478

497 1094 612 1165 jam
646 1096 875 1162 obtinet,
927 1097 1236 1168 ignoratum
1265 1097 1335 1151 ab
1377 1097 1444 1153 iis
1481 1099 1803 1155 hodiernum
1854 1104 2067 1159 illarum

501 1203 662 1243 usum
720 1188 911 1244 fuisse.
973 1187 1159 1259 Neque
1216 1199 1271 1245 tu
1328 1191 1591 1259 scriptum
1645 1194 1865 1249 omninc
1930 1199 2070 1268 apud

501 1275 721 1332 Graecos
753 1278 945 1342 ullum,
979 1278 1137 1346 cujus
1165 1279 1232 1333 de
1267 1279 1368 1333 fide
1404 1282 1565 1335 modo
1595 1293 1826 1351 constet,
1869 1284 2071 1342 Home--

500 1370 618 1423 rica
645 1370 795 1439 poesi
820 1369 1097 1439 antiquius
1128 1369 1391 1425 invenias.
1424 1370 1495 1424 At
1521 1387 1644 1426 eum
1678 1384 1803 1443 post
1834 1374 2069 1443 Troiana

499 1466 748 1530 tempora
781 1469 967 1514 natum
1002 1475 1125 1515 esse
1155 1476 1317 1515 nemo
1349 1478 1455 1515 non
1491 1462 1691 1517 fatetur
1720 1483 1735 1518 :
1768 1465 1877 1520 imo
1906 1482 1975 1522 ne
2003 1468 2071 1522 ab

400 1618 407 1621 ‘
502 1548 623 1619 ipso
652 1550 871 1620 quidem
922 1551 1117 1606 litteris
1159 1567 1313 1606 suam
1362 1552 1507 1606 illam
1538 1554 1725 1621 poesin
1761 1556 2067 1611 mandatam

504 1657 626 1697 csse
658 1643 870 1710 ferunt,
915 1643 1009 1698 sed
1035 1653 1394 1712 posterorum
1429 1646 1689 1700 memoria
1719 1657 2068 1716 prepagatam

504 1734 845 1804 aliquandiu,
895 1735 1058 1789 variis
1086 1750 1152 1790 ex
1202 1737 1488 1791 cantilenis
1518 1736 1798 1792 collectam
1848 1738 2066 1793 demum
2100 1722 2142 1776 Β

496 1832 554 1876 et
602 1829 911 1877 contextam
962 1821 1132 1878 fuisse
1161 1864 1176 1889 ,
1214 1840 1277 1880 ac
1324 1834 1609 1895 propterea
1665 1835 1872 1881 tantum
1924 1828 1977 1881 in
2006 1844 2069 1883 ea

500 1915 660 1985 vulgo
699 1914 1079 1986 discrepantia:
1110 1919 1359 1988 reperiri.
1400 1919 1542 1990 Ergo
1590 1921 1685 1990 qui
1731 1936 1797 1976 ex
1849 1922 1955 1978 illis
2002 1925 2071 1979 ad

499 2007 843 2062 scribendam
885 2007 1167 2064 historiam
1202 2011 1445 2066 animum
1471 2013 1761 2082 appulere,
1807 2014 2067 2082 Cadmus,

500 2096 751 2165 inquam,
778 2095 1042 2167 Milesius,
1072 2108 1125 2154 et
1166 2101 1455 2159 Aeusilaus
1498 2105 1753 2176 Argivus,
1802 2123 1865 2162 ac
1899 2110 1942 2163 si
1976 2109 2068 2179 qui

497 2194 758 2254 praeterea
799 2188 1176 2256 nominantur,
1205 2192 1427 2261 paulum
1469 2194 1762 2250 admodum
1793 2196 2069 2254 Persicam

497 2278 759 2335 adversus
784 2278 1002 2336 Grmcos
1049 2284 1446 2353 expeditionem
1478 2292 1720 2357 tempore
1770 2299 2072 2347 anteverte-

497 2377 646 2423 runt.
679 2369 759 2425 Ad
790 2371 904 2426 hazc
929 2373 1023 2442 qui
1053 2373 1120 2428 de
1144 2375 1303 2431 rebus
1330 2377 1647 2433 coelestibus
1675 2387 1837 2450 atque
1868 2380 2068 2438 divinis

498 2462 659 2530 primi
693 2462 834 2532 apud
876 2479 970 2518 eos
1003 2465 1378 2536 philosophari
1418 2479 1731 2538 coeperunt,
1773 2481 1832 2526 ut
1870 2471 2071 2529 Phere-

497 2555 660 2624 cydes
691 2555 882 2626 Syrus,
915 2555 1251 2628 Pythagoras
1294 2567 1347 2613 et
1380 2559 1598 2624 Thales,
1662 2563 1782 2618 illos
1813 2575 1867 2618 et
1898 2563 2069 2637 [Egy-

497 2645 735 2714 ptiorum
768 2645 1256 2717 Chaldzeorumque
1289 2648 1587 2719 discipulos
1619 2650 1809 2719 fuisse,
1840 2669 1939 2710 nec
1965 2656 2069 2711 nisi

498 2751 675 2805 pauca
710 2738 997 2806 scripsisse
1023 2778 1039 2804 ,
1074 2754 1170 2793 ore
1199 2755 1390 2796 omnes
1424 2757 1534 2796 uno
1563 2746 1917 2812 pronuntiant
1944 2766 1959 2814 ;
1989 2756 2070 2803 at-

497 2843 605 2896 que
641 2828 732 2882 illa
764 2827 937 2885 Graeci
970 2846 1096 2885 eum
1143 2834 1387 2887 omnium
1426 2836 1792 2892 vetustissima
1825 2855 1947 2895 esse
1983 2856 2070 2894 ar-

498 2919 791 2986 bitrantur,
842 2929 957 2973 tum
1009 2920 1101 2974 vix
1152 2922 1316 2975 etiam
1365 2923 1435 2976 ab
1490 2923 1596 2980 illis
1652 2927 1848 2996 scripta
1901 2929 2069 2985 fuisse

498 3011 748 3066 credunt.
779 3010 914 3079 Quis
947 3013 1112 3083 igitur
1140 3030 1281 3069 vano
1312 3015 1620 3087 stolidoque
1665 3018 1809 3074 fastu
1851 3020 2068 3079 Graecos
2093 3055 2139 3117 ο

498 3102 879 3159 laborarenon
909 3105 1105 3170 videat,
1136 3104 1229 3175 qui
1260 3106 1364 3161 sibi
1403 3116 1458 3162 et
1483 3124 1571 3163 res
1602 3110 1855 3181 antiquas
1883 3121 2067 3170 tenere

500 3195 627 3261 soli,
658 3205 712 3251 et
740 3197 843 3252 soli
880 3207 1193 3252 accuratam
1227 3199 1444 3254 illarum
1475 3200 1853 3273 integramque
1880 3207 2069 3262 verita-

501 3294 608 3340 tem
644 3286 858 3341 tradere
899 3286 1229 3341 videantur?
1281 3288 1417 3356 lmo,
1458 3289 1583 3360 quis
1624 3306 1730 3346 non
1766 3309 1830 3347 ex
1876 3294 2066 3350 iisdem

500 3379 866 3449 scriptoribus
895 3380 1026 3435 illud
1055 3378 1315 3451 perfacile
1348 3381 1581 3451 auferat,
1605 3387 1871 3455 perspecti
1907 3388 1974 3442 ab
2002 3388 2069 3444 iis

502 3469 640 3525 nihil
685 3471 1063 3542 exploratique
1109 3473 1515 3543 conscriptum,
1551 3476 1644 3531 sed
1693 3486 1903 3533 tantum
1931 3495 2060 3549 qua-

501 3569 661 3617 tenus
691 3562 912 3632 assequi
940 3563 1256 3634 conjectura
1285 3566 1604 3636 potuerint?
1637 3569 1825 3640 Itaque
1855 3572 2071 3641 scriptis

384 3708 389 3713 ,
501 3654 619 3709 suis
670 3654 809 3711 alios
853 3655 1058 3725 passim
1108 3658 1202 3713 alii
1236 3659 1685 3729 reprehendunt,
1737 3678 1837 3718 nec
1875 3664 2067 3720 iisdem

502 3749 728 3803 omnino
774 3750 841 3804 de
891 3750 1057 3805 rebus
1087 3750 1245 3822 longe
1292 3752 1507 3807 diversa
1540 3753 1689 3824 loqui
1720 3756 2066 3814 erubescunt.

499 3838 616 3909 Ego
644 3856 775 3896 vero
806 3842 1153 3913 importunus
1185 3853 1238 3898 et
1284 3844 1498 3901 otiosus
1529 3846 1717 3917 utique
1768 3849 1973 3916 videar,
2024 3851 2067 3907 si

500 3930 699 4001 quibus
755 3931 809 3986 id
873 3948 1035 4002 quam
1087 3932 1187 4002 ipsi
1238 3933 1371 3987 mihi
1440 3935 1621 3992 notius
1680 3946 1801 4003 est,
1842 3954 2069 4009 percen-

500 4038 622 4078 sere
653 4025 837 4092 velim,
888 4041 1052 4096 quam
1085 4026 1141 4080 in
1179 4027 1508 4098 genealogiaa
1544 4031 1851 4087 rationibus
1902 4034 2069 4089 multa

499 4116 629 4179 sint,
658 4115 712 4171 in
743 4117 943 4187 quibus
993 4116 1306 4173 Hellanicus
1353 4119 1423 4175 ab
1470 4121 1728 4177 Aeusilao
1765 4122 2067 4180 dissideat:

498 4222 663 4277 quam
714 4207 857 4278 apud
902 4206 1199 4266 Hesiodum
1248 4211 1537 4266 Acusilaus
1584 4213 1754 4268 multa
1800 4215 2067 4287 castiget:

498 4315 664 4371 quam
702 4316 844 4372 saape
894 4301 1162 4357 mendacii
1210 4320 1362 4358 reum
1418 4303 1754 4361 Hellanicum
1794 4306 2067 4378 Ephorus,

2173 460 2237 513 ἂν
2274 459 2443 524 δεῖξαι
2482 459 2579 529 τὴν
2609 455 2921 527 σωζομένην
2972 451 3290 523 ἀναγραφὴν
3331 449 3440 503 οὔτ’
3469 452 3528 501 ὲν
3582 450 3755 519 ἱεροῖς

2170 552 2281 606 οὔτ’
2333 555 2390 606 ὲν
2434 550 2710 622 δημοσίοις
2754 547 3122 619 ἀναθήμασιν·
3173 545 3302 597 ὅπου
3356 560 3419 612 γε
3472 542 3566 594 καὶ
3615 542 3757 611 περῖ⁸

2170 645 2278 697 τῶν
2320 645 2414 697 ἐπὶ
2469 641 2671 714 Τροίας
2721 639 2998 702 τοσούτοις
3040 636 3261 708 ὕστερον
3293 636 3434 688 ἔτεσι
3485 649 3760 704 στρατευ-

2173 737 2379 790 σάντων
2414 731 2580 804 πολλὴ
2607 732 2827 802 γέγονεν
2852 730 3053 801 ἀπορία
3081 729 3172 781 καὶ
3198 728 3419 799 ζήτησις
3437 766 3452 790 ,
3495 725 3543 777 εί
3566 723 3761 793 γράμ-

2174 844 2335 897 μασιν
2388 824 2623 897 ἐχρῶντο
2648 841 2661 854 ·
2743 823 2837 876 καὶ
2887 819 3116 890 τάληθὲς
3178 818 3462 890 ἐπικρατεῖ
3520 815 3756 889 μᾶλλον.

2170 919 2298 991 περὶ
2326 916 2417 972 τοῦ
2445 917 2545 988 τὴν
2570 914 2663 969 νῦν
2685 910 2848 968 οὖσαν
2873 913 2981 967 τῶν
3010 911 3348 985 γραμμάτων
3377 908 3572 979 χρῆσιν
3599 905 3759 961 ἐκεῖ-

2170 1028 2293 1075 vos;
2346 1010 2575 1079 ἀγνοεῖν.
2638 1006 2812 1070 Ὅλως
2845 1006 2900 1058 δὲ
2949 1004 3099 1077 παρά
3145 1006 3257 1068 τοῖς
3309 1001 3563 1073 Ἕλλησιν
3591 999 3759 1053 οὐδὲν

2170 1100 2597 1172 ὁμολογούμενον
2674 1096 2988 1169 εὑρίσκεται
3062 1093 3299 1165 γράμμα
3349 1092 3447 1162 τῆς
3505 1090 3759 1161 Ὀμήρου

2172 1193 2441 1264 ποιήσεως
2493 1188 2895 1262 πρεσϐύτερον·
2960 1180 3116 1249 οὗτος
3171 1184 3228 1238 δὲ
3277 1183 3370 1236 καὶ
3415 1181 3523 1235 τῶν
3573 1181 3762 1251 Τρωῖο

2170 1283 2281 1339 κῶν
2326 1282 2548 1353 ὕστερος
2593 1281 2837 1350 φαίνεται
2889 1278 3193 1349 γενόμενος.
3249 1276 3358 1330 Καί
3407 1290 3571 1343 φασιν
3623 1271 3759 1324 οὐδὲ

2169 1376 2354 1430 τοῦτον
2396 1377 2452 1427 έν
2483 1373 2771 1445 γράμμασι
2816 1372 2915 1443 τὴν
2957 1369 3120 1423 αὑτοῦ
3153 1369 3368 1439 ποίησιν
3408 1365 3754 1428 καταλιπεῖν,

2170 1466 2305 1521 άλλά
2327 1463 2915 1536 διαμνημονευομένην,
2952 1460 3041 1515 διὰ
3071 1460 3412 1532 γραμμάτων
3442 1456 3556 1527 (£2)
3586 1454 3754 1508 ὕστεο

2176 1575 2265 1629 ρον
2321 1556 2676 1627 συντεθῆναι·
2757 1554 2852 1607 καὶ
2920 1551 3010 1607 διὰ
3053 1549 3210 1605 τοῦτο
3256 1547 3455 1612 πολλὰς
3502 1550 3562 1600 ὲν
3609 1547 3753 1616 αὐτῇ

2175 1652 2318 1720 σχεῖν
2373 1647 2469 1711 τὰς
2512 1646 2824 1715 διαφωνίας.
2892 1646 2955 1698 Oi
2986 1645 3166 1717 μέντοι
3216 1642 3315 1706 τὰς
3360 1640 3599 1711 ἱστορίας
3627 1642 3756 1691 ἐπι-

2170 1742 2521 1813 χειρήσαντες
2571 1739 2906 1810 συγγράφειν
2949 1737 3077 1808 παρ’
3111 1736 3325 1799 αὐτοῖς,
3361 1733 3504 1801 λέγω
3534 1730 3592 1785 δὲ
3623 1731 3759 1793 τοὺς

2170 1834 2300 1905 περὶ
2356 1831 2577 1903 Κάδμον
2627 1847 2686 1882 τε
2735 1831 2824 1884 τὸν
2873 1829 3133 1901 Μιλήσιον
3152 1869 3167 1892 ,
3230 1828 3321 1881 καὶ
3356 1821 3446 1878 τόν
3504 1825 3761 1895 Ἀργεῖον

2182 1924 2548 1988 Ἀκουσίλαον,
2579 1925 2672 1977 καὶ
2717 1922 2851 1994 μετά
2886 1922 3089 1975 τούτων
3124 1922 3178 1973 εῖ
3208 1937 3354 1983 τινες
3384 1918 3531 1973 ἄλλοι
3563 1917 3761 1986 λέγον-

2168 2027 2259 2062 ται
2316 2011 2602 2080 γενέσθαι,
2674 2010 2845 2084 βραχὺ
2881 2011 2980 2083 τῆς
3033 2009 3143 2064 τῶν
3212 2009 3438 2081 Περσῶν
3484 2009 3579 2061 ἐπὶ
3652 2006 3760 2077 τὴν

2181 2101 2405 2157 Ἐλλάδα
2439 2104 2815 2176 διαττρατείας
2856 2103 2933 2173 τῷ
2964 2102 3141 2174 χρόνῳ
3188 2099 3512 2173 προύλαϐον.
3592 2098 3761 2151 Ἀλλὰ

2174 2195 2281 2267 μὴν
2332 2197 2425 2249 καὶ
2477 2196 2604 2259 τοὺς
2657 2196 2779 2268 περὶ
2825 2195 2932 2249 τῶν
2960 2194 3222 2267 οὐρανίων
3265 2209 3322 2245 τε
3363 2192 3490 2264 παρ’
3523 2190 3756 2258 Ἕλλησι

2170 2285 2262 2336 καὶ
2306 2283 2463 2337 θείων
2501 2283 2748 2356 πρώτους
2800 2284 3295 2356 φιλοσοφήσαντας,
3350 2277 3463 2335 οἷον
3513 2282 3759 2355 Φερεκύ-

2170 2375 2265 2447 δην
2315 2374 2406 2428 τὸν
2461 2375 2684 2448 Σύριον,
2768 2377 2863 2428 καὶ
2918 2373 3275 2445 Πυθαγόραν,
3360 2374 3454 2427 καὶ
3504 2372 3752 2442 Θάλητα,

2172 2466 2370 2529 πάντες
2400 2465 2705 2537 συμφώνως
2726 2464 3077 2536 ὁμολογοῦσιν
3097 2503 3112 2527 ,
3147 2464 3456 2533 Αἰγυπτίων
3482 2462 3578 2516 καὶ
3607 2463 3759 2515 Χαλ-

2169 2557 2333 2612 δαίων
2374 2558 2694 2629 γενομένους
2739 2556 3014 2629 μαθητὰς,
3063 2557 3218 2626 ὀλίγα
3265 2556 3614 2627 συγγράψαι·
3654 2555 3757 2607 καὶ

2168 2647 2339 2702 ταῦτα
2380 2652 2493 2712 τοῖς
2519 2648 2775 2718 Ἕλλησιν
2805 2643 2942 2701 εἶναι
2973 2648 3121 2701 δοκεῖ
3148 2648 3365 2701 πάντων
3390 2646 3752 2718 ἀρχαιότατα,

2170 2740 2263 2794 καὶ
2321 2740 2472 2811 μόλις
2515 2740 2652 2793 αὐτὰ
2719 2740 3059 2794 πιστεύουσιν
3112 2740 3202 2793 ὑπ’
3252 2740 3475 2793 ἐκείνων
3538 2738 3753 2808 γεγρά-

2171 2832 2320 2902 φθαι.
2374 2830 2499 2895 Πῶς
2532 2827 2626 2884 οῦν
2675 2831 2768 2884 οὐκ
2816 2831 2961 2886 ἔστιν
3010 2830 3198 2901 ἄλογον
3245 2831 3585 2900 τετυφῶσθαι
3617 2833 3753 2894 τοὺς

2171 2922 2467 2993 Ἕλληνας,
2504 2922 2600 2985 ὡς
2640 2922 2831 2993 μόνους
2872 2921 3265 2992 ἐπισταμένους
3312 2922 3551 2992 τάρχαῖα
3576 2960 3590 2983 ,
3651 2920 3756 2973 καὶ

2169 3013 2266 3086 τὴν
2297 3014 2549 3086 ἀλήθειαν
2582 3014 2710 3084 περὶ
2736 3014 2911 3068 αὐτῶν
2934 3013 3173 3085 ἀκριϐῶς
3200 3012 3591 3085 παραδιδόντας
3615 3028 3629 3077 ;
3672 3012 3752 3064 Ἦ

2167 3105 2253 3170 τίς
2284 3106 2345 3159 ού
2376 3104 2527 3177 παρὰ
2551 3105 2661 3159 τῶν
2694 3106 2871 3159 αὐτῶν
2924 3105 3279 3177 συγγραφέων
3329 3103 3488 3175 μάθοι
3524 3103 3752 3174 ῥᾳδίως,

2168 3199 2250 3252 ὅτι
2284 3199 2448 3270 μηδὲν
2504 3198 2705 3263 είδότες
2757 3198 2988 3269 βεϐαίως
3039 3199 3409 3270 συνέγραφον,
3489 3196 3604 3251 ἀλλ’
3668 3196 3755 3259 ὡς

2169 3292 2385 3345 ἕκαστοι
2441 3293 2566 3363 περὶ
2602 3292 2708 3345 τῶν
2748 3291 3085 3364 πραγμάτων
3116 3290 3361 3354 εῖκαζονς
3418 3288 3586 3342 Πλέον
3613 3288 3756 3356 γοῦν

2169 3383 2255 3438 διὰ
2286 3382 2394 3437 τῶν
2428 3382 2645 3454 βιϐλίων
2677 3382 2938 3453 ἀλλήλους
2962 3382 3273 3454 ἐλέγχουσιν
3312 3382 3406 3436 καὶ
3456 3381 3757 3435 τάναντιώ-

2169 3489 2307 3525 τατα
2334 3473 2463 3544 περὶ
2489 3473 2596 3526 τῶν
2619 3473 2797 3526 αὐτῶν
2822 3472 2999 3541 λέγειν
3027 3474 3126 3526 οὐκ
3154 3471 3390 3526 ὀκνοῦσι.
3448 3471 3755 3545 Περίεργος

2168 3564 2213 3618 δ’
2257 3563 2323 3620 ἂν
2364 3564 2481 3635 εῐην
2523 3564 2665 3634 ἐγὼ,
2697 3565 2824 3628 τοὺς
2852 3564 2985 3636 ἐμοῦ
3021 3565 3217 3636 μᾶλλον
3246 3566 3642 3637 ἐπισταμένους
3668 3566 3757 3619 δι-

2169 3656 2409 3723 δάσκων,
2439 3657 2540 3711 ὅσα
2589 3656 2688 3728 μὲν
2740 3656 3046 3720 Ἑλλάνικος
3099 3657 3429 3729 Ἀκουσιλάῳ
3480 3659 3608 3730 περὶ
3635 3658 3755 3711 τῶν

2170 3746 2528 3816 γενεαλογιῶν
2555 3746 3001 3819 διαπεφώνηκεν’
3055 3748 3157 3802 ὅσα
3196 3747 3253 3801 δὲ
3303 3747 3605 3821 διορθοῦται
3651 3749 3752 3803 τὸν

2182 3838 2419 3892 Ἡσίοδον
2450 3838 2790 3902 Ἀκουσίλαος
2804 3856 2817 3868 ·
2838 3838 2870 3910 ἢ
2891 3839 3010 3891 τίνα
3030 3838 3226 3913 τρόπον
3246 3841 3475 3911 Ἔφορος
3498 3839 3750 3894 Ἑλλάνι-

2171 3946 2264 3983 κον
2280 3932 2337 3983 ὲν
2352 3933 2461 3994 τοῖς
2482 3929 2749 3994 πλείστοις
2763 3929 3086 4002 ψευδόμενον
3106 3931 3481 3995 ἐπιδείκνυσιν,
3510 3933 3753 4005 Ἔφορον

2169 4024 2226 4077 δὲ
2272 4022 2499 4094 Τίμαιος
2522 4062 2537 4087 ,
2568 4022 2662 4076 καὶ
2700 4023 2929 4093 Τίμαιον
2969 4024 3018 4076 οί
3053 4022 3167 4093 μετ’
3193 4025 3399 4078 ἐκεῖνον
3424 4028 3747 4095 γεγονότες,

2181 4113 2460 4185 Ἡρόδοτον
2496 4113 2553 4165 δὲ
2577 4111 2793 4176 πάντες.
2854 4111 2991 4165 Ἀλλ’
3016 4112 3135 4165 οὐδὲ
3169 4114 3295 4185 περὶ
3319 4113 3427 4168 τῶν
3449 4115 3749 4170 Σικελικῶν

2170 4206 2280 4268 τοῖς
2307 4204 2434 4275 περὶ
2464 4202 2731 4273 Ἀντίοχον
2757 4203 2851 4257 καὶ
2894 4202 3139 4256 Φίλιστον
3159 4245 3173 4269 ,
3195 4203 3228 4274 ἢ
3253 4203 3490 4258 Καλλίαν
3513 4204 3748 4276 Τίμαιος

2174 4297 2478 4367 συμφωνεῖν
2500 4295 2731 4367 ἠξίωσεν
2747 4312 2763 4327 ·
2786 4295 2893 4348 οὐδ’
2914 4291 2980 4349 αὖ
3008 4295 3135 4367 περὶ
3155 4294 3263 4347 τῶν
3295 4295 3554 4350 Ἀττικῶν
3572 4299 3623 4349 oi
3643 4296 3749 4362 τὰς

497 4393 780 4464 Ephorum
816 4391 1074 4458 Timaeus,
1109 4392 1481 4466 Timzeumque
1521 4399 1870 4467 recentiores,
1910 4400 2064 4455 deni-

2180 4387 2445 4454 Ἀτθίδας
2496 4387 3033 4461 συγγεγραφότες,ἢ
3085 4388 3184 4454 τὰς
3213 4389 3340 4460 περὶ
3389 4387 3496 4443 τῶν
3553 4389 3749 4461 Ἀργο-

498 4501 606 4556 que
632 4484 965 4541 Herodotum
997 4488 1237 4543 universi
1284 4498 1564 4557 peragant.
1595 4489 1781 4562 Neque
1816 4509 1944 4548 vero
1972 4502 2065 4549 aut

497 4578 565 4633 de
596 4579 760 4634 rebus
812 4576 1010 4634 Siculis
1036 4579 1223 4635 eadem
1265 4578 1535 4650 Timaeus,
1568 4599 1690 4655 quae
1739 4585 2062 4653 Antiochus,

495 4668 781 4735 Philistus,
815 4679 866 4726 et
899 4671 1121 4737 Callias,
1152 4673 1355 4728 sentire
1386 4676 1555 4730 voluit
1583 4695 1595 4729 :
1636 4687 1727 4731 aut
1777 4676 1831 4731 in
1860 4677 2065 4733 Attica-

497 4775 642 4826 rum,
696 4760 780 4815 vel
832 4760 1205 4833 Argoliearum
1268 4763 1517 4830 historia,
1568 4766 1661 4837 qui
1706 4783 1876 4838 genus
1923 4769 2063 4824 idem

497 4852 768 4909 scribendi
796 4869 1122 4924 suscepere,
1157 4856 1390 4911 aliorum
1426 4859 1516 4912 alii
1547 4875 1768 4915 sensum
1802 4870 2065 4916 mentem-

495 4960 602 5015 que
629 4946 799 5001 secuti
817 4954 966 5001 sunt.
996 4945 1317 5018 Quanquam
1342 4949 1471 5019 quid
1493 4966 1555 5005 ea
1581 4952 1829 5023 persequi
1855 4953 2062 5019 attinet,

494 5048 616 5107 quae
640 5053 737 5108 per
763 5040 927 5096 urbes
973 5040 1177 5110 passim
1208 5043 1504 5109 contigere,
1567 5056 1621 5098 et
1659 5045 2066 5115 angustioribus

496 5133 720 5188 omnino
747 5133 1058 5203 regionibus
1079 5134 1453 5202 continentur,
1482 5152 1606 5190 cum
1632 5138 1685 5192 in
1708 5138 1827 5209 ipsa
1849 5155 2066 5210 quoque

497 5218 719 5279 Persica
747 5224 1118 5293 expeditione,
1166 5240 1231 5280 ac
1262 5226 1423 5281 rebus
1452 5227 1506 5282 in
1547 5244 1609 5283 ea
1652 5231 1840 5300 gestis,
1879 5231 2067 5286 lauda-

570 5402 682 5476 (41)
728 5403 855 5457 Ἀπ’
879 5404 1115 5461 ἐκείνου
1160 5423 1213 5460 τ.
1257 5425 1315 5476 χ.
1353 5405 1534 5461 Malim
1565 5409 1651 5461 ἐπ’
1681 5408 1907 5472 ἐκείνου,
1941 5425 2063 5464 cum

497 5471 733 5550 loseplio
760 5489 775 5527 :
802 5485 962 5544 negat
1000 5478 1144 5531 enim
1168 5471 1368 5550 certam
1396 5477 1542 5550 illius
1569 5479 1665 5533 aevi
1703 5471 2066 5550 cognitionem

500 5544 730 5612 publicis
778 5559 846 5598 ex
881 5547 1250 5618 monumentis
1283 5549 1488 5602 hauriri
1521 5564 1712 5618 posse;
1745 5544 1852 5604 non
1888 5559 2066 5608 autem

502 5628 682 5685 rerum
716 5623 957 5685 tempore
984 5617 1077 5671 illo
1111 5618 1489 5685 p0steriorum.

576 5683 689 5752 (42)
732 5683 843 5740 Διᾱ
884 5683 1253 5757 γραμμάτων.
1303 5687 1596 5757 Josephum
1651 5699 1872 5747 secutus
1925 5708 2045 5748 sum

2166 4480 2332 4533 λικῶν
2368 4478 2476 4552 (45)
2503 4480 2552 4532 oi.
2598 4480 2667 4533 τά
2698 4480 2825 4551 περὶ
2859 4481 3059 4551 Ἀργος
3109 4480 3447 4553 ἱστοροῦντες
3488 4480 3744 4551 ἀλλήλοις

2168 4570 2581 4642 ἡκολουθήκασι.
2620 4570 2729 4624 Καὶ
2755 4570 2809 4623 τί
2839 4569 2918 4623 δεῖ
2957 4569 3135 4638 λέγειν
3170 4572 3298 4643 περὶ
3330 4571 3438 4625 τῶν
3471 4571 3614 4625 κατά
3645 4574 3746 4625 πό-

2166 4664 2304 4727 λεις,
2364 4664 2455 4717 καὶ
2504 4662 2850 4735 βραχυτέρων
2878 4703 2892 4728 ,
2946 4662 3077 4716 ὅπου
3116 4679 3179 4731 γε
3223 4664 3348 4736 περὶ
3394 4664 3493 4735 τῆς
3536 4665 3737 4735 Περσιι

2168 4757 2268 4825 κῆς
2323 4756 2607 4828 στρατείας
2666 4755 2760 4807 καὶ
2809 4753 2917 4807 τῶν
2972 4755 3029 4807 έν
3087 4755 3222 4826 αὐτῇ
3277 4754 3627 4826 πραχθέντων
3688 4758 3742 4809 οἱ

2165 4848 2517 4920 δοκιμώτατοι
2547 4846 3025 4916 διαπεφωνήκασι;
3079 4847 3258 4901 Πολλά
3302 4846 3359 4899 δὲ
3403 4847 3495 4900 καὶ
3532 4846 3746 4900 θουκυ-

2164 4941 2312 5011 δίδης
2352 4940 2428 5005 ὼς
2455 4939 2779 5012 ψευδόμενος
2818 4940 2922 4992 ὑπό
2948 4956 3110 4993 τινων
3150 4942 3557 5010 κατηγορεῖται,
3617 4938 3743 4992 καί-

2164 5051 2247 5087 τοι
2275 5033 2445 5086 δοκῶν
2495 5032 2889 5104 ἀκριϐεστάτην
2937 5031 3055 5085 καθ’
3106 5032 3295 5086 ἑαυτὸν
3324 5031 3561 5103 ἱστορίαν
3605 5049 3741 5101 συγη

2165 5120 2415 5192 γράφειν.
2474 5121 2652 5174 Αἰτίαι
2683 5120 2738 5173 δὲ
2778 5120 2877 5191 τῆς
2928 5121 3183 5193 τοιαύτης
3213 5120 3505 5190 διαφωνίας
3545 5122 3739 5176 πολλαὶ

2170 5214 2266 5285 μὲν
2318 5212 2446 5277 ἴσως
2495 5212 2561 5267 ἂν
2621 5214 2726 5285 καὶΔ
2760 5212 2941 5284 ἕτεραι
2978 5216 3101 5276 τοῖς
3160 5212 3502 5285 βουλομένοις
3552 5213 3737 5284 ζητεῖν

2169 5415 2307 5497 apud
2336 5429 2498 5483 quem
2544 5413 2760 5486 legitur,
2788 5414 2851 5466 ἐκ
2890 5412 2996 5465 τῶν
3038 5411 3316 5482 ᾀσμάτων,
3346 5426 3468 5483 quae
3493 5426 3621 5466 vera
3653 5411 3733 5466 le-

2169 5494 2454 5623 ωῗόὲῖῐίῖι
2480 5554 2585 5620 τὰς
2632 5554 2763 5622 περὶ
2806 5551 2937 5623 τῶνί
2962 5554 3188 5620 Ἀρτολ.
3221 5552 3453 5608 Omnino
3479 5552 3575 5615 τάς
3604 5550 3738 5607 illud

2169 5622 2452 5683 delendum
2480 5634 2581 5693 est,
2616 5640 2713 5679 nec
2748 5623 2885 5694 apud
2918 5622 3134 5695 Josvph.
3167 5623 3380 5693 legitur.
