4042 6384
274 345 409 400 797
1485 351 1807 408 ΡΙΏΕΡΑΒ.
1851 351 1900 404 Ε

2002 349 2106 406 NG.
2147 348 2276 404 LIB.
2318 347 2388 402 Χ.
3483 348 3584 403 798

267 463 650 535 ἁναφανεῖεν
669 484 682 497 ·
715 466 824 537 ἐγὼ
867 467 922 521 δὲ
947 467 1066 522 δυσὶ
1095 469 1214 531 ταῖς
1234 468 1686 540 ἐκτεθησομέναις
1707 469 1900 533 αἰτίαις

2013 469 2350 524 tissimorum
2385 466 2715 540 scriptorum
2770 480 2966 536 magna
3009 464 3079 520 sit
3126 465 3446 535 plerumque
3475 467 3588 521 dis-

270 555 398 625 τὴν
443 561 720 632 μεγίστην
771 561 922 631 ἰσχὺν
949 559 1312 632 ἀναθήσομαι.
1375 539 1484 616 Καὶ
1537 562 1807 634 προτέραν
1845 579 1900 631 γε

2011 562 2238 618 sensio?
2271 560 2503 618 Prorsus
2540 539 2706 632 479
2734 570 2792 615 ut
2823 561 2938 630 ipse
2967 575 3187 630 quoque
3220 559 3584 629 Thucydides,

271 648 416 718 ἐρῶ
459 652 567 724 τὴν
595 653 930 725 κυριωτέραν
960 649 1096 706 εἷναί
1131 671 1219 724 μοι
1245 653 1524 708 δοκοῦσαν.
1561 654 1634 707 Τὸ
1669 654 1776 726 γὰρ
1824 653 1900 720 ἐξ·

2011 655 2139 710 licet
2168 653 2640 709 accuratissimam
2683 663 2991 722 temporum
3023 667 3250 707 suorum
3297 651 3586 706 historiam

272 743 621 814 ετασθῆναι
653 745 761 815 (44)
810 746 884 817 μὴ
915 745 1313 816 σπουδασθῆναι
1356 746 1506 818 παρά
1533 750 1646 811 τοῖς
1689 745 1900 818 Ἕλλησι

2009 745 2352 815 perscribere
2381 745 2650 811 videatur,
2686 759 2716 798 a
2751 745 3031 800 nonnullis
3062 754 3245 799 tamen
3287 744 3490 799 erroris
3520 759 3588 797 at:

274 835 567 911 δημοσίᾳ
615 839 859 908 γίνεσθαι
908 838 1006 902 τὰς
1055 838 1181 911 περὶ
1230 838 1338 892 τῶν
1373 841 1629 894 ἑκάστοτε
1678 857 1900 911 πραττο-

2010 837 2269 893 vanitatis
2315 847 2597 909 arguatur.
2645 836 2816 908 Cujus
2862 853 2994 892 sane
3026 837 3261 900 discidii,
3311 852 3433 892 cum
3467 836 3587 891 alia:

284 926 505 995 μένων
553 931 901 1002 ἀναγραφάς,
952 930 1108 984 τοῦτο
1159 931 1390 1003 μάλιστα
1424 931 1487 1002 δὴ
1523 933 1615 985 καὶ
1641 931 1741 1003 τὴν
1770 931 1900 985 πλά-

2011 930 2263 986 fortassis
2303 931 2554 1000 plurimae
2603 930 2728 986 aliis
2760 931 2814 984 in
2864 930 2996 984 illud
3044 929 3458 999 anquirentibus
3491 945 3587 984 oc-

280 1035 432 1088 νην,
485 1022 584 1075 καὶ
629 1022 724 1093 τὴν
782 1022 1027 1087 ἐξουσίαν
1077 1022 1171 1076 τοῦ
1226 1022 1548 1076 σπεύδεσθαι
1608 1026 1718 1086 τοῖς
1766 1023 1900 1093 μετά

2011 1039 2232 1080 currere
2282 1023 2525 1094 possint,
2574 1032 2688 1078 tum
2738 1024 2838 1078 has
2890 1023 3162 1092 praecipue
3195 1023 3334 1076 duas
3383 1023 3585 1078 summi

279 1109 499 1164 ταῦτα
559 1112 862 1183 βουληθεῖσι
921 1114 1049 1185 περὶ
1105 1113 1213 1167 τῶν
1274 1113 1514 1168 παλαιῶν
1565 1132 1618 1167 τι
1673 1113 1900 1184 γράφειν

2011 1116 2270 1171 momenti
2297 1132 2494 1171 causas
2523 1131 2646 1171 esse
2675 1115 2936 1185 intelligo.
2966 1116 3143 1185 Atque
3173 1123 3232 1169 ut
3260 1116 3328 1170 ab
3347 1131 3434 1179 ea,
3464 1128 3588 1186 que

284 1203 622 1274 παρέσχεν.
674 1205 747 1259 Οὐ
778 1206 886 1276 γὰρ
939 1207 1096 1277 μόνον
1147 1206 1296 1279 παρὰ
1342 1210 1452 1270 τοῖς
1487 1207 1666 1269 ἄλλοις
1712 1205 1900 1275 Ἔλλη-

2011 1209 2143 1262 mibi
2175 1209 2352 1278 potior
2385 1208 2616 1270 videtur,
2648 1208 2928 1278 incipiam,
2964 1223 3088 1262 cum
3120 1217 3290 1262 totum
3323 1207 3451 1262 illud
3497 1223 3586 1264 res

287 1311 391 1347 σιν
460 1295 717 1368 ἠμελήθη
771 1296 840 1352 τά
895 1299 1021 1368 περὶ
1067 1299 1162 1362 τὰς
1209 1299 1530 1368 ἀναγραφὰς
1557 1297 1742 1370 ,ἀλλ’
1785 1298 1900 1351 οὐδὲ

2010 1315 2125 1364 eas,
2166 1317 2289 1370 qua
2323 1301 2522 1370 ubique
2555 1301 2766 1365 fierent,
2815 1299 3063 1369 publicas
3095 1299 3148 1352 in
3191 1299 3406 1354 tabulas
3445 1298 3586 1354 refe-

286 1389 453 1457 τταρ⁹
495 1389 675 1451 αὐτοῖς
715 1388 1012 1459 Ἀθηναίοις
1032 1430 1046 1453 ,
1081 1389 1173 1453 οὒς
1202 1389 1526 1459 αὐτόχθονας
1551 1384 1690 1443 εἶναι
1716 1391 1900 1458 λέγου-

2009 1392 2163 1447 rendi
2212 1392 2452 1447 studium
2485 1409 2514 1447 a
2558 1391 2762 1448 Graecis
2788 1392 2901 1462 jam
2948 1408 3124 1462 usque
3170 1394 3239 1448 ab
3287 1393 3443 1446 initio
3493 1408 3587 1446 ne-

289 1498 395 1543 σι,
473 1485 571 1536 καὶ
619 1483 864 1548 παιδείας
908 1483 1214 1554 ἐπιμελεῖς,
1269 1484 1418 1536 οὐδὲν
1473 1481 1710 1536 τοιοῦτον
1759 1483 1904 1553 εὑρί-

292 1591 521 1629 arctat
568 1575 888 1645 γενόμενον⁹
960 1573 1096 1627 ἀλλά
1160 1575 1268 1626 τῶν
1311 1574 1584 1644 δημοσίων
1642 1574 1902 1645 γραμμά-

2009 1485 2241 1556 glectum
2282 1485 2492 1548 fuisset.
2529 1486 2579 1540 id
2617 1501 2749 1540 sane
2799 1501 2921 1539 cum
2952 1486 3126 1540 errori
3162 1487 3396 1540 maxime
3439 1486 3584 1539 viam

2009 1577 2239 1646 aperuit,
2272 1586 2385 1630 tum
2423 1577 2488 1631 iis
2522 1577 2684 1630 etiam
2717 1577 2992 1638 omnibus,
3025 1576 3119 1644 qui
3153 1576 3218 1630 de
3249 1576 3410 1629 rebus
3439 1576 3586 1628 anti-

291 1685 424 1718 των
491 1667 876 1739 ἀρχαιοτάτους
927 1663 1064 1719 εἷναί
1111 1685 1243 1735 φασι
1291 1667 1416 1730 τοὺς
1468 1666 1574 1720 ὑπὸ
1606 1668 1900 1738 Δράκοντος

2007 1671 2295 1740 quioribus
2351 1669 2591 1724 scribere
2647 1669 2989 1733 cogitarent,
3057 1671 3328 1722 licentiam
3388 1668 3587 1723 obtulit

299 1751 512 1816 αὐτοῖς
549 1755 678 1826 περὶ
713 1756 819 1809 τῶν
864 1757 1096 1826 φονικῶν
1141 1759 1444 1829 γραφέντας
1481 1761 1703 1829 νόμους,
1733 1759 1897 1830 ὀλίγῳ

302 1845 598 1916 πρότερον
651 1849 747 1917 τῆς
807 1849 1192 1920 Πεισιστράτου
1252 1851 1558 1921 τυραννίδος
1614 1851 1896 1922 ἀνθρώπου

302 1936 635 2002 γεγονότος.
665 1939 798 2008 Περὶ
844 1938 942 2006 μὲν
987 1940 1093 2010 γάρ
1140 1939 1410 2011 Ἀρκάδων
1455 1940 1506 1993 τί
1554 1941 1658 2011 χρὴ
1689 1941 1895 2011 λέγειν,

309 2024 646 2094 αὐχούντων
691 2029 1058 2099 ἀρχαιότητας
1105 2029 1255 2100 μόλις
1293 2031 1400 2101 γὰρ
1442 2026 1582 2083 οὗτοι
1626 2031 1716 2082 καὶ
1763 2032 1898 2101 μετά

305 2114 501 2169 ταῦτα
553 2118 873 2188 γράμμασιν
926 2119 1336 2190 ὲπαιδεύθησαν.
1399 2121 1527 2172 "Ars
1593 2121 1656 2190 δὴ
1719 2123 1897 2174 τοίνυν

308 2207 589 2277 οὐδεμιᾶς
637 2209 1080 2282 προϐεϐλημένης
1137 2213 1484 2283 ἀναγραφῆς,
1541 2213 1573 2282 ἦ
1630 2213 1720 2265 καὶ
1771 2214 1894 2275 τοὺς

314 2298 527 2365 μαθεῖν
562 2300 914 2372 βουλομένους
959 2301 1185 2368 διδάξειν
1227 2305 1437 2374 ἔμελλε,
1481 2306 1574 2357 καὶ
1611 2305 1734 2368 τοὺς
1763 2305 1895 2373 ψευ-

308 2386 587 2457 δομένους
638 2391 874 2460 ἐλέγξειν
895 2437 908 2459 ,
953 2394 988 2467 ἡ
1048 2393 1215 2464 πολλὴ
1269 2395 1401 2466 πρὸς
1467 2394 1725 2466 ἀλλήλους
1778 2395 1898 2465 ἐγέ-

305 2503 444 2539 νετο
491 2486 750 2556 διαφωνία
774 2489 886 2550 τοῖς
930 2484 1320 2558 συγγραφεῦσι.
1380 2487 1648 2558 Δευτέραν
1676 2487 1732 2540 δὲ
1771 2487 1907 2559 πρὸς

305 2581 528 2649 ταύτην
577 2580 756 2633 θετέον
790 2579 1005 2649 ἐκείνην
1033 2577 1131 2648 τὴν
1161 2579 1360 2635 αἰτίαν.
1447 2580 1508 2631 Oi
1554 2578 1662 2650 γὰρ
1708 2579 1800 2632 ἐπὶ
1845 2579 1906 2632 τό

306 2673 556 2743 γράφειν
599 2672 938 2743 ὁρμήσαντες
969 2671 1028 2723 οὐ
1081 2670 1211 2748 περι
1263 2669 1360 2740 τὴν
1413 2669 1667 2741 ἀλήθειαν
1711 2671 1906 2724 ἐσπού-

307 2766 520 2830 δασαν,
569 2765 743 2818 καίτοι
774 2764 930 2818 τοῦτο
972 2761 1260 2833 πρόχειρον
1303 2764 1485 2826 αὐτοῖς
1528 2765 1676 2816 ἐστιν
1713 2764 1800 2817 ἀεὶ
1842 2762 1904 2816 τὸ

312 2858 679 2928 ἐπάγγελμα·
749 2856 922 2924 λόγων
967 2855 1022 2908 δὲ
1067 2854 1296 2926 δύναμιν
1345 2855 1756 2907 ἐπεδείκνυντοο
1809 2855 1904 2908 καὶ

312 2951 448 3005 καθ’
493 2953 675 3004 ὅντινα
719 2949 922 3021 τρόπον
963 2948 1022 3002 ἐν
1063 2950 1236 3018 τούτῳ
1282 2947 1750 3018 παρευδοκιμῆσαι
1778 2949 1904 3012 τοὺς

313 3044 516 3107 ἄλλους
543 3042 956 3112 ὑπελάμῆανον,
993 3040 1135 3094 κατά
1175 3040 1361 3094 τοῦτον
1395 3038 1724 3111 ἡρμόζοντο·
1761 3040 1904 3104 τινὲς

316 3135 424 3206 μὲν
474 3135 567 3188 ἐπὶ
614 3133 674 3186 τό
709 3131 1023 3204 μυθολογεῖν
1071 3131 1438 3202 τραπόμενοι,
1489 3131 1635 3194 τινὲς
1685 3131 1740 3183 δὲ
1768 3131 1904 3203 πρὸς

313 3226 482 3298 χάριν
504 3265 519 3286 ,
569 3224 602 3295 ἦ
632 3223 728 3289 τὰς
763 3223 976 3286 πόλεις,
1017 3223 1050 3294 ἢ
1080 3223 1206 3285 τοὺς
1240 3221 1494 3292 βασιλέας
1522 3223 1866 3287 ἐπαινοῦντες
1886 3241 1900 3253 ο

313 3319 468 3371 ἄλλοι
513 3317 570 3370 δέ
619 3317 712 3369 ἐπ)⁵
756 3315 816 3368 τὸ
864 3317 1189 3386 κατηγορεῖν
1233 3315 1342 3366 τῶν
1392 3313 1678 3385 πράξεων,
1733 3314 1904 3385 ἢτῶν

315 3409 671 3483 γεγραφότων
697 3407 1010 3479 ἐχώρησαν,
1057 3407 1436 3481 εὐδοκιμήσειν
1465 3409 1522 3460 ἐν
1551 3409 1724 3478 τούτῳ
1753 3409 1904 3480 νομί-

318 3508 524 3571 ζοντες.
588 3503 761 3566 Ὅλως
786 3501 844 3555 δέ
875 3500 935 3553 τὸ
989 3500 1206 3554 πάντων
1262 3501 1646 3554 ἐναντιώτατον
1695 3501 1904 3573 ἱστορίᾳ

320 3598 652 3668 πράττοντες
687 3590 1022 3646 διατελοῦσι·
1059 3590 1159 3660 τῆς
1206 3590 1305 3662 μέν
1351 3590 1459 3662 γάρ
1505 3591 1740 3661 ἀληθοῦς
1786 3593 1902 3644 ἐστι

321 3691 618 3761 τεκμήριον
652 3686 924 3756 ἱστορίας,
967 3684 1015 3736 εἰ
1051 3683 1180 3754 περὶ
1209 3682 1318 3737 τῶν
1348 3683 1529 3736 αὐτῶν
1563 3684 1801 3747 ἅπαντες
1833 3684 1902 3737 τά

327 3784 465 3840 αὑτά
513 3783 608 3836 καὶ
657 3780 868 3848 λέγοιεν
901 3777 992 3830 καὶ
1023 3775 1320 3848 γράφοιενο
1360 3779 1408 3829 oi
1461 3776 1554 3840 δὲ,
1606 3777 1654 3829 εί
1709 3777 1782 3848 μὴ
1834 3777 1904 3830 τὰ

327 3876 464 3930 αὑτά
517 3873 786 3946 γράψειαν
843 3870 1050 3941 ἑτέροις
1078 3911 1092 3936 ,
1155 3868 1327 3932 οὕτως
1385 3867 1697 3939 ἐνομίζοντο
1748 3868 1902 3922 αὐτοὶ

327 3965 608 4033 φαίνεσθαι
663 3963 878 4016 πάντων
938 3959 1308 4031 ἀληθέστατοι.
1368 3978 1387 4010 ›
1453 3958 1702 4013 Τοσαῦτα
1734 3959 1829 4012 καὶ
1873 3959 1902 4011 ὁ

333 4058 608 4128 Ἰώσηπος.
665 4054 834 4124 Εἴηδ
883 4051 948 4106 ἂν
995 4051 1102 4105 τῶν
1130 4051 1435 4122 εἰρημένων
1488 4051 1902 4122 ἐπισφράγισμα

320 4150 416 4206 καὶ
442 4151 477 4222 ἡ
511 4147 776 4220 Διοδώρου
820 4145 1092 4217 μαρτυρία
1118 4185 1132 4208 ,
1190 4145 1258 4215 ἣν
1292 4142 1401 4196 ἀπὸ
1432 4142 1522 4196 τοῦ
1557 4141 1772 4212 πρώτου
1800 4144 1902 4214 τῆς

323 4241 682 4313 συναχθείσης
703 4237 851 4308 αὑτῷ
873 4236 1265 4304 Βιϐλιοθήκης
1295 4235 1704 4307 παραθήσομαι,
1730 4235 1902 4300 οὕτως

320 4337 444 4407 ἔχου
453 4352 549 4389 σαν
584 4333 719 4405 πρὸς
753 4331 917 4394 λέξιν.

2007 1763 2227 1832 impune
2251 1761 2568 1819 mentiendi.
2599 1759 2708 1815 Nec
2738 1762 2880 1815 enim
2911 1763 3116 1830 reliqua
3143 1761 3406 1816 duntaxat
3435 1761 3585 1816 Grae-

2005 1870 2196 1910 corum
2229 1855 2378 1909 natio
2401 1853 2542 1908 hanc
2570 1854 2878 1909 tabularum
2904 1855 3362 1910 eonfieiendarum
3393 1869 3582 1910 curam

2001 1945 2186 2015 jacere
2213 1947 2463 2013 permisit
2491 1963 2504 1999 :
2543 1946 2635 1999 sed
2673 1963 2737 1999 ne
2763 1947 2905 2017 apud
2939 1948 3298 2001 Athenienses
3327 1947 3544 2015 quidem
3565 1986 3581 2010 ,

2007 2055 2146 2109 quos
2180 2050 2357 2092 tamen
2393 2048 2446 2092 et
2472 2040 2774 2108 indigenas,
2816 2049 2870 2092 et
2895 2039 3308 2108 disciplinarum
3339 2039 3584 2107 apprime

2007 2130 2284 2185 studiosos
2313 2145 2434 2184 esse
2481 2129 2680 2189 ferunt.
2729 2129 3024 2199 quidquam
3067 2130 3334 2197 ejusmodi
3379 2129 3579 2183 factum

2007 2221 2246 2289 reperias
2275 2239 2287 2273 :
2323 2235 2446 2274 cum
2478 2236 2507 2274 e
2552 2219 2785 2288 publicis
2814 2219 3033 2288 quidem
3066 2219 3280 2281 litteris,
3314 2220 3583 2288 antiquis-

2007 2314 2178 2368 simas
2208 2313 2354 2382 leges
2387 2330 2480 2368 eas
2520 2312 2689 2369 fuisse
2715 2313 2952 2376 tradant,
2984 2328 3120 2380 quas
3152 2311 3284 2381 ipsis
3317 2311 3490 2367 Draco
3515 2313 3583 2366 de

2007 2404 2150 2458 caede
2180 2403 2320 2466 tulit,
2359 2403 2522 2458 homo
2549 2403 2642 2473 qui
2703 2403 2922 2456 nonnisi
2955 2403 3116 2471 paulo
3155 2410 3278 2456 ante
3314 2401 3581 2457 Pisistrati

2006 2497 2351 2566 tyrannidem
2385 2496 2561 2551 lucem
2595 2505 2900 2565 aspexerat.
2933 2494 3066 2548 Nam
3096 2495 3367 2547 Arcadum
3398 2493 3584 2547 memi-

2008 2589 2154 2641 nisse
2197 2588 2329 2657 quid
2376 2588 2588 2653 attinet,
2622 2588 2714 2655 qui
2745 2603 2868 2641 cum
2901 2587 2966 2640 de
2997 2601 3094 2640 sua
3121 2593 3402 2653 tantOpere
3429 2593 3584 2638 vetu-

2007 2686 2148 2732 state
2177 2679 2501 2747 glorientur,
2535 2679 2622 2730 vix
2665 2686 2842 2732 tamen
2871 2678 3030 2730 etiam
3063 2685 3185 2746 post
3212 2677 3300 2730 illa
3337 2687 3580 2745 tempora

2005 2769 2308 2824 litterarum
2377 2770 2659 2824 informari
2728 2770 3040 2839 cognitione
3107 2769 3439 2836 cmperunt?
3503 2769 3580 2822 lta

2003 2861 2186 2929 plane,
2212 2878 2335 2916 cum
2361 2864 2622 2916 vetustior
2648 2863 3078 2916 commentarius
3109 2860 3292 2913 nullus
3320 2867 3579 2924 exstaret,

2005 2952 2099 3020 qui
2153 2952 2234 3005 vel
2282 2953 2478 3006 docere
2511 2950 2754 3005 discendi
2805 2950 3074 3018 cupidos,
3122 2947 3207 3000 vel
3260 2945 3582 3000 mentientes

1928 3027 1974 3087 (ἶ
2003 3059 2229 3114 arguen~
2255 3054 2458 3112 posset,
2488 3042 2725 3096 tnaxima
2753 3051 2837 3096 est
2862 3041 3158 3109 seliptores
3185 3038 3322 3091 inter
3347 3036 3582 3090 excitata

2007 3138 2300 3194 dissensio.
2355 3137 2452 3191 Cui
2507 3146 2562 3190 tu
2611 3151 2790 3191 causa:
2840 3135 3067 3188 alteram
3120 3133 3260 3185 bane
3315 3132 3582 3201 adjungas

2005 3233 2152 3288 licet.
2195 3231 2297 3296 Qui
2329 3231 2472 3285 enim
2501 3230 2567 3284 ad
2610 3229 2957 3285 scribendum
2991 3243 3110 3281 sese
3144 3225 3512 3290 contulerunt,
3543 3225 3578 3278 ii

2006 3339 2114 3377 non
2160 3323 2404 3377 veritatis
2451 3323 2636 3390 utique
2675 3321 2859 3376 studio
2897 3320 3252 3380 ducebantur,
3305 3319 3429 3372 licet
3479 3317 3581 3371 hoc

2003 3415 2248 3486 profiteri
2297 3415 2543 3470 solemne
2571 3414 2774 3484 passim
2833 3412 3089 3467 omnibus
3149 3409 3579 3476 tralatitinmquc

2003 3507 2113 3563 sit:
2145 3507 2237 3561 sed
2279 3506 2386 3560 vim
2419 3505 2684 3559 orationis
2709 3519 2871 3557 unam
2903 3501 3284 3564 ostendebant,
3315 3508 3478 3568 atque
3504 3498 3576 3553 ita

2002 3613 2110 3664 quo
2126 3612 2185 3652 se
2202 3596 2432 3666 quisque
2449 3611 2646 3665 genere
2663 3595 2798 3649 alios
2815 3601 3196 3663 superaturum
3211 3607 3331 3645 esse
3345 3590 3578 3644 maxime

2003 3687 2332 3751 conﬁdebat,
2368 3689 2421 3742 in
2461 3704 2526 3742 eo
2579 3689 2893 3742 elaborabat
2937 3685 3254 3758 plurimum.
3301 3681 3440 3752 Ergo
3485 3681 3577 3736 alii

2002 3781 2218 3836 fabulas
2268 3789 2483 3845 texere,
2519 3780 2609 3833 alii
2650 3780 2932 3834 civitatum
2967 3786 3060 3831 aut
3091 3791 3280 3842 regum
3338 3774 3576 3829 benevo-

2001 3873 2224 3927 lentiam
2276 3881 2328 3928 et
2372 3872 2600 3942 gratiam
2651 3870 3058 3924 laudationibus
3101 3867 3368 3922 eblandiri
3398 3881 3580 3935 caepe-

2002 3974 2169 4020 runt:
2219 3965 2467 4019 nonnulli
2516 3980 2604 4018 res
2640 3964 2818 4033 ipsas,
2875 3971 2969 4016 aut
3018 3961 3231 4015 illarum
3285 3959 3578 4028 scriptores

2001 4071 2226 4125 carpere
2257 4071 2318 4109 ac
2355 4055 2663 4123 vituperare
2698 4053 3049 4113 maluerunt,
3085 4052 3230 4119 quod
3274 4050 3326 4101 in
3358 4063 3423 4102 eo
3457 4063 3578 4102 sese

2000 4145 2216 4201 facilius
2238 4147 2502 4201 excellere
2528 4161 2689 4215 posse
2714 4152 3014 4214 sperarent.
3044 4142 3310 4216 caeterum
3338 4140 3424 4194 isti
3451 4154 3576 4193 cum

2003 4238 2246 4293 historia:
2293 4239 2501 4308 legibus
2553 4237 2778 4291 omnino
2825 4242 3085 4305 pugnant.
3123 4233 3260 4288 Cum
3316 4232 3460 4286 enim
3510 4246 3576 4285 eo

2001 4329 2341 4398 potissimum
2361 4335 2680 4396 argumento
2697 4324 2936 4380 historiae
2957 4324 3156 4378 veritas
3173 4321 3573 4392 eomprobetur,

321 4431 365 4482 si
411 4430 477 4483 de
505 4425 667 4480 rebus
719 4423 910 4478 iisdem
957 4419 1144 4475 eadem
1195 4434 1386 4474 omnes
1431 4418 1784 4488 pronuntient
1833 4435 1897 4473 ac
1933 4421 2220 4487 scribant;
2276 4421 2348 4475 ita
2411 4435 2534 4475 sese
2621 4419 2836 4474 demum
2887 4417 2976 4471 isti
3029 4415 3266 4470 maxime
3339 4413 3576 4482 reliquos

319 4535 511 4577 eomes
541 4515 785 4572 veritatis
835 4514 1092 4583 opinione
1140 4524 1492 4582 superaturos
1526 4521 1831 4581 putarunt,
1887 4513 2006 4568 siab
2071 4514 2298 4584 reliquis
2362 4514 2598 4568 maxime
2649 4510 2999 4567 dissiderent.
3039 4528 3057 4561 ι
3109 4505 3380 4561 ilaetenus
3412 4507 3574 4559 etiam

324 4624 610 4682 acsepnus.
652 4607 816 4679 [‘80
851 4605 1096 4672 Quorum
1131 4607 1380 4660 omnium
1420 4604 1692 4674 quoddam
1737 4606 1894 4674 quasi
1928 4607 2166 4678 sigillum
2201 4617 2320 4662 esto
2353 4606 2568 4662 Diodori
2633 4604 3028 4664 testimonium,
3074 4601 3220 4671 quod
3287 4616 3351 4655 ex
3399 4598 3576 4669 primo

321 4704 565 4761 conflata:
589 4703 657 4756 ab
684 4684 748 4757 eo
770 4701 1111 4754 Bibliothecw
1139 4697 1498 4770 proferemus.
1532 4698 1623 4752 Sic
1651 4697 1793 4751 enim
1839 4700 1904 4754 ad
1945 4702 2168 4756 verbum
2212 4701 2392 4756 habet.

847 4862 1238 4917 ΚΕΦΑΛΑΙΟΝ
1285 4864 1328 4915 Π
1343 4871 1374 4912 ³.

455 4962 587 5014 Ἔτι
609 4958 740 5026 περὶ
773 4958 879 5010 τοῦ
907 4954 1092 5009 αὑτοῦ
1111 4995 1124 5018 ,
1153 4955 1269 5008 ἀπὸ
1301 4954 1418 5008 τῶν
1447 4954 1756 5023 Διοδώρου.

397 5072 415 5104 ι
434 5052 652 5107 Τούτων
676 5051 719 5104 δ’
743 5053 872 5121 ἡμῖν
900 5049 1010 5118 (45)
1039 5047 1499 5118 διευκρινημένων
1519 5087 1534 5110 ,
1571 5047 1760 5118 ῥητέον
1783 5048 1896 5099 ὅσοι

321 5146 428 5198 τῶν
473 5145 602 5216 παρ’
653 5143 877 5213 Ἕλλησι
934 5139 1332 5210 δεδοξασμένων
1389 5139 1481 5190 ἐπὶ
1539 5140 1748 5191 συνέσει
1803 5138 1897 5190 καὶ

322 5237 542 5307 παιδείᾳ
589 5235 894 5307 παρέϐαλον
946 5235 1026 5295 εἰς
1075 5231 1347 5297 Αἴγυπτον
1391 5233 1450 5282 ἐν
1497 5232 1608 5292 τοῖς
1650 5229 1896 5300 ἀρχαίοις

321 5334 532 5404 χρόνοις
552 5371 567 5393 ,
605 5332 689 5386 ἵνα
727 5329 832 5382 τῶν
865 5327 1096 5381 ἐνταῦθα
1127 5326 1373 5396 νομίμων
1402 5325 1494 5376 καὶ
1524 5323 1768 5386 παιδείας
1803 5341 1896 5393 με-

320 5427 615 5494 τάσχωσιν.
679 5425 741 5476 0i
778 5422 888 5492 γὰρ
923 5423 1086 5491 ἱερεῖς
1124 5418 1231 5470 τῶν
1259 5416 1566 5484 Αἰγυπτίων
1596 5415 1896 5486 ἱστοροῦσιν

322 5520 384 5569 ὲκ
418 5515 524 5569 τῶν
551 5513 881 5586 ἀναγραφῶν
913 5512 1020 5564 τῶν
1059 5514 1116 5563 ἐν
1147 5512 1264 5572 ταῖς
1292 5510 1461 5578 ἱεραῖς
1494 5507 1692 5576 βίϐλοις
1718 5522 1892 5576 παραο

303 5609 506 5661 ιΰαλείν
549 5608 682 5679 πρὸς
707 5607 930 5668 ἑαυτοὺς
972 5603 1172 5674 Ὀρφέα
1199 5619 1258 5654 τε
1307 5601 1399 5653 καὶ
1446 5602 1746 5664 Μουσαῖον,
1799 5601 1892 5652 καὶ

324 5742 506 5868 ὲ’(ἓι)
524 5740 986 5823 ςΕξετασθῆνίιι.
1017 5736 1407 5808 Corrigcndum
1433 5750 1495 5788 ex
1521 5732 1755 5803 Joscplio
1779 5743 1856 5788 cst
1878 5752 1888 5786 :

357 5835 383 5868 :
458 5828 608 5868 ργης.

357 5828 384 5883 ξ
416 5828 608 5886 «pm;-

1929 4869 1977 4926 D

2598 4849 2824 4906 CAPUT
2858 4849 2987 4903 Vill.

2251 4946 2336 5000 Ex
2372 4946 2600 4998 Diodoro
2629 4946 2677 4997 in
2703 4945 2937 4997 eamdem
2966 4941 3292 4994 sententiam.

2081 5061 2098 5094 (
2132 5040 2246 5106 llis,
2281 5039 2476 5109 inquit,
2509 5053 2538 5091 a
2570 5037 2723 5092 nobis
2740 5037 3021 5106 diligenter
3041 5034 3356 5096 enucleatis,
3391 5040 3574 5086 osten-

2002 5134 2239 5189 dendum
2277 5132 2435 5186 nobis
2461 5142 2562 5192 est,
2594 5145 2756 5200 quam
2791 5127 2943 5181 multi
2978 5127 3288 5181 Graecorum
3333 5140 3440 5178 non
3472 5125 3574 5178 mi-

2005 5241 2108 5279 nus
2161 5223 2487 5294 prudentia,
2543 5237 2705 5290 quam
2758 5218 3063 5272 eruditione
3125 5224 3461 5285 praestantes,
3517 5214 3569 5266 in

2002 5316 2295 5387 [Egyptum
2328 5315 2458 5368 olim
2498 5313 2722 5382 profecti
2755 5313 2883 5376 sint,
2922 5319 2978 5362 ut
3008 5309 3126 5379 ejus
3166 5308 3347 5378 populi
3390 5322 3571 5359 mores
3642 5363 3654 5377 ,

2000 5410 2372 5478 doctrinaeque
2400 5422 2571 5478 genus
2604 5412 3013 5476 cognoscerent.
3048 5401 3335 5454 Enimvero
3384 5413 3570 5452 sacer-

2000 5504 2153 5556 dotes
2195 5499 2430 5570 Egyplii
2481 5513 2761 5552 sacrorum
2795 5496 3054 5548 librorum
3090 5490 3410 5546 auctoritate
3440 5506 3570 5554 cnu-

2002 5596 2241 5655 ftrmant,
2297 5593 2362 5646 ad
2399 5607 2530 5646 suos
2579 5589 2853 5658 Orpheum
2908 5587 3219 5656 aliquando,
3260 5581 3518 5636 Musaeum
3551 5620 3571 5650 λ

2075 5730 2184 5797 (i3)
2223 5729 2452 5782 Τούτων
2478 5726 2529 5777 δ’
2561 5725 2720 5797 ἡμῖν.
2750 5723 2966 5797 Diodori
3001 5723 3153 5778 locus
3195 5729 3278 5776 est
3304 5737 3370 5776 ex
3419 5719 3514 5778 iit.

1999 5793 2274 5866 Biblioth.,
2291 5816 2409 5878 pag.
2436 5797 2524 5862 86,
2541 5799 2664 5852 edit.
2693 5793 3032 5854 Graeco-Lat.
