3840 6370
489 272 590 327 799

1122 270 1400 328 EUSEBII
1436 274 1915 330 C/ESARiENSlS
1950 274 2099 331 OPP.
2142 274 2321 330 PARS
2359 274 2421 329 ll.
2457 304 2528 314 —
2568 272 3068 330 APOLOGETICA.
3616 277 3703 333 800

488 385 901 456 Melampodem,
935 401 999 440 ae
1028 383 1339 449 Daedalum,
1387 402 1600 442 necnon
1652 398 1708 443 et
1766 389 2050 446 Homerum

2164 389 2532 461 Μελάμποδα,
2564 390 2658 442 καὶ
2689 388 2944 442 Δαίδαλον
2963 429 2977 454 ,
3011 387 3146 458 πρὸς
3174 388 3231 441 δὲ
3258 387 3468 451 τούτοις
3498 386 3705 461 Ὅμηρόν

489 487 727 548 poetam,
758 477 1064 549 Lycurgum
1096 476 1447 545 Spartiatem,
1481 462 1736 533 Solonem
1764 482 2060 536 Atheuien-

487 584 626 636 sem,
656 568 939 623 Platonem
965 568 1376 637 philosophum,
1405 568 1765 641 Pythagoram
1792 571 2058 638 Samium,

489 660 772 715 Eudoxum
799 661 1246 715 mathematicum
1269 703 1284 728 ,
1323 660 1689 719 Democritum
1722 666 2059 736 Abderitam,

486 763 538 809 et
569 753 907 823 (Euopidam
940 753 1138 808 Chium
1168 756 1489 811 accessisse.
1539 757 1782 824 Quorum
1831 762 1908 815 illi
1941 778 2063 816 mo-

486 853 739 900 numenta
774 845 1021 914 quaedam
1052 846 1355 900 etiamnum
1389 859 1797 917 repraesentant,
1827 852 2059 908 aliorum

486 937 708 1005 quidem
769 939 1057 1009 imagines,
1086 937 1319 992 aliorum
1351 955 1501 1009 vero,
1530 944 1726 1011 partim
1766 944 1906 1010 loca,
1927 961 2060 1015 .par-

486 1030 580 1085 tim
630 1046 793 1100 opera
822 1033 1070 1101 quaedam
1103 1032 1346 1102 ipsorum
1382 1036 1756 1102 cognomentis
1803 1036 2056 1107 insignia.

485 1122 795 1187 Quinetiam
821 1140 889 1178 ex
919 1125 1183 1194 singulari
1211 1126 1477 1196 cujusque
1511 1142 1574 1180 ac
1603 1128 1822 1197 proprio
1851 1128 2058 1182 doctri-

486 1231 572 1270 nae
606 1232 801 1285 genere
829 1217 881 1271 id
916 1217 1090 1287 ipsum
1125 1219 1415 1274 manifeste
1459 1219 1741 1289 colligunt,
1776 1221 1903 1275 dum
1939 1235 2056 1285 eos,

483 1308 748 1377 quidquid
798 1318 1006 1363 tantum
1048 1311 1182 1379 ipsis
1236 1312 1379 1381 apud
1424 1310 1642 1369 Graecos
1681 1311 2058 1367 admirationis

483 1398 713 1466 peperit,
764 1398 815 1451 id
866 1408 1037 1454 totum
1091 1416 1156 1455 ex
1190 1400 1427 1472 JEgypto
1471 1402 1789 1472 deportasse
1831 1402 2059 1457 demon-

483 1496 680 1543 strant.
714 1489 946 1561 Quippe,
975 1491 1253 1562 Orpheum
1295 1495 1441 1548 enim
1469 1504 1675 1564 partem
1705 1495 2057 1566 mysticorum

485 1595 769 1636 sacrorum
803 1584 1122 1648 maximam,
1154 1601 1384 1655 quaeque
1413 1584 1479 1639 de
1505 1585 1677 1655 ipsius
1699 1601 1882 1641 errore
1907 1587 2059 1658 orgia

482 1673 849 1739 celebrantur,
886 1691 950 1730 ac
978 1684 1147 1730 totam
1189 1677 1336 1731 illam
1380 1677 1679 1732 inferorum
1714 1677 1954 1731 fabulam
1988 1677 2057 1733 ab

2161 499 2221 535 τε
2264 481 2354 535 τὸν
2417 481 2680 553 ποιητὴν,
2747 484 2841 535 καὶ
2885 481 3198 552 Λυκοῦργον
3231 481 3321 533 τὸν
3363 480 3704 554 Σπαρτιάτην⁵

2161 571 2241 624 ἔτι
2294 572 2346 625 δὲ
2394 572 2610 626 Σόλωνα
2656 573 2749 625 τὸν
2810 572 3091 643 Ἀθηναῖον
3115 612 3129 635 ,
3185 572 3280 624 καὶ
3338 571 3598 625 Πλάτωνα
3639 573 3708 626 τὸν

2163 662 2470 732 φιλόσοφον.
2547 662 2752 715 Ἐλθείν
2780 664 2836 716 δὲ
2880 664 2976 717 καὶ
3022 661 3343 734 Πυθαγόραν
3386 663 3478 716 τὸν
3519 663 3709 735 Σάμιον,

2163 756 2257 810 καὶ
2281 755 2370 809 τὸν
2396 756 2778 828 μαθηματικὸν
2802 756 3026 823 Εὔδοξον
3051 794 3066 820 ,
3091 756 3170 809 ἔτι
3214 755 3269 809 δὲ
3290 756 3384 808 καὶ
3404 756 3710 828 Δημόκριτον

2160 848 2253 900 τὸν
2298 848 2655 920 Ἀϐδηρίτην,
2712 849 2805 902 καὶ
2853 847 3136 919 Οἰνοπίδην
3163 847 3255 901 τὸν
3296 849 3445 902 Χῖον.
3520 849 3711 904 Πάντων

2161 939 2219 992 δὲ
2258 939 2462 992 τούτων
2508 942 2711 1011 σημεῖα
2740 938 3078 1005 δεικνύουσι,
3127 938 3237 992 τῶν
3290 941 3385 1011 μὲν
3410 981 3426 1005 ,
3494 942 3710 1008 εἰκόνας,

2159 1030 2268 1082 τῶν
2297 1029 2353 1081 δὲ
2383 1029 2563 1083 τόπων
2608 1030 2641 1099 ἢ
2694 1031 3235 1103 κατασκευασμάτων
3282 1030 3389 1102 (46)
3419 1031 3710 1103 ὁμωνύμους

2160 1120 2550 1192 προσηγορίας.
2623 1122 2726 1173 Ἕκ
2755 1137 2816 1173 τε
2848 1121 2945 1192 τῆς
2990 1122 3206 1192 ἑκάστῳ
3246 1119 3587 1193 ζηλωθείσης
3614 1141 3710 1176 παι-

2157 1213 2306 1275 δείας
2339 1211 2641 1278 ἀποδείξεις
2682 1213 2948 1285 φέρουσι,
2989 1215 3333 1278 συνιστάντες
3370 1214 3430 1280 ἐξ
3464 1215 3711 1284 Αἰγύπτου

2162 1298 2571 1377 μετενηνοχέναι
2617 1305 2795 1358 πάντα
2820 1345 2834 1369 ,
2893 1304 2961 1358 δι’
3010 1299 3085 1359 ὧν
3137 1306 3290 1378 παρά
3336 1310 3452 1370 τοῖς
3484 1307 3712 1378 Ἕλλησιν

2158 1395 2599 1467 ἐθαυμάσθησαν.
2681 1397 2882 1469 Ὀρφέα
2923 1398 3021 1470 μὲν
3058 1398 3167 1471 γὰρ
3199 1399 3308 1453 τῶν
3342 1399 3620 1471 μυστικῶν
3645 1417 3713 1454 τε·

2158 1484 2326 1538 λετῶν
2380 1485 2448 1537 τά
2482 1484 2708 1540 πλεῖστα
2728 1525 2744 1550 ,
2802 1487 2990 1542 καὶτὰ
3026 1489 3153 1560 περὶ
3184 1488 3282 1558 τὴν
3306 1489 3502 1543 ἑαυτοῦ
3536 1490 3713 1560 πλάνην

2161 1577 2271 1649 (47)
2310 1578 2695 1650 ὀργιαζόμενα,
2726 1580 2821 1633 καὶ
2860 1580 2956 1648 τὴν
2995 1580 3101 1635 τῶν
3130 1582 3188 1633 ὲν
3226 1581 3353 1653 ᾅδου
3393 1581 3713 1651 μυθοποιίαν,

2160 1671 2287 1740 παρ’
2303 1669 2615 1740 Αἰγυπτίων
2638 1671 3063 1740 ἀπενέγκασθαι.
3094 1673 3206 1743 Τὴν
3231 1673 3329 1743 μὲν
3344 1671 3455 1743 γὰρ
3482 1673 3714 1746 Ὀσίριδος

484 1764 756 1837 Εενριὶἰε
804 1768 1101 1823 derivasse.
1160 1766 1297 1825 Nam
1351 1779 1405 1824 et
1453 1769 1683 1825 Osiridis
1740 1770 2050 1841 religiones,

2159 1760 2378 1833 τελετὴν
2400 1764 2466 1834 τῇ
2494 1762 2745 1816 Διονύσου
2765 1763 2863 1833 τὴν
2895 1763 3061 1834 αὐτὴν
3083 1742 3254 1817 εἶναι)
3281 1765 3381 1835 τὴν
3483 1764 3583 1834 τῆς
3605 1742 3714 1818 Ἶσιν

483 1857 605 1913 illas
652 1858 799 1928 ipsas
831 1875 974 1923 esse,
1018 1876 1157 1929 quas
1208 1860 1419 1915 Baccho
1469 1852 1739 1925 attribuit:
1793 1870 1849 1917 et
1899 1860 2055 1917 Isidis

482 1951 624 2006 inter
665 1951 991 2021 Cererisque
1039 1953 1249 2006 cultum
1301 1952 1616 2008 aliinitatem
1667 1968 1788 2009 esse
1841 1968 2055 2023 perma-

481 2060 665 2114 gnam,
691 2045 936 2115 adeoque
970 2046 1143 2101 solam
1178 2045 1461 2100 nominum
1495 2046 1850 2102 mutationem
1887 2045 2056 2099 inter~

482 2152 625 2191 esse.
657 2136 811 2203 Quod
851 2146 1031 2190 autem
1075 2146 1129 2191 et
1174 2137 1466 2207 impiorum
1499 2136 1639 2207 apud
1670 2134 1874 2191 inferos
1920 2150 2053 2205 sup.

482 2226 665 2297 plicia,
714 2234 768 2280 et
814 2239 967 2295 prata
1021 2227 1237 2296 piorum
1285 2227 1692 2293 alumnissima,
1740 2235 1794 2281 et
1837 2224 2056 2282 ﬁctilias

480 2317 605 2372 itlas
641 2318 956 2388 passimque
1004 2319 1252 2387 vulgatas
1306 2328 1645 2373 mortuorum
1695 2318 1919 2372 umbras
1972 2318 2056 2371 in-

480 2410 727 2474 vexerit,
787 2410 839 2464 iu
895 2411 959 2465 iis
1019 2413 1271 2466 omnibus
1323 2412 1596 2467 solemnes
1656 2412 1708 2468 in
1770 2410 2052 2466 funeribus

482 2500 862 2573 Egyptiorum
890 2503 1029 2557 ritus
1063 2503 1333 2557 imitatum
1375 2503 1562 2557 fuisse.
1588 2500 1723 2556 Nam
1752 2502 1923 2557 veteri
1952 2500 2050 2555 1E—

480 2595 789 2665 gyptiorum
840 2593 1113 2655 instituto.
1151 2594 1480 2647 Mercurium
1535 2593 1687 2648 illum
1719 2592 2052 2648 deducendis

480 2682 768 2736 animabus
793 2682 1167 2751 praepositum,
1192 2682 1380 2751 Apidis
1402 2681 1721 2751 corpus,ubi
1746 2681 1813 2735 ad
1844 2689 2052 2735 eertum

481 2786 657 2841 usque
708 2772 888 2826 locum
921 2772 1258 2841 perduxerit,
1310 2779 1425 2824 tum
1477 2771 1663 2825 nescio
1710 2770 1795 2824 cui
1845 2768 2054 2823 dimidii

2154 1853 2244 1916 δος
2273 1857 2340 1925 τῇ
2363 1854 2464 1924 τῆς
2494 1855 2782 1927 Δήμητρος
2809 1855 3148 1924 ὁμοιωτάτην
3175 1856 3443 1927 ὑπάρχειν
3466 1899 3482 1923 ,
3506 1857 3613 1910 τῶν
3628 1860 3713 1910 ὀνο-

2159 1943 2344 2013 μάτων
2378 1943 2553 2015 μόνων
2586 1944 3030 2015 ἐνηλλαγμένων·
3062 1945 3162 2009 τὰς
3193 1946 3250 1999 δὲ
3281 1946 3495 2000 ἀσεϐῶν
3522 1950 3580 2001 ὲν
3618 1948 3715 2019 ᾅδω

2160 2036 2427 2107 τιμωρίας
2445 2077 2459 2102 ,
2491 2038 2731 2101 καὶτοὺς
2760 2037 2867 2091 τῶν
2894 2037 3131 2091 εὐσεϐῶν
3169 2038 3440 2109 λειμῶνας
3467 2081 3481 2105 ,
3519 2041 3613 2094 καὶ
3641 2040 3715 2104 τὰς

2161 2127 2310 2198 παρά
2331 2130 2441 2191 τοῖς
2460 2127 2673 2191 πολλοῖς
2693 2128 3058 2193 εἰδωλοποιίας
3087 2129 3582 2201 ἀναπεπλασμένας
3605 2148 3713 2203 παρ-

2161 2221 2472 2285 εισαγαγεῖν
2487 2257 2503 2282 ,
2530 2220 2906 2290 μιμησάμενον
2924 2219 2991 2273 τὰ
3011 2222 3140 2293 περί
3160 2220 3257 2285 τὰς
3272 2221 3452 2290 ταφὰς
3484 2223 3584 2287 τὰς
3620 2227 3715 2277 κατ’

2161 2309 2452 2377 Αἴγυπτον.
2512 2311 2555 2363 Τ
2557 2308 2617 2363 ὸν
2648 2310 2746 2381 μὲν
2772 2312 2881 2384 γάρ
2907 2312 3264 2383 ψυχοπομπὸν
3305 2314 3513 2386 Ἑρμῆν
3532 2354 3547 2376 ,
3602 2314 3713 2368 κατὰ

2160 2401 2220 2456 τὸ
2242 2401 2468 2456 παλαιὸν
2495 2403 2724 2475 νόμιμον
2755 2408 2883 2477 παρ’
2906 2405 3218 2475 Αἰγυπτίοις
3236 2446 3251 2469 ,
3284 2407 3625 2475 ἀναγαγόντα
3643 2407 3715 2460 τοῦ

2161 2492 2384 2556 ’Ἄπιδος
2406 2491 2467 2544 τὸ
2498 2492 2657 2563 σῶμα
2689 2493 2849 2565 μέχρι
2869 2495 3012 2559 τινὸς
3035 2536 3050 2561 ,
3099 2495 3450 2567 παραδιδόναι
3479 2497 3556 2567 τῷ
3581 2515 3714 2569 περι-

2155 2584 2393 2655 κειμένῳ
2430 2583 2529 2655 τὴν
2562 2583 2657 2637 τοῦ
2694 2584 2971 2657 Κερϐέρου
3012 2589 3332 2658 περιτομήν.
3389 2588 3494 2640 Τοῦ
3534 2590 3587 2643 δὲ
3620 2590 3706 2660 ‘Op

2158 2675 2301 2744 φέως
2338 2675 2496 2730 τοῦτο
2533 2677 2945 2742 καταδείξαντος
2985 2679 3136 2751 παρά
3173 2683 3287 2744 τοῖς
3327 2681 3593 2752 Ἕλλησι,
3644 2682 3716 2736 τὸν

2162 2768 2407 2840 ’Όμηρον
2462 2768 2768 2833 ἀκολούθως
2796 2772 2970 2841 τούτῳ
3006 2769 3176 2824 θεῖναι
3202 2771 3342 2825 κατά
3371 2773 3471 2844 τὴν
3500 2775 3713 2843 ποίησιν-

479 2862 702 2918 Cerberi
731 2864 937 2917 larvam
970 2864 1161 2919 induto
1196 2864 1411 2918 tradere
1441 2864 1685 2918 solitum.
1722 2861 1779 2916 ld
1814 2860 2062 2932 Orpheus
2100 2874 2224 2943 cum
2262 2858 2466 2917 Graecis
2534 2861 2847 2917 hominibus
2916 2863 3231 2930 indicasset,
3281 2862 3574 2920 Homerum
3614 2867 3715 2937 ejus

479 2955 674 3009 deinde
724 2964 973 3009 secutum
1027 2956 1272 3024 vestigia,
1320 2956 1434 3012 suis
1472 2957 1546 3012 ita
1606 2957 1853 3011 versibus
1902 2954 2202 3010 inseruisse
2242 2968 2258 3006 :

675 3046 1009 3124 Heroumque
1048 3048 1256 3124 animos
1289 3047 1561 3117 Cyllenius
1592 3055 1769 3103 evocat
1801 3046 2015 3102 Hermes
2034 3062 2050 3114 ,'

2172 3041 2381 3124 Σεριέῆς
2404 3043 2701 3124 δειπνῇς
2728 3045 3069 3124 Κυλεὲήγιςς
3099 3047 3441 3124 ἐξεκατιεῖτο

564 3117 771 3188 Virgam
797 3119 984 3170 dextra
1021 3118 1174 3187 gerit.
1220 3136 1240 3169 ι

480 3229 621 3286 Tum
672 3231 795 3284 aliis
845 3232 1095 3286 eamdem
1167 3231 1221 3286 iu
1274 3246 1389 3286 rem
1440 3231 1933 3309 commemoratis,
1977 3231 2052 3286 ita

484 3324 886 3394 prosequituru
904 3322 1294 3392 Melampodem
1309 3339 1525 3394 quoque
1543 3322 1748 3387 ferunt,
1770 3332 1939 3378 statas
1961 3338 2052 3378 so-

482 3413 798 3479 lemnesque
820 3409 1134 3466 Graecorum
1171 3410 1225 3463 in
1248 3412 1419 3466 sacris
1443 3411 1643 3466 Bacchi
1672 3411 2050 3478 caeremonias,

479 3521 606 3559 cum
642 3504 711 3558 iis
734 3520 855 3573 qum
883 3505 968 3559 vel
1007 3504 1075 3559 de
1101 3504 1358 3571 Saturno,
1389 3507 1477 3560 vel
1501 3506 1567 3561 de
1595 3506 1891 3562 commisso
1926 3521 2049 3561 cum

480 3593 769 3650 Titanibus
803 3596 1123 3660 certamine,
1156 3596 1241 3651 vel
1272 3597 1499 3651 omnino
1522 3597 1589 3652 de
1620 3598 1905 3652 numinum
1931 3612 2054 3652 suo-

482 3703 605 3741 rum
640 3687 863 3741 casibus
898 3686 1233 3753 fabulantur,
1265 3703 1331 3743 ex
1385 3687 1623 3760 Egypto
1684 3689 2047 3745 transtulisse.

479 3777 550 3832 At
571 3792 702 3838 vero
723 3776 993 3832 Daedalum
1020 3778 1140 3847 ejus
1168 3779 1460 3849 labyrinthi
1490 3778 1750 3834 ﬂexiones
1779 3780 2047 3834 imitatum

481 3881 625 3932 esse,
648 3867 739 3937 qui
763 3883 792 3921 a
824 3867 1088 3936 Mendete,
1125 3880 1185 3926 ut
1218 3871 1465 3926 nonnulli
1492 3871 1733 3936 tradunt,
1760 3873 1845 3925 vel
1868 3880 1927 3927 ut
1951 3871 2051 3926 ali-

482 3960 531 4014 is
556 3959 751 4028 placet,
780 3976 811 4014 a
848 3959 983 4015 Mari
1007 3977 1152 4033 rege,
1192 3964 1378 4018 multis
1400 3972 1691 4033 antequam
1742 3962 1918 4018 Minos
1960 3978 2047 4018 re-

479 4059 671 4121 gnaret
695 4050 877 4115 annis,
908 4050 1225 4117 aediﬁcatus,
1262 4051 1329 4106 ad
1355 4051 1677 4107 hodiernum
1705 4066 1876 4120 usque
1904 4051 2045 4106 diem

477 4140 692 4195 visitur.
718 4127 1026 4207 Quinetiam
1057 4141 1197 4196 idem
1225 4141 1360 4196 artis
1394 4142 1671 4211 ingenium
1705 4141 1758 4195 in
1807 4141 2048 4210 antiquis

478 4226 858 4299 Egyptiorum
893 4228 1067 4300 signis
1099 4230 1399 4284 etiamnum
1461 4246 1743 4300 apparere,
1781 4247 1891 4300 quo
1931 4230 2048 4286 Die-

478 4320 589 4374 dali
620 4321 761 4390 apud
791 4319 1011 4377 Graecos
1048 4332 1241 4378 statuae
1264 4322 1742 4378 commendantur:
1772 4312 2044 4391 eumdein,

2172 3114 2424 3183 Ἆνδρῶν
2452 3115 2658 3184 ἡρώων
2679 3133 2692 3145 ·
2719 3117 2821 3185 ἔχε
2833 3114 3134 3183 δέράϐδον
3155 3119 3305 3185 μετὰ
3327 3119 3539 3189 χερσιν
3561 3118 3709 3189 (48).»

2158 3224 2297 3283 Εἶτα
2345 3227 2505 3281 πάλιν
2549 3228 2753 3300 προϐὰς
2798 3228 3068 3298 ὲπιλέγεν
3118 3250 3137 3283 ι
3176 3230 3512 3302 Μελάμποδα
3542 3230 3712 3303 (“Dei

2159 3336 2290 3389 φασι
2332 3323 2675 3391 μετενεγκεῖν
2715 3320 2773 3386 ἐξ
2817 3322 3092 3390 Αἰγύπτου
3150 3322 3217 3376 τά
3249 3324 3488 3394 Διονύσῳ
3514 3322 3709 3393 νομιζό-

2161 3431 2297 3483 μενα
2321 3412 2591 3468 τελεῖσθαι
2620 3414 2770 3485 παρὰ
2801 3418 2913 3478 τοῖς
2947 3415 3190 3484 Ἕλλησι,
3220 3417 3314 3470 καὶ
3348 3417 3415 3470 τά
3441 3418 3562 3487 περί
3584 3418 3623 3470 Κ
3634 3417 3709 3487 ρόι

2157 3522 2250 3559 νου
2288 3504 2746 3577 μυθολογούμενα,
2782 3507 2876 3560 καὶ
2914 3508 2979 3560 τὰ
3012 3509 3136 3579 περὶ
3176 3508 3274 3579 τῆς
3312 3508 3706 3580 Τιτανομαχίας,

2157 3598 2253 3650 καὶ
2282 3596 2343 3649 τὸ
2375 3596 2591 3649 σύνολον
2620 3596 2716 3667 τὴν
2750 3599 2877 3669 περὶ
2906 3599 2974 3651 τὰ
3003 3599 3150 3670 πάθη
3175 3600 3281 3653 τῶν
3307 3599 3446 3654 θεῶν
3472 3601 3705 3673 ἱστορίαν.

2157 3689 2259 3743 Τὸν
2309 3689 2366 3743 δὲ
2403 3689 2657 3744 Δαίδαλον
2704 3690 2949 3760 λέγουσιν
3001 3692 3451 3765 ἀπομιμήσασθαι
3495 3694 3584 3764 τὴν
3624 3691 3704 3745 τοῦ

2156 3782 2475 3854 λαϐυρίνθου
2518 3783 2743 3853 πλοκὴν,
2788 3782 2879 3836 τοῦ
2923 3783 3263 3854 διαμένοντος
3307 3786 3404 3855 μὲν
3446 3787 3595 3857 μέχρι
3620 3784 3703 3838 τοῦ

2156 3874 2251 3927 νῦν
2283 3873 2497 3946 καιροῦ,
2527 3873 2966 3945 οἰκοδομηθέντος
3006 3875 3082 3941 δὲ,
3124 3875 3199 3940 ὡς
3240 3876 3339 3946 μέν
3369 3878 3511 3939 τινές
3543 3893 3704 3947 φασιν,

2100 4006 2107 4011 -
2156 3967 2260 4020 ὑπὸ
2296 3967 2587 4037 Μένδητος
2615 3967 2690 4031 ὡς
2733 3967 2776 4020 δ’
2817 3967 2944 4021 ἔνιοι
2983 3968 3250 4036 λέγουσιν,
3285 3970 3389 4022 ὑπὸ
3418 3971 3596 4042 Μάρου
3621 3968 3701 4022 τοῦ

2157 4059 2437 4129 βασιλέως,
2484 4059 2692 4124 πολλοῖς
2730 4058 2873 4112 ἔτεσι
2926 4060 3185 4132 πρότερον
3237 4061 3336 4133 τῆς
3382 4062 3533 4115 Μίνω
3567 4062 3701 4133 βασι-

2154 4150 2336 4214 λείας·
2387 4150 2477 4203 τόν
2514 4167 2574 4202 τε
2617 4149 2820 4221 ῥυθμὸν
2864 4150 2968 4203 τῶν
3018 4150 3255 4222 ἀρχαίων
3301 4153 3419 4206 κατ’
3457 4155 3697 4223 Αἴγυπτον

2154 4240 2483 4310 ἀνδριάντων
2510 4240 2599 4293 τὸν
2631 4242 2790 4294 αὐτὸν
2826 4237 2962 4295 εἶναι
2998 4246 3108 4305 τοῖς
3142 4243 3246 4296 ὑπὸ
3275 4244 3531 4299 Δαιδάλου
3558 4260 3693 4297 κατα·

2156 4330 2496 4385 σκευασθεῖσι
2553 4331 2704 4403 παρά
2761 4334 2873 4394 τοῖς
2925 4332 3167 4402 Ἕλλησι.
3216 4334 3290 4386 Τὸ
3346 4335 3401 4387 δὲ
3446 4335 3693 4389 κάλλιστον

478 4412 624 4482 quod
660 4413 1126 4483 elegantissimum
1167 4416 1309 4484 apud
1333 4413 1625 4485 Memphim
1650 4412 1878 4469 Vulcani
1910 4424 2044 4469 tema

2159 4425 2420 4495 πρόπυλον
2455 4427 2514 4479 ὲν
2540 4424 2781 4495 Μέμφιδι
2828 4425 2922 4480 τοῦ
2962 4426 3252 4494 Ἡφαίστου
3286 4427 3537 4481 Δαίδαλον
3563 4428 3691 4496 ἀρχι-

477 4504 554 4573 pli
592 4504 920 4559 vestibulum
977 4506 1284 4560 admirabili
1331 4507 1564 4561 artiﬁcio
1608 4508 2043 4571 construxisset,

477 4595 713 4666 ligneam
739 4596 793 4650 in
819 4597 1008 4651 eodem
1040 4597 1241 4667 templo
1278 4608 1516 4652 statuam
1540 4599 1655 4653 suis
1713 4598 1884 4668 ipsius
1933 4614 2048 4652 ma-

477 4686 641 4741 nibus
662 4686 1031 4752 elaboratam;
1070 4687 1183 4741 imo
1225 4687 1441 4741 divinos
1476 4687 1643 4742 etiam
1687 4689 1947 4752 honores,
1976 4688 2048 4743 ob

476 4776 807 4847 singularem
839 4780 972 4833 artis
997 4778 1393 4845 excellentiam,
1425 4796 1533 4848 qua
1569 4788 1623 4835 et
1660 4795 1914 4850 magnum
1942 4781 2043 4835 sibi

476 4881 676 4923 nomen
711 4867 1037 4936 confecerat,
1073 4877 1127 4924 et
1156 4884 1295 4924 nova
1334 4870 1595 4942 pleraque
1624 4871 2044 4941 excogitaverat,

548 4998 661 5070 (46)
702 5002 901 5076 Τόπων
1004 5016 1451 5076 κατασκευασμ.
1488 5006 1760 5076 Interpres
1804 5006 2043 5074 Diodori,

476 5068 777 5142 deaumptas
808 5088 841 5123 a
866 5068 995 5125 locis
1027 5083 1119 5125 aut
1144 5068 1801 5142 operibus’appellali'ones.
1830 5068 2045 5134 Rectius

475 5141 656 5195 visum
682 5151 783 5205 est,
809 5142 1174 5216 pa_rtim_loca,
1204 5146 1400 5216 partim
1433 5141 1590 5214 opera
1616 5149 1875 5216 quendam,
1906 5149 2046 5213 ipso-

478 5226 599 5264 rum
627 5212 968 5290 fognomim's
1002 5213 1259 5290 insignio.
1291 5212 1761 5290 Quomorlo__euixn
1798 5212 2044 5290 iirIEgy—

473 5289 592 5352 pto,
620 5282 931 5339 Greecorum
964 5282 1409 5353 philosophorum
1452 5286 1837 5353 appellationes
1864 5282 2044 5343 osten-

477 5352 688 5415 derent,
716 5368 746 5407 a
787 5353 923 5407 locis
956 5352 1279 5423 operibusve
1329 5352 1679 5424 desumptas?
1726 5355 1906 5411 Facile
1945 5375 2043 5412 au-

479 5423 873 5497 tem,_et_loca
922 5424 1203 5497 quaedam,
1255 5435 1306 5478 et
1353 5438 1518 5493 Opera
1570 5426 1810 5494 ipsorum
1843 5442 2044 5497 cogno-

477 5492 677 5563 mentis
730 5492 965 5562 insignia
1006 5494 1293 5549 ostendere
1326 5492 1659 5563 potuerunt:
1711 5512 1833 5550 cum
1882 5492 1956 5552 ibi
1992 5507 2045 5552 et

475 5560 668 5628 perdiu
695 5560 893 5617 versa—ti
943 5572 1162 5629 essent,
1207 5576 1260 5617 et
1312 5560 1572 5619 nonnulla
1619 5566 1899 5621 industriae
1931 5585 2044 5622 sua:

478 5632 1260 5711 monumentareliquisselil._
1276 5632 1392 5711 Huc
1413 5643 1616 5711 autem
1644 5638 1877 5711 pertinet
1911 5639 2040 5711 illud

480 5700 788 5768 Strabonis,
808 5702 900 5757 lib.
919 5700 1031 5760 xvii
1059 5720 1071 5757 :
1114 5705 1260 5757 Ἑκεῖ
1286 5701 1378 5757 οὖν
1407 5704 1493 5767 (de
1516 5700 1750 5766 Αῐιινυιο
1781 5708 2039 5765 Ιοσυίιυι·ὶ

2146 4517 2486 4587 τεκτονῆσαι,
2517 4516 2611 4570 καὶ
2637 4517 3032 4588 θαυμασθέντα,
3060 4520 3242 4588 τυχεῖν
3275 4519 3480 4583 εἰκόνος
3508 4518 3690 4587 ξυλίνης

2149 4608 2290 4662 κατά
2319 4608 2381 4662 τὸ
2410 4608 2803 4681 προειρημένον
2841 4609 3002 4679 ἱερὸν,
3041 4612 3159 4673 ταῖς
3195 4609 3352 4672 ἰδίαις
3382 4611 3533 4680 χερσὶ
3564 4606 3688 4676 δεδη-

2150 4702 2587 4773 μιουργημένης·
2625 4701 2796 4773 πέρας
2827 4701 2882 4754 δὲ
2921 4701 3007 4754 διὰ
3040 4701 3137 4772 τὴν
3173 4701 3402 4769 εὐφυΐαν
3429 4699 3687 4765 ἀξιωθέντα

2151 4793 2391 4865 μεγάλης
2439 4793 2627 4865 δόξης,
2669 4794 2763 4848 καὶ
2808 4794 2976 4848 πολλά
3024 4794 3485 4866 προσεξευρόντα,
3536 4793 3686 4861 τυχεῖν

2150 4884 2366 4938 ἰσοθέων
2397 4885 2588 4957 τιμῶν.
2623 4885 2779 4939 Κατὰ
2810 4886 2919 4957 γὰρ
2961 4886 3087 4957 μίαν
3135 4885 3243 4939 τῶν
3290 4886 3427 4958 πρὸς
3470 4888 3532 4957 τῇ
3559 4883 3684 4953 Μέμ-

2145 5016 2448 5091 ὲδείιειιυλντρ
2486 5019 2543 5091 οἰ
2582 5036 2641 5071 τε
2689 5018 2796 5091 τῷν
2853 5018 3042 5091 ἱερέων
3080 5014 3249 5082 οἶκοι,
3285 5020 3381 5072 καὶ
3414 5018 3683 5077 Πλάτωνος,

2145 5086 2495 5162 κα¹ιΕύδόξου
2524 5088 2813 5162 διατριϐαί.
2904 5086 2951 5162 Ἀ
3142 5157 3190 5162 __
3229 5158 3264 5162 __
3440 5159 3449 5162 α
3586 5156 3599 5162 ,
3663 5152 3682 5162 -

2218 5157 2506 5231 (έθη-,Τὴν
2559 5156 2783 5231 ἑαυτοῦ
2830 5157 3089 5231 πλάξ-ην.
3142 5157 3356 5231 Mallem
3402 5159 3495 5231 τὴν
3548 5156 3682 5209 αύτοῦ

2146 5226 2317 5300 πλάνζ
2334 5229 2389 5281 Id
2422 5237 2524 5300 est,
2562 5230 2659 5299 τὴν
2693 5228 2981 5300 ὑπ’-αὐτού
3016 5228 3408 5300 πεποιημένην.

2217 5290 2765 5369 (48)]ι1ετᾷχερσίν.
2795 5297 2926 5352 Post
2948 5298 3063 5369 haec
3088 5290 3275 5369 verba,
3300 5290 3681 5369 séquiturgapuil

2144 5359 2438 5439 Diodorum
2484 5359 2745 5439 loeu's,rut
2773 5369 2824 5439 in
2865 5384 2923 5422 re
2956 5366 3237 5439 fabulosa_,
3262 5359 3608 5439 'peri'usignig
3631 5359 3683 5415 ³³

2142 5452 2269 5511 eum
2323 5436 2523 5491 fontem
2572 5437 3134 5511 indicandum,_unde
3177 5436 3489 5511 Homerus,
3513 5436 3685 5511 aliiun

2143 5507 2397 5630 geineeps
2435 5516 2608 5577 poeta:
2647 5507 2716 5561 τὰ
2758 5507 2894 5580 πρὸς
2936 5507 3032 5579 τὴν
3075 5509 3295 5561 νεκυίαν
3333 5509 3578 5566 hausisse
3620 5507 3683 5555 VP

2180 5591 2278 5630 ean
2308 5592 2390 5630 lll'.

2180 5585 2390 5630 cantur.

2217 5646 2328 5714 (49)
2362 5646 2741 5717 Δὶῖελάμποδιῑ.
2783 5646 3023 5713 Diodor.,
3050 5664 3170 5719 pag.
3198 5648 3289 5702 87.
