3840 6370
525 330 633 388 803

1162 333 1428 389 EUSEBII
1469 333 1944 389 CASSARIENSIS
1983 335 2130 390 OPP.
2173 333 2351 389 PARS
2391 334 2452 388 ll.
2495 364 2564 373 —-
2609 333 3107 390 APOLOCETICA.
3637 348 3713 403 sm

527 463 651 504 cum
715 448 820 503 alia
874 449 1152 520 pleraque,
1210 461 1324 506 tum
1366 454 1499 508 solis
1566 456 1804 511 maxime
1868 470 2093 510 conver-

2201 472 2368 508 σαντα
2397 454 2525 526 παρ’
2548 455 2750 518 αὐτοῖς,
2781 455 2872 508 καὶ
2902 454 3070 508 πολλά
3096 455 3206 508 τῶν
3233 459 3502 529 χρησίμων
3530 462 3598 524 εις
3623 467 3718 529 τοὺς

523 540 737 596 sionem
770 539 1047 605 didicisse,
1075 552 1240 612 utque
1270 545 1552 613 obliquum
1579 555 1629 600 et
1654 546 1957 602 ﬂexuosum
1981 563 2101 601 cur-

528 648 652 687 sum
680 633 955 699 instituat,
993 651 1056 689 ae
1088 645 1235 689 motu
1277 637 1500 706 reliquis
1526 639 1796 694 sideribus
1821 643 2098 696 contrario

524 725 794 794 rapiatur.
823 724 1107 780 Eudoxum
1135 741 1354 796 quoque
1390 736 1511 796 post
1552 738 1802 782 navatam
1843 730 1984 798 apud
2039 745 2099 784 se

523 817 834 886 astrolOgize
869 833 1112 886 operam,
1136 819 1283 887 quod
1310 819 1478 872 multa
1501 819 1697 874 deinde
1733 837 1963 876 summa:
1993 823 2100 876 uti-

522 907 690 962 litatis
725 923 788 961 ac
823 907 1034 962 fructus
1058 925 1179 963 cum
1204 908 1409 964 Gracis
1436 910 1752 965 hominibus
1784 912 2095 966 communi-

521 1007 722 1060 cassct,
763 998 976 1052 laudent
1014 999 1116 1053 sibi
1150 1000 1442 1052 maximam
1480 1001 1777 1070 peperisse.
1813 1000 2096 1056 Postremo

524 1099 798 1158 quotquot
834 1105 865 1142 e
901 1091 1095 1159 priscis
1130 1090 1409 1145 lictoribus
1440 1092 1491 1144 in
1527 1091 1809 1146 hominum
1839 1107 1934 1146 ore
1977 1093 2097 1160 plu-

520 1182 719 1235 rimum
777 1192 829 1236 et
888 1183 1293 1238 existimatione
1353 1185 1549 1239 versati
1599 1194 1746 1250 sunt,
1799 1185 2093 1257 Egyptum

523 1272 895 1342 frequentasse
922 1289 1132 1338 omnes,
1167 1285 1328 1344 atque
1367 1276 1506 1330 inter
1530 1277 1666 1332 alios
1702 1276 2005 1342 'I‘eraclem,
2031 1293 2094 1332 ac

521 1363 892 1429 Theodorum,
936 1366 1098 1420 ambo
1136 1366 1322 1420 Rhoeci
1370 1367 1540 1434 filios,
1576 1369 1670 1436 qui
1728 1368 1927 1424 Samiis
1962 1369 2094 1423 illud

520 1457 786 1526 Apollinis
846 1457 1025 1528 Pythii
1081 1458 1434 1513 simulacrum
1496 1459 1857 1529 perfecerunt.
1902 1481 1920 1513 ι
1977 1461 2095 1516 Huc

520 1565 694 1618 usque
719 1549 1012 1603 Diodorus.
1037 1548 1209 1615 Quam
1255 1552 1387 1604 mihi
1429 1552 1851 1622 disputationem
1877 1592 1891 1615 ,
1925 1569 2092 1623 supe-

520 1641 757 1696 rioribus
774 1641 1102 1696 testimoniis
1135 1642 1349 1695 abunde
1371 1643 1717 1708 illustratam,
1739 1646 1843 1700 hoc
1872 1646 2089 1701 demum

520 1732 641 1787 loco
667 1733 962 1787 terminare
992 1733 1142 1786 libet.
1170 1735 1247 1786 Ac
1271 1735 1523 1788 desinant
1564 1736 1652 1788 isti
1691 1752 1854 1804 porro
1879 1753 1980 1791 nos
2015 1747 2092 1791 te-

2202 546 2465 616 ’Έλληνας
2497 546 2742 610 ἐκδόντα,
2773 549 2956 617 τυχεῖν
2980 547 3082 618 τῆς
3116 547 3388 618 ἀξιολόγου
3425 548 3584 622 δόξης.
3612 555 3714 608 Πάν-

2196 655 2303 691 των
2339 637 2394 689 δὲ
2438 637 2547 690 τῶν
2591 638 2834 692 παλαιῶν
2877 639 3329 710 ἀγαλματοποιῶν
3367 643 3489 706 τοὺς
3533 645 3719 713 μάλιστα

2195 725 2668 798 διωνομασμένους
2719 728 3120 800 διατετριφέναι
3175 732 3300 801 παρ’
3347 732 3541 797 αὐτοῖς,
3579 729 3718 806 Τηρι-

2197 816 2327 869 κλέα
2377 819 2468 870 καὶ
2509 817 2780 889 Θεόδωρον
2823 820 2966 889 (57),
3023 822 3150 885 τοὺς
3192 823 3394 875 Ῥοίκου
3461 823 3548 894 μὲν
3586 826 3718 889 υἱοὺς,

2196 909 2715 972 κατασκευάσαντας
2747 909 2802 962 δὲ
2834 913 2947 972 τοῖς
2979 911 3202 982 Σαμίοις
3229 912 3289 965 τὺ
3316 911 3408 965 τοῦ
3447 915 3719 980 ’Λπόλλωνος

2194 1001 2288 1054 τοῦ
2319 1002 2515 1055 Πυθίου
2547 1003 2753 1070 ξόανον.
2787 1023 2806 1058 ι
2837 1004 3086 1059 Τοσαῦτα
3118 1005 3176 1059 δὲ
3199 1005 3292 1059 καὶ
3325 1007 3587 1079 Διόδωρος.
3613 1008 3718 1062 Ἀλλ’

2193 1089 2346 1158 οὗτος
2376 1097 2472 1166 μὲν
2497 1098 2524 1148 ό
2546 1096 2720 1165 λόγος,
2756 1090 2858 1150 ὧδέ
2888 1115 3004 1161 πως
3047 1097 3505 1170 ἀποδεδειγμένος,
3537 1100 3718 1154 ἐνταῦθὰ

2197 1205 2286 1258 μοι
2317 1187 2583 1258 εἰληφέτω
2616 1188 2784 1250 τέλος.
2819 1190 2892 1240 Οὐ
2937 1189 3019 1242 δεῖ
3059 1188 3123 1260 δὴ
3167 1189 3348 1242 λοιπὸν
3378 1188 3578 1257 ἀλογίας
3603 1191 3717 1262 ἡμῶν

2195 1285 2540 1352 κατηγορεῖν,
2564 1281 2610 1332 εἰ
2635 1280 2698 1350 δὴ
2727 1282 2853 1343 τοὺς
2880 1280 2988 1335 τῶν
3018 1280 3195 1351 σοφῶν
3237 1283 3513 1353 Ἑλλήνων,
3545 1284 3622 1336 καὶ
3651 1286 3717 1338 αὐ-

2193 1373 2301 1426 τῶν
2329 1389 2391 1442 γε
2417 1374 2524 1426 τῶν
2554 1375 2681 1445 παρ’
2712 1374 2896 1436 αὐτοῖς
2921 1374 3224 1442 φιλοσόφων
3255 1374 3606 1438 διδασκάλους,
3626 1379 3718 1438 τοὺς

2194 1465 2504 1537 βαρϐάρους
2535 1465 2696 1534 λέγω,
2750 1464 2899 1536 πόθῳ
2955 1465 3058 1536 τῆς
3097 1466 3328 1535 ἀληθοῦς
3363 1467 3619 1530 εὐσεϐείας
3652 1470 3718 1522 καὶ

2193 1558 2344 1612 αὐτοὶ
2379 1556 2735 1630 μετήλθομεν,
2767 1555 2821 1607 εἴ
2856 1572 2919 1623 γε
2956 1555 3220 1627 βάρϐαροι
3253 1557 3519 1628 Ἑϐραῖοι·
3549 1551 3612 1610 ὧν
3629 1560 3718 1620 coit;

2192 1648 2437 1720 χρόνους,
2468 1646 2590 1700 καθ’
2633 1646 2726 1710 οὒς
2768 1648 3023 1718 ἤκμασαν
3070 1649 3310 1719 Μωῦσῆς
3335 1666 3395 1700 τε
3438 1649 3525 1702 καὶ
3553 1651 3594 1702 oi
3620 1650 3719 1720 μετά

2193 1740 2430 1794 Μωῦσέα
2475 1739 2772 1811 προφῆται,
2825 1736 2883 1794 εῦ
2935 1739 3000 1793 ἂν
3050 1741 3162 1810 ἔχοι
3211 1741 3468 1795 διελθεῖν·
3518 1743 3622 1795 ἐπεὶ
3655 1745 3716 1795 καὶ

521 1825 790 1879 meritatis
838 1840 1088 1894 arguere,
1113 1825 1258 1893 quod
1292 1841 1432 1879 vera:
1469 1827 1683 1896 pietatis
1714 1829 1916 1893 studio,
1943 1828 2092 1884 Grat-

2198 1829 2336 1882 τοῦτ’
2369 1829 2433 1884 ἂν
2463 1831 2550 1900 εἴη
2595 1831 2652 1882 ἓν
2680 1848 2732 1883 τι
2777 1830 2882 1883 τῶν
2917 1830 3152 1900 μάλιστα
3202 1832 3650 1885 συνεκτικωτάτων
3673 1836 3718 1903 τῇ

519 1916 618 1970 τίω
648 1917 951 1986 sapientum
993 1916 1551 1986 philosophorumque
1579 1919 1867 1986 doctores,
1901 1918 2095 1972 barba-

521 2025 634 2072 ros,
669 2009 912 2078 inquam,
943 2011 1082 2074 illos,
1118 2012 1186 2082 (si
1212 2011 1430 2065 barbari
1466 2021 1648 2064 tamen
1686 2010 2091 2080 Hebraeisunt),

520 2102 806 2155 consulere
838 2103 1172 2158 voluerimus
1198 2103 1298 2172 ipsi
1327 2118 1565 2171 quoque.
1605 2101 1870 2172 Deinceps
1893 2102 2092 2172 quibus

521 2194 620 2262 ipsi
666 2195 1018 2263 temporibus,
1047 2193 1262 2266 Moyses
1289 2206 1438 2265 puta,
1480 2194 1768 2264 cacterique
1800 2203 1922 2264 post
1966 2211 2090 2249 eum

521 2287 796 2354 prophetae
818 2286 1136 2352 claruerint,
1166 2288 1551 2343 excutiendum
1579 2288 1680 2341 erit
1706 2305 1720 2352 ;
1753 2302 1877 2342 cum
1909 2288 1973 2353 is,
1999 2288 2092 2358 qui

519 2379 586 2432 de
618 2378 747 2432 \‘iris
782 2378 920 2432 inter
951 2395 1142 2434 omnes
1179 2380 1506 2435 eruditionis
1539 2396 1602 2433 ac
1629 2379 1909 2448 sapientia:
1930 2380 2091 2434 laude

520 2471 908 2538 prmstantihus
958 2485 1265 2526 sermonem
1300 2472 1568 2535 instituat,
1601 2488 1715 2526 rem
1751 2471 1818 2526 ad
1851 2471 2088 2540 suscepti

519 2559 821 2628 argumenti
845 2561 1082 2614 rationes
1111 2561 1270 2630 longe
1294 2563 1619 2630 praecipuam
1647 2561 1888 2615 facturus
1914 2561 2091 2614 videa-

520 2661 630 2716 tur,
661 2650 708 2704 si
739 2651 804 2704 de
831 2652 1050 2705 illorum
1079 2653 1405 2721 antiquitate
1422 2653 1553 2707 certi
1584 2653 1737 2722 prius
1760 2653 1964 2721 aliquid
1999 2668 2088 2706 ex-

520 2743 826 2812 ploratique
867 2745 1184 2798 constituat.
1215 2743 1349 2798 Nam
1389 2745 1462 2798 ita
1497 2744 1738 2810 demum,
1771 2745 1817 2798 si
1871 2745 2090 2815 quando

520 2847 645 2887 cum
682 2831 1028 2886 Hebrmorum
1071 2833 1349 2902 prophetis
1384 2843 1547 2898 atque
1591 2833 1860 2903 theologis
1920 2832 2092 2888 Graeci

519 2924 884 2988 consentient,
915 2925 1032 2977 sine
1083 2925 1188 2978 ulla
1224 2925 1562 2980 dubitatione
1589 2926 1884 2996 intelligas,
1939 2937 2093 2982 utros

2192 1922 2530 1994 προκειμένῃ
2555 1922 2926 1992 πραγματείᾳ,
2950 1921 3028 1984 τὸ,
3051 1921 3345 1992 μέλλοντας
3369 1923 3471 1974 τῶν
3493 1923 3622 1993 παρὰ
3641 1927 3718 1985 τοῖς

2192 2013 2418 2084 ἀνδράσι
2448 2013 2644 2080 λογίων
2677 2014 3033 2082 ἐφάπτεσθαι,
3086 2013 3464 2085 προδιαλαϐεῖν
3509 2015 3616 2086 περὶ
3650 2017 3718 2083 τῆς

2199 2105 2555 2176 ἀρχαιότητος
2607 2105 2819 2157 αὐτῶν·
2867 2106 2953 2168 ἵν’,
3007 2107 3055 2158 εἰ
3113 2107 3330 2174 φανεῖεν
3369 2108 3476 2167 τοῖς
3515 2105 3717 2176 Ἐϐραίων

2201 2197 2507 2265 προφήταις
2533 2211 2591 2247 τε
2632 2195 2724 2247 καὶ
2751 2193 3020 2261 θεολόγοις
3064 2195 3111 2245 οἱ
3145 2195 3274 2264 παρ’
3315 2193 3557 2264 Ἕλλησιν
3581 2193 3722 2263 ὁμοδο-

2200 2282 2432 2347 ξοῦντες,
2471 2282 2661 2353 μηκέτ’
2701 2282 3047 2352 ἀμφιϐάλοις,
3073 2283 3219 2345 τίνας
3257 2277 3328 2352 ἦν
3355 2278 3493 2346 εἰκός
3520 2282 3580 2333 τά
3610 2282 3717 2351 παρὰ

2195 2375 2354 2426 τίνων
2385 2372 2760 2437 ἀναλέξασθαι·
2785 2373 2988 2445 πότερα
3013 2375 3138 2437 τοὺς
3153 2375 3544 2444 πρεσϐυτέρους
3568 2373 3624 2426 τὰ
3643 2373 3717 2424 τῶν

2195 2467 2351 2529 νέων,
2393 2466 2678 2537 Ἑϐραίους
2701 2483 2759 2518 τε
2804 2467 2873 2519 τά
2915 2465 3198 2536 Ἑλλήνων,
3243 2469 3342 2520 καὶ
3376 2467 3645 2537 βαρϐάρους
3673 2465 3717 2516 τά

2198 2558 2519 2628 φιλοσόφων,
2553 2552 2626 2611 ὧν
2657 2559 2776 2611 οὐδὲ
2808 2559 2906 2628 τῆς
2942 2558 3084 2628 ὀπῆς
3110 2558 3252 2622 εἰκὸς
3291 2559 3520 2610 ἐπαῖειν’
3549 2555 3595 2627 ἢ,
3620 2556 3718 2623 ὅπερ

2198 2651 2520 2722 καὶμᾶλλον
2548 2651 2714 2713 εἰκὸς,
2757 2651 2881 2714 τοὺς
2913 2651 3065 2713 νέους
3111 2651 3178 2704 τά
3219 2651 3333 2702 τῶν
3379 2649 3718 2721 πρεσϐυτέρων,

2198 2743 2293 2796 καὶ
2339 2746 2463 2806 τοὺς
2508 2743 2576 2796 τά
2622 2742 2846 2796 πλεῖστα
2882 2742 2989 2794 τῶν
3043 2742 3209 2796 ἐθνῶν
3255 2739 3718 2814 περιειργασμένους

2203 2834 2489 2905 Ἕλληνας,
2537 2835 2629 2888 καὶ
2673 2834 2740 2888 τὰ
2784 2833 3044 2905 Ἐϐραίων
3085 2837 3159 2906 μὴ
3204 2836 3497 2904 ἀγνοῆσαι,
3537 2829 3718 2902 ἀρχῆθεν

2200 2927 2294 2980 ἐπὶ
2318 2928 2416 2998 τὴν
2451 2928 2673 2981 Ἐλλάδα
2697 2929 2878 3000 φωνὴν
2910 2928 3384 2999 μεταϐεϐλημένα.

519 3018 778 3072 credibile
808 3019 877 3072 sit
913 3019 1143 3072 aliorum
1172 3019 1410 3072 mutuari
1474 3021 1812 3087 sententias,
1849 3021 2262 3090 antiquiorcsne
2308 3021 2614 3092 juniorum,
2687 3021 2737 3074 id
2795 3031 2878 3075 est
2913 3021 3228 3075 Graecorum
3301 3017 3579 3078 Hebraeos,
3627 3013 3718 3066 bat-

519 3109 792 3180 barosque
810 3111 1282 3180 philosophorum,
1311 3127 1543 3180 quorum
1570 3113 1646 3165 illi
1671 3128 1738 3166 ne
1769 3128 1956 3168 vocem
2013 3114 2231 3182 quidem
2264 3113 2455 3167 audire
2516 3113 2790 3183 powerint
2825 3131 2837 3167 :
2871 3111 3036 3183 483
3088 3127 3180 3175 an,
3245 3112 3394 3180 quod
3434 3109 3575 3177 longe
3605 3117 3703 3156 vero

521 3203 758 3256 similius
785 3203 1162 3270 est,juniores
1203 3203 1598 3272 antiquiorum,
1650 3205 1896 3274 adeoque
1943 3205 2163 3260 Graecos
2231 3206 2375 3272 illos,
2416 3205 2510 3275 qui
2558 3215 2665 3259 tam
2714 3205 2931 3260 curiose
2976 3204 3218 3274 gentium
3290 3202 3621 3272 plurimarum
3657 3196 3718 3247 in-

521 3295 708 3349 stituta
741 3296 966 3350 scrutati
994 3304 1142 3358 sunt,
1177 3311 1241 3348 ne
1265 3295 1468 3364 scripta
1492 3296 1710 3365 quidem
1742 3295 2120 3365 Hebraeorum,
2166 3314 2287 3370 qua:
2303 3296 2546 3354 Graecam
2573 3299 2626 3351 in
2649 3298 2883 3367 linguam
2908 3296 3113 3351 fuerint
3137 3306 3290 3350 tanto
3332 3303 3456 3348 ante
3492 3302 3717 3351 conversa,

521 3389 763 3442 latuisse.

1117 3484 1345 3540 CAPUT
1377 3485 1469 3539 IX.

521 3577 598 3630 De
631 3575 829 3644 Moysis
864 3588 910 3629 et
942 3577 1315 3646 prophetarum
1360 3575 1703 3631 llebrworum
1747 3581 2083 3650 antiquitate.

592 3735 666 3788 Ac
691 3733 891 3806 Moysis
916 3737 1133 3806 quidem
1165 3749 1216 3792 et
1237 3740 1619 3809 prophetarum
1643 3754 1708 3794 eo
1724 3739 2089 3808 posteriorum

521 3829 926 3898 antiquitatem.
957 3831 1073 3886 suis
1115 3832 1168 3886 in
1203 3834 1461 3903 operibus
1504 3833 1594 3887 alii
1620 3833 1930 3902 complures
1969 3833 2091 3887 dili-

521 3932 709 3990 genter
749 3921 1042 3977 admodum
1074 3939 1138 3978 ac
1177 3925 1418 3980 studiose
1448 3925 1856 3994 comprobatam
1884 3935 1936 3978 et
1965 3940 2089 3978 con-

523 4023 773 4067 testatam
827 4015 1184 4084 reliquerunt,
1235 4033 1300 4070 ex
1341 4017 1542 4086 quibus
1602 4031 1771 4084 pauca
1841 4017 2087 4084 quaedam

521 4104 684 4174 paulo
708 4114 828 4173 post
866 4106 1174 4175 subjiciam.
1205 4107 1515 4160 Sed~tamen
1545 4107 1694 4176 prius
1732 4121 1928 4170 novam
1978 4107 2092 4175 ipse

521 4199 666 4252 viam
716 4199 994 4264 insistens,
1045 4201 1364 4268 cectcrisquc
1407 4199 1520 4269 jam
1561 4199 1700 4253 trita:
1730 4199 2087 4265 dissimilem,

521 4307 645 4362 qua:
677 4291 925 4360 sequitur
952 4290 1220 4344 rationem
1252 4306 1316 4345 ac
1336 4291 1652 4345 methodum
1687 4290 1826 4344 inire
1851 4292 2087 4346 decrevi.

519 4383 657 4440 Cum
685 4383 993 4439 Servatoris
1035 4384 1208 4438 nostri
1241 4385 1472 4439 natalem
1507 4383 1752 4438 omnium
1783 4399 2088 4450 consensu,

521 4472 577 4528 in
597 4474 826 4544 Augusti
860 4474 1206 4543 imperatoris
1238 4483 1480 4543 tempora
1505 4474 1780 4540 incidisse,
1808 4473 2088 4529 Christum
2124 4506 2166 4559 Β

519 4579 652 4618 vero
685 4565 826 4618 circa
869 4564 1139 4617 decimum
1172 4561 1421 4630 quintum
1461 4560 1662 4615 Tiberii
1711 4560 1944 4616 Caesaris
1996 4575 2092 4614 an-

520 4671 652 4709 num
687 4654 1093 4724 proseminandi
1142 4653 1419 4723 Evangelii
1462 4653 1676 4706 initium
1715 4651 1910 4708 fecisse
1964 4667 2094 4707 con-

522 4753 628 4802 stet
659 4765 670 4800 :
706 4747 751 4801 si
775 4745 899 4815 quis
934 4746 1002 4798 ab
1027 4745 1217 4799 eodem
1247 4761 1516 4800 annorum
1542 4760 1812 4800 summam
1846 4745 1916 4797 ita
1937 4744 2092 4798 colli—

521 4879 768 4932 Πλάτωνι
795 4880 824 4949 ό
858 4876 1102 4941 Εὔδοξος,
1143 4877 1301 4949 δεῦρο
1331 4878 1417 4948 (de
1443 4877 1676 4949 )Egypto
1706 4877 1974 4949 loquitur)
2001 4878 2092 4931 καὶ

521 4948 896 5020 συνδιέτριψαν
927 4952 1034 5020 τοῖς
1091 4947 1324 5020 ἱερεῦσιν
1343 4947 1800 5020 ἐκεῖνοιὲνταῦθα
1831 4949 2097 5020 κτρισκαί-

518 5021 651 5076 δεκα
699 5018 813 5088 ἐτη,
849 5019 924 5080 ὼς
956 5018 1166 5088 εἴρηταί
1213 5036 1343 5071 τισι.
1380 5019 1612 5073 Consule
1663 5018 1939 5072 Petavium
1998 5034 2096 5073 no-

521 5101 720 5153 strum,
752 5090 844 5142 lib.
876 5105 936 5151 ll,
970 5104 1090 5158 cap.
1129 5088 1161 5142 5
1185 5099 1238 5142 et
1263 5090 1514 5152 6.eximii
1545 5089 1725 5158 operis
1754 5088 1830 5141 De
1850 5089 2096 5142 doctrina

524 5175 855 5230 temporum,
919 5159 1008 5212 ubi
1052 5161 1312 5229 Scaligeri
1363 5159 1430 5213 de
1473 5161 1718 5222 Eudoxo,
1755 5160 1930 5229 deque
1976 5161 2095 5229 ejus

523 5230 848 5286 octaeteride
879 5231 1091 5282 somnia
1121 5230 1476 5298 dissipantur.

595 5283 1036 5369 (ὃῖγΤηρακλέα
1065 5299 1162 5352 καὶ
1193 5283 1511 5367 Θέόδωρον.
1529 5297 1773 5371 Diodor.,
1798 5283 2105 5371 Τηλεκλέα,¹

523 5373 618 5426 καὶ
658 5371 970 5438 Θεόδηηιιω
1008 5387 1132 5424 vera
1186 5372 1346 5424 lectio
1387 5380 1490 5425 est.
1537 5370 1644 5424 Sed
1685 5370 1930 5425 addenda
1975 5387 2098 5439 qua:

526 5442 709 5495 subdit
734 5457 798 5494 eo
830 5441 948 5494 loco
980 5440 1297 5507 historicus,
1323 5440 1389 5495 ad
1420 5441 1552 5496 illud
1585 5441 1850 5509 Apollinis
1879 5442 2094 5510 signqu

527 5512 868 5582 pertinentia.
906 5510 1010 5562 Τοῦ
1041 5512 1352 5582 ἀγάλματος
1375 5551 1390 5572 .
1431 5511 1643 5582 inquit,
1692 5512 1749 5565 ὲν
1775 5512 1942 5581 Σάμῳ
1974 5513 2093 5581 μὲν,

527 5580 988 5655 ὑπὸ-Τηλεκλέους
1017 5580 1302 5655 ἱστορεῖται
1321 5583 1383 5634 τὸ
1409 5583 1578 5655 ᾕμι-συ
1609 5580 2092 5655 δημιουργηθῆναι·

527 5651 668 5734 κατά
695 5650 750 5702 δὲ
778 5652 873 5734 την
913 5653 1174 5734 Ἔφεσον,
1342 5650 1699 5734 τοῦ-’ἀδελφοῦ⁹
1733 5650 2004 5734 Θεοδέθρου
2037 5653 2098 5734 τὸ

525 5720 710 5792 ἕτερον
781 5720 942 5792 μέρος
991 5723 1426 5792 συντελεσθῆναι·
1484 5720 1804 5776 συντεθέντα
1849 5720 1923 5775 δὲ’
1962 5723 2096 5792 πρὸς

524 5790 727 5859 ἄλληλα
759 5791 822 5842 τὰ
859 5791 1027 5862 μέρη·
1062 5790 1366 5862 σ’δμφωνέῖν
1399 5793 1591 5860 οὕτως,
1625 5795 1764 5848 ὥστε
1795 5794 1970 5847 δοκεῖν
2007 5790 2094 5861 ὐφ’

2733 3477 3131 3530 ΚΕΦΑΛΛΙΟΝ
3169 3475 3245 3528 Θ’.

2196 3573 2334 3640 Περὶ
2384 3570 2493 3640 τῆς
2531 3572 2920 3640 ἀρχαιότητος
2974 3567 3296 3634 Μωῦσέως,
3341 3568 3437 3621 καὶ
3477 3566 3581 3619 τῶν
3619 3562 3716 3624 παρ’

2660 3643 2711 3692 Ἐ
2717 3641 2940 3708 ϐραίοις
2985 3640 3332 3707 προφητῶν.

2270 3735 2543 3798 Μωῦσέως
2569 3735 2718 3806 πέρι,
2755 3734 2846 3786 καὶ
2875 3734 2972 3802 τῆς
3007 3731 3115 3784 τῶν
3146 3732 3264 3800 μετ’
3295 3730 3458 3784 αὐτὸν
3487 3723 3718 3800 προφητῶν

2198 3831 2572 3903 ἀρχαιότητος,
2619 3829 2856 3882 πλεῖστοι
2913 3829 3009 3898 μὲν
3056 3827 3202 3882 ἄλλοι
3249 3827 3341 3880 διὰ
3394 3825 3603 3894 σπουδῆς
3646 3820 3716 3888 τὴν

2197 3921 2464 3987 ἀπόδειξιν
2505 3922 2561 3972 έν
2603 3919 2822 3982 οἰκείοις
2863 3917 3294 3988 καταϐέϐληνται
3333 3917 3716 3988 συγγράμμασιν.

2197 4015 2288 4082 ἀφ’
2323 4007 2395 4065 ὧν
2421 4012 2613 4065 αὐτίκα
2651 4010 2793 4082 μάλα
2821 4010 2991 4082 μικρά
3012 4009 3148 4063 ἄττα
3177 4011 3582 4082 παραθήσομαι·
3605 4000 3717 4068 κὰγὼ

2195 4105 2271 4167 δὲ,
2297 4104 2615 4174 καινοτέραν
2647 4101 2798 4173 παρά
2824 4102 2947 4166 τοὺς
2977 4103 3298 4173 εἰρημένους
3331 4104 3562 4164 ὁδεύσας,
3589 4096 3728 4165 ταύτῃ,

2196 4197 2466 4267 χρήσομαι
2503 4197 2568 4264 τῇ
2604 4195 2829 4264 μεθόδῳ.
2885 4195 3290 4267 Συντρεχόντων
3336 4191 3717 4265 ὁμολογουμένως

2199 4287 2306 4339 τῶν
2337 4286 2540 4356 χρόνων
2584 4285 2891 4354 Αὐγούστου
2927 4287 3211 4357 Ῥωμαίων
3242 4289 3617 4358 αὐτοκράτορος
3651 4280 3716 4333 ιίῖ

2199 4378 2294 4447 τῆς
2322 4376 2412 4429 τοῦ
2441 4375 2689 4447 Σωτῆρος
2711 4377 2865 4447 ἡμῶν
2894 4377 3180 4445 γενέσεως,
3203 4379 3379 4449 ἀρχὴν
3405 4395 3462 4429 τε
3489 4375 3576 4444 τῆς
3599 4372 3716 4434 εὐαγ-

2198 4467 2419 4536 γελικῆς
2450 4468 2794 4532 διδασκαλίας
2834 4468 2928 4521 τοῦ
2973 4468 3208 4540 Χριστοῦ
3240 4468 3589 4540 ποιησαμένου
3612 4460 3716 4516 κατά

2194 4561 2254 4612 τὸ
2289 4559 2771 4613 πεντεκαιδέκατον
2814 4560 2931 4623 ἔτος
2969 4560 3217 4632 Τιϐερίου
3270 4563 3554 4632 Καίσαρος,
3585 4559 3629 4610 εί
3657 4571 3714 4612 τις

2195 4652 2302 4706 ἀπὸ
2328 4651 2515 4705 τούτου
2548 4656 2872 4722 συναγαγεῖν
2902 4653 3072 4706 ἐθέλοι
3103 4655 3193 4707 τὸν
3224 4654 3334 4708 τῶν
3357 4654 3489 4708 ἐτῶν
3512 4647 3710 4722 ἀριθμὸν.

2197 4742 2399 4814 προῖὼν
2430 4743 2521 4796 ἐπὶ
2564 4744 2689 4806 τοὺς
2730 4744 2987 4815 ἀνωτέρω
3034 4743 3278 4815 χρόνους,
3316 4747 3440 4808 τοὺς
3469 4744 3609 4816 μέχρι
3641 4743 3713 4790 Δε-

2449 4836 2462 4856 \

2195 4877 2312 4940 ἐνὸς
2344 4876 2405 4930 τὸ
2449 4877 2559 4948 πᾷν
2602 4876 2759 4948 σῶμα
2797 4879 3251 4933 κατεσκευάσθαι.
3303 4880 3468 4933 Τοῦτο
3506 4877 3565 4948 δὲ

2194 4948 2294 5033 τῆξ
2321 4945 2614 5036 ἔργξσίας,
2829 4949 2926 5034 μὲὶθ
2954 4952 3066 5036 τρῖς
3103 4950 3328 5036 Ἕλλησι
3359 4947 3601 5036 γχηδαμὼς

2195 5017 2538 5091 ςτηδεῦεσθα-ι,
2566 5017 2795 5091 παράδὲ
2827 5017 2938 5082 τοῖς
2966 5017 3282 5091 Αἰγυπτίοις
3312 5017 3533 5091 μάλςτα
3573 5028 3712 5091 συντε-

2195 5086 2423 5141 λεῖσθαι.
2464 5088 2588 5142 llaec
2624 5086 2912 5158 Diodorus.
2973 5086 3054 5142 Αι
3078 5086 3376 5145 Pausanias
3420 5086 3711 5158 Theodorum

2197 5160 2379 5234 illum,
2393 5158 2635 5234 _'_I'clecli‘s
2672 5175 2778 5234 non
2812 5157 3054 5234 _l'ratrcm
3077 5161 3223 5234 ,sed
3261 5163 3423 5234 lilium
3459 5151 3711 5234 τροπικῇ

2197 5230 2340 5301 enim
2370 5231 2456 5283 ille
2491 5229 2543 5282 in
2570 5230 2870 5301 Arcadicis,
2908 5247 3028 5300 pag.
3059 5222 3163 5285 £48
3193 5248 3205 5282 :
3237 5232 3453 5301 Διέχεαν
3479 5228 3531 5280 δὲ
3558 5222 3710 5301 χαλκὸν

2201 5298 2435 5370 πρῶτοι,
2496 5300 2589 5352 καὶ
2647 5297 2937 5369 ἀγάλματα
2984 5297 3388 5370 ἓχωνεύσαντο,
3443 5297 3627 5370 Ῥοῖκός
3667 5306 3710 5370 τε

2197 5360 2381 5442 εξίξοιίου
2403 5360 2430 5432 ,⁷
2464 5372 2558 5422 καὶ
2584 5360 2857 5442 Θεόδωρος
2891 5360 3226 5442 Τηλεκλέους
3245 5360 3493 5442 ,Σάμιομ
3521 5366 3636 5442 T_um
3662 5360 3712 5442 de

2199 5421 2855 5514 Theodormnominatur;
2890 5459 2908 5514 :_
2934 5421 3223 5514 6:056:90;
3246 5421 3322 5514 ἰδὲ
3345 5421 3511 5514 Δἔργον
3549 5429 3711 5514 ἦνικαὶ

2199 5510 2292 5583 ἐπὶ.
2313 5509 2411 5583 ’τοῦ
2441 5509 2586 5562 λίθου
2604 5511 2703 5579 τῆς
2734 5512 3046 5582 σμαράγδου
3073 5508 3710 5583 σφραγ“ις,ἢνίΠ-ολυκρξξης

2198 5580 2437 5654 ὁνΣάμου
2464 5573 2803 5654 τυραννήσας
2835 5573 3040 5654 ἐφόρει.
3078 5573 3490 5654 δίἡίἰιῖυεζτιῆιιίι
3521 5579 3566 5628 in
3587 5573 3710 5654 alio;

2201 5621 2374 5712 cicis‘:
2409 5621 2655 5704 extr-gnto
2690 5621 2822 5714 libi,
3003 5655 3144 5721 quod
3178 5653 3359 5707 Μιωεὶ
3389 5658 3579 5718 patrem
3617 5638 3710 5721 flii:

2203 5724 2383 5781 humu,
2415 5738 2521 5774 non
2554 5712 2819 5782 ΡΙιίηεηω,
2845 5734 2902 5775 ut
2933 5723 2985 5776 in
3023 5712 3298 5777 hrcadiris
3330 5712 3586 5777 nominat:
3615 5712 3709 5765 hec!

2203 5794 2466 5862 interpres
2495 5793 2708 5845 Φιλαίου
2744 5795 3032 5864 utrobique
3059 5794 3261 5863 legerit.
