3840 6370
142 341 226 394 805
1224 336 1546 393 ΡΒᾹΞΡΑΒ.
1585 337 1643 392 E‘

1748 335 1836 393 να.
1878 335 2007 392 LIB.
2048 333 2118 388 X.

3216 325 3322 381 806

140 457 254 530 ρείου
294 454 375 508 τοῦ
419 453 632 524 Περσῶν
688 453 985 524 βασιλέως,
1038 455 1129 506 καὶ
1182 455 1281 524 τῆς
1322 454 1442 506 κατ’
1484 451 1642 504 αὑτὸν

1748 464 1871 517 gere
1894 445 2148 510 voluerit,
2188 455 2246 497 ut
2276 457 2372 512 per
2402 439 2688 510 superiora
2731 451 2878 494 retro
2927 447 3197 509 tempora,
3251 440 3318 494 ad

137 546 424 608 ἀνανεώσεως
444 545 533 597 τοῦ
564 547 622 598 ὲν
659 545 1044 618 Ἰεροσολύμοις
1076 543 1200 608 νεὼ,
1224 544 1258 615 ἠ
1285 544 1473 613 γέγονε
1509 543 1644 613 μετὰ

136 641 211 711 τὴν
235 638 322 693 ἀπὸ
359 637 660 701 Βαϐυλῶνος
707 637 961 692 ἐπάνοδον
989 636 1083 690 τοῦ
1126 637 1396 691 Ἰουδαίων
1431 636 1639 698 ἔθνους·

136 734 250 802 εὖροι
288 730 343 783 ἂν
388 730 487 782 άπὸ
536 730 785 801 Τιϐερίου
840 731 931 781 ἐπὶ
980 731 1040 782 τὸ
1082 730 1328 802 δεύτερον
1379 729 1494 792 ἔτος
1544 731 1645 779 Δα-

138 823 250 893 ρείου
323 818 403 889 ἔτη
469 825 624 889 φμη’.
695 819 914 888 Δαρείου
991 819 1087 889 μὲν
1133 820 1242 890 γὰρ
1288 819 1348 870 τὸ
1397 811 1644 887 δεύτερον

135 912 242 965 κατὰ
262 909 538 979 τὸπρῶτον
580 909 697 972 ἔτος
725 907 822 978 τῆς
857 910 928 976 ξε.⁹
962 909 1321 980 Ὀλυμπιάδος
1369 911 1640 978 καταντᾷ·

136 999 330 1069 Τιϐερίου
356 999 407 1051 δὲ
431 998 488 1051 τὸ
516 999 993 1052 πεντεκαιδέκατον
1035 1001 1131 1071 τῆς
1171 1001 1453 1071 Ῥωμαίων
1496 999 1646 1068 βασι-

132 1092 244 1152 λείας
284 1089 405 1142 κατὰ
445 1091 502 1142 τὸ
558 1091 600 1143 δ’
639 1091 740 1160 τῆς
785 1097 865 1159 σγ’
910 1091 1266 1163 Ὀλυμπιάδος
1322 1089 1641 1161 συμπίπτει.

133 1184 324 1236 Γίνονται
347 1184 514 1236 τοίνυν
546 1185 603 1235 αἱ
636 1183 838 1254 μεταξὺ
878 1185 1102 1254 Δαρείου
1149 1182 1239 1236 τοῦ
1286 1183 1516 1254 Πέρσου,
1552 1182 1645 1234 καὶ

129 1273 331 1344 Τιϐερίου
364 1271 452 1324 τοῦ
493 1273 780 1342 Ῥωμαίων
826 1272 1085 1341 βασιλέως
1123 1270 1480 1340 Ὀλυμπιάδες
1511 1268 1642 1340 ρλζ’,

129 1369 171 1421 αἳ
191 1367 436 1435 συνάγουσι
459 1367 651 1438 χρόνον
675 1365 810 1420 ὲτῶν
831 1373 984 1436 φμη’,
1009 1365 1323 1436 τετραετίας
1350 1367 1414 1435 τῇ
1453 1364 1648 1434 Ὀλυμ-

131 1461 241 1514 radat
265 1459 618 1530 λογιζομένης.
666 1460 816 1512 Ἐπεὶ
860 1459 916 1512 δὲ
960 1458 1101 1511 κατὰ
1134 1458 1196 1511 τὸ
1231 1457 1484 1527 δεύτερον
1528 1459 1646 1521 ἔτος

130 1553 305 1623 Δαρείου
327 1552 381 1603 τὸ
411 1551 805 1622 ἑϐδομηκοστὸν
832 1551 1044 1623 ὑπῆρχε
1073 1551 1174 1620 τῆς
1207 1549 1439 1621 ἐρημίας
1463 1548 1558 1602 τοῦ
1589 1549 1646 1601 ἐν

139 1643 467 1714 Ἰεροσολύμοις
501 1641 628 1707 νεὼ,
661 1641 839 1706 καθὼς
869 1643 936 1695 τὰ
982 1645 1079 1713 τῆς
1115 1642 1376 1714 Ἐϐραίων
1407 1641 1646 1712 ἱστορίας

131 1735 387 1806 ταρίστησι,
415 1734 707 1789 κάντεῦθεν
751 1734 908 1787 πάλιν
950 1735 1374 1807 άνατρεχὸντων,
1404 1733 1511 1788 ἀπὸ
1548 1733 1644 1804 μὲν

1748 535 1967 589 Darium
1989 548 2164 603 usque
2189 531 2476 594 Persarum
2509 544 2712 599 regem,
2736 538 2789 583 et
2816 530 3180 584 instauratum
3204 527 3327 582 Hie-

1747 625 2038 695 rosolymis
2065 624 2167 678 sub
2205 637 2272 677 eo
2299 622 2596 690 templum,
2635 619 2688 673 id
2736 619 2880 689 quod
2930 629 3054 690 post
3111 617 3324 674 Judaici

1746 717 1930 786 populi
1952 733 2018 770 ex
2084 714 2360 785 Babylone
2402 713 2640 766 reditum
2684 712 2928 782 contigit,
2983 713 3326 766 numerando

1746 809 2057 878 perveniat;
2089 809 2134 862 is
2167 823 2198 861 a
2233 806 2454 861 Tiberio
2499 805 2566 858 ad
2616 803 2762 858 Darii
2787 804 3088 859 secundum
3110 846 3125 870 ,
3150 820 3326 858 annos

1745 902 1971 955 omnino
2026 899 2263 969 reperiat
2305 898 2636 968 quingentos
2681 907 2735 952 et
2783 897 3146 968 quadraginta
3175 907 3323 951 octo.

1745 992 1879 1048 Nam
1904 993 2052 1047 Darii
2079 991 2299 1062 quidem
2337 991 2614 1047 secundus
2647 991 2699 1044 in
2727 991 2965 1061 primunt
2998 991 3326 1062 Olympiadis

1746 1084 2099 1154 sexagesima
2142 1083 2364 1152 quintae,
2406 1083 2617 1152 imperii
2652 1099 2780 1138 vero
2830 1083 3036 1139 Tiberii
3081 1085 3327 1141 decimus

1745 1177 1970 1247 quintus
1999 1177 2052 1231 in
2082 1185 2338 1246 quartum
2373 1176 2760 1231 ducentesimae
2783 1176 2955 1230 tertia:
3001 1177 3328 1247 Olympiadis

1747 1271 1996 1325 incurrit.
2033 1270 2303 1336 Quocirca
2353 1269 2578 1324 Darium
2629 1268 2851 1324 Persam
2880 1269 3040 1336 inter,
3068 1284 3134 1324 ac
3165 1268 3328 1324 Tibe-

1747 1364 1890 1417 rium
1923 1361 2298 1419 Romanorum
2334 1362 2974 1432 imperatorem,ccntum
3005 1377 3069 1416 ac
3102 1361 3326 1432 triginta

1747 1463 1954 1525 septem
1980 1455 2319 1526 olympiades
2352 1454 2720 1518 intercedunt,
2755 1469 2878 1524 qua:
2917 1469 3190 1509 summam
3227 1471 3328 1509 an-

1715 1559 1724 1570 '
1746 1560 1944 1600 norum
1971 1547 2397 1616 quingentorum
2412 1554 2464 1600 et
2487 1545 2850 1616 quadraginta
2867 1554 2991 1600 octo
3006 1547 3324 1611 coniiciunt,

1744 1637 2107 1707 quadriennio
2125 1638 2355 1709 singulis
2378 1638 2778 1709 olympiadibus
2795 1639 3078 1695 attributo.
3101 1638 3169 1693 Et
3190 1655 3329 1710 quo-

1747 1728 1895 1782 niam
1933 1727 2078 1782 Darii
2112 1729 2387 1784 secundus
2441 1745 2642 1794 annus,
2675 1745 2799 1785 cum
2846 1729 3326 1802 Hierosolytnitani

128 1828 197 1879 τοῦ
222 1827 443 1898 δευτέρου
474 1827 629 1890 ἔτους
659 1829 882 1898 Δαρείου
925 1829 1016 1880 ἐπὶ
1056 1827 1154 1898 τὴν
1188 1826 1410 1898 πρώτην
1453 1826 1643 1896 Ὀλυμ-

1751 1821 1937 1890 templi
1993 1820 2266 1875 vastitatis
2315 1821 2718 1890 septuagesimo
2769 1821 3104 1892 congruebat
3154 1831 3213 1875 ut
3259 1837 3326 1876 ex

130 1919 253 1971 πιάδα
275 1919 354 1990 ἔτη
390 1918 658 1988 συνάγοιέ
693 1919 757 1972 ἂν
811 1927 951 1985 σνς’,
1010 1920 1367 1990 Ὀλυμπιάδες
1415 1917 1513 1984 ἕδη
1560 1935 1648 1971 το-

133 2011 262 2065 σαῦτα
294 2013 332 2064 δ’
367 2011 428 2064 ἂν
474 2011 658 2081 εὕροις
685 2012 751 2064 τὰ
804 2013 911 2065 ἀπὸ
942 2011 1036 2064 τοῦ
1085 2012 1313 2066 ὑστάτου
1355 2011 1508 2076 ἔτους
1548 2015 1645 2083 τῆς

132 2103 310 2171 ἐρημίας
339 2102 424 2155 τοῦ
453 2102 783 2172 δηλωθέντος
813 2103 957 2174 ἱεροῦ
1003 2104 1096 2156 ἐπὶ
1129 2103 1190 2155 τὸ
1233 2111 1276 2156 ν’
1318 2104 1436 2167 ἔτος
1469 2101 1644 2166 Ὀζίου

131 2192 198 2244 τοῦ
224 2192 312 2245 τῶν
347 2195 609 2247 Ἰουδαίων
645 2193 914 2264 βασιλέως
947 2193 1132 2258 ἀνιὼν,
1161 2195 1284 2248 καθ’
1309 2195 1368 2250 ὃν
1402 2196 1645 2267 προεφή-

130 2297 245 2334 τενον
277 2283 484 2348 Ἡσαΐας
523 2285 620 2337 καὶ
665 2284 841 2354 Ὠσηὲ,
872 2285 984 2338 ὅσοι
1029 2303 1088 2338 τε
1141 2285 1347 2349 τούτοις
1391 2285 1646 2354 γεγόνασι

134 2372 388 2445 σόγιρονοι·
433 2375 562 2428 ὥστ’
610 2371 748 2430 εἶναι
798 2376 893 2447 τήν
936 2377 1158 2448 πρώτην
1205 2377 1326 2430 καθ’
1377 2379 1646 2453 Ἕλληνας

141 2465 414 2535 Ὀλυμπιάδα
441 2468 740 2539 σύνδρομον
777 2467 853 2538 τῷ
886 2471 1140 2542 προφήτῃ
1179 2469 1376 2540 Ἡσαΐᾳ
1407 2469 1504 2522 καὶ
1534 2475 1646 2532 τοῖς

133 2558 276 2611 τούτου
303 2561 621 2632 συγχρὸνοις.
654 2561 820 2614 Πάλιν
842 2560 896 2612 δὲ
927 2561 1032 2613 ἀπὸ
1057 2561 1153 2631 τῆς
1185 2560 1408 2632 πρώτης
1449 2559 1646 2630 Ὀλυμ-

134 2651 290 2714 τιέιδος,
319 2653 402 2704 ἐπὶ
445 2653 574 2716 τοὺς
623 2651 929 2722 ἔμπροσθεν
981 2650 1144 2704 ἀνιὼν
1197 2651 1439 2722 χρόνους,
1484 2651 1644 2722 μέχρι

132 2741 202 2810 τῆς
233 2741 360 2795 Ἰλίου
403 2742 653 2806 ἁλώσεως
690 2745 942 2814 εὑρήσεις
977 2744 1070 2814 ἔτη
1107 2743 1644 2813 συγκεφαλαιούμενα

134 2837 207 2900 υη’,
229 2833 290 2896 ὡς
313 2837 364 2886 αἱ
392 2837 515 2906 παρ’
554 2836 776 2906 Ἕλλησι
798 2837 904 2888 τῶν
931 2835 1133 2906 χρόνων
1153 2836 1465 2905 ἀναγραφαὶ
1491 2851 1646 2906 περι-

135 2925 284 2993 έχωσι.
312 2927 412 2980 Καὶ
444 2927 567 2979 καθ’
603 2927 905 2998 Ἐϐραίους,
958 2926 1064 2978 ἀπὸ
1102 2924 1464 2996 πεντηκοστοῦ
1497 2925 1647 2987 ἔτους

142 3014 272 3080 Ὀζίου
302 3020 382 3071 τοῦ
413 3019 679 3073 Ἰουδαίων
720 3019 983 3089 βασιλέως
1032 3019 1195 3077 ἀνιὼν
1237 3019 1328 3070 ἐπὶ
1367 3018 1428 3070 τὸ
1467 3019 1647 3089 τρίτον

134 3107 218 3171 ita;
247 3110 440 3163 Λαϐδὼν
477 3114 607 3182 παρ’
649 3111 920 3182 Ἑϐραίοις
962 3110 1255 3181 γενομένου
1293 3109 1502 3182 κριτοῦ,
1557 3110 1647 3163 τὸν

137 3199 216 3252 ἴσον
262 3204 482 3268 συνάξεις
526 3203 757 3275 ἀριθμὸν
820 3203 954 3256 ἐτῶν
999 3210 1114 3273 υην·
1168 3202 1296 3255 ὥστ’
1352 3199 1489 3255 εῖναι
1548 3202 1645 3274 τήν

142 3295 255 3348 Ἰλίου
279 3297 455 3351 ἅλωσιν
483 3297 626 3351 κατὰ
654 3299 779 3360 τοὺς
808 3293 1031 3350 Λαϐδὼν
1057 3295 1151 3347 τοῦ
1187 3294 1373 3366 κριτοῦ
1402 3295 1643 3365 χρόνους.

136 3387 237 3440 ἑπτὰ
270 3389 394 3441 ἔτεσι
432 3390 691 3460 πρότερον
719 3388 751 3458 ἦ
786 3385 1022 3456 Σαμψὼν
1069 3384 1227 3457 ἄρξαι
1273 3384 1554 3456 Ἐϐραίων,
1587 3384 1646 3436 δν

136 3481 238 3533 κατὰ
257 3482 336 3552 τὴν
362 3483 447 3535 τοῦ
485 3483 735 3554 σώματος
781 3482 950 3544 ἀλκὴν
1003 3479 1370 3532 ἀνυπόστατον
1395 3477 1645 3546 γενέσθαι

137 3577 272 3640 φασὶν,
298 3578 491 3630 ἐοικότα
525 3576 603 3646 τῷ
631 3576 887 3646 βοωμένῳ
914 3575 1042 3645 παρ’
1077 3572 1240 3640 Ἕλλη
1253 3588 1333 3624 σιν
1367 3570 1642 3642 Ἠρακλεῖ.

137 3664 215 3718 Καὶ
239 3669 453 3722 ἐντεῦθεν
475 3670 531 3722 δὲ
558 3670 649 3722 ἐπὶ
675 3670 799 3730 τοὺς
819 3667 1074 3735 ἀνωτέρω
1108 3664 1356 3735 βαδίζων,
1385 3665 1441 3716 ὲν
1465 3662 1647 3733 ταύτῷ

137 3771 177 3806 τε
204 3760 475 3829 συναγαγὼν
515 3760 742 3831 ἀριθμὸν
785 3758 921 3810 ἐτῶν
950 3765 1016 3819 υ’,
1068 3756 1248 3827 εὕροις
1280 3755 1344 3808 ἂν
1373 3754 1517 3808 κατὰ
1549 3755 1644 3824 μὲν

145 3845 365 3919 Ἐϐραίους
396 3853 648 3916 Μωῦσέα,
686 3851 824 3904 κατὰ
868 3850 924 3903 δὲ
952 3849 1217 3920 ’Έλληνας
1261 3848 1520 3919 Κέκροπα
1555 3847 1644 3899 τὸν

137 3943 309 4010 γηγενῆ.
337 3942 624 4012 Κατώτερα
661 3943 715 3995 δὲ
749 3941 855 3995 τῶν
885 3941 1167 4011 Κέκροπος
1203 3940 1490 4008 ἱστορεῖται
1517 3938 1645 4007 χρό-

137 4039 212 4075 νων
233 4026 288 4078 τὰ
306 4029 422 4098 παρ’
447 4030 667 4101 Ἕλλησι
693 4027 1099 4099 θαυμαζόμενα.
1139 4028 1348 4079 Γίνεται
1370 4027 1478 4097 γάρ
1509 4028 1646 4096 μετὰ

112 4101 339 4187 ’Κέκροπα
379 4121 404 4171 ὁ
446 4120 585 4173 κατὰ
633 4121 976 4174 Δευκαλίωνα
1029 4120 1429 4192 κατακλυσμὸς,
1484 4121 1575 4173 καὶ
1611 4123 1644 4191 ή

135 4204 202 4257 ἐπὶ
235 4210 495 4275 Φαέθοντος
543 4213 882 4284 ἐκπύρωσις,
922 4213 1248 4284 Ἐριχθονίου
1300 4231 1357 4266 τε
1411 4213 1641 4283 γένεσις,

136 4297 272 4369 Κόρης
295 4321 346 4355 τε
391 4305 623 4376 ἁρπαγὴ,
668 4306 761 4358 καὶ
805 4306 1089 4376 Δήμητρος
1131 4308 1422 4379 μυστήρια,
1466 4307 1645 4359 Ἐλευ-

139 4391 272 4443 σινίων
302 4394 512 4465 ἵδρυσις,
544 4396 914 4467 Τριπτολέμου
951 4399 1212 4467 γεωργία,
1249 4397 1515 4470 Εὐρώπης
1540 4399 1644 4452 ὑπὸ

1671 3167 1721 3230 C

1752 1911 2104 1969 Hebrazorum
2137 1913 2370 1968 historia
2402 1913 2575 1982 liquet
2612 1932 2624 1968 :
2662 1914 2706 1968 si
2733 1914 2960 1984 gradum
2996 1915 3160 1970 etiam
3203 1915 3329 1970 inde

1748 2014 1895 2060 retro
1917 2003 2123 2069 ﬂectas,
2153 2008 2222 2059 ab
2242 2021 2388 2060 anno
2422 2006 2568 2060 Darii
2594 2008 2834 2062 secundo
2866 2008 2932 2062 ad
2965 2008 3199 2077 primam
3236 2025 3329 2064 us-

1747 2113 1856 2168 que
1879 2096 2257 2169 Olympiadem
2290 2099 2420 2152 anni
2458 2101 2698 2154 conlient
2729 2115 2923 2154 omnes
2960 2101 3329 2170 quinquagin-

1749 2197 1804 2243 ta
1848 2204 1942 2244 sex
1968 2205 2134 2258 supra
2161 2189 2447 2252 ducentos,
2485 2190 2823 2260 olympiades
2849 2205 2982 2245 vero
3016 2201 3252 2261 quatuor
3274 2200 3331 2245 et

1748 2279 2028 2350 sexaginta
2051 2297 2064 2334 ι
2091 2290 2223 2349 quot
2245 2280 2404 2350 plane
2421 2281 2489 2334 ab
2518 2283 2713 2336 ultimo
2741 2283 2914 2338 excisi
2941 2284 3128 2353 templi
3161 2299 3328 2349 anno,

1748 2373 1816 2427 ad
1846 2371 1990 2427 Osia:
2012 2371 2328 2426 Judaeorum
2373 2375 2519 2444 regis
2563 2375 3082 2446 quinquagesimum
3138 2393 3331 2432 nume-

1749 2472 2110 2533 rantur;quo
2160 2472 2402 2533 tempore
2450 2463 2618 2536 484
2663 2464 2856 2532 Isaias,
2886 2466 3078 2534 Oscas,
3127 2469 3330 2538 alitque

1749 2559 2035 2612 amborum
2061 2559 2297 2628 aequales
2345 2561 2622 2630 prOpheta:
2651 2559 2987 2615 claruerunt.
3024 2561 3099 2615 Ita
3149 2563 3329 2632 prima

1759 2648 2073 2703 Graecorum
2100 2650 2369 2719 Olympias
2391 2665 2516 2703 cum
2546 2651 2684 2705 Isaia
2717 2662 2771 2706 et
2813 2653 2986 2722 ipsius
3024 2655 3328 2723 :cqualibus

1749 2743 2021 2810 congruit.
2056 2741 2266 2797 Rursus
2305 2743 2398 2812 qui
2431 2743 2497 2796 ad
2544 2745 2830 2812 superiora
2860 2757 3103 2816 tempora
3135 2763 3327 2802 recur-

1756 2847 1876 2886 rere
1939 2832 2186 2895 voluerit,
2223 2833 2269 2886 is
2316 2831 2384 2886 ab
2425 2832 2732 2902 Olympiade
2766 2834 2940 2902 prima
2987 2835 3055 2890 ad
3112 2847 3327 2906 captam

1749 2938 1925 2992 usque
1949 2923 2188 2992 Trojam,
2221 2941 2490 2980 annorum
2521 2942 2792 2980 summam
2818 2927 3069 2982 conﬁciet
3089 2937 3214 2984 octo
3236 2946 3330 2986 su-

1749 3031 1845 3085 pra
1902 3017 2369 3086 quadringentos,
2422 3033 2582 3087 quem
2612 3033 2900 3072 numerum
2952 3019 3328 3092 chronologici

1751 3107 2064 3162 Grmcorum
2108 3110 2486 3167 commentarii
2514 3100 2924 3178 repraesentant.
2963 3109 3229 3166 Similiter
3259 3129 3322 3167 a-

1752 3200 1859 3268 pttd
1897 3199 2175 3268 llehrrros,
2218 3202 2286 3256 ab
2319 3201 2459 3256 Osia:
2493 3200 2804 3256 Judaaorum
2863 3202 3005 3273 regis
3055 3204 3323 3274 quinqua-

1750 3295 1978 3362 gesimo,
2014 3295 2058 3349 si
2105 3296 2330 3366 gradum
2369 3295 2436 3350 ad
2490 3294 2764 3352 Lahdonis
2809 3294 3017 3352 Hebraei
3046 3301 3328 3368 quondam

1745 3386 1947 3456 judicis
1981 3389 2200 3442 tertium
2228 3387 2442 3452 feceris,
2473 3390 2735 3458 aequalem
2755 3406 3023 3445 annorum
3064 3392 3327 3461 quadrin-

1749 3481 2035 3547 gentorum
2063 3488 2117 3533 et
2142 3491 2262 3535 octo
2301 3494 2591 3534 numerum
2627 3481 2866 3552 colliges.
2897 3483 3073 3552 Atque
3104 3483 3176 3537 ita
3225 3485 3331 3539 sub

1749 3569 2026 3626 Lahdonis
2062 3572 2266 3641 judicis
2303 3583 2546 3642 tempora
2593 3571 2746 3626 Ilium
2782 3574 2963 3640 fuerit,
2993 3586 3197 3646 septem
3230 3592 3329 3631 an-

1750 3663 1836 3717 nis
1861 3674 2154 3734 antequam
2187 3665 2418 3719 Samson
2449 3664 2690 3720 Hebraeis
2723 3668 3032 3736 imperaret,
3060 3686 3220 3740 quem
3256 3675 3331 3724 vi-
3357 3647 3364 3658 ⁸

1747 3755 1898 3809 ribus
1923 3759 2168 3825 corporis
2203 3757 2334 3810 nihil
2357 3773 2462 3811 non
2481 3773 2794 3825 superasse,
2815 3760 3060 3830 adeoque
3077 3763 3326 3817 omnium

1748 3863 1842 3902 ore
1891 3848 2096 3917 jactato
2137 3848 2451 3903 Grzecorum
2513 3850 2732 3906 Herculi
2775 3853 3106 3921 persimilem
3155 3854 3328 3912 fuisse

1748 3940 1990 3993 tradunt.
2045 3940 2250 4006 Quodsi
2274 3942 2340 3994 ab
2374 3943 2464 3996 illo
2489 3951 2750 4013 tempore,
2777 3961 2950 4000 annos
2969 3963 3162 4003 rursus
3189 3965 3328 4019 qua-

1747 4031 2058 4100 dringentos
2083 4049 2298 4087 sursum
2331 4037 3167 4111 versusnumeraveris,Moysem
3185 4043 3328 4111 apud

1752 4120 2024 4190 llehrzeos,
2055 4125 2195 4194 apud
2230 4124 2449 4180 Graecos
2476 4127 2773 4198 Cecropem
2807 4130 2960 4184 illum
2997 4131 3324 4202 terrigenam

1747 4217 1985 4286 reperies
2020 4233 2032 4270 :
2068 4234 2176 4287 quo
2215 4221 2433 4288 quidem
2467 4221 2768 4276 recentiora
2796 4239 2936 4288 esse,
2982 4239 3326 4294 quaecunque

1748 4309 1920 4365 Graeci
1942 4321 2226 4381 tantopere
2256 4313 2556 4377 celebrant,
2587 4330 2750 4370 nemo
2781 4333 2890 4372 non
2933 4315 3151 4372 fatetur.
3186 4316 3323 4372 Nam

1748 4413 1869 4474 post
1901 4405 2079 4470 illum,
2117 4404 2467 4460 Deucalionis
2516 4407 2808 4474 diluvium,
2847 4407 3200 4466 Phaethontis
3242 4411 3329 4464 in-

138 4479 222 4544 At’»;
246 4485 461 4558 ἁρπαγὴ,
504 4489 831 4552 Ἀπόλλωνος
866 4490 1095 4558 γένεσις,
1141 4491 1362 4561 Κάδμου
1411 4491 1500 4544 ἐπὶ
1533 4491 1641 4563 Θή-

1748 4499 2022 4561 ccudium,
2048 4509 2200 4554 ortus
2221 4497 2582 4566 Erichthonii,
2612 4500 2954 4571 Proserpina:
2981 4511 3192 4573 raptus,
3214 4519 3328 4574 my-

137 4569 209 4635 εις
227 4582 478 4648 παρουσία,
501 4585 591 4636 καὶ
617 4583 696 4636 ἔτι
733 4583 934 4635 τούτων
961 4582 1213 4655 νεώτεροι
1248 4584 1515 4648 Διόνυσος,
1538 4585 1642 4638 Μία

137 4679 228 4729 νως,
261 4671 499 4744 Περσεὺς,
559 4676 911 4747 Ἀσκληπιὸς,
961 4676 1307 4748 Διόσκουροι,
1344 4677 1634 4748 Ἡρακλῆς.

138 4755 301 4814 Τούτων
322 4763 360 4816 δ’
383 4767 624 4821 ἁπάντων
666 4767 1033 4839 πρεσϐύτερος
1062 4768 1299 4837 γεγονὼς
1330 4772 1640 4824 συνίσταται

139 4848 338 4924 Μωῦσῆς,
364 4855 434 4920 ὡς
467 4859 529 4912 ἂν
555 4860 690 4913 κατὰ
715 4860 974 4932 Κέκροπα
997 4861 1094 4932 τὴν
1121 4861 1336 4930 ήλικίαν
1363 4863 1638 4933 ἀκμάσας.

146 4940 244 4995 Ἀπὸ
269 4946 313 4998 δὲ
345 4951 603 5017 Μωῦσέως
639 4953 799 5006 πάλιν
827 4952 988 5006 ἀνιὼν
1027 4953 1119 5005 ἐπὶ
1172 4954 1232 5006 τὸ
1277 4955 1491 5025 πρῶτον
1525 4955 1641 5019 ἔτος

140 5029 246 5104 ζωῆς
268 5039 512 5112 Ἀϐραάμ,
539 5046 784 5118 εὑρήσεις
806 5044 899 5114 ἔτη
940 5051 1039 5113 cpe“
1065 5044 1303 5098 τοσαῦτα
1337 5045 1391 5098 δὲ
1414 5046 1520 5100 ἀπὸ
1543 5047 1638 5100 τοῦ

140 5125 403 5197 δηλωθέντκ
451 5135 594 5201 ἔτους
631 5141 730 5209 τῆς
766 5137 1048 5208 Κέκροπος
1095 5138 1371 5208 βασιλείας
1406 5140 1636 5210 (58-59),

140 5219 205 5270 τδν
252 5226 477 5298 ἀνωτέρω
529 5233 708 5302 χρόνον
769 5231 1278 5302 ἀπαριθμούμενος,
1327 5233 1418 5285 ἐπὶ
1481 5235 1639 5286 Νῖνον

140 5311 252 5378 ἣξεις
287 5320 362 5371 τὸν
398 5323 672 5395 Ασσύριον,
718 5326 774 5379 ὃν
820 5326 1034 5398 πρῶτόν
1078 5343 1239 5395 φασιν
1281 5327 1496 5397 ἁπάσης
1541 5331 1639 5398 τῆς

151 5398 292 5467 ’Ᾱτῖας
323 5410 444 5482 πλὴν
471 5415 635 5468 Ἰνδῶν
678 5416 1076 5486 κεκρατηκέναι
1103 5433 1114 5445 ο
1144 5411 1207 5470 οῦ
1244 5417 1401 5478 Νῖνος
1432 5416 1640 5469 ἐπώνυ-

145 5507 216 5557 μῦς
233 5498 421 5574 tangi;
445 5506 619 5558 Νινευῒ
644 5511 773 5578 παρ’
800 5508 1068 5578 Ἑϐραίοις
1087 5509 1421 5578 ὠνόμασται,
1442 5509 1564 5561 καθ’
1579 5509 1638 5562 ὃν

147 5583 435 5666 Ζωροάστρης
461 5601 488 5652 ὁ
516 5601 692 5667 Μάγος
721 5601 1001 5672 Βακτρίων
1030 5601 1364 5655 ἐϐασίλευσε.
1398 5603 1558 5655 Νίνου
1582 5601 1637 5654 δὲ

1751 4591 1914 4645 steria
1963 4591 2202 4658 Cereris,
2235 4590 2636 4648 Eleusiniorum
2674 4593 2964 4658 institutio,
3007 4593 3324 4664 Triptolemi

1752 4680 2342 4751 agriculturaﬁuropze
2365 4681 2433 4735 ab
2452 4680 2585 4736 Jove
2606 4684 3020 4753 raptus,natalis
3036 4683 3323 4752 Apollinis,

1750 4769 1937 4824 Cadmi
1971 4772 2114 4840 apud
2143 4771 2432 4829 Thebanos
2459 4772 2745 4837 adventus,
2779 4784 2940 4843 atque
2975 4773 3042 4827 iis
3065 4775 3326 4828 omnibus

1742 4863 1986 4931 juniores
2005 4862 2271 4926 Bacchus,
2295 4863 2490 4930 Minos,
2517 4862 2768 4931 Perseus,
2800 4865 3170 4933 Aisculapius,
3197 4866 3304 4919 Cas

1750 4966 1855 5020 tor,
1897 4969 1949 5009 et
1980 4954 2196 5020 Pollux,
2232 4963 2286 5010 et
2310 4953 2570 5011 Hercules
2610 4958 2886 5012 exstitere.
2919 4954 3066 5021 Quos
3096 4957 3324 5025 proinde

1748 5047 1982 5119 Moyses,
2039 5063 2164 5102 cum
2221 5049 2480 5118 Cecropis
2524 5058 2766 5118 tempore
2817 5046 3098 5110 ﬂoruerit,
3166 5055 3324 5100 aetate

1747 5156 1936 5194 omnes
1962 5141 2201 5195 antcivit.
2226 5140 2394 5195 Porro
2411 5140 2455 5195 si
2475 5141 2542 5194 ab
2565 5140 2752 5194 eodem
2780 5137 2961 5208 Moyse
2983 5137 3048 5191 ad
3083 5136 3332 5222 primum

1751 5249 1923 5303 usque
1944 5234 2242 5289 Ahrahami
2275 5236 2398 5288 vitae
2429 5247 2632 5287 annum
2686 5231 3018 5290 recurreris,
3049 5244 3320 5283 summam

1748 5325 1969 5396 colliges
1995 5341 2264 5380 annorum
2290 5326 2534 5396 quinque
2557 5339 2718 5391 supra
2759 5323 3116 5391 quingentos;
3159 5319 3321 5374 item-

1745 5435 1872 5489 que,
1903 5419 2126 5473 totidem
2160 5419 2227 5473 ab
2256 5419 2346 5472 illo
2371 5415 2630 5485 CecrOpis
2667 5414 2817 5482 regni
2851 5428 2993 5468 anno
3033 5411 3317 5481 superiora

1747 5527 1938 5565 versus
1966 5520 2209 5580 tempora
2243 5506 2563 5568 numeratis,
2588 5503 2654 5558 ad
2672 5502 2869 5557 Ninum
2889 5502 3173 5574 Assyrium
3199 5518 3296 5571 per

1745 5605 1953 5662 venies.
1977 5618 2139 5671 quem
2171 5601 2414 5658 omnium
2453 5596 2750 5681 principem
2776 5602 2888 5649 tota
2920 5595 3125 5681 passim
3151 5595 3286 5682 ῥεῖα

201 5817 368 5888 (ὃὸ-39)
403 5830 718 5898 Βασιλείας.
755 5835 1071 5890 Addcndum
1105 5834 1224 5899 ἐπί,
1263 5833 1340 5888 vel
1375 5835 1472 5898 εἰς,
1517 5845 1639 5890 ante

1748 5851 1768 5885 ν
1792 5832 1932 5885 ἀνωτ
