3840 6370
487 299 595 356 807

1165 293 1432 352 EUSEBH
1473 294 1953 351 CASSARIENSIS
1983 293 2132 350 OPP.
2175 290 2356 349 PARS
2383 293 2446 347 ll.
2478 323 2549 333 —
2573 291 3076 350 APOLOGETICA.

3627 296 3714 355 808

486 418 532 474 si
566 430 745 472 tamen
776 412 940 470 Indus
980 411 1243 483 excipias,
1276 412 1614 467 dominatum
1646 425 1767 467 esse
1812 411 2038 467 tradunt.

2154 410 2310 481 γυνὴ,
2328 426 2421 463 και
2440 409 2682 480 διάδοχος
2707 412 2808 479 τῆς
2827 407 3121 480 βασιλείας,
3136 409 3447 483 Σεμίραμις
3460 426 3481 447 ν
3507 409 3631 466 ὥστ’
3650 410 3709 467 εἷ.

484 506 691 562 Nomen
723 506 791 560 ab
821 520 887 560 eo
913 503 1085 557 Ninus
1112 502 1325 564 civitas,
1362 515 1526 570 quam
1558 498 1792 554 Niniven
1838 497 2052 552 Hebraei

483 610 701 666 vocant,
725 597 951 666 accepit,
980 594 1335 664 ejusdemque
1358 594 1698 663 temporibus
1726 592 2051 647 Zoroastres

485 691 574 744 ille
591 705 781 759 magus
812 682 1115 742 Bactrianis
1148 685 1473 754 imperabat.
1505 682 1628 736 Nini
1652 698 1790 736 uxor
1809 682 2049 737 Semira-

483 783 587 836 mis
640 779 813 836 eidem
875 776 1139 832 successit
1178 775 1233 829 in
1288 789 1558 845 regnum:
1603 788 1837 843 quorum
1892 782 2052 827 aetate

481 873 709 939 proinde
755 870 1129 924 Abrahamum
1157 869 1362 922 vixisse
1407 866 1665 936 oportuit.
1698 864 1899 920 Verum
1937 866 2053 921 haec

481 981 509 1018 a
536 964 690 1017 nobis
730 962 915 1015 omnia
954 961 1116 1015 certis
1168 960 1507 1031 argumentis
1552 960 1606 1013 in
1656 958 2052 1028 Chronologicis

480 1055 682 1109 nostris
728 1052 1017 1107 canonibus
1062 1051 1308 1107 confecta
1344 1051 1603 1120 reperies.
1638 1048 1794 1104 Nunc
1830 1050 2049 1120 quidem

478 1146 864 1200 conﬁrmandae
892 1144 1094 1215 Moysis
1124 1144 1455 1212 antiquitati,
1488 1144 1554 1197 ad
1587 1144 1873 1212 superiora
1929 1142 2045 1208 illa,

479 1252 647 1290 unum
674 1237 916 1291 hominis
941 1238 1098 1305 longe
1123 1252 1246 1290 cum
1272 1234 1531 1301 Hebraeis,
1552 1244 1668 1288 tum
1696 1235 1860 1289 etiam
1888 1235 2048 1290 nobis

479 1330 867 1392 inimicissimi,
900 1340 1064 1398 atque
1100 1327 1456 1381 infensissimi
1500 1326 1874 1382 testimonium
1920 1326 2048 1381 libet

477 1419 640 1491 485
672 1410 967 1491 adiungere
995 1439 1008 1475 :
1045 1420 1429 1491 philosophum
1462 1419 1613 1473 illum
1644 1420 1906 1489 aequalem
1945 1433 2049 1471 no-

479 1524 650 1566 strum
694 1513 954 1584 intelligo,
986 1514 1078 1583 qui
1111 1529 1177 1567 eo
1221 1513 1272 1565 in
1310 1526 1492 1580 opere,
1547 1510 1692 1580 quod
1743 1522 1961 1565 nostros
1995 1510 2050 1563 in

480 1605 728 1659 homines
762 1605 839 1660 vis
867 1606 985 1674 ejus
1022 1605 1129 1657 odii
1167 1603 1590 1675 magnitudoque
1628 1601 1888 1672 vulgavit,
1937 1616 2047 1655 non

478 1695 640 1749 modo
699 1710 839 1758 nos,
880 1696 972 1749 sed
1014 1694 1270 1749 Hebraeos
1314 1693 1479 1748 etiam
1529 1694 1696 1762 ipsos,
1742 1705 1950 1746 necnon
1997 1703 2051 1745 et

2160 518 2246 554 ναι
2278 501 2367 554 τὸν
2411 500 2662 573 ’Δὸραὰμ
2688 501 2827 554 κατὰ
2857 499 3100 564 τούτους.
3126 500 3313 555 Ταῦτα
3352 502 3454 574 μὲν
3480 498 3573 556 οὖν
3604 505 3716 557 ﬁm-

2160 593 2443 657 δεικτικῶς
2463 597 2520 647 ὲν
2535 596 2644 658 τοῖς
2665 593 2973 664 πονηθεῖσιν
2997 597 3126 667 ⁴ἡμῖν
3146 594 3459 662 Χρονικοῖς
3484 597 3716 651 κανόσιν

2160 682 2330 748 οὕτως
2371 683 2561 754 ἔχοντα
2602 685 2849 758 συνέστη.
2888 687 3010 740 Ἐπὶ
3051 687 3109 739 δὲ
3161 687 3254 740 τού
3298 687 3567 759 παρόντος
3602 688 3716 759 πρὸς

2160 774 2275 842 τοῖς
2298 778 2603 850 εἰρημένοις
2650 778 2884 851 μάρτυρι
2924 782 3025 851 τῆς
3066 780 3716 853 Μωῦσέωςμρχαιάτητος

2155 872 2428 942 χρήσομαι
2453 869 2531 941 τῷ
2553 870 2766 924 πάντων
2787 870 3199 942 δυσμενεστάτῳ
3222 872 3319 926 κα)⁸
3340 872 3715 946 πολεμιωτάτῳ

2165 965 2426 1036 Ἑϐραίων
2455 983 2515 1019 τε
2548 965 2642 1019 καὶ
2671 965 2847 1037 ἡμῶν,
2881 967 3023 1037 φημὶ
3051 966 3108 1020 δὲ
3134 966 3214 1038 τῷ
3246 967 3369 1021 καθ’
3394 970 3544 1039 ἡμᾶς
3586 967 3713 1038 φιλο-

2156 1055 2334 1124 σόφῳ,
2372 1054 2432 1118 ὃς
2456 1055 2555 1127 τὴν
2578 1056 2701 1108 καθ’
2739 1056 2895 1128 ἡμῶν
2923 1058 3190 1129 συσκευὴν
3226 1058 3500 1130 ύπερόολῇ
3545 1058 3713 1130 μίσους

2154 1144 2426 1217 προϐεϐλη
2435 1144 2611 1216 μένος,
2635 1147 2696 1199 οὐ
2722 1146 2914 1217 μόνους
2933 1148 3102 1218 ἡμᾶς,
3128 1147 3265 1201 ἀλλὰ
3288 1150 3384 1202 καὶ
3424 1149 3710 1220 Ἐϐραίους,

2154 1236 2318 1289 αὐτόν
2338 1254 2397 1289 τε
2425 1236 2661 1290 Μωῦσέα
2690 1237 2783 1290 κα)⁸
2808 1239 2934 1302 τοὺς
2967 1240 3082 1309 μετ’
3113 1239 3275 1293 αὑτὸν
3300 1241 3590 1311 πῳφήτας
3612 1242 3713 1303 ταῖς

2155 1328 2299 1392 ίσαις
2355 1329 2668 1398 ὑπηγάγετο
2724 1329 3077 1401 δυσφημίαις.
3140 1330 3238 1384 Διὰ
3298 1330 3408 1402 γάρ
3463 1331 3564 1401 τῆς
3621 1330 3711 1385 τῶν

2150 1421 2360 1492 ἐχθρῶν
2396 1420 2679 1492 ὁμολογίας
2710 1422 3141 1494 άναμφηρίστως
3164 1420 3403 1493 ἠγοῦμαι
3434 1422 3534 1493 τὴν
3561 1424 3712 1492 ἐπαγ-

2150 1513 2337 1581 γελίαν
2383 1510 2782 1567 πιστώσασθαι.
2815 1513 3016 1584 Γράφει
3050 1513 3228 1567 τοίνυν
3261 1514 3320 1566 ὲν
3366 1513 3446 1583 τῷ
3488 1514 3712 1585 τετάρτῳ

2150 1598 2249 1669 τῆς
2271 1599 2393 1653 καθ’
2422 1600 2578 1671 ἡμῶν
2605 1598 2872 1671 ωσκευῆς
2899 1602 2929 1653 6
2957 1599 3263 1672 Πορφύριος
3285 1602 3526 1673 ῥήμασιν
3545 1604 3711 1666 αὺτοῖς

2150 1691 2308 1744 τάδε·
2351 1710 2372 1744 ι
2403 1691 2628 1764 Ἱστορεῖ
2671 1692 2730 1745 δὲ
2766 1692 2833 1746 τὰ
2873 1692 3001 1763 περὶ
3044 1693 3312 1747 Ἰουδαίων
3343 1694 3709 1761 ἀληθέστατα.

477 1784 741 1855 Moysem,
776 1787 1184 1855 prophetasque
1225 1792 1351 1853 post
1395 1784 1543 1837 illum
1578 1792 1825 1848 caeteros,
1857 1780 2038 1836 iisdem

2151 1781 2231 1834 ὅτι
2260 1779 2372 1851 (60)
2401 1761 2632 1845 καὶτοῖς
2661 1782 2846 1846 τόποις
2876 1761 2972 1835 κα).
3003 1784 3115 1846 τοῖς
3146 1784 3405 1854 ὀνόμασιν
3438 1784 3612 1838 αὐτῶν
3646 1786 3711 1839 τὰ

477 1875 824 1928 contumeliis
856 1874 1121 1927 oneravit.
1151 1870 1283 1925 Nam
1314 1871 1388 1924 ita
1418 1870 1636 1923 demum
1666 1874 1982 1936 susceptum
2011 1881 2043 1920 a

478 1967 639 2021 nobis
664 1973 1069 2035 argumentum,
1096 1965 1210 2033 ipsa
1251 1962 1488 2015 hostium
1514 1957 1857 2013 confessione
1882 1966 2049 2012 testa-

480 2069 615 2123 tum,
676 2058 814 2113 nihil
868 2057 1125 2126 cuiquam
1177 2053 1533 2108 dubitationis
1578 2052 1896 2106 relicturum
1928 2065 2048 2105 esse

473 2153 711 2205 conﬁdo.
754 2147 1092 2218 Porphyrius
1123 2147 1288 2214 igitur
1317 2144 1456 2197 libro
1503 2142 1589 2197 sui
1632 2142 1921 2196 adversum
1950 2155 2049 2196 nos

473 2242 659 2311 aperis
682 2249 902 2309 quarto,
934 2239 1081 2292 hunc
1113 2238 1165 2290 in
1194 2236 1439 2298 modum,
1465 2232 1644 2288 verbis
1669 2233 1893 2286 omnino
1922 2232 2050 2286 toti-

476 2336 596 2387 dem
627 2332 867 2402 loquitur
899 2350 911 2386 :
949 2348 969 2380 ι
1008 2328 1179 2383 Ροι·ιό
1205 2329 1257 2381 ἱιι
1289 2328 1597 2392 scribenda,
1634 2325 1829 2395 inquit,
1853 2338 2038 2379 rerum

473 2425 825 2479 Iudaicarum
882 2421 1130 2484 historia,
1197 2417 1439 2472 veritatis
1495 2415 1907 2476 amantissimus
1965 2423 2050 2468 est

476 2513 887 2574 Sanchoniatho
926 2512 1016 2565 ille
1042 2509 1311 2580 Berytius,
1347 2508 1548 2577 quippe
1577 2506 1671 2575 qui
1709 2514 2047 2560 commenta-

475 2610 588 2662 rios
624 2622 747 2661 cum
777 2620 967 2659 eorum
1007 2603 1121 2655 sive
1151 2600 1286 2654 locis
1330 2600 1443 2653 sive
1470 2598 1786 2653 nominibus
1812 2597 2049 2650 maxime

476 2704 858 2767 congruentes,
892 2693 962 2746 ab
999 2689 1344 2744 Hierombalo
1371 2686 1593 2741 Jevonis
1640 2686 1726 2741 dei
1765 2685 2049 2740 sacerdote

475 2786 746 2855 acceperit
771 2802 784 2837 :
810 2782 904 2852 qui
928 2795 1082 2835 suam
1106 2778 1393 2833 historiam
1422 2776 1684 2830 Abelbalo
1706 2774 2044 2845 Berytiorum

477 2879 587 2947 regi
619 2883 1010 2945 nuncupatam,
1048 2888 1170 2927 cum
1200 2870 1275 2925 illi
1304 2869 1428 2939 ipsi,
1465 2879 1578 2923 tom
1606 2868 1673 2922 iis
1709 2866 1895 2931 etiam,
1930 2866 2048 2935 qui-

2150 1889 2213 1924 συ
2221 1872 2544 1943 μφωνότατα
2563 1873 2961 1943 Σαγχωνιάθων
2986 1875 3014 1927 6
3044 1875 3120 1946 Βη
3130 1875 3331 1948 ρύτιος,
3354 1876 3622 1948 είληφὼςι
3648 1878 3710 1932 τὰ

2147 1962 2515 2033 ὑπομνήματα
2536 1964 2687 2034 παρὰ
2717 1965 3065 2038 Ίερομὸάλου
3081 1967 3175 2020 τοῦ
3196 1968 3385 2041 ἱερέως
3402 1968 3527 2022 θεοῦ
3554 1970 3708 2037 Ίευὼ,

2148 2052 2227 2117 ὃς,
2246 2053 2548 2126 ’Λϐελϐαλῷ
2570 2054 2679 2125 (61)
2697 2056 2774 2127 τῷ
2805 2056 3015 2127 βασιλεῖ
3037 2056 3319 2129 Βηρυτίων
3349 2060 3451 2133 τὴν
3488 2062 3707 2133 ἱστορίαν

2147 2145 2364 2210 ἀναθεὶς
2385 2184 2399 2210 ,
2434 2146 2525 2200 ὑπ’
2559 2146 2768 2200 ἐκείνου
2810 2148 2905 2202 καὶ
2937 2147 3045 2201 τῶν
3079 2152 3199 2203 κατ’
3228 2151 3392 2205 αὐτὸν
3425 2150 3708 2218 ἐξεταστῶν

2146 2237 2246 2309 τῆς
2295 2236 2552 2308 ἀληθείας
2585 2236 2912 2310 παρεδέχθη.
2952 2240 3016 2293 Oi
3048 2240 3106 2294 δὲ
3150 2241 3357 2296 τούτων
3402 2243 3582 2314 χρόνοι
3620 2243 3707 2296 καὶ

2148 2328 2256 2399 πρὸ
2282 2328 2389 2382 τῶν
2420 2328 2679 2399 Τρωῖκῶν
2714 2330 2974 2384 πίπτουσι
3004 2332 3231 2402 χρόνων,
3267 2335 3361 2387 καὶ
3397 2334 3581 2404 σχεδὸν
3606 2337 3705 2397 τοῖς

2146 2421 2423 2483 Μωΰσέως
2453 2418 2858 2492 πλησιάζουσιν,
2875 2423 2952 2486 ὡς
2974 2426 3028 2477 αί
3057 2423 3165 2477 τῶν
3184 2425 3436 2497 Φοινίκης
3462 2424 3705 2497 βασιλέων

2146 2512 2385 2586 διαδοχαὶ
2422 2514 2703 2586 μηνύουσι.
2736 2515 3132 2587 Σαγχωνιάθων
3160 2517 3237 2582 δὲ,
3270 2519 3299 2571 ό
3325 2518 3470 2572 κατὰ
3492 2519 3587 2590 τὴν
3608 2519 3703 2572 τῶν

2145 2603 2401 2658 Φοινίκων
2455 2604 2731 2658 διάλεκτον
2770 2604 3082 2678 φιλαληθῶς
3124 2608 3305 2661 πᾶσαν
3343 2607 3445 2679 τὴν
3489 2607 3703 2661 παλαιὰν

2150 2695 2387 2767 ἱστορίαν
2418 2697 2481 2749 ὲκ
2514 2696 2621 2749 τῶν
2658 2697 2801 2750 κατὰ
2849 2697 3001 2751 πόλιν
3036 2699 3443 2770 ὑπομνημάτων
3479 2700 3574 2753 καὶ
3612 2699 3703 2752 τῶν

2146 2788 2204 2839 ὲν
2224 2788 2335 2850 τοῖς
2356 2788 2520 2857 ἱεροῖς
2542 2787 2871 2859 ἀναγραφῶν
2902 2789 3222 2859 συναγαγὼν
3250 2792 3343 2844 καὶ
3374 2791 3702 2862 συγγράψας,

2145 2878 2237 2931 ἐπὶ
2310 2877 2670 2949 Σεμιράμεως
2735 2879 2924 2947 γέγονε
2975 2880 3077 2949 τῆς
3138 2881 3440 2953 Ἀσσυρίων
3511 2881 3699 2951 βασιλί·

478 2972 578 3023 bus
610 2969 662 3021 in
691 2965 1023 3034 explorando
1081 2977 1210 3017 vero
1274 2958 1603 3015 consiliariis
1632 2968 1795 3026 atque
1824 2958 2038 3012 arbitris

2145 2969 2231 3034 δος
2265 2969 2399 3042 (62).
2429 2989 2448 3022 ι
2478 2971 2662 3024 Ταῦτα
2688 2970 2719 3023 6
2742 2970 3066 3043 Πορφύριος.
3100 2972 3191 3025 Δεῖ
3213 2972 3276 3043 δὴ
3304 2972 3698 3042 συλλογίσασθαι

477 3060 751 3123 utebatur,
784 3055 1048 3126 probavit.
1079 3053 1323 3119 Quorum
1349 3066 1480 3106 sane
1517 3060 1759 3118 tempora
1793 3047 2038 3119 Trojanis

2146 3063 2215 3117 τὰ
2259 3063 2595 3135 προκείμενα
2626 3056 2731 3116 ὧδέ
2763 3078 2913 3127 πως..
2934 3064 3106 3135 Είπερ
3136 3064 3165 3116 6
3196 3065 3592 3135 Σαγχωνιάθων
3622 3064 3698 3117 ἐπὶ

473 3154 638 3205 etiam
669 3151 774 3204 illis
798 3148 1107 3218 antiquiora
1142 3157 1289 3209 sunt,
1328 3158 1632 3213 parumque
1683 3141 1977 3195 admodum
2007 3158 2038 3195 a

2146 3152 2503 3223 Σεμιράμεως
2556 3151 2816 3220 γέγονεν,
2865 3152 2900 3222 ἡ
2962 3151 3019 3204 δὲ
3078 3150 3273 3223 μακρῷ
3320 3151 3559 3221 πρόσθεν
3606 3150 3696 3204 τῶν

473 3243 675 3315 Moysis
701 3250 859 3296 atate
885 3239 1249 3308 disjuncta,ut
1270 3251 1334 3290 ex
1359 3233 1653 3288 Phoenicia:
1681 3232 1887 3304 Regum
1917 3249 2043 3288 suc-

473 3334 719 3389 cessione
771 3329 1139 3399 cognoscitur.
1194 3325 1339 3381 idem
1390 3334 1570 3379 autem
1608 3324 2039 3393 Sanchoniatho,

474 3426 567 3495 qui
601 3425 909 3478 universam
960 3420 1265 3482 historiam,
1300 3434 1424 3472 cum
1480 3434 1546 3473 ex
1601 3420 1832 3488 publicis
1864 3420 2040 3484 urbis,

475 3529 588 3573 tum
615 3533 645 3573 e
679 3516 851 3571 sacris
882 3514 1080 3569 tabulis
1102 3514 1377 3574 haustam,
1406 3527 1622 3567 summo
1649 3528 1771 3567 cum
1796 3514 2044 3569 veritatis

416 3594 425 3607 ’
473 3609 655 3664 studio
705 3605 986 3662 Phamicia
1030 3605 1214 3673 lingua
1256 3602 1602 3672 conscripsit,
1665 3603 2042 3660 Samiramidis

471 3699 821 3771 Assyriorum
851 3697 1050 3769 reginae
1080 3695 1416 3765 temporibus
1442 3695 1646 3749 ﬂoruit.
1690 3715 1708 3748 ι
1745 3695 1870 3751 ίίςιξο
1908 3695 2043 3751 Por-

471 3793 717 3865 phyrius.
748 3790 825 3844 Ex
852 3791 1052 3861 quibus
1094 3790 1165 3842 ita
1198 3803 1295 3842 nos
1331 3788 1645 3842 ratiocinari
1677 3805 1836 3858 posse
1878 3789 2040 3843 intel—

471 3887 601 3955 ligo.
628 3883 685 3937 Si
717 3870 1126 3936 Sancboniatho
1167 3878 1547 3935 Semiramidis
1576 3881 1913 3950 temporibus
1939 3880 2039 3935 ﬂo-

472 3977 603 4040 ruit,
638 3973 1051 4030 Semiramidem
1101 3988 1230 4026 vero
1288 3971 1461 4027 multo
1513 3981 1639 4026 ante
1670 3970 1907 4040 Trojana
1952 3987 2037 4026 re-

468 4082 670 4138 gnasse
695 4072 933 4131 constat,
957 4063 1147 4119 iisdem
1176 4079 1392 4134 quoque
1419 4064 1678 4118 vetustior
1701 4063 2039 4117 Sanchonia-

467 4157 562 4211 tho
600 4154 785 4219 fuerit,
822 4168 1046 4208 necesse
1083 4160 1184 4206 est.
1229 4152 1392 4221 Atqui
1447 4166 1571 4205 eum
1625 4149 1692 4203 ab
1737 4148 1860 4202 aliis
1914 4162 2034 4202 sese

466 4249 647 4305 adhuc
677 4245 1080 4316 antiquioribus
1137 4243 1561 4300 commentarios
1607 4241 1883 4311 accepisse
1924 4249 2034 4294 tra-

464 4340 620 4403 dunt,
652 4337 743 4407 qui
772 4337 933 4390 etiam
957 4335 1059 4404 ipsi
1092 4333 1294 4406 Moysis
1323 4348 1431 4387 nou
1454 4332 1707 4401 aaquales,
1750 4330 1845 4385 sed
1870 4329 2031 4383 vicini

2142 3243 2399 3318 Τρωῖκῶν
2442 3242 2783 3313 ὁμολογεῖται
2802 3258 2816 3273 °
2852 3240 2939 3313 εἴη
2987 3241 3052 3295 ἂν
3105 3241 3199 3295 καὶ
3248 3243 3277 3294 6
3323 3240 3694 3312 Σαγχωνιάθωι

2140 3337 2250 3392 τῶν
2283 3333 2543 3408 Τρωῖκῶν
2577 3334 2951 3405 παλαιότερος.
2990 3332 3128 3386 Ἀλλ’
3171 3326 3324 3397 οὗτος
3356 3335 3488 3387 παρ’
3516 3334 3694 3405 ἑτέρων

2142 3420 2524 3494 πρεσὸυτέρων
2565 3421 2729 3475 αὑτοῦ
2774 3424 2886 3485 τοῖς
2921 3421 3134 3492 χρόνοις
3180 3420 3459 3493 εἰληφέναι
3501 3423 3692 3491 λέγεται

2140 3514 2207 3566 τὰ
2235 3513 2604 3584 ὑπομνήματα
2626 3528 2640 3542 ·
2672 3514 2722 3564 οἱ
2754 3512 2812 3564 δὲ
2833 3550 2848 3575 ,
2878 3512 2973 3565 κα)⁸
3005 3511 3157 3564 αὐτοὶ
3187 3512 3527 3585 ἀρχαιότεροι
3562 3512 3690 3575 ὄντες

2141 3603 2303 3658 αὐτοῦ
2324 3644 2339 3668 ,
2368 3604 2550 3675 σχεδὸν
2589 3606 2700 3667 τοῖς
2734 3603 3013 3666 Μωῦσέως
3047 3602 3365 3673 πλησιάζειν
3395 3606 3605 3678 χρόνοις
3631 3607 3679 3659 εἰ»

2143 3713 2365 3770 ρηνται,
2398 3697 2517 3748 οὐδὲ
2576 3696 2751 3764 αὐτοὶ,
2776 3695 2918 3749 κατὰ
2961 3697 3197 3750 Μωῦσέα
3230 3696 3540 3767 γενόμενοι,
3575 3699 3687 3752 ἀλλὰ

2141 3786 2324 3856 σχεδὸν
2351 3788 2462 3850 τοῖς
2496 3785 2702 3838 ἐκείνου
2733 3786 2947 3858 χρόνοις
2976 3785 3363 3855 πλησιάζοντες
3382 3804 3396 3817 ο
3418 3786 3494 3849 ὡς
3524 3786 3684 3840 τοσοῦ-

2139 3895 2229 3932 τον
2259 3879 2625 3952 πρεσϐύτερον
2667 3875 2805 3932 εἶναι
2841 3877 2931 3931 τὸν
2980 3876 3215 3931 Μωῦσέα
3257 3876 3351 3931 τοῦ
3399 3879 3682 3950 Σαγχωνιά-

2139 3970 2325 4036 οωνος,
2359 3970 2553 4024 ὁπόσον
2582 3971 2647 4025 ἂν
2674 3966 2825 4034 οὗτος
2855 3970 3108 4041 λείπηται
3138 3969 3248 4023 τῶν
3276 3970 3443 4024 αὐτοῦ
3475 3972 3680 4042 πρεσϐυ-

2137 4061 2328 4132 τέρων,
2357 4062 2406 4114 οἳ
2437 4063 2660 4115 Μωῦσεῖ
2686 4060 3005 4132 πλησιάζειν
3034 4059 3482 4132 ὡμολογήθησαν.
3514 4063 3721 4125 Πόσοιςο

2136 4153 2192 4207 δὲ
2226 4153 2332 4225 ἄρα
2365 4153 2539 4206 ἔτεσιν
2572 4153 2717 4216 εἰκὸς
2753 4148 2820 4224 ἦν
2861 4151 3097 4205 Μωῦσέα
3124 4151 3420 4221 ὑπεράγειν
3449 4154 3571 4217 τοὺς
3606 4154 3680 4222 δη·

2137 4247 2427 4318 λουμένους
2451 4288 2465 4311 ,
2496 4247 2699 4317 ἄπορον
2746 4246 2949 4298 εἰπεῖν’
2997 4244 3185 4315 διόπερ
3222 4242 3380 4298 τοῦτό
3432 4263 3520 4316 μοι
3562 4245 3678 4299 δοκῶ

2138 4340 2423 4410 παρήσειν.
2454 4339 2587 4403 Δοὺς
2614 4338 2670 4392 δὲ
2696 4339 2815 4391 κατ’
2845 4336 3007 4389 αὑτὸν
3041 4339 3245 4391 ἐκεῖνον
3270 4337 3364 4391 τὸν
3396 4339 3675 4410 Σαγχωνιὰ-

467 4438 677 4482 tantum
707 4426 877 4481 fuisse
904 4426 1176 4479 dicuntur.
1205 4423 1461 4493 Sequitur
1493 4436 1623 4487 ergo
1656 4428 1806 4473 tanto
1838 4420 2027 4474 saltem

2145 4428 2281 4483 θωνα
2321 4428 2558 4483 Μωῡσέα
2591 4428 2904 4497 γεγονέναι,
2937 4426 3030 4481 κᾱι
3061 4428 3132 4497 μὴ
3166 4428 3450 4501 πρότερον,
3480 4424 3574 4484 ὦδε
3604 4430 3676 4484 τὸν

465 4518 748 4573 intervallo
779 4517 1307 4571 Sanchoniathonem
1345 4530 1375 4565 a
1399 4511 1547 4564 Mose
1570 4509 1836 4578 superari,
1861 4525 2033 4579 quan-

466 4620 522 4664 to
551 4609 815 4680 posterior
844 4607 950 4661 illis
984 4616 1086 4671 est,
1109 4619 1248 4673 quos
1277 4599 1494 4656 nonnisi
1515 4599 1727 4653 vicinos
1762 4614 1882 4653 esse
1904 4615 2035 4653 con-

465 4702 704 4755 litentur.
737 4698 1027 4761 Caeterum,
1059 4702 1193 4764 quot
1228 4692 1385 4745 annis
1417 4689 1635 4743 eosdem
1685 4697 2032 4758 antegressus

464 4791 875 4863 Moysesl‘uerit,
894 4788 1036 4857 quod
1071 4794 1220 4841 certo
1251 4782 1463 4838 deliniri
1495 4788 1750 4850 nequeat,
1776 4780 2032 4833 omitten-

464 4887 593 4938 dmn
625 4892 821 4938 statuo.
877 4879 1208 4945 Quinetiam,
1239 4874 1511 4928 utdemus
1539 4869 2030 4925 Sauchoniathonis

463 4977 727 5046 aequalem
757 4973 978 5027 omnino
1000 4969 1168 5023 fuisse
1182 4966 1440 5036 Moysem,
1470 4962 1551 5017 sic
1574 4971 1749 5015 tamen
1775 4960 2030 5030 colligere

463 5082 628 5139 atque
658 5082 770 5121 rem
809 5065 1075 5118 coniicere
1100 5061 1279 5114 liceat.
1316 5056 1371 5110 Si
1405 5064 1664 5124 regnante
1712 5051 1765 5104 in
1800 5050 2028 5123 Assyria

534 5204 561 5232 ει
585 5194 672 5245 ἵσ.
694 5189 939 5260 εἱληφεν.

532 5283 643 5355 (60)
697 5283 1140 5352 Ἀνιηθέστατα,
1203 5281 1312 5355 ὅτι.
1374 5278 1600 5355 ⁸Ιῖιιξιιιὶιιε
1645 5281 1872 5355 videtur
1938 5286 2020 5340 ὅτι

459 5350 838 5426 άληθέστατα,
877 5354 1330 5426 quemadmodum
1374 5350 1501 5426 legit
1536 5351 1775 5426 Scaliger
1809 5370 1822 5406 :
1855 5368 2017 5426 quam

460 5419 745 5478 lectionem
783 5429 828 5478 si
864 5419 1174 5493 sequemur,
1200 5419 1793 5493 εἰληφώςξνειίιιοιιιίυῖη
1823 5419 1945 5476 erit.

533 5493 641 5566 (61)
690 5490 1035 5559 Ἀϐελὸαᾷίῷ.
1093 5492 1245 5566 Apud
1304 5490 1700 5566 Scn_liget-itm,_
1730 5492 2012 5565 Ἀδιϐάλῳ.

461 5561 653 5618 Utrum
685 5570 865 5621 verius
898 5568 1002 5628 sit,
1057 5561 1297 5617 nondum
1326 5562 1522 5614 definio
1554 5580 1566 5613 :
1600 5561 1880 5627 utriusque
1914 5561 2012 5618 nu-

458 5638 593 5689 tatio
641 5635 815 5692 facilis
859 5646 969 5702 est,
1021 5646 1074 5691 ct
1124 5648 1246 5687 cum
1292 5629 1553 5686 chraien
1611 5631 1839 5685 dialecto
1883 5650 2012 5688 cun—

457 5706 717 5763 sentiens.

2137 4520 2353 4591 ἔλεγχον
2382 4520 2672 4591 ὲφοδεύσω.
2718 4520 2889 4591 Εἴπερ
2922 4520 3013 4572 ἐπὶ
3045 4519 3407 4591 Σεμιράμεως
3447 4521 3543 4591 τῆς
3576 4522 3672 4572 Ἀσ-

2137 4614 2335 4685 συρίων
2366 4612 2631 4684 βασιλίδος
2669 4614 2697 4665 6
2733 4611 3125 4682 Σαγχωνιάθων
3154 4614 3479 4685 ἑγνωρίξετο
3500 4653 3515 4677 ,
3556 4612 3672 4665 ἔστω

2132 4703 2187 4756 δὲ
2208 4705 2302 4758 καὶ
2325 4704 2562 4774 Μωῦσῆς
2585 4705 2748 4775 μηδὲν
2769 4702 3041 4774 προάγων,
3062 4702 3202 4756 κατὰ
3225 4702 3280 4756 δὲ
3306 4703 3491 4758 τοῦτον
3513 4706 3671 4773 ἠκμα-

2132 4793 2262 4859 κὼς,
2291 4796 2481 4864 γένοιτ’
2511 4795 2576 4849 ἂν
2604 4792 2695 4848 οὖν
2727 4796 2818 4848 καὶ
2846 4794 3008 4858 αὐτὸς
3033 4793 3171 4847 κατὰ
3199 4794 3522 4867 Σεμίραμιν.
3555 4793 3668 4847 Ἀλλ’

2129 4889 2157 4941 6
2181 4888 2279 4958 μὲν
2307 4889 2570 4959 ἡμέτερος
2601 4888 2755 4956 λόγος
2779 4887 2870 4939 ἐπὶ
2893 4886 3097 4957 ταύτης
3126 4886 3311 4958 ἐδήλου
3341 4886 3579 4956 γενέσθαι
3594 4884 3667 4938 τὸν

2142 4979 2387 5051 Ἀϐραάμ
2411 4996 2424 5009 ⁸
2455 4983 2482 5033 6
2507 4979 2562 5032 δὲ
2593 4979 2686 5032 τοῦ
2718 4978 3004 5048 φιλοσόφου
3036 4978 3390 5051 παλαιότερον
3422 4981 3508 5033 τὸν
3530 4979 3663 5033 Mani

2130 5070 2225 5123 σέα
2249 5071 2575 5141 συνίστησιν.
2607 5071 2670 5123 Ἡ
2702 5070 2757 5122 δὲ
2786 5069 3091 5141 Σεμίραμις
3122 5069 3228 5123 τῶν
3258 5068 3515 5141 Τρωῖκῶν
3535 5071 3662 5123 ὀκτα-

2194 5266 2304 5336 (62)
2346 5265 2458 5346 ῖῆς
2501 5266 2834 5346 Ἀσσυρίων.
2852 5268 3208 5346 ,ϐιιοίέί-(δος.⁵
3254 5267 3658 5346 ApudnScalige-

2122 5352 2243 5409 rum
2292 5337 2562 5409 adduntur
2602 5352 2776 5405 pauca
2820 5339 2971 5409 haec:
3011 5340 3080 5391 Ἢ
3118 5338 3223 5409 πρὸ
3268 5340 3377 5392 τῶν
3425 5337 3655 5409 Ἰλιακῶν,

2121 5405 2152 5474 ἤ
2190 5406 2307 5457 κατ’
2348 5407 2542 5485 αὐτούς
2563 5424 2653 5485 ιγε-
2679 5409 2804 5471 τοὺς
2850 5408 3073 5485 χρόνους
3103 5405 3362 5485 γενέσθαι.
3384 5406 3656 5485 αναγέγρα·

2119 5490 2247 5527 πται
2268 5491 2281 5504 ο
2311 5474 2383 5547 τά
2409 5476 2465 5528 δὲ
2496 5474 2597 5530 τού
2616 5474 3124 5547 Σαγχουνιάθωνος,
3147 5481 3226 5543 είς
3258 5478 3478 5533 Ἐλλάδα
3506 5474 3653 5546 γλῶεο

2118 5561 2215 5597 σαν
2244 5546 2554 5615 ἡρμήνευσε
2582 5547 2752 5602 Φίλων
2781 5551 2809 5602 6
2836 5548 3079 5616 Βύϐλιος.
