3840 6370
130 348 210 401 $09
1217 352 1539 407 I’IUEPAR.
1583 355 1837 412 EVAXG.
1881 356 2008 415 LIB.
2055 360 2120 413 Χ.

124 462 283 524 κοσίοις
300 460 423 523 ὅλοις
447 460 584 513 ἔτεσι
612 460 879 516 δείκνυται
934 467 1328 539 προγενομένη.
1360 472 1469 523 Καὶ
1492 473 1589 524 Μω

1724 472 2101 539 Semiramide,
2138 474 2559 535 'Sauchoniatho
2604 485 2803 540 claruit
2862 508 2873 541 :

124 553 200 620 ⁴τῆς
221 552 310 621 ἄρα
338 552 474 604 ἔσται
499 554 767 617 τοσούτοις
808 555 875 608 τὰ
914 557 1136 628 Τρωϊκὰ
1163 561 1420 631 προάγων
1438 604 1452 625 ,
1486 567 1627 619 κατὰ

126 642 189 693 ιον
231 640 502 709 φιλόσοφον.
538 643 759 713 Πρῶτος
788 645 843 697 δὲ
875 646 1148 715 βασιλεύει
1191 652 1451 721 Ἀργείων
1478 655 1625 708 ’ῐνασ-

121 748 204 799 tog,
231 731 359 782 οὔπω
386 731 497 783 τότε
549 733 844 804 Ἀθηναίων
889 736 1011 790 οὔτε
1056 740 1154 811 τὴν
1191 742 1345 797 πόλιν
1373 744 1495 798 οὔτε
1527 748 1624 817 τὴν

120 822 423 894 προσηγορίαν
456 823 705 891 ἐχόντων.
743 828 799 879 Ὀ
839 828 894 880 δὲ
930 831 1144 900 πρῶτος
1183 833 1443 904 Ἀργείων
1476 840 1623 908 ἡγεῖ-

118 930 183 965 ται
220 914 337 964 κατὰ
372 914 457 966 τὸν
489 917 740 985 πέμπτον
787 919 925 987 μετά
971 922 1271 995 Σεμίραμιν
1327 928 1622 1000 Ἀσσυρίων

117 1007 306 1075 βασιλέα,
340 1014 377 1057 ν’
422 1009 512 1060 καὶ
550 1018 596 1080 ρ’
629 1010 856 1082 ὕστερον
884 1012 1060 1067 ἔτεσιν
1089 1018 1259 1087 αὐτῆς
1286 1037 1343 1072 τε
1375 1023 1469 1073 καὶ
1494 1024 1621 1075 Μω-

116 1100 233 1161 σέως,
254 1102 302 1151 ἐν
325 1093 399 1161 οἷς
425 1100 575 1152 οὐδὲν
619 1102 887 1173 ἐπίσημον
915 1109 1135 1174 γεγονὸς
1165 1111 1454 1181 ἱστορεῖται
1491 1118 1618 1186 παρ’

116 1191 303 1262 Ἕλλησι.
334 1192 481 1245 Κατὰ
525 1193 681 1247 τοῦτο
715 1196 771 1247 δὲ
816 1197 908 1268 τοῦ
954 1200 1147 1270 χρόνου
1182 1206 1311 1274 παρ’
1351 1206 1619 1278 Ἑϐραίοις

112 1284 312 1353 ἡγοῦνται
344 1288 386 1336 οξ
426 1286 630 1355 κριταί.
677 1284 788 1340 Εἶτ’
831 1287 895 1343 αὖ
931 1292 1091 1345 πάλιν
1128 1294 1235 1349 τῶν
1276 1299 1409 1353 ἐτῶν
1439 1302 1618 1366 ἄλλοις

110 1373 355 1444 κατώτερον
381 1376 588 1445 χρόνοις
612 1418 626 1437 ,
663 1379 762 1455 ἤδη
806 1397 907 1433 που
950 1382 1111 1436 πλέον
1159 1385 1191 1456 ἢ
1234 1394 1277 1437 u'
1307 1390 1443 1443 ὲτῶν
1480 1392 1616 1447 ὅλων

110 1466 544 1536 συμπληρουμένων
591 1470 699 1521 ἀπὸ
747 1471 1141 1543 Σεμιράμεως,
1192 1478 1409 1550 πρῶτος
1461 1483 1616 1553 Ἀθη-

106 1558 229 1609 nim
256 1558 507 1626 βασιλεύει
537 1562 763 1633 Κέκροψ
790 1565 817 1615 ό
851 1564 1122 1636 βοώμενος
1147 1571 1277 1639 παρ’
1314 1573 1497 1637 αὐτοῖς
1520 1577 1617 1629 αὑ-

103 1649 285 1716 mea»,
316 1652 546 1721 Ἄργους
589 1656 896 1725 ἡγουμένου
923 1659 1162 1729 Τριόπα,
1201 1661 1261 1725 ὃς
1288 1660 1355 1734 ἦν
1388 1665 1613 1737 ἕϐδομος

103 1738 206 1808 μετὰ
224 1740 300 1793 τὸν
327 1743 535 1814 πρῶτον
589 1748 833 1819 Ἀργεῖον
868 1755 1076 1824 Ἴναχον
1099 1772 1114 1787 ’
1160 1758 1364 1827 μεταξὺ
1406 1763 1463 1816 δὲ
1490 1764 1612 1817 τού-

99 1847 205 1895 των,
245 1835 271 1885 ό
310 1836 397 1887 ἐπὶ
457 1838 689 1907 Ὠγύγου
742 1847 1134 1915 μνημονεύεται
1189 1853 1607 1926 κατακλυσμὸς,

99 1923 263 1991 πρῶτός
296 1942 351 1978 τε
389 1929 552 1993 ’Δπις
586 1933 645 1984 ἐν
690 1935 950 2008 Αἰγύπτῳ
999 1939 1117 2004 θεὸς
1158 1923 1486 2016 ὠνομάσθη,
1517 1950 1610 2002 καὶ⁵

107 2013 169 2065 Ἱῶ
192 2015 402 2089 θυγάτηρ
437 2020 646 2093 Ἰνάχου
672 2064 686 2087 ,
716 2027 782 2096 ἣν
808 2029 949 2084 Ἶσιν
993 2013 1279 2100 Αἰγύπτιοι
1310 2013 1608 2109 μετονομά-

97 2123 239 2171 σιντες
261 2111 487 2177 σέϐουσι,
524 2117 853 2188 Προμηθεύς
893 2140 951 2175 τε
996 2125 1090 2177 καὶ
1136 2127 1336 2191 Ἄτλας
1382 2132 1609 2203 ἐγνωρί-

95 2198 219 2260 Cano.
254 2202 444 2257 Ἀπὸ⁶δὲ
476 2207 770 2277 Κέκροπος
796 2212 891 2265 ἐπὶ
917 2213 1015 2284 τὴν
1061 2216 1215 2269 Ἰλίου
1245 2218 1444 2274 ἅλωσιν
1472 2198 1607 2277 ἄλλα

95 2293 318 2358 συνάγεται
365 2298 548 2369 μικρῷ
599 2302 709 2369 (6'5)
738 2303 923 2358 δέοντα
967 2306 1059 2378 ἔτη
1110 2315 1175 2375 υ¹,
1212 2312 1269 2361 ὲν
1307 2306 1388 2374 οἷς
1432 2314 1499 2367 τὰ
1547 2319 1604 2369 ὲν

94 2380 261 2454 Ἕλλησι
288 2385 556 2458 θαυμάσια
598 2392 971 2462 μυθολογεῖται
991 2437 1006 2461 ,
1042 2401 1070 2452 ό
1096 2400 1189 2453 ἐπὶ
1236 2404 1604 2472 Δευκαλίωνος

91 2474 401 2547 κατακλυσμὸς
424 2520 438 2543 ,
474 2483 572 2535 κα)⁸
601 2484 629 2534 ό
658 2484 749 2536 ἐπὶ
780 2487 1073 2553 Φαέθοντος
1101 2491 1447 2564 ἐμπρησμὸς,
1474 2499 1602 2551 πολ-

89 2562 190 2629 λῶν,
214 2567 281 2630 ὡς
303 2571 475 2636 εἰκὸς,
510 2572 733 2645 φθορῶν
776 2577 881 2647 γῆς
912 2580 1050 2633 κατὰ
1081 2562 1284 2648 τόπους
1301 2562 1600 2659 γεγενημέ-

87 2672 175 2707 κων.
203 2658 396 2727 Πρῶτος
438 2662 495 2715 δὲ
542 2665 772 2736 Κέκροψ
816 2668 1032 2736 λέγεται
1078 2671 1227 2742 Ζῆνα
1273 2658 1597 2748 κεκληκέναι

85 2745 149 2799 τὸν
185 2748 325 2817 Θεὸν,
356 2753 427 2825 μὴ
459 2755 730 2829 πρότερον
761 2758 902 2813 οὕτω
929 2766 1059 2834 παρ’
1106 2745 1438 2838 ἀνθρώποις⁷
1460 2771 1594 2825 ὠνο-

86 2842 329 2907 μασμένον·
372 2847 565 2901 ἔπειτα
612 2849 794 2921 βωμὸν
842 2857 971 2925 παρ’
1030 2856 1332 2927 ’Δθηναίοις
1382 2862 1593 2935 ἱδρῦσαι

83 2931 270 3000 πρῶτος,
297 2938 387 2991 καὶ
415 2940 587 2993 πάλιν
616 2942 833 3013 πρῶτος
877 2945 1104 3017 Ἀθηνᾶς
1144 2948 1363 3021 ἄγαλμα
1395 2931 1592 3027 συστη-

83 3025 251 3087 σιιεθαι,
293 3029 363 3093 ὡς
395 3032 519 3084 οὐδὲ
570 3033 776 3087 τούτων
825 3036 890 3089 ὲκ
942 3038 1169 3093 παλαιοῦ
1218 3043 1586 3116 ὑπαρχόντων.

3199 380 3302 432 810

2931 488 3109 545 Moses
3155 505 3300 548 certe

1730 565 1991 634 quidem,
2044 578 2104 622 ut
2152 569 2287 623 nihil
2328 586 2394 624 eo
2445 577 2708 630 vetustior
2760 578 2941 644 fuerit,
2985 582 3152 654 486
3203 587 3297 640 sed

1728 665 1950 719 prorsus
1975 655 2220 723 azqualis,
2250 658 2353 712 sub
2383 660 2630 729 ejusdem
2686 674 2865 721 tatneu
2919 668 3297 729 Setniramidis

1727 742 2013 811 imperium
2046 746 2261 815 vixerit,
2297 766 2519 809 necesse
2547 766 2650 811 est.
2696 758 2814 814 Jam
2847 773 2899 816 ct
2923 764 3294 823 Abrahamum

1728 832 2102 892 Semiramidis
2128 828 2463 909 temporibus
2497 847 2701 904 vixisse
2732 865 2888 907 antea
2919 857 3292 925 probavimus,

1724 935 1778 979 et
1813 927 2016 983 Mosem
2046 931 2222 1000 ipsum
2252 934 2342 988 illa
2386 942 2773 997 vestustiorem
2810 947 3171 1018 philosOphus
3204 952 3293 1007 hic

1723 1032 1909 1074 noster
1936 1021 2107 1078 fuisse
2136 1026 2441 1083 conﬁrmat.
2480 1030 2717 1101 Trojana
2745 1052 2871 1092 vero
2898 1047 3141 1109 tempora
3196 1044 3293 1100 Se-

1723 1111 1970 1167 miramis
2010 1116 2170 1169 annis
2216 1116 2439 1187 integris
2466 1124 2790 1193 octingentis
2818 1135 3111 1198 superavit.
3149 1134 3290 1207 Ergo

1722 1205 1944 1260 totidem
1978 1207 2069 1262 illa
2096 1208 2277 1265 Moses
2298 1228 2363 1267 ex
2395 1214 2556 1285 hujus
2590 1219 2896 1291 philosophi
2931 1238 3110 1281 mente
3136 1205 3294 1283 autem

1720 1298 1965 1353 cesserit.
2018 1298 2281 1357 Praeterea
2312 1320 2433 1359 cum
2466 1308 2673 1375 primus
2702 1314 2840 1381 apud
2887 1316 3117 1387 Argivos
3159 1322 3283 1377 lua-

1720 1387 1857 1443 chus
1896 1391 2206 1460 imperaret,
2262 1396 2494 1454 necdum
2534 1400 2957 1461 Atheniensibus
2978 1420 3071 1463 aut
3098 1412 3290 1471 civitas

1720 1484 1816 1528 aut
1866 1492 2060 1532 nomen
2091 1491 2227 1535 erat.
2258 1482 2514 1552 Ejusdem
2548 1499 2723 1545 autem
2756 1492 2938 1549 Inachi
2972 1515 3195 1570 regnum
3230 1504 3286 1558 in

1717 1566 1966 1633 quintum
1998 1585 2025 1621 a
2063 1572 2422 1628 Semiramide
2462 1575 2807 1648 Assyriorum
2841 1601 3020 1655 regem
3075 1592 3282 1658 incidit,

1716 1657 1876 1712 annis
1907 1668 2031 1728 post
2058 1661 2202 1716 illam
2225 1675 2387 1734 atque
2410 1666 2613 1723 Mosen]
2645 1684 2864 1728 centum
2886 1724 2891 1727 .
2915 1687 2969 1732 et
3015 1683 3286 1754 quinqua-

1714 1747 1885 1817 ginta,
1913 1751 2116 1820 quibus
2156 1754 2292 1808 nihil
2341 1759 2482 1827 apud
2515 1758 2732 1818 Graecos
2766 1747 3281 1844 ntemoriadignttnt

1714 1851 1925 1911 gestum
1956 1859 2079 1900 esse
2127 1849 2415 1918 reperitur.
2459 1851 2730 1910 Cazterum
2775 1860 2966 1915 eodem
2999 1869 3289 1935 temporis,

1713 1933 1855 2002 apud
1908 1934 2163 1993 Hebrzcos
2214 1940 2429 2010 judices
2485 1944 2847 2015 imperabant.
2881 1954 3054 2011 Annis
3086 1933 3281 2014 deinde

1710 2034 1835 2093 post
1875 2026 2287 2109 Semiramidem
2334 2037 2571 2105 amplius
2603 2042 3035 2114 quadringentis,
3066 2050 3279 2118 primus

1708 2116 1935 2175 Athenis
1964 2106 2204 2191 regnavit
2247 2124 2505 2199 Cecrops,
2531 2106 2693 2199 quem
2715 2132 3028 2205 lndigenam
3056 2152 3273 2206 vocant,

1710 2199 1909 2273 Triopa
1938 2218 2198 2277 regnante
2221 2210 2400 2281 Argis,
2433 2218 2526 2285 qui
2558 2222 2822 2288 septimus
2841 2199 2919 2277 ah
2950 2225 3150 2282 Inacho
3190 2246 3274 2285 re-

1707 2310 1834 2363 gum
1864 2297 2185 2368 Argivorum
2211 2304 2389 2371 primo
2418 2306 2540 2362 fuit.
2573 2308 2693 2375 Quo
2724 2315 2942 2382 quidem
2980 2334 3168 2387 regum
3198 2323 3273 2376 is-

1706 2395 1880 2440 torum
1914 2389 2217 2459 intervallo,
2238 2394 2500 2465 Ogygium
2531 2400 2795 2457 diluvium
2832 2410 3127 2480 contigisse
3148 2428 3273 2467 nar-

1702 2488 1847 2543 rant,
1876 2480 2114 2553 itemque
2140 2489 2282 2555 apud
2319 2489 2603 2561 Egyptios
2640 2496 2877 2563 primum
2921 2500 3079 2570 Apim
3109 2504 3268 2559 deum

1702 2569 2075 2639 nominarunt,
2109 2589 2173 2628 ac
2220 2576 2385 2631 simul
2434 2579 2489 2633 lo
2524 2582 2709 2637 Inachi
2756 2586 2887 2651 ﬁlia.
2916 2569 3079 2659 quam
3110 2593 3269 2649 Isidis

1698 2662 1917 2716 nomine
1959 2665 2147 2720 colunt
2195 2666 2458 2740 Egyptii,
2494 2672 2857 2735 Prometheus
2906 2691 3069 2753 atque
3116 2686 3266 2742 Atlas

1695 2753 1963 2809 celebrari
2011 2770 2313 2827 coeperunt.
2365 2761 2489 2817 Jam
2539 2781 2569 2819 a
2625 2765 2866 2839 Cecrope
2928 2774 2993 2827 ad
3047 2788 3263 2846 captum

1696 2844 1874 2909 Ilium,
1943 2848 2033 2901 alii
2086 2865 2253 2919 prope
2301 2854 2683 2926 quadringenti
2742 2861 3071 2931 colliguntur
3111 2844 3262 2932 anui,

1694 2935 1894 3003 quibus
1926 2937 2011 2991 illa
2042 2939 2355 2996 Grazcorum
2388 2942 2589 3001 fabulis
2635 2947 2923 3007 decantata
2976 2956 3258 3019 miracula.

1696 3023 2057 3097 Deucalionis,
2099 3032 2346 3102 inquam,
2381 3036 2645 3093 diluvium
2669 3050 2722 3095 et
2742 3040 3057 3101 Phaetontis
3080 3049 3261 3105 incen-

80 3114 189 3170 Μετὰ
222 3117 268 3169 δὲ
292 3119 473 3173 τοῦτον
503 3124 604 3175 καὶ
628 3124 679 3175 οἱ
702 3128 832 3195 παρ·
858 3127 1078 3197 Ἕλλησι
1107 3130 1219 3184 θεοι
1259 3114 1456 3200 πάντες
1499 3155 1589 3206 γε-

1692 3117 1841 3171 dium
1868 3122 2181 3191 contigere;
2221 3127 2378 3197 cujus
2422 3131 2706 3203 utriusque
2733 3134 2967 3206 ﬁngendi
3013 3144 3258 3198 occasio-

79 3206 401 3275 νεαλογοῦνται.
436 3215 583 3287 Παρ’
623 3216 891 3288 Ἑϐραίοις
913 3219 971 3271 δὲ
998 3222 1055 3274 έν
1078 3224 1251 3294 τούτῳ
1279 3230 1326 3280 οί
1360 3229 1467 3282 ἀπὸ
1494 3231 1587 3299 γέ-

77 3318 162 3365 “mg
192 3306 335 3360 Δαϐὶδ
381 3308 723 3373 ἐϐασίλευον,
782 3313 875 3365 καὶ
948 3316 998 3367 οἱ
1052 3318 1189 3387 μετὰ
1242 3323 1446 3377 Μωσέα
1510 3325 1589 3378 δι-

75 3392 257 3462 έλαμπον
279 3402 555 3470 προφῆται
574 3418 587 3430 ο
616 3402 755 3455 ὥστε
788 3404 857 3456 τὰ
885 3407 1059 3460 πάντα
1086 3409 1193 3461 ἀπὸ
1225 3411 1466 3478 Μωσέως
1493 3416 1586 3470 ἐπὶ

72 3484 141 3553 τὴν
174 3488 303 3541 Ἰλίου
336 3492 537 3546 ἅλωσιν
574 3495 897 3563 συνάγεσθαι
928 3498 1109 3552 πλεῖον
1141 3500 1171 3571 ἢ
1209 3500 1303 3573 ἔτη
1334 3511 1411 3568 ω’,
1444 3510 1584 3562 κατὰ

71 3576 138 3645 τὴν
171 3581 453 3637 ἐκτεθείσαν
499 3586 602 3639 τοῦ
649 3588 936 3659 φιλοσόφου
986 3595 1313 3663 μαρτυρίαν.
1366 3600 1483 3652 Ἔτι
1526 3602 1584 3656 δὲ

71 3670 164 3724 πολὺ
195 3674 286 3727 τῶν
309 3678 576 3748 Τρωῖκῶν
615 3680 849 3753 νεώτερα
888 3684 956 3737 τὰ
998 3686 1139 3739 κατὰ
1182 3688 1457 3760 Ὅμηρον,
1489 3696 1581 3747 καὶ

75 3760 291 3830 Ἡσίοδον,
323 3769 415 3821 καὶ
457 3770 592 3831 τοὺς
633 3768 851 3834 λοιποὺς
902 3773 1319 3843 μνημονεύεται.
1353 3778 1493 3844 Χθὲς
1523 3781 1579 3834 δὲ

68 3850 134 3899 καὶ
170 3854 335 3925 πρώην
390 3860 533 3927 μετὰ
588 3860 809 3923 τούτους
870 3864 997 3932 περὶ
1052 3863 1150 3934 τὴν
1209 3870 1577 3939 πεντηκοστὴν

74 3943 339 4015 Ὀλυμπιάδα
369 3952 417 4003 oi
444 3951 595 4020 ἀμφὶ
625 3952 948 4024 Πυθαγόραν
972 3956 1065 4008 καὶ
1099 3959 1459 4031 Δημόκριτον,
1483 3965 1574 4017 καὶ

63 4036 150 4097 τοὺς
186 4040 305 4108 μετὰ
346 4043 520 4096 ταῦτα
570 4042 890 4112 φιλοσόφους
932 4045 1361 4120 ὠνομάσθησαν,
1407 4054 1575 4122 ἐγγύς

62 4142 133 4178 που
159 4134 275 4199 μετὰ
312 4135 378 4187 τὰ
414 4137 459 4189 Τ
463 4136 644 4207 ρωῖκα
670 4135 845 4190 ἔτεσιν
887 4140 1249 4206 ἑπτακοσίοις.
1282 4145 1571 4217 Προτερείν

60 4214 135 4284 ἆρα
162 4221 343 4292 Μωσῆς
392 4226 489 4277 καὶ
538 4226 589 4277 οἱ
630 4228 745 4295 μετ’
791 4227 954 4280 αὐτὸν
1001 4229 1265 4300 Ἐϐραίων
1298 4214 1569 4305 προφῆται

59 4308 335 4367 συνίστανται
381 4316 491 4369 τῶν
547 4318 673 4386 παρ’
730 4318 953 4390 Ἕλλησι
1016 4321 1318 4391 φιλοσόφων
1378 4326 1567 4396 χιλίοις

58 4406 363 4469 πεντακοσίοις
392 4406 563 4470 ἔτεσι,
590 4406 733 4460 κατὰ
760 4409 856 4480 τὴν
888 4408 982 4461 τοῦ
1006 4410 1334 4482 δηλωθέντος
1376 4416 1566 4487 ἀνδρὸς

1691 3223 1835 3276 nem,
1875 3226 1937 3266 ex
1974 3215 2179 3281 multis,
2213 3219 2288 3271 uti
2339 3222 2634 3278 verisimile
2677 3236 2781 3289 est,
2822 3229 3137 3300 crebrisque
3165 3250 3259 3303 per

1687 3314 1751 3355 ea
1792 3302 1907 3357 loca
1933 3314 2202 3361 terrarutn
2257 3312 2507 3369 cladibus
2543 3318 2895 3386 arripuerint.
2936 3321 3125 3378 Jovem
3159 3342 3256 3382 au-

1688 3393 1794 3439 tem
1820 3388 1889 3441 ab
1917 3392 2106 3447 eodem
2140 3396 2383 3464 primum
2439 3401 2681 3473 Cecrope
2711 3405 2870 3460 deum
2927 3412 3251 3480 appellatum

1684 3492 1804 3532 esse
1841 3481 2040 3549 ferunt,
2066 3501 2189 3540 cum
2228 3506 2570 3561 nequaquam
2606 3496 2748 3551 inter
2779 3499 3025 3557 homines
3068 3508 3117 3560 id
3151 3524 3252 3562 an-

1685 3579 1768 3623 tea
1799 3574 2036 3630 nominis
2065 3577 2345 3635 habuisset
2384 3601 2395 3635 :
2430 3584 2499 3637 ab
2526 3588 2716 3641 eodem
2744 3595 3093 3658 postmodum
3136 3601 3250 3667 pri—

1683 3676 1827 3715 mam
1861 3664 2087 3722 Athenis
2111 3671 2404 3725 excitatam
2441 3689 2615 3741 aram,
2674 3680 3022 3752 primumque
3052 3664 3250 3743 Miner-

1680 3765 1760 3805 vae
1808 3752 2025 3823 signum
2080 3759 2372 3814 conﬂatum
2427 3778 2491 3817 ac
2538 3766 2775 3833 positum
2831 3770 3018 3837 fuisse,
3074 3794 3249 3848 neque

1678 3842 1821 3896 enim
1856 3858 2228 3912 pervetustum
2254 3867 2426 3922 genus
2451 3855 2581 3910 illud
2615 3874 2798 3914 rerum
2823 3867 3117 3925 exstitisse.
3144 3870 3239 3926 Ita-

1676 3950 1781 4002 que
1823 3946 1944 4005 post
1981 3937 2273 4011 Cecropem
2327 3954 2438 3999 tota
2473 3948 2561 4002 illa
2592 3948 2903 4009 Graecorum
2956 3962 3243 4018 numinum

1676 4028 1985 4098 genealogia
2014 4032 2230 4086 texitur.
2264 4035 2418 4105 Apud
2447 4037 2703 4097 Hehrwos
2726 4044 2953 4115 interea,
2989 4068 3112 4106 cum
3139 4053 3244 4109 Da-

1677 4116 1813 4171 vidis
1869 4122 2075 4188 posteri
2124 4126 2445 4195 regnabant,
2496 4142 2608 4185 tum
2663 4137 2835 4189 secuti
2871 4137 3072 4196 Mosem
3115 4160 3241 4212 pro-

1671 4208 1844 4275 pheta:
1868 4210 2151 4271 ﬂorebant.
2186 4217 2263 4271 lta
2317 4218 2362 4273 si
2392 4230 2639 4278 nostrum
2667 4226 2816 4282 hunc
2854 4208 3237 4303 phiIOSOphum

1669 4300 1978 4371 audiamus,
2015 4321 2046 4359 a
2092 4305 2276 4379 Moyse
2305 4311 2371 4366 ad
2403 4323 2619 4383 captum
2650 4318 2809 4373 Ilium
2846 4324 2972 4376 anni
3004 4300 3237 4396 amplius

1668 4392 1963 4464 octingenti
1997 4409 2371 4455 numerentur.
2420 4402 2593 4460 Porro
2632 4408 2788 4480 longe
2821 4410 3074 4482 Trojanis
3128 4420 3236 4476 illis

56 4492 295 4561 δτιοὶογίαν.
328 4500 437 4551 Καὶ
465 4498 640 4552 ταῦτα
680 4501 777 4570 μὲν
816 4503 974 4571 ἡμεῖς
1024 4504 1316 4574 ὲπιτόμως.
1352 4486 1562 4577 Σκέψα-

1692 4486 2000 4553 emporibus
2046 4492 2400 4561 recentiores,
2448 4495 2768 4564 Homerum,
2822 4501 3113 4562 Hesiodum
3169 4527 3233 4565 ac

55 4583 141 4636 σθαι
163 4587 211 4644 δὲ
238 4592 416 4662 καιρὸς
446 4592 543 4646 καὶ
584 4594 683 4655 τὰς
709 4593 815 4646 τῶν
848 4596 953 4665 πρὸ
982 4596 1137 4667 ἡμῶν
1177 4601 1303 4668 περὶ
1330 4601 1428 4672 τῆς
1466 4603 1562 4655 αύ-

51 4676 119 4742 τῆς
147 4680 424 4747 ὑποθέσεως
468 4684 794 4750 ἀποδείξεις.
849 4687 1107 4754 Γεγόνασι
1152 4689 1214 4759 δὴ
1250 4692 1378 4762 παρ’
1428 4694 1559 4762 ἡμῖν

50 4764 378 4845 λόγιοιᾰνδρες,
396 4777 492 4828 καὶ
518 4776 626 4829 τῶν
653 4777 760 4830 ἀπὸ
792 4778 1033 4843 παιδείας
1060 4780 1269 4846 οὐδενὸς
1294 4782 1554 4855 δεύτεροι,

1665 4576 1903 4646 reliquos
1931 4579 2100 4635 fuisse
2128 4594 2361 4639 constat.
2395 4586 2522 4643 Inde
2554 4592 2744 4660 nuperi
2779 4596 3025 4661 omnino,
3065 4599 3229 4671 487

1662 4667 2014 4739 Pythagoras,
2052 4672 2418 4741 Democritus,
2447 4685 2739 4753 cantet-ique
2766 4686 3022 4757 deinceps
3053 4667 3227 4759 philo-

1658 4760 1840 4829 sophi,
1875 4763 2022 4818 circa
2051 4767 2410 4838 Olympiadem
2447 4776 2979 4847 quinquagesimam,
3005 4782 3108 4837 hoc
3143 4796 3225 4839 est

48 4863 126 4922 τοῖς
150 4880 197 4916 τε
230 4866 386 4932 θείοις
420 4871 484 4923 οὐ
546 4870 835 4941 παρέργως
867 4870 1339 4943 καθωμιληκότες,
1375 4877 1424 4928 οἳ
1464 4878 1556 4928 καὶ

1696 4852 1818 4907 nnis
1846 4864 1967 4923 post
1996 4867 2213 4926 captum
2248 4861 2403 4914 Ilium
2443 4879 2608 4933 prope
2644 4868 3019 4939 septingentis,
3047 4889 3224 4929 emer-

46 4948 115 5016 τὴν
140 4957 388 5025 παροῦσαν
414 4960 675 5013 ὑπόθεσιν
709 4962 795 5016 ἐπ’
816 4961 1037 5031 ἀκριϐὲς
1059 4962 1551 5035 διευκρινήσαντες,

44 5042 91 5107 τῇ
115 5046 221 5116 παρ’
257 5049 525 5122 Ἑϐραίοις
560 5052 892 5123 συνέστησαν
920 5054 1292 5126 ἀρχαιολογία,
1323 5057 1553 5129 πλουσία

44 5133 110 5182 καὶ
144 5141 333 5211 ποικᾶῃ
360 5146 676 5214 κατασκευῇ
716 5145 1040 5214 κεχρημένοι
1076 5146 1175 5215 τῆς
1204 5148 1546 5215 ἀποδείξεως.

41 5224 86 5272 Οἱ
112 5226 191 5293 μὲν
213 5233 310 5303 γὰρ
346 5233 411 5286 ἐκ
455 5252 614 5287 τινων
655 5235 1096 5306 ὁμολογουμένων
1145 5240 1392 5312 ἱστοριῶν
1424 5244 1548 5308 τοὺς

40 5314 211 5380 Ζράνῡυς
254 5324 692 5391 συνελογίσαντοο
741 5327 789 5377 οἱ
853 5326 909 5378 δὲ
964 5327 1343 5401 παλαιοτέροις
1415 5334 1547 5387 ἀνα-

1655 4958 1794 4997 sere‘.
1826 4944 2031 5000 Mosem
2057 4949 2222 5017 igitur
2247 4968 2311 5005 ac
2336 4957 2665 5022 posteriores
2713 4958 2861 5013 Mose
2904 4965 3219 5033 prophetas,

1652 5045 1778 5090 ante
1827 5054 2016 5094 omnes
2063 5043 2287 5099 Graecia:
2327 5048 2685 5117 philosophos
2723 5052 2880 5107 annis
2910 5056 3220 5124 quingentis

1651 5142 1814 5197 supra
1841 5132 1987 5185 mille
2008 5134 2230 5200 vixisse,
2263 5154 2329 5191 ex
2380 5140 2623 5209 ejusdem
2655 5143 2968 5216 philosophi
2999 5151 3217 5207 confes—

1649 5221 1803 5276 sione
1851 5224 2172 5284 auferimus.
2208 5230 2385 5300 Atque
2430 5233 2544 5287 haec
2587 5250 2618 5289 a
2671 5237 2831 5290 nobis
2871 5240 2944 5293 ita
2978 5240 3216 5297 breviter

1646 5317 1929 5383 perstricta
1951 5330 2136 5376 sunto.
2176 5321 2294 5378 Jam
2324 5337 2535 5395 tempus
2575 5336 2679 5394 est,
2721 5337 2777 5381 ut
2804 5345 2992 5385 eorum
3023 5335 3208 5399 etiam,

38 5403 263 5477 γνὼσμασι
296 5414 390 5487 τὴν
427 5417 732 5487 μαρτυρίαν
784 5417 1188 5473 ἐπιστώσαντο·
1234 5425 1325 5476 καὶ
1359 5427 1404 5477 οἱ
1446 5428 1543 5496 μὲν

1692 5408 1885 5465 uiante
1908 5428 2008 5468 nos
2040 5413 2142 5468 hac
2177 5416 2233 5469 in
2277 5417 2643 5486 di5putatione
2683 5422 2884 5475 versati
2937 5433 3084 5491 sunt,
3122 5441 3212 5479 ar-

45 5492 343 5570 'E}.ir,vw.oi;.
373 5510 421 5560 οἱ
453 5508 508 5559 δὲ
543 5510 635 5562 καὶ
671 5513 782 5572 τοῖς
810 5510 877 5562 τὰ
908 5511 1185 5579 Φοινίκων,
1218 5516 1286 5568 τά
1312 5533 1369 5568 τε
1398 5517 1541 5570 Χαλ-

37 5581 155 5644 δαίων
197 5599 283 5650 καὶ
328 5602 642 5669 Αἰγυπτίων
703 5602 1048 5674 ἀναγράψασι
1120 5609 1535 5679 συνεχρήσαντο.

83 5772 172 5845 (εὖ)
205 5781 409 5849 Μικρῷ.
453 5782 593 5856 Lege
617 5786 833 5856 μικροῦ.

412 5879 597 5938 l’nu.
640 5881 756 5940 GR.
796 5884 962 5944 XXI.

1643 5512 1899 5568 gumenta
1946 5506 2246 5563 videamus.
2305 5508 2562 5565 Homines
2609 5512 2887 5569 enimvero
2923 5517 3063 5584 apud
3109 5534 3210 5572 nos

1640 5597 1915 5669 exstitere,
1948 5616 2055 5658 non
2096 5602 2284 5658 diserti
2328 5605 2511 5670 modo,
2543 5606 2636 5661 sed
2664 5608 2827 5663 etiam
2861 5611 2993 5665 nulli
3020 5613 3174 5668 erudi

2815 5895 2889 5953 23
