3840 6370
539 284 633 336 8H

1255 284 1522 338 EUSEBII
1565 279 2047 338 CzESARlENSlS
2087 277 2238 334 OPP.
2283 275 2462 332 PARS
2506 277 2568 330 ll.
2615 307 2680 316 -—
2718 271 3228 328 APOLOGETICA.
3674 273 3753 323 Sl‘l

538 399 686 452 tione
712 400 959 463 secundi,
990 398 1192 466 quique
1242 398 1538 466 plurimum
1588 397 1790 451 divinis
1820 397 1874 450 in
1906 396 2089 450 litteris

2221 391 2385 462 Ὁμοῦ
2409 392 2464 445 δὲ
2493 393 2540 444 οἱ
2570 389 2772 452 πάντες
2793 429 2804 451 ,
2841 389 2906 441 τὰ
2925 387 3209 458 Ἑλληνικὰ
3236 385 3414 438 καὶτὰ
3433 383 3686 455 βάρϐαρα,
3704 388 3756 438 τά

538 505 718 559 opera:
749 491 1025 557 studiique
1053 498 1355 556 posuerunt
1418 485 1456 540 li
1489 501 1604 540 rem
1645 487 1804 540 istam
1851 495 2104 541 accurate

537 582 831 637 admodum
877 591 930 635 et
969 580 1246 634 enucleate
1282 579 1572 647 persecuti,
1623 578 1966 648 antiquitatis
1998 575 2103 632 He-

534 676 733 730 braica:
763 674 922 728 iidem
958 687 1150 740 magna
1185 671 1458 724 rationum
1487 671 1542 724 vi
1575 685 1639 724 ac
1692 669 1957 739 singulari
2001 683 2096 721 va-

534 767 726 820 rietate
763 764 1029 818 fecerunt.
1075 762 1178 814 Alii
1225 761 1426 830 quippe
1476 760 1642 813 certis
1673 758 2002 828 quibusdam
2035 773 2101 810 ex

535 857 780 912 historiis
823 866 875 910 et
902 854 1147 908 omnium
1195 868 1468 907 consensu
1496 852 1831 922 approbatis,
1891 859 2102 919 tempo-

533 964 655 1002 rum
691 947 884 1003 sericm
921 946 1277 1014 ordinemque
1325 944 1600 998 duxerunt
1647 961 1660 997 :
1715 943 1807 997 alii
1853 941 1968 995 suis
1997 940 2100 1010 ipsi

533 1039 864 1094 testimoniis
917 1037 1230 1090 lirmitatcm
1291 1049 1354 1090 ac
1405 1035 1572 1088 robur
1619 1051 1682 1089 ex
1728 1034 2097 1104 antiquiorum

531 1130 856 1200 scriptorum
891 1127 1215 1182 auctoritate
1253 1126 1606 1196 quaesierunt.
1642 1123 1704 1178 Et
1741 1124 1833 1178 alii
1880 1124 2100 1193 quidem

531 1223 806 1278 a'dhznsere
834 1205 1056 1282 Graecis,
1092 1217 1182 1270 alii
1213 1231 1344 1271 vero
1374 1231 1437 1270 ex
1466 1230 1646 1270 rerum
1677 1214 1838 1269 etiam
1876 1213 2100 1268 Phoeni-

532 1315 735 1367 ciarum
764 1351 779 1374 ,
851 1311 1228 1365 Chaldzearum
1288 1318 1341 1362 et
1393 1307 1767 1378 [Egyptiarum
1825 1307 2102 1362 historicis

531 1413 848 1475 argumenta
892 1403 1164 1472 petierunt
1199 1419 1211 1454 :
1245 1409 1300 1454 at
1343 1399 1507 1454 simul
1557 1399 1821 1466 universi,
1875 1399 2098 1462 Graecis,

531 1498 799 1559 barbaris,
857 1495 1247 1562 Hebraicisque
1285 1492 1450 1546 rebus
1500 1491 1602 1546 sub
1657 1505 1768 1544 uno
1821 1490 2103 1545 collocatis

2210 503 2268 538 τε
2298 487 2423 555 παρ’
2448 485 2629 547 αὐτοῖς
2656 482 2927 554 Ἑϐραίοις
2951 480 3370 548 συναγαγόντες,
3396 477 3492 530 καὶ
3517 476 3611 539 τὰς
3636 481 3755 548 παρὰ

2209 579 2375 630 πᾶσιν
2424 577 2664 646 ἱστορίας
2701 573 3070 646 παραθέντες,
3105 571 3307 643 θατέρᾳ
3349 588 3409 622 τε
3459 568 3559 641 τὴν
3598 571 3754 640 ἑτέραν

2211 667 2665 741 συγκρούσαντες,
2699 666 2766 719 τὰ
2793 667 2944 736 παρὰ
2971 669 3082 728 τοῖς
3113 666 3282 717 πᾶσιν
3309 661 3413 715 ὑπὸ
3437 663 3564 724 τοὺς
3594 662 3756 727 αὐτοὺς

2207 761 2430 832 χρόνους
2467 759 2777 831 πραχθέντα
2813 757 3258 828 συνεξητάκασιν.
3307 751 3421 809 Εἶθ’
3455 755 3675 819 ἕκαστος
3697 759 3736 809 οἱ

2210 851 2386 915 κείαις
2414 850 2656 922 μεθόδοις
2688 841 2786 920 τὴν
2811 849 2920 902 τῶν
2942 847 3418 917 ἀποδεικνυμένων
3443 846 3754 916 κατασκευὴν

2209 946 2598 1016 πεποιημένος,
2633 945 2920 1015 σύμφωνον
2945 943 3039 996 καὶ
3067 941 3509 1013 ὁμολογουμένην
3531 940 3621 1011 τὴν
3642 942 3752 994 ἀπέ-

2207 1037 2372 1104 δειξιν
2422 1038 2827 1110 είσηνέγκαντο.
2875 1037 2965 1089 Διὸ
3009 1037 3102 1090 καὶ
3152 1035 3385 1106 μάλιστα
3445 1036 3564 1098 ταῖς
3594 1034 3754 1096 cani;

2207 1129 2500 1200 ἡγησάμην
2547 1130 2658 1183 δεῖν
2717 1128 3113 1200 παραχωρῆσαι
3162 1129 3366 1196 φωναῖς
3406 1125 3499 1179 τὸν
3545 1125 3753 1196 παρόντα

2208 1221 2382 1288 λόγον,
2403 1223 2550 1285 ὅπως
2579 1221 2715 1292 ὁμοῦ
2745 1221 2852 1272 τῶν
2883 1220 3100 1273 οἰκείων
3133 1220 3207 1290 μὴ
3237 1219 3621 1289 ἀποστεροῖντο
3641 1236 3752 1288 καρ-

2208 1312 2326 1364 πῶν
2367 1313 2415 1364 οἱ
2447 1312 2555 1364 τῶν
2585 1312 2758 1380 λόγων
2803 1312 3035 1380 πατέρες
3055 1351 3068 1375 ,
3102 1313 3194 1364 καὶ
3237 1309 3327 1363 διὰ
3359 1309 3616 1364 πλειόνων
3641 1328 3752 1381 μαρ-

2207 1403 2405 1476 τύρων,
2430 1403 2565 1458 ἀλλὰ
2593 1405 2668 1475 μὴ
2697 1404 2762 1475 δὴ
2784 1405 2901 1468 ἑνὸς
2923 1403 3057 1475 ὁμοῦ
3075 1406 3108 1474 ἡ
3128 1403 3384 1467 σύστασις
3405 1402 3753 1476 τῆςλάληθείας

2208 1471 2608 1566 ἀναμφίλεκτον
2640 1471 2794 1548 λάϐοι
2826 1496 2924 1566 τὴν
2950 1471 3304 1567 ἐπικύρωσιν.
3466 1471 3474 1473 ν
3515 1471 3532 1490 ’

527 1597 772 1659 aspectu,
811 1588 1165 1655 omniumque
1208 1584 1531 1654 populorum
1567 1582 1811 1637 historiis
1867 1581 2009 1637 inter
2071 1599 2128 1638 se
2167 1588 2500 1658 propiusque
2522 1587 2860 1651 commissis,
2889 1603 3012 1658 quae
3069 1588 3210 1658 apud
3235 1602 3489 1658 quosque
3517 1586 3751 1641 subidem

526 1692 742 1752 tempus
767 1691 914 1752 gesta
967 1680 1186 1743 fuerint,
1218 1693 1341 1731 cum
1390 1676 1514 1731 aliis
1560 1675 1665 1729 alia
1715 1675 2002 1745 diligenter
2031 1690 2268 1746 expensa
2329 1682 2700 1735 contulerunt.
2731 1679 2870 1734 Tum
2934 1695 3090 1734 suam
3147 1680 3353 1749 quique
3385 1679 3529 1732 viam
3581 1693 3640 1731 ac
3668 1694 3752 1730 mr-

528 1775 754 1828 thodum
804 1771 995 1838 secuti,
1044 1779 1224 1840 partes
1260 1767 1498 1838 suscepti
1542 1767 1724 1836 operis
1773 1767 2018 1836 singulas
2063 1769 2137 1822 ita
2177 1772 2540 1842 digesserunt,
2577 1783 2638 1828 ut
2684 1789 2875 1830 omnes
2907 1783 3048 1828 Inter
3083 1787 3204 1828 sese
3251 1772 3526 1828 constanti
3579 1771 3752 1824 fuerint

528 1883 592 1922 ac
620 1877 764 1922 certa
800 1862 1267 1920 demonstratione
1294 1860 1585 1930 complexi.
1615 1858 1880 1925 Quocirca
1909 1859 2088 1915 locum
2129 1863 2309 1919 verbis
2356 1877 2644 1920 auctorum
2702 1864 2998 1935 ipsissimis
3045 1865 3149 1920 hac
3192 1865 3247 1918 in
3295 1864 3660 1934 disputatione
3685 1879 3753 1916 re-

528 1960 883 2032 linquendum
921 1957 1126 2028 putavi,
1186 1955 1348 2013 simul
1401 1963 1462 2008 ut
1515 1969 1584 2008 ne
1631 1969 1857 2009 suorum
1906 1954 2040 2023 ipsis
2078 1955 2325 2010 laborum
2378 1958 2588 2011 fructus
2633 1956 2996 2026 prmripiatur,
3055 1955 3219 2011 simul
3263 1966 3319 2010 ut
3373 1963 3620 2024 suscepta
3673 1969 3753 2022 pro

526 2053 753 2108 veritate
801 2050 1066 2114 defensio,
1102 2065 1208 2104 non
1261 2063 1327 2102 ex
1375 2046 1559 2113 unius,
1612 2047 1704 2101 sed
1756 2061 1823 2100 ex
1869 2046 2105 2116 plurium
2147 2049 2364 2104 testium
2415 2065 2510 2105 ore
2548 2049 2708 2106 tidem
2754 2050 2903 2104 omni
2957 2050 3295 2105 dubitatione
3347 2050 3603 2118 majorem
3632 2048 3752 2102 acci-

525 2149 656 2219 piat.
691 2145 981 2202 Ordiamur
1001 2145 1069 2200 ab
1095 2143 1374 2198 Africano.

1143 2234 1375 2291 CAPUT
1415 2235 1482 2289 X.

779 2325 864 2380 Ea:
904 2327 1144 2396 Africani
1183 2325 1632 2394 Chronographiw
1667 2327 1841 2380 tertio.

605 2437 624 2471 ι
668 2421 808 2473 Ante
842 2417 1209 2489 olympiadum
1248 2417 1470 2481 seriem,
1525 2415 1703 2486 inquit
1738 2416 1848 2479 ille,
1871 2415 2091 2472 Grazco-

526 2526 649 2566 rum
684 2510 739 2564 in
775 2510 1004 2565 historia
1038 2509 1169 2563 certi
1229 2509 1366 2563 nihil
1418 2507 1795 2578 exploratique
1827 2509 2092 2578 reperias,

526 2617 697 2673 usque
731 2601 866 2656 adeo
898 2601 1214 2670 perturbata
1243 2609 1370 2654 sunt
1399 2599 1606 2664 omnia,
1651 2614 1752 2653 nec
1775 2599 1883 2653 ulla
1909 2615 2094 2654 secum

523 2709 592 2749 ex
636 2702 789 2763 parte
817 2692 1188 2758 consentiunt,
1218 2705 1338 2760 quze
1376 2700 1533 2746 antea
1562 2690 1858 2760 contigisse
1895 2706 2098 2746 memo-

521 2795 736 2839 rantur.
793 2784 862 2838 At
913 2785 968 2837 in
1020 2782 1420 2854 oiympiadibus
1469 2782 1780 2851 digerendis
1841 2792 2095 2839 accurate

522 2878 690 2948 488
720 2876 873 2932 multi
913 2877 1309 2948 diligenterque
1355 2874 1560 2930 versati
1608 2883 1757 2942 sunt,
1808 2877 1952 2946 quod
1983 2891 2095 2931 non

524 2970 686 3038 longe
717 2968 1020 3030 intervallo,
1056 2968 1148 3022 sed
1179 2974 1388 3021 tantum
1423 2980 1524 3021 suo
1547 2965 1814 3036 cujusque
1843 2982 1930 3022 res
1954 2982 2091 3036 qua-

522 3061 773 3115 dricnnio
801 3061 1051 3115 deiinitas
1085 3059 1257 3113 (ἔναξςὶ
1299 3058 1834 3128 comprehensasque
1866 3060 2096 3128 perscri-

521 3155 751 3222 pserint.
797 3151 1158 3218 Quamobrem
1202 3165 1265 3204 ex
1299 3148 1560 3203 fabulosis
1597 3149 1725 3214 illis,
1752 3164 1872 3218 qua
1891 3152 1959 3204 ad
1985 3152 2095 3220 pri-

523 3262 664 3300 mam
706 3260 879 3314 usque
901 3242 1262 3314 Olympiadem
1299 3243 1440 3295 fama
1467 3243 1681 3297 caeteris
1713 3253 1763 3296 et
1804 3244 2088 3298 hominum

518 3337 776 3408 opinione
803 3335 1169 3405 praestiterint,
1226 3333 1460 3387 breviter
1514 3335 1828 3404 cursimque
1885 3336 2088 3403 libatis,

519 3446 642 3499 quze
674 3435 863 3499 postea
895 3425 1244 3494 contigerint,
1283 3441 1347 3479 ea
1389 3425 1433 3480 si
1470 3426 1632 3480 modo
1681 3426 1917 3497 insignia
1947 3428 2091 3483 vide-

519 3525 739 3586 buntur,
774 3522 845 3575 ita
879 3537 1001 3575 cum
1031 3518 1233 3574 Grzccis
1264 3517 1488 3574 llebraaa
1517 3529 1828 3583 conteram,
1854 3529 1913 3575 ut
1937 3519 2089 3576 Gras-

2740 2231 3135 2287 ΚΕΦΑΛΑΙΟΝ
3173 2232 3228 2284 l’.

2211 2329 2344 2382 Ἀπὸ
2385 2328 2492 2382 τοῦ
2532 2330 2730 2397 τρίτου
2765 2328 2881 2381 τῶν
2923 2323 3268 2396 Ἀφρικανοῦ
3298 2321 3747 2392 Χρονογραφιῶνκ

2275 2443 2294 2476 ι
2322 2423 2498 2495 Μέχρι
2529 2424 2627 2491 μὲν
2656 2421 3031 2493 Ὀλυμπιάδων
3051 2419 3202 2473 οὐδὲν
3233 2417 3463 2489 ἀκριϐὲς
3495 2417 3747 2489 ἱστόρηται

2195 2518 2306 2580 τοῖς
2328 2515 2573 2587 Ἕλλησι,
2601 2514 2818 2567 πάντων
2848 2511 3289 2583 συγκεχυμένων,
3323 2509 3416 2562 καὶ
3441 2509 3580 2562 κατά
3603 2509 3747 2579 μηδὲν

2196 2609 2380 2671 αὐτοῖς
2412 2606 2520 2660 τῶν
2545 2604 2747 2678 προτοῦ
2779 2603 3239 2675 συμφωνούντων·
3269 2604 3326 2655 αἱ
3376 2600 3433 2654 δὲ
3462 2600 3747 2671 ὴκρίϐωντο

2198 2701 2432 2765 πολλοῖς,
2457 2699 2534 2769 τῷ
2557 2698 2631 2770 μὴ
2674 2699 2737 2750 ἐκ
2767 2696 3020 2750 πλείστου
3049 2696 3435 2765 διαστήματος,
3467 2692 3554 2744 διὰ
3575 2709 3745 2761 τετρα-

2198 2792 2345 2856 ετίας
2359 2791 2435 2853 δὲ,
2457 2789 2554 2854 τὰς
2584 2788 2901 2860 ἀναγραφὰς
2929 2787 3106 2841 αὐτῶν
3130 2784 3398 2839 ποιεῖσθαι
3413 2784 3538 2846 τοὺς
3565 2781 3740 2848 ’Ἑλλη-

2197 2900 2313 2946 νας.
2342 2878 2415 2938 Οῦ
2447 2882 2512 2954 δὴ
2545 2883 2703 2952 χάριν
2730 2881 2826 2943 τὰς
2860 2877 3209 2942 ἐνδοξοτάτας
3240 2893 3335 2928 και
3370 2872 3630 2944 μυθώδεις
3654 2872 3747 2921 ἐπι-

2197 2975 2490 3046 λεξάμενος
2523 2971 2792 3045 ἱστορίας,
2827 2970 2988 3042 μέχρι
3018 2970 3114 3040 τῆς
3150 2966 3372 3039 πρώτης
3413 2965 3746 3036 ὐλυμπιάὖᾘ

2197 3063 2635 3136 ἐπιδραμοῦμαι·
2671 3064 2769 3126 τὰς
2796 3063 2854 3116 δὲ
2899 3060 3038 3132 μετὰ
3069 3059 3243 3114 ταῦτα
3265 3097 3279 3123 ,
3326 3058 3590 3122 συζεύξας
3625 3057 3745 3109 κατὰ

2198 3156 2385 3227 χρόνον
2413 3155 2681 3218 ἑκάστας,
2713 3153 2767 3206 εί
2789 3169 2933 3216 τινες
2965 3152 3248 3223 ἐπίσημοι,
3279 3152 3400 3212 ταῖς
3433 3149 3744 3219 Ἑλληνικῶς

2196 3248 2291 3312 τὰς
2328 3245 2644 3318 Ἐϐραῖκὰς,’
2669 3243 2960 3315 ὲξιστορῶν
2980 3242 3092 3313 ’μὲν
3118 3242 3186 3295 τὰ
3224 3240 3509 3311 Ἐϐραίων,
3532 3238 3746 3309 ἐφαπτό-

2199 3357 2356 3410 μενος
2395 3338 2451 3392 δὲ
2487 3337 2594 3391 τῶν
2639 3334 2986 3406 Ἑλληνικῶν,
3021 3333 3319 3404 ἐφαρμὸσω
3349 3332 3499 3385 τόνδε
3525 3333 3612 3386 τὸν
3642 3329 3744 3400 τρό-

2196 3449 2296 3486 πον
2315 3448 2328 3462 ·
2356 3429 2648 3501 λαϐόμενος
2682 3430 2808 3500 μιᾶς
2843 3426 3094 3499 πράξεως
3145 3424 3440 3500 Ἐϐραῖκῆς
3471 3425 3742 3495 ὁμοχρόνον

2198 3521 2393 3594 πράξει
2422 3521 2510 3590 ὑφ’
2548 3519 2814 3588 Ἑλλήνιον
2839 3514 3206 3587 ἱστορηθείσῃ,
3229 3514 3323 3567 καὶ
3348 3512 3556 3583 ταύτης

519 3615 600 3670 cis
652 3615 826 3668 obiter
882 3614 1144 3667 duntaxat
1194 3611 1518 3680 perstrictis,
1551 3612 1798 3667 historici
1835 3628 1983 3668 more
2014 3611 2089 3670 iu-

2197 3633 2312 3680 νος,
2344 3615 2594 3687 ἀφαιρῶν
2628 3633 2686 3667 τε
2720 3613 2812 3667 καὶ
2857 3610 3199 3683 προστιθεὶς,
3235 3611 3321 3672 τίς
3347 3626 3403 3662 τε
3453 3609 3670 3680 Ἕλλην,
3713 3607 3739 3675 ἦ

519 3708 633 3761 sius
663 3704 884 3759 Hebraea
913 3713 1211 3775 pertexam.
1246 3701 1303 3756 In
1334 3719 1443 3773 quo
1468 3704 1736 3774 ejusmodi
1763 3703 1947 3759 futura
1971 3721 2089 3759 mea

517 3798 658 3854 ratio
681 3805 782 3861 est,
814 3805 874 3849 ut
896 3796 1108 3865 quoties
1133 3794 1454 3850 llebraicam
1486 3794 1791 3862 historiam,
1821 3811 1942 3866 qua:
1963 3811 2086 3850 cum

518 3890 704 3945 Graeca
733 3889 914 3958 aliqua
941 3899 1181 3958 tempore
1231 3887 1539 3953 conveniat,
1578 3889 1914 3942 tractandam
1965 3904 2088 3943 sus—

519 3997 735 4052 cepero,
799 3981 955 4035 toties
989 3982 1041 4034 in
1081 3997 1140 4035 ea
1180 3989 1495 4035 constanter
1530 3981 1762 4046 hatreus,
1804 3980 2084 4048 detractis,

521 4077 612 4131 ubi
645 4090 731 4128 res
778 4074 985 4139 tulerit,
1037 4073 1333 4143 adjectisve
1381 4071 1683 4134 nonnullis,
1737 4071 1962 4141 quinam
1997 4080 2089 4125 aut

518 4168 851 4227 Grazcorum,
877 4175 968 4220 aut
993 4165 1306 4231 Persarum,
1333 4174 1425 4220 aut
1458 4163 1647 4234 populi
1681 4163 1924 4232 cujusvis
1954 4163 2085 4216 alte-

518 4263 656 4324 rius,
686 4258 925 4329 ejusdem
949 4266 1189 4325 temporc
1222 4257 1488 4321 ﬂoruerit,
1515 4255 1756 4325 aperiam
1790 4271 1803 4307 :
1839 4253 1918 4308 sic
1940 4253 2082 4307 enim

517 4357 636 4422 ejus
673 4369 760 4407 me
793 4355 1031 4417 demum,
1072 4351 1218 4419 quod
1263 4350 1600 4418 propositum
1637 4347 1773 4401 mihi
1801 4354 1904 4407 est,
1935 4361 2086 4400 com-

516 4455 696 4517 potem
745 4443 986 4498 futurum
1045 4440 1316 4494 existimo.
1351 4439 1596 4492 Primum
1646 4437 1811 4506 igitur
1844 4435 2084 4489 eelehra-

517 4538 732 4594 tissima
762 4536 850 4589 illa
876 4531 1222 4588 Hebrmorum
1256 4530 1531 4599 migratio,
1579 4544 1702 4582 cum
1732 4544 1762 4581 a
1791 4525 2085 4581 Nabucho.

516 4633 790 4685 douosore
843 4623 1133 4696 Babylonis
1193 4638 1319 4692 rege
1373 4622 1427 4674 in
1496 4621 1820 4674 servitutem
1864 4618 2084 4672 abducti

516 4729 665 4788 sunt,
701 4733 875 4774 annos
903 4716 1076 4771 tenuit
1099 4711 1466 4782 septuaginta,
1513 4709 1589 4762 uti
1640 4709 1884 4762 futurum
1933 4706 2084 4762 Jere-

513 4814 656 4868 mias
690 4819 815 4866 ante
842 4807 1185 4880 prazdixerat.
1213 4802 1384 4856 Porro
1408 4797 1962 4854 Nabuchodonosoris
1984 4797 2084 4851 Be-

512 4921 675 4960 rosus
731 4917 949 4973 quoque
999 4895 1330 4967 Babylonius
1381 4891 1649 4945 meminit.
1706 4888 1926 4942 Exactis
1973 4888 2080 4945 illis
2112 4931 2154 4984 Β

512 4997 858 5068 septuaginta
888 4989 1216 5062 captivitatis
1243 4984 1426 5049 annis,
1454 4982 1630 5052 Cyrus
1671 4979 1954 5034 Persicum
1988 4996 2076 5034 re-

512 5105 678 5160 gnum
711 5085 966 5152 obtinuit,
990 5097 1112 5136 cum
1153 5077 1418 5150 Olympius
1455 5081 1708 5141 ageretur
1737 5069 2079 5141 quinquage-

508 5185 651 5237 sima
681 5180 892 5249 quinta,
929 5175 1008 5230 uti
1057 5189 1120 5227 ex
1161 5167 1380 5223 Diodori
1411 5162 1741 5217 Bibliotheca
1765 5199 1779 5226 ,
1811 5160 1991 5214 Thalli
2024 5171 2078 5216 et

508 5272 773 5335 Castoris,
820 5283 920 5322 nec
949 5281 1056 5319 non
1085 5259 1296 5332 Polybii
1342 5266 1396 5312 et
1441 5252 1758 5323 Phlegontis
1806 5251 2075 5317 historiis,

508 5363 724 5418 auferre
761 5362 921 5422 licet;
957 5357 1188 5424 aliisque
1239 5359 1519 5422 praeterea,
1567 5345 1660 5414 qui
1707 5343 2074 5415 olympiadum

509 5454 706 5511 seriem
751 5459 1042 5507 texuerunt
1091 5468 1105 5503 :
1143 5443 1399 5499 omnibus
1441 5438 1585 5493 enim
1621 5436 1675 5488 in
1720 5450 1785 5489 eo
1837 5443 2078 5501 tempore

508 5545 815 5601 deﬁniendo
849 5540 1122 5595 convenit.
1154 5537 1328 5608 Cyrus
1357 5531 1518 5602 igitur
1559 5541 1703 5581 anno
1745 5523 1958 5593 imperii
1989 5524 2072 5578 sui

509 5638 707 5709 primo,
730 5635 825 5702 qui
848 5631 1174 5702 Olympiadis
1204 5621 1673 5698 quinquagesimo
1714 5617 1918 5687 quinte
1967 5616 2078 5684 pri-

583 5765 606 5792 ι
653 5768 735 5819 j'p.
770 5747 1141 5812 συνεχρόνισεν

2192 3709 2426 3780 Πέρσης,
2459 3708 2490 3779 ἢ
2525 3709 2618 3760 καὶ
2644 3704 2887 3760 ὁστισοῦν
2915 3707 2980 3775 τῇ
3015 3702 3280 3774 Ἐϐραίων
3308 3702 3738 3772 συνεχρόνησενις

2192 3801 2711 3871 ὲπισημειούμενος,
2775 3798 2906 3860 ἴσως
2981 3796 3046 3849 ἂν
3101 3794 3195 3847 τοῦ
3249 3791 3453 3846 σκοποῦ
3522 3793 3736 3863 τύχοιμι.

2203 3894 2469 3965 Ἐϐραίων
2507 3893 2602 3962 μὲν
2631 3889 2722 3945 οὖν
2761 3893 2793 3962 ἡ
2842 3889 3090 3960 μετοικία
3123 3887 3526 3959 ἐπισημοτάτη,
3561 3889 3738 3954 αἰχμα-

2190 3984 2555 4039 λωτισθέντων
2584 3983 2688 4036 ὑπὸ
2712 3981 3178 4052 Ναϐουχοδονόσορ
3212 3979 3476 4049 βασιλέως
3507 3975 3739 4030 Βαϐυλῶ-

2189 4094 2297 4143 νος,
2322 4076 2637 4148 παρέτεινεν
2655 4074 2747 4145 ἐτη
2771 4080 2833 4139 o',
2858 4072 2999 4127 καθά
3032 4075 3435 4142 προεφήτευσεν
3468 4067 3734 4139 Ἱερεμίας.

2189 4167 2296 4221 Τοῦ
2328 4168 2391 4239 δὴ
2422 4163 2890 4236 Ναϐουχοδονόσορ
2929 4161 3258 4234 μνημονεύει
3291 4161 3580 4232 Βηρωσσος
3606 4163 3631 4212 ὁ
3652 4158 3736 4210 Βα-

2189 4260 2466 4323 ϐυλώνιος.
2495 4259 2647 4313 Μετὰ
2675 4258 2731 4310 δὲ
2758 4257 2828 4310 τὰ
2858 4263 2898 4309 o'
2932 4256 3030 4325 τῆς
3057 4254 3435 4326 αἰχμαλωσίας
3460 4253 3552 4323 ἔτη
3578 4252 3738 4323 Κῦρος

2188 4352 2414 4422 Περσῶν
2443 4349 2751 4405 ἐϐασίλευεν
2771 4391 2784 4414 ,
2905 4347 3012 4400 ἔτει
3053 4347 3356 4417 Ὀλυμπιὰς
3388 4346 3525 4415 ἤχθη
3559 4352 3642 4403 νεν,
3669 4343 3737 4401 ὡς

2185 4442 2252 4492 ὲκ
2281 4440 2386 4492 τῶν
2416 4439 2818 4507 Βιϐλιοθηκῶν
2845 4436 3140 4507 Διοδώρου,
3194 4435 3290 4489 καὶ
3320 4434 3414 4488 τοῦ
3439 4433 3633 4487 Θαλλοῦ
3654 4432 3737 4483 καὶ

2186 4533 2465 4603 Κάστορος
2498 4531 2748 4602 ἱστοριῶν
2768 4572 2782 4594 ,
2815 4530 2893 4583 ἔτι
2937 4530 2993 4583 δὲ
3044 4527 3307 4582 Πολυϐίου
3340 4528 3434 4580 καὶ
3473 4525 3737 4590 Φλέγοντκ

2187 4621 2332 4676 ἔστιν
2365 4625 2566 4693 εὑρεῖν,
2600 4621 2735 4674 ἀλλά
2767 4621 2861 4674 καὶ
2893 4620 3118 4691 ιῐετέρων,⁵
3148 4612 3230 4681 οἷς
3259 4617 3525 4689 ἐμέλησεν
3559 4615 3736 4681 Ὀλυμο

2185 4717 2426 4769 πιάδων·
2475 4715 2647 4769 ἅπασι
2691 4715 2799 4784 γὰρ
2835 4710 3212 4782 συνεφώνησεν
3254 4713 3282 4763 ό
3332 4711 3545 4781 χρόνος.
3577 4705 3736 4773 Κῦρῡς

2184 4808 2227 4860 δ’
2259 4804 2350 4861 οὖν
2373 4808 2450 4879 τῷ
2485 4806 2683 4879 πρώτῳ
2709 4806 2806 4876 τῆς
2837 4805 3012 4874 ἀρχῆς
3041 4803 3170 4866 ἔτει,
3197 4803 3337 4872 ὅπερ
3369 4797 3436 4870 ἦν
3468 4794 3734 4866 Ὀλυμπιά-

2183 4898 2271 4962 δος
2299 4907 2371 4952 νε¹
2404 4899 2522 4961 ἔτος
2551 4900 2609 4951 τὸ
2637 4897 2872 4968 πρῶτον,
2907 4895 2996 4949 διὰ
3031 4891 3366 4964 Ζοροϐάϐελ,
3403 4889 3522 4943 καθ’
3553 4889 3605 4940 ὃν
3639 4885 3737 4951 '17,-

2185 4989 2310 5051 σοῦς
2338 4992 2366 5042 ὀ
2396 4989 2489 5041 τοῦ
2525 4988 2800 5049 Ἰωσεδὲκ,
2831 4986 2926 5057 τὴν
2965 4983 3186 5056 πρώτην
3237 4982 3334 5035 καὶ
3371 4979 3590 5051 μερικὴν
3610 4973 3733 5028 dmi.

2183 5080 2390 5149 πεμῷιν
2439 5081 2732 5151 ἐποιήσατο
2758 5078 2852 5130 τοῦ
2882 5075 3034 5137 λαοῦ,
3068 5072 3451 5144 πληρωθείσης
3483 5071 3574 5138 τῆς
3603 5063 3737 5118 ἑϐδο-

2188 5173 2602 5242 μηκονταετίας,
2634 5171 2710 5232 ὡς
2736 5171 2793 5222 ὲν
2826 5168 2902 5238 τῷ
2927 5167 3134 5238 Ἔσδρᾳ
3159 5165 3311 5235 παρὰ
3345 5167 3456 5226 τοῖς
3489 5155 3738 5230 Ἑϐραέοις

2189 5263 2484 5334 ἱστόρηται.
2511 5265 2575 5316 Αἱ
2610 5263 2709 5333 μὲν
2733 5257 2825 5315 οὖν
2857 5260 3084 5330 ἱστορίαι
3111 5258 3485 5329 συντρέχουσι,
3503 5254 3664 5324 Κύρου
3681 5266 3738 5301 τε

2188 5349 2463 5420 βασιλείας
2511 5354 2606 5406 καὶ
2651 5352 3030 5423 αἰχμαλωσίας
3069 5349 3293 5412 τέλουςο
3341 5349 3435 5402 καὶ
3474 5342 3600 5399 κατὰ
3641 5339 3740 5399 τὰς

2197 5445 2560 5513 .υλυμπιάδας
2590 5445 2760 5508 οὕτως
2789 5445 2868 5508 εἰς
2900 5443 3050 5514 ἡμᾶς
3088 5440 3448 5513 εὐρεοήσεται
3475 5430 3742 5506 συμφωνή-

2185 5551 2386 5587 σαντα·
2427 5535 2637 5597 τούτοις
2666 5535 2776 5606 γὰρ
2809 5535 3100 5605 ἑπόμενοι,
3138 5533 3236 5586 καὶ
3265 5531 3367 5596 τὰς
3395 5527 3570 5588 λοιπὰς
3605 5523 3744 5574 i670-

2189 5627 2308 5697 Ρίας
2339 5626 2478 5680 κατᾶ
2505 5628 2593 5680 τὸν
2635 5627 2798 5679 αὐτὸν
2841 5628 2998 5680 λόγον
3043 5625 3305 5687 enim;
3348 5619 3740 5692 ésaaséw‘"
