3840 6370
147 361 230 413 813

1245 355 1564 412 ΡῐὶᾹΞΡΑῐί.
1602 355 1854 410 EVANC.
1897 355 2023 410 LIB.
2072 355 2136 410 Χ.

3223 361 3322 415 8H

167 481 218 544 ἃς
249 480 298 532 δὲ
336 478 430 548 πρὸ
471 477 707 540 τούτων,
749 470 849 529 ὧδέ
898 492 1014 538 πως
1046 477 1141 546 τῆς
1177 477 1424 547 Ἀττικῆς
1469 493 1626 548 χρονο

1757 491 1878 530 mus
1908 477 2037 531 item
2062 495 2238 533 annus
2266 490 2399 541 erat,
2439 494 2531 546 per
2554 461 3145 549 Zorobabelem,.cnjns
3166 484 3325 536 etiam

139 570 334 642 γραφίας
359 568 753 641 ἀριθμουμένης
777 585 790 598 ·
837 569 946 622 άπὸ
979 568 1202 636 Ὠγύγου
1239 569 1330 621 τοῦ
1359 571 1488 640 παρ’
1513 569 1657 621 ἐκεί-

136 681 225 727 νοις
258 661 554 731 αὐτόχθονος
592 660 1001 724 πιστευθέντος,
1035 662 1118 728 ἐφ’
1152 655 1212 714 οὗ
1240 661 1461 728 γέγονεν
1499 662 1528 713 ὁ
1563 661 1658 730 μέ-

136 765 214 818 γας
271 752 353 803 καὶ
416 751 625 820 πρῶτος
687 751 747 804 ἐν
813 753 879 821 τῇ
953 751 1169 822 Ἀττικῇ
1233 750 1654 821 κατακλυσμὸς,

134 841 376 913 Φορωνέως
424 841 678 912 Ἀργείων
733 839 1137 910 βασιλεύοντος,
1180 843 1254 906 ώς
1310 841 1655 905 Ἀκουσίλαος

136 937 312 1004 ἱστορεῖ,
336 933 491 1003 μέχρι
523 932 745 1003 πρώτης
782 933 1158 1004 Ὀλυμπιάδος,
1179 933 1371 987 ὁπόθεν
1399 934 1656 1004 ’Έλληνες

133 1025 346 1098 ἀκριϐοῦν
374 1027 496 1088 τοὺς
527 1025 750 1096 χρόνους
770 1027 1046 1096 ἐνόμισαν,
1065 1027 1158 1096 ἐτη
1187 1028 1476 1095 συνάγεται
1509 1028 1654 1098 χίλια

130 1121 307 1170 εἴκοσιν·
354 1117 428 1180 ὡς
463 1119 555 1169 καὶ
588 1119 700 1180 τοῖς
746 1119 1162 1188 προειρημένοις
1217 1123 1526 1189 συμφωνεῖ,
1562 1121 1654 1173 καὶ

131 1213 216 1271 τοῖς
242 1209 354 1280 ἑξῆς
379 1209 740 1279 δειχθήσεται.
795 1209 979 1266 Ίῖαὖτα
1018 1210 1127 1282 γὰρ
1180 1212 1474 1282 Ἀθηναίων
1521 1215 1654 1266 ιστο-

132 1299 309 1364 ροῦντες
356 1300 461 1372 (64)
523 1300 830 1364 Ἑλλάνικός
881 1319 940 1353 τε
986 1302 1078 1356 καὶ
1129 1301 1414 1374 Φιλόχορος
1460 1307 1506 1358 οἱ
1555 1305 1654 1368 τὰς

139 1390 372 1456 Ἀτθίδας,
391 1393 443 1444 οἵ
465 1409 528 1444 τε
551 1393 620 1446 τὰ
645 1393 825 1460 Σύρια
849 1395 1084 1459 Κάστωρ
1113 1395 1205 1446 καὶ
1230 1395 1451 1460 Θαλλδς,
1468 1398 1558 1450 καὶ
1586 1399 1652 1452 τὰ

128 1483 302 1535 πάντων
327 1483 586 1554 Διόδωρος
619 1485 647 1534 ὁ
690 1483 789 1546 τὰς
832 1484 1226 1551 Βιϐλιοθήκης
1250 1526 1264 1550 ,
1311 1486 1652 1559 Ἀλέξανδῴς

125 1591 169 1625 τε
190 1577 213 1627 ὁ
235 1573 549 1646 Πολυΐστωρ,
582 1576 676 1627 καί
709 1593 852 1638 τινες
874 1576 981 1628 τῶν
1012 1577 1131 1630 καθ’
1161 1579 1308 1648 ἡμᾶς
1330 1580 1649 1649 ἀκριϐέστε-

126 1683 196 1734 ρον
218 1666 549 1736 ἐμνήσθησαν
570 1708 586 1732 ,
621 1666 843 1719 καὶτῶν
880 1668 1142 1720 Ἀττικῶν
1172 1670 1443 1724 ἁπάντων.
1477 1673 1543 1723 Εἴ
1567 1690 1650 1736 τις

123 1755 194 1812 οὖν
225 1759 274 1809 ἐν
304 1761 408 1820 τοῖς
441 1759 637 1828 χιλίοις
676 1759 878 1812 εἴκοσιν
910 1759 1086 1812 ἔτεσιν
1132 1761 1400 1830 ἐπίσημος
1442 1763 1648 1834 ἱστορία

1757 569 1983 636 :rqualis
2007 569 2147 623 idem
2180 580 2232 624 et
2275 570 2460 623 socius
2505 577 2622 623 erat
2663 567 2822 624 Jesns
2865 570 3112 625 Josedeci
3159 574 3324 636 lilius,

1757 661 1968 728 expleta
1999 659 2112 730 jam
2142 662 2484 730 septuaginta
2538 676 2807 715 annorum
2862 679 3098 728 summa,
3144 668 3327 735 popu.i

1756 749 1967 805 Judaici
2016 763 2223 821 partem
2279 754 2517 823 aliquam
2557 755 2796 824 primum
2825 755 3055 817 dimisit,
3093 767 3150 810 ut
3183 760 3324 828 apud

1758 841 1985 896 Esdram
2014 841 2296 898 Hebrtettm
2328 845 2648 900 historicum
2677 846 2929 916 legimus.
2972 848 3036 901 Et
3065 851 3324 918 quoniam

1757 934 1908 1003 regni
1960 933 2084 1005 Cyri
2151 937 2478 1006 principium
2527 954 2653 991 cum
2700 937 2938 992 Judaicre
2997 942 3324 1008 captivitatis

1758 1028 1885 1093 line,
1925 1029 2316 1082 historicorum
2353 1030 2597 1083 omnium
2638 1033 2998 1086 consensione
3025 1035 3321 1098 concurrit,

1754 1120 1950 1174 similis
1984 1123 2146 1174 etiam
2175 1121 2226 1174 in
2259 1123 2627 1192 olympiadum
2654 1124 2833 1186 annis,
2863 1140 2984 1178 cum
3013 1127 3318 1195 utriusque,

1753 1219 1866 1262 tum
1903 1218 2220 1264 ceterorum
2249 1211 2504 1280 deinceps
2529 1212 2904 1266 convenientia
2931 1214 2996 1267 ad
3027 1231 3125 1268 nos
3150 1231 3322 1284 Usque

1751 1299 1989 1368 ducitur,
2025 1302 2224 1372 quippe
2256 1303 2349 1369 qui
2397 1305 2465 1356 ab
2495 1319 2560 1356 eo
2585 1303 2749 1356 veluti
2780 1307 2999 1360 cardine
3027 1311 3318 1376 progressi,

1751 1403 2144 1463 consequentes
2176 1396 2377 1464 pariter
2405 1396 2660 1452 historias
2693 1397 2882 1451 eadem
2921 1399 3061 1453 inter
3090 1417 3209 1454 sese
3235 1419 3319 1454 ra—

1750 1484 1899 1539 tione
1923 1487 2273 1542 commissuri
2321 1488 2740 1558 contexturique
2773 1490 2966 1545 simus.
3020 1491 3089 1543 At
3136 1491 3188 1543 in
3229 1510 3317 1544 sn-

1749 1577 2024 1645 periorum
2061 1579 2448 1646 consignandis
2474 1585 2834 1651 temporibus,
2867 1584 2912 1637 si
2943 1584 3130 1636 Attica}
3153 1585 3316 1637 chro-

1750 1669 2061 1738 nographite
2098 1670 2365 1724 rationem
2421 1673 2576 1740 sequi
2628 1674 2776 1738 libet,
2809 1674 2876 1728 ab
2918 1675 3119 1745 Ogyge,
3156 1693 3316 1745 quem

1750 1756 1988 1811 indidem
2022 1768 2200 1813 satum
2234 1776 2354 1814 esse
2383 1763 2633 1827 credunt,
2678 1766 2780 1818 sub
2821 1781 2930 1834 quo
2965 1767 3153 1835 ingens
3188 1767 3316 1821 illud

121 1851 351 1920 τυγχάνει,
374 1851 513 1906 κατὰ
542 1853 605 1904 τὸ
626 1852 894 1922 χρήσιμον
923 1852 1296 1922 ἐκλεγήσεται.
1331 1873 1349 1904 ι
1377 1855 1483 1906 Καὶ¹
1509 1857 1631 1926 μετέ

1749 1849 2094 1920 primumque
2119 1853 2408 1918 diluvium,
2432 1864 2691 1924 regnante
2713 1857 2870 1926 Argis
2897 1857 3200 1928 Phoroneo,
3223 1860 3315 1915 At-

124 1942 290 2012 βραχέα
322 1943 559 2011 ἐπιλέγει
580 1959 595 1972 ·
617 1962 636 1993 ‹
657 1945 838 2012 Φαμὲν
855 1945 1032 1997 τοίνυν
1057 1945 1120 1998 ἐκ
1144 1963 1202 1997 τε
1228 1945 1338 2016 (65)
1367 1946 1519 2000 τοῦδε
1544 1949 1639 2001 τοῦ

120 2034 520 2104 συγγράμματος,
540 2035 797 2102 Ὤγυγον,
822 2035 881 2098 ὃς
903 2035 996 2089 τοῦ
1019 2037 1233 2107 πρώτου
1256 2039 1640 2110 κατακλυσμοῦ

121 2123 296 2189 γέγονεν
319 2122 623 2192 ἐπώνυμος,
656 2123 864 2178 πολλῶν
895 2124 1293 2196 διαφθαρέντων
1319 2125 1602 2190 διασωθεὶς
1622 2170 1638 2193 ,

123 2213 231 2266 κατὰ
264 2216 351 2286 τὴν
411 2215 694 2284 Αἴγυπτον
730 2216 843 2287 (66)
893 2217 987 2271 τοῦ
1035 2217 1164 2270 λαοῦ
1212 2216 1352 2288 μετὰ
1399 2219 1640 2284 Μωσέως

121 2305 257 2370 ἔξοδον
285 2307 630 2376 γεγενῆσθαι,
670 2308 820 2362 τόνδε
852 2308 942 2362 τὸν
975 2309 1194 2380 τρόπον.
1249 2309 1371 2362 Ἐπὶ
1416 2307 1639 2381 πρώτην

129 2398 411 2469 Ὀλυμπιάδα
466 2400 572 2472 τὴν
631 2401 1034 2472 προειρημένην
1100 2400 1208 2455 ἀπὸ
1260 2401 1484 2470 Ὠγύγου
1541 2401 1635 2474 ἐτη

119 2492 405 2562 δειχθήσεται
453 2493 572 2563 (67)
608 2506 746 2563 ,ακ’·
777 2493 885 2548 ἀπὸ
925 2492 981 2545 δὲ
1006 2491 1228 2564 πρώτης
1280 2492 1637 2563 Ὀλυμπιάδος

118 2584 187 2635 ἐπὶ
211 2584 292 2654 τῆς
324 2592 390 2637 γε’
420 2585 543 2648 ἔτος
575 2584 811 2655 πρῶτον,
843 2585 1119 2640 τουτέστιν
1147 2584 1242 2638 ἐπὶ
1270 2583 1452 2655 Κύρου
1485 2585 1638 2655 βασι-

120 2675 224 2736 λέως
244 2675 348 2739 ἔτος
378 2677 598 2746 πρῶτον
620 2717 636 2742 ,
666 2679 802 2748 ὅπερ
827 2673 894 2746 ἦν
925 2677 1296 2748 αἰχμαλωσίας
1326 2677 1507 2742 τέλος,
1542 2677 1632 2747 ἐτη

120 2763 219 2828 σιξ·
245 2768 339 2821 άπὸ
371 2769 602 2838 Ὠγύγου
628 2769 806 2821 τοίνυν
827 2769 920 2821 ἐπὶ
952 2769 1132 2840 Κῦρον
1158 2769 1252 2838 ἐτη
1287 2769 1468 2840 ,ασλζκ
1499 2771 1562 2822 Εἰ
1587 2769 1635 2823 δ’

118 2858 323 2929 ἀναφέρει
353 2879 434 2924 τις
478 2860 943 2932 ἐπιλογιζόμενος,
1001 2861 1109 2914 άπὸ
1152 2861 1244 2914 τοῦ
1288 2861 1474 2925 τέλους
1535 2863 1634 2933 τῆς

119 2948 429 3017 αἰχμαλωσίας
455 2950 626 3022 ,ασλξ
671 2950 799 3020 ἐτη,
832 2950 972 3002 κατὰ
1015 2950 1270 3003 ἀνάλυσιν
1325 2950 1634 3022 εὑρίσκεται

116 3041 263 3094 ταυτὸν
289 3041 560 3114 διάστημα
592 3041 684 3094 ἐπὶ
715 3041 775 3093 τὸ
807 3041 1020 3113 πρῶτον
1057 3040 1174 3105 ἔτος
1204 3042 1301 3112 τῆς
1325 3041 1433 3094 ἀπὸ
1468 3042 1633 3110 Αίγύ-

118 3143 216 3180 ττου
261 3129 340 3182 διὰ
383 3129 633 3192 Μωσέως
670 3129 848 3197 ἐξόδου
896 3130 1146 3201 Ἰσραὴλ,
1204 3130 1325 3184 ὅσον
1371 3129 1477 3182 άπὸ
1530 3130 1632 3200 τῆς

114 3223 423 3292 amicos-ﬁ;
454 3223 713 3294 πέμπτης
769 3222 1122 3292 Ὀλυμπιάδος
1158 3223 1250 3276 ἐπὶ
1282 3224 1541 3292 Ὤγυγον,
1571 3222 1630 3286 ὃς
1659 3201 1699 3258 C

112 3309 276 3366 ἔκτισεν
312 3313 606 3368 Ἐλευσῖνα.
635 3313 793 3367 Ὅθεν
825 3315 1217 3386 ἐπισημότερόν
1245 3315 1361 3367 ἐστι
1397 3315 1629 3368 καταλα-

115 3402 197 3453 ϐεῖν
218 3404 300 3472 τὴν
336 3405 587 3476 Ἀττικὴν
617 3407 1038 3477 χρονογραφίαν.
1069 3426 1087 3457 ι
1141 3407 1249 3460 Καὶ
1279 3409 1396 3478 μεθ’
1429 3409 1591 3480 ἕτερα
1611 3425 1624 3438 ³

118 3495 220 3547 «Καὶ
239 3497 456 3551 τοσαῦτα
486 3499 591 3569 μὲν
616 3500 721 3570 πρὸ
749 3498 993 3567 Ὠγύγου.
1015 3500 1170 3552 Κατὰ
1197 3501 1253 3553 δέ
1279 3502 1405 3563 τοὺς
1436 3501 1625 3556 τούτου

113 3591 285 3660 mima;
323 3595 510 3665 ἐξῆλθε
582 3595 786 3665 Μωσῆς
827 3595 921 3647 ἀπ’
949 3595 1245 3662 Αἰγύπτου.
1280 3597 1390 3648 Καὶ
1421 3596 1496 3660 ῶς
1528 3598 1627 3651 οὐκ

111 3677 284 3734 rita-mw
305 3684 419 3737 τότε
449 3685 628 3738 ταῦτα
657 3684 948 3755 συμϐῆναι,
975 3684 1258 3755 δείκνυμεν
1283 3685 1472 3748 οὕτως.
1492 3687 1625 3739 Ἀπὸ

109 3769 180 3839 τῆς
205 3774 358 3838 ἐξόδου
386 3777 637 3838 Μωσέως
693 3776 785 3828 ἐπὶ
819 3775 1019 3848 Κῦρον,
1048 3775 1106 3840 ὃς
1139 3776 1452 3829 ἐϐασίλευσε
1485 3778 1623 3848 μετὰ

107 3860 179 3932 τὴν
204 3868 554 3936 αἰχμαλωσίαν
575 3908 589 3931 ,
639 3867 734 3937 ἔτη
775 3867 960 3938 ,ασλζ’.
989 3869 1229 3932 Μωσέως
1259 3868 1367 3940 γὰρ
1414 3869 1506 3940 ἐτη
1553 3869 1622 3923 τὰ

109 3953 227 4010 λοιπὰ
252 3962 683 4032 τεσσαράκοντα’
728 3959 902 4031 Ἰησοῦ
947 3959 1040 4012 τοῦ
1075 3961 1191 4030 μετ’
1237 3962 1440 4014 ἐκεῖνον
1482 3963 1621 4033 ἡγη-

110 4049 290 4117 σαμένου
333 4053 424 4124 ἐτη
472 4059 554 4106 κε’
579 4069 591 4082 ·
650 4051 1032 4123 πρεσϐυτέρων
1081 4051 1172 4122 ἔτη
1220 4051 1284 4116 λ’,
1332 4053 1437 4106 τῶν
1483 4054 1619 4124 μετὰ

116 4139 247 4210 ἰηπῦ
290 4146 482 4215 κριτῶν
509 4164 522 4176 ·
565 4145 673 4198 τῶν
722 4145 780 4198 δέ
834 4147 891 4198 ἐν
930 4147 1000 4215 τῇ
1057 4145 1224 4214 βίϐλῳ
1260 4146 1368 4200 τῶν
1418 4148 1618 4219 κριτῶν

109 4237 448 4306 περιεχομένων
477 4237 574 4308 ἐτη
602 4241 684 4303 ul,’
705 4251 719 4267 '
759 4235 946 4306 ἱερέων
973 4236 1028 4288 δὲ
1063 4236 1210 4289 Ἠλεὶ
1245 4238 1335 4290 καὶ
1369 4238 1618 4310 Σαμουὴλ

107 4321 174 4392 ἔτη
203 4330 259 4391 ις’·
291 4329 390 4382 τῶν
422 4329 476 4382 δὲ
504 4329 632 4398 ἑξῆς
667 4327 928 4398 βασιλέων
943 4328 1208 4400 Ἐὁραίων
1233 4329 1327 4400 ἐτη
1357 4331 1617 4402 τετρακὸ-

108 4430 172 4466 ςια
197 4422 263 4483 ιιό
303 4418 366 4493 ἧς
409 4424 468 4474 τὸ
503 4423 812 4475 τελευταῖον
837 4421 948 4491 (68)
981 4420 1098 4484 ἐτος
1136 4417 1203 4492 ἦν
1249 4423 1432 4494 Κύρου
1469 4425 1618 4495 βασι-

107 4503 215 4571 ida;
247 4511 352 4576 ἔτος
383 4514 633 4583 πρῶτον,
663 4513 739 4576 ὡς
765 4514 1191 4584 προειρήκαμεν.
1229 4515 1352 4567 Ἐπὶ
1379 4515 1434 4568 δὲ
1468 4516 1616 4586 πρώ-
1646 4539 1689 4593 D

108 4614 178 4666 της
217 4603 554 4674 Ὀλυμπιάδος
594 4605 702 4658 ἀπὸ
739 4605 982 4668 Μωσέως
1017 4605 1108 4676 ἐτη
1147 4612 1276 4675 ιακι,
1318 4608 1472 4678 εἶπερ
1517 4608 1611 4660 ἐπὶ

107 4696 413 4766 πεντηκοστῆς
427 4698 684 4767 πέμπτης
705 4696 820 4759 ἐτος
835 4696 1046 4768 πρῶτον
1063 4697 1155 4766 ἐτη
1173 4715 1221 4767 ,α
1229 4697 1350 4762 σλζ’.
1371 4701 1485 4752 Κάν
1504 4701 1612 4763 τοῖς

113 4779 378 4852 Ἑλληνικοῖς
419 4788 752 4858 συνέδραμεν
793 4791 821 4842 ὁ
862 4788 1067 4859 χρόνος.
1101 4790 1254 4842 Μετὰ
1281 4791 1338 4842 δὲ
1380 4792 1610 4860 Ὤγυγον

103 4869 167 4923 διὰ
189 4875 267 4945 τὴν
287 4880 386 4933 ἀπὸ
417 4881 511 4934 τοῦ
550 4879 937 4952 κατακλυσμοῦ
964 4881 1159 4953 πολλὴν
1186 4881 1389 4953 φθορὰν
1419 4884 1607 4937 ἀϐασί-

156 5024 262 5108 (651-
277 5033 833 5108 Ταῦτᾳφὰρᾼᾉθηντ
867 5036 1052 5100 ἱστορ.
1091 5032 1269 5086 Malim
1299 5033 1469 5087 ταῦτα
1501 5036 1608 5108 γὰρ

105 5094 366 5173 ίσῖξροῦσιν,
401 5094 583 5158 deleto
616 5094 932 5173 Ἀθηναίων,

155 5166 248 5244 (65)Δ
273 5174 365 5225 Ἕκ
399 5191 480 5226 τε.
523 5166 788 5228 l'articula
829 5191 920 5239 τε,
967 5184 1061 5229 aut
1101 5175 1455 5244 expungenda
1490 5187 1603 5239 est,

103 5239 370 5313 autaaliquid
396 5245 541 5298 aliud
572 5245 828 5313 postulat.

99 5371 124 5421 ἀ
154 5307 240 5428 (ϐξ)
270 5307 584 5382 Ὰῖγισπτονξ
646 5315 774 5369 Dele
803 5315 944 5369 hanc
984 5329 1208 5381 vocem,
1263 5325 1354 5370 aut
1403 5332 1604 5384 repone

129 5389 157 5423 π
227 5382 448 5428 ξγύπτου-

129 5382 167 5423 π’
192 5382 448 5447 Αἰγύπτου.

270 5455 658 5522 ῥειχθήσεται.
687 5454 843 5507 Forte
865 5454 1188 5510 δεικνύεται.

149 5517 460 5594 ιυδιίιξτά
493 5525 849 5594 τελευταῖον.
899 5523 1058 5579 Deest
1096 5527 1181 5581 hic
1215 5525 1441 5594 aliquid.
1476 5525 1598 5590 Quo

100 5588 276 5663 εηίξιὶτὸ
300 5588 360 5663 ἧς
387 5595 681 5649 referatur?
734 5593 893 5646 Forte
932 5605 1055 5648 ante
1111 5597 1254 5650 hunc
1304 5588 1594 5648 articulum

101 5656 330 5735 scripserit
361 5664 671 5727 Africanus,
711 5665 810 5733 τῆς
852 5665 894 5716 δ’
944 5666 1316 5735 αἰχμαλωσίας
1367 5667 1595 5735 ἐϐδομή-

102 5737 236 5780 κοντα.
255 5730 396 5786 Certe
420 5736 555 5803 ἁμάς
591 5738 679 5789 illa
717 5730 860 5788 inille
888 5730 1244 5789 ducentorum
1276 5753 1340 5789 ac
1371 5730 1589 5802 triginta

103 5804 257 5861 Wplctu
296 5818 578 5872 annorum,
614 5823 745 5876 quos
777 5807 842 5858 ab
876 5805 1060 5859 Exodo
1094 5809 1158 5862 ad
1184 5807 1382 5877 Cyrum
1423 5823 1592 5878 usqu:

1747 1940 1907 1995 ticam
1941 1943 2208 1998 invasisse
2226 1946 2517 2002 Acusilaus
2545 1958 2736 2003 auctor
2752 1959 2853 2014 est,
2879 1952 2944 2004 ad
2969 1952 3198 2020 primam
3223 1970 3317 2008 us-

1746 2046 1851 2102 que
1873 2031 2250 2102 Olympiadem,
2287 2035 2425 2089 unde
2447 2035 2617 2092 Graeci
2647 2050 2954 2096 accuratam
2979 2045 3080 2098 sibi
3113 2056 3309 2115 tempo-

1746 2121 2058 2193 ωσι-489
2080 2124 2272 2178 seriem
2314 2124 2613 2180 ducendam
2645 2140 2986 2200 putaverunt,
3012 2136 3137 2188 anni
3165 2139 3310 2192 colli-

1746 2223 1950 2284 guntur
1972 2214 2161 2284 viginti
2189 2231 2350 2285 supra
2380 2218 2557 2283 mille;
2583 2221 2674 2290 qui
2703 2239 2962 2280 numerus
2991 2236 3044 2279 et
3073 2245 3194 2282 cum
3221 2247 3315 2283 su-

1747 2303 2050 2373 perioribus
2073 2305 2274 2374 optime
2296 2310 2567 2378 congruit,
2596 2321 2647 2365 et
2677 2328 2742 2366 ex
2767 2317 3104 2383 sequentium
3135 2321 3281 2372 ἀνι-ιη
3300 2351 3314 2362 ς

1738 2400 1946 2454 ratione
1973 2401 2262 2456 constabit.
2299 2399 2424 2457 llaec
2476 2403 2619 2456 enim
2655 2401 2963 2459 Hellanicus
3009 2413 3063 2458 et
3125 2404 3312 2458 l’hilo-

1737 2489 1958 2556 chorus,
1991 2492 2082 2562 qui
2124 2509 2205 2548 res
2239 2494 2464 2557 Atticus,
2503 2497 2740 2563 itemque
2766 2495 2960 2550 Castor
2983 2505 3034 2549 et
3065 2495 3310 2561 Thallus,

1737 2582 1829 2652 qui
1864 2582 2115 2652 Syriacas
2149 2588 2421 2654 prosecuti
2476 2595 2622 2648 sunt,
2651 2588 2853 2656 quique
2900 2588 3140 2655 gentium
3189 2606 3298 2642 ont-

1737 2673 1887 2726 nium
1926 2673 2209 2729 historiam
2244 2677 2297 2728 in
2329 2675 2709 2728 Bibliothecam
2743 2693 2896 2730 suam
2936 2679 3156 2735 inclusit
3185 2681 3310 2735 Dio-

1734 2764 1922 2832 dorus,
1952 2774 2006 2820 et
2025 2765 2331 2821 Alexander
2374 2766 2682 2838 Polyhistor
2714 2771 2990 2824 memoria:
3048 2772 3308 2842 prodide-

1735 2869 1862 2912 runt
1888 2876 1904 2912 :
1939 2873 2170 2927 quorum
2203 2861 2386 2925 etiam,
2416 2877 2447 2916 e
2478 2861 2971 2929 nostris.pra*terea
3019 2865 3262 2918 nonnulli
3291 2908 3306 2931 ,

1733 2950 2043 3020 diligentius
2076 2969 2238 3020 quam
2282 2953 2441 3008 Attici
2475 2968 2665 3008 omnes
2691 2996 2705 3018 ,
2752 2954 3168 3026 accuratiusque
3195 2973 3309 3011 me-

1733 3040 1959 3095 minere.
1992 3040 2174 3111 Itaque
2197 3084 2211 3105 ,
2243 3042 2286 3097 si
2323 3059 2444 3112 qua:
2493 3044 2638 3098 mille
2667 3059 2731 3099 ac
2787 3043 2977 3114 viginti
3033 3060 3306 3102 annorum

1733 3131 1908 3200 spatio
1941 3133 2100 3200 paulo
2131 3133 2393 3203 insignior
2423 3144 2673 3189 occurret
2704 3134 2950 3201 historia,
2995 3151 3117 3190 eam
3152 3133 3329 3191 com?

1735 3222 1892 3276 mode
1922 3238 2022 3278 suo
2053 3223 2171 3277 loco
2200 3224 2469 3279 dabimus.
2524 3243 2543 3276 ι
2588 3224 2839 3296 Idemque
2895 3228 3083 3298 paucis
3136 3229 3304 3284 inter-

1726 3313 1886 3382 jectis
1927 3331 1940 3366 :
1973 3333 1991 3365 ι
2026 3315 2289 3371 Volumus
2332 3317 2512 3386 igitur,
2547 3318 2756 3387 inquit,
2784 3319 2970 3389 scripti
3002 3322 3164 3374 etiam
3201 3322 3304 3376 hu-

1725 3405 1814 3473 jus
1845 3406 2167 3460 auctoritate
2197 3405 2340 3472 freti,
2365 3405 2604 3478 Ogygcm
2633 3409 2807 3472 illum,
2840 3411 2933 3478 qui
2979 3413 3123 3480 quod
3166 3413 3302 3466 hau-

1728 3497 1828 3549 stis
1864 3512 2130 3565 aquarum
2162 3499 2212 3551 vi
2243 3500 2680 3569 qnamplurimis,
2711 3501 2895 3555 salvus
2929 3512 2982 3555 et
3010 3503 3301 3558 incolumis

1727 3598 1992 3653 evaserat,
2026 3589 2204 3658 primo
2234 3589 2440 3643 diluvio
2485 3608 2682 3646 nomen
2709 3593 2874 3658 dedit,
2906 3594 3050 3648 circa
3088 3606 3301 3665 tempus

1730 3680 1880 3744 illud,
1909 3698 2019 3751 quo
2046 3685 2278 3753 p0pulus
2305 3702 2368 3738 cx
2401 3684 2636 3756 Aigypto
2674 3703 2798 3739 cum
2832 3686 2978 3742 Mose
3007 3689 3258 3758 migravit
3283 3733 3298 3756 ,

1726 3775 2017 3828 exstitisse.
2049 3774 2102 3829 ld
2128 3777 2271 3845 quod
2308 3777 2452 3830 hunc
2488 3778 2540 3830 in
2577 3780 2797 3832 modum
2830 3779 3172 3837 conﬁcimus.
3215 3783 3299 3837 Ab

1724 3866 1903 3936 Ogyge
1956 3869 2021 3921 ad
2074 3870 2302 3938 primam
2349 3871 2707 3941 Olympiadem
2761 3873 2889 3926 anni
2925 3881 3186 3940 putantur
3218 3877 3298 3929 vi-

1723 3960 1858 4031 ginti
1885 3975 2048 4028 supra
2085 3960 2266 4014 mille:
2303 3961 2370 4014 ab
2415 3961 2719 4032 Olympiade
2753 3963 2929 4031 prima
2955 3964 3023 4018 ad
3057 3963 3292 4032 primum

1722 4051 2186 4122 quinquagesima:
2218 4053 2420 4122 quinta:
2447 4067 2652 4105 annum
2681 4091 2695 4116 ,
2748 4055 2838 4122 qui
2895 4055 3105 4123 prinms
3164 4054 3296 4110 item

1721 4142 1846 4212 Cyri
1881 4142 2018 4210 regis
2048 4157 2222 4195 annus
2259 4151 2374 4205 est,
2426 4142 2676 4211 idemque
2698 4145 3026 4213 captivitatis
3056 4145 3295 4200 Judaiea:

1722 4234 1866 4300 linis,
1892 4235 2019 4288 anni
2081 4233 2463 4302 septemdecim
2497 4248 2659 4303 supra
2687 4233 2953 4290 ducentos
2987 4255 2999 4290 :
3051 4252 3180 4307 ergo
3223 4240 3293 4291 ab

1720 4323 1897 4395 Ogyge
1925 4325 1992 4384 ad
2019 4323 2219 4394 Cyrum
2251 4340 2444 4393 usque,
2472 4325 2600 4377 anni
2628 4325 2847 4395 triginta
2891 4338 3094 4394 septem
3125 4343 3290 4398 supra

1719 4418 1863 4472 mille
1897 4431 1961 4472 ac
2009 4417 2270 4472 ducentos
2319 4432 2507 4471 omnes
2557 4418 2906 4488 colliguntur.
2971 4419 3088 4474 Jam
3117 4461 3132 4486 ,
3195 4424 3289 4492 qui

1719 4526 1939 4564 sursum
1967 4524 2154 4564 versus
2185 4509 2252 4563 ab
2284 4509 2431 4563 exitu
2464 4509 2791 4578 captivitatis
2825 4526 2998 4565 annos
3044 4523 3290 4569 retexere

1716 4603 1967 4668 voluerit,
1999 4601 2044 4656 is
2075 4601 2297 4671 triginta
2331 4611 2535 4670 septem
2578 4617 2739 4670 supra
2770 4603 2914 4657 mille
2935 4620 2999 4657 ac
3027 4605 3288 4662 ducentos

1716 4693 2039 4749 revolvendo
2066 4692 2393 4757 numerabit,
2424 4696 2524 4746 hoc
2549 4704 2628 4747 est
2673 4695 2811 4747 idem
2844 4705 3072 4763 prorsds
3117 4695 3286 4749 inter-

1714 4786 1914 4840 vallum
1947 4786 2013 4840 ad
2069 4801 2192 4840 eum
2239 4802 2412 4855 usque
2462 4803 2706 4852 annum,
2763 4801 2872 4856 quo
2930 4788 3164 4857 primunt
3218 4808 3284 4844 cx

1715 4877 1948 4949 Egypto
1984 4893 2076 4948 per
2108 4877 2345 4949 Moysem
2381 4877 2608 4934 eductus
2646 4881 2808 4933 Israel
2837 4891 2917 4934 est
2941 4922 2954 4945 ,
3002 4882 3142 4951 quod
3185 4885 3282 4935 abs

1713 5042 1992 5096 numerat,
2032 5050 2098 5087 ex
2149 5035 2597 5102 consequentium
2649 5050 2913 5088 annorum
2960 5036 3280 5089 collectione

1713 5121 1818 5156 non
1843 5106 2087 5166 exsistet,
2105 5105 2209 5158 nisi
2243 5105 2340 5157 hos
2366 5105 2705 5172 septuaginta
2736 5106 2957 5172 insuper
2979 5109 3274 5159 addideris:

1712 5176 1923 5226 tametsi
1957 5184 2015 5228 nt
2044 5177 2251 5228 deesset
2284 5177 2508 5227 omnino
2543 5176 2705 5234 nihil,
2735 5176 2950 5230 duobus
2979 5187 3032 5228 et
3062 5187 3278 5243 septua—

1709 5245 1860 5310 ginta
1903 5259 2040 5315 opus
2068 5255 2231 5299 essm.
2282 5244 2416 5298 Nam
2444 5246 2700 5298 detractis
2731 5247 3067 5313 septuagit'ita
3091 5285 3104 5307 ,
3141 5264 3276 5298 con-

1708 5317 1846 5367 liunt
1874 5317 2036 5367 modo
2067 5316 2210 5368 mille
2234 5325 2446 5367 contum
2477 5326 2528 5367 et
2561 5317 2838 5377 sexaginta
2868 5317 3128 5383 quinque,
3154 5315 3278 5383 (ιιι-

1707 5385 1810 5437 bus
1859 5387 2199 5454 septuaginta
2247 5385 2288 5436 si
2328 5385 2637 5447 addideris,
2694 5386 2828 5437 1253
2862 5385 3148 5438 habiturus
3191 5403 3271 5439 es.

1710 5454 1834 5516 Sed,
1877 5458 2100 5524 Opinor,
2136 5455 2482 5524 anniMoysis
2499 5456 2814 5522 octogesimi
2846 5464 3052 5523 partem
3089 5456 3266 5509 adnn-

1708 5535 1912 5586 inerat,
1964 5536 2015 5577 et
2049 5542 2250 5577 annum
2285 5526 2610 5591 captivitatis
2641 5526 3099 5593 septuagesimum
3133 5528 3272 5579 ultra

1704 5594 2113 5674 Cyri_prinmm
2185 5597 2464 5648 mensibus
2533 5596 2738 5662 aliquot
2791 5597 3098 5674 percurrisse
3168 5612 3271 5665 pn-

1706 5673 1801 5716 tat.
1856 5665 1984 5717 liam
2021 5667 2164 5718 enim
2216 5680 2482 5717 summam
2520 5681 2624 5717 non
2685 5681 2748 5717 ex
2796 5667 3138 5719 liln'ariorum
3182 5687 3268 5717 ei-

1704 5751 1846 5794 rore,
1879 5739 1969 5789 sed
1999 5736 2234 5788 Africani
2263 5751 2328 5788 ex
2357 5744 2535 5787 mente
2565 5735 2850 5788 conﬂatam
2898 5753 3018 5790 esse
3056 5748 3271 5793 consul

1703 5820 1764 5859 cx
1803 5805 2176 5876 St'qllCllllbtlS,
2215 5805 2302 5858 ubi
2342 5806 2536 5876 Sarpius
2570 5805 2755 5860 eadem
2788 5807 3113 5863 inculcetur.
