3840 6370
556 342 665 395 815
906 398 929 411 ,
1202 342 1470 397 EUSEBII
1501 343 1973 400 CESARIENSIS
2004 344 2148 401 OPP.
2188 343 2373 399 PARS
2406 343 2469 397 11.
2511 371 2583 386 -
2611 340 3111 399 APOLOGETICA.
3635 344 3715 398 8l6

559 458 1007 529 quinquagesima
1056 460 1243 527 quinta
1283 461 1587 531 Olympiade
1621 463 1686 517 ad
1734 461 2001 535 Ogygcm,
2036 478 2075 532 q‘

2199 509 2205 522 ,
2232 462 2417 521 λευτος
2433 462 2646 533 ἔμεινεν
2663 463 2694 531 ή
2711 460 2806 513 νῦν
2822 459 3041 530 Ἀττικὴ
3058 458 3222 530 μέχρι
3237 458 3497 531 Κέκροπος
3512 461 3591 531 ἐτη
3609 462 3715 532 ρπθ,

561 545 866 605 Eleusinem
911 550 1176 614 condidit,
1209 567 1497 609 excurrere
1545 555 1748 611 dictum
1806 564 1907 611 est.
1954 555 2077 625 Atqu

2232 552 2335 605 Τὸν
2370 552 2479 623 γὰρ
2510 552 2645 622 μετὰ
2683 553 2919 619 Ὤγυγον
2968 550 3248 614 Ἀκταῖον,
3278 550 3311 620 ἥ
3348 551 3414 605 τὰ
3438 552 3719 622 πλασσόμενα

558 642 683 697 inde
710 641 929 712 quidem
984 641 1254 711 insignius
1284 643 1473 699 Atticae
1510 646 1880 713 chronologiaa
1926 645 2074 715 princ

2233 643 2337 697 τῶν
2361 643 2638 714 ὀνομάτων
2657 684 2671 708 ,
2708 643 2829 695 οὐδὲ
2858 641 3111 711 γενέσθαι
3144 643 3275 711 φησί
3304 642 3577 714 Φιλόχορος.
3604 664 3618 696 ι
3641 646 3722 699 Καὶ

557 736 707 807 pium
761 736 884 791 duci
933 744 1127 806 potest.
1181 755 1198 787 ›
1236 736 1545 809 lterumque
1574 747 1696 807 post
1717 735 2073 810 aliaquazdan

2231 729 2386 796 αὖθις
2405 749 2418 762 ·
2462 752 2480 783 ι
2505 729 2637 785 Ἀπδ
2671 731 2903 800 Ὠγύγου
2933 731 3113 785 τοίνυν
3140 731 3230 784 ἐπὶ
3257 730 3448 801 Κῦρον,
3474 733 3620 785 ὁπόσα
3645 735 3723 787 ἀπὸ

567 847 584 877 ι
611 825 811 883 Verum
830 826 895 883 de
915 836 1153 897 tempore
1198 826 1432 897 Ogygem
1494 835 1807 897 antegressa
1848 827 2074 881 hactenu

2231 821 2473 885 Μωσέως
2501 822 2593 874 ἐπὶ
2621 821 2712 875 τὸν
2776 821 2936 874 αὑτὸν
2962 821 3180 891 χρόνονι,
3210 821 3305 892 ἐτη
3332 821 3496 891 ,ασλζη
3524 824 3722 877 ΚαὶἘλ-

558 919 822 973 Cancrum
853 919 997 973 illius
1024 928 1286 988 tempore,
1313 919 1546 973 excessit
1571 918 1639 972 ab
1666 917 1899 989 A‘Zgypto
1930 917 2074 972 lllose

2232 912 2407 984 λήνων
2439 912 2497 966 δέ
2545 931 2688 977 τινες
2729 912 3001 984 ἱστοροῦσι
3030 912 3169 965 κατᾶ
3197 914 3321 976 τοὺς
3350 914 3529 977 αὐτοὺς
3552 916 3724 983 χρόνους

559 1008 611 1065 id
643 1009 790 1080 quod
837 1009 946 1065 veri
978 1024 1139 1079 quam
1194 1008 1370 1063 simile
1409 1009 1516 1073 sit,
1581 1009 1727 1063 hunc
1789 1009 1842 1063 in
1908 1008 2070 1062 modu

2233 1004 2485 1074 γενέσθαι
2514 1005 2716 1059 Μωσέα
2739 1021 2753 1035 ⁸
2783 1004 3040 1076 Πολέμων
3063 1008 3122 1058 ὲν
3147 1007 3213 1075 τῇ
3236 1004 3421 1078 πρώτῃ
3438 1006 3535 1059 τῶν
3557 1008 3723 1075 Ἐοιίη-

556 1102 916 1159 ostendimus.
944 1101 1026 1155 Ab
1054 1101 1199 1155 exitu
1230 1100 1396 1156 Mosis
1422 1101 1486 1154 ad
1516 1099 1736 1172 Cyrum,
1770 1099 1862 1169 qui
1893 1109 2015 1170 post
2042 1115 2070 1153 c

2229 1096 2415 1150 νικῶν
2431 1095 2709 1165 ἱστοριῶν
2726 1097 2930 1165 λέγων·
2966 1097 3088 1150 Ἐπὶ
3129 1097 3349 1159 Ἀπιδος
3380 1097 3467 1150 τοῦ
3498 1098 3726 1168 Φορωνέως

558 1194 855 1265 ptivitatem
885 1193 1147 1264 regnavit,
1186 1193 1312 1247 anni
1342 1201 1603 1262 putantur
1634 1192 1782 1246 mille
1807 1207 1871 1246 ac
1912 1191 2074 1245 duccr

2234 1193 2397 1261 μοῖρα
2421 1189 2514 1243 τοῦ
2543 1191 2858 1259 Αἰγυπτίων
2888 1190 3122 1262 στρατοῦ
3151 1191 3401 1255 ἐξέπεσεν
3422 1191 3672 1259 Αἰγύπτου,
3691 1192 3725 1244 οἰ

557 1302 681 1341 cum
718 1286 940 1357 triginta
992 1295 1216 1355 septem.
1242 1282 1407 1339 Mosis
1437 1284 1580 1339 enim
1617 1283 1811 1353 reliqui
1858 1283 1927 1337 ab
1949 1299 2073 1353 egre

2229 1281 2288 1334 ὲν
2318 1284 2384 1353 τῇ
2419 1282 2753 1354 Παλαιστίνῃ
2782 1281 3088 1353 καλουμένῃ
3126 1282 3294 1353 Συρία
3323 1282 3379 1335 οὐ
3408 1282 3576 1352 πόρρω
3614 1284 3726 1353 Ἀρα-

557 1392 621 1432 su
660 1378 786 1429 anni
828 1374 1185 1445 quadraginta
1215 1382 1383 1429 sunt:
1418 1371 1569 1439 Jcsu,
1595 1372 1689 1442 qui
1720 1370 2017 1427 secundum
2067 1370 2073 1423 i

2231 1372 2353 1436 δίας
2374 1372 2616 1445 ᾤκησαν,
2639 1373 2791 1426 αὐτοὶ
2810 1372 3050 1443 δηλονότι
3084 1374 3135 1425 οἱ
3166 1372 3564 1443 μετάΜωσέως.
3580 1373 3727 1426 Ἀπίων

558 1469 669 1522 lum
704 1468 904 1538 populo
929 1466 1244 1521 deducendo
1265 1464 1501 1535 praefuit,
1535 1464 1775 1535 quinque
1806 1477 1868 1517 ac
1897 1462 2074 1533 viginti

2229 1463 2285 1517 δὲ
2315 1466 2343 1518 ὁ
2366 1466 2736 1531 Ποσειδωνίου,
2767 1466 3185 1537 περιεργότατος
3203 1467 3599 1537 γραμματικῶν,
3624 1469 3666 1517 ἐν
3684 1470 3727 1536 τῇ

557 1558 856 1623 seniorum,
882 1558 973 1629 qui
1006 1566 1128 1628 post
1156 1556 1340 1613 Jesum
1372 1556 1581 1626 judices
1635 1555 1808 1620 fuere,
1864 1555 2073 1627 triginta

2233 1552 2382 1607 κατὰ
2409 1553 2713 1611 Ἰουδαίων
2731 1556 2895 1626 βίϐλῳ
2923 1556 3020 1609 καὶ
3076 1558 3135 1609 ὲν
3148 1557 3212 1626 τῇ
3231 1554 3461 1625 τετάρτῃ
3478 1556 3573 1610 τῶν
3598 1556 3732 1611 Ἰστο-

554 1648 806 1705 Judicum
837 1650 1104 1713 omnium,
1139 1648 1232 1719 qui
1280 1648 1499 1719 proprio
1532 1647 1773 1717 ipsorum
1807 1646 1949 1702 libro
1994 1661 2070 1702 cm

2224 1643 2377 1711 ριῶν
2392 1660 2523 1715 φησι
2545 1686 2559 1711 ,
2584 1645 2725 1697 κατά
2749 1645 2957 1715 Ἴναχον
2984 1644 3219 1714 ’Ἄργους
3246 1642 3467 1713 βασιλέα
3484 1684 3497 1708 ,
3529 1644 3732 1713 ’Δμὼσισς

556 1744 815 1807 tinentur,
841 1743 1132 1810 nonaginta
1174 1756 1335 1811 supra
1364 1740 1789 1810 quadringentos
1818 1758 1830 1793 :
1867 1740 2072 1796 sacerdt

2232 1736 2542 1805 Αἰγυπτίων
2587 1735 2995 1808 βασιλεύοντος.
3043 1734 3346 1805 ἀποστῆναι
3392 1725 3731 1797 Ἰουδαίους,ιῖνδ

558 1845 671 1890 tum
725 1834 805 1888 Eli
873 1844 926 1889 et
976 1834 1236 1895 Samuel,
1296 1832 1631 1902 nonaginta:
1674 1834 2069 1903 consequentiu

2231 1828 2483 1899 ἡγεῖσθαι
2518 1830 2745 1883 Μωσέα.
2814 1827 3104 1898 Μέμνηται
3139 1826 3195 1880 δὲ
3236 1827 3333 1880 καὶ
3382 1827 3633 1898 Ἡρόδοτος
3666 1827 3735 1897 τῆς

558 1944 742 1998 regum
767 1925 1138 1989 Hebraeorum,
1164 1924 1458 1995 nonaginta
1485 1939 1647 1994 supra
1677 1923 2073 1994 quadringento

2232 1919 2568 1983 ἀποστασίας
2612 1919 2848 1990 ταύτης,
2894 1920 2990 1972 καὶ
3039 1917 3308 1989 Ἀμώσιος
3346 1919 3402 1971 ὲν
3437 1921 3499 1989 τῇ
3531 1918 3731 1987 δευτέρᾳ·

558 2028 863 2091 sequuntur
892 2017 1217 2088 captivitatis
1238 2016 1577 2086 septuaginta
1608 2016 1794 2087 :cujus
1822 2025 2074 2087 postremi

2232 2012 2416 2080 τρόπῳ
2454 2010 2510 2064 δέ
2544 2028 2650 2064 τινι
2692 2011 2787 2065 καὶ
2830 2011 3099 2064 Ἰουδαίων
3150 2010 3354 2073 αὐτῶν,
3402 2012 3456 2063 ἐν
3498 2013 3595 2073 τοῖς
3626 2025 3738 2079 7:59:-

556 2129 755 2178 annus,
783 2113 935 2183 regni
952 2112 1073 2183 Cyri
1110 2113 1320 2181 primus
1338 2111 1459 2180 fuit,
1483 2121 1543 2168 ut
1571 2112 1682 2183 jam
1714 2120 1840 2166 ante
1864 2110 2072 2165 diximu

2230 2101 2579 2171 τεμνομένοις
2598 2102 2794 2166 αὐτοὺς
2819 2099 3195 2173 καταριθμῶν,
3213 2103 3310 2155 καὶ
3351 2100 3635 2172 Ἀσσυρίους
3650 2102 3738 2162 too;

554 2203 869 2278 4901am
904 2218 935 2257 a
980 2202 1131 2258 Mose
1184 2203 1249 2257 ad
1301 2202 1659 2274 Olympiadem
1712 2202 1943 2272 primam
2000 2215 2069 2256 an

2232 2194 2290 2247 ὲν
2318 2197 2382 2266 τῇ
2413 2194 2742 2269 Παλαιστίνῃ
2770 2196 3082 2260 ἀποκαλῶν,
3109 2197 3249 2267 τάχα
3278 2196 3349 2249 δι’
3390 2195 3739 2267 Ἀϐραάμῧτο-

557 2296 732 2352 ﬂuunt
760 2294 947 2363 viginti
976 2308 1138 2364 supra
1165 2294 1331 2357 mille,
1366 2310 1492 2350 cum
1524 2293 1593 2348 ab
1635 2293 1826 2348 eodem
1863 2291 1929 2346 ad
1964 2291 2073 2361 qui:

2232 2284 2451 2355 λεμαῖος
2476 2286 2533 2338 δὲ
2560 2287 2588 2338 ὁ
2609 2287 2927 2361 Μενδήσιος,
2943 2288 3013 2341 τὰ
3032 2288 3347 2358 Αἰγυπτίων
3379 2286 3615 2340 ἀνέκαθεν
3635 2289 3737 2339 ἰατο-

555 2384 885 2455 quagesimae
931 2383 1131 2454 quinta:
1164 2397 1369 2437 annum
1400 2383 1670 2452 primum,
1721 2382 1866 2436 mille
1912 2380 2071 2436 ducer

2235 2377 2361 2447 ρῶν,
2410 2375 2582 2429 ἅπασι
2620 2376 2830 2442 τούτοις
2863 2378 3176 2448 συντρέχει’
3205 2377 3351 2431 ὥστε
3394 2377 3497 2430 οὐδ’
3535 2375 3740 2445 ἐπίσημος

554 2492 680 2531 cum
733 2474 950 2546 triginta
1002 2482 1207 2545 septem
1264 2484 1655 2540 numerentur,
1706 2472 1758 2526 in
1812 2486 1921 2541 quo
1972 2470 2070 2525 nob

2231 2470 2323 2520 ἐπὶ
2348 2467 2507 2519 πλέον
2534 2470 2567 2539 ἡ
2594 2467 2705 2522 τῶν
2730 2470 2937 2540 χρόνων
2968 2470 3326 2542 παραλλαγή.
3358 2469 3664 2542 Σημειωτέον
3684 2469 3738 2532 δὲ,

554 2569 717 2624 etiam
748 2583 870 2623 cum
892 2566 1207 2622 Graecorum
1253 2565 1589 2635 temporibus
1618 2565 1823 2635 optime
1855 2565 2070 2618 conveni

2229 2561 2305 2625 ὡς
2348 2563 2376 2615 ὅ
2411 2562 2464 2615 τί
2505 2580 2634 2617 ποτε
2666 2564 2940 2636 ἐξαίρετον
2976 2564 3201 2633 Ἕλλησι
3231 2565 3301 2617 δι’
3341 2565 3646 2637 ἀρχαιότητα
3679 2579 3742 2632 μυ·

552 2662 623 2716 At
644 2674 771 2715 vero
791 2668 914 2729 post
942 2657 1198 2730 Ogygem,
1241 2658 1387 2728 quod
1442 2659 1634 2727 ingens
1682 2657 1750 2711 ab
1798 2656 1893 2710 illo
1927 2655 2068 2710 diluv

2230 2653 2466 2719 θεύεται,
2505 2656 2641 2725 μετά
2669 2657 2870 2710 Μωσέα
2899 2656 3046 2710 τοῦθ’
3072 2658 3408 2729 εὑρίσκεται,
3435 2653 3743 2725 κατακλυσμοί

555 2759 848 2806 consecuta
884 2750 1115 2804 vastitas
1152 2761 1316 2816 esset,
1348 2764 1472 2819 qua:
1498 2764 1644 2803 nunc
1669 2747 1843 2802 Attica
1890 2747 2071 2801 dicito]

2229 2763 2288 2799 τε
2338 2746 2431 2799 καὶ
2475 2747 2848 2819 ἐκπυρώσεις,
2917 2750 3282 2821 Προμηθεὺς,
3344 2751 3461 2818 Ἰὼ,
3529 2747 3741 2821 Εὐρώπη.

553 2859 617 2897 ea
646 2843 765 2897 sine
801 2842 1018 2912 regibus
1049 2855 1224 2895 annos
1269 2849 1487 2895 centum
1518 2847 1572 2894 et
1606 2837 1881 2907 octoginta
1910 2852 2069 2891 nover

2230 2838 2469 2909 Σπαρτοὶ
2500 2840 2632 2911 (69),
2664 2841 2850 2913 Κόρης
2881 2842 3126 2913 ἁρπαγὴ,
3157 2846 3454 2914 μυστήρια,
3476 2839 3742 2913 νομοθεσίαι,

555 2936 622 2989 ad
651 2934 945 3002 Cecropem
975 2948 1147 3002 usque
1172 2932 1491 3003 permansit.
1512 2930 1754 2984 Actzeum
1777 2929 1920 2982 enim
1950 2928 2071 2982 illum

2229 2929 2479 2984 Διονύσου
2516 2932 2761 3003 πράξεις,
2777 2934 3039 3004 Περσεὺς,
3070 2935 3449 3005 Ἀργοναῦται,
3479 2936 3742 3002 Κένταδροι.

554 3030 647 3098 qui
675 3036 795 3096 post
823 3024 1056 3097 Ogygem
1092 3034 1437 3085 recensetur,
1481 3036 1712 3093 qumque
1739 3020 1995 3090 deinceps
2026 3020 2070 3073 ﬁl

2228 3022 2600 3095 Μινώταυρος,
2632 3024 2700 3077 τά
2727 3040 2790 3076 πε
2801 3024 2854 3095 pl.
2879 3024 3057 3089 Ἴλιον,
3088 3020 3238 3078 ἆθλοι
3278 3026 3595 3097 Ἡράκλειοι,
3621 3023 3743 3092 Ἦρα-

554 3126 752 3188 guntur
794 3117 1036 3181 nomina,
1066 3111 1424 3167 Philochorus
1468 3126 1538 3166 ne
1577 3111 1852 3167 exstitisse
1905 3110 2068 3179 quide

2231 3111 2454 3166 κλειδῶν
2483 3112 2740 3176 κάθοδος,
2776 3113 2970 3167 Ἰώνων
3006 3114 3264 3177 ἀποικία,
3298 3116 3395 3167 καὶ
3428 3110 3742 3184 Ὀλυμπιάδες.

553 3176 778 3265 dmniuo
803 3176 1107 3262 conﬁrmat.
1140 3224 1158 3259 ι
1191 3204 1258 3259 Ει
1302 3219 1493 3259 rursus
1527 3245 1538 3255 .
1582 3221 1602 3253 ι
1653 3201 1796 3273 Ergo
1825 3202 1894 3258 ab
1919 3176 2068 3272 ngg

2235 3202 2421 3271 Ἔδοξε
2451 3204 2509 3258 δέ
2555 3223 2643 3276 μοι
2680 3205 2779 3275 τῆς
2830 3205 3083 3275 Ἀττικῆς
3116 3206 3396 3276 βασιλείας
3429 3206 3517 3259 τὸν
3544 3176 3744 3277 προειρη-

554 3300 752 3369 inquit,
784 3300 849 3354 ad
878 3297 1081 3369 Cyrum
1111 3312 1285 3366 usque
1309 3295 1645 3350 tantumdem
1664 3308 2070 3363 numeres,qua

2236 3300 2395 3372 μένον
2426 3299 2694 3353 ἐκτιθέναι
2736 3298 2946 3370 χρόνον,
2994 3298 3353 3371 παρατιθέναι
3398 3299 3625 3369 μέλλοντι
3660 3298 3744 3357 suis

552 3399 667 3445 tum
695 3391 760 3444 ad
790 3389 1042 3445 eumdem
1075 3403 1106 3443 a
1135 3386 1303 3455 Mose,
1333 3387 1435 3442 hoc
1464 3396 1548 3443 est
1581 3400 1756 3441 annos
1787 3385 2050 3440 ducentos

2242 3390 2555 3463 Ἑϐραϊκαῖς
2593 3390 2854 3462 ἰστορίαις
2892 3391 2991 3454 τὰς
3033 3391 3372 3461 Ἑλληνικάς.
3426 3392 3645 3458 Ἐξέσται
3670 3389 3746 3457 γὰρ

556 3483 772 3553 triginta
826 3489 1029 3550 septem
1087 3495 1251 3550 supra
1305 3480 1469 3535 mille.
1517 3478 1586 3534 Et
1629 3493 1756 3533 vero
1807 3477 2072 3534 Graecorul

2230 3483 2307 3555 τῷ
2340 3482 2678 3555 βουλομένῳ,
2729 3484 2853 3554 παρ’
2896 3483 3028 3553 ἐμοῦ
3076 3483 3170 3554 τὴν
3219 3484 3401 3556 ἀρχὴν
3427 3483 3745 3556 κομιζομένῳ,

552 3589 686 3629 sane
715 3572 961 3627 nonnulli
1000 3569 1342 3651 Mosem'sub
1390 3570 1580 3626 eadem
1633 3579 1875 3640 tempora
1924 3570 2068 3626 vixis:

2229 3574 2537 3645 λογίζεσθαι
2563 3575 2652 3628 τὸν
2686 3576 2919 3647 ἀριθμὸν
2946 3576 3145 3647 ὁμοίως
3171 3578 3317 3649 ἐμοί.
3350 3578 3555 3632 Οὐκοῦν
3581 3578 3670 3629 τῶν
3686 3593 3745 3643 χι-

552 3670 839 3718 testantur.
874 3660 1031 3727 Nam,
1061 3661 1283 3717 Polemo
1325 3662 1582 3732 quidem,
1630 3662 1770 3717 libro
1817 3659 2067 3716 ercaru

2230 3667 2357 3721 λίων
2381 3669 2474 3722 καὶ
2502 3668 2673 3721 εἰκοσι
2704 3667 2840 3720 ἑτῶν
2859 3707 2873 3732 ,
2913 3668 3021 3721 τῶν
3052 3669 3211 3740 μέχρι
3241 3668 3471 3743 πρώτης
3508 3664 3746 3739 Ὀλυμπιά-

552 3753 894 3807 historiarum
924 3754 1122 3823 primo,
1149 3753 1426 3822 conceptis
1475 3753 1654 3807 verbis
1687 3752 1847 3807 habet
1867 3793 1882 3818 ,
1934 3753 2068 3823 Apid

2231 3760 2313 3825 δος
2337 3760 2444 3815 ἀπὸ
2465 3760 2706 3823 Μωσέως
2733 3776 2789 3813 τε
2828 3760 2922 3812 καί.
2955 3760 3181 3831 Ὠγύγου
3212 3762 3567 3833 ἐκκειμένων,
3597 3759 3747 3831 πρώτῳ

554 3845 820 3901 Phoronci
853 3844 946 3898 lilii
978 3854 1240 3914 tempore,
1268 3845 1539 3901 exercitus
1571 3844 1875 3917 Egyptiaci
1910 3857 2070 3915 parte:

2230 3853 2328 3922 μὲν
2355 3852 2465 3905 ἔτει
2494 3851 2555 3905 τὸ
2582 3850 2774 3920 Πάσχα
2798 3892 2813 3915 ,
2844 3851 2937 3905 καὶ
2977 3851 3087 3905 τῶν
3127 3851 3400 3924 Ἑϐραίων
3428 3852 3594 3918 ἔξοδος
3626 3852 3653 3921 ή
3680 3848 3746 3902 ἀπ’

551 3953 673 3993 sese
717 3937 785 3991 ab
818 3936 1052 4009 ngypto
1089 3937 1449 4003 subduxisse,
1496 3947 1659 4008 atque
1711 3938 1765 3992 in
1800 3935 2067 3993 Palat-stin:

2232 3940 2534 4010 Αίγύπτου,
2569 3942 2628 3993 ὲν
2663 3940 2718 3993 δὲ
2755 3943 2820 4013 τῇ
2857 3942 3077 4013 Ἀττικῇ
3114 3944 3143 3996 ὁ
3180 3945 3275 3997 ἐπὶ
3321 3946 3548 4015 Ὠγύγου
3589 3944 3748 4012 γίνεται

550 4047 714 4103 quam
740 4030 953 4100 Syriam
996 4039 1210 4093 vocant,
1239 4030 1383 4085 haud
1434 4030 1623 4099 procul
1659 4030 1728 4083 ab
1754 4030 1953 4085 Arabia
1987 4045 2066 4084 con

2230 4032 2640 4102 κατακλυσμόν
2677 4033 2769 4086 καί
2810 4032 2949 4086 κατὰ
2990 4034 3168 4102 λόγον.
3203 4036 3326 4089 Τῶν
3353 4037 3466 4109 γὰρ
3490 4034 3746 4103 Αἰγυπτίων

552 4123 757 4179 sedisse
788 4142 802 4177 :
834 4122 956 4177 illos
989 4121 1246 4177 nimirum
1283 4123 1429 4192 ipsos
1462 4122 1765 4192 intelligens
1792 4162 1807 4185 ,
1852 4122 1945 4193 qui
1971 4121 2068 4178 M0:

2229 4126 2357 4197 όργῇ
2392 4124 2527 4177 Θεοῦ
2564 4126 2828 4195 χαλάζαις
2871 4143 2932 4179 τε
2971 4127 3064 4178 καὶ
3096 4128 3330 4198 χειμῶσι
3368 4128 3745 4200 μαστιζομένων.

554 4215 690 4270 duce
706 4214 931 4285 profecti
959 4222 1106 4268 sunt.
1150 4214 1285 4282 Apio
1306 4228 1431 4268 vero
1456 4212 1733 4269 Posidonii
1761 4214 1924 4281 ﬁlius,
1949 4214 2070 4269 iden

2224 4216 2366 4279 εἰκὸς
2407 4210 2475 4286 ἦν
2517 4216 2657 4288 μέρη
2705 4217 2822 4271 τινὰ
2868 4219 3207 4289 συμπάσχειν
3255 4222 3357 4292 τῆς
3409 4222 3532 4292 γῆς,
3563 4222 3740 4273 ὅτιτεε

550 4322 658 4376 quc
707 4305 1185 4376 grammaticorum
1225 4304 1469 4359 omnium
1508 4305 1941 4370 curiosissimus,
1979 4305 2066 4359 libi

2236 4306 2548 4378 Ἀθηναίους
2592 4308 2701 4361 τῶν
2735 4308 2912 4363 αὐτῶν
2949 4312 3268 4380 Αἰγυπτίοις
3309 4314 3599 4367 ἀπολαύειν
3639 4310 3749 4369 rixa;

555 4398 805 4454 adversus
836 4396 1076 4460 Judwos,
1154 4403 1206 4447 et
1252 4391 1613 4450 Historiarum
1648 4406 1843 4465 quarto
1889 4397 2071 4451 scribit

2231 4393 2307 4468 ῆν,
2341 4397 2601 4460 ἀποίκους
2627 4397 2849 4451 ἐκείνων
2878 4398 3326 4471 ύπονοουμένους,
3364 4402 3442 4466 ὥς
3467 4418 3619 4471 φασιν
3636 4398 3747 4454 ἄλλοι

551 4482 753 4540 Inacho
787 4486 946 4555 Argis
985 4495 1275 4555 regnante,
1350 4483 1567 4540 Judteos
1618 4486 1754 4541 duce
1809 4488 1993 4551 Mose,
2047 4504 2067 4542 a

2231 4506 2278 4541 τε
2312 4490 2405 4543 καὶ
2432 4491 2488 4542 ὲν
2539 4488 2616 4559 τῷ
2652 4491 2987 4560 Τρικαρήνῳ
3020 4491 3364 4564 Θεόπομπος.
3423 4496 3482 4548 Ὀ
3513 4494 3567 4548 δὲ
3591 4488 3747 4564 μεταξὺ

550 4580 737 4634 Amosi
798 4579 1172 4650 Egyptiorutn
1228 4595 1352 4648 rege
1401 4577 1682 4635 defecisse.
1737 4581 1906 4651 Cujus
1952 4583 2066 4636 etial

2233 4581 2412 4651 χρόνος
2443 4581 2901 4652 παραλέλειπται,
2939 4584 2998 4637 ὲν
3027 4577 3073 4652 ᾧ
3108 4584 3273 4655 μηδὲν
3306 4585 3578 4657 ἐξαίρετον
3596 4581 3749 4647 Ἕλλη-

549 4670 890 4736 defectionis,
921 4670 1193 4739 simulque
1224 4670 1462 4736 Amosis,
1492 4671 1631 4725 libro
1660 4673 1897 4727 secundo
1938 4671 2065 4728 Hert

2234 4689 2305 4724 rw
2338 4672 2637 4743 ἱστόρηται.
2662 4672 2815 4725 Μετὰ
2843 4672 2901 4724 δὲ
2934 4673 3175 4745 τέσσαρα
3209 4677 3302 4729 καὶ
3324 4677 3666 4745 ἐννενήκοντα
3680 4671 3750 4738 ἐτη

548 4760 707 4817 dotus
736 4761 1015 4815 meminit:
1048 4762 1158 4814 imo
1188 4770 1240 4815 et
1269 4762 1505 4831 ipsorum
1538 4776 1753 4831 quoque
1778 4761 2064 4817 Judaeorun

2233 4760 2287 4836 ἥν
2329 4763 2678 4835 Προμηθεὺς,
2732 4763 2809 4828 ὥς
2850 4781 3024 4833 τινες,
3067 4766 3126 4830 ὃς
3170 4767 3437 4822 πλάσσειν
3479 4765 3749 4839 ἀνθρώπους

546 4866 686 4920 quos
717 4852 769 4907 in
806 4851 1251 4908 circumcisorum
1298 4852 1526 4907 classem
1552 4854 1797 4923 reponit,
1850 4869 1914 4910 ac
1945 4854 2062 4909 Pala

2234 4856 2512 4926 ἐμυθεύετο
2534 4872 2548 4886 ·
2583 4856 2745 4925 σοφὸς
2772 4856 2880 4928 γὰρ
2914 4856 3012 4921 ὢν,
3060 4861 3139 4922 εἰς
3181 4859 3433 4914 παιδείαν
3466 4860 3651 4921 αὐτοὺς
3671 4852 3750 4910 dxi

546 4939 704 4993 stitia;
734 4940 986 5011 Assyrios
1019 4940 1298 5003 nominat,
1350 4942 1511 4996 ducta
1558 4942 1803 5000 fortassis
1832 4960 1900 4999 ex
1944 4946 2062 4999 Abr:

2233 4952 2315 5021 τῆς
2355 4950 2491 5018 ἄγαν
2535 4948 2798 5012 ἰδιωτείας
2857 4951 3209 5019 μετέπλαττε.
3261 4971 3279 5004 ι
3325 4952 3516 5007 Ταῦτα
3559 4953 3647 5023 μὲν
3681 4943 3749 5001 οὖν

534 5032 710 5121 hamo
741 5036 1025 5106 utriusque
1051 5051 1238 5091 causa.
1274 5035 1482 5102 Quibus
1506 5053 1629 5093 eum
1661 5039 1911 5093 omnibus
1934 5038 2050 5094 Ptol

2043 5041 2112 5096 le-
2231 5039 2574 5111 Ἀφρικανός.
2604 5039 2945 5111 Μεταδῶμεν
2971 5041 3014 5094 δ’
3045 5043 3207 5113 ⁴ἡμεῖς
3237 5043 3321 5112 ἐφ’
3351 5043 3559 5115 ἕτερον.

543 5140 682 5181 maao
715 5143 933 5198 quoque
982 5130 1279 5193 Mendesio,
1311 5131 1402 5201 qui
1460 5132 1529 5187 ab
1588 5134 1794 5187 ultimis
1832 5150 2003 5204 usque
2036 5138 2372 5209 temporibus
2400 5134 2778 5206 Egyptiorum
2826 5135 2980 5191 ducit
3007 5136 3315 5205 historiam,
3378 5138 3455 5195 ita
3517 5134 3749 5193 convenit.

542 5230 603 5275 ut
635 5221 775 5277 inter
802 5224 951 5293 ipsos
992 5225 1139 5281 nulla
1191 5226 1304 5281 fere
1359 5227 1465 5281 nisi
1521 5228 1794 5284 levissima
1844 5241 2149 5301 temporum
2190 5231 2491 5289 diﬂ‘erentia
2555 5231 2735 5285 notari
2778 5233 2971 5302 possit.
3005 5231 3271 5288 Czeterum
3301 5277 3317 5301 ,
3372 5234 3466 5289 bic
3496 5235 3752 5291 observan-

542 5317 671 5371 dum
726 5327 888 5373 etiam
945 5332 1048 5387 est,
1078 5322 1338 5391 quidquid
1372 5323 1533 5394 paulo
1565 5324 1743 5379 rarius
1807 5325 1877 5380 ob
1932 5335 2255 5383 vetustatem
2317 5326 2488 5382 Graeci
2539 5324 2867 5393 fabulantur,
2903 5324 2957 5379 id
3008 5342 3170 5382 omne
3201 5326 3348 5384 Mose
3407 5328 3665 5398 posterius
3691 5322 3753 5375 in-

541 5412 744 5477 veniri,
801 5413 1042 5475 diluvia,
1092 5415 1373 5481 incendia,
1426 5415 1841 5482 Prometheum,
1902 5416 1989 5484 lo,
2049 5418 2352 5490 Europam,
2414 5422 2434 5441 ‘
2493 5414 2833 5485 Proserpina:
2908 5428 3171 5487 raptum,
3238 5419 3540 5489 mysteria.
3607 5416 3751 5477 larum

538 5507 871 5575 sanctiones,
931 5509 1126 5567 Bacchi
1181 5523 1367 5585 gesta,
1428 5512 1718 5579 Perseum,
1772 5513 2145 5585 Argonautas,
2197 5516 2529 5576 Centauros,
2585 5511 2989 5581 Minotaurum,
3042 5530 3132 5570 res
3188 5512 3491 5586 Trojanas,
3544 5506 3754 5565 Herculls

612 5636 636 5664 α
680 5625 766 5680 ἴον.
806 5626 951 5691 τούς.

612 5718 723 5797 (69)
766 5722 1041 5797 Σπαρτοί.
1100 5721 1715 5797 διιρρίθηιίιιιιιοιζςιὸοΣ
1747 5721 1835 5797 vel
1864 5720 2106 5797 ὀδόντες,

2232 5730 2338 5797 φησι
2367 5722 2638 5797 Europam
2656 5765 2675 5797 ί,
2730 5726 2797 5780 de
2825 5725 3032 5781 Cadmo
3076 5726 3369 5797 Cadmique
3418 5722 3671 5797 militibus
3699 5729 3748 5768 es

539 5792 623 5845 vel
668 5791 1027 5861 στρατιῶται,
1074 5794 1159 5846 vel
1199 5793 1400 5862 aliquid
1445 5792 1640 5848 simile.
1678 5790 1915 5848 Omnino
1961 5793 2106 5846 enim
2214 5793 2467 5849 draconis
2499 5790 2751 5851 dentibus
2803 5807 3024 5869 repente
3057 5799 3191 5854 satis
3227 5790 3441 5853 locutus
3478 5795 3690 5850 videtur-
