  <div class='ocr_page' id='page_1' title='image "/cluster/home/n/w/nwhite01/storage/ocr_20150623/21/hvd.32044073501165/422.png"; bbox 0 0 3840 6370; ppageno 0'>
   <div class='ocr_carea' id='block_1_1' title="bbox 171 356 1642 422">
    <p class='ocr_par' dir='ltr' id='par_1_1' title="bbox 171 360 1642 422">
     <span class='ocr_line' id='line_1_1' title="bbox 171 360 1642 422; baseline -0.005 -2"><span class='ocrx_word' id='word_1_1' title='bbox 171 366 258 422; x_wconf 75' lang='grc'><strong>817</strong></span> <span class='ocrx_word' id='word_1_2' title='bbox 1282 360 1605 419; x_wconf 62' lang='grc' dir='ltr'><strong>ΡΠᾹΖΡΑΒ.</strong></span> <span class='ocrx_word' id='word_1_3' title='bbox 1638 361 1642 368; x_wconf 77' lang='grc'>’</span> 
     </span>
    </p>
   </div>
   <div class='ocr_carea' id='block_1_2' title="bbox 1749 356 3349 422">
    <p class='ocr_par' dir='ltr' id='par_1_2' title="bbox 1749 356 3349 413">
     <span class='ocr_line' id='line_1_2' title="bbox 1749 356 3349 413; baseline -0.003 0"><span class='ocrx_word' id='word_1_4' title='bbox 1749 358 1889 413; x_wconf 66' lang='lat' dir='ltr'><strong>\NG.</strong></span> <span class='ocrx_word' id='word_1_5' title='bbox 1933 357 2057 413; x_wconf 86' lang='lat' dir='ltr'><strong>LIB.</strong></span> <span class='ocrx_word' id='word_1_6' title='bbox 2089 356 2159 411; x_wconf 63' lang='lat' dir='ltr'><strong>3L</strong></span> <span class='ocrx_word' id='word_1_7' title='bbox 3245 356 3349 410; x_wconf 75' lang='lat' dir='ltr'><strong>8l8</strong></span> 
     </span>
    </p>
   </div>
   <div class='ocr_carea' id='block_1_3' title="bbox 165 451 3353 529">
    <p class='ocr_par' dir='ltr' id='par_1_3' title="bbox 165 451 3353 529">
     <span class='ocr_line' id='line_1_3' title="bbox 165 451 3353 529; baseline -0.003 -11"><span class='ocrx_word' id='word_1_8' title='bbox 165 459 434 525; x_wconf 76' lang='lat' dir='ltr'><strong>certamina,</strong></span> <span class='ocrx_word' id='word_1_9' title='bbox 492 458 892 516; x_wconf 78' lang='lat' dir='ltr'><strong>Heraclidarum</strong></span> <span class='ocrx_word' id='word_1_10' title='bbox 959 460 1190 517; x_wconf 89' lang='lat' dir='ltr'><strong>reditum</strong></span> <span class='ocrx_word' id='word_1_11' title='bbox 1220 502 1236 528; x_wconf 92' lang='lat'><strong>,</strong></span> <span class='ocrx_word' id='word_1_12' title='bbox 1315 460 1501 515; x_wconf 89' lang='lat' dir='ltr'><strong>lonum</strong></span> <span class='ocrx_word' id='word_1_13' title='bbox 1543 457 1945 529; x_wconf 78' lang='lat' dir='ltr'><strong>migrationem,</strong></span> <span class='ocrx_word' id='word_1_14' title='bbox 2008 464 2062 510; x_wconf 88' lang='lat' dir='ltr'><strong>et</strong></span> <span class='ocrx_word' id='word_1_15' title='bbox 2112 453 2477 524; x_wconf 80' lang='lat' dir='ltr'><strong>Olympiadas.</strong></span> <span class='ocrx_word' id='word_1_16' title='bbox 2541 452 2619 508; x_wconf 82' lang='lat' dir='ltr'><strong>Ac</strong></span> <span class='ocrx_word' id='word_1_17' title='bbox 2673 452 2805 505; x_wconf 89' lang='lat' dir='ltr'><strong>mihi</strong></span> <span class='ocrx_word' id='word_1_18' title='bbox 2871 452 3089 522; x_wconf 85' lang='lat' dir='ltr'><strong>quidem</strong></span> <span class='ocrx_word' id='word_1_19' title='bbox 3139 451 3353 507; x_wconf 70' lang='lat' dir='ltr'><strong>Ormcas</strong></span> 
     </span>
    </p>
   </div>
   <div class='ocr_carea' id='block_1_4' title="bbox 163 548 3351 625">
    <p class='ocr_par' dir='ltr' id='par_1_4' title="bbox 163 548 3351 625">
     <span class='ocr_line' id='line_1_4' title="bbox 163 548 3351 625; baseline -0.002 -16"><span class='ocrx_word' id='word_1_20' title='bbox 163 555 376 609; x_wconf 71' lang='lat' dir='ltr'><strong>historias</strong></span> <span class='ocrx_word' id='word_1_21' title='bbox 431 569 550 609; x_wconf 88' lang='lat' dir='ltr'><strong>cum</strong></span> <span class='ocrx_word' id='word_1_22' title='bbox 586 554 864 612; x_wconf 89' lang='lat' dir='ltr'><strong>Hebraicis</strong></span> <span class='ocrx_word' id='word_1_23' title='bbox 912 557 1250 611; x_wconf 73' lang='lat' dir='ltr'><strong>committere</strong></span> <span class='ocrx_word' id='word_1_24' title='bbox 1294 555 1548 612; x_wconf 87' lang='lat' dir='ltr'><strong>statuenti</strong></span> <span class='ocrx_word' id='word_1_25' title='bbox 1576 595 1591 621; x_wconf 94' lang='lat'><strong>,</strong></span> <span class='ocrx_word' id='word_1_26' title='bbox 1644 568 1709 609; x_wconf 90' lang='lat' dir='ltr'><strong>ea</strong></span> <span class='ocrx_word' id='word_1_27' title='bbox 1748 554 2093 625; x_wconf 88' lang='lat' dir='ltr'><strong>potissimum</strong></span> <span class='ocrx_word' id='word_1_28' title='bbox 2155 551 2320 606; x_wconf 84' lang='lat' dir='ltr'><strong>Attici</strong></span> <span class='ocrx_word' id='word_1_29' title='bbox 2368 548 2519 620; x_wconf 90' lang='lat' dir='ltr'><strong>regni</strong></span> <span class='ocrx_word' id='word_1_30' title='bbox 2569 557 2811 619; x_wconf 83' lang='lat' dir='ltr'><strong>tempora</strong></span> <span class='ocrx_word' id='word_1_31' title='bbox 2838 548 3146 605; x_wconf 80' lang='lat' dir='ltr'><strong>describere</strong></span> <span class='ocrx_word' id='word_1_32' title='bbox 3174 549 3351 603; x_wconf 88' lang='lat' dir='ltr'><strong>visum</strong></span> 
     </span>
    </p>
   </div>
   <div class='ocr_carea' id='block_1_5' title="bbox 158 643 3352 722">
    <p class='ocr_par' dir='ltr' id='par_1_5' title="bbox 158 643 3352 722">
     <span class='ocr_line' id='line_1_5' title="bbox 158 643 3352 722; baseline -0.002 -17"><span class='ocrx_word' id='word_1_33' title='bbox 158 659 238 705; x_wconf 84' lang='lat' dir='ltr'><strong>est.</strong></span> <span class='ocrx_word' id='word_1_34' title='bbox 266 648 342 705; x_wconf 88' lang='lat' dir='ltr'><strong>Sic</strong></span> <span class='ocrx_word' id='word_1_35' title='bbox 364 649 500 704; x_wconf 89' lang='lat' dir='ltr'><strong>enim</strong></span> <span class='ocrx_word' id='word_1_36' title='bbox 534 650 706 707; x_wconf 80' lang='lat' dir='ltr'><strong>cuivis</strong></span> <span class='ocrx_word' id='word_1_37' title='bbox 730 650 953 707; x_wconf 90' lang='lat' dir='ltr'><strong>omnino</strong></span> <span class='ocrx_word' id='word_1_38' title='bbox 1012 652 1190 719; x_wconf 87' lang='lat' dir='ltr'><strong>liceat,</strong></span> <span class='ocrx_word' id='word_1_39' title='bbox 1220 652 1313 722; x_wconf 88' lang='lat' dir='ltr'><strong>qui</strong></span> <span class='ocrx_word' id='word_1_40' title='bbox 1355 652 1518 705; x_wconf 90' lang='lat' dir='ltr'><strong>modo</strong></span> <span class='ocrx_word' id='word_1_41' title='bbox 1549 649 1874 720; x_wconf 89' lang='lat' dir='ltr'><strong>principium</strong></span> <span class='ocrx_word' id='word_1_42' title='bbox 1904 664 1969 704; x_wconf 84' lang='lat' dir='ltr'><strong>ex</strong></span> <span class='ocrx_word' id='word_1_43' title='bbox 2010 647 2147 703; x_wconf 88' lang='lat' dir='ltr'><strong>meis</strong></span> <span class='ocrx_word' id='word_1_44' title='bbox 2215 647 2412 702; x_wconf 87' lang='lat' dir='ltr'><strong>ducere</strong></span> <span class='ocrx_word' id='word_1_45' title='bbox 2442 644 2694 709; x_wconf 90' lang='lat' dir='ltr'><strong>voluerit,</strong></span> <span class='ocrx_word' id='word_1_46' title='bbox 2751 643 2997 699; x_wconf 85' lang='lat' dir='ltr'><strong>eamdem</strong></span> <span class='ocrx_word' id='word_1_47' title='bbox 3056 660 3266 699; x_wconf 86' lang='lat' dir='ltr'><strong>mecum</strong></span> <span class='ocrx_word' id='word_1_48' title='bbox 3296 645 3352 699; x_wconf 89' lang='lat' dir='ltr'><strong>in</strong></span> 
     </span>
    </p>
   </div>
   <div class='ocr_carea' id='block_1_6' title="bbox 158 735 3355 814">
    <p class='ocr_par' dir='ltr' id='par_1_6' title="bbox 158 735 3355 814">
     <span class='ocr_line' id='line_1_6' title="bbox 158 735 3355 814; baseline -0.002 -17"><span class='ocrx_word' id='word_1_49' title='bbox 158 741 412 811; x_wconf 84' lang='lat' dir='ltr'><strong>colligendo</strong></span> <span class='ocrx_word' id='word_1_50' title='bbox 460 756 686 797; x_wconf 90' lang='lat' dir='ltr'><strong>numero</strong></span> <span class='ocrx_word' id='word_1_51' title='bbox 738 744 1002 798; x_wconf 84' lang='lat' dir='ltr'><strong>rationem</strong></span> <span class='ocrx_word' id='word_1_52' title='bbox 1038 743 1195 798; x_wconf 89' lang='lat' dir='ltr'><strong>inire.</strong></span> <span class='ocrx_word' id='word_1_53' title='bbox 1238 742 1396 814; x_wconf 72' lang='grc'><strong>491</strong></span> <span class='ocrx_word' id='word_1_54' title='bbox 1446 742 1666 798; x_wconf 85' lang='lat' dir='ltr'><strong>illorum</strong></span> <span class='ocrx_word' id='word_1_55' title='bbox 1706 741 1870 811; x_wconf 80' lang='lat' dir='ltr'><strong>igitur</strong></span> <span class='ocrx_word' id='word_1_56' title='bbox 1925 739 2072 794; x_wconf 90' lang='lat' dir='ltr'><strong>mille</strong></span> <span class='ocrx_word' id='word_1_57' title='bbox 2129 752 2193 793; x_wconf 90' lang='lat' dir='ltr'><strong>ac</strong></span> <span class='ocrx_word' id='word_1_58' title='bbox 2244 735 2435 806; x_wconf 80' lang='lat' dir='ltr'><strong>viginti</strong></span> <span class='ocrx_word' id='word_1_59' title='bbox 2487 750 2779 797; x_wconf 88' lang='lat' dir='ltr'><strong>annorum,</strong></span> <span class='ocrx_word' id='word_1_60' title='bbox 2813 751 2951 805; x_wconf 86' lang='lat' dir='ltr'><strong>quos</strong></span> <span class='ocrx_word' id='word_1_61' title='bbox 2994 735 3063 791; x_wconf 92' lang='lat' dir='ltr'><strong>ab</strong></span> <span class='ocrx_word' id='word_1_62' title='bbox 3109 735 3254 791; x_wconf 81' lang='lat' dir='ltr'><strong>Mose</strong></span> <span class='ocrx_word' id='word_1_63' title='bbox 3302 744 3355 790; x_wconf 90' lang='lat' dir='ltr'><strong>et</strong></span> 
     </span>
    </p>
   </div>
   <div class='ocr_carea' id='block_1_7' title="bbox 157 830 3354 909">
    <p class='ocr_par' dir='ltr' id='par_1_7' title="bbox 157 830 3354 909">
     <span class='ocr_line' id='line_1_7' title="bbox 157 830 3354 909; baseline -0.001 -19"><span class='ocrx_word' id='word_1_64' title='bbox 157 834 301 905; x_wconf 79' lang='lat' dir='ltr'><strong>Ogyge</strong></span> <span class='ocrx_word' id='word_1_65' title='bbox 336 834 397 889; x_wconf 88' lang='lat' dir='ltr'><strong>ad</strong></span> <span class='ocrx_word' id='word_1_66' title='bbox 426 836 653 891; x_wconf 88' lang='lat' dir='ltr'><strong>orimam</strong></span> <span class='ocrx_word' id='word_1_67' title='bbox 685 852 862 908; x_wconf 90' lang='lat' dir='ltr'><strong>usque</strong></span> <span class='ocrx_word' id='word_1_68' title='bbox 902 838 1259 909; x_wconf 81' lang='lat' dir='ltr'><strong>Olympiadem</strong></span> <span class='ocrx_word' id='word_1_69' title='bbox 1295 837 1518 894; x_wconf 92' lang='lat' dir='ltr'><strong>ﬂuxisse</strong></span> <span class='ocrx_word' id='word_1_70' title='bbox 1550 837 1809 903; x_wconf 79' lang='lat' dir='ltr'><strong>diximus,</strong></span> <span class='ocrx_word' id='word_1_71' title='bbox 1862 850 2006 890; x_wconf 87' lang='lat' dir='ltr'><strong>anno</strong></span> <span class='ocrx_word' id='word_1_72' title='bbox 2032 833 2229 905; x_wconf 91' lang='lat' dir='ltr'><strong>primo,</strong></span> <span class='ocrx_word' id='word_1_73' title='bbox 2283 832 2361 887; x_wconf 89' lang='lat' dir='ltr'><strong>uti</strong></span> <span class='ocrx_word' id='word_1_74' title='bbox 2402 830 2748 886; x_wconf 63' lang='lat' dir='ltr'><strong>Hebraeorum</strong></span> <span class='ocrx_word' id='word_1_75' title='bbox 2776 830 3008 898; x_wconf 82' lang='lat' dir='ltr'><strong>Pascha,</strong></span> <span class='ocrx_word' id='word_1_76' title='bbox 3044 840 3099 886; x_wconf 90' lang='lat' dir='ltr'><strong>et</strong></span> <span class='ocrx_word' id='word_1_77' title='bbox 3148 832 3354 888; x_wconf 77' lang='lat' dir='ltr'><strong>disces-</strong></span> 
     </span>
    </p>
   </div>
   <div class='ocr_carea' id='block_1_8' title="bbox 156 925 3351 1004">
    <p class='ocr_par' dir='ltr' id='par_1_8' title="bbox 156 925 3351 1004">
     <span class='ocr_line' id='line_1_8' title="bbox 156 925 3351 1004; baseline -0.001 -21"><span class='ocrx_word' id='word_1_78' title='bbox 156 946 229 983; x_wconf 88' lang='lat' dir='ltr'><strong>sus</strong></span> <span class='ocrx_word' id='word_1_79' title='bbox 272 936 332 984; x_wconf 85' lang='lat' dir='ltr'><strong>ab</strong></span> <span class='ocrx_word' id='word_1_80' title='bbox 373 929 633 1001; x_wconf 71' lang='lat' dir='ltr'><strong>Egypto,</strong></span> <span class='ocrx_word' id='word_1_81' title='bbox 690 932 771 987; x_wconf 90' lang='lat' dir='ltr'><strong>sic</strong></span> <span class='ocrx_word' id='word_1_82' title='bbox 826 930 1089 1004; x_wconf 85' lang='lat' dir='ltr'><strong>Ogygium</strong></span> <span class='ocrx_word' id='word_1_83' title='bbox 1144 933 1198 988; x_wconf 91' lang='lat' dir='ltr'><strong>in</strong></span> <span class='ocrx_word' id='word_1_84' title='bbox 1254 933 1429 988; x_wconf 88' lang='lat' dir='ltr'><strong>Attica</strong></span> <span class='ocrx_word' id='word_1_85' title='bbox 1478 933 1741 989; x_wconf 83' lang='lat' dir='ltr'><strong>diluvium</strong></span> <span class='ocrx_word' id='word_1_86' title='bbox 1779 931 2063 1002; x_wconf 86' lang='lat' dir='ltr'><strong>contingit.</strong></span> <span class='ocrx_word' id='word_1_87' title='bbox 2120 927 2187 983; x_wconf 89' lang='lat' dir='ltr'><strong>Et</strong></span> <span class='ocrx_word' id='word_1_88' title='bbox 2236 927 2620 984; x_wconf 80' lang='lat' dir='ltr'><strong>convenienter</strong></span> <span class='ocrx_word' id='word_1_89' title='bbox 2658 928 2712 982; x_wconf 89' lang='lat' dir='ltr'><strong>id</strong></span> <span class='ocrx_word' id='word_1_90' title='bbox 2762 928 3004 998; x_wconf 90' lang='lat' dir='ltr'><strong>quidem.</strong></span> <span class='ocrx_word' id='word_1_91' title='bbox 3059 925 3195 982; x_wconf 86' lang='lat' dir='ltr'><strong>Nam</strong></span> <span class='ocrx_word' id='word_1_92' title='bbox 3226 943 3351 983; x_wconf 91' lang='lat' dir='ltr'><strong>cum</strong></span> 
     </span>
    </p>
   </div>
   <div class='ocr_carea' id='block_1_9' title="bbox 156 1020 3353 1100">
    <p class='ocr_par' dir='ltr' id='par_1_9' title="bbox 156 1020 3353 1100">
     <span class='ocr_line' id='line_1_9' title="bbox 156 1020 3353 1100; baseline -0.002 -21"><span class='ocrx_word' id='word_1_93' title='bbox 156 1023 389 1094; x_wconf 62' lang='lat' dir='ltr'><strong>Egnatios</strong></span> <span class='ocrx_word' id='word_1_94' title='bbox 436 1027 823 1097; x_wconf 77' lang='lat' dir='ltr'><strong>grandinibus,</strong></span> <span class='ocrx_word' id='word_1_95' title='bbox 865 1044 931 1083; x_wconf 87' lang='lat' dir='ltr'><strong>ac</strong></span> <span class='ocrx_word' id='word_1_96' title='bbox 988 1030 1403 1100; x_wconf 85' lang='lat' dir='ltr'><strong>tempestatibus</strong></span> <span class='ocrx_word' id='word_1_97' title='bbox 1462 1028 1555 1084; x_wconf 85' lang='lat' dir='ltr'><strong>Dei</strong></span> <span class='ocrx_word' id='word_1_98' title='bbox 1601 1026 1947 1099; x_wconf 65' lang='lat' dir='ltr'><strong>praepotentis</strong></span> <span class='ocrx_word' id='word_1_99' title='bbox 2014 1027 2094 1081; x_wconf 90' lang='lat' dir='ltr'><strong>ira</strong></span> <span class='ocrx_word' id='word_1_100' title='bbox 2134 1023 2471 1095; x_wconf 90' lang='lat' dir='ltr'><strong>percelleret,</strong></span> <span class='ocrx_word' id='word_1_101' title='bbox 2530 1022 2647 1077; x_wconf 84' lang='lat' dir='ltr'><strong>ﬁeri</strong></span> <span class='ocrx_word' id='word_1_102' title='bbox 2697 1022 2787 1078; x_wconf 80' lang='lat' dir='ltr'><strong>vix</strong></span> <span class='ocrx_word' id='word_1_103' title='bbox 2820 1031 3059 1093; x_wconf 80' lang='lat' dir='ltr'><strong>poterat,</strong></span> <span class='ocrx_word' id='word_1_104' title='bbox 3115 1021 3245 1091; x_wconf 85' lang='lat' dir='ltr'><strong>quin</strong></span> <span class='ocrx_word' id='word_1_105' title='bbox 3279 1020 3353 1075; x_wconf 87' lang='lat' dir='ltr'><strong>si-</strong></span> 
     </span>
    </p>
   </div>
   <div class='ocr_carea' id='block_1_10' title="bbox 152 1114 3345 1193">
    <p class='ocr_par' dir='ltr' id='par_1_10' title="bbox 152 1114 3345 1193">
     <span class='ocr_line' id='line_1_10' title="bbox 152 1114 3345 1193; baseline 0.001 -25"><span class='ocrx_word' id='word_1_106' title='bbox 152 1117 239 1170; x_wconf 88' lang='lat' dir='ltr'><strong>mul</strong></span> <span class='ocrx_word' id='word_1_107' title='bbox 275 1118 321 1170; x_wconf 90' lang='lat' dir='ltr'><strong>iu</strong></span> <span class='ocrx_word' id='word_1_108' title='bbox 364 1120 621 1188; x_wconf 89' lang='lat' dir='ltr'><strong>quasdam</strong></span> <span class='ocrx_word' id='word_1_109' title='bbox 661 1130 820 1177; x_wconf 78' lang='lat' dir='ltr'><strong>terra:</strong></span> <span class='ocrx_word' id='word_1_110' title='bbox 868 1131 1051 1192; x_wconf 90' lang='lat' dir='ltr'><strong>partes</strong></span> <span class='ocrx_word' id='word_1_111' title='bbox 1092 1125 1412 1180; x_wconf 81' lang='lat' dir='ltr'><strong>calamitatis</strong></span> <span class='ocrx_word' id='word_1_112' title='bbox 1460 1124 1585 1179; x_wconf 90' lang='lat' dir='ltr'><strong>inde</strong></span> <span class='ocrx_word' id='word_1_113' title='bbox 1650 1123 1854 1193; x_wconf 88' lang='lat' dir='ltr'><strong>aliquid</strong></span> <span class='ocrx_word' id='word_1_114' title='bbox 1908 1122 2253 1177; x_wconf 87' lang='lat' dir='ltr'><strong>redundaret.</strong></span> <span class='ocrx_word' id='word_1_115' title='bbox 2305 1119 2385 1174; x_wconf 86' lang='lat' dir='ltr'><strong>Ac</strong></span> <span class='ocrx_word' id='word_1_116' title='bbox 2422 1118 2724 1189; x_wconf 70' lang='lat' dir='ltr'><strong>prmsertim</strong></span> <span class='ocrx_word' id='word_1_117' title='bbox 2778 1118 3140 1173; x_wconf 86' lang='lat' dir='ltr'><strong>Athenienses</strong></span> <span class='ocrx_word' id='word_1_118' title='bbox 3176 1114 3345 1187; x_wconf 66' lang='lat' dir='ltr'><strong>Egy-</strong></span> 
     </span>
    </p>
   </div>
   <div class='ocr_carea' id='block_1_11' title="bbox 150 1207 3348 1286">
    <p class='ocr_par' dir='ltr' id='par_1_11' title="bbox 150 1207 3348 1286">
     <span class='ocr_line' id='line_1_11' title="bbox 150 1207 3348 1286; baseline 0.004 -26"><span class='ocrx_word' id='word_1_119' title='bbox 150 1207 302 1275; x_wconf 64' lang='lat' dir='ltr'><strong>ptiacm</strong></span> <span class='ocrx_word' id='word_1_120' title='bbox 345 1210 504 1267; x_wconf 88' lang='lat' dir='ltr'><strong>cladis</strong></span> <span class='ocrx_word' id='word_1_121' title='bbox 551 1222 761 1281; x_wconf 89' lang='lat' dir='ltr'><strong>partem</strong></span> <span class='ocrx_word' id='word_1_122' title='bbox 824 1214 1059 1285; x_wconf 86' lang='lat' dir='ltr'><strong>aliquam</strong></span> <span class='ocrx_word' id='word_1_123' title='bbox 1100 1217 1284 1273; x_wconf 89' lang='lat' dir='ltr'><strong>subire</strong></span> <span class='ocrx_word' id='word_1_124' title='bbox 1332 1217 1513 1273; x_wconf 90' lang='lat' dir='ltr'><strong>verius</strong></span> <span class='ocrx_word' id='word_1_125' title='bbox 1546 1224 1703 1281; x_wconf 88' lang='lat' dir='ltr'><strong>erat,</strong></span> <span class='ocrx_word' id='word_1_126' title='bbox 1743 1230 1884 1285; x_wconf 89' lang='lat' dir='ltr'><strong>quos</strong></span> <span class='ocrx_word' id='word_1_127' title='bbox 1917 1213 2294 1286; x_wconf 67' lang='lat' dir='ltr'><strong>Egyptiorum</strong></span> <span class='ocrx_word' id='word_1_128' title='bbox 2327 1213 2599 1267; x_wconf 82' lang='lat' dir='ltr'><strong>coloniam</strong></span> <span class='ocrx_word' id='word_1_129' title='bbox 2644 1211 2860 1266; x_wconf 81' lang='lat' dir='ltr'><strong>habitos</strong></span> <span class='ocrx_word' id='word_1_130' title='bbox 2888 1225 3032 1277; x_wconf 77' lang='lat' dir='ltr'><strong>esse.</strong></span> <span class='ocrx_word' id='word_1_131' title='bbox 3079 1225 3203 1265; x_wconf 83' lang='lat' dir='ltr'><strong>cum</strong></span> <span class='ocrx_word' id='word_1_132' title='bbox 3232 1208 3348 1263; x_wconf 59' lang='lat' dir='ltr'><strong>alii»</strong></span> 
     </span>
    </p>
   </div>
   <div class='ocr_carea' id='block_1_12' title="bbox 151 1301 3348 1377">
    <p class='ocr_par' dir='ltr' id='par_1_12' title="bbox 151 1301 3348 1377">
     <span class='ocr_line' id='line_1_12' title="bbox 151 1301 3348 1377; baseline 0 -23"><span class='ocrx_word' id='word_1_133' title='bbox 151 1310 237 1354; x_wconf 84' lang='lat' dir='ltr'><strong>tum</strong></span> <span class='ocrx_word' id='word_1_134' title='bbox 276 1316 393 1357; x_wconf 89' lang='lat' dir='ltr'><strong>vero</strong></span> <span class='ocrx_word' id='word_1_135' title='bbox 434 1301 815 1375; x_wconf 84' lang='lat' dir='ltr'><strong>Theopompus</strong></span> <span class='ocrx_word' id='word_1_136' title='bbox 857 1306 913 1361; x_wconf 91' lang='lat' dir='ltr'><strong>in</strong></span> <span class='ocrx_word' id='word_1_137' title='bbox 972 1308 1285 1363; x_wconf 80' lang='lat' dir='ltr'><strong>Tricareno.</strong></span> <span class='ocrx_word' id='word_1_138' title='bbox 1318 1317 1727 1365; x_wconf 88' lang='lat' dir='ltr'><strong>commemorat.</strong></span> <span class='ocrx_word' id='word_1_139' title='bbox 1768 1308 2005 1377; x_wconf 89' lang='lat' dir='ltr'><strong>Tempus</strong></span> <span class='ocrx_word' id='word_1_140' title='bbox 2044 1306 2170 1362; x_wconf 91' lang='lat' dir='ltr'><strong>inde</strong></span> <span class='ocrx_word' id='word_1_141' title='bbox 2192 1305 2430 1361; x_wconf 88' lang='lat' dir='ltr'><strong>medium</strong></span> <span class='ocrx_word' id='word_1_142' title='bbox 2467 1304 2892 1374; x_wconf 68' lang='lat' dir='ltr'><strong>praetermissum</strong></span> <span class='ocrx_word' id='word_1_143' title='bbox 2932 1310 3047 1367; x_wconf 89' lang='lat' dir='ltr'><strong>est,</strong></span> <span class='ocrx_word' id='word_1_144' title='bbox 3098 1303 3245 1372; x_wconf 90' lang='lat' dir='ltr'><strong>quod</strong></span> <span class='ocrx_word' id='word_1_145' title='bbox 3294 1301 3348 1355; x_wconf 94' lang='lat' dir='ltr'><strong>in</strong></span> 
     </span>
    </p>
   </div>
   <div class='ocr_carea' id='block_1_13' title="bbox 146 1394 3349 1470">
    <p class='ocr_par' dir='ltr' id='par_1_13' title="bbox 146 1394 3349 1470">
     <span class='ocr_line' id='line_1_13' title="bbox 146 1394 3349 1470; baseline 0 -21"><span class='ocrx_word' id='word_1_146' title='bbox 146 1394 382 1449; x_wconf 82' lang='lat' dir='ltr'><strong>eOnihila</strong></span> <span class='ocrx_word' id='word_1_147' title='bbox 412 1396 616 1454; x_wconf 63' lang='lat' dir='ltr'><strong>Graecis</strong></span> <span class='ocrx_word' id='word_1_148' title='bbox 645 1399 906 1455; x_wconf 89' lang='lat' dir='ltr'><strong>memoria</strong></span> <span class='ocrx_word' id='word_1_149' title='bbox 954 1400 1176 1470; x_wconf 85' lang='lat' dir='ltr'><strong>dignum</strong></span> <span class='ocrx_word' id='word_1_150' title='bbox 1221 1399 1506 1455; x_wconf 82' lang='lat' dir='ltr'><strong>referatur.</strong></span> <span class='ocrx_word' id='word_1_151' title='bbox 1554 1398 1684 1455; x_wconf 90' lang='lat' dir='ltr'><strong>Post</strong></span> <span class='ocrx_word' id='word_1_152' title='bbox 1718 1414 1892 1455; x_wconf 90' lang='lat' dir='ltr'><strong>annos</strong></span> <span class='ocrx_word' id='word_1_153' title='bbox 1921 1413 2051 1454; x_wconf 85' lang='lat' dir='ltr'><strong>vero</strong></span> <span class='ocrx_word' id='word_1_154' title='bbox 2097 1407 2332 1468; x_wconf 84' lang='lat' dir='ltr'><strong>quatuor</strong></span> <span class='ocrx_word' id='word_1_155' title='bbox 2395 1406 2448 1453; x_wconf 89' lang='lat' dir='ltr'><strong>et</strong></span> <span class='ocrx_word' id='word_1_156' title='bbox 2495 1395 2813 1466; x_wconf 84' lang='lat' dir='ltr'><strong>nonaginta.</strong></span> <span class='ocrx_word' id='word_1_157' title='bbox 2865 1404 2925 1449; x_wconf 89' lang='lat' dir='ltr'><strong>ut</strong></span> <span class='ocrx_word' id='word_1_158' title='bbox 2963 1395 3210 1449; x_wconf 88' lang='lat' dir='ltr'><strong>nonnulli</strong></span> <span class='ocrx_word' id='word_1_159' title='bbox 3238 1404 3349 1450; x_wconf 83' lang='lat' dir='ltr'><strong>tra-</strong></span> 
     </span>
    </p>
   </div>
   <div class='ocr_carea' id='block_1_14' title="bbox 145 1487 3389 1565">
    <p class='ocr_par' dir='ltr' id='par_1_14' title="bbox 145 1487 3389 1565">
     <span class='ocr_line' id='line_1_14' title="bbox 145 1487 3389 1565; baseline -0.001 -24"><span class='ocrx_word' id='word_1_160' title='bbox 145 1489 264 1553; x_wconf 86' lang='lat' dir='ltr'><strong>dunt,</strong></span> <span class='ocrx_word' id='word_1_161' title='bbox 286 1489 631 1548; x_wconf 84' lang='lat' dir='ltr'><strong>Prometheus</strong></span> <span class='ocrx_word' id='word_1_162' title='bbox 659 1495 882 1561; x_wconf 84' lang='lat' dir='ltr'><strong>exstitit,</strong></span> <span class='ocrx_word' id='word_1_163' title='bbox 929 1510 1113 1565; x_wconf 88' lang='lat' dir='ltr'><strong>quem,</strong></span> <span class='ocrx_word' id='word_1_164' title='bbox 1172 1495 1319 1565; x_wconf 90' lang='lat' dir='ltr'><strong>quod</strong></span> <span class='ocrx_word' id='word_1_165' title='bbox 1358 1495 1604 1550; x_wconf 89' lang='lat' dir='ltr'><strong>homines</strong></span> <span class='ocrx_word' id='word_1_166' title='bbox 1640 1494 1709 1549; x_wconf 90' lang='lat' dir='ltr'><strong>ad</strong></span> <span class='ocrx_word' id='word_1_167' title='bbox 1744 1494 2044 1563; x_wconf 70' lang='lat' dir='ltr'><strong>disciplinae</strong></span> <span class='ocrx_word' id='word_1_168' title='bbox 2086 1493 2290 1547; x_wconf 88' lang='lat' dir='ltr'><strong>cultum</strong></span> <span class='ocrx_word' id='word_1_169' title='bbox 2321 1492 2389 1546; x_wconf 88' lang='lat' dir='ltr'><strong>ab</strong></span> <span class='ocrx_word' id='word_1_170' title='bbox 2419 1490 2587 1545; x_wconf 89' lang='lat' dir='ltr'><strong>nimia</strong></span> <span class='ocrx_word' id='word_1_171' title='bbox 2616 1488 2960 1558; x_wconf 85' lang='lat' dir='ltr'><strong>simplicitate</strong></span> <span class='ocrx_word' id='word_1_172' title='bbox 3006 1487 3233 1543; x_wconf 87' lang='lat' dir='ltr'><strong>solerter</strong></span> <span class='ocrx_word' id='word_1_173' title='bbox 3265 1488 3347 1540; x_wconf 90' lang='lat' dir='ltr'><strong>in-</strong></span> <span class='ocrx_word' id='word_1_174' title='bbox 3384 1560 3389 1565; x_wconf 27' lang='grc' dir='ltr'><em>ι</em></span> 
     </span>
    </p>
   </div>
   <div class='ocr_carea' id='block_1_15' title="bbox 145 1578 3345 1659">
    <p class='ocr_par' dir='ltr' id='par_1_15' title="bbox 145 1578 3345 1659">
     <span class='ocr_line' id='line_1_15' title="bbox 145 1578 3345 1659; baseline -0.002 -23"><span class='ocrx_word' id='word_1_175' title='bbox 145 1584 417 1654; x_wconf 68' lang='lat' dir='ltr'><strong>geinoseque</strong></span> <span class='ocrx_word' id='word_1_176' title='bbox 471 1588 804 1653; x_wconf 78' lang='lat' dir='ltr'><strong>traduxerit,</strong></span> <span class='ocrx_word' id='word_1_177' title='bbox 843 1589 1093 1643; x_wconf 88' lang='lat' dir='ltr'><strong>homines</strong></span> <span class='ocrx_word' id='word_1_178' title='bbox 1143 1599 1424 1659; x_wconf 89' lang='lat' dir='ltr'><strong>propterea</strong></span> <span class='ocrx_word' id='word_1_179' title='bbox 1478 1588 1701 1644; x_wconf 83' lang='lat' dir='ltr'><strong>ﬁnxisse</strong></span> <span class='ocrx_word' id='word_1_180' title='bbox 1754 1586 2087 1641; x_wconf 80' lang='lat' dir='ltr'><strong>fabulantur.</strong></span> <span class='ocrx_word' id='word_1_181' title='bbox 2125 1605 2143 1638; x_wconf 72' lang='grc' dir='ltr'><strong>ι</strong></span> <span class='ocrx_word' id='word_1_182' title='bbox 2172 1584 2446 1640; x_wconf 83' lang='lat' dir='ltr'><strong>Hactenus</strong></span> <span class='ocrx_word' id='word_1_183' title='bbox 2497 1581 2805 1635; x_wconf 85' lang='lat' dir='ltr'><strong>Africanus.</strong></span> <span class='ocrx_word' id='word_1_184' title='bbox 2840 1578 2957 1634; x_wconf 82' lang='lat' dir='ltr'><strong>Jam</strong></span> <span class='ocrx_word' id='word_1_185' title='bbox 3000 1594 3125 1635; x_wconf 84' lang='lat' dir='ltr'><strong>vero</strong></span> <span class='ocrx_word' id='word_1_186' title='bbox 3159 1578 3345 1634; x_wconf 81' lang='lat' dir='ltr'><strong>Tatia-</strong></span> 
     </span>
    </p>
   </div>
   <div class='ocr_carea' id='block_1_16' title="bbox 143 1674 555 1731">
    <p class='ocr_par' dir='ltr' id='par_1_16' title="bbox 143 1674 555 1731">
     <span class='ocr_line' id='line_1_16' title="bbox 143 1674 555 1731; baseline 0.002 -5"><span class='ocrx_word' id='word_1_187' title='bbox 143 1688 241 1727; x_wconf 88' lang='lat' dir='ltr'><strong>num</strong></span> <span class='ocrx_word' id='word_1_188' title='bbox 262 1674 555 1731; x_wconf 84' lang='lat' dir='ltr'><strong>audiamus.</strong></span> 
     </span>
    </p>
   </div>
   <div class='ocr_carea' id='block_1_17' title="bbox 613 1759 1642 1831">
    <p class='ocr_par' dir='ltr' id='par_1_17' title="bbox 613 1770 1149 1826">
     <span class='ocr_line' id='line_1_17' title="bbox 613 1770 1149 1826; baseline 0.006 -3"><span class='ocrx_word' id='word_1_189' title='bbox 613 1770 1006 1826; x_wconf 79' lang='grc' dir='ltr'><strong>ΚΕΦΑΔΑΙΟΝ</strong></span> <span class='ocrx_word' id='word_1_190' title='bbox 1050 1775 1149 1826; x_wconf 86' lang='lat' dir='ltr'><strong>IA&#39;.</strong></span> 
     </span>
    </p>
   </div>
   <div class='ocr_carea' id='block_1_18' title="bbox 1749 1759 2731 1831">
    <p class='ocr_par' dir='ltr' id='par_1_18' title="bbox 2367 1759 2731 1816">
     <span class='ocr_line' id='line_1_18' title="bbox 2367 1759 2731 1816; baseline 0 0"><span class='ocrx_word' id='word_1_191' title='bbox 2367 1760 2599 1816; x_wconf 75' lang='lat' dir='ltr'><strong>CAPUT</strong></span> <span class='ocrx_word' id='word_1_192' title='bbox 2642 1759 2731 1816; x_wconf 75' lang='lat' dir='ltr'><strong>XI.</strong></span> 
     </span>
    </p>
   </div>
   <div class='ocr_carea' id='block_1_19' title="bbox 150 1871 1642 1956">
    <p class='ocr_par' dir='ltr' id='par_1_19' title="bbox 150 1879 1642 1956">
     <span class='ocr_line' id='line_1_19' title="bbox 150 1879 1642 1956; baseline 0.004 -23"><span class='ocrx_word' id='word_1_193' title='bbox 150 1879 252 1934; x_wconf 73' lang='grc' dir='ltr'><strong>Ἀπὸ</strong></span> <span class='ocrx_word' id='word_1_194' title='bbox 302 1881 397 1936; x_wconf 87' lang='grc' dir='ltr'>τοῦ</span> <span class='ocrx_word' id='word_1_195' title='bbox 452 1882 607 1952; x_wconf 76' lang='grc' dir='ltr'>πρὸς</span> <span class='ocrx_word' id='word_1_196' title='bbox 665 1886 964 1953; x_wconf 78' lang='grc' dir='ltr'>Ἕλληνας</span> <span class='ocrx_word' id='word_1_197' title='bbox 1014 1886 1329 1955; x_wconf 63' lang='lat' dir='ltr'><strong>Tartara”),</strong></span> <span class='ocrx_word' id='word_1_198' title='bbox 1388 1886 1522 1956; x_wconf 77' lang='grc' dir='ltr'>περὶ</span> <span class='ocrx_word' id='word_1_199' title='bbox 1553 1885 1642 1940; x_wconf 76' lang='grc' dir='ltr'>τοὶ</span> 
     </span>
    </p>
   </div>
   <div class='ocr_carea' id='block_1_20' title="bbox 1749 1871 3339 1956">
    <p class='ocr_par' dir='ltr' id='par_1_20' title="bbox 1764 1871 3339 1943">
     <span class='ocr_line' id='line_1_20' title="bbox 1764 1871 3339 1943; baseline -0.004 -11"><span class='ocrx_word' id='word_1_200' title='bbox 1764 1877 2026 1932; x_wconf 83' lang='lat' dir='ltr'><strong>Eamdem</strong></span> <span class='ocrx_word' id='word_1_201' title='bbox 2061 1876 2115 1930; x_wconf 86' lang='lat' dir='ltr'><strong>in</strong></span> <span class='ocrx_word' id='word_1_202' title='bbox 2147 1891 2253 1929; x_wconf 86' lang='lat' dir='ltr'><strong>rem</strong></span> <span class='ocrx_word' id='word_1_203' title='bbox 2279 1890 2343 1929; x_wconf 76' lang='lat' dir='ltr'><strong>ea:</strong></span> <span class='ocrx_word' id='word_1_204' title='bbox 2385 1874 2602 1929; x_wconf 81' lang='lat' dir='ltr'><strong>Tatiani</strong></span> <span class='ocrx_word' id='word_1_205' title='bbox 2640 1871 3124 1927; x_wconf 67' lang='lat' dir='ltr'><strong>adversusCrwcos</strong></span> <span class='ocrx_word' id='word_1_206' title='bbox 3169 1887 3339 1943; x_wconf 80' lang='lat' dir='ltr'><strong>apere.</strong></span> 
     </span>
    </p>
   </div>
   <div class='ocr_carea' id='block_1_21' title="bbox 769 1957 970 2012">
    <p class='ocr_par' dir='ltr' id='par_1_21' title="bbox 769 1957 970 2012">
     <span class='ocr_line' id='line_1_21' title="bbox 769 1957 970 2012; baseline 0.015 -3"><span class='ocrx_word' id='word_1_207' title='bbox 769 1957 970 2012; x_wconf 83' lang='grc' dir='ltr'>αὐτοῦ.</span> 
     </span>
    </p>
   </div>
   <div class='ocr_carea' id='block_1_22' title="bbox 194 2059 1659 2141">
    <p class='ocr_par' dir='ltr' id='par_1_22' title="bbox 194 2059 1659 2141">
     <span class='ocr_line' id='line_1_22' title="bbox 194 2059 1659 2141; baseline 0.01 -32"><span class='ocrx_word' id='word_1_208' title='bbox 194 2077 209 2108; x_wconf 83' lang='grc' dir='ltr'><strong>ι</strong></span> <span class='ocrx_word' id='word_1_209' title='bbox 238 2059 336 2113; x_wconf 77' lang='grc' dir='ltr'><strong>Νῦν</strong></span> <span class='ocrx_word' id='word_1_210' title='bbox 365 2061 418 2115; x_wconf 84' lang='grc' dir='ltr'><strong>δὲ</strong></span> <span class='ocrx_word' id='word_1_211' title='bbox 451 2065 753 2136; x_wconf 78' lang='grc' dir='ltr'><strong>προσήκειν</strong></span> <span class='ocrx_word' id='word_1_212' title='bbox 797 2065 907 2137; x_wconf 90' lang='grc'>(70)</span> <span class='ocrx_word' id='word_1_213' title='bbox 944 2085 1032 2139; x_wconf 91' lang='grc' dir='ltr'><strong>μοι</strong></span> <span class='ocrx_word' id='word_1_214' title='bbox 1067 2068 1271 2139; x_wconf 79' lang='grc' dir='ltr'><strong>νομίζω</strong></span> <span class='ocrx_word' id='word_1_215' title='bbox 1312 2070 1659 2141; x_wconf 81' lang='grc' dir='ltr'><strong>παραστῆσαι</strong></span> 
     </span>
    </p>
   </div>
   <div class='ocr_carea' id='block_1_23' title="bbox 141 2148 1658 2233">
    <p class='ocr_par' dir='ltr' id='par_1_23' title="bbox 141 2148 1658 2233">
     <span class='ocr_line' id='line_1_23' title="bbox 141 2148 1658 2233; baseline 0.011 -34"><span class='ocrx_word' id='word_1_216' title='bbox 141 2148 458 2222; x_wconf 73' lang='grc' dir='ltr'>πρεσσυτέραν</span> <span class='ocrx_word' id='word_1_217' title='bbox 516 2154 621 2226; x_wconf 79' lang='grc' dir='ltr'>τὴν</span> <span class='ocrx_word' id='word_1_218' title='bbox 674 2152 948 2227; x_wconf 78' lang='grc' dir='ltr'>ἡμετέραν</span> <span class='ocrx_word' id='word_1_219' title='bbox 1003 2158 1317 2228; x_wconf 82' lang='grc' dir='ltr'><strong>φιλοσοφίαν</strong></span> <span class='ocrx_word' id='word_1_220' title='bbox 1362 2160 1473 2214; x_wconf 87' lang='grc' dir='ltr'>τῶν</span> <span class='ocrx_word' id='word_1_221' title='bbox 1528 2162 1658 2233; x_wconf 84' lang='grc' dir='ltr'>παρ’</span> 
     </span>
    </p>
   </div>
   <div class='ocr_carea' id='block_1_24' title="bbox 138 2239 1659 2321">
    <p class='ocr_par' dir='ltr' id='par_1_24' title="bbox 138 2239 1659 2321">
     <span class='ocr_line' id='line_1_24' title="bbox 138 2239 1659 2321; baseline 0.011 -32"><span class='ocrx_word' id='word_1_222' title='bbox 138 2239 341 2310; x_wconf 78' lang='grc' dir='ltr'>Ἕλλησιν</span> <span class='ocrx_word' id='word_1_223' title='bbox 363 2243 747 2315; x_wconf 82' lang='grc' dir='ltr'>ὲπιτηδευτῶν.</span> <span class='ocrx_word' id='word_1_224' title='bbox 767 2247 920 2317; x_wconf 90' lang='grc' dir='ltr'>Ὅροι</span> <span class='ocrx_word' id='word_1_225' title='bbox 941 2247 1127 2320; x_wconf 74' lang='grc' dir='ltr'>δ’ἡμῖν</span> <span class='ocrx_word' id='word_1_226' title='bbox 1161 2249 1431 2304; x_wconf 87' lang='grc' dir='ltr'>κείσονται</span> <span class='ocrx_word' id='word_1_227' title='bbox 1453 2250 1659 2321; x_wconf 72' lang='grc' dir='ltr'>Μωσῆς</span> 
     </span>
    </p>
   </div>
   <div class='ocr_carea' id='block_1_25' title="bbox 138 2332 1659 2411">
    <p class='ocr_par' dir='ltr' id='par_1_25' title="bbox 138 2332 1659 2411">
     <span class='ocr_line' id='line_1_25' title="bbox 138 2332 1659 2411; baseline 0.008 -29"><span class='ocrx_word' id='word_1_228' title='bbox 138 2332 206 2382; x_wconf 70' lang='grc' dir='ltr'><strong>καὶ</strong></span> <span class='ocrx_word' id='word_1_229' title='bbox 228 2333 463 2406; x_wconf 76' lang='grc' dir='ltr'>Ὅμηρος.</span> <span class='ocrx_word' id='word_1_230' title='bbox 510 2337 605 2408; x_wconf 86' lang='grc' dir='ltr'><strong>Τῷ</strong></span> <span class='ocrx_word' id='word_1_231' title='bbox 637 2337 745 2408; x_wconf 75' lang='grc' dir='ltr'><strong>γὰρ</strong></span> <span class='ocrx_word' id='word_1_232' title='bbox 786 2340 1045 2411; x_wconf 84' lang='grc' dir='ltr'>ἑκάτερον</span> <span class='ocrx_word' id='word_1_233' title='bbox 1084 2341 1263 2396; x_wconf 81' lang='grc' dir='ltr'>αὐτῶν</span> <span class='ocrx_word' id='word_1_234' title='bbox 1292 2338 1428 2395; x_wconf 72' lang='grc' dir='ltr'>εἶναι</span> <span class='ocrx_word' id='word_1_235' title='bbox 1464 2342 1659 2395; x_wconf 87' lang='grc' dir='ltr'>παλαί-</span> 
     </span>
    </p>
   </div>
   <div class='ocr_carea' id='block_1_26' title="bbox 136 2428 1656 2503">
    <p class='ocr_par' dir='ltr' id='par_1_26' title="bbox 136 2428 1656 2503">
     <span class='ocr_line' id='line_1_26' title="bbox 136 2428 1656 2503; baseline 0.009 -32"><span class='ocrx_word' id='word_1_236' title='bbox 136 2438 280 2485; x_wconf 66' lang='lat' dir='ltr'><strong>tam,</strong></span> <span class='ocrx_word' id='word_1_237' title='bbox 320 2429 407 2479; x_wconf 78' lang='grc' dir='ltr'><strong>καὶ</strong></span> <span class='ocrx_word' id='word_1_238' title='bbox 449 2428 542 2481; x_wconf 82' lang='grc' dir='ltr'><strong>τὸν</strong></span> <span class='ocrx_word' id='word_1_239' title='bbox 598 2428 695 2498; x_wconf 79' lang='grc' dir='ltr'><strong>μὲν</strong></span> <span class='ocrx_word' id='word_1_240' title='bbox 742 2431 979 2501; x_wconf 77' lang='grc' dir='ltr'>ποιητῶν</span> <span class='ocrx_word' id='word_1_241' title='bbox 1038 2433 1132 2484; x_wconf 74' lang='grc' dir='ltr'><strong>καὶ</strong></span> <span class='ocrx_word' id='word_1_242' title='bbox 1179 2432 1463 2503; x_wconf 81' lang='grc' dir='ltr'>ἱστορικῶν</span> <span class='ocrx_word' id='word_1_243' title='bbox 1518 2428 1656 2486; x_wconf 72' lang='grc' dir='ltr'>εἶναι</span> 
     </span>
    </p>
   </div>
   <div class='ocr_carea' id='block_1_27' title="bbox 136 2516 1652 2597">
    <p class='ocr_par' dir='ltr' id='par_1_27' title="bbox 136 2516 1652 2597">
     <span class='ocr_line' id='line_1_27' title="bbox 136 2516 1652 2597; baseline 0.023 -32"><span class='ocrx_word' id='word_1_244' title='bbox 136 2516 469 2583; x_wconf 70' lang='grc' dir='ltr'>πρεσϐύτατον,</span> <span class='ocrx_word' id='word_1_245' title='bbox 506 2522 599 2574; x_wconf 75' lang='grc' dir='ltr'><strong>τον</strong></span> <span class='ocrx_word' id='word_1_246' title='bbox 627 2522 683 2574; x_wconf 81' lang='grc' dir='ltr'><strong>δὲ</strong></span> <span class='ocrx_word' id='word_1_247' title='bbox 716 2524 894 2594; x_wconf 73' lang='grc' dir='ltr'>πάσης</span> <span class='ocrx_word' id='word_1_248' title='bbox 927 2525 1117 2592; x_wconf 70' lang='grc' dir='ltr'>σοφίας</span> <span class='ocrx_word' id='word_1_249' title='bbox 1154 2524 1427 2596; x_wconf 75' lang='grc' dir='ltr'>βαρϐάρου</span> <span class='ocrx_word' id='word_1_250' title='bbox 1478 2527 1652 2597; x_wconf 78' lang='grc' dir='ltr'><strong>ἀρχη-</strong></span> 
     </span>
    </p>
   </div>
   <div class='ocr_carea' id='block_1_28' title="bbox 136 2605 1650 2687">
    <p class='ocr_par' dir='ltr' id='par_1_28' title="bbox 136 2605 1650 2687">
     <span class='ocr_line' id='line_1_28' title="bbox 136 2605 1650 2687; baseline 0.01 -31"><span class='ocrx_word' id='word_1_251' title='bbox 136 2605 219 2671; x_wconf 72' lang='grc' dir='ltr'>γὸν,</span> <span class='ocrx_word' id='word_1_252' title='bbox 244 2611 322 2659; x_wconf 69' lang='grc' dir='ltr'><strong>καὶ</strong></span> <span class='ocrx_word' id='word_1_253' title='bbox 353 2610 439 2678; x_wconf 68' lang='grc' dir='ltr'><strong>ὑφ’</strong></span> <span class='ocrx_word' id='word_1_254' title='bbox 469 2611 630 2686; x_wconf 67' lang='grc' dir='ltr'>ἡμῶν</span> <span class='ocrx_word' id='word_1_255' title='bbox 676 2616 753 2676; x_wconf 85' lang='grc' dir='ltr'>εἱς</span> <span class='ocrx_word' id='word_1_256' title='bbox 788 2615 1072 2686; x_wconf 70' lang='grc' dir='ltr'>σύγκρισιν</span> <span class='ocrx_word' id='word_1_257' title='bbox 1114 2616 1650 2687; x_wconf 75' lang='grc' dir='ltr'>παραλαμϐανέσθωο</span> 
     </span>
    </p>
   </div>
   <div class='ocr_carea' id='block_1_29' title="bbox 137 2700 1659 2780">
    <p class='ocr_par' dir='ltr' id='par_1_29' title="bbox 137 2700 1659 2780">
     <span class='ocr_line' id='line_1_29' title="bbox 137 2700 1659 2780; baseline 0.011 -34"><span class='ocrx_word' id='word_1_258' title='bbox 137 2712 223 2750; x_wconf 74' lang='grc' dir='ltr'>σειν,</span> <span class='ocrx_word' id='word_1_259' title='bbox 248 2700 546 2772; x_wconf 73' lang='grc' dir='ltr'>Εὑρήσομεν</span> <span class='ocrx_word' id='word_1_260' title='bbox 575 2704 683 2775; x_wconf 81' lang='grc' dir='ltr'>γὰρ</span> <span class='ocrx_word' id='word_1_261' title='bbox 711 2706 771 2757; x_wconf 75' lang='grc' dir='ltr'><strong>οὐ</strong></span> <span class='ocrx_word' id='word_1_262' title='bbox 806 2706 960 2776; x_wconf 79' lang='grc' dir='ltr'>μόνον</span> <span class='ocrx_word' id='word_1_263' title='bbox 987 2707 1083 2777; x_wconf 75' lang='grc' dir='ltr'><strong>τῆς</strong></span> <span class='ocrx_word' id='word_1_264' title='bbox 1117 2708 1380 2780; x_wconf 78' lang='grc' dir='ltr'>Ἑλλήνων</span> <span class='ocrx_word' id='word_1_265' title='bbox 1411 2710 1659 2773; x_wconf 80' lang='grc' dir='ltr'>παιδείας</span> 
     </span>
    </p>
   </div>
   <div class='ocr_carea' id='block_1_30' title="bbox 134 2788 1652 2873">
    <p class='ocr_par' dir='ltr' id='par_1_30' title="bbox 134 2788 1652 2873">
     <span class='ocr_line' id='line_1_30' title="bbox 134 2788 1652 2873; baseline 0.009 -33"><span class='ocrx_word' id='word_1_266' title='bbox 134 2788 183 2841; x_wconf 70' lang='grc' dir='ltr'>τὰ</span> <span class='ocrx_word' id='word_1_267' title='bbox 210 2796 319 2864; x_wconf 77' lang='grc' dir='ltr'>παρ’</span> <span class='ocrx_word' id='word_1_268' title='bbox 343 2798 491 2865; x_wconf 80' lang='grc' dir='ltr'>ἡμῖν,</span> <span class='ocrx_word' id='word_1_269' title='bbox 525 2796 609 2848; x_wconf 77' lang='grc' dir='ltr'>ἔτι</span> <span class='ocrx_word' id='word_1_270' title='bbox 642 2797 697 2850; x_wconf 78' lang='grc' dir='ltr'>δὲ</span> <span class='ocrx_word' id='word_1_271' title='bbox 726 2797 819 2850; x_wconf 76' lang='grc' dir='ltr'><strong>καὶ</strong></span> <span class='ocrx_word' id='word_1_272' title='bbox 854 2798 953 2868; x_wconf 80' lang='grc' dir='ltr'><strong>τῆς</strong></span> <span class='ocrx_word' id='word_1_273' title='bbox 983 2798 1091 2851; x_wconf 83' lang='grc' dir='ltr'>τῶν</span> <span class='ocrx_word' id='word_1_274' title='bbox 1127 2800 1469 2870; x_wconf 82' lang='grc' dir='ltr'>γραμμάτων</span> <span class='ocrx_word' id='word_1_275' title='bbox 1495 2802 1652 2873; x_wconf 81' lang='grc' dir='ltr'>εὑρέ-</span> 
     </span>
    </p>
   </div>
   <div class='ocr_carea' id='block_1_31' title="bbox 135 2886 1653 2966">
    <p class='ocr_par' dir='ltr' id='par_1_31' title="bbox 135 2886 1653 2966">
     <span class='ocr_line' id='line_1_31' title="bbox 135 2886 1653 2966; baseline 0.008 -32"><span class='ocrx_word' id='word_1_276' title='bbox 135 2898 235 2945; x_wconf 77' lang='grc' dir='ltr'>σεως</span> <span class='ocrx_word' id='word_1_277' title='bbox 261 2886 523 2958; x_wconf 70' lang='grc' dir='ltr'>ἀνώτεραο</span> <span class='ocrx_word' id='word_1_278' title='bbox 569 2888 850 2960; x_wconf 77' lang='grc' dir='ltr'>μάρτυράς</span> <span class='ocrx_word' id='word_1_279' title='bbox 876 2907 935 2941; x_wconf 87' lang='grc' dir='ltr'><strong>τε</strong></span> <span class='ocrx_word' id='word_1_280' title='bbox 968 2891 1030 2943; x_wconf 80' lang='grc' dir='ltr'><strong>οὐ</strong></span> <span class='ocrx_word' id='word_1_281' title='bbox 1070 2892 1196 2955; x_wconf 86' lang='grc' dir='ltr'>τοὺς</span> <span class='ocrx_word' id='word_1_282' title='bbox 1228 2892 1364 2945; x_wconf 73' lang='grc' dir='ltr'>οἴκοι</span> <span class='ocrx_word' id='word_1_283' title='bbox 1405 2893 1653 2966; x_wconf 85' lang='grc' dir='ltr'>παραλή-</span> 
     </span>
    </p>
   </div>
   <div class='ocr_carea' id='block_1_32' title="bbox 134 2971 1649 3055">
    <p class='ocr_par' dir='ltr' id='par_1_32' title="bbox 134 2971 1649 3055">
     <span class='ocr_line' id='line_1_32' title="bbox 134 2971 1649 3055; baseline 0.009 -31"><span class='ocrx_word' id='word_1_284' title='bbox 134 2971 285 3041; x_wconf 64' lang='grc' dir='ltr'>ψομαι,</span> <span class='ocrx_word' id='word_1_285' title='bbox 326 2974 531 3045; x_wconf 78' lang='grc' dir='ltr'>βοηθοῖς</span> <span class='ocrx_word' id='word_1_286' title='bbox 586 2978 641 3030; x_wconf 83' lang='grc' dir='ltr'>δὲ</span> <span class='ocrx_word' id='word_1_287' title='bbox 684 2978 880 3048; x_wconf 75' lang='grc' dir='ltr'>μᾶλλον</span> <span class='ocrx_word' id='word_1_288' title='bbox 931 2979 1155 3051; x_wconf 86' lang='grc' dir='ltr'>Ἕλλησι</span> <span class='ocrx_word' id='word_1_289' title='bbox 1214 2985 1649 3055; x_wconf 82' lang='grc' dir='ltr'>καταχρήσομαι.</span> 
     </span>
    </p>
   </div>
   <div class='ocr_carea' id='block_1_33' title="bbox 133 3062 1651 3145">
    <p class='ocr_par' dir='ltr' id='par_1_33' title="bbox 133 3062 1651 3145">
     <span class='ocr_line' id='line_1_33' title="bbox 133 3062 1651 3145; baseline 0.009 -32"><span class='ocrx_word' id='word_1_290' title='bbox 133 3062 185 3113; x_wconf 67' lang='grc' dir='ltr'><strong>Τὸ</strong></span> <span class='ocrx_word' id='word_1_291' title='bbox 207 3065 285 3133; x_wconf 75' lang='grc' dir='ltr'>μὲν</span> <span class='ocrx_word' id='word_1_292' title='bbox 315 3066 413 3137; x_wconf 77' lang='grc' dir='ltr'><strong>γάρ</strong></span> <span class='ocrx_word' id='word_1_293' title='bbox 443 3068 699 3139; x_wconf 78' lang='grc' dir='ltr'>ἄγνωμον</span> <span class='ocrx_word' id='word_1_294' title='bbox 730 3070 859 3140; x_wconf 85' lang='grc'>(71),</span> <span class='ocrx_word' id='word_1_295' title='bbox 895 3070 974 3122; x_wconf 83' lang='grc' dir='ltr'>ὅτι</span> <span class='ocrx_word' id='word_1_296' title='bbox 1011 3071 1132 3142; x_wconf 84' lang='grc' dir='ltr'>μηδ’</span> <span class='ocrx_word' id='word_1_297' title='bbox 1160 3073 1249 3141; x_wconf 73' lang='grc' dir='ltr'><strong>ὑφ’</strong></span> <span class='ocrx_word' id='word_1_298' title='bbox 1280 3072 1432 3143; x_wconf 79' lang='grc' dir='ltr'>ὑμῶν</span> <span class='ocrx_word' id='word_1_299' title='bbox 1465 3074 1651 3145; x_wconf 88' lang='grc' dir='ltr'>παρά-</span> 
     </span>
    </p>
   </div>
   <div class='ocr_carea' id='block_1_34' title="bbox 132 3153 1648 3236">
    <p class='ocr_par' dir='ltr' id='par_1_34' title="bbox 132 3153 1648 3236">
     <span class='ocr_line' id='line_1_34' title="bbox 132 3153 1648 3236; baseline 0.01 -30"><span class='ocrx_word' id='word_1_300' title='bbox 132 3153 302 3209; x_wconf 71' lang='grc' dir='ltr'>ίεκτον·</span> <span class='ocrx_word' id='word_1_301' title='bbox 345 3159 402 3212; x_wconf 74' lang='grc' dir='ltr'>τὸ</span> <span class='ocrx_word' id='word_1_302' title='bbox 427 3160 503 3224; x_wconf 79' lang='grc' dir='ltr'><strong>δὲ,</strong></span> <span class='ocrx_word' id='word_1_303' title='bbox 542 3160 609 3214; x_wconf 81' lang='grc' dir='ltr'><strong>ἂν</strong></span> <span class='ocrx_word' id='word_1_304' title='bbox 642 3162 1091 3234; x_wconf 81' lang='grc' dir='ltr'>ἁποδεικνύηται,</span> <span class='ocrx_word' id='word_1_305' title='bbox 1134 3164 1466 3236; x_wconf 85' lang='grc' dir='ltr'>θαυμαστὸν,</span> <span class='ocrx_word' id='word_1_306' title='bbox 1500 3167 1648 3221; x_wconf 82' lang='grc' dir='ltr'>ὁπότ’</span> 
     </span>
    </p>
   </div>
   <div class='ocr_carea' id='block_1_35' title="bbox 130 3242 1646 3327">
    <p class='ocr_par' dir='ltr' id='par_1_35' title="bbox 130 3242 1646 3327">
     <span class='ocr_line' id='line_1_35' title="bbox 130 3242 1646 3327; baseline 0.009 -31"><span class='ocrx_word' id='word_1_307' title='bbox 130 3242 193 3308; x_wconf 81' lang='grc' dir='ltr'><strong>ἂν,</strong></span> <span class='ocrx_word' id='word_1_308' title='bbox 224 3247 332 3317; x_wconf 81' lang='grc' dir='ltr'>ὑμῖν</span> <span class='ocrx_word' id='word_1_309' title='bbox 370 3249 453 3302; x_wconf 73' lang='grc' dir='ltr'>διὰ</span> <span class='ocrx_word' id='word_1_310' title='bbox 488 3250 599 3303; x_wconf 83' lang='grc' dir='ltr'><strong>τῶν</strong></span> <span class='ocrx_word' id='word_1_311' title='bbox 639 3251 917 3323; x_wconf 80' lang='grc' dir='ltr'>ὑμετέρων</span> <span class='ocrx_word' id='word_1_312' title='bbox 950 3254 1126 3307; x_wconf 86' lang='grc' dir='ltr'>ὅπλων</span> <span class='ocrx_word' id='word_1_313' title='bbox 1160 3254 1481 3327; x_wconf 74' lang='grc' dir='ltr'>ἀντερείδων</span> <span class='ocrx_word' id='word_1_314' title='bbox 1512 3256 1646 3327; x_wconf 72' lang='grc'>(72),</span> 
     </span>
    </p>
   </div>
   <div class='ocr_carea' id='block_1_36' title="bbox 130 3335 1645 3421">
    <p class='ocr_par' dir='ltr' id='par_1_36' title="bbox 130 3335 1645 3421">
     <span class='ocr_line' id='line_1_36' title="bbox 130 3335 1645 3421; baseline 0.01 -33"><span class='ocrx_word' id='word_1_315' title='bbox 130 3335 413 3403; x_wconf 74' lang='grc' dir='ltr'>ἀνυπόπτους</span> <span class='ocrx_word' id='word_1_316' title='bbox 444 3342 572 3394; x_wconf 79' lang='grc' dir='ltr'>καθ’</span> <span class='ocrx_word' id='word_1_317' title='bbox 598 3342 626 3394; x_wconf 84' lang='grc' dir='ltr'>ὑ</span> <span class='ocrx_word' id='word_1_318' title='bbox 635 3342 751 3412; x_wconf 82' lang='grc' dir='ltr'><strong>μῶν</strong></span> <span class='ocrx_word' id='word_1_319' title='bbox 777 3345 903 3407; x_wconf 76' lang='grc' dir='ltr'>τοὺς</span> <span class='ocrx_word' id='word_1_320' title='bbox 933 3344 1186 3417; x_wconf 75' lang='grc' dir='ltr'><strong>ἐλέγχους</strong></span> <span class='ocrx_word' id='word_1_321' title='bbox 1214 3348 1645 3421; x_wconf 77' lang='grc' dir='ltr'>παραλαμϐάνω.</span> 
     </span>
    </p>
   </div>
   <div class='ocr_carea' id='block_1_37' title="bbox 132 3424 1644 3507">
    <p class='ocr_par' dir='ltr' id='par_1_37' title="bbox 132 3424 1644 3507">
     <span class='ocr_line' id='line_1_37' title="bbox 132 3424 1644 3507; baseline 0.013 -31"><span class='ocrx_word' id='word_1_322' title='bbox 132 3424 232 3497; x_wconf 68' lang='grc' dir='ltr'>Περὶ</span> <span class='ocrx_word' id='word_1_323' title='bbox 258 3430 353 3501; x_wconf 73' lang='grc' dir='ltr'><strong>γὰρ</strong></span> <span class='ocrx_word' id='word_1_324' title='bbox 378 3432 473 3502; x_wconf 76' lang='grc' dir='ltr'>τῆς</span> <span class='ocrx_word' id='word_1_325' title='bbox 507 3434 749 3504; x_wconf 80' lang='grc' dir='ltr'>Ὀμήρου</span> <span class='ocrx_word' id='word_1_326' title='bbox 792 3437 1091 3507; x_wconf 83' lang='grc' dir='ltr'>ποιήσεως,</span> <span class='ocrx_word' id='word_1_327' title='bbox 1125 3438 1317 3506; x_wconf 81' lang='grc' dir='ltr'>γένους</span> <span class='ocrx_word' id='word_1_328' title='bbox 1354 3457 1413 3492; x_wconf 87' lang='grc' dir='ltr'><strong>τε</strong></span> <span class='ocrx_word' id='word_1_329' title='bbox 1456 3440 1644 3506; x_wconf 82' lang='grc' dir='ltr'>αὐτοῦ,</span> 
     </span>
    </p>
   </div>
   <div class='ocr_carea' id='block_1_38' title="bbox 132 3517 1649 3603">
    <p class='ocr_par' dir='ltr' id='par_1_38' title="bbox 132 3517 1649 3603">
     <span class='ocr_line' id='line_1_38' title="bbox 132 3517 1649 3603; baseline 0.012 -35"><span class='ocrx_word' id='word_1_330' title='bbox 132 3517 200 3569; x_wconf 75' lang='grc' dir='ltr'><strong>καὶ</strong></span> <span class='ocrx_word' id='word_1_331' title='bbox 233 3521 401 3591; x_wconf 74' lang='grc' dir='ltr'>χρόνου</span> <span class='ocrx_word' id='word_1_332' title='bbox 451 3522 579 3577; x_wconf 80' lang='grc' dir='ltr'>καθ’</span> <span class='ocrx_word' id='word_1_333' title='bbox 623 3525 682 3577; x_wconf 84' lang='grc' dir='ltr'>ὃν</span> <span class='ocrx_word' id='word_1_334' title='bbox 746 3526 998 3597; x_wconf 74' lang='grc' dir='ltr'>ἧκμασε,</span> <span class='ocrx_word' id='word_1_335' title='bbox 1051 3530 1465 3601; x_wconf 82' lang='grc' dir='ltr'>προηρεύνησαν</span> <span class='ocrx_word' id='word_1_336' title='bbox 1516 3550 1649 3603; x_wconf 88' lang='grc' dir='ltr'>πρε-</span> 
     </span>
    </p>
   </div>
   <div class='ocr_carea' id='block_1_39' title="bbox 132 3607 1646 3693">
    <p class='ocr_par' dir='ltr' id='par_1_39' title="bbox 132 3607 1646 3693">
     <span class='ocr_line' id='line_1_39' title="bbox 132 3607 1646 3693; baseline 0.013 -35"><span class='ocrx_word' id='word_1_337' title='bbox 132 3607 332 3663; x_wconf 69' lang='grc' dir='ltr'>σεύτατοι</span> <span class='ocrx_word' id='word_1_338' title='bbox 364 3615 459 3683; x_wconf 82' lang='grc' dir='ltr'>μὲν</span> <span class='ocrx_word' id='word_1_339' title='bbox 485 3615 765 3685; x_wconf 75' lang='grc' dir='ltr'>Θεαγένης</span> <span class='ocrx_word' id='word_1_340' title='bbox 798 3633 856 3669; x_wconf 86' lang='grc' dir='ltr'><strong>τε</strong></span> <span class='ocrx_word' id='word_1_341' title='bbox 893 3619 921 3670; x_wconf 82' lang='grc' dir='ltr'>ὁ</span> <span class='ocrx_word' id='word_1_342' title='bbox 957 3617 1203 3688; x_wconf 82' lang='grc' dir='ltr'>Ῥηγῖνος</span> <span class='ocrx_word' id='word_1_343' title='bbox 1246 3621 1386 3674; x_wconf 83' lang='grc' dir='ltr'><strong>κατὰ</strong></span> <span class='ocrx_word' id='word_1_344' title='bbox 1416 3624 1646 3693; x_wconf 79' lang='grc' dir='ltr'><strong>Καμϐύ-</strong></span> 
     </span>
    </p>
   </div>
   <div class='ocr_carea' id='block_1_40' title="bbox 131 3706 1649 3782">
    <p class='ocr_par' dir='ltr' id='par_1_40' title="bbox 131 3706 1649 3782">
     <span class='ocr_line' id='line_1_40' title="bbox 131 3706 1649 3782; baseline 0.011 -28"><span class='ocrx_word' id='word_1_345' title='bbox 131 3715 203 3771; x_wconf 69' lang='grc' dir='ltr'><strong>σην</strong></span> <span class='ocrx_word' id='word_1_346' title='bbox 220 3706 452 3773; x_wconf 76' lang='grc' dir='ltr'>γεγονὼς,</span> <span class='ocrx_word' id='word_1_347' title='bbox 482 3710 581 3761; x_wconf 75' lang='grc' dir='ltr'><strong>καὶ</strong></span> <span class='ocrx_word' id='word_1_348' title='bbox 603 3710 1003 3782; x_wconf 80' lang='grc' dir='ltr'>Στησίμϐροτος</span> <span class='ocrx_word' id='word_1_349' title='bbox 1034 3713 1063 3765; x_wconf 85' lang='grc' dir='ltr'>ὁ</span> <span class='ocrx_word' id='word_1_350' title='bbox 1090 3712 1305 3778; x_wconf 85' lang='grc' dir='ltr'>Θάσιος,</span> <span class='ocrx_word' id='word_1_351' title='bbox 1339 3716 1433 3770; x_wconf 77' lang='grc' dir='ltr'>καὶ</span> <span class='ocrx_word' id='word_1_352' title='bbox 1454 3717 1649 3770; x_wconf 83' lang='grc' dir='ltr'>Καλλί-</span> 
     </span>
    </p>
   </div>
   <div class='ocr_carea' id='block_1_41' title="bbox 131 3798 1644 3879">
    <p class='ocr_par' dir='ltr' id='par_1_41' title="bbox 131 3798 1644 3879">
     <span class='ocr_line' id='line_1_41' title="bbox 131 3798 1644 3879; baseline 0.024 -51"><span class='ocrx_word' id='word_1_353' title='bbox 131 3807 260 3862; x_wconf 70' lang='grc' dir='ltr'>μαχος</span> <span class='ocrx_word' id='word_1_354' title='bbox 294 3798 320 3849; x_wconf 72' lang='grc' dir='ltr'>ὁ</span> <span class='ocrx_word' id='word_1_355' title='bbox 349 3799 717 3869; x_wconf 69' lang='grc' dir='ltr'>Κολοφώνιος,</span> <span class='ocrx_word' id='word_1_356' title='bbox 762 3803 1038 3874; x_wconf 82' lang='grc' dir='ltr'>Ἡρόδοτός</span> <span class='ocrx_word' id='word_1_357' title='bbox 1073 3822 1132 3857; x_wconf 87' lang='grc' dir='ltr'><strong>τε</strong></span> <span class='ocrx_word' id='word_1_358' title='bbox 1169 3805 1644 3879; x_wconf 83' lang='grc' dir='ltr'>Ἀλικαρνασσεὺς,</span> 
     </span>
    </p>
   </div>
   <div class='ocr_carea' id='block_1_42' title="bbox 130 3885 1646 3973">
    <p class='ocr_par' dir='ltr' id='par_1_42' title="bbox 130 3885 1646 3973">
     <span class='ocr_line' id='line_1_42' title="bbox 130 3885 1646 3973; baseline 0.011 -35"><span class='ocrx_word' id='word_1_359' title='bbox 130 3885 197 3937; x_wconf 70' lang='grc' dir='ltr'><strong>καὶ</strong></span> <span class='ocrx_word' id='word_1_360' title='bbox 222 3890 470 3956; x_wconf 64' lang='grc' dir='ltr'>Διονύσιος</span> <span class='ocrx_word' id='word_1_361' title='bbox 514 3893 817 3958; x_wconf 76' lang='grc' dir='ltr'>Ὀλύνθιος’</span> <span class='ocrx_word' id='word_1_362' title='bbox 861 3897 999 3967; x_wconf 77' lang='grc' dir='ltr'>μετὰ</span> <span class='ocrx_word' id='word_1_363' title='bbox 1039 3896 1094 3950; x_wconf 81' lang='grc' dir='ltr'>δὲ</span> <span class='ocrx_word' id='word_1_364' title='bbox 1143 3898 1384 3963; x_wconf 78' lang='grc' dir='ltr'>ἐκείνους</span> <span class='ocrx_word' id='word_1_365' title='bbox 1414 3902 1646 3973; x_wconf 82' lang='grc' dir='ltr'>Ἔφορος</span> 
     </span>
    </p>
   </div>
   <div class='ocr_carea' id='block_1_43' title="bbox 127 3977 1646 4065">
    <p class='ocr_par' dir='ltr' id='par_1_43' title="bbox 127 3977 1646 4065">
     <span class='ocr_line' id='line_1_43' title="bbox 127 3977 1646 4065; baseline 0.012 -37"><span class='ocrx_word' id='word_1_366' title='bbox 127 3977 389 4049; x_wconf 78' lang='grc' dir='ltr'>ὁΚυμαῖος,</span> <span class='ocrx_word' id='word_1_367' title='bbox 428 3986 523 4037; x_wconf 82' lang='grc' dir='ltr'><strong>καὶ</strong></span> <span class='ocrx_word' id='word_1_368' title='bbox 554 3985 836 4056; x_wconf 78' lang='grc' dir='ltr'>Φιλόχορος</span> <span class='ocrx_word' id='word_1_369' title='bbox 873 3990 901 4041; x_wconf 84' lang='grc' dir='ltr'>ὁ</span> <span class='ocrx_word' id='word_1_370' title='bbox 940 3987 1235 4059; x_wconf 83' lang='grc' dir='ltr'>Ἀθηναῖος,</span> <span class='ocrx_word' id='word_1_371' title='bbox 1270 3992 1646 4065; x_wconf 83' lang='grc' dir='ltr'>Μεγακλείδης</span> 
     </span>
    </p>
   </div>
   <div class='ocr_carea' id='block_1_44' title="bbox 126 4071 1644 4151">
    <p class='ocr_par' dir='ltr' id='par_1_44' title="bbox 126 4071 1644 4151">
     <span class='ocr_line' id='line_1_44' title="bbox 126 4071 1644 4151; baseline 0.012 -31"><span class='ocrx_word' id='word_1_372' title='bbox 126 4083 169 4117; x_wconf 76' lang='grc' dir='ltr'><strong>τε</strong></span> <span class='ocrx_word' id='word_1_373' title='bbox 205 4071 281 4123; x_wconf 74' lang='grc' dir='ltr'><strong>καὶ</strong></span> <span class='ocrx_word' id='word_1_374' title='bbox 315 4075 635 4145; x_wconf 79' lang='grc' dir='ltr'>Χαμαιλέων</span> <span class='ocrx_word' id='word_1_375' title='bbox 682 4078 815 4148; x_wconf 78' lang='lat'><strong>(7&#39;5)</strong></span> <span class='ocrx_word' id='word_1_376' title='bbox 853 4080 903 4131; x_wconf 89' lang='grc' dir='ltr'>οἱ</span> <span class='ocrx_word' id='word_1_377' title='bbox 945 4084 1397 4151; x_wconf 79' lang='grc' dir='ltr'>περιπατητικοί’</span> <span class='ocrx_word' id='word_1_378' title='bbox 1454 4084 1644 4139; x_wconf 77' lang='grc' dir='ltr'>ἔπειτα</span> 
     </span>
    </p>
   </div>
   <div class='ocr_carea' id='block_1_45' title="bbox 128 4168 1638 4246">
    <p class='ocr_par' dir='ltr' id='par_1_45' title="bbox 128 4168 1638 4246">
     <span class='ocr_line' id='line_1_45' title="bbox 128 4168 1638 4246; baseline 0.009 -30"><span class='ocrx_word' id='word_1_379' title='bbox 128 4168 465 4246; x_wconf 73' lang='grc' dir='ltr'>γραμματικοὶ,</span> <span class='ocrx_word' id='word_1_380' title='bbox 494 4170 804 4239; x_wconf 80' lang='grc' dir='ltr'>Ζηνόδοτος,</span> <span class='ocrx_word' id='word_1_381' title='bbox 835 4172 1246 4244; x_wconf 72' lang='grc' dir='ltr'>Ἀριστοφάνης,</span> <span class='ocrx_word' id='word_1_382' title='bbox 1272 4173 1638 4246; x_wconf 87' lang='grc' dir='ltr'>Καλλίμαχος,</span> 
     </span>
    </p>
   </div>
   <div class='ocr_carea' id='block_1_46' title="bbox 128 4245 1636 4338">
    <p class='ocr_par' dir='ltr' id='par_1_46' title="bbox 128 4245 1636 4338">
     <span class='ocr_line' id='line_1_46' title="bbox 128 4245 1636 4338; baseline 0.007 -28"><span class='ocrx_word' id='word_1_383' title='bbox 128 4253 318 4327; x_wconf 74' lang='grc' dir='ltr'>Κράτης,</span> <span class='ocrx_word' id='word_1_384' title='bbox 372 4245 779 4332; x_wconf 83' lang='grc' dir='ltr'>Ἐρατοσθένης,</span> <span class='ocrx_word' id='word_1_385' title='bbox 807 4262 1179 4335; x_wconf 78' lang='grc' dir='ltr'>Ἀρίσταρχος,</span> <span class='ocrx_word' id='word_1_386' title='bbox 1222 4245 1636 4338; x_wconf 83' lang='grc' dir='ltr'>Ἀπολλόδωρος.</span> 
     </span>
    </p>
   </div>
   <div class='ocr_carea' id='block_1_47' title="bbox 128 4341 1636 4428">
    <p class='ocr_par' dir='ltr' id='par_1_47' title="bbox 128 4341 1636 4428">
     <span class='ocr_line' id='line_1_47' title="bbox 128 4341 1636 4428; baseline 0.013 -35"><span class='ocrx_word' id='word_1_387' title='bbox 128 4341 295 4399; x_wconf 73' lang='grc' dir='ltr'>Τούτων</span> <span class='ocrx_word' id='word_1_388' title='bbox 333 4350 385 4401; x_wconf 79' lang='grc' dir='ltr'>δὲ</span> <span class='ocrx_word' id='word_1_389' title='bbox 433 4353 480 4403; x_wconf 87' lang='grc' dir='ltr'>οἱ</span> <span class='ocrx_word' id='word_1_390' title='bbox 527 4352 624 4421; x_wconf 84' lang='grc' dir='ltr'><strong>μὲν</strong></span> <span class='ocrx_word' id='word_1_391' title='bbox 666 4353 793 4422; x_wconf 71' lang='grc' dir='ltr'>περὶ</span> <span class='ocrx_word' id='word_1_392' title='bbox 842 4353 1136 4425; x_wconf 85' lang='grc' dir='ltr'>Κράτητα,</span> <span class='ocrx_word' id='word_1_393' title='bbox 1187 4354 1293 4425; x_wconf 80' lang='grc' dir='ltr'>πρὸ</span> <span class='ocrx_word' id='word_1_394' title='bbox 1326 4356 1424 4426; x_wconf 81' lang='grc' dir='ltr'><strong>τῆς</strong></span> <span class='ocrx_word' id='word_1_395' title='bbox 1469 4356 1636 4428; x_wconf 85' lang='grc' dir='ltr'>Ἡρα-</span> 
     </span>
    </p>
   </div>
   <div class='ocr_carea' id='block_1_48' title="bbox 1682 3115 1724 3170">
    <p class='ocr_par' dir='ltr' id='par_1_48' title="bbox 1682 3115 1724 3170">
     <span class='ocr_line' id='line_1_48' title="bbox 1682 3115 1724 3170; baseline 0 0"><span class='ocrx_word' id='word_1_396' title='bbox 1682 3115 1724 3170; x_wconf 88' lang='grc' dir='ltr'><strong>Β</strong></span> 
     </span>
    </p>
   </div>
   <div class='ocr_carea' id='block_1_49' title="bbox 1836 1984 3341 2059">
    <p class='ocr_par' dir='ltr' id='par_1_49' title="bbox 1836 1984 3341 2059">
     <span class='ocr_line' id='line_1_49' title="bbox 1836 1984 3341 2059; baseline -0.003 -17"><span class='ocrx_word' id='word_1_397' title='bbox 1836 2008 1855 2042; x_wconf 75' lang='grc'><strong>(</strong></span> <span class='ocrx_word' id='word_1_398' title='bbox 1902 1988 2047 2051; x_wconf 84' lang='lat' dir='ltr'><strong>Jam,</strong></span> <span class='ocrx_word' id='word_1_399' title='bbox 2080 1988 2278 2059; x_wconf 87' lang='lat' dir='ltr'><strong>inquit,</strong></span> <span class='ocrx_word' id='word_1_400' title='bbox 2309 1987 2579 2059; x_wconf 88' lang='lat' dir='ltr'><strong>agendum</strong></span> <span class='ocrx_word' id='word_1_401' title='bbox 2610 1986 2771 2041; x_wconf 88' lang='lat' dir='ltr'><strong>nobis</strong></span> <span class='ocrx_word' id='word_1_402' title='bbox 2801 1984 2854 2040; x_wconf 91' lang='lat' dir='ltr'><strong>id</strong></span> <span class='ocrx_word' id='word_1_403' title='bbox 2887 1984 3123 2049; x_wconf 84' lang='lat' dir='ltr'><strong>videtur,</strong></span> <span class='ocrx_word' id='word_1_404' title='bbox 3151 1992 3212 2038; x_wconf 93' lang='lat' dir='ltr'><strong>ut</strong></span> <span class='ocrx_word' id='word_1_405' title='bbox 3242 2000 3341 2038; x_wconf 85' lang='lat' dir='ltr'><strong>no-</strong></span> 
     </span>
    </p>
   </div>
   <div class='ocr_carea' id='block_1_50' title="bbox 1760 2075 3339 2152">
    <p class='ocr_par' dir='ltr' id='par_1_50' title="bbox 1760 2075 3339 2152">
     <span class='ocr_line' id='line_1_50' title="bbox 1760 2075 3339 2152; baseline -0.004 -16"><span class='ocrx_word' id='word_1_406' title='bbox 1760 2090 1928 2137; x_wconf 87' lang='lat' dir='ltr'><strong>stram</strong></span> <span class='ocrx_word' id='word_1_407' title='bbox 1946 2095 2162 2152; x_wconf 89' lang='lat' dir='ltr'><strong>quoque</strong></span> <span class='ocrx_word' id='word_1_408' title='bbox 2176 2078 2573 2150; x_wconf 86' lang='lat' dir='ltr'><strong>philosophiam</strong></span> <span class='ocrx_word' id='word_1_409' title='bbox 2589 2076 2875 2147; x_wconf 85' lang='lat' dir='ltr'><strong>exquisitis</strong></span> <span class='ocrx_word' id='word_1_410' title='bbox 2897 2076 3002 2131; x_wconf 86' lang='lat' dir='ltr'><strong>illis</strong></span> <span class='ocrx_word' id='word_1_411' title='bbox 3026 2075 3339 2131; x_wconf 69' lang='lat' dir='ltr'><strong>Graecorum</strong></span> 
     </span>
    </p>
   </div>
   <div class='ocr_carea' id='block_1_51' title="bbox 1758 2166 3334 2241">
    <p class='ocr_par' dir='ltr' id='par_1_51' title="bbox 1758 2166 3334 2241">
     <span class='ocr_line' id='line_1_51' title="bbox 1758 2166 3334 2241; baseline -0.004 -15"><span class='ocrx_word' id='word_1_412' title='bbox 1758 2172 1969 2227; x_wconf 88' lang='lat' dir='ltr'><strong>artibus</strong></span> <span class='ocrx_word' id='word_1_413' title='bbox 2016 2171 2376 2241; x_wconf 87' lang='lat' dir='ltr'><strong>antiquiorem</strong></span> <span class='ocrx_word' id='word_1_414' title='bbox 2421 2183 2543 2225; x_wconf 89' lang='lat' dir='ltr'><strong>esse</strong></span> <span class='ocrx_word' id='word_1_415' title='bbox 2584 2169 3041 2223; x_wconf 83' lang='lat' dir='ltr'><strong>demonstremus.</strong></span> <span class='ocrx_word' id='word_1_416' title='bbox 3108 2166 3227 2233; x_wconf 87' lang='lat' dir='ltr'><strong>Qua</strong></span> <span class='ocrx_word' id='word_1_417' title='bbox 3280 2167 3334 2220; x_wconf 89' lang='lat' dir='ltr'><strong>in</strong></span> 
     </span>
    </p>
   </div>
   <div class='ocr_carea' id='block_1_52' title="bbox 1757 2256 3339 2321">
    <p class='ocr_par' dir='ltr' id='par_1_52' title="bbox 1757 2256 3339 2321">
     <span class='ocr_line' id='line_1_52' title="bbox 1757 2256 3339 2321; baseline -0.007 0"><span class='ocrx_word' id='word_1_418' title='bbox 1757 2281 1817 2321; x_wconf 90' lang='lat' dir='ltr'><strong>re</strong></span> <span class='ocrx_word' id='word_1_419' title='bbox 1861 2264 2065 2320; x_wconf 86' lang='lat' dir='ltr'><strong>Mosem</strong></span> <span class='ocrx_word' id='word_1_420' title='bbox 2115 2272 2169 2317; x_wconf 90' lang='lat' dir='ltr'><strong>et</strong></span> <span class='ocrx_word' id='word_1_421' title='bbox 2216 2261 2516 2317; x_wconf 85' lang='lat' dir='ltr'><strong>Homerum</strong></span> <span class='ocrx_word' id='word_1_422' title='bbox 2575 2274 2823 2315; x_wconf 89' lang='lat' dir='ltr'><strong>summos</strong></span> <span class='ocrx_word' id='word_1_423' title='bbox 2875 2256 3038 2311; x_wconf 87' lang='lat' dir='ltr'><strong>veluti</strong></span> <span class='ocrx_word' id='word_1_424' title='bbox 3087 2256 3339 2312; x_wconf 90' lang='lat' dir='ltr'><strong>cardines</strong></span> 
     </span>
    </p>
   </div>
   <div class='ocr_carea' id='block_1_53' title="bbox 1757 2348 3340 2425">
    <p class='ocr_par' dir='ltr' id='par_1_53' title="bbox 1757 2348 3340 2425">
     <span class='ocr_line' id='line_1_53' title="bbox 1757 2348 3340 2425; baseline -0.006 -12"><span class='ocrx_word' id='word_1_425' title='bbox 1757 2358 2128 2425; x_wconf 89' lang='lat' dir='ltr'><strong>terminosque</strong></span> <span class='ocrx_word' id='word_1_426' title='bbox 2161 2362 2485 2409; x_wconf 85' lang='lat' dir='ltr'><strong>statuemus.</strong></span> <span class='ocrx_word' id='word_1_427' title='bbox 2533 2350 2672 2405; x_wconf 89' lang='lat' dir='ltr'><strong>Cum</strong></span> <span class='ocrx_word' id='word_1_428' title='bbox 2701 2349 2847 2405; x_wconf 90' lang='lat' dir='ltr'><strong>enim</strong></span> <span class='ocrx_word' id='word_1_429' title='bbox 2892 2348 2963 2404; x_wconf 90' lang='lat' dir='ltr'><strong>sit</strong></span> <span class='ocrx_word' id='word_1_430' title='bbox 2991 2359 3218 2419; x_wconf 90' lang='lat' dir='ltr'><strong>uterque</strong></span> <span class='ocrx_word' id='word_1_431' title='bbox 3244 2364 3340 2403; x_wconf 86' lang='lat' dir='ltr'><strong>ve-</strong></span> 
     </span>
    </p>
   </div>
   <div class='ocr_carea' id='block_1_54' title="bbox 1756 2426 3336 2511">
    <p class='ocr_par' dir='ltr' id='par_1_54' title="bbox 1756 2426 3336 2511">
     <span class='ocr_line' id='line_1_54' title="bbox 1756 2426 3336 2511; baseline -0.004 -11"><span class='ocrx_word' id='word_1_432' title='bbox 1756 2445 2093 2500; x_wconf 88' lang='lat' dir='ltr'><strong>tustissimus</strong></span> <span class='ocrx_word' id='word_1_433' title='bbox 2115 2484 2130 2509; x_wconf 94' lang='lat'><strong>,</strong></span> <span class='ocrx_word' id='word_1_434' title='bbox 2182 2454 2236 2498; x_wconf 92' lang='lat' dir='ltr'><strong>et</strong></span> <span class='ocrx_word' id='word_1_435' title='bbox 2271 2442 2407 2496; x_wconf 86' lang='lat' dir='ltr'><strong>alter</strong></span> <span class='ocrx_word' id='word_1_436' title='bbox 2437 2426 2658 2511; x_wconf 82' lang='lat' dir='ltr'><strong>quidem</strong></span> <span class='ocrx_word' id='word_1_437' title='bbox 2710 2449 2900 2511; x_wconf 88' lang='lat' dir='ltr'><strong>poetas</strong></span> <span class='ocrx_word' id='word_1_438' title='bbox 2955 2449 3009 2494; x_wconf 88' lang='lat' dir='ltr'><strong>et</strong></span> <span class='ocrx_word' id='word_1_439' title='bbox 3044 2440 3336 2494; x_wconf 86' lang='lat' dir='ltr'><strong>historicos</strong></span> 
     </span>
    </p>
   </div>
   <div class='ocr_carea' id='block_1_55' title="bbox 1756 2531 3330 2602">
    <p class='ocr_par' dir='ltr' id='par_1_55' title="bbox 1756 2531 3330 2602">
     <span class='ocr_line' id='line_1_55' title="bbox 1756 2531 3330 2602; baseline -0.005 -10"><span class='ocrx_word' id='word_1_440' title='bbox 1756 2551 1947 2593; x_wconf 87' lang='lat' dir='ltr'><strong>omnes</strong></span> <span class='ocrx_word' id='word_1_441' title='bbox 1975 2545 2217 2602; x_wconf 86' lang='lat' dir='ltr'><strong>tempore</strong></span> <span class='ocrx_word' id='word_1_442' title='bbox 2248 2534 2548 2598; x_wconf 85' lang='lat' dir='ltr'><strong>antecedat,</strong></span> <span class='ocrx_word' id='word_1_443' title='bbox 2582 2532 2718 2585; x_wconf 88' lang='lat' dir='ltr'><strong>alter</strong></span> <span class='ocrx_word' id='word_1_444' title='bbox 2759 2546 2891 2585; x_wconf 87' lang='lat' dir='ltr'><strong>vero</strong></span> <span class='ocrx_word' id='word_1_445' title='bbox 2931 2531 3177 2585; x_wconf 68' lang='lat' dir='ltr'><strong>barbarae</strong></span> <span class='ocrx_word' id='word_1_446' title='bbox 3209 2546 3330 2584; x_wconf 86' lang='lat' dir='ltr'><strong>om-</strong></span> 
     </span>
    </p>
   </div>
   <div class='ocr_carea' id='block_1_56' title="bbox 1755 2620 3330 2699">
    <p class='ocr_par' dir='ltr' id='par_1_56' title="bbox 1755 2620 3330 2699">
     <span class='ocr_line' id='line_1_56' title="bbox 1755 2620 3330 2699; baseline -0.006 -15"><span class='ocrx_word' id='word_1_447' title='bbox 1755 2631 1841 2684; x_wconf 92' lang='lat' dir='ltr'><strong>nis</strong></span> <span class='ocrx_word' id='word_1_448' title='bbox 1874 2628 2153 2699; x_wconf 57' lang='lat' dir='ltr'><strong>sapientia</strong></span> <span class='ocrx_word' id='word_1_449' title='bbox 2195 2625 2301 2679; x_wconf 76' lang='lat' dir='ltr'><strong>dux</strong></span> <span class='ocrx_word' id='word_1_450' title='bbox 2334 2625 2694 2694; x_wconf 88' lang='lat' dir='ltr'><strong>princepsque</strong></span> <span class='ocrx_word' id='word_1_451' title='bbox 2746 2620 2909 2677; x_wconf 78' lang='lat' dir='ltr'><strong>fuerit</strong></span> <span class='ocrx_word' id='word_1_452' title='bbox 2937 2661 2950 2685; x_wconf 93' lang='lat'><strong>,</strong></span> <span class='ocrx_word' id='word_1_453' title='bbox 2983 2621 3139 2691; x_wconf 83' lang='lat' dir='ltr'><strong>juvat</strong></span> <span class='ocrx_word' id='word_1_454' title='bbox 3167 2622 3330 2675; x_wconf 85' lang='lat' dir='ltr'><strong>etiam</strong></span> 
     </span>
    </p>
   </div>
   <div class='ocr_carea' id='block_1_57' title="bbox 1754 2711 3331 2775">
    <p class='ocr_par' dir='ltr' id='par_1_57' title="bbox 1754 2711 3331 2775">
     <span class='ocr_line' id='line_1_57' title="bbox 1754 2711 3331 2775; baseline -0.006 0"><span class='ocrx_word' id='word_1_455' title='bbox 1754 2720 2041 2775; x_wconf 84' lang='lat' dir='ltr'><strong>amborum</strong></span> <span class='ocrx_word' id='word_1_456' title='bbox 2068 2716 2474 2773; x_wconf 89' lang='lat' dir='ltr'><strong>contentionem</strong></span> <span class='ocrx_word' id='word_1_457' title='bbox 2534 2715 2839 2768; x_wconf 88' lang='lat' dir='ltr'><strong>instituere.</strong></span> <span class='ocrx_word' id='word_1_458' title='bbox 2884 2711 3175 2767; x_wconf 85' lang='lat' dir='ltr'><strong>Enimvero</strong></span> <span class='ocrx_word' id='word_1_459' title='bbox 3218 2727 3331 2767; x_wconf 85' lang='lat' dir='ltr'><strong>non</strong></span> 
     </span>
    </p>
   </div>
   <div class='ocr_carea' id='block_1_58' title="bbox 1753 2805 3332 2875">
    <p class='ocr_par' dir='ltr' id='par_1_58' title="bbox 1753 2805 3332 2875">
     <span class='ocr_line' id='line_1_58' title="bbox 1753 2805 3332 2875; baseline -0.005 -8"><span class='ocrx_word' id='word_1_460' title='bbox 1753 2812 2000 2868; x_wconf 85' lang='lat' dir='ltr'><strong>doctrina</strong></span> <span class='ocrx_word' id='word_1_461' title='bbox 2032 2809 2196 2864; x_wconf 89' lang='lat' dir='ltr'><strong>modo</strong></span> <span class='ocrx_word' id='word_1_462' title='bbox 2224 2808 2536 2863; x_wconf 65' lang='lat' dir='ltr'><strong>Graecorum</strong></span> <span class='ocrx_word' id='word_1_463' title='bbox 2562 2846 2577 2869; x_wconf 96' lang='lat'><strong>,</strong></span> <span class='ocrx_word' id='word_1_464' title='bbox 2630 2806 2723 2861; x_wconf 91' lang='lat' dir='ltr'><strong>sed</strong></span> <span class='ocrx_word' id='word_1_465' title='bbox 2772 2806 2888 2875; x_wconf 83' lang='lat' dir='ltr'><strong>ipsa</strong></span> <span class='ocrx_word' id='word_1_466' title='bbox 2939 2820 3157 2875; x_wconf 89' lang='lat' dir='ltr'><strong>quoque</strong></span> <span class='ocrx_word' id='word_1_467' title='bbox 3188 2805 3332 2859; x_wconf 89' lang='lat' dir='ltr'><strong>litte-</strong></span> 
     </span>
    </p>
   </div>
   <div class='ocr_carea' id='block_1_59' title="bbox 1752 2896 3329 2966">
    <p class='ocr_par' dir='ltr' id='par_1_59' title="bbox 1752 2896 3329 2966">
     <span class='ocr_line' id='line_1_59' title="bbox 1752 2896 3329 2966; baseline -0.006 -9"><span class='ocrx_word' id='word_1_468' title='bbox 1752 2916 1938 2958; x_wconf 86' lang='lat' dir='ltr'><strong>rarum</strong></span> <span class='ocrx_word' id='word_1_469' title='bbox 1969 2899 2278 2955; x_wconf 88' lang='lat' dir='ltr'><strong>inventione</strong></span> <span class='ocrx_word' id='word_1_470' title='bbox 2306 2911 2393 2953; x_wconf 80' lang='lat' dir='ltr'><strong>res</strong></span> <span class='ocrx_word' id='word_1_471' title='bbox 2454 2905 2669 2952; x_wconf 85' lang='lat' dir='ltr'><strong>nostras</strong></span> <span class='ocrx_word' id='word_1_472' title='bbox 2726 2896 2932 2966; x_wconf 84' lang='lat' dir='ltr'><strong>priores</strong></span> <span class='ocrx_word' id='word_1_473' title='bbox 2974 2910 3098 2950; x_wconf 86' lang='lat' dir='ltr'><strong>esse</strong></span> <span class='ocrx_word' id='word_1_474' title='bbox 3128 2910 3329 2964; x_wconf 86' lang='lat' dir='ltr'><strong>cogno-</strong></span> 
     </span>
    </p>
   </div>
   <div class='ocr_carea' id='block_1_60' title="bbox 1752 2986 3329 3061">
    <p class='ocr_par' dir='ltr' id='par_1_60' title="bbox 1752 2986 3329 3061">
     <span class='ocr_line' id='line_1_60' title="bbox 1752 2986 3329 3061; baseline -0.006 -11"><span class='ocrx_word' id='word_1_475' title='bbox 1752 3006 1991 3050; x_wconf 85' lang='lat' dir='ltr'><strong>scemus.</strong></span> <span class='ocrx_word' id='word_1_476' title='bbox 2014 2989 2200 3061; x_wconf 87' lang='lat' dir='ltr'><strong>Neque</strong></span> <span class='ocrx_word' id='word_1_477' title='bbox 2228 2999 2404 3043; x_wconf 91' lang='lat' dir='ltr'><strong>tamen</strong></span> <span class='ocrx_word' id='word_1_478' title='bbox 2421 2987 2751 3043; x_wconf 90' lang='lat' dir='ltr'><strong>domesticos</strong></span> <span class='ocrx_word' id='word_1_479' title='bbox 2779 3002 2899 3041; x_wconf 89' lang='lat' dir='ltr'><strong>eam</strong></span> <span class='ocrx_word' id='word_1_480' title='bbox 2932 2986 2986 3040; x_wconf 89' lang='lat' dir='ltr'><strong>in</strong></span> <span class='ocrx_word' id='word_1_481' title='bbox 3021 3000 3136 3040; x_wconf 90' lang='lat' dir='ltr'><strong>rem</strong></span> <span class='ocrx_word' id='word_1_482' title='bbox 3162 2994 3329 3041; x_wconf 88' lang='lat' dir='ltr'><strong>testes</strong></span> 
     </span>
    </p>
   </div>
   <div class='ocr_carea' id='block_1_61' title="bbox 1753 3079 3328 3150">
    <p class='ocr_par' dir='ltr' id='par_1_61' title="bbox 1753 3079 3328 3150">
     <span class='ocr_line' id='line_1_61' title="bbox 1753 3079 3328 3150; baseline -0.005 -10"><span class='ocrx_word' id='word_1_483' title='bbox 1753 3085 2023 3148; x_wconf 83' lang='lat' dir='ltr'><strong>dabimus,</strong></span> <span class='ocrx_word' id='word_1_484' title='bbox 2055 3082 2150 3138; x_wconf 90' lang='lat' dir='ltr'><strong>sed</strong></span> <span class='ocrx_word' id='word_1_485' title='bbox 2194 3081 2506 3137; x_wconf 78' lang='lat' dir='ltr'><strong>Graecorum</strong></span> <span class='ocrx_word' id='word_1_486' title='bbox 2562 3080 2803 3150; x_wconf 87' lang='lat' dir='ltr'><strong>ipsorum</strong></span> <span class='ocrx_word' id='word_1_487' title='bbox 2856 3079 3180 3134; x_wconf 78' lang='lat' dir='ltr'><strong>auctoritate</strong></span> <span class='ocrx_word' id='word_1_488' title='bbox 3230 3079 3328 3132; x_wconf 87' lang='lat' dir='ltr'><strong>ab-</strong></span> 
     </span>
    </p>
   </div>
   <div class='ocr_carea' id='block_1_62' title="bbox 1753 3168 3326 3249">
    <p class='ocr_par' dir='ltr' id='par_1_62' title="bbox 1753 3168 3326 3249">
     <span class='ocr_line' id='line_1_62' title="bbox 1753 3168 3326 3249; baseline -0.003 -19"><span class='ocrx_word' id='word_1_489' title='bbox 1753 3185 1991 3231; x_wconf 83' lang='lat' dir='ltr'><strong>utemur.</strong></span> <span class='ocrx_word' id='word_1_490' title='bbox 2021 3170 2158 3228; x_wconf 82' lang='lat' dir='ltr'><strong>Nam</strong></span> <span class='ocrx_word' id='word_1_491' title='bbox 2185 3181 2244 3226; x_wconf 93' lang='lat' dir='ltr'><strong>ut</strong></span> <span class='ocrx_word' id='word_1_492' title='bbox 2270 3170 2402 3226; x_wconf 91' lang='lat' dir='ltr'><strong>illud</strong></span> <span class='ocrx_word' id='word_1_493' title='bbox 2429 3172 2607 3226; x_wconf 90' lang='lat' dir='ltr'><strong>minus</strong></span> <span class='ocrx_word' id='word_1_494' title='bbox 2632 3170 2940 3249; x_wconf 76' lang='lat' dir='ltr'><strong>consultum</strong></span> <span class='ocrx_word' id='word_1_495' title='bbox 2969 3168 3125 3237; x_wconf 81' lang='lat' dir='ltr'><strong>foret,</strong></span> <span class='ocrx_word' id='word_1_496' title='bbox 3180 3173 3326 3240; x_wconf 92' lang='lat' dir='ltr'><strong>quod</strong></span> 
     </span>
    </p>
   </div>
   <div class='ocr_carea' id='block_1_63' title="bbox 1751 3259 3326 3334">
    <p class='ocr_par' dir='ltr' id='par_1_63' title="bbox 1751 3259 3326 3334">
     <span class='ocr_line' id='line_1_63' title="bbox 1751 3259 3326 3334; baseline -0.003 -12"><span class='ocrx_word' id='word_1_497' title='bbox 1751 3267 1977 3322; x_wconf 89' lang='lat' dir='ltr'><strong>minime</strong></span> <span class='ocrx_word' id='word_1_498' title='bbox 2002 3265 2153 3320; x_wconf 85' lang='lat' dir='ltr'><strong>vobis</strong></span> <span class='ocrx_word' id='word_1_499' title='bbox 2176 3263 2537 3334; x_wconf 83' lang='lat' dir='ltr'><strong>probaretur;</strong></span> <span class='ocrx_word' id='word_1_500' title='bbox 2592 3261 2668 3315; x_wconf 82' lang='lat' dir='ltr'><strong>ita</strong></span> <span class='ocrx_word' id='word_1_501' title='bbox 2699 3259 2802 3314; x_wconf 77' lang='lat' dir='ltr'><strong>hoc</strong></span> <span class='ocrx_word' id='word_1_502' title='bbox 2841 3260 2886 3315; x_wconf 84' lang='lat' dir='ltr'><strong>si</strong></span> <span class='ocrx_word' id='word_1_503' title='bbox 2924 3259 3134 3316; x_wconf 81' lang='lat' dir='ltr'><strong>eﬂicere</strong></span> <span class='ocrx_word' id='word_1_504' title='bbox 3163 3260 3326 3317; x_wconf 88' lang='lat' dir='ltr'><strong>modo</strong></span> 
     </span>
    </p>
   </div>
   <div class='ocr_carea' id='block_1_64' title="bbox 1752 3352 3322 3430">
    <p class='ocr_par' dir='ltr' id='par_1_64' title="bbox 1752 3352 3322 3430">
     <span class='ocr_line' id='line_1_64' title="bbox 1752 3352 3322 3430; baseline -0.004 -15"><span class='ocrx_word' id='word_1_505' title='bbox 1752 3359 2069 3430; x_wconf 89' lang='lat' dir='ltr'><strong>poterimus,</strong></span> <span class='ocrx_word' id='word_1_506' title='bbox 2099 3356 2373 3427; x_wconf 78' lang='lat' dir='ltr'><strong>singulare</strong></span> <span class='ocrx_word' id='word_1_507' title='bbox 2415 3369 2638 3426; x_wconf 86' lang='lat' dir='ltr'><strong>prorsus</strong></span> <span class='ocrx_word' id='word_1_508' title='bbox 2664 3354 3049 3424; x_wconf 87' lang='lat' dir='ltr'><strong>egregiumque</strong></span> <span class='ocrx_word' id='word_1_509' title='bbox 3071 3352 3322 3409; x_wconf 80' lang='lat' dir='ltr'><strong>futurum</strong></span> 
     </span>
    </p>
   </div>
   <div class='ocr_carea' id='block_1_65' title="bbox 1748 3447 3323 3518">
    <p class='ocr_par' dir='ltr' id='par_1_65' title="bbox 1748 3447 3323 3518">
     <span class='ocr_line' id='line_1_65' title="bbox 1748 3447 3323 3518; baseline -0.003 -11"><span class='ocrx_word' id='word_1_510' title='bbox 1748 3461 1851 3517; x_wconf 90' lang='lat' dir='ltr'><strong>est,</strong></span> <span class='ocrx_word' id='word_1_511' title='bbox 1887 3459 1947 3506; x_wconf 91' lang='lat' dir='ltr'><strong>ut</strong></span> <span class='ocrx_word' id='word_1_512' title='bbox 1970 3450 2167 3506; x_wconf 80' lang='lat' dir='ltr'><strong>vestris</strong></span> <span class='ocrx_word' id='word_1_513' title='bbox 2196 3464 2294 3504; x_wconf 86' lang='lat' dir='ltr'><strong>vos</strong></span> <span class='ocrx_word' id='word_1_514' title='bbox 2345 3448 2513 3503; x_wconf 90' lang='lat' dir='ltr'><strong>armis</strong></span> <span class='ocrx_word' id='word_1_515' title='bbox 2542 3447 2934 3518; x_wconf 79' lang='lat' dir='ltr'><strong>oppugnando,</strong></span> <span class='ocrx_word' id='word_1_516' title='bbox 2989 3447 3323 3517; x_wconf 82' lang='lat' dir='ltr'><strong>argumentis</strong></span> 
     </span>
    </p>
   </div>
   <div class='ocr_carea' id='block_1_66' title="bbox 1748 3537 3321 3611">
    <p class='ocr_par' dir='ltr' id='par_1_66' title="bbox 1748 3537 3321 3611">
     <span class='ocr_line' id='line_1_66' title="bbox 1748 3537 3321 3611; baseline -0.003 -14"><span class='ocrx_word' id='word_1_517' title='bbox 1748 3550 1904 3597; x_wconf 82' lang='lat' dir='ltr'><strong>extra</strong></span> <span class='ocrx_word' id='word_1_518' title='bbox 1935 3541 2303 3611; x_wconf 90' lang='lat' dir='ltr'><strong>suspicionem</strong></span> <span class='ocrx_word' id='word_1_519' title='bbox 2332 3554 2550 3594; x_wconf 89' lang='lat' dir='ltr'><strong>omnem</strong></span> <span class='ocrx_word' id='word_1_520' title='bbox 2579 3539 2775 3608; x_wconf 86' lang='lat' dir='ltr'><strong>positis</strong></span> <span class='ocrx_word' id='word_1_521' title='bbox 2800 3553 3111 3609; x_wconf 84' lang='lat' dir='ltr'><strong>u-rgeamus.</strong></span> <span class='ocrx_word' id='word_1_522' title='bbox 3148 3537 3227 3592; x_wconf 86' lang='lat' dir='ltr'><strong>Ac</strong></span> <span class='ocrx_word' id='word_1_523' title='bbox 3253 3538 3321 3592; x_wconf 88' lang='lat' dir='ltr'><strong>de</strong></span> 
     </span>
    </p>
   </div>
   <div class='ocr_carea' id='block_1_67' title="bbox 1748 3628 3321 3702">
    <p class='ocr_par' dir='ltr' id='par_1_67' title="bbox 1748 3628 3321 3702">
     <span class='ocr_line' id='line_1_67' title="bbox 1748 3628 3321 3702; baseline -0.002 -16"><span class='ocrx_word' id='word_1_524' title='bbox 1748 3632 1969 3687; x_wconf 84' lang='lat' dir='ltr'><strong>Homeri</strong></span> <span class='ocrx_word' id='word_1_525' title='bbox 1998 3631 2214 3702; x_wconf 89' lang='lat' dir='ltr'><strong>quidem</strong></span> <span class='ocrx_word' id='word_1_526' title='bbox 2242 3629 2413 3700; x_wconf 91' lang='lat' dir='ltr'><strong>poesi,</strong></span> <span class='ocrx_word' id='word_1_527' title='bbox 2445 3644 2748 3699; x_wconf 88' lang='lat' dir='ltr'><strong>genereque</strong></span> <span class='ocrx_word' id='word_1_528' title='bbox 2776 3628 2941 3683; x_wconf 90' lang='lat' dir='ltr'><strong>simul</strong></span> <span class='ocrx_word' id='word_1_529' title='bbox 2983 3643 3049 3683; x_wconf 88' lang='lat' dir='ltr'><strong>ac</strong></span> <span class='ocrx_word' id='word_1_530' title='bbox 3078 3636 3321 3697; x_wconf 89' lang='lat' dir='ltr'><strong>tempore</strong></span> 
     </span>
    </p>
   </div>
   <div class='ocr_carea' id='block_1_68' title="bbox 1748 3718 3321 3791">
    <p class='ocr_par' dir='ltr' id='par_1_68' title="bbox 1748 3718 3321 3791">
     <span class='ocr_line' id='line_1_68' title="bbox 1748 3718 3321 3791; baseline -0.004 -12"><span class='ocrx_word' id='word_1_531' title='bbox 1748 3739 1855 3791; x_wconf 90' lang='lat' dir='ltr'><strong>quo</strong></span> <span class='ocrx_word' id='word_1_532' title='bbox 1888 3721 2154 3786; x_wconf 89' lang='lat' dir='ltr'><strong>ﬂoruerit,</strong></span> <span class='ocrx_word' id='word_1_533' title='bbox 2183 3719 2429 3775; x_wconf 92' lang='lat' dir='ltr'><strong>omnium</strong></span> <span class='ocrx_word' id='word_1_534' title='bbox 2472 3718 2837 3789; x_wconf 78' lang='lat' dir='ltr'><strong>antiquissimi</strong></span> <span class='ocrx_word' id='word_1_535' title='bbox 2898 3718 3176 3790; x_wconf 81' lang='lat' dir='ltr'><strong>Rheginus</strong></span> <span class='ocrx_word' id='word_1_536' title='bbox 3231 3718 3321 3774; x_wconf 89' lang='lat' dir='ltr'><strong>ille</strong></span> 
     </span>
    </p>
   </div>
   <div class='ocr_carea' id='block_1_69' title="bbox 1748 3807 3318 3882">
    <p class='ocr_par' dir='ltr' id='par_1_69' title="bbox 1748 3807 3318 3882">
     <span class='ocr_line' id='line_1_69' title="bbox 1748 3807 3318 3882; baseline -0.002 -15"><span class='ocrx_word' id='word_1_537' title='bbox 1748 3813 2083 3882; x_wconf 87' lang='lat' dir='ltr'><strong>Theagenes,</strong></span> <span class='ocrx_word' id='word_1_538' title='bbox 2112 3811 2206 3879; x_wconf 91' lang='lat' dir='ltr'><strong>qui</strong></span> <span class='ocrx_word' id='word_1_539' title='bbox 2256 3810 2357 3865; x_wconf 89' lang='lat' dir='ltr'><strong>sub</strong></span> <span class='ocrx_word' id='word_1_540' title='bbox 2386 3809 2654 3880; x_wconf 86' lang='lat' dir='ltr'><strong>Cambyse</strong></span> <span class='ocrx_word' id='word_1_541' title='bbox 2681 3809 2851 3871; x_wconf 81' lang='lat' dir='ltr'><strong>vixit,</strong></span> <span class='ocrx_word' id='word_1_542' title='bbox 2912 3807 3318 3877; x_wconf 86' lang='lat' dir='ltr'><strong>Stesymbrotus</strong></span> 
     </span>
    </p>
   </div>
   <div class='ocr_carea' id='block_1_70' title="bbox 1748 3898 3318 3970">
    <p class='ocr_par' dir='ltr' id='par_1_70' title="bbox 1748 3898 3318 3970">
     <span class='ocr_line' id='line_1_70' title="bbox 1748 3898 3318 3970; baseline -0.001 -11"><span class='ocrx_word' id='word_1_543' title='bbox 1748 3904 2003 3969; x_wconf 87' lang='lat' dir='ltr'><strong>Thasius,</strong></span> <span class='ocrx_word' id='word_1_544' title='bbox 2028 3902 2396 3957; x_wconf 86' lang='lat' dir='ltr'><strong>Callimachus</strong></span> <span class='ocrx_word' id='word_1_545' title='bbox 2428 3900 2822 3970; x_wconf 86' lang='lat' dir='ltr'><strong>Colophonius,</strong></span> <span class='ocrx_word' id='word_1_546' title='bbox 2856 3898 3163 3959; x_wconf 84' lang='lat' dir='ltr'><strong>Herodotus</strong></span> <span class='ocrx_word' id='word_1_547' title='bbox 3208 3900 3318 3957; x_wconf 84' lang='lat' dir='ltr'><strong>Ha-</strong></span> 
     </span>
    </p>
   </div>
   <div class='ocr_carea' id='block_1_71' title="bbox 1745 3993 3315 4068">
    <p class='ocr_par' dir='ltr' id='par_1_71' title="bbox 1745 3993 3315 4068">
     <span class='ocr_line' id='line_1_71' title="bbox 1745 3993 3315 4068; baseline -0.001 -15"><span class='ocrx_word' id='word_1_548' title='bbox 1745 3997 2191 4063; x_wconf 87' lang='lat' dir='ltr'><strong>licarnassensis,</strong></span> <span class='ocrx_word' id='word_1_549' title='bbox 2225 4005 2279 4051; x_wconf 91' lang='lat' dir='ltr'><strong>et</strong></span> <span class='ocrx_word' id='word_1_550' title='bbox 2314 3996 2477 4068; x_wconf 66' lang='grc'><strong>492</strong></span> <span class='ocrx_word' id='word_1_551' title='bbox 2528 3995 2821 4067; x_wconf 89' lang='lat' dir='ltr'><strong>Dionysius</strong></span> <span class='ocrx_word' id='word_1_552' title='bbox 2868 3993 3159 4067; x_wconf 78' lang='lat' dir='ltr'><strong>Olynthius</strong></span> <span class='ocrx_word' id='word_1_553' title='bbox 3204 3998 3315 4068; x_wconf 76' lang='lat' dir='ltr'><strong>jam</strong></span> 
     </span>
    </p>
   </div>
   <div class='ocr_carea' id='block_1_72' title="bbox 1745 4088 3313 4160">
    <p class='ocr_par' dir='ltr' id='par_1_72' title="bbox 1745 4088 3313 4160">
     <span class='ocr_line' id='line_1_72' title="bbox 1745 4088 3313 4160; baseline 0 -15"><span class='ocrx_word' id='word_1_554' title='bbox 1745 4092 2026 4160; x_wconf 86' lang='lat' dir='ltr'><strong>diligenter</strong></span> <span class='ocrx_word' id='word_1_555' title='bbox 2055 4099 2178 4144; x_wconf 84' lang='lat' dir='ltr'><strong>ante</strong></span> <span class='ocrx_word' id='word_1_556' title='bbox 2207 4090 2559 4159; x_wconf 65' lang='lat' dir='ltr'><strong>quaesierunt.</strong></span> <span class='ocrx_word' id='word_1_557' title='bbox 2603 4088 2813 4153; x_wconf 87' lang='lat' dir='ltr'><strong>Quibus</strong></span> <span class='ocrx_word' id='word_1_558' title='bbox 2845 4088 3031 4143; x_wconf 85' lang='lat' dir='ltr'><strong>eadem</strong></span> <span class='ocrx_word' id='word_1_559' title='bbox 3064 4090 3115 4143; x_wconf 93' lang='lat' dir='ltr'><strong>in</strong></span> <span class='ocrx_word' id='word_1_560' title='bbox 3151 4105 3313 4158; x_wconf 79' lang='lat' dir='ltr'><strong>opera</strong></span> 
     </span>
    </p>
   </div>
   <div class='ocr_carea' id='block_1_73' title="bbox 1746 4180 3315 4253">
    <p class='ocr_par' dir='ltr' id='par_1_73' title="bbox 1746 4180 3315 4253">
     <span class='ocr_line' id='line_1_73' title="bbox 1746 4180 3315 4253; baseline -0.003 -13"><span class='ocrx_word' id='word_1_561' title='bbox 1746 4199 2057 4240; x_wconf 87' lang='lat' dir='ltr'><strong>successere</strong></span> <span class='ocrx_word' id='word_1_562' title='bbox 2078 4181 2327 4253; x_wconf 87' lang='lat' dir='ltr'><strong>Ephorus</strong></span> <span class='ocrx_word' id='word_1_563' title='bbox 2349 4181 2623 4248; x_wconf 72' lang='lat' dir='ltr'><strong>Cumazus,</strong></span> <span class='ocrx_word' id='word_1_564' title='bbox 2651 4180 3315 4237; x_wconf 83' lang='lat' dir='ltr'><strong>PhilochorusAthenien—</strong></span> 
     </span>
    </p>
   </div>
   <div class='ocr_carea' id='block_1_74' title="bbox 1745 4272 3308 4345">
    <p class='ocr_par' dir='ltr' id='par_1_74' title="bbox 1745 4272 3308 4345">
     <span class='ocr_line' id='line_1_74' title="bbox 1745 4272 3308 4345; baseline -0.003 -14"><span class='ocrx_word' id='word_1_565' title='bbox 1745 4277 1855 4340; x_wconf 89' lang='lat' dir='ltr'><strong>sis,</strong></span> <span class='ocrx_word' id='word_1_566' title='bbox 1907 4273 2228 4345; x_wconf 83' lang='lat' dir='ltr'><strong>Megaclides</strong></span> <span class='ocrx_word' id='word_1_567' title='bbox 2269 4281 2323 4327; x_wconf 92' lang='lat' dir='ltr'><strong>et</strong></span> <span class='ocrx_word' id='word_1_568' title='bbox 2371 4272 2700 4328; x_wconf 87' lang='lat' dir='ltr'><strong>Chameleon</strong></span> <span class='ocrx_word' id='word_1_569' title='bbox 2753 4273 3131 4343; x_wconf 83' lang='lat' dir='ltr'><strong>peripatetici:</strong></span> <span class='ocrx_word' id='word_1_570' title='bbox 3196 4282 3308 4328; x_wconf 84' lang='lat' dir='ltr'><strong>tum</strong></span> 
     </span>
    </p>
   </div>
   <div class='ocr_carea' id='block_1_75' title="bbox 1745 4364 3309 4435">
    <p class='ocr_par' dir='ltr' id='par_1_75' title="bbox 1745 4364 3309 4435">
     <span class='ocr_line' id='line_1_75' title="bbox 1745 4364 3309 4435; baseline 0 -14"><span class='ocrx_word' id='word_1_571' title='bbox 1745 4367 2090 4432; x_wconf 88' lang='lat' dir='ltr'><strong>Zenodotus,</strong></span> <span class='ocrx_word' id='word_1_572' title='bbox 2144 4365 2574 4435; x_wconf 82' lang='lat' dir='ltr'><strong>AristOphanes,</strong></span> <span class='ocrx_word' id='word_1_573' title='bbox 2636 4364 3036 4429; x_wconf 80' lang='lat' dir='ltr'><strong>Callimachus,</strong></span> <span class='ocrx_word' id='word_1_574' title='bbox 3090 4364 3309 4429; x_wconf 87' lang='lat' dir='ltr'><strong>Crates,</strong></span> 
     </span>
    </p>
   </div>
   <div class='ocr_carea' id='block_1_76' title="bbox 128 4432 1642 4528">
    <p class='ocr_par' dir='ltr' id='par_1_76' title="bbox 128 4432 1637 4528">
     <span class='ocr_line' id='line_1_76' title="bbox 128 4432 1637 4528; baseline 0.013 -43"><span class='ocrx_word' id='word_1_575' title='bbox 128 4432 301 4528; x_wconf 51' lang='grc' dir='ltr'>ἷλειδῶν</span> <span class='ocrx_word' id='word_1_576' title='bbox 337 4441 559 4495; x_wconf 76' lang='grc' dir='ltr'>καθόδου</span> <span class='ocrx_word' id='word_1_577' title='bbox 603 4444 764 4511; x_wconf 73' lang='grc' dir='ltr'>φασὶν</span> <span class='ocrx_word' id='word_1_578' title='bbox 813 4444 974 4498; x_wconf 78' lang='grc' dir='ltr'>αὐτὸν</span> <span class='ocrx_word' id='word_1_579' title='bbox 1007 4446 1343 4515; x_wconf 79' lang='grc' dir='ltr'>ἠκμακέναι,</span> <span class='ocrx_word' id='word_1_580' title='bbox 1391 4449 1529 4520; x_wconf 81' lang='grc' dir='ltr'>μετὰ</span> <span class='ocrx_word' id='word_1_581' title='bbox 1568 4449 1637 4503; x_wconf 77' lang='grc' dir='ltr'>τὰ</span> 
     </span>
    </p>
   </div>
   <div class='ocr_carea' id='block_1_77' title="bbox 1749 4432 3309 4528">
    <p class='ocr_par' dir='ltr' id='par_1_77' title="bbox 1749 4432 3309 4528">
     <span class='ocr_line' id='line_1_77' title="bbox 1749 4432 3309 4528; baseline 0 -17"><span class='ocrx_word' id='word_1_582' title='bbox 1749 4458 2146 4522; x_wconf 84' lang='lat' dir='ltr'><strong>Eratosthenes,</strong></span> <span class='ocrx_word' id='word_1_583' title='bbox 2176 4432 2547 4521; x_wconf 79' lang='lat' dir='ltr'><strong>Aristarchus,</strong></span> <span class='ocrx_word' id='word_1_584' title='bbox 2578 4456 2942 4527; x_wconf 86' lang='lat' dir='ltr'><strong>Apollodorus</strong></span> <span class='ocrx_word' id='word_1_585' title='bbox 2966 4499 2981 4523; x_wconf 94' lang='lat'><strong>,</strong></span> <span class='ocrx_word' id='word_1_586' title='bbox 3030 4472 3309 4528; x_wconf 88' lang='lat' dir='ltr'><strong>gramma-</strong></span> 
     </span>
    </p>
   </div>
   <div class='ocr_carea' id='block_1_78' title="bbox 128 4523 1642 4617">
    <p class='ocr_par' dir='ltr' id='par_1_78' title="bbox 128 4523 1636 4617">
     <span class='ocr_line' id='line_1_78' title="bbox 128 4523 1636 4617; baseline 0.012 -39"><span class='ocrx_word' id='word_1_587' title='bbox 128 4523 299 4617; x_wconf 59' lang='lat' dir='ltr'><strong>ipwixa</strong></span> <span class='ocrx_word' id='word_1_588' title='bbox 341 4533 597 4604; x_wconf 81' lang='grc' dir='ltr'>ἐνδοτέρω</span> <span class='ocrx_word' id='word_1_589' title='bbox 637 4534 742 4587; x_wconf 81' lang='grc' dir='ltr'><strong>τῶν</strong></span> <span class='ocrx_word' id='word_1_590' title='bbox 775 4534 1100 4607; x_wconf 83' lang='grc' dir='ltr'>ὀγδοήκοντα</span> <span class='ocrx_word' id='word_1_591' title='bbox 1132 4537 1299 4592; x_wconf 81' lang='grc' dir='ltr'>ἐτῶν·</span> <span class='ocrx_word' id='word_1_592' title='bbox 1329 4542 1377 4593; x_wconf 84' lang='grc' dir='ltr'>οἱ</span> <span class='ocrx_word' id='word_1_593' title='bbox 1421 4541 1478 4595; x_wconf 81' lang='grc' dir='ltr'>δὲ</span> <span class='ocrx_word' id='word_1_594' title='bbox 1507 4544 1636 4613; x_wconf 76' lang='grc' dir='ltr'>περὶ</span> 
     </span>
    </p>
   </div>
   <div class='ocr_carea' id='block_1_79' title="bbox 1749 4523 3308 4617">
    <p class='ocr_par' dir='ltr' id='par_1_79' title="bbox 1749 4544 3308 4617">
     <span class='ocr_line' id='line_1_79' title="bbox 1749 4544 3308 4617; baseline -0.003 -13"><span class='ocrx_word' id='word_1_595' title='bbox 1749 4550 1829 4605; x_wconf 83' lang='lat' dir='ltr'><strong>Lici</strong></span> <span class='ocrx_word' id='word_1_596' title='bbox 1861 4564 2075 4605; x_wconf 89' lang='lat' dir='ltr'><strong>omnes.</strong></span> <span class='ocrx_word' id='word_1_597' title='bbox 2114 4546 2262 4613; x_wconf 83' lang='lat' dir='ltr'><strong>Quos</strong></span> <span class='ocrx_word' id='word_1_598' title='bbox 2297 4549 2456 4613; x_wconf 91' lang='lat' dir='ltr'><strong>inter,</strong></span> <span class='ocrx_word' id='word_1_599' title='bbox 2489 4547 2678 4603; x_wconf 85' lang='lat' dir='ltr'><strong>Crates</strong></span> <span class='ocrx_word' id='word_1_600' title='bbox 2709 4548 2887 4617; x_wconf 87' lang='lat' dir='ltr'><strong>ipsum</strong></span> <span class='ocrx_word' id='word_1_601' title='bbox 2923 4557 3050 4602; x_wconf 87' lang='lat' dir='ltr'><strong>ante</strong></span> <span class='ocrx_word' id='word_1_602' title='bbox 3071 4544 3308 4603; x_wconf 87' lang='lat' dir='ltr'><strong>Heracli-</strong></span> 
     </span>
    </p>
   </div>
   <div class='ocr_carea' id='block_1_80' title="bbox 126 4613 1642 4717">
    <p class='ocr_par' dir='ltr' id='par_1_80' title="bbox 126 4613 1635 4717">
     <span class='ocr_line' id='line_1_80' title="bbox 126 4613 1635 4717; baseline 0.012 -48"><span class='ocrx_word' id='word_1_603' title='bbox 226 4619 592 4695; x_wconf 83' lang='grc' dir='ltr'>Ἐρατοσθένην</span> <span class='ocrx_word' id='word_1_604' title='bbox 641 4625 779 4695; x_wconf 72' lang='grc' dir='ltr'>μετὰ</span> <span class='ocrx_word' id='word_1_605' title='bbox 827 4628 1115 4682; x_wconf 78' lang='grc' dir='ltr'>ἑκατοστὸν</span> <span class='ocrx_word' id='word_1_606' title='bbox 1164 4630 1281 4694; x_wconf 78' lang='grc' dir='ltr'>ἔτος</span> <span class='ocrx_word' id='word_1_607' title='bbox 1328 4632 1427 4702; x_wconf 80' lang='grc' dir='ltr'>τῆς</span> <span class='ocrx_word' id='word_1_608' title='bbox 1482 4634 1635 4688; x_wconf 83' lang='grc' dir='ltr'>Ἰλίου</span> 
     </span>
    </p>
   </div>
   <div class='ocr_carea' id='block_1_81' title="bbox 1749 4613 3309 4717">
    <p class='ocr_par' dir='ltr' id='par_1_81' title="bbox 1749 4613 3309 4708">
     <span class='ocr_line' id='line_1_81' title="bbox 1749 4613 3309 4708; baseline 0.002 -17"><span class='ocrx_word' id='word_1_609' title='bbox 1749 4638 1933 4691; x_wconf 81' lang='lat' dir='ltr'><strong>darum</strong></span> <span class='ocrx_word' id='word_1_610' title='bbox 1956 4636 2209 4702; x_wconf 91' lang='lat' dir='ltr'><strong>reditum,</strong></span> <span class='ocrx_word' id='word_1_611' title='bbox 2240 4637 2382 4690; x_wconf 88' lang='lat' dir='ltr'><strong>intra</strong></span> <span class='ocrx_word' id='word_1_612' title='bbox 2413 4652 2590 4692; x_wconf 89' lang='lat' dir='ltr'><strong>annos</strong></span> <span class='ocrx_word' id='word_1_613' title='bbox 2620 4652 2649 4690; x_wconf 91' lang='lat' dir='ltr'><strong>a</strong></span> <span class='ocrx_word' id='word_1_614' title='bbox 2684 4613 2933 4707; x_wconf 73' lang='lat' dir='ltr'><strong>Troianis</strong></span> <span class='ocrx_word' id='word_1_615' title='bbox 2973 4638 3309 4708; x_wconf 82' lang='lat' dir='ltr'><strong>temporibus</strong></span> 
     </span>
    </p>
   </div>
   <div class='ocr_carea' id='block_1_82' title="bbox 129 4705 1642 4797">
    <p class='ocr_par' dir='ltr' id='par_1_82' title="bbox 129 4705 1637 4797">
     <span class='ocr_line' id='line_1_82' title="bbox 129 4705 1637 4797; baseline 0.012 -36"><span class='ocrx_word' id='word_1_616' title='bbox 129 4705 359 4777; x_wconf 74' lang='grc' dir='ltr'>ἁλώσεως·</span> <span class='ocrx_word' id='word_1_617' title='bbox 417 4718 467 4769; x_wconf 78' lang='grc' dir='ltr'>οἱ</span> <span class='ocrx_word' id='word_1_618' title='bbox 508 4717 563 4769; x_wconf 79' lang='grc' dir='ltr'>δὲ</span> <span class='ocrx_word' id='word_1_619' title='bbox 614 4719 738 4789; x_wconf 75' lang='grc' dir='ltr'>περὶ</span> <span class='ocrx_word' id='word_1_620' title='bbox 788 4718 876 4771; x_wconf 85' lang='grc' dir='ltr'>τὸν</span> <span class='ocrx_word' id='word_1_621' title='bbox 931 4720 1278 4794; x_wconf 84' lang='grc' dir='ltr'>Ἀρίσταρχον</span> <span class='ocrx_word' id='word_1_622' title='bbox 1345 4724 1483 4778; x_wconf 74' lang='grc' dir='ltr'>κατὰ</span> <span class='ocrx_word' id='word_1_623' title='bbox 1536 4726 1637 4797; x_wconf 83' lang='grc' dir='ltr'>τὴν</span> 
     </span>
    </p>
   </div>
   <div class='ocr_carea' id='block_1_83' title="bbox 1749 4705 3306 4797">
    <p class='ocr_par' dir='ltr' id='par_1_83' title="bbox 1749 4705 3306 4793">
     <span class='ocr_line' id='line_1_83' title="bbox 1749 4705 3306 4793; baseline 0.002 -14"><span class='ocrx_word' id='word_1_624' title='bbox 1749 4723 2010 4793; x_wconf 85' lang='lat' dir='ltr'><strong>octoginta</strong></span> <span class='ocrx_word' id='word_1_625' title='bbox 2064 4722 2313 4779; x_wconf 88' lang='lat' dir='ltr'><strong>ﬂoruisse</strong></span> <span class='ocrx_word' id='word_1_626' title='bbox 2361 4732 2551 4779; x_wconf 89' lang='lat' dir='ltr'><strong>auctor</strong></span> <span class='ocrx_word' id='word_1_627' title='bbox 2582 4735 2683 4780; x_wconf 91' lang='lat' dir='ltr'><strong>est.</strong></span> <span class='ocrx_word' id='word_1_628' title='bbox 2740 4705 3127 4784; x_wconf 75' lang='lat' dir='ltr'><strong>Eratosthenes</strong></span> <span class='ocrx_word' id='word_1_629' title='bbox 3178 4743 3306 4783; x_wconf 87' lang='lat' dir='ltr'><strong>vero</strong></span> 
     </span>
    </p>
   </div>
   <div class='ocr_carea' id='block_1_84' title="bbox 182 4906 1636 4993">
    <p class='ocr_par' dir='ltr' id='par_1_84' title="bbox 182 4906 1636 4993">
     <span class='ocr_line' id='line_1_84' title="bbox 182 4906 1636 4993; baseline 0.012 -33"><span class='ocrx_word' id='word_1_630' title='bbox 182 4906 279 4993; x_wconf 71' lang='grc'><strong>(70)¹</strong></span> <span class='ocrx_word' id='word_1_631' title='bbox 449 4915 517 4993; x_wconf 58' lang='grc' dir='ltr'>δᾴ</span> <span class='ocrx_word' id='word_1_632' title='bbox 538 4917 886 4993; x_wconf 61' lang='grc' dir='ltr'>προςήκειν.</span> <span class='ocrx_word' id='word_1_633' title='bbox 916 4919 1014 4993; x_wconf 72' lang='lat' dir='ltr'><strong>Hic</strong></span> <span class='ocrx_word' id='word_1_634' title='bbox 1039 4918 1249 4993; x_wconf 79' lang='lat' dir='ltr'><strong>Taliani</strong></span> <span class='ocrx_word' id='word_1_635' title='bbox 1286 4921 1437 4975; x_wconf 88' lang='lat' dir='ltr'><strong>locus</strong></span> <span class='ocrx_word' id='word_1_636' title='bbox 1458 4931 1636 4978; x_wconf 79' lang='lat' dir='ltr'><strong>exstat</strong></span> 
     </span>
    </p>
   </div>
   <div class='ocr_carea' id='block_1_85' title="bbox 129 4979 1560 5060">
    <p class='ocr_par' dir='ltr' id='par_1_85' title="bbox 129 4979 1560 5060">
     <span class='ocr_line' id='line_1_85' title="bbox 129 4979 1560 5060; baseline 0.013 -32"><span class='ocrx_word' id='word_1_637' title='bbox 129 4979 279 5060; x_wconf 50' lang='lat' dir='ltr'><strong>tonio]</strong></span> <span class='ocrx_word' id='word_1_638' title='bbox 302 4979 637 5060; x_wconf 49' lang='lat' dir='ltr'><strong>Iiibliotlieca2</strong></span> <span class='ocrx_word' id='word_1_639' title='bbox 666 4979 886 5060; x_wconf 68' lang='lat' dir='ltr'><strong>Patrum</strong></span> <span class='ocrx_word' id='word_1_640' title='bbox 912 4989 1277 5060; x_wconf 42' lang='lat' dir='ltr'><strong>Graeco-lat”</strong></span> <span class='ocrx_word' id='word_1_641' title='bbox 1299 5007 1418 5060; x_wconf 84' lang='lat' dir='ltr'><strong>pag.</strong></span> <span class='ocrx_word' id='word_1_642' title='bbox 1440 4993 1560 5046; x_wconf 76' lang='grc'><strong>180.</strong></span> 
     </span>
    </p>
   </div>
   <div class='ocr_carea' id='block_1_86' title="bbox 180 5046 1629 5130">
    <p class='ocr_par' dir='ltr' id='par_1_86' title="bbox 180 5046 1629 5130">
     <span class='ocr_line' id='line_1_86' title="bbox 180 5046 1629 5130; baseline 0.012 -30"><span class='ocrx_word' id='word_1_643' title='bbox 180 5046 269 5117; x_wconf 81' lang='grc'>(71)</span> <span class='ocrx_word' id='word_1_644' title='bbox 310 5053 369 5105; x_wconf 83' lang='grc' dir='ltr'><em>Τὸ</em></span> <span class='ocrx_word' id='word_1_645' title='bbox 385 5056 501 5130; x_wconf 65' lang='grc' dir='ltr'>μέν</span> <span class='ocrx_word' id='word_1_646' title='bbox 518 5056 628 5124; x_wconf 76' lang='grc' dir='ltr'>γὰρ</span> <span class='ocrx_word' id='word_1_647' title='bbox 652 5057 948 5130; x_wconf 76' lang='grc' dir='ltr'>ἄγνωμον,</span> <span class='ocrx_word' id='word_1_648' title='bbox 973 5069 1077 5113; x_wconf 85' lang='lat' dir='ltr'><strong>etc.</strong></span> <span class='ocrx_word' id='word_1_649' title='bbox 1122 5046 1396 5130; x_wconf 56' lang='lat' dir='ltr'><strong>Interp&#39;res</strong></span> <span class='ocrx_word' id='word_1_650' title='bbox 1418 5061 1629 5118; x_wconf 81' lang='lat' dir='ltr'><strong>Tatiani</strong></span> 
     </span>
    </p>
   </div>
   <div class='ocr_carea' id='block_1_87' title="bbox 130 5112 1628 5201">
    <p class='ocr_par' dir='ltr' id='par_1_87' title="bbox 130 5112 1628 5201">
     <span class='ocr_line' id='line_1_87' title="bbox 130 5112 1628 5201; baseline 0.009 -28"><span class='ocrx_word' id='word_1_651' title='bbox 130 5112 319 5201; x_wconf 46' lang='lat' dir='ltr'><strong>licunt</strong></span> <span class='ocrx_word' id='word_1_652' title='bbox 345 5112 609 5201; x_wconf 59' lang='lat' dir='ltr'><strong>arbitror,</strong></span> <span class='ocrx_word' id='word_1_653' title='bbox 644 5112 826 5183; x_wconf 70' lang='lat' dir='ltr'><strong>minus</strong></span> <span class='ocrx_word' id='word_1_654' title='bbox 857 5112 1095 5201; x_wconf 77' lang='lat' dir='ltr'><strong>auctoris</strong></span> <span class='ocrx_word' id='word_1_655' title='bbox 1121 5112 1393 5201; x_wconf 54' lang='lat' dir='ltr'><strong>e’x’ih’enié</strong></span> <span class='ocrx_word' id='word_1_656' title='bbox 1420 5112 1628 5200; x_wconf 63' lang='lat' dir='ltr'><strong>reddit,</strong></span> 
     </span>
    </p>
   </div>
   <div class='ocr_carea' id='block_1_88' title="bbox 130 5192 1631 5268">
    <p class='ocr_par' dir='ltr' id='par_1_88' title="bbox 130 5192 1631 5268">
     <span class='ocr_line' id='line_1_88' title="bbox 130 5192 1631 5268; baseline 0.013 -30"><span class='ocrx_word' id='word_1_657' title='bbox 130 5197 174 5268; x_wconf 70' lang='lat' dir='ltr'><strong>tle</strong></span> <span class='ocrx_word' id='word_1_658' title='bbox 196 5192 298 5268; x_wconf 66' lang='lat' dir='ltr'><strong>quid</strong></span> <span class='ocrx_word' id='word_1_659' title='bbox 324 5195 464 5268; x_wconf 70' lang='lat' dir='ltr'><strong>nobis</strong></span> <span class='ocrx_word' id='word_1_660' title='bbox 493 5208 807 5265; x_wconf 80' lang='lat' dir='ltr'><strong>suspectum,</strong></span> <span class='ocrx_word' id='word_1_661' title='bbox 830 5198 907 5252; x_wconf 87' lang='lat' dir='ltr'><strong>vel</strong></span> <span class='ocrx_word' id='word_1_662' title='bbox 933 5200 1119 5252; x_wconf 80' lang='lat' dir='ltr'><strong>merito</strong></span> <span class='ocrx_word' id='word_1_663' title='bbox 1156 5200 1495 5268; x_wconf 75' lang='lat' dir='ltr'><strong>reﬁciendum</strong></span> <span class='ocrx_word' id='word_1_664' title='bbox 1522 5192 1631 5258; x_wconf 68' lang='lat' dir='ltr'><strong>esse</strong></span> 
     </span>
    </p>
   </div>
   <div class='ocr_carea' id='block_1_89' title="bbox 128 5266 1629 5339">
    <p class='ocr_par' dir='ltr' id='par_1_89' title="bbox 128 5266 1629 5339">
     <span class='ocr_line' id='line_1_89' title="bbox 128 5266 1629 5339; baseline 0.013 -30"><span class='ocrx_word' id='word_1_665' title='bbox 128 5266 253 5339; x_wconf 44' lang='lat' dir='ltr'><strong>possit</strong></span> <span class='ocrx_word' id='word_1_666' title='bbox 273 5266 545 5339; x_wconf 83' lang='lat' dir='ltr'><strong>:_membra</strong></span> <span class='ocrx_word' id='word_1_667' title='bbox 578 5268 721 5321; x_wconf 90' lang='lat' dir='ltr'><strong>enim</strong></span> <span class='ocrx_word' id='word_1_668' title='bbox 756 5278 883 5339; x_wconf 83' lang='lat' dir='ltr'><strong>sunt</strong></span> <span class='ocrx_word' id='word_1_669' title='bbox 910 5266 1259 5338; x_wconf 81' lang='grc' dir='ltr'>ἀντικείμενα</span> <span class='ocrx_word' id='word_1_670' title='bbox 1282 5310 1296 5333; x_wconf 93' lang='grc'><strong>,</strong></span> <span class='ocrx_word' id='word_1_671' title='bbox 1323 5271 1476 5339; x_wconf 84' lang='lat' dir='ltr'><strong>prius</strong></span> <span class='ocrx_word' id='word_1_672' title='bbox 1499 5274 1629 5330; x_wconf 88' lang='lat' dir='ltr'><strong>illud</strong></span> 
     </span>
    </p>
   </div>
   <div class='ocr_carea' id='block_1_90' title="bbox 127 5321 1378 5413">
    <p class='ocr_par' dir='ltr' id='par_1_90' title="bbox 127 5321 1378 5413">
     <span class='ocr_line' id='line_1_90' title="bbox 127 5321 1378 5413; baseline 0.006 -25"><span class='ocrx_word' id='word_1_673' title='bbox 127 5321 274 5413; x_wconf 49' lang='grc' dir='ltr'><strong>τδλέξγ</strong></span> <span class='ocrx_word' id='word_1_674' title='bbox 296 5331 550 5413; x_wconf 43' lang='grc' dir='ltr'>ςγνω-μον,</span> <span class='ocrx_word' id='word_1_675' title='bbox 580 5338 852 5413; x_wconf 70' lang='lat' dir='ltr'><strong>posterius</strong></span> <span class='ocrx_word' id='word_1_676' title='bbox 873 5321 987 5393; x_wconf 87' lang='lat' dir='ltr'><strong>hoc</strong></span> <span class='ocrx_word' id='word_1_677' title='bbox 998 5321 1140 5413; x_wconf 51' lang='grc' dir='ltr'><strong>εδδξ</strong></span> <span class='ocrx_word' id='word_1_678' title='bbox 1274 5321 1378 5395; x_wconf 64' lang='lat' dir='ltr'><strong>etc.</strong></span> 
     </span>
    </p>
   </div>
   <div class='ocr_carea' id='block_1_91' title="bbox 180 5394 1626 5481">
    <p class='ocr_par' dir='ltr' id='par_1_91' title="bbox 180 5394 1626 5481">
     <span class='ocr_line' id='line_1_91' title="bbox 180 5394 1626 5481; baseline 0.012 -31"><span class='ocrx_word' id='word_1_679' title='bbox 180 5394 271 5481; x_wconf 73' lang='grc'>(72)</span> <span class='ocrx_word' id='word_1_680' title='bbox 307 5394 548 5481; x_wconf 44' lang='grc' dir='ltr'>Ὀστέων-ξ</span> <span class='ocrx_word' id='word_1_681' title='bbox 569 5394 940 5481; x_wconf 55' lang='grc' dir='ltr'>ἀντερείδων.</span> <span class='ocrx_word' id='word_1_682' title='bbox 998 5408 1137 5481; x_wconf 66' lang='lat' dir='ltr'><strong>Vera</strong></span> <span class='ocrx_word' id='word_1_683' title='bbox 1199 5394 1355 5465; x_wconf 76' lang='lat' dir='ltr'><strong>lectio</strong></span> <span class='ocrx_word' id='word_1_684' title='bbox 1377 5452 1392 5476; x_wconf 98' lang='lat'><strong>,</strong></span> <span class='ocrx_word' id='word_1_685' title='bbox 1426 5426 1489 5466; x_wconf 83' lang='lat' dir='ltr'><strong>ex</strong></span> <span class='ocrx_word' id='word_1_686' title='bbox 1524 5430 1626 5481; x_wconf 87' lang='lat' dir='ltr'><strong>qua</strong></span> 
     </span>
    </p>
   </div>
   <div class='ocr_carea' id='block_1_92' title="bbox 128 5458 1628 5609">
    <p class='ocr_par' dir='ltr' id='par_1_92' title="bbox 128 5458 1628 5609">
     <span class='ocr_line' id='line_1_92' title="bbox 128 5458 1628 5549; baseline 0.015 -35"><span class='ocrx_word' id='word_1_687' title='bbox 128 5458 340 5526; x_wconf 79' lang='lat' dir='ltr'><strong>Tatianus</strong></span> <span class='ocrx_word' id='word_1_688' title='bbox 367 5458 633 5530; x_wconf 81' lang='lat' dir='ltr'><strong>emendari</strong></span> <span class='ocrx_word' id='word_1_689' title='bbox 656 5458 1628 5549; x_wconf 54' lang='grc' dir='ltr'><strong>ῥὸέέίι,ι’ρυὰῆιῐειὶῐἶῖίϊίόεῖδόἷῷζ</strong></span> 
     </span>
     <span class='ocr_line' id='line_1_93' title="bbox 128 5531 494 5609; baseline 0.003 0"><span class='ocrx_word' id='word_1_690' title='bbox 128 5531 494 5609; x_wconf 43' lang='lat' dir='ltr'><strong>“esteem.</strong></span> 
     </span>
    </p>
   </div>
   <div class='ocr_carea' id='block_1_93' title="bbox 209 5554 494 5611">
    <p class='ocr_par' dir='ltr' id='par_1_93' title="bbox 209 5554 494 5611">
     <span class='ocr_line' id='line_1_94' title="bbox 209 5554 494 5611; baseline 0.032 -22"><span class='ocrx_word' id='word_1_691' title='bbox 209 5554 494 5611; x_wconf 51' lang='lat' dir='ltr'><strong>ﬁtppqrw‘a.</strong></span> 
     </span>
    </p>
   </div>
   <div class='ocr_carea' id='block_1_94' title="bbox 182 5605 1623 5687">
    <p class='ocr_par' dir='ltr' id='par_1_94' title="bbox 182 5605 1623 5687">
     <span class='ocr_line' id='line_1_95' title="bbox 182 5605 1623 5687; baseline 0.013 -26"><span class='ocrx_word' id='word_1_692' title='bbox 182 5605 698 5687; x_wconf 56' lang='grc' dir='ltr'><strong>(75)”Μὲτακτιςίδης</strong></span> <span class='ocrx_word' id='word_1_693' title='bbox 738 5634 801 5671; x_wconf 81' lang='grc' dir='ltr'><strong>τε</strong></span> <span class='ocrx_word' id='word_1_694' title='bbox 842 5619 940 5672; x_wconf 78' lang='grc' dir='ltr'><strong>καί</strong></span> <span class='ocrx_word' id='word_1_695' title='bbox 980 5621 1343 5687; x_wconf 77' lang='grc' dir='ltr'>Χαμαιλέων.</span> <span class='ocrx_word' id='word_1_696' title='bbox 1381 5621 1623 5687; x_wconf 82' lang='lat' dir='ltr'><strong>Rectius,</strong></span> 
     </span>
    </p>
   </div>
   <div class='ocr_carea' id='block_1_95' title="bbox 128 5684 1615 5770">
    <p class='ocr_par' dir='ltr' id='par_1_95' title="bbox 128 5684 1615 5770">
     <span class='ocr_line' id='line_1_96' title="bbox 128 5684 1615 5770; baseline 0.003 -29"><span class='ocrx_word' id='word_1_697' title='bbox 128 5684 504 5770; x_wconf 2' lang='lat' dir='ltr'><strong>{ifil-llggl‘llga-pl‘td</strong></span> <span class='ocrx_word' id='word_1_698' title='bbox 528 5686 852 5770; x_wconf 57' lang='lat' dir='ltr'><strong>:I&#39;alianum,</strong></span> <span class='ocrx_word' id='word_1_699' title='bbox 882 5684 1343 5770; x_wconf 67' lang='grc' dir='ltr'>Μεγακλείδηςτε</span> <span class='ocrx_word' id='word_1_700' title='bbox 1374 5684 1615 5770; x_wconf 42' lang='grc' dir='ltr'>ὁ-Χαμαξ</span> 
     </span>
    </p>
   </div>
   <div class='ocr_carea' id='block_1_96' title="bbox 130 5755 1622 5821">
    <p class='ocr_par' dir='ltr' id='par_1_96' title="bbox 130 5755 1622 5821">
     <span class='ocr_line' id='line_1_97' title="bbox 130 5755 1622 5821; baseline 0.018 -30"><span class='ocrx_word' id='word_1_701' title='bbox 130 5755 309 5801; x_wconf 65' lang='grc' dir='ltr'>ιαιειινθ·</span> <span class='ocrx_word' id='word_1_702' title='bbox 355 5758 608 5821; x_wconf 84' lang='lat' dir='ltr'><strong>posterior</strong></span> <span class='ocrx_word' id='word_1_703' title='bbox 652 5759 794 5811; x_wconf 86' lang='lat' dir='ltr'><strong>enim</strong></span> <span class='ocrx_word' id='word_1_704' title='bbox 840 5760 953 5815; x_wconf 72' lang='lat' dir='ltr'><strong>haec</strong></span> <span class='ocrx_word' id='word_1_705' title='bbox 983 5755 1149 5817; x_wconf 80' lang='lat' dir='ltr'><strong>lectio</strong></span> <span class='ocrx_word' id='word_1_706' title='bbox 1194 5755 1366 5819; x_wconf 76' lang='lat' dir='ltr'><strong>eidem</strong></span> <span class='ocrx_word' id='word_1_707' title='bbox 1418 5755 1622 5820; x_wconf 82' lang='lat' dir='ltr'><strong>homini</strong></span> 
     </span>
    </p>
   </div>
   <div class='ocr_carea' id='block_1_97' title="bbox 1737 4928 3303 4996">
    <p class='ocr_par' dir='ltr' id='par_1_97' title="bbox 1737 4928 3303 4996">
     <span class='ocr_line' id='line_1_98' title="bbox 1737 4928 3303 4996; baseline 0.004 -16"><span class='ocrx_word' id='word_1_708' title='bbox 1737 4937 2029 4996; x_wconf 86' lang='lat' dir='ltr'><strong>utrumque</strong></span> <span class='ocrx_word' id='word_1_709' title='bbox 2076 4942 2272 4982; x_wconf 84' lang='lat' dir='ltr'><strong>nomen</strong></span> <span class='ocrx_word' id='word_1_710' title='bbox 2322 4928 2603 4994; x_wconf 86' lang='lat' dir='ltr'><strong>attribuit,</strong></span> <span class='ocrx_word' id='word_1_711' title='bbox 2656 4946 2779 4983; x_wconf 90' lang='lat' dir='ltr'><strong>cum</strong></span> <span class='ocrx_word' id='word_1_712' title='bbox 2837 4940 3016 4985; x_wconf 84' lang='lat' dir='ltr'><strong>tamen</strong></span> <span class='ocrx_word' id='word_1_713' title='bbox 3064 4932 3174 4984; x_wconf 87' lang='lat' dir='ltr'><strong>duo</strong></span> <span class='ocrx_word' id='word_1_714' title='bbox 3227 4933 3303 4987; x_wconf 88' lang='lat' dir='ltr'><strong>illi</strong></span> 
     </span>
    </p>
   </div>
   <div class='ocr_carea' id='block_1_98' title="bbox 1735 4997 3304 5072">
    <p class='ocr_par' dir='ltr' id='par_1_98' title="bbox 1735 4997 3304 5072">
     <span class='ocr_line' id='line_1_99' title="bbox 1735 4997 3304 5072; baseline 0.005 -23"><span class='ocrx_word' id='word_1_715' title='bbox 1735 4997 1956 5072; x_wconf 68' lang='lat' dir='ltr'><strong>iuerint.</strong></span> <span class='ocrx_word' id='word_1_716' title='bbox 1989 4997 2381 5072; x_wconf 71' lang='lat' dir='ltr'><strong>Corrigendum</strong></span> <span class='ocrx_word' id='word_1_717' title='bbox 2413 5010 2590 5053; x_wconf 82' lang='lat' dir='ltr'><strong>tamen</strong></span> <span class='ocrx_word' id='word_1_718' title='bbox 2627 5001 2838 5053; x_wconf 87' lang='lat' dir='ltr'><strong>videlur</strong></span> <span class='ocrx_word' id='word_1_719' title='bbox 2866 5002 3215 5072; x_wconf 86' lang='grc' dir='ltr'>Χαμαιλέων,</span> <span class='ocrx_word' id='word_1_720' title='bbox 3243 5015 3304 5057; x_wconf 91' lang='lat' dir='ltr'><strong>ut</strong></span> 
     </span>
    </p>
   </div>
   <div class='ocr_carea' id='block_1_99' title="bbox 1735 5067 3301 5141">
    <p class='ocr_par' dir='ltr' id='par_1_99' title="bbox 1735 5067 3301 5141">
     <span class='ocr_line' id='line_1_100' title="bbox 1735 5067 3301 5141; baseline 0.004 -21"><span class='ocrx_word' id='word_1_721' title='bbox 1735 5067 1966 5141; x_wconf 76' lang='lat' dir='ltr'><strong>habetur</strong></span> <span class='ocrx_word' id='word_1_722' title='bbox 1990 5068 2043 5121; x_wconf 90' lang='lat' dir='ltr'><strong>in</strong></span> <span class='ocrx_word' id='word_1_723' title='bbox 2074 5067 2243 5141; x_wconf 83' lang='lat' dir='ltr'><strong>altero</strong></span> <span class='ocrx_word' id='word_1_724' title='bbox 2272 5084 2551 5141; x_wconf 73' lang='lat' dir='ltr'><strong>manuscr.</strong></span> <span class='ocrx_word' id='word_1_725' title='bbox 2582 5079 2633 5123; x_wconf 90' lang='lat' dir='ltr'><strong>et</strong></span> <span class='ocrx_word' id='word_1_726' title='bbox 2664 5072 2861 5141; x_wconf 72' lang='lat' dir='ltr'><strong>legitur</strong></span> <span class='ocrx_word' id='word_1_727' title='bbox 2884 5067 3023 5141; x_wconf 82' lang='lat' dir='ltr'><strong>apud</strong></span> <span class='ocrx_word' id='word_1_728' title='bbox 3047 5072 3301 5127; x_wconf 76' lang='lat' dir='ltr'><strong>Clemen-</strong></span> 
     </span>
    </p>
   </div>
   <div class='ocr_carea' id='block_1_100' title="bbox 1736 5137 3297 5208">
    <p class='ocr_par' dir='ltr' id='par_1_100' title="bbox 1736 5137 3297 5208">
     <span class='ocr_line' id='line_1_101' title="bbox 1736 5137 3297 5208; baseline 0.004 -19"><span class='ocrx_word' id='word_1_729' title='bbox 1736 5145 1841 5208; x_wconf 74' lang='lat' dir='ltr'><strong>tem</strong></span> <span class='ocrx_word' id='word_1_730' title='bbox 1873 5138 2224 5208; x_wconf 75' lang='lat' dir='ltr'><strong>Alexandriu.</strong></span> <span class='ocrx_word' id='word_1_731' title='bbox 2262 5137 2460 5208; x_wconf 56' lang='lat' dir='ltr'><strong>Stroth.</strong></span> <span class='ocrx_word' id='word_1_732' title='bbox 2499 5154 2549 5199; x_wconf 86' lang='grc' dir='ltr'><strong>ι,</strong></span> <span class='ocrx_word' id='word_1_733' title='bbox 2587 5137 2843 5208; x_wconf 51' lang='grc' dir='ltr'><strong>βοεξξὲίὶο</strong></span> <span class='ocrx_word' id='word_1_734' title='bbox 2866 5137 2945 5205; x_wconf 65' lang='grc' dir='ltr'>Δ,</span> <span class='ocrx_word' id='word_1_735' title='bbox 2982 5141 3032 5202; x_wconf 81' lang='lat' dir='ltr'><strong>l,</strong></span> <span class='ocrx_word' id='word_1_736' title='bbox 3073 5142 3297 5197; x_wconf 88' lang='lat' dir='ltr'><strong>edition.</strong></span> 
     </span>
    </p>
   </div>
   <div class='ocr_carea' id='block_1_101' title="bbox 1732 5205 3299 5281">
    <p class='ocr_par' dir='ltr' id='par_1_101' title="bbox 1732 5205 3299 5281">
     <span class='ocr_line' id='line_1_102' title="bbox 1732 5205 3299 5281; baseline 0.004 -21"><span class='ocrx_word' id='word_1_737' title='bbox 1732 5206 2062 5281; x_wconf 37' lang='lat' dir='ltr'><strong>GraccoiLat.</strong></span> <span class='ocrx_word' id='word_1_738' title='bbox 2092 5228 2104 5262; x_wconf 91' lang='lat'><strong>:</strong></span> <span class='ocrx_word' id='word_1_739' title='bbox 2133 5207 2205 5281; x_wconf 69' lang='grc' dir='ltr'><strong>Τὸ</strong></span> <span class='ocrx_word' id='word_1_740' title='bbox 2244 5210 2340 5281; x_wconf 81' lang='grc' dir='ltr'><strong>μὲν</strong></span> <span class='ocrx_word' id='word_1_741' title='bbox 2371 5205 2463 5262; x_wconf 76' lang='grc' dir='ltr'><strong>οὖν</strong></span> <span class='ocrx_word' id='word_1_742' title='bbox 2491 5205 2683 5281; x_wconf 57' lang='grc' dir='ltr'>Γρςῶθι</span> <span class='ocrx_word' id='word_1_743' title='bbox 2713 5214 2973 5281; x_wconf 70' lang='grc' dir='ltr'>σαυτόν,</span> <span class='ocrx_word' id='word_1_744' title='bbox 3019 5212 3219 5281; x_wconf 87' lang='lat' dir='ltr'><strong>inquit,</strong></span> <span class='ocrx_word' id='word_1_745' title='bbox 3251 5216 3299 5266; x_wconf 85' lang='lat' dir='ltr'><strong>ol</strong></span> 
     </span>
    </p>
   </div>
   <div class='ocr_carea' id='block_1_102' title="bbox 1776 5277 3301 5354">
    <p class='ocr_par' dir='ltr' id='par_1_102' title="bbox 1776 5277 3301 5354">
     <span class='ocr_line' id='line_1_103' title="bbox 1776 5277 3301 5354; baseline 0.005 -25"><span class='ocrx_word' id='word_1_746' title='bbox 1776 5277 1833 5354; x_wconf 67' lang='grc' dir='ltr'>ὲν</span> <span class='ocrx_word' id='word_1_747' title='bbox 1867 5278 2104 5354; x_wconf 70' lang='grc' dir='ltr'>Χίλωνος</span> <span class='ocrx_word' id='word_1_748' title='bbox 2148 5277 2520 5354; x_wconf 44' lang='grc' dir='ltr'><strong>ιζαιπεειλτξμρασι,⁸</strong></span> <span class='ocrx_word' id='word_1_749' title='bbox 2541 5279 2862 5354; x_wconf 80' lang='grc' dir='ltr'>Χαμαιλέων</span> <span class='ocrx_word' id='word_1_750' title='bbox 2894 5280 2952 5335; x_wconf 75' lang='grc' dir='ltr'>δὲ</span> <span class='ocrx_word' id='word_1_751' title='bbox 2979 5277 3145 5354; x_wconf 67' lang='grc' dir='ltr'>ἐντῷ</span> <span class='ocrx_word' id='word_1_752' title='bbox 3174 5285 3301 5354; x_wconf 74' lang='grc' dir='ltr'>περὶ</span> 
     </span>
    </p>
   </div>
   <div class='ocr_carea' id='block_1_103' title="bbox 1766 5347 3405 5421">
    <p class='ocr_par' dir='ltr' id='par_1_103' title="bbox 1766 5347 3405 5421">
     <span class='ocr_line' id='line_1_104' title="bbox 1766 5347 3405 5421; baseline 0.004 -22"><span class='ocrx_word' id='word_1_753' title='bbox 1766 5347 1889 5421; x_wconf 75' lang='grc' dir='ltr'>εῶν,</span> <span class='ocrx_word' id='word_1_754' title='bbox 1932 5348 2125 5421; x_wconf 55' lang='grc' dir='ltr'>Θαλοῦ,</span> <span class='ocrx_word' id='word_1_755' title='bbox 2158 5348 2225 5421; x_wconf 75' lang='lat' dir='ltr'><strong>Et</strong></span> <span class='ocrx_word' id='word_1_756' title='bbox 2252 5347 2393 5421; x_wconf 79' lang='lat' dir='ltr'><strong>infra</strong></span> <span class='ocrx_word' id='word_1_757' title='bbox 2423 5350 2612 5421; x_wconf 80' lang='lat' dir='ltr'><strong>eodem</strong></span> <span class='ocrx_word' id='word_1_758' title='bbox 2633 5347 2809 5421; x_wconf 76' lang='lat' dir='ltr'><strong>libro.</strong></span> <span class='ocrx_word' id='word_1_759' title='bbox 2845 5366 2967 5421; x_wconf 88' lang='lat' dir='ltr'><strong>pag.</strong></span> <span class='ocrx_word' id='word_1_760' title='bbox 3003 5347 3149 5407; x_wconf 51' lang='lat'><strong>258&#39;:</strong></span> <span class='ocrx_word' id='word_1_761' title='bbox 3186 5347 3298 5407; x_wconf 80' lang='grc' dir='ltr'><strong>Χὰ-</strong></span> <span class='ocrx_word' id='word_1_762' title='bbox 3402 5410 3405 5417; x_wconf 86' lang='lat'><em>_</em></span> 
     </span>
    </p>
   </div>
   <div class='ocr_carea' id='block_1_104' title="bbox 1732 5418 3300 5503">
    <p class='ocr_par' dir='ltr' id='par_1_104' title="bbox 1732 5418 3300 5503">
     <span class='ocr_line' id='line_1_105' title="bbox 1732 5418 3300 5503; baseline 0.004 -34"><span class='ocrx_word' id='word_1_763' title='bbox 1732 5418 1975 5503; x_wconf 50' lang='lat' dir='ltr'><strong>portum:</strong></span> <span class='ocrx_word' id='word_1_764' title='bbox 2000 5437 2058 5472; x_wconf 84' lang='grc' dir='ltr'><strong>τε</strong></span> <span class='ocrx_word' id='word_1_765' title='bbox 2167 5418 2632 5503; x_wconf 52' lang='grc' dir='ltr'>ᾙρακλειέζτηςὲν</span> <span class='ocrx_word' id='word_1_766' title='bbox 2662 5418 3138 5503; x_wconf 35' lang='grc' dir='ltr'>τιῖχΠερὶςμέθῃς.</span> <span class='ocrx_word' id='word_1_767' title='bbox 3178 5423 3300 5503; x_wconf 64' lang='lat' dir='ltr'><strong>Fuit</strong></span> 
     </span>
    </p>
   </div>
   <div class='ocr_carea' id='block_1_105' title="bbox 1728 5487 3298 5638">
    <p class='ocr_par' dir='ltr' id='par_1_105' title="bbox 1728 5487 3298 5638">
     <span class='ocr_line' id='line_1_106' title="bbox 1729 5487 3298 5558; baseline 0.004 -18"><span class='ocrx_word' id='word_1_768' title='bbox 1729 5487 1894 5558; x_wconf 88' lang='lat' dir='ltr'><strong>igitur</strong></span> <span class='ocrx_word' id='word_1_769' title='bbox 1934 5487 2309 5553; x_wconf 85' lang='lat' dir='ltr'><strong>Heracleotes,</strong></span> <span class='ocrx_word' id='word_1_770' title='bbox 2358 5491 2452 5558; x_wconf 88' lang='lat' dir='ltr'><strong>qui</strong></span> <span class='ocrx_word' id='word_1_771' title='bbox 2500 5487 2639 5544; x_wconf 87' lang='lat' dir='ltr'><strong>inter</strong></span> <span class='ocrx_word' id='word_1_772' title='bbox 2689 5487 2852 5553; x_wconf 46' lang='lat' dir='ltr'><strong>alia,&#39;</strong></span> <span class='ocrx_word' id='word_1_773' title='bbox 2883 5487 2951 5546; x_wconf 80' lang='lat' dir='ltr'><strong>de</strong></span> <span class='ocrx_word' id='word_1_774' title='bbox 2982 5487 3089 5548; x_wconf 65' lang='lat' dir='ltr'><strong>dis</strong></span> <span class='ocrx_word' id='word_1_775' title='bbox 3122 5508 3187 5547; x_wconf 87' lang='lat' dir='ltr'><strong>ac</strong></span> <span class='ocrx_word' id='word_1_776' title='bbox 3230 5493 3298 5547; x_wconf 87' lang='lat' dir='ltr'><strong>de</strong></span> 
     </span>
     <span class='ocr_line' id='line_1_107' title="bbox 1728 5558 3296 5638; baseline 0.003 -27"><span class='ocrx_word' id='word_1_777' title='bbox 1728 5559 1991 5638; x_wconf 65' lang='lat' dir='ltr'><strong>ebrietate</strong></span> <span class='ocrx_word' id='word_1_778' title='bbox 2034 5559 2278 5638; x_wconf 49' lang='lat' dir='ltr'><strong>scripsit.</strong></span> <span class='ocrx_word' id='word_1_779' title='bbox 2322 5558 2463 5638; x_wconf 74' lang='lat' dir='ltr'><strong>Idem</strong></span> <span class='ocrx_word' id='word_1_780' title='bbox 2503 5574 2701 5638; x_wconf 74' lang='lat' dir='ltr'><strong>nomen</strong></span> <span class='ocrx_word' id='word_1_781' title='bbox 2732 5562 2927 5638; x_wconf 74' lang='lat' dir='ltr'><strong>legitur</strong></span> <span class='ocrx_word' id='word_1_782' title='bbox 2956 5564 3094 5638; x_wconf 82' lang='lat' dir='ltr'><strong>apud</strong></span> <span class='ocrx_word' id='word_1_783' title='bbox 3130 5564 3296 5638; x_wconf 89' lang='lat' dir='ltr'><strong>Ath_c-</strong></span> 
     </span>
    </p>
   </div>
   <div class='ocr_carea' id='block_1_106' title="bbox 1728 5627 3296 5714">
    <p class='ocr_par' dir='ltr' id='par_1_106' title="bbox 1728 5627 3296 5714">
     <span class='ocr_line' id='line_1_108' title="bbox 1728 5627 3296 5714; baseline 0.003 -34"><span class='ocrx_word' id='word_1_784' title='bbox 1728 5644 1904 5714; x_wconf 67' lang='lat' dir='ltr'><strong>nmum</strong></span> <span class='ocrx_word' id='word_1_785' title='bbox 1934 5629 2026 5714; x_wconf 72' lang='lat' dir='ltr'><strong>lib.</strong></span> <span class='ocrx_word' id='word_1_786' title='bbox 2061 5646 2111 5693; x_wconf 85' lang='grc' dir='ltr'><strong>ι,</strong></span> <span class='ocrx_word' id='word_1_787' title='bbox 2140 5645 2192 5697; x_wconf 91' lang='lat' dir='ltr'><strong>p.</strong></span> <span class='ocrx_word' id='word_1_788' title='bbox 2218 5630 2281 5683; x_wconf 66' lang='grc'><strong>21</strong></span> <span class='ocrx_word' id='word_1_789' title='bbox 2316 5649 2328 5683; x_wconf 89' lang='lat'><strong>:</strong></span> <span class='ocrx_word' id='word_1_790' title='bbox 2355 5630 2680 5714; x_wconf 75' lang='grc' dir='ltr'>Χαμαιλέων</span> <span class='ocrx_word' id='word_1_791' title='bbox 2706 5627 2836 5700; x_wconf 79' lang='grc' dir='ltr'>γοῦν</span> <span class='ocrx_word' id='word_1_792' title='bbox 2856 5671 2877 5714; x_wconf 36' lang='grc' dir='ltr'>,ι</span> <span class='ocrx_word' id='word_1_793' title='bbox 2905 5627 3108 5714; x_wconf 78' lang='lat' dir='ltr'><strong>inquit.</strong></span> <span class='ocrx_word' id='word_1_794' title='bbox 3146 5634 3296 5714; x_wconf 61' lang='grc' dir='ltr'>πρῷα</span> 
     </span>
    </p>
   </div>
   <div class='ocr_carea' id='block_1_107' title="bbox 1726 5699 3296 5772">
    <p class='ocr_par' dir='ltr' id='par_1_107' title="bbox 1726 5699 3296 5772">
     <span class='ocr_line' id='line_1_109' title="bbox 1726 5699 3296 5772; baseline 0.005 -22"><span class='ocrx_word' id='word_1_795' title='bbox 1726 5714 1815 5772; x_wconf 74' lang='grc' dir='ltr'><strong>τον</strong></span> <span class='ocrx_word' id='word_1_796' title='bbox 1844 5699 2003 5772; x_wconf 78' lang='grc' dir='ltr'>αὐτόν</span> <span class='ocrx_word' id='word_1_797' title='bbox 2031 5717 2201 5772; x_wconf 77' lang='grc' dir='ltr'>φησιν</span> <span class='ocrx_word' id='word_1_798' title='bbox 2222 5699 2552 5770; x_wconf 82' lang='grc' dir='ltr'>σχηματίσαι</span> <span class='ocrx_word' id='word_1_799' title='bbox 2576 5702 2701 5765; x_wconf 69' lang='grc' dir='ltr'>τοὺς</span> <span class='ocrx_word' id='word_1_800' title='bbox 2723 5699 2933 5772; x_wconf 75' lang='grc' dir='ltr'>χορούς,</span> <span class='ocrx_word' id='word_1_801' title='bbox 2952 5699 3039 5759; x_wconf 73' lang='lat' dir='ltr'><strong>etc</strong></span> <span class='ocrx_word' id='word_1_802' title='bbox 3068 5746 3081 5769; x_wconf 91' lang='lat'><strong>,</strong></span> <span class='ocrx_word' id='word_1_803' title='bbox 3115 5699 3204 5759; x_wconf 82' lang='lat' dir='ltr'><strong>ubi</strong></span> <span class='ocrx_word' id='word_1_804' title='bbox 3230 5706 3296 5758; x_wconf 68' lang='lat' dir='ltr'><strong>dc</strong></span> 
     </span>
    </p>
   </div>
   <div class='ocr_carea' id='block_1_108' title="bbox 1729 5768 2445 5841">
    <p class='ocr_par' dir='ltr' id='par_1_108' title="bbox 1729 5768 2445 5841">
     <span class='ocr_line' id='line_1_110' title="bbox 1729 5768 2445 5841; baseline 0.003 -20"><span class='ocrx_word' id='word_1_805' title='bbox 1729 5768 1985 5841; x_wconf 59' lang='lat' dir='ltr'><strong>A‘Zscliylo</strong></span> <span class='ocrx_word' id='word_1_806' title='bbox 2010 5768 2160 5838; x_wconf 81' lang='lat' dir='ltr'><strong>poeta</strong></span> <span class='ocrx_word' id='word_1_807' title='bbox 2190 5768 2445 5838; x_wconf 81' lang='lat' dir='ltr'><strong>loquitur.</strong></span> 
     </span>
    </p>
   </div>
  </div>
