3840 6370
151 360 228 412 8!!

1285 351 1607 407 ΓΒΑΞΡΔΒ.
1654 350 1902 406 EVANG.
1942 350 2069 407 LIB.
2111 349 2176 404 X.

3234 347 3340 398 82‘).

146 473 316 525 πείθειν
337 464 783 536 ἐπαγγελλόμενον
828 466 1237 536 συντομωτέρας
1271 465 1538 522 ποιεῖσθαι
1566 467 1657 530 τὰς

1771 480 1891 520 rum
1922 465 2232 520 testimonia
2259 462 2553 534 proferam.
2581 459 2722 527 Quid
2755 461 2898 516 enim
2925 460 3078 530 plura
3103 474 3341 514 commc-

146 560 356 632 περὶτῶν
381 556 707 627 πραγμάτων
741 557 875 627 πρὸς
897 558 1022 620 τοὺς
1041 558 1333 621 ἀκούοντας
1359 559 1654 628 διηγήσεις.

148 649 392 722 Βηρωσσὸς
414 649 549 719 ἀνὴρ
581 648 932 714 Βαϐυλώνιος,
984 650 1162 720 ἱερεὺς
1189 650 1281 703 τοῦ
1317 650 1442 720 παρ’
1477 649 1659 712 αὐτοῖς

146 745 302 814 Βήλου,
345 740 476 805 κατὰ
524 739 867 812 Ἀλέξανδρον
919 743 1225 811 γενόμενος,
1286 741 1539 812 Ἀντιόχῳ
1579 741 1657 812 τῷ

144 835 257 905 μετὰ
284 835 523 886 Σέλευκον
553 834 665 904 (85)
693 835 858 904 τρίτῳ
872 834 970 907 τὴν
983 834 1297 890 Χαλδαίων
1310 835 1583 903 ἱστορίαν
1600 836 1657 888 ὲν

142 929 254 994 τρισὶ
279 926 483 994 βιϐλίοις
513 925 840 992 κατατάξας,
875 927 968 980 καὶ⁸
997 928 1066 980 τὰ
1097 926 1225 997 περὶ
1257 927 1363 978 τῶν
1395 923 1658 995 βασιλέων

143 1017 452 1087 ἐκτιθέμενος,
499 1019 790 1089 ἀφηγεῖταί
833 1035 976 1082 τινος
1026 1019 1205 1072 αὐτῶν
1246 1020 1414 1088 ὄνομα
1448 1019 1658 1071 Ναϐου-

142 1109 389 1181 χοδονόςορ,
435 1110 528 1162 τοῦ
583 1110 1076 1182 συπρατεύσαντος
1125 1111 1217 1163 ἐπὶ
1261 1111 1510 1173 Φοίνικας
1561 1111 1656 1163 καὶ

150 1200 402 1264 Ἰουδαίους,
427 1203 584 1254 ἅτινα
608 1202 696 1254 διὰ
721 1203 828 1254 τῶν
855 1202 976 1255 καθ’
1002 1204 1146 1273 ἡμᾶς
1176 1201 1466 1274 προφητῶν
1501 1201 1655 1272 ἴσμεν

142 1295 494 1362 κεκηρυγμένα,
554 1295 816 1364 γεγονότα
856 1294 954 1364 μὲν
987 1295 1119 1348 πολὺ
1151 1296 1248 1366 τῆς
1270 1295 1510 1358 Μωσέως
1543 1295 1656 1366 ἡλι-

139 1383 230 1445 χίας
257 1383 561 1454 κατώτερον,
595 1387 699 1456 πρὸ
731 1387 787 1440 δὲ
825 1387 929 1457 τῆς
961 1385 1187 1457 Περσῶν
1219 1387 1512 1456 ἡγεμονίας
1542 1385 1655 1437 ἐτε-

139 1491 201 1526 σιν
226 1476 591 1546 έῶομήκοντα.
625 1477 919 1549 Βηρωσσὸς
949 1477 1001 1530 δέ
1035 1478 1182 1529 ἐστιν
1215 1477 1354 1546 ἀνὴρ
1391 1475 1652 1529 ἱκανώτα-

263 1570 344 1621 καὶ
379 1570 565 1623 τούτου
618 1573 910 1642 τεκμήριον
952 1571 1143 1634 Ἰόϐας,
1192 1571 1250 1633 ὃς
1284 1570 1411 1642 περὶ
1466 1570 1655 1622 Ἀσσυ-

139 1661 236 1728 ρίων
271 1660 503 1730 γράφων,
555 1663 706 1733 παρὰ
751 1663 1042 1734 Βηρωσσοῦ
1089 1679 1221 1734 φησι
1277 1660 1654 1732 μεμαθηκέναι

136 1751 210 1819 τὴν
245 1753 478 1822 ἱστορίαν.
530 1753 656 1806 Elei.
711 1753 755 1807 δ’
785 1755 932 1824 αὐτῷ
974 1753 1143 1824 βίϐλοι
1191 1754 1316 1824 περὶ
1357 1753 1654 1824 Ἀσσυρίων

134 1840 218 1892 δύο.
255 1842 394 1894 Μετὰ
442 1842 499 1894 δὲ
551 1844 680 1906 τοὺς
726 1845 1025 1909 Χαλδαίους
1069 1843 1140 1897 τὰ
1182 1843 1442 1896 Φοινίκων
1484 1842 1654 1904 οὕτως
1688 1834 1729 1888 Β

135 1933 237 2001 ἔχει.
279 1935 524 2001 Γεγόνασι
565 1939 699 2008 παρ’
733 1939 914 2000 αὐτοῖς
945 1937 1135 2007 ἄνδρες
1177 1938 1346 2006 τρεῖς,
1383 1935 1652 1997 Θεόδοτος,

142 2027 444 2097 Ὑψικράτης,
476 2027 698 2097 Μῶχος.
733 2028 949 2081 Τούτων
981 2027 1079 2090 τὰς
1109 2027 1322 2097 βίὸλους
1362 2028 1439 2088 είς
1473 2024 1656 2094 Ἑλλη-

135 2117 223 2169 νίδα
260 2119 500 2184 κατέταξε
544 2121 730 2189 φωνὴν
768 2120 986 2182 ’Ἀσιτος
1009 2118 1144 2190 (84),
1174 2121 1202 2172 6
1232 2120 1326 2172 καὶ
1357 2119 1482 2181 τοὺς
1513 2116 1656 2187 βίους

136 2205 215 2256 τῶν
242 2206 523 2276 φιλοσόφων
558 2209 648 2260 ἐπ’
683 2208 906 2279 ἀκριϐὲς
939 2209 1520 2280 πραγματευσάμενος.
1569 2209 1654 2260 Ἑν

134 2294 179 2364 δὴ
209 2300 307 2360 ταῖς
343 2298 445 2350 τῶν
475 2299 892 2370 προειρημένων
927 2301 1188 2372 ἱστορίαις
1231 2299 1486 2370 δηλοῦται
1515 2299 1657 2352 κατά

133 2399 222 2436 τινα
240 2384 332 2438 τῶν
357 2385 620 2456 βασιλέων
649 2386 920 2458 Εὐρώπης
951 2389 1172 2460 ἁρπαγὴ
1204 2389 1502 2457 γεγονέναι,
1543 2391 1655 2443 Με-

133 2472 276 2526 νελάου
305 2492 356 2527 τε
387 2477 464 2539 είς
495 2476 600 2546 τὴν
631 2477 882 2548 Φοινίκην
928 2479 1130 2548 ἄφιξις,
1167 2481 1261 2532 καί
1299 2479 1366 2532 τὰ
1399 2481 1526 2551 περὶ
1558 2480 1652 2533 Εἶ-

135 2579 284 2633 ραμον,
326 2567 487 2631 ὅστις,
531 2569 811 2638 Σολομῶνι
854 2569 933 2640 τῷ
970 2571 1235 2625 Ἰουδαίων
1279 2571 1488 2641 βασιλεῖ
1518 2573 1654 2644 πρὸς

132 2655 264 2724 vitm
291 2657 404 2721 δοὺς
429 2659 529 2729 τὴν
566 2661 762 2713 ἑαυτοῦ
803 2661 1096 2735 θυγατέρα,
1132 2664 1224 2717 καὶ¹
1253 2664 1423 2730 ξύλων
1457 2681 1653 2719 παντο-

132 2740 272 2796 δαπῶν
297 2745 418 2816 ὕλην
449 2749 530 2812 είς
566 2748 666 2819 τὴν
694 2750 787 2803 τοῦ
818 2751 922 2804 νεὼ
953 2754 1294 2825 κατασκευὴν
1323 2755 1650 2827 ἐδωρήσατο.

134 2834 213 2887 Καὶ
228 2837 512 2910 Μένανδρος
535 2841 600 2894 δὲ
630 2843 659 2894 6
683 2842 1041 2914 Περγαμηνὸς
1067 2845 1194 2916 περὶ
1216 2845 1324 2900 τῶν
1349 2847 1526 2900 αὐτῶν
1555 2847 1654 2920 τὴν

133 2924 395 3000 ἀναγραφὴν
443 2933 764 3004 ἐποιήσατο.
831 2933 938 2988 Τοῦ
985 2936 1044 2989 δὲ
1086 2937 1330 3009 Εἰράμου
1389 2941 1418 2992 6
1464 2940 1655 3010 χρόνος

132 3016 205 3088 ἤδη
240 3037 327 3073 που
367 3026 478 3087 τοῖς
512 3025 768 3090 Ἰλιακοῖς
817 3027 1051 3096 ἐγγίζει·
1087 3030 1337 3101 Σολομὼν
1371 3031 1428 3084 δὲ
1469 3033 1498 3085 6
1536 3033 1654 3086 κατ’

136 3108 330 3181 Εἶραμον
351 3116 482 3170 πολὺ
504 3116 819 3188 κατώτερός
846 3119 962 3172 ἐστι
991 3119 1093 3190 τῆς
1116 3121 1360 3185 Μωσέως
1415 3120 1650 3192 ἡλικίας.

133 3201 386 3267 Αἰγυπτίων
430 3205 475 3258 δ’
523 3208 666 3259 εἰσὶν
742 3207 988 3279 ἀκριϐεῖς
1061 3210 1265 3281 χρόνων
1320 3212 1648 3285 ἀναγραφαι.
1679 3195 1720 3254 (ἶ

133 3290 214 3342 Καὶ
239 3295 331 3345 τῶν
374 3297 489 3349 κατ’
520 3298 722 3361 αὐτοὺς
755 3299 1097 3370 γραμμάτων
1147 3302 1416 3372 ἑρμηνεὺς
1460 3304 1655 3356 Πτολε-

137 3386 271 3449 μαῖος,
304 3389 392 3459 οὐχ
433 3392 461 3442 6
502 3389 760 3460 βασιλεὺς
782 3431 796 3455 ,
846 3393 1023 3463 ἱερεὺς
1049 3392 1106 3445 δὲ
1134 3393 1433 3465 Μένδητος.
1462 3387 1651 3460 Οὗτος,

133 3474 204 3536 τὰς
220 3477 311 3531 τῶν
338 3479 605 3548 βασιλέων
641 3479 866 3552 πράξεις
909 3481 1271 3551 ἐκτιθέμενος,
1297 3484 1437 3537 κατὰ
1463 3486 1651 3555 ’Ἀμω-

136 3583 196 3619 τιν
217 3570 464 3637 Αἰγύπτου
501 3571 733 3643 βασιλέα
759 3573 1038 3643 γεγονέναι
1083 3573 1354 3638 Ἰουδαίοις
1379 3577 1512 3646 φησὶ
1557 3575 1654 3647 τὴν

134 3658 175 3724 ἐξ
196 3662 437 3729 Αἰγύπτου
487 3665 717 3737 πορείαν
766 3667 846 3728 εἰς
894 3666 1038 3737 ἅπερ
1082 3664 1273 3737 ἤθελον
1323 3668 1495 3738 χωρία
1521 3666 1651 3738 (85),

135 3753 328 3818 ὶίωοέως
385 3756 720 3828 ἡγουμένου’
802 3756 949 3826 λέγει
1013 3757 1070 3810 δὲ
1131 3757 1304 3823 οὕτως
1327 3760 1457 3830 (86)·
1514 3762 1573 3814 'U
1599 3761 1655 3816 δὲ

139 3843 332 3912 Ἀμωσις
387 3849 607 3916 ἐγένετο
671 3848 813 3903 κατὰ
860 3849 950 3903 τὸν
1010 3851 1220 3920 Ἴναχον
1265 3851 1357 3904 τὸν
1410 3853 1652 3922 βασιλέα.

137 3934 249 3990 Μετᾶ
276 3939 326 3992 δὲ
361 3941 571 4003 τοῦτον,
611 3941 810 3994 Ἀπίων
846 3943 875 3995 6
901 3943 1306 4012 γραμματικὸς,
1341 3945 1477 4015 ἀνὴρ
1509 3945 1653 3998 δοκι-

139 4026 351 4096 μώτατος,
393 4033 449 4086 ἐν
497 4036 568 4104 τῇ
614 4033 847 4106 τετάρτῃ
880 4033 986 4086 τῶν
1009 4035 1441 4104 Αἰγυπτιακῶν,
1473 4038 1654 4105 (πέντε

136 4119 178 4171 δέ
206 4122 318 4176 εἰσιν
357 4125 502 4195 αὐτῷ
552 4126 789 4196 γραφαὶ)
838 4125 1007 4179 πολλὰ
1053 4127 1150 4197 μὲν
1186 4126 1278 4180 καὶ
1323 4127 1478 4192 ἄλλα,
1524 4130 1656 4200 φησὶ

137 4211 168 4261 δ’
195 4215 258 4266 ὅτι
303 4218 604 4287 κατέσκαψε
651 4217 750 4288 τὴν
794 4216 1000 4289 Αῦαριν
1046 4220 1320 4288 Ἀμωσις.
1376 4218 1515 4272 κατά
1563 4219 1655 4272 τὸν

148 4303 344 4375 Ἀργεῖον
395 4311 684 4379 γενόμενος
732 4311 965 4380 Ἴναχον,
1015 4309 1089 4372 ὡς
1142 4309 1200 4361 ἐν
1258 4312 1370 4372 τοῖς
1402 4311 1655 4379 Χρόνοις

138 4398 391 4470 ἀνέγραψεν
420 4406 448 4457 6
471 4403 772 4471 Μενδήσιος
805 4403 1154 4472 Πτολεμαῖος.
1195 4404 1252 4456 Ὀ
1291 4403 1349 4456 δὲ
1380 4404 1488 4456 ἀπὸ
1519 4405 1654 4458 Ἰνά-

140 4507 209 4556 χου
234 4494 402 4564 χρόνος
447 4496 576 4566 ἄχρι
613 4495 711 4565 τῆς
756 4494 909 4547 Ἰλίου
935 4493 1184 4558 ἁλώσεως
1218 4495 1523 4566 ἀποπληροῖ
1559 4513 1652 4566 γε·
1685 4534 1728 4588 D

140 4582 237 4646 νεέις
261 4585 436 4640 εἴκοσι.
479 4587 592 4639 Καὶ
621 4585 689 4639 τὰ
721 4587 818 4655 τῆς
840 4585 1162 4649 ἀποδείξεως
1193 4585 1379 4639 τοῦτον
1422 4587 1536 4657 ἔχει
1563 4587 1654 4643 τὸν

141 4671 313 4739 τρόπον.
373 4676 663 4744 Γεγόνασιν
712 4676 970 4746 Ἀργείων
1029 4670 1267 4745 βασιλεῖς
1328 4676 1454 4730 οἶδε’
1515 4680 1657 4732 ἰνα-

141 4778 225 4827 χος,
255 4765 535 4836 Φορωνεύς,
581 4767 766 4830 Ἀπις,
815 4766 1073 4834 Ἀργεῖος,
1120 4765 1377 4834 Κρίασοῆ
1427 4767 1654 4838 Φόρϐας,

143 4849 365 4919 Τριόπας,
396 4853 720 4925 Κροτωπὺς,
761 4853 1076 4917 Σθενέλαος,
1122 4853 1353 4916 Δαναὸς,
1387 4855 1656 4922 Λυγκεὺς,

146 4941 306 5010 Ἄϐας,
351 4949 606 5018 Προῖτος,
651 4945 954 5016 Ἀκρίσιος,
1002 4947 1278 5017 Περσεὺς,
1326 4946 1655 5017 Εὐρυσθεὺς,

154 5033 349 5106 Ἀτρεὺς,
387 5040 650 5110 Θυέστης,
688 5039 1066 5110 Ἀγαμέμνων,
1104 5032 1166 5091 οὗ
1213 5039 1354 5092 κατὰ
1385 5040 1447 5092 τὸ
1489 5041 1660 5097 ὀκτω-

199 5172 286 5240 ι85)
320 5175 474 5228 Μετὰ
506 5175 824 5228 Σέλευκον.
877 5172 951 5226 ita
982 5187 1172 5228 omnes
1210 5188 1225 5225 :
1263 5172 1526 5228 Tatianus
1579 5185 1659 5230 ta-

147 5254 242 5313 nien
266 5243 410 5313 habet
434 5246 619 5306 αὐτόν,
651 5243 796 5313 quod
824 5244 891 5297 ad
924 5243 1289 5313 Alexandrum
1335 5244 1525 5298 referri
1564 5245 1658 5300 de-

149 5308 231 5362 bet.
262 5311 546 5370 Antiochus
572 5308 695 5383 post
725 5312 1093 5383 Alexandrum
1126 5311 1336 5375 tertius,
1365 5315 1504 5369 idem
1535 5331 1659 5370 esse

147 5394 435 5454 nonpotest.
454 5386 544 5454 qui
575 5381 767 5438 tertius
799 5392 924 5451 post
951 5381 1259 5437 Seleucum.
1289 5383 1423 5438 Nam
1463 5385 1656 5439 tertius

147 5449 200 5500 ab
232 5449 510 5509 Alexandro
543 5455 674 5519 fuit,
710 5449 1010 5524 Antiochus
1036 5454 1272 5509 nominis
1296 5455 1535 5524 primus,
1563 5471 1657 5508 co-

149 5534 393 5578 enomento
439 5524 615 5587 Sotcr,
664 5525 873 5578 Seleuci
925 5523 1108 5577 titius:
1151 5534 1204 5578 at
1254 5525 1445 5581 tertius
1497 5541 1526 5579 a
1565 5525 1660 5580 Se—

151 5587 289 5668 leuco,
309 5593 608 5668 Antiochus
667 5593 903 5649 nominis
947 5594 1253 5662 secundus,
1299 5608 1657 5668 cognomento

153 5655 284 5723 Deus,
307 5661 495 5718 Soteris
529 5666 688 5718 lilius.

209 5729 302 5798 (84)
337 5735 573 5800 Ἀσιτος.
621 5734 880 5793 Tatianus
913 5749 1122 5800 excus.,
1150 5733 1362 5799 Χαῖτος.
1399 5735 1654 5789 Νυιιῑιηιιιί

157 5810 315 5853 nomen
339 5805 450 5858 alibi
482 5807 708 5874 reperio.

1771 573 2133 621 morem,cum
2153 571 2276 612 eum
2289 554 2398 625 ,qui
2419 554 2576 607 tidem
2593 569 2650 608 se
2671 552 2941 607 facturum
2958 566 3077 606 esse
3095 551 3318 620 recipiat

1759 650 1947 718 paucis
1972 650 2197 704 omnino
2229 662 2342 702 rem
2379 645 2722 700 auditoribus
2749 645 3026 700 declarare
3060 641 3334 713 oporteat?

1759 739 1921 811 493
1953 740 2188 795 Berosus
2220 754 2352 808 ergo
2393 738 2477 792 vir
2526 737 2875 806 Babylonius,
2924 736 3173 804 idemque
3203 732 3338 799 Beli,

1759 834 1903 900 quod
1929 833 2167 900 ipsorum
2201 845 2399 884 numen
2434 839 2569 894 erat,
2604 827 2857 883 sacerdos
2879 869 2894 894 ,
2925 828 3015 898 qui
3046 827 3335 882 Alexandri

1760 924 2093 992 temporibus
2139 922 2373 987 vivebat,
2428 921 2478 972 in
2509 935 2594 983 ea,
2629 935 2793 988 quam
2845 919 3016 974 tribus
3046 919 3196 972 libris
3223 917 3336 970 An-

1762 1015 1941 1069 tiocho
1986 1023 2110 1083 post
2161 1013 2446 1066 Seleucum
2483 1011 2662 1078 tertio,
2719 1011 2935 1080 scripsit
2967 1010 3335 1065 Chaldworum

1763 1106 2024 1169 Historia,
2075 1105 2163 1159 ubi
2220 1119 2403 1173 regum
2450 1104 2692 1172 ipsorum
2739 1111 2886 1171 gesta
2919 1108 3332 1163 commemorat,

1760 1196 2310 1251 Nabuchodonosoris
2343 1194 2628 1264 cujusdam
2656 1193 2920 1260 meminit,
2951 1192 3043 1264 qui
3074 1193 3334 1246 adversus

1757 1288 2042 1342 Phoenicas
2077 1294 2128 1341 et
2155 1286 2368 1342 Judtcos
2395 1287 2786 1358 expeditionem
2821 1287 3139 1354 susceperit,
3167 1299 3332 1355 quam

1757 1398 1786 1435 a
1821 1380 2101 1451 prophetis
2146 1397 2364 1451 quoque
2408 1383 2606 1436 nostris
2653 1380 2974 1435 celebratam
3010 1394 3130 1434 esse
3174 1377 3331 1433 novi-

1757 1489 1909 1537 mus,
1944 1485 2173 1541 quaeque
2217 1487 2340 1524 cum
2390 1471 2547 1542 longe
2598 1480 2718 1539 post
2768 1470 2966 1525 Moscm
3024 1469 3329 1540 contigerit,

1759 1575 1870 1618 tum
1934 1581 2062 1618 vero
2111 1564 2398 1618 Persarum
2460 1563 2744 1632 imperium
2796 1562 2954 1616 annis
2992 1562 3330 1632 septuaginta

1757 1656 2108 1726 praecesserit.
2165 1653 2326 1724 Atqui
2372 1653 2606 1708 Berosus
2655 1653 2742 1706 ille
2797 1653 3014 1721 quidem
3045 1652 3194 1705 onmi
3227 1651 3332 1706 ﬁde

1755 1747 2110 1818 dignissimus
2135 1755 2238 1812 est,
2283 1747 2362 1800 uti
2392 1748 2474 1799 vel
2507 1761 2572 1801 ex
2608 1744 2756 1799 Joba:
2787 1744 3100 1798 testimonio
3134 1741 3332 1797 intelli-

1757 1855 1882 1910 gere
1917 1854 2232 1909 possumus,
2287 1839 2378 1909 qui
2429 1837 2496 1891 de
2526 1837 2764 1906 Assyriis
2810 1836 3076 1901 scribens,
3113 1836 3329 1894 illorum

1757 1943 1877 1983 sese
1908 1928 2193 1982 historiam
2226 1943 2289 1982 ex
2323 1927 2524 1982 Beroso
2568 1927 2821 1980 didicisse
2849 1926 3148 1995 proﬁtetur.
3184 1924 3330 1980 Duos

1757 2029 1937 2074 autem
1966 2022 2053 2076 ille
2079 2021 2145 2076 de
2171 2020 2408 2090 Assyriis
2441 2018 2763 2087 conscripsit
2797 2019 2982 2072 libros.
3045 2017 3328 2072 Phoenices

1755 2127 1885 2166 vero
1912 2113 2056 2182 quod
2081 2112 2304 2174 attinet,
2337 2120 2444 2166 tres
2472 2109 2613 2179 apud
2638 2126 2731 2164 eos
2756 2110 2850 2162 viri
2879 2109 3128 2169 ﬂoruere,
3150 2107 3327 2160 Theo-

1756 2203 2304 2274 dotus,llvpsicrates
2341 2213 2395 2257 et
2427 2201 2920 2271 illochus,quorum
2949 2199 3116 2254 libros
3147 2197 3330 2254 Griece

1755 2295 1917 2350 vertit
1945 2295 2151 2359 Asitus,
2204 2295 2249 2351 is
2292 2294 2384 2365 qui
2416 2294 2864 2364 philosophorum
2899 2292 3065 2346 vitam
3117 2307 3329 2347 summa

1755 2387 2032 2456 diiigentia
2061 2388 2348 2457 studioque
2378 2386 2722 2455 conscripsit.
2756 2386 2856 2451 Qui
2892 2386 3110 2455 quidem
3139 2398 3328 2440 omnes

1757 2479 1874 2536 suis
1909 2479 1962 2532 in
2004 2479 2269 2542 historiis,
2288 2479 2388 2534 sub
2420 2495 2528 2532 uno
2561 2479 2742 2548 aliquo
2774 2494 2919 2548 rege,
2947 2477 3110 2532 simul
3139 2486 3193 2531 et
3225 2477 3325 2529 Eu-

1757 2586 1902 2640 ropa:
1954 2578 2168 2639 raptum
2222 2580 2276 2625 et
2310 2569 2538 2624 Menelai
2584 2568 2968 2639 profectionem
3014 2571 3068 2623 in
3102 2568 3329 2625 Pituani-

1757 2659 1920 2726 ciam,
1970 2669 2024 2714 et
2052 2659 2212 2714 Irami
2237 2660 2416 2716 fmdus
2443 2677 2506 2715 ac
2539 2660 2853 2714 societatem
2897 2661 3190 2731 contigisse
3221 2669 3331 2716 tra-

1755 2752 1910 2816 dunt,
1959 2767 2083 2806 cum
2135 2752 2182 2806 is
2235 2751 2514 2806 Salomoni
2553 2751 2863 2806 Judzeorum
2916 2752 3026 2821 re‘gi
3067 2752 3177 2807 tilia
3215 2752 3326 2824 jam

1757 2841 2107 2895 matrimonio
2133 2841 2442 2911 conjuncta,
2463 2845 2570 2895 vim
2605 2842 2824 2911 insuper
2853 2842 3031 2897 omnis
3059 2842 3326 2912 lignorum

1756 2932 1969 3001 generis
2000 2934 2293 2986 maximam
2322 2934 2386 2986 ad
2418 2932 2676 3002 templum
2713 2933 3086 2987 azditicandum
3137 2943 3330 3002 sponte

1756 3024 1978 3079 donavit
2015 3045 2028 3079 :
2063 3042 2294 3095 quarum
2351 3025 2511 3079 etiam
2551 3041 2732 3080 rerum
2764 3023 3054 3079 Menander
3081 3025 3169 3080 ille
3197 3023 3327 3079 Per-

1757 3129 2020 3180 gamenus
2050 3115 2165 3168 suis
2191 3115 2511 3168 memoriam
2552 3113 2768 3183 scriptis
2795 3113 3153 3184 consignavit.
3208 3112 3326 3168 Jam

1756 3202 1915 3258 Irami
1964 3212 2202 3274 tempora
2251 3220 2358 3259 non
2410 3204 2567 3272 longe
2598 3220 2627 3257 a
2655 3202 2908 3273 Trojanis
2941 3203 3162 3267 absunt,
3205 3219 3328 3257 cum

1757 3307 1934 3351 tamen
1968 3296 2221 3352 Salomon
2260 3296 2503 3367 ejusdem
2531 3297 2966 3366 :equalis,multo
2992 3294 3153 3350 fuerit
3182 3293 3330 3350 Mose

1753 3392 2039 3462 posterior.
2070 3391 2445 3462 Egyptiorum
2478 3391 2710 3462 denique
2739 3389 3135 3454 commentarii,
3169 3404 3330 3444 aecu-

1756 3493 1870 3539 rate
1905 3484 1958 3538 in
1992 3483 2180 3553 primis
2206 3497 2270 3538 ac
2296 3483 2581 3553 diligenter
2611 3483 2874 3538 elaborati
2899 3490 3047 3536 sunt.
3082 3480 3327 3549 Quorum

1754 3592 1785 3632 e
1820 3592 2050 3631 numero
2071 3617 2085 3642 ,
2115 3576 2415 3630 litterarum
2453 3590 2676 3630 suarum
2713 3575 2978 3643 interpres
3005 3571 3330 3645 Ptolemaeus

1755 3669 1893 3734 fuit,
1943 3686 2048 3724 non
2089 3686 2183 3725 rex
2229 3669 2316 3723 ille
2361 3669 2612 3739 quidem,
2663 3667 2756 3722 sed
2809 3665 3065 3721 sacerdos
3106 3661 3320 3718 Mende-

1756 3772 1866 3818 tus.
1904 3764 1954 3817 Is
1980 3764 2032 3816 in
2066 3779 2244 3833 regum
2279 3761 2651 3833 zEgyptiorum
2689 3759 2932 3814 Historia
2955 3799 2972 3825 ,
3013 3757 3114 3813 sub
3141 3756 3326 3811 Amosi

1755 3871 1900 3924 rege,
1956 3855 2201 3924 duceque
2248 3852 2417 3915 Mose.
2474 3852 2692 3909 Judaaos
2738 3865 3063 3921 quocunque
3116 3848 3327 3903 libitum

1757 3946 1971 4013 fuisset,
2001 3962 2064 4001 ex
2103 3945 2336 4016 [Egypto
2364 3943 2636 4014 profectos
2667 3959 2788 3998 esse
2822 3950 3069 3996 testatur.
3099 3939 3326 3994 Amosin

1757 4050 1936 4094 autem
1987 4040 2136 4093 illum
2189 4036 2373 4091 Inachi
2421 4035 2758 4105 temporibus
2805 4047 3059 4102 regnasse
3091 4038 3325 4086 constat.

1755 4131 2102 4185 l’tolcmmum
2154 4131 2400 4199 sequitur
2447 4128 2621 4198 Apion
2663 4128 3079 4195 grammaticus,
3138 4123 3329 4178 claris-

1758 4223 1879 4277 simi
1909 4221 1991 4275 vir
2019 4219 2279 4286 nominis,
2302 4220 2392 4290 qui
2429 4220 2566 4274 libro
2590 4218 3030 4288 zEgyptiacarum
3058 4214 3326 4269 Historia-

1758 4330 1874 4366 rum
1908 4323 2123 4383 quarto,
2174 4312 2414 4382 quinque
2462 4312 2603 4365 enim
2634 4326 2700 4366 eo
2727 4318 3046 4380 argumento
3086 4308 3324 4377 scripsit,

1757 4421 1880 4459 cum
1930 4405 2037 4459 alia
2084 4405 2374 4474 pleraque,
2407 4413 2518 4457 tum
2563 4403 2666 4456 hoc
2711 4402 2764 4456 in
2810 4400 2999 4470 primis
3034 4399 3222 4464 docet,
3257 4399 3326 4452 ab

1759 4495 1945 4549 Διιοεί
1987 4512 2232 4550 eversam
2258 4495 2477 4550 Avarim
2523 4491 2708 4556 fuisse,
2757 4492 3113 4559 cumdemque
3142 4489 3325 4556 Argivi

1762 4586 1940 4641 Inachi
1993 4587 2196 4640 vixisse
2248 4584 2603 4655 temporibus,
2658 4582 2822 4654 494
2874 4582 2949 4636 uti
3004 4579 3326 4635 Ptolemaeus

1759 4675 2067 4730 Mendesius
2120 4677 2234 4731 suis
2298 4675 2354 4729 in
2403 4673 2695 4728 Annalibus
2754 4680 3008 4726 testatum
3088 4670 3323 4740 reliquit.

1761 4765 1916 4832 Quod
1944 4766 1988 4820 si
2019 4767 2088 4820 ab
2114 4765 2314 4821 Inacho
2347 4765 2413 4820 ad
2454 4774 2672 4836 captum
2715 4763 2869 4817 Ilium
2897 4771 3200 4832 temporum
3236 4777 3324 4818 se-

1761 4860 1895 4914 riem
1957 4859 2156 4914 ducere
2204 4858 2461 4924 volueris,
2513 4866 2696 4911 aetates
2750 4854 2940 4924 viginti
2992 4853 3324 4909 numerabis.

1760 4950 1935 5021 Atque
1982 4951 2147 5021 hujus
2192 4949 2624 5005 demonstrandae
2655 4945 2895 5000 veritatis
2926 4954 3172 5015 prompta
3214 4944 3327 4998 haec

1761 5053 1814 5098 et
1863 5044 2125 5115 explicata
2176 5041 2314 5097 ratio
2359 5053 2458 5096 est.
2514 5043 2672 5110 Argis
2712 5042 2838 5096 olim
2870 5047 3205 5110 regnarunt,
3233 5037 3326 5107 qui

1832 5177 1944 5242 (85)
1983 5178 2087 5242 Εἰς
2119 5175 2267 5242 ἅπερ
2314 5175 2534 5242 ἤθελον
2559 5176 2761 5242 χωρία.
2794 5171 3033 5238 Tatian.,
3077 5172 3158 5234 είς
3185 5172 3327 5241 ἅπερ

1760 5243 1945 5318 ἦλθον,
1973 5247 2115 5318 quod
2158 5245 2554 5318 magisprobo.

1833 5318 1940 5389 (86)
1981 5311 2147 5385 λέγει
2179 5311 2487 5389 caesisq.
2508 5316 2617 5389 Aut
2647 5313 3001 5389 expungenda
3029 5313 3141 5389 haec
3163 5311 3326 5389 verba

1762 5382 1888 5442 sunt
1907 5382 2033 5448 {aut
2060 5382 2262 5440 resecta
2289 5385 2557 5439 Ptolemaei
2585 5382 2874 5443 oratioest,
2892 5385 3048 5450 cujus
3075 5382 3328 5450 fortassis

1761 5459 1972 5512 initium
2007 5455 2201 5519 fuerit,
2234 5457 2377 5522 quod
2408 5455 2673 5522 sequitur.
2703 5453 2829 5523 ὁδε
2851 5449 3117 5523 Ἀμωσις.
3153 5449 3324 5523 Equis

1761 5530 1880 5583 dem
1907 5526 2141 5595 expungi
2171 5520 2353 5578 malim
2377 5539 2389 5574 :
2410 5520 2555 5591 quod
2571 5525 2713 5595 enim
2737 5520 2975 5595 Moysen:
3013 5523 3114 5575 sub
3137 5520 3324 5595 ᾼιιιοεὶ

1762 5590 2123 5659 constituens:
2156 5590 2572 5663 :equalern’eum
2613 5593 2809 5646 inacho
2840 5592 3102 5648 Tatianus
3137 5590 3322 5647 faciat.

1761 5668 1963 5721 erroris
2003 5666 2146 5719 illius
2181 5673 2263 5717 est
2294 5665 2496 5731 pridem
2541 5663 2853 5729 inveterati,
2904 5680 3063 5733 quem
3119 5664 3328 5730 primus

1762 5738 1975 5792 sustulit
2012 5735 2294 5789 Ιοῖιιδυιιὶιιδ.
