3840 6370
555 351 661 407 8'23

1206 353 1471 410 EUSEBll
1513 353 1992 410 (ΣᾹΞΞΑΒΙΕΝδιδ
2025 355 2113 409 ΟΡ

2222 353 2398 409 PARS
2435 355 2500 409 ll.
2541 385 2607 395 --
2643 353 3143 410 APOLOGETICA.
3650 361 3731 414 823

553 481 856 542 sequuntur
881 493 892 526 :
925 472 1177 540 Inachus,
1206 458 1546 539 Phoroneus,
1567 477 2116 547 Apis,Argius,Cria-

2227 476 2544 530 καιδέκατον
2577 475 2695 538 ἔτος
2725 476 2824 544 τῆς
2853 475 3127 546 βασιλείας
3158 474 3317 527 Ἴλιον
3345 474 3501 527 ἑάλω.
3533 476 3630 527 Καὶ
3656 481 3735 549 χρὴ

552 581 666 630 sus,
698 563 961 632 Phorbas,
995 566 1256 635 Triopas,
1293 566 1593 636 Crmopus,
1633 569 1978 631 Sthenelaus,
2013 568 2118 621 Da-

551 671 708 722 naus,
740 653 1008 727 Lynceus,
1052 655 1215 721 Abas,
1262 655 1499 723 Proetus,
1554 659 1817 723 Acrisius,
1864 657 2117 722 Perseus,

552 745 908 818 Eurystheus,
958 747 1176 813 Atreus,
1212 747 1490 817 Thyestes,
1521 751 1915 820 Agamemnon,
1959 751 2119 820 cujus

551 854 696 892 anno
722 839 934 894 decimo
954 848 1146 894 octavo
1173 842 1335 910 Troja
1366 852 1520 911 capta
1550 854 1652 896 est.
1683 843 1858 911 Atque
1886 843 1974 896 hic
2001 859 2121 911 pru-

548 929 696 982 denti
730 939 782 983 et
811 929 1092 1000 ingenioso
1119 931 1306 986 lectori
1332 933 1616 1002 diligenter
1645 933 1696 986 in
1719 933 1907 1002 primis
1926 934 2117 988 obser-

548 1021 784 1073 vandum
811 1022 913 1075 erit
936 1062 950 1086 ,
986 1023 1068 1074 vel
1103 1037 1167 1075 ex
1201 1023 1314 1090 ipsa
1351 1024 1660 1077 Graecorum
1700 1024 1980 1078 hominum
2012 1033 2120 1079 tra-

548 1111 752 1167 ditione
784 1122 1054 1177 constare,
1075 1114 1276 1168 nullam
1301 1121 1416 1169 tum
1444 1118 1584 1186 apud
1617 1117 1738 1172 illos
1762 1119 2115 1187 perseriptam

548 1208 727 1262 adhuc
755 1207 1039 1263 historiam
1070 1209 1262 1265 fuisse.
1297 1208 1544 1280 Namqui
1566 1211 1866 1265 litterarum
1886 1211 2117 1266 formam

548 1297 681 1368 ipsis
707 1307 761 1353 et
787 1298 1055 1354 rationem
1101 1301 1321 1356 tradidit
1348 1302 1608 1368 Cadmus,
1642 1318 1748 1357 non
1781 1302 1887 1357 nisi
1933 1303 2118 1358 multis

549 1394 671 1454 post
695 1388 945 1443 aetatibus
977 1389 1221 1458 pervenit
1256 1391 1310 1445 in
1349 1391 1635 1448 Boaotiam.
1701 1391 1834 1448 Post
1861 1393 2116 1448 Inachum

546 1493 695 1546 vero,
743 1478 1013 1536 Phoronei
1041 1482 1204 1537 ductu
1238 1492 1401 1551 atque
1457 1485 1733 1554 auspiciis,
1771 1485 2017 1541 homines
2049 1487 2118 1541 ab

547 1569 723 1626 ferino
747 1587 994 1643 vagoque
1020 1575 1141 1628 vita:
1165 1590 1359 1644 genere
1389 1575 1455 1630 ad
1485 1575 1861 1632 humaniorem
1893 1593 1957 1633 ac
1983 1579 2117 1633 libe-

548 1662 801 1716 raliorem
863 1667 1066 1720 cultum
1125 1667 1214 1720 vix
1269 1667 1488 1722 tandem
1546 1669 1839 1738 aliquando
1887 1671 2115 1727 traducti

548 1759 695 1806 sunt.
760 1752 940 1819 Quare
969 1756 1013 1809 si
1043 1753 1245 1810 Mosem
1295 1755 1496 1811 Inacho
1525 1758 1787 1828 aequalem
1822 1757 1993 1815 fuisse
2023 1763 2118 1816 lia-

549 1843 816 1911 bebimus,
862 1847 1002 1901 idem
1035 1847 1268 1918 Trojana
1309 1858 1555 1920 tempora
1581 1853 1990 1921 quadringentis
2019 1871 2117 1909 an-

547 1937 848 2001 tecesserit,
878 1953 1099 1994 necesse
1125 1950 1227 1994 est.
1274 1940 1331 1995 ld
1360 1957 1488 1996 vero
1517 1943 1805 2000 manifeste
1833 1962 1898 2000 ex
1929 1962 2114 2015 regum

549 2043 656 2082 non
696 2030 996 2085 Atticorum
1033 2033 1230 2100 modo,
1283 2035 1375 2089 sed
1407 2036 1570 2090 etiam
1623 2035 2114 2104 Macedonicorum,

546 2120 1000 2177 Ptolemaieorum
1046 2132 1099 2178 et
1120 2123 1582 2180 Antiochenorum
1619 2131 1963 2184 successione
1987 2145 2119 2184 con-

549 2213 750 2268 ﬁcitur.
788 2212 940 2268 Unde
961 2215 1090 2269 illud
1111 2216 1274 2270 etiam
1297 2217 1540 2286 colligas,
1566 2218 1610 2272 si
1640 2219 1944 2273 clarissima
1972 2235 2119 2288 quaa-

547 2319 653 2372 que
685 2302 995 2360 Graecorum
1027 2307 1129 2361 sub
1161 2307 1344 2362 Inachi
1391 2317 1602 2378 tempus
1631 2319 1685 2363 et
1716 2311 1933 2379 scriptis
1964 2327 2118 2366 man-

547 2394 686 2460 dari,
712 2406 765 2451 et
791 2397 845 2450 in
875 2398 1154 2452 hominum
1187 2400 1497 2470 cognitione
1547 2402 1752 2456 versari
1794 2417 2026 2472 coepere,
2065 2404 2118 2457 id

548 2487 724 2556 ipsum
759 2489 959 2558 pariter
992 2491 1094 2545 sub
1137 2490 1304 2547 Mosis
1344 2501 1558 2547 aetatem
1607 2495 1920 2565 contigisse.
1981 2493 2116 2549 Nam

546 2578 852 2647 Phoroneo,
895 2581 986 2650 qui
1039 2590 1163 2651 post
1209 2581 1465 2638 biaclium
1511 2584 1779 2654 regnavit,
1829 2601 2116 2656 supparem

545 2670 904 2727 Athenienses
932 2672 1166 2744 Dgygem
1199 2674 1440 2740 faciunt,
1490 2678 1592 2730 sub
1623 2692 1732 2745 quo
1762 2677 1996 2748 primum
2031 2681 2114 2734 di--

543 2762 752 2818 luvium
779 2764 1005 2831 accidit;
1063 2775 1176 2819 tum
1207 2765 1504 2820 Phorbanti
1535 2767 1796 2834 Actazum,
1827 2784 1858 2823 a
1888 2785 1996 2839 quo
2019 2769 2116 2824 At-

546 2856 652 2910 tica
695 2855 888 2912 Actaeae
920 2872 1114 2911 nomen
1147 2859 1395 2913 habuerit
1442 2878 1456 2914 :
1509 2858 1722 2930 Triopaa
1750 2861 1943 2916 deinde
1986 2860 2120 2915 Pro-

549 2946 845 3013 metheum,
874 2947 1272 3016 Epimetheum,
1305 2950 1598 3014 Atlantem,
1617 2952 1889 3021 geminum
1919 2953 2118 3008 Cecro-

544 3055 690 3110 pem,
717 3050 769 3095 et
793 3042 865 3096 lo.
929 3043 1008 3097 Ad
1038 3042 1255 3112 Crotopi
1284 3059 1457 3098 awum
1500 3053 1554 3099 et
1581 3043 1898 3099 Phaetontis
1926 3044 2117 3099 incen-

547 3134 722 3201 dium,
754 3145 808 3189 et
841 3135 1180 3190 Deucalionis
1208 3135 1475 3190 diluvium.
1504 3135 1746 3190 referunt
1773 3154 1786 3190 :
1812 3151 1934 3190 cum
1959 3136 2118 3191 Slhe-
2143 3158 2186 3212 ρ

547 3226 727 3292 nelao,
770 3227 1182 3297 Amphictyonis
1208 3242 1454 3296 regnum,
1503 3224 1670 3279 Danai
1701 3227 1753 3280 in
1784 3225 2118 3296 Peloponne-

548 3332 670 3374 sum
705 3317 1018 3382 adventum,
1068 3316 1342 3371 conditam
1378 3332 1408 3370 a
1459 3315 1707 3370 Dardano
1767 3315 2114 3378 Dardaniam,

547 3417 604 3463 et
632 3406 860 3474 Europa:
906 3421 971 3460 ex
1018 3405 1297 3460 Phoenicia
1342 3403 1776 3473 deportationem
1810 3403 1863 3456 in
1899 3402 2114 3457 Cretam

550 3500 806 3568 temporis
840 3497 1095 3552 societate
1144 3496 1500 3566 conjungunt.
1562 3494 1675 3550 Sub
1705 3494 1950 3566 Lynceo,
1983 3494 2118 3550 Pro-

549 3591 776 3661 serpinre
823 3600 1058 3659 raptum,
1117 3587 1389 3659 Eleusynii
1425 3587 1637 3642 delubri
1681 3586 2115 3652 mdiﬁcationem,

548 3681 938 3750 agriculturam
992 3681 1341 3752 Triptolemi,
1375 3680 1565 3734 Cadmi
1609 3680 1918 3735 Thebanam
1950 3680 2006 3733 in
2036 3680 2115 3733 ci-

546 3771 770 3824 vitatem
825 3771 1137 3834 adventum,
1193 3779 1247 3825 et
1294 3770 1490 3825 Minois
1553 3786 1777 3840 regnum
1826 3769 2113 3825 collocant.

548 3865 627 3917 Ad
657 3862 898 3919 Proetum
923 3863 1170 3933 Eumolpi
1207 3863 1401 3918 bellum
1425 3863 1687 3917 adversus
1713 3862 2072 3917 Athenienses
2098 3879 2113 3928 ;

549 3956 614 4009 ad
653 3953 927 4009 Acrisium
957 3955 1172 4025 Pelopis
1204 3954 1572 4026 traiectionem
1607 3971 1673 4009 ex
1719 3953 1984 4026 Phrygia,
2028 3953 2113 4009 lo-

548 4047 636 4102 nis
659 4045 898 4102 Athenas
917 4047 1227 4111 adventum,
1250 4047 1542 4116 Cecropem
1563 4047 1792 4101 alterum
1819 4047 2112 4115 jnniorem,

549 4133 841 4214 Perseique
883 4152 972 4191 res
998 4146 1176 4206 gestas
1214 4146 1490 4192 revocant.
1550 4136 1832 4191 Postremo
1861 4146 2116 4207 regnante

551 4229 954 4310 Agamemnone
987 4239 1202 4298 captum
1237 4238 1321 4284 est
1346 4229 1523 4284 Ilium.
1555 4228 1717 4300 495
1749 4227 1889 4299 Ergo
1925 4245 1989 4283 ex
2021 4245 2115 4284 su-

550 4320 881 4392 perioribus,
932 4319 1170 4387 Mosem,
1221 4321 1499 4385 heroibus,
1549 4320 1878 4385 civitatibus,
1915 4335 1980 4374 ac
2008 4319 2116 4374 da:-

550 4413 804 4468 monibus
829 4412 960 4481 ipsis
993 4414 1353 4481 antiquiorem
1381 4412 1568 4477 fuisse,
1601 4412 1887 4466 manifesto
1917 4411 2112 4466 intelli-

2221 568 2310 620 τὸν
2335 567 2558 636 νουνεχῆ
2586 567 2819 620 συνιέναι
2845 568 2980 636 μετὰ
3006 566 3185 636 πάσης
3210 565 3508 636 ἀκριϐείας,
3534 566 3606 618 ὅτι
3629 571 3738 621 κατά

2220 660 2317 730 τὴν
2356 659 2464 712 τῶν
2497 660 2764 730 Ἑλλήνων
2807 658 3104 728 παράδοσιν
3146 657 3254 710 οὐδ’
3309 658 3543 728 ἱστορίας
3583 676 3653 722 τις
3689 656 3738 729 ἧν

2221 755 2350 823 παρ’
2379 753 2561 816 αὐτοῖς
2606 753 2916 823 ἀναγραφή.
2961 752 3181 821 Κάδμος
3219 750 3346 820 γὰρ,
3394 751 3421 802 ὁ
3454 750 3518 803 τὰ
3548 757 3738 821 στοιχεῖα

2219 847 2331 908 τοῖς
2380 843 2796 915 προειρημένοις
2841 842 3135 914 παραδοὺς,
3179 841 3314 911 μετὰ
3355 841 3546 905 πολλὰς
3589 844 3738 910 γενεὰς

2219 936 2316 1005 τῆς
2339 936 2598 997 Βοιωτίας
2637 935 2830 1006 ἐπέϐη.
2863 933 3018 989 Μετὰ
3045 934 3101 988 δὲ
3129 936 3339 1003 Ἴναχον
3373 933 3476 986 ὑπὸ
3500 935 3739 1003 Φορωνέως

2223 1029 2377 1098 μόλις
2414 1028 2506 1081 τοῦ
2553 1027 2847 1100 θηριώδους
2890 1027 3001 1097 βίου
3055 1029 3149 1080 καὶ
3193 1027 3426 1096 νομάδος
3473 1030 3737 1098 περιγραφὴ

2219 1119 2448 1187 γέγονε,
2504 1117 2987 1189 μετεκοσμήοησάν
3031 1135 3090 1170 τε
3144 1119 3194 1172 οἱ
3241 1118 3534 1188 ἄνθρωποι.
3583 1121 3740 1189 Διόπερ

2218 1210 2268 1262 εἰ
2301 1211 2441 1263 κατὰ
2501 1211 2709 1280 Ἴναχον
2757 1211 2996 1280 πέφηνεν
3045 1211 3073 1262 ὁ
3107 1211 3312 1281 Μωσῆς
3350 1209 3600 1278 γεγονὼς,
3643 1229 3740 1284 πρε-

2221 1301 2480 1372 σϐύτερός
2508 1301 2624 1353 ἐστι
2652 1299 2759 1354 τῶν
2789 1299 3031 1354 Ἰλιακῶν
3047 1299 3192 1353 ἔτεσι
3208 1301 3590 1372 τετρακοσίοις.
3617 1303 3739 1354 Ἀποο

2215 1393 2489 1446 δείκνυται
2509 1392 2566 1446 δὲ
2581 1391 2725 1444 τοῦθ’
2746 1391 2916 1456 οὕτως
2936 1391 3055 1461 ἔχον
3076 1393 3183 1445 ἀπό
3202 1410 3261 1445 τε
3279 1393 3381 1463 τῆς
3397 1392 3504 1445 τῶν
3531 1393 3740 1446 Ἀττικῶν

2221 1484 2486 1555 βασιλέων
2527 1483 2792 1554 διαδοχῆς,
2820 1483 3208 1536 Μακεδονικῶν
3263 1501 3326 1536 τε
3367 1485 3461 1536 καὶ
3487 1485 3738 1554 Πτολεμαῖ-

2217 1574 2351 1638 κῶν,
2379 1575 2458 1628 ἔτι
2483 1576 2540 1629 δὲ
2563 1575 2657 1629 καὶ
2689 1575 3055 1644 Ἀντιοχικῶν.
3093 1575 3254 1629 Ὅθεν
3279 1577 3328 1628 εί
3361 1575 3500 1628 κατὰ
3524 1576 3606 1627 τὸν
3635 1577 3740 1628 Ἴνα-

2217 1683 2310 1736 χον
2331 1665 2538 1737 (87-88)
2572 1667 2628 1718 αἱ
2673 1665 3086 1735 διαφανέστατοι
3124 1665 3355 1736 πράξεις
3388 1667 3516 1736 παρ’
3540 1665 3740 1736 Ἕλλησιν

2219 1758 2536 1830 ὲγρὰφτισάν
2560 1775 2619 1810 τε
2653 1758 2748 1811 καὶ
2783 1757 3163 1827 γινώσκονται,
3213 1757 3391 1828 δῆλον,
3424 1757 3498 1819 ὡς
3526 1758 3610 1810 καὶ
3639 1757 3740 1826 μετὰ

2221 1850 2445 1905 Μωσέα.
2499 1849 2679 1902 Κατὰν
2705 1849 2800 1919 μὲν
2839 1849 2949 1921 γὰρ
2988 1849 3240 1921 Φορωνέα
3278 1847 3372 1901 τὸν
3435 1848 3548 1918 μετ’
3572 1849 3740 1916 Ἴναχον

2224 1938 2619 2011 μνημονεύεται
2643 1940 2771 2009 παρ’
2799 1938 3100 2009 Ἀθηναίοις
3119 1939 3380 2007 Ὠγυγος,
3416 1939 3498 2004 ἐφ’
3529 1928 3585 1988 οὗ
3611 1953 3735 1988 κατα-

2221 2030 2457 2102 κλυσμὸς
2473 2033 2501 2084 ὁ
2524 2032 2752 2102 πρῶτος·
2780 2030 2918 2084 κατὰ
2946 2031 3002 2082 δὲ
3022 2030 3301 2101 Φόρϐαντα
3338 2030 3592 2091 Ἀκταῖος,
3608 2029 3682 2096 ἀφ’
3698 2024 3741 2081 οὗ

2234 2118 2462 2174 Ἀκταία
2497 2120 2530 2189 ἡ
2556 2119 2795 2189 Ἀττική·
2835 2117 2976 2171 κατὰ
3000 2118 3055 2169 δὲ
3091 2119 3335 2188 Τριόπαν
3357 2117 3657 2189 Προμηθεὺς
3673 2119 3742 2168 καὶ

2233 2207 2582 2280 Ἐπιμηθεὺς,
2618 2209 2712 2262 καὶ
2735 2208 2953 2271 Ἄτλας,
2986 2210 3080 2260 καὶ
3107 2211 3134 2261 ὁ
3158 2208 3358 2278 διφυὴς
3381 2207 3614 2279 Κέκροψ,
3631 2208 3740 2273 καὶὴ

2233 2300 2316 2354 ’Ῑὼ
2334 2319 2346 2332 °
2381 2303 2523 2356 κατὰ
2551 2302 2609 2354 δὲ
2625 2305 2670 2355 Κ
2680 2303 2920 2374 ροτωπὸν
2998 2303 3090 2354 ἐπὶ
3121 2300 3424 2365 Φαέθοντος
3459 2301 3738 2370 ἐκπύρωσις,

2219 2395 2313 2447 καὶ
2341 2396 2373 2464 ἠ
2403 2394 2496 2446 ἐπὶ
2514 2394 2882 2458 Δευκαλίωνος
2909 2393 3183 2464 έπομϐρία
3204 2409 3217 2424 ·
3244 2393 3392 2446 κατὰ
3420 2392 3475 2445 δὲ
3500 2389 3740 2444 Σθενέλαον

2218 2484 2252 2554 ἦ
2283 2501 2341 2537 τε
2368 2483 2458 2536 τοῦ
2499 2483 2887 2554 Ἀμφικτύονος
2927 2482 3190 2554 βασιλεία,
3226 2484 3324 2535 καὶ
3356 2484 3389 2552 ἡ
3427 2483 3504 2543 είς
3525 2478 3742 2533 Πελοπόν-

2218 2591 2380 2645 νησον
2422 2575 2629 2630 Δαναοῦ
2677 2575 2948 2646 παρουσία
2972 2615 2986 2639 ,
3038 2575 3132 2628 καὶ
3178 2575 3210 2644 ἡ
3246 2574 3357 2626 ὑπὸ
3398 2571 3651 2644 Δαρδάνου
3667 2570 3739 2638 τῆς

2219 2664 2512 2734 Δαρδανίας
2560 2664 2770 2728 κτίσις,
2817 2664 2852 2734 ἦ
2885 2681 2945 2715 τε
2995 2664 3060 2716 ἐκ
3097 2662 3354 2733 Φοινίκης
3399 2663 3498 2732 τῆς
3523 2658 3741 2731 Εὐρώπης

2219 2757 2298 2819 εἰς
2339 2755 2436 2826 τὴν
2466 2757 2691 2826 Κρήτην
2741 2753 3041 2825 ἀνακομιδή
3066 2771 3081 2786 ο
3142 2752 3285 2808 κατὰ
3333 2753 3392 2806 δὲ
3433 2751 3632 2820 Λυγκέα
3670 2748 3740 2814 τῆς

2219 2847 2403 2919 Κόρης
2446 2847 2481 2916 ἡ
2515 2847 2759 2918 ἁρπαγὴ,
2806 2847 2897 2899 καὶ
2940 2845 3094 2916 ήτοῦ
3129 2845 3185 2896 ὲν
3228 2844 3494 2896 Ἐλευσῖνι
3534 2841 3741 2911 τεμένους

2220 2937 2553 3008 καθίδρυσις,
2579 2939 2672 2991 καὶ
2701 2941 2732 3008 ἡ
2759 2935 3135 3008 Τριπτολέμου
3179 2937 3459 3007 γεωργία,
3499 2937 3585 2988 καὶ
3613 2934 3743 3003 ί)Κά-

2217 3032 2352 3104 δμου
2381 3034 2460 3096 εἰς
2487 3031 2666 3103 Θήϐας
2699 3030 2986 3100 παρουσία,
3012 3029 3224 3091 Μίνωός
3251 3046 3316 3081 τε
3348 3028 3585 3099 βασιλεία
3603 3044 3615 3057 ·
3637 3024 3742 3079 κατὰ

2218 3121 2276 3174 δὲ
2306 3123 2551 3193 Προῖτον,
2598 3125 2627 3174 ὁ
2651 3121 2938 3192 Εὐμόλπου
2988 3121 3125 3191 πρὸς
3161 3120 3480 3190 Ἀθηναίους
3525 3118 3740 3187 πόλεμπ·

2220 3215 2361 3270 κατὰ
2406 3215 2463 3268 δὲ
2500 3215 2790 3286 Ἀκρίσιον,
2828 3213 3066 3277 Πέλοπος
3112 3213 3220 3266 ἀπὸ
3250 3213 3495 3284 Φρυγίας
3527 3210 3742 3269 διάϐασις,

2219 3309 2312 3362 καὶ
2354 3309 2536 3369 Ἴωνος
2580 3308 2655 3369 είς,
2704 3306 2802 3368 τὰς
2854 3306 3082 3375 Ἀθήνας
3105 3305 3309 3373 ἄφιξις,
3339 3306 3439 3357 καὶ
3482 3305 3510 3355 ὁ
3545 3303 3744 3371 δεύτερος

2219 3399 2459 3470 Κέκροψ,
2489 3398 2628 3451 αἵτε
2656 3397 2906 3468 Περσέως
2949 3395 3173 3468 πράξεις
3191 3413 3205 3426 ο
3243 3396 3389 3449 κατὰ
3424 3396 3480 3448 δὲ
3509 3394 3598 3465 τὴν
3626 3393 3746 3458 Ἀγα-

2223 3492 2482 3563 μέμνονος
2547 3489 2821 3560 βασιλείαν
2879 3487 3038 3541 Ἴλιον
3084 3487 3244 3541 ἑάλω.
3296 3487 3508 3540 Οὐκοῦν
3556 3484 3746 3552 πέφηνεν

2219 3585 2247 3636 ὁ
2275 3581 2479 3650 Μωσῆς
2524 3580 2630 3633 ἀπό
2693 3595 2756 3648 γε
2803 3578 2912 3630 τῶν
2957 3577 3374 3648 προειρημένων
3429 3574 3744 3648 πρεσϐύ-τατπ

2219 3672 2432 3745 ἡρώων,
2470 3670 2696 3734 πόλεων,
2723 3669 3008 3740 δαιμόνων.
3045 3670 3153 3723 Καὶ
3179 3669 3284 3740 χρὴ
3323 3668 3406 3739 τῷ
3440 3666 3743 3740 πρεσϐεύοντι

2219 3764 2362 3820 κατὰ
2402 3762 2743 3835 τὴνὴλικίαν
2779 3760 3053 3819 πιστεύειν
3104 3760 3302 3830 μᾶλλον
3347 3761 3496 3830 ἦπερ
3534 3761 3635 3819 τοῖς
3664 3754 3743 3808 ἀπὸ

2221 3855 2404 3928 πηγῆς
2449 3854 2810 3926 ἀρυσαμένοις
2859 3851 3143 3922 Ἕλλησιν,
3194 3852 3255 3905 ού
3300 3853 3426 3903 κατ’
3479 3849 3744 3916 ἐπίγνωσιν.

2219 3947 2468 4002 τάκείνου
2509 3947 2770 4017 δόγματα.
2823 3944 3014 3998 Πολλοὶ
3064 3943 3172 4015 γὰρ
3213 3944 3263 3995 oi
3300 3943 3425 3996 κατ’
3469 3941 3644 4002 αὐτοὺς
3680 3954 3742 3989 σο-

2219 4043 2404 4111 φισταὶ
2425 4041 2753 4113 κεχρημένοι
2787 4039 3096 4112 περιεργίᾳ,
3131 4040 3178 4092 οἳ
3209 4039 3308 4092 ὃσα
3335 4039 3492 4111 παρὰ
3515 4037 3614 4090 τῶν
3636 4032 3743 4086 κατὰ

2220 4135 2425 4190 Μωσέα
2467 4136 2561 4188 καὶ
2588 4133 2695 4185 τῶν
2753 4133 2953 4197 ὁμοίιος
2979 4130 3128 4201 αὐτῷ
3161 4130 3586 4199 φιλοσοφούντων
3615 4126 3742 4193 ἔγνω-

2221 4245 2339 4289 σαν,
2391 4225 2829 4298 παραχαράττειν
2869 4222 3271 4293 ἐπειράθησαν·
3315 4222 3530 4293 πρῶτον
3562 4219 3646 4290 μὲν
3679 4216 3742 4266 ἶνα

2217 4338 2270 4374 τι
2307 4320 2485 4387 λέγειν
2509 4321 2638 4373 ἴδιον
2680 4317 3005 4389 νομισθῶσι,
3050 4317 3298 4385 δεύτερον
3337 4315 3384 4368 δ’
3411 4317 3552 4376 ὅπως
3587 4310 3646 4363 τὰ
3669 4310 3742 4361 ὅσα

2224 4411 2297 4482 μὴ
2331 4410 2602 4474 συνίεσαν,
2635 4409 2724 4462 διά
2755 4425 2899 4471 τινος
2944 4407 3276 4460 ὲπιπλάστου
3321 4403 3627 4475 ρητολογίας
3663 4415 3740 4449 m-

550 4504 712 4575 gitur.
750 4503 944 4558 Verius
971 4516 1148 4559 autem
1179 4502 1420 4574 profecto
1446 4514 1547 4570 est,
1572 4504 1779 4558 homini
1813 4511 1970 4556 :etate
1993 4503 2113 4570 plu-

2228 4503 2684 4576 ρακαλύπτοντες,
2735 4501 2812 4565 ὡς
2865 4500 3189 4572 μυθολογίαν
3233 4499 3344 4570 (89)
3395 4500 3492 4570 τὴν
3539 4494 3742 4564 ἀλήθειαν

550 4597 750 4649 rimum
773 4605 1086 4666 antegresso
1111 4595 1268 4649 ﬁdem
1304 4595 1524 4661 habere,
1560 4610 1724 4663 quam
1750 4592 1973 4654 Graecis.
2021 4592 2114 4661 qui

549 4687 670 4756 ejus
700 4688 954 4758 dogmata
983 4697 1040 4742 ut
1069 4703 1134 4741 ex
1165 4687 1395 4756 ipsomet
1423 4686 1570 4741 fonte
1594 4686 1903 4750 hauserint,
1935 4686 2116 4740 minus

549 4791 732 4837 tamen
776 4795 918 4837 verae
963 4780 1202 4836 scientia:
1243 4780 1464 4833 ductum
1507 4777 1676 4833 seculi
1709 4785 1853 4830 sunt.
1922 4775 2119 4845 Sophi-

551 4885 666 4927 stas
709 4873 854 4927 enim
883 4870 1180 4942 permultos
1211 4869 1466 4932 habuere,
1521 4866 1613 4936 qui
1667 4866 1970 4922 curiositati
2005 4879 2117 4919 sua:

551 4965 832 5030 obsecuti,
876 4978 1213 5034 quaecunque
1262 4962 1345 5016 vel
1395 4976 1424 5014 a
1474 4959 1661 5024 Mose,
1707 4960 1788 5012 vel
1822 4959 1890 5011 ab
1922 4957 2116 5012 similis

551 5056 908 5127 philosophiae
959 5055 1357 5126 professoribus
1409 5061 1749 5122 acceperant,
1811 5049 2118 5104 adulterare

553 5149 736 5204 omnia
771 5147 950 5203 conati
979 5155 1106 5202 sunt
1138 5165 1150 5199 :
1177 5145 1412 5215 primum
1442 5153 1502 5197 ut
1527 5141 1798 5211 singulare
1827 5137 2029 5206 aliquid
2053 5152 2116 5191 ac

553 5241 832 5311 ereprium
857 5239 1037 5295 dicere
1082 5238 1411 5298 viderentur,
1459 5232 1653 5288 deinde
1684 5239 1746 5284 ut
1789 5244 1908 5298 quae
1936 5228 2118 5282 minus

552 5341 995 5402 :tssequerentur,
1030 5345 1094 5384 ea
1121 5326 1502 5385 commentitire
1549 5323 1802 5378 dictionis
1829 5321 2007 5391 specie
2035 5322 2118 5374 in-

554 5423 836 5488 wlvendo,
885 5423 1188 5477 fabularum
1222 5423 1392 5475 instar
1417 5421 1694 5475 veritatem
1728 5417 1901 5487 ipsam
1935 5417 2117 5471 tradu-

623 5583 844 5652 (87-88)
889 5583 1046 5637 Κατὰ
1093 5583 1198 5636 τὸν
1252 5584 1501 5650 Ἴναχον.
1554 5579 1985 5652 Talian.._p.a':&
2031 5577 2118 5652 τδν

555 5658 770 5724 Ἴναχον
791 5693 805 5714 ,
823 5649 1044 5724 'rectins
1066 5695 1078 5711 .
1113 5663 1170 5705 ut
1200 5649 1452 5724 existimo
1473 5695 1486 5716 ,
1513 5653 1640 5724 quia
1680 5649 1924 5724 sequitur
1957 5649 2120 5717 paulo

554 5718 710 5796 post,
739 5724 837 5796 καὶ
879 5723 1015 5796 μετὰ
1057 5723 1274 5796 Munia.
1334 5718 1618 5796 TameISi,_
1655 5718 1778 5776 cum
1811 5718 2120 5796 Graecorum

558 5789 842 5851 historiam
875 5789 941 5845 ab
970 5791 1168 5850 Inacho
1193 5796 1300 5847 fere
1330 5793 1452 5848 duci
1486 5792 1782 5860 conﬁrmet,
1812 5789 2116 5858 utrobique,

2225 4595 2743 4668 παραϐραϐεύσωσι.
2785 4595 2921 4666 Περὶ
2956 4593 3053 4664 μὲν
3085 4589 3177 4646 οὖν
3218 4591 3320 4661 τῆς
3359 4592 3484 4645 καθ’
3514 4590 3643 4660 ἡμᾶς
3669 4601 3741 4637 πο·

2225 4689 2455 4753 λιτείας,
2503 4688 2740 4760 ἱστορίας
2787 4704 2848 4739 τε
2899 4687 2997 4756 τῆς
3034 4686 3176 4739 κατὰ
3206 4687 3331 4747 τοὺς
3362 4683 3644 4754 ἡμετέρους
3683 4673 3744 4726 νό-

2227 4799 2378 4854 μους,
2405 4783 2504 4834 ίῒσα
2529 4797 2589 4833 τε
2620 4781 2901 4851 εἰρήκασιν
2933 4779 2982 4832 oi
3021 4777 3172 4850 παρὰ
3201 4779 3312 4840 τοῖς
3345 4778 3566 4846 Ἕλλησι
3595 4773 3741 4838 λόγιοι,

2224 4874 2318 4926 καὶ
2372 4872 2562 4936 πόσοι,
2607 4871 2699 4924 καὶ
2725 4871 2868 4932 τίνες
2923 4869 3057 4922 εἰσὶν
3100 4869 3150 4920 οἱ
3197 4867 3666 4939 μνημονεύσαντες,
3701 4860 3742 4909 ἐν

2223 4963 2300 5033 τῷ
2338 4963 2474 5034 πρὸς
2501 4963 2628 5025 τοὺς
2662 4959 3110 5030 ἀποφηναμένους
3143 4958 3215 5012 τὰ
3247 4959 3375 5028 περὶ
3401 4955 3532 5010 Θεοῦ
3572 4947 3744 5019 δειχθή-

2227 5070 2407 5107 σεται·
2440 5053 2501 5106 τὸ
2526 5053 2582 5106 δὲ
2613 5051 2706 5105 νῦν
2733 5051 2874 5122 ἔχον,
2909 5049 3202 5104 σπευστέον
3237 5047 3376 5120 μετὰ
3412 5048 3586 5116 πάσης
3624 5043 3743 5108 ibi?“

2226 5143 2375 5206 ϐείας
2403 5142 2738 5212 σαφηνίζειν,
2762 5141 2837 5204 ὡς
2857 5141 2955 5210 ούχ
2981 5140 3219 5211 Ὁμήρου
3245 5139 3401 5209 μόνον
3427 5128 3743 5207 πρεσϐύτερός

2228 5237 2374 5288 ἐστιν
2409 5235 2437 5286 ὁ
2460 5234 2685 5303 Μωσῆς,
2718 5231 2803 5284 ἕτι-
2839 5231 2895 5284 δὲ
2923 5230 3015 5284 καὶ
3069 5230 3178 5283 τῶν
3205 5229 3310 5300 πρὸ
3343 5227 3507 5284 αὑτοῦ
3550 5233 3742 5290 συγ-τρί’

2232 5327 2397 5396 φέων,
2454 5325 2634 5387 Λίνου,
2683 5325 3062 5394 Φιλάμμωνος,
3113 5321 3432 5392 Θαμύριδος,
3483 5313 3740 5386 Ἀμφίονος.

2239 5419 2514 5492 Ὀρφέως,
2549 5418 2854 5482 Μουσαίου,
2889 5416 3217 5487 Δημοδόκου,
3245 5413 3470 5484 Φημίου,
3507 5403 3740 5467 Σιϐύλλης.

2230 5577 2392 5643 κατὰ,
2415 5592 2521 5631 non
2541 5573 2886 5656 incommode
2913 5573 3014 5643 legi
3034 5571 3223 5642 possit.
3243 5569 3416 5639 Atque
3444 5567 3576 5620 hanc
3602 5556 3743 5617 lectio-

2230 5665 2348 5703 nem
2383 5657 2552 5701 εεουιι
2587 5662 2796 5699 sumus.
3500 5705 3518 5711 _
3554 5702 3567 5711 _
3644 5699 3653 5711 ,

2301 5718 2409 5774 189\
2459 5717 2552 5782 Ὡς
2577 5715 2966 5784 μυθολογιάν.
3004 5711 3239 5775 Tutiam,
3269 5713 3387 5772 ταῖς
3425 5702 3740 5778 μυθολοϊίαιὲ·
