3840 6370
179 297 257 354 διδ

1269 298 1585 356 ΡΒΔΞΡΑΒ.
1627 296 1880 356 EVANG.
1922 295 2049 352 LIB.
2092 299 2158 351 Χ.

3238 300 3347 354 8‘26

175 415 446 486 Ἐπιμενίδου
473 414 558 468 τοῦ
577 417 808 487 Κρητὸς,
839 419 1091 506 ὅστιςείς
1127 419 1224 491 τὴν
1271 421 1528 492 Σπάρτην
1559 422 1665 490 ἀφ-

1768 428 1972 475 cerent.
2035 416 2238 472 Verum
2268 416 2336 472 de
2364 416 2678 488 reipublicae
2708 425 2908 472 nostra:
2935 415 3105 471 forma
3127 460 3140 484 ,
3171 418 3347 489 deque

173 511 307 571 ἔχετο,
352 508 630 577 Ἀρισταίου
680 509 774 562 τοῦ
830 513 1225 582 Προκοννησίου
1252 552 1267 575 ,
1323 514 1418 566 καὶ
1464 513 1559 567 τοῦ
1593 513 1660 567 τὰ

181 594 485 666 Ἀριμάσπεια
523 597 959 667 συγ-γράψαντος,
1007 599 1258 654 Ἀσϐόλου
1293 619 1350 654 τε
1378 602 1472 655 τοῦ
1515 605 1654 656 Κεν-

167 687 336 758 ταύρου,
368 689 450 740 καὶ
491 687 754 753 Ἰσάτιδος,
790 688 1080 760 Δρύμωνός
1110 708 1168 744 τε
1208 694 1298 745 καὶ
1326 693 1530 747 Εὔκλου
1559 693 1654 747 τοῦ

167 778 374 849 Κυπρίου,
407 780 491 831 καὶ
520 779 678 851 Ὤρου
730 781 825 834 τοῦ
872 783 1076 853 Σαμίου
1097 823 1112 848 ,
1145 786 1238 838 καὶ
1271 787 1660 858 Προταινίδουι

165 872 232 923 τοῦ
265 872 527 942 Ἀθηναίου.
565 875 719 936 Λῖνος
755 874 852 944 μὲν
895 875 1004 948 γάρ
1045 877 1378 948 Ἡρακλέους
1421 881 1539 932 ἐστὶ
1579 879 1660 933 δι-

163 963 396 1026 δάσκαλος·
439 966 464 1017 6
503 964 570 1017 δὲ·
595 965 869 1038 Ἡρακλῆς
904 969 1003 1039 μιᾷ
1029 967 1137 1021 τῶν
1173 968 1434 1040 Τρωῖκῶν
1463 988 1663 1043 προγε-

162 1057 357 1126 νέστερος
408 1056 606 1127 πέφηνε
658 1061 842 1130 γενεᾷ.
915 1061 1086 1114 Τοῦτο
1142 1061 1199 1115 δέ
1259 1064 1375 1116 ἐστι
1429 1065 1662 1136 φανερὸν

161 1149 239 1201 ἀπὸ
260 1149 334 1201 τοῦ
362 1150 535 1213 παιδὸς
563 1151 726 1204 αὐτοῦ
759 1152 1131 1225 Τληπολέμου,
1169 1156 1262 1209 τοῦ
1297 1157 1658 1230 στρατεύσαν-

159 1258 225 1305 τος
257 1243 334 1294 ἐπὶ
366 1243 537 1297 Ἰλιον.
580 1245 812 1316 Ὀρφεὺς
848 1246 902 1299 δὲ
954 1248 1093 1301 κατά
1126 1249 1220 1303 τὸν
1269 1251 1432 1304 αὑτὸν
1473 1252 1662 1322 χρόνον

167 1333 369 1404 Ἠρακλεῖ
398 1336 612 1403 γέγονεν
631 1354 644 1366 ·
687 1337 860 1403 ἄλλως
894 1357 953 1392 τε
989 1341 1084 1394 καὶ
1107 1341 1177 1394 τά
1209 1343 1286 1405 είς
1310 1344 1441 1396 αὐτὸ
1477 1345 1661 1397 ἐπεισ-

157 1427 371 1496 φερόμενά
420 1445 578 1496 φασιν
625 1428 731 1482 ὑπὸ
789 1432 1179 1504 Ὀνομακρίτου
1231 1433 1325 1487 τοῦ
1372 1434 1659 1506 Ἀθηναίου

157 1518 466 1588 συντετάχθαι,
509 1521 802 1590 γενομένου
856 1524 994 1576 κατά
1025 1523 1124 1594 τὴν
1155 1523 1260 1576 τῶν
1288 1525 1661 1596 Πεισιστρατι-

155 1613 230 1666 δῶν
256 1614 404 1684 ἀρχὴν
441 1615 566 1684 περὶ
595 1614 694 1686 τὴν
737 1614 1108 1686 πεντηκοστὴν
1155 1616 1509 1686 Ὀλυμπιάδα.
1552 1617 1658 1670 Τοῦ

153 1703 392 1774 δ”ορφέως
416 1706 691 1768 Μουσαῖος
720 1705 984 1776 μαθητής.
1012 1707 1259 1777 Ἀμφίων
1287 1707 1342 1760 δὲ
1374 1708 1494 1760 δυσὶ⁵
1528 1725 1660 1779 προ-

150 1799 260 1863 άγων
290 1801 482 1864 γενεαῖς
520 1797 630 1851 τῶν
672 1798 953 1869 Τρωῖκῶν.
993 1798 1089 1852 τοῦ
1128 1799 1348 1852 πλείονα
1381 1799 1490 1872 (90)
1523 1802 1660 1872 πρὸς

150 1891 242 1952 τοὺς
257 1890 540 1959 φιλομαθεῖς
563 1891 878 1944 συντάττειν
901 1893 1046 1962 μᾶς
1064 1891 1338 1963 ἀπείργει.
1358 1893 1662 1962 Δημόδοκος

148 1983 282 2034 τεκαὶ
305 1983 493 2051 Φήμιος
526 1981 651 2035 κατ’
682 1982 846 2035 αὐτὸν
893 1983 982 2036 τὸν
1011 1983 1255 2054 Τρωϊκὸν
1304 1984 1538 2054 πόλεμον
1570 2001 1654 2054 γεο

148 2073 322 2140 γόνασι·
351 2074 612 2145 διέτριϐον
644 2073 752 2145 γάρ
798 2075 827 2127 6
858 2077 954 2146 μὲν
998 2075 1108 2147 (91)
1155 2075 1306 2146 παρά
1353 2079 1464 2139 τοῖς
1528 2093 1665 2148 μνη-

147 2165 323 2238 στῆρσι,
351 2169 377 2221 6
403 2167 588 2237 mea)
620 2166 766 2239 παρὰ
799 2170 910 2231 τοῖς
960 2168 1172 2234 Φαίαξι.
1212 2168 1322 2222 Καὶ
1367 2169 1395 2220 ὁ
1419 2167 1665 2239 Θάμυρις

148 2259 215 2310 καὶ
245 2258 269 2308 6
295 2259 575 2330 Φιλάμμων
612 2260 674 2312 ού
712 2259 846 2312 πολὺ
879 2258 1082 2311 τούτων
1116 2259 1253 2310 είσὶν
1296 2257 1659 2328 ἀρχαιότεροι.

145 2349 245 2420 Περὶ
275 2350 360 2419 μὲν
395 2347 486 2402 οὖν
511 2351 615 2420 τῆς
644 2348 765 2402 καθ’
792 2349 1021 2402 ἕκαστον
1053 2347 1207 2416 λόγον
1256 2346 1660 2419 πραγματείας,

145 2437 303 2507 κώνων
325 2455 377 2490 τε
401 2439 728 2508 ἀναγραφῆς
757 2437 958 2495 αὐτῶν,
985 2437 1060 2500 ὡς
1089 2432 1259 2507 οἶμαι,
1287 2436 1494 2506 σφόδρα
1526 2435 1664 2506 μετά

145 2530 281 2600 πάσης
305 2529 420 2599 ὑμῖν
448 2529 736 2601 ἀκριϐείας
788 2527 1200 2598 ἀνεγράψαμεν.
1241 2527 1360 2578 Ἵνα
1386 2526 1444 2579 δὲ
1475 2527 1570 2578 καὶ
1603 2524 1664 2578 τὸ

147 2621 266 2690 μέχρι
307 2621 393 2674 νῦν
445 2621 628 2674 ὲνδέον
682 2619 1169 2693 ἀποπληρὼσωμεν
1194 2658 1209 2684 ,
1259 2619 1338 2672 ἔτι
1388 2618 1481 2672 καὶ
1536 2617 1664 2689 περὶ

143 2709 222 2765 τῶν
253 2711 611 2784 νομιζομένων
657 2712 836 2782 σοφῶν
882 2713 1197 2784 ποιήσωμεν
1236 2710 1335 2782 τὴν
1367 2709 1660 2777 ἀπόδειξιν.

143 2805 282 2866 Μίνως
316 2806 404 2875 μὲν
441 2803 552 2875 γὰρ
589 2807 619 2858 6
643 2805 824 2875 πάσης
866 2803 1122 2876 προύχειν
1150 2802 1424 2874 νομισθεὶς
1450 2802 1662 2871 σοφίας,

143 2891 362 2961 ἀγχινοίας
403 2913 461 2948 τε
519 2896 622 2949 καὶ
666 2893 1022 2965 νομοθεσίας,
1090 2894 1182 2947 ἐπὶ
1259 2893 1519 2964 Λυγκέως
1568 2893 1665 2947 τοῦ

144 2986 245 3051 μετὰ
262 2988 444 3040 Δαναὸν
477 2986 903 3059 βασιλεύσαντος
934 2986 1178 3054 γέγονεν,
1218 2986 1478 3058 ἑνδεκάτῃ
1504 2987 1667 3059 γενεᾷ

143 3077 246 3145 μετὰ
273 3081 467 3151 Ἴναχον
486 3099 500 3112 ·
534 3080 854 3151 Λυκοῦργος
905 3080 985 3142 δὲ,
1030 3079 1164 3134 πολὺ
1195 3079 1334 3150 μετά
1378 3077 1477 3152 τὴν
1505 3078 1662 3134 Ἰλίου
1691 3095 1734 3156 C

141 3172 362 3240 γεννηθεὶς
422 3173 630 3227 ἅλωσιν
657 3214 672 3237 ,
735 3172 843 3244 πρὸ
899 3172 1008 3225 τῶν
1062 3171 1439 3243 Ὀλυμπιάδων
1493 3170 1670 3226 ἐτεσιν

142 3261 289 3317 ἑκατὸν
328 3267 607 3338 νομοθετεῖ
635 3266 1110 3337 Λακεδαιμονίοις·
1148 3265 1374 3337 Δράκων
1429 3265 1487 3318 δὲ
1541 3265 1671 3336 περὶ

141 3353 419 3425 Ὀλυμπιάδα
489 3359 828 3431 τριακοστὴν
895 3358 989 3412 καὶ
1046 3358 1272 3428 ὲννάτην
1354 3358 1670 3430 εὑρίσκεται

141 3445 355 3512 γεγονώς·
397 3449 577 3502 Σόλων
627 3449 684 3502 δὲ
717 3451 846 3519 περὶ
881 3456 996 3519 pg"
1041 3447 1363 3520 Πυθαγόρας
1400 3449 1540 3502 κατά
1571 3450 1670 3521 τὴν

141 3537 381 3611 ἑξηκοστὴν
428 3541 713 3613 δευτέραν.
759 3541 869 3604 Τάς
919 3541 976 3595 δὲ
1023 3541 1394 3612 Ὀλυμπιάδας
1446 3541 1671 3614 ὕστερον

142 3628 220 3681 τῶν
248 3631 471 3688 Ἰλιακῶν
520 3633 702 3686 ἔτεσιν
736 3631 1096 3704 ἀπεδείξαμεν
1143 3633 1431 3702 γεγονυίας
1476 3651 1670 3706 τετρα-

144 3723 302 3787 κοσίοις
325 3727 475 3779 ἑπτά.
509 3726 625 3778 Καὶ
737 3724 939 3777 τούτων
971 3723 1144 3787 οὕτως
1182 3725 1668 3796 ἀποδεδειγμένων,

1694 1765 1734 1819 Β

143 3812 207 3866 διά
239 3815 464 3888 βραχέων
516 3818 602 3871 ἔτι
651 3817 744 3870 καὶ
801 3819 930 3888 περὶ
980 3817 1081 3888 τῆς
1134 3816 1244 3870 τῶν
1295 3817 1434 3872 ἑπτά
1491 3820 1672 3889 σοφῶν

143 3907 309 3976 ἡλικίας
360 3911 772 3982 ἀναγράψομεν.
820 3909 926 3963 Τοῦ
972 3910 1080 3982 γὰρ
1121 3911 1498 3984 πρεσϐυτάτου
1565 3913 1672 3967 τῶν

143 4005 500 4076 προειρημένων
529 4004 796 4075 Θάλητος,
840 4005 1132 4075 γενομένου
1177 4005 1308 4077 περὶ
1341 4006 1442 4077 τὴν
1470 4023 1671 4077 πεντη-

142 4095 296 4166 ιοστὴν
319 4097 679 4169 Ὀλυμπιάδα,
737 4098 830 4150 καὶ
880 4095 951 4149 τά
995 4095 1124 4167 περὶ
1177 4097 1286 4150 τῶν
1345 4097 1468 4151 κατ’
1507 4098 1670 4152 αὑτὸν

143 4186 286 4252 σχεδὸν
326 4190 448 4259 ἡμῖν
489 4188 774 4259 συντόμως
815 4189 1048 4259 εἴρηται.
1094 4187 1260 4241 Ταῦθ’
1296 4190 1444 4260 ὑμῖν,
1479 4190 1672 4261 ἄνδρες

141 4275 376 4347 Ἕλληνες,
427 4282 456 4333 ὁ
499 4277 646 4332 κατὰ
698 4277 1002 4349 βαρϐάρους
1055 4278 1360 4348 φιλοσοφῶν
1408 4281 1674 4345 Τατιανὸς

144 4368 392 4436 συνέταξα,
432 4369 718 4441 γεννηθεὶς
762 4370 860 4440 μὲν
907 4371 965 4423 ὲν
1005 4372 1070 4441 τῇ
1110 4369 1219 4424 τῶν
1248 4372 1547 4445 Ἀσσυρίων
1577 4375 1668 4443 γῇ,

143 4460 403 4526 παιδευθεὶς
443 4463 503 4516 δὲ
541 4461 760 4533 πρῶτον
796 4462 894 4532 μὲν
931 4460 1000 4514 τὰ
1031 4463 1292 4535 ὑμέτερα,
1333 4463 1586 4535 δεύτερον
1616 4464 1671 4517 δὲ

144 4555 263 4610 iuva
303 4560 392 4613 νῦν
435 4559 729 4631 κηρύττειν
789 4557 1214 4628 ἐπαγγέλλομαι.
1272 4559 1309 4610 Γ
1316 4558 1558 4612 ινώσκων
1616 4559 1673 4613 δὲ

143 4649 285 4704 λοιπὸν
319 4652 398 4716 τίς
435 4653 465 4707 6
505 4651 661 4714 Θεὸς,
709 4651 801 4703 καὶ
846 4651 930 4713 τίς
980 4651 1166 4721 ήκατ’
1217 4650 1378 4703 αὐτὸν
1433 4652 1669 4723 ποίησις,

145 4745 315 4811 ἓτοιμον
347 4745 536 4797 ἑαυτὸν
569 4743 696 4812 ὑμῖν
736 4742 871 4812 πρὸς
895 4741 992 4812 τὴν
1017 4741 1302 4813 ἀνάκρισιν
1333 4741 1440 4794 τῶν
1465 4742 1671 4812 δογμά-

149 4851 223 4887 των
257 4840 576 4910 παρίστημι,
624 4837 888 4909 μενούσης
924 4852 1013 4906 μοι
1048 4836 1148 4905 τῆς
1179 4836 1319 4888 κατά
1348 4834 1479 4887 Θεὸν
1527 4835 1675 4888 πολι-

149 4924 260 4988 τείας
275 4928 653 5001 ἁνεξαρνήτου.
691 4948 710 4980 ι
758 4925 1006 4981 Τοσαῦτα
1027 4926 1122 4979 καὶ
1162 4923 1190 4975 ὁ
1215 4926 1496 4990 Τατιανός.
1525 4928 1672 4980 Μετ-

145 5009 279 5081 ίωμεν
303 5017 356 5070 δὲ
392 5019 488 5071 καὶ
529 5018 622 5070 ἐπὶ
656 5017 967 5088 Κλήμεντά.

196 5118 220 5146 ⁸
251 5125 339 5164 m3.
376 5111 753 5183 Προναιτίδου.

198 5201 293 5271 (90)
332 5206 440 5259 Τοῦ
469 5206 744 5270 πλείονα,
772 5212 877 5260 etc.
908 5202 1210 5258 Verborum
1243 5201 1528 5272 perspicua
1557 5218 1676 5257 sen-

145 5275 281 5326 tentia
324 5287 438 5340 est,
489 5286 547 5329 at
591 5280 822 5330 obscura
871 5274 1156 5330 sententiae
1188 5275 1346 5328 ratio.
1393 5274 1501 5326 Cur
1527 5273 1672 5327 enim

144 5341 404 5411 Amphion,
438 5347 584 5415 quod
632 5362 718 5400 res
753 5344 1018 5414 Troianas
1049 5345 1262 5398 duabus
1295 5344 1550 5415 aetatibus
1578 5359 1676 5396 an-

145 5415 339 5480 tecedat,
365 5413 505 5484 apud
544 5417 818 5470 studiosos
843 5413 998 5484 plura
1029 5415 1134 5469 dici
1176 5414 1494 5481 prohibeat?
1527 5413 1675 5484 Alter

145 5495 384 5538 manuscr.
403 5483 570 5540 habet
597 5483 866 5549 πλείονος,
910 5501 977 5539 ex
1010 5501 1119 5553 quo
1151 5484 1400 5546 πλείονας
1423 5483 1628 5550 conjeci
1661 5501 1673 5536 :

143 5553 270 5624 quasi
315 5555 492 5618 dicat,
546 5556 898 5624 Amphionem
942 5563 1048 5608 tam
1088 5556 1370 5622 antiquum
1415 5570 1536 5607 esse
1618 5563 1677 5606 ut

145 5621 282 5695 alium
327 5636 579 5694 pneterea
611 5621 882 5695 φιλομαθῆ
913 5625 1185 5678 neminem
1215 5621 1382 5695 qnzeri
1418 5624 1672 5695 patiatur.

201 5690 298 5761 (9i)
327 5690 397 5747 "0
428 5696 562 5761 μέν.
597 5690 1146 5751 Phemiusvidelicet.
1204 5690 1395 5762 Odyss.
1421 5690 1490 5756 Ρ,
1524 5694 1626 5748 20"].
1663 5713 1673 5746 :

148 5799 157 5810 .
195 5801 206 5814 .
243 5804 255 5816 .
295 5804 310 5818 .
353 5807 364 5817 .
417 5767 558 5822 Ἀνὰ
590 5767 697 5835 γάρ
734 5764 1174 5836 σφισιβάλλεΐ
1203 5764 1454 5828 ἀείδει-ι’,

1763 514 1943 582 legum
1977 521 2290 568 nostrarum
2325 512 2554 568 historia
2581 551 2597 576 ,
2647 512 2790 582 quod
2819 511 3131 566 Graecorum
3163 513 3346 568 erudi—

1764 605 1964 661 tissimi
1998 606 2204 676 quique
2254 605 2597 675 scripserint,
2631 612 2765 674 quot
2791 605 2952 674 quive
2982 605 3127 659 illius
3153 605 3345 658 memi-

1765 697 1968 762 nerint,
2001 698 2263 752 adversus
2290 711 2406 761 eos,
2458 696 2551 765 qui
2579 696 2645 750 de
2680 696 2844 750 rebus
2875 696 3074 751 divinis
3103 696 3346 767 disputa-

1763 797 1914 852 runt,
1945 788 1999 843 in
2033 788 2270 844 medium
2293 787 2606 843 aﬂ'eremus.
2647 787 2802 843 Nunc
2834 803 2964 842 vero
2994 789 3259 859 agendum
3291 789 3341 843 id

1763 883 1921 937 nobis
1969 891 2071 948 est,
2125 891 2205 948 ut,
2260 896 2424 952 quam
2478 879 2896 950 diligentissime
2947 879 3062 933 ﬁeri
3124 880 3339 950 poterit,

1762 976 2138 1038 ostendamus,
2175 989 2282 1028 non
2313 972 2549 1028 Homero
2575 973 2750 1028 solum
2779 972 3143 1042 antiquiorem
3176 971 3343 1026 fuisse

1762 1068 1966 1124 Mosem
1990 1109 2005 1132 ,
2031 1083 2220 1123 verum
2245 1068 2408 1122 etiam
2431 1066 2820 1121 vetustioribus
2856 1066 3088 1120 Homero
3114 1065 3343 1134 scripto-

1763 1161 1913 1215 ribus
1933 1199 1948 1224 ,
1980 1159 2146 1223 Lino,
2175 1157 2552 1212 Philammone
2573 1200 2586 1223 ,
2620 1157 2949 1228 Thamyride
2970 1198 2983 1220 ,
3017 1157 3342 1225 Amphione,

1761 1253 2008 1325 Orpheo,
2043 1254 2276 1318 Musao,
2307 1251 2636 1317 Demodoco,
2669 1249 2916 1315 Phemio,
2949 1251 3171 1320 Sibylla,
3213 1249 3342 1319 Epi-

1762 1348 1978 1403 menide
2028 1347 2310 1411 Cretensi,
2355 1347 2449 1416 qui
2495 1345 2746 1415 Spartam
2801 1345 3085 1415 migravit,
3115 1344 3345 1398 Aristao

1761 1437 2166 1503 Proconnesio,
2223 1435 2650 1507 Arimaspiorum
2681 1446 2930 1497 auctore,
2971 1434 3176 1489 Asbolo
3201 1433 3343 1489 Cen-

1761 1537 1941 1594 tauro,
1969 1526 2186 1594 lsatide,
2215 1527 2506 1598 Drymone,
2541 1524 2710 1580 Euclo
2735 1524 2959 1596 Cyprio,
2989 1524 3098 1580 Oro
3134 1523 3342 1586 Samio,

1761 1630 1815 1677 et
1844 1620 2150 1675 Prottenide
2179 1619 2519 1673 Atheniensi.
2576 1617 2746 1671 Linus
2773 1616 2918 1669 enim
2953 1614 3202 1669 llercnlis
3231 1630 3348 1668 ma-

1763 1713 1931 1784 gister
1976 1711 2112 1775 l'uit,
2149 1709 2411 1764 Hercules
2457 1723 2590 1763 vero
2635 1705 2874 1775 Trojana
2923 1714 3162 1774 tempora
3190 1712 3346 1759 aetate

1764 1801 2031 1855 duntaxat
2078 1815 2186 1854 una
2221 1797 2546 1863 antecessit;
2602 1804 2662 1850 nt
2691 1796 2770 1850 vel
2797 1811 2863 1850 ex
2897 1810 2963 1849 eo
2992 1794 3214 1864 intelligi
3245 1808 3345 1864 po-

1765 1901 1889 1959 test,
1926 1893 2069 1963 qnod
2095 1890 2440 1962 Tlepolemus
2461 1888 2712 1945 Herculis
2739 1888 2880 1942 [ilius
2905 1886 3219 1943 Grazcornm
3250 1885 3348 1940 ad-

1764 1982 2234 2052 versusTrojanos
2254 1981 2617 2053 expeditionis
2649 1980 2834 2035 socius
2868 1979 3050 2033 fuerit.
3091 1975 3346 2046 Ejusdem

1765 2074 2011 2131 Herculis
2043 2076 2294 2146 Orpheus
2327 2075 2552 2144 aequalis
2576 2074 2678 2128 fuit
2709 2092 2723 2128 :
2758 2073 2970 2128 tametsi
3017 2086 3138 2141 qua:
3184 2070 3350 2141 vulgo

1765 2168 1868 2237 ipsi
1908 2167 2239 2233 tribuuntur,
2271 2166 2340 2221 ab
2361 2165 2716 2222 Onomacrito
2745 2164 3083 2226 Atheniensi,
3117 2163 3211 2233 qui
3244 2163 3348 2217 sub

1765 2263 2236 2320 Pisistratidarum
2273 2261 2552 2316 dominatu
2578 2304 2592 2327 ,
2642 2261 2786 2316 circa
2819 2259 3180 2331 Olympiadem
3207 2275 3313 2326 qua

1766 2354 2126 2424 dragesimam
2165 2353 2322 2419 vixit,
2354 2353 2664 2420 conscripta
2706 2350 2902 2406 ferant.
2955 2349 3155 2420 Orphei
3184 2364 3349 2419 porro

1765 2443 2066 2513 discipulus
2097 2442 2330 2498 Musatus
2379 2440 2500 2496 fuit.
2564 2442 2632 2495 At
2660 2440 2968 2510 Amphion,
3017 2439 3110 2509 qui
3134 2439 3348 2494 duabus

1767 2535 2004 2604 Trojana
2030 2543 2275 2604 tempora
2326 2533 2578 2587 aatatihus
2606 2542 2953 2602 antegressus
2979 2523 3088 2597 est,
3110 2531 3294 2602 plures
3316 2546 3349 2583 a

1766 2625 1926 2680 nohis
1941 2626 2008 2680 ad
2038 2625 2246 2694 priores
2272 2625 2396 2680 illos
2419 2624 2681 2679 doctrina:
2698 2623 2974 2678 studiosos
2998 2621 3220 2694 adiungi
3238 2637 3345 2679 non

1766 2717 1990 2788 patitur.
2031 2715 2150 2770 Jam
2187 2716 2527 2770 Demodocus
2543 2722 2596 2772 et
2613 2713 2981 2773 Phemiussuh
3008 2713 3184 2782 ipsum
3211 2711 3348 2768 Tro-

1764 2809 1878 2880 jani
1909 2809 2033 2863 belli
2070 2818 2284 2878 tempus
2309 2809 2589 2871 exstitere,
2617 2821 2740 2862 cum
2775 2811 2911 2861 alter
2955 2806 3096 2876 apud
3124 2803 3343 2872 Procas,

1768 2900 1913 2971 apud
1950 2899 2207 2955 thacas
2246 2901 2382 2955 alter
2412 2909 2740 2954 versaretur.
2797 2896 2917 2964 Quo
2945 2907 3176 2968 utroque
3203 2895 3348 2952 Tha-

1769 2994 1942 3064 myris
1977 3007 2042 3047 ac
2064 2991 2410 3046 Philammon
2433 2991 2580 3046 haud
2610 2990 2780 3045 multo
2805 2989 3147 3058 antiquiores
3173 2987 3342 3043 luere.

1767 3082 1934 3156 5,96
1962 3083 2041 3138 Ac
2069 3083 2136 3136 de
2162 3083 2504 3151 singulorum
2555 3081 2772 3152 quidem
2797 3084 2856 3135 in
2881 3080 3126 3150 quolibet
3150 3095 3349 3150 genere

1772 3174 1990 3238 studiis,
2017 3173 2190 3244 deque
2219 3174 2333 3243 ipsa
2367 3181 2670 3243 temporum
2700 3171 2910 3226 ratione
2953 3169 3133 3237 vobis,
3163 3171 3216 3224 ni
3243 3169 3347 3224 fal-

1770 3270 1876 3334 lor,
1909 3283 2071 3338 quam
2099 3264 2510 3321 accuratissime
2541 3265 2652 3318 ﬁeri
2686 3263 2893 3333 potuit,
2925 3263 3344 3333 disputavimus.

1773 3361 1876 3418 Sed
1906 3370 2087 3418 tamen
2117 3375 2184 3413 ne
2216 3359 2346 3428 quid
2373 3375 2400 3411 a
2427 3358 2585 3412 nobis
2607 3357 2659 3409 in
2683 3356 2966 3426 praesentia
2988 3355 3346 3418 desideretur,

1770 3467 1944 3523 pauca
1977 3450 2044 3504 de
2073 3463 2262 3504 eorum
2302 3447 2556 3513 insuper,
2615 3444 2707 3512 qui
2757 3444 3028 3512 sapientes
3069 3442 3212 3512 apud
3249 3457 3350 3496 vos

1771 3543 1942 3598 hahiti
1970 3550 2118 3606 sunt,
2148 3548 2306 3594 aetate
2333 3537 2680 3607 subjungam.
2743 3533 2918 3588 Minos
2945 3533 3136 3604 igitur,
3185 3547 3347 3602 quem

1771 3636 1952 3692 omnis
1985 3649 2108 3690 cum
2138 3632 2438 3702 sapientiae,
2473 3639 2587 3684 tum
2621 3628 2875 3691 solertia),
2898 3627 3142 3696 adeoque
3170 3625 3350 3696 legum
3439 3695 3442 3698 ι

1772 3729 2074 3788 sanctionis
2124 3727 2422 3798 principem
2480 3722 2649 3778 fuisse
2696 3729 2916 3792 putant,
2963 3718 3209 3791 Lynceo,
3256 3719 3350 3790 qui

1773 3822 1926 3877 Dano
1969 3821 2255 3884 successit,
2301 3825 2561 3887 regnante
2590 3814 2853 3876 ﬂorebat,
2902 3822 3056 3867 astate
3083 3820 3205 3883 post
3229 3808 3353 3865 lna-

1772 3917 1936 3970 chum
1967 3913 2270 3968 undecima.
2308 3908 2590 3980 Lycurgus
2619 3921 2770 3970 vero,
2808 3906 2965 3976 longe
2988 3914 3111 3975 post
3133 3914 3350 3974 captum

1775 4006 1955 4067 llium,
1985 4003 2144 4057 annis
2172 4009 2296 4055 ante
2319 3997 2656 4070 olympiades
2676 3997 2818 4051 haud
2850 3996 3084 4066 amplius
3112 4004 3351 4056 centum,

1775 4095 2218 4152 Laeedwmonios
2269 4092 2478 4161 legibus
2533 4090 2789 4145 instituit.
2851 4089 3148 4144 Draconem
3205 4087 3351 4142 circa

1775 4190 2136 4262 Olympiadem
2167 4201 2368 4241 nonam
2411 4199 2576 4253 supra
2611 4183 2942 4254 trigesimam
2978 4179 3147 4235 fuisse
3193 4194 3351 4248 repe-

1774 4287 1904 4349 ries,
1925 4284 2179 4339 Solonem
2205 4295 2336 4334 vero
2361 4279 2506 4334 circa
2530 4287 2740 4333 sextam
2770 4287 2824 4331 et
2854 4273 3351 4345 quadragesimam,

1775 4377 2138 4450 Pythagoram
2169 4374 2404 4444 denique
2437 4373 2582 4428 circa
2606 4369 2998 4439 sexagesimam
3032 4364 3348 4421 secundam.

1705 4447 1748 4501 Β
1777 4447 2124 4542 Olympiades
2154 4476 2332 4521 autem
2367 4465 2525 4519 annis
2553 4471 2761 4531 septem
2794 4476 2956 4530 supra
2985 4453 3352 4529 quadringen-

1775 4573 1858 4618 tos
1886 4569 2011 4633 post
2035 4558 2274 4628 Trojana
2323 4566 2567 4625 tempora
2609 4554 2885 4609 institutas
2916 4551 3085 4606 fuisse
3111 4550 3354 4607 ostendi-

1775 4668 1917 4708 mus.
1982 4649 2076 4703 llis
2105 4659 2255 4704 certo
2282 4646 2614 4711 constitutis,
2652 4654 2857 4714 septem
2891 4658 3108 4712 quoque
3143 4643 3354 4711 sapien-

1774 4757 1888 4800 tum
1933 4752 2142 4799 zetatem
2194 4741 2354 4796 facile
2414 4739 2757 4807 breviterque
2807 4736 3149 4791 deﬁniemus.
3214 4733 3349 4788 Nam

1773 4850 1899 4889 cum
1932 4831 2365 4888 vetustissimum
2412 4845 2602 4884 eorum
2647 4827 2952 4894 Thaletem,
3003 4827 3148 4881 circa
3179 4825 3354 4893 olym-

1773 4928 1986 4999 piadem
2057 4922 2566 4996 quinquagesimam
2627 4919 2830 4975 vixisse
2885 4927 3127 4983 constet,
3188 4916 3353 4972 simul

1773 5022 1938 5074 etiam
1981 5031 2094 5072 uno
2141 5016 2300 5086 quasi
2349 5011 2672 5082 compendio
2697 5018 3041 5073 cancrorum,
3091 5023 3231 5078 quos
3263 5006 3353 5060 illo

1776 5194 1990 5263 Φήμιος
2003 5235 2013 5244 .

1776 5266 1837 5320 Et
1864 5262 2068 5334 Odyss.
2101 5263 2170 5334 Χ,
2208 5262 2312 5334 55])
2343 5279 2356 5334 ς
2434 5330 2480 5334 __
2573 5332 2582 5334 _
2657 5317 2676 5334 _.

1780 5325 2110 5403 Τερπιάδης
2139 5333 2207 5386 δέ
2239 5332 2286 5385 τ’
2323 5330 2527 5397 ἀοιδὸς
2553 5328 2852 5391 ἁλύσκιιζε
2884 5325 3036 5396 κῆρα
3059 5325 3354 5396 μέλαιναν

1871 5423 2017 5465 ιιιος.

1777 5407 2066 5543 Φτίίῖέιῖςῖο
2107 5473 2193 5528 δέ.
2229 5471 2588 5534 Demodocns,
2620 5481 2674 5524 et
2709 5470 2823 5543 ipse
2865 5476 3054 5543 cantor
3079 5465 3352 5543 nobilissi-

1779 5536 1921 5600 mus.
1946 5536 2027 5599 'De
2051 5561 2161 5613 quo
2192 5544 2383 5611 Odyss.
2421 5544 2486 5608 Θ,
2520 5536 2837 5611 saepissime.
2869 5571 2938 5580 -—-
2979 5540 3032 5591 '0
3070 5536 3348 5604 Θάμυρις.

1783 5616 1946 5672 llud.
1974 5617 2036 5680 B,
2068 5615 2212 5669 595:

2246 5727 2258 5738 .
2305 5727 2317 5738 .
2361 5728 2374 5740 .
2421 5727 2434 5738 .
2477 5685 2712 5756 ,ν’Ἐνθα
2743 5701 2803 5735 τε
2828 5681 3061 5756 Μοῦσαι
3139 5749 3150 5756 ᾗ
3225 5745 3290 5756 Α-

1794 5763 2125 5832 Ἀντόμεναι
2144 5797 2161 5824 ,
2184 5755 2444 5826 Θάμυριν
2467 5755 2569 5810 τὸν
2596 5755 2817 5824 Θρήϊκα
2845 5753 3089 5807 παῦσαν
3121 5748 3349 5814 ἀοιδῆς.
