3840 6370
549 344 656 399 82⁸1

551 476 816 530 suppares
839 461 1048 529 habuit,
1079 469 1294 516 aetatem
1321 461 1646 531 colligimus.
1679 458 1805 515 Ilaec
1864 457 2018 514 vobis
2080 471 2202 526 ego.

1200 340 1469 398 EUSEBli
1509 339 1992 398 CIESARIENSIS
2031 338 2179 396 OPP.
2221 337 2397 392 PARS
2435 337 2498 391 ll.
2534 367 2602 378 —-
2641 335 3139 394 AFOLOGETICA.

3660 348 3738 404 838

2244 456 2349 509 viri
2376 455 2571 522 Graeci,
2619 454 2885 510 Tatiauus
2915 455 3024 524 ille,
3063 457 3154 526 qui
3187 456 3524 512 barbarorum
3548 461 3740 528 philoso-

554 554 694 623 phia:
718 555 929 620 studeo,
961 554 1286 625 conscripsi,
1323 555 1378 608 in
1407 555 1630 626 Assyria
1696 564 1859 609 natus
1892 553 2010 621 ipse
2064 549 2320 619 quidem,
2369 548 2460 601 sed
2488 556 2668 601 tamen
2736 549 2974 616 primum
3034 550 3264 615 vostris,
3313 560 3422 604 tum
3460 552 3520 606 iis
3550 554 3739 622 demum,

553 660 787 714 quorum
833 661 917 699 me
959 660 1265 715 przeconem
1319 645 1478 699 hodie
1522 644 1815 712 proﬁteor,
1863 641 2133 697 eruditus.
2173 637 2441 692 Caeterum
2502 638 2619 693 veri
2668 638 2781 708 jam
2814 638 2907 692 Dei
2943 641 3251 711 cognitione
3276 641 3744 714 illustratus,resque

556 740 624 793 ab
652 753 717 794 eo
749 748 942 794 creatae
991 738 1298 808 cujusmodi
1333 738 1446 793 sint
1494 738 1820 808 intelligens,
1874 735 1942 790 ad
1995 731 2339 789 subeundum
2397 746 2615 800 quoque
2663 732 2978 802 dogmatum
3005 742 3315 788 nostrorum
3367 749 3576 789 examen
3604 753 3745 807 prom-

557 842 704 900 pltltn
743 847 829 886 me
853 830 1008 885 vobis
1067 840 1428 900 paratumque
1479 830 1637 896 sisto,
1685 827 1854 884 divini
1898 836 2060 896 huius
2128 823 2366 878 instituti
2425 833 2750 879 sectatorem
2780 824 2932 880 nullo
2983 840 3070 880 me
3092 840 3329 894 unquam
3363 835 3585 897 tempore
3617 844 3742 900 nega-

560 904 734 978 turu's.
778 942 795 974 ι
857 921 1132 978 Hactenus
1192 920 1476 976 Tatianus.
1533 919 1655 974 1am
1693 919 1758 974 ad
1799 917 2132 974 Clementem
2173 923 2534 969 transeamus.

1150 1037 1379 1092 CAPUT
1416 1038 1534 1092 ΧΠ.

704 1154 776 1210 De
805 1155 1006 1220 eadem,
1039 1169 1102 1207 ea:
1128 1153 1410 1218 Clemente,
1444 1155 1769 1208 Stromatum
1800 1154 1991 1223 primo.

640 1331 658 1362 c
693 1309 788 1365 Est
819 1311 1040 1380 quidem
1069 1309 1138 1365 iis
1167 1310 1234 1366 de
1271 1311 1464 1374 rebus,
1512 1309 1721 1378 inquit,
1758 1326 1789 1364 a
1819 1309 2045 1364 Tatiano
2079 1307 2132 1363 in

563 1421 662 1461 sua
697 1405 959 1458 Adversus
991 1401 1197 1457 Graecos
1237 1405 1473 1458 oratione
1501 1410 1752 1457 accurate
1777 1402 2134 1470 disputatum,

563 1493 904 1562 disputatum
957 1502 1012 1547 et
1059 1508 1088 1546 a
1119 1493 1385 1548 Cassiano
1417 1493 1470 1546 in
1505 1493 1682 1563 primo
1714 1493 2132 1561 Pontiﬁcalium.

566 1585 668 1639 Sed
701 1594 878 1638 tamen
910 1583 1088 1653 operis
1113 1585 1350 1652 suscepti
1376 1585 1516 1638 ratio
1545 1584 1812 1653 postulat,
1847 1592 1906 1637 ut
1927 1598 2047 1652 quae
2069 1583 2137 1638 ab

566 1677 688 1730 aliis
717 1677 857 1730 hanc
887 1675 941 1728 in
980 1691 1093 1729 rem
1120 1676 1337 1744 copiose
1385 1676 1528 1730 dicta
1578 1685 1749 1742 sunt,
1803 1691 1866 1729 ea
1900 1675 2136 1730 breviter

565 1783 685 1822 sum
695 1768 987 1836 matimque
1000 1783 1335 1836 percurram.
1355 1769 1528 1837 Apion
1549 1769 1713 1838 igitur
1726 1768 2137 1838 grammaticus,

565 1860 614 1915 is
639 1875 796 1927 quem
817 1859 1276 1926 Πλειστονίκην,
1307 1858 1432 1930 [hoc
1448 1867 1529 1913 est
1548 1858 2137 1931 smpissimelvictoremJ

567 1949 892 2015 nominant,
954 1936 1398 2019 Egyptiacarum
1473 1950 1834 2004 Historiarum
1901 1961 2136 2021 quarto,

565 2038 728 2110 49⁸1
765 2041 906 2105 licet,
937 2051 997 2095 ut
1028 2040 1311 2112 [Egyptius
1345 2050 1481 2107 erat,
1507 2050 1614 2095 tam
1640 2042 1851 2097 infenso
1880 2058 2004 2112 erga
2035 2041 2139 2098 ilc-

566 2131 741 2186 bratos
775 2133 955 2186 animo
991 2133 1172 2196 fuerit,
1227 2141 1285 2186 ut
1313 2133 1476 2187 etiam
1511 2135 1796 2187 adversum
1825 2132 2040 2190 Judazos
2073 2135 2141 2188 li-

569 2223 724 2275 brum
759 2223 1008 2286 ediderit,
1036 2223 1255 2278 Amosis
1288 2222 1665 2295 Egyptiorum
1692 2225 1966 2293 quondam
1999 2225 2141 2294 regis

568 2330 632 2369 ac
675 2331 859 2370 rerum
891 2315 958 2369 ab
1009 2330 1075 2369 eo
1109 2323 1383 2384 gestarum
1435 2316 1708 2370 mentione
1733 2315 1894 2382 facta,
1947 2323 2136 2370 testem
2169 2337 2213 2394 Β

567 2421 754 2460 earum
808 2407 990 2460 laudat
1044 2406 1391 2463 Ptolemaeum
1451 2409 1738 2476 quemdam
1776 2407 2134 2473 Mendesium,

568 2498 726 2568 cujus
758 2499 872 2552 haec
900 2499 1060 2552 verba
1095 2509 1223 2554 sunt
1251 2518 1264 2554 :
1301 2500 1519 2562 Avarin,
1576 2499 1772 2567 inquit,
1803 2499 1944 2552 eruit
1968 2499 2137 2551 Amo-

569 2589 668 2653 sis,
700 2590 794 2657 qui
823 2590 1048 2657 aequalis
1094 2589 1278 2644 Inachi
1315 2589 1498 2660 Argivi
1528 2589 1648 2654 fuit,
1701 2599 1762 2643 ut
1783 2592 2045 2658 scriptum
2083 2590 2139 2644 in

569 2680 830 2734 Chronico
862 2680 1170 2736 Mendesius
1195 2681 1519 2737 Ptolemaeus
1554 2681 1792 2751 reliquit.
1829 2681 1926 2736 Hic
1957 2692 2138 2736 autem

570 2769 921 2826 Ptolemazus?
939 2772 1195 2826 sacerdos
1224 2782 1372 2836 erat,
1423 2772 1516 2842 qui
1548 2787 1734 2842 regum
1761 2770 2140 2842 Egyptiorum

571 2861 852 2916 historiam
889 2863 1042 2918 libris
1076 2864 1247 2918 tribus
1293 2863 1516 2935 integris
1553 2864 1901 2934 complexus,
1953 2864 2143 2920 Amosi

574 2956 628 3007 in
663 2952 898 3024 [Egypto
932 2968 1217 3025 regnante,
1247 2953 1459 3011 Iudaeos
1491 2955 1696 3009 Mosem
1743 2957 1936 3010 ducem
1983 2971 2141 3010 secu-

573 3055 682 3112 tus,
717 3062 782 3099 ex
814 3045 1046 3117 Aigyplo
1076 3047 1339 3116 migrasse
1369 3056 1628 3114 testatur;
1661 3063 1727 3101 ex
1749 3063 1858 3118 quo
1891 3047 2144 3118 intelligi-

573 3145 663 3192 tur
688 3136 890 3192 Mosem
924 3137 1103 3193 Inachi
1132 3139 1465 3208 temporibus
1497 3139 1767 3194 ﬂoruisse.
1830 3139 1936 3195 Res
1961 3149 2140 3195 autem

573 3229 889 3300 Argolicas,
942 3245 1063 3298 quae
1105 3229 1378 3282 ducuntur
1430 3229 1498 3282 ab
1553 3227 1786 3293 Inacho,
1831 3229 2144 3285 Graecarum

573 3322 816 3376 omnium
848 3319 1246 3374 vetustissimas
1271 3318 1553 3384 celebrari,
1583 3317 1871 3388 Dionysius
1903 3316 2147 3374 Halicar-

574 3411 851 3467 nassensis
883 3411 938 3465 in
966 3426 1065 3466 suo
1097 3410 1173 3463 De
1195 3410 1511 3478 temporibus
1538 3409 1928 3463 commentario
1956 3422 2147 3465 auctor

573 3513 680 3558 est.
717 3502 926 3568 Quibus
959 3502 1287 3572 posteriores
1315 3516 1436 3555 esse
1464 3501 1592 3555 totis
1624 3500 1982 3572 quadraginta
2011 3510 2145 3557 aeta-

574 3593 718 3647 tibus
750 3608 834 3646 res
857 3592 1082 3656 Atticas,
1136 3607 1256 3660 qua:
1279 3592 1348 3646 ab
1377 3591 1614 3662 Cecrope
1642 3592 1755 3658 illo,
1784 3608 1946 3662 quem
1972 3593 2145 3663 gemio

576 3701 704 3738 num
753 3692 913 3752 atque
955 3699 1024 3739 ex
1068 3695 1210 3738 terra
1257 3693 1436 3739 satum
1466 3684 1767 3754 appellant,
1803 3685 2014 3738 initium
2050 3685 2149 3740 ha-
2177 3685 2218 3741 C

575 3779 759 3843 buere,
813 3778 1031 3831 totidem
1063 3777 1242 3830 verbis
1267 3775 1528 3830 Tatiauus
1572 3776 1684 3830 ait:
1719 3791 1912 3829 novem
1939 3785 2143 3845 autem,

574 3868 886 3931 Arcadicos,
915 3885 945 3922 a
975 3868 1200 3938 Pelasgo
1224 3883 1383 3936 quem
1418 3877 1470 3921 et
1500 3869 1677 3936 ipsum
1703 3881 1768 3921 ex
1801 3876 1942 3922 terra
1968 3877 2144 3922 satum

571 3974 694 4014 esse
723 3960 941 4024 volunt,
983 3959 1238 4027 repetitas
1269 3977 1281 4012 :
1312 3958 1610 4027 iisdemque
1656 3957 1870 4012 duabus
1898 3968 1951 4012 et
1979 3958 2145 4026 quin-

575 4051 830 4121 quaginta
862 4051 1190 4105 recentiores
1231 4066 1353 4106 esse
1395 4049 1710 4114 Phtioticas,
1763 4066 1886 4120 quze
1911 4051 1980 4105 ab
2009 4050 2148 4105 Deu-

573 4144 786 4198 calione
815 4143 1004 4197 ﬂuunt.
1057 4143 1136 4195 Ab
1167 4141 1368 4198 Inacho
1403 4154 1581 4197 autem
1611 4142 1680 4196 ad
1705 4140 1940 4212 Trojana
1973 4158 2148 4212 usque

575 4246 820 4306 tempora
840 4274 855 4300 ,
885 4246 1069 4290 aetates
1092 4235 1213 4288 duae
1239 4251 1303 4290 ac
1325 4233 1550 4303 viginti,
1584 4242 1677 4288 aut
1704 4235 1867 4288 etiam
1893 4251 2000 4289 una
2026 4235 2115 4304 plu
2132 4264 2149 4276 -

577 4345 665 4384 res
697 4335 1053 4382 numerantur
1077 4366 1092 4392 ,
1127 4325 1257 4379 anni
1289 4341 1416 4379 vero
1441 4365 1455 4390 ,
1501 4336 1559 4380 ut
1583 4342 1774 4382 omnes
1798 4327 2146 4396 complectar,

576 4420 954 4493 quadringenti
982 4429 1036 4474 et
1061 4418 1316 4488 amplius.
1358 4416 1477 4471 Jam
1531 4433 1682 4484 vero,
1713 4419 1972 4473 multisne
1996 4418 2149 4473 simi-

576 4517 698 4570 liter
725 4507 881 4568 anuis
904 4529 990 4568 res
1015 4511 1360 4582 Assyriorum
1390 4512 1605 4566 Grazcas
1636 4511 2043 4574 antecesserint,
2079 4527 2145 4566 ex

577 4608 644 4662 iis
692 4623 813 4677 quae
865 4605 1181 4660 scribuntur
1234 4618 1264 4656 a
1307 4601 1508 4668 Ctesia,
1555 4611 1935 4673 coguoscetur.
1991 4602 2148 4656 Auno

576 4701 775 4771 quippe
804 4697 1042 4753 secundo
1083 4711 1245 4764 supra
1277 4694 1868 4764 quadringentesimum
1894 4694 2148 4766 Assyrio-

581 4806 700 4844 rum
727 4788 958 4858 impcrii,
1007 4786 1228 4841 Beluchi
1260 4794 1440 4840 autem
1487 4788 1665 4840 octavi
1705 4787 2040 4857 principatus
2064 4803 2149 4842 se-

578 4884 758 4937 cundo
787 4897 850 4937 ac
879 4881 1174 4945 tricesimo,
1203 4880 1306 4933 sub
1336 4879 1523 4933 Amosi
1555 4878 1806 4951 ngyptio
1837 4880 2016 4935 Inachi
2047 4881 2148 4934 Ar-

578 4976 683 5045 givi
729 4975 944 5044 mquali,
987 4973 1154 5027 Mosis
1198 4987 1264 5026 ex
1311 4969 1546 5041 {Egypto
1594 4971 1853 5041 profectio
1897 4973 2143 5043 contigit.

579 5069 745 5121 Porro
775 5068 826 5120 in
861 5067 1088 5129 Graecia,
1126 5065 1391 5118 Phoronei
1436 5065 1632 5117 Inacho
1661 5065 1980 5133 posterioris
2005 5074 2142 5120 tem—

576 5175 728 5228 pore,
762 5157 1025 5228 Ogygium
1060 5156 1320 5210 diluvium
1357 5153 1584 5219 accidit;
1632 5154 1870 5222 itemque
1919 5169 2144 5224 regnum

579 5251 914 5321 Sicyonium,
948 5249 1092 5318 quod
1123 5247 1400 5314 IEgialeus
1425 5246 1666 5300 omnium
1715 5246 1922 5315 primus
1953 5247 2144 5311 tenuit,

577 5354 687 5398 tum
721 5344 932 5413 Europs
957 5358 1020 5396 ac
1043 5342 1238 5398 deinde
1262 5341 1485 5396 Telchiu
1526 5358 1539 5393 :
1593 5339 1862 5408 simulque
1883 5338 2058 5395 Cretis
2089 5341 2143 5393 in

576 5437 735 5492 Creta
780 5452 1028 5506 regnum.
1087 5435 1372 5492 Acusilaus
1410 5433 1553 5488 enim
1584 5431 1928 5486 Phoroneum
1962 5432 2141 5488 homi-

648 5579 676 5607 ι
713 5569 839 5621 add.
873 5568 954 5624 Cl.
980 5570 1069 5638 ἀφ’
1107 5561 1202 5622 ὧν.

651 5698 759 5764 (95)
789 5700 1027 5784 ξῖρῃται
1053 5701 1169 5784 μὲν
1200 5697 1329 5756 οὖν.
1358 5699 1700 5784 νὶἀςξηιρθςιιιιι
1721 5697 2140 5767 aplidCIement.

580 5769 973 5824 (limem-Latin.
1008 5787 1022 5820 ι
1054 5765 1281 5832 Βινοηι.,
1316 5788 1434 5835 pug.
1460 5765 1654 5824 “lli/tl}.

653 5839 759 5911 (94)
803 5843 1146 5906 Βουληθείς.
1200 5838 1271 5895 De
1309 5842 1507 5896 Solone
1559 5842 1818 5910 loquitur,
1851 5840 1943 5908 qui
1974 5855 2149 5895 sacer-

2165 1037 2210 1093 A

2759 1035 3155 1090 ΚΕΦΑΑΑΙΟΝ
3193 1037 3293 1090 lB'.

2253 1129 2387 1185 Ἀπὸ
2430 1129 2537 1184 τοῦ
2581 1129 2811 1200 πρώτου
2859 1130 2974 1183 τῶν
3016 1129 3358 1198 Κλήμεντος
3401 1132 3447 1182 Σ
3451 1131 3744 1198 τρωματέων,

2767 1201 2898 1268 περὶ
2939 1201 3044 1254 τοῦ
3076 1201 3280 1253 αὑτοῦ.

2321 1308 2338 1339 ι
2377 1290 2606 1361 Εἴρηται
2666 1293 2763 1360 μὲν
2813 1289 2906 1344 οὖν
2966 1293 3077 1359 (95)
3121 1293 3248 1362 περὶ
3308 1290 3506 1343 τούτων
3559 1292 3746 1362 ἀκριϐῶς

2244 1381 2492 1452 Τατιανῴ
2532 1384 2590 1436 ἐν
2627 1377 2705 1448 τῷ
2726 1381 3028 1450 πρὸς-τοὺς
3044 1383 3371 1450 "Eum-aq,
3391 1383 3588 1453 εἴρηται
3615 1385 3660 1436 δὲ
3687 1387 3749 1436 καὶ

2243 1472 2533 1542 Κασσιανῴ
2571 1475 2626 1525 ἐν
2653 1474 2732 1543 τῷ
2770 1472 2971 1544 πρώτῳ
2994 1472 3102 1525 τῶν
3130 1474 3537 1542 Ἑξηγητικῶν.
3561 1477 3750 1530 Ἀπαιτεῖ

2241 1565 2285 1617 δ’
2315 1565 2463 1635 ὅμως
2499 1566 2561 1618 τὸ
2598 1565 2899 1635 ὑπόμνημα
2937 1566 3029 1618 καὶ
3061 1567 3208 1636 ἡμᾶς
3234 1566 3548 1638 ἐπιδραμεῖν
3571 1567 3631 1618 τὰ
3651 1569 3749 1620 κατᾶ

2245 1656 2334 1707 τὸν
2367 1655 2528 1711 τόπον
2568 1654 2856 1726 εἰρημένα.
2887 1656 3092 1709 Ἀπίων
3122 1654 3302 1707 τοίνυν
3343 1657 3371 1708 6
3409 1661 3750 1727 γραμματικὸς,

2239 1748 2268 1800 6
2309 1746 2695 1817 Πλειστονίκης
2754 1746 3099 1816 ἐπικληθεὶς,
3166 1747 3222 1798 ἐν
3275 1749 3341 1817 τῇ
3390 1746 3432 1799 δ’
3482 1747 3582 1800 τῶν
3623 1752 3749 1816 Αἰγυ-

2241 1839 2507 1891 πτιακῶν
2559 1838 2856 1905 ἱστοριῶν,
2920 1839 3098 1890 καίτοι
3152 1838 3624 1909 φιλαπεχθημόνως
3657 1841 3752 1909 πρὸς

2254 1929 2534 2000 Ἐϐραίους
2573 1929 2932 1999 διακείμενος,
2975 1929 3070 1981 ἅτε
3104 1929 3404 1997 Αἰγύπτιος
3442 1931 3501 1981 τὸ
3523 1931 3670 1996 γένος,
3702 1931 3752 1990 ὡς

2243 2023 2338 2074 καὶ
2384 2021 2524 2074 κατὰ
2571 2021 2840 2074 Ἰουδαίων
2891 2020 3254 2086 συντάξασθαι
3309 2020 3753 2092 βιϐλίονρΑμὼσικ

2242 2114 2333 2166 τοῦ
2378 2112 2691 2181 Αἰγυπτίων
2742 2111 3004 2181 βασιλέως
3041 2113 3388 2183 μεμνημένος
3429 2113 3518 2166 καὶ
3551 2113 3643 2165 τῶν
3669 2115 3752 2164 κατ’

2238 2209 2399 2260 αὐτὸν
2458 2204 2742 2277 πράξεων,
2799 2204 3053 2275 μάρτυρα
3094 2204 3455 2276 παρατίθεται
3489 2206 3754 2274 Πτολεμαῖον

2239 2300 2328 2354 τὸν
2356 2300 2677 2370 Μενδήσιον.
2720 2299 2828 2350 Καὶ
2857 2296 2926 2350 τὰ
2965 2297 3065 2366 τῆς
3100 2296 3300 2364 λέξεως
3341 2298 3502 2350 αὐτοῦ
3532 2292 3619 2351 ὧδε
3649 2299 3751 2368 ἔχει·

2240 2391 2566 2460 Κατέσκαψε
2617 2391 2675 2443 δὲ
2723 2389 2818 2461 τὴν
2861 2389 3113 2460 Ἀούαριν
3191 2390 3440 2459 Ἀμωσις
3465 2428 3479 2453 ,
3537 2388 3656 2444 κατὰ
3694 2389 3755 2442 ab

2240 2485 2485 2556 Ἀργεῖον
2552 2484 2840 2554 γενόμενος
2891 2483 3124 2552 Ἴναχον,
3203 2483 3280 2546 ὡς
3338 2485 3398 2537 ὲν
3438 2487 3546 2546 τοῖς
3569 2485 3756 2553 Χρόνοις

2239 2573 2546 2645 ἀνέγραψεν
2588 2575 2616 2626 6
2661 2573 2962 2644 Μενδήσιος
3005 2573 3361 2644 Πτολεμαῖος.
3417 2575 3474 2627 '0
3518 2573 3569 2626 δὲ
3608 2573 3754 2626 [1:03.5—

2248 2668 2404 2736 μαῖος
2449 2660 2602 2728 οὗτος
2628 2666 2806 2736 ἱερεὺς
2855 2665 2956 2735 μὲν
2987 2661 3076 2736 ἦν,
3118 2665 3217 2728 τὰς
3260 2667 3318 2719 δὲ
3363 2665 3471 2718 τῶν
3510 2666 3756 2733 Αἰγυπτίων

2248 2756 2514 2827 βασιλέων
2537 2757 2764 2829 πράξεις
2795 2760 2852 2812 ὲν
2880 2758 3059 2828 τρισὶν
3090 2758 3240 2821 ὅλαις
3274 2758 3560 2828 ἐκθέμενος
3590 2757 3757 2828 βίϐλοις,

2247 2848 2389 2901 κατὰ
2413 2849 2475 2901 Ἀ
2487 2849 2658 2919 μωσιν
2692 2867 2825 2919 φησι
2881 2851 2973 2902 τὸν
2995 2850 3273 2918 Αἰγύπτου
3317 2851 3552 2921 βασιλέα,
3576 2849 3758 2907 Μωσέως

2247 2941 2548 3012 ἡγουμένου
2573 2983 2588 3004 ,
2653 2941 2934 3010 γεγονέναι
2986 2941 3264 3004 Ἰουδαίοις
3320 2942 3419 3012 τὴν
3457 2942 3514 3005 ἐξ
3544 2939 3757 3008 Αἰγύπτου

2247 3036 2491 3107 πορείαν,
2533 3037 2592 3103 ἐξ
2635 3033 2710 3090 ὧν
2752 3038 3026 3090 συνῶπται
3079 3036 3222 3090 κατὰ
3259 3038 3473 3107 Ἴναχον
3514 3035 3758 3106 ἠκμακέναι

2245 3127 2335 3181 τὸν
2393 3129 2619 3182 Μωσέα.
2669 3129 2977 3200 Παλαίτερα
3019 3129 3076 3181 δὲ
3109 3129 3217 3182 τῶν
3259 3129 3580 3200 Ἑλληνικῶν
3606 3141 3760 3199 μνημο·

2247 3219 2494 3274 νεύεσθαι
2515 3221 2584 3274 τὰ
2612 3221 2926 3292 Ἀργολικὰ,
2957 3221 3026 3274 τὰ
3055 3220 3161 3274 ἀπὸ
3198 3222 3406 3292 Ἰνάχου
3445 3222 3594 3290 λέγω,
3624 3219 3758 3272 Διονύ-

2248 3330 2360 3376 σιος
2416 3315 2445 3366 6
2492 3313 2955 3387 Ἁλικαρνασσεὺς
3012 3316 3070 3368 ὲν
3123 3317 3236 3378 τοῖς
3264 3316 3514 3382 Χρόνοις
3557 3313 3756 3366 διδάσκει.

2247 3407 2462 3459 Τούτων
2507 3406 2564 3459 δὲ
2607 3408 3014 3478 τεσσαράκοντα
3068 3407 3165 3476 μὲν
3205 3402 3425 3474 γενεαῖς
3476 3407 3681 3478 νεώτερα
3713 3406 3758 3455 τὰ

2249 3499 2495 3566 Ἀττικὰ,
2520 3501 2589 3554 τά
2622 3501 2731 3554 ἀπὸ
2753 3500 3040 3572 Κέκροπος
3063 3499 3156 3551 τοῦ
3187 3499 3413 3568 διφυοῦς
3444 3501 3505 3570 δὴ
3532 3501 3614 3554 καὶ
3641 3498 3758 3552 αὖτί-

2249 3588 2457 3660 χθονος,
2487 3589 2563 3652 ὥς
2587 3607 2719 3660 φησι
2752 3589 2893 3643 κατὰ
2919 3587 3062 3651 λέξιν
3093 3589 3121 3640 ὁ
3149 3587 3418 3652 Τατιανός
3436 3604 3449 3617 ·
3485 3587 3622 3640 ὲννέα
3643 3585 3685 3637 δὲ
3713 3584 3761 3634 τὲ

2266 3680 2558 3751 Ἀρκαδικά
2591 3681 2660 3734 τά
2696 3680 2804 3734 ἀπὸ
2839 3679 3149 3747 Πελασγοῦ·
3194 3678 3414 3746 λέγεται
3448 3677 3504 3731 δὲ
3542 3677 3624 3730 καὶ
3649 3667 3760 3733 οὗτος

2251 3772 2550 3841 αὐτόχθων.
2577 3771 2794 3825 Τούτων
2830 3771 2886 3823 δὲ
2911 3771 3084 3823 ἄλλων
3108 3770 3253 3822 δυοῖν
3288 3769 3528 3842 νεώτερα
3555 3769 3616 3822 τὰ
3633 3768 3760 3819 Φθιω-

2247 3863 2372 3919 τικὰ
2387 3863 2454 3917 τὰ
2475 3865 2582 3917 ἀπὸ
2601 3863 2987 3928 Δευκαλίωνος.
3003 3864 3096 3927 Et;
3119 3862 3175 3915 δὲ
3195 3862 3286 3915 τὸν
3306 3864 3499 3934 χρόνον
3519 3863 3613 3916 τῶν
3631 3860 3758 3929 Τρωϊ-

2248 3957 2362 4012 κῶν
2391 3958 2498 4011 ἀπὸ
2523 3958 2731 4028 Ἰνάχου
2774 3959 2960 4027 γενεαὶ
2997 3958 3094 4028 μὲν
3139 3958 3367 4022 εἴκοσιν,
3405 3958 3438 4028 ἢ
3473 3959 3563 4027 μιᾷ
3601 3955 3763 4014 πλείους

2245 4049 2674 4120 διαριθμοῦνται·
2706 4048 2800 4119 ἔτη
2832 4049 2909 4113 δὲ,
2943 4048 3017 4111 ὡς
3045 4048 3174 4112 ἔπος
3198 4050 3396 4111 εἰπεῖν,
3427 4055 3471 4102 u'
3501 4049 3584 4102 καὶ
3605 4047 3758 4116 πρόσω.

2249 4140 2314 4192 Εἰ
2345 4139 2402 4193 δὲ
2430 4139 2498 4193 τὰ
2545 4140 2844 4210 Ἀσσυρίων
2896 4138 3112 4202 πολλοῖς
3167 4139 3314 4192 ἔτεσι
3350 4137 3665 4210 πρεσϐύτερα
3685 4133 3761 4186 τῶν

2261 4230 2581 4300 Ἑλληνικῶν
2599 4244 2625 4271 ιι
2644 4231 2887 4301 Κτησίας
2908 4230 3054 4298 λέγει
3103 4232 3424 4302 φανήσεται.
3452 4230 3536 4300 Τῷ
3583 4226 3761 4295 δευτέρῳ

2249 4321 2344 4374 καὶ
2370 4320 2803 4391 τετρακοσιοστῷ
2827 4319 2936 4373 ἔτει
2957 4322 3056 4391 τῆς
3079 4320 3385 4391 Ἀσσυρίων
3409 4318 3575 4391 ἀρχῆς
3591 4357 3604 4379 ,
3631 4315 3706 4383 τῆς
3720 4311 3759 4361 δὲ

2249 4412 2521 4484 Βηλούχου
2570 4412 2662 4464 τοῦ
2717 4411 2905 4479 ὀγδόου
2969 4412 3288 4474 δυναστείας
3327 4411 3408 4481 τῷ
3451 4409 3658 4478 δευτέρῳ
3692 4403 3759 4454 καὶ

2247 4503 2574 4575 τριακοστῷ,
2612 4506 2645 4574 ἡ
2673 4503 2916 4566 Μωσέως
2945 4503 3088 4557 κατὰ
3139 4503 3390 4572 Ἀμωσιν
3418 4501 3505 4554 τὸν
3527 4497 3758 4568 Αἰγύπτιον

2249 4596 2345 4649 καὶ
2381 4595 2522 4649 κατὰ
2555 4597 2762 4664 Ἴναχον
2789 4593 2881 4646 τὸν
2907 4594 3150 4664 Ἀργεῖον
3195 4593 3253 4660 ἐξ
3278 4593 3550 4662 Αἰγύπτου
3579 4590 3754 4657 κίνησις-

2250 4684 2357 4741 Tliv
2399 4689 2456 4741 δὲ
2503 4687 2644 4740 κατὰ
2686 4687 2785 4757 τὴν
2820 4686 3046 4741 Ἐλλάδα
3094 4689 3234 4742 κατὰ
3282 4691 3383 4762 μὲν
3420 4687 3660 4760 Φορωνέα,
3697 4681 3758 4733 τὸν

2254 4782 2369 4852 μετ’
2405 4763 2634 4851 Ἴναχον,
2684 4782 2712 4832 ὁ
2741 4780 2832 4832 ἐπὶ
2860 4779 3090 4849 Ὠγύγου
3141 4781 3538 4850 κατακλυσμὸςς
3565 4771 3758 4841 καῖὴέν

2250 4871 2481 4926 Σικυῶνι
2537 4870 2779 4940 βασιλεία
2824 4872 3043 4942 πρώτου
3100 4871 3198 4943 μὲν
3225 4872 3550 4940 Αἰγιαλέως,
3594 4865 3690 4921 εἶτα
3717 4860 3756 4913 δὲ

2251 4965 2531 5036 Εὔρωπος,
2577 4962 2693 5019 εἶτα
2731 4965 3012 5035 Τελχῖνος,
3057 4966 3151 5018 καὶ
3192 4965 3225 5034 ἠ
3259 4964 3477 5035 Κρητὸς
3519 4966 3570 5015 ὲν
3594 4957 3756 5029 Κρήτη-

2251 5055 2597 5121 Ἀκουσίλαος
2637 5058 2745 5128 γὰρ
2796 5057 3047 5128 Φορωνέα
3101 5055 3317 5127 πρῶτον
3373 5055 3649 5125 ἀνθρώπων
3692 5063 3756 5112 γε-

2251 5149 2435 5202 νέσθαι
2476 5149 2658 5217 λέγει’
2703 5150 2826 5202 ὅθεν
2882 5150 2976 5202 καὶ
3011 5151 3038 5201 ὁ
3078 5150 3176 5218 τῆς
3221 5149 3547 5216 Φορωνίδος
3586 5140 3756 5209 ποιητὴς

2252 5236 2391 5296 εἶναι
2424 5243 2583 5297 αὐτὸν
2625 5241 2728 5313 ἔφη
2756 5241 2967 5312 πατέρα
3013 5240 3222 5311 Θνητῶν
3260 5240 3569 5310 ἀνθρώπων.
3598 5228 3756 5288 Ἐντεῦο

2253 5336 2344 5389 Θεν
2393 5339 2422 5389 6
2445 5337 2668 5391 Πλάτων
2707 5337 2766 5388 ὲν
2796 5335 3027 5405 Τιμαίῳ,
3073 5333 3538 5403 κατακολουθήσας
3564 5330 3753 5381 Ἀκουσι-

2253 5427 2384 5498 λάῳ,
2421 5430 2648 5499 γράφει·
2685 5429 2792 5482 Καί
2837 5444 2966 5480 ποτε
3017 5428 3348 5499 προαγαγεῖν
3397 5421 3647 5496 βουληθεὶς
3675 5412 3754 5485 (9i)

2255 5703 2410 5756 dotes
2463 5697 2746 5769 A‘lgyptios
2782 5717 2898 5753 eam
2945 5701 2996 5753 in
3042 5698 3458 5769 disputationem
3509 5689 3757 5765 pertrahor!

2256 5773 2570 5826 conabatur.
