3840 6370
555 322 653 376 831

1191 317 1461 372 EUSEBII
1500 315 1983 373 CIESARIENSIS
2020 315 2171 371 OPP.
2205 314 2383 371 PARS
2422 316 2484 370 II.
2526 346 2596 358 --
2632 314 3132 372 APOLOGETICA.
3657 321 3734 377 832

555 436 683 491 anni
736 444 846 490 tres
900 443 954 489 et
1009 435 1288 505 sexaginta
1356 435 1703 504 colliguntur.
1792 434 2126 500 Quibuscum

2243 437 2379 503 κοῖς.
2433 437 2563 492 Ἀπὸ
2590 438 2688 508 τῆς
2726 424 3065 507 Ἡρακλέους
3087 435 3144 487 ἐν
3182 435 3370 505 Ἀργει
3404 434 3649 504 βασιλείας
3669 440 3738 493 ἐπὶ

557 528 902 597 ιΕεουΙιιρίυε
964 542 1028 581 ac
1098 526 1420 598 Tyndaridae
1488 528 1853 598 navigarunt,
1918 537 1978 583 ut
2049 538 2129 583 te-

556 629 731 674 statur
794 619 1116 689 Apollonius
1172 617 1415 675 Rhodius
1470 621 1523 674 in
1590 620 1981 689 Argonauticis.
2047 622 2131 674 Ab

557 710 806 766 llerculis
870 711 1072 781 Argivo
1130 728 1336 781 regno,
1394 712 1463 766 ad
1506 713 1768 781 ’ejusdem
1834 728 1898 766 ac
1970 711 2131 768 simul

557 803 856 872 lEsculapii
943 806 1447 869 consecrationem,
1535 806 1663 859 anni
1728 814 1851 860 octo
1922 814 1976 860 et
2038 806 2134 859 tri-

558 897 704 964 gi‘nta
744 899 811 947 ab
844 896 1173 964 Apollodoro
1240 898 1669 968 Chronographo
1751 906 2129 952 numerantur.

559 985 726 1056 599
755 984 880 1040 Inde
907 986 975 1041 ad
1020 988 1251 1043 similem
1285 988 1532 1044 Castoris
1564 1006 1629 1044 ac
1656 987 1897 1042 Pollucis
1933 1001 2130 1042 conse-

2234 529 2335 600 τὴν
2395 528 2721 601 Ἡρακλέους
2764 524 2929 580 αὐτοῦ
2971 525 3066 579 καὶ
3120 525 3437 595 Ἀσκληπιοῦ
3488 526 3737 581 ἀποθέωσιν

2236 620 2330 692 ἔτη
2374 621 2663 689 συνάγεται
2694 619 2796 690 λη’,
2832 616 2971 688 μετὰ
3007 616 3098 670 τὸν
3126 616 3489 688 χρονογράφον
3536 618 3739 673 ’Δπολλός

2239 711 2431 782 δωρον·
2461 710 2708 765 ἐντεῦθεν
2738 711 2795 763 δὲ
2832 709 2923 761 ἐπὶ
2964 708 3061 779 τὴν
3092 708 3368 779 Κάστορος
3412 710 3499 761 καὶ
3534 709 3742 763 Πολυδεὺ-

2239 820 2367 865 κους
2418 802 2719 855 ἀποθέωσιν
2755 800 2848 872 ἔτη
2892 806 2999 867 νγ’·
3043 799 3271 853 ἐνταῦθά
3318 817 3416 852 που
3444 801 3591 871 καὶὴ
3627 802 3741 855 Ἰλίου

2239 892 2559 963 κατάληψις.
2586 892 2649 945 Εἰ
2675 891 2730 945 δὲ
2754 890 2860 961 χρὴ
2882 888 3158 943 πείθεσθαι
3180 890 3272 943 καὶ
3306 889 3522 960 Ἡσιόδῳ
3544 891 3611 962 τῷ
3629 908 3744 960 ποιη-

2235 986 2325 1053 τῇ,
2360 983 2679 1053 ἀκούσωμεν
2710 981 2894 1035 αὑτοῦ·

558 1077 881 1141 arationem,
909 1087 1021 1133 tres
1049 1087 1103 1131 et
1126 1078 1547 1148 quinquaginta,
1578 1094 1689 1149 quo
1715 1080 1931 1135 circiter
1954 1078 2117 1132 etiam
2157 1083 2400 1146 tempore
2427 1086 2645 1144 captum
2668 1086 2752 1130 est
2776 1072 2954 1129 llinm.
3011 1072 3168 1139 Quod
3198 1074 3244 1129 si
3298 1073 3529 1130 Hesiodo
3578 1088 3745 1144 quoque

559 1176 731 1236 poeta:
749 1166 907 1222 ﬁdem
933 1168 1133 1224 habere
1157 1170 1355 1239 placet,
1387 1186 1485 1241 age
1509 1171 1785 1225 hominem
1818 1170 2127 1236 audiamus,

559 1282 805 1353 Iuppiter
836 1285 1099 1339 illustrem
1130 1286 1281 1340 Maia
1316 1304 1381 1342 ea:
1410 1290 1682 1343 Atlantide
1708 1298 1892 1342 natum

562 1354 908 1429 {lere-arium,
942 1358 1100 1429 terris
1128 1375 1373 1426 superum
1403 1360 1656 1412 mandata
1693 1361 1939 1429 ferentem

564 1424 839 1499 Sustulit,
860 1427 1060 1479 wtlierii
1093 1424 1307 1481 consors
1337 1446 1453 1499 qua:
1489 1430 1631 1498 facta
1663 1424 1873 1483 citbilis.

560 1493 631 1547 At
665 1494 867 1549 Semele
896 1498 1073 1566 g'enuit
1111 1493 1390 1567 proclivem
1416 1501 1470 1552 in
1489 1493 1695 1570 'gandia
1720 1498 2006 1552 Bacchum.

562 1606 809 1664 Cadmus
831 1619 978 1665 certe
1009 1613 1227 1681 quidem
1254 1624 1514 1682 regnante
1544 1612 1758 1685 Lynceo
1792 1610 2008 1669 Thebas
2040 1627 2132 1667 ve-

563 1700 665 1766 nit,
690 1700 989 1771 Graecaque
1012 1705 1213 1772 reperit
1235 1705 1521 1759 elementa.
1542 1705 1705 1760 Isidis
1728 1706 1955 1775 aequalis
1975 1703 2132 1758 Trio-

570 1808 667 1861 pas
698 1792 821 1858 fuit,
854 1804 1010 1849 atate
1038 1808 1161 1864 post
1188 1798 1446 1852 Inachum
1479 1798 1742 1867 septima:
1778 1800 1965 1853 Ionem
2003 1811 2134 1852 vero

566 1887 814 1940 nonnulli
861 1903 978 1941 eam
1024 1890 1396 1957 appellarunt,
1439 1888 1529 1943 διὰ
1589 1888 1649 1942 τὸ
1696 1889 1851 1954 ἰέναι,
1897 1889 2003 1944 hoc
2051 1896 2136 1944 est

570 1980 716 2047 quod
748 1987 920 2034 totum
963 1981 1151 2035 orbem
1184 1982 1419 2036 errando
1453 1981 1787 2046 circumiret,
1818 1981 1889 2035 ita
1921 1996 2133 2035 nuncu-

573 2071 957 2139 patam'luisse
990 2073 1345 2129 arbitrantur.
1380 2075 1638 2128 Eamdem
1685 2074 1840 2140 Ister,
1874 2075 2015 2129 libro
2057 2074 2135 2128 De

568 2160 948 2231 ngyptiorum
990 2163 1220 2230 colonia,
1266 2163 1569 2219 Promethei
1610 2165 1771 2221 tiliam
1809 2175 1992 2231 vocat,
2039 2164 2134 2234 qui

570 2250 784 2320 Triopae
812 2267 1036 2321 suppar,
1070 2255 1197 2307 totis
1231 2263 1438 2322 septem
1478 2255 1727 2308 artatibus
1773 2252 1917 2309 Mose
1951 2263 2134 2323 poste-

565 2343 677 2396 rior
711 2342 829 2397 fuit.
868 2343 947 2398 Ex
998 2345 1198 2414 quibus
1250 2345 1495 2410 edicitur,
1539 2345 1743 2399 Mosem
1789 2357 1914 2400 ante
1950 2346 2131 2411 illam,

568 2450 689 2505 quae
732 2451 761 2489 a
802 2434 1006 2491 Graecis
1048 2437 1331 2501 statuitur,
1368 2438 1651 2493 hominum
1695 2438 2132 2507 procreationem

566 2527 837 2582 ﬂoruisse.
870 2526 980 2581 Leo
1001 2536 1282 2597 prieterca,
1308 2528 1353 2583 is
1384 2527 1478 2598 qui
1513 2527 1742 2580 Deorum
1758 2522 2131 2595 Egyptiorum

568 2613 847 2671 historiam
906 2619 1266 2686 conscripsit,
1322 2617 1427 2672 Isin
1478 2634 1507 2672 a
1562 2617 1764 2671 Graecis
1819 2618 2134 2672 hominibus

571 2703 820 2758 Cererem
877 2708 1058 2762 vocari
1116 2709 1293 2772 docet,
1348 2724 1469 2777 quae
1518 2708 1716 2778 Lyncei
1768 2708 2133 2776 temporibus,

570 2804 725 2849 aetate
758 2808 877 2865 post
908 2797 1109 2853 Mosem
1134 2800 1439 2863 undecima,
1464 2800 1617 2853 vixit.
1646 2799 1786 2865 Quin
1810 2800 1972 2853 etiam
2004 2801 2134 2871 Apis

568 2901 664 2941 rex
694 2887 1044 2955 Argivorum,
1076 2897 1135 2942 ut
1165 2888 1357 2943 scribit
1397 2889 1706 2958 Aristippus
1746 2889 2130 2945 libroArcadi-

2234 1301 2379 1367 Ζηνί
2408 1299 2460 1353 δ’
2494 1299 2584 1367 ἄρ’
2618 1296 2918 1362 Ἀτλαντὶς
2938 1297 3100 1367 Μαίη
3124 1294 3255 1349 τέκε
3285 1294 3531 1367 κύδιμον
3564 1296 3745 1365 Ἑρμῆν,

2232 1364 2453 1438 Κήρυκ’
2487 1364 2817 1429 ἀθανάτων,
2853 1365 3012 1438 ἱερὸν
3034 1366 3213 1438 λέχος
3240 1364 3614 1438 εξᾳαναὸᾶσα.

2232 1435 2496 1509 Καδμείη
2523 1440 2575 1491 δ’
2609 1438 2723 1506 ἄρα
2758 1435 2986 1506 Σεμέλη
3015 1435 3147 1509 τέκε
3184 1435 3468 1503 φαίδιμον
3490 1438 3627 1509 υἱὸν,

2231 1506 2503 1581 Μιχθεῖσ’
2541 1509 2611 1562 ἐν
2639 1508 2932 1578 φιλότητι,
2964 1506 3314 1560 Διώνυσσον
3342 1506 3653 1574 πολυγηθῆ.

2232 1622 2453 1693 Κάδμος
2482 1620 2578 1692 μὲν
2601 1622 2630 1673 ό
2651 1618 2893 1690 Σεμέλης
2920 1616 3101 1689 πατὴρ
3130 1616 3223 1670 ἐπὶ
3249 1617 3510 1685 Λυγκέως
3539 1620 3591 1681 ἐς
3612 1619 3748 1691 Θήϐας

2240 1714 2473 1785 ἔρχεται,
2531 1712 2627 1765 καὶ
2668 1711 2777 1764 τῶν
2833 1708 3154 1781 Ἑλληνικῶν
3195 1709 3537 1780 γραμμάτων
3575 1711 3749 1781 εὑρετὴς

2238 1805 2467 1874 γίνεται.
2522 1803 2766 1874 Τριόπας
2818 1801 2875 1855 δὲ
2923 1803 3207 1873 συγχρονεί
3262 1801 3422 1854 Ἴσιδι
3460 1801 3550 1874 (2),
3598 1804 3750 1877 ἑϐδόμῃ

2239 1896 2402 1967 γενεᾷ
2425 1894 2534 1948 ἀπὸ
2572 1893 2798 1963 Ἰνάχου.
2825 1893 2947 1945 Elei.
2971 1893 3028 1946 δὲ
3050 1893 3098 1945 οἳ
3119 1892 3217 1964 τὴν
3252 1891 3342 1946 Ίὼ
3364 1893 3440 1964 (5)
3463 1910 3603 1962 φασι,
3624 1895 3695 1947 διὰ
3710 1896 3750 1947 τὸ

2244 1985 2378 2038 ἰέναι
2404 1984 2573 2054 αὐτὴν
2600 1983 2689 2037 διὰ
2722 1982 2901 2053 πάσης
2932 1982 3029 2053 τῆς
3060 1982 3163 2052 γῆς
3185 1982 3563 2054 πλανωμένην.
3587 1985 3751 2057 Ταύτην

2239 2073 2285 2126 δ’
2318 2073 2527 2141 Ἴστρος
2571 2071 2630 2123 έν
2644 2069 2721 2141 τῷ
2737 2069 2876 2138 Περὶ
2892 2069 3349 2141 τῆς-Αἰγυπτίων
3362 2068 3624 2140 ἀποικίας
3648 2076 3750 2143 Προ-

2244 2162 2458 2234 μηθέως
2480 2161 2751 2232 θυγατέρα
2772 2160 2922 2231 φησί.
2947 2160 3269 2233 Προμηθεὺς
3293 2162 3353 2214 δὲ
3381 2162 3519 2217 κατὰ
3546 2163 3752 2235 Τριόπαν,

2241 2253 2442 2323 ἐϐδόμῃ
2474 2254 2634 2322 γενεᾷ
2670 2252 2806 2322 μετὰ
2845 2251 3064 2304 Μωσέα·
3103 2251 3243 2304 ὥστε
3308 2254 3406 2307 καὶ
3436 2254 3537 2325 πρὸ
3561 2256 3642 2324 τῆς
3663 2254 3751 2307 καθ’

2246 2344 2514 2414 ’Έλληνας
2564 2343 3005 2414 ἀνθρωπογονίας
3045 2346 3073 2396 ὁ
3130 2345 3357 2414 Μωσῆς.
3400 2346 3545 2399 Λέων
3580 2346 3629 2399 δὲ
3656 2347 3679 2398 ό
3706 2345 3751 2399 τὲ

2235 2435 2376 2504 Περὶ
2403 2434 2523 2489 τῶν
2550 2452 2660 2490 κατ
2676 2436 2689 2451 ⁸
2705 2432 3012 2503 Αἴγυπτον
3035 2430 3186 2487 θεῶν
3227 2437 3751 2507 πραγματευσάμενος.

2240 2526 2338 2597 τὴν
2356 2527 2496 2578 Ἶσιν
2522 2523 2626 2577 ὑπὸ
2656 2522 2921 2595 Ἐλλήνων
2945 2526 3233 2597 Δήμητραν
3264 2528 3541 2581 καλεῖσθαί
3564 2526 3752 2599 (metth

2240 2617 2382 2671 κατὰ
2410 2616 2630 2684 Λυγκέα
2667 2614 2875 2684 γίνεται
2913 2615 3175 2689 ἑνδεκάτῃ
3203 2617 3432 2688 ὓστερον
3470 2620 3618 2690 γενεᾷ
3664 2620 3751 2671 Mei-

2242 2707 2399 2772 σέως.
2448 2708 2613 2769 "Am;
2653 2722 2715 2759 τε
2742 2709 2770 2759 ὁ
2802 2707 3039 2777 ’Ἄργους
3069 2707 3325 2777 βασιλεὺς
3351 2709 3568 2780 Μέμφιν
3592 2707 3754 2772 οἰκίζει,

2239 2797 2315 2863 ὥς
2339 2814 2502 2869 φησιν
2540 2797 2890 2869 Ἀρίστιππος
2913 2799 2971 2850 ἐν
2999 2796 3187 2870 πρώτῃ
3227 2799 3591 2868 Ἀρκαδικῶν·
3619 2797 3751 2852 ταῦτα

2238 2888 2295 2941 δὲ
2331 2887 2609 2960 Ἀριστέας
2643 2889 2672 2939 ὁ
2714 2888 2951 2957 Ἀργεῖος
2985 2889 3427 2960 ἐπονομασθῆναί
3468 2907 3589 2960 φησι
3627 2889 3749 2959 Σάρι-

567 2994 749 3030 carum
776 2977 1145 3033 Historiarum
1170 2977 1668 3048 primo,Memphim
1693 2978 1952 3045 condidit,
1973 2994 2126 3048 quem

2243 2997 2356 3046 πιν,
2384 2980 2477 3035 καὶ
2506 2976 2696 3033 τοῦτον
2736 2975 2899 3042 εἶναι,
2933 2979 2991 3031 ὃν
3021 2980 3310 3048 Αἰγύπτιοι
3335 2981 3565 3036 σέϐουσι.
3587 2980 3759 3051 Nupsi-

565 3071 817 3124 eumdem
848 3070 1093 3126 Aristeas
1124 3071 1358 3142 Argivus
1390 3070 1619 3140 Sarapin
1656 3072 2019 3134 nominatum,
2049 3081 2133 3126 at-

565 3178 671 3231 que
696 3163 847 3216 illum
882 3164 1060 3232 ipsum
1093 3178 1212 3217 esse
1250 3170 1502 3224 testatur,
1530 3176 1692 3230 quem
1724 3162 1911 3216 colunt
1966 3163 2133 3234 Egy-

565 3254 688 3323 ptii.
734 3254 802 3307 At
847 3253 1267 3325 Nymphodorus
1321 3252 1828 3321 Amphipolitanus,
1874 3252 2015 3306 libro
2057 3253 2133 3307 De

568 3348 801 3399 moribus
844 3348 989 3399 Asia:
1037 3346 1216 3409 tertio,
1257 3346 1414 3414 Apim
1451 3345 1602 3399 illum
1649 3344 1889 3400 Taurum
1940 3361 2127 3415 quem-

567 3438 691 3491 dam
735 3438 904 3492 fuisse
948 3437 1043 3503 ait,
1088 3452 1248 3508 quem
1294 3444 1416 3505 post
1452 3445 1684 3490 mortem
1732 3436 1845 3491 sale
1888 3451 2135 3491 macera-

569 3542 705 3596 tum,
754 3540 919 3599 atque
957 3530 1011 3584 in
1061 3530 1182 3598 ejus
1224 3528 1488 3583 (Immonis
1521 3528 1743 3598 templo,
1785 3528 1943 3599 cujus
1994 3543 2133 3599 pra:-

2238 3074 2410 3145 δωρος
2433 3072 2488 3127 δὲ
2514 3073 2543 3124 ό
2579 3070 2968 3142 Ἀμφιπολίτης
3000 3073 3057 3125 ὲν
3085 3072 3254 3143 τρίτῳ
3275 3076 3551 3143 Νομίμων
3590 3072 3755 3136 Ἀσίας,

2240 3162 2330 3216 τὸν
2368 3162 2530 3215 Ἀπιν
2554 3161 2629 3231 (4)
2652 3161 2747 3214 τὸν
2773 3160 2983 3233 Ταῦρον
3010 3162 3411 3234 τελευτήσαντα
3438 3164 3530 3218 καὶ
3556 3179 3745 3232 ταριχευ

2241 3256 2403 3309 θέντα
2426 3256 2503 3318 είς
2528 3253 2682 3328 σορὸν
2714 3253 3094 3308 ἀποτεθεῖσθαι
3124 3256 3182 3308 ὲν
3215 3255 3296 3327 τῷ
3318 3256 3434 3327 ναῷ
3460 3255 3550 3309 τοῦ
3571 3253 3758 3325 τιμωμέ-

2240 3366 2331 3403 νου
2357 3349 2631 3421 δαίμονος,
2680 3349 2969 3405 κάντεῦθεν
2998 3350 3262 3423 Σορὸαπιν
3294 3351 3560 3423 κληθῆναι
3584 3351 3662 3403 καὶ
3683 3349 3751 3401 Σά-

2246 3457 2407 3511 ραπιν
2433 3441 2510 3513 (5)
2538 3439 2784 3514 ὕστερον.
2816 3444 2980 3506 Ἀπις
3010 3442 3066 3497 δὲ
3100 3443 3280 3515 τρίτος
3307 3444 3422 3499 ἀπὺ
3454 3444 3656 3515 Ἰνάχου.
3682 3440 3759 3492 Nai

2241 3530 2345 3605 μὴν
2368 3532 2401 3603 ἡ
2425 3530 2585 3602 Λητὼ
2618 3532 2759 3586 κατὰ
2786 3533 2976 3587 Τιτυὸν
3008 3535 3239 3601 γίνεται·

567 3623 759 3690 cipuus
822 3620 964 3690 apud
1002 3636 1097 3675 eos
1141 3620 1320 3675 cultus
1360 3630 1495 3686 erat,
1538 3620 1701 3692 σορῷ,
1739 3620 1845 3675 hoc
1898 3628 1980 3675 est
2018 3619 2199 3676 loculo
2237 3623 2542 3688 conditum,
2581 3621 2846 3693 Soroapin
2890 3624 3015 3681 inde
3045 3627 3245 3696 primo,
3282 3634 3405 3682 tum
3435 3625 3650 3697 Sarapin
3681 3636 3755 3677 no-

567 3714 848 3767 minarint.
874 3714 1004 3783 Apis
1029 3726 1207 3769 autem
1233 3715 1301 3769 ab
1321 3715 1521 3770 Inacho
1546 3715 1737 3771 tertius
1760 3716 1985 3771 exstitit.
2016 3714 2137 3771 Jam
2174 3714 2383 3772 Latona
2418 3716 2559 3789 Tityi
2593 3720 2818 3789 aequalis
2842 3730 2981 3788 erat,

634 3829 894 3884 Latonam
934 3831 1038 3885 sibi
1069 3848 1291 3903 namque
1321 3831 1466 3886 Iovis
1500 3834 1718 3888 sociavit
1750 3835 2010 3898 amicam,

565 3942 819 4011 idemque
870 3942 1007 3997 vixit
1050 3958 1172 3997 cum
1209 3942 1457 3999 Tantalo.
1506 3944 1636 4002 Jure
1686 3945 1852 4018 igitur
1891 3924 2133 4002 Baiotius

571 4033 843 4088 Pindarus
868 4034 1086 4101 cecinit,

638 4149 887 4219 Tempore
913 4160 1054 4204 certo
1082 4162 1235 4205 natus
1267 4149 1456 4219 Apollo
1480 4159 1579 4206 est.

566 4263 675 4319 Nec
704 4264 755 4318 id
787 4264 1029 4334 profecto
1061 4266 1260 4321 mirum
1290 4265 1560 4329 videatur,
1600 4281 1724 4321 cum
1765 4276 1993 4335 ipsemet
2026 4283 2133 4322 una

566 4372 690 4412 cum
730 4355 959 4411 Hercule
993 4371 1212 4426 operam
1252 4355 1485 4410 Admeto
1524 4356 1844 4412 mercenarii
1892 4358 2007 4412 vice
2035 4373 2132 4411 na-

566 4463 629 4500 va
641 4446 775 4500 verit
790 4487 805 4511 ,

639 4557 978 4628 .....Magnus
1020 4574 1128 4612 sese
1158 4559 1285 4611 dum
1309 4559 1527 4613 volveret
1555 4576 1745 4615 annus.

572 4669 687 4725 Sub
726 4668 916 4726 Cadmi
965 4679 1211 4740 tempora
1258 4669 1460 4726 Zethus
1503 4679 1557 4725 et
1592 4671 1865 4742 Amphion
1907 4671 2133 4727 musica:

570 4764 879 4819 inventores
922 4764 1198 4821 exstitere.
1232 4765 1310 4820 Ac
1341 4764 1386 4819 si
1441 4765 1565 4833 quis
1605 4765 1729 4830 erit,
1776 4765 1870 4834 qui
1901 4762 2133 4819 Phemo-

568 4870 708 4909 noen
756 4856 967 4911 Acrisio
1007 4856 1237 4927 primam
1284 4856 1448 4927 500
1479 4858 1703 4911 oracula
1750 4857 2017 4912 cecinisse
2049 4856 2132 4911 di-

568 4955 688 5013 cet,
743 4946 1043 5019 intelligat,
1100 4956 1224 5019 post
1265 4950 1512 5003 eamdem
1572 4947 1922 5003 Phemonoen
1972 4948 2131 5003 annis

567 5048 773 5107 septem
820 5055 885 5094 ac
926 5040 1137 5111 viginti,
1179 5041 1477 5110 Orpheum,
1518 5039 1801 5104 Musaeum,
1837 5048 2001 5109 atque
2035 5038 2131 5094 Li-

568 5145 699 5183 num
727 5128 976 5184 Herculis
1022 5143 1405 5199 praeceptorem
1434 5130 1705 5186 ﬂoruisse.
1737 5128 2005 5185 Homerus
2034 5144 2133 5185 au-

570 5227 677 5273 tem
722 5228 775 5273 et
827 5219 1119 5288 Hesiodus,
1171 5229 1231 5275 ut
1274 5219 1527 5289 Trojanis
1578 5220 1914 5289 temporibus
1960 5220 2133 5275 multo

564 5309 814 5380 juniores
854 5309 1027 5378 fuere,
1056 5312 1131 5367 ita
1160 5313 1320 5384 longo
1350 5320 1475 5383 post
1508 5321 1803 5369 utrumoue
1849 5313 2132 5368 interval-lo

640 5467 715 5538 (2)
755 5470 945 5524 Ἴσιδι.
993 5467 1200 5524 Nomen
1248 5470 1403 5525 Isidis
1433 5485 1501 5525 ex
1543 5468 1820 5525 Clemente
1863 5469 2134 5540 supplevi-

571 5552 728 5600 mus,
761 5541 906 5607 quod
940 5541 992 5594 in
1025 5542 1258 5595 Eusebio
1295 5543 1516 5606 deerat;
1556 5542 1660 5595 Isis
1700 5541 1845 5595 enim
1881 5542 1972 5594 illa
2019 5549 2131 5607 est,

569 5622 734 5674 quam
767 5620 1026 5664 seouente
1058 5626 1216 5665 versu
1253 5614 1311 5663 lo
1338 5612 1535 5665 dictam
1563 5627 1687 5666 esse
1719 5612 2027 5665 confirmat.

642 5678 718 5750 (ὅ)
758 5679 893 5730 Εἰσὶ
923 5678 994 5750 δὲ(
1016 5680 1073 5732 οἳ
1099 5681 1212 5747 τὴν
1246 5680 1344 5743 Ἰώ,
1375 5691 1478 5736 etc.
1510 5682 1664 5750 Apud
1694 5678 2024 5738 Clementem
2060 5682 2130 5737 ita

570 5748 784 5816 legitur,
811 5750 951 5801 Ἶσιν
981 5749 1055 5814 δὲ,
1088 5751 1185 5821 τὴν
1211 5752 1304 5805 καὶ
1339 5753 1423 5805 Ἰώ
1448 5748 1632 5822 φασιν.

2313 3835 2485 3905 Λητὼ
2513 3835 2588 3908 (6)
2613 3836 2723 3907 γὰρ
2752 3835 2989 3904 ἧλκησε
3018 3834 3150 3903 Διὸς
3182 3836 3420 3906 κυδρὴν
3448 3836 3755 3906 παράκοιτιν.

2243 3951 2434 4013 Τιτυὸς
2455 3951 2512 4003 δὲ
2538 3950 2876 4021 συνεχρόνισε
2899 3949 3173 4022 Ταντάλῳ.
3198 3950 3443 4015 Εἰκότως
3466 3954 3570 4025 ἄρα
3593 3952 3618 4003 ὁ
3634 3947 3759 4004 Βοιὼ-

2234 4056 2346 4101 τιος
2370 4039 2629 4111 Πίνδαρος
2658 4041 2881 4111 γράψει’

2385 4150 2481 4204 Ἐν
2510 4152 2706 4219 χρόνῳ
2729 4149 2796 4204 δὲ
2824 4151 3009 4221 γένετ’
3047 4152 3369 4207 Ἀπόλλων.

2231 4265 2342 4318 Καὶ
2369 4264 2518 4318 οὐδὲν
2558 4262 2886 4335 θαυμαστὸν,
2910 4267 3039 4319 ὅπου
3073 4282 3136 4334 γε
3171 4284 3264 4319 και
3292 4267 3547 4339 Ἀδμήτῳ
3569 4264 3758 4337 θητεύων

2232 4355 2546 4427 εὑρίσκεται
2580 4357 2676 4411 σὺν
2705 4356 2799 4410 καὶ
2838 4355 3095 4428 Ἠρακλεῖ

2534 4556 2736 4628 Μέγαν
2760 4559 2848 4621 είς
2876 4559 3170 4613 ἐνιαυτόν.

2233 4668 2402 4740 Ζῆθος
2445 4669 2501 4723 δὲ
2543 4670 2636 4723 καὶ⁹
2686 4671 2928 4741 Ἀμφίων
2976 4674 3029 4725 οἱ
3089 4673 3355 4744 μουσικῆς
3410 4672 3618 4745 εὑρεταὶ
3662 4670 3756 4740 περὶ

2231 4761 2329 4830 τὴν
2372 4760 2591 4832 Κάδμου
2638 4763 2925 4831 γεγόνασιν
2968 4764 3203 4836 ἡλικίαν.
3232 4766 3352 4819 Κᾶν
3394 4784 3479 4830 τις
3512 4768 3631 4837 ἡμῖν
3656 4764 3755 4832 λέγῃ

2231 4854 2511 4925 Φημονόην
2576 4855 2798 4927 πρώτην
2856 4858 3246 4929 χρησιμρδῆσαι
3322 4859 3607 4933 Ἀκρισίῳ,
3673 4853 3756 4909 ἀλλ’

2238 4944 2386 5009 ἴστω,
2440 4946 2522 4998 ὅτι
2579 4945 2718 5016 μετὰ
2772 4947 3077 5019 Φημονόην,
3131 4948 3307 5003 ἔτεσιν
3345 4949 3569 5021 ὕστερον
3607 4946 3755 5013 κζ’,οἱ

2236 5037 2361 5107 περὶ
2408 5037 2645 5107 Ὀρφέα,
2700 5038 2793 5091 καὶ
2830 5039 3128 5103 Μουσαῖον,
3178 5041 3270 5093 καί¹
3307 5042 3465 5095 Δῖνον
3506 5041 3594 5093 τὸν
3632 5039 3757 5109 Ἡραο

2235 5126 2421 5189 κλέους
2458 5126 2790 5180 διδάσκαλον·
2836 5131 3079 5200 Ὅμηρος
3118 5130 3175 5182 δὲ
3213 5131 3307 5186 καὶ
3348 5132 3581 5193 Ἠσίοδος

2233 5215 2486 5289 νεώτεροι
2526 5217 2636 5270 τῶν
2674 5218 2936 5283 Ἰλιακῶν,
2975 5218 3092 5271 μεθ’
3118 5217 3212 5281 οὓς
3249 5219 3441 5289 μακρῷ
3470 5217 3696 5287 νεώτεροι
3720 5213 3755 5264 οἱ

2234 5309 2363 5379 παρ’
2385 5308 2606 5380 Ἕλλησι
2627 5310 2929 5381 νομοθέται,
2952 5309 3266 5382 Λυκοῦργός
3287 5328 3343 5363 τε
3366 5312 3458 5364 καὶ
3482 5311 3663 5373 Σόλων,
3684 5304 3755 5358 καὶ

2306 5466 2384 5537 (4)
2428 5468 2762 5541 Τόνῌᾌπιν.
2809 5469 2875 5524 Et
2904 5471 3041 5525 hanc
3067 5482 3353 5541 utramque
3375 5484 3560 5526 vocem
3580 5484 3637 5523 ex
3664 5464 3753 5520 Cle-

2235 5548 2415 5594 mente
2448 5539 2776 5595 addidimus.

2305 5607 2380 5679 (5)
2411 5609 2519 5661 Καὶ
2564 5608 2847 5677 Σάραπιν.
2887 5610 3048 5665 Addit
3088 5609 3336 5666 Clemens
3381 5618 3503 5666 ante
3543 5606 3751 5676 ὕστερον,

2236 5678 2489 5751 συνηθείᾳ
2519 5680 2621 5751 τινὶ
2645 5679 2759 5751 ςῶν
2787 5681 3083 5751 ἐγχωρίων.

2308 5749 2382 5820 (6)
2416 5748 2605 5817 Λητώ.
2645 5748 2980 5818 γθῖευςιςεὶ,
3007 5751 3195 5820 Odyss.
3226 5752 3291 5816 A,
3315 5750 3413 5805 579
