3840 6370
125 327 212 383 855

1186 319 1505 377 ΡΒᾸΞΡΑΒ.
1556 321 1806 376 EVANG.
1851 323 1973 377 LIB.
2015 323 2083 376 Χ.

3209 333 3314 389 85-5

118 464 159 517 οἰ
185 459 302 515 ἑπτὰ
332 457 493 528 σοφοὶ.
521 459 574 512 οἵ
594 477 651 513 τε
677 461 820 531 ἀμφὶ
845 461 936 514 τὸν
965 460 1157 532 Σύριον
1189 458 1520 530 Φερεκύδην,
1547 460 1638 511 Πυ-

1751 460 1924 516 Grmci
1977 459 2337 530 legislatores,
2389 459 2700 531 Lyeurgus,
2747 460 2943 529 Solon,
2999 479 3319 538 septemque

120 553 315 625 θαγόραν
336 553 421 605 τὸν
448 553 643 621 μέγαν,
674 554 822 607 κάτω
848 571 948 607 που
983 555 1112 626 περὶ
1140 553 1238 616 τὰς
1281 550 1645 621 Ὀλυμπιάδας

118 644 369 713 γενόμενοι,
414 642 489 705 ὡς
539 645 984 715 παρεστήσαμεν.
1042 643 1152 697 Καὶ
1205 641 1344 697 θεῶν
1391 640 1498 712 ἄρα
1537 640 1646 694 τῶν

119 734 340 788 πλείστων
370 733 495 804 παρ’
546 734 825 804 Ἕλλησιν,
874 736 932 788 ού
983 735 1139 806 μόνον
1186 734 1297 787 τῶν
1342 731 1645 802 λεγομένων

119 825 263 894 σοφῶν
281 842 334 877 τε
367 825 457 878 καὶ
512 826 775 896 ποιητῶν,
809 829 835 880 ὁ
867 827 1072 896 Μωσῆς
1103 827 1231 896 ἡμῖν
1271 822 1645 877 ἀποδέδεικται

116 914 451 986 πρεσύύτερος.
487 933 507 968 ι
540 915 727 968 Ταῦτα
749 917 841 970 καὶ
867 918 895 970 ὁ
922 916 1172 987 Κλήμης.
1221 915 1362 968 Ἀλλ’
1391 914 1512 966 ἐπεὶ
1541 912 1646 984 πρὸ

115 1005 198 1057 τῶν
220 1004 476 1076 ἡμετέρων
508 1004 852 1077 ἐσπουδάσθη
887 1005 980 1058 καὶ
1003 1005 1185 1068 αὐτοῖς
1223 1001 1491 1076 Ἐϐραίων
1518 1018 1646 1054 παι-

117 1095 180 1146 σὶν
207 1096 232 1164 η
260 1096 585 1165 προκειμένη
615 1095 987 1167 πραγματεία,
1021 1094 1202 1160 καλῶς
1230 1094 1296 1148 ἂν
1321 1094 1433 1165 ἔχοι
1457 1093 1555 1147 καὶ¹
1579 1091 1648 1146 τὰ

115 1188 275 1241 τούτων
329 1187 576 1240 συνιδεῖν.
635 1188 923 1259 Χρήσομαι
976 1187 1033 1240 δὲ
1078 1186 1198 1239 ἀντὶ
1253 1185 1471 1239 πάντων
1525 1185 1646 1245 ταῖς

115 1279 293 1332 Olonico
334 1281 598 1350 Ἰωσήπου
635 1284 857 1350 φωναῖς.

1751 549 2062 618 sapientes:
2117 565 2216 603 nec
2264 566 2370 604 non
2430 549 2767 623 Pherecydes
2812 553 2900 608 ille
2949 553 3152 625 Syrus,
3203 573 3321 613 ma—

1751 656 2002 710 gnusque
2048 639 2419 711 Pythagoras,
2474 658 2614 711 quos
2671 644 2850 700 adhuc
2897 647 3166 715 posterius
3218 649 3321 704 sub

1752 731 2120 802 olympiadum
2160 731 2373 786 initium
2419 743 2577 788 natos
2621 750 2745 789 esse
2788 736 2901 802 jam
2951 740 3314 796 ostendimus.

1751 820 1829 874 Ex
1885 821 2086 890 quibus
2125 823 2380 878 omnibus
2429 822 2634 878 Mosem
2692 825 2901 894 utique,
2954 827 3159 885 Graecis
3210 831 3318 886 illis

1755 930 1861 967 non
1913 912 2250 982 sapientibus
2297 922 2504 968 tantum
2561 931 2625 970 ac
2670 919 2867 987 poetis,
2913 935 3100 975 verum
3151 923 3316 977 etiam

1753 1000 2026 1071 plerisque
2058 1002 2378 1057 numinibus
2408 1005 2772 1074 antiquiorem
2810 1007 2982 1064 fuisse
3021 1020 3254 1065 constat.
3295 1031 3313 1063 ι

1751 1091 1930 1161 Atque
1974 1106 2042 1146 ex
2085 1090 2360 1148 Clemente
2396 1093 2681 1150 hactenus.
2737 1096 2842 1153 Sed
2888 1101 3145 1169 quoniam
3194 1111 3320 1157 ante

1756 1193 1977 1239 nostros
2005 1185 2275 1249 homines,
2310 1186 2414 1240 hoc
2443 1185 2496 1240 in
2535 1192 2836 1257 argumenti
2884 1207 3078 1261 genere
3108 1191 3316 1248 Hasbrei

1745 1277 1941 1333 versati
1995 1287 2153 1342 sunt,
2223 1278 2443 1333 illorum
2497 1281 2662 1335 etiam
2711 1283 3020 1339 testimonia
3072 1284 3319 1356 proferre

114 1375 244 1444 iuvat.
283 1372 405 1428 Mihi
452 1382 640 1428 tamen
667 1371 886 1425 Flavius
919 1369 1189 1441 Josephus
1237 1372 1339 1427 hoc
1386 1371 1506 1427 loco
1537 1371 1713 1426 instar
1753 1369 1999 1424 omnium
2045 1369 2229 1426 fuerit.

579 1468 970 1521 ΚΕΦΑΛΑῙΟΝ
1020 1467 1118 1520 II".

119 1577 219 1635 Ἀπὸ
261 1577 357 1631 τοῦ
376 1647 380 1648 ί
397 1578 640 1646 πρώτου
677 1579 796 1632 τῶν
839 1582 1101 1634 Φλαυΐου
1158 1579 1450 1646 Ἰωσήπου
1501 1579 1632 1648 περί

323 1647 432 1717 τῆς
464 1648 588 1701 τῶν
633 1649 935 1703 Ἰουδαίων
961 1650 1368 1718 ἀρχαιότητος.

162 1758 178 1790 ι
213 1739 459 1810 ’Δρξομαι
480 1740 539 1792 δὲ
566 1739 643 1811 (7)
671 1739 884 1810 πρῶτον
904 1741 1014 1795 ἀπὸ
1036 1740 1143 1794 τῶν
1170 1743 1299 1811 παρ’
1319 1742 1638 1810 Αἰγυπτίοις

116 1831 412 1900 γραμμάτων.
446 1831 608 1884 Αὐτὰ
635 1832 732 1902 μὲν
763 1828 855 1884 οὖν
885 1832 984 1903 ούχ
1011 1829 1120 1885 οἷόν
1155 1833 1227 1902 (8)
1261 1850 1319 1886 τε
1354 1833 1644 1905 παρατίθε-

110 1922 202 1976 σθαι
231 1923 498 1975 τάκείνων
525 1923 793 1986 Μάνεθως
822 1924 879 1976 δὲ
907 1924 966 1977 τὸ
986 1925 1140 1993 γένος
1161 1925 1474 1994 Αἰγύπτιος,
1506 1925 1644 1998 ἀνὴρ

108 2015 180 2082 τῆς
238 2014 546 2084 Ἑλληνικῆς
614 2013 967 2086 μετεσχηκὼς
1023 2017 1305 2081 παιδείας,
1360 2018 1436 2079 ὡς
1487 2017 1646 2088 δῆλρς

108 2109 212 2169 ἐπι,
235 2106 463 2177 γέγραφε
489 2107 608 2175 γὰρ
644 2106 852 2159 Ἑλλάδι
887 2109 1034 2178 φωνῇ
1071 2106 1168 2178 τὴν
1223 2109 1451 2180 πάτριον
1506 2109 1644 2162 ἰστο-

109 2197 218 2267 ρίαν,
247 2198 301 2249 ἐκ
321 2215 377 2249 τε
410 2197 522 2250 τῶν
550 2197 734 2269 ἱερῶν,
758 2198 832 2261 ῶς
856 2215 1019 2269 φησιν
1051 2199 1233 2263 αὐτὸς,
1269 2200 1640 2272 μεταφράσας,

109 2289 150 2352 ὃς
171 2289 248 2342 καὶ
275 2288 434 2342 πολλὰ
456 2289 552 2342 τὸν
589 2289 870 2361 Ἡρόδοτον
901 2290 1111 2361 ἐλέγχει
1135 2291 1242 2344 τῶν
1261 2292 1643 2360 Αἰγυπτιακῶν

109 2381 175 2434 ὑπ’
202 2382 401 2448 ἀγνοίας
432 2381 793 2451 ἐψευσμένον·
830 2374 984 2446 οὗτος
1015 2382 1078 2454 δὴ
1115 2383 1292 2436 τοίνυν
1321 2384 1350 2434 ὁ
1381 2382 1644 2446 Μάνεοως

107 2473 149 2524 ἐν
175 2476 228 2543 τῇ
255 2473 469 2544 δευτέρα
511 2472 628 2525 τῶν
656 2473 1069 2542 Αἰγυπτιακῶν
1109 2473 1280 2527 ταῦτα
1318 2474 1446 2546 περὶ
1489 2474 1642 2545 ἡμῶν

106 2565 293 2633 γράψει’
323 2564 724 2636 παραθήσομαι
755 2563 811 2616 δὲ
843 2564 942 2635 τὴν
982 2563 1124 2630 λέξιν
1168 2564 1352 2627 αὐτοῦ,
1393 2564 1642 2636 καθάπερ

107 2656 229 2710 αὑτὸν
249 2658 444 2710 ἐκεῖνον
478 2655 827 2726 παραγαγὼν
865 2656 1136 2727 μάρτυρα.
1178 2654 1284 2708 Τοῦ
1313 2655 1539 2725 Τίμαιος
1564 2657 1640 2728 (9)

106 2749 332 2818 ὀνόματος·
355 2750 446 2801 ἐπὶ
467 2747 666 2800 τούτου
686 2747 782 2799 οὐκ
807 2742 902 2799 οἷδ’
924 2749 1071 2808 ὅπως
1091 2749 1118 2799 ὁ
1139 2746 1267 2809 Θεὸς
1288 2747 1639 2811 ἀντέπνευσε,

107 2837 177 2890 καὶ
200 2839 497 2908 παραδόξως
527 2842 600 2892 ὲκ
624 2837 731 2890 τῶν
770 2839 904 2910 πρὸς
936 2837 1196 2908 ἀνατολὴν
1227 2838 1404 2908 μερῶν
1431 2837 1642 2911 ἄνθρω-

108 2947 175 2982 ποι
199 2932 249 2983 τὸ
275 2932 426 2999 γένος
448 2931 684 3000 ἄσημοι,
720 2929 1256 3002 καταθαρῤἠσαντες,
1283 2929 1375 2980 ἐπὶ
1406 2929 1501 3000 τὴν
1531 2928 1640 3000 χώ-

110 3039 184 3091 ραν
217 3026 597 3094 ἐστράτευσαν,
640 3023 732 3076 καὶ
761 3021 960 3092 ῥᾳδίως
992 3022 1234 3092 ἀμαχητὶ
1266 3021 1467 3092 ταύτην
1503 3021 1642 3075 κατὰ

2336 1463 2567 1519 CAPUT
2597 1463 2736 1520 Xlll.

1747 1578 1834 1633 Ea:
1865 1578 2044 1634 Flavii
2068 1579 2282 1650 Iosephi
2317 1581 2490 1649 primo
2521 1579 2598 1634 De
2629 1581 2945 1651 antiquitate
2975 1581 3311 1639 Judworum.

1820 1757 1839 1790 ι
1872 1735 1987 1805 Ego
2019 1751 2166 1800 vero,
2195 1736 2390 1806 inquit,
2425 1736 2494 1790 ab
2521 1736 2853 1809 Egyptiacis
2877 1738 3067 1794 litteris
3098 1738 3313 1793 initium

1748 1828 1968 1894 faciam,
2001 1843 2232 1898 quarum
2267 1837 2326 1883 ut
2353 1829 2499 1884 nulla
2526 1829 2682 1884 nobis
2728 1846 2823 1900 per
2850 1845 2968 1885 sese
3009 1832 3164 1900 copia
3208 1833 3313 1899 sit,

1743 1919 2033 1974 Manethus
2076 1928 2255 1974 tamen
2305 1919 2596 1991 rEgyptius
2631 1935 2847 1992 genere,
2898 1923 2983 1976 vir
3027 1923 3080 1976 in
3129 1922 3314 1978 Graeca

1743 2011 2052 2066 eruditione
2100 2021 2368 2074 versatus,
2401 2012 2478 2066 uti
2526 2028 2592 2067 ex
2660 2028 2725 2067 eo
2773 2013 3114 2082 intelligitur,
3167 2014 3313 2086 quod

1744 2100 1929 2157 Graece
1977 2103 2206 2172 patriam
2250 2102 2538 2157 historiam
2585 2104 2885 2173 scripserit,
2917 2119 3060 2170 eam,
3095 2116 3153 2162 ut
3197 2109 3315 2177 ipse

1743 2195 2045 2262 prolitetur,
2076 2209 2107 2248 e
2139 2194 2314 2248 sacris
2349 2194 2735 2264 interpretatus
2782 2195 2964 2250 libris:
3007 2197 3099 2266 qui
3148 2199 3312 2252 etiam

1744 2283 2074 2340 llerodotum
2121 2287 2292 2339 multa
2335 2295 2554 2355 pr0pter
2594 2287 2991 2357 ignorationem
3042 2289 3097 2342 in
3147 2304 3315 2359 expo-

1743 2375 1937 2430 nendis
2020 2376 2183 2431 rebus
2236 2375 2574 2448 {Egyptiacis
2625 2394 2880 2447 peccasse
2953 2378 3311 2435 demonstrat.

1743 2463 1835 2520 llle
1882 2465 2048 2536 igitur
2107 2465 2472 2521 Historiarum
2524 2467 2899 2538 Afgyptiarum
2933 2473 3194 2537 secundo,
3237 2471 3312 2525 ita

1741 2555 1809 2609 de
1844 2555 2003 2609 nobis
2033 2555 2259 2610 scribit:
2310 2556 2432 2626 ejus
2462 2557 2664 2627 quippe
2696 2559 2859 2614 verba
2889 2559 3134 2629 proferre
3161 2561 3312 2627 libet,

1741 2649 1886 2718 quod
1918 2648 2094 2716 ipsum
2114 2650 2193 2703 uti
2224 2659 2416 2704 testem
2449 2651 2683 2721 aliquem
2714 2651 3010 2721 producam
3036 2672 3048 2706 :
3083 2651 3307 2724 Regem,

1743 2738 1950 2807 inquit,
1995 2739 2124 2792 olim
2181 2738 2478 2795 habuimus
2527 2739 2791 2795 Timaeum
2847 2741 3100 2796 nomine:
3155 2742 3315 2813 cujus

1743 2841 2004 2900 tempore,
2039 2847 2166 2886 cum
2209 2832 2366 2886 nobis
2401 2830 2542 2887 Deus
2573 2835 2758 2887 nescio
2807 2849 2916 2903 quo
2965 2845 3126 2904 pacto
3169 2845 3314 2889 esset

1742 2925 1954 2991 iratior,
2000 2940 2070 2980 ex
2112 2925 2360 2994 partibus
2405 2924 2774 2980 Orientalibus
2809 2927 3058 2981 homines
3089 2927 3312 2996 ignobili

1741 3031 1936 3086 genere
1977 3015 2052 3069 illi
2103 3016 2344 3084 quidem,
2391 3016 2485 3071 sed
2524 3024 2702 3070 tamen
2750 3016 2993 3070 audacia:
3027 3017 3192 3086 pleni,
3222 3033 3308 3070 re-

109 3116 264 3185 κράτος
285 3099 438 3172 εἶλον.
463 3117 584 3169 Καὶ
613 3114 855 3182 ἐπιλέγει
884 3113 1020 3184 μετὰ
1046 3113 1267 3185 βραχέα⁹
1289 3113 1562 3166 Ἐκαλεῖτο
1583 3113 1638 3166 δὲ

1749 3107 2024 3178 pentinum
2069 3108 2210 3162 hanc
2261 3108 2315 3161 in
2372 3109 2652 3179 regionem
2708 3110 2970 3179 impetum
3030 3109 3311 3177 fecerunt;

109 3206 190 3277 tlil)
208 3208 257 3260 τὺ
281 3209 497 3277 σύμπαν
519 3205 706 3260 αὐτῶν
736 3205 885 3269 ἔθνος
919 3203 1376 3276 Ὑκουσσώς(11)·
1411 3205 1566 3259 τοῦτο
1583 3204 1640 3261 δέ

106 3297 194 3349 ἐστι
217 3297 438 3367 βασιλεῖς
467 3297 748 3366 ποιμένες.
781 3294 853 3348 Τὸ
872 3293 978 3366 γὰρ
1006 3295 1132 3359 Ὓκ,
1152 3294 1273 3347 καθ’
1296 3294 1444 3364 ἱερὰν
1461 3295 1640 3363 γλῶσ-

108 3403 198 3450 σαν,
219 3388 468 3452 βασιλέα
504 3387 780 3458 σημαίνει·
819 3386 878 3440 τὸ
908 3387 964 3439 δὲ
999 3385 1479 3458 υύσσώς,ποιμήν
1502 3387 1640 3452 ἐστι,

106 3481 176 3534 καὶ
205 3480 463 3551 ποιμένες
499 3481 649 3534 κατὰ
688 3479 782 3550 τὴν
813 3479 995 3550 κοινὴν
1041 3478 1336 3531 διάλεκτονο
1377 3479 1470 3531 καὶ
1500 3478 1642 3531 οὓτω

108 3570 432 3642 συντιθέμενον
447 3573 664 3640 γίνεται
689 3570 701 3588 ⁸
714 3568 1052 3634 Υκουσσώς.
1071 3570 1225 3632 Τινὲς
1240 3569 1295 3622 δὲ
1310 3569 1522 3637 λέγουσι
1540 3573 1638 3625 αύ-

105 3662 200 3725 toil;
221 3663 451 3735 ’Ἄραϐας
481 3659 643 3714 εἶναι·
668 3661 725 3712 ὲν
744 3661 787 3713 δ’
807 3661 950 3731 ἄλλῳ
977 3660 1295 3732 ἀντιγράφω
1316 3661 1374 3714 ού
1407 3662 1640 3732 βασιλεῖς

109 3753 416 3819 σημαίνεσθαι
471 3751 568 3806 διὰ
597 3753 700 3822 τῆς
739 3750 1047 3815 ’Υκουσσὼς
1094 3752 1204 3822 (1‘2)
1249 3752 1637 3823 προσηγορίας,

251 3844 558 3897 τούναντίον
599 3841 976 3912 αἰχμαλώτους
1020 3840 1308 3912 δηλοῦσθαι
1354 3843 1635 3913 ποιμένας.

106 3931 162 3984 ra
184 3934 723 4005 γὰρ’1’κουσσὼς(15)
743 3935 1085 4002 Αἰγυπτιστὶ,
1111 3933 1205 3986 καὶ
1237 3934 1296 3987 τὺ
1317 3933 1388 3987 hx
1416 3935 1638 3988 δασυνὸ-

109 4039 250 4093 tum,
268 4025 650 4097 αἰχμαλώτους
678 4025 858 4096 ῥητῶς
883 4023 1094 4096 μηνύει.
1121 4025 1230 4079 Καὶ
1255 4025 1410 4079 τοῦτο
1441 4026 1638 4097 μᾶλλον

107 4110 427 4186 πιθανώτερόν
488 4131 584 4186 μοι
641 4114 918 4185 φαίνεται,
973 4113 1067 4167 καὶ
1113 4113 1347 4178 παλαιᾶς
1402 4115 1638 4188 ἱστορίας

106 4201 334 4272 ἐχόμενον.
406 4207 647 4270 Τούτους
707 4206 763 4260 δὲ
823 4207 950 4269 τοὺς
1006 4208 1639 4278 προκατωνομασμένους

107 4289 336 4358 βασιλέας,
373 4298 470 4350 καὶ
512 4301 641 4360 τοὺς
679 4297 784 4351 τῶν
823 4300 1094 4369 ποιμένων
1130 4298 1239 4371 (Η)
1272 4299 1634 4371 καλουμένων,

108 4386 177 4438 καί
203 4391 314 4454 τοὺς
360 4391 419 4457 ἐξ
473 4390 657 4444 αύτῶν
702 4392 1024 4462 γενομένους
1052 4393 1322 4464 κρατῆσαι
1350 4395 1449 4464 τῆς
1471 4395 1637 4462 Αἰγύ-

1746 3213 1977 3268 eamque
2018 3196 2177 3253 facile
2227 3198 2520 3252 admodum
2580 3212 2645 3251 ac
2689 3197 2805 3252 sine
2848 3215 3026 3269 pugna
3081 3200 3312 3270 subege~

1744 3299 1894 3344 runt.
1930 3289 2066 3344 Tum
2109 3290 2299 3360 paucis
2346 3290 2679 3360 interiectis:
2731 3291 2896 3356 Gens,
2949 3292 3156 3361 inquit,
3215 3307 3311 3347 eo-

1739 3399 1864 3438 rum
1910 3383 2165 3437 universa
2211 3381 2520 3453 Hycoussos
2571 3382 2887 3448 vocabatur,
2939 3382 3043 3436 hoc
3095 3391 3178 3437 est
3224 3397 3312 3436 re-

1741 3491 1836 3546 ges
1896 3484 2163 3545 pastores.
2225 3473 2340 3546 llyc
2409 3475 2555 3530 enim
2601 3475 2653 3528 in
2714 3489 2868 3528 sacra
2916 3474 3100 3545 lingua
3142 3491 3313 3550 regem

1741 3577 1936 3634 sonat;
1986 3565 2195 3622 Oussos
2229 3577 2408 3621 autem
2444 3567 2719 3621 communi
2751 3566 3016 3621 vocabulo
3045 3582 3310 3636 pastorem

1738 3665 2089 3728 pastoresque
2135 3658 2437 3728 signiﬁcat;
2499 3658 2642 3712 unde
2693 3673 2796 3712 vox
2841 3659 3143 3727 composita
3192 3657 3309 3729 Hy-

1740 3764 1975 3802 coussos.
2015 3746 2156 3801 Sunt
2189 3757 2366 3801 tamen
2399 3749 2489 3818 qui
2526 3747 2735 3803 Arabes
2781 3747 2905 3802 illos
2948 3741 3105 3813 501
3142 3749 3312 3804 fuisse

1740 3838 1952 3894 velint:
2016 3840 2262 3908 adeoque
2306 3837 2360 3892 in
2408 3838 2515 3892 alio
2558 3839 2794 3908 quodam
2845 3840 3162 3908 exemplari,
3212 3857 3312 3895 no-

1739 3929 1892 3983 mine
1924 3927 2017 3983 illo
2065 3927 2402 4000 Hycoussos,
2437 3944 2546 3982 non
2578 3944 2754 4000 reges,
2788 3930 2882 3984 sed
2916 3931 3099 3999 potius
3133 3933 3309 4001 capti-

1737 4036 1838 4077 vos
1871 4029 2118 4092 pastores
2156 4020 2408 4075 indicari.
2443 4019 2586 4075 Sane
2635 4021 2854 4091 quidem
2904 4021 3038 4095 Hyc,
3073 4034 3127 4078 et
3173 4022 3308 4090 llac,

1739 4113 1784 4168 si
1812 4129 1935 4168 cum
1973 4113 2306 4183 aspiratione
2336 4112 2628 4178 scribatur,
2676 4114 2923 4182 captivos
2961 4115 3180 4184 proprie
3210 4131 3309 4170 no-

1741 4203 2104 4271 minatimque
2168 4201 2457 4270 signiﬁcat.
2510 4201 2686 4270 Atque
2732 4200 2786 4253 id
2835 4201 2968 4254 mihi
3017 4200 3306 4256 verosimi-

1737 4294 1846 4350 lius
1894 4295 2131 4358 videtur,
2170 4294 2453 4363 magisque
2494 4309 2618 4349 cum
2661 4295 2885 4361 antiqua
2919 4293 3146 4347 historia
3176 4309 3308 4348 con-

1741 4395 2083 4442 sentaneum.
2129 4384 2254 4440 lllos
2299 4385 2465 4455 igitur
2509 4399 2700 4455 regum
2747 4385 2875 4439 olim
2917 4393 3308 4454 pastorumque

107 4495 212 4533 πτου
236 4486 389 4555 φησὶν
425 4486 525 4557 ἔτη
561 4485 696 4555 πρὸς
722 4487 834 4548 τοῖς
859 4492 910 4554 φ’
935 4492 1022 4540 ια’.
1049 4484 1206 4538 Μετὰ
1238 4485 1411 4540 ταῦτα
1440 4486 1495 4540 δὲ
1526 4487 1634 4541 τῶν

1749 4479 1960 4534 nomine
2005 4477 2331 4548 appellatos,
2366 4477 2790 4547 eorumdemque
2836 4484 3084 4546 posteros
3138 4475 3307 4546 ,Εεν-

107 4569 157 4623 lx
175 4573 259 4643 τῆς
283 4575 546 4646 Θηϐαΐδος
585 4577 680 4630 καὶ
720 4576 816 4647 τῆς
854 4575 1018 4648 ἄλλης
1057 4578 1334 4646 Αἰγύπτου
1375 4578 1635 4649 βασιλέων

107 4665 314 4728 γενέσθαι
348 4669 515 4739 φησὶν
547 4669 640 4722 ἐπὶ
678 4673 804 4734 τοὺς
838 4669 1099 4740 ποιμένας
1131 4670 1515 4736 ἐπανάστασιν,
1544 4672 1635 4726 καὶ

164 4866 227 4937 (7)
250 4869 518 4938 Ἀρξομαι
563 4867 650 4922 δέ.
680 4866 906 4940 ‘anum
955 4868 1097 4924 hunc
1126 4869 1269 4940 leges
1312 4871 1452 4940 apud
1481 4869 1635 4926 Jose—

106 4934 242 5002 phum
272 4934 358 4992 lib.
393 4934 423 4994 1⁷
438 4941 637 4994 Contra
655 4937 932 5006 Apionem,
963 4953 1083 5008 pag.
1111 4934 1246 4994 1039
1274 4934 1402 4995 edit.
1428 4939 1636 4995 Graeco-

109 5011 205 5081 bat.
229 5021 286 5064 ex
311 5025 448 5065 vers.
480 5009 745 5081 Gessenii.
784 5008 893 5081 Hos
917 5017 1098 5081 autem
1157 5019 1344 5081 contra
1369 5011 1628 5081 Apionem

111 5073 261 5143 libros,
289 5081 420 5149 Περὶ
461 5079 560 5150 τῆς
591 5079 698 5131 τῶν
735 5073 1635 5150 Ἰουδαίων,ἀρχαιότητοςξίιιεειδί-

109 5153 208 5212 ptos
237 5147 379 5210 esse,
402 5165 470 5217 est
500 5147 600 5202 hoc
629 5149 786 5203 titulo
818 5149 884 5203 15
910 5147 1324 5217 conjicipossit.

165 5216 227 5286 (8)
258 5220 370 5288 Ούχ
400 5215 533 5272 οἶόν
555 5236 620 5272 τε
645 5234 854 5286 παρατ.
881 5215 1186 5272 τάκείνων.
1213 5217 1423 5288 Optima
1451 5221 1629 5286 lectio,

107 5298 159 5361 es
187 5302 279 5361 qu_a
302 5287 520 5359 Josephi
547 5291 838 5361 editionem
869 5291 1106 5361 corrigas
1125 5327 1138 5350 ,
1168 5290 1220 5342 in
1257 5287 1361 5359 qua
1397 5291 1589 5361 legitur
1613 5307 1627 5343 :

109 5359 198 5424 υὺχ
215 5357 326 5410 οἴων
344 5377 403 5412 τε
430 5357 569 5430 παρ.
593 5359 876 5413 κάκείνων·
900 5374 1020 5430 quae
1043 5357 1306 5426 interpres
1336 5361 1407 5414 ita
1437 5357 1628 5423 Feddil,

107 5439 212 5498 quas
239 5444 334 5481 non
358 5427 690 5483 arbitrantur
721 5427 1082 5483 commendare
1115 5445 1230 5498 qua:
1274 5444 1455 5486 nostra
1485 5441 1628 5485 sunt.

109 5489 326 5551 Divinare
353 5503 454 5552 hoc
491 5498 611 5553 fuit.

163 5563 228 5634 (9)
261 5569 366 5640 Τοῖς
400 5571 650 5639 Τίμαιος.
683 5569 1106 5640 Supplenduset
1152 5570 1502 5638 corrigendus
1543 5571 1630 5626 hic

110 5629 236 5712 ltitith
257 5629 952 5712 εξ-ιοεὲριιοξορυιίὴιιθῖη
998 5639 1282 5712 Manethus
1299 5629 1405 5712 "ille
1437 5643 1516 5696 sic
1547 5642 1628 5712 in-

110 5705 244 5782 cipit,
297 5705 536 5782 Ἐγένετο
585 5705 832 5782 βασιλεὺς
889 5712 1021 5780 ἡμῖν
1076 5711 1280 5779 Τίμαος
1329 5711 1516 5781 ὄνομα.
1569 5709 1625 5763 In

115 5777 297 5832 nomine
327 5779 549 5849 Τίμαιος
582 5777 712 5837 nihil
750 5777 1067 5836 mutandum
1106 5777 1288 5850 putavi
1320 5777 1458 5850 quod
1495 5782 1627 5836 mihi

1739 4571 1812 4640 pti
1883 4569 2222 4624 dominatum
2295 4570 2534 4625 tenuisse
2600 4567 2888 4623 Manethus
2961 4568 3069 4634 ait,
3147 4568 3308 4622 annis

1739 4663 1956 4718 circiter
2004 4663 2255 4719 undecim
2290 4677 2455 4733 supra
2483 4661 2831 4735 quingentos.
2878 4659 3018 4714 Tum
3059 4674 3186 4716 vero
3208 4674 3304 4714 su-

1734 4867 1801 4923 de
1825 4881 1951 4921 vera
1982 4865 2130 4919 il'ins
2159 4862 2516 4932 appellatione
2547 4877 2652 4914 non
2685 4867 2976 4932 constaret.

1805 4938 1917 5004 (10)
1960 4927 2260 4989 Ἐκαλεῖτο
2286 4934 2370 4986 δέ.
2401 4931 2620 5004 Just-ph.
2655 4946 2773 5000 pag.
2809 4927 2968 5004 ιοιο.

1807 4995 1918 5077 (Η)
1965 5005 2064 5078 Τὸᾼ
2077 5005 2327 5078 quarm?
2359 4995 2557 5078 aera»?
2587 4995 2763 5066 ἕθιιοξι
2809 4995 3161 5078 Ὑκοιςσρνῴς.
3194 4995 3301 5078 -.1οο

1734 5069 1911 5146 εερίιᾙ
1939 5077 2002 5128 τὸ
2042 5069 2191 5151 ἔθνος
2233 5072 2464 5136 ’Υκσώς,
2508 5087 2681 5151 quam
2707 5084 2892 5151 vocem
2947 5069 3138 5151 deinde
3190 5075 3297 5151 tam

1733 5136 2298 5217 constanteriretinet,
2329 5159 2510 5217 quan:
2526 5136 2793 5217 Eusebius
2831 5136 3157 5217 ’Υκουσσώς.
3191 5136 3299 5189 Nec

1733 5217 1892 5271 facile
1935 5217 2006 5270 sit
2051 5215 2256 5270 homini
2304 5208 2412 5267 non
2445 5210 2739 5282 Egyptio,
2775 5224 2957 5264 veram
3009 5208 3295 5261 lectionem

1732 5288 1997 5342 divinare.

1804 5357 1914 5428 (l2)
1958 5354 2312 5428 ’Υκουσσὼς.
2337 5351 2577 5428 ‘Joseph.
2626 5360 2836 5405 tantum
2853 5348 2986 5419 Ὗκ,
3007 5345 3099 5400 sed
3135 5344 3296 5410 male,

1731 5423 2273 5502 utiegisequentihus
2302 5423 2457 5502 plane
2490 5429 2724 5502 constat.
2937 5495 2950 5502 _
3035 5499 3045 5502 _
3163 5483 3186 5502 ν

1802 5497 1914 5567 (15)
1956 5487 2316 5567 ’ᾒκουσσώςξ
2339 5491 2437 5547 llic
2469 5493 2706 5546 vicissim
2723 5487 3294 5559 reponctantttm"1‘x,

1729 5582 1795 5623 ex
1810 5563 1939 5620 cod.
1972 5563 2228 5636 Josepho.

1803 5638 1913 5710 (14)
1943 5638 2050 5690 Καὶ
2080 5625 2220 5710 fotu;
2243 5636 2360 5688 τῶν
2381 5647 2544 5710 acut.
2575 5628 3036 5710 .l‘osephus‘delet~
3055 5625 3168 5690 καί,
3190 5640 3284 5710 τετ-

1730 5701 1906 5771 ctiits,
1945 5717 2001 5761 ut
2049 5707 2259 5760 videtur
2294 5723 2307 5758 :
2342 5705 2444 5758 nisi
2498 5702 2655 5756 malis
2688 5702 2810 5762 τοὺς
2857 5701 2920 5752 ὲκ
2970 5701 3078 5750 τῶν
3138 5709 3295 5762 ποιμ,

1730 5779 1873 5848 quod
1903 5793 2089 5832 eorum
2121 5792 2186 5832 ex
2218 5789 2443 5830 numero
2476 5787 2626 5842 reges
2659 5781 2989 5827 crearentur.
