3840 6370
542 313 651 370 853
1268 313 1537 371 EUSEBII
1577 312 2051 370 tJ/ESARIENSIS
2083 312 2234 369 OPP.
2256 312 2435 369 PARS
2470 312 2618 368 ll.—
2639 308 3138 368 APOLOGETICA.
3649 322 3731 375 835

542 437 785 498 sceptam
859 426 1123 482 adversus
1181 441 1276 481 eos
1324 426 1393 480 ab
1438 424 1731 482 Thebaidis
1783 443 1849 483 ac
1900 427 2058 495 reliqt

2223 426 2455 497 πόλεμον
2514 427 2852 498 συρραγῆναι
2905 428 3077 498 μέγαν
3119 428 3216 481 καὶ
3257 428 3602 499 πολυχρόνιον.
3636 432 3733 487 Ἐπί

540 515 759 589 Egypti
800 518 1019 587 regibus
1051 516 1467 585 expeditionem,
1499 506 1811 586 bellumque
1853 533 2018 587 grave
2050 535 2056 570 :

2215 517 2273 570 δὲ
2310 516 2588 587 βασιλέως,
2634 511 2678 586 ᾧ
2722 519 2893 589 ὄνομα
2937 514 3075 572 εἶναι
3120 519 3592 590 Μισφραγούθωσις
3625 522 3731 589 (15),

542 608 867 663 diuturnum
911 610 1054 663 inter
1091 607 1242 678 ipsos
1285 611 1579 665 conﬂatum
1623 608 1815 665 fuisse.
1869 609 2055 664 'l‘ande

2214 612 2555 681 ἡττωμένους
2605 613 2739 682 φησί
2784 613 2910 675 τοὺς
2958 612 3241 681 ποιμένας,
3287 612 3383 665 καὶ
3424 613 3489 665 ἐκ
3530 612 3618 682 μὲν
3657 617 3728 682 τῆς

546 702 650 755 sub
712 715 840 771 rege
896 701 1171 769 quodam,
1232 701 1320 754 cui
1374 701 1867 773 Misphraguthosis
1914 717 2062 755 nomt

2213 700 2379 771 ἄλλης
2402 700 2675 769 Αἰγύπτου
2704 702 2977 765 ἐκπεσεῖν,
3018 700 3475 772 κατακλεισθῆναι
3501 702 3555 756 δὲ
3578 705 3647 768 εἰς
3666 706 3714 757 τό

543 799 684 853 erat,
740 790 1040 845 debellatus
1092 800 1338 860 pastores
1390 792 1534 855 illos,
1585 808 1650 846 ac
1694 793 1903 861 reliqua
1945 790 2059 861 Eg;

2215 808 2315 844 πον
2337 791 2583 863 ἀρουρῶν
2603 791 2793 863 ἔχοντα
2818 794 3024 864 μυρίων
3045 794 3143 865 τὴν
3173 792 3512 865 περίμετρον.
3533 791 3729 865 Δῦαριςι

543 892 637 951 pto
678 882 888 951 pulsos,
937 897 1107 935 unum
1154 882 1207 935 in
1252 883 1432 937 locum
1480 882 1721 937 inclusos
1749 898 1870 938 esse
1914 881 2051 937 tradi

2215 883 2383 953 ὄνομα
2413 882 2490 953 τῷ
2517 883 2667 952 τόπῳ
2690 899 2704 913 ’
2762 882 2948 937 τοῦτόν
2991 899 3154 955 φησιν
3193 885 3223 935 ό
3263 883 3521 946 Μάνεοως
3560 884 3731 938 ἅπαντα

544 974 704 1041 cujus
756 973 995 1028 ambitus
1057 974 1243 1028 decem
1286 974 1538 1044 jugerum
1571 974 1740 1029 millia
1789 975 2060 1030 continere

2218 974 2381 1045 τείχει
2415 991 2473 1027 τε
2502 975 2723 1046 μεγάλῳ
2746 976 2839 1028 καί
2869 976 3077 1047 ἰσχυρῴ
3104 974 3416 1045 περιϐαλεῖν
3445 973 3564 1038 τοὺς
3585 975 3734 1045 ποιμέο

543 1065 738 1119 Avaris
799 1065 953 1120 locus
996 1065 1087 1119 ille
1138 1065 1452 1129 dicebatur,
1505 1082 1669 1135 quem
1724 1082 1755 1121 a
1801 1066 2059 1136 pastoribt

2218 1085 2331 1132 νας,
2360 1068 2505 1132 ὅπως
2524 1069 2624 1138 τήν
2649 1085 2707 1121 τε
2734 1067 2913 1120 κτίσιν
2934 1068 3151 1121 ἃπασαν
3173 1068 3367 1137 έχωσιν
3390 1068 3448 1120 ὲν
3470 1066 3649 1137 ἑχυρῷ,
3665 1069 3734 1119 καὶ

549 1157 864 1212 universum
926 1156 1133 1227 ingenti
1203 1158 1492 1227 validoque
1548 1167 1706 1212 muro
1772 1167 1984 1228 septum
2049 1173 2065 1211 ε

2219 1156 2309 1228 τὴν
2338 1158 2488 1212 λείαν
2517 1157 2615 1229 τὴν
2645 1156 2872 1210 ἑαυτῶν.
2902 1157 3006 1209 Τὸν
3030 1156 3086 1210 δὲ
3108 1155 3635 1228 Μισφραγουθώσεως
3651 1156 3735 1208 υἱὸν

548 1250 817 1303 munitum
855 1248 996 1302 idem
1030 1248 1265 1319 scriptor
1292 1250 1401 1315 ait,
1445 1259 1504 1303 ut
1542 1250 1807 1320 quidquid
1854 1249 1958 1304 sibi
2004 1249 2059 1304 l'o

2218 1248 2533 1321 Θμούθωσιν
2558 1246 2689 1319 (16),
2723 1250 3070 1319 ἐπιχειρῆσαι
3099 1247 3195 1317 μὲν
3224 1246 3422 1310 αὐτοὺς
3445 1245 3529 1299 διὰ
3558 1246 3734 1317 πολιορ-

548 1347 807 1393 tunarum
856 1347 1003 1393 esset
1046 1355 1109 1394 ac
1147 1341 1363 1409 prtedte.
1412 1341 1465 1394 id
1496 1356 1658 1395 omne
1699 1350 1874 1395 tutum
1923 1356 1987 1396 ac
2031 1358 2064 1395 ει

2217 1341 2338 1395 κίαν
2368 1340 2478 1410 (l7)
2509 1340 2647 1393 ἑλεῖν
2676 1338 2819 1392 κατά
2851 1338 3070 1410 κράτος,
3099 1336 3240 1389 ὀκτὼ
3265 1338 3359 1390 καὶ
3384 1338 3733 1409 τεσσαράκοντα

550 1445 745 1483 eurum
797 1429 1001 1483 habere
1042 1440 1282 1500 possent.
1333 1431 1403 1485 At
1449 1446 1577 1486 vero
1624 1430 2063 1503 Misphraguthos

2219 1431 2441 1502 μυριάσι
2480 1429 2711 1500 στρατοῦ
2749 1426 3220 1500 προσεδρεύσαντα
3244 1430 3356 1490 τοῖς
3383 1428 3622 1498 τείχεσιν·
3643 1427 3735 1479 ἐπεὶ

546 1520 716 1575 tilium
771 1519 1137 1576 Thmuthosin
1193 1524 1435 1582 nomine.
1493 1523 2011 1593 quadringentorum
2060 1554 2062 1567 ‹

2216 1522 2272 1576 δὲ
2312 1520 2408 1576 τὴν
2451 1520 2764 1591 πολιορκίαν
2811 1519 3055 1586 ἀπέγνω,
3106 1518 3434 1587 ποιήσασθαι
3468 1517 3732 1587 συμϐάσεις,

547 1613 824 1683 octoginta
860 1612 1091 1666 millium
1120 1612 1405 1668 hominum
1440 1614 1681 1670 exercitu
1725 1628 1915 1669 muros
1950 1615 2063 1669 obSt

2217 1612 2304 1668 ἵνα
2349 1613 2448 1686 τὴν
2467 1613 2735 1679 Αἴγυπτον
2761 1610 3089 1674 ἐκλιπόντες,
3113 1610 3234 1663 δποι
3265 1609 3559 1679 βούλονται,
3579 1609 3733 1671 πάντες

550 1704 738 1771 disse;
771 1714 935 1773 atque
964 1704 1115 1773 ipsos
1151 1719 1249 1773 per
1277 1704 1383 1758 vim
1415 1720 1731 1775 expugnare
1760 1714 2015 1760 conatum
2048 1706 2062 1758 i

2217 1705 2468 1769 ἀϐλαϐεῖς
2493 1704 2787 1760 ἀπέλθωσι.
2815 1703 2954 1765 Τοὺς
2975 1702 3033 1755 δὲ
3060 1701 3152 1755 ἐπὶ
3170 1704 3290 1764 ταῖς
3316 1699 3612 1771 ὁμολογίαις
3634 1716 3733 1752 παν-

547 1796 659 1849 lum
691 1796 931 1865 quidem,
974 1795 1066 1850 sed
1092 1795 1395 1851 obsidionis
1436 1796 1583 1850 exitu
1636 1796 1953 1865 desperato,
1987 1810 2063 1849 Clll

2219 1766 2599 1866 οικεσίᾳ-μετά
2630 1793 2738 1848 τῶν
2766 1796 3030 1865 κτήσεων,
3069 1795 3168 1848 οὐκ
3210 1766 3471 1855 ἐλάσσους
3493 1766 3734 1862 μυριάδων

548 1886 740 1941 iisdem
782 1902 845 1941 ea
887 1888 1200 1942 conditione
1247 1888 1537 1957 pepigisse,
1582 1886 1661 1941 uti
1708 1886 1938 1958 [Egypto
1986 1889 2063 1941 rel

2219 1888 2376 1951 ὄντας
2417 1888 2589 1940 εἰκοσι
2621 1887 2921 1957 τεσσάρων,
2964 1885 3073 1939 ἀπὸ
3112 1887 3211 1957 τῆς
3238 1883 3513 1954 Αἰγύπτου
3538 1882 3622 1952 τὴν
3642 1882 3735 1952 {pq-

548 1988 657 2042 cta,
696 1992 1023 2047 quocunque
1055 1977 1275 2043 vellent,
1307 1992 1498 2032 omnes
1543 1978 1661 2032 sine
1711 1979 1822 2033 ullo
1871 1994 1972 2033 suo
2018 1980 2064 2034 dt

2224 1994 2322 2049 μον
2369 1977 2449 2041 είς
2492 1976 2688 2048 Συρίαν
2728 1976 3145 2048 διοδοιπορῆσαι.
3192 1975 3557 2047 Φοϐουμένους
3584 1973 3633 2025 δὲ

550 2072 807 2125 trimento
854 2070 1298 2141 commigrarent.
1347 2071 1455 2123 Eos
1499 2069 1662 2140 igitur
1709 2085 1833 2125 eum
1887 2071 2066 2126 tinich

2231 2072 2528 2140 Ἀσσυρίων
2553 2069 2866 2123 δυναστείαν
2898 2068 3040 2140 (τότε
3075 2068 3183 2140 γὰρ
3206 2068 3450 2131 ἐκείνους
3467 2070 3559 2137 τῆς
3592 2067 3735 2128 Ἀσίας

550 2160 628 2214 sis
664 2158 907 2222 familiis,
952 2168 1117 2229 atque
1143 2159 1291 2213 omni
1336 2160 1683 2228 possessione
1727 2176 1850 2224 sua,
1894 2160 1973 2214 uti
2019 2176 2066 2230 pi

2219 2163 2482 2238 κρατεῖν),
2524 2165 2581 2217 ὲν
2611 2166 2677 2234 τῇ
2709 2162 2803 2216 νῦν
2841 2162 3069 2235 Ἰουδαίᾳ
3102 2162 3415 2233 καλουμένῃ
3454 2161 3595 2214 πόλιν
3627 2162 3734 2213 nixo-

549 2253 715 2306 ictum
763 2249 942 2307 foedus
988 2260 1272 2321 poterant,
1321 2252 1463 2306 haud
1525 2252 1811 2320 pauciores
1861 2252 2062 2308 ducent

2219 2256 2644 2328 δομησαμένους,
2675 2253 2961 2316 τοσαύταις
2995 2253 3248 2325 μυριάσιν
3291 2252 3581 2323 ἀνθρώπων
3605 2250 3732 2320 ἀρκέ-

547 2350 603 2396 et
653 2341 1013 2411 quadraginta
1063 2341 1326 2404 millibus,
1372 2342 1439 2396 ab
1485 2340 1716 2412 Egypto
1744 2359 1839 2413 per
1867 2344 2063 2400 solitud

2222 2364 2449 2410 σουσαν,
2505 2343 2849 2418 Ἰεροσόλυμα
2906 2343 3110 2414 ταύτην
3159 2343 3451 2415 ὀνομάσαι.
3489 2362 3508 2395 i
3558 2341 3732 2403 Τούτοις

550 2446 675 2485 nent
730 2431 783 2485 in
829 2431 1042 2501 Syriam
1101 2431 1421 2487 tetendisse.
1466 2430 1622 2498 Quod
1678 2442 1859 2487 autem
1906 2434 2011 2489 sibi
2045 2451 2066 2490 a

2219 2440 2346 2512 ἑξῆς
2371 2438 2469 2511 τὴν
2493 2437 2740 2509 διαδοχὴν
2772 2436 2878 2490 τῶν
2906 2437 3027 2491 κατ’
3059 2436 3333 2506 Αἴγυπτον
3364 2436 3610 2507 βασιλέων
3631 2434 3732 2505 μετὰ

546 2522 895 2593 Assyriorum
918 2523 1224 2593 principatu
1256 2533 1579 2586 metuerent,
1614 2532 1728 2578 tum
1748 2526 1892 2579 enim
1924 2526 2062 2581 Asia]

2216 2533 2310 2587 τοῦ
2340 2533 2533 2605 χρόνου
2567 2534 2663 2603 τῆς
2682 2531 2857 2607 ἀρχῆς
2879 2528 3059 2588 αὐτῶν
3083 2529 3613 2604 ἀπαριθμησάμενος,
3642 2529 3731 2582 ἐτει-

490 2603 500 2619 ’
548 2616 824 2677 tenebant,
859 2614 912 2668 in
945 2630 1032 2680 ea,
1071 2631 1235 2684 quam
1267 2615 1429 2670 hodie
1476 2614 1714 2670 Judteam
1753 2619 2006 2687 appellan‘

2218 2603 2389 2697 λεγειέ
2420 2646 2438 2679 ι
2480 2625 2666 2680 Ταῦτα
2703 2603 2943 2697 μέθυε)
2978 2626 3007 2677 ό
3042 2603 3329 2688 Μάνεθως.
3364 2623 3526 2693 Δῆλον
3549 2622 3730 2681 δ’ἐστὶν,

550 2703 771 2770 regione
801 2704 992 2758 urbem
1033 2705 1356 2764 :edilicasse.
1393 2722 1515 2775 qua:
1558 2715 1639 2761 tot
1677 2706 1961 2770 hominum
1991 2717 2063 2770 mi

2218 2719 2283 2772 ἑκ
2297 2717 2406 2772 τῶν
2422 2717 2723 2789 εἰρημένων
2741 2716 2879 2769 ἑτῶν
2897 2714 2991 2769 τοῦ
3013 2715 3203 2787 χρόνου
3225 2714 3655 2784 συλλογισθέντος,
3673 2713 3732 2766 δτι

547 2791 619 2844 lia
665 2802 903 2861 caperet,
953 2796 1309 2864 eamdemque
1351 2790 2063 2871 Hierosolymancminasse.

2219 2811 2268 2863 οἰ
2306 2808 2622 2880 καλούμενοι
2666 2807 2939 2877 ποιμένες,
2974 2805 3228 2877 ἡμέτεροι
3252 2805 3601 2879 δὲπρόγονοι,
3624 2803 3733 2875 τρισὶ

548 2878 757 2946 Quﬂius
804 2884 997 2939 deinde
1050 2901 1238 2956 regum
1283 2885 1664 2964 Aigyptiorum
1711 2897 2064 2951 successione

2218 2901 2314 2956 καὶ
2340 2878 2688 2971 ἐννενήκοντα
2719 2899 2814 2952 καί⁵
2853 2897 3180 2971 τριακοσίοις
3222 2898 3459 2969 πρόσθεν
3495 2898 3661 2960 ἔτεσιν,
3686 2896 3731 2946 ὲκ

549 2986 893 3044 unpusque,
923 2991 1030 3046 quo
1074 2979 1275 3055 singuli
1322 2997 1639 3057 regnarunt,
1696 2988 1781 3041 ubi
1828 2988 2065 3045 Manetbt

2216 2996 2317 3065 τῆς
2344 2992 2614 3061 Αἰγύπτου
2641 2989 3065 3058 ἀπαλλαγέντες,
3094 2988 3194 3060 τὴν
3222 2988 3411 3062 χώραν
3450 2988 3632 3058 ταύτην
3656 2989 3732 3040 ἁπ-

552 3072 858 3143 ειιξιίυηκὶι,
890 3084 1004 3135 tum
1036 3079 1344 3139 demumita
1363 3085 1667 3142 concludit:
1702 3107 1720 3139 ι
1742 3088 1884 3160 Ergo
1900 3086 1948 3143 si
1970 3097 2068 3143 tem

2216 3083 2436 3157 ᾤκησαν
2457 3083 2588 3155 (l9),
2621 3083 2656 3154 ἢ
2685 3081 2887 3137 Δαναὸν
2927 3083 3009 3145 είς
3043 3083 3246 3153 Ἀργος
3270 3082 3571 3160 ἀφικέσθαι·
3597 3080 3729 3133 καίτοι

547 3187 653 3240 pus
697 3174 764 3226 ad
802 3173 990 3227 initam
1037 3191 1307 3231 annorum
1353 3176 1581 3232 istorum
1621 3177 1885 3233 rationem
1930 3181 2063 3250 exigi

2215 3177 2401 3233 τοῦτον
2443 3176 2796 3250 ἀρχαιότατον
2847 3177 3080 3248 ’Λργεῖοι
3123 3173 3423 3245 νομίζουσι.
3469 3173 3563 3227 Δύο
3595 3170 3731 3225 τοίνυν

546 3274 691 3327 mus,
737 3264 1009 3316 constabit
1051 3265 1298 3328 omnino,
1343 3281 1483 3334 quos
1523 3277 1767 3334 pastores
1814 3267 1915 3337 ipsi
1954 3284 2062 3322 voc:

2215 3272 2242 3324 ὁ
2269 3269 2530 3333 Μάνεθως
2559 3271 2692 3340 ἡμῖν
2733 3269 2803 3323 τά
2848 3269 3081 3341 μέγιστα
3111 3266 3535 3340 μεμαρτύρηκεν
3564 3267 3619 3318 ἑκ
3651 3261 3731 3316 τῶν

545 3350 695 3416 bam,
733 3352 969 3421 majores
1001 3361 1240 3420 nostros,
1283 3355 1443 3410 annis
1472 3368 1598 3409 ante
1638 3356 1814 3413 tribus
1838 3368 1892 3413 et
1940 3375 2061 3414 non:

2215 3360 2364 3433 παρά
2392 3363 2506 3424 τοῖς
2535 3360 2850 3429 Αἰγυπτίοις
2880 3360 3240 3432 γραμμάτων⁸
3288 3359 3507 3431 πρῶτον
3550 3358 3633 3428 μὲν
3660 3357 3731 3424 τὴν

544 3444 693 3512 ginta
728 3457 894 3511 supra
924 3451 1217 3509 trecentos,
1264 3445 1354 3499 ubi
1389 3461 1457 3501 ex
1489 3446 1726 3519 .IEgypto
1757 3450 2058 3520 migrasscn

2214 3447 2476 3518 ἑτέρωθεν
2507 3448 2689 3518 ἄφιξιν
2711 3450 2791 3513 εἰς
2815 3449 3111 3518 Αἴγυπτον,
3137 3446 3334 3500 ἔπειτα
3366 3449 3423 3502 δὲ
3452 3447 3544 3517 τὴν
3571 3443 3730 3498 ἐκεῖθεν

549 3533 828 3601 regionem
862 3533 1007 3586 illam
1047 3534 1334 3602 insedisse,
1365 3552 1528 3605 quam
1563 3538 1780 3595 Danaus
1817 3542 1991 3612 Argos
2021 3558 2065 3596 vt

2213 3540 2549 3611 ἀπαλλαγὴν,
2571 3540 2742 3603 οὕτως
2766 3540 2998 3612 ἀρχαίαν
3020 3542 3132 3603 τοῖς
3152 3539 3369 3609 χρόνοις
3391 3538 3465 3602 ὡς
3491 3535 3635 3605 ἐγγύς
3654 3549 3729 3585 που

544 3623 738 3687 nisset,
774 3623 869 3692 qui
916 3633 1094 3679 tamen
1138 3625 1207 3680 ab
1241 3626 1454 3697 Argivis
1485 3644 1580 3698 pro
1611 3631 1995 3701 antiquissimo
2018 3649 2060 3689 Ct

2211 3630 2495 3700 προτερεῖν
2528 3628 2697 3700 αὐτὴν
2721 3627 2830 3682 τῶν
2873 3627 3115 3682 Ἰλιακῶν
3139 3627 3285 3680 ἔτεσι
3313 3628 3523 3699 χιλίοις.
3552 3646 3569 3678 ι
3610 3621 3727 3677 Ἀλλὰ

543 3713 807 3770 lebratur.
863 3716 939 3770 lta
982 3718 1091 3771 duo
1143 3717 1301 3789 502
1346 3720 1503 3777 nobis
1542 3736 1713 3792 eaque
1760 3739 1892 3779 sane
1928 3740 2059 3794 praet

2210 3717 2277 3770 τά
2304 3719 2404 3788 μὲν
2429 3718 2537 3771 ἀπὸ
2564 3718 2665 3788 τῆς
2695 3719 3073 3789 Αἰγυπτιακῆς
3106 3718 3352 3790 ἱστορίας
3395 3718 3557 3791 ταύτῃ
3589 3731 3651 3783 πη
3671 3710 3726 3782 τῷ

540 3822 682 3876 pua,
738 3809 843 3863 hoc
885 3808 1155 3877 Manethi,
1207 3812 1352 3881 quod
1381 3810 1756 3884 Egyptiarum
1804 3815 2048 3871 litteraru

2222 3809 2468 3880 Ἰωσήπῳ
2502 3810 2643 3863 κατά
2673 3809 2872 3873 πλάτος
2903 3810 3268 3882 ἀνιστόρηται’
3304 3811 3420 3864 ἀπὸ
3445 3810 3500 3862 δὲ
3529 3808 3617 3878 τῆς
3637 3807 3726 3857 Φα-

541 3898 702 3953 lidem
739 3901 1009 3970 sequitur,
1043 3904 1358 3959 testimonio
1386 3904 1631 3962 confecta
1664 3918 1824 3963 sunt:
1853 3908 2057 3964 alterun

2211 3905 2372 3958 νίκων
2396 3905 2571 3977 μάρτυ
2580 3922 2628 3958 σι
2651 3905 2992 3977 χρησάμενος
3020 3908 3125 3969 τοῖς
3147 3905 3213 3959 τὰ
3236 3903 3515 3959 Φοινικικά
3540 3914 3727 3969 sumn-

540 4004 636 4045 eos
677 3991 729 4045 in
769 3990 1065 4063 IEgyptum
1109 3995 1326 4050 aliunde
1364 3994 1635 4067 profectos
1667 4014 1821 4062 esse;
1854 4000 2056 4055 alterum

2207 3995 2490 4067 φαμένοις,
2523 3998 2816 4069 παρίστησι
2853 3998 2945 4051 τὸν
2982 3998 3038 4051 ὲν
3075 3997 3472 4070 Ἰεροσολύμοις
3504 3995 3622 4049 νεὼν
3648 3990 3723 4044 ὑπὸ

541 4082 781 4138 indidem
822 4085 971 4155 ipsos
1016 4085 1124 4142 alio
1155 4089 1569 4159 commigrasse,
1614 4091 1761 4159 quod
1804 4091 1964 4147 etiam
2012 4108 2057 4163 pl

2208 4088 2514 4159 Σολομῶνος
2551 4088 2645 4141 τοῦ
2690 4088 2952 4160 βασιλέως
2993 4089 3371 4160 ᾠκοδομῆσθαι
3412 4089 3548 4143 ἔτεσι
3577 4086 3724 4139 θᾶττον

540 4175 744 4232 sterius
780 4177 916 4232 adeo
962 4187 1236 4234 vetustum
1278 4190 1444 4244 esset,
1493 4191 1552 4236 ut
1584 4181 1819 4253 Trojana
1861 4193 2056 4255 tempo:

2206 4182 2397 4237 ἑκατὸν
2422 4181 2826 4252 τεσσαράκοντα
2856 4182 2951 4236 καὶ
2981 4182 3147 4255 τρισὶ,
3178 4183 3274 4236 καὶ
3297 4182 3468 4255 μησὶν
3487 4179 3630 4242 ὀκτὼ,
3652 4173 3719 4227 τοῦ

540 4267 700 4323 annis
732 4284 899 4339 prOpe
939 4270 1087 4326 mille
1119 4274 1480 4329 antecederet.
1515 4293 1533 4327 ι
1573 4274 1698 4332 Haec
1737 4275 2007 4349 Josephus
2034 4296 2056 4336 ε

2205 4276 2388 4332 κτίσαι
2425 4275 2656 4347 Τυρίους
2698 4276 3041 4348 Καρχηδόνα.
3081 4271 3214 4330 Εἶτα
3252 4276 3513 4348 μεταϐὰς,
3543 4273 3623 4326 καί
3644 4266 3721 4323 ἀπὸ

537 4356 853 4428 Αὲεγριὶειυιι
904 4360 1133 4415 historia
1171 4364 1332 4431 paulo
1371 4367 1623 4424 solutius.
1659 4366 1803 4423 Idem
1834 4385 1900 4424 ex
1940 4369 2053 4426 Pho

2204 4366 2301 4440 τῆς
2340 4369 2469 4441 περί
2495 4366 2774 4423 Χαλδαίων
2811 4370 3045 4441 ἱστορίας
3084 4369 3183 4433 τὰς
3215 4368 3349 4440 περὶ
3380 4369 3478 4439 τῆς
3507 4362 3720 4435 Ἐὖραίων

538 4446 701 4511 nicia,
726 4449 1004 4518 productis
1034 4451 1280 4520 ipsismet
1301 4470 1482 4511 rerum
1514 4455 1914 4515 Pbmniciarum
1958 4464 2054 4516 seri

1774 4475 1914 4515 trum
1958 4463 2095 4516 scri-
2201 4462 2555 4534 ἀρχαιότητος
2584 4460 2939 4533 παρατίθεται
2971 4462 3290 4536 μαρτυρίας.

536 4538 806 4606 pturibus,
853 4542 1146 4599 manifesto
1202 4548 1417 4615 probat,
1470 4551 1726 4619 templum
1776 4551 2329 4627 llierosolymitanum
2370 4556 2439 4609 ah
2471 4554 2763 4610 Salomone
2818 4571 2944 4626 rege
2998 4556 3158 4612 annis
3200 4567 3423 4612 centum
3456 4564 3508 4609 et
3533 4549 3719 4623 quadrn-

537 4629 684 4725 ginta
719 4630 913 4705 tribus,
944 4648 1069 4689 eum
1102 4645 1225 4690 orto
1263 4637 1483 4708 insuper
1523 4644 1825 4711 mensibus,
1862 4656 1987 4701 ante
2032 4648 2307 4703 conditam
2353 4664 2384 4702 a
2430 4646 2611 4718 Tyriis
2668 4645 3173 4718 Carthaginiensem,
3214 4650 3536 4705 aediﬁcatum
3571 4641 3715 4725 inissa

538 4719 675 4776 Tum
716 4738 1038 4795 progressus
1071 4729 1139 4783 ad
1165 4729 1467 4798 Chaldaeos,
1503 4748 1570 4788 ex
1600 4751 1791 4791 eorum
1825 4740 1989 4795 etiam
2030 4741 2383 4798 monimentis
2430 4739 2783 4796 Hebrteorum
2821 4741 3164 4811 antiquitatis
3197 4739 3508 4796 testimonia
3547 4719 3715 4804 repetit.

1114 4821 1341 4879 CAPUT
1377 4824 1516 4883 xw.
2132 4842 2176 4897 ι)

2132 4842 2176 4897 D
2716 4835 3113 4890 ΚΕΦΑΛΑΙΟΝ
3158 4836 3253 4889 ΙΔ’.

538 4902 791 4961 Πηὶυεηα
815 4905 1479 4996 “Hebrteorurnultistoria
1528 4921 1866 4974 recentiorem
1924 4922 2054 4992 {uisa

2212 4926 2305 4993 Ὦς
2330 4925 2571 4993 ἀπάσης
2593 4924 2704 4994 τῆς
2726 4928 2863 4995 παρ’
2902 4927 3177 4996 Ἑϐραίοις
3209 4930 3476 4995 ἱστορίας
3500 4921 3714 4996 νεώτεροί

812 4976 1112 5035 Graecorum
1140 4983 1565 5055 philosophorum
1600 5001 1828 5044 (etatem.
1924 4976 1937 4992 ’
2232 4976 2328 5049 fit

2277 5085 2328 5118 γι

2232 4976 2261 4979 θ
2272 4976 2661 5118 aggressa."
2673 4976 2838 5050 2635’
2849 4976 3021 5066 πιὶῖ
3034 4976 3295 5065 eme;
3314 4976 3658 5066 ἐἳᾷὀσόρωί
3675 4985 3714 5036 ιιι

2277 5085 2309 5118 γ
2318 5084 2349 5118 D
2388 5084 2479 5118 νοι
2487 5108 2499 5118 .

2388 5084 2499 5120 νοι.

605 5130 806 5188 Verum
856 5136 1023 5204 enim,
1078 5139 1211 5208 quid
1265 5156 1427 5210 porro
1459 5142 1955 5205 demonstrationes
2002 5149 2098 5205 de-

2354 5084 2499 5120 ονομ

2272 5084 2443 5210 (illi
2477 5158 2528 5210 τί
2553 5158 2632 5211 δεῖ
2654 5158 2855 5229 πλῆθος
2886 5160 3004 5223 ταῖς
3035 5157 3368 5225 ἀποδείξεσιν
3390 5150 3710 5225 ἐπισωρεύειν.

536 5225 1024 5283 monstrationihus
1058 5231 1339 5286 cumulare
1369 5248 1592 5289 necesse
1622 5244 1727 5302 est,
1764 5252 1889 5292 eum
1932 5255 2052 5294 nem

2200 5249 2292 5303 τοῦ
2327 5251 2669 5322 φιλαλήθους,
2717 5225 2852 5307 ἀλλά
2896 5252 2968 5324 μὴ
3010 5252 3478 5323 φιλαπεχθήμονος
3518 5244 3711 5302 καὶτοῖς

532 5316 627 5380 sit,
671 5316 766 5385 qui
803 5317 967 5372 modo
998 5321 1244 5377 veritatis
1293 5326 1564 5379 amantior
1596 5342 1720 5383 esse
1750 5329 1899 5394 velit,
1933 5346 2048 5401 qua:

2197 5344 2320 5413 εἰρη
2328 5316 2696 5416 μένοις-ἀρκου
2705 5316 3167 5415 μένοι-ποικίλην
3266 5316 3496 5415 ριέχουσι
3512 5340 3599 5411 τὴν
3617 5337 3711 5403 περὶ

602 5441 629 5469 ³
666 5429 781 5486 Jns.
814 5424 1073 5505 "AGaptv.

530 5519 713 5639 60)ίέιὲξί
760 5526 1312 5595 Μισρραγούθωσις.
1392 5528 1616 5601 Ioseph.
1697 5534 2046 5608 ’Λλισφραγοί

2406 5542 2779 5639 ᾳοξιορκίςιν.
2810 5540 3028 5639 βοροηρ
3059 5542 3390 5639 ⁴πολιορκίας,
3412 5558 3480 5639 εξ
3493 5539 3707 5639 ἐπεφύο-

562 5605 712 5652 ωσις.
1892 5605 1901 5608 '

605 5663 708 5682 ΙΙΙθὶ
744 5663 934 5682 Δ.--μιΛ
1164 5665 1179 5682 Ι
1322 5670 1334 5682 ι
1423 5671 1456 5682 Α
1506 5672 1518 5682 ι

2268 5605 2383 5682 (18⁷)
2420 5605 2605 5682 Ταῦτα
2626 5612 2761 5680 μέν,
2791 5605 2904 5665 etc:
2930 5613 3027 5666 Adi
3062 5605 3283 5682 Joseph.
3315 5630 3431 5682 pag.
3459 5611 3601 5665 10H.

601 5663 1104 5752 tll‘U)mQ;:odﬂfootr.
1154 5665 1374 5752 losoph.
1419 5671 1736 5744 Θούμωσιν,
1768 5692 1927 5746 quam
1965 5693 2084 5748 pag.

2212 5749 2220 5752 Α
2266 5663 2379 5748 (I95
2421 5663 3596 5752 manus:adfrigendus};“issam
3635 5677 3707 5726 ἐπ-

532 5728 556 5781 ί
606 5729 687 5797 Ην
718 5731 997 5803 Τέομωσιν
1029 5728 1298 5806 ίιιιράιιειι.’
1531 5728 1542 5744 ’
1724 5728 1735 5742 ’
1785 5728 1801 5746 ⁵
1965 5728 1977 5748 ’
2032 5728 2060 5748 Β
2190 5728 2428 5818 ᾡκῆσάν,
2458 5728 2559 5805 nisi
2596 5728 2751 5806 nialls
2783 5754 2861 5815 εἰς
2886 5728 3189 5823 τὴνςίώραν
3218 5771 3268 5807 τ.
3304 5753 3476 5823 ἁπῴκ.
