3840 6370
135 345 219 397 837

1296 342 1616 398 l’R/EPAR.
1661 340 1912 399 EV’ANG.
1957 345 2082 399 LIB.
2128 344 2195 400 Χ.

3227 360 3332 416 838

130 463 207 516 τοῦ
241 477 578 532 προκειμενου
633 460 922 527 σύστασινς
975 461 1270 534 Προύκειτο
1309 463 1366 516 δὲ
1413 465 1545 534 ἡμῖν
1592 461 1642 514 τὲ

1765 465 2160 518 malevolentia:
2206 464 2482 527 tenacior,
2542 467 2628 520 cui
2693 483 2801 522 non
2849 471 3113 528 hactenus
3165 475 3329 530 allata

128 555 332 616 Μωσέως
372 556 460 606 καὶ
488 553 602 607 τῶν
660 555 955 626 προφητῶν
986 557 1291 628 παλαίτερα
1319 557 1427 609 τῶν
1470 557 1658 627 Ἐλλη-

127 649 262 704 νικῶν
283 647 568 712 ἀποδείξαι.
608 648 821 719 Ἐπειδὴ
855 649 1033 701 τοίνυν
1058 649 1167 721 (20)
1201 649 1396 722 μακρῷ
1424 649 1658 721 πρόσθεν

125 743 214 795 τῶν
251 741 491 810 Τρωῖκῶν
537 740 742 809 Μωσῆς
773 759 778 764 ·
804 740 1040 808 γεγονὼς
1086 741 1485 806 ἀποδέδεικται,
1535 741 1655 814 φέρ’

129 836 289 904 Fungar:
317 833 404 885 καὶ
432 833 561 896 τοὺς
598 835 714 904 μετ’
745 834 907 885 αὐτὸν
966 833 1230 897 ἅπαντας.
1267 834 1471 904 Μωσῆς
1497 833 1541 886 δ’
1575 835 1655 888 ὃτι

125 944 211 977 τω)
244 925 357 995 πρὶν
395 924 615 994 ἀληθῶς
657 925 919 996 Ἐϐραίων
955 926 1123 997 Ἔϐερ
1154 943 1212 978 τε
1244 926 1338 979 καὶ
1381 924 1650 997 Ἀϐραὰμ,

126 1021 197 1087 ἀφ’
216 1012 277 1070 ὧν
308 1017 394 1071 καὶ
419 1018 479 1070 τὸ
513 1019 847 1090 παρώνυμον
877 1021 989 1082 τοῖς
1018 1020 1274 1091 ἀνδράσιν
1300 1019 1650 1085 ἐπιτέθειται,

121 1111 204 1162 τῶν
223 1127 271 1161 τε
298 1108 488 1161 λοιπῶν
518 1109 782 1179 θεοφιλῶν
805 1128 864 1163 τε
885 1111 977 1163 καὶ
999 1111 1241 1165 παλαιῶν
1264 1111 1472 1182 ἀνδρῶν
1493 1113 1654 1166 ὕστα-

117 1221 188 1266 τος
204 1206 298 1266 rei;
316 1202 522 1273 χρόνοις
546 1205 837 1274 παρεφάνη
857 1204 936 1274 τῷ
959 1203 1080 1275 βίῳ,
1107 1205 1260 1275 δῆλον
1286 1205 1393 1258 ἀπὸ
1413 1207 1508 1278 τῆς
1528 1209 1652 1260 κατ’

117 1295 244 1347 αὑτὸν
261 1295 485 1364 ἱστορίας
504 1296 785 1366 τυγχάνει.
815 1295 972 1349 Μετὰ
995 1297 1386 1352 Μωσέατοίνυν
1411 1298 1647 1369 προέστη

117 1384 185 1437 τοῦ
208 1384 455 1437 Ἰουδαίων
481 1384 672 1448 ἔθνους
709 1386 933 1456 Ἰησοῦς,
962 1387 1039 1450 ὥς
1067 1405 1230 1453 τινες,
1258 1387 1402 1441 ἔτεσι
1424 1387 1486 1441 λ’.
1510 1385 1644 1453 Εἶθ’,

116 1474 172 1536 ὣς
190 1477 378 1544 φησινὴ
409 1474 625 1546 Γραφὴ,
654 1476 958 1547 ἐκράτησαν
981 1476 1263 1546 ἀλλόφυλοι
1289 1477 1463 1532 ἔτεσιν
1482 1479 1643 1533 ὀκτώο

118 1569 266 1621 ἔπειτα
291 1569 540 1638 Γοθονιὴλ
569 1568 715 1622 ἔτεσι
749 1570 1106 1640 πεντήκοντα·
1156 1570 1273 1640 μεθ’
1311 1569 1370 1625 ὂν
1407 1571 1644 1642 Ἐγλὼμ,

117 1657 321 1725 βασιλεὺς
345 1657 540 1721 Μωὰϐ,
562 1657 658 1728 ἔτη
693 1665 776 1728 eq“
809 1658 928 1729 μεθ’
954 1659 1012 1711 ὃν
1051 1658 1204 1712 Ἀὼδ’
1227 1660 1321 1731 ἔτη
1347 1668 1420 1714 πη
1448 1661 1565 1732 μεθ’
1587 1663 1646 1716 ὃν

112 1745 238 1798 πᾶλιν
256 1746 532 1814 ἀλλόφυλοι
551 1747 649 1818 ἔτη
670 1753 738 1801 κ’⁸
756 1747 852 1800 ἕπε
862 1765 947 1802 ιτα
965 1748 1189 1820 Δεϐώρα
1211 1749 1304 1802 καὶ
1320 1751 1530 1821 Βαράκ,
1547 1751 1643 1822 ἔτη

387 1803 398 1814 .
639 1803 649 1818 .
1123 1803 1134 1820 ,
1375 1803 1378 1804 ν
1403 1803 1415 1821 .
1518 1803 1530 1816 .
1556 1803 1567 1804 κ
1591 1803 1643 1822 η.

113 1843 174 1908 μ’·
197 1838 363 1890 ἔπειτα
384 1838 714 1909 Μαδιηναὶοι
741 1839 834 1910 ἔτη
858 1839 902 1903 ζ’
925 1855 938 1868 ·
983 1839 1176 1894 ἔπειτα
1203 1839 1407 1893 Γεδεὼν
1437 1840 1531 1911 ἐτη
1558 1847 1609 1912 μ’
1628 1857 1641 1871 ·
1682 1803 1720 1858 Β

124 1929 360 1999 Ἀόιμέλεχ
383 1929 477 2001 ἔτη
507 1936 559 2000 γ’
579 1946 596 1960 ⁶
632 1929 789 1983 Θωλὰ
813 1937 900 1998 κγ’
923 1946 935 1959 ·
972 1931 1135 2001 Ἰαεὶρ
1158 1929 1239 1998 κβ¹
1259 1947 1274 1960 ⁸
1319 1930 1642 2002 Ἀμμανῖται

111 2031 190 2091 ιη’·
221 2023 411 2092 Ἰεφθάε
447 2021 548 2093 ἔτη
585 2029 639 2087 ς’
658 2040 674 2054 ·
716 2020 922 2076 Ἐσϐὼν
953 2021 1049 2092 ἔτη
1081 2021 1124 2087 ζ’
1145 2040 1158 2052 °
1204 2022 1416 2076 Αίαλὼν
1455 2023 1551 2094 ἔτη
1580 2030 1638 2077 ι’*

111 2114 398 2185 Λαϐδὼνέτη
437 2121 520 2185 η’·
572 2113 857 2182 ἀλλόφυλοι
901 2113 995 2185 ἔτη
1026 2121 1105 2184 μ’·
1156 2114 1392 2185 Σαμψὼν
1439 2115 1534 2186 ἔτη
1558 2121 1639 2169 κ’·

111 2205 258 2257 ἔπειτα
285 2203 428 2258 Ἠλεὶ
463 2206 672 2276 ἱερεὺς,
711 2205 786 2268 ὡς
825 2203 885 2257 τὸ
924 2204 1228 2275 Ἐϐραῖκὸν,
1267 2204 1361 2277 ἐτη
1406 2213 1483 2278 μ’·
1517 2209 1644 2278 περὶ

111 2295 154 2348 ὃν
172 2295 427 2364 συμϐαίνει
453 2296 556 2368 τὴν
591 2295 744 2348 Ἰλίου
771 2297 1044 2366 καταντᾷν
1067 2296 1264 2350 ἅλωσιν
1283 2313 1296 2327 ·
1331 2296 1472 2368 μετὰ
1497 2297 1643 2351 Ἠλεὶ

112 2389 180 2439 τὸν
197 2388 325 2458 ἱερέα
350 2389 572 2458 ἡγεῖται
597 2388 691 2440 τοῦ
720 2387 850 2440 λαοῦ
879 2388 1132 2459 Σαμουήλ
1151 2406 1164 2420 ο
1202 2389 1318 2460 μεθ’
1345 2390 1402 2444 ὃν
1428 2390 1641 2462 πρῶτος

111 2479 251 2532 αὐτῶν
271 2479 537 2548 βασιλεύει
556 2480 731 2533 Σαοὺλ
747 2480 888 2533 ἔτεσι
915 2488 986 2551 μ”
1005 2480 1540 2545 ἕπειταΔαϐιδ,έτεσι
1564 2489 1637 2554 μ’·

114 2570 259 2624 ἔπειτα
295 2571 542 2641 Σολομὼν
577 2571 719 2623 ἔτεσι
743 2576 814 2642 μ’·
842 2572 902 2634 ὃς
931 2573 1024 2625 καὶ
1058 2573 1148 2626 τὸν
1169 2575 1226 2625 ἐν
1253 2573 1640 2645 Ἰεροσολύμοις

115 2663 208 2714 ναὸν
237 2663 473 2734 ἐδείματο
509 2662 749 2733 πρῶτος.
769 2662 924 2716 Μετὰ
953 2662 1010 2715 δὲ
1037 2661 1325 2733 Σολομῶνα
1368 2663 1639 2734 βασιλεύει

119 2751 310 2824 Ῥοῒοὰμ
333 2754 423 2824 ἔτη
447 2754 511 2818 ιζ’
528 2771 541 2783 ·
570 2752 721 2806 Ἀϐιὰ
739 2753 832 2822 ἔτη
843 2759 893 2822 γ’
911 2769 924 2782 ·
943 2754 1083 2806 Ἀσα
1107 2753 1202 2824 ἔτη
1231 2761 1320 2824 μα’
1341 2772 1355 2785 ’
1373 2754 1638 2823 Ἰωσαφὰθ

112 2843 182 2913 ἔτη
205 2851 270 2896 κε’
287 2862 298 2874 ο
315 2846 515 2917 Ἰωρὰμ
541 2845 642 2915 ἔτη
671 2850 747 2916 η’·
777 2844 1020 2916 Ὀχοζίας
1041 2844 1160 2909 ἔτος
1189 2851 1238 2898 α’
1259 2864 1272 2876 ο
1297 2845 1520 2900 Γοθολιὰ
1545 2847 1637 2918 ἐτη

114 2937 170 3000 ς’
194 2935 321 2999 Ἰωὰς
352 2936 446 3006 ἐτη
483 2943 538 3007 μ’
563 2952 578 2965 ο
619 2937 885 3006 Ἀμασίας
909 2935 1002 3008 ἔτη
1035 2937 1140 3008 μθ¹·
1183 2937 1362 3002 Ὀζίας
1400 2937 1493 3009 ἔτη
1525 2937 1636 3008 νβ’·

112 3026 202 3079 καθ’
248 3029 299 3080 ὃν
343 3026 784 3099 προφητεύουσιν
847 3027 1040 3099 Ὠσηὲ,
1101 3028 1317 3100 Ἀμὼς,
1376 3029 1635 3096 Ἡσαΐας,

121 3121 280 3182 Ἰωνᾶς.
306 3121 458 3175 Μετὰ
490 3121 554 3174 δὲ
605 3120 784 3183 Ὀζίαν
818 3119 1090 3190 βασιλεύει
1127 3121 1364 3193 Ἰωάοαμ
1392 3122 1487 3193 ἐτη
1528 3129 1634 3189 ις’·
1666 3139 1708 3195 C

113 3210 202 3280 μεθ’
228 3213 277 3264 ὃν
304 3213 473 3283 ’Ᾱχαζ
500 3213 600 3284 ἔτη
635 3219 729 3277 ις’.
758 3211 912 3266 Κατὰ
933 3212 1120 3267 τοῦτον
1149 3215 1182 3284 ἡ
1211 3214 1398 3285 πρώτη
1439 3215 1636 3286 Ὀλυμ-

111 3304 208 3366 mit;
227 3305 350 3376 ἢχθη
371 3346 386 3369 ,
417 3306 484 3376 ἣν
529 3305 690 3358 ἐνίκα
721 3304 931 3357 στάδιον
965 3304 1204 3375 Κόροϐος
1251 3307 1474 3370 Ἠλεῖος.
1510 3309 1637 3363 Δια-

110 3397 276 3469 ίὲχεται
309 3399 361 3452 δὲ
393 3400 484 3452 τὸν
538 3397 723 3470 Ἀχαζ
775 3399 1023 3463 Ἐζεκίας
1071 3398 1213 3451 ἔτεσι
1255 3398 1371 3451 x0"
1415 3399 1536 3454 καθ’
1577 3401 1636 3454 ὃν

118 3491 346 3562 Ῥωμύλος
383 3491 611 3563 Ῥώμην
646 3492 858 3553 ἔκτισε,
888 3491 981 3544 καὶ
1013 3490 1346 3544 ἐϐασίλευσε.
1383 3492 1535 3545 Μετὰ
1579 3493 1636 3545 δὲ

119 3583 318 3647 Ἐζεκίαν
347 3583 628 3656 βασιλεύει
655 3583 949 3652 Μανασής
978 3583 1070 3655 ἐτη
1095 3589 1165 3635 νε¹
1186 3601 1197 3613 ⁸
1235 3582 1423 3636 ἔπειτα
1458 3585 1638 3654 Ἀμὼν

109 3671 178 3744 {trl
208 3674 270 3742 βυ
300 3675 484 3726 ἔπειτα
519 3673 732 3735 Ἰωσίας
762 3672 854 3744 ἔτη
885 3671 992 3725 λα’·
1025 3671 1146 3725 καθ’
1173 3670 1232 3724 ὃν
1264 3672 1635 3744 προφητεύου-

112 3781 172 3817 σιν
200 3768 466 3838 Ἱερεμίας,
501 3766 744 3838 Βαροῦχ,
782 3765 959 3827 Ὀλδᾶ,
991 3765 1086 3816 καὶ
1132 3765 1282 3818 ἄλλοι
1320 3765 1594 3836 προφῆται
1619 3782 1634 3798 ο

111 3857 256 3912 ἔπειτα
289 3860 514 3930 Ἰωάχαζ
549 3859 721 3930 μῆνας
747 3866 794 3926 γ’
814 3876 828 3889 ·
876 3857 993 3928 μεθ’
1025 3858 1084 3912 ὃν
1116 3858 1374 3927 Ἰωακελμ
1403 3857 1495 3928 ἐτη
1531 3865 1598 3911 ια’
1619 3875 1631 3887 ·

113 3954 201 4022 μεθ’
221 3956 271 4008 ὃν
302 3955 514 4009 πάντων
551 3954 777 4017 ὕστατος
804 3953 1054 4016 Σεδεκίας
1086 3951 1180 4021 ἔτη
1219 3951 1306 4004 ιϐ’.
1336 3950 1490 4003 Κατὰ
1519 3950 1638 4004 τοῦ·

109 4059 176 4094 τον
202 4045 636 4116 πολιορκηθείσης
669 4044 767 4115 τῆς
800 4043 1152 4114 Ἰερουσαλὴμ
1179 4042 1285 4095 ὑπὸ
1317 4041 1634 4111 ’Λσσυρίων,

111 4135 182 4185 καὶ
223 4136 303 4188 τοῦ
353 4137 501 4209 ἱεροῦ
564 4137 892 4207 ἐμπρησμὸν
947 4136 1371 4206 ὑπομείναντος,
1420 4135 1480 4188 τὺ
1530 4135 1638 4188 πᾶν

119 4227 338 4280 Ἰουδαίων
365 4229 516 4293 ἔθνος
551 4228 822 4296 ἀπάγεται
855 4229 932 4290 είς
961 4226 1274 4280 Βαϐυλῶνα.
1300 4226 1636 4298 “pom-.553

110 4319 151 4372 δὲ
172 4323 332 4376 αὐτόθι
369 4321 570 4392 Δανιὴλ
615 4323 707 4374 καὶ
743 4318 1013 4390 Ἐζεκιήλ.
1047 4319 1203 4372 Μετὰ
1244 4319 1300 4372 δὲ
1342 4318 1479 4371 ἐτῶν
1519 4319 1637 4389 ἀρι-

113 4410 216 4481 θμὸν
237 4421 272 4466 ο¹
296 4417 322 4466 ὁ
352 4413 537 4487 Κῦρος
567 4410 837 4484 βασιλεύει
871 4409 1116 4480 Περσῶν,
1142 4409 1200 4473 ὃς
1233 4410 1326 4462 καὶ
1353 4409 1513 4478 ἐνῆκε
1536 4407 1635 4478 τὴν

113 4507 433 4574 αἰχμαλωσίαν
462 4506 572 4560 τῶν
617 4503 902 4565 Ἰουδαίων,
934 4502 1230 4572 ἐπιτρέψας
1255 4505 1366 4564 τοῖς
1395 4501 1635 4554 θέλουσιν
1667 4493 1710 4547 D

114 4596 250 4649 αὐτῶν
275 4599 610 4651 παλινοστεῖν
642 4595 734 4647 ἐπὶ
766 4594 864 4664 τὴν
891 4593 1097 4646 οἰκείαν
1123 4594 1245 4662 γῆνν
1280 4593 1375 4646 καὶ
1402 4592 1462 4645 τὸ
1491 4592 1634 4662 ἱερὸν

115 4685 394 4759 ἀνεγείρειν·
437 4690 530 4742 ὅτε
571 4687 667 4739 καὶ
697 4687 901 4740 ἄνεισιν
937 4684 1142 4756 Ἰησοῦς
1181 4687 1208 4738 ὁ
1232 4684 1322 4737 τοῦ
1369 4685 1631 4748 Ἰωσεδὲκ,

115 4779 186 4828 καί
206 4780 483 4850 Ζοροϐάϐελ
499 4781 527 4833 ὁ
545 4777 639 4831 τοῦ
657 4775 943 4846 Σαλαθιὴλ,
964 4776 1385 4830 καταϐάλλονταί
1406 4793 1462 4829 τε
1483 4775 1637 4846 θεμε-

115 4863 226 4930 λίους
255 4869 692 4940 προφητευόντων
733 4865 938 4918 ὕστατα
981 4865 1196 4918 πάντων
1242 4866 1516 4933 Ἀγγαίου,
1542 4866 1638 4918 καὶ

115 4957 335 5032 Ζαχαρίου
353 4963 445 5014 καὶ
457 4960 761 5032 Μαλαχίου,
780 4960 1000 5029 μεθόὒς
1014 4958 1197 5012 οὐκέτι
1213 4959 1495 5028 προφήτης
1512 4974 1584 5008 πα
1594 4957 1640 5026 ρ’

117 5049 259 5114 αὐτοῖς
281 5053 646 5124 γέγονε.Κατὰ
660 5053 716 5105 δὲ
733 5052 815 5106 Κῦ
827 5070 914 5124 ρον
929 5051 1103 5104 Σόλων
1124 5051 1152 5101 ὁ
1179 5049 1453 5120 Ἀθηναῖος
1477 5050 1642 5116 ὲΥνω“

120 5143 273 5209 ρίζετο,
291 5148 378 5200 καὶ
399 5150 448 5201 οἱ
475 5147 764 5218 κληθέντες
780 5145 919 5198 ἑπτὰ
941 5145 1094 5212 σοφοὶ
1118 5144 1246 5216 παρ’
1263 5142 1537 5214 Ἕλλησιν,
1567 5134 1640 5194 ὧν

118 5237 422 5311 παλαιότερος
446 5241 619 5302 οὐδεὶς
641 5240 770 5308 παρ’
792 5239 974 5300 αὐτοῖς
997 5235 1282 5306 φιλόσοφος
1311 5251 1414 5304 μνη
1424 5232 1641 5304 μονεύε-

115 5341 203 5378 ται.
230 5330 430 5383 Τούτων
457 5331 519 5403 δὴ
539 5331 648 5384 τῶν
675 5330 813 5384 ἑπτὰ
843 5329 1021 5398 Θαλῆς
1048 5328 1076 5379 ὁ
1100 5325 1385 5395 Μιλήσιος,
1413 5324 1640 5394 φυσικὸς

117 5416 292 5485 πρώτκ
324 5421 588 5492 Ἑλλήνων
613 5418 879 5489 γεγονὼς,
916 5417 1043 5487 περὶ
1085 5415 1300 5486 τροπῶν
1348 5415 1496 5486 ἡλίου
1547 5416 1641 5470 καὶ

120 5508 384 5579 ἐκλείψεως,
433 5517 526 5569 καὶ
574 5510 868 5584 φωτισμῶν
910 5509 1158 5578 σελήνης,
1207 5506 1300 5559 καὶ
1352 5507 1640 5579 ἰσημερίας

120 5597 362 5675 διειλέχθη.
401 5607 644 5676 Ἐγένετο
671 5606 713 5658 δ’
745 5605 773 5655 ὁ
817 5601 953 5674 ἀνὴρ
995 5599 1394 5671 ἐπισημότατος
1431 5603 1488 5654 ἐν
1529 5602 1639 5664 τοῖς

1762 555 2268 625 sullieiant,quibus
2297 565 2407 610 tam
2451 559 2597 611 varia
2632 567 2852 630 tamque
2887 564 3169 633 multiplex
3206 582 3329 621 sus—

1740 647 1898 719 cepti
1942 646 2246 708 argumenti
2293 647 2544 715 probatio
2589 650 2938 705 continetur?
2986 651 3045 707 Si
3105 656 3327 724 quidem

1760 737 1812 790 id
1853 738 2170 806 agebamus,
2221 749 2281 792 ut
2321 737 2492 794 Mosis
2547 741 3042 814 prephetarumque
3085 754 3329 817 tempora

1759 825 2074 881 Graecorum
2110 827 2276 882 rebus
2306 830 2616 899 antiquiora
2651 846 2772 887 esse
2802 833 3327 893 demonstraremus.

1757 916 1910 972 Nunc
1936 918 2120 989 igitur,
2166 921 2426 988 quoniam
2459 923 2708 976 eumdem
2757 923 2963 981 Moscm
3001 929 3161 999 longe
3201 940 3329 984 ante

1755 1009 2052 1081 Trojanum
2108 1011 2310 1066 bellum
2362 1012 2613 1069 ﬂoruisse
2662 1019 3040 1085 ostendimus,
3087 1036 3185 1091 age
3231 1027 3329 1094 qui

1754 1113 1877 1174 post
1933 1121 2062 1159 eum
2103 1105 2276 1160 secuti
2319 1116 2480 1171 sunt,
2531 1109 2771 1180 reliquos
2815 1112 2979 1166 etiam
3024 1129 3213 1170 omnes
3245 1117 3328 1168 vi-

1752 1195 2000 1248 deamus.
2049 1194 2261 1266 Quippe
2299 1197 2501 1254 Moscm
2545 1201 2690 1254 enim
2735 1203 2880 1256 veris
2928 1203 3034 1260 illis
3070 1203 3330 1260 Hebra'o-

1753 1301 1872 1340 rum
1911 1288 2251 1358 principibus
2290 1289 2496 1345 llebere
2524 1301 2688 1362 atque
2719 1293 3052 1361 Abrahamo,
3091 1298 3185 1366 qui
3223 1299 3328 1354 hoc

1753 1379 1998 1434 nominis
2041 1380 2227 1450 generi
2278 1382 2545 1438 dederunt
2602 1399 2741 1451 suo;
2796 1402 2895 1441 nec
2933 1388 3040 1442 illis
3076 1400 3320 1459 tantum,

1749 1472 1843 1526 sed
1885 1473 2049 1526 etiam
2086 1473 2209 1528 aliis
2246 1475 2502 1530 omnibus
2551 1476 2626 1530 uti
2680 1477 2792 1532 Deo
2839 1479 3201 1548 cbarissimis,
3240 1485 3313 1538 ita

1749 1562 1908 1634 longe
1934 1565 2344 1632 vetustissimis,
2384 1566 2662 1636 juniorem
2694 1584 2758 1624 ac
2784 1573 3134 1640 posteriorem
3183 1575 3321 1631 fuis-

1749 1671 1841 1722 se,
1885 1657 1969 1711 vel
2003 1673 2069 1712 ex
2118 1659 2350 1728 ipsamet
2389 1659 2509 1728 ejus
2542 1660 2772 1717 historia
2813 1663 3178 1720 clarissimum
3212 1679 3315 1723 est.

1747 1750 1963 1807 Primus
2011 1767 2143 1823 ergo
2189 1763 2312 1823 post
2363 1753 2568 1808 Moscm
2617 1753 2862 1810 Iudaica:
2907 1756 3052 1826 genti
3098 1757 3324 1826 praefuit

1746 1841 1930 1907 Jesus,
1963 1847 2123 1898 annis
2157 1853 2216 1898 ut
2256 1845 2536 1900 nonnullis
2572 1846 2770 1916 placet,
2809 1848 3051 1918 triginta.
3092 1849 3318 1917 Deinde,

1747 1944 1806 1989 ut
1854 1935 2136 2005 Scriptura
2180 1945 2444 2004 testatur,
2487 1937 2661 1992 eidem
2703 1939 3019 2010 alienigena;
3060 1950 3184 1995 octo
3225 1941 3323 1995 do-

1747 2027 1939 2080 minati
1978 2037 2125 2082 sunt.
2172 2027 2310 2082 Tum
2348 2029 2638 2084 Gotltoniel
2686 2031 2846 2086 annis
2896 2031 3313 2102 quinquaginta.

1746 2117 1876 2174 Post
1903 2119 2047 2173 hunc
2075 2118 2266 2190 Eglom
2301 2137 2392 2174 rex
2422 2120 2600 2184 Moab,
2637 2122 2796 2176 annis
2827 2122 3148 2177 octodecim.
3175 2122 3313 2178 Tum

1744 2209 1883 2278 Aod,
1933 2212 2096 2267 annis
2138 2213 2454 2282 octoginta:
2503 2223 2627 2284 post
2673 2221 2833 2284 quem
2881 2214 3076 2270 iterum
3123 2216 3322 2270 alieni-

1744 2317 1895 2372 genae
1930 2303 2091 2358 annis
2133 2304 2346 2375 viginti.
2399 2305 2604 2361 Deinde
2629 2305 2963 2375 praefuerunt
2998 2305 3209 2362 Debora
3247 2308 3322 2363 si-

1743 2393 1858 2447 mul
1890 2403 1944 2448 et
1994 2394 2162 2450 Barac
2204 2399 2364 2451 annis
2409 2397 2792 2468 quadraginta.
2826 2397 2984 2470 503
3034 2399 3171 2453 Tum
3211 2400 3320 2454 Ma-

1743 2483 1966 2538 dianita:
1998 2486 2158 2538 annis
2202 2494 2430 2552 septem.
2472 2486 2666 2542 Postea
2702 2487 2922 2542 Gedeon
2972 2490 3132 2545 annis
3179 2508 3320 2560 qna-

1743 2576 2035 2646 draginta:
2072 2577 2385 2633 Abimelech
2425 2581 2584 2634 annis
2610 2579 2804 2647 tribus,
2842 2578 3014 2635 Tbola
3047 2583 3220 2637 tribus
3259 2593 3316 2637 et

1742 2669 1974 2738 viginti,
2027 2667 2142 2723 Jair
2181 2669 2398 2726 duobus
2444 2681 2498 2726 et
2536 2671 2749 2741 viginti,
2805 2672 3128 2729 Ammanitae
3161 2685 3314 2730 octo-

1741 2759 1952 2823 decim,
2003 2759 2236 2829 Jephthe
2282 2777 2412 2824 sex,
2455 2762 2637 2817 Esbon
2681 2771 2923 2832 septem,
2974 2763 3168 2819 Ealon
3219 2768 3317 2821 de-

1742 2863 1882 2913 cem,
1914 2848 2136 2905 Labdon
2175 2860 2320 2915 octo,
2357 2851 2689 2921 Alienigena;
2727 2853 3108 2924 quadraginta,
3147 2853 3312 2908 Sam-

1742 2954 1842 2996 son
1889 2941 2118 3015 viginti;
2159 2953 2272 2998 tum
2325 2943 2441 3000 Heli
2482 2943 2761 3010 sacerdos,
2805 2953 2866 2999 ut
2908 2944 3184 3001 Hebraicze
3230 2947 3311 3002 lit-

1743 3040 1874 3088 tera
1903 3034 2062 3089 ﬁdem
2097 3035 2323 3100 faciunt,
2358 3035 2518 3090 annis
2549 3035 2908 3106 quadraginta
2936 3051 2950 3090 :
2984 3037 3143 3108 cujus
3173 3045 3308 3095 tem-

1739 3141 1872 3199 pore
1903 3137 2121 3198 captum
2167 3139 2250 3184 est
2292 3128 2470 3183 llium.
2511 3127 2643 3183 Post
2669 3128 2786 3184 lleli
2819 3131 3177 3196 sacerdotem,
3208 3147 3310 3202 po-

1739 3221 1869 3291 pulo
1920 3220 2142 3276 Samuel
2185 3220 2494 3291 imperavit.
2541 3219 2696 3277 Hunc
2744 3220 2876 3276 Saul
2923 3237 3015 3276 rex
3061 3223 3305 3276 omnium

1737 3313 1951 3383 primus
1998 3313 2246 3382 excepit,
2302 3312 2656 3382 regnaritque
2719 3313 2879 3367 annis
2927 3313 3307 3383 quadraginta.

1739 3405 1877 3459 Tum
1911 3404 2079 3459 David
2114 3405 2272 3458 annis
2317 3403 2573 3459 totidem:
2605 3402 2730 3458 inde
2764 3402 3018 3486 Salomon
3059 3405 3308 3469 totidem,

1736 3498 1832 3568 qui
1871 3499 2084 3568 primus
2124 3495 2673 3568 Hierosolymitanum
2720 3497 2978 3566 templum
3017 3499 3306 3552 exstruxit.

1737 3588 1867 3645 Post
1941 3589 2324 3656 Salomonem,
2379 3590 2621 3644 Roboam
2672 3588 2832 3642 annis
2890 3589 3304 3657 septennleeim,

1736 3681 1875 3735 Abia
1934 3681 2094 3735 annis
2148 3680 2341 3746 tribus,
2393 3679 2498 3735 Asa
2549 3696 2659 3735 uno
2705 3688 2759 3734 et
2793 3679 3173 3748 quadraginta,
3221 3678 3310 3734 Jo-

1737 3773 1934 3842 sapbat
1994 3773 2184 3842 viginti
2245 3774 2520 3843 quinque,
2599 3771 2781 3826 Joram
2831 3781 2988 3837 octo,
3040 3771 3306 3826 chosias

1737 3876 1884 3916 anno
1934 3860 2200 3916 duntaxat
2258 3877 2387 3922 uno,
2429 3861 2681 3916 Gutbolia
2720 3869 2947 3929 septem,
2991 3859 3120 3915 Joas
3163 3877 3302 3930 qua-

1735 3954 2006 4024 draginta,
2037 3954 2292 4008 Amasias
2325 3953 2684 4022 qua'lraginta
2723 3969 2938 4018 novem,
2966 3952 3127 4007 Ozias
3158 3953 3299 4007 duos

1735 4055 1789 4099 et
1815 4045 2231 4115 quinquaginta,
2260 4045 2416 4116 cujus
2463 4052 2705 4114 tempore
2729 4045 2886 4111 Osee,
2913 4047 3100 4110 Amos,
3130 4043 3299 4100 Isaias

1735 4147 1790 4192 et
1831 4136 1998 4191 Jonas
2047 4139 2461 4207 propltetarunt.
2498 4134 2627 4192 Pest
2666 4136 2850 4191 Oziam
2901 4137 3144 4208 regnavit
3179 4135 3306 4191 Joa-

1739 4231 1887 4284 tbam
1919 4229 2081 4283 annis
2123 4228 2383 4295 sedecim,
2434 4237 2547 4284 tum
2583 4228 2768 4282 Acltaz
2799 4229 3042 4282 totidem.
3074 4228 3194 4294 Quo
3223 4244 3305 4280 re-

1738 4329 1938 4392 gnante
1965 4319 2142 4388 prima
2174 4318 2440 4388 olympias
2469 4318 2738 4372 celebrata
2784 4327 2884 4384 est,
2918 4318 2971 4372 in
3000 4332 3103 4386 qua
3133 4330 3299 4370 cursu

1737 4411 1869 4465 vicit
1923 4410 2172 4464 Corobus
2226 4409 2410 4464 Eleus.
2461 4409 2592 4465 Post
2643 4410 2826 4464 Acbaz
2875 4408 3121 4479 regnavit
3165 4406 3299 4460 Eze-

1739 4505 1892 4559 chias
1936 4501 2096 4556 annis
2152 4501 2342 4572 viginti
2397 4517 2626 4556 novem:
2685 4501 2844 4570 cujus
2901 4509 3142 4568 tempore
3190 4497 3300 4550 Ro-

1739 4597 1922 4651 mulus
1961 4605 2014 4650 et
2056 4593 2283 4648 Romam
2317 4594 2578 4656 condidit,
2618 4601 2674 4648 et
2707 4593 2970 4662 regnavit.
3006 4591 3136 4646 Post
3172 4590 3306 4644 Eze-

1740 4692 1920 4746 cliiam
1959 4689 2239 4744 Manasses
2283 4687 2445 4742 annis
2494 4685 2737 4756 quinque
2786 4692 2839 4737 et
2885 4681 3300 4752 quinquaginta.

1743 4785 1946 4838 Deinde
2001 4781 2178 4836 Amon
2230 4782 2392 4835 annis
2430 4780 2682 4843 duobus,
2729 4775 2910 4831 Josias
2951 4789 3058 4829 uno
3104 4781 3158 4828 et
3201 4773 3304 4826 tri.

1739 4876 1911 4943 ginta,
1966 4874 2068 4928 sub
2123 4887 2232 4942 quo
2282 4869 2568 4933 Jeremias,
2630 4866 2860 4932 Baruch,
2920 4863 3055 4918 Olda
3105 4871 3161 4917 et
3208 4861 3302 4916 alit

1737 4965 2015 5034 prophetae
2058 4964 2377 5018 floruerunt.
2433 4959 2570 5013 Tum
2621 4958 2876 5019 Joacbaz,
2909 4954 3187 5009 mensibus
3213 4953 3304 5006 tri-

1739 5053 1863 5117 bus,
1895 5051 2140 5107 Joachim
2175 5052 2336 5106 annis
2373 5049 2646 5115 undecim,
2677 5057 2731 5102 et
2770 5045 3026 5100 Sedecias
3055 5043 3300 5097 omnium

1740 5155 2051 5214 postremus
2098 5143 2413 5199 duodecim.
2461 5141 2578 5198 Sub
2637 5155 2703 5195 eo
2743 5145 2900 5208 capta
2961 5134 3298 5189 Hierusalem

1741 5235 1810 5288 ab
1841 5234 2102 5304 Assyriis,
2146 5233 2405 5302 templum
2453 5232 2758 5291 incensum,
2789 5227 3043 5281 universa
3086 5223 3298 5278 Judteo-

1738 5342 1860 5380 rum
1906 5325 2053 5379 natio
2086 5324 2411 5394 Babylonem
2449 5321 2703 5386 abducta,
2733 5319 2826 5374 ubi
2856 5316 3043 5371 Daniel
3085 5323 3139 5368 et
3162 5313 3298 5368 Eze-

1737 5417 1878 5471 chiel
1923 5416 2336 5486 prophetarum.
2378 5413 2510 5468 Post
2552 5426 2728 5466 annos
2760 5410 2886 5464 inde
2923 5405 3298 5477 septuaginta,

1737 5511 1911 5581 Cyrus
1937 5510 2121 5566 Persis
2151 5509 2458 5580 imperavit,
2498 5506 2823 5574 Judzeosque
2863 5502 3122 5557 sersitute
3167 5498 3300 5552 libe-

1735 5602 1896 5668 ravit,
1929 5601 2208 5664 onmibus,
2255 5599 2569 5668 quicunque
2598 5595 2820 5660 vellent,
2851 5593 2903 5647 in
2936 5590 3170 5661 patriam
3213 5603 3296 5643 re-

177 5719 269 5786 (9.0)
308 5722 530 5789 Ἐπειδὴ
569 5722 792 5781 τοίνυν,
839 5726 940 5772 etc.
979 5716 1230 5772 Clemens
1274 5715 1622 5771 Alexandrini.

1743 5755 1756 5770 .
1796 5715 2127 5782 tStromat.,
2167 5731 2286 5786 pag.
2331 5712 2455 5780 257,
2500 5710 2628 5768 edit.
2682 5703 3026 5763 Grazco-Lat.
3075 5704 3198 5761 eod.
3243 5706 3300 5759 in

125 5799 395 5856 a'guntoulo
424 5811 498 5846 \'Ci
516 5804 681 5845 satur.
