3840 6370
500 316 606 371 839

1138 310 1407 367 EUSEBII
1444 310 1919 366 C/ESARIENSIS
1957 306 2107 364 OPP.
2148 306 2325 361 PARS
2365 306 2514 363 ll.—
2542 304 3047 363 APOLOGETICA.
3610 312 3694 365 8ἱο

502 430 702 486 deundi
737 428 1030 500 templique
1065 428 1402 484 instaurandi
1434 439 1701 499 potestate
1745 428 2069 483 facta.Cutn

2183 426 2418 497 Ἕλλησι.
2451 426 2625 480 Θαλοῦ
2653 428 2710 480 δὲ
2750 427 2959 495 γίνεται
2989 424 3254 494 ἀκουστὴς
3301 422 3691 499 Ἀναξίμανδρος,

501 525 665 578 etiam
726 522 887 579 Jesus
944 520 1233 585 Josedeci,
1286 529 1342 576 et
1401 520 1703 575 Zorobabel
1757 519 2070 574 Salathielis

503 616 650 671 illius
692 623 1054 676 reverterunt,
1095 614 1332 682 novique
1374 613 1556 682 templi
1602 611 1953 667 fundamenta
1984 626 2069 678 po-

504 715 755 772 suerunt,
794 720 903 775 quo
938 713 1175 774 tempore
1220 704 1469 775 Aggaaus,
1525 704 1819 760 Zacharias
1869 714 1923 760 et
1960 704 2071 758 Ma-

503 797 712 851 lachias
780 796 1023 850 omnium
1084 796 1366 849 novissimi
1416 797 1847 867 prophetabant,
1897 796 2069 850 nemi-

502 901 627 939 nem
685 886 829 939 enim
873 894 995 954 post
1050 885 1170 940 illos
1215 883 1388 938 Judazi
1442 888 1764 956 prophetam
1809 888 2066 941 habuere.

501 976 621 1032 Jam
676 976 817 1047 Cyro
867 987 1127 1045 regnante
1177 976 1342 1032 Solon
1388 978 1776 1041 Atheniensis,
1823 994 2071 1049 quosque

502 1075 709 1135 septem
756 1066 1029 1134 sapientes
1082 1065 1256 1121 Graeci
1302 1077 1521 1134 vocant,
1570 1067 1825 1133 ﬂoruere,
1870 1069 2071 1138 quibus

502 1177 636 1215 sane
683 1160 946 1213 vetustior
986 1161 1126 1228 apud
1171 1176 1267 1215 eos
1312 1161 1676 1231 philosophus
1728 1177 1889 1216 nemo
1928 1162 2069 1215 cele-

504 1252 712 1305 bratur.
746 1250 825 1303 Ex
862 1250 929 1305 iis
964 1249 1163 1305 Thales
1190 1249 1429 1306 Milesius
1456 1253 1707 1321 princeps
1751 1253 1891 1306 inter
1920 1251 2070 1306 Grais

500 1358 598 1398 cos
643 1343 709 1397 de
754 1343 917 1396 rebus
957 1342 1299 1396 naturalibus
1334 1342 1710 1412 phil050phari
1748 1343 1933 1413 caepit,
1971 1345 2070 1399 de-

502 1450 611 1505 que
653 1434 786 1489 solis
816 1434 1291 1499 conversionibus,
1324 1434 1485 1506 504
1522 1434 1772 1503 lunaeque
1818 1451 1941 1490 cum
1983 1436 2073 1491 de-

504 1528 757 1594 fectione,
794 1536 904 1582 tum
938 1528 1322 1591 illustrationc,
1357 1543 1457 1582 nec
1499 1543 1607 1581 non
1645 1528 1711 1582 de
1742 1531 2070 1598 aequinoctio

504 1622 824 1691 disputavit.
868 1619 1051 1686 Quare
1104 1620 1446 1675 clarissimus
1494 1622 1546 1674 in
1600 1602 1805 1677 Graecia
1855 1638 2070 1694 semper

505 1712 722 1767 habitus
776 1720 891 1765 est.
921 1710 1159 1765 Thaletis
1214 1712 1429 1765 auditor
1480 1710 1583 1766 fuit
1627 1712 2066 1783 Anaximander,

507 1804 785 1863 Praxiada:
826 1804 991 1866 ﬁlius,
1039 1818 1238 1873 genere
1281 1802 1524 1860 Milesius
1573 1806 1688 1874 ipse
1730 1820 1968 1876 quoque.
2020 1806 2070 1862 Is

505 1893 751 1948 omnium
788 1893 998 1963 primus
1026 1893 1195 1962 stylos
1220 1891 1287 1945 ad
1321 1893 1719 1962 dignoscmidas
1751 1895 1907 1962 solis,
1935 1904 2073 1950 tem-

506 2002 721 2057 porum,
781 1993 1186 2054 tempestatum,
1236 1994 1291 2039 et
1334 1986 1646 2053 aequinoctii
1688 1988 2071 2042 conversiones

504 2076 822 2130 elaboravit.
871 2073 1011 2129 Huic
1043 2089 1266 2143 operam
1322 2074 1475 2129 dedit
1526 2074 1895 2131 Anaximenes
1942 2077 2069 2130 item

508 2166 750 2221 Milesius
796 2164 1102 2236 Eurystrati
1135 2165 1303 2229 ﬁlius,
1344 2182 1503 2233 quem
1550 2166 1757 2220 audivit
1786 2166 2075 2237 Anaxago-

511 2272 599 2312 ras
644 2257 1051 2320 Clazomenius,
1108 2254 1419 2327 llegesibuli
1464 2258 1627 2313 lilius.
1668 2256 1719 2313 ls
1764 2258 1830 2312 dc
1873 2259 2074 2327 princi-

511 2350 614 2417 piis
645 2347 900 2402 distincte
943 2347 1155 2417 primus
1184 2355 1236 2402 et
1283 2346 1564 2403 enucleate
1604 2348 1920 2418 disputavit.
1968 2347 2072 2404 Ne-

509 2455 617 2509 que
663 2440 808 2493 cnim
862 2440 929 2493 de
990 2439 1230 2493 universi
1282 2448 1493 2493 tantum
1536 2447 1756 2505 natura,
1799 2440 1878 2495 uti
1927 2441 2073 2510 prio-

513 2547 600 2585 res
652 2530 766 2593 illi,
816 2530 911 2583 sed
960 2530 1127 2583 etiam
1174 2529 1242 2585 de
1283 2530 1403 2598 ipso
1455 2538 1637 2585 motus
1682 2530 1802 2601 ejus
1852 2538 2074 2585 auctore

514 2616 927 2687 philosophatus
958 2623 1061 2669 est.
1089 2634 1106 2666 ι
1130 2617 1267 2671 Cum
1284 2616 1430 2672 enim
1464 2633 1550 2673 res
1598 2633 1788 2674 omnes
1808 2659 1823 2685 ,
1867 2620 2071 2689 inquit,

514 2706 757 2761 confusa:
796 2707 963 2761 simul
998 2707 1379 2777 permistaeque
1408 2708 1474 2761 ab
1504 2708 1659 2762 initio
1690 2707 1890 2772 forent,
1926 2709 2075 2764 Meus

515 2799 730 2869 penitus
762 2813 857 2853 eas
898 2813 1204 2868 permeans,
1246 2798 1315 2853 ab
1346 2798 1435 2854 illa
1462 2801 1867 2869 perturbatione
1900 2803 1953 2857 in
1988 2819 2077 2857 or-

514 2891 697 2945 dinem
731 2889 1167 2959 elegantiamque
1192 2888 1537 2947 vindicavit.»
1559 2894 1893 2965 Anaxagora:
1912 2894 2079 2950 disci-

517 2981 627 3049 puli
672 2990 779 3035 tres
811 2982 981 3046 luere,
1017 2979 1275 3044 Pericles,
1305 2980 1623 3049 Archelaus,
1662 2993 1715 3037 et
1769 2982 2075 3055 Euripides.

517 3074 753 3129 Pericles
802 3089 908 3129 non
960 3072 1373 3127 Atheniensium
1409 3073 1572 3127 modo
1627 3074 1782 3128 facile
1828 3077 2076 3146 princeps

517 3166 639 3227 l'uit,
677 3180 865 3219 verum
898 3163 1061 3218 etiam
1108 3162 1345 3231 azquales
1387 3178 1515 3217 suos
1556 3178 1747 3217 omnes
1790 3166 1989 3232 opibus
2015 3181 2078 3220 ac

518 3256 799 3311 nobilitate
851 3255 1146 3325 superavit.
1199 3252 1479 3330 Euripides
1522 3270 1645 3309 cum
1693 3254 1757 3308 ad
1812 3258 2078 3324 poeticam

518 3363 639 3403 sese
673 3348 1020 3411 contulisset,
1052 3348 1301 3402 scenicus
1342 3363 1371 3400 a
1417 3346 2080 3418 nonnullislphilosophus

519 3452 740 3496 vocatus
762 3450 863 3496 est.
881 3439 1181 3494 Archelaus
1204 3440 1436 3509 denique
1452 3438 1732 3509 Lampsaci
1747 3442 2081 3513 Anaxagora:

519 3548 620 3587 suo
658 3534 709 3585 in
749 3533 877 3585 ludo
909 3532 1197 3585 successit.
1236 3529 1365 3584 lude
1411 3546 1534 3584 cum
1578 3532 1819 3586 Athenas
1852 3534 2081 3603 migras-

519 3632 621 3685 set,
671 3622 887 3676 easdem
940 3622 1013 3674 ibi
1059 3622 1287 3676 docendi
1332 3631 1512 3691 partes
1558 3638 1867 3693 munusque
1910 3626 2073 3679 susti-

520 3716 660 3779 nuit,
690 3723 744 3768 et
774 3713 1209 3783 quamplurimos
1247 3714 1605 3770 Athenienses
1648 3716 1964 3785 discipulos,
2002 3717 2083 3770 in-

520 3817 709 3875 terque
738 3816 966 3861 caeteros
1009 3805 1288 3860 Socratem
1327 3806 1535 3861 habuit.
1579 3806 1834 3878 Ejusdem
1865 3809 2083 3862 Anaxa-

519 3915 663 3970 gora:
694 3910 956 3968 tempore,
989 3898 1354 3969 XenOphanes
1394 3909 1448 3954 et
1504 3898 1838 3971 Pythagoras
1872 3902 2081 3973 physici

520 3992 783 4046 claruere.
814 3990 892 4045 Ac
915 3990 1230 4062 Pythagora:
1258 3992 1476 4061 quidem
1504 3990 1726 4046 Theano
1752 4009 1907 4057 uxor,
1938 3994 2084 4063 ejus-

520 4098 627 4151 que
646 4082 762 4145 filii,
787 4079 1052 4151 Telauges
1071 4091 1125 4136 et
1145 4081 1519 4147 Mnesarchus,
1550 4095 1951 4139 successerunt.
1978 4085 2081 4139 Te-

525 4173 697 4243 laugis
723 4174 939 4228 auditor
971 4173 1329 4244 Empedocles
1376 4174 1499 4238 fuit,
1526 4175 1684 4245 cujus
1725 4186 1882 4230 aetate
1914 4175 2084 4231 [lera-

523 4266 684 4320 clitus
730 4266 818 4319 ille
869 4266 1242 4320 tenebricosus
1294 4265 1347 4319 in
1404 4266 1686 4320 hominum
1737 4282 1833 4321 ore
1878 4268 2082 4321 versari

525 4360 707 4428 cmpit.
752 4357 1071 4427 Xenophaui
1126 4372 1258 4411 vero
1315 4356 1730 4423 Parmenidem,
1777 4356 2083 4413 Parmenidi

2175 518 2477 588 Πραξιάδου
2505 520 2601 589 μὲν
2636 523 2785 583 παῖς,
2836 520 2991 587 γένος
3030 518 3088 570 δὲ
3121 518 3214 570 καὶ
3258 517 3415 579 αὐτὸς
3452 519 3675 588 Μιλήσιπ

2175 609 2344 675 Οὗτος
2364 613 2577 683 πρῶτος
2603 611 2886 681 γνώμονας
2912 609 3275 664 κατεσκεύασε
3306 610 3437 679 πρὸς
3450 610 3694 678 διάγνωσιν

2175 706 2390 777 τροπῶν
2416 723 2475 758 τε
2514 705 2688 775 ἡλίου,
2721 707 2815 759 καὶ
2848 705 3073 776 χρόνων,
3101 705 3193 757 καὶ
3226 703 3401 775 ὡρῶν,
3426 706 3513 758 καὶ
3546 708 3678 775 ἰσημε

2179 796 2316 867 ρίας.
2353 797 2769 868 Ἀναξιμάνδρου
2806 797 2862 849 δὲ
2900 795 3173 867 γνώριμος
3204 795 3415 863 ἐγένετο
3458 798 3678 867 Ἀναξιμέ

2176 906 2272 957 νης
2295 890 2695 961 Εὐρυστράτου,
2724 889 3007 959 Μιλήσιος·
3032 888 3222 940 τούτου
3239 888 3293 940 δὲ
3330 887 3697 959 Ἀναξαγόραςό

2188 975 2598 1046 Ἡγησιϐούλου,
2640 977 3025 1047 Κλαζομένιος.
3056 970 3311 1049 Οὗτοςδὴ
3352 978 3551 1050 πρῶτος
3576 979 3677 1049 διήρ

2178 1067 2351 1139 θρωσε
2386 1068 2478 1121 τὸν
2506 1068 2631 1140 περὶ
2653 1068 2836 1138 ἀρχῶν
2858 1062 3144 1136 λόγον.’οὐ
3181 1069 3286 1140 γὰρ
3313 1070 3466 1140 μόνον
3494 1073 3605 1142 περὶ
3624 1076 3698 1143 τῆ,

2176 1162 2391 1215 πάντων
2429 1161 2614 1223 οὐσίας
2638 1163 2968 1231 ἀπεφήνατο,
2986 1161 3060 1225 ὡς
3079 1163 3127 1214 οἱ
3155 1164 3260 1232 πρὸ
3289 1162 3471 1227 αὐτοῦ,
3490 1163 3610 1217 ἀλλὰ
3628 1167 3693 1217 ul

2177 1253 2306 1325 περὶ
2333 1252 2425 1305 τοῦ
2458 1253 2730 1316 κινοῦντος
2755 1254 2925 1320 αὐτὴν
2957 1254 3149 1307 αἰτίου.
3185 1274 3203 1306 t
3236 1250 3343 1308 Ἦν
3368 1256 3472 1326 γάρ
3509 1256 3595 1327 τὴν
3625 1261 3689 1330 ἀρε

2176 1344 2295 1415 χὴν,
2322 1362 2339 1395 ι
2378 1344 2529 1413 φησὶ,
2571 1362 2588 1393 ‹
2614 1344 2681 1396 τά
2714 1344 3013 1414 πράγματα
3046 1344 3179 1413 ὁμοῦ
3226 1347 3563 1416 πεφυρμένα·
3590 1349 3697 1411 Νοῦ,

2174 1434 2217 1487 δ’
2243 1433 2517 1497 εἰσελθὼν,
2554 1433 2691 1485 αὐτά
2720 1433 2784 1484 ὲκ
2818 1434 2916 1502 τῆς
2937 1430 3160 1495 ἀταξίας
3190 1435 3268 1496 είς
3292 1434 3446 1499 τάξιν
3474 1436 3696 1506 ἤγαγεν.»

2189 1524 2545 1596 Ἀναξαγόρου
2557 1523 2612 1575 δὲ
2628 1523 2871 1591 ἐγένοντο
2882 1522 3146 1594 γνώριμοι
3157 1527 3324 1593 τρεῖς,
3341 1526 3413 1576 Πε
3421 1526 3689 1596 ρικλῆς,Ἀρ

2176 1619 2383 1689 χέλαος,
2408 1616 2723 1687 Εὐριπίδης.
2742 1614 3011 1686 Περικλῆς
3042 1616 3138 1687 μὲν
3161 1612 3255 1668 οὖν
3271 1614 3557 1685 Ἀθηναίων
3584 1618 3703 1689 πρῶο

2174 1733 2265 1775 τος
2282 1714 2621 1783 ὲγένετο,καὶ
2638 1711 2851 1781 πλούτῳ
2861 1712 2954 1765 καὶ
2971 1712 3116 1779 γένει
3130 1711 3238 1763 τῶν
3256 1710 3378 1765 καθ’
3398 1710 3704 1775 έαυτῶνᾶθ)

2105 1788 2144 1845 Β
2176 1805 2531 1875 περιήνεγκεν
2548 1805 2599 1843 ι’
2633 1801 2929 1872 Εὐριπίδης
2951 1801 3028 1865 δὲ,
3053 1802 3142 1853 ἐπὶ
3165 1800 3449 1871 ποιητικὴν
3475 1798 3703 1870 μεταϐὰς.

2176 1895 2280 1948 ὐπό
2305 1912 2467 1947 τινων
2502 1893 2758 1963 σκηνικὸς
2805 1892 3091 1960 φιλόσοφος
3128 1891 3331 1963 ἐκλήθη
3357 1908 3370 1921 ·
3409 1894 3437 1944 6
3460 1891 3513 1943 δὲ
3552 1889 3706 1959 Ἀρχέ-

2173 1986 2298 2049 λαος
2335 1987 2392 2039 ὲν
2424 1984 2711 2055 Λαμψάκῳ
2743 1982 3011 2047 διεδέξατο
3038 1981 3134 2051 τὴν
3164 1981 3358 2051 σχολὴν
3385 1979 3474 2033 τοῦ
3520 1978 3705 2043 Ἀναξα-

2173 2078 2357 2148 γόρου.
2385 2076 2638 2139 Μεταϐἀς
2675 2074 2719 2127 δ’
2764 2076 2844 2137 εἰς
2877 2073 3103 2143 Ἀθήνας
3156 2074 3274 2125 ἐκεῖ
3323 2072 3597 2141 ὲσχόλασε,
3635 2069 3707 2121 καὶ

2174 2167 2400 2229 πολλοὺς
2429 2166 2582 2234 ἔσχεν
2624 2160 2918 2232 Ἀθηναίων
2942 2160 3271 2231 γνωρίμους,
3311 2163 3369 2212 ὲν
3394 2157 3473 2222 οἷς
3502 2160 3587 2211 καὶ
3615 2158 3705 2209 Σωο

2174 2258 2402 2330 κράτην.
2452 2255 2608 2309 Κατὰ
2648 2254 2705 2308 δὲ
2744 2252 2835 2305 τὸν
2868 2251 3029 2305 αὐτὸν
3061 2252 3139 2322 τῷ
3177 2252 3509 2321 Ἀναξαγόρᾳ
3556 2250 3706 2319 χρόνον

2174 2351 2428 2421 ἤκμασαν
2469 2347 2658 2417 ἄνδρες
2691 2343 2927 2413 φυσικοὶ,
2966 2341 3277 2413 Ξενοφάνης
3328 2360 3389 2395 τε
3428 2343 3516 2394 καὶ
3558 2340 3705 2393 Πυθα-

2174 2444 2362 2513 γόρας.
2402 2441 2505 2493 Τὸν
2552 2441 2649 2510 μὲν
2682 2434 2774 2491 οῦν
2824 2436 3142 2507 Πυθαγόραν
3184 2435 3453 2499 διεδέξατο
3491 2432 3650 2487 θεανὼ
3682 2436 3705 2501 ἡ

2176 2531 2330 2602 γυνὴ.
2373 2530 2427 2583 οἵ
2466 2547 2523 2582 τε
2570 2530 2675 2581 υἱοὶ
2717 2520 2904 2588 αὐτοῦ,
2940 2524 3226 2596 Τηλαυγὴς
3259 2526 3358 2577 καὶ
3407 2525 3704 2595 Μνήσαρχος.

2176 2619 2490 2693 Τηλαυγοῦς
2511 2617 2566 2670 δὲ
2608 2616 2970 2687 Ἐμπεδοκλῆς
2991 2615 3260 2684 ἀκουστὴς
3285 2614 3511 2682 γίνεται,
3540 2612 3644 2664 καθ’
3666 2612 3708 2661 ὃν

2190 2713 2534 2788 Ἡράκλειτος
2563 2714 2590 2764 6
2626 2710 2895 2772 σκοτεινὸς
2928 2708 3270 2779 ὲγνωρίξετο.
3300 2708 3403 2759 Τὸν
3425 2707 3478 2759 δὲ
3516 2705 3710 2771 Ξενοφὰ-

2178 2824 2275 2877 νην
2306 2806 2520 2873 λέγεται
2548 2807 2576 2857 ὁ
2614 2802 2957 2873 Παρμενίδης
2989 2799 3333 2865 διαδέξασθαι
3354 2839 3369 2862 ,
3412 2795 3710 2869 Παρμενίδην

2178 2898 2233 2952 δὲ
2256 2897 2543 2960 Μέλισσος,
2580 2896 2843 2949 Μέλισσον
2882 2897 3066 2963 Ζήνων
3112 2893 3141 2944 6
3182 2892 3468 2961 Ἐλεάτης·
3506 2890 3709 2956 ὅνφασιν

2180 2987 2469 3057 ἐπιϐουλὴν
2518 2987 2659 3038 κατά
2716 2986 2809 3038 τοῦ
2858 2986 2980 3037 τότε
3036 2984 3300 3055 τυράννου
3350 2980 3709 3052 συστησάμενον

2181 3080 2405 3142 ἁλῶναι,
2440 3078 2858 3149 στρεϐλούμενον
2886 3077 2941 3129 δὲ
2983 3076 3083 3130 ὐπὸ
3109 3075 3203 3128 τοῦ
3260 3075 3523 3146 τυράννου
3544 3112 3558 3136 ,
3592 3074 3708 3133 ὅπως

2183 3172 2305 3234 τοὺς
2336 3172 2431 3224 σὺν
2469 3169 2616 3239 αὐτῷ
2658 3169 2974 3239 γενομένους
3013 3167 3209 3237 ἄνδρας
3256 3165 3641 3237 ἀπογράψηται,
3664 3163 3707 3215 οὐ

2183 3263 2611 3335 προσποιηθέντα
2654 3262 2750 3325 τὰς
2781 3261 2873 3314 τοῦ
2912 3260 3170 3331 τυράννου
3204 3261 3476 3331 τιμωρίας
3500 3300 3514 3324 ,
3558 3260 3709 3327 διαμα-

2186 3354 2492 3424 σησάμενον
2514 3352 2611 3421 τὴν
2631 3350 2879 3419 γλῶσσαν
2905 3348 3248 3419 προσπτύσαι
3273 3349 3447 3420 αὐτῷ,
3468 3348 3557 3401 καὶ
3578 3345 3713 3406 οὕτως

2183 3445 2660 3516 ἐγκαρτερήσαντα
2694 3446 2812 3505 ταῖς
2844 3441 3093 3512 βασάνοις
3120 3442 3435 3495 ἀποθανεῖν.
3471 3440 3644 3492 Τούτου
3670 3435 3713 3486 δὲ

2181 3536 2497 3598 Λεύκιππος
2542 3534 2809 3603 ἀκουστὴς
2852 3533 3075 3601 γέγονε,
3112 3533 3432 3586 Λευκίππου
3482 3531 3533 3584 δὲ
3569 3528 3711 3599 Δημὸο

2183 3646 2387 3699 κριτος,
2415 3622 2475 3682 οὐ
2512 3626 2910 3698 Πρωταγόρας,
2937 3624 3058 3678 καθ’
3088 3624 3146 3677 ὃν
3184 3626 3407 3695 ἤκμασε
3443 3622 3709 3692 Σωκράτης-

2185 3718 2294 3770 Kal.
2327 3716 2517 3779 ἄλλους
2552 3716 2607 3768 δὲ
2645 3715 2916 3787 σποράδην
2954 3714 3101 3768 ἔστιν
3134 3715 3311 3784 εὑρεῖν
3367 3714 3611 3783 φυσικοὺς
3645 3727 3710 3777 ςι-

2183 3810 2440 3877 λοσόφους
2494 3808 2600 3878 πρὸ
2650 3807 2970 3881 Σωκράτους
3017 3810 3339 3877 γενομένους
3366 3823 3380 3836 ’
3428 3805 3557 3876 πλὴν
3608 3799 3713 3855 ἀλλὰ

2184 3901 2403 3965 πάντες,
2434 3900 2541 3953 ἀπὸ
2564 3900 2738 3953 Θαλοῦ
2773 3899 3086 3971 ἀρξάμενοι,
3109 3898 3317 3953 κατὼτε
3328 3916 3423 3971 ρον
3451 3897 3616 3969 Κύρου
3639 3890 3711 3945 τοῦ

2184 3990 2407 4063 Περσῶν
2439 3990 2699 4059 βασιλέως
2727 3992 3003 4059 φαίνονται
3032 3990 3363 4060 ἡκμακότες.
3402 3990 3461 4043 Ὀ
3496 3988 3547 4042 δὲ
3568 3986 3712 4055 Κῦρος

2189 4085 2326 4155 μετά
2358 4085 2607 4138 πλεῖστον
2640 4087 2741 4156 τῆς
2786 4086 2864 4148 είς
2908 4084 3201 4138 Βαϐυλῶνα
3240 4083 3606 4155 αἰχμαλωσίας
3638 4075 3713 4131 τοῦ

2199 4174 2465 4228 Ἰουδαίων
2509 4174 2693 4237 ἔθνους
2718 4175 2875 4245 δῆλός
2902 4178 3017 4229 ἐστι
3044 4174 3303 4249 γεγονῲς,
3346 4172 3713 4229 διαλελοιπότων

2187 4266 2284 4337 ήδη
2333 4264 2440 4318 τῶν
2483 4266 2611 4337 παρ’
2646 4266 2916 4338 Ἑϐραίοις
2969 4266 3260 4337 προφητῶν
3283 4305 3299 4329 ,
3355 4268 3449 4319 καὶ
3481 4265 3570 4334 τῆς

2193 4357 2572 4429 μητροπόλεως
2599 4358 2777 4410 αὐτῶν
2810 4357 3314 4428 πεπολιορκημένης
3334 4374 3347 4387 ·
3378 4358 3513 4411 ὥστε
3540 4373 3592 4408 σε
3616 4353 3715 4422 ὸμλ-

524 4450 835 4511 Melissum,
885 4450 1098 4503 Melisso
1158 4448 1431 4502 Zenonem
1478 4448 1717 4503 Eleatem
1754 4449 2077 4505 successisse

2189 4448 2367 4518 λογεῖν
2400 4448 2533 4501 πολὺ
2572 4448 2811 4519 νεώτερα
2869 4450 3111 4513 Μωσέως
3148 4450 3242 4501 καὶ
3284 4448 3397 4502 τῶν
3438 4446 3548 4519 μετ’
3588 4442 3715 4498 αὐτὸν

526 4544 727 4598 ferunt.
767 4542 842 4597 De.
870 4558 978 4611 quo
1016 4539 1234 4596 Zenone
1277 4539 1410 4593 illud
1445 4539 1607 4592 etiam
1653 4548 1929 4605 narratur,
1958 4555 2082 4593 cum

527 4638 573 4691 is
609 4633 1005 4704 conjurationis
1041 4633 1302 4687 adversus
1337 4639 1632 4699 tyrannum
1677 4630 1796 4698 ejus
1826 4629 2086 4698 temporis

526 4728 672 4781 initae
722 4728 974 4809 prinqeps
1026 4732 1323 4792 auctorque
1376 4721 1747 4790 deprehensus
1797 4729 1978 4783 esset,
2018 4720 2086 4772 ab

526 4835 701 4889 eoque
746 4819 823 4873 uti
871 4817 1085 4872 consilii
1133 4815 1315 4870 socios
1363 4813 1650 4876 iudicaret,
1707 4820 2085 4881 torqueretur,

528 4912 743 4985 tyranni
792 4909 1072 4979 suppliciis
1126 4917 1381 4976 tanquam
1440 4906 1623 4958 minus
1658 4903 1724 4957 ad
1764 4917 1883 4957 sese
1930 4903 2090 4971 perti-

530 5005 782 5059 nentibus
842 5002 1065 5056 omnino
1106 4996 1461 5067 contemptis,
1516 5010 1875 5065 przemansam
1916 4995 2090 5048 denti-

530 5097 633 5150 hus
678 5096 917 5164 linguam
974 5093 1028 5145 in
1065 5106 1190 5145 eum
1241 5089 1545 5157 exspuisse,
1578 5096 1741 5155 atque
1790 5086 1861 5139 ita
1896 5087 2089 5139 mediis

534 5191 585 5242 in
620 5188 956 5243 cruciatibus
997 5183 1503 5240 constantissimum
1556 5181 1776 5234 obiisse.
1832 5178 2087 5248 Ejusdem

533 5278 747 5331 auditor
777 5275 1082 5344 Leucippus
1124 5272 1254 5339 fuit,
1304 5269 1557 5339 Leucippi
1596 5266 1956 5335 Democritus,
1990 5267 2091 5323 Dc-

534 5368 747 5423 mocriti
806 5366 1170 5437 Protagoras,
1239 5363 1395 5431 cujus
1454 5369 1609 5415 artate
1674 5357 1924 5415 Socrates
1988 5358 2089 5413 llo-

538 5462 663 5516 ruit.
711 5461 782 5516 Ut
835 5461 980 5515 enim
1044 5468 1167 5513 ante
1237 5459 1511 5511 Socratem
1559 5453 1812 5523 physicos
1858 5454 2090 5521 sparsim

537 5550 829 5603 nonnullos
892 5549 1163 5617 reperias,
1220 5562 1410 5601 omnes
1467 5555 1645 5598 tamen
1690 5558 1814 5597 cum
1876 5543 2091 5597 initium

609 5652 637 5680 ι
673 5656 772 5692 ms.
810 5640 1092 5711 διήνεγκεν

609 5750 741 5823 (20⁸)
789 5746 1068 5804 Ἑαυτῶν.
1099 5747 1240 5817 Lege
1278 5746 1484 5801 ἑαυτὸν.
1516 5746 1672 5802 Eutr.

2190 4539 2483 4611 προςρητῶν
2527 4539 2597 4593 τὰ
2638 4539 2736 4609 τῆς
2784 4539 3047 4609 Ἐλλήνων
3098 4540 3379 4607 γεγονέναι
3425 4534 3712 4608 φιλοσοφίας.

2191 4632 2284 4683 καὶ
2316 4631 2549 4700 μάλιστα
2585 4631 2684 4702 τῆς
2730 4632 2869 4684 κατὰ
2908 4632 3166 4684 Πλάτωνα
3190 4671 3205 4695 ,
3248 4631 3305 4693 ὃς
3328 4673 3345 4694 ,
3394 4628 3640 4697 ἀκουστὴς
3663 4624 3715 4675 τά

2193 4722 2385 4795 πρῶτα
2411 4723 2698 4794 γενόμενος
2725 4723 3064 4794 Σωκράτους,
3104 4723 3337 4775 κᾶπειτα
3368 4725 3479 4785 τοῖς
3515 4719 3715 4782 Πυθαγο-

2195 4814 2359 4884 ρείοις
2382 4814 2665 4885 ὁμιλήσας,
2692 4814 2815 4877 τοὺς
2842 4814 2948 4884 πρὸ
2980 4814 3142 4867 αὐτοῦ
3170 4814 3376 4878 πάντας
3406 4814 3543 4882 λόγῳ
3566 4828 3617 4862 τε
3644 4806 3714 4860 καὶ

2196 4904 2425 4967 συνέσει,
2465 4906 2558 4959 καὶ
2596 4908 2707 4968 τοῖς
2744 4906 2800 4957 ἐν
2839 4905 3123 4976 φιλοσοφίᾳ
3152 4905 3413 4975 δόγμασιν
3463 4898 3715 4974 ὑπερηκόν-

2193 5009 2329 5045 τισε.
2362 4993 2553 5062 Γέγονε
2582 4993 2626 5045 δ’
2653 4995 2681 5045 6
2712 4992 2938 5046 Πλάτων
2974 4994 3117 5063 ἀμφὶ
3147 4992 3217 5046 τά
3250 4993 3454 5046 ὕστατα
3487 4993 3576 5062 τῆς
3608 4990 3713 5056 Περ-

2197 5086 2304 5139 σῶν
2331 5084 2625 5156 βασιλείας,
2654 5085 2833 5157 μικρῷ
2865 5086 3055 5139 Θᾶττον
3096 5084 3441 5159 Ἀλεξάνδρου
3461 5085 3549 5138 τοῦ
3570 5083 3715 5137 Μακε-

2194 5176 2364 5240 δόνος,
2388 5177 2694 5246 Αὐγούστου
2721 5176 2777 5229 δὲ
2800 5175 2892 5229 τοῦ
2918 5174 3185 5229 Σεϐαστοῦ
3217 5177 3278 5229 οὐ
3313 5175 3541 5246 πρόσθεν
3559 5174 3639 5240 ἐτη
3663 5175 3710 5219 ν’.

2197 5270 2258 5322 Ei
2300 5270 2362 5341 δή
2409 5287 2490 5322 σοι
2530 5269 2815 5341 τοιγαροῦν
2866 5270 2895 5321 6
2949 5269 3191 5334 Πλάτων,
3245 5270 3387 5322 οἵτε
3440 5267 3551 5338 μετ’
3588 5262 3714 5317 αὐτὸν

2196 5361 2451 5431 δειχθεῖεν
2494 5362 2560 5414 τά
2610 5362 2875 5431 σύμφωνα
2931 5360 3197 5432 Ἑϐραίοις
3235 5357 3711 5431 πεφιλοσοφηκότες.

2198 5450 2315 5523 ῶρα
2344 5454 2563 5503 σκοπεῖν
2582 5452 2673 5504 τὸν
2697 5452 2885 5523 χρόνον
2912 5450 3033 5504 καθ’
3056 5450 3114 5504 ὃν
3139 5446 3293 5515 οὗτος
3320 5452 3531 5520 γέγονε·
3561 5446 3649 5499 τῶν
3673 5443 3714 5493 δὲ

2201 5545 2329 5615 παρ’
2369 5543 2637 5607 Ἑϐραίοις
2666 5543 2928 5613 θεολόγων
2961 5562 3019 5607 τε
3057 5544 3152 5604 καὶ¹
3180 5545 3474 5619 προφητῶν
3509 5541 3595 5617 τὴν
3640 5553 3714 5588 πα-
