3840 6370
516 366 631 431 845

522 481 614 535 24.
646 479 720 534 De
752 478 1001 533 Mosmcis
1026 478 1178 539 ideis,
1199 492 1263 531 ea:
1284 474 1523 530 Philone.

524 551 615 603 25.
645 550 718 603 De
744 550 950 613 iisdem,
975 564 1041 602 ea:
1066 547 1345 601 Clemente.

525 620 726 701 26..οε
752 619 1069 701 adversariis
1099 617 1327 681 naturis,
1370 613 1711 669 Hebraeorum
1752 614 2095 685 Platonisque

528 690 935 841 Wﬁﬁgzifmw
959 755 1385 838 immortalitate,
1413 769 1479 808 ea:
1527 754 1869 811 Hebrazorum
1914 754 2095 808 Plato-

601 831 783 898 nisque
810 828 1075 879 doctrina.
1324 895 1335 907 .

529 897 620 952 28.
649 897 723 950 De
748 898 950 958 eadem,
977 910 1041 948 ea:
1071 894 1389 963 Porphyrto.

529 966 619 1022 29.
651 967 800 1028 Quod
831 966 1053 1019 mundus
1086 975 1259 1018 ortum
1281 964 1543 1019 habuerit.

530 1036 620 1091 50.
652 1035 725 1089 De
764 1035 880 1089 εωιὶ
907 1036 1216 1089 luminibus.

526 1105 617 1158 5i.
651 1107 844 1159 Omnia
874 1104 969 1159 Dei
1008 1121 1163 1174 opera
1190 1106 1322 1157 bona
1354 1119 1483 1157 esse.

531 1175 619 1230 δὲ.
646 1175 722 1229 De
752 1173 1059 1229 alteratione
1082 1191 1144 1228 ac
1170 1174 1459 1229 mutatione
1485 1173 1694 1226 mundi.

531 1310 620 1365 53.
662 1309 737 1365 De
762 1310 1137 1363 resurrectione
1163 1318 1511 1375 mortuorum,
1550 1325 1613 1361 ex
1648 1308 1847 1362 eodem.

532 1448 620 1501 54.
652 1446 723 1499 De
761 1462 1002 1515 supremo
1031 1446 1213 1499 mundi
1245 1446 1369 1514 ﬁne.

531 1518 618 1572 55.
649 1512 883 1569 Mortuos
937 1517 1192 1586 quosdam
1237 1512 1485 1568 revixisse
1527 1514 1691 1586 Plato
1727 1512 1930 1576 scribit,
1974 1527 2092 1564 cum

605 1586 842 1640 Hebraeis
871 1585 966 1639 hoc
994 1588 1154 1640 etiam
1178 1588 1230 1638 in
1249 1602 1427 1654 genere
1461 1585 1803 1638 consentiens.

530 1656 619 1711 56.
646 1656 729 1709 Ea:
757 1656 1045 1709 Plutarcho
1075 1657 1129 1709 in
1164 1672 1217 1709 re
1242 1656 1425 1708 simili.
1746 1710 1753 1717 ,

533 1727 621 1795 57.
644 1726 917 1779 Platonem
946 1726 1009 1778 de
1046 1735 1185 1779 terra
1222 1724 1352 1788 illa,
1377 1741 1535 1795 quam
1569 1724 1828 1778 caelestem
1880 1734 2089 1789 vocant,

606 1794 843 1850 Hebreis
865 1795 1137 1848 simillima
1161 1794 1463 1848 tradidisse.

1112 362 1214 418 ~EU
1224 364 1394 418 SEBll
1428 358 1908 417 CIESANENSIS
1944 359 2097 416 OPP.

2124 1828 2165 1884 Β

2134 359 2313 416 PARS
2350 359 2415 416 η.
2454 393 2523 402 -
2560 359 3057 419 APOLOGETICA.
3098 382 3102 386 ‘

2128 482 2173 537 Α
2202 475 2294 528 κδ’.
2339 478 2601 546 Φίλωνος
2620 518 2634 543 ,
2668 478 2804 546 Περὶ
2838 476 2954 531 τῶν
2984 478 3144 546 παρὰ
3170 476 3565 533 Μωσεῖ·ὶδεῶν.

2198 552 2294 600 κε’.
2334 544 2707 615 Κλήμεντος,
2739 544 2868 616 ,περὶ
2901 548 3008 601 τοῦ
3039 544 3243 601 αὐτοῦ.

2194 622 2285 679 κς¹
2356 618 2631 683 Ἐϐραίων
2662 619 2758 670 καί
2790 617 3128 684 Πλάτωνος,
3160 617 3297 685 Περὶ
3324 616 3439 670 τῶν
3457 617 3712 675 ἐναντίων

2262 683 2591 739 δυνάμεων.

2301 703 2591 739 υνααεων.

2262 703 2591 755 ουναμεων.

2194 752 2297 818 κζ’.
2335 756 2474 824 Περὶ
2514 754 2721 825 ψυχῆς
2754 757 3108 824 ἀθανασίας,
3145 756 3421 825 Ἐϐραίων
3450 756 3541 811 καὶ
3582 759 3712 812 Πλὰι

2263 840 2468 891 τωνος.

2195 900 2300 965 κη’.
2339 895 2696 965 Πορφυρίου,
2727 895 2990 965 περὶτοῦ
3005 896 3226 965 αὑτοῦ.

2195 961 2295 1034 sed“.
2342 961 2475 1032 Περὶ
2510 961 2615 1034 τοῦ
2646 961 2936 1034 γεννὴτὸν
2969 961 3122 1020 εἷναι
3151 966 3260 1019 τὸν
3290 966 3534 1034 κόσμον.

2194 1032 2260 1104 λ’.
2298 1035 2437 1101 Περὶ
2462 1032 2578 1104 τῶν
2601 1032 2727 1088 κατ’
2760 1034 3020 1102 οὐρανὸν
3045 1034 3393 1104 φωστήρωνι

2195 1102 2294 1174 λα’.
2339 1105 2456 1157 Ὅτι
2479 1102 2673 1174 πάντα
2706 1106 2860 1157 καλὰ
2887 1111 2956 1158 τὰ
2978 1102 3122 1174 ἔργα
3147 1105 3251 1158 τοῦ
3281 1104 3448 1158 Θεοῦ.

2194 1171 2337 1297 λβζό
2339 1174 2478 1242 Περὶ
2535 1170 2642 1240 τῆς
2691 1170 3065 1240 ἀλλοιώσεως
3112 1175 3210 1228 καὶ
3254 1172 3583 1243 μεταϐολῆς
3632 1177 3716 1232 τοῦ

2337 1259 2514 1297 σιιου.

2337 1259 2514 1311 σμου.

2194 1310 2293 1384 λγ’.
2329 1313 2469 1384 Περὶ
2488 1312 2607 1384 τῆς
2656 1314 2774 1369 τῶν
2815 1315 3318 1381 τετελευτηκότων
3364 1316 3714 1384 ἁναόιώσεως,

2262 1382 2379 1436 ἀπὸ
2409 1381 2513 1435 τοῦ
2539 1383 2744 1437 αὐτοῦ.

2172 1450 2284 1521 -λδκ
2325 1453 2463 1519 Περὶ
2488 1455 2842 1519 συντελείας
2870 1453 2974 1507 τοῦ
3000 1456 3250 1521 κόσμου.

2193 1520 2283 1574 λε’.
2332 1522 2429 1595 ρς
2446 1522 2566 1595 οιαὶ
2592 1524 2839 1595 νεκροὺς
2872 1520 3185 1595 errr-repeat
3207 1527 3241 1577 ό
3268 1524 3516 1580 Πλάτων
3543 1529 3720 1595 ὁμοίως

2262 1590 2386 1657 τοῖς
2418 1590 2704 1663 Ἐϐραίων
2730 1590 2933 1663 λόγοις
2959 1590 3198 1663 ἱστορεῖ.

2193 1659 2304 1731 λς’.
2343 1659 2925 1731 Πλουτάρχου,ιπερὶ
2958 1662 3062 1716 τοῦ
3089 1659 3327 1731 ὁμοίου.

2193 1727 2287 1793 λζ’.
2313 1730 2435 1810 ,Ὡς
2454 1727 2675 1810 Δκει-ιςζᾶ
2713 1727 3369 1810 περὶτῆς-λεγομένης
3404 1736 3721 1810 εἰτουρανίου

2262 1799 2397 1869 γῆς,
2434 1804 2466 1855 ό
2493 1799 2742 1855 Πλάτων
2768 1799 2978 1870 ὁμοίως
3012 1799 3619 1870 ’Eé’pdiom'alggsw'm

3613 364 3705 421 ιιι

531 1865 729 1943 58.__I)_e
759 1867 1007 1943 judicio,_
1035 1864 1173 1935 quod
1201 1876 1445 1943 _mortem
1489 1864 1758 1935 excipiat,
1811 1862 2089 1917 Platonem

2203 1862 2294 1940 λη’.
2325 1862 2441 1943 ’Ὦς
2468 1871 2563 1943 καί
2596 1871 2669 1925 τὰ
2692 1862 2839 1943 χπερί
2876 1862 2986 1943 τῆς
3020 1862 3170 1943 μετὰ
3215 1862 3465 1928 θάνατὼ
3512 1878 3722 1943 κρίσεως

597 1935 655 1988 Η
661 1937 843 1990 ebraeis
868 1936 1039 2002 aiﬁnia
1073 1935 1315 1989 sensisse.

693 2046 1025 2104 SUSCEPTI
1063 2044 1472 2104 ARGUMENTI
1511 2044 1926 2101 PROCEMIUM.

606 2141 865 2210 Superior
915 2139 1165 2207 idemque
1194 2138 1441 2193 decimus
1481 2137 1900 2206 Prwparationis
1939 2153 2096 2191 evan-

535 2232 710 2301 gelicaz
736 2231 889 2297 liber,
921 2244 1028 2283 non
1051 2229 1166 2297 jam
1190 2229 1372 2283 verbis
1404 2230 1560 2293 meis,
1582 2228 1675 2284 sed
1695 2228 1942 2297 ipsismet
1967 2244 2097 2297 geu—

535 2323 710 2379 tilium
758 2322 1038 2378 hominum
1095 2321 1422 2377 testimoniis
1459 2321 1680 2391 planum
1732 2318 1895 2383 fecit,
1928 2335 2092 2390 quam

514 2414 714 2469 'simile
747 2412 860 2468 veri
886 2413 975 2480 sit,
1003 2411 1219 2467 Graecos
1244 2420 1438 2492 praeter
1464 2425 1626 2464 uiuam
1645 2410 1701 2464 in
1731 2409 1963 2465 dicendo
1986 2412 2093 2465 vim

538 2514 592 2560 et
624 2506 968 2576 elegantiam,
1011 2504 1271 2573 sapientis
1300 2512 1353 2558 et
1379 2501 1581 2558 eruditi
1613 2501 1748 2555 nihil
1778 2499 2096 2572 domopro-

536 2597 749 2656 tulisse.
776 2595 868 2650 sed
906 2586 1155 2649 barbaris
1178 2594 1362 2648 omnia
1388 2591 1683 2649 suiluratos
1708 2608 1831 2647 esse
1866 2610 1881 2647 :
1930 2593 2094 2648 adeo-

535 2706 642 2762 que
672 2706 740 2745 ne
765 2691 881 2759 ipsa
916 2688 1132 2758 quidem
1162 2687 1507 2742 Hebraeorum
1542 2688 1823 2758 ignorasse
1853 2687 2093 2752 oracula,

538 2781 631 2836 sed
657 2795 719 2835 ea
739 2778 919 2850 potius
941 2794 1006 2832 ex
1033 2786 1185 2847 parte
1216 2779 1404 2833 saltem
1453 2776 1697 2847 attigisse
1734 2794 1748 2832 :
1788 2792 1913 2831 cum
1946 2792 2012 2831 ne
2041 2777 2094 2830 in

538 2872 671 2942 ipsis
708 2870 923 2939 quidem
954 2868 1232 2922 hominum
1264 2883 1487 2923 suorum
1515 2868 1771 2936 operibus
1801 2875 1949 2922 tanta
1972 2881 2094 2922 cum

538 2963 831 3017 ambitione
862 2960 1190 3030 conscriptis
1219 2968 1401 3015 castas
1452 2961 1522 3014 ab
1562 2959 1708 3014 omni
1772 2958 1919 3014 furto
1950 2958 2094 3013 inte-

537 3071 772 3128 grasque
811 3068 1007 3108 manus
1048 3067 1375 3108 conservare
1436 3052 1726 3122 potuerint.
1762 3049 1899 3105 Nam
1949 3050 2096 3107 fures

538 3148 660 3203 illos
683 3146 906 3201 omnino
939 3144 1267 3205 fuisse.non
1292 3158 1431 3206 mea,
1458 3143 1537 3196 uti
1562 3144 1674 3212 jam
1702 3141 1837 3207 dixi,
1871 3141 1967 3198 sed
1998 3156 2095 3197 sua
2127 3172 2171 3234 ϐ

538 3240 781 3310 ipsorum
820 3254 954 3294 voce
1006 3235 1395 3292 demonstravi.
1430 3233 1592 3305 508
1626 3232 1913 3300 Praeterea,
1935 3248 2096 3304 quam

539 3330 642 3399 ipsi
673 3329 961 3401 prudentia
995 3328 1160 3383 simul
1187 3334 1453 3396 aetateque
1474 3326 1705 3394 juvenes
1734 3324 1874 3391 sint,
1906 3341 2099 3395 quam-

537 3437 644 3491 que
673 3420 834 3490 longo
866 3419 1150 3473 intervallo
1184 3417 1254 3472 ab
1283 3417 1372 3471 illa
1405 3415 1751 3472 Hebraeorum
1778 3415 2099 3485 antiquitate

537 3510 816 3579 disjuncti.
841 3509 1030 3564 eadem
1069 3508 1208 3563 libro
1235 3522 1301 3563 ex
1330 3508 1463 3561 inita
1506 3514 1812 3579 temporum
1847 3511 1988 3564 inter
2013 3523 2099 3565 se-

538 3614 597 3655 se
629 3598 976 3655 contentione
1001 3598 1370 3667 cognovimus.
1402 3595 1577 3666 Atque
1599 3597 1682 3651 ba:
1716 3597 2013 3668 superioris
2033 3598 2099 3652 li-

539 3690 620 3744 bri
652 3698 835 3759 partes
867 3690 1091 3743 fuerunt
1110 3689 1331 3743 omnino
1348 3689 1488 3744 duae.
1516 3687 1634 3743 1am
1661 3703 1790 3745 vero
1812 3689 1901 3745 hic
1937 3705 2098 3760 quem

539 3794 650 3853 ara:
682 3779 934 3835 manibus
962 3780 1247 3844 habemus,
1284 3779 1337 3834 id
1365 3780 1505 3850 agit,
1540 3788 1599 3834 ut
1628 3778 1822 3834 factam
1858 3794 1890 3833 a
1941 3781 2100 3837 nobis

528 3872 980 3940 promissionem.
1010 3870 1283 3943 quoddam
1320 3872 1475 3942 quasi
1504 3887 1701 3926 nomen
1737 3885 1802 3926 ac
1834 3871 2097 3939 debitum,

540 3970 925 4034 repraesentet,
961 3964 1218 4033 illamque
1262 3963 1574 4034 Grzecorum
1631 3963 2096 4033 philosophorum,

540 4057 586 4111 si
642 4055 825 4110 minus
884 4055 939 4109 in
995 4055 1271 4121 omnibus,
1300 4055 1353 4109 in
1389 4055 1666 4111 nonnullis
1704 4063 1851 4109 certe
1878 4053 2100 4125 quidem

540 4147 754 4219 placitis
808 4155 971 4217 atque
1015 4148 1248 4204 decretis
1298 4163 1421 4203 cum
1474 4147 1822 4228 Hebraeorum
1861 4146 2101 4201 oraculis

541 4237 959 4293 consensionem
989 4237 1216 4308 aperiat.
1258 4236 1457 4292 Verum
1506 4246 1565 4291 ut
1606 4236 1741 4293 alios
1794 4242 2098 4307 praetereat,

543 4337 796 4399 tanquam
821 4328 1001 4382 minus
1027 4328 1131 4382 hoc
1163 4328 1286 4383 loco
1316 4328 1663 4383 necessarios
1686 4366 1702 4392 ,
1734 4326 1977 4381 omnium
2010 4341 2102 4381 co-

2264 1941 2475 2009 όμοίως
2514 1942 2798 2010 Ἑϐραίοις
2816 1941 2914 1995 καὶ
2938 1942 3188 1997 Πλάτων
3208 1944 3459 2000 ἔσεσθαι
3474 1941 3720 2000 πιστεύει.

2465 2052 2848 2107 ΠΡΟΟΙΜΙΟΝ
2885 2050 2975 2105 ΤΗ
2982 2049 3023 2103 Σ
3062 2052 3481 2110 ΥιΙΟΘΕΣΕΩΣ.

2275 2145 2333 2197 '0
2377 2143 2475 2215 μὲν
2501 2143 2566 2215 δὴ
2596 2144 2690 2198 τοῦ
2728 2144 2865 2215 μετὰ
2894 2146 3083 2216 χεῖρας
3114 2147 3405 2216 προάγων,
3442 2147 3541 2218 τῆς
3571 2149 3723 2216 Ebor-

2194 2234 2436 2304 τελικῆς
2480 2233 2991 2303 Προπαρασκευῆς
3039 2233 3264 2299 δέκατος
3314 2235 3393 2289 ὢν
3425 2237 3607 2307 τόμος,
3647 2239 3724 2289 οὐκ

2196 2328 2353 2396 ἐμαῖς
2383 2328 2605 2394 φωναῖς,
2633 2327 2751 2390 ταῖς
2776 2326 2819 2379 δ’
2848 2325 3044 2391 ἔξωθεν
3077 2326 3301 2398 συνίστη
3336 2329 3659 2401 μαρτυρίαις,
3677 2326 3724 2380 τὸ

2198 2417 2273 2487 μὴ
2304 2416 2527 2480 ἀπεικὸς
2565 2412 2701 2469 εἶναι
2725 2417 2851 2480 τοὺς
2881 2416 3147 2488 Ἕλληνας
3178 2416 3347 2488 μηδὲν
3372 2418 3575 2472 οἴκοθεν
3597 2418 3723 2487 σοφὸν

2195 2506 2676 2577 ἐπενηνεγμένους,
2711 2508 2759 2559 εί
2804 2506 2879 2577 μὴ
2905 2507 2987 2560 ὃτι
3018 2507 3186 2577 μόνην
3218 2505 3323 2578 τὴν
3362 2508 3421 2561 ὲν
3454 2508 3619 2577 λόγοις
3642 2507 3725 2559 δει-

2196 2596 2391 2667 νότητά
2412 2612 2469 2647 τε
2499 2595 2591 2648 καὶ
2619 2594 2966 2663 εὐγλωττίαν,
2992 2596 3058 2648 τὰ
3088 2595 3266 2648 πάντα
3298 2595 3358 2649 δὲ
3395 2597 3540 2668 παρὰ
3563 2596 3725 2667 βαρὸά-

2200 2704 2306 2758 ρων
2356 2687 2871 2757 ὲσκευωρημένουςο
2908 2687 3042 2757 μηδὲ
3072 2686 3141 2740 τὰ
3190 2686 3465 2759 Ἐϐραίων
3506 2688 3725 2759 ἀγνοῆσαι

2195 2777 2370 2843 λόγια,
2400 2778 2492 2830 καὶ
2519 2776 2726 2831 τούτων
2749 2777 2804 2829 δὲ
2827 2778 2884 2830 ἐν
2921 2777 3076 2849 μέρει
3107 2776 3461 2848 καθάψασθαι
3478 2794 3492 2808 ·
3520 2779 3595 2831 ὅτι
3622 2778 3727 2849 μηδὲ

2194 2872 2292 2940 τῆς
2327 2868 2433 2922 τῶν
2482 2869 2753 2941 σφετέρων
2795 2872 2852 2922 ὲν
2896 2869 3290 2940 συγγράμμασι
3329 2869 3623 2940 φιλοτιμίας
3652 2886 3730 2921 κα·

2197 2960 2367 3030 θαρὰς
2390 2958 2720 3028 ἐφυλάξαντο
2749 2959 2952 3030 κλοπῆς
2982 2960 3082 3023 τὰς
3112 2962 3321 3031 χεῖρας.
3373 2960 3615 3024 κλέπτας
3643 2960 3727 3028 γὰρ

2196 3051 2392 3115 αὐτοὺς
2425 3051 2523 3120 οὐχ
2561 3053 2589 3104 ὁ
2623 3052 2747 3122 παρ’
2795 3050 2986 3121 ἡμῶν,
3015 3051 3091 3113 ὡς
3135 3049 3295 3121 ἔφην,
3332 3051 3523 3121 λόγος,
3565 3054 3591 3104 ό
3621 3051 3658 3103 δ’
3680 3050 3727 3115 ἐξ

2202 3140 2377 3201 αὐτῶν
2413 3142 2803 3213 παρεστήσατο.
2837 3141 2912 3194 Οὐ
2947 3140 3053 3213 μὴν
3082 3140 3217 3195 ἀλλὰ
3244 3142 3359 3196 καὶ
3394 3142 3587 3214 σφόδρα
3609 3140 3728 3202 νέους

2199 3232 2333 3304 ὁμοῦ
2352 3236 2417 3304 τῇ
2442 3235 2698 3304 φρονήσει
2715 3245 2739 3273 α
2759 3234 2851 3286 καὶ
2872 3233 2969 3304 τὴν
2986 3232 3197 3304 ἠλικίαν
3214 3235 3437 3299 αὐτοὺς,
3451 3235 3590 3307 παρὰ
3610 3234 3728 3286 πλεῖ·

2200 3336 2321 3376 στον
2352 3324 2475 3376 ὅσον
2500 3327 2597 3395 τῆς
2634 3323 2921 3395 Ἐϐραῖκῆς
2957 3322 3313 3394 λειπομένους
3350 3324 3726 3398 ἀρχαιολογίας,

2198 3416 2255 3468 ὲν
2283 3416 2463 3487 ταυτῷ
2494 3416 2580 3469 διὰ
2614 3416 2712 3486 τῆς
2744 3415 2851 3468 τῶν
2882 3415 3086 3487 χρόνων
3119 3416 3482 3487 παραθέσεως
3505 3417 3724 3486 ἔγνωμεν.

2199 3505 2382 3560 Ταῦτα
2407 3507 2505 3578 μὲν
2530 3502 2623 3561 οὖν
2651 3508 2680 3560 ὁ
2714 3506 2820 3577 πρὸ
2850 3507 3060 3562 τούτου.
3105 3508 3163 3560 '0
3202 3507 3260 3560 δέ
3292 3525 3359 3577 γε
3405 3507 3586 3580 παρὼν
3612 3501 3727 3559 ἐπεί-

2199 3615 2353 3664 γεται
2385 3598 2567 3651 λοιπὸν
2590 3597 2710 3670 ἤδη,
2732 3597 2920 3670 ὥσπερ
2936 3614 3001 3651 “τι
3034 3597 3210 3669 χρέος,
3231 3598 3333 3670 τὴν
3360 3598 3726 3670 ἐπηγγελμένην

2202 3690 2492 3760 ὑπόσχεσιν
2517 3688 2828 3754 ἀποδοῦναι,
2857 3691 2949 3742 καὶ
2974 3690 3072 3759 τὴν
3099 3689 3154 3743 ἕν
3190 3706 3356 3753 τισιν,
3386 3691 3435 3743 εί
3473 3690 3560 3744 καὶ
3594 3687 3657 3760 μὴ
3684 3688 3726 3738 ὲν

2201 3781 2485 3845 «iunci;
2498 3780 2841 3850 δογματικοίς
2875 3780 3211 3853 θεωρήμασι,
3239 3782 3379 3854 πρὸς
3410 3784 3478 3835 τὰ
3508 3779 3726 3852 Ἐϐραίων

2201 3871 2355 3940 λόγια
2401 3872 2719 3943 συμφωνίαν
2760 3872 2866 3926 τῶν
2918 3873 3045 3944 παρ’
3085 3872 3311 3944 Ἕλλησι
3347 3873 3632 3943 φιλοσόφων
3652 3871 3727 3922 ἐκ·

2202 3962 2363 4029 φᾶναι
2385 3977 2397 3990 ’
2428 3953 2501 4015 ὧν
2541 3961 2666 4024 τοὺς
2702 3962 2989 4031 περιττοὺς
3016 3964 3522 4035 παραιτησάμενος,
3559 3960 3639 4013 τὸν
3664 3976 3729 4014 κα

2205 4055 2428 4123 ρυφαῖον
2468 4052 2724 4107 ἁπάντων
2768 4054 3145 4119 ἀνακαλεῖται,
3204 4055 3355 4126 μόνῳ
3414 4055 3597 4129 χρῆναι
3634 4049 3727 4105 ἀντὶ

2204 4147 2417 4199 πάντων
2454 4146 2755 4218 ἡγούμενος
2781 4147 3017 4219 γνώμονι
3060 4147 3367 4220 χρήσασθαι
3397 4150 3490 4203 τοῦ
3530 4146 3727 4219 $90631}-

2207 4255 2374 4309 ματος
2403 4238 2673 4293 Πλάτωνι·
2705 4240 2828 4293 ἐπεὶ
2857 4240 2950 4293 καὶ
2983 4233 3137 4304 οὗτος
3168 4241 3326 4311 μόνος
3349 4240 3514 4305 ἔοικε,
3544 4242 3602 4311 τῇ
3629 4236 3725 4306 δόξῃ

2202 4331 2327 4392 τοὺς
2359 4329 2566 4393 πάντας
2596 4331 3043 4402 ὑπερακοντίσας,
3074 4332 3358 4404 αὐτάρκης
3392 4335 3520 4405 ἡμῖν
3542 4329 3723 4384 Easter“

540 4420 817 4491 ryphaeum
848 4420 1160 4490 appellabit,
1194 4420 1342 4490 quod
1392 4420 1564 4475 instar
1596 4419 1837 4474 omnium
1883 4417 2097 4472 Platone

2204 4420 2339 4492 πρὸς
2371 4419 2468 4491 τὴν
2505 4419 2599 4473 τοῦ
2630 4420 2957 4493 ζητουμένου
2994 4421 3275 4475 σύστασιν.
3317 4423 3386 4476 El
3429 4423 3487 4477 δέ
3516 4438 3609 4475 που
3643 4419 3726 4472 δέοι

540 4510 806 4565 duntaxat
835 4525 972 4575 uno,
998 4521 1256 4578 tanquam
1303 4521 1570 4579 suscepta:
1602 4509 1986 4580 disputationis
2015 4523 2097 4563 re-

2209 4508 2500 4579 σαφηνείας
2531 4508 2690 4562 ἕνεκα
2727 4508 2828 4579 τῆς
2856 4509 2950 4562 τοῦ
2994 4510 3184 4580 ἀνδρὸς
3226 4510 3498 4574 διανοίας,
3541 4509 3623 4564 καὶ
3646 4509 3729 4569 τοῖς

540 4601 662 4673 gula
696 4600 955 4655 utendum
980 4616 1102 4657 esse
1128 4599 1398 4668 videatur,
1422 4601 1623 4672 quippe
1649 4616 1831 4671 quem,
1869 4600 1947 4654 uti
1980 4598 2097 4653 reli-

2203 4599 2298 4672 τὴν
2334 4601 2450 4654 κατ’
2485 4601 2644 4654 αὐτὸν
2680 4600 2976 4671 ἐζηλωκόσι
2999 4600 3314 4672 φιλοσοφίαν
3335 4603 3599 4676 μάρτυρσι
3626 4598 3727 4669 χρήο

542 4707 683 4761 quos
711 4708 853 4748 unus
875 4708 1065 4748 omnes
1091 4692 1414 4748 eruditionis
1447 4693 1617 4763 gloria
1660 4692 1820 4763 longe
1847 4691 2097 4746 multum

2205 4709 2387 4763 σομαι,
2428 4692 2526 4755 τὰς
2578 4690 2756 4745 αὐτῶν
2784 4692 3145 4764 ἑκθησόμενος
3173 4692 3355 4761 φωνάς
3392 4694 3485 4747 ἐπὶ
3519 4689 3728 4745 συστάσει

541 4798 648 4852 que
672 4783 969 4853 superavit,
1002 4783 1076 4837 ita
1098 4783 1232 4837 satis
1260 4783 1488 4837 omnino
1521 4797 1615 4853 per
1648 4797 1768 4837 sese
1812 4782 2002 4847 nobis,
2035 4781 2097 4835 ad

2203 4781 2294 4836 τοῦ
2320 4784 2695 4856 προκειμένου.
2716 4784 3045 4856 Τετηρήσθω
3067 4784 3123 4837 δέ
3153 4802 3263 4855 μοι,
3286 4786 3349 4838 τὸ
3378 4784 3455 4856 μὴ
3479 4783 3622 4837 πάντ’
3638 4782 3728 4831 ἐπι·

543 4873 681 4929 hanc
704 4873 1059 4942 qumstionem
1086 4872 1444 4927 deliniendam
1464 4883 1515 4926 et
1538 4871 1976 4926 constituendam
2013 4869 2100 4925 fu-

510 4972 721 5019 -turum
766 4973 1034 5034 putemus.
1086 4962 1241 5029 Quod
1282 4962 1456 5018 sicubi
1506 4963 1573 5017 ad
1605 4963 2103 5019 illustrandamho-

542 5056 705 5111 minis
738 5056 1062 5112 sententiam
1092 5071 1229 5125 opus
1253 5053 1438 5121 fuerit,
1465 5069 1655 5110 eorum
1683 5054 1845 5109 etiam
1898 5054 1992 5124 qui
2035 5055 2102 5109 ad

542 5150 713 5220 ipsius
742 5150 1101 5220 philosophiae
1133 5149 1395 5206 rationem
1441 5148 1718 5204 adhaesere
1742 5188 1756 5211 ,
1788 5148 2101 5202 testimonia

542 5241 835 5311 proferam,
862 5242 1150 5311 ipsissimis
1174 5256 1360 5297 eorum
1396 5240 1579 5296 verbis
1605 5240 1670 5294 ad
1697 5237 1956 5308 majorem
1977 5254 2105 5309 pro-

542 5332 704 5401 positi
740 5333 1045 5404 argumenti
1078 5332 1233 5387 (idem
1259 5331 1755 5399 certitudinemque
1796 5329 2101 5399 productis.

2201 4876 2662 4948 c'szig‘slpﬁcﬁat
2712 4875 2790 4947 τῷ
2822 4876 2993 4948 ἀνδρὶ,
3024 4878 3072 4930 εί
3101 4878 3193 4930 καὶ
3238 4876 3303 4930 τὰ
3353 4877 3574 4930 πλεῖστα
3613 4867 3729 4938 αὐτῷ

2210 4970 2306 5022 σὺν
2336 4968 2560 5040 ἀληθείᾳ
2592 4968 2989 5041 ἐκπεφώνηται.
3022 4970 3085 5022 Ὃ
3120 4969 3184 5039 δὴ
3217 4971 3310 5023 καὶ
3344 4969 3479 5023 αὐτὸ
3510 4965 3633 5021 κατὰ
3662 4961 3727 5013 τὸν

2208 5059 2392 5113 δέοντα
2438 5060 2623 5132 καιρὸν
2666 5062 3108 5132 παραστήσομεν,
3140 5062 3240 5114 οὐκ
3290 5060 3459 5115 αὑτοῦ
3503 5054 3727 5123 διαϐολῆς,

2209 5151 2500 5221 ἀπολογίας
2528 5152 2585 5204 δὲ
2614 5153 2888 5222 ἡμετέρας
2931 5153 3121 5223 χάριν,
3152 5151 3219 5205 δι’
3248 5151 3314 5222 ἢν
3365 5151 3464 5222 τὴν
3504 5148 3729 5221 βάρϐαρον

2212 5240 2526 5312 φιλοσοφίαν
2573 5246 2671 5314 τῆς
2716 5243 3025 5315 Ἑλληνικῆς
3082 5242 3453 5315 ὁμολογοῦμεν
3498 5249 3729 5312 προησμε·

2213 5332 2440 5386 νικέναι.

543 5422 809 5479 Cazterum
832 5435 892 5481 ut
922 5426 969 5481 is
986 5440 1112 5481 vere
1144 5425 1400 5495 pleraque
1433 5421 1817 5494 pronuntiarit,
1854 5421 1986 5476 illud
2038 5423 2317 5478 observari
2355 5434 2535 5481 tamen
2589 5442 2654 5482 ac
2714 5425 2933 5483 retineri
2973 5426 3151 5493 velim,
3173 5441 3281 5481 non
3325 5438 3455 5480 eum
3482 5430 3670 5489 semper
3685 5411 3728 5466 ίη

545 5518 797 5574 omnibus
854 5529 1024 5587 recte,
1052 5529 1213 5590 atque
1245 5519 1321 5574 uti
1360 5534 1448 5574 res
1499 5517 1831 5588 postulabat,
1886 5516 2327 5589 philosophatum
2358 5536 2500 5578 esse.
2524 5520 2679 5590 Quod
2714 5529 2890 5592 Ipsum
2922 5537 3138 5593 quoque
3167 5537 3267 5589 suo
3282 5522 3408 5576 loco
3432 5518 3729 5575 demonstra-

545 5611 748 5674 bimus.
774 5631 882 5669 non
913 5616 1100 5687 utique
1132 5614 1455 5671 criminandi
1499 5613 1737 5668 hominis
1764 5614 1970 5678 animo,
2032 5614 2127 5669 sed
2164 5615 2376 5678 consilii
2416 5618 2587 5673 nostri
2615 5616 2937 5676 defendendi
2965 5631 3152 5685 causa,
3173 5614 3569 5688 quibarbaram
3588 5622 3616 5663 ι
3645 5614 3730 5659 πο·

545 5701 629 5756 bis
650 5702 1043 5775 philosophiam
1089 5703 1275 5760 Graeca
1301 5703 1568 5775 potiorem
1595 5702 1834 5757 habitam
1875 5716 1997 5759 esse
2020 5701 2308 5760 fateamur.

613 5835 643 5863 ι
672 5822 757 5877 ισ.
786 5824 883 5891 τήν
912 5838 969 5874 τε
996 5822 1274 5894 φρόνησιν.
1351 5821 1378 5862 ι)
1407 5841 1494 5894 γρ.
1538 5820 1774 5880 ἔσεσθαι.
