4042 6384
232 340 345 400 Βιῦ

773 453 1171 509 ΚΕΦΑΛΑΙΟΝ
1211 454 1289 505 A'.

233 570 344 639 Ὠς
370 573 407 638 ἠ
436 570 585 625 κατὰ
606 567 894 623 Πλάτωνα
924 567 1257 639 φιλοσοφία
1272 565 1348 634 τῇ
1368 566 1495 639 καθ’
1526 564 1826 631 Ἐϐραίους

394 637 467 695 ὲν
490 641 613 706 τοῖς
637 638 1131 707 ἀναγκαιοτάτοις
1152 637 1666 705 ἐπηκολούθησεν.

308 754 410 816 Εἰς
447 750 574 823 τρία
598 750 862 813 διελόντος
899 748 1037 821 μέρη
1076 747 1169 801 τοῦ
1200 747 1487 810 Πλάτωνος
1518 746 1609 799 τὸν
1649 745 1827 799 πάντα

234 850 340 915 τῆς
374 843 693 913 φιλοσοφίας
729 843 909 912 λόγον,
944 843 1024 905 είς
1052 840 1300 911 φυσικὸν,
1333 839 1543 908 ἠθικὸν,
1575 838 1790 908 λογικόν
1810 854 1823 869 ·

238 931 342 986 εἶτ’
388 929 457 986 αὖ
505 932 667 985 πάλιν
699 932 791 984 τὸν
850 930 1078 999 φυσικὸν
1125 928 1435 999 διελομένου
1494 926 1575 991 εἷς
1622 944 1683 980 τε
1726 927 1826 997 τὴν

238 1027 353 1081 τῶν
410 1025 687 1097 αίσθητῶν
742 1024 1008 1097 θεωρίαν,
1046 1025 1141 1078 καὶ
1188 1023 1286 1095 τὴν
1344 1022 1455 1076 τῶν
1519 1021 1828 1092 ἀσωμάτων

238 1118 604 1189 κατανόησιν·
645 1115 827 1189 εὕροις
878 1115 945 1169 ἂν
988 1114 1085 1167 καὶ
1111 1117 1241 1186 παρ’
1290 1114 1561 1186 Ἑϐραίοις
1605 1112 1664 1166 τὸ
1706 1130 1827 1184 τρι-

242 1212 414 1283 μερὲς
475 1210 632 1264 τοῦτο
689 1209 791 1278 τῆς
845 1208 1194 1271 διδασκαλίας
1246 1203 1414 1270 εἶδος,
1475 1208 1557 1259 ὅτι
1616 1207 1679 1277 δὴ
1734 1206 1828 1259 καὶ

238 1304 375 1374 παρ’
410 1303 591 1364 αὐτοῖς
627 1302 694 1355 τὰ
724 1302 903 1371 ὃμοια,
938 1299 1171 1372 πρόσθεν
1199 1299 1231 1369 ἢ
1274 1298 1533 1352 Πλάτωνα
1553 1296 1824 1366 γενέσθαι,

241 1395 695 1464 πεφιλοσόφηται.
758 1393 983 1464 Πρῶτον
1027 1391 1082 1443 δὲ
1106 1390 1214 1444 τῶν
1260 1390 1543 1453 Πλάτωνος
1596 1387 1827 1442 ἀκοῦσαι

242 1485 415 1551 ἄξιον,
446 1481 544 1538 εἶθ’
573 1484 716 1538 οὓτω
742 1485 836 1538 καὶ
870 1483 939 1537 τὰ
963 1483 1227 1554 Ἑϐραίων
1252 1482 1639 1551 ὲπισκοπῆσαι.
1667 1481 1828 1552 Θήσω

240 1576 297 1629 δὲ
349 1576 417 1630 τὰ
464 1576 764 1647 ἀρέσκοντα
801 1576 1048 1629 Πλάτωνι
1097 1577 1205 1630 ἀπὸ
1240 1574 1349 1628 τῶν
1378 1574 1449 1627 τὰ
1495 1573 1656 1627 αὐτοῦ
1692 1591 1826 1645 πρε-

246 1668 570 1734 σϐευόντων,
596 1663 671 1723 ὧν
709 1669 973 1734 Ἀττικὸς,
1004 1669 1264 1740 διαφανὴς
1294 1668 1432 1740 ἀνὴρ
1465 1666 1572 1720 τῶν
1609 1667 1829 1720 Πλατω-

242 1759 410 1815 νικῶν
444 1760 891 1831 φιλοσόφων,ὧδέ
922 1780 999 1833 πη
1026 1759 1093 1813 τὰ
1122 1760 1379 1813 δοκοῦντα
1403 1758 1480 1829 τῷ
1512 1758 1667 1830 ἀνδρὶ
1692 1759 1829 1823 διέξ-

242 1870 401 1916 εισιν,
431 1855 489 1905 ὲν
521 1848 603 1917 οἷς
632 1854 845 1907 ἵσταται
867 1854 1003 1925 πρὸς
1035 1856 1163 1919 τοὺς
1184 1854 1272 1907 διὰ
1293 1852 1398 1905 τῶν
1423 1851 1823 1924 Ἀριστοτέλους

241 1947 309 1999 τὰ
343 1945 627 2009 Πλάτωνος
652 1946 1139 2018 ὑπισχνουμένους.

1452 330 1773 388 ΡΒᾸΞΡΑΒ.
1816 330 2067 388 EVANG.
2125 330 2249 385 LIB.
2293 326 2384 385 XL

3399 328 3503 386 846

2554 444 2785 501 CAPUT
2819 444 2861 499 l.

1928 560 2172 614 Platonis
2203 557 2610 628 philosophiam,
2652 559 2708 611 in
2736 560 2805 611 iis
2851 575 2967 628 qum
3001 559 3238 614 omnium
3267 560 3491 617 maxime

2000 631 2293 684 necessaria
2317 639 2461 695 sunt,
2491 645 2610 682 cum
2636 629 2733 682 illa
2770 628 3113 683 Hebraeorum
3136 633 3428 687 convenire.

1998 745 2077 800 Ac
2106 744 2345 815 primum
2369 743 2613 814 quidem,
2640 758 2765 797 cum
2810 753 2919 799 tres
2952 745 3006 798 in
3045 753 3226 814 partes
3256 761 3286 799 a
3318 744 3500 801 Plato-

1928 852 1999 892 ne
2030 836 2285 892 universa
2328 836 2687 906 philosophia:
2735 836 2878 890 ratio
2912 836 3209 903 dividatur,
3239 838 3293 892 in
3346 849 3501 894 natu-

1928 945 2070 994 ram,
2120 945 2327 996 mores,
2374 944 2440 984 ac
2466 929 2772 985 disserendi
2813 928 2965 982 vim:
3001 930 3193 985 deinde
3229 946 3357 1002 pars
3406 932 3500 987 illa

1928 1040 2146 1090 rursus,
2169 1040 2292 1094 qua:
2317 1024 2384 1079 de
2406 1032 2600 1078 natura
2620 1024 2882 1093 disputat,
2914 1025 2968 1078 in
2995 1039 3207 1091 eorum,
3227 1041 3349 1095 qua:
3375 1040 3501 1080 seu-

1928 1117 2082 1173 sibus
2108 1124 2462 1187 usurpantur,
2487 1116 2866 1170 tractationem
2886 1125 2939 1170 et
2958 1125 3279 1171 naturarum
3304 1130 3501 1186 corpo-

1929 1209 2006 1265 ris
2045 1210 2350 1279 expertium
2388 1208 2802 1279 intelligentiam
2834 1208 2904 1262 ab
2936 1208 3125 1262 eodem
3179 1209 3451 1263 tribuatur
3481 1227 3497 1263 :

1928 1301 2070 1371 apud
2123 1299 2378 1356 Hebraeos
2426 1314 2646 1371 quoque
2684 1300 3020 1370 tripartitum
3038 1300 3197 1380 ‘illud
3238 1301 3502 1356 doctrinae

1929 1408 2101 1462 genus
2147 1391 2430 1461 reperias,
2486 1391 2634 1462 quod
2695 1392 2954 1445 nimirum
3006 1398 3299 1460 antequam
3345 1391 3501 1446 Plato

1928 1494 2270 1548 nasceretur,
2302 1482 2482 1537 atIinia
2521 1498 2750 1553 prorsus
2788 1497 2851 1537 ac
2890 1484 3103 1553 gemina
3146 1483 3499 1553 disputarint.

1928 1576 2007 1631 Ac
2047 1575 2328 1631 Platonem
2360 1576 2578 1646 quidem
2628 1576 2804 1646 ipsum
2854 1576 2908 1629 in
2944 1576 3136 1645 primis
3188 1576 3498 1643 audiamus,

1929 1668 2093 1740 509
2145 1678 2203 1723 ut
2252 1668 2515 1724 Hebraica
2569 1669 2827 1739 dogmata
2872 1669 3331 1738 contemplemur.
3386 1667 3500 1726 Nos

1932 1778 2062 1817 vero
2109 1760 2353 1816 Platonis
2375 1761 2479 1815 hoc
2502 1761 2554 1814 in
2586 1776 2783 1829 genere
2810 1761 3169 1827 sententiam,
3208 1777 3274 1816 ex
3308 1777 3500 1817 eorum

1929 1854 2024 1926 qui
2056 1854 2461 1910 studiosissime
2491 1853 2730 1907 hominis
2754 1852 2969 1909 decreta
2995 1852 3312 1918 defendunt,
3341 1871 3503 1909 erue-~

1929 1964 2074 2004 mus.
2106 1946 2185 2002 Ex
2210 1948 2277 2003 iis
2301 1956 2483 2002 autem
2502 1946 2739 2009 Atticus,
2764 1946 2848 2000 vir
2872 1946 3186 2003 Platonicos
3210 1949 3353 2003 inter
3374 1950 3466 2019 phi
3483 1978 3501 1990 -

243 2036 503 2107 losophos
557 2038 936 2103 clarissimus,
1010 2040 1154 2093 hunc
1203 2038 1256 2091 in
1291 2036 1511 2093 modum
1554 2046 1787 2092 mentem
1832 2038 2005 2108 ipsius
2053 2042 2469 2111 doctrinamque
2502 2038 2880 2110 prosequitur,
2932 2040 3024 2094 ubi
3073 2041 3338 2097 adversus
3382 2042 3505 2098 illos

243 2135 505 2207 disputat,
530 2137 627 2209 qui
649 2137 957 2194 Aristotelis
987 2137 1233 2193 doctrina
1266 2134 1507 2191 Platonis
1539 2150 1659 2190 sese
1691 2135 2095 2208 philosophiam
2116 2139 2255 2194 tueri
2286 2140 2631 2209 proﬁtentur.

784 2227 1181 2279 ΚΕΦΑΛΑΙΟΝ
1214 2226 1288 2280 B'.

254 2318 525 2373 Ἀττικοῦ
556 2318 695 2386 Περὶ
729 2316 837 2372 τοῦ
869 2318 1179 2388 τριμεροῦς
1209 2317 1317 2386 τῆς
1349 2320 1499 2374 κατὰ
1537 2315 1823 2370 Πλάτωνα

852 2390 1233 2459 φιλοσοφίας.

322 2521 341 2553 ι
380 2502 552 2573 Τριχῆ
580 2500 759 2554 τοίνυν
795 2500 1175 2571 διαιρουμένης
1210 2502 1308 2573 τῆς
1337 2503 1583 2568 ἐντελοῦς
1610 2504 1820 2575 φιλοσο-

247 2589 396 2657 φίας,
431 2591 509 2652 είς
543 2606 603 2642 τε
642 2590 732 2641 τὸν
766 2588 955 2658 ἠθικὴν
984 2589 1315 2661 καλούμενον
1340 2595 1559 2664 τρόπον,
1595 2598 1689 2649 καὶ
1729 2597 1819 2650 τὸν

248 2680 495 2747 φυσικὸν,
524 2683 615 2734 καὶ
660 2681 739 2735 ἔτι
782 2681 873 2734 τὸν
922 2681 1169 2751 λογικόνο
1206 2686 1299 2738 καὶ
1339 2686 1430 2739 τοῦ
1462 2689 1560 2758 μὲν
1606 2688 1819 2761 πρώτου

247 2772 748 2836 κατασκευάζοντος
801 2773 956 2843 ήμῶν
988 2774 1216 2828 ἕκαστον
1261 2776 1425 2830 καλὸν
1468 2781 1561 2831 καὶ
1596 2780 1818 2849 ἀγαθὸν,

250 2862 344 2916 καὶ
371 2865 496 2927 τοὺς
532 2864 711 2929 οἴκους
739 2865 893 2928 ὅλους
922 2867 1002 2929 είς
1029 2866 1090 2919 τὸ
1124 2868 1342 2939 ἄριστον
1374 2870 1820 2942 ὲπανορθοῦντος,

252 2956 350 3025 ἥδη
376 2956 432 3009 δὲ
467 2958 559 3010 καὶ
578 2957 749 3028 δῆμον
776 2958 1067 3029 σύμπαντα
1102 2960 1346 3034 πολιτεία
1376 2967 1439 3035 τῇ
1467 2964 1818 3040 διαφερούσῃ,

252 3048 343 3100 καὶ
379 3049 564 3118 νόμοις
595 3052 707 3113 τοῖς
735 3050 1148 3122 ἀκριϐεστάτοις
1177 3054 1535 3125 κοσμοῦντοςο
1567 3058 1661 3111 τοῦ
1698 3059 1820 3112 δευ-

2559 2229 2788 2285 CAPUT
2816 2228 2878 2285 ll.

2034 2321 2114 2377 De
2140 2323 2412 2392 tripartito
2440 2322 2683 2378 Platonis
2713 2323 3072 2394 philosophia,
3092 2339 3161 2377 ea:
3194 2325 3398 2379 Attico.

2004 2520 2023 2553 ι
2061 2502 2404 2574 Cumigitur,
2435 2505 2634 2575 inquit,
2668 2515 2779 2560 tres
2812 2505 2866 2559 in
2897 2513 3079 2575 partes
3098 2506 3305 2577 integra
3328 2504 3503 2575 perfe-

1924 2600 2119 2663 ctaque
2166 2595 2505 2665 philosophia
2556 2596 2847 2662 dividatur,
2901 2596 3004 2651 hoc
3046 2604 3131 2650 est
3169 2595 3223 2649 in
3266 2611 3503 2663 morum,

1927 2696 2157 2754 naturae,
2204 2688 2616 2758 disserendique
2646 2689 2985 2754 doctrinam;
3030 2704 3263 2758 quarum
3322 2687 3499 2757 prima

1928 2778 2019 2833 illa
2046 2794 2155 2833 non
2189 2780 2435 2850 singulos
2476 2781 2638 2836 modo
2674 2789 2918 2835 unstrum
2973 2780 3147 2834 bonos
3198 2794 3261 2833 ac
3298 2779 3502 2847 probos

1928 2870 2144 2937 alliciat,
2170 2887 2359 2927 verum
2391 2873 2556 2927 etiam
2606 2872 2841 2927 familias
2894 2872 3131 2941 integras
3156 2870 3221 2925 ad
3258 2870 3502 2925 castissi-

1928 2979 2073 3018 mam
2096 2965 2217 3019 vita:
2239 2965 2502 3018 rationem
2530 2964 2805 3021 informet.
2826 2964 3070 3031 adeoque
3096 2962 3353 3031 populum
3382 2962 3500 3015 uui-

1927 3069 2145 3109 versum
2178 3055 2464 3110 excellenti
2497 3056 2730 3126 quodam
2763 3054 3073 3123 reipublicae
3094 3069 3312 3122 genere,
3344 3061 3397 3107 et
3420 3068 3505 3107 ac-

253 3138 405 3212 τιρου
431 3142 486 3194 δὲ
513 3141 648 3213 πρὸς
678 3141 775 3213 τὴν
801 3143 928 3213 περὶ
957 3142 1064 3197 τῶν
1108 3143 1266 3199 θείων
1308 3147 1507 3215 γνῶσιν
1529 3150 1823 3221 διήκοντος,

1928 3145 2293 3201 curatissimis
2313 3145 2522 3217 legibus
2550 3145 2831 3211 instituat;
2883 3146 3121 3200 secunda
3151 3160 3278 3199 vero
3316 3145 3383 3199 ad
3412 3161 3500 3200 re-

253 3232 427 3285 αὐτῶν
480 3250 540 3285 τε
588 3233 695 3287 τῶν
753 3233 1004 3306 πρώτων,
1052 3238 1146 3290 καὶ
1190 3238 1297 3291 τῶν
1338 3240 1546 3307 αἰτίων,
1581 3242 1674 3294 καὶ
1722 3245 1829 3298 τῶν

253 3326 441 3391 ἄλλων,
469 3327 568 3379 ὅσα
620 3328 685 3378 ὲκ
730 3326 933 3380 τούτων
981 3329 1208 3397 γίνεται,
1261 3330 1297 3385 ἃ
1344 3331 1407 3402 δὴ
1441 3334 1568 3406 περὶ
1616 3334 1829 3403 φύσεως

254 3419 489 3490 ἱστορίαν
520 3420 548 3470 ὁ
586 3418 808 3472 Πλάτων
849 3420 1165 3491 ὠνόμακεν
1201 3425 1279 3487 είς
1307 3424 1364 3476 δὲ
1391 3424 1491 3495 τὴν
1538 3428 1665 3497 περὶ
1706 3429 1829 3481 τού-

252 3526 355 3563 των
383 3510 706 3582 ἀμφοτέρων
756 3512 1028 3584 διάκρισίν
1055 3530 1115 3565 τε
1144 3515 1238 3567 καὶ
1280 3514 1496 3585 εὕρεσιν
1524 3516 1617 3570 τοῦ
1645 3519 1827 3588 τρίτου

254 3602 843 3673 τιαραλαμὸανομένουο
898 3606 979 3658 ὅτι
1036 3606 1134 3676 μὲν
1176 3607 1398 3660 Πλάτων
1452 3609 1687 3680 πρῶτος,
1738 3614 1830 3666 καὶ

259 3693 488 3763 μάλιστα
527 3695 851 3763 συναγείρας
884 3699 962 3759 εἰς
994 3696 1051 3750 ἓν
1082 3697 1259 3752 πάντα
1293 3699 1361 3751 τὰ
1387 3699 1484 3771 τῆς
1515 3700 1829 3771 φιλοσοφίας

260 3792 414 3861 μέρη,
442 3792 576 3856 τέως
606 3793 978 3864 ἐσκεδασμένοι
1014 3794 1105 3846 καὶ
1134 3794 1513 3867 διερριμμένα,
1549 3797 1737 3870 ὥσπερ
1762 3798 1828 3852 τὰ

256 3884 344 3936 τοῦ
383 3885 628 3949 Πενθέως
665 3885 820 3956 μέλη,
851 3885 1099 3958 καθάπερ
1132 3882 1250 3940 εἶπέ
1276 3898 1378 3950 τις,
1416 3884 1699 3958 σῶμάατε
1735 3891 1827 3943 καὶ

257 3976 385 4040 ζῶον
408 3978 695 4049 ὁλόκληρον
728 3979 973 4051 ἀπέφηνε
1013 3981 1110 4051 τὴν
1133 3980 1469 4050 φιλοσοφίαν,
1498 3981 1632 4051 δῆλα
1656 3983 1827 4041 ¹παντὶ

257 4067 533 4139 λεγόμενα.
558 4070 695 4123 Οὔτε
724 4070 832 4143 γὰρ
862 4075 909 4125 oi
943 4073 1069 4144 περὶ
1090 4072 1292 4142 Θαλῆν,
1320 4073 1410 4125 καὶ
1450 4071 1824 4143 Ἀναξιμένην,

258 4165 344 4216 καὶ
384 4164 767 4236 Ἀναξαγόραν,
814 4165 910 4217 καὶ
960 4165 1071 4217 ὅσοι
1122 4164 1264 4217 κατὰ
1321 4164 1514 4217 ταυτὸν
1572 4164 1826 4233 γεγόνασι

258 4256 478 4321 τούτοις,
509 4256 827 4325 ἀγνοοῦνται
857 4257 983 4328 περὶ
1014 4256 1177 4327 μόνην
1210 4256 1307 4326 τὴν
1336 4257 1475 4328 ὑπὲρ
1494 4257 1594 4326 τῆς
1614 4257 1826 4326 φύσεως

256 4348 361 4401 τῶν
393 4349 560 4402 ὅντων
600 4348 790 4419 σκέψιν
838 4347 1248 4419 διατρίψαντες·
1285 4348 1346 4399 ού
1394 4347 1499 4418 μὴν
1532 4347 1652 4399 οὐδὲ
1698 4346 1827 4398 Πιτ-

254 4440 433 4503 me;
482 4441 575 4493 καὶ
609 4440 955 4510 Περίανδρος,
987 4438 1081 4491 καὶ
1122 4437 1324 4504 Σόλων,
1351 4438 1444 4491 καὶ
1488 4436 1821 4509 Λυκοῦργος,

1933 3250 2056 3289 rum
2086 3235 2396 3290 divinarum
2421 3236 2794 3306 cognitionem
2825 3235 2895 3288 ita
2920 3234 3204 3304 pertineat.
3226 3234 3304 3288 uti
3335 3235 3502 3290 simul

1932 3327 2290 3397 et‘prineipes
2309 3328 2431 3382 illas
2464 3342 2770 3396 causasque
2804 3336 3147 3391 caeterarum,
3174 3341 3405 3396 qumque
3432 3342 3500 3382 ex

1931 3420 2039 3473 illis
2068 3420 2222 3485 liunt,
2252 3420 2491 3489 reliquas
2522 3434 2716 3474 omnes
2768 3419 3184 3488 ccutempletur,
3217 3433 3381 3488 quam
3407 3434 3504 3473 ua-

1931 3516 2067 3563 turae
2117 3508 2401 3564 historiam
2448 3508 2603 3565 Plato
2650 3509 3023 3579 nuncupavit;
3058 3509 3214 3563 tertia
3266 3508 3504 3580 denique

1932 3603 1998 3656 ad
2026 3602 2312 3657 certiorem
2344 3602 2643 3673 superioris
2672 3604 2958 3672 utriusque
3010 3601 3405 3657 discussionem
3448 3613 3504 3657 ct

1932 3693 2297 3748 inventionem
2344 3704 2695 3750 assumatur:
2756 3693 3035 3748 Platonem
3068 3695 3365 3761 exstitisse,
3406 3696 3502 3766 qui

1930 3794 2113 3854 partes
2162 3785 2282 3840 illas
2330 3801 2521 3840 omnes
2565 3786 2925 3855 philosophiae
2958 3786 3250 3859 dissipatas
3274 3798 3504 3847 eatenus

1930 3886 2095 3946 atque
2154 3877 2430 3946 disjectas,
2464 3877 2544 3931 sic
2575 3886 2833 3946 tanquam
2865 3875 3088 3934 Penthei
3122 3881 3363 3936 membra
3385 3922 3401 3948 ,
3443 3891 3505 3938 ut

1930 3983 2202 4023 nonnemo
2232 3969 2388 4033 dixit,
2421 3968 2631 4037 primus
2658 3969 2800 4023 idem
2862 3970 3206 4040 maximeque
3266 3973 3505 4043 comple-

1930 4077 2053 4125 xus,
2092 4061 2489 4130 philosophiam
2521 4062 2575 4114 iu
2613 4064 2774 4116 unius
2805 4062 3087 4132 cujusdam
3119 4065 3383 4134 corporis,
3418 4074 3504 4127 σιν

1928 4170 2038 4222 que
2089 4154 2282 4225 integri
2310 4154 2605 4209 animantis
2649 4155 2887 4224 speciem
2913 4156 3231 4211 conﬂavcrit
3250 4196 3265 4222 ,
3291 4159 3360 4211 ab
3382 4173 3502 4213 om-

1928 4246 2091 4303 nibus
2148 4248 2432 4317 praedicari
2488 4257 2727 4303 constat.
2785 4246 2998 4303 Nemini
3029 4249 3228 4320 quippe
3270 4250 3499 4305 dubium

1927 4347 2011 4393 est
2064 4339 2197 4409 quin
2251 4338 2470 4405 Thales,
2542 4340 2942 4405 Anaximenes,
2992 4341 3389 4412 Anaxagoras,
3445 4351 3501 4397 et

1928 4440 2199 4501 quotquot
2232 4442 2490 4500 praeterea
2522 4432 2625 4485 sub
2658 4430 2801 4485 idem
2826 4432 3006 4485 vixere
3035 4440 3266 4502 tempus,
3301 4434 3355 4486 in
3382 4434 3499 4487 sola

256 4532 347 4584 καὶ
381 4533 429 4583 οἱ
473 4530 844 4601 παραπλήσιοι
880 4528 1113 4593 τούτοις,
1163 4528 1487 4597 λανθάνουσί
1534 4546 1683 4592 τινας
1726 4528 1825 4599 τὴν

1932 4521 2134 4577 fuerint
2186 4531 2392 4577 natura
2433 4538 2614 4577 rerum
2658 4522 3091 4577 consideratione
3133 4522 3358 4579 versati.
3388 4522 3503 4579 Pit-

258 4624 428 4676 αὐτῶν
472 4623 784 4692 φιλοσοφίαν
823 4622 903 4685 είς
934 4620 1207 4674 πολιτείαν
1244 4620 1568 4683 καταθέντες
1590 4638 1601 4649 ⁸
1639 4621 1825 4691 Ζήνων

256 4714 331 4778 δὲ,
362 4715 457 4768 καὶ
482 4717 587 4768 πᾶν
624 4715 685 4767 τὸ
728 4714 1034 4767 Ἐλεατικὸν
1084 4714 1241 4767 τοῦτο
1295 4712 1681 4774 διδασκαλεῖον,
1730 4712 1825 4764 καὶ

259 4811 382 4863 αὐτὸ
406 4809 679 4881 γνώριμον
701 4810 792 4861 ἐπὶ
814 4812 877 4880 τῇ
903 4810 1067 4882 τέχνῃ
1080 4810 1187 4862 τῶν
1208 4809 1379 4877 λόγων
1398 4807 1630 4879 μάλιστα
1658 4825 1823 4860 σπου-

259 4901 439 4954 δάσαν.
473 4900 693 4963 Τούτοις
737 4900 794 4953 δὲ
847 4900 1227 4970 ἐπιγενόμενος
1281 4899 1525 4963 Πλάτων,
1573 4899 1712 4971 ἀνὴρ
1760 4901 1825 4951 ἐκ

258 4992 464 5059 φύσεως
492 4990 793 5064 ἀρτιτελὴς,
814 4992 906 5044 καὶ⁵
939 4989 1071 5043 πολὺ
1095 4985 1505 5059 διενεγκὼν,οἷα
1538 4991 1747 5043 κατὰπε
1757 5008 1824 5060 μ-

257 5095 402 5140 πτος,
428 5078 503 5141 ὼς
531 5078 762 5149 ἀληθῶς,
788 5082 851 5132 ὲκ
901 5077 1059 5141 θεῶν,
1099 5080 1163 5131 ἶν’
1189 5078 1478 5149 ὁλόκληρος
1514 5079 1650 5150 ὀφθῇ
1693 5082 1725 5149 ἡ
1758 5080 1826 5132 δι’

257 5168 415 5221 αὐτοῦ
450 5169 559 5239 (21)
604 5171 908 5239 φιλοσοφία,
946 5170 1159 5243 παρῆκέ
1194 5188 1252 5223 τε
1287 5171 1458 5233 οὐδὲν,
1495 5172 1588 5224 καὶ
1617 5172 1824 5225 ἕκαστα

256 5261 543 5331 ὴκρίϐωσε,
560 5265 693 5334 μήτε
710 5264 971 5316 ἐλλείπων
988 5264 1124 5334 πρὸς
1135 5263 1194 5315 τὸ
1206 5264 1517 5331 ἀναγκαῖον,
1538 5264 1673 5333 μήτε
1691 5264 1825 5335 πρὸς

254 5353 312 5405 τὸ
334 5353 599 5425 ἄχρηστον
626 5356 939 5426 ὲξενεχθείς.
983 5356 1133 5409 Ἐπεὶ
1164 5354 1343 5407 τοίνυν
1375 5356 1592 5408 πάντων
1617 5355 1826 5427 ἔφαμεν

261 5448 591 5518 μετεῖναιτῴ
617 5448 965 5519 Πλατωνικῷ,
996 5450 1088 5503 καὶ
1120 5448 1546 5518 φυσιολογοῦντι,
1572 5451 1666 5503 καὶ
1699 5452 1826 5522 περὶ

257 5537 397 5606 ἠθῶν
431 5537 659 5607 λέγοντι,
685 5542 779 5594 καὶ
813 5539 1197 5613 διαλεγομένῳ,
1226 5540 1379 5612 φέρε,
1420 5540 1541 5594 καθ’
1597 5542 1827 5596 ἕκαστον

259 5630 689 5705 ἐπισκεψώμεθα.
735 5654 754 5687 ι
780 5634 962 5689 Ταῦτα
999 5636 1094 5707 μὲν
1121 5636 1149 5688 ό
1190 5635 1455 5698 Ἀττικός.
1486 5636 1828 5706 Ἐπιμαρτνν-

323 5756 347 5783 ι
379 5746 461 5802 τσ.
498 5764 569 5803 τι.

322 5858 434 5931 (21)
471 5862 531 5917 Ἠ
565 5861 640 5917 δι’
669 5861 873 5919 αὐτοῦ.
904 5861 1083 5919 Malim
1114 5864 1304 5919 abesse
1332 5861 1623 5918 articulum
1654 5863 1711 5930 ἡ.

1930 4623 2084 4670 tacus
2114 4624 2321 4681 autem,
2342 4614 2657 4679 Periander,
2683 4613 2871 4677 Solon,
2900 4613 3200 4684 Lycurgus,
3227 4631 3290 4671 ac
3320 4616 3499 4672 caeteri

1927 4706 1982 4761 id
2009 4721 2200 4777 genus,
2227 4723 2382 4762 suam
2422 4723 2641 4762 omnem
2669 4708 3067 4779 philosomniam
3106 4709 3159 4761 in
3189 4709 3502 4778 reipublicae

1928 4814 2118 4853 curam
2162 4815 2226 4855 ac
2264 4800 2505 4855 studium
2541 4809 2725 4869 aperte
2754 4799 3125 4856 contulerunt.
3156 4800 3304 4870 Zeno
3340 4802 3498 4857 deni-

1928 4909 2037 4962 que
2089 4902 2143 4948 et
2206 4892 2299 4948 illa
2350 4893 2531 4947 omnis
2584 4891 2830 4948 Eleatica
2893 4894 3103 4955 schola,
3151 4894 3284 4964 quin
3324 4895 3498 4965 potis—
3548 4947 3556 4954 .

1929 4986 2130 5040 simum
2209 4986 2263 5039 in
2310 4986 2610 5041 disserendi
2680 4997 2851 5041 artem
2910 4986 3264 5052 incubuerit,
3338 5002 3500 5042 nemo

1927 5079 2091 5133 etiam
2119 5088 2221 5145 est,
2250 5079 2344 5149 qui
2391 5079 2618 5134 nesciat.
2650 5080 2718 5134 At
2764 5094 2894 5134 vero
2931 5081 3016 5134 his
3047 5080 3303 5134 omnibus
3344 5078 3500 5133 Plato

1930 5172 2251 5238 succedens,
2286 5173 2371 5226 vir
2403 5188 2432 5225 a
2460 5182 2655 5226 natura
2691 5172 2852 5243 510
2879 5173 3127 5242 partibus
3154 5172 3412 5227 omnibus
3432 5187 3499 5227 ac

1930 5264 2175 5319 numeris
2197 5264 2498 5329 absolutus,
2525 5265 2791 5335 longeque
2820 5264 3028 5319 caneris
3046 5264 3393 5329 antecellens,
3412 5272 3501 5319 ut-

1928 5365 2053 5426 pote
2087 5359 2310 5412 deorum
2366 5359 2526 5428 plane
2572 5374 2799 5414 munere
2832 5359 3085 5426 donoque
3126 5357 3350 5421 missus,
3403 5370 3499 5425 per

1927 5466 2089 5522 quem
2129 5451 2333 5522 integra
2366 5451 2582 5506 tandem
2624 5449 2914 5520 aliquando
2946 5447 3290 5518 philosophia
3313 5461 3504 5504 cerne-

1926 5553 2098 5609 retur,
2131 5550 2185 5597 et
2208 5542 2472 5613 praeteriit
2500 5541 2723 5595 omnino
2753 5541 2909 5599 nihil.
2933 5550 2987 5594 et
3010 5538 3223 5610 singula
3237 5552 3407 5597 .suam
3431 5537 3499 5591 ad

1927 5637 2293 5694 maturitatem
2327 5636 2401 5691 ita
2426 5636 2699 5707 perduxit,
2730 5649 2789 5689 ut
2811 5648 2987 5708 neque
3016 5632 3310 5689 necessarii
3346 5628 3505 5703 quid-
