4042 6384
299 327 421 384 849

1540 327 1861 384 ΡΗᾹΞΡΑΒ.
1901 328 2152 388 EVANG.
2177 329 2303 386 LIB.
2329 330 2425 386 XI.

3445 337 3549 393 850

296 449 455 504 κατά
483 451 742 505 Πλάτωνα
773 451 1081 522 φιλοσοφίας
1099 493 1114 517 ,
1146 452 1335 524 καιρὸς
1365 452 1456 506 καὶ
1483 450 1580 523 τὴν
1620 450 1853 524 Ἐϐραίω

1956 469 2106 519 _rum
2154 465 2328 521 esset,
2353 454 2430 510 uti
2459 453 2936 524 philosopharetur
2970 474 2983 510 :
3015 471 3125 526 quo
3168 457 3549 526 respondente,

290 542 730 610 ἐπισκέψασθαι,
761 543 953 614 μακρῷ
995 543 1228 615 πρόσθεν
1265 543 1296 614 ἢ
1343 542 1600 596 Πλάτωνα
1634 541 1885 611 γενέσθαι

287 630 399 686 τὸν
447 631 631 704 ὅμοιον
683 635 1186 705 πεφιλοσοφηκότων
1233 636 1445 707 τρόπον.
1494 633 1687 706 Εὐροις
1715 634 1760 687 δ’
1789 629 1883 688 οὖν

292 723 405 778 καὶ
449 728 580 797 παρ’
627 728 807 792 αὐτοῖς
830 731 927 800 τήν
971 745 1027 781 τε
1082 729 1368 799 σύμφωνον
1406 725 1504 798 τὴν
1537 725 1874 798 τριμέρειαν,

294 813 517 884 ἠθικῶν
547 837 626 883 τε,
676 821 768 874 καὶ
809 821 1060 890 λογικῶν,
1093 821 1184 875 καὶ
1238 819 1481 890 φυσικῶν
1516 817 1874 890 μαθημάτων,

293 906 458 960 τόνδε
491 911 788 982 ἐπιστήσας
817 912 908 964 τὸν
931 912 1146 985 τρόπον.

1988 545 2054 600 de
2078 546 2331 602 humanae
2352 547 2475 601 vita).
2506 546 2808 602 rationibus
2838 548 3189 617 quaerendum
3226 549 3327 619 ipsi
3362 557 3416 604 et
3455 566 3550 605 co-

1983 634 2264 705 gitandum
2304 652 2459 694 esse:
2509 644 2622 691 tum
2654 653 2782 693 vero
2818 637 3005 695 risisse
3034 637 3246 706 Indum,
3281 655 3404 696 cum
3451 656 3548 696 ne-

1983 737 2134 799 garet
2160 730 2393 784 humana
2429 745 2757 800 quemquam
2780 731 3061 801 pervidere
3095 749 3275 803 posse,
3298 734 3390 805 qui
3413 734 3552 789 divi-

1982 835 2177 875 norum
2227 821 2566 891 ignoratione
2619 823 2907 879 laboraret.
2935 824 2993 879 ld
3042 840 3208 895 porro
3244 842 3428 881 verum
3457 827 3547 896 sit,

1983 924 2174 974 necne,
2205 918 2265 964 ut
2311 910 2547 966 maxime
2574 913 2885 979 contendat,
2906 922 3144 971 statuere
3167 931 3326 972 nemo
3349 921 3546 986 potest.

298 999 516 1058 Interea
551 1002 700 1060 Plato
731 1007 1165 1076 philosophiam,
1217 1006 1270 1060 in
1320 1021 1462 1073 eam,
1523 1021 1645 1076 quae
1694 1004 1762 1060 de
1813 1003 2072 1060 universo
2125 1005 2445 1075 disputaret,
2493 1007 2547 1060 in
2602 1007 2836 1073 civilem,
2890 1025 2955 1065 ac
3011 1010 3316 1066 disserendi
3377 1014 3550 1084 magis

297 1099 480 1146 stram
522 1097 753 1164 partitus
783 1107 884 1152 est.
927 1118 944 1150 ι
981 1096 1114 1151 Cum
1150 1097 1316 1168 igitur
1346 1113 1408 1152 ea
1441 1096 1734 1152 Platonica:
1775 1093 2130 1166 philosophiae
2163 1097 2298 1151 ratio
2344 1097 2436 1164 sit,
2465 1105 2678 1168 tempus
2731 1107 2813 1154 est
2846 1109 2905 1154 ut
2936 1099 3284 1157 Hebraeorum
3332 1117 3550 1174 quoque

304 1183 717 1255 philosophiam
776 1190 1239 1260 contemplemur,
1292 1191 1383 1260 qui
1435 1187 1678 1260 profecto
1725 1189 1883 1258 longe
1923 1196 2214 1258 antequam
2250 1188 2403 1244 Plato
2436 1201 2773 1258 nasceretur,
2816 1194 3092 1264 persimile
3153 1195 3546 1282 philosophan-

295 1273 353 1328 di
425 1291 594 1346 genus
645 1278 972 1336 habuerunt.
1023 1280 1315 1337 Enimvero
1372 1283 1700 1353 tripartitam
1741 1281 1883 1352 apud
1921 1295 2036 1346 eos,
2092 1297 2328 1353 cumque
2377 1283 2657 1342 Platonica
2709 1287 2800 1342 illa
2873 1279 3544 1361 congruentemdiscipli-

294 1383 524 1434 narum,
552 1373 631 1427 vel
664 1375 730 1429 ad
761 1391 962 1444 mores,
997 1377 1079 1432 vel
1109 1377 1176 1431 ad
1210 1381 1320 1432 vim
1354 1378 1678 1445 disserendi,
1733 1377 1817 1433 vel
1861 1376 1928 1432 ad
1968 1386 2218 1434 naturam
2253 1380 2427 1451 ipsam
2475 1383 2864 1452 pertinentium
2909 1384 3234 1441 divisionem
3281 1387 3544 1456 reperias,

292 1461 347 1516 si
379 1463 448 1519 de
484 1481 541 1520 re
573 1476 681 1523 tota
723 1471 864 1524 hunc
895 1471 946 1524 in
978 1471 1196 1526 modum
1224 1473 1465 1543 cogitare
1499 1473 1654 1530 velis.

834 1565 1226 1619 ΚΕΦΑΛΑΙΟΝ
1270 1568 1340 1622 Δ’.

406 1657 544 1726 Περὶ
570 1655 688 1709 τῶν
719 1657 852 1724 παρ’
892 1657 1169 1724 Ἑϐραίοις
1194 1658 1415 1726 ἠθικῶν
1437 1659 1758 1730 δογμάτων.

2584 1567 2815 1623 CAPUT
2845 1567 2936 1625 IV.

2208 1659 2282 1713 De
2315 1677 2520 1714 morum
2547 1663 2689 1731 apud
2727 1663 2977 1718 Hebrwos
3011 1664 3314 1736 disciplina.

370 1748 452 1801 Τὰ
513 1748 610 1819 μὲν
657 1742 748 1800 οὖν
789 1745 955 1816 ἠθικὰ
1002 1747 1279 1820 πρώτιστα
1322 1751 1536 1804 πάντων
1578 1752 1853 1824 φιλοτίμως

2049 1750 2127 1806 A'c
2160 1766 2268 1820 prae
2290 1752 2499 1807 caeteris
2517 1753 2734 1822 quidem
2764 1756 3018 1810 omnibus
3039 1796 3053 1820 ,
3084 1771 3144 1810 ea
3177 1773 3298 1828 qua:
3324 1773 3541 1814 morum

292 1838 707 1910 ἐσπουδασμένα
736 1839 862 1910 παρ’
895 1841 1096 1904 αὐτοῖς,
1117 1839 1297 1912 ἔργοις
1318 1841 1450 1896 πολὺ
1483 1844 1744 1917 πρότερον
1764 1845 1870 1899 τῶν

288 1934 492 2003 λόγων,
520 1932 708 2004 μάθοις
741 1933 806 1986 ἂν
837 1934 904 1986 τὰ
933 1934 1070 1987 κατᾶ
1097 1937 1221 1999 τοὺς
1245 1936 1444 2007 ἄνδρας
1476 1937 1871 2011 διασκοπούμε-

290 2043 406 2088 νος.
446 2026 596 2078 Ἐπεὶ
629 2025 722 2077 καὶ
754 2026 902 2089 τέλος
953 2025 1169 2093 ἀγαθῶν
1218 2027 1310 2080 τοῦ
1357 2045 1415 2080 τε
1460 2030 1744 2101 μακαρίως
1771 2031 1869 2104 ζῇν

291 2116 528 2170 ὕστατον
570 2117 693 2188 ὅρον
738 2116 835 2188 τὴν
885 2118 1183 2182 εὐσέϐειαν,
1231 2122 1331 2190 τήν
1379 2137 1438 2172 τε
1485 2121 1572 2174 διὰ
1619 2123 1719 2193 τῆς
1758 2124 1868 2177 τῶν

289 2208 443 2279 ἠθῶν
477 2209 860 2281 κατορθώσεως
891 2211 1023 2281 πρὸς
1068 2211 1158 2265 τὸν
1207 2212 1338 2266 Θεὸν
1376 2214 1555 2282 φιλίαν
1593 2216 1867 2286 ἠγάσαντό

286 2318 351 2354 τε
383 2302 476 2354 καὶ
518 2302 872 2372 μετεδίωξαν·
905 2303 1014 2356 ἀλλ’
1068 2304 1125 2357 οὐ
1177 2306 1444 2376 σωμάτων
1491 2306 1702 2379 ἡδονὴν,
1745 2309 1864 2362 κατ’

301 2391 662 2464 Ἐπίκουρον’
721 2393 828 2445 οὐδ’
888 2388 954 2447 αὖ
1013 2393 1109 2465 τὴν
1154 2395 1458 2466 τριγένειαν
1484 2396 1592 2450 τῶν
1624 2399 1862 2468 ἀγαθῶν,

289 2485 417 2536 κατ’
462 2484 854 2554 Ἀριστοτέλην,
885 2485 948 2538 τὰ
1001 2486 1126 2556 περὶ
1169 2486 1344 2557 σῶμα,
1379 2490 1469 2542 καὶ
1512 2489 1580 2542 τὰ
1622 2491 1776 2555 ἐκτὸς
1807 2493 1862 2545 ἐν

292 2569 398 2642 ἴσῳ
435 2576 545 2635 τοῖς
594 2573 688 2643 τῆς
731 2572 906 2643 ψυχῆς
949 2573 1170 2642 ἀγαθοῖς
1200 2576 1628 2648 ἐκτετιμηκόταο
1659 2580 1719 2632 οὐ
1757 2579 1862 2652 μὴν

288 2662 412 2715 οὐδὲ
435 2661 531 2733 τὴν
567 2664 795 2734 ἐσχάτην
827 2664 1042 2733 ἄγνοιάν
1073 2682 1132 2717 τε
1168 2666 1258 2718 καὶ
1284 2668 1520 2737 ἀμαθίαν
1547 2670 1612 2742 ἣν
1640 2671 1860 2742 ὀνόματι

295 2756 603 2827 σεμνοτέρῳ
624 2757 765 2820 τινὲς
791 2757 988 2828 ἐποχὴν
1008 2759 1357 2828 ἀνειρήκασιν
1373 2777 1385 2790 .
1407 2759 1520 2814 an.
1543 2763 1650 2816 οὐδ,
1670 2760 1736 2818 αὖ
1763 2765 1862 2836 τῆς

289 2842 469 2915 ψυχῆς
497 2846 594 2914 τὴν
615 2846 811 2918 ἀρετήν
831 2863 844 2876 °
872 2847 1006 2919 πόση
1033 2848 1141 2919 γὰρ
1164 2849 1222 2900 ἐν
1253 2846 1558 2922 ἀνθρώποις
1583 2853 1740 2926 αὓτη,
1764 2855 1859 2909 καὶ

293 2937 347 2988 τί
392 2936 512 2990 καθ’
544 2937 740 3008 ἑαυτὴν
787 2939 914 2993 ἄνευ
961 2941 1094 2995 θεοῦ
1138 2944 1272 3016 πρὸς
1325 2945 1415 2998 τὸν
1459 2945 1665 3001 ἄλυπον
1732 2966 1858 3002 συν-

291 3027 454 3080 τείνοι
513 3029 577 3081 ἂν
628 3028 774 3099 pinv;
820 3031 898 3082 Δι’
957 3032 1065 3084 ὃνει
1116 3035 1183 3087 τὰ
1237 3038 1412 3090 πάντα
1474 3039 1574 3110 τῆς
1631 3041 1710 3104 είς
1765 3041 1856 3094 τὸν

1976 1842 2042 1896 ad
2066 1843 2407 1914 disciplinam
2449 1850 2756 1915 pertinent,
2791 1862 3008 1903 summo
3057 1850 3293 1920 quodam
3333 1851 3401 1907 ab
3435 1852 3545 1908 illis

1974 1935 2355 2004 praecipueque
2383 1937 2588 2002 studio,
2619 1939 2884 2009 longeque
2913 1948 3038 1995 ante
3064 1941 3226 1997 rebus
3257 1942 3392 2012 ipsis
3422 1945 3544 1999 cul-

1972 2030 2024 2078 ta
2074 2040 2195 2080 esse
2248 2041 2411 2095 quam
2461 2028 2662 2092 verbis,
2717 2029 2762 2082 si
2815 2044 3006 2084 eorum
3029 2031 3274 2088 instituta
3307 2035 3539 2090 scrutari

1969 2115 2166 2185 placet,
2199 2118 2490 2190 intelliges.
2520 2118 2653 2173 Nam
2707 2129 2760 2176 et
2813 2121 3080 2177 honorum
3110 2125 3211 2196 ipsi
3245 2127 3438 2194 linem,
3485 2136 3539 2182 et

1970 2223 2248 2263 summum
2307 2210 2462 2264 beate
2506 2211 2720 2266 vivendi
2768 2215 3097 2282 terminum,
3145 2217 3434 2286 pietatem,
3484 2228 3538 2274 et

1967 2298 2261 2368 profectam
2303 2315 2369 2356 ex
2418 2317 2631 2356 morum
2682 2303 2988 2374 integritate
3048 2304 3217 2376 512
3249 2324 3373 2362 cum
3425 2308 3536 2364 Deo

1966 2393 2430 2463 conjunctionem,
2464 2404 2574 2450 tam
2599 2397 2887 2466 diligenter
2907 2400 3177 2469 persecuti
3206 2411 3352 2466 sunt,
3372 2418 3535 2472 quam

1965 2486 2229 2555 complexi
2263 2487 2628 2545 vehementer.
2664 2489 2782 2546 Non
2827 2490 2942 2562 jam
2983 2493 3231 2563 corporis
3282 2497 3536 2568 volupta-

1965 2585 2096 2642 tem,
2126 2586 2185 2632 ut
2207 2577 2515 2649 Epicurus:
2556 2596 2664 2635 non
2697 2582 2889 2652 triplex
2924 2583 3054 2638 illud
3095 2585 3401 2643 Aristotelis
3438 2587 3540 2643 bo-

1964 2682 2156 2722 norum
2189 2685 2380 2739 genus,
2406 2672 2501 2741 qui
2545 2673 2789 2742 corporis
2836 2672 3178 2745 fortunaeque
3227 2677 3368 2732 bona
3394 2718 3410 2743 ,
3446 2694 3538 2734 eo-

1961 2757 2083 2814 dem
2115 2759 2171 2813 in
2217 2759 2338 2815 loco
2367 2763 2688 2832 pretioque,
2740 2779 2850 2835 quo
2899 2765 3068 2820 animi
3124 2782 3254 2838 opes
3301 2769 3532 2826 habuit:

1962 2867 2070 2907 non
2121 2867 2392 2908 summam
2441 2855 2588 2910 illam
2624 2871 2805 2912 rerum
2840 2857 3164 2929 imperitiam
3192 2872 3246 2917 et
3278 2861 3537 2933 ignoran-

1963 2946 2093 3000 tiam
2124 2947 2392 3011 omnium,
2427 2963 2590 3018 quam
2648 2949 2895 3005 nonnulli
2937 2951 3256 3010 honestiore
3294 2956 3532 3025 quodam

1961 3037 2182 3093 nomine
2231 3039 2568 3095 assensionis
2610 3042 2964 3098 retentionem
2995 3046 3377 3115 appellarunt:
3423 3065 3534 3105 non

293 3117 424 3171 Θεὸν
450 3119 680 3184 ἐλπίδος,
711 3121 1006 3192 πείσματος
1057 3124 1243 3199 ὥσπερ
1290 3129 1563 3201 ὰῤῥαγοῦς
1626 3131 1853 3202 eadem»

1959 3130 2192 3200 denique
2225 3131 2478 3186 virtutem
2521 3131 2694 3202 ipsam
2729 3135 2897 3190 animi
2926 3155 2939 3192 :
2977 3153 3101 3193 nam
3124 3141 3388 3209 quantula
3412 3151 3534 3198 tan-

293 3227 403 3274 τες,
456 3211 546 3265 τὸν
601 3212 815 3284 θεοφιλῆ
869 3215 1024 3285 μόνον
1069 3218 1351 3291 ἀπέφηναν
1388 3219 1526 3276 εἶναι
1568 3225 1849 3297 μακάριον.

295 3302 413 3355 Ὀτι
465 3302 527 3374 δὴ
573 3305 601 3356 ό
642 3304 854 3358 πάντων
900 3307 1118 3374 ἀγαθῶν
1158 3312 1360 3382 ταμίας
1408 3314 1560 3382 Θεὸς,
1602 3315 1750 3388 ζωῆς
1780 3316 1856 3372 ὢν

292 3392 542 3463 πάροχος,
577 3396 671 3448 καὶ
712 3397 881 3467 αὐτῆς
931 3400 1133 3472 ἀρετῆς
1183 3406 1353 3476 πηγὴ,
1387 3407 1494 3462 τῶν
1531 3411 1656 3481 περὶ
1698 3411 1857 3483 σῶμα

291 3485 383 3536 καὶ
416 3485 524 3539 τῶν
555 3488 706 3551 ἐκτὸς
739 3488 990 3543 ἁπάντων
1019 3495 1250 3565 χορηγὸς
1280 3497 1557 3570 ὑπάρχων,
1599 3501 1754 3572 μόνος
1787 3503 1852 3556 ἂν

291 3575 372 3647 εἴη
404 3577 539 3648 πρὸς
581 3579 672 3632 τὸν
716 3582 978 3654 μακάριον
1016 3583 1128 3653 βίον
1149 3625 1162 3650 ,
1190 3586 1270 3658 τῷ
1299 3587 1397 3660 τὴν
1424 3591 1558 3662 πρὸς
1583 3592 1740 3647 αὐτὸν
1768 3612 1854 3664 φι-

288 3667 404 3721 λίαν
440 3668 526 3723 διὰ
559 3671 657 3740 τῆς
687 3674 1024 3745 παναληθοῦς
1055 3679 1334 3744 εὐσεϐείας
1365 3682 1717 3756 στειλαμένῳ,
1752 3688 1852 3740 αὐ-

289 3758 514 3828 τάρκης.
559 3760 747 3815 Ἔνθεν
783 3765 811 3816 ό
845 3763 1116 3836 πάνσοφος
1159 3770 1381 3842 Μωσῆς,
1431 3774 1642 3843 πρῶτος
1681 3777 1853 3831 ἁπάν-

287 3867 392 3903 των
433 3855 613 3923 γραφῇ
663 3856 932 3925 παραδοὺς
982 3861 1072 3914 τὸν
1103 3861 1212 3916 τῶν
1256 3864 1362 3934 πρὸ
1394 3866 1557 3920 αὐτοῦ
1591 3866 1851 3940 θεοφιλῶν

300 3942 560 4014 Ἐϐραίων
592 3946 721 4016 βίον,
759 3949 848 4003 τὸν
893 3952 1165 4009 πολιτικὸν
1215 3956 1348 4028 ὁμοῦ
1401 3959 1493 4014 καὶ
1549 3965 1849 4034 πρακτικὸν

286 4036 350 4090 δι’
394 4039 713 4111 ὑφηγήσεως
767 4043 1040 4118 ἱστορικῆς
1087 4050 1425 4106 ὐποτέθειται
1476 4056 1694 4126 τρόπον.
1742 4054 1850 4123 Ἷῐς

289 4129 602 4200 ἀρχόμενος,
632 4133 739 4186 ἀπὸ
768 4134 873 4187 τῶν
905 4137 1130 4193 καθόλου
1164 4141 1262 4213 τὴν
1290 4142 1634 4199 διδασκαλίαν
1661 4149 1848 4220 ἐποιή-

291 4236 434 4288 σατο,
503 4222 633 4277 Θεὸν
689 4226 793 4279 τῶν
846 4228 979 4283 ὅλων
1024 4231 1194 4286 αἴτιον
1246 4236 1706 4310 ὑποστησάμενος,
1759 4258 1849 4294 κο-

278 4305 569 4384 ’σμογονίαν
600 4321 691 4373 καὶ
713 4321 1150 4394 ἀνθρωπογονίαν
1179 4305 1644 4401 ὐπογράψάςᾟῖσ
1677 4334 1846 4400 οὕτως

1959 3223 2081 3279 dem
2113 3225 2229 3295 ipsa
2253 3225 2391 3280 inter
2421 3226 2669 3283 homines
2698 3227 2879 3284 futura
2911 3240 3077 3299 esset,
3113 3243 3208 3289 aut
3235 3235 3368 3304 quid
3413 3250 3530 3290 om.-

1959 3317 2111 3384 nino,
2140 3318 2185 3372 si
2219 3316 2388 3373 Deum
2419 3335 2709 3390 seponeres
2737 3363 2752 3388 ,
2802 3324 2868 3378 ad
2907 3324 3073 3379 vitam
3118 3326 3365 3383 molestia
3391 3327 3533 3384 hbe-

1958 3409 2182 3464 randatn
2212 3425 2307 3480 per
2332 3427 2452 3468 sese
2478 3415 2700 3482 posset?
2740 3413 2922 3482 Quare
2960 3417 3142 3472 divina
3191 3434 3258 3475 ex
3309 3419 3540 3487 fiducia,

1958 3511 2217 3572 tanquam
2247 3518 2313 3559 ex
2344 3504 2471 3561 fune
2512 3508 2748 3577 quodam
2795 3510 2848 3565 vi
2877 3511 3025 3566 nulla
3060 3513 3362 3582 rumpendo
3394 3529 3529 3570 cun-

1957 3605 2041 3651 cta
2073 3598 2486 3668 suspendentes,
2527 3615 2652 3655 eum
2683 3602 2988 3668 duntaxat,
3032 3606 3125 3677 qui
3170 3606 3281 3663 Deo
3326 3609 3530 3666 charus

1953 3697 2118 3755 esset,
2147 3689 2364 3744 beatum
2403 3705 2524 3748 esse
2557 3702 2886 3750 statuerunt.
2924 3695 3068 3752 Deus
3105 3698 3412 3765 enimvero,
3446 3700 3525 3755 uti

1953 3781 2222 3835 bonorum
2247 3784 2490 3838 omnium
2513 3784 2874 3854 dispensator,
2905 3797 3206 3862 auctorque
3242 3793 3365 3846 vitae
3384 3833 3400 3858 ,
3429 3809 3530 3849 nec

1953 3873 2118 3929 modo
2153 3874 2274 3931 fons
2315 3877 2534 3933 virtutis
2567 3879 2738 3949 ipsius
2762 3922 2778 3949 ,
2834 3897 3022 3938 verum
3074 3885 3240 3941 etiam
3279 3887 3526 3942 omnium

1953 3975 2065 4023 tam
2099 3970 2346 4040 corporis
2394 3986 2558 4041 quam
2594 3972 2826 4031 fortunae
2858 3975 3126 4032 honorum
3155 3977 3381 4048 largitor
3406 3989 3526 4048 est,

1951 4063 2026 4117 ita
2061 4063 2212 4119 solus
2258 4064 2306 4118 ei
2341 4064 2410 4118 ad
2439 4065 2596 4120 beate
2627 4066 2916 4124 vivendum
2962 4072 3097 4124 satis
3136 4073 3361 4126 omnino
3420 4071 3538 4128 fuea.

1951 4154 2040 4219 rit,
2070 4155 2163 4226 qui
2191 4155 2310 4226 ejus
2337 4156 2391 4212 in
2420 4158 2715 4214 amicitiam
2748 4175 2874 4216 vera
2907 4161 2977 4217 sit
3020 4177 3085 4217 ac
3131 4162 3300 4218 solida
3329 4164 3529 4233 pietate
3561 4203 3564 4205 ›

1951 4256 2258 4317 susceptus.
2287 4247 2407 4316 Quo
2431 4247 2635 4305 factum
2663 4252 2824 4306 etiam
2852 4260 2955 4317 est,
2979 4253 3058 4308 uti
3085 4254 3527 4324 sapientissimus

1951 4335 2041 4390 ille
2064 4334 2262 4402 Moses,
2294 4353 2418 4394 cum
2477 4340 2688 4410 primus
2744 4343 3525 4411 omnium,.Hebraeorumillo-

287 4403 387 4457 ἀπὸ
421 4408 528 4460 τῶν
576 4409 798 4466 καθόλου
832 4414 923 4467 ἐπὶ
980 4415 1048 4469 τὰ
1097 4417 1236 4472 κατὰ
1271 4420 1436 4492 μέρος
1465 4425 1738 4494 προελθὼν
1769 4427 1846 4497 τῷ

288 4496 420 4524 ἴλη..
481 4501 566 4524 -..Α
617 4502 698 4524 Ωηὶ-
735 4505 824 4524 -ξ-ξκ
899 4507 924 4520 ~
1069 4509 1086 4524 κ
1170 4510 1196 4523 σι
1274 4513 1286 4524 .
1333 4513 1356 4524 -
1403 4513 1428 4524 α.
1594 4517 1604 4524 .
1799 4520 1809 4524 -

1956 4443 2072 4483 rum
2124 4431 2312 4495 vitam,
2343 4432 2434 4502 qui
2483 4442 2608 4488 ante
2657 4449 2777 4490 sese
2824 4436 3022 4492 divinae
3076 4438 3238 4509 hujus
3274 4440 3548 4497 amicitiae.

288 4496 440 4568 λόγῳ,
481 4501 572 4554 καὶ
613 4502 700 4555 διὰ
731 4505 827 4575 τῆς
857 4507 966 4561 τῶν
991 4509 1236 4564 παλαιῶν
1263 4513 1469 4584 ἀνδρῶν
1509 4517 1728 4588 μνήμης
1764 4496 1844 4584 είς

285 4588 369 4641 τὸν
397 4590 493 4660 τῆς
520 4592 738 4646 ἐκείνων
761 4596 959 4668 ἀρετῆς
986 4617 1044 4652 τε
1071 4603 1164 4655 καὶ
1195 4603 1502 4669 θεοσεϐείας
1540 4607 1697 4679 ζῆλον
1719 4612 1844 4675 τοὺς

287 4684 533 4752 φοιτητὰς
574 4691 950 4762 παρορμήσας,
979 4694 1037 4746 οὐ
1087 4692 1190 4766 μῆν
1223 4696 1354 4749 ἀλλὰ
1396 4699 1489 4752 καὶ
1539 4702 1699 4766 αὐτὸς
1747 4705 1843 4757 αὐ-

287 4771 472 4843 θέντης
508 4776 683 4848 νόμων
712 4781 946 4837 εὐσεϐῶν
977 4785 1084 4839 τῶν
1115 4789 1249 4860 πρὸς
1287 4792 1449 4845 αὐτοῦ
1481 4793 1842 4849 συντεθέντων

285 4867 622 4936 ἁποφανθεὶς,
672 4874 810 4928 κατὰ
860 4876 1034 4932 πάντα
1073 4881 1229 4952 δῆλος
1262 4884 1328 4937 ἂν
1357 4885 1440 4959 εἴη
1467 4887 1560 4940 τοῦ
1594 4889 1840 4958 φιλοθέου

283 4959 473 5029 τρόπου
507 4962 594 5016 διὰ
635 4965 733 5036 τῆς
768 4967 875 5021 τῶν
921 4970 1066 5040 ἠθῶν
1105 4976 1420 5046 ἐπιμελείας
1457 4981 1711 5052 πρόνοιαν
1740 4999 1838 5035 πε-

286 5053 582 5122 ποιημένος,
614 5055 799 5131 ὥσπερ
824 5057 916 5114 οὖν
948 5064 1040 5116 καὶ
1068 5064 1223 5120 τοῦτο
1252 5069 1532 5140 προλαϐὼν
1552 5074 1580 5125 ό
1607 5073 1762 5144 λόγος
1782 5075 1848 5128 ἐν.

283 5147 382 5208 τοῖς
415 5147 644 5238 πρόσθεν
678 5152 906 5224 φανερὸν
925 5159 1310 5230 κατεστήσατο.
1337 5164 1561 5236 Μακρὸν
1591 5165 1636 5219 δ’
1662 5166 1729 5220 ἂν
1751 5165 1838 5238 εἴη,

283 5235 517 5298 καὶτοὺς
558 5236 684 5308 ἑξῆς
716 5242 852 5310 μετὰ
891 5245 1093 5300 Μωσέα
1145 5253 1447 5324 προφήτας,
1465 5255 1588 5320 τούς
1620 5275 1676 5310 τε
1714 5257 1836 5311 τού-

280 5343 376 5379 των
429 5335 854 5402 προτρεπτικοὺς
894 5339 992 5408 μὲν
1024 5341 1243 5413 ἀρετῆς,
1279 5348 1715 5419 ἀποτρεπτικοὺς
1775 5353 1832 5407 δὲ

279 5418 460 5482 κακίας
499 5421 714 5488 ἀπάσης
757 5424 967 5496 λόγους.
1004 5433 1060 5484 ἐν
1091 5434 1224 5505 τῷδε
1270 5418 1718 5498 καταϐάλλεσθαι.
1768 5446 1832 5498 Τί

277 5509 315 5562 δ’
339 5508 388 5560 εί
415 5526 494 5562 σοι
511 5511 600 5563 τοῦ
620 5518 926 5585 σοφωτάτου
955 5522 1294 5595 Σολομῶντος
1307 5529 1406 5593 τὰς
1431 5531 1624 5601 ἠθικὰς
1655 5553 1830 5606 παρα-

279 5597 481 5668 φέροιμι
512 5599 880 5672 διδασκαλίας;
903 5605 980 5672 οἷς
998 5611 1026 5650 δ
1057 5614 1146 5666 καὶ
1167 5615 1378 5670 οἰκείων
1406 5617 1576 5688 λόγων
1598 5623 1828 5694 ἀνέθηκε

279 5688 614 5761 σύγγραμμα,
643 5697 960 5767 Παροιμίας
989 5704 1360 5776 ἐπονομάσας,
1381 5710 1672 5783 ἐπιτόμους
1693 5688 1829 5783 γνὼ-

370 5815 397 5844 ι
430 5805 515 5862 ισ.
542 5807 650 5865 διό..
742 5813 772 5854 ιι
797 5816 881 5870 ἴσ.
923 5812 1028 5882 αἷς.

1951 4523 2241 4593 participes
2271 4523 2522 4590 fuerant,
2577 4527 2806 4597 scriptis.
2838 4530 3156 4597 mandaret,
3202 4548 3313 4588 non
3343 4535 3542 4607 reipu--

1947 4615 2102 4670 blicae
2159 4615 2344 4682 modo,
2377 4618 2470 4674 sed
2503 4619 2667 4675 etiam
2705 4620 3054 4679 instituenda:
3099 4625 3223 4681 vitae
3250 4625 3481 4683 formam
3503 4669 3518 4694 ,

1945 4707 2205 4764 historica
2237 4713 2552 4769 narratione
2577 4716 2891 4786 complexus
2936 4717 3026 4773 sit.
3059 4717 3232 4790 Cujus
3259 4721 3526 4778 doctrinae

1945 4801 2014 4856 ab
2059 4801 2299 4858 universi
2334 4805 2639 4862 rationibus
2694 4808 2906 4862 initium
2950 4811 3137 4877 duxit,
3187 4827 3368 4866 rerum
3401 4827 3522 4867 om-

1943 4893 2093 4948 nium
2127 4905 2406 4951 auctorem
2436 4897 2606 4954 Deum
2645 4908 2927 4967 statuens,
2963 4903 3092 4958 dum
3128 4905 3317 4959 mundi
3356 4905 3520 4961 simul

1941 4996 1994 5040 et
2019 4987 2257 5044 hominis
2287 5000 2466 5044 ortum
2517 4993 2963 5066 molitionemque
2992 4997 3246 5052 delineat.
3280 4997 3418 5053 Tum
3448 5000 3518 5054 ab

1941 5079 2210 5137 universis
2271 5081 2378 5137 illis
2434 5084 2501 5139 ad
2557 5085 2861 5156 singulares
2918 5091 3166 5145 oratione
3224 5091 3514 5161 delapsus,

1938 5170 2067 5226 dum
2101 5174 2410 5230 renovanda
2439 5175 2745 5246 priscorum
2792 5179 3008 5234 illorum
3042 5183 3306 5238 memoria
3343 5181 3514 5236 lecto-

1937 5278 2026 5318 res
2049 5264 2436 5336 auditoresque
2458 5283 2590 5324 suos
2620 5270 2684 5323 ad
2713 5271 2956 5340 ipsorum
2995 5271 3250 5328 virtutem
3276 5287 3340 5328 ac
3387 5272 3511 5327 reli-

1935 5358 2148 5427 gionem
2188 5359 2504 5416 imitandam
2547 5365 2904 5433 exstimulat;
2956 5366 3066 5420 imo
3112 5366 3239 5422 dum
3285 5367 3512 5436 ipsemet

1934 5449 2111 5520 legum
2162 5453 2629 5510 sanctissimarum
2662 5469 2938 5513 auctorem
2976 5459 3136 5514 simul
3177 5460 3513 5530 latoremque

1933 5542 2248 5612 profitetur,
2291 5561 2455 5616 quam
2487 5548 2732 5605 studiose
2763 5549 2910 5604 illam
2957 5550 3192 5607 hominis
3225 5567 3349 5607 cum
3400 5551 3510 5608 Deo

1931 5625 2399 5705 Consuetudinem,
2431 5649 2678 5709 suscepta
2710 5656 2932 5696 morum.
2951 5658 3180 5698 censura
3216 5659 3507 5714 promove-

1930 5726 2022 5792 rit,
2047 5737 2231 5796 aperte
2251 5731 2506 5787 omnibus
2536 5733 2824 5806 palamque
2855 5742 3108 5799 testatur,
3141 5737 3216 5790 uti
3253 5737 3370 5807 jam
3409 5751 3506 5792 su-
