3840 6370
539 356 643 416 851

1206 356 1480 416 EUSEBll
1514 356 1995 414 CZESARIENSIS
2028 355 2177 412 OPP.
2221 357 2399 414 PARS
2436 356 2497 414 ll.
2537 390 2606 401 —
2644 358 3141 419 APOLOGETICA.
3644 367 3726 421 85?.

532 476 845 548 perioribus
873 476 1031 533 libris
1060 477 1419 534 ostendimus.
1446 477 1518 533 At
1537 478 1759 549 longum
1796 492 1929 534 sane
1951 476 2110 544 feret,

2220 496 2326 549 μας
2355 478 2770 551 ἀποφθέγμασιν
2803 482 3041 546 ἐοικυίας
3062 481 3310 535 ὑποθέσει
3336 484 3611 554 περιλαϐὼν
3634 493 3725 560 μιᾷ.

531 584 658 623 cum
689 570 826 625 alios
855 571 1109 640 deinceps
1156 571 1448 641 prophetas
1472 613 1487 638 ,
1533 573 1627 641 qui
1667 570 1873 627 Mosem
1936 572 2108 627 secuti

533 670 682 725 sunt,
714 671 827 715 tum
864 662 1106 733 singulos
1134 662 1375 732 ipsorum
1398 705 1413 728 ,
1467 664 1667 734 quibus
1716 665 1799 718 vel
1832 664 1899 719 ad
1938 669 2109 719 virtu-

534 760 642 808 tem
682 753 1063 817 adhortantur.
1098 756 1183 810 vel
1242 756 1599 811 dehortantur
1637 773 1668 811 a
1708 757 1878 823 vitiis,
1907 757 2106 812 oratio-

533 860 631 901 nes
672 847 777 903 hoc
806 848 860 903 in
886 849 1140 903 volumen
1170 849 1466 905 includere.
1502 849 1640 917 Quid
1677 866 1839 921 porro
1864 893 1879 917 ,
1925 852 1971 905 si
2014 849 2112 905 tibi

2214 570 2325 623 Kal.
2343 571 2434 624 τὸν
2461 573 2558 642 μὲν
2581 572 2769 642 ήθικὸν
2796 574 2994 645 τρόπον
3020 574 3188 645 ταύτῃ
3218 592 3289 645 πη
3316 576 3489 639 παῖδες
3514 580 3726 649 Ἐϐραίων

2217 663 2280 715 ὲκ
2314 663 2577 728 παλαιῶν,
2613 664 2741 735 πρὶν
2787 665 2819 736 ἢ
2872 667 2966 718 καὶ
3002 666 3069 719 τὰ
3104 666 3291 738 πρῶτα
3325 672 3545 739 στοιχεῖα
3582 672 3729 741 μαθεῖν

2222 755 2505 827 Ἕλληνας,
2539 758 2691 811 αὐτοί
2732 776 2791 810 τε
2835 759 3197 823 ἐπαιδεύοντο,
3225 761 3316 812 καὶ
3358 764 3462 824 τοῖς
3500 764 3727 833 προσιοῦσι

2216 848 2319 919 τῆς
2352 850 2519 921 αὐτῆς
2548 851 2793 920 ἀφθόνως
2822 850 3136 905 ἐκοινώνουν
3165 853 3423 916 παιδείας.

532 945 771 1000 moralia
794 945 1180 1015 sapientissimi
1228 946 1535 1003 Salomonis
1565 958 1831 1018 praecepta
1862 961 2307 1008 commemorem.
2348 947 2547 1016 quibus
2573 948 2841 1017 peculiare
2857 946 3128 1017 quoddam
3158 947 3493 1001 familiarium
3514 950 3726 1004 dictorum

531 1057 671 1110 opus
699 1041 975 1097 addictum
999 1044 1188 1109 voluit,
1218 1060 1339 1114 quae
1366 1044 1657 1100 Proverbia
1697 1046 2049 1115 nuncupavit,
2091 1043 2338 1098 concisas
2363 1044 2665 1113 brevesque
2693 1044 2992 1099 sententias
3017 1043 3520 1114 apophthegmatum
3548 1045 3728 1110 similes,

533 1153 645 1193 uno
666 1138 901 1207 quodam
930 1141 1233 1211 argumenti
1272 1157 1467 1209 genere
1497 1142 1862 1211 complexus?
1901 1142 2079 1212 Atque
2113 1140 2185 1193 ita
2222 1138 2432 1194 Hebrzei
2486 1140 2599 1210 jam
2644 1141 2796 1207 olim,
2849 1139 3009 1210 513
3042 1140 3359 1209 priusquam
3402 1138 3561 1193 Graeci
3597 1142 3727 1209 prima

529 1232 794 1288 elementa
825 1234 1164 1301 didicissent,
1196 1252 1318 1291 cum
1348 1237 1567 1306 optimis
1598 1238 1697 1307 ipsi
1729 1238 1971 1293 morihus
1998 1236 2226 1291 instituti
2262 1244 2408 1301 sunt,
2444 1236 2632 1290 tumin
2664 1236 2905 1305 ejusdem
2937 1235 3098 1290 etiam
3121 1234 3417 1304 disciplinae
3446 1237 3727 1291 communio.

532 1339 680 1388 nem,
712 1335 975 1397 quotquot
1012 1344 1131 1384 sese
1160 1330 1533 1395 convenirent,
1576 1330 1783 1399 prolixe
1823 1329 2113 1384 admodum
2142 1343 2206 1383 ac
2226 1328 2523 1385 liberaliter
2547 1336 2893 1397 acceperunt.

1162 1424 1393 1480 CAPUT
1430 1424 1495 1479 ν.

603 1510 682 1565 De
702 1512 1046 1567 Hebra’orum
1073 1514 1403 1585 philosophia
1438 1517 1492 1570 in
1521 1516 1823 1571 disserendo
1856 1518 2048 1586 posita.

2755 1424 3149 1477 ΚΕΦΑΛΑΙΟΝ
3189 1423 3263 1477 Ε’.

2288 1517 2427 1585 Περὶ
2454 1515 2565 1586 τῆς
2580 1516 2714 1585 παρ’
2739 1516 3027 1584 Ἑϐραίοις
3042 1514 3292 1585 λογικῆς
3306 1517 3677 1584 πραγματείας.

612 1599 733 1655 Jam
757 1617 888 1658 vero
928 1614 1133 1674 partem
1174 1606 1321 1661 illam
1354 1608 1730 1679 philosOphiaa,
1759 1626 1880 1681 qua:
1916 1612 1968 1665 in
2004 1611 2113 1667 dis-

2286 1608 2398 1662 Kal.
2428 1609 2517 1662 τὸν
2545 1608 2759 1677 λογικὸν
2791 1608 2847 1661 δὲ
2887 1609 3085 1679 τρόπον
3128 1609 3227 1678 τῆς
3273 1609 3532 1679 Ἑϐραίων
3567 1609 3730 1677 φιλοσο-

544 1694 757 1750 serendi
804 1696 1014 1751 ratione
1054 1710 1324 1764 versatur,
1368 1716 1474 1755 non
1515 1703 1775 1756 contortis
1808 1704 2113 1773 sephisma-

539 1785 631 1849 tis,
667 1795 721 1839 et
755 1786 1041 1843 fallacibus
1076 1791 1563 1856 conclusiunculis,
1600 1802 1659 1847 ut
1698 1792 1869 1849 Grzeci
1904 1796 2110 1859 solent,

538 1878 895 1935 excolendam
964 1880 1064 1948 ipsi
1116 1883 1562 1952 tractandantque
1615 1894 1975 1953 putaverunt,
2018 1886 2112 1940 sed

539 1970 902 2039 percipiendae
944 1970 1125 2026 studio
1157 1972 1433 2027 veritatis:
1470 1973 1537 2027 ad
1573 1990 1738 2043 quam
1771 1974 1808 2028 ii
1840 1990 1993 2039 sane,
2017 1974 2113 2045 qui

541 2060 783 2115 divinam
820 2062 961 2130 apud
990 2061 1113 2117 illos
1141 2062 1463 2132 sapientiam
1500 2064 1913 2133 proﬁtebantur,
1950 2064 2111 2120 intel-

540 2151 764 2221 ligentia
800 2151 1058 2205 diviniori
1104 2151 1224 2207 luce
1254 2152 1592 2220 collustrata,
1637 2153 1865 2209 feliciter
1903 2154 2117 2224 aspira-

539 2250 689 2295 runt.
742 2242 935 2309 Iidem,
973 2244 1051 2297 uti
1078 2258 1269 2298 eorum
1302 2244 1465 2299 etiam
1514 2244 1752 2311 animos,
1780 2261 1920 2316 quos
1946 2245 2112 2301 disci-

539 2335 704 2407 plinis
725 2334 841 2390 suis
872 2336 1194 2393 imbuendos
1222 2337 1611 2407 suscipiebant,
1640 2339 1708 2393 ad
1744 2339 1891 2393 illam
1923 2354 2111 2409 capes-

542 2426 766 2482 scudam
812 2437 1090 2495 acuerent,
1128 2444 1314 2484 sacras
1351 2429 1419 2483 iis
1450 2430 1770 2496 sententias,
1814 2430 2113 2500 plenasque

542 2518 825 2591 gravitatis
868 2528 924 2573 et
968 2518 1271 2575 honestatis
1321 2520 1598 2588 historias,
1653 2536 1777 2575 cum
1816 2521 2111 2576 modulatis

540 2614 874 2685 alternisque
946 2616 1318 2681 carminibus,
1385 2626 1532 2671 certa
1583 2630 1934 2669 numerorum
1994 2616 2111 2685 lege

541 2708 975 2778 comprehensis,
1002 2708 1337 2778 problemata
1369 2707 1590 2778 insuper
1611 2717 1773 2778 atque
1799 2709 2107 2779 aenigmata,

544 2800 945 2870 nonnullasque
975 2800 1240 2866 eruditas,
1269 2810 1322 2855 et
1350 2800 1626 2870 allegoriis
1658 2784 1931 2855 involutas
1965 2816 2111 2870 quaa-

542 2894 775 2958 etiones,
816 2908 940 2948 cum
972 2893 1264 2947 verborum
1297 2892 1589 2962 elegantia,
1616 2903 1670 2947 et
1697 2892 1848 2948 suavi
1881 2908 1981 2962 pro
2009 2892 2111 2945 liu-

2218 1698 2345 1768 φίας
2372 1699 2432 1751 οὺ
2460 1698 2711 1771 καθάπερ
2743 1698 2967 1770 Ἕλλησι
3018 1698 3190 1769 φίλον,
3218 1698 3476 1769 δεινότητι
3521 1702 3729 1769 σοφισμά·

2212 1806 2320 1847 των
2352 1790 2447 1842 καὶ
2473 1789 2753 1859 λογισμοῖς
2782 1790 2918 1861 πρός
2950 1791 3164 1860 ἀπάτην
3197 1790 3634 1861 τετεχνασμένοις,
3652 1791 3728 1843 δεῖν

2213 1880 2379 1951 ᾤοντο
2436 1882 2698 1952 μετιέναι,
2751 1882 3050 1952 καταλήψει
3104 1882 3160 1935 δὲ
3212 1884 3382 1952 αὐτῆς
3412 1882 3654 1953 ἀληθείας,
3683 1885 3730 1951 ῆν

2214 1973 2319 2026 ὑπὸ
2347 1972 2488 2026 θείου
2516 1973 2691 2042 φωτὸς
2720 1972 2818 2036 τὰς
2843 1973 3020 2045 ψυχὰς
3063 1974 3527 2044 καταυγασθέντες
3555 1976 3597 2029 el
3635 1977 3729 2047 παρ’

2213 2065 2395 2129 αὺτοῖς
2429 2065 2695 2134 θεόσοφοι,
2732 2060 2890 2138 εὗρον
2935 2084 2993 2120 τε
3026 2067 3120 2121 καὶ
3152 2067 3541 2138 ὲφωτίσθησαν.
3575 2068 3731 2137 Ἐφ’ἧν

2212 2159 2516 2223 ἀκονῶντες
2554 2161 2681 2222 τοὺς
2713 2159 2782 2211 τὰ
2808 2162 2979 2213 οίκεῖα
3016 2161 3317 2231 μαθήματα
3354 2160 3727 2231 παιδευομένους,

2211 2250 2384 2319 λόγων
2427 2269 2486 2304 τε
2540 2253 2720 2315 αὐτοῖς
2752 2251 2909 2322 ἱερῶν
2949 2252 3311 2320 ἀπαγγελίας,
3340 2254 3573 2325 ἱστοριῶν
3594 2272 3641 2306 τε
3668 2272 3729 2306 σε·

2216 2344 2362 2415 μνῶν
2394 2345 2727 2417 διηγήματα,
2762 2344 2912 2415 ᾠδῶν
2962 2361 3020 2396 τε
3072 2344 3165 2396 καὶ
3219 2344 3446 2417 ἐπῳδῶν
3485 2347 3729 2417 ἐμμέτρους

2214 2438 2510 2503 συνθέσεις,
2560 2439 2653 2492 καὶ
2699 2438 2780 2490 ἔτι
2824 2438 3183 2509 προὸλήματα
3218 2441 3316 2491 καὶ
3357 2440 3729 2510 αἰνίγματα,κιί

2210 2546 2360 2594 τινας
2406 2529 2574 2599 σοφὰς
2611 2531 2704 2583 καὶ
2738 2528 3100 2601 ἀλληγορικάς
3133 2529 3367 2602 Θεωρίας
3402 2530 3527 2601 μετὰ
3555 2530 3729 2591 κάλλους

2211 2622 2485 2685 εὐεπείας,
2519 2619 2614 2674 καὶ
2640 2621 2738 2691 τῆς
2768 2620 2907 2674 κατά
2928 2621 3028 2692 τὴν
3065 2621 3276 2676 οἰκείαν
3306 2622 3539 2690 γλῶτταν
3576 2622 3729 2691 stippa

2211 2712 2336 2776 δοῦς
2383 2712 2745 2781 ἀπαγγελίας,
2782 2711 2840 2777 ὲξ
2883 2711 2963 2765 ἔτι
3002 2712 3202 2782 νηπίας
3230 2714 3414 2778 αὐτοῖς
3440 2713 3729 2784 παρεδίδοσαν

2211 2806 2445 2877 ἡλικίας.
2498 2807 2607 2861 Ναὶ
2638 2806 2743 2877 μὴν
2775 2806 2867 2859 καὶ
2896 2807 3003 2860 τῶν
3032 2805 3263 2876 πρώτων
3301 2808 3613 2881 μαθημάτων
3647 2804 3731 2857 δευ-

2212 2898 2444 2969 τερωταί
2488 2914 2631 2959 τινες
2658 2892 2799 2967 ἦσαν
2832 2895 3013 2959 αὐτοῖς
3034 2910 3047 2923 °
3079 2893 3222 2948 οὕτω
3259 2896 3315 2947 δὲ
3341 2894 3488 2964 φίλον
3512 2894 3619 2955 τοὺς
3638 2893 3728 2960 tia-

542 3003 662 3059 θυαε
701 2988 914 3042 ratione
943 2987 1200 3043 dictionis
1238 2987 1423 3057 lepore
1452 2987 1801 3057 conjunctas,
1842 3002 1872 3040 a
1908 2986 2111 3041 teneris

2218 2990 2385 3061 γητὰς
2430 2989 2537 3042 τῶν
2594 2989 2721 3058 παρ’
2768 2990 2949 3051 αυτοῖς
2998 2986 3231 3058 Γραφῶν
3272 2984 3575 3055 ὀνομάζειν·
3606 2984 3645 3036 οἳ
3681 2984 3729 3033 τὰ

544 3079 856 3151 unguiculis
892 3079 1232 3149 ingerebant.
1263 3077 1376 3133 Imo
1409 3078 1795 3149 primariarum
1826 3078 1989 3132 etiam
2024 3078 2110 3131 di-

538 3170 894 3240 sciplinarum
923 3170 1237 3226 deuterotas
1260 3169 1528 3237 quosdam
1557 3168 1797 3223 habuere
1835 3168 1938 3237 (sic
1965 3167 2110 3222 enim

539 3261 845 3318 litterarum
888 3278 1112 3317 suarum
1146 3262 1471 3329 interpretes
1500 3274 1698 3313 vocare
1730 3258 1875 3313 soliti
1908 3257 2109 3328 erant),

541 3354 637 3425 qui
671 3370 761 3411 res
792 3352 1100 3425 aeuigmatis
1138 3352 1511 3417 adumbratas,
1558 3365 1668 3404 non
1700 3349 1864 3420 vulgo
1892 3350 2111 3419 quidem

542 3458 607 3498 ac
634 3443 947 3514 promiscue
980 3440 1258 3503 omnibus,
1303 3440 1397 3495 sed
1438 3439 1506 3493 iis
1536 3447 1737 3501 tamen,
1781 3438 1873 3507 qui
1918 3436 1986 3492 ad
2017 3452 2113 3493 eo-

540 3551 664 3591 rum
716 3533 1127 3605 intelligentiam
1178 3531 1360 3587 idonei
1409 3538 1784 3595 censerentur,
1834 3529 2113 3584 illustriori

546 3626 914 3697 explicatione
944 3626 1239 3695 aperirent.
1288 3621 1346 3679 ld
1380 3623 1542 3694 plane
1576 3632 1798 3678 secutus
1827 3621 2115 3693 sapientis-

543 3721 718 3777 simus
764 3718 906 3788 apud
944 3732 1039 3772 eos
1078 3714 1358 3778 Salomon,
1403 3713 1529 3770 inde
1566 3728 1784 3785 quoque
1834 3713 1919 3767 sui
1978 3710 2115 3766 Pro-

544 3813 841 3867 verbiorum
873 3810 1053 3880 operis
1096 3810 1311 3864 initium
1348 3807 1495 3875 fecit,
1538 3809 1641 3863 hac
1686 3807 1798 3862 fere
1836 3806 1903 3861 de
1949 3822 2115 3863 causa

547 3904 617 3959 ad
651 3904 756 3959 hoc
785 3902 1055 3959 scribendi
1084 3918 1256 3973 genus
1288 3901 1582 3956 adductum
1624 3915 1683 3955 se
1717 3915 1837 3955 esse
1865 3908 2114 3964 testatus,

545 4012 669 4055 cum
719 3995 941 4051 disertis
993 3994 1384 4064 conceptisquc
1438 3992 1621 4046 verbis
1665 4003 1917 4061 oportere
1949 3990 2115 4055 ait”,

550 4108 569 4140 ι
607 4087 904 4159 quemlibet
954 4086 1231 4141 hominem
1287 4086 1428 4140 scire
1468 4082 1818 4153 sapientiam,
1858 4092 1914 4138 et
1952 4081 2113 4137 disci-

545 4180 777 4249 pliuam,
814 4186 868 4233 et
902 4177 1203 4247 intelligere
1242 4176 1403 4231 verba
1453 4174 1789 4246 prudentiae:
1839 4173 2118 4243 suscipere

544 4272 922 4329 cavillationes
949 4286 1289 4337 sermonum,
1322 4280 1374 4325 et
1405 4269 1703 4340 intelligere
1729 4269 1998 4339 justitiam
2026 4283 2116 4324 ve-

544 4378 685 4427 ram,
720 4372 773 4419 et
801 4363 1068 4433 judicium
1098 4362 1351 4433 dirigere.
1384 4360 1456 4416 Ut
1479 4362 1591 4424 det.
1625 4361 1822 4431 inquit,
1859 4360 2118 4415 innocen-

544 4455 694 4511 tibus
729 4456 1009 4520 astutiam,
1066 4464 1121 4510 et
1163 4454 1492 4509 adolescenti
1535 4469 1781 4521 sensum,
1828 4464 1883 4510 et
1920 4454 2117 4509 intelli-

544 4551 800 4621 gentiam.
830 4548 959 4605 Haec
983 4549 1128 4603 enim
1158 4549 1384 4603 audiens
1409 4548 1646 4617 sapiens,
1675 4548 1971 4618 sapientior
1992 4548 2116 4612 erit,

545 4654 602 4700 et
644 4645 951 4716 intelligens
989 4642 1355 4714 gubernacula
1393 4640 1711 4711 possidebit.
1764 4639 1828 4694 Et
1872 4639 2119 4695 animad—

547 4746 724 4792 vertet
749 4737 1086 4807 parabolam,
1116 4744 1169 4790 et
1198 4733 1548 4788 tenebrosum
1589 4746 1917 4796 sermonem,
1954 4731 2119 4785 verba

549 4830 883 4901 sapientum,
914 4837 967 4883 ct
999 4828 1308 4899 aenigmata.
1345 4844 1364 4876 ι
1398 4823 1531 4890 Quae
1553 4822 1773 4894 quidem
1808 4823 1989 4892 operis
2021 4822 2116 4875 hu-

543 4922 637 4991 jus
664 4920 933 4992 promissa
965 4918 1232 4989 ejusmodi
1278 4932 1402 4972 cum
1449 4921 1591 4971 sint:
1629 4925 1743 4970 tum
1777 4929 1906 4968 vero
1932 4914 2119 4986 singu-

548 5013 633 5069 l’as
678 5028 892 5080 eorum,
926 5026 1048 5082 quae
1076 5009 1221 5064 dicta
1269 5010 1398 5073 sint,
1440 5007 1862 5079 propositiones,
1901 5021 2122 5062 earum-

552 5122 662 5177 que
718 5105 883 5179 514
944 5105 1277 5168 solutiones,
1336 5102 1484 5157 illam
1533 5100 1771 5170 denique
1818 5100 2119 5155 disserendi

552 5212 750 5267 artem,
788 5215 914 5255 cum
948 5199 1234 5253 hominum
1262 5196 1481 5250 illorum
1527 5193 1795 5263 sapientia
1823 5193 2123 5264 linguaque

551 5300 969 5362 congruentem,
1009 5306 1129 5360 quae
1167 5288 1373 5359 passim
1408 5288 1462 5341 in
1497 5286 1829 5357 propheticis
1868 5284 2123 5338 omnibus

552 5384 799 5458 ipsorum
832 5384 1029 5440 litteris
1058 5383 1291 5445 exsistit,
1321 5382 1612 5437 observare
1632 5379 1857 5450 quilibet
1887 5377 2121 5449 poterit,

554 5478 649 5550 qui
682 5478 846 5533 modo
875 5478 1046 5534 libros
1075 5474 1338 5532 orationis
1370 5490 1482 5529 suae
1514 5474 1847 5527 monimenta
1882 5471 2122 5541 comple-

556 5584 657 5624 xos
685 5569 859 5623 Otiose
885 5569 1129 5623 volutare
1157 5584 1220 5623 ac
1248 5566 1524 5636 perlegere
1548 5563 1798 5619 voluerit.
1828 5561 2118 5624 Praeterea.

557 5660 602 5716 si
638 5658 727 5714 cui
758 5657 894 5713 forte
921 5659 1149 5715 honesta
1182 5658 1447 5730 cupiditas
1472 5656 1644 5729 ipsius
1678 5668 1897 5725 quoque
1922 5653 2121 5724 lingure

630 5775 675 5807 "
708 5772 863 5828 Prov.
909 5791 949 5837 I,
987 5775 1034 5828 l.

2210 3080 2276 3132 δι’
2306 3078 2643 3149 αἰνιγμάτων
2687 3078 3117 3149 ἐπεσκιασμένα,
3157 3078 3204 3129 εί
3241 3077 3338 3130 καὶ
3374 3076 3445 3147 μὴ
3477 3078 3576 3137 τοῖς
3612 3074 3725 3129 πᾶσι.

2210 3174 2322 3234 τοῖς
2357 3170 2486 3239 γοῦν
2532 3169 2669 3240 πρὸς
2714 3168 2813 3240 τὴν
2861 3168 3063 3222 τούτων
3121 3167 3294 3238 ἀκοὴν
3337 3166 3648 3237 ἐπιτηδείοις,
3683 3161 3728 3215 δι’

2212 3263 2500 3335 ἑρμηνείας
2526 3262 2618 3315 καὶ
2652 3260 2952 3332 σαφηνείας
2980 3259 3283 3330 ἐξέφαινον.
3314 3259 3494 3333 Ταύτῃ
3515 3276 3585 3310 τοι
3613 3256 3728 3309 πάλι]

2211 3355 2240 3406 ὁ
2264 3352 2569 3421 σοφώτατος
2597 3351 2747 3423 παρὰ
2774 3350 2944 3403 τοῖσδε
2969 3349 3238 3421 Σολομὼν,
3266 3350 3472 3403 ἐνθένδε
3507 3347 3644 3404 ποθὲν
3660 3344 3729 3415 τὴν

2213 3445 2490 3519 καταρχὴν
2514 3444 2609 3498 τοῦ
2636 3444 2741 3497 τῶν
2770 3442 3101 3513 Παροιμιῶν
3123 3445 3417 3515 ζεποιήονατο
3437 3441 3729 3512 συγγράμμα-

2214 3557 2323 3604 τος,
2350 3538 2629 3609 μονονουχὶ
2656 3536 2755 3607 τὴν
2806 3535 2984 3593 αίτίαν
3027 3535 3176 3606 αὐτῷ
3211 3536 3316 3606 τῆς
3351 3535 3551 3607 γραφῆς
3576 3531 3727 3600 ταύτην

2215 3627 2352 3685 εῖναι
2396 3629 2632 3695 διδάξας,
2669 3628 2732 3681 δι’
2766 3620 2842 3682 ὧν
2888 3628 3070 3691 αὐτοῖς
3096 3629 3328 3698 ῥήμασι,
3369 3648 3387 3679 ι
3421 3627 3522 3680 δεῖν
3558 3645 3573 3677 ι
3605 3625 3727 3692 {om

2222 3742 2241 3775 ι
2274 3724 2449 3777 πάντα
2482 3722 2647 3794 ἀνδρα
2676 3720 2877 3789 γνῶναι
2907 3721 3097 3790 σοφίαν
3131 3721 3224 3773 καὶ
3253 3720 3518 3781 παιδείαν,
3544 3720 3622 3773 καὶ
3643 3716 3727 3785 νοῆ-

2218 3835 2306 3871 σαι
2340 3815 2529 3884 λόγους
2574 3815 2907 3886 φρονήσεως,
2936 3810 3189 3876 δέξασθαί
3229 3830 3293 3865 τε
3327 3812 3552 3884 στροφὰς
3582 3810 3725 3876 λόγων,

2215 3909 2401 3981 νοῆσαί
2430 3925 2487 3962 τε
2520 3906 2863 3977 δικαιοσύνην
2893 3905 3088 3978 ἀληθῆ,
3114 3906 3208 3958 καὶ
3241 3908 3419 3977 κρῖμα
3433 3899 3731 3957 κατευθύνειν.

2218 4003 2306 4055 ἵνα
2353 4000 2451 4071 δῷ,
2506 4000 2689 4070 φησὶν,
2726 3999 2953 4061 ἀκάκοις
3004 3997 3366 4068 πανουργίαν,
3407 3993 3548 4049 παιδί
3585 4008 3633 4043 τε
3656 3987 3727 4055 νέῳ

2218 4093 2467 4163 αἴσθησιν
2515 4093 2608 4145 καὶ
2656 4090 2879 4144 ἔννοιαν.
2938 4089 3117 4142 Τῶνδε
3172 4087 3280 4159 γὰρ
3331 4086 3557 4147 ἀκούσας
3592 4078 3726 4145 σοςδς,

2220 4184 2522 4255 σοφώτερος
2544 4183 2729 4237 ἔσται’
2763 4184 2792 4236 ὁ
2819 4182 2874 4234 δὲ
2900 4182 2992 4252 νοή
3004 4199 3119 4252 μων
3156 4180 3481 4252 κυϐέρνησιν
3509 4176 3726 4244 κτήσεται.

2220 4278 2401 4347 νοήσει
2424 4293 2481 4329 τε
2513 4272 2847 4348 παραϐολὴν,
2879 4273 2972 4325 καὶ
3002 4270 3275 4324 σκοτεινὸν
3306 4270 3478 4339 λόγον,
3512 4268 3664 4337 ῥήσεις
3686 4274 3727 4309 τε

2224 4370 2423 4442 σοφῶν,
2461 4371 2557 4425 καὶ
2602 4370 2916 4441 αἰνίγματα.
2949 4388 2966 4419 ι
3008 4367 3117 4421 Καὶ
3148 4368 3216 4420 τὰ
3249 4368 3350 4438 μὲν
3378 4367 3475 4434 τῆς
3497 4362 3577 4416 τοῦ
3604 4359 3730 4429 δηλω-

2221 4461 2403 4525 θέντος
2433 4460 2863 4532 συγγράμματος
2923 4458 3254 4526 ἐπαγγελίας
3283 4455 3505 4510 τοιαῦτα
3532 4468 3631 4506 τινα
3654 4446 3725 4518 ἦν·

2218 4552 2317 4616 τὰς
2342 4552 2387 4605 δ’
2416 4552 2472 4604 ἐν
2501 4551 2653 4623 μέρει
2680 4550 2788 4602 τῶν
2815 4548 3110 4619 λεχθέντων
3137 4549 3447 4620 προτάσεις,
3469 4544 3553 4598 καὶ
3577 4540 3728 4593 τούτων

2219 4644 2319 4709 τὰς
2350 4642 2644 4707 ὲπιλύσεις,
2677 4642 2776 4713 τήν
2802 4658 2861 4693 τε
2894 4641 3115 4711 λογικὴν
3143 4639 3538 4713 πραγματείαν,
3568 4628 3728 4689 οἰκείως

2223 4739 2289 4807 τῇ
2340 4734 2448 4788 τῶν
2489 4733 2697 4808 ἀνδρῶν
2734 4732 2895 4805 σοφίᾳ.
2938 4750 2997 4785 τε
3030 4732 3125 4786 καὶ
3166 4735 3318 4802 φωνῇ
3348 4730 3435 4783 διὰ
3476 4725 3636 4780 πασῶν
3653 4720 3728 4774 τῶν

2225 4829 2357 4899 παρ’
2400 4828 2580 4890 αὐτοῖς
2623 4825 2977 4898 προφητικῶν
3027 4824 3258 4897 Γραφῶν
3316 4821 3617 4894 φερομένην,
3653 4815 3727 4879 ὅτῳ

2228 4919 2397 4991 φίλον,
2424 4921 2521 4990 τῆς
2547 4917 2750 4972 τούτων
2784 4916 3071 4983 ἐντεύξεως
3090 4916 3188 4979 τὰς
3221 4915 3433 4986 βίϐλους
3468 4913 3551 4966 ἐπὶ
3584 4904 3726 4978 σχολῆς

2233 5010 2370 5082 μετὰ
2400 5013 2585 5082 χεῖρας
2620 5010 2800 5063 λαθὼν
2832 5010 3056 5063 εἴσεται.
3090 5009 3153 5061 Εἰ
3184 5008 3242 5060 δέ
3268 5024 3353 5071 τις
3381 5008 3470 5060 καὶ
3495 5004 3580 5071 τῆς

2228 5080 2327 5175 της
2383 5080 2553 5174 eth—ﬁt;
2595 5103 2894 5173 φιλοκάλως
2935 5102 3143 5171 γένοιτο
3182 5102 3239 5154 ὲν
3272 5101 3451 5171 πείρα,
3483 5097 3567 5148 ἴδοι
3590 5092 3642 5145 ἂν
3667 5080 3727 5139 οἶα

2233 5195 2381 5267 παρὰ
2432 5195 2742 5267 βαρϐάροις,
2781 5194 2977 5266 ἄνδρας
3030 5187 3591 5261 λογικωτάτους,οίιδὲν
3616 5197 3725 5248 σοφι-

2233 5288 2375 5341 στῶν
2424 5288 2542 5340 οὐδὲ
2592 5287 2833 5358 ρητόρων
2874 5286 3200 5347 ἀποδέοντας
3250 5286 3315 5354 τῇ
3360 5279 3524 5349 οἰκεία
3548 5274 3725 5344 γλώττῃ

2232 5375 2354 5431 Εἶεν
2396 5378 2439 5431 δ’
2487 5377 2552 5430 ἂν
2595 5378 2777 5440 αὐτοῖς
2829 5376 2921 5429 καλ.
2958 5375 3219 5447 ἕμμετροι
3248 5375 3501 5444 ποιήσεις,
3528 5367 3727 5432 ὼςήμε·

2228 5470 2366 5540 γὰλη
2428 5469 2667 5532 Μωσέως
2853 5468 2948 5521 καὶ
2999 5467 3093 5521 τοῦ
3141 5466 3303 5520 Δαὸὶδ
3352 5467 3379 5517 ό
3425 5460 3519 5531 ριη¹
3547 5451 3723 5526 ψαλμδςο

2228 5561 2305 5632 τῷ
2349 5561 2667 5631 καλουμένῳ
2705 5562 2833 5633 παρ’
2863 5560 3116 5630 Ἕλλησιν
3136 5558 3295 5632 ἡρώῳ
3330 5558 3501 5629 μέτρῳ
3532 5560 3725 5605 συντεταο

2235 5655 2435 5726 γμὲνοι.
2466 5656 2598 5707 Φασὶ
2632 5654 2761 5723 γοῦν
2806 5653 3075 5725 ἑξάμετρα
3119 5649 3253 5707 εἶναι
3291 5650 3473 5715 ταῦτα,
3496 5646 3553 5700 δι’
3586 5634 3723 5696 ιιιπῦ
