3840 6370
167 284 242 337 επ
1242 274 1561 330 ΡΒᾸΞΡΑΒ.
1611 273 1645 326 Ε

1754 271 1861 327 NG.
1907 271 2032 326 LIB.
2077 272 2164 328 XI.

3217 277 3322 332 854

157 403 256 455 ὅεκα
288 395 528 450 συλλαϐῶν
570 395 926 466 πεποιημένα.
985 399 1096 451 Καὶ
1158 396 1223 450 τά
1277 395 1437 449 λοιπὰ
1487 396 1542 448 δὲ
1586 394 1645 447 τὰ

1757 394 2120 464 cegnitionem
2151 395 2436 464 pepererit,
2471 404 2730 467 agnoscet
2762 393 2852 450 ille
2884 393 3126 464 profecto
3150 394 3316 457 viros.

157 492 253 564 παρ’
289 490 442 553 αὐτοῖς
483 489 701 559 στιχήρη
751 488 817 540 δι’
867 488 1015 541 ἐπῶν
1078 489 1292 556 λέγεται
1339 487 1646 560 τριμέτρων

151 601 196 636 τε
221 583 294 635 καὶ
313 581 680 652 τετραμέτρων,
711 579 854 634 κατὰ
878 581 976 652 τὴν
1007 582 1209 634 οἰκείαν
1235 580 1409 634 αὐτῶν
1432 585 1646 648 συγκεῖ-

154 674 243 727 σθαι
284 673 455 743 φωνήν.
487 673 590 725 Καὶ
634 673 700 724 τὰ
747 673 844 742 μὲν
876 674 972 742 τῆς
1004 673 1198 738 λέξεως
1227 674 1408 736 αὐτοῖς
1433 665 1534 725 ὧδέ
1566 691 1642 741 πη

151 765 320 834 λογικῆς
362 763 603 826 συνέσεως
649 763 795 834 ἔχει’
846 763 995 818 τὰδὲ
1029 765 1092 835 δὴ
1132 766 1229 836 τῆς
1255 765 1491 827 διανοίας
1534 765 1642 818 οὐδ’

152 859 234 910 ἐστι
267 856 566 926 παρακαλεῖν
595 867 618 894 ει
647 856 974 926 ἀνθρώποις.
1019 857 1151 910 Θεοῦ
1199 861 1307 928 γὰρ
1344 859 1436 912 καὶ
1477 857 1646 927 αὐτῆς

151 948 346 1018 ἀληθείας
387 947 552 1015 λόγια,
614 947 679 1000 δι’
718 948 896 1000 αὐτῶν
948 950 1403 1020 ἐκπεφωνημένα,
1455 948 1644 1002 θεσπί-

151 1058 298 1110 σματα,
323 1041 403 1092 καὶ
426 1041 769 1111 προρρήσεις,
800 1041 1098 1111 μαθήματά
1121 1058 1179 1093 τε
1206 1041 1425 1112 εὐσεϐῆ,
1453 1044 1546 1095 καὶ
1576 1041 1646 1094 τά

145 1133 223 1186 τῶν
260 1133 403 1185 ὄντων
450 1132 791 1200 ἐπιγνώσεως
819 1133 1064 1204 δόγματα
1114 1133 1514 1206 περιειλήφασι.
1548 1132 1648 1186 Τε-

143 1226 302 1294 κμήρια
337 1224 375 1276 δ’
408 1223 469 1277 ἂν
514 1224 697 1287 λάϐοις
725 1225 826 1293 τῆς
855 1225 1006 1296 παρὰ
1033 1228 1145 1288 τοῖς
1169 1225 1393 1296 ἀνδράσι
1424 1224 1644 1296 λογικῆς

142 1316 381 1387 ἀκριϐείας,
411 1316 513 1368 ἀπὸ
540 1316 638 1386 τῆς
672 1314 960 1387 ὀρθότητος
985 1316 1082 1386 τῆς
1111 1316 1218 1368 τῶν
1244 1316 1522 1387 ὀνομάτων
1557 1317 1648 1370 θέ-

142 1424 257 1472 σεως,
280 1402 337 1476 ἧς
361 1407 478 1477 πέρι
507 1408 599 1460 καὶ
630 1410 658 1460 ὁ
694 1407 918 1460 Πλάτων
947 1410 1012 1478 τῇ
1050 1407 1316 1478 Ἐϐραίων
1353 1408 1646 1480 μαρτυρῶν

251 1496 384 1566 δῆλος
412 1498 474 1550 ἂν
499 1498 605 1569 εἴη,
633 1498 726 1550 καὶ
761 1499 878 1550 κατ’
909 1497 1039 1550 αὐτό
1069 1514 1129 1565 γε
1167 1497 1322 1551 τοῦτο
1359 1499 1644 1568 σύμφωνος

1754 494 1813 540 ut
1856 486 1910 539 in
1961 486 2191 540 barbara
2234 497 2410 556 gente,
2464 487 2767 542 disserendi
2812 487 3194 557 peritissimos,
3225 488 3320 556 qui

1753 577 1887 630 nihil
1925 587 2017 632 aut
2053 578 2334 647 sophistis,
2373 589 2466 633 aut
2496 579 2826 642 oratoribus,
2862 593 2958 648 pro
2988 578 3186 648 linguae
3208 594 3321 632 sua:

1753 670 1801 722 vi
1840 684 1903 724 ac
1943 671 2152 724 ratione
2184 670 2506 725 concedant.
2542 670 2753 725 Habent
2794 671 2870 725 illi
2903 687 3122 741 quoque
3155 687 3320 741 opera

1753 777 1851 817 sua
1883 777 2136 816 versuum
2157 763 2401 818 numeris
2434 764 2847 833 comprehensa,
2895 765 3203 834 cujusmodi
3239 773 3324 819 est

1755 869 2009 924 magnum
2039 853 2170 907 illud
2220 853 2387 908 Musis
2420 869 2663 920 carmen,
2705 855 3060 924 psalmusque
3105 853 3324 908 Davidis

1755 946 2087 1000 centesimus
2132 946 2380 1001 decimus
2435 957 2683 1009 octavus,
2736 947 2878 1009 quod
2918 955 3209 1015 utrumque
3257 962 3324 1002 eo

1755 1053 2032 1101 versuum,
2091 1037 2237 1105 quod
2293 1037 2572 1092 heroicum
2625 1037 2798 1092 Graeci
2845 1048 3074 1101 vocant,
3130 1054 3338 1107 genere.

1754 1129 2082 1184 continetur.
2120 1127 2329 1198 Quippe
2360 1129 2690 1183 hexametris
2727 1129 3059 1199 syllabarum
3087 1128 3322 1183 sedecim

1754 1220 1918 1274 ambo
1978 1229 2234 1273 constare
2291 1219 2498 1273 dicunt.
2557 1218 2785 1288 Reliqua
2839 1234 2966 1273 vero
3018 1217 3323 1272 carminum

1753 1312 1895 1381 apud
1927 1326 2026 1366 eos
2057 1326 2276 1380 genera,
2311 1325 2378 1364 ex
2424 1311 2684 1366 trimetris
2725 1326 2787 1365 ac
2828 1311 3158 1365 tetrametris
3201 1324 3324 1363 ver-

1752 1404 1927 1467 sibus,
1956 1418 2056 1473 pro
2091 1403 2289 1472 linguae
2331 1417 2440 1458 suae
2477 1404 2828 1473 proprietate,
2872 1403 3103 1458 conflata
3141 1402 3323 1471 perhi—

1752 1497 1968 1551 bentur.
2009 1494 2069 1548 Et
2102 1495 2394 1550 dictionem
2427 1495 2504 1550 illi
2541 1495 2760 1566 quidem
2790 1495 3010 1562 habent,
3045 1510 3166 1548 eam
3209 1494 3322 1547 dis-

135 1587 190 1640 ὼν
289 1590 411 1642 κατὰ
438 1591 561 1652 τοὺς
609 1589 807 1660 ἄνδρας
836 1588 1141 1658 φιλοσοφίᾳ,
1174 1589 1247 1651 ὡς
1278 1589 1406 1657 γοῦν
1437 1591 1499 1642 ἐκ
1527 1588 1645 1642 τού-

1754 1586 1972 1642 serendi
2018 1587 2128 1640 vim
2178 1603 2241 1641 ac
2287 1587 2562 1640 solertiam
2602 1587 2986 1642 includentem.
3040 1585 3175 1640 Nam
3203 1600 3325 1654 quae

136 1696 214 1732 των
233 1680 490 1748 διαγνῶναι
526 1681 727 1752 ῥᾴδιον.

1754 1681 1816 1735 ad
1841 1695 2061 1734 sensum
2097 1679 2218 1747 ejus
2265 1679 2702 1749 sententiamque
2747 1681 3038 1750 pertinent,
3091 1695 3151 1733 ea
3196 1692 3322 1733 cum

136 1773 389 1827 hominibus
413 1771 662 1827 conferre
703 1773 774 1828 sit
804 1770 955 1826 nefas
1010 1790 1022 1824 :
1059 1787 1181 1826 cum
1218 1770 1311 1826 Dei
1367 1787 1430 1828 ac
1486 1773 1732 1827 veritatis
1771 1773 1944 1842 ipsius
1974 1772 2190 1826 oracula
2225 1771 2402 1825 verbis
2436 1772 2542 1826 illis
2585 1787 2867 1841 expressa,
2902 1787 3162 1841 responsa
3194 1771 3323 1826 item

134 1865 432 1934 pradictaque
480 1864 700 1927 divina,
758 1881 881 1920 cum
929 1865 1230 1936 disciplinis
1274 1866 1341 1918 ad
1387 1865 1639 1935 pietatem
1682 1865 2140 1928 informantibus,
2179 1873 2231 1918 et
2279 1863 2566 1934 praeceptis
2623 1863 2688 1916 ad
2733 1864 3170 1932 c0guoscendam
3239 1881 3324 1918 re-

131 1977 221 2015 rum
262 1969 491 2015 naturam
540 1963 914 2030 spectantibus
960 1962 1410 2031 complectantur.
1450 1961 1715 2016 Caeterum
1756 1977 1920 2031 quam
1956 1961 2035 2014 illi
2070 1968 2282 2014 matura
2317 1958 2619 2013 disserendi
2659 1957 2915 2011 facultate
2945 1965 3222 2028 prtesteut,
3251 1973 3322 2011 ex

130 2066 240 2111 recta
280 2057 544 2111 nominum
595 2058 737 2127 apud
778 2057 900 2112 illos
954 2057 1298 2127 impositione
1339 2058 1620 2126 coniicias,
1659 2073 1769 2126 quo
1800 2057 1962 2112 etiam
1994 2057 2046 2110 in
2076 2070 2270 2125 genere
2324 2055 2391 2107 ad
2445 2051 2800 2106 Hebrmorum.
2842 2052 3153 2122 Opinionem
3212 2051 3321 2106 suf-

129 2151 308 2221 fragium
339 2168 552 2222 quoque
595 2169 755 2206 suum
805 2153 1052 2223 adjungit
1081 2152 1257 2218 Plato,
1293 2163 1346 2208 et
1390 2169 1513 2208 cum
1565 2169 1752 2210 eorum
1825 2151 2174 2223 philosophia
2235 2148 2411 2219 palam
2469 2157 2764 2218 aperteque
2827 2146 3122 2211 consentit,
3163 2153 3219 2199 ut
3249 2161 3314 2198 ex

127 2245 419 2314 sequentibus
450 2246 677 2316 intelligi
715 2246 870 2300 facile
902 2248 1120 2315 poterit.

583 2338 978 2391 ΚΕΦΑΛΑΙΟΝ
1037 2339 1126 2405 ς’.

126 2425 228 2493 Περὶ
248 2425 339 2494 τῆς
366 2430 496 2496 παρ’
528 2427 820 2495 Ἑϐραίοις
849 2426 966 2481 τῶν
988 2428 1290 2497 ὀνομάτων
1311 2429 1640 2498 ὀρθότητος.

182 2536 197 2567 ι
219 2516 416 2588 Πρώτου
445 2519 690 2581 Μωσέως
722 2519 919 2589 μακρῷ
949 2519 1250 2590 πρόσθεν,ἢ
1276 2520 1334 2572 τὸ
1361 2521 1460 2591 τῆς
1493 2522 1642 2590 φιλο-

129 2606 277 2673 σοφίας
321 2608 482 2679 ὄνομα
533 2609 614 2671 εἰς
648 2607 916 2678 Ἕλληνας
944 2609 1134 2673 ἐλθεῖν,
1162 2608 1247 2662 διὰ
1278 2609 1458 2680 πάσης
1480 2613 1642 2664 αὑτοῦ

124 2695 196 2765 τῆς
227 2699 420 2769 γραφῆς
475 2700 648 2771 μυρία
691 2702 820 2770 περὶ
858 2701 956 2770 τῆς
987 2699 1096 2752 τῶν
1125 2701 1402 2770 ὀνομάτων
1444 2701 1644 2765 θέσεως

127 2785 662 2854 πεπραγματευμένουο
704 2786 798 2838 καὶ
839 2785 960 2836 τοτὲ
1012 2784 1109 2854 μὲν
1145 2783 1493 2852 φυσικώτατα
1533 2785 1641 2837 τῶν

126 2873 220 2941 παρ’
263 2872 397 2943 αὐτῷ
448 2875 670 2927 πάντων
713 2873 809 2937 τὰς
852 2873 1166 2943 ἐπωνυμίας
1197 2874 1637 2946 διατεταγμένου,

2342 2325 2572 2383 CAPUT
2617 2325 2705 2378 Vl.

1840 2427 1916 2480 De
1946 2432 2084 2477 recta
2123 2422 2390 2474 nominum
2424 2418 2563 2488 apud
2602 2417 2851 2470 Hebra‘os
2879 2416 3229 2485 impositione.

1822 2538 1839 2569 ι
1868 2517 2065 2571 Mosem
2125 2516 2312 2590 illum,
2353 2511 2446 2582 qui
2497 2511 2656 2580 longe
2702 2520 2991 2578 antequam
3029 2509 3112 2562 vel
3145 2509 3320 2578 ipsum

1745 2609 2108 2681 philosophia:
2158 2621 2359 2660 nomen
2412 2604 2656 2657 auditum
2717 2612 2863 2658 esset
2898 2603 2950 2656 in
2999 2603 3323 2670 Graecia,de

1745 2703 2026 2757 nominum
2060 2697 2414 2768 impositione
2446 2708 2555 2750 tam
2593 2711 2737 2765 saepe
2805 2703 3028 2765 tamque
3087 2695 3320 2766 diligen-

1744 2803 1824 2849 ter
1850 2809 1946 2848 sua
1971 2791 2173 2862 passim
2197 2789 2425 2843 historia
2449 2788 2763 2857 disputavit,
2782 2788 2984 2858 quique
3009 2789 3204 2857 partim
3227 2803 3322 2840 eo-

1743 2901 1886 2951 rum,
1914 2883 2007 2954 qui
2040 2882 2182 2953 apud
2223 2897 2344 2935 sese
2367 2881 2827 2945 erant,omnium,
2857 2881 2934 2934 uti
2980 2879 3321 2950 singulorum

123 2965 211 3014 τοτὲ
230 2964 277 3015 δὲ
299 2964 368 3035 τῷ
396 2965 514 3036 Θεῷ
558 2965 658 3036 τὴν
691 2964 872 3036 κρίσιν
897 2964 998 3033 τῆς
1023 2962 1128 3016 τῶν
1159 2964 1396 3017 εὐσεϐῶν
1433 2966 1640 3038 ἀνδρῶν

1754 2953 1983 3033 maxime
2011 2985 2205 3030 natura
2236 2973 2945 3043 postulabat,cognomenta
2973 2971 3181 3035 statuit,
3207 2987 3325 3040 par-

123 3061 410 3131 μετωνυμίας
431 3061 740 3125 ἀναθέντος·
762 3060 830 3129 ερύ
840 3077 919 3113 σει
943 3077 1022 3123 τε,
1040 3059 1152 3113 ἀλλ’
1168 3061 1228 3114 οὐ
1250 3060 1413 3123 θέσει,
1433 3060 1503 3113 τὰ
1531 3061 1640 3115 ὀνό-

125 3169 232 3220 ματα
266 3156 394 3208 κατὰ
425 3155 534 3207 τῶν
571 3153 916 3225 πραγμάτων
959 3151 1169 3205 κεῖσθαι
1203 3152 1640 3218 πεπαιδευκότος,

121 3243 331 3315 ἑπόμενος
351 3249 377 3300 ὁ
401 3247 631 3300 Πλάτων
663 3246 1000 3316 συμφέρεται
1031 3249 1141 3308 τοῖς
1173 3247 1353 3310 αὐτοῖς
1371 3288 1384 3310 ,
1417 3247 1517 3299 οὐκ
1546 3247 1642 3300 ἀλ-

122 3335 198 3400 lto;
224 3339 246 3378 δ
268 3340 298 3409 ἢ
323 3339 616 3412 βαρϐάρων
646 3337 925 3409 μνησθεὶς,
958 3339 1052 3391 καὶ
1085 3338 1235 3410 παρὰ
1267 3339 1441 3391 τοῖσδε
1465 3340 1643 3410 φήσας

121 3429 233 3482 τόνδε
258 3429 505 3494 σώζεσθαι
538 3429 632 3484 τὸν
654 3431 874 3500 τρόπον,
897 3429 1040 3500 τάχα
1061 3448 1162 3483 που
1186 3432 1311 3494 τοὺς
1366 3431 1645 3502 Ἐϐραίους

122 3523 450 3594 αἰνιττόμενος,
483 3523 610 3577 ἐπεὶ
645 3523 778 3594 μηδὲ
810 3523 938 3593 παρτ
967 3523 1174 3595 ἑτέροις
1221 3523 1514 3595 βαρϐάροις
1544 3525 1642 3596 ρᾁ

121 3608 202 3663 διον
226 3614 308 3684 τὴν
338 3615 544 3668 τοιάνδε
579 3612 964 3682 παραφυλάξαι
998 3611 1250 3685 θεωρίαν.
1296 3612 1645 3683 Λέγει,δόὗν

121 3703 162 3752 ὲν
183 3707 452 3771 Κρατύλῳ,
484 3705 583 3759 καὶ
629 3705 689 3756 οὑ
735 3703 891 3757 τοῦτο
935 3701 1072 3758 εἶναι
1119 3705 1289 3776 ὄνομα
1332 3706 1360 3759 ὃ
1388 3707 1452 3761 ἄν
1503 3725 1644 3772 τινες

124 3796 382 3867 συνθέμενοι
405 3799 617 3860 καλεῖν,
651 3797 874 3859 καλῶσι,
901 3796 1002 3867 τῆς
1034 3798 1210 3851 αὐτῶν
1235 3799 1416 3870 φωνῆς
1457 3799 1646 3871 μόριον

122 3888 548 3962 ἐπιφθεγγόμενοι,
591 3889 704 3942 ἀλλ’
735 3889 1005 3960 ὀρθότητά
1044 3908 1163 3943 τινα
1215 3890 1321 3943 τῶν
1369 3892 1646 3963 ὀνομάτων

121 3980 388 4047 πεφυκέναι,
443 3984 539 4035 καὶ
571 3981 798 4052 Ἕλλησι
849 3982 940 4034 καὶ
986 3979 1280 4052 βαρϐάροις
1332 3982 1428 4054 τὴν
1479 3983 1647 4055 αὐτὴν

120 4066 269 4121 amat.
295 4091 311 4122 ι
333 4073 441 4126 Καὶ
456 4070 662 4141 προῖὼν
681 4071 806 4139 ἐξῆς
821 4088 1001 4141 φησιν·
1030 4089 1047 4121 ι
1075 4070 1282 4124 Οὐκοῦν
1298 4071 1645 4137 οὖτωςάξιώ-

121 4171 206 4220 est;
230 4159 326 4230 (‘22)
350 4162 439 4214 καὶ
461 4162 553 4214 τὸν
581 4161 930 4231 ὀνομαθέτην,
972 4161 1060 4213 τόν
1083 4178 1141 4213 τε
1190 4161 1373 4215 ἐνθάδε
1427 4163 1522 4216 καὶ
1556 4162 1648 4217 τὸν

118 4247 161 4298 ἐν
188 4249 473 4325 βαρϐάροις.
514 4255 622 4316 ἕως
641 4253 705 4307 ἂν
733 4254 827 4306 καὶ
859 4254 919 4306 τὸ
946 4253 1036 4306 τοῦ
1063 4253 1324 4324 ὀνόματος
1354 4250 1492 4318 εἶδος
1513 4256 1646 4308 ἀπο-

119 4338 282 4410 διῷτὸ
305 4347 578 4418 προσῆκον
609 4345 822 4415 ἑκάστῳ
847 4385 861 4408 ,
913 4347 969 4398 ἐν
1001 4345 1311 4400 ὁποιαισοῦν
1359 4345 1648 4409 συλλαϐαῖς

119 4434 236 4487 οῦδὲν
267 4438 426 4508 χείρω
458 4439 795 4510 ὀνομαθέτην
841 4433 982 4490 εἷναι
1009 4437 1099 4490 τὸν
1143 4438 1328 4492 ἐνθάδε
1361 4437 1394 4508 ἢ
1437 4437 1528 4490 τὸν
1555 4439 1649 4492 ἀπ’

119 4525 304 4593 οὐρανοῦ
326 4531 542 4584 ἂλλοθεν
559 4530 692 4601 (25).
716 4550 735 4582 ›
757 4526 868 4583 Εἶθ’
892 4531 1018 4602 ἑξῆς
1040 4530 1199 4583 πάλιν
1216 4529 1508 4601 τὸνὲπιστή
1518 4548 1654 4601 μονα

119 4616 193 4687 τῆς
209 4616 480 4694 ὀρθότητος
521 4623 632 4676 τῶν
657 4625 932 4693 ὀνομάτων
963 4623 1297 4676 διαλεκτικὸν
1331 4623 1425 4675 καὶ
1447 4623 1616 4694 ὀνομα
1636 4656 1647 4666 -

119 4706 245 4781 θέτην
270 4710 398 4769 εἷναι
434 4717 638 4786 φήσας,
666 4716 806 4768 οὕτω
843 4715 1018 4783 λέγει’
1061 4734 1079 4766 ι
1111 4715 1372 4779 Τέκτονος
1413 4717 1510 4786 μὲν
1542 4718 1650 4788 ἄρα

119 4801 244 4871 ἔργον
270 4808 408 4861 ἐστὶν
440 4808 503 4861 τὸ
538 4809 760 4878 ποιῆσαι
794 4807 1049 4878 πηδάλιον
1089 4807 1504 4870 ἐπιστατοῦντος
1548 4827 1648 4861 κυ-

121 4892 358 4968 εερνήτου,
392 4903 439 4954 εἰ
473 4901 658 4971 μέλλοι
682 4899 843 4954 καλὸν
872 4897 1008 4953 εἶναι
1039 4900 1099 4952 τὸ
1149 4899 1424 4971 πηδάλιον.
1471 4901 1650 4954 Φαίνεο

120 4996 204 5037 ται.
236 4986 579 5060 Ὀνομαθέτου
610 4989 719 5061 (24)
744 4989 801 5042 δέ
831 5007 915 5058 γε,
941 4988 1016 5052 ὡς
1041 4989 1245 5053 ἔοικεν,
1287 4989 1487 5061 ὄνομα,
1533 4993 1651 5044 ἐπι-

173 5106 196 5138 ι
220 5097 294 5154 τσ.
325 5100 682 5172 παραϐαλεῖν,
707 5101 739 5172 ἢ
768 5101 1118 5172 παραλαϐεῖν.
1189 5100 1216 5139 b
1241 5099 1400 5153 Forte
1433 5100 1628 5156 ἄλλων.

173 5206 268 5279 (22)
299 5211 535 5264 Οὐκοῦν
551 5212 737 5277 οὕτως
751 5211 1048 5277 ἀξιώσεις.
1079 5209 1270 5265 Exstat
1299 5209 1387 5264 hic
1413 5209 1655 5266 Platonis

300 5282 348 5335 in
414 5282 661 5352 Cratylo,
706 5275 827 5352 pag.
891 5275 1017 5349 260,
1057 5283 1280 5338 edition.
1319 5280 1649 5337 Graeco-Lat.

152 5363 278 5405 lClnl.

173 5420 270 5488 (23)
301 5422 470 5486 Plato,
495 5423 720 5478 ὁπουοῦν
745 5422 944 5478 ἄλλοθι.

174 5487 290 5564 (Ἡ)
309 5493 708 5560 Ὀνομαθὲτου.
743 5494 894 5564 Pilato
923 5493 1233 5564 Νομοθέτου
1257 5536 1271 5558 ,
1299 5494 1652 5564 quemadmo—

117 5555 221 5636 dum
248 5555 336 5636 alt.
365 5555 721 5636 manuscript.
750 5563 971 5618 Ficinus
1007 5555 1184 5618 tamen
1216 5555 1396 5630 vertit,
1424 5566 1649 5618 nominis

119 5634 375 5703 impositor.
425 5639 492 5687 At
546 5635 829 5703 νομοθέτου
888 5649 1010 5688 vera
1066 5637 1222 5688 lectio
1266 5645 1386 5700 est,
1437 5635 1648 5688 tametsi

122 5700 268 5764 primo
314 5715 554 5774 aspectu,
601 5700 933 5775 ὃνομαθέτου.
969 5720 1056 5758 arr
1078 5706 1220 5759 deat.
1260 5703 1460 5775 Pagina
1503 5707 1647 5759 enim

1748 3069 1840 3122 tim
1871 3083 2082 3132 eorum,
2115 3065 2203 3120 ubi
2231 3065 2297 3119 de
2325 3064 2456 3116 viris
2473 3063 2838 3118 sanctioribus
2855 3072 3123 3133 ageretur,
3148 3072 3326 3116 muta-

1746 3163 1970 3225 tionem,
1994 3159 2177 3214 divino
2199 3165 2366 3211 totam
2397 3156 2622 3210 arbitrio
2665 3155 2977 3227 judicioque
3003 3155 3323 3216 reservavit,

1745 3269 1870 3308 cum
1908 3251 2004 3306 abs
2047 3258 2238 3304 natura
2285 3248 2485 3318 potius,
2518 3264 2680 3318 quam
2715 3263 2777 3301 ex
2803 3246 3152 3316 impositione
3185 3261 3324 3316 qua-

1745 3345 1870 3400 dam
1893 3361 1992 3400 sua
2017 3343 2180 3398 rebus
2205 3342 2431 3413 singulis
2446 3350 2698 3396 constare
2717 3340 2936 3394 nomina
2961 3339 3317 3410 intelligeret:

1747 3435 1908 3506 515
1945 3435 2245 3506 principem
2287 3437 2387 3489 hoc
2422 3434 2477 3487 in
2522 3448 2717 3504 genere
2756 3433 3057 3502 ducemque
3104 3441 3325 3487 secutus

1745 3525 1919 3593 Plato,
1949 3531 2195 3582 eamdem
2223 3540 2449 3594 prorsus
2486 3524 2690 3579 insistit
2718 3523 2910 3587 vitam,
2938 3539 3038 3578 nec
3067 3523 3323 3588 aliorum,

1747 3633 1910 3689 quam
1962 3618 2344 3682 barbarorum,
2395 3617 2724 3671 mentionem
2788 3616 2938 3684 facit,
2993 3615 3135 3685 apud
3189 3632 3326 3686 quos

1747 3725 1868 3763 eam
1896 3708 2135 3763 nominis
2167 3707 2482 3777 imponendi
2512 3707 2776 3761 rationem
2815 3708 3018 3762 servari
3059 3717 3285 3762 testatur
3309 3725 3336 3772 ;,

1751 3799 2031 3866 Hebrazos,
2064 3798 2282 3869 Opinor,
2315 3798 2653 3869 signiﬁcans,
2685 3813 2809 3852 cum
2857 3798 2999 3868 apud
3027 3799 3165 3853 alios
3195 3815 3329 3853 sane

1750 3893 2014 3948 barbaros
2055 3892 2160 3947 hoc
2191 3891 2361 3946 studii
2390 3891 2738 3962 solertiaeque
2769 3906 2939 3962 genus
2987 3891 3131 3945 haud
3168 3890 3326 3946 facile

1750 3982 2013 4052 reperias.
2063 3981 2357 4037 Enimvero
2389 3983 2550 4038 docet
2600 3984 2653 4037 in
2690 3982 2932 4054 Cralylo,
2982 3999 3324 4053 nequaquam

1750 4075 1811 4129 id.
1833 4090 2032 4130 nomen
2062 4075 2372 4130 habendum
2401 4091 2542 4142 esse,
2571 4077 2713 4148 quod
2741 4093 2805 4132 ex
2837 4079 3086 4132 condicto
3108 4087 3327 4131 mutuo-

1751 4185 1856 4241 que
1886 4184 2180 4236 consensu,
2212 4169 2459 4224 nonnulli
2495 4185 2659 4223 unam
2706 4170 2943 4240 aliquam
2972 4170 3169 4240 linguae
3215 4186 3328 4225 sua:

1681 4262 2076 4367 l)particulam
2149 4261 2488 4318 eﬂundentes
2559 4263 2908 4318 indiderint:
2979 4263 3073 4318 sed
3148 4263 3326 4333 potius

1756 4355 2052 4425 quamdam
2081 4355 2362 4410 nominum
2391 4355 2778 4430 proprietatem
2818 4357 2981 4412 rebus
3011 4356 3143 4427 ipsis
3172 4359 3327 4414 inna-

1756 4455 1864 4501 tam
1914 4461 2053 4513 esse,
2103 4447 2348 4516 ejusdem
2401 4448 2624 4501 omnino
2669 4457 2776 4502 tam
2831 4448 2972 4518 apud
3021 4449 3325 4513 barbaros,

1757 4554 1919 4609 quam
1946 4539 2088 4607 apud
2116 4538 2336 4594 Graecos
2362 4539 2642 4594 rationis.)
2668 4540 2743 4595 Ac
2765 4542 3021 4611 deinceps
3044 4543 3114 4596 ita
3133 4543 3334 4612 pergit:

1766 4647 1784 4679 ι
1845 4627 2064 4682 Statuas
2119 4627 2304 4699 igitur,
2363 4629 2562 4698 inquit,
2599 4646 2828 4685 necesse
2877 4642 2981 4693 est,
3014 4633 3329 4702 quicunque

1752 4723 1838 4776 vel
1883 4723 1972 4778 hic
2016 4721 2101 4777 vel
2143 4724 2286 4777 inter
2314 4722 2576 4777 barbaros
2616 4723 2837 4777 nomina
2859 4723 3030 4778 rebus
3065 4723 3326 4792 imponat,

1755 4830 1903 4881 eum,
1950 4815 2194 4884 quandiu
2239 4829 2399 4868 suum
2450 4815 2646 4884 cuique
2688 4830 2752 4869 ac
2800 4817 3080 4884 proprium
3131 4830 3326 4868 nomen

1758 4907 2035 4976 imponet,
2099 4907 2518 4975 quibuscunque
2572 4908 2787 4960 demum
2835 4905 3058 4976 syllabis
3109 4913 3325 4970 utatur,

1758 5000 1929 5054 nihilo
1968 4999 2290 5057 deteriorem
2334 5000 2565 5055 alterum
2601 4999 2771 5054 altero
2817 4998 3100 5053 nominum
3137 5007 3328 5054 aucto-

1764 5223 2132 5292 prmeedente,
2183 5224 2235 5278 in
2271 5239 2336 5278 eo
2367 5222 2605 5276 maxime
2652 5219 2803 5274 Plato
2850 5219 2981 5283 luit,
3013 5233 3073 5274 ut
3107 5220 3330 5292 nomina

1765 5290 1928 5349 rebus
1975 5290 2287 5364 imponere,
2319 5293 2578 5364 sapienth
2609 5292 2952 5364 legislitoris
2975 5306 3097 5364 esse
3127 5290 3324 5364 confir-

1763 5375 1956 5426 maret,
1994 5358 2069 5419 ab
2094 5381 2158 5419 eo
2182 5358 2301 5418 loco
2321 5358 2513 5415 littera:
2533 5358 2571 5411 F
2597 5358 2753 5432 :‘Ap‘
2779 5362 2899 5430 οὐχ).
2934 5363 2964 5413 ὁ
2991 5362 3152 5430 νόμος
3187 5360 3336 5432 δοκεῖ

1763 5453 1845 5509 σοι
1867 5439 1896 5489 ὁ
1917 5435 2241 5509 παραδιδοὺς
2268 5430 2746 5509 αὑτά-(ὀνόματαῇ
2782 5433 2985 5509 νβοικε.
3023 5430 3334 5509 Νομοθέτου

1760 5505 1867 5576 ἄρα
1913 5501 2057 5576 ἔργῳ
2099 5505 2435 5576 χρήσεται-ὁ
2483 5502 2894 5576 διδασκαλικὸς,
2937 5505 3065 5555 ὅταν
3111 5501 3333 5576 ὀνόματι

1760 5569 2166 5645 χζνῆταίίᾹοιξξξ
2194 5569 2303 5644 μοι.
2341 5571 2654 5645 Νομοθέτης
2672 5572 2727 5645 δέ
2761 5590 2850 5645 σοι.
2873 5573 3020 5624 δοκεῖ
3060 5575 3166 5636 πᾶς
3187 5569 3334 5645 Δεἶναι

1759 5642 1918 5717 ἆνὴρ,
1948 5648 1976 5698 ὁ
2006 5647 2102 5716 τὴν
2137 5642 2328 5715 τέχνην
2366 5643 2536 5711 Exora;
2582 5643 2637 5694 Ὁ
2671 5643 2768 5714 τὴν
2797 5643 3020 5712 τέχνην,
3053 5655 3154 5698 etc.
3187 5642 3332 5697 Ideni
