4042 6384
451 335 559 393 855

1122 336 1395 393 EUSEBII
1429 336 1909 394 CASSARIENSIS
1946 336 2100 395 OPP.
2133 339 2315 395 PARS
2353 339 2417 394 11.
2459 369 2530 380 -
2567 337 3070 395 APOLOGETICA.

3603 337 3714 391 856

456 469 569 508 rem
620 450 931 507 habendum
977 466 1118 508 esse.
1160 473 1179 507 ι
1208 453 1349 509 Tum
1398 456 1492 510 ubi
1541 472 1736 512 rursus
1762 473 1909 523 eum,
1941 460 2017 514 cui

2136 458 2336 529 στάτην
2387 457 2600 528 ἔχοντος
2641 455 2976 510 διαλεκτικὸν
3023 454 3209 527 ἄνδρα,
3233 453 3281 506 εί
3312 453 3493 523 μέλλοι
3522 450 3711 515 καλῶς

455 555 603 600 recta
639 545 926 599 nominum
975 545 1117 599 ratio
1148 548 1364 617 cognita
1411 548 1482 602 sit
1512 556 1674 618 atque
1721 558 2025 620 perspecta,

454 636 797 692 dialecticum
841 652 1141 707 verumque
1170 636 1451 691 nominum
1483 649 1760 694 auctorem
1793 641 2028 710 appella-

454 730 551 795 vit,
589 732 661 783 ita
689 730 1039 799 prosequitur
1072 746 1085 781 :
1125 748 1142 781 ι
1184 728 1345 784 Fabri
1368 732 1583 800 quidem
1613 731 1826 803 lignarii
1850 749 2026 803 operze

452 821 636 883 fuerit,
663 821 1043 891 gubernatoris
1065 821 1223 892 jussu
1248 823 1461 877 clavum
1497 823 1695 889 moliri,
1725 824 1817 893 qui
1840 834 2024 894 aptum

451 914 613 967 modo
641 914 854 967 clavum
892 914 1056 969 istum
1087 914 1285 969 habere
1307 915 1472 970 volet.
1498 914 1682 972 Fuerit
1704 932 1853 972 sane.
1884 917 2025 987 Ergo

451 1002 782 1072 legislatoris
808 1004 994 1074 utique
1024 1005 1206 1075 fuerit,
1238 1023 1303 1062 ex
1336 1006 1574 1063 hominis
1595 1009 1861 1063 dialectici
1888 1026 2025 1079 pra:-

451 1102 623 1169 ceptis
656 1114 855 1153 nomen
895 1098 1194 1167 imponere,
1228 1101 1273 1154 si
1310 1100 1473 1154 modo
1503 1101 1605 1155 rite
1638 1102 2023 1171 imponendum

448 1195 573 1249 erit.
609 1192 700 1246 Sic
728 1201 828 1247 est.
869 1191 989 1246 Tibi
1026 1193 1209 1263 igitur,
1238 1209 1270 1246 o
1300 1191 1688 1264 Hermogenes,
1722 1192 2020 1260 fatendum,

449 1287 666 1355 opinor,
717 1286 852 1350 erit,
905 1284 1044 1339 hanc
1098 1286 1380 1339 nominum
1436 1286 1859 1354 impositionem,
1913 1303 2023 1341 non

450 1376 565 1432 leve
595 1378 879 1445 quiddam,
916 1386 974 1431 ut
1000 1377 1299 1441 existimas,
1346 1392 1445 1431 nec
1475 1377 1776 1447 vulgarium
1816 1394 1879 1433 ac
1912 1381 2024 1450 ple-

446 1471 697 1525 beiorum
727 1471 1007 1524 hominum
1041 1486 1176 1540 opus
1208 1484 1349 1535 esse,
1389 1470 1632 1539 adeoque
1666 1487 1790 1525 vere
1816 1472 2020 1527 dictum

448 1581 478 1618 a
509 1564 724 1634 Cratylo
750 1578 852 1629 est,
885 1579 1048 1618 suum
1094 1580 1123 1617 a
1171 1573 1365 1617 natura
1394 1563 1556 1619 rebus
1583 1564 1760 1620 inesse
1798 1582 2019 1630 nomen,

452 1672 552 1710 nec
581 1657 844 1711 artiliccm
896 1656 1178 1709 nominum
1229 1656 1476 1725 quemvis
1524 1671 1644 1711 esse
1692 1673 1872 1726 posse,
1927 1660 2020 1714 sed

447 1765 574 1805 eum
608 1750 892 1814 duntaxat,
928 1750 1022 1819 qui
1068 1758 1120 1803 et
1172 1751 1415 1804 innatum
1467 1754 1540 1806 rei
1588 1752 1781 1821 cuique
1820 1767 2017 1807 nomen

448 1842 750 1913 pervidere,
779 1852 831 1897 et
856 1844 1001 1899 illius
1022 1843 1189 1913 quasi
1238 1843 1468 1897 formam
1498 1844 1694 1899 litteris
1722 1844 1914 1900 deinde
1958 1860 2021 1900 ac

449 1937 672 2007 syllabis
705 1947 1096 2007 repraesentare
1126 1936 1317 2007 possit.
1354 1957 1371 1989 ι
1414 1936 1539 1991 Ιιωο
1576 1938 1682 1992 ille.
1717 1937 1855 1993 Tum
1896 1939 2019 2009 plus-

447 2030 600 2084 ribus
646 2030 977 2098 interjectis,
1035 2029 1393 2083 barbarorum
1445 2029 1639 2084 iterum
1692 2032 2017 2086 mentionem

447 2124 621 2191 facit;
675 2124 869 2179 deinde
905 2124 1013 2186 vim
1067 2139 1286 2193 quoque
1318 2124 1603 2176 nominum
1650 2123 1945 2177 maximam
1990 2139 2018 2179 a

446 2215 693 2270 barbaris
720 2215 785 2269 ad
815 2214 1033 2271 Grzeeos
1058 2214 1353 2284 profectam
1385 2228 1528 2278 esse,
1560 2215 1646 2271 his
1680 2216 1814 2285 ipsis
1841 2217 2021 2272 verbis

447 2311 680 2379 ingenue
707 2308 1027 2363 conﬁtetur:
1055 2326 1073 2359 ι
1114 2307 1375 2377 Equidem
1407 2310 1487 2365 sic
1518 2309 1789 2376 existimo,
1822 2310 2017 2380 inquit,

445 2401 699 2469 Graecos,
753 2416 958 2471 eosque
1011 2401 1308 2471 prazsertim
1363 2402 1457 2472 qui
1507 2401 1611 2457 sub
1662 2402 2019 2458 barbarorum

444 2504 714 2565 potestate
750 2497 1023 2562 vixerunt,
1062 2499 1321 2569 pleraque
1348 2499 1569 2554 nomina
1599 2516 1629 2554 a
1649 2500 1898 2556 barbaris
1925 2518 2019 2557 ac-

445 2587 677 2657 cepisse.
717 2587 858 2655 Quid
885 2600 998 2644 tum
1037 2600 1224 2660 postea
1251 2592 1273 2645 ?
1299 2589 1592 2658 Nimimm,
1624 2593 1669 2647 si
1705 2593 1828 2662 quis
1855 2609 2019 2663 quam

445 2681 537 2734 illa
578 2691 723 2737 recte
773 2692 1005 2752 apteque
1053 2684 1398 2750 conveniant,
1444 2700 1511 2739 ex
1559 2683 1760 2739 Graeca?
1798 2684 2016 2755 linguae,

444 2790 554 2829 non
602 2791 667 2829 ex
698 2776 837 2846 ejus,
889 2776 1031 2831 unde
1059 2787 1247 2831 natum
1280 2776 1537 2846 quodque
1564 2775 1746 2843 fuerit,
1779 2777 2022 2847 proprie-

445 2874 553 2920 tate
604 2875 833 2936 qureret,
882 2881 1006 2921 eum
1061 2868 1247 2937 utique
1293 2867 1569 2921 baasurum
1624 2868 1898 2938 intelligis.
1952 2865 2020 2920 Et

444 2956 640 3010 merito
684 2958 926 3026 quidem.
970 2976 988 3009 ›
1042 2955 1314 3012 Hactenus
1352 2956 1528 3013 Plato.
1583 2957 1652 3013 At
1699 2958 1850 3011 illum
1886 2973 2018 3013 sane

443 3049 660 3120 Moyses
706 3050 1013 3116 antevertit,
1046 3050 1140 3120 qui
1189 3058 1375 3120 utpote
1428 3050 1864 3120 sapientissimus
1906 3067 2013 3105 non

2128 550 2296 621 ὄνομα
2324 549 2649 621 τεθήσεσθαι
2670 548 2804 619 (Ξ5).
2840 549 2995 602 Ἐστι
3024 547 3214 601 ταῦτα.
3244 545 3707 615 Κινδυνεὼιάρα,

2126 637 2172 696 ὦ
2216 642 2561 713 Ἑρμόγενες,
2614 636 2751 693 εἶναι
2808 641 2869 693 οὑ
2902 638 3123 708 φαῦλον,
3178 637 3253 701 ὡς
3283 638 3344 690 σῦ
3376 638 3499 701 οἴει,
3544 638 3578 707 ἡ
3610 634 3710 688 τοῦ

2126 735 2385 805 ὀνόματος
2418 733 2585 797 θέσις,
2606 733 2727 786 οὑδέ
2747 731 2965 803 φαύλων
2989 730 3218 803 ἀνδρῶν,
3240 731 3357 783 οὐδὲ
3376 730 3487 783 τῶν
3513 731 3708 782 ἐπιτυ-

2126 826 2462 897 χόντων.Κα“ι
2478 826 2524 878 Κ
2534 825 2756 897 ράτυλος
2768 823 2941 896 ἀληθῆ
2955 824 3124 892 λέγει,
3142 824 3311 893 λέγων
3328 822 3483 894 φύσει
3494 824 3553 877 τὸ
3565 822 3709 893 (25')

2125 919 2362 987 ὀνόματα
2385 912 2523 972 εἶναι
2554 920 2666 981 τοῖς
2698 918 3007 989 πράγμασι,
3032 918 3125 969 καὶ
3149 916 3207 969 οὺ
3240 915 3415 969 πάντα
3444 916 3711 986 δημιουρ-

2124 1012 2220 1082 γὸν
2258 1012 2536 1083 ὀνομάτων
2590 1007 2729 1065 εἶναι
2754 1052 2767 1073 ,
2805 1010 2941 1064 ἀλλά
2970 1010 3128 1081 μόνον
3178 1011 3403 1072 ἐκεῖνον,
3435 1008 3527 1061 τὸν
3559 1009 3707 1060 am.

2125 1103 2389 1156 ϐλέποντα
2417 1104 2495 1165 εὶς
2524 1103 2584 1155 τὸ
2614 1104 2680 1173 τῇ
2710 1101 2869 1171 φύσει
2902 1101 3069 1171 ὄνομα
3102 1100 3161 1153 ὃν
3191 1099 3405 1169 ἑκάστῳ
3426 1139 3441 1163 ,
3483 1099 3579 1151 καὶ
3613 1097 3707 1150 δυ-

2126 1196 2355 1265 νάμενον
2394 1192 2559 1246 αὐτοῦ
2594 1193 2654 1245 τὸ
2695 1189 2833 1255 εἶδος
2864 1192 3068 1245 τιθέναι
3106 1191 3185 1254 εἷς
3219 1208 3278 1243 τε
3303 1190 3370 1243 τὰ
3394 1189 3706 1261 γράμματα

2126 1285 2220 1339 καὶ
2246 1284 2343 1349 τὰς
2394 1284 2681 1347 συλλαϐάς.
2717 1304 2734 1335 ι
2768 1282 3023 1336 Τοσαῦτα
3060 1281 3249 1345 εἰπὼν,
3304 1282 3439 1353 μετά
3472 1280 3704 1334 πλεῖστα

2127 1377 2417 1450 βαρϐάρων
2444 1374 2597 1440 αὖθις
2628 1377 2887 1447 ἀναφέρει
2920 1375 3019 1446 τὴν
3051 1376 3269 1446 μνήμην
3294 1415 3308 1438 ,
3352 1375 3585 1429 κᾶπειτα
3622 1375 3706 1437 εἰς

2127 1470 2392 1541 Ἕλληνας
2426 1468 2576 1540 παρά
2602 1468 2891 1540 βαρόάρων
2926 1469 3082 1539 ἥκειν
3115 1468 3182 1521 τά
3214 1466 3381 1520 πολλά
3402 1482 3409 1489 °
3430 1466 3539 1520 τῶν
3580 1467 3705 1520 ὀνο-

2127 1561 2311 1630 μάτων
2336 1559 2630 1631 διαρρήδην
2662 1558 2934 1629 ὁμολογεῖ,
2969 1557 3191 1627 φάσκων
3218 1560 3399 1621 αὐτοῖς
3430 1561 3703 1627 ῥήμασιν’

2129 1674 2147 1707 ι
2173 1652 2394 1715 Ἐννοῶ,
2423 1655 2504 1706 ὅτι
2524 1650 2695 1705 πολλά
2718 1654 2765 1705 οἱ
2788 1651 3044 1721 ’Έλληνες
3066 1650 3324 1721 ὀνόματα,
3338 1650 3509 1712 ἄλλως
3530 1666 3588 1702 τε
3607 1648 3707 1702 καὶ

2123 1746 2172 1797 οἱ
2218 1746 2322 1797 ὑπὸ
2368 1748 2485 1808 τοῖς
2518 1742 2627 1814 (26)
2671 1742 2967 1815 βαρϐάροις
3016 1741 3332 1805 οἰκοῦντες,
3382 1740 3532 1811 παρὰ
3593 1739 3707 1792 τῶν

2054 1810 2093 1864 1⁸
2125 1836 2416 1908 βαρϐάρων
2448 1810 2720 1905 εἰλήφασι.
2744 1810 2815 1885 ⁷Τί
2848 1810 2939 1887 οὖν
2972 1834 3035 1905 δή
3058 1834 3203 1905 (27);
3255 1835 3322 1886 Εἴ
3359 1851 3441 1896 τις
3466 1810 3706 1904 ζητοίη,

2122 1929 2290 1983 ταῦτα
2326 1927 2466 1982 κατὰ
2491 1928 2589 1998 τὴν
2624 1925 2940 1997 Ἑλληνικὴν
2972 1927 3152 1996 φωνὴν
3182 1927 3258 1989 ὡς
3291 1926 3541 1987 ἐοικότως
3586 1924 3705 1995 (28)

2122 2024 2317 2084 κεῖται,
2354 2020 2489 2072 ἀλλά
2527 2018 2600 2089 μὴ
2630 2020 2751 2071 κατ’
2780 2018 3012 2088 ἐκείνην,
3033 2018 3092 2083 ἐξ
3112 2013 3178 2089 ἧς
3205 2018 3266 2071 τὸ
3292 2018 3459 2088 ὄνομα
3493 2016 3703 2086 τυγχά-

2119 2132 2199 2167 νει
2224 2113 2303 2177 ὃν,
2357 2109 2532 2175 οἶσθα,
2581 2112 2661 2165 ὅτι
2694 2112 2924 2183 ἀποροίη
2955 2111 3041 2165 ἄν.
3095 2112 3356 2175 Εἰκότως.
3398 2130 3415 2163 ι
3444 2110 3630 2163 Ταῦτα
3673 2111 3706 2162 6

2120 2219 2363 2273 Πλάτων.
2405 2218 2600 2272 Φθάνει
2654 2236 2717 2288 γε
2769 2219 2873 2290 μὴν
2909 2219 3072 2272 αὑτὸν
3119 2217 3378 2287 Μωῦσῆς,
3403 2217 3482 2280 ὃς,
3514 2212 3603 2269 οἷα
3632 2216 3701 2286 δὴ

2123 2311 2283 2379 σοφὸς
2308 2310 2605 2380 νομοθέτης
2648 2309 2723 2363 ὢν
2753 2309 2887 2381 ὁμοῦ
2918 2310 3012 2363 καὶ
3046 2307 3382 2371 διαλεκτικὸς
3401 2347 3416 2371 ,
3463 2306 3705 2360 ἐπάκου-

2122 2420 2211 2455 σον
2237 2403 2288 2455 τί
2313 2420 2466 2473 φησι·
2503 2422 2521 2453 ι
2553 2404 2663 2455 Καὶ
2686 2402 2915 2457 ἔπλασεν
2932 2406 2974 2469 ,ὁ
2999 2402 3131 2465 Θεὸς
3158 2404 3221 2455 ἐκ
3247 2403 3345 2473 τῆς
3387 2403 3491 2472 γῆς
3520 2402 3704 2455 πάντα

2118 2494 2187 2547 τὰ
2211 2494 2373 2565 θηρία
2393 2493 2485 2546 τοῦ
2522 2494 2713 2565 ἀγροῦ,
2742 2495 2833 2547 καὶ
2859 2494 3033 2548 πάντα
3066 2493 3133 2547 τά
3162 2494 3383 2547 πετεινά
3411 2492 3504 2546 τοῦ
3532 2494 3704 2563 οὐρα-

2119 2585 2232 2649 νοῦ,
2262 2585 2357 2638 καὶ
2390 2586 2599 2656 ἢγαγεν
2638 2585 2777 2638 αὐτὰ
2805 2584 2940 2656 πρὸς
2972 2572 3081 2638 τὸν
3106 2583 3294 2654 Ἀδάμ,
3333 2584 3482 2646 ἰδεῖν,
3508 2582 3561 2635 τί
3595 2600 3702 2636 κα-

2118 2675 2262 2728 λέσει
2289 2676 2459 2729 αὐτά·
2493 2676 2586 2728 καὶ
2621 2676 2726 2727 πᾶν
2760 2674 2787 2726 ὃ
2835 2672 2899 2726 ἂν
2940 2672 3196 2726 ἐκάλεσεν
3218 2670 3348 2725 αὐτὸ
3394 2670 3568 2741 Ἀδὰμ
3595 2669 3706 2739 ψυ-

2119 2766 2219 2838 χὴν
2267 2767 2467 2832 ζῶσαν,
2519 2767 2676 2820 τοῦτο
2704 2762 2770 2837 ἦν
2803 2766 2972 2837 ὄνομα
3026 2765 3211 2819 αὑτοῦ.
3275 2785 3293 2816 ι
3330 2764 3426 2816 Διά
3466 2763 3577 2834 γὰρ
3602 2762 3699 2815 τοῦ

2119 2857 2308 2927 φάναι,
2374 2877 2390 2908 ι
2435 2856 2592 2910 τοῦτο
2627 2852 2694 2927 ἦν
2748 2856 2918 2927 ὄνομα
2962 2854 3125 2908 αὐτοῦ
3150 2898 3164 2922 ,
3215 2874 3232 2904 ι
3268 2852 3320 2905 τί
3349 2852 3475 2907 ἀλλο
3498 2851 3531 2919 ἢ
3557 2849 3703 2903 κατᾶ

2119 2946 2280 3016 φύσιν
2302 2945 2572 2999 τεθεῖσθαι
2602 2946 2699 3009 τὰς
2726 2944 3097 3018 προσηγορίας
3128 2943 3450 3015 παρίστησι;
3490 2941 3550 2993 τὸ
3590 2940 3701 3010 γὰρ

2118 3034 2413 3106 ἐπικληθὲν
2442 3035 2566 3105 ἄρτι
2596 3034 2728 3105 φησι
2754 3034 2911 3087 τοῦτο
2937 3034 3029 3087 καὶ
3053 3032 3221 3086 πάλαι
3248 3032 3510 3104 πρότερον
3536 3032 3594 3082 ὲν
3626 3030 3697 3099 τῇ

442 3119 724 3209 legislator
772 3140 955 3204 modo,
1007 3119 1100 3194 sed
1145 3119 1307 3193 etiam
1346 3119 1686 3205 dialecticus,
1732 3140 1834 3196 hac
1859 3142 1926 3196 de
1955 3156 2015 3198 re

2120 3126 2278 3196 φύσει
2309 3125 2677 3198 περιέχεσθαι,
2710 3119 2846 3178 εἷναί
2877 3142 2935 3178 τε
2966 3125 3059 3178 καὶ
3092 3124 3464 3195 προϋπάρχειν
3482 3121 3699 3193 ἑκάστῳ

442 3231 572 3301 quid
617 3231 819 3285 scribat
855 3231 1038 3300 accipe
1080 3248 1099 3291 ι
1129 3249 1147 3283 ι
1184 3230 1454 3285 Formatis
1501 3229 1671 3302 516
1705 3232 1902 3301 igitur,
1932 3233 2016 3287 in-

441 3325 559 3392 quit
585 3323 651 3390 ",
686 3322 828 3377 Deus
855 3323 921 3377 de
949 3323 1081 3377 limo
1104 3323 1316 3378 cunctis
1347 3323 1718 3378 animantibus
1746 3332 1925 3391 terrae,
1963 3334 2017 3379 et

446 3416 718 3469 universis
773 3415 1087 3471 volatilibus
1133 3416 1275 3478 (εαξη,
1324 3415 1549 3471 adduxit
1599 3430 1661 3469 ea
1707 3416 1773 3469 ad
1820 3416 2013 3480 Adam,

445 3518 504 3561 ut
534 3508 760 3574 videret,
790 3508 919 3578 quid
948 3518 1167 3563 vocaret
1199 3524 1261 3563 ea
1290 3526 1303 3562 :
1335 3516 1389 3562 et
1420 3522 1605 3573 omne,
1632 3508 1777 3578 quod
1809 3509 2016 3564 vocavit

441 3603 612 3655 Adam
634 3601 830 3655 anima:
848 3600 1102 3667 viventis,
1124 3601 1302 3672 ipsum
1318 3608 1648 3655 eratnomen
1668 3600 1805 3669 ejus.
1834 3620 1851 3652 ι
1877 3601 2014 3655 Cum

443 3694 586 3747 enim
607 3692 702 3759 ait,
726 3711 745 3744 ι
767 3694 942 3763 ipsum
966 3703 1083 3749 erat
1106 3708 1303 3747 nomen
1327 3692 1498 3763 ejus,»
1524 3694 1654 3763 quid
1682 3692 1828 3747 aliud
1850 3709 2015 3763 quam

442 3786 852 3856 appellationes,
906 3787 982 3841 uti
1019 3796 1213 3840 natura
1264 3786 1594 3856 postulabat,
1644 3786 1843 3840 inditas
1897 3801 2018 3840 esse

442 3880 756 3952 significat?
786 3879 995 3949 Quippe
1033 3882 1178 3950 quod
1205 3880 1432 3951 jamjam
1462 3880 1775 3950 impositum
1817 3894 2015 3933 nomen

444 3971 640 4034 fuerat.
679 3973 821 4026 idem
872 3972 1045 4027 multo
1088 3981 1214 4026 ante
1246 3974 1311 4026 vin
1355 3973 1471 4043 ipsa
1508 3982 1703 4027 natura
1744 3972 2019 4027 inclusum

442 4062 635 4128 fuisse,
686 4063 930 4133 adeoque
982 4079 1137 4118 suam
1193 4063 1339 4118 illam
1390 4065 1444 4118 in
1484 4064 1754 4135 appellato
1800 4080 2016 4135 quoque

442 4155 857 4224 appellationem
890 4165 1259 4226 antegressam
1296 4173 1418 4212 esse
1441 4158 1702 4225 declarat,
1730 4173 1893 4228 quam
1923 4158 2014 4212 de-

442 4244 568 4301 inde
604 4246 687 4299 vir
737 4246 824 4299 ille
873 4247 1058 4301 divino
1112 4246 1317 4317 Spiritu
1360 4248 1607 4317 amatus,
1686 4251 1737 4303 vi
1782 4250 2013 4320 quadam

444 4339 726 4407 superiore
774 4340 1051 4408 imposuit.
1084 4339 1224 4406 Quin
1258 4340 1436 4411 ipsum
1476 4344 1639 4397 etiam
1668 4342 1863 4396 Adami
1912 4357 2014 4395 no-

441 4446 589 4495 men,
645 4432 790 4502 quod
836 4430 1162 4489 Ilebraicum
1216 4451 1309 4505 per
1364 4450 1485 4491 sese
1532 4445 1635 4503 est,
1689 4439 1812 4506 jure
1870 4437 2010 4507 apud

440 4524 644 4580 Mosem
678 4526 913 4581 hominis
941 4542 970 4580 e
1003 4536 1143 4581 terra
1197 4529 1311 4583 nati
1343 4538 1763 4601 cognomentum
1786 4545 2011 4585 censea-

438 4624 551 4685 tur,
578 4634 701 4672 eum
733 4618 874 4688 apud
911 4617 1166 4675 Hebraeos
1213 4621 1386 4675 Adam
1436 4630 1576 4675 terra
1618 4632 1961 4691 nuncupetur
1996 4641 2009 4675 :

436 4724 505 4766 ex
532 4725 641 4779 quo
669 4709 869 4765 factum
901 4711 995 4776 sit,
1028 4721 1086 4766 ut
1112 4713 1205 4781 qui
1235 4712 1445 4782 primus
1474 4728 1502 4767 e
1529 4722 1669 4767 terra
1697 4723 1857 4768 natus
1877 4723 2023 4777 erat,

511 4799 559 4831 ’⁸
595 4798 730 4855 Gen.
772 4816 833 4863 ιι,
879 4801 929 4854 7.

436 4908 502 4947 ex
524 4902 725 4965 nostro
759 4893 1198 4965 perspicue‘satis
1228 4892 1461 4961 auferes,
1495 4894 1632 4949 infra
1666 4910 1787 4965 pag.
1819 4894 1943 4949 520.

512 4964 636 5035 (es)
656 4962 839 5035 Plato,
866 4963 1149 5035 θήσεσθαι.

511 5033 647 5103 (25‘)
688 5034 778 5087 Τὸ.
804 5033 964 5089 Forte
995 5035 1082 5089 τά.
1112 5035 1270 5090 Εοιτ.

438 5104 627 5229 digni)
655 5108 718 5158 Ol
751 5105 864 5158 ὑπὸ
900 5105 1043 5171 τοῖς.
1075 5106 1379 5162 Articulum
1414 5108 1473 5161 ot‘
1499 5122 1561 5161 ex
1594 5105 1817 5163 Platone
1859 5106 2013 5163 addi-

480 5190 638 5229 Imus.

511 5245 624 5317 (27)
657 5248 719 5300 Τί
751 5241 863 5301 οὖν
888 5244 1001 5313 δή;
1037 5256 1138 5301 etc.
1170 5245 1247 5301 Ita
1284 5247 1473 5317 locurn_
1496 5246 1863 5312 distinximus,
1895 5247 2017 5303 Pla-

442 5313 624 5389 tonem
680 5318 874 5383 secuti,
912 5320 1053 5389 apud
1100 5333 1260 5386 quem
1304 5317 1368 5369 Τί
1416 5313 1508 5371 οὖν
1551 5318 1650 5389 δής
1686 5320 1845 5373 verba
1888 5328 2018 5374 sunt

445 5385 799 5457 Hermogenis
826 5400 841 5442 :
873 5397 928 5441 at
963 5385 1225 5451 Socratis,
1254 5402 1374 5457 quae
1406 5385 1727 5457 sequuntur.

513 5456 624 5527 (28)
652 5459 927 5523 Εἰκότως.
964 5458 1040 5512 Ita
1072 5456 1730 5527 rursus’distinguendum
1764 5458 1900 5523 fuit;
1934 5471 2019 5515 est

447 5530 585 5581 enim
641 5530 745 5599 hoc
792 5530 1106 5583 adverbium
1160 5527 1516 5599 Hermogenis
1566 5528 1774 5583 Socrati
1824 5547 2013 5586 assen-

444 5599 647 5671 tientis.
679 5598 816 5653 'lum
847 5616 998 5671 vero,
1030 5599 1160 5671 πῦρ,
1198 5598 1591 5671 ὕδωρηιύνας,
1618 5610 1673 5654 et
1701 5602 1837 5671 alias
1870 5603 2017 5670 (ἡυε-

444 5667 589 5740 Inodj
641 5685 826 5732 voces,
861 5667 1125 5740 Phrygias
1178 5667 1360 5738 polius
1403 5686 1523 5724 esse
1572 5687 1735 5739 quam
1773 5667 2012 5734 Graecas,

440 5739 515 5792 ait
550 5737 825 5793 Socrates.
870 5737 1030 5795 ldem'
1059 5737 1237 5794 tamen
1270 5740 1430 5799 infra,
1464 5737 1741 5810 pag—274,
1774 5742 2015 5796 indicare

440 5810 493 5865 vi
528 5820 666 5880 etur,
693 5811 992 5882 primorum
1024 5812 1303 5866 nominum
1336 5812 1621 5882 rationem,
1648 5813 1727 5868 vel
1759 5813 1823 5868 ad
1860 5814 2010 5881 deos,

2115 3215 2224 3268 τῶν
2257 3214 2733 3285 ἐπωνομασμένων
2759 3214 2914 3267 τοῦτο
2936 3214 3123 3286 ὄνομα,
3157 3214 3293 3285 ὅπερ
3319 3214 3346 3264 ὁ
3372 3211 3699 3282 δηλούμενος

2117 3307 2402 3380 ἄνθρωπος
2434 3307 2751 3371 ἐπιθειάσας
2773 3306 3282 3379 δυνάμεικρείττονι
3313 3304 3698 3358 τέθειται.Καὶ

2117 3414 2249 3468 αὐτὸ
2282 3416 2338 3468 δὲ
2384 3415 2445 3469 τὸ
2508 3414 2699 3486 Ἀδὰμ,
2746 3413 3009 3486 Ἐϐραίων
3050 3414 3291 3485 ὑπάρχον
3324 3412 3511 3481 ὄνομα,
3542 3408 3698 3480 παρὰ

2116 3506 2193 3578 τῷ
2213 3508 2401 3560 Μωσεῖ
2438 3505 2531 3559 τοῦ
2558 3505 2821 3576 γηγενοῦς
2865 3504 3153 3576 ἀνθρώπου
3175 3503 3369 3574 γένοιτ’
3390 3501 3454 3556 ἂν
3484 3500 3695 3554 ἐπώνυ-

2120 3615 2237 3669 μον,
2287 3598 2370 3650 ὅτι
2402 3596 2465 3667 δὴ
2510 3596 2638 3667 παρ’
2690 3594 2959 3669 Ἑϐραίοις
2996 3594 3166 3665 ’Λδάμ
3211 3592 3369 3665 ηιγῆ
3412 3591 3693 3646 καλεῖται’

2120 3690 2248 3761 παρ’
2278 3688 2306 3741 ὃ
2334 3689 2427 3741 καὶ
2475 3691 2504 3742 ὁ
2553 3687 2766 3759 πρῶτος
2823 3686 3059 3759 γηγενὴς
3101 3686 3314 3757 ἐτύμως
3361 3684 3530 3754 Ἀδὰμ
3590 3684 3696 3736 ὑπὸ

2116 3780 2359 3844 Μωσέως
2415 3780 2720 3852 ἀνείρηται.
2765 3782 2917 3849 Ἐχοι
2943 3779 2986 3832 δ’
3014 3779 3079 3832 ἂν
3120 3778 3213 3831 καὶ
3242 3777 3406 3847 ἄλλην
3460 3777 3493 3846 ἡ
3528 3792 3697 3847 προσ-

2116 3872 2312 3945 ηγορία
2356 3872 2592 3925 διάνοιαν
2620 3911 2633 3935 ,
2675 3874 2752 3937 είς
2788 3872 2847 3925 τὸ
2872 3871 3098 3943 ἐρυθρὸν
3146 3868 3692 3941 μεταλαμϐανομένη,

2119 3966 2212 4017 καὶ
2238 3965 2336 4035 τὴν
2368 3964 2460 4017 τοῦ
2509 3964 2759 4035 σώματος
2802 3964 3124 4035 παριστῶσα
3166 3962 3345 4032 φύσιν.
3399 3960 3558 4013 Ἀλλά
3603 3961 3694 4013 τὸν

2122 4057 2219 4128 μὲν
2251 4056 2423 4128 γεώδη
2455 4056 2588 4127 (9.9),
2621 4057 2716 4109 καὶ
2745 4058 2950 4128 γήϊνον,
2978 4057 3071 4109 καὶ
3104 4055 3312 4125 γηγενῆ
3338 4095 3353 4121 ,
3389 4055 3422 4125 ἦ
3450 4055 3539 4106 τὸν
3590 4069 3695 4106 σω-

2120 4161 2346 4232 ματικὸν
2376 4163 2471 4214 καὶ
2502 4161 2757 4232 σάρκινον
2814 4160 3118 4233 ἄνθρωπον,
3146 4159 3223 4230 τῷ
3254 4157 3347 4212 τοῦ
3390 4158 3557 4227 Ἀδάμ
3596 4159 3695 4210 ἐπ-

2116 4254 2426 4324 εσημήνατο
2456 4255 2821 4325 προσρήματι.
2842 4251 3077 4305 Καλοῦσι
3105 4252 3159 4304 δὲ
3188 4251 3281 4304 κει)⁵
3307 4250 3479 4313 ἄλλως
3507 4249 3696 4312 παῖδες

2131 4343 2394 4414 Ἐϐραίων
2424 4344 2514 4397 τὸν
2537 4344 2843 4415 ἄνθρωπον,
2883 4341 3047 4407 Ἐνὼς
3079 4341 3524 4413 ἐπονομάζοντες,
3547 4340 3604 4392 ὃν
3626 4338 3692 4410 δή

2123 4453 2285 4507 φασιν
2309 4430 2448 4489 εἶναι
2475 4436 2566 4489 τὸν
2600 4437 2657 4488 ἐν
2682 4438 2811 4508 ἡμῖν
2834 4435 3068 4505 λογικὸν,
3098 4434 3282 4505 ἕτερον
3311 4434 3437 4487 ὄντα
3468 4432 3564 4504 τὴν
3588 4432 3691 4503 φύ-

2124 4545 2206 4581 σιν
2238 4527 2330 4580 τοῦ
2361 4526 2595 4596 γεώδους
2638 4527 2825 4597 Ἀδάμ.
2869 4526 3113 4579 Διάνοιαν
3152 4525 3207 4577 δὲ
3239 4525 3479 4596 περιέχει
3527 4526 3622 4578 καὶ
3664 4525 3693 4577 ὁ

2130 4616 2293 4683 Ἐνὼς
2319 4619 2903 4688 οἰκείαν,ἑπι.λήσμων
2932 4621 2997 4689 τῇ
3029 4618 3294 4690 Ἑλλήνων
3322 4617 3695 4690 ἑρμηνευόμε-

2119 4730 2206 4777 νος
2243 4714 2417 4784 φωνῇ.
2445 4712 2695 4766 Τοιοῦτον
2724 4712 2778 4764 δὲ
2810 4712 3051 4782 πέρυκεν
3086 4712 3349 4784 ὑπάρχειν
3394 4712 3452 4765 τὸ
3481 4713 3537 4765 ἐν
3561 4714 3692 4784 ἡμῖν

2120 4900 2203 4954 vel
2232 4899 2297 4953 ad
2333 4898 2597 4952 barbaros
2627 4896 2877 4952 homines
2912 4910 3167 4952 revocare
3199 4898 3352 4961 velle,
3380 4896 3690 4967 speciosum

2120 4970 2389 5039 quoddam
2443 4969 2591 5023 illius
2640 4967 2898 5037 eﬂugium
2946 4982 3099 5031 esse,
3134 4969 3225 5036 qui
3270 4967 3496 5022 ratiOnis
3529 4967 3693 5031 hujus

2121 5039 2411 5094 reddenda:
2458 5039 2760 5093 molestiam
2799 5037 3158 5108 deprecetur:
3192 5039 3255 5091 Et
3308 5037 3381 5108 μὴ
3428 5038 3560 5108 ἄρα,
3586 5036 3649 5105 δή
3674 5077 3689 5101 ,

2121 5052 2411 5094 reddenda:
2458 5052 2760 5093 moresuam
2799 5052 3113 5101 deprecetur
3146 5056 3158 5091 :
3194 5052 3255 5091 ιιι
3308 5052 3381 5101 μη
3428 5052 3536 5101 αρα
3586 5052 3649 5101 οη
3674 5077 3689 5101 ,

2121 5052 2411 5094 reddenda:
2458 5052 2760 5093 mOIesuam
2799 5052 3113 5107 deprecetur
3146 5056 3158 5091 :
3194 5052 3255 5091 b‘t
3308 5052 3381 5108 μη
3428 5052 3536 5108 αρα
3586 5052 3649 5105 οη
3674 5077 3687 5101 ,

2120 5111 2315 5179 inquit,
2344 5108 2533 5179 ὥσπερ
2560 5111 2607 5161 οἱ
2629 5107 3037 5179 τραγῳδοποιοὶ,
3061 5108 3278 5179 ἐπειδάν
3309 5126 3362 5179 τι
3385 5106 3687 5179 ἀπορῶσιν,

2120 5177 2213 5233 ὲπὶ
2257 5180 2357 5243 τὰς
2392 5177 3272 5250 μηχανὰςκαταφεύγουσιηθεοῦς
3300 5177 3566 5249 αἴροντες,
3588 5178 3692 5250 καὶ

2120 5252 2281 5321 ἡμεῖς
2319 5247 2503 5321 οὕτως
2532 5249 2775 5321 εἰπόντες
2823 5248 3245 5321 ἀπαλλαγῶμεν.
3276 5247 3455 5302 ὅτιτά
3494 5247 3692 5321 ,πρῶτα

2119 5316 2362 5403 ὁράματα.
2393 5323 2444 5403 oi
2477 5320 2597 5403 ,θεοὶ
2648 5320 2860 5403 ἔθεσαν..
2896 5316 3057 5403 Ἀρκα
3090 5316 3183 5372 καὶ
3225 5322 3354 5403 quis;
3400 5316 3691 5403 ,κράτιστος

2120 5384 2273 5455 οὗτος
2295 5391 2403 5445 τῶν
2432 5392 2640 5458 λόγων;
2672 5390 2702 5460 ἢ
2736 5384 3072 5453 ἐκεῖνος,’ὂτι
3111 5384 3578 5460 παράβαρϐάρων
3609 5406 3692 5441 τι·

2120 5461 2225 5513 νῶν
2260 5462 2395 5514 αὐτὰ
2438 5459 2879 5532 παρειλήφαμεν;
2917 5462 3043 5532 (εἰσὶ
3069 5460 3125 5512 δὲ
3161 5459 3689 5532 ημῶνάρχαιότεροι

2123 5532 2443 5605 βάρϐαρον)
2468 5530 2525 5602 ἦέ
2547 5530 2663 5605 ὃτι-⁷
2687 5531 2817 5605 ὑπὸ-
2842 5530 3198 5605 παλαιότητος
3248 5531 3506 5605 ἀδύνατογ
3548 5530 3689 5605 αὐτά

2119 5596 2545 5671 inﬁxa/adeat;
2577 5597 2739 5655 Αῦται
2760 5601 2868 5670 γὰρ
2893 5602 2958 5654 ἂν
2984 5596 3151 5654 πᾶσαι
3178 5601 3419 5663 ἐκδύσεις
3438 5596 3567 5663 εἷεν,
3595 5601 3692 5671 καὶ

2122 5673 2263 5743 μάλα
2296 5670 2503 5743 κομψαὶ
2528 5672 2604 5740 τῷ
2638 5673 2708 5742 μὴ
2750 5672 2980 5743 ἐθέλοντι
3011 5670 3165 5739 λόγον
3193 5672 3392 5725 διδόναι
3422 5671 3549 5740 περὶ
3579 5670 3690 5723 τῶν

2119 5741 2349 5817 πρῲτων
2370 5741 2672 5817 ὀνομάτων,
2801 5741 2973 5817 ὀρθῷς
3003 5745 3194 5817 κεῖται..

2188 5815 2298 5886 (29)
2334 5810 2507 5872 Ἀλλὰ
2538 5813 2642 5867 τὸν
2660 5812 2776 5882 μὲν
2800 5810 3001 5883 γεώδη,
3025 5822 3128 5870 etc.
3148 5811 3277 5868 Vide
3300 5827 3461 5884 supra
3485 5825 3534 5883 p.
3558 5810 3685 5866 587.
