  <div class='ocr_page' id='page_1' title='image "/cluster/home/n/w/nwhite01/storage/ocr_20150623/21/hvd.32044073501165/442.png"; bbox 0 0 4042 6384; ppageno 0'>
   <div class='ocr_carea' id='block_1_1' title="bbox 200 353 329 409">
    <p class='ocr_par' dir='ltr' id='par_1_1' title="bbox 200 353 329 409">
     <span class='ocr_line' id='line_1_1' title="bbox 200 353 329 409; baseline -0.016 0"><span class='ocrx_word' id='word_1_1' title='bbox 200 353 329 409; x_wconf 71' lang='grc'><strong>857</strong></span> 
     </span>
    </p>
   </div>
   <div class='ocr_carea' id='block_1_2' title="bbox 1316 345 2293 407">
    <p class='ocr_par' dir='ltr' id='par_1_2' title="bbox 1316 345 2293 407">
     <span class='ocr_line' id='line_1_2' title="bbox 1316 345 2293 407; baseline 0 -4"><span class='ocrx_word' id='word_1_2' title='bbox 1316 380 1317 383; x_wconf 59' lang='grc' dir='ltr'><strong>η</strong></span> <span class='ocrx_word' id='word_1_3' title='bbox 1374 348 1690 405; x_wconf 73' lang='grc' dir='ltr'><strong>ΡΒᾸΞΡΑΒ.</strong></span> <span class='ocrx_word' id='word_1_4' title='bbox 1734 349 1989 407; x_wconf 81' lang='lat' dir='ltr'><strong>EVANG.</strong></span> <span class='ocrx_word' id='word_1_5' title='bbox 2030 349 2159 406; x_wconf 83' lang='lat' dir='ltr'><strong>LIB.</strong></span> <span class='ocrx_word' id='word_1_6' title='bbox 2200 345 2293 404; x_wconf 77' lang='lat' dir='ltr'><strong>XI.</strong></span> 
     </span>
    </p>
   </div>
   <div class='ocr_carea' id='block_1_3' title="bbox 3376 343 3483 399">
    <p class='ocr_par' dir='ltr' id='par_1_3' title="bbox 3376 343 3483 399">
     <span class='ocr_line' id='line_1_3' title="bbox 3376 343 3483 399; baseline 0 0"><span class='ocrx_word' id='word_1_7' title='bbox 3376 343 3483 399; x_wconf 82' lang='lat'><strong>858</strong></span> 
     </span>
    </p>
   </div>
   <div class='ocr_carea' id='block_1_4' title="bbox 203 469 1796 546">
    <p class='ocr_par' dir='ltr' id='par_1_4' title="bbox 203 471 1796 546">
     <span class='ocr_line' id='line_1_4' title="bbox 203 471 1796 546; baseline 0.002 -20"><span class='ocrx_word' id='word_1_8' title='bbox 203 472 451 541; x_wconf 75' lang='grc' dir='ltr'>Αογικὺν</span> <span class='ocrx_word' id='word_1_9' title='bbox 490 472 593 543; x_wconf 74' lang='grc' dir='ltr'>τῆς</span> <span class='ocrx_word' id='word_1_10' title='bbox 624 472 758 544; x_wconf 83' lang='grc' dir='ltr'>πρὸς</span> <span class='ocrx_word' id='word_1_11' title='bbox 783 473 845 527; x_wconf 79' lang='grc' dir='ltr'><strong>τὸ</strong></span> <span class='ocrx_word' id='word_1_12' title='bbox 890 473 1081 545; x_wconf 80' lang='grc' dir='ltr'>θνητὸν</span> <span class='ocrx_word' id='word_1_13' title='bbox 1125 475 1217 528; x_wconf 72' lang='grc' dir='ltr'><strong>καὶ</strong></span> <span class='ocrx_word' id='word_1_14' title='bbox 1255 471 1449 543; x_wconf 77' lang='grc' dir='ltr'>ἄλογον</span> <span class='ocrx_word' id='word_1_15' title='bbox 1492 475 1796 546; x_wconf 81' lang='grc' dir='ltr'>συμπλοκῆς</span> 
     </span>
    </p>
   </div>
   <div class='ocr_carea' id='block_1_5' title="bbox 1897 469 3481 546">
    <p class='ocr_par' dir='ltr' id='par_1_5' title="bbox 1909 469 3481 542">
     <span class='ocr_line' id='line_1_5' title="bbox 1909 469 3481 542; baseline -0.002 -12"><span class='ocrx_word' id='word_1_16' title='bbox 1909 476 1955 531; x_wconf 88' lang='lat' dir='ltr'><strong>is</strong></span> <span class='ocrx_word' id='word_1_17' title='bbox 1978 492 2006 530; x_wconf 91' lang='lat' dir='ltr'><strong>a</strong></span> <span class='ocrx_word' id='word_1_18' title='bbox 2035 475 2183 531; x_wconf 85' lang='lat' dir='ltr'><strong>Mose</strong></span> <span class='ocrx_word' id='word_1_19' title='bbox 2206 475 2444 530; x_wconf 84' lang='lat' dir='ltr'><strong>Adamus</strong></span> <span class='ocrx_word' id='word_1_20' title='bbox 2470 486 2599 528; x_wconf 83' lang='lat' dir='ltr'><strong>vere</strong></span> <span class='ocrx_word' id='word_1_21' title='bbox 2637 486 2703 528; x_wconf 91' lang='lat' dir='ltr'><strong>ac</strong></span> <span class='ocrx_word' id='word_1_22' title='bbox 2736 470 2953 542; x_wconf 84' lang='lat' dir='ltr'><strong>proprie</strong></span> <span class='ocrx_word' id='word_1_23' title='bbox 2977 469 3269 527; x_wconf 75' lang='lat' dir='ltr'><strong>diceretur.</strong></span> <span class='ocrx_word' id='word_1_24' title='bbox 3296 470 3481 539; x_wconf 86' lang='lat' dir='ltr'><strong>Quan-</strong></span> 
     </span>
    </p>
   </div>
   <div class='ocr_carea' id='block_1_6' title="bbox 199 560 1805 635">
    <p class='ocr_par' dir='ltr' id='par_1_6' title="bbox 199 560 1805 635">
     <span class='ocr_line' id='line_1_6' title="bbox 199 560 1805 635; baseline 0.002 -22"><span class='ocrx_word' id='word_1_25' title='bbox 199 561 418 613; x_wconf 69' lang='grc' dir='ltr'>ἕνεκα.</span> <span class='ocrx_word' id='word_1_26' title='bbox 464 560 537 613; x_wconf 80' lang='grc' dir='ltr'><strong>Τὸ</strong></span> <span class='ocrx_word' id='word_1_27' title='bbox 589 560 691 632; x_wconf 76' lang='grc' dir='ltr'>μὲν</span> <span class='ocrx_word' id='word_1_28' title='bbox 721 560 827 633; x_wconf 81' lang='grc' dir='ltr'>γὰρ</span> <span class='ocrx_word' id='word_1_29' title='bbox 872 562 1047 633; x_wconf 86' lang='grc' dir='ltr'>πάντη</span> <span class='ocrx_word' id='word_1_30' title='bbox 1084 562 1343 634; x_wconf 84' lang='grc' dir='ltr'>καθαρὸν,</span> <span class='ocrx_word' id='word_1_31' title='bbox 1370 565 1462 617; x_wconf 79' lang='grc' dir='ltr'><strong>καὶ</strong></span> <span class='ocrx_word' id='word_1_32' title='bbox 1498 563 1805 635; x_wconf 80' lang='grc' dir='ltr'>ἀσώματον,</span> 
     </span>
    </p>
   </div>
   <div class='ocr_carea' id='block_1_7' title="bbox 205 652 1806 727">
    <p class='ocr_par' dir='ltr' id='par_1_7' title="bbox 205 652 1806 727">
     <span class='ocr_line' id='line_1_7' title="bbox 205 652 1806 727; baseline 0.002 -21"><span class='ocrx_word' id='word_1_33' title='bbox 205 654 319 706; x_wconf 73' lang='grc' dir='ltr'>καὶ</span> <span class='ocrx_word' id='word_1_34' title='bbox 360 652 527 717; x_wconf 86' lang='grc' dir='ltr'>θεῖον,</span> <span class='ocrx_word' id='word_1_35' title='bbox 563 654 656 706; x_wconf 77' lang='grc' dir='ltr'>καὶ</span> <span class='ocrx_word' id='word_1_36' title='bbox 676 652 911 720; x_wconf 83' lang='grc' dir='ltr'>λογικὸν,</span> <span class='ocrx_word' id='word_1_37' title='bbox 942 655 999 707; x_wconf 79' lang='grc' dir='ltr'><strong>οὐ</strong></span> <span class='ocrx_word' id='word_1_38' title='bbox 1039 654 1196 724; x_wconf 79' lang='grc' dir='ltr'>μόνον</span> <span class='ocrx_word' id='word_1_39' title='bbox 1224 654 1333 709; x_wconf 82' lang='grc' dir='ltr'>τῶν</span> <span class='ocrx_word' id='word_1_40' title='bbox 1373 654 1605 727; x_wconf 83' lang='grc' dir='ltr'>πρόσθεν</span> <span class='ocrx_word' id='word_1_41' title='bbox 1652 673 1806 725; x_wconf 85' lang='grc' dir='ltr'>γενο-</span> 
     </span>
    </p>
   </div>
   <div class='ocr_carea' id='block_1_8' title="bbox 206 742 1806 816">
    <p class='ocr_par' dir='ltr' id='par_1_8' title="bbox 206 742 1806 816">
     <span class='ocr_line' id='line_1_8' title="bbox 206 742 1806 816; baseline 0.001 -20"><span class='ocrx_word' id='word_1_42' title='bbox 206 742 414 809; x_wconf 68' lang='grc' dir='ltr'>μένων</span> <span class='ocrx_word' id='word_1_43' title='bbox 444 742 543 813; x_wconf 71' lang='grc' dir='ltr'>τὴν</span> <span class='ocrx_word' id='word_1_44' title='bbox 576 744 817 813; x_wconf 78' lang='grc' dir='ltr'><strong>μνήμην,</strong></span> <span class='ocrx_word' id='word_1_45' title='bbox 844 743 977 797; x_wconf 77' lang='grc' dir='ltr'>ἀλλὰ</span> <span class='ocrx_word' id='word_1_46' title='bbox 1012 745 1104 797; x_wconf 77' lang='grc' dir='ltr'>καὶ</span> <span class='ocrx_word' id='word_1_47' title='bbox 1133 744 1240 798; x_wconf 85' lang='grc' dir='ltr'><strong>τῶν</strong></span> <span class='ocrx_word' id='word_1_48' title='bbox 1264 744 1563 816; x_wconf 84' lang='grc' dir='ltr'><strong>μελλόντων</strong></span> <span class='ocrx_word' id='word_1_49' title='bbox 1589 744 1806 799; x_wconf 72' lang='grc' dir='ltr'>ἔσεσθαι</span> 
     </span>
    </p>
   </div>
   <div class='ocr_carea' id='block_1_9' title="bbox 204 832 1807 908">
    <p class='ocr_par' dir='ltr' id='par_1_9' title="bbox 204 832 1807 908">
     <span class='ocr_line' id='line_1_9' title="bbox 204 832 1807 908; baseline 0.002 -22"><span class='ocrx_word' id='word_1_50' title='bbox 204 834 322 903; x_wconf 78' lang='grc' dir='ltr'><strong>τὴν</strong></span> <span class='ocrx_word' id='word_1_51' title='bbox 362 834 563 901; x_wconf 84' lang='grc' dir='ltr'>γνῶσιν</span> <span class='ocrx_word' id='word_1_52' title='bbox 592 832 658 886; x_wconf 82' lang='grc' dir='ltr'>δι’</span> <span class='ocrx_word' id='word_1_53' title='bbox 684 832 860 905; x_wconf 81' lang='grc' dir='ltr'>ἄκραν</span> <span class='ocrx_word' id='word_1_54' title='bbox 884 835 1084 906; x_wconf 78' lang='grc' dir='ltr'>ἀρετὴν</span> <span class='ocrx_word' id='word_1_55' title='bbox 1114 835 1345 907; x_wconf 78' lang='grc' dir='ltr'><strong>θεωρίας</strong></span> <span class='ocrx_word' id='word_1_56' title='bbox 1370 836 1686 908; x_wconf 81' lang='grc' dir='ltr'>περιείληφε</span> <span class='ocrx_word' id='word_1_57' title='bbox 1708 854 1721 868; x_wconf 83' lang='lat'><strong><em>°</em></strong></span> <span class='ocrx_word' id='word_1_58' title='bbox 1746 836 1807 889; x_wconf 86' lang='grc' dir='ltr'><strong>τὸ</strong></span> 
     </span>
    </p>
   </div>
   <div class='ocr_carea' id='block_1_10' title="bbox 208 926 1806 1000">
    <p class='ocr_par' dir='ltr' id='par_1_10' title="bbox 208 926 1806 1000">
     <span class='ocr_line' id='line_1_10' title="bbox 208 926 1806 1000; baseline 0.001 -20"><span class='ocrx_word' id='word_1_59' title='bbox 208 926 256 980; x_wconf 68' lang='grc' dir='ltr'>δ’</span> <span class='ocrx_word' id='word_1_60' title='bbox 306 929 369 979; x_wconf 84' lang='grc' dir='ltr'><strong>ἐν</strong></span> <span class='ocrx_word' id='word_1_61' title='bbox 413 926 574 998; x_wconf 73' lang='grc' dir='ltr'>σαρξὶ</span> <span class='ocrx_word' id='word_1_62' title='bbox 604 927 988 999; x_wconf 73' lang='grc' dir='ltr'>πεπιλημένον,</span> <span class='ocrx_word' id='word_1_63' title='bbox 1023 927 1228 991; x_wconf 81' lang='grc' dir='ltr'><strong>ὀστέοις</strong></span> <span class='ocrx_word' id='word_1_64' title='bbox 1256 946 1315 981; x_wconf 86' lang='grc' dir='ltr'><strong>τε</strong></span> <span class='ocrx_word' id='word_1_65' title='bbox 1343 928 1437 982; x_wconf 75' lang='grc' dir='ltr'>καὶ</span> <span class='ocrx_word' id='word_1_66' title='bbox 1465 928 1678 1000; x_wconf 80' lang='grc' dir='ltr'>νεύροις</span> <span class='ocrx_word' id='word_1_67' title='bbox 1710 946 1806 983; x_wconf 93' lang='grc' dir='ltr'>κα-</span> 
     </span>
    </p>
   </div>
   <div class='ocr_carea' id='block_1_11' title="bbox 208 1019 1804 1093">
    <p class='ocr_par' dir='ltr' id='par_1_11' title="bbox 208 1019 1804 1093">
     <span class='ocr_line' id='line_1_11' title="bbox 208 1019 1804 1093; baseline 0.002 -22"><span class='ocrx_word' id='word_1_68' title='bbox 208 1019 758 1089; x_wconf 70' lang='grc' dir='ltr'>ταπεπαραμένονο,</span> <span class='ocrx_word' id='word_1_69' title='bbox 813 1019 973 1088; x_wconf 78' lang='grc' dir='ltr'>ὄγκον</span> <span class='ocrx_word' id='word_1_70' title='bbox 1012 1037 1071 1073; x_wconf 89' lang='grc' dir='ltr'><strong>τε</strong></span> <span class='ocrx_word' id='word_1_71' title='bbox 1119 1020 1288 1091; x_wconf 85' lang='grc' dir='ltr'>μέγαν</span> <span class='ocrx_word' id='word_1_72' title='bbox 1350 1022 1444 1073; x_wconf 78' lang='grc' dir='ltr'>καὶ</span> <span class='ocrx_word' id='word_1_73' title='bbox 1485 1020 1653 1093; x_wconf 73' lang='grc' dir='ltr'>βαρὺν</span> <span class='ocrx_word' id='word_1_74' title='bbox 1704 1022 1804 1074; x_wconf 80' lang='grc' dir='ltr'>ἐπ-</span> 
     </span>
    </p>
   </div>
   <div class='ocr_carea' id='block_1_12' title="bbox 212 1108 1805 1181">
    <p class='ocr_par' dir='ltr' id='par_1_12' title="bbox 212 1108 1805 1181">
     <span class='ocr_line' id='line_1_12' title="bbox 212 1108 1805 1181; baseline 0.001 -19"><span class='ocrx_word' id='word_1_75' title='bbox 212 1108 567 1179; x_wconf 76' lang='grc' dir='ltr'>ηχθισμένον</span> <span class='ocrx_word' id='word_1_76' title='bbox 621 1108 680 1161; x_wconf 85' lang='grc' dir='ltr'>τὸ</span> <span class='ocrx_word' id='word_1_77' title='bbox 728 1108 906 1178; x_wconf 82' lang='grc' dir='ltr'>σῶμα,</span> <span class='ocrx_word' id='word_1_78' title='bbox 968 1110 1135 1180; x_wconf 81' lang='grc' dir='ltr'>λήθης</span> <span class='ocrx_word' id='word_1_79' title='bbox 1174 1109 1373 1180; x_wconf 75' lang='grc' dir='ltr'>πολλῆς</span> <span class='ocrx_word' id='word_1_80' title='bbox 1398 1110 1493 1164; x_wconf 76' lang='grc' dir='ltr'>καὶ</span> <span class='ocrx_word' id='word_1_81' title='bbox 1538 1109 1805 1181; x_wconf 82' lang='grc' dir='ltr'>ἀμαθείας</span> 
     </span>
    </p>
   </div>
   <div class='ocr_carea' id='block_1_13' title="bbox 210 1199 1801 1275">
    <p class='ocr_par' dir='ltr' id='par_1_13' title="bbox 210 1199 1801 1275">
     <span class='ocr_line' id='line_1_13' title="bbox 210 1199 1801 1275; baseline 0.003 -23"><span class='ocrx_word' id='word_1_82' title='bbox 210 1199 454 1252; x_wconf 66' lang='grc' dir='ltr'>συνιδὼν</span> <span class='ocrx_word' id='word_1_83' title='bbox 497 1200 525 1251; x_wconf 77' lang='grc' dir='ltr'>ὁ</span> <span class='ocrx_word' id='word_1_84' title='bbox 575 1202 702 1269; x_wconf 83' lang='grc' dir='ltr'>παρ’</span> <span class='ocrx_word' id='word_1_85' title='bbox 745 1201 1013 1272; x_wconf 77' lang='grc' dir='ltr'>’Ἑϐραίοις</span> <span class='ocrx_word' id='word_1_86' title='bbox 1046 1201 1233 1270; x_wconf 87' lang='grc' dir='ltr'>λόγος,</span> <span class='ocrx_word' id='word_1_87' title='bbox 1266 1202 1536 1273; x_wconf 76' lang='grc' dir='ltr'>εὐθυϐόλῳ</span> <span class='ocrx_word' id='word_1_88' title='bbox 1565 1205 1801 1275; x_wconf 80' lang='grc' dir='ltr'>κέκληκε</span> 
     </span>
    </p>
   </div>
   <div class='ocr_carea' id='block_1_14' title="bbox 219 1288 1801 1364">
    <p class='ocr_par' dir='ltr' id='par_1_14' title="bbox 219 1288 1801 1364">
     <span class='ocr_line' id='line_1_14' title="bbox 219 1288 1801 1364; baseline 0.006 -27"><span class='ocrx_word' id='word_1_89' title='bbox 219 1289 602 1358; x_wconf 73' lang='grc' dir='ltr'>προσρήματι,</span> <span class='ocrx_word' id='word_1_90' title='bbox 646 1288 811 1353; x_wconf 85' lang='grc' dir='ltr'>Ἑνὼς</span> <span class='ocrx_word' id='word_1_91' title='bbox 842 1292 1200 1361; x_wconf 76' lang='grc' dir='ltr'>ἐπονομάσας,</span> <span class='ocrx_word' id='word_1_92' title='bbox 1234 1293 1369 1364; x_wconf 82' lang='grc' dir='ltr'>ὅπερ</span> <span class='ocrx_word' id='word_1_93' title='bbox 1384 1293 1533 1363; x_wconf 82' lang='grc' dir='ltr'>δηλοῖ</span> <span class='ocrx_word' id='word_1_94' title='bbox 1554 1295 1642 1347; x_wconf 81' lang='grc' dir='ltr'><strong>τὸν</strong></span> <span class='ocrx_word' id='word_1_95' title='bbox 1683 1296 1801 1347; x_wconf 88' lang='grc' dir='ltr'>ἐπι-</span> 
     </span>
    </p>
   </div>
   <div class='ocr_carea' id='block_1_15' title="bbox 209 1377 1801 1457">
    <p class='ocr_par' dir='ltr' id='par_1_15' title="bbox 209 1377 1801 1457">
     <span class='ocr_line' id='line_1_15' title="bbox 209 1377 1801 1457; baseline 0.008 -30"><span class='ocrx_word' id='word_1_96' title='bbox 209 1377 493 1447; x_wconf 75' lang='grc' dir='ltr'>λήσμονα.</span> <span class='ocrx_word' id='word_1_97' title='bbox 526 1382 713 1434; x_wconf 77' lang='grc' dir='ltr'>Κεῖται</span> <span class='ocrx_word' id='word_1_98' title='bbox 745 1380 875 1449; x_wconf 84' lang='grc' dir='ltr'>γοῦν</span> <span class='ocrx_word' id='word_1_99' title='bbox 902 1384 1050 1455; x_wconf 88' lang='grc' dir='ltr'>παρά</span> <span class='ocrx_word' id='word_1_100' title='bbox 1083 1401 1185 1437; x_wconf 83' lang='grc' dir='ltr'>τινι</span> <span class='ocrx_word' id='word_1_101' title='bbox 1218 1387 1467 1457; x_wconf 68' lang='grc' dir='ltr'>προφήτῃ</span> <span class='ocrx_word' id='word_1_102' title='bbox 1489 1404 1501 1417; x_wconf 89' lang='grc'><strong>·</strong></span> <span class='ocrx_word' id='word_1_103' title='bbox 1538 1406 1556 1438; x_wconf 68' lang='grc' dir='ltr'><strong>ε</strong></span> <span class='ocrx_word' id='word_1_104' title='bbox 1599 1388 1662 1439; x_wconf 80' lang='grc' dir='ltr'><strong>Τί</strong></span> <span class='ocrx_word' id='word_1_105' title='bbox 1688 1389 1801 1440; x_wconf 83' lang='grc' dir='ltr'>ἐστι</span> 
     </span>
    </p>
   </div>
   <div class='ocr_carea' id='block_1_16' title="bbox 209 1468 1797 1549">
    <p class='ocr_par' dir='ltr' id='par_1_16' title="bbox 209 1468 1797 1549">
     <span class='ocr_line' id='line_1_16' title="bbox 209 1468 1797 1549; baseline 0.008 -30"><span class='ocrx_word' id='word_1_106' title='bbox 209 1468 539 1538; x_wconf 75' lang='grc' dir='ltr'>ἄνθρωπος,</span> <span class='ocrx_word' id='word_1_107' title='bbox 586 1472 665 1524; x_wconf 77' lang='grc' dir='ltr'>ὅτι</span> <span class='ocrx_word' id='word_1_108' title='bbox 706 1476 987 1546; x_wconf 72' lang='grc' dir='ltr'>μιμνήσκῃ</span> <span class='ocrx_word' id='word_1_109' title='bbox 1028 1475 1227 1541; x_wconf 61' lang='lat' dir='ltr'><strong>ama;</strong></span> <span class='ocrx_word' id='word_1_110' title='bbox 1266 1476 1297 1545; x_wconf 83' lang='grc' dir='ltr'>ἢ</span> <span class='ocrx_word' id='word_1_111' title='bbox 1348 1478 1460 1541; x_wconf 87' lang='grc' dir='ltr'>υἱὸς</span> <span class='ocrx_word' id='word_1_112' title='bbox 1491 1478 1797 1549; x_wconf 79' lang='grc' dir='ltr'>ἀνθρώπου,</span> 
     </span>
    </p>
   </div>
   <div class='ocr_carea' id='block_1_17' title="bbox 209 1562 1801 1640">
    <p class='ocr_par' dir='ltr' id='par_1_17' title="bbox 209 1562 1801 1640">
     <span class='ocr_line' id='line_1_17' title="bbox 209 1562 1801 1640; baseline 0.004 -26"><span class='ocrx_word' id='word_1_113' title='bbox 209 1562 296 1614; x_wconf 76' lang='grc' dir='ltr'><strong>ὅτι</strong></span> <span class='ocrx_word' id='word_1_114' title='bbox 330 1562 642 1636; x_wconf 77' lang='grc' dir='ltr'>ἐπισκέπτῃ</span> <span class='ocrx_word' id='word_1_115' title='bbox 675 1565 875 1631; x_wconf 77' lang='grc' dir='ltr'>αὐτόν;</span> <span class='ocrx_word' id='word_1_116' title='bbox 908 1586 925 1616; x_wconf 76' lang='grc' dir='ltr'><strong>ι</strong></span> <span class='ocrx_word' id='word_1_117' title='bbox 969 1567 1107 1620; x_wconf 82' lang='grc' dir='ltr'>’Λνθ’</span> <span class='ocrx_word' id='word_1_118' title='bbox 1152 1563 1213 1622; x_wconf 77' lang='grc' dir='ltr'>οὗ</span> <span class='ocrx_word' id='word_1_119' title='bbox 1268 1570 1326 1621; x_wconf 79' lang='grc' dir='ltr'><strong>τὸ</strong></span> <span class='ocrx_word' id='word_1_120' title='bbox 1377 1568 1660 1640; x_wconf 78' lang='grc' dir='ltr'>Ἑϐραῖκὸν</span> <span class='ocrx_word' id='word_1_121' title='bbox 1708 1570 1801 1622; x_wconf 73' lang='grc' dir='ltr'><strong>ἐπὶ</strong></span> 
     </span>
    </p>
   </div>
   <div class='ocr_carea' id='block_1_18' title="bbox 216 1654 1799 1730">
    <p class='ocr_par' dir='ltr' id='par_1_18' title="bbox 216 1654 1799 1730">
     <span class='ocr_line' id='line_1_18' title="bbox 216 1654 1799 1730; baseline 0.005 -26"><span class='ocrx_word' id='word_1_122' title='bbox 216 1654 319 1721; x_wconf 74' lang='grc' dir='ltr'><strong>μὲν</strong></span> <span class='ocrx_word' id='word_1_123' title='bbox 358 1654 457 1724; x_wconf 76' lang='grc' dir='ltr'>τῆς</span> <span class='ocrx_word' id='word_1_124' title='bbox 511 1654 729 1726; x_wconf 79' lang='grc' dir='ltr'>πρώτης</span> <span class='ocrx_word' id='word_1_125' title='bbox 779 1655 873 1709; x_wconf 81' lang='grc' dir='ltr'><strong>τοῦ</strong></span> <span class='ocrx_word' id='word_1_126' title='bbox 923 1656 1209 1729; x_wconf 82' lang='grc' dir='ltr'>ἀνθρώπου</span> <span class='ocrx_word' id='word_1_127' title='bbox 1241 1658 1483 1730; x_wconf 80' lang='grc' dir='ltr'>κλήσεως</span> <span class='ocrx_word' id='word_1_128' title='bbox 1522 1660 1582 1712; x_wconf 86' lang='grc' dir='ltr'><strong>τὸ</strong></span> <span class='ocrx_word' id='word_1_129' title='bbox 1638 1659 1799 1723; x_wconf 85' lang='grc' dir='ltr'>Ἑνὼς</span> 
     </span>
    </p>
   </div>
   <div class='ocr_carea' id='block_1_19' title="bbox 214 1746 1798 1821">
    <p class='ocr_par' dir='ltr' id='par_1_19' title="bbox 214 1746 1798 1821">
     <span class='ocr_line' id='line_1_19' title="bbox 214 1746 1798 1821; baseline 0.005 -25"><span class='ocrx_word' id='word_1_130' title='bbox 214 1746 574 1815; x_wconf 62' lang='grc' dir='ltr'>περιείλησεν</span> <span class='ocrx_word' id='word_1_131' title='bbox 594 1764 606 1777; x_wconf 87' lang='grc'><strong>·</strong></span> <span class='ocrx_word' id='word_1_132' title='bbox 637 1747 766 1801; x_wconf 73' lang='grc' dir='ltr'>ὡσεὶ</span> <span class='ocrx_word' id='word_1_133' title='bbox 789 1749 939 1816; x_wconf 77' lang='grc' dir='ltr'>ἔλεγε</span> <span class='ocrx_word' id='word_1_134' title='bbox 963 1750 1293 1821; x_wconf 80' lang='grc' dir='ltr'>σαφέστερον</span> <span class='ocrx_word' id='word_1_135' title='bbox 1319 1769 1331 1781; x_wconf 76' lang='grc' dir='ltr'><strong>ο</strong></span> <span class='ocrx_word' id='word_1_136' title='bbox 1373 1754 1435 1804; x_wconf 82' lang='lat' dir='ltr'><strong>Ti</strong></span> <span class='ocrx_word' id='word_1_137' title='bbox 1469 1746 1620 1816; x_wconf 71' lang='grc' dir='ltr'>οὗτός</span> <span class='ocrx_word' id='word_1_138' title='bbox 1651 1754 1798 1805; x_wconf 83' lang='grc' dir='ltr'>ἐστιν</span> 
     </span>
    </p>
   </div>
   <div class='ocr_carea' id='block_1_20' title="bbox 1915 563 3482 638">
    <p class='ocr_par' dir='ltr' id='par_1_20' title="bbox 1915 563 3482 638">
     <span class='ocr_line' id='line_1_20' title="bbox 1915 563 3482 638; baseline 0 -16"><span class='ocrx_word' id='word_1_139' title='bbox 1915 583 2078 638; x_wconf 90' lang='lat' dir='ltr'><strong>quam</strong></span> <span class='ocrx_word' id='word_1_140' title='bbox 2111 576 2165 621; x_wconf 92' lang='lat' dir='ltr'><strong>et</strong></span> <span class='ocrx_word' id='word_1_141' title='bbox 2192 567 2297 621; x_wconf 90' lang='lat' dir='ltr'><strong>alia</strong></span> <span class='ocrx_word' id='word_1_142' title='bbox 2338 578 2557 635; x_wconf 91' lang='lat' dir='ltr'><strong>quoque</strong></span> <span class='ocrx_word' id='word_1_143' title='bbox 2580 564 2953 633; x_wconf 76' lang='lat' dir='ltr'><strong>appellationis</strong></span> <span class='ocrx_word' id='word_1_144' title='bbox 2983 563 3145 633; x_wconf 90' lang='lat' dir='ltr'><strong>hujus</strong></span> <span class='ocrx_word' id='word_1_145' title='bbox 3178 564 3319 619; x_wconf 90' lang='lat' dir='ltr'><strong>ratio</strong></span> <span class='ocrx_word' id='word_1_146' title='bbox 3358 580 3482 622; x_wconf 78' lang='lat' dir='ltr'><strong>esse</strong></span> 
     </span>
    </p>
   </div>
   <div class='ocr_carea' id='block_1_21' title="bbox 1915 652 3481 726">
    <p class='ocr_par' dir='ltr' id='par_1_21' title="bbox 1915 652 3481 726">
     <span class='ocr_line' id='line_1_21' title="bbox 1915 652 3481 726; baseline 0.002 -17"><span class='ocrx_word' id='word_1_147' title='bbox 1915 664 2114 726; x_wconf 90' lang='lat' dir='ltr'><strong>potest,</strong></span> <span class='ocrx_word' id='word_1_148' title='bbox 2145 656 2301 725; x_wconf 91' lang='lat' dir='ltr'><strong>quasi</strong></span> <span class='ocrx_word' id='word_1_149' title='bbox 2340 670 2406 709; x_wconf 85' lang='lat' dir='ltr'><strong>ex</strong></span> <span class='ocrx_word' id='word_1_150' title='bbox 2435 652 2603 707; x_wconf 92' lang='lat' dir='ltr'><strong>rubro</strong></span> <span class='ocrx_word' id='word_1_151' title='bbox 2637 652 2817 707; x_wconf 90' lang='lat' dir='ltr'><strong>colore</strong></span> <span class='ocrx_word' id='word_1_152' title='bbox 2860 653 3113 720; x_wconf 82' lang='lat' dir='ltr'><strong>ducatur,</strong></span> <span class='ocrx_word' id='word_1_153' title='bbox 3153 662 3206 707; x_wconf 91' lang='lat' dir='ltr'><strong>et</strong></span> <span class='ocrx_word' id='word_1_154' title='bbox 3235 654 3481 725; x_wconf 87' lang='lat' dir='ltr'><strong>corporis</strong></span> 
     </span>
    </p>
   </div>
   <div class='ocr_carea' id='block_1_22' title="bbox 1914 742 3479 814">
    <p class='ocr_par' dir='ltr' id='par_1_22' title="bbox 1914 742 3479 814">
     <span class='ocr_line' id='line_1_22' title="bbox 1914 742 3479 814; baseline 0.001 -15"><span class='ocrx_word' id='word_1_155' title='bbox 1914 755 2167 799; x_wconf 88' lang='lat' dir='ltr'><strong>naturam</strong></span> <span class='ocrx_word' id='word_1_156' title='bbox 2210 750 2581 814; x_wconf 86' lang='lat' dir='ltr'><strong>repraesentet.</strong></span> <span class='ocrx_word' id='word_1_157' title='bbox 2628 742 2898 797; x_wconf 75' lang='lat' dir='ltr'><strong>Czeterum</strong></span> <span class='ocrx_word' id='word_1_158' title='bbox 2940 743 3214 797; x_wconf 84' lang='lat' dir='ltr'><strong>hominem</strong></span> <span class='ocrx_word' id='word_1_159' title='bbox 3263 744 3479 813; x_wconf 86' lang='lat' dir='ltr'><strong>quidem</strong></span> 
     </span>
    </p>
   </div>
   <div class='ocr_carea' id='block_1_23' title="bbox 1912 835 3479 904">
    <p class='ocr_par' dir='ltr' id='par_1_23' title="bbox 1912 835 3479 904">
     <span class='ocr_line' id='line_1_23' title="bbox 1912 835 3479 904; baseline -0.001 -13"><span class='ocrx_word' id='word_1_160' title='bbox 1912 836 2145 903; x_wconf 82' lang='lat' dir='ltr'><strong>Hebraei,</strong></span> <span class='ocrx_word' id='word_1_161' title='bbox 2180 839 2272 893; x_wconf 91' lang='lat' dir='ltr'><strong>sed</strong></span> <span class='ocrx_word' id='word_1_162' title='bbox 2303 844 2601 901; x_wconf 91' lang='lat' dir='ltr'><strong>terrenum,</strong></span> <span class='ocrx_word' id='word_1_163' title='bbox 2648 844 2810 904; x_wconf 88' lang='lat' dir='ltr'><strong>atque</strong></span> <span class='ocrx_word' id='word_1_164' title='bbox 2854 851 2917 890; x_wconf 78' lang='lat' dir='ltr'><strong>ex</strong></span> <span class='ocrx_word' id='word_1_165' title='bbox 2961 846 3103 890; x_wconf 90' lang='lat' dir='ltr'><strong>terra</strong></span> <span class='ocrx_word' id='word_1_166' title='bbox 3148 835 3332 890; x_wconf 89' lang='lat' dir='ltr'><strong>ﬁctum</strong></span> <span class='ocrx_word' id='word_1_167' title='bbox 3376 851 3479 890; x_wconf 88' lang='lat' dir='ltr'><strong>na-</strong></span> 
     </span>
    </p>
   </div>
   <div class='ocr_carea' id='block_1_24' title="bbox 1912 926 3477 999">
    <p class='ocr_par' dir='ltr' id='par_1_24' title="bbox 1912 926 3477 999">
     <span class='ocr_line' id='line_1_24' title="bbox 1912 926 3477 999; baseline -0.002 -16"><span class='ocrx_word' id='word_1_168' title='bbox 1912 937 2156 999; x_wconf 90' lang='lat' dir='ltr'><strong>tumque,</strong></span> <span class='ocrx_word' id='word_1_169' title='bbox 2182 930 2264 983; x_wconf 94' lang='lat' dir='ltr'><strong>vel</strong></span> <span class='ocrx_word' id='word_1_170' title='bbox 2299 944 2365 983; x_wconf 80' lang='lat' dir='ltr'><strong>ex</strong></span> <span class='ocrx_word' id='word_1_171' title='bbox 2397 942 2623 998; x_wconf 87' lang='lat' dir='ltr'><strong>corpore</strong></span> <span class='ocrx_word' id='word_1_172' title='bbox 2659 942 2932 997; x_wconf 90' lang='lat' dir='ltr'><strong>carneque</strong></span> <span class='ocrx_word' id='word_1_173' title='bbox 2964 927 3252 982; x_wconf 85' lang='lat' dir='ltr'><strong>conﬂatum</strong></span> <span class='ocrx_word' id='word_1_174' title='bbox 3284 926 3477 981; x_wconf 87' lang='lat' dir='ltr'><strong>Adami</strong></span> 
     </span>
    </p>
   </div>
   <div class='ocr_carea' id='block_1_25' title="bbox 1912 1018 3480 1091">
    <p class='ocr_par' dir='ltr' id='par_1_25' title="bbox 1912 1018 3480 1091">
     <span class='ocr_line' id='line_1_25' title="bbox 1912 1018 3480 1091; baseline -0.001 -17"><span class='ocrx_word' id='word_1_175' title='bbox 1912 1020 2133 1074; x_wconf 91' lang='lat' dir='ltr'><strong>nomine</strong></span> <span class='ocrx_word' id='word_1_176' title='bbox 2163 1018 2474 1089; x_wconf 86' lang='lat' dir='ltr'><strong>signiﬁcant</strong></span> <span class='ocrx_word' id='word_1_177' title='bbox 2508 1037 2521 1073; x_wconf 90' lang='lat'><strong>:</strong></span> <span class='ocrx_word' id='word_1_178' title='bbox 2554 1027 2610 1073; x_wconf 89' lang='lat' dir='ltr'><strong>at</strong></span> <span class='ocrx_word' id='word_1_179' title='bbox 2653 1018 2927 1073; x_wconf 86' lang='lat' dir='ltr'><strong>hominem</strong></span> <span class='ocrx_word' id='word_1_180' title='bbox 2967 1018 3095 1073; x_wconf 91' lang='lat' dir='ltr'><strong>dum</strong></span> <span class='ocrx_word' id='word_1_181' title='bbox 3128 1020 3347 1089; x_wconf 86' lang='lat' dir='ltr'><strong>proprie</strong></span> <span class='ocrx_word' id='word_1_182' title='bbox 3384 1035 3480 1091; x_wconf 89' lang='lat' dir='ltr'><strong>ap-</strong></span> 
     </span>
    </p>
   </div>
   <div class='ocr_carea' id='block_1_26' title="bbox 1910 1110 3476 1185">
    <p class='ocr_par' dir='ltr' id='par_1_26' title="bbox 1910 1110 3476 1185">
     <span class='ocr_line' id='line_1_26' title="bbox 1910 1110 3476 1185; baseline -0.001 -17"><span class='ocrx_word' id='word_1_183' title='bbox 1910 1114 2112 1185; x_wconf 88' lang='lat' dir='ltr'><strong>pellare</strong></span> <span class='ocrx_word' id='word_1_184' title='bbox 2158 1113 2367 1175; x_wconf 92' lang='lat' dir='ltr'><strong>volunt,</strong></span> <span class='ocrx_word' id='word_1_185' title='bbox 2399 1127 2587 1167; x_wconf 89' lang='lat' dir='ltr'><strong>vocem</strong></span> <span class='ocrx_word' id='word_1_186' title='bbox 2641 1110 2785 1165; x_wconf 88' lang='lat' dir='ltr'><strong>Enos</strong></span> <span class='ocrx_word' id='word_1_187' title='bbox 2814 1126 3077 1179; x_wconf 84' lang='lat' dir='ltr'><strong>usurpare</strong></span> <span class='ocrx_word' id='word_1_188' title='bbox 3122 1112 3315 1175; x_wconf 84' lang='lat' dir='ltr'><strong>solent,</strong></span> <span class='ocrx_word' id='word_1_189' title='bbox 3369 1128 3476 1182; x_wconf 86' lang='lat' dir='ltr'><strong>qua</strong></span> 
     </span>
    </p>
   </div>
   <div class='ocr_carea' id='block_1_27' title="bbox 1912 1202 3480 1273">
    <p class='ocr_par' dir='ltr' id='par_1_27' title="bbox 1912 1202 3480 1273">
     <span class='ocr_line' id='line_1_27' title="bbox 1912 1202 3480 1273; baseline 0 -15"><span class='ocrx_word' id='word_1_190' title='bbox 1912 1206 2075 1259; x_wconf 91' lang='lat' dir='ltr'><strong>homo</strong></span> <span class='ocrx_word' id='word_1_191' title='bbox 2104 1205 2193 1259; x_wconf 91' lang='lat' dir='ltr'><strong>ille</strong></span> <span class='ocrx_word' id='word_1_192' title='bbox 2222 1213 2406 1258; x_wconf 89' lang='lat' dir='ltr'><strong>noster</strong></span> <span class='ocrx_word' id='word_1_193' title='bbox 2436 1203 2646 1257; x_wconf 84' lang='lat' dir='ltr'><strong>ratione</strong></span> <span class='ocrx_word' id='word_1_194' title='bbox 2675 1202 2953 1273; x_wconf 66' lang='lat' dir='ltr'><strong>praeditus,</strong></span> <span class='ocrx_word' id='word_1_195' title='bbox 2985 1212 3144 1272; x_wconf 87' lang='lat' dir='ltr'><strong>atqne</strong></span> <span class='ocrx_word' id='word_1_196' title='bbox 3171 1202 3237 1256; x_wconf 87' lang='lat' dir='ltr'><strong>ab</strong></span> <span class='ocrx_word' id='word_1_197' title='bbox 3265 1212 3480 1258; x_wconf 87' lang='lat' dir='ltr'><strong>terreno</strong></span> 
     </span>
    </p>
   </div>
   <div class='ocr_carea' id='block_1_28' title="bbox 1908 1292 3477 1364">
    <p class='ocr_par' dir='ltr' id='par_1_28' title="bbox 1908 1292 3477 1364">
     <span class='ocr_line' id='line_1_28' title="bbox 1908 1292 3477 1364; baseline 0.001 -16"><span class='ocrx_word' id='word_1_198' title='bbox 1908 1295 2117 1349; x_wconf 82' lang='lat' dir='ltr'><strong>Adamo</strong></span> <span class='ocrx_word' id='word_1_199' title='bbox 2164 1305 2358 1349; x_wconf 89' lang='lat' dir='ltr'><strong>natura</strong></span> <span class='ocrx_word' id='word_1_200' title='bbox 2417 1296 2699 1364; x_wconf 89' lang='lat' dir='ltr'><strong>sejunctus</strong></span> <span class='ocrx_word' id='word_1_201' title='bbox 2748 1296 3103 1363; x_wconf 78' lang='lat' dir='ltr'><strong>exprimatur.</strong></span> <span class='ocrx_word' id='word_1_202' title='bbox 3155 1292 3269 1348; x_wconf 85' lang='lat' dir='ltr'><strong>Hoc</strong></span> <span class='ocrx_word' id='word_1_203' title='bbox 3314 1296 3477 1349; x_wconf 86' lang='lat' dir='ltr'><strong>etiam</strong></span> 
     </span>
    </p>
   </div>
   <div class='ocr_carea' id='block_1_29' title="bbox 1908 1383 3476 1454">
    <p class='ocr_par' dir='ltr' id='par_1_29' title="bbox 1908 1383 3476 1454">
     <span class='ocr_line' id='line_1_29' title="bbox 1908 1383 3476 1454; baseline 0.001 -17"><span class='ocrx_word' id='word_1_204' title='bbox 1908 1383 2055 1439; x_wconf 82' lang='lat' dir='ltr'><strong>Enos</strong></span> <span class='ocrx_word' id='word_1_205' title='bbox 2088 1384 2363 1454; x_wconf 82' lang='lat' dir='ltr'><strong>singulare</strong></span> <span class='ocrx_word' id='word_1_206' title='bbox 2394 1386 2576 1447; x_wconf 84' lang='lat' dir='ltr'><strong>habet,</strong></span> <span class='ocrx_word' id='word_1_207' title='bbox 2610 1394 2668 1438; x_wconf 94' lang='lat' dir='ltr'><strong>ut</strong></span> <span class='ocrx_word' id='word_1_208' title='bbox 2694 1386 3047 1437; x_wconf 79' lang='lat' dir='ltr'><strong>immemorem</strong></span> <span class='ocrx_word' id='word_1_209' title='bbox 3079 1383 3265 1438; x_wconf 68' lang='lat' dir='ltr'><strong>Graeca</strong></span> <span class='ocrx_word' id='word_1_210' title='bbox 3293 1384 3476 1453; x_wconf 82' lang='lat' dir='ltr'><strong>lingua</strong></span> 
     </span>
    </p>
   </div>
   <div class='ocr_carea' id='block_1_30' title="bbox 1909 1475 3477 1546">
    <p class='ocr_par' dir='ltr' id='par_1_30' title="bbox 1909 1475 3477 1546">
     <span class='ocr_line' id='line_1_30' title="bbox 1909 1475 3477 1546; baseline -0.001 -16"><span class='ocrx_word' id='word_1_211' title='bbox 1909 1476 2197 1546; x_wconf 88' lang='lat' dir='ltr'><strong>signiticet.</strong></span> <span class='ocrx_word' id='word_1_212' title='bbox 2234 1475 2524 1531; x_wconf 86' lang='lat' dir='ltr'><strong>Enimvero</strong></span> <span class='ocrx_word' id='word_1_213' title='bbox 2574 1476 2624 1531; x_wconf 87' lang='lat' dir='ltr'><strong>id</strong></span> <span class='ocrx_word' id='word_1_214' title='bbox 2660 1477 2708 1529; x_wconf 91' lang='lat' dir='ltr'><strong>ei</strong></span> <span class='ocrx_word' id='word_1_215' title='bbox 2745 1475 2879 1545; x_wconf 88' lang='lat' dir='ltr'><strong>parti</strong></span> <span class='ocrx_word' id='word_1_216' title='bbox 2936 1487 3174 1539; x_wconf 68' lang='lat' dir='ltr'><strong>nostrae,</strong></span> <span class='ocrx_word' id='word_1_217' title='bbox 3217 1491 3339 1544; x_wconf 71' lang='lat' dir='ltr'><strong>qua:</strong></span> <span class='ocrx_word' id='word_1_218' title='bbox 3382 1477 3477 1529; x_wconf 88' lang='lat' dir='ltr'><strong>ad-</strong></span> 
     </span>
    </p>
   </div>
   <div class='ocr_carea' id='block_1_31' title="bbox 1901 1572 3475 1643">
    <p class='ocr_par' dir='ltr' id='par_1_31' title="bbox 1901 1572 3475 1643">
     <span class='ocr_line' id='line_1_31' title="bbox 1901 1572 3475 1643; baseline -0.001 -16"><span class='ocrx_word' id='word_1_219' title='bbox 1901 1575 2145 1643; x_wconf 91' lang='lat' dir='ltr'><strong>junctam</strong></span> <span class='ocrx_word' id='word_1_220' title='bbox 2190 1574 2454 1628; x_wconf 90' lang='lat' dir='ltr'><strong>rationem</strong></span> <span class='ocrx_word' id='word_1_221' title='bbox 2495 1573 2676 1634; x_wconf 86' lang='lat' dir='ltr'><strong>habet,</strong></span> <span class='ocrx_word' id='word_1_222' title='bbox 2708 1582 2925 1641; x_wconf 88' lang='lat' dir='ltr'><strong>propter</strong></span> <span class='ocrx_word' id='word_1_223' title='bbox 2954 1572 3074 1640; x_wconf 87' lang='lat' dir='ltr'><strong>ejus</strong></span> <span class='ocrx_word' id='word_1_224' title='bbox 3101 1588 3223 1626; x_wconf 90' lang='lat' dir='ltr'><strong>cum</strong></span> <span class='ocrx_word' id='word_1_225' title='bbox 3258 1572 3475 1626; x_wconf 85' lang='lat' dir='ltr'><strong>mortali</strong></span> 
     </span>
    </p>
   </div>
   <div class='ocr_carea' id='block_1_32' title="bbox 1905 1664 3474 1734">
    <p class='ocr_par' dir='ltr' id='par_1_32' title="bbox 1905 1664 3474 1734">
     <span class='ocr_line' id='line_1_32' title="bbox 1905 1664 3474 1734; baseline -0.001 -13"><span class='ocrx_word' id='word_1_226' title='bbox 1905 1676 1961 1721; x_wconf 88' lang='lat' dir='ltr'><strong>et</strong></span> <span class='ocrx_word' id='word_1_227' title='bbox 1996 1667 2227 1721; x_wconf 90' lang='lat' dir='ltr'><strong>rationis</strong></span> <span class='ocrx_word' id='word_1_228' title='bbox 2258 1676 2478 1734; x_wconf 81' lang='lat' dir='ltr'><strong>experte</strong></span> <span class='ocrx_word' id='word_1_229' title='bbox 2510 1666 2930 1730; x_wconf 86' lang='lat' dir='ltr'><strong>commercium,</strong></span> <span class='ocrx_word' id='word_1_230' title='bbox 2967 1682 3067 1720; x_wconf 88' lang='lat' dir='ltr'><strong>usu</strong></span> <span class='ocrx_word' id='word_1_231' title='bbox 3123 1665 3289 1719; x_wconf 89' lang='lat' dir='ltr'><strong>venit.</strong></span> <span class='ocrx_word' id='word_1_232' title='bbox 3338 1664 3474 1720; x_wconf 89' lang='lat' dir='ltr'><strong>Nam</strong></span> 
     </span>
    </p>
   </div>
   <div class='ocr_carea' id='block_1_33' title="bbox 1908 1755 3473 1835">
    <p class='ocr_par' dir='ltr' id='par_1_33' title="bbox 1908 1755 3473 1835">
     <span class='ocr_line' id='line_1_33' title="bbox 1908 1755 3473 1835; baseline -0.001 -25"><span class='ocrx_word' id='word_1_233' title='bbox 1908 1756 1961 1810; x_wconf 92' lang='lat' dir='ltr'><strong>id</strong></span> <span class='ocrx_word' id='word_1_234' title='bbox 1999 1773 2153 1821; x_wconf 89' lang='lat' dir='ltr'><strong>sane,</strong></span> <span class='ocrx_word' id='word_1_235' title='bbox 2193 1756 2336 1825; x_wconf 92' lang='lat' dir='ltr'><strong>quod</strong></span> <span class='ocrx_word' id='word_1_236' title='bbox 2366 1772 2562 1826; x_wconf 90' lang='lat' dir='ltr'><strong>purum</strong></span> <span class='ocrx_word' id='word_1_237' title='bbox 2613 1755 2871 1818; x_wconf 88' lang='lat' dir='ltr'><strong>omnino,</strong></span> <span class='ocrx_word' id='word_1_238' title='bbox 2906 1756 3047 1823; x_wconf 90' lang='lat' dir='ltr'><strong>quod</strong></span> <span class='ocrx_word' id='word_1_239' title='bbox 3082 1756 3199 1809; x_wconf 88' lang='lat' dir='ltr'><strong>sine</strong></span> <span class='ocrx_word' id='word_1_240' title='bbox 3226 1770 3473 1835; x_wconf 85' lang='lat' dir='ltr'><strong>corpore,</strong></span> 
     </span>
    </p>
   </div>
   <div class='ocr_carea' id='block_1_34' title="bbox 212 1834 1796 1917">
    <p class='ocr_par' dir='ltr' id='par_1_34' title="bbox 212 1834 1796 1915">
     <span class='ocr_line' id='line_1_34' title="bbox 212 1834 1796 1915; baseline 0.006 -28"><span class='ocrx_word' id='word_1_241' title='bbox 212 1838 240 1888; x_wconf 74' lang='grc' dir='ltr'>ὁ</span> <span class='ocrx_word' id='word_1_242' title='bbox 266 1836 611 1907; x_wconf 77' lang='grc' dir='ltr'>ἐπιλήσμων,</span> <span class='ocrx_word' id='word_1_243' title='bbox 637 1839 717 1891; x_wconf 79' lang='grc' dir='ltr'><strong>ὅτι</strong></span> <span class='ocrx_word' id='word_1_244' title='bbox 749 1840 834 1903; x_wconf 69' lang='grc' dir='ltr'><strong>σὺ,</strong></span> <span class='ocrx_word' id='word_1_245' title='bbox 862 1834 906 1892; x_wconf 81' lang='grc' dir='ltr'><strong>ὦ</strong></span> <span class='ocrx_word' id='word_1_246' title='bbox 928 1840 1047 1903; x_wconf 84' lang='grc' dir='ltr'><strong>Θεέ,</strong></span> <span class='ocrx_word' id='word_1_247' title='bbox 1080 1842 1359 1913; x_wconf 84' lang='grc' dir='ltr'>μιμνήσκῃ</span> <span class='ocrx_word' id='word_1_248' title='bbox 1385 1843 1569 1909; x_wconf 77' lang='grc' dir='ltr'>αὑτοῦ,</span> <span class='ocrx_word' id='word_1_249' title='bbox 1600 1844 1796 1915; x_wconf 73' lang='grc' dir='ltr'>καίπερ</span> 
     </span>
    </p>
   </div>
   <div class='ocr_carea' id='block_1_35' title="bbox 1897 1834 3473 1917">
    <p class='ocr_par' dir='ltr' id='par_1_35' title="bbox 1900 1834 3473 1917">
     <span class='ocr_line' id='line_1_35' title="bbox 1900 1834 3473 1917; baseline -0.001 -15"><span class='ocrx_word' id='word_1_250' title='bbox 1900 1848 2045 1917; x_wconf 91' lang='lat' dir='ltr'><strong>quod</strong></span> <span class='ocrx_word' id='word_1_251' title='bbox 2073 1849 2317 1902; x_wconf 89' lang='lat' dir='ltr'><strong>divinum</strong></span> <span class='ocrx_word' id='word_1_252' title='bbox 2350 1863 2414 1901; x_wconf 90' lang='lat' dir='ltr'><strong>ac</strong></span> <span class='ocrx_word' id='word_1_253' title='bbox 2440 1847 2649 1901; x_wconf 87' lang='lat' dir='ltr'><strong>ratione</strong></span> <span class='ocrx_word' id='word_1_254' title='bbox 2681 1847 2963 1916; x_wconf 67' lang='lat' dir='ltr'><strong>prmditum</strong></span> <span class='ocrx_word' id='word_1_255' title='bbox 2990 1857 3092 1909; x_wconf 88' lang='lat' dir='ltr'><strong>est,</strong></span> <span class='ocrx_word' id='word_1_256' title='bbox 3113 1862 3218 1901; x_wconf 92' lang='lat' dir='ltr'><strong>non</strong></span> <span class='ocrx_word' id='word_1_257' title='bbox 3251 1834 3473 1916; x_wconf 65' lang='lat' dir='ltr'><strong>praeter-</strong></span> 
     </span>
    </p>
   </div>
   <div class='ocr_carea' id='block_1_36' title="bbox 212 1928 1798 2005">
    <p class='ocr_par' dir='ltr' id='par_1_36' title="bbox 212 1928 1798 2005">
     <span class='ocr_line' id='line_1_36' title="bbox 212 1928 1798 2005; baseline 0.005 -24"><span class='ocrx_word' id='word_1_258' title='bbox 212 1928 373 1992; x_wconf 74' lang='grc' dir='ltr'>ὄντος</span> <span class='ocrx_word' id='word_1_259' title='bbox 401 1929 798 2000; x_wconf 80' lang='grc' dir='ltr'>ἐπιλήσμονος;</span> <span class='ocrx_word' id='word_1_260' title='bbox 829 1932 901 1984; x_wconf 82' lang='grc' dir='ltr'><strong>Τὸ</strong></span> <span class='ocrx_word' id='word_1_261' title='bbox 932 1933 1007 1996; x_wconf 78' lang='grc' dir='ltr'>δὲ,</span> <span class='ocrx_word' id='word_1_262' title='bbox 1040 1953 1057 1983; x_wconf 88' lang='grc'><strong>‹</strong></span> <span class='ocrx_word' id='word_1_263' title='bbox 1092 1934 1162 1986; x_wconf 77' lang='grc' dir='ltr'><strong>’Ἡ</strong></span> <span class='ocrx_word' id='word_1_264' title='bbox 1193 1935 1307 1997; x_wconf 79' lang='grc' dir='ltr'>υἱὸς</span> <span class='ocrx_word' id='word_1_265' title='bbox 1340 1934 1622 2005; x_wconf 80' lang='grc' dir='ltr'>ἀνθρώπου</span> <span class='ocrx_word' id='word_1_266' title='bbox 1645 1977 1659 2001; x_wconf 93' lang='grc'><strong>,</strong></span> <span class='ocrx_word' id='word_1_267' title='bbox 1718 1938 1798 1989; x_wconf 83' lang='grc' dir='ltr'><strong>ὅτι</strong></span> 
     </span>
    </p>
   </div>
   <div class='ocr_carea' id='block_1_37' title="bbox 212 2023 1798 2100">
    <p class='ocr_par' dir='ltr' id='par_1_37' title="bbox 212 2023 1798 2100">
     <span class='ocr_line' id='line_1_37' title="bbox 212 2023 1798 2100; baseline 0.006 -26"><span class='ocrx_word' id='word_1_268' title='bbox 212 2023 529 2093; x_wconf 76' lang='grc' dir='ltr'>ἐπισκέπτῃ</span> <span class='ocrx_word' id='word_1_269' title='bbox 561 2024 753 2088; x_wconf 73' lang='grc' dir='ltr'>αὑτόνς</span> <span class='ocrx_word' id='word_1_270' title='bbox 780 2044 798 2076; x_wconf 74' lang='grc' dir='ltr'><strong>ι</strong></span> <span class='ocrx_word' id='word_1_271' title='bbox 835 2044 852 2077; x_wconf 87' lang='grc'><em>‹</em></span> <span class='ocrx_word' id='word_1_272' title='bbox 889 2027 958 2078; x_wconf 89' lang='grc' dir='ltr'>Ἢ</span> <span class='ocrx_word' id='word_1_273' title='bbox 1002 2026 1116 2089; x_wconf 79' lang='grc' dir='ltr'>υἱὸς</span> <span class='ocrx_word' id='word_1_274' title='bbox 1167 2028 1335 2097; x_wconf 74' lang='grc' dir='ltr'>Ἀδὰμ</span> <span class='ocrx_word' id='word_1_275' title='bbox 1372 2046 1388 2079; x_wconf 78' lang='grc' dir='ltr'><strong>ι</strong></span> <span class='ocrx_word' id='word_1_276' title='bbox 1421 2030 1600 2081; x_wconf 87' lang='grc' dir='ltr'>κεῖται</span> <span class='ocrx_word' id='word_1_277' title='bbox 1649 2030 1798 2100; x_wconf 77' lang='grc' dir='ltr'>παρὰ</span> 
     </span>
    </p>
   </div>
   <div class='ocr_carea' id='block_1_38' title="bbox 212 2114 1798 2193">
    <p class='ocr_par' dir='ltr' id='par_1_38' title="bbox 212 2114 1798 2193">
     <span class='ocr_line' id='line_1_38' title="bbox 212 2114 1798 2193; baseline 0.006 -26"><span class='ocrx_word' id='word_1_278' title='bbox 212 2118 328 2177; x_wconf 86' lang='grc' dir='ltr'>τοῖς</span> <span class='ocrx_word' id='word_1_279' title='bbox 353 2116 739 2187; x_wconf 77' lang='grc' dir='ltr'>δηλουμένοις·</span> <span class='ocrx_word' id='word_1_280' title='bbox 781 2119 857 2181; x_wconf 86' lang='grc' dir='ltr'><strong>ὡς</strong></span> <span class='ocrx_word' id='word_1_281' title='bbox 880 2114 1015 2172; x_wconf 80' lang='grc' dir='ltr'>εἶναι</span> <span class='ocrx_word' id='word_1_282' title='bbox 1052 2122 1141 2173; x_wconf 85' lang='grc' dir='ltr'><strong>τὸν</strong></span> <span class='ocrx_word' id='word_1_283' title='bbox 1174 2122 1333 2174; x_wconf 80' lang='grc' dir='ltr'>αὐτὸν</span> <span class='ocrx_word' id='word_1_284' title='bbox 1372 2122 1465 2175; x_wconf 78' lang='grc' dir='ltr'><strong>καὶ</strong></span> <span class='ocrx_word' id='word_1_285' title='bbox 1514 2122 1681 2193; x_wconf 78' lang='grc' dir='ltr'>Ἀδάμ</span> <span class='ocrx_word' id='word_1_286' title='bbox 1704 2124 1798 2177; x_wconf 77' lang='grc' dir='ltr'><strong>καὶ</strong></span> 
     </span>
    </p>
   </div>
   <div class='ocr_carea' id='block_1_39' title="bbox 226 2204 1799 2285">
    <p class='ocr_par' dir='ltr' id='par_1_39' title="bbox 226 2204 1799 2285">
     <span class='ocr_line' id='line_1_39' title="bbox 226 2204 1799 2285; baseline 0.006 -25"><span class='ocrx_word' id='word_1_287' title='bbox 226 2204 398 2270; x_wconf 78' lang='grc' dir='ltr'>Ἐνώς</span> <span class='ocrx_word' id='word_1_288' title='bbox 421 2223 432 2234; x_wconf 87' lang='lat'><strong>&#39;</strong></span> <span class='ocrx_word' id='word_1_289' title='bbox 464 2208 559 2259; x_wconf 89' lang='grc' dir='ltr'><strong>τοῦ</strong></span> <span class='ocrx_word' id='word_1_290' title='bbox 597 2208 696 2278; x_wconf 81' lang='grc' dir='ltr'><strong>μὲν</strong></span> <span class='ocrx_word' id='word_1_291' title='bbox 730 2211 993 2281; x_wconf 84' lang='grc' dir='ltr'>σαρκικοῦ</span> <span class='ocrx_word' id='word_1_292' title='bbox 1026 2212 1111 2264; x_wconf 77' lang='grc' dir='ltr'>διὰ</span> <span class='ocrx_word' id='word_1_293' title='bbox 1133 2212 1226 2266; x_wconf 88' lang='grc' dir='ltr'><strong>τοῦ</strong></span> <span class='ocrx_word' id='word_1_294' title='bbox 1269 2213 1458 2285; x_wconf 79' lang='grc' dir='ltr'>Ἀδὰμ,</span> <span class='ocrx_word' id='word_1_295' title='bbox 1490 2215 1583 2268; x_wconf 89' lang='grc' dir='ltr'><strong>τοῦ</strong></span> <span class='ocrx_word' id='word_1_296' title='bbox 1621 2216 1678 2268; x_wconf 84' lang='grc' dir='ltr'><strong>δέ</strong></span> <span class='ocrx_word' id='word_1_297' title='bbox 1712 2216 1799 2268; x_wconf 88' lang='grc' dir='ltr'>λο-</span> 
     </span>
    </p>
   </div>
   <div class='ocr_carea' id='block_1_40' title="bbox 212 2299 1797 2379">
    <p class='ocr_par' dir='ltr' id='par_1_40' title="bbox 212 2299 1797 2379">
     <span class='ocr_line' id='line_1_40' title="bbox 212 2299 1797 2379; baseline 0.007 -28"><span class='ocrx_word' id='word_1_298' title='bbox 212 2299 373 2369; x_wconf 86' lang='grc' dir='ltr'>γικοῦ</span> <span class='ocrx_word' id='word_1_299' title='bbox 431 2300 519 2353; x_wconf 77' lang='grc' dir='ltr'>διὰ</span> <span class='ocrx_word' id='word_1_300' title='bbox 568 2299 660 2352; x_wconf 86' lang='grc' dir='ltr'><strong>τοῦ</strong></span> <span class='ocrx_word' id='word_1_301' title='bbox 731 2302 895 2366; x_wconf 84' lang='grc' dir='ltr'>Ἐνὼς</span> <span class='ocrx_word' id='word_1_302' title='bbox 944 2305 1370 2375; x_wconf 87' lang='grc' dir='ltr'>παρισταμένου.</span> <span class='ocrx_word' id='word_1_303' title='bbox 1426 2307 1537 2361; x_wconf 84' lang='grc' dir='ltr'><strong>Καὶ</strong></span> <span class='ocrx_word' id='word_1_304' title='bbox 1567 2307 1637 2361; x_wconf 79' lang='grc' dir='ltr'>τὰ</span> <span class='ocrx_word' id='word_1_305' title='bbox 1701 2310 1797 2379; x_wconf 79' lang='grc' dir='ltr'><strong>μὲν</strong></span> 
     </span>
    </p>
   </div>
   <div class='ocr_carea' id='block_1_41' title="bbox 226 2393 1795 2470">
    <p class='ocr_par' dir='ltr' id='par_1_41' title="bbox 226 2393 1795 2470">
     <span class='ocr_line' id='line_1_41' title="bbox 226 2393 1795 2470; baseline 0.006 -24"><span class='ocrx_word' id='word_1_306' title='bbox 226 2393 501 2464; x_wconf 76' lang='grc' dir='ltr'>Ἐϐραίων</span> <span class='ocrx_word' id='word_1_307' title='bbox 541 2393 694 2462; x_wconf 87' lang='grc' dir='ltr'>λόγια</span> <span class='ocrx_word' id='word_1_308' title='bbox 728 2394 871 2448; x_wconf 71' lang='grc' dir='ltr'>οὕτω</span> <span class='ocrx_word' id='word_1_309' title='bbox 896 2414 1011 2459; x_wconf 89' lang='grc' dir='ltr'><strong>πως</strong></span> <span class='ocrx_word' id='word_1_310' title='bbox 1037 2396 1233 2469; x_wconf 84' lang='grc' dir='ltr'>διαιρεῖ</span> <span class='ocrx_word' id='word_1_311' title='bbox 1275 2400 1373 2470; x_wconf 80' lang='grc' dir='ltr'><strong>τήν</strong></span> <span class='ocrx_word' id='word_1_312' title='bbox 1424 2401 1795 2470; x_wconf 79' lang='grc' dir='ltr'>ἐτυμολογίαν.</span> 
     </span>
    </p>
   </div>
   <div class='ocr_carea' id='block_1_42' title="bbox 224 2484 1797 2564">
    <p class='ocr_par' dir='ltr' id='par_1_42' title="bbox 224 2484 1797 2564">
     <span class='ocr_line' id='line_1_42' title="bbox 224 2484 1797 2564; baseline 0.007 -28"><span class='ocrx_word' id='word_1_313' title='bbox 224 2484 287 2536; x_wconf 84' lang='grc' dir='ltr'><strong>Ὀ</strong></span> <span class='ocrx_word' id='word_1_314' title='bbox 310 2485 370 2538; x_wconf 79' lang='grc' dir='ltr'>δὲ</span> <span class='ocrx_word' id='word_1_315' title='bbox 410 2485 636 2538; x_wconf 82' lang='grc' dir='ltr'>Πλάτων</span> <span class='ocrx_word' id='word_1_316' title='bbox 664 2486 755 2539; x_wconf 78' lang='grc' dir='ltr'><strong>τὸν</strong></span> <span class='ocrx_word' id='word_1_317' title='bbox 777 2487 1058 2558; x_wconf 77' lang='grc' dir='ltr'>ἄνθρωπον</span> <span class='ocrx_word' id='word_1_318' title='bbox 1080 2492 1144 2561; x_wconf 82' lang='grc' dir='ltr'>τῇ</span> <span class='ocrx_word' id='word_1_319' title='bbox 1184 2489 1447 2561; x_wconf 86' lang='grc' dir='ltr'>Ἑλλήνων</span> <span class='ocrx_word' id='word_1_320' title='bbox 1468 2496 1615 2564; x_wconf 83' lang='grc' dir='ltr'>φωνῇ</span> <span class='ocrx_word' id='word_1_321' title='bbox 1647 2494 1797 2564; x_wconf 82' lang='grc' dir='ltr'>παρὰ</span> 
     </span>
    </p>
   </div>
   <div class='ocr_carea' id='block_1_43' title="bbox 216 2577 1797 2659">
    <p class='ocr_par' dir='ltr' id='par_1_43' title="bbox 216 2577 1797 2659">
     <span class='ocr_line' id='line_1_43' title="bbox 216 2577 1797 2659; baseline 0.006 -29"><span class='ocrx_word' id='word_1_322' title='bbox 216 2577 278 2630; x_wconf 75' lang='grc' dir='ltr'>τὸ</span> <span class='ocrx_word' id='word_1_323' title='bbox 307 2578 565 2649; x_wconf 83' lang='grc' dir='ltr'>ἀναθρεῖν</span> <span class='ocrx_word' id='word_1_324' title='bbox 599 2596 730 2649; x_wconf 75' lang='grc' dir='ltr'>φησι</span> <span class='ocrx_word' id='word_1_325' title='bbox 759 2579 1076 2650; x_wconf 83' lang='grc' dir='ltr'>κεκλῆσθαι,</span> <span class='ocrx_word' id='word_1_326' title='bbox 1111 2581 1281 2650; x_wconf 88' lang='grc' dir='ltr'>λέγων</span> <span class='ocrx_word' id='word_1_327' title='bbox 1304 2599 1315 2611; x_wconf 82' lang='lat'>&#39;</span> <span class='ocrx_word' id='word_1_328' title='bbox 1347 2600 1367 2633; x_wconf 72' lang='grc' dir='ltr'><strong>ι</strong></span> <span class='ocrx_word' id='word_1_329' title='bbox 1416 2582 1473 2636; x_wconf 86' lang='grc' dir='ltr'>Ὀ</span> <span class='ocrx_word' id='word_1_330' title='bbox 1499 2584 1555 2637; x_wconf 83' lang='grc' dir='ltr'>δὲ</span> <span class='ocrx_word' id='word_1_331' title='bbox 1590 2586 1797 2659; x_wconf 87' lang='grc' dir='ltr'>ἄνθρω-</span> 
     </span>
    </p>
   </div>
   <div class='ocr_carea' id='block_1_44' title="bbox 217 2668 1798 2749">
    <p class='ocr_par' dir='ltr' id='par_1_44' title="bbox 217 2668 1798 2749">
     <span class='ocr_line' id='line_1_44' title="bbox 217 2668 1798 2749; baseline 0.006 -28"><span class='ocrx_word' id='word_1_332' title='bbox 217 2686 319 2731; x_wconf 81' lang='grc' dir='ltr'><strong>πος</strong></span> <span class='ocrx_word' id='word_1_333' title='bbox 348 2669 467 2739; x_wconf 78' lang='grc' dir='ltr'><strong>ἅμα</strong></span> <span class='ocrx_word' id='word_1_334' title='bbox 499 2668 729 2740; x_wconf 79' lang='grc' dir='ltr'>ἑώρακε,</span> <span class='ocrx_word' id='word_1_335' title='bbox 762 2670 918 2724; x_wconf 85' lang='grc' dir='ltr'>τοῦτο</span> <span class='ocrx_word' id='word_1_336' title='bbox 938 2671 995 2724; x_wconf 90' lang='grc' dir='ltr'><strong>δέ</strong></span> <span class='ocrx_word' id='word_1_337' title='bbox 1052 2674 1166 2725; x_wconf 80' lang='grc' dir='ltr'>ἐστι</span> <span class='ocrx_word' id='word_1_338' title='bbox 1202 2673 1410 2741; x_wconf 75' lang='grc' dir='ltr'>ὄπωπε,</span> <span class='ocrx_word' id='word_1_339' title='bbox 1448 2675 1543 2729; x_wconf 81' lang='grc' dir='ltr'>καὶ</span> <span class='ocrx_word' id='word_1_340' title='bbox 1575 2677 1798 2749; x_wconf 83' lang='grc' dir='ltr'>ἀναθρεῖ</span> 
     </span>
    </p>
   </div>
   <div class='ocr_carea' id='block_1_45' title="bbox 218 2761 1798 2841">
    <p class='ocr_par' dir='ltr' id='par_1_45' title="bbox 218 2761 1798 2841">
     <span class='ocr_line' id='line_1_45' title="bbox 218 2761 1798 2841; baseline 0.006 -28"><span class='ocrx_word' id='word_1_341' title='bbox 218 2763 314 2815; x_wconf 71' lang='grc' dir='ltr'><strong>καὶ</strong></span> <span class='ocrx_word' id='word_1_342' title='bbox 372 2761 642 2830; x_wconf 73' lang='grc' dir='ltr'>λογίζεται</span> <span class='ocrx_word' id='word_1_343' title='bbox 693 2762 849 2814; x_wconf 88' lang='grc' dir='ltr'>τοῦτο</span> <span class='ocrx_word' id='word_1_344' title='bbox 900 2762 928 2814; x_wconf 86' lang='grc' dir='ltr'><em>ὃ</em></span> <span class='ocrx_word' id='word_1_345' title='bbox 973 2763 1217 2827; x_wconf 77' lang='grc' dir='ltr'>ὄπωπεν,</span> <span class='ocrx_word' id='word_1_346' title='bbox 1275 2765 1361 2819; x_wconf 82' lang='grc' dir='ltr'>ἵνα</span> <span class='ocrx_word' id='word_1_347' title='bbox 1492 2767 1798 2840; x_wconf 83' lang='grc' dir='ltr'>ἀναθρῶνᾶ</span> 
     </span>
    </p>
   </div>
   <div class='ocr_carea' id='block_1_46' title="bbox 218 2853 1801 2932">
    <p class='ocr_par' dir='ltr' id='par_1_46' title="bbox 218 2853 1801 2932">
     <span class='ocr_line' id='line_1_46' title="bbox 218 2853 1801 2932; baseline 0.005 -26"><span class='ocrx_word' id='word_1_348' title='bbox 218 2853 424 2906; x_wconf 70' lang='grc' dir='ltr'>ὄπωπε.</span> <span class='ocrx_word' id='word_1_349' title='bbox 454 2872 471 2904; x_wconf 84' lang='grc'><strong>›</strong></span> <span class='ocrx_word' id='word_1_350' title='bbox 506 2854 671 2907; x_wconf 87' lang='grc' dir='ltr'>Πάλιν</span> <span class='ocrx_word' id='word_1_351' title='bbox 715 2855 950 2925; x_wconf 75' lang='grc' dir='ltr'>Ἑϐραῖοι</span> <span class='ocrx_word' id='word_1_352' title='bbox 977 2855 1066 2909; x_wconf 88' lang='grc' dir='ltr'><strong>τὸν</strong></span> <span class='ocrx_word' id='word_1_353' title='bbox 1096 2856 1260 2928; x_wconf 85' lang='grc' dir='ltr'>ἄνδρα</span> <span class='ocrx_word' id='word_1_354' title='bbox 1291 2858 1343 2922; x_wconf 84' lang='grc' dir='ltr'>ἲς</span> <span class='ocrx_word' id='word_1_355' title='bbox 1368 2860 1608 2913; x_wconf 87' lang='grc' dir='ltr'>καλοῦσι.</span> <span class='ocrx_word' id='word_1_356' title='bbox 1651 2862 1801 2932; x_wconf 77' lang='grc' dir='ltr'>Παρ-</span> 
     </span>
    </p>
   </div>
   <div class='ocr_carea' id='block_1_47' title="bbox 220 2946 1796 3024">
    <p class='ocr_par' dir='ltr' id='par_1_47' title="bbox 220 2946 1796 3024">
     <span class='ocr_line' id='line_1_47' title="bbox 220 2946 1796 3024; baseline 0.005 -25"><span class='ocrx_word' id='word_1_357' title='bbox 220 2947 379 3018; x_wconf 76' lang='grc' dir='ltr'>ἧκται</span> <span class='ocrx_word' id='word_1_358' title='bbox 412 2947 468 2999; x_wconf 80' lang='grc' dir='ltr'>δὲ</span> <span class='ocrx_word' id='word_1_359' title='bbox 522 2948 705 3010; x_wconf 71' lang='grc' dir='ltr'>αὐτοῖς</span> <span class='ocrx_word' id='word_1_360' title='bbox 743 2947 979 3016; x_wconf 73' lang='grc' dir='ltr'>τοῦνομα</span> <span class='ocrx_word' id='word_1_361' title='bbox 1031 2948 1254 3001; x_wconf 80' lang='grc' dir='ltr'>ἀπὸτοῦ</span> <span class='ocrx_word' id='word_1_362' title='bbox 1294 2949 1372 3014; x_wconf 85' lang='grc' dir='ltr'><strong>ἒς,</strong></span> <span class='ocrx_word' id='word_1_363' title='bbox 1401 2952 1466 3005; x_wconf 88' lang='grc' dir='ltr'>δι’</span> <span class='ocrx_word' id='word_1_364' title='bbox 1504 2946 1565 3005; x_wconf 71' lang='grc' dir='ltr'>οὗ</span> <span class='ocrx_word' id='word_1_365' title='bbox 1598 2955 1796 3024; x_wconf 75' lang='grc' dir='ltr'>σημαί-</span> 
     </span>
    </p>
   </div>
   <div class='ocr_carea' id='block_1_48' title="bbox 222 3035 1795 3118">
    <p class='ocr_par' dir='ltr' id='par_1_48' title="bbox 222 3035 1795 3118">
     <span class='ocr_line' id='line_1_48' title="bbox 222 3035 1795 3118; baseline 0.006 -29"><span class='ocrx_word' id='word_1_366' title='bbox 222 3054 363 3090; x_wconf 75' lang='grc' dir='ltr'>νουσι</span> <span class='ocrx_word' id='word_1_367' title='bbox 394 3038 455 3090; x_wconf 74' lang='grc' dir='ltr'>τὸ</span> <span class='ocrx_word' id='word_1_368' title='bbox 488 3037 599 3109; x_wconf 91' lang='grc' dir='ltr'><strong>πῦρ</strong></span> <span class='ocrx_word' id='word_1_369' title='bbox 621 3078 634 3099; x_wconf 93' lang='grc'><strong>,</strong></span> <span class='ocrx_word' id='word_1_370' title='bbox 667 3038 751 3091; x_wconf 80' lang='grc' dir='ltr'><strong>ἵνα</strong></span> <span class='ocrx_word' id='word_1_371' title='bbox 864 3051 1015 3110; x_wconf 85' lang='grc' dir='ltr'>παρα</span> <span class='ocrx_word' id='word_1_372' title='bbox 1052 3040 1112 3092; x_wconf 87' lang='grc' dir='ltr'><strong>τὸ</strong></span> <span class='ocrx_word' id='word_1_373' title='bbox 1163 3038 1363 3112; x_wconf 78' lang='grc' dir='ltr'>θερμὸν</span> <span class='ocrx_word' id='word_1_374' title='bbox 1415 3044 1509 3096; x_wconf 71' lang='grc' dir='ltr'><strong>καὶ</strong></span> <span class='ocrx_word' id='word_1_375' title='bbox 1536 3044 1795 3118; x_wconf 79' lang='grc' dir='ltr'>διάπυρον</span> 
     </span>
    </p>
   </div>
   <div class='ocr_carea' id='block_1_49' title="bbox 221 3128 1793 3205">
    <p class='ocr_par' dir='ltr' id='par_1_49' title="bbox 221 3128 1793 3205">
     <span class='ocr_line' id='line_1_49' title="bbox 221 3128 1793 3205; baseline 0.006 -25"><span class='ocrx_word' id='word_1_376' title='bbox 221 3128 317 3197; x_wconf 74' lang='grc' dir='ltr'>τῆς</span> <span class='ocrx_word' id='word_1_377' title='bbox 348 3128 441 3181; x_wconf 89' lang='grc' dir='ltr'><strong>τοῦ</strong></span> <span class='ocrx_word' id='word_1_378' title='bbox 468 3129 659 3201; x_wconf 72' lang='grc' dir='ltr'>ἀνδρὸς</span> <span class='ocrx_word' id='word_1_379' title='bbox 687 3129 900 3199; x_wconf 83' lang='grc' dir='ltr'>φύσεως</span> <span class='ocrx_word' id='word_1_380' title='bbox 930 3132 957 3182; x_wconf 83' lang='grc' dir='ltr'><strong>ὁ</strong></span> <span class='ocrx_word' id='word_1_381' title='bbox 983 3129 1119 3201; x_wconf 85' lang='grc' dir='ltr'>ἀνὴρ</span> <span class='ocrx_word' id='word_1_382' title='bbox 1163 3132 1566 3205; x_wconf 78' lang='grc' dir='ltr'>ὠνομασμένος.</span> <span class='ocrx_word' id='word_1_383' title='bbox 1618 3137 1680 3189; x_wconf 81' lang='grc' dir='ltr'><strong>Ἠ</strong></span> <span class='ocrx_word' id='word_1_384' title='bbox 1736 3138 1793 3190; x_wconf 86' lang='grc' dir='ltr'>δὲ</span> 
     </span>
    </p>
   </div>
   <div class='ocr_carea' id='block_1_50' title="bbox 1899 1938 3477 2004">
    <p class='ocr_par' dir='ltr' id='par_1_50' title="bbox 1899 1938 3477 2004">
     <span class='ocr_line' id='line_1_50' title="bbox 1899 1938 3477 2004; baseline 0 -11"><span class='ocrx_word' id='word_1_385' title='bbox 1899 1940 2097 1994; x_wconf 90' lang='lat' dir='ltr'><strong>itorum</strong></span> <span class='ocrx_word' id='word_1_386' title='bbox 2135 1939 2299 1993; x_wconf 89' lang='lat' dir='ltr'><strong>modo</strong></span> <span class='ocrx_word' id='word_1_387' title='bbox 2346 1939 2663 1992; x_wconf 85' lang='lat' dir='ltr'><strong>memoriam</strong></span> <span class='ocrx_word' id='word_1_388' title='bbox 2685 1978 2700 2004; x_wconf 93' lang='lat'><strong>,</strong></span> <span class='ocrx_word' id='word_1_389' title='bbox 2742 1938 2836 1991; x_wconf 90' lang='lat' dir='ltr'><strong>sed</strong></span> <span class='ocrx_word' id='word_1_390' title='bbox 2860 1940 3022 1991; x_wconf 87' lang='lat' dir='ltr'><strong>etiam</strong></span> <span class='ocrx_word' id='word_1_391' title='bbox 3050 1938 3353 1993; x_wconf 82' lang='lat' dir='ltr'><strong>futurorum</strong></span> <span class='ocrx_word' id='word_1_392' title='bbox 3385 1955 3477 1994; x_wconf 89' lang='lat' dir='ltr'><strong>co-</strong></span> 
     </span>
    </p>
   </div>
   <div class='ocr_carea' id='block_1_51' title="bbox 1897 2030 3474 2102">
    <p class='ocr_par' dir='ltr' id='par_1_51' title="bbox 1897 2030 3474 2102">
     <span class='ocr_line' id='line_1_51' title="bbox 1897 2030 3474 2102; baseline -0.001 -17"><span class='ocrx_word' id='word_1_393' title='bbox 1897 2032 2212 2102; x_wconf 88' lang='lat' dir='ltr'><strong>gnitionem,</strong></span> <span class='ocrx_word' id='word_1_394' title='bbox 2264 2031 2334 2084; x_wconf 92' lang='lat' dir='ltr'><strong>ob</strong></span> <span class='ocrx_word' id='word_1_395' title='bbox 2386 2031 2495 2083; x_wconf 92' lang='lat' dir='ltr'><strong>vim</strong></span> <span class='ocrx_word' id='word_1_396' title='bbox 2541 2030 2944 2099; x_wconf 79' lang='lat' dir='ltr'><strong>contemplandi</strong></span> <span class='ocrx_word' id='word_1_397' title='bbox 2997 2046 3266 2085; x_wconf 88' lang='lat' dir='ltr'><strong>summam</strong></span> <span class='ocrx_word' id='word_1_398' title='bbox 3320 2047 3474 2087; x_wconf 84' lang='lat' dir='ltr'><strong>com-</strong></span> 
     </span>
    </p>
   </div>
   <div class='ocr_carea' id='block_1_52' title="bbox 1898 2122 3475 2193">
    <p class='ocr_par' dir='ltr' id='par_1_52' title="bbox 1898 2122 3475 2193">
     <span class='ocr_line' id='line_1_52' title="bbox 1898 2122 3475 2193; baseline 0.001 -16"><span class='ocrx_word' id='word_1_399' title='bbox 1898 2123 2177 2193; x_wconf 90' lang='lat' dir='ltr'><strong>plectitur.</strong></span> <span class='ocrx_word' id='word_1_400' title='bbox 2216 2122 2372 2187; x_wconf 91' lang='lat' dir='ltr'><strong>Quod</strong></span> <span class='ocrx_word' id='word_1_401' title='bbox 2404 2131 2582 2176; x_wconf 89' lang='lat' dir='ltr'><strong>autem</strong></span> <span class='ocrx_word' id='word_1_402' title='bbox 2613 2122 2763 2175; x_wconf 89' lang='lat' dir='ltr'><strong>carni</strong></span> <span class='ocrx_word' id='word_1_403' title='bbox 2801 2131 3056 2191; x_wconf 82' lang='lat' dir='ltr'><strong>tanquam</strong></span> <span class='ocrx_word' id='word_1_404' title='bbox 3108 2124 3221 2177; x_wconf 91' lang='lat' dir='ltr'><strong>luto</strong></span> <span class='ocrx_word' id='word_1_405' title='bbox 3255 2124 3475 2179; x_wconf 85' lang='lat' dir='ltr'><strong>immer-</strong></span> 
     </span>
    </p>
   </div>
   <div class='ocr_carea' id='block_1_53' title="bbox 1898 2213 3472 2285">
    <p class='ocr_par' dir='ltr' id='par_1_53' title="bbox 1898 2213 3472 2285">
     <span class='ocr_line' id='line_1_53' title="bbox 1898 2213 3472 2285; baseline -0.001 -17"><span class='ocrx_word' id='word_1_406' title='bbox 1898 2230 2019 2268; x_wconf 92' lang='lat' dir='ltr'><strong>sum</strong></span> <span class='ocrx_word' id='word_1_407' title='bbox 2052 2222 2161 2277; x_wconf 89' lang='lat' dir='ltr'><strong>est,</strong></span> <span class='ocrx_word' id='word_1_408' title='bbox 2192 2213 2346 2282; x_wconf 81' lang='lat' dir='ltr'><strong>quod</strong></span> <span class='ocrx_word' id='word_1_409' title='bbox 2397 2227 2464 2267; x_wconf 79' lang='lat' dir='ltr'><strong>ex</strong></span> <span class='ocrx_word' id='word_1_410' title='bbox 2508 2213 2727 2267; x_wconf 84' lang='lat' dir='ltr'><strong>ossibus</strong></span> <span class='ocrx_word' id='word_1_411' title='bbox 2771 2214 3063 2283; x_wconf 86' lang='lat' dir='ltr'><strong>nervisque</strong></span> <span class='ocrx_word' id='word_1_412' title='bbox 3110 2224 3472 2285; x_wconf 88' lang='lat' dir='ltr'><strong>compactum,</strong></span> 
     </span>
    </p>
   </div>
   <div class='ocr_carea' id='block_1_54' title="bbox 1898 2301 3475 2373">
    <p class='ocr_par' dir='ltr' id='par_1_54' title="bbox 1898 2301 3475 2373">
     <span class='ocr_line' id='line_1_54' title="bbox 1898 2301 3475 2373; baseline 0.004 -19"><span class='ocrx_word' id='word_1_413' title='bbox 1898 2303 2043 2370; x_wconf 92' lang='lat' dir='ltr'><strong>quod</strong></span> <span class='ocrx_word' id='word_1_414' title='bbox 2076 2302 2332 2370; x_wconf 88' lang='lat' dir='ltr'><strong>imposito</strong></span> <span class='ocrx_word' id='word_1_415' title='bbox 2366 2315 2622 2370; x_wconf 87' lang='lat' dir='ltr'><strong>corpore,</strong></span> <span class='ocrx_word' id='word_1_416' title='bbox 2653 2301 2798 2355; x_wconf 86' lang='lat' dir='ltr'><strong>velut</strong></span> <span class='ocrx_word' id='word_1_417' title='bbox 2829 2302 3031 2371; x_wconf 80' lang='lat' dir='ltr'><strong>ingenti</strong></span> <span class='ocrx_word' id='word_1_418' title='bbox 3067 2304 3300 2373; x_wconf 89' lang='lat' dir='ltr'><strong>quadam</strong></span> <span class='ocrx_word' id='word_1_419' title='bbox 3335 2306 3475 2360; x_wconf 87' lang='lat' dir='ltr'><strong>mole</strong></span> 
     </span>
    </p>
   </div>
   <div class='ocr_carea' id='block_1_55' title="bbox 1898 2390 3472 2465">
    <p class='ocr_par' dir='ltr' id='par_1_55' title="bbox 1898 2390 3472 2465">
     <span class='ocr_line' id='line_1_55' title="bbox 1898 2390 3472 2465; baseline 0.003 -18"><span class='ocrx_word' id='word_1_420' title='bbox 1898 2408 2245 2462; x_wconf 86' lang='lat' dir='ltr'><strong>Oppressum,</strong></span> <span class='ocrx_word' id='word_1_421' title='bbox 2278 2391 2329 2446; x_wconf 90' lang='lat' dir='ltr'><strong>id</strong></span> <span class='ocrx_word' id='word_1_422' title='bbox 2360 2408 2487 2446; x_wconf 91' lang='lat' dir='ltr'><strong>cum</strong></span> <span class='ocrx_word' id='word_1_423' title='bbox 2534 2390 2794 2447; x_wconf 77' lang='lat' dir='ltr'><strong>llebrzeus</strong></span> <span class='ocrx_word' id='word_1_424' title='bbox 2823 2396 2993 2449; x_wconf 88' lang='lat' dir='ltr'><strong>multa</strong></span> <span class='ocrx_word' id='word_1_425' title='bbox 3023 2412 3144 2449; x_wconf 85' lang='lat' dir='ltr'><strong>eum</strong></span> <span class='ocrx_word' id='word_1_426' title='bbox 3180 2397 3472 2465; x_wconf 83' lang='lat' dir='ltr'><strong>oblivione,</strong></span> 
     </span>
    </p>
   </div>
   <div class='ocr_carea' id='block_1_56' title="bbox 1899 2484 3473 2554">
    <p class='ocr_par' dir='ltr' id='par_1_56' title="bbox 1899 2484 3473 2554">
     <span class='ocr_line' id='line_1_56' title="bbox 1899 2484 3473 2554; baseline 0.004 -17"><span class='ocrx_word' id='word_1_427' title='bbox 1899 2493 2012 2538; x_wconf 87' lang='lat' dir='ltr'><strong>tum</strong></span> <span class='ocrx_word' id='word_1_428' title='bbox 2059 2484 2333 2554; x_wconf 89' lang='lat' dir='ltr'><strong>imperitia</strong></span> <span class='ocrx_word' id='word_1_429' title='bbox 2387 2484 2639 2539; x_wconf 88' lang='lat' dir='ltr'><strong>laborare</strong></span> <span class='ocrx_word' id='word_1_430' title='bbox 2686 2485 3029 2554; x_wconf 84' lang='lat' dir='ltr'><strong>intelligeret,</strong></span> <span class='ocrx_word' id='word_1_431' title='bbox 3081 2486 3226 2542; x_wconf 85' lang='lat' dir='ltr'><strong>Enos</strong></span> <span class='ocrx_word' id='word_1_432' title='bbox 3270 2504 3473 2543; x_wconf 85' lang='lat' dir='ltr'><strong>conve-</strong></span> 
     </span>
    </p>
   </div>
   <div class='ocr_carea' id='block_1_57' title="bbox 1896 2574 3475 2647">
    <p class='ocr_par' dir='ltr' id='par_1_57' title="bbox 1896 2574 3475 2647">
     <span class='ocr_line' id='line_1_57' title="bbox 1896 2574 3475 2647; baseline 0.003 -17"><span class='ocrx_word' id='word_1_433' title='bbox 1896 2576 2070 2631; x_wconf 89' lang='lat' dir='ltr'><strong>nienti</strong></span> <span class='ocrx_word' id='word_1_434' title='bbox 2102 2576 2418 2642; x_wconf 89' lang='lat' dir='ltr'><strong>admodum,</strong></span> <span class='ocrx_word' id='word_1_435' title='bbox 2447 2585 2501 2629; x_wconf 89' lang='lat' dir='ltr'><strong>et</strong></span> <span class='ocrx_word' id='word_1_436' title='bbox 2526 2574 2856 2629; x_wconf 87' lang='lat' dir='ltr'><strong>oblivionem</strong></span> <span class='ocrx_word' id='word_1_437' title='bbox 2890 2578 3229 2647; x_wconf 83' lang='lat' dir='ltr'><strong>signiﬁcante</strong></span> <span class='ocrx_word' id='word_1_438' title='bbox 3254 2580 3475 2635; x_wconf 86' lang='lat' dir='ltr'><strong>nomine</strong></span> 
     </span>
    </p>
   </div>
   <div class='ocr_carea' id='block_1_58' title="bbox 1896 2666 3473 2742">
    <p class='ocr_par' dir='ltr' id='par_1_58' title="bbox 1896 2666 3473 2742">
     <span class='ocr_line' id='line_1_58' title="bbox 1896 2666 3473 2742; baseline 0.004 -22"><span class='ocrx_word' id='word_1_439' title='bbox 1896 2668 2205 2737; x_wconf 89' lang='lat' dir='ltr'><strong>appellavit.</strong></span> <span class='ocrx_word' id='word_1_440' title='bbox 2270 2666 2336 2721; x_wconf 88' lang='lat' dir='ltr'><strong>Et</strong></span> <span class='ocrx_word' id='word_1_441' title='bbox 2384 2666 2603 2738; x_wconf 90' lang='lat' dir='ltr'><strong>quidem</strong></span> <span class='ocrx_word' id='word_1_442' title='bbox 2665 2666 2805 2735; x_wconf 90' lang='lat' dir='ltr'><strong>apud</strong></span> <span class='ocrx_word' id='word_1_443' title='bbox 2858 2668 3096 2738; x_wconf 90' lang='lat' dir='ltr'><strong>aliquem</strong></span> <span class='ocrx_word' id='word_1_444' title='bbox 3148 2671 3473 2742; x_wconf 88' lang='lat' dir='ltr'><strong>prophetam</strong></span> 
     </span>
    </p>
   </div>
   <div class='ocr_carea' id='block_1_59' title="bbox 1897 2758 3473 2833">
    <p class='ocr_par' dir='ltr' id='par_1_59' title="bbox 1897 2758 3473 2833">
     <span class='ocr_line' id='line_1_59' title="bbox 1897 2758 3473 2833; baseline 0.001 -20"><span class='ocrx_word' id='word_1_445' title='bbox 1897 2760 2127 2830; x_wconf 81' lang='lat' dir='ltr'><strong>legimus</strong></span> <span class='ocrx_word' id='word_1_446' title='bbox 2150 2760 2229 2815; x_wconf 62' lang='grc' dir='ltr'><strong>’δε</strong></span> <span class='ocrx_word' id='word_1_447' title='bbox 2274 2779 2291 2811; x_wconf 87' lang='grc'><strong>‹</strong></span> <span class='ocrx_word' id='word_1_448' title='bbox 2329 2758 2469 2825; x_wconf 84' lang='lat' dir='ltr'><strong>Quid</strong></span> <span class='ocrx_word' id='word_1_449' title='bbox 2500 2769 2584 2813; x_wconf 92' lang='lat' dir='ltr'><strong>est</strong></span> <span class='ocrx_word' id='word_1_450' title='bbox 2608 2760 2793 2826; x_wconf 92' lang='lat' dir='ltr'><strong>homo,</strong></span> <span class='ocrx_word' id='word_1_451' title='bbox 2818 2763 2962 2829; x_wconf 88' lang='lat' dir='ltr'><strong>quod</strong></span> <span class='ocrx_word' id='word_1_452' title='bbox 2994 2777 3203 2816; x_wconf 92' lang='lat' dir='ltr'><strong>memor</strong></span> <span class='ocrx_word' id='word_1_453' title='bbox 3224 2778 3283 2818; x_wconf 90' lang='lat' dir='ltr'><strong>es</strong></span> <span class='ocrx_word' id='word_1_454' title='bbox 3309 2763 3473 2833; x_wconf 87' lang='lat' dir='ltr'><strong>ejus?</strong></span> 
     </span>
    </p>
   </div>
   <div class='ocr_carea' id='block_1_60' title="bbox 1896 2850 3473 2923">
    <p class='ocr_par' dir='ltr' id='par_1_60' title="bbox 1896 2850 3473 2923">
     <span class='ocr_line' id='line_1_60' title="bbox 1896 2850 3473 2923; baseline 0.002 -15"><span class='ocrx_word' id='word_1_455' title='bbox 1896 2863 1991 2908; x_wconf 89' lang='lat' dir='ltr'><strong>aut</strong></span> <span class='ocrx_word' id='word_1_456' title='bbox 2039 2854 2183 2909; x_wconf 86' lang='lat' dir='ltr'><strong>lilius</strong></span> <span class='ocrx_word' id='word_1_457' title='bbox 2219 2852 2458 2907; x_wconf 84' lang='lat' dir='ltr'><strong>hominis</strong></span> <span class='ocrx_word' id='word_1_458' title='bbox 2483 2891 2499 2917; x_wconf 90' lang='lat'><strong>,</strong></span> <span class='ocrx_word' id='word_1_459' title='bbox 2544 2850 2806 2920; x_wconf 89' lang='lat' dir='ltr'><strong>quoniam</strong></span> <span class='ocrx_word' id='word_1_460' title='bbox 2858 2853 3047 2909; x_wconf 85' lang='lat' dir='ltr'><strong>visitas</strong></span> <span class='ocrx_word' id='word_1_461' title='bbox 3077 2856 3249 2910; x_wconf 86' lang='lat' dir='ltr'><strong>eum?</strong></span> <span class='ocrx_word' id='word_1_462' title='bbox 3284 2875 3302 2907; x_wconf 79' lang='grc' dir='ltr'><strong>ι</strong></span> <span class='ocrx_word' id='word_1_463' title='bbox 3355 2856 3473 2923; x_wconf 88' lang='lat' dir='ltr'><strong>Quo</strong></span> 
     </span>
    </p>
   </div>
   <div class='ocr_carea' id='block_1_61' title="bbox 1898 2945 3473 3017">
    <p class='ocr_par' dir='ltr' id='par_1_61' title="bbox 1898 2945 3473 3017">
     <span class='ocr_line' id='line_1_61' title="bbox 1898 2945 3473 3017; baseline 0.001 -17"><span class='ocrx_word' id='word_1_464' title='bbox 1898 2947 2017 3001; x_wconf 88' lang='lat' dir='ltr'><strong>loco</strong></span> <span class='ocrx_word' id='word_1_465' title='bbox 2043 2945 2307 3001; x_wconf 86' lang='lat' dir='ltr'><strong>Hebraica</strong></span> <span class='ocrx_word' id='word_1_466' title='bbox 2339 2946 2524 3017; x_wconf 81' lang='lat' dir='ltr'><strong>lingua</strong></span> <span class='ocrx_word' id='word_1_467' title='bbox 2554 2961 2653 3017; x_wconf 90' lang='lat' dir='ltr'><strong>pro</strong></span> <span class='ocrx_word' id='word_1_468' title='bbox 2688 2947 2777 3001; x_wconf 91' lang='lat' dir='ltr'><strong>illa</strong></span> <span class='ocrx_word' id='word_1_469' title='bbox 2810 2947 2976 3016; x_wconf 90' lang='lat' dir='ltr'><strong>priori</strong></span> <span class='ocrx_word' id='word_1_470' title='bbox 3014 2947 3251 3002; x_wconf 91' lang='lat' dir='ltr'><strong>hominis</strong></span> <span class='ocrx_word' id='word_1_471' title='bbox 3291 2948 3473 3017; x_wconf 90' lang='lat' dir='ltr'><strong>appel-</strong></span> 
     </span>
    </p>
   </div>
   <div class='ocr_carea' id='block_1_62' title="bbox 1898 3035 3470 3108">
    <p class='ocr_par' dir='ltr' id='par_1_62' title="bbox 1898 3035 3470 3108">
     <span class='ocr_line' id='line_1_62' title="bbox 1898 3035 3470 3108; baseline 0.002 -18"><span class='ocrx_word' id='word_1_472' title='bbox 1898 3037 2120 3102; x_wconf 87' lang='lat' dir='ltr'><strong>latione,</strong></span> <span class='ocrx_word' id='word_1_473' title='bbox 2154 3052 2342 3091; x_wconf 89' lang='lat' dir='ltr'><strong>vocem</strong></span> <span class='ocrx_word' id='word_1_474' title='bbox 2387 3035 2551 3107; x_wconf 48' lang='lat' dir='ltr'><strong>Enos.</strong></span> <span class='ocrx_word' id='word_1_475' title='bbox 2578 3036 2861 3105; x_wconf 84' lang='lat' dir='ltr'><strong>adhibuit;</strong></span> <span class='ocrx_word' id='word_1_476' title='bbox 2898 3038 3055 3108; x_wconf 87' lang='lat' dir='ltr'><strong>quasi</strong></span> <span class='ocrx_word' id='word_1_477' title='bbox 3084 3038 3285 3093; x_wconf 89' lang='lat' dir='ltr'><strong>clarius</strong></span> <span class='ocrx_word' id='word_1_478' title='bbox 3321 3038 3470 3094; x_wconf 89' lang='lat' dir='ltr'><strong>dice-</strong></span> 
     </span>
    </p>
   </div>
   <div class='ocr_carea' id='block_1_63' title="bbox 1899 3127 3468 3199">
    <p class='ocr_par' dir='ltr' id='par_1_63' title="bbox 1899 3127 3468 3199">
     <span class='ocr_line' id='line_1_63' title="bbox 1899 3127 3468 3199; baseline 0.001 -16"><span class='ocrx_word' id='word_1_479' title='bbox 1899 3136 2016 3183; x_wconf 76' lang='lat' dir='ltr'><strong>ret:</strong></span> <span class='ocrx_word' id='word_1_480' title='bbox 2068 3127 2211 3193; x_wconf 82' lang='lat' dir='ltr'><strong>Quid</strong></span> <span class='ocrx_word' id='word_1_481' title='bbox 2260 3127 2560 3183; x_wconf 89' lang='lat' dir='ltr'><strong>obliviosus</strong></span> <span class='ocrx_word' id='word_1_482' title='bbox 2614 3128 2715 3184; x_wconf 84' lang='lat' dir='ltr'><strong>iste</strong></span> <span class='ocrx_word' id='word_1_483' title='bbox 2762 3138 2866 3193; x_wconf 91' lang='lat' dir='ltr'><strong>est,</strong></span> <span class='ocrx_word' id='word_1_484' title='bbox 2916 3138 2976 3183; x_wconf 92' lang='lat' dir='ltr'><strong>ut</strong></span> <span class='ocrx_word' id='word_1_485' title='bbox 3027 3129 3167 3199; x_wconf 84' lang='lat' dir='ltr'><strong>ejus,</strong></span> <span class='ocrx_word' id='word_1_486' title='bbox 3220 3145 3253 3184; x_wconf 95' lang='lat' dir='ltr'><strong>o</strong></span> <span class='ocrx_word' id='word_1_487' title='bbox 3303 3127 3468 3193; x_wconf 81' lang='lat' dir='ltr'><strong>Deus.</strong></span> 
     </span>
    </p>
   </div>
   <div class='ocr_carea' id='block_1_64' title="bbox 224 3195 1796 3302">
    <p class='ocr_par' dir='ltr' id='par_1_64' title="bbox 224 3195 1791 3302">
     <span class='ocr_line' id='line_1_64' title="bbox 224 3195 1791 3302; baseline 0.008 -30"><span class='ocrx_word' id='word_1_488' title='bbox 224 3195 372 3291; x_wconf 81' lang='grc' dir='ltr'>γυνὴ,</span> <span class='ocrx_word' id='word_1_489' title='bbox 398 3195 624 3293; x_wconf 71' lang='grc' dir='ltr'>ἐπείπερ</span> <span class='ocrx_word' id='word_1_490' title='bbox 651 3195 861 3294; x_wconf 83' lang='grc' dir='ltr'>εἴρηται</span> <span class='ocrx_word' id='word_1_491' title='bbox 886 3224 949 3275; x_wconf 83' lang='grc' dir='ltr'><strong>ἐκ</strong></span> <span class='ocrx_word' id='word_1_492' title='bbox 972 3195 1563 3298; x_wconf 61' lang='grc' dir='ltr'>τοῦάνδρὸςέξλήφθαι,</span> <span class='ocrx_word' id='word_1_493' title='bbox 1581 3230 1671 3283; x_wconf 71' lang='grc' dir='ltr'><strong>καὶ</strong></span> <span class='ocrx_word' id='word_1_494' title='bbox 1695 3230 1791 3302; x_wconf 81' lang='grc' dir='ltr'>τὴν</span> 
     </span>
    </p>
   </div>
   <div class='ocr_carea' id='block_1_65' title="bbox 1897 3195 3473 3302">
    <p class='ocr_par' dir='ltr' id='par_1_65' title="bbox 1897 3221 3473 3293">
     <span class='ocr_line' id='line_1_65' title="bbox 1897 3221 3473 3293; baseline 0.002 -18"><span class='ocrx_word' id='word_1_495' title='bbox 1897 3222 2213 3277; x_wconf 89' lang='lat' dir='ltr'><strong>meminisse</strong></span> <span class='ocrx_word' id='word_1_496' title='bbox 2258 3221 2411 3286; x_wconf 88' lang='lat' dir='ltr'><strong>velis,</strong></span> <span class='ocrx_word' id='word_1_497' title='bbox 2462 3236 2587 3277; x_wconf 92' lang='lat' dir='ltr'><strong>cum</strong></span> <span class='ocrx_word' id='word_1_498' title='bbox 2634 3238 2808 3293; x_wconf 90' lang='lat' dir='ltr'><strong>usque</strong></span> <span class='ocrx_word' id='word_1_499' title='bbox 2852 3223 2988 3277; x_wconf 88' lang='lat' dir='ltr'><strong>adeo</strong></span> <span class='ocrx_word' id='word_1_500' title='bbox 3036 3223 3108 3277; x_wconf 90' lang='lat' dir='ltr'><strong>sit</strong></span> <span class='ocrx_word' id='word_1_501' title='bbox 3137 3222 3473 3278; x_wconf 83' lang='lat' dir='ltr'><strong>immemor?</strong></span> 
     </span>
    </p>
   </div>
   <div class='ocr_carea' id='block_1_66' title="bbox 224 3313 1792 3394">
    <p class='ocr_par' dir='ltr' id='par_1_66' title="bbox 224 3313 1792 3394">
     <span class='ocr_line' id='line_1_66' title="bbox 224 3313 1792 3394; baseline 0.008 -32"><span class='ocrx_word' id='word_1_502' title='bbox 224 3313 583 3383; x_wconf 77' lang='grc' dir='ltr'>προσηγορίαν</span> <span class='ocrx_word' id='word_1_503' title='bbox 610 3315 949 3367; x_wconf 78' lang='grc' dir='ltr'>ἐπικοινωνεῖ</span> <span class='ocrx_word' id='word_1_504' title='bbox 979 3314 1056 3385; x_wconf 83' lang='grc' dir='ltr'>τῷ</span> <span class='ocrx_word' id='word_1_505' title='bbox 1077 3317 1252 3387; x_wconf 80' lang='grc' dir='ltr'>ἀνδρί.</span> <span class='ocrx_word' id='word_1_506' title='bbox 1294 3318 1441 3371; x_wconf 81' lang='grc' dir='ltr'>Ἰσσὰ</span> <span class='ocrx_word' id='word_1_507' title='bbox 1469 3320 1577 3392; x_wconf 71' lang='grc' dir='ltr'>γὰρ</span> <span class='ocrx_word' id='word_1_508' title='bbox 1601 3323 1632 3392; x_wconf 89' lang='grc' dir='ltr'><strong>ή</strong></span> <span class='ocrx_word' id='word_1_509' title='bbox 1657 3321 1792 3394; x_wconf 83' lang='grc' dir='ltr'>γυνὴ</span> 
     </span>
    </p>
   </div>
   <div class='ocr_carea' id='block_1_67' title="bbox 223 3401 1792 3477">
    <p class='ocr_par' dir='ltr' id='par_1_67' title="bbox 223 3401 1792 3477">
     <span class='ocr_line' id='line_1_67' title="bbox 223 3401 1792 3477; baseline 0.008 -24"><span class='ocrx_word' id='word_1_510' title='bbox 223 3401 429 3468; x_wconf 81' lang='grc' dir='ltr'>λέγεται</span> <span class='ocrx_word' id='word_1_511' title='bbox 462 3402 590 3473; x_wconf 73' lang='grc' dir='ltr'>παρ’</span> <span class='ocrx_word' id='word_1_512' title='bbox 614 3404 816 3467; x_wconf 80' lang='grc' dir='ltr'>αὐτοῖς,</span> <span class='ocrx_word' id='word_1_513' title='bbox 842 3403 1030 3476; x_wconf 81' lang='grc' dir='ltr'>ὥσπερ</span> <span class='ocrx_word' id='word_1_514' title='bbox 1064 3405 1117 3468; x_wconf 85' lang='grc' dir='ltr'>ἲς</span> <span class='ocrx_word' id='word_1_515' title='bbox 1143 3407 1172 3458; x_wconf 82' lang='grc' dir='ltr'>ὁ</span> <span class='ocrx_word' id='word_1_516' title='bbox 1195 3408 1354 3477; x_wconf 84' lang='grc' dir='ltr'>ἁνήρ.</span> <span class='ocrx_word' id='word_1_517' title='bbox 1395 3409 1451 3461; x_wconf 89' lang='grc' dir='ltr'>Ὀ</span> <span class='ocrx_word' id='word_1_518' title='bbox 1482 3409 1540 3462; x_wconf 83' lang='grc' dir='ltr'>δὲ</span> <span class='ocrx_word' id='word_1_519' title='bbox 1569 3411 1792 3465; x_wconf 84' lang='grc' dir='ltr'>Πλάτων</span> 
     </span>
    </p>
   </div>
   <div class='ocr_carea' id='block_1_68' title="bbox 222 3493 1789 3571">
    <p class='ocr_par' dir='ltr' id='par_1_68' title="bbox 222 3493 1789 3571">
     <span class='ocr_line' id='line_1_68' title="bbox 222 3493 1789 3571; baseline 0.007 -25"><span class='ocrx_word' id='word_1_520' title='bbox 222 3493 307 3546; x_wconf 70' lang='grc' dir='ltr'>τὸν</span> <span class='ocrx_word' id='word_1_521' title='bbox 325 3494 489 3565; x_wconf 70' lang='grc' dir='ltr'>ἄνδρα</span> <span class='ocrx_word' id='word_1_522' title='bbox 518 3512 536 3545; x_wconf 78' lang='lat' dir='ltr'><strong>t</strong></span> <span class='ocrx_word' id='word_1_523' title='bbox 576 3496 723 3566; x_wconf 74' lang='grc' dir='ltr'>παρὰ</span> <span class='ocrx_word' id='word_1_524' title='bbox 755 3496 852 3567; x_wconf 82' lang='grc' dir='ltr'><strong>τὴν</strong></span> <span class='ocrx_word' id='word_1_525' title='bbox 883 3496 995 3551; x_wconf 78' lang='grc' dir='ltr'>ἄνω</span> <span class='ocrx_word' id='word_1_526' title='bbox 1029 3498 1157 3569; x_wconf 75' lang='grc' dir='ltr'>ῥοὴν</span> <span class='ocrx_word' id='word_1_527' title='bbox 1191 3519 1209 3551; x_wconf 70' lang='grc' dir='ltr'><strong>ι</strong></span> <span class='ocrx_word' id='word_1_528' title='bbox 1233 3499 1593 3571; x_wconf 81' lang='grc' dir='ltr'>ὀνομάζεσθαι</span> <span class='ocrx_word' id='word_1_529' title='bbox 1624 3503 1789 3571; x_wconf 85' lang='grc' dir='ltr'>λέγει.</span> 
     </span>
    </p>
   </div>
   <div class='ocr_carea' id='block_1_69' title="bbox 225 3586 1793 3663">
    <p class='ocr_par' dir='ltr' id='par_1_69' title="bbox 225 3586 1793 3663">
     <span class='ocr_line' id='line_1_69' title="bbox 225 3586 1793 3663; baseline 0.006 -25"><span class='ocrx_word' id='word_1_530' title='bbox 225 3586 330 3640; x_wconf 75' lang='grc' dir='ltr'><strong>Καὶ</strong></span> <span class='ocrx_word' id='word_1_531' title='bbox 353 3586 590 3652; x_wconf 82' lang='grc' dir='ltr'>ἐπιλέγει</span> <span class='ocrx_word' id='word_1_532' title='bbox 610 3604 621 3617; x_wconf 92' lang='grc'><strong>·</strong></span> <span class='ocrx_word' id='word_1_533' title='bbox 662 3606 679 3638; x_wconf 76' lang='grc' dir='ltr'><strong>ι</strong></span> <span class='ocrx_word' id='word_1_534' title='bbox 731 3588 791 3641; x_wconf 85' lang='grc' dir='ltr'><strong><em>Ἥ</em></strong></span> <span class='ocrx_word' id='word_1_535' title='bbox 822 3590 879 3642; x_wconf 81' lang='grc' dir='ltr'>δὲ</span> <span class='ocrx_word' id='word_1_536' title='bbox 903 3590 1039 3662; x_wconf 83' lang='grc' dir='ltr'>γυνὴ</span> <span class='ocrx_word' id='word_1_537' title='bbox 1064 3592 1195 3663; x_wconf 86' lang='grc' dir='ltr'>γονή</span> <span class='ocrx_word' id='word_1_538' title='bbox 1230 3609 1318 3662; x_wconf 92' lang='grc' dir='ltr'><strong>μοι</strong></span> <span class='ocrx_word' id='word_1_539' title='bbox 1342 3593 1586 3662; x_wconf 83' lang='grc' dir='ltr'>φαίνεται</span> <span class='ocrx_word' id='word_1_540' title='bbox 1612 3593 1793 3661; x_wconf 85' lang='grc' dir='ltr'>βούλε-</span> 
     </span>
    </p>
   </div>
   <div class='ocr_carea' id='block_1_70' title="bbox 229 3675 1789 3759">
    <p class='ocr_par' dir='ltr' id='par_1_70' title="bbox 229 3675 1789 3759">
     <span class='ocr_line' id='line_1_70' title="bbox 229 3675 1789 3759; baseline 0.005 -28"><span class='ocrx_word' id='word_1_541' title='bbox 229 3678 343 3731; x_wconf 85' lang='grc' dir='ltr'>σθαι</span> <span class='ocrx_word' id='word_1_542' title='bbox 389 3675 548 3734; x_wconf 79' lang='grc' dir='ltr'>εἶναι.</span> <span class='ocrx_word' id='word_1_543' title='bbox 592 3700 609 3732; x_wconf 78' lang='grc' dir='ltr'><strong>ι</strong></span> <span class='ocrx_word' id='word_1_544' title='bbox 643 3679 810 3733; x_wconf 88' lang='grc' dir='ltr'>Πάλιν</span> <span class='ocrx_word' id='word_1_545' title='bbox 851 3682 1056 3754; x_wconf 79' lang='grc' dir='ltr'>Μωσῆς</span> <span class='ocrx_word' id='word_1_546' title='bbox 1095 3683 1187 3737; x_wconf 79' lang='grc' dir='ltr'>τὸν</span> <span class='ocrx_word' id='word_1_547' title='bbox 1224 3684 1449 3756; x_wconf 80' lang='grc' dir='ltr'>οὐρανὸν</span> <span class='ocrx_word' id='word_1_548' title='bbox 1487 3685 1697 3757; x_wconf 82' lang='grc' dir='ltr'>ἐτύμως</span> <span class='ocrx_word' id='word_1_549' title='bbox 1724 3691 1789 3759; x_wconf 79' lang='grc' dir='ltr'>τῇ</span> 
     </span>
    </p>
   </div>
   <div class='ocr_carea' id='block_1_71' title="bbox 238 3771 1793 3849">
    <p class='ocr_par' dir='ltr' id='par_1_71' title="bbox 238 3771 1793 3849">
     <span class='ocr_line' id='line_1_71' title="bbox 238 3771 1793 3849; baseline 0.005 -25"><span class='ocrx_word' id='word_1_550' title='bbox 238 3772 494 3843; x_wconf 71' lang='grc' dir='ltr'>Ἐϐραίων</span> <span class='ocrx_word' id='word_1_551' title='bbox 522 3771 740 3844; x_wconf 85' lang='grc' dir='ltr'>γλώσσῃ</span> <span class='ocrx_word' id='word_1_552' title='bbox 771 3773 1057 3844; x_wconf 82' lang='grc' dir='ltr'>στερέωμα</span> <span class='ocrx_word' id='word_1_553' title='bbox 1084 3776 1514 3848; x_wconf 89' lang='grc' dir='ltr'>προσαγορεύει,</span> <span class='ocrx_word' id='word_1_554' title='bbox 1553 3778 1704 3849; x_wconf 72' lang='grc' dir='ltr'>παρὰ</span> <span class='ocrx_word' id='word_1_555' title='bbox 1731 3779 1793 3831; x_wconf 83' lang='grc' dir='ltr'>τὸ</span> 
     </span>
    </p>
   </div>
   <div class='ocr_carea' id='block_1_72' title="bbox 230 3860 1787 3939">
    <p class='ocr_par' dir='ltr' id='par_1_72' title="bbox 230 3860 1787 3939">
     <span class='ocr_line' id='line_1_72' title="bbox 230 3860 1787 3939; baseline 0.004 -23"><span class='ocrx_word' id='word_1_556' title='bbox 230 3866 429 3935; x_wconf 77' lang='grc' dir='ltr'>πρῶτον</span> <span class='ocrx_word' id='word_1_557' title='bbox 457 3860 614 3929; x_wconf 76' lang='grc' dir='ltr'>εἶναι,</span> <span class='ocrx_word' id='word_1_558' title='bbox 643 3866 778 3935; x_wconf 74' lang='grc' dir='ltr'>μετὰ</span> <span class='ocrx_word' id='word_1_559' title='bbox 806 3866 905 3936; x_wconf 82' lang='grc' dir='ltr'><strong>τήν</strong></span> <span class='ocrx_word' id='word_1_560' title='bbox 930 3865 1218 3937; x_wconf 85' lang='grc' dir='ltr'>ἀσώματον</span> <span class='ocrx_word' id='word_1_561' title='bbox 1238 3868 1331 3921; x_wconf 78' lang='grc' dir='ltr'>καὶ</span> <span class='ocrx_word' id='word_1_562' title='bbox 1360 3870 1553 3939; x_wconf 76' lang='grc' dir='ltr'>νοεράν</span> <span class='ocrx_word' id='word_1_563' title='bbox 1581 3871 1787 3938; x_wconf 77' lang='grc' dir='ltr'>οὐσίαν,</span> 
     </span>
    </p>
   </div>
   <div class='ocr_carea' id='block_1_73' title="bbox 228 3956 1789 4031">
    <p class='ocr_par' dir='ltr' id='par_1_73' title="bbox 228 3956 1789 4031">
     <span class='ocr_line' id='line_1_73' title="bbox 228 3956 1789 4031; baseline 0.003 -22"><span class='ocrx_word' id='word_1_564' title='bbox 228 3957 368 4010; x_wconf 77' lang='grc' dir='ltr'>τοῦδε</span> <span class='ocrx_word' id='word_1_565' title='bbox 396 3956 489 4009; x_wconf 88' lang='grc' dir='ltr'><strong>τοῦ</strong></span> <span class='ocrx_word' id='word_1_566' title='bbox 530 3958 734 4027; x_wconf 83' lang='grc' dir='ltr'>κόσμου</span> <span class='ocrx_word' id='word_1_567' title='bbox 758 3958 972 4027; x_wconf 81' lang='grc' dir='ltr'>στερεὸν</span> <span class='ocrx_word' id='word_1_568' title='bbox 1006 3960 1100 4012; x_wconf 79' lang='grc' dir='ltr'>καὶ</span> <span class='ocrx_word' id='word_1_569' title='bbox 1126 3960 1381 4031; x_wconf 79' lang='grc' dir='ltr'>αἰσθητὸν</span> <span class='ocrx_word' id='word_1_570' title='bbox 1412 3961 1591 4031; x_wconf 83' lang='grc' dir='ltr'>σῶμα.</span> <span class='ocrx_word' id='word_1_571' title='bbox 1639 3963 1697 4016; x_wconf 90' lang='lat'><strong>&#39;0</strong></span> <span class='ocrx_word' id='word_1_572' title='bbox 1734 3964 1789 4017; x_wconf 83' lang='grc' dir='ltr'>δὲ</span> 
     </span>
    </p>
   </div>
   <div class='ocr_carea' id='block_1_74' title="bbox 230 4046 1790 4123">
    <p class='ocr_par' dir='ltr' id='par_1_74' title="bbox 230 4046 1790 4123">
     <span class='ocr_line' id='line_1_74' title="bbox 230 4046 1790 4123; baseline 0.006 -25"><span class='ocrx_word' id='word_1_573' title='bbox 230 4046 439 4099; x_wconf 82' lang='grc' dir='ltr'>Πλάτων</span> <span class='ocrx_word' id='word_1_574' title='bbox 451 4047 528 4117; x_wconf 83' lang='grc' dir='ltr'><strong>τῷ</strong></span> <span class='ocrx_word' id='word_1_575' title='bbox 556 4047 767 4119; x_wconf 76' lang='grc' dir='ltr'>οὐρανῷ</span> <span class='ocrx_word' id='word_1_576' title='bbox 783 4066 854 4120; x_wconf 75' lang='grc' dir='ltr'><strong>ιρη</strong></span> <span class='ocrx_word' id='word_1_577' title='bbox 865 4065 945 4101; x_wconf 82' lang='grc' dir='ltr'><strong>σιν</strong></span> <span class='ocrx_word' id='word_1_578' title='bbox 974 4050 1150 4121; x_wconf 84' lang='grc' dir='ltr'>ὀρθῶς</span> <span class='ocrx_word' id='word_1_579' title='bbox 1172 4052 1341 4123; x_wconf 74' lang='grc' dir='ltr'>ὄνομα</span> <span class='ocrx_word' id='word_1_580' title='bbox 1364 4054 1596 4121; x_wconf 83' lang='grc' dir='ltr'>κεῖσθαι,</span> <span class='ocrx_word' id='word_1_581' title='bbox 1615 4054 1701 4109; x_wconf 84' lang='grc' dir='ltr'>διὰ</span> <span class='ocrx_word' id='word_1_582' title='bbox 1729 4056 1790 4109; x_wconf 85' lang='grc' dir='ltr'><strong>τὸ</strong></span> 
     </span>
    </p>
   </div>
   <div class='ocr_carea' id='block_1_75' title="bbox 229 4137 1788 4218">
    <p class='ocr_par' dir='ltr' id='par_1_75' title="bbox 229 4137 1788 4218">
     <span class='ocr_line' id='line_1_75' title="bbox 229 4137 1788 4218; baseline 0.007 -28"><span class='ocrx_word' id='word_1_583' title='bbox 229 4137 674 4209; x_wconf 75' lang='grc' dir='ltr'>ἄνωὸρᾷνποιεῖν.</span> <span class='ocrx_word' id='word_1_584' title='bbox 698 4140 865 4201; x_wconf 81' lang='grc' dir='ltr'>Πάλιν</span> <span class='ocrx_word' id='word_1_585' title='bbox 893 4140 1132 4211; x_wconf 71' lang='grc' dir='ltr'>Ἑϐραῖοι</span> <span class='ocrx_word' id='word_1_586' title='bbox 1158 4142 1234 4213; x_wconf 83' lang='grc' dir='ltr'>τῷ</span> <span class='ocrx_word' id='word_1_587' title='bbox 1254 4144 1351 4214; x_wconf 87' lang='grc' dir='ltr'><strong>μὲν</strong></span> <span class='ocrx_word' id='word_1_588' title='bbox 1380 4145 1637 4217; x_wconf 86' lang='grc' dir='ltr'>άνωτάτῳ</span> <span class='ocrx_word' id='word_1_589' title='bbox 1656 4146 1788 4218; x_wconf 71' lang='lat'><strong>(29‘)</strong></span> 
     </span>
    </p>
   </div>
   <div class='ocr_carea' id='block_1_76' title="bbox 231 4228 1787 4306">
    <p class='ocr_par' dir='ltr' id='par_1_76' title="bbox 231 4228 1787 4306">
     <span class='ocr_line' id='line_1_76' title="bbox 231 4228 1787 4306; baseline 0.007 -25"><span class='ocrx_word' id='word_1_590' title='bbox 231 4228 312 4281; x_wconf 81' lang='grc' dir='ltr'><strong>τοῦ</strong></span> <span class='ocrx_word' id='word_1_591' title='bbox 338 4228 469 4282; x_wconf 70' lang='grc' dir='ltr'>Θεοῦ</span> <span class='ocrx_word' id='word_1_592' title='bbox 506 4230 689 4301; x_wconf 87' lang='grc' dir='ltr'>κύριον</span> <span class='ocrx_word' id='word_1_593' title='bbox 716 4232 882 4301; x_wconf 75' lang='grc' dir='ltr'>ὄνομα</span> <span class='ocrx_word' id='word_1_594' title='bbox 915 4232 1155 4304; x_wconf 76' lang='grc' dir='ltr'>ἄρρητον</span> <span class='ocrx_word' id='word_1_595' title='bbox 1185 4230 1321 4288; x_wconf 73' lang='grc' dir='ltr'>εἶναι</span> <span class='ocrx_word' id='word_1_596' title='bbox 1350 4237 1443 4289; x_wconf 76' lang='grc' dir='ltr'><strong>καὶ</strong></span> <span class='ocrx_word' id='word_1_597' title='bbox 1467 4236 1787 4306; x_wconf 79' lang='grc' dir='ltr'>ἄφθεγκτον,</span> 
     </span>
    </p>
   </div>
   <div class='ocr_carea' id='block_1_77' title="bbox 230 4318 1790 4392">
    <p class='ocr_par' dir='ltr' id='par_1_77' title="bbox 230 4318 1790 4392">
     <span class='ocr_line' id='line_1_77' title="bbox 230 4318 1790 4392; baseline 0.009 -24"><span class='ocrx_word' id='word_1_598' title='bbox 230 4318 338 4369; x_wconf 72' lang='grc' dir='ltr'>οὐδὲ</span> <span class='ocrx_word' id='word_1_599' title='bbox 371 4320 637 4390; x_wconf 75' lang='grc' dir='ltr'>φαντασία</span> <span class='ocrx_word' id='word_1_600' title='bbox 661 4320 896 4385; x_wconf 81' lang='grc' dir='ltr'>διανοίας</span> <span class='ocrx_word' id='word_1_601' title='bbox 930 4320 1132 4392; x_wconf 83' lang='grc' dir='ltr'>ληπτόν</span> <span class='ocrx_word' id='word_1_602' title='bbox 1151 4341 1164 4355; x_wconf 78' lang='grc' dir='ltr'><strong>ο</strong></span> <span class='ocrx_word' id='word_1_603' title='bbox 1193 4325 1324 4377; x_wconf 78' lang='grc' dir='ltr'>αὐτὸ</span> <span class='ocrx_word' id='word_1_604' title='bbox 1349 4326 1405 4377; x_wconf 81' lang='grc' dir='ltr'>δὲ</span> <span class='ocrx_word' id='word_1_605' title='bbox 1435 4328 1592 4380; x_wconf 90' lang='grc' dir='ltr'>τοῦτο</span> <span class='ocrx_word' id='word_1_606' title='bbox 1614 4328 1733 4381; x_wconf 85' lang='grc' dir='ltr'>καθ’</span> <span class='ocrx_word' id='word_1_607' title='bbox 1762 4329 1790 4382; x_wconf 83' lang='grc' dir='ltr'><strong>ὃ</strong></span> 
     </span>
    </p>
   </div>
   <div class='ocr_carea' id='block_1_78' title="bbox 232 4408 1786 4488">
    <p class='ocr_par' dir='ltr' id='par_1_78' title="bbox 232 4408 1786 4488">
     <span class='ocr_line' id='line_1_78' title="bbox 232 4408 1786 4488; baseline 0.008 -27"><span class='ocrx_word' id='word_1_608' title='bbox 232 4410 348 4462; x_wconf 80' lang='grc' dir='ltr'>Θεὸν</span> <span class='ocrx_word' id='word_1_609' title='bbox 367 4408 720 4480; x_wconf 81' lang='grc' dir='ltr'>ὀνομάζομεν,</span> <span class='ocrx_word' id='word_1_610' title='bbox 761 4411 960 4482; x_wconf 83' lang='grc' dir='ltr'>Ἐλωῖμ</span> <span class='ocrx_word' id='word_1_611' title='bbox 988 4412 1241 4479; x_wconf 85' lang='grc' dir='ltr'>καλοῦσι,</span> <span class='ocrx_word' id='word_1_612' title='bbox 1294 4416 1441 4486; x_wconf 76' lang='grc' dir='ltr'>παρὰ</span> <span class='ocrx_word' id='word_1_613' title='bbox 1474 4417 1533 4469; x_wconf 84' lang='grc' dir='ltr'><strong>τὸ</strong></span> <span class='ocrx_word' id='word_1_614' title='bbox 1564 4418 1629 4488; x_wconf 76' lang='grc' dir='ltr'>ῆλ</span> <span class='ocrx_word' id='word_1_615' title='bbox 1654 4419 1786 4487; x_wconf 81' lang='lat'><strong>(50),</strong></span> 
     </span>
    </p>
   </div>
   <div class='ocr_carea' id='block_1_79' title="bbox 232 4501 1864 4598">
    <p class='ocr_par' dir='ltr' id='par_1_79' title="bbox 232 4501 1864 4598">
     <span class='ocr_line' id='line_1_79' title="bbox 232 4501 1864 4598; baseline 0.007 -46"><span class='ocrx_word' id='word_1_616' title='bbox 232 4501 298 4563; x_wconf 83' lang='grc' dir='ltr'><strong>ὡς</strong></span> <span class='ocrx_word' id='word_1_617' title='bbox 325 4501 460 4553; x_wconf 77' lang='grc' dir='ltr'>ἔοικε</span> <span class='ocrx_word' id='word_1_618' title='bbox 480 4519 492 4531; x_wconf 76' lang='grc' dir='ltr'><strong>ο</strong></span> <span class='ocrx_word' id='word_1_619' title='bbox 529 4502 685 4555; x_wconf 90' lang='grc' dir='ltr'>τοῦτο</span> <span class='ocrx_word' id='word_1_620' title='bbox 711 4502 767 4555; x_wconf 85' lang='grc' dir='ltr'>δὲ</span> <span class='ocrx_word' id='word_1_621' title='bbox 797 4504 1155 4574; x_wconf 84' lang='grc' dir='ltr'>ἐρμηνεύουσι</span> <span class='ocrx_word' id='word_1_622' title='bbox 1195 4508 1367 4576; x_wconf 77' lang='grc' dir='ltr'>ἰσχὺν,</span> <span class='ocrx_word' id='word_1_623' title='bbox 1398 4510 1489 4561; x_wconf 70' lang='grc' dir='ltr'>καὶ</span> <span class='ocrx_word' id='word_1_624' title='bbox 1524 4509 1782 4581; x_wconf 79' lang='grc' dir='ltr'>δύναμινο</span> <span class='ocrx_word' id='word_1_625' title='bbox 1822 4543 1864 4598; x_wconf 79' lang='lat' dir='ltr'><strong>D</strong></span> 
     </span>
    </p>
   </div>
   <div class='ocr_carea' id='block_1_80' title="bbox 234 4590 1787 4673">
    <p class='ocr_par' dir='ltr' id='par_1_80' title="bbox 234 4590 1787 4673">
     <span class='ocr_line' id='line_1_80' title="bbox 234 4590 1787 4673; baseline 0.008 -29"><span class='ocrx_word' id='word_1_626' title='bbox 234 4592 346 4645; x_wconf 80' lang='grc' dir='ltr'>ὥστ’</span> <span class='ocrx_word' id='word_1_627' title='bbox 392 4590 529 4647; x_wconf 79' lang='grc' dir='ltr'>εἶναι</span> <span class='ocrx_word' id='word_1_628' title='bbox 571 4594 663 4647; x_wconf 84' lang='grc' dir='ltr'><strong>τοῦ</strong></span> <span class='ocrx_word' id='word_1_629' title='bbox 724 4596 859 4648; x_wconf 87' lang='grc' dir='ltr'>Θεοῦ</span> <span class='ocrx_word' id='word_1_630' title='bbox 904 4596 1139 4669; x_wconf 76' lang='grc' dir='ltr'>τοῦνομα</span> <span class='ocrx_word' id='word_1_631' title='bbox 1179 4599 1306 4671; x_wconf 86' lang='grc' dir='ltr'>παρ’</span> <span class='ocrx_word' id='word_1_632' title='bbox 1330 4600 1533 4664; x_wconf 77' lang='grc' dir='ltr'>αὐτοῖς,</span> <span class='ocrx_word' id='word_1_633' title='bbox 1562 4602 1666 4655; x_wconf 81' lang='grc' dir='ltr'><strong>ἀπὸ</strong></span> <span class='ocrx_word' id='word_1_634' title='bbox 1689 4604 1787 4673; x_wconf 78' lang='grc' dir='ltr'>τῆς</span> 
     </span>
    </p>
   </div>
   <div class='ocr_carea' id='block_1_81' title="bbox 235 4686 1786 4765">
    <p class='ocr_par' dir='ltr' id='par_1_81' title="bbox 235 4686 1786 4765">
     <span class='ocr_line' id='line_1_81' title="bbox 235 4686 1786 4765; baseline 0.008 -29"><span class='ocrx_word' id='word_1_635' title='bbox 235 4686 361 4754; x_wconf 63' lang='grc' dir='ltr'>ἀμφὶ</span> <span class='ocrx_word' id='word_1_636' title='bbox 386 4686 545 4738; x_wconf 71' lang='grc' dir='ltr'>αὐτὸν</span> <span class='ocrx_word' id='word_1_637' title='bbox 572 4687 852 4757; x_wconf 81' lang='grc' dir='ltr'>δυνάμεώς</span> <span class='ocrx_word' id='word_1_638' title='bbox 875 4706 933 4741; x_wconf 88' lang='grc' dir='ltr'><strong>τε</strong></span> <span class='ocrx_word' id='word_1_639' title='bbox 962 4692 1056 4742; x_wconf 73' lang='grc' dir='ltr'><strong>καὶ</strong></span> <span class='ocrx_word' id='word_1_640' title='bbox 1084 4691 1263 4761; x_wconf 75' lang='grc' dir='ltr'>ἰσχύος</span> <span class='ocrx_word' id='word_1_641' title='bbox 1298 4693 1786 4765; x_wconf 82' lang='grc' dir='ltr'>ἐπιλελογισμένον,</span> 
     </span>
    </p>
   </div>
   <div class='ocr_carea' id='block_1_82' title="bbox 234 4773 1787 4856">
    <p class='ocr_par' dir='ltr' id='par_1_82' title="bbox 234 4773 1787 4856">
     <span class='ocr_line' id='line_1_82' title="bbox 234 4773 1787 4856; baseline 0.007 -27"><span class='ocrx_word' id='word_1_642' title='bbox 234 4778 290 4829; x_wconf 78' lang='grc' dir='ltr'>δι’</span> <span class='ocrx_word' id='word_1_643' title='bbox 314 4773 375 4847; x_wconf 79' lang='grc' dir='ltr'>ἧς</span> <span class='ocrx_word' id='word_1_644' title='bbox 399 4781 597 4831; x_wconf 87' lang='grc' dir='ltr'>νοεῖται</span> <span class='ocrx_word' id='word_1_645' title='bbox 620 4779 1047 4851; x_wconf 86' lang='grc' dir='ltr'>παντοδύναμος,</span> <span class='ocrx_word' id='word_1_646' title='bbox 1082 4784 1174 4835; x_wconf 74' lang='grc' dir='ltr'><strong>καὶ</strong></span> <span class='ocrx_word' id='word_1_647' title='bbox 1222 4784 1399 4837; x_wconf 85' lang='grc' dir='ltr'>πάντα</span> <span class='ocrx_word' id='word_1_648' title='bbox 1449 4786 1645 4856; x_wconf 77' lang='grc' dir='ltr'>ἰσχύων</span> <span class='ocrx_word' id='word_1_649' title='bbox 1669 4828 1683 4852; x_wconf 95' lang='grc'><strong>,</strong></span> <span class='ocrx_word' id='word_1_650' title='bbox 1712 4788 1787 4852; x_wconf 82' lang='grc' dir='ltr'>ὡς</span> 
     </span>
    </p>
   </div>
   <div class='ocr_carea' id='block_1_83' title="bbox 234 4868 1784 4942">
    <p class='ocr_par' dir='ltr' id='par_1_83' title="bbox 234 4868 1784 4942">
     <span class='ocr_line' id='line_1_83' title="bbox 234 4868 1784 4942; baseline 0.008 -22"><span class='ocrx_word' id='word_1_651' title='bbox 234 4868 291 4920; x_wconf 85' lang='grc' dir='ltr'>ἂν</span> <span class='ocrx_word' id='word_1_652' title='bbox 318 4868 380 4920; x_wconf 76' lang='grc' dir='ltr'>τὰ</span> <span class='ocrx_word' id='word_1_653' title='bbox 413 4869 588 4923; x_wconf 83' lang='grc' dir='ltr'>πάντα</span> <span class='ocrx_word' id='word_1_654' title='bbox 618 4870 1042 4942; x_wconf 84' lang='grc' dir='ltr'>συστησάμενος.</span> <span class='ocrx_word' id='word_1_655' title='bbox 1084 4875 1142 4927; x_wconf 83' lang='lat'><strong>&#39;0</strong></span> <span class='ocrx_word' id='word_1_656' title='bbox 1162 4874 1218 4927; x_wconf 78' lang='grc' dir='ltr'>δὲ</span> <span class='ocrx_word' id='word_1_657' title='bbox 1259 4876 1482 4930; x_wconf 80' lang='grc' dir='ltr'>Πλάτων</span> <span class='ocrx_word' id='word_1_658' title='bbox 1522 4879 1651 4931; x_wconf 85' lang='grc' dir='ltr'>Θεὸν</span> <span class='ocrx_word' id='word_1_659' title='bbox 1691 4880 1784 4932; x_wconf 60' lang='grc' dir='ltr'><strong>καὶ⁵</strong></span> 
     </span>
    </p>
   </div>
   <div class='ocr_carea' id='block_1_84' title="bbox 237 4958 1791 5039">
    <p class='ocr_par' dir='ltr' id='par_1_84' title="bbox 237 4958 1791 5039">
     <span class='ocr_line' id='line_1_84' title="bbox 237 4958 1791 5039; baseline 0.008 -29"><span class='ocrx_word' id='word_1_660' title='bbox 237 4958 393 5023; x_wconf 67' lang='grc' dir='ltr'>θεοὺς,</span> <span class='ocrx_word' id='word_1_661' title='bbox 432 4959 582 5030; x_wconf 78' lang='grc' dir='ltr'>παρὰ</span> <span class='ocrx_word' id='word_1_662' title='bbox 620 4961 680 5013; x_wconf 85' lang='grc' dir='ltr'><strong>τὸ</strong></span> <span class='ocrx_word' id='word_1_663' title='bbox 707 4961 884 5027; x_wconf 84' lang='grc' dir='ltr'>θέειν,</span> <span class='ocrx_word' id='word_1_664' title='bbox 938 4965 1074 5035; x_wconf 81' lang='grc' dir='ltr'>ὅπερ</span> <span class='ocrx_word' id='word_1_665' title='bbox 1127 4967 1243 5019; x_wconf 76' lang='grc' dir='ltr'>ἐστὶ</span> <span class='ocrx_word' id='word_1_666' title='bbox 1298 4967 1529 5039; x_wconf 84' lang='grc' dir='ltr'>τρέχειν,</span> <span class='ocrx_word' id='word_1_667' title='bbox 1563 4970 1688 5033; x_wconf 79' lang='grc' dir='ltr'>τοὺς</span> <span class='ocrx_word' id='word_1_668' title='bbox 1732 4971 1791 5023; x_wconf 85' lang='grc' dir='ltr'><strong>ἐν</strong></span> 
     </span>
    </p>
   </div>
   <div class='ocr_carea' id='block_1_85' title="bbox 234 5048 1786 5130">
    <p class='ocr_par' dir='ltr' id='par_1_85' title="bbox 234 5048 1786 5130">
     <span class='ocr_line' id='line_1_85' title="bbox 234 5048 1786 5130; baseline 0.008 -29"><span class='ocrx_word' id='word_1_669' title='bbox 234 5048 426 5121; x_wconf 78' lang='grc' dir='ltr'>οὐρανῷ</span> <span class='ocrx_word' id='word_1_670' title='bbox 450 5051 741 5122; x_wconf 80' lang='grc' dir='ltr'>φωστῆρας</span> <span class='ocrx_word' id='word_1_671' title='bbox 768 5053 1060 5123; x_wconf 83' lang='grc' dir='ltr'>κεκλῆσθαί</span> <span class='ocrx_word' id='word_1_672' title='bbox 1089 5073 1240 5126; x_wconf 84' lang='grc' dir='ltr'>φησι.</span> <span class='ocrx_word' id='word_1_673' title='bbox 1278 5057 1512 5111; x_wconf 79' lang='grc' dir='ltr'>Τοιαῦτα</span> <span class='ocrx_word' id='word_1_674' title='bbox 1552 5058 1614 5130; x_wconf 87' lang='grc' dir='ltr'><strong>δή</strong></span> <span class='ocrx_word' id='word_1_675' title='bbox 1647 5077 1786 5125; x_wconf 91' lang='grc' dir='ltr'>τινα,</span> 
     </span>
    </p>
   </div>
   <div class='ocr_carea' id='block_1_86' title="bbox 236 5139 1790 5223">
    <p class='ocr_par' dir='ltr' id='par_1_86' title="bbox 236 5139 1790 5223">
     <span class='ocr_line' id='line_1_86' title="bbox 236 5139 1790 5223; baseline 0.008 -29"><span class='ocrx_word' id='word_1_676' title='bbox 236 5139 302 5205; x_wconf 83' lang='grc' dir='ltr'><strong>ὡς</strong></span> <span class='ocrx_word' id='word_1_677' title='bbox 330 5144 383 5195; x_wconf 83' lang='grc' dir='ltr'><strong>ἐν</strong></span> <span class='ocrx_word' id='word_1_678' title='bbox 408 5142 563 5213; x_wconf 87' lang='grc' dir='ltr'>τύπῳ</span> <span class='ocrx_word' id='word_1_679' title='bbox 585 5143 771 5213; x_wconf 85' lang='grc' dir='ltr'>φάναι,</span> <span class='ocrx_word' id='word_1_680' title='bbox 794 5144 861 5197; x_wconf 76' lang='grc' dir='ltr'>τὰ</span> <span class='ocrx_word' id='word_1_681' title='bbox 884 5146 1013 5217; x_wconf 89' lang='grc' dir='ltr'>παρ’</span> <span class='ocrx_word' id='word_1_682' title='bbox 1056 5147 1325 5219; x_wconf 80' lang='grc' dir='ltr'>Ἑϐραίοις</span> <span class='ocrx_word' id='word_1_683' title='bbox 1355 5150 1447 5202; x_wconf 77' lang='grc' dir='ltr'><strong>καὶ</strong></span> <span class='ocrx_word' id='word_1_684' title='bbox 1480 5151 1625 5223; x_wconf 81' lang='grc' dir='ltr'>παρὰ</span> <span class='ocrx_word' id='word_1_685' title='bbox 1647 5152 1790 5206; x_wconf 87' lang='grc' dir='ltr'>Πλά-</span> 
     </span>
    </p>
   </div>
   <div class='ocr_carea' id='block_1_87' title="bbox 235 5234 1786 5313">
    <p class='ocr_par' dir='ltr' id='par_1_87' title="bbox 235 5234 1786 5313">
     <span class='ocr_line' id='line_1_87' title="bbox 235 5234 1786 5313; baseline 0.011 -29"><span class='ocrx_word' id='word_1_686' title='bbox 235 5247 346 5286; x_wconf 89' lang='grc' dir='ltr'>τωνι</span> <span class='ocrx_word' id='word_1_687' title='bbox 374 5234 498 5305; x_wconf 75' lang='grc' dir='ltr'>περὶ</span> <span class='ocrx_word' id='word_1_688' title='bbox 530 5234 815 5307; x_wconf 86' lang='grc' dir='ltr'>ὀρθώσεως</span> <span class='ocrx_word' id='word_1_689' title='bbox 845 5238 1120 5308; x_wconf 83' lang='grc' dir='ltr'>ὀνομάτων</span> <span class='ocrx_word' id='word_1_690' title='bbox 1142 5240 1513 5313; x_wconf 75' lang='grc' dir='ltr'>διηκρίϐωται.</span> <span class='ocrx_word' id='word_1_691' title='bbox 1554 5245 1662 5297; x_wconf 80' lang='grc' dir='ltr'><strong>Καὶ</strong></span> <span class='ocrx_word' id='word_1_692' title='bbox 1688 5246 1786 5311; x_wconf 84' lang='grc' dir='ltr'>τὰς</span> 
     </span>
    </p>
   </div>
   <div class='ocr_carea' id='block_1_88' title="bbox 237 5324 1786 5404">
    <p class='ocr_par' dir='ltr' id='par_1_88' title="bbox 237 5324 1786 5404">
     <span class='ocr_line' id='line_1_88' title="bbox 237 5324 1786 5404; baseline 0.011 -27"><span class='ocrx_word' id='word_1_693' title='bbox 237 5326 286 5377; x_wconf 78' lang='grc' dir='ltr'>ὲν</span> <span class='ocrx_word' id='word_1_694' title='bbox 330 5324 631 5397; x_wconf 85' lang='grc' dir='ltr'>ἀνθρώποις</span> <span class='ocrx_word' id='word_1_695' title='bbox 672 5327 728 5381; x_wconf 82' lang='grc' dir='ltr'>δὲ</span> <span class='ocrx_word' id='word_1_696' title='bbox 765 5330 1136 5402; x_wconf 83' lang='grc' dir='ltr'>προσηγορίας</span> <span class='ocrx_word' id='word_1_697' title='bbox 1188 5333 1326 5404; x_wconf 89' lang='grc' dir='ltr'>μετά</span> <span class='ocrx_word' id='word_1_698' title='bbox 1363 5352 1507 5399; x_wconf 88' lang='grc' dir='ltr'>τινος</span> <span class='ocrx_word' id='word_1_699' title='bbox 1550 5336 1786 5404; x_wconf 77' lang='grc' dir='ltr'>διανοίας</span> 
     </span>
    </p>
   </div>
   <div class='ocr_carea' id='block_1_89' title="bbox 238 5418 1787 5498">
    <p class='ocr_par' dir='ltr' id='par_1_89' title="bbox 238 5418 1787 5498">
     <span class='ocr_line' id='line_1_89' title="bbox 238 5418 1787 5498; baseline 0.01 -28"><span class='ocrx_word' id='word_1_700' title='bbox 238 5418 383 5489; x_wconf 77' lang='grc' dir='ltr'>φησὶν</span> <span class='ocrx_word' id='word_1_701' title='bbox 407 5422 435 5473; x_wconf 84' lang='grc' dir='ltr'>ὁ</span> <span class='ocrx_word' id='word_1_702' title='bbox 460 5420 682 5474; x_wconf 86' lang='grc' dir='ltr'>Πλάτων</span> <span class='ocrx_word' id='word_1_703' title='bbox 709 5421 980 5476; x_wconf 86' lang='grc' dir='ltr'>τεθεῖσθαι</span> <span class='ocrx_word' id='word_1_704' title='bbox 1000 5440 1013 5454; x_wconf 75' lang='grc'><strong><em>⁸</em></strong></span> <span class='ocrx_word' id='word_1_705' title='bbox 1047 5426 1142 5479; x_wconf 79' lang='grc' dir='ltr'><strong>καὶ</strong></span> <span class='ocrx_word' id='word_1_706' title='bbox 1170 5427 1258 5482; x_wconf 85' lang='grc' dir='ltr'><strong>τόν</strong></span> <span class='ocrx_word' id='word_1_707' title='bbox 1300 5445 1362 5498; x_wconf 90' lang='grc' dir='ltr'><strong>γε</strong></span> <span class='ocrx_word' id='word_1_708' title='bbox 1404 5428 1558 5497; x_wconf 88' lang='grc' dir='ltr'>λόγον</span> <span class='ocrx_word' id='word_1_709' title='bbox 1604 5431 1787 5485; x_wconf 83' lang='grc' dir='ltr'>ἀποδι-</span> 
     </span>
    </p>
   </div>
   <div class='ocr_carea' id='block_1_90' title="bbox 298 5510 765 5577">
    <p class='ocr_par' dir='ltr' id='par_1_90' title="bbox 298 5510 765 5577">
     <span class='ocr_line' id='line_1_90' title="bbox 298 5510 765 5577; baseline 0.009 -16"><span class='ocrx_word' id='word_1_710' title='bbox 298 5510 339 5541; x_wconf 71' lang='grc' dir='ltr'><strong>’δ</strong></span> <span class='ocrx_word' id='word_1_711' title='bbox 369 5510 509 5567; x_wconf 84' lang='lat' dir='ltr'><strong>Psal.</strong></span> <span class='ocrx_word' id='word_1_712' title='bbox 550 5528 669 5577; x_wconf 83' lang='lat' dir='ltr'><strong>vm,</strong></span> <span class='ocrx_word' id='word_1_713' title='bbox 711 5512 765 5565; x_wconf 83' lang='lat'><strong>5.</strong></span> 
     </span>
    </p>
   </div>
   <div class='ocr_carea' id='block_1_91' title="bbox 296 5600 1019 5673">
    <p class='ocr_par' dir='ltr' id='par_1_91' title="bbox 296 5600 1019 5673">
     <span class='ocr_line' id='line_1_91' title="bbox 296 5600 1019 5673; baseline 0.003 -18"><span class='ocrx_word' id='word_1_714' title='bbox 296 5613 320 5641; x_wconf 80' lang='grc' dir='ltr'>ι</span> <span class='ocrx_word' id='word_1_715' title='bbox 358 5600 481 5667; x_wconf 58' lang='lat' dir='ltr'><strong>HL,</strong></span> <span class='ocrx_word' id='word_1_716' title='bbox 508 5603 1019 5673; x_wconf 86' lang='grc' dir='ltr'>καταπεπαρμένον.</span> 
     </span>
    </p>
   </div>
   <div class='ocr_carea' id='block_1_92' title="bbox 300 5693 1791 5771">
    <p class='ocr_par' dir='ltr' id='par_1_92' title="bbox 300 5693 1791 5771">
     <span class='ocr_line' id='line_1_92' title="bbox 300 5693 1791 5771; baseline 0.009 -27"><span class='ocrx_word' id='word_1_717' title='bbox 300 5694 419 5771; x_wconf 56' lang='grc' dir='ltr'>(ειν)</span> <span class='ocrx_word' id='word_1_718' title='bbox 461 5693 546 5771; x_wconf 65' lang='grc' dir='ltr'><strong>Τῷ</strong></span> <span class='ocrx_word' id='word_1_719' title='bbox 572 5694 867 5771; x_wconf 62' lang='grc' dir='ltr'><strong>ἀνωτᾴτῳΣ</strong></span> <span class='ocrx_word' id='word_1_720' title='bbox 929 5696 1019 5751; x_wconf 92' lang='lat' dir='ltr'><strong>Sic</strong></span> <span class='ocrx_word' id='word_1_721' title='bbox 1075 5697 1223 5771; x_wconf 77' lang='lat' dir='ltr'><strong>editi.</strong></span> <span class='ocrx_word' id='word_1_722' title='bbox 1287 5699 1448 5771; x_wconf 66' lang='lat' dir='ltr'><strong>Forte</strong></span> <span class='ocrx_word' id='word_1_723' title='bbox 1509 5701 1791 5771; x_wconf 86' lang='lat' dir='ltr'><strong>legendum</strong></span> 
     </span>
    </p>
   </div>
   <div class='ocr_carea' id='block_1_93' title="bbox 244 5762 1541 5839">
    <p class='ocr_par' dir='ltr' id='par_1_93' title="bbox 244 5762 1541 5839">
     <span class='ocr_line' id='line_1_93' title="bbox 244 5762 1541 5839; baseline 0.006 -25"><span class='ocrx_word' id='word_1_724' title='bbox 244 5762 579 5839; x_wconf 51' lang='lat' dir='ltr'><strong>‘bé‘lgﬂé‘tw,</strong></span> <span class='ocrx_word' id='word_1_725' title='bbox 611 5766 762 5839; x_wconf 68' lang='lat' dir='ltr'><strong>quod</strong></span> <span class='ocrx_word' id='word_1_726' title='bbox 784 5765 1045 5839; x_wconf 52' lang='lat' dir='ltr'><strong>reteratur</strong></span> <span class='ocrx_word' id='word_1_727' title='bbox 1070 5771 1137 5839; x_wconf 83' lang='lat' dir='ltr'><strong>ad</strong></span> <span class='ocrx_word' id='word_1_728' title='bbox 1164 5768 1541 5839; x_wconf 66' lang='grc' dir='ltr'>ὄνομα.,Εοιτ.</span> 
     </span>
    </p>
   </div>
   <div class='ocr_carea' id='block_1_94' title="bbox 301 5825 1774 5904">
    <p class='ocr_par' dir='ltr' id='par_1_94' title="bbox 301 5825 1774 5904">
     <span class='ocr_line' id='line_1_94' title="bbox 301 5825 1774 5904; baseline 0.006 -14"><span class='ocrx_word' id='word_1_729' title='bbox 301 5834 398 5902; x_wconf 75' lang='lat'><strong>(30)</strong></span> <span class='ocrx_word' id='word_1_730' title='bbox 427 5835 591 5902; x_wconf 75' lang='grc' dir='ltr'>Παρὰ</span> <span class='ocrx_word' id='word_1_731' title='bbox 615 5825 677 5889; x_wconf 72' lang='grc' dir='ltr'>ἑὸ</span> <span class='ocrx_word' id='word_1_732' title='bbox 728 5835 824 5904; x_wconf 71' lang='grc' dir='ltr'><strong>ἤλ.</strong></span> <span class='ocrx_word' id='word_1_733' title='bbox 854 5835 1035 5894; x_wconf 82' lang='lat' dir='ltr'><strong>Recte.</strong></span> <span class='ocrx_word' id='word_1_734' title='bbox 1064 5838 1158 5894; x_wconf 83' lang='lat' dir='ltr'><strong>Est</strong></span> <span class='ocrx_word' id='word_1_735' title='bbox 1184 5825 1327 5896; x_wconf 57' lang='lat' dir='ltr'><strong>enim</strong></span> <span class='ocrx_word' id='word_1_736' title='bbox 1359 5825 1453 5901; x_wconf 68' lang='lat' dir='ltr'><strong>5m</strong></span> <span class='ocrx_word' id='word_1_737' title='bbox 1481 5841 1739 5899; x_wconf 85' lang='lat' dir='ltr'><strong>fortitudo</strong></span> <span class='ocrx_word' id='word_1_738' title='bbox 1765 5866 1774 5876; x_wconf 85' lang='lat'><strong><em>-</em></strong></span> 
     </span>
    </p>
   </div>
   <div class='ocr_carea' id='block_1_95' title="bbox 1894 3312 3471 3385">
    <p class='ocr_par' dir='ltr' id='par_1_95' title="bbox 1894 3312 3471 3385">
     <span class='ocr_line' id='line_1_95' title="bbox 1894 3312 3471 3385; baseline 0.001 -18"><span class='ocrx_word' id='word_1_739' title='bbox 1894 3312 2050 3379; x_wconf 84' lang='lat' dir='ltr'><strong>Quod</strong></span> <span class='ocrx_word' id='word_1_740' title='bbox 2083 3321 2264 3367; x_wconf 90' lang='lat' dir='ltr'><strong>autem</strong></span> <span class='ocrx_word' id='word_1_741' title='bbox 2297 3312 2650 3384; x_wconf 87' lang='lat' dir='ltr'><strong>subjungitur</strong></span> <span class='ocrx_word' id='word_1_742' title='bbox 2676 3355 2691 3379; x_wconf 97' lang='lat'><strong>,</strong></span> <span class='ocrx_word' id='word_1_743' title='bbox 2727 3313 2887 3385; x_wconf 79' lang='lat'><strong>517</strong></span> <span class='ocrx_word' id='word_1_744' title='bbox 2923 3334 2942 3365; x_wconf 88' lang='grc'><em>‹</em></span> <span class='ocrx_word' id='word_1_745' title='bbox 2977 3324 3071 3369; x_wconf 91' lang='lat' dir='ltr'><strong>aut</strong></span> <span class='ocrx_word' id='word_1_746' title='bbox 3097 3316 3241 3371; x_wconf 86' lang='lat' dir='ltr'><strong>ﬁlius</strong></span> <span class='ocrx_word' id='word_1_747' title='bbox 3295 3316 3471 3369; x_wconf 86' lang='lat' dir='ltr'><strong>homi-</strong></span> 
     </span>
    </p>
   </div>
   <div class='ocr_carea' id='block_1_96' title="bbox 1892 3406 3471 3478">
    <p class='ocr_par' dir='ltr' id='par_1_96' title="bbox 1892 3406 3471 3478">
     <span class='ocr_line' id='line_1_96' title="bbox 1892 3406 3471 3478; baseline 0.002 -19"><span class='ocrx_word' id='word_1_748' title='bbox 1892 3406 1999 3470; x_wconf 89' lang='lat' dir='ltr'><strong>nis,</strong></span> <span class='ocrx_word' id='word_1_749' title='bbox 2026 3406 2287 3476; x_wconf 86' lang='lat' dir='ltr'><strong>quoniam</strong></span> <span class='ocrx_word' id='word_1_750' title='bbox 2321 3407 2513 3463; x_wconf 89' lang='lat' dir='ltr'><strong>visitas</strong></span> <span class='ocrx_word' id='word_1_751' title='bbox 2541 3408 2712 3462; x_wconf 91' lang='lat' dir='ltr'><strong>eum?</strong></span> <span class='ocrx_word' id='word_1_752' title='bbox 2743 3426 2762 3458; x_wconf 77' lang='grc' dir='ltr'><strong>ι</strong></span> <span class='ocrx_word' id='word_1_753' title='bbox 2814 3406 3020 3462; x_wconf 61' lang='lat' dir='ltr'><strong>Hebraei</strong></span> <span class='ocrx_word' id='word_1_754' title='bbox 3071 3409 3277 3478; x_wconf 87' lang='lat' dir='ltr'><strong>legunt,</strong></span> <span class='ocrx_word' id='word_1_755' title='bbox 3317 3426 3336 3459; x_wconf 76' lang='grc' dir='ltr'><strong>ι</strong></span> <span class='ocrx_word' id='word_1_756' title='bbox 3376 3416 3471 3462; x_wconf 92' lang='lat' dir='ltr'><strong>aut</strong></span> 
     </span>
    </p>
   </div>
   <div class='ocr_carea' id='block_1_97' title="bbox 1892 3491 3469 3554">
    <p class='ocr_par' dir='ltr' id='par_1_97' title="bbox 1892 3491 3469 3554">
     <span class='ocr_line' id='line_1_97' title="bbox 1892 3491 3469 3554; baseline 0.001 -2"><span class='ocrx_word' id='word_1_757' title='bbox 1892 3491 2036 3554; x_wconf 90' lang='lat' dir='ltr'><strong>ﬁlius</strong></span> <span class='ocrx_word' id='word_1_758' title='bbox 2062 3498 2256 3553; x_wconf 81' lang='lat' dir='ltr'><strong>Adam.</strong></span> <span class='ocrx_word' id='word_1_759' title='bbox 2297 3519 2315 3551; x_wconf 78' lang='grc' dir='ltr'><strong>ι</strong></span> <span class='ocrx_word' id='word_1_760' title='bbox 2350 3498 2426 3553; x_wconf 83' lang='lat' dir='ltr'><strong>ita</strong></span> <span class='ocrx_word' id='word_1_761' title='bbox 2457 3514 2582 3554; x_wconf 92' lang='lat' dir='ltr'><strong>cum</strong></span> <span class='ocrx_word' id='word_1_762' title='bbox 2613 3514 2781 3553; x_wconf 91' lang='lat' dir='ltr'><strong>unum</strong></span> <span class='ocrx_word' id='word_1_763' title='bbox 2810 3508 2864 3554; x_wconf 93' lang='lat' dir='ltr'><strong>et</strong></span> <span class='ocrx_word' id='word_1_764' title='bbox 2905 3499 3156 3554; x_wconf 80' lang='lat' dir='ltr'><strong>eumdem</strong></span> <span class='ocrx_word' id='word_1_765' title='bbox 3184 3514 3289 3553; x_wconf 82' lang='lat' dir='ltr'><strong>vox</strong></span> <span class='ocrx_word' id='word_1_766' title='bbox 3319 3508 3469 3553; x_wconf 87' lang='lat' dir='ltr'><strong>utra-</strong></span> 
     </span>
    </p>
   </div>
   <div class='ocr_carea' id='block_1_98' title="bbox 1890 3591 3469 3663">
    <p class='ocr_par' dir='ltr' id='par_1_98' title="bbox 1890 3591 3469 3663">
     <span class='ocr_line' id='line_1_98' title="bbox 1890 3591 3469 3663; baseline 0 -16"><span class='ocrx_word' id='word_1_767' title='bbox 1890 3607 1998 3663; x_wconf 93' lang='lat' dir='ltr'><strong>que</strong></span> <span class='ocrx_word' id='word_1_768' title='bbox 2028 3592 2319 3661; x_wconf 87' lang='lat' dir='ltr'><strong>signiﬁcet,</strong></span> <span class='ocrx_word' id='word_1_769' title='bbox 2354 3606 2657 3662; x_wconf 86' lang='lat' dir='ltr'><strong>corporeus</strong></span> <span class='ocrx_word' id='word_1_770' title='bbox 2684 3602 2866 3646; x_wconf 90' lang='lat' dir='ltr'><strong>tamen</strong></span> <span class='ocrx_word' id='word_1_771' title='bbox 2900 3591 3115 3659; x_wconf 86' lang='lat' dir='ltr'><strong>Adami,</strong></span> <span class='ocrx_word' id='word_1_772' title='bbox 3159 3594 3304 3648; x_wconf 84' lang='lat' dir='ltr'><strong>Enos</strong></span> <span class='ocrx_word' id='word_1_773' title='bbox 3339 3608 3469 3647; x_wconf 91' lang='lat' dir='ltr'><strong>vero</strong></span> 
     </span>
    </p>
   </div>
   <div class='ocr_carea' id='block_1_99' title="bbox 1891 3686 3468 3757">
    <p class='ocr_par' dir='ltr' id='par_1_99' title="bbox 1891 3686 3468 3757">
     <span class='ocr_line' id='line_1_99' title="bbox 1891 3686 3468 3757; baseline 0 -18"><span class='ocrx_word' id='word_1_774' title='bbox 1891 3686 2132 3749; x_wconf 91' lang='lat' dir='ltr'><strong>nomine,</strong></span> <span class='ocrx_word' id='word_1_775' title='bbox 2166 3686 2379 3741; x_wconf 89' lang='lat' dir='ltr'><strong>ratione</strong></span> <span class='ocrx_word' id='word_1_776' title='bbox 2426 3688 2686 3756; x_wconf 69' lang='lat' dir='ltr'><strong>prteditus</strong></span> <span class='ocrx_word' id='word_1_777' title='bbox 2735 3686 3073 3757; x_wconf 84' lang='lat' dir='ltr'><strong>designatur.</strong></span> <span class='ocrx_word' id='word_1_778' title='bbox 3116 3686 3294 3756; x_wconf 85' lang='lat' dir='ltr'><strong>Atque</strong></span> <span class='ocrx_word' id='word_1_779' title='bbox 3322 3687 3468 3740; x_wconf 90' lang='lat' dir='ltr'><strong>hunc</strong></span> 
     </span>
    </p>
   </div>
   <div class='ocr_carea' id='block_1_100' title="bbox 1896 3778 3469 3855">
    <p class='ocr_par' dir='ltr' id='par_1_100' title="bbox 1896 3778 3469 3855">
     <span class='ocr_line' id='line_1_100' title="bbox 1896 3778 3469 3855; baseline 0 -22"><span class='ocrx_word' id='word_1_780' title='bbox 1896 3779 1949 3833; x_wconf 93' lang='lat' dir='ltr'><strong>in</strong></span> <span class='ocrx_word' id='word_1_781' title='bbox 1988 3780 2209 3834; x_wconf 92' lang='lat' dir='ltr'><strong>modum</strong></span> <span class='ocrx_word' id='word_1_782' title='bbox 2242 3778 2523 3855; x_wconf 72' lang='lat' dir='ltr'><strong>Ilebraicre</strong></span> <span class='ocrx_word' id='word_1_783' title='bbox 2560 3781 2751 3835; x_wconf 66' lang='lat' dir='ltr'><strong>littera:</strong></span> <span class='ocrx_word' id='word_1_784' title='bbox 2786 3781 3071 3834; x_wconf 87' lang='lat' dir='ltr'><strong>ambarum</strong></span> <span class='ocrx_word' id='word_1_785' title='bbox 3116 3796 3309 3835; x_wconf 85' lang='lat' dir='ltr'><strong>vocum</strong></span> <span class='ocrx_word' id='word_1_786' title='bbox 3354 3789 3469 3851; x_wconf 84' lang='lat' dir='ltr'><strong>ety-</strong></span> 
     </span>
    </p>
   </div>
   <div class='ocr_carea' id='block_1_101' title="bbox 1894 3870 3466 3943">
    <p class='ocr_par' dir='ltr' id='par_1_101' title="bbox 1894 3870 3466 3943">
     <span class='ocr_line' id='line_1_101' title="bbox 1894 3870 3466 3943; baseline 0 -19"><span class='ocrx_word' id='word_1_787' title='bbox 1894 3871 2189 3941; x_wconf 89' lang='lat' dir='ltr'><strong>mologiam</strong></span> <span class='ocrx_word' id='word_1_788' title='bbox 2239 3872 2603 3941; x_wconf 88' lang='lat' dir='ltr'><strong>distinguunt.</strong></span> <span class='ocrx_word' id='word_1_789' title='bbox 2657 3874 2727 3926; x_wconf 89' lang='lat' dir='ltr'><strong>At</strong></span> <span class='ocrx_word' id='word_1_790' title='bbox 2771 3887 2899 3927; x_wconf 92' lang='lat' dir='ltr'><strong>vero</strong></span> <span class='ocrx_word' id='word_1_791' title='bbox 2932 3870 3107 3935; x_wconf 86' lang='lat' dir='ltr'><strong>Plato,</strong></span> <span class='ocrx_word' id='word_1_792' title='bbox 3141 3872 3423 3943; x_wconf 79' lang='grc' dir='ltr'>ᾶνθρωπον</span> <span class='ocrx_word' id='word_1_793' title='bbox 3449 3914 3466 3939; x_wconf 95' lang='grc'><strong>,</strong></span> 
     </span>
    </p>
   </div>
   <div class='ocr_carea' id='block_1_102' title="bbox 1891 3962 3469 4035">
    <p class='ocr_par' dir='ltr' id='par_1_102' title="bbox 1891 3962 3469 4035">
     <span class='ocr_line' id='line_1_102' title="bbox 1891 3962 3469 4035; baseline 0.004 -22"><span class='ocrx_word' id='word_1_794' title='bbox 1891 3962 2174 4026; x_wconf 81' lang='lat' dir='ltr'><strong>hominem,</strong></span> <span class='ocrx_word' id='word_1_795' title='bbox 2211 3962 2397 4017; x_wconf 61' lang='lat' dir='ltr'><strong>Graeca</strong></span> <span class='ocrx_word' id='word_1_796' title='bbox 2442 3964 2622 4033; x_wconf 84' lang='lat' dir='ltr'><strong>lingua</strong></span> <span class='ocrx_word' id='word_1_797' title='bbox 2659 3964 2810 4035; x_wconf 86' lang='grc' dir='ltr'>παρὰ</span> <span class='ocrx_word' id='word_1_798' title='bbox 2861 3965 2921 4017; x_wconf 83' lang='grc' dir='ltr'>τὸ</span> <span class='ocrx_word' id='word_1_799' title='bbox 2954 3964 3242 4034; x_wconf 86' lang='grc' dir='ltr'>ἀναθρεῖν,</span> <span class='ocrx_word' id='word_1_800' title='bbox 3280 3980 3308 4018; x_wconf 89' lang='lat' dir='ltr'><strong>a</strong></span> <span class='ocrx_word' id='word_1_801' title='bbox 3339 3980 3469 4019; x_wconf 87' lang='lat' dir='ltr'><strong>con-</strong></span> 
     </span>
    </p>
   </div>
   <div class='ocr_carea' id='block_1_103' title="bbox 1888 4057 3465 4128">
    <p class='ocr_par' dir='ltr' id='par_1_103' title="bbox 1888 4057 3465 4128">
     <span class='ocr_line' id='line_1_103' title="bbox 1888 4057 3465 4128; baseline -0.001 -15"><span class='ocrx_word' id='word_1_802' title='bbox 1888 4059 2199 4128; x_wconf 79' lang='lat' dir='ltr'><strong>temptando</strong></span> <span class='ocrx_word' id='word_1_803' title='bbox 2226 4061 2563 4114; x_wconf 91' lang='lat' dir='ltr'><strong>nominatum</strong></span> <span class='ocrx_word' id='word_1_804' title='bbox 2590 4075 2711 4113; x_wconf 91' lang='lat' dir='ltr'><strong>esse</strong></span> <span class='ocrx_word' id='word_1_805' title='bbox 2728 4058 3035 4113; x_wconf 92' lang='lat' dir='ltr'><strong>contendit:</strong></span> <span class='ocrx_word' id='word_1_806' title='bbox 3062 4076 3080 4109; x_wconf 72' lang='grc' dir='ltr'><strong>ι</strong></span> <span class='ocrx_word' id='word_1_807' title='bbox 3104 4057 3278 4113; x_wconf 81' lang='lat' dir='ltr'><strong>Homo</strong></span> <span class='ocrx_word' id='word_1_808' title='bbox 3299 4058 3465 4125; x_wconf 90' lang='lat' dir='ltr'><strong>enim,</strong></span> 
     </span>
    </p>
   </div>
   <div class='ocr_carea' id='block_1_104' title="bbox 1890 4150 3468 4222">
    <p class='ocr_par' dir='ltr' id='par_1_104' title="bbox 1890 4150 3468 4222">
     <span class='ocr_line' id='line_1_104' title="bbox 1890 4150 3468 4222; baseline 0.001 -19"><span class='ocrx_word' id='word_1_809' title='bbox 1890 4150 2087 4219; x_wconf 89' lang='lat' dir='ltr'><strong>inquit,</strong></span> <span class='ocrx_word' id='word_1_810' title='bbox 2114 4151 2273 4207; x_wconf 88' lang='lat' dir='ltr'><strong>simul</strong></span> <span class='ocrx_word' id='word_1_811' title='bbox 2315 4161 2476 4222; x_wconf 87' lang='lat' dir='ltr'><strong>atque</strong></span> <span class='ocrx_word' id='word_1_812' title='bbox 2506 4151 2638 4204; x_wconf 87' lang='lat' dir='ltr'><strong>vidit</strong></span> <span class='ocrx_word' id='word_1_813' title='bbox 2666 4151 2869 4221; x_wconf 85' lang='lat' dir='ltr'><strong>aliquid</strong></span> <span class='ocrx_word' id='word_1_814' title='bbox 2900 4151 2917 4221; x_wconf 93' lang='lat'><strong>(</strong></span> <span class='ocrx_word' id='word_1_815' title='bbox 2945 4152 3132 4203; x_wconf 82' lang='grc' dir='ltr'>ὄπωπε</span> <span class='ocrx_word' id='word_1_816' title='bbox 3185 4150 3356 4205; x_wconf 71' lang='lat' dir='ltr'><strong>Graeci</strong></span> <span class='ocrx_word' id='word_1_817' title='bbox 3386 4152 3468 4205; x_wconf 92' lang='lat' dir='ltr'><strong>di-</strong></span> 
     </span>
    </p>
   </div>
   <div class='ocr_carea' id='block_1_105' title="bbox 1890 4242 3468 4313">
    <p class='ocr_par' dir='ltr' id='par_1_105' title="bbox 1890 4242 3468 4313">
     <span class='ocr_line' id='line_1_105' title="bbox 1890 4242 3468 4313; baseline 0.001 -18"><span class='ocrx_word' id='word_1_818' title='bbox 1890 4252 2021 4296; x_wconf 92' lang='lat' dir='ltr'><strong>cunt</strong></span> <span class='ocrx_word' id='word_1_819' title='bbox 2046 4242 2087 4313; x_wconf 88' lang='lat'><strong>),</strong></span> <span class='ocrx_word' id='word_1_820' title='bbox 2119 4243 2171 4297; x_wconf 91' lang='lat' dir='ltr'><strong>id</strong></span> <span class='ocrx_word' id='word_1_821' title='bbox 2202 4244 2379 4313; x_wconf 89' lang='lat' dir='ltr'><strong>ipsum</strong></span> <span class='ocrx_word' id='word_1_822' title='bbox 2418 4243 2563 4313; x_wconf 91' lang='lat' dir='ltr'><strong>quod</strong></span> <span class='ocrx_word' id='word_1_823' title='bbox 2594 4243 2811 4309; x_wconf 88' lang='lat' dir='ltr'><strong>viderit,</strong></span> <span class='ocrx_word' id='word_1_824' title='bbox 2842 4244 3241 4312; x_wconf 87' lang='lat' dir='ltr'><strong>contemplatur</strong></span> <span class='ocrx_word' id='word_1_825' title='bbox 3284 4257 3347 4295; x_wconf 90' lang='lat' dir='ltr'><strong>ac</strong></span> <span class='ocrx_word' id='word_1_826' title='bbox 3381 4258 3468 4297; x_wconf 89' lang='lat' dir='ltr'><strong>se-</strong></span> 
     </span>
    </p>
   </div>
   <div class='ocr_carea' id='block_1_106' title="bbox 1889 4335 3466 4408">
    <p class='ocr_par' dir='ltr' id='par_1_106' title="bbox 1889 4335 3466 4408">
     <span class='ocr_line' id='line_1_106' title="bbox 1889 4335 3466 4408; baseline 0 -19"><span class='ocrx_word' id='word_1_827' title='bbox 1889 4349 2013 4389; x_wconf 90' lang='lat' dir='ltr'><strong>cum</strong></span> <span class='ocrx_word' id='word_1_828' title='bbox 2068 4336 2185 4405; x_wconf 88' lang='lat' dir='ltr'><strong>ipse</strong></span> <span class='ocrx_word' id='word_1_829' title='bbox 2247 4345 2482 4407; x_wconf 88' lang='lat' dir='ltr'><strong>reputat,</strong></span> <span class='ocrx_word' id='word_1_830' title='bbox 2542 4345 2601 4390; x_wconf 88' lang='lat' dir='ltr'><strong>ut</strong></span> <span class='ocrx_word' id='word_1_831' title='bbox 2652 4336 2939 4408; x_wconf 82' lang='grc' dir='ltr'>ἄνθρωπος</span> <span class='ocrx_word' id='word_1_832' title='bbox 2996 4335 3251 4399; x_wconf 89' lang='lat' dir='ltr'><strong>dicatur,</strong></span> <span class='ocrx_word' id='word_1_833' title='bbox 3306 4337 3466 4405; x_wconf 88' lang='lat' dir='ltr'><strong>quasi</strong></span> 
     </span>
    </p>
   </div>
   <div class='ocr_carea' id='block_1_107' title="bbox 1888 4425 3465 4499">
    <p class='ocr_par' dir='ltr' id='par_1_107' title="bbox 1888 4425 3465 4499">
     <span class='ocr_line' id='line_1_107' title="bbox 1888 4425 3465 4499; baseline 0.001 -20"><span class='ocrx_word' id='word_1_834' title='bbox 1888 4426 2131 4499; x_wconf 83' lang='grc' dir='ltr'>ἀναθρῶν</span> <span class='ocrx_word' id='word_1_835' title='bbox 2153 4427 2188 4481; x_wconf 78' lang='grc' dir='ltr'><strong>ἃ</strong></span> <span class='ocrx_word' id='word_1_836' title='bbox 2209 4428 2416 4486; x_wconf 74' lang='grc' dir='ltr'>ὄπωπε.</span> <span class='ocrx_word' id='word_1_837' title='bbox 2441 4429 2795 4498; x_wconf 83' lang='lat' dir='ltr'><strong>contemplans</strong></span> <span class='ocrx_word' id='word_1_838' title='bbox 2825 4446 2887 4483; x_wconf 88' lang='lat' dir='ltr'><strong>ea</strong></span> <span class='ocrx_word' id='word_1_839' title='bbox 2922 4445 3039 4499; x_wconf 72' lang='lat' dir='ltr'><strong>qua:</strong></span> <span class='ocrx_word' id='word_1_840' title='bbox 3078 4429 3285 4482; x_wconf 81' lang='lat' dir='ltr'><strong>viderit.</strong></span> <span class='ocrx_word' id='word_1_841' title='bbox 3317 4447 3335 4479; x_wconf 74' lang='grc' dir='ltr'><strong>ι</strong></span> <span class='ocrx_word' id='word_1_842' title='bbox 3373 4425 3465 4480; x_wconf 78' lang='lat' dir='ltr'><strong>Vi-</strong></span> 
     </span>
    </p>
   </div>
   <div class='ocr_carea' id='block_1_108' title="bbox 1889 4518 3466 4588">
    <p class='ocr_par' dir='ltr' id='par_1_108' title="bbox 1889 4518 3466 4588">
     <span class='ocr_line' id='line_1_108' title="bbox 1889 4518 3466 4588; baseline 0.001 -17"><span class='ocrx_word' id='word_1_843' title='bbox 1889 4534 2008 4571; x_wconf 88' lang='lat' dir='ltr'><strong>rum</strong></span> <span class='ocrx_word' id='word_1_844' title='bbox 2040 4529 2295 4588; x_wconf 67' lang='lat' dir='ltr'><strong>prmterea</strong></span> <span class='ocrx_word' id='word_1_845' title='bbox 2329 4519 2536 4575; x_wconf 65' lang='lat' dir='ltr'><strong>Hebraei</strong></span> <span class='ocrx_word' id='word_1_846' title='bbox 2582 4530 2779 4573; x_wconf 91' lang='lat' dir='ltr'><strong>vocant</strong></span> <span class='ocrx_word' id='word_1_847' title='bbox 2818 4521 2861 4573; x_wconf 87' lang='lat' dir='ltr'><strong>is</strong></span> <span class='ocrx_word' id='word_1_848' title='bbox 2895 4538 2909 4586; x_wconf 93' lang='lat'><strong>;</strong></span> <span class='ocrx_word' id='word_1_849' title='bbox 2979 4520 3122 4588; x_wconf 90' lang='lat' dir='ltr'><strong>quod</strong></span> <span class='ocrx_word' id='word_1_850' title='bbox 3170 4532 3364 4571; x_wconf 91' lang='lat' dir='ltr'><strong>nomen</strong></span> <span class='ocrx_word' id='word_1_851' title='bbox 3398 4518 3466 4572; x_wconf 89' lang='lat' dir='ltr'><strong>ab</strong></span> 
     </span>
    </p>
   </div>
   <div class='ocr_carea' id='block_1_109' title="bbox 1892 4612 3465 4684">
    <p class='ocr_par' dir='ltr' id='par_1_109' title="bbox 1892 4612 3465 4684">
     <span class='ocr_line' id='line_1_109' title="bbox 1892 4612 3465 4684; baseline -0.001 -19"><span class='ocrx_word' id='word_1_852' title='bbox 1892 4630 1966 4674; x_wconf 83' lang='lat' dir='ltr'><strong>es,</strong></span> <span class='ocrx_word' id='word_1_853' title='bbox 1999 4613 2147 4682; x_wconf 90' lang='lat' dir='ltr'><strong>quod</strong></span> <span class='ocrx_word' id='word_1_854' title='bbox 2179 4614 2351 4681; x_wconf 85' lang='lat' dir='ltr'><strong>ignem</strong></span> <span class='ocrx_word' id='word_1_855' title='bbox 2379 4613 2670 4684; x_wconf 86' lang='lat' dir='ltr'><strong>signiﬁcat,</strong></span> <span class='ocrx_word' id='word_1_856' title='bbox 2704 4612 2999 4677; x_wconf 73' lang='lat' dir='ltr'><strong>derivatur,</strong></span> <span class='ocrx_word' id='word_1_857' title='bbox 3045 4621 3099 4665; x_wconf 94' lang='lat' dir='ltr'><strong>ut</strong></span> <span class='ocrx_word' id='word_1_858' title='bbox 3132 4612 3233 4663; x_wconf 88' lang='lat' dir='ltr'><strong>viri</strong></span> <span class='ocrx_word' id='word_1_859' title='bbox 3267 4626 3465 4664; x_wconf 91' lang='lat' dir='ltr'><strong>nomen</strong></span> 
     </span>
    </p>
   </div>
   <div class='ocr_carea' id='block_1_110' title="bbox 1893 4703 3468 4776">
    <p class='ocr_par' dir='ltr' id='par_1_110' title="bbox 1893 4703 3468 4776">
     <span class='ocr_line' id='line_1_110' title="bbox 1893 4703 3468 4776; baseline -0.002 -18"><span class='ocrx_word' id='word_1_860' title='bbox 1893 4706 1960 4759; x_wconf 89' lang='lat' dir='ltr'><strong>ab</strong></span> <span class='ocrx_word' id='word_1_861' title='bbox 1990 4706 2163 4761; x_wconf 87' lang='lat' dir='ltr'><strong>calida</strong></span> <span class='ocrx_word' id='word_1_862' title='bbox 2192 4715 2245 4760; x_wconf 90' lang='lat' dir='ltr'><strong>et</strong></span> <span class='ocrx_word' id='word_1_863' title='bbox 2270 4706 2424 4776; x_wconf 90' lang='lat' dir='ltr'><strong>ignea</strong></span> <span class='ocrx_word' id='word_1_864' title='bbox 2456 4706 2554 4759; x_wconf 84' lang='lat' dir='ltr'><strong>viri</strong></span> <span class='ocrx_word' id='word_1_865' title='bbox 2589 4716 2780 4759; x_wconf 89' lang='lat' dir='ltr'><strong>natura</strong></span> <span class='ocrx_word' id='word_1_866' title='bbox 2810 4705 3037 4758; x_wconf 90' lang='lat' dir='ltr'><strong>inditum</strong></span> <span class='ocrx_word' id='word_1_867' title='bbox 3068 4704 3247 4758; x_wconf 83' lang='lat' dir='ltr'><strong>fuerit.</strong></span> <span class='ocrx_word' id='word_1_868' title='bbox 3277 4703 3468 4758; x_wconf 82' lang='lat' dir='ltr'><strong>Mulier</strong></span> 
     </span>
    </p>
   </div>
   <div class='ocr_carea' id='block_1_111' title="bbox 1890 4794 3466 4864">
    <p class='ocr_par' dir='ltr' id='par_1_111' title="bbox 1890 4794 3466 4864">
     <span class='ocr_line' id='line_1_111' title="bbox 1890 4794 3466 4864; baseline -0.002 -15"><span class='ocrx_word' id='word_1_869' title='bbox 1890 4812 2039 4861; x_wconf 89' lang='lat' dir='ltr'><strong>vero,</strong></span> <span class='ocrx_word' id='word_1_870' title='bbox 2072 4798 2146 4850; x_wconf 89' lang='lat' dir='ltr'><strong>uti</strong></span> <span class='ocrx_word' id='word_1_871' title='bbox 2181 4813 2247 4851; x_wconf 72' lang='lat' dir='ltr'><strong>ex</strong></span> <span class='ocrx_word' id='word_1_872' title='bbox 2289 4797 2406 4849; x_wconf 87' lang='lat' dir='ltr'><strong>viro</strong></span> <span class='ocrx_word' id='word_1_873' title='bbox 2458 4804 2675 4864; x_wconf 87' lang='lat' dir='ltr'><strong>sumpta</strong></span> <span class='ocrx_word' id='word_1_874' title='bbox 2725 4796 3062 4863; x_wconf 83' lang='lat' dir='ltr'><strong>perhibetur,</strong></span> <span class='ocrx_word' id='word_1_875' title='bbox 3124 4795 3197 4849; x_wconf 88' lang='lat' dir='ltr'><strong>ita</strong></span> <span class='ocrx_word' id='word_1_876' title='bbox 3256 4794 3309 4847; x_wconf 90' lang='lat' dir='ltr'><strong>in</strong></span> <span class='ocrx_word' id='word_1_877' title='bbox 3346 4794 3466 4861; x_wconf 80' lang='lat' dir='ltr'><strong>ejus</strong></span> 
     </span>
    </p>
   </div>
   <div class='ocr_carea' id='block_1_112' title="bbox 1888 4886 3467 4951">
    <p class='ocr_par' dir='ltr' id='par_1_112' title="bbox 1888 4886 3467 4951">
     <span class='ocr_line' id='line_1_112' title="bbox 1888 4886 3467 4951; baseline -0.002 -8"><span class='ocrx_word' id='word_1_878' title='bbox 1888 4889 2128 4944; x_wconf 89' lang='lat' dir='ltr'><strong>nominis</strong></span> <span class='ocrx_word' id='word_1_879' title='bbox 2148 4891 2585 4944; x_wconf 88' lang='lat' dir='ltr'><strong>communionem</strong></span> <span class='ocrx_word' id='word_1_880' title='bbox 2610 4898 2799 4943; x_wconf 81' lang='lat' dir='ltr'><strong>vocata</strong></span> <span class='ocrx_word' id='word_1_881' title='bbox 2822 4898 2924 4951; x_wconf 89' lang='lat' dir='ltr'><strong>est;</strong></span> <span class='ocrx_word' id='word_1_882' title='bbox 2956 4888 3067 4939; x_wconf 82' lang='lat' dir='ltr'><strong>issa</strong></span> <span class='ocrx_word' id='word_1_883' title='bbox 3089 4887 3233 4940; x_wconf 91' lang='lat' dir='ltr'><strong>enim</strong></span> <span class='ocrx_word' id='word_1_884' title='bbox 3262 4886 3329 4939; x_wconf 89' lang='lat' dir='ltr'><strong>ah</strong></span> <span class='ocrx_word' id='word_1_885' title='bbox 3358 4886 3467 4940; x_wconf 88' lang='lat' dir='ltr'><strong>illis</strong></span> 
     </span>
    </p>
   </div>
   <div class='ocr_carea' id='block_1_113' title="bbox 1888 4978 3461 5051">
    <p class='ocr_par' dir='ltr' id='par_1_113' title="bbox 1888 4978 3461 5051">
     <span class='ocr_line' id='line_1_113' title="bbox 1888 4978 3461 5051; baseline -0.004 -16"><span class='ocrx_word' id='word_1_886' title='bbox 1888 4993 2253 5051; x_wconf 85' lang='lat' dir='ltr'><strong>nuncupatur,</strong></span> <span class='ocrx_word' id='word_1_887' title='bbox 2285 4991 2343 5035; x_wconf 90' lang='lat' dir='ltr'><strong>ut</strong></span> <span class='ocrx_word' id='word_1_888' title='bbox 2371 4983 2450 5035; x_wconf 87' lang='lat' dir='ltr'><strong>vir</strong></span> <span class='ocrx_word' id='word_1_889' title='bbox 2488 4983 2553 5033; x_wconf 86' lang='lat' dir='ltr'><strong>is.</strong></span> <span class='ocrx_word' id='word_1_890' title='bbox 2582 4982 2651 5035; x_wconf 80' lang='lat' dir='ltr'><strong>At</strong></span> <span class='ocrx_word' id='word_1_891' title='bbox 2681 4981 2853 5043; x_wconf 85' lang='lat' dir='ltr'><strong>Plato,</strong></span> <span class='ocrx_word' id='word_1_892' title='bbox 2884 4995 3007 5034; x_wconf 90' lang='lat' dir='ltr'><strong>cum</strong></span> <span class='ocrx_word' id='word_1_893' title='bbox 3044 4979 3234 5049; x_wconf 84' lang='grc' dir='ltr'>ἄνδρα,</span> <span class='ocrx_word' id='word_1_894' title='bbox 3269 4978 3461 5043; x_wconf 82' lang='lat' dir='ltr'><strong>virum,</strong></span> 
     </span>
    </p>
   </div>
   <div class='ocr_carea' id='block_1_114' title="bbox 1889 5070 3467 5145">
    <p class='ocr_par' dir='ltr' id='par_1_114' title="bbox 1889 5070 3467 5145">
     <span class='ocr_line' id='line_1_114' title="bbox 1889 5070 3467 5145; baseline -0.003 -19"><span class='ocrx_word' id='word_1_895' title='bbox 1889 5074 2040 5145; x_wconf 76' lang='grc' dir='ltr'>παρὰ</span> <span class='ocrx_word' id='word_1_896' title='bbox 2086 5075 2183 5145; x_wconf 84' lang='grc' dir='ltr'><strong>τὴν</strong></span> <span class='ocrx_word' id='word_1_897' title='bbox 2225 5074 2337 5128; x_wconf 83' lang='grc' dir='ltr'>ἄνω</span> <span class='ocrx_word' id='word_1_898' title='bbox 2381 5076 2529 5145; x_wconf 74' lang='grc' dir='ltr'>ροἡν,</span> <span class='ocrx_word' id='word_1_899' title='bbox 2565 5074 2667 5127; x_wconf 88' lang='lat' dir='ltr'><strong>hoc</strong></span> <span class='ocrx_word' id='word_1_900' title='bbox 2701 5082 2783 5127; x_wconf 89' lang='lat' dir='ltr'><strong>est</strong></span> <span class='ocrx_word' id='word_1_901' title='bbox 2832 5073 2895 5125; x_wconf 90' lang='lat' dir='ltr'><strong>ab</strong></span> <span class='ocrx_word' id='word_1_902' title='bbox 2942 5073 3207 5140; x_wconf 82' lang='lat' dir='ltr'><strong>superiore</strong></span> <span class='ocrx_word' id='word_1_903' title='bbox 3252 5070 3467 5139; x_wconf 68' lang='lat' dir='ltr'><strong>defluxu</strong></span> 
     </span>
    </p>
   </div>
   <div class='ocr_carea' id='block_1_115' title="bbox 1886 5164 3463 5234">
    <p class='ocr_par' dir='ltr' id='par_1_115' title="bbox 1886 5164 3463 5234">
     <span class='ocr_line' id='line_1_115' title="bbox 1886 5164 3463 5234; baseline -0.003 -15"><span class='ocrx_word' id='word_1_904' title='bbox 1886 5164 2087 5219; x_wconf 90' lang='lat' dir='ltr'><strong>dictum</strong></span> <span class='ocrx_word' id='word_1_905' title='bbox 2106 5181 2226 5221; x_wconf 90' lang='lat' dir='ltr'><strong>esse</strong></span> <span class='ocrx_word' id='word_1_906' title='bbox 2246 5165 2498 5229; x_wconf 76' lang='lat' dir='ltr'><strong>defendit,</strong></span> <span class='ocrx_word' id='word_1_907' title='bbox 2517 5177 2627 5219; x_wconf 90' lang='lat' dir='ltr'><strong>tum</strong></span> <span class='ocrx_word' id='word_1_908' title='bbox 2647 5166 2717 5219; x_wconf 90' lang='lat' dir='ltr'><strong>ita</strong></span> <span class='ocrx_word' id='word_1_909' title='bbox 2733 5164 3039 5234; x_wconf 89' lang='lat' dir='ltr'><strong>subjungit:</strong></span> <span class='ocrx_word' id='word_1_910' title='bbox 3064 5182 3081 5213; x_wconf 77' lang='grc' dir='ltr'><strong>ι</strong></span> <span class='ocrx_word' id='word_1_911' title='bbox 3103 5164 3241 5233; x_wconf 87' lang='grc' dir='ltr'>Γυνή</span> <span class='ocrx_word' id='word_1_912' title='bbox 3261 5170 3463 5224; x_wconf 92' lang='lat' dir='ltr'><strong>autem,</strong></span> 
     </span>
    </p>
   </div>
   <div class='ocr_carea' id='block_1_116' title="bbox 1886 5253 3466 5327">
    <p class='ocr_par' dir='ltr' id='par_1_116' title="bbox 1886 5253 3466 5327">
     <span class='ocr_line' id='line_1_116' title="bbox 1886 5253 3466 5327; baseline -0.001 -18"><span class='ocrx_word' id='word_1_913' title='bbox 1886 5255 2083 5309; x_wconf 84' lang='lat' dir='ltr'><strong>mulier</strong></span> <span class='ocrx_word' id='word_1_914' title='bbox 2117 5298 2131 5323; x_wconf 91' lang='lat'><strong>,</strong></span> <span class='ocrx_word' id='word_1_915' title='bbox 2168 5256 2323 5325; x_wconf 87' lang='lat' dir='ltr'><strong>quasi</strong></span> <span class='ocrx_word' id='word_1_916' title='bbox 2348 5258 2503 5327; x_wconf 83' lang='grc' dir='ltr'>γονή,</span> <span class='ocrx_word' id='word_1_917' title='bbox 2548 5256 2705 5326; x_wconf 77' lang='lat' dir='ltr'><strong>fetus,</strong></span> <span class='ocrx_word' id='word_1_918' title='bbox 2734 5264 2824 5310; x_wconf 89' lang='lat' dir='ltr'><strong>aut</strong></span> <span class='ocrx_word' id='word_1_919' title='bbox 2848 5271 3019 5309; x_wconf 80' lang='lat' dir='ltr'><strong>semen</strong></span> <span class='ocrx_word' id='word_1_920' title='bbox 3042 5254 3306 5324; x_wconf 87' lang='lat' dir='ltr'><strong>appellata</strong></span> <span class='ocrx_word' id='word_1_921' title='bbox 3331 5253 3466 5307; x_wconf 88' lang='lat' dir='ltr'><strong>mihi</strong></span> 
     </span>
    </p>
   </div>
   <div class='ocr_carea' id='block_1_117' title="bbox 1888 5344 3467 5417">
    <p class='ocr_par' dir='ltr' id='par_1_117' title="bbox 1888 5344 3467 5417">
     <span class='ocr_line' id='line_1_117' title="bbox 1888 5344 3467 5417; baseline -0.005 -11"><span class='ocrx_word' id='word_1_922' title='bbox 1888 5351 2123 5406; x_wconf 84' lang='lat' dir='ltr'><strong>videtur.</strong></span> <span class='ocrx_word' id='word_1_923' title='bbox 2147 5370 2166 5402; x_wconf 85' lang='grc'><strong>›</strong></span> <span class='ocrx_word' id='word_1_924' title='bbox 2208 5351 2417 5404; x_wconf 81' lang='lat' dir='ltr'><strong>Rursus</strong></span> <span class='ocrx_word' id='word_1_925' title='bbox 2446 5348 2621 5405; x_wconf 82' lang='lat' dir='ltr'><strong>Moses</strong></span> <span class='ocrx_word' id='word_1_926' title='bbox 2648 5350 2844 5405; x_wconf 78' lang='lat' dir='ltr'><strong>C(elum</strong></span> <span class='ocrx_word' id='word_1_927' title='bbox 2879 5362 3005 5401; x_wconf 90' lang='lat' dir='ltr'><strong>vere</strong></span> <span class='ocrx_word' id='word_1_928' title='bbox 3037 5362 3100 5401; x_wconf 90' lang='lat' dir='ltr'><strong>ac</strong></span> <span class='ocrx_word' id='word_1_929' title='bbox 3131 5345 3347 5417; x_wconf 90' lang='lat' dir='ltr'><strong>proprie</strong></span> <span class='ocrx_word' id='word_1_930' title='bbox 3374 5344 3467 5400; x_wconf 83' lang='lat' dir='ltr'><strong>ﬁr-</strong></span> 
     </span>
    </p>
   </div>
   <div class='ocr_carea' id='block_1_118' title="bbox 1892 5437 3466 5509">
    <p class='ocr_par' dir='ltr' id='par_1_118' title="bbox 1892 5437 3466 5509">
     <span class='ocr_line' id='line_1_118' title="bbox 1892 5437 3466 5509; baseline -0.005 -11"><span class='ocrx_word' id='word_1_931' title='bbox 1892 5452 2234 5498; x_wconf 89' lang='lat' dir='ltr'><strong>mamentum</strong></span> <span class='ocrx_word' id='word_1_932' title='bbox 2272 5441 2537 5496; x_wconf 83' lang='lat' dir='ltr'><strong>Hebraica</strong></span> <span class='ocrx_word' id='word_1_933' title='bbox 2586 5456 2717 5495; x_wconf 91' lang='lat' dir='ltr'><strong>voce</strong></span> <span class='ocrx_word' id='word_1_934' title='bbox 2748 5447 3046 5509; x_wconf 86' lang='lat' dir='ltr'><strong>nuncupat,</strong></span> <span class='ocrx_word' id='word_1_935' title='bbox 3076 5437 3223 5508; x_wconf 89' lang='lat' dir='ltr'><strong>quod</strong></span> <span class='ocrx_word' id='word_1_936' title='bbox 3271 5451 3466 5492; x_wconf 86' lang='lat' dir='ltr'><strong>secun-</strong></span> 
     </span>
    </p>
   </div>
   <div class='ocr_carea' id='block_1_119' title="bbox 1903 5686 3463 5772">
    <p class='ocr_par' dir='ltr' id='par_1_119' title="bbox 1903 5686 3463 5772">
     <span class='ocr_line' id='line_1_119' title="bbox 1903 5686 3463 5772; baseline -0.002 -14"><span class='ocrx_word' id='word_1_937' title='bbox 1903 5706 2043 5760; x_wconf 78' lang='lat' dir='ltr'><strong>unde</strong></span> <span class='ocrx_word' id='word_1_938' title='bbox 2090 5704 2330 5759; x_wconf 74' lang='lat' dir='ltr'><strong>nascitur</strong></span> <span class='ocrx_word' id='word_1_939' title='bbox 2371 5686 2441 5761; x_wconf 57' lang='grc' dir='ltr'>ΒΝ</span> <span class='ocrx_word' id='word_1_940' title='bbox 2486 5704 2629 5772; x_wconf 85' lang='lat' dir='ltr'><strong>quod</strong></span> <span class='ocrx_word' id='word_1_941' title='bbox 2674 5712 2864 5771; x_wconf 79' lang='lat' dir='ltr'><strong>pra-ter</strong></span> <span class='ocrx_word' id='word_1_942' title='bbox 2890 5702 3276 5770; x_wconf 72' lang='lat' dir='ltr'><strong>fortitudinem,</strong></span> <span class='ocrx_word' id='word_1_943' title='bbox 3304 5700 3463 5756; x_wconf 85' lang='lat' dir='ltr'><strong>etiam</strong></span> 
     </span>
    </p>
   </div>
   <div class='ocr_carea' id='block_1_120' title="bbox 1891 5774 2732 5844">
    <p class='ocr_par' dir='ltr' id='par_1_120' title="bbox 1891 5774 2732 5844">
     <span class='ocr_line' id='line_1_120' title="bbox 1891 5774 2732 5844; baseline -0.005 -13"><span class='ocrx_word' id='word_1_944' title='bbox 1891 5777 2105 5843; x_wconf 78' lang='lat' dir='ltr'><strong>fortem,</strong></span> <span class='ocrx_word' id='word_1_945' title='bbox 2140 5774 2416 5844; x_wconf 76' lang='lat' dir='ltr'><strong>Deumque</strong></span> <span class='ocrx_word' id='word_1_946' title='bbox 2448 5774 2732 5844; x_wconf 81' lang='lat' dir='ltr'><strong>signiﬁcat.</strong></span> 
     </span>
    </p>
   </div>
  </div>
