4042 6384
568 351 679 409 859
1236 353 1324 410 EU
1334 351 1504 408 SEBll
1541 349 2019 409 CESARIENSIS
2055 351 2164 408 0P]

2255 352 2427 410 PARS
2459 353 2520 411 ll.
2557 386 2626 397 —
2644 380 2645 383 η
2662 351 3187 413 ηοιοοετιοΑ.
3761 345 3851 401 860

523 544 527 552 λ
568 476 704 530 dum
732 474 878 530 illam
909 472 1153 545 corporis
1185 483 1458 545 expertem
1509 475 2003 544 intelligentemque
2027 491 2119 530 na-

2255 477 2370 530 όναι
2420 479 2701 548 πειρᾶται·
2734 478 2832 531 οὐκ
2867 472 2963 530 οἷδ’
2998 478 3176 535 ὅπως
3215 468 3319 523 τὸν
3354 466 3465 537 μὲν
3505 464 3750 534 Ἕκτορα
3775 484 3850 520 κε-

571 576 778 631 turam,
823 568 1058 638 primum
1103 565 1266 636 hujus
1310 567 1497 622 mundi
1547 566 1761 621 ﬁrmum
1814 568 1885 623 sit
1934 582 2131 637 corpus

2253 567 2458 639 ιλῆσθαι
2488 567 2654 620 εἰπὼν
2698 569 2807 622 ἀπὸ
2856 568 2948 621 τοῦ
2980 568 3146 638 ἔχειν
3184 561 3310 616 καὶ
3338 560 3585 631 κρατεῖν
3609 596 3625 621 ,
3681 558 3765 611 διὰ
3798 562 3849 614 τὸ

575 671 851 727 sensuque
883 664 1215 726 perceptum.
1251 656 1320 711 At
1368 655 1518 711 Plato
1552 657 1653 711 rite
1697 655 1930 728 οὐρανῷ,
1964 657 2091 711 coelo
2113 701 2129 724 ,

2254 660 2453 714 ιασιλέα
2482 656 2620 713 εἶναι
2645 659 2754 714 τῶν
2782 659 2981 731 Τρώων
3001 678 3014 691 ο
3055 658 3168 712 τὸν
3202 655 3270 708 δὲ
3320 649 3723 722 Ἀγαμέμνονα
3741 692 3754 717 ,
3775 653 3850 707 διὰ

579 747 633 802 id
660 748 893 803 nominis
921 747 1149 802 inditum
1177 761 1299 802 esse
1328 747 1425 811 ait,
1458 747 1602 817 quod
1631 747 1691 801 τὸ
1714 749 1824 804 ἄνω
1848 750 1998 820 ὁρᾷν,
2030 749 2133 805 hoc

2254 751 2290 803 γὸ
2317 750 2453 819 ἄγαν
2480 752 2676 823 μένειν,
2717 751 2811 805 καὶ⁸
2837 755 2949 815 τοῖς
2975 750 3181 816 δόξασι
3229 743 3403 816 παρὰ
3438 754 3467 783 ⁸
3498 741 3617 797 τῶν
3664 743 3850 815 Τρώων

576 847 660 893 est
695 839 773 892 uti
799 839 1148 908 suspiciamus
1181 838 1394 895 emciat.
1432 838 1636 894 Hebraei
1680 855 1876 895 nomen
1909 857 2134 896 summa:

2252 843 2459 908 ιύτὸνως
2487 844 2580 897 καὶ
2603 844 2883 915 καρτερῶς
2913 841 3285 915 παραμένειν
3305 855 3320 868 ’
3359 837 3460 890 τὸν
3487 836 3550 890 δὲ
3582 836 3848 909 Ὀρέστην,

577 930 727 984 illius
778 928 869 985 Dei
906 940 1113 985 naturae
1142 932 1444 1001 proprium,
1483 946 1584 986 nec
1613 932 1722 985 ulla
1771 947 1904 987 voce
1932 948 2133 1002 reprae-

2250 934 2319 988 itdt
2343 936 2401 989 τὸ
2431 935 2654 1007 ὀρεινὸν,
2682 935 2775 989 καὶ
2801 937 3006 1007 ἄγριον,
3032 935 3143 989 καὶ
3174 930 3477 1002 θηριῶδες
3506 927 3608 981 τοῦ
3639 929 3846 1000 τρόπω·

574 1021 805 1085 sentari,
858 1035 957 1076 nec
989 1022 1156 1076 animi
1189 1023 1515 1093 cogitatione
1543 1023 1928 1092 comprehendi
1976 1038 2135 1093 posse

2256 1025 2326 1077 ιαὶ
2359 1024 2451 1077 τὸν
2484 1023 2589 1095 μὲν
2620 1024 2831 1095 ’Δτρέα,
2865 1022 2953 1077 διὰ
2977 1024 3036 1077 τὸ
3061 1020 3301 1093 ἀτηρόν
3328 1036 3467 1073 τινα
3499 1018 3782 1086 γεγονέναι
3801 1019 3852 1074 τὺ

578 1129 705 1168 cum
734 1121 999 1180 statuant,
1030 1116 1173 1185 quod
1201 1132 1228 1169 a
1257 1116 1417 1172 nobis
1440 1116 1534 1172 Dei
1557 1117 1774 1172 nomine
1795 1119 2132 1188 exprimitur,
2158 1169 2168 1180 ,

2254 1112 2360 1187 ᾗθος
2380 1132 2393 1145 ·
2416 1115 2506 1168 τὸν
2537 1115 2592 1169 δὲ
2628 1114 2863 1179 Πέλοπα,
2889 1109 3000 1169 οἷόν
3030 1132 3166 1168 τινα
3200 1112 3272 1165 οὐ
3324 1110 3405 1163 τὰ
3454 1109 3655 1179 πόρρω
3675 1147 3690 1165 .
3728 1110 3850 1165 ἀλλὰ

579 1204 636 1258 id
666 1206 844 1274 ipsum
890 1191 1061 1262 Eloim
1095 1207 1276 1262 dicere
1307 1217 1724 1273 consueverunt,
1772 1209 1841 1264 ab
1872 1210 1941 1277 el,
1971 1218 2030 1265 ut
2055 1210 2138 1264 vi-

2253 1207 2372 1260 ιόνα
2400 1207 2467 1261 τὰ
2495 1206 2662 1271 πέλας
2692 1207 2786 1261 καὶ
2814 1208 2977 1277 ἐγγὺς
3007 1206 3242 1277 ὁρῶντα
3264 1218 3281 1235 ’
3323 1202 3432 1255 τὸν
3479 1202 3543 1254 δὲ
3592 1200 3849 1255 Τάνταλον

577 1293 757 1360 detur,
786 1294 929 1364 quod
978 1296 1119 1365 apud
1176 1296 1296 1351 illos
1342 1298 1501 1351 robur
1528 1307 1933 1369 potestatemque
1965 1299 2133 1371 signi-

2253 1299 2561 1353 ταλάντατόν
2591 1316 2709 1352 τινα
2735 1316 2900 1370 φησι,
2933 1299 3023 1352 διὰ
3061 1299 3137 1351 τὰ
3186 1296 3334 1367 περὶ
3376 1293 3557 1347 αὐτὸν
3596 1291 3849 1365 δυστυχή-

578 1380 726 1447 ﬁcat,
759 1390 817 1437 ut
848 1383 942 1437 Dei
977 1400 1171 1440 nomen
1198 1388 1337 1456 apud
1365 1388 1509 1458 ipsos
1538 1390 1607 1443 ab
1631 1389 1749 1459 ejus
1782 1399 2047 1460 potestate
2073 1406 2138 1446 ac

2251 1409 2400 1459 ιατα,
2424 1392 2725 1463 σημαίνειν.
2767 1390 2950 1445 Ταῦτα
2981 1393 3073 1445 καὶ
3104 1389 3185 1444 τὰ
3215 1386 3476 1442 τοιαῦτα
3511 1386 3688 1457 μυρία
3728 1387 3847 1441 ἄλλα

579 1474 778 1529 robore
801 1474 1093 1542 derivetur,
1128 1480 1272 1533 unde
1312 1478 1460 1533 illum
1493 1481 1677 1535 omnia
1704 1482 1928 1536 omnino
1955 1497 2133 1552 posse,

2246 1483 2412 1555 εὕροις
2442 1483 2506 1537 ἂν
2549 1483 2811 1556 εἰρημένα
2859 1483 2934 1554 τῷ
2963 1485 3265 1543 Πλάτωνι.
3329 1479 3510 1549 φύσει
3567 1477 3842 1543 τεθεῖσθαι,

581 1572 769 1633 utpote
816 1565 911 1635 qui
948 1567 1170 1622 molitus
1217 1571 1398 1623 omnia
1434 1568 1614 1637 fuerit,
1646 1572 2015 1642 intelligimus.
2069 1574 2139 1627 At

2248 1575 2347 1629 Ξιλλ’
2371 1576 2432 1628 οὐ
2462 1575 2605 1628 θέσει
2632 1578 2743 1639 τοῖς
2767 1576 3000 1647 πρώτοις
3020 1576 3087 1630 τὰ
3119 1574 3398 1643 ὀνόματα
3429 1570 3717 1624 διδάσκειν
3739 1588 3844 1623 πει-

577 1653 734 1711 Plato
776 1655 944 1713 Deum
979 1669 1140 1730 atque
1165 1660 1317 1727 deos,
1351 1661 1480 1715 Θεὸν
1513 1663 1606 1716 καὶ
1627 1662 1802 1728 θεούς,
1830 1666 2139 1722 nominatos

2247 1666 2483 1738 ρωμένῳ.
2534 1667 2668 1719 Ἀλλ’
2707 1667 2766 1719 οὐ
2808 1667 2999 1720 καὶτὰ
3037 1665 3197 1736 παρὰ
3242 1666 3463 1719 ΜωσΞῖ
3520 1661 3843 1732 βεϐιασμένα

577 1759 702 1800 esse
749 1748 992 1815 mavult,
1021 1750 1169 1819 quod
1211 1751 1303 1804 illa
1346 1753 1468 1807 ρωιί
1517 1753 1692 1808 sidera
1744 1755 1906 1823 θέειν,
1947 1758 1999 1812 id
2033 1766 2173 1825 9st,.

2245 1755 2302 1810 iv
2332 1756 2531 1820 εἴποις,
2564 1758 2683 1810 οὐδέ
2715 1774 2777 1825 γε
2829 1758 2971 1811 κατά
3004 1775 3125 1812 τινα
3172 1753 3536 1825 σοφιστικὴν
3584 1754 3841 1824 εὑρεσιλο-

574 1851 810 1902 currere,
832 1817 1136 1896 videamus.
1169 1841 1346 1912 Atque
1393 1842 1466 1897 ita
1513 1843 1722 1900 Hebraei
1767 1817 1928 1901 simul
1975 1817 2170 1917 atque

2246 1847 2361 1915 γίαν
2394 1817 2762 1918 πεποιημένα.⁸
2800 1849 3006 1919 μαθὼν,
3033 1850 3108 1914 ὡς
3134 1852 3165 1903 6
3222 1817 3339 1920 μὲν
3390 1817 3535 1918 παρ’
3585 1817 3842 1917 Ἑϐραίοις

580 1927 774 1995 Plato;
826 1944 939 1985 rem
979 1933 1123 1987 enim
1170 1935 1522 1990 adumbrasse
1568 1938 1702 1992 satis
1731 1947 1834 2002 est,
1888 1940 1954 1994 de
1992 1950 2135 1995 recta

2240 1940 2374 1994 Κάῖν
2415 1939 2575 2010 ζῆλος
2618 1941 2743 2011 παρ’
2791 1940 3016 2011 Ἕλλησι
3070 1937 3630 2012 μεταλαμϐάνεται’
3662 1935 3836 1990 τούτου

584 2019 865 2075 nominum
897 2023 1241 2091 impositione
1271 2035 1590 2082 statuerunt.
1620 2027 1762 2093 Quin
1797 2030 1958 2083 etiam
1991 2030 2137 2099 ipsas

2246 2032 2280 2085 5‘
2316 2031 2520 2103 ἠξιώθη
2561 2032 2654 2085 τοῦ
2706 2035 3089 2104 προσρήματος
3115 2036 3144 2087 6
3201 2029 3575 2102 δηλούμενος
3599 2068 3615 2091 ,
3648 2028 3736 2081 διὰ
3790 2031 3842 2082 τὸ

578 2124 800 2180 quoque
846 2112 1124 2168 hominum
1170 2117 1554 2185 appellationes
1598 2127 1744 2172 certo
1791 2121 2020 2175 consilio
2064 2124 2141 2174 in-

2240 2121 2475 2193 ςηλῶσαι
2504 2123 2593 2175 τὸν
2623 2122 2847 2193 ἀδελφὺν
2879 2124 2968 2176 τὸν
2999 2124 3183 2177 Ἅϐελ.
3216 2123 3345 2177 Καὶ
3376 2123 3411 2173 6
3456 2119 3632 2172 Ἀϐελ
3677 2119 3731 2173 δὲ
3756 2121 3836 2191 ἑρ-

580 2201 722 2257 ditas
753 2201 921 2258 fuisse
966 2201 1119 2259 Plato
1172 2206 1478 2271 confirmat,
1528 2217 1582 2263 et
1629 2211 1903 2269 rationem.
1950 2226 2137 2267 earum

2242 2213 2529 2285 μηνεύεται
2571 2214 2761 2278 πένθος
2784 2254 2798 2277 ,
2823 2215 2916 2268 τοῦ
2951 2216 3151 2269 τοιοῦδε
3195 2214 3433 2277 πάθους
3457 2210 3706 2281 γεγονὼς
3753 2213 3836 2264 καὶ

580 2292 821 2361 aliquam
869 2293 1061 2350 aﬁerre
1118 2305 1362 2351 conatur.
1410 2298 1595 2368 Itaque
1628 2298 1907 2356 Hectorem
1957 2304 2141 2358 nescio

2239 2299 2398 2369 αὐτὸς
2429 2307 2538 2369 τοῖς
2568 2304 2814 2374 γονεῦσιν
2841 2306 3043 2369 αἴτιος,
3082 2306 3132 2358 οἶ
3172 2306 3333 2359 κατά
3390 2321 3529 2357 τινα
3570 2301 3830 2373 θειοτέραν

582 2396 693 2450 quo
724 2392 911 2450 pacto,
945 2384 1088 2451 quod
1138 2400 1232 2438 rex
1282 2384 1640 2454 Trojanorum
1692 2396 1855 2452 esset,
1908 2388 2017 2442 ἀπὸ
2046 2388 2140 2443 τοῦ

2240 2396 2578 2467 προμήθειαν
2596 2397 2901 2467 γενομένοις
2938 2401 3050 2461 τοῖς
3095 2398 3259 2451 παισὶ
3301 2396 3528 2460 ταύτας
3580 2394 3829 2449 τέθεινται

462 2511 466 2514 ι
580 2472 726 2543 ἔχειν
766 2475 859 2528 καὶ
900 2479 1140 2547 κρατεῖν,
1172 2493 1293 2547 qua:
1323 2478 1508 2533 habere
1538 2496 1600 2532 ac
1639 2481 1900 2549 imperare
1938 2480 2056 2551 sign

2239 2487 2338 2551 τὰς
2369 2489 2697 2559 ἐπωνυμίας.
2732 2489 2796 2541 Τί
2824 2489 2868 2541 δ’
2894 2490 2947 2544 εἴ
2963 2507 3045 2543 σοι
3067 2491 3156 2545 τὸν
3198 2488 3481 2562 Ἀϐραὰμ
3519 2487 3637 2558 (51)
3669 2504 3828 2558 παρα-

580 2576 730 2631 cant,
790 2570 1118 2638 appellatum
1180 2585 1301 2624 esse
1351 2570 1630 2640 conjicit;
1682 2573 2142 2643 Agamemnonem

2242 2582 2493 2652 φέροιμις
2548 2581 2961 2653 Μετεωρολόγος
3022 2598 3105 2645 τις
3155 2572 3367 2645 οὗτος,
3427 2579 3529 2633 καὶ
3588 2578 3688 2649 τῆς
3730 2578 3826 2631 τῶν

581 2658 751 2730 518
777 2676 925 2727 νεῖον
954 2660 1042 2714 διὰ
1072 2660 1135 2713 τὸ
1171 2661 1306 2730 ἄγαν
1347 2662 1547 2733 μένειν,
1592 2667 1733 2734 quod
1764 2665 1989 2719 nimium
2018 2681 2143 2734 per—

2241 2672 2455 2743 ἆστρων
2502 2652 2754 2744 θέωρίας,
2807 2672 2915 2726 τῶν
2958 2690 3015 2726 τε
3063 2672 3182 2726 κατ’
3211 2670 3463 2744 οὐρανὸν
3495 2668 3826 2741 μαθημάτων

585 2752 821 2817 sisteret,
851 2762 1013 2823 atque
1047 2755 1097 2809 in
1134 2755 1219 2822 iis,
1247 2771 1368 2824 qua:
1393 2756 1653 2813 adversus
1672 2757 1938 2827 Trojanos
1961 2773 2146 2814 susce-

2242 2763 2476 2834 εἰδήμων
2513 2764 2572 2816 τὸ
2623 2765 2771 2836 πρὶν,
2810 2766 2898 2817 ὅτε
2951 2767 3050 2836 τῆς
3097 2764 3431 2835 Χαλῶῖκῆς
3494 2764 3825 2833 μετεποιεῖτο

582 2852 760 2914 perat,
815 2847 1060 2902 consiliis
1109 2848 1336 2903 ﬁrmiter
1388 2849 1679 2904 admodum
1730 2860 1785 2905 et
1834 2859 2146 2905 constanter

2245 2854 2454 2923 σοφίας,
2485 2853 2740 2923 γεγονὼς,
2782 2854 2991 2927 Ἀϐρὰμ
3015 2856 3299 2910 ἐκαλεῖτοθ
3347 2854 3521 2909 τοῦτο
3565 2853 3610 2906 δ’
3647 2852 3819 2923 Ἐλλή-

584 2938 836 2994 haereret.
862 2940 953 2995 Sic
972 2938 1237 3005 Orestem,
1254 2941 1415 2994 διὰτὸ
1438 2942 1664 3014 ὀρεινόν,
1684 2944 1828 3013 quod
1850 2943 2141 3005 montanis,

2243 2961 2348 2998 νων
2391 2948 2538 3016 φωνῇ
2579 2945 2788 3018 πατέρα
2824 2941 3090 3017 μετέωρον
3134 2945 3427 3018 σημαίνει.
3481 2943 3623 2996 Ἀλλ’
3646 2944 3675 2994 6
3699 2942 3820 3005 Θεός

585 3027 692 3083 hoc
736 3037 820 3083 est
867 3031 1170 3100 agrestibus
1226 3048 1290 3086 ac
1336 3032 1569 3099 ferinis;
1630 3034 1851 3087 Atreum
1882 3074 1897 3097 ,
1943 3032 2033 3086 διὰ
2086 3033 2145 3085 τὸ

2243 3052 2306 3104 γε
2332 3037 2513 3099 αὑτὸν,
2545 3036 2652 3089 τῶν
2682 3037 2809 3107 τῇδε
2838 3037 2929 3089 ἐπὶ
2954 3038 3021 3091 τὰ
3046 3036 3283 3106 ὲπιφανῆ
3331 3037 3436 3090 καὶ
3473 3034 3587 3087 τῶν
3620 3033 3818 3105 ὁρωμέ-

584 3123 831 3195 ἁτηρόν,
888 3124 1034 3193 quod
1085 3125 1403 3194 perniciosis
1454 3141 1517 3181 ac
1565 3125 1840 3195 pestiferis
1901 3125 2180 3209 moribus,

2217 3202 2218 3208 η
2244 3148 2350 3184 νων
2377 3131 2631 3185 ἐπέκεινα
2651 3131 2923 3201 προάγων,
2953 3130 3222 3202 εὐθυϐὁλῳ
3252 3130 3539 3201 κέχρηται
3592 3144 3813 3198 μετωνυ-

588 3224 734 3270 esset
764 3233 778 3278 ;
805 3214 1075 3287 Pelopem,
1100 3218 1245 3287 quod
1273 3233 1379 3272 non
1411 3233 1494 3282 ea,
1522 3234 1642 3288 qua
1670 3227 1874 3274 semota
1906 3218 2139 3290 longius,

2248 3223 2407 3296 μίᾳ,ι
2430 3223 2661 3287 Οὐκέτι,
2718 3224 2930 3293 φήσας,
2982 3222 3311 3294 κληθήσεται
3374 3221 3444 3273 τὸ
3495 3217 3672 3288 ὄνομα
3732 3232 3813 3269 σου

586 3306 683 3360 sed
710 3321 774 3361 ea
804 3306 1083 3370 duntaxat,
1131 3322 1252 3377 quae
1297 3308 1483 3373 πέλας,
1536 3309 1637 3364 huc
1666 3319 1745 3364 est
1774 3310 2146 3380 propinquiora

2255 3314 2487 3387 Ἀϐρὰμ,
2513 3314 2646 3368 ἀλλὰ
2692 3313 2937 3385 Ἀϐραὰμ
2969 3312 3118 3366 ἔσται
3141 3312 3200 3366 τὸ
3226 3312 3407 3383 ὄνομά
3440 3327 3538 3364 σου
3560 3351 3576 3374 ,
3608 3311 3687 3363 ὅτι
3718 3326 3809 3362 πα-

588 3407 792 3463 essent,
823 3399 1029 3454 videret
1054 3418 1069 3466 ;
1097 3399 1381 3455 Tantalum
1407 3401 1564 3471 quasi
1588 3401 1933 3465 ταλάντατον,
1964 3403 2148 3455 miser-

2244 3409 2375 3480 τέρα
2404 3407 2608 3462 πολλῶν
2660 3406 3088 3462 ὲθνῶψτέθεικά
3114 3422 3192 3461 σε.
3233 3424 3252 3457 t
3318 3406 3504 3459 Τοῦτο
3561 3404 3606 3456 δ’
3639 3401 3810 3465 ὁποίας

588 3488 805 3555 timum,
836 3488 906 3543 ob
933 3505 1142 3557 earum,
1171 3491 1371 3561 quibus
1420 3506 1716 3561 oppressus
1744 3503 1846 3559 est,
1901 3494 2147 3549 miseria-
2174 3497 2177 3500 ‘

2244 3499 2424 3571 ἔχεται
2447 3499 2703 3563 διανοίας,
2741 3496 2947 3571 μακρὸς
3000 3498 3066 3552 ἂν
3092 3497 3175 3568 εἴη
3210 3497 3394 3566 λόγος.
3456 3493 3723 3566 ’Δπαρκετ
3758 3491 3806 3544 δὲ

589 3595 711 3633 rum
761 3580 1210 3649 magnitudinem.
1249 3583 1357 3636 ista
1391 3583 1608 3651 quidem
1640 3583 1853 3652 aliaque
1895 3595 2146 3639 sexcenta

2246 3593 2348 3646 κάν
2373 3591 2547 3662 τούτῳ
2574 3592 2664 3645 τὸν
2689 3590 2947 3645 Πλάτωνα
2978 3590 3228 3662 μάρτυρα
3257 3590 3357 3644 τοῦ
3387 3588 3555 3657 λόγου
3592 3581 3818 3656 παραθέ-

592 3689 622 3727 a
654 3672 878 3728 Platone
907 3673 1049 3728 dicta
1074 3674 1333 3742 reperias,
1357 3674 1553 3743 quibus
1579 3675 1799 3728 nomina
1830 3674 2019 3742 prim'is
2043 3673 2147 3729 illis

2248 3683 2388 3749 σθαι,
2433 3684 2537 3737 ὑπὸ
2566 3682 2839 3755 θειοτέρας
2877 3682 3156 3753 δυνάμεως
3205 3680 3320 3735 ἔνια
3372 3679 3487 3734 τῶν
3543 3677 3803 3747 ὀνομάτων

590 3765 904 3821 hominibus
934 3780 1040 3820 non
1073 3782 1170 3835 pro
1214 3764 1459 3834 arbitrio,
1510 3767 1603 3821 sed
1656 3781 1754 3849 pro
1782 3774 1988 3820 natura:
2015 3781 2147 3821 con-

2244 3774 2515 3828 τεθεῖσθαι
2559 3774 2813 3844 φάμενον.
2863 3773 3025 3841 Λέγει
3077 3772 3121 3825 δ’
3175 3766 3267 3826 οὖν
3318 3772 3511 3833 αὐτοῖς
3556 3768 3798 3839 ῥήμασιν·

591 3856 795 3912 ditione
824 3857 1077 3927 imposita
1113 3859 1307 3913 docere
1335 3866 1581 3913 conatur.
1613 3858 1684 3912 At
1712 3858 1987 3912 enimvero
2028 3874 2148 3927 qua:

2252 3885 2270 3917 ι
2316 3865 2704 3919 Ἐσπουδάσθαι
2750 3864 2859 3937 γὰρ
2910 3863 3140 3917 ἐνταῦθα.
3200 3863 3437 3934 μάλιστα
3474 3861 3673 3933 πρέπει
3716 3856 3804 3927 τὴν

591 3948 734 4018 apud
760 3946 944 4003 Mosen
978 3949 1247 4018 leguntur,
1271 3964 1333 4003 ea
1360 3964 1636 4018 nunquam
1670 3956 1762 4002 aut
1794 3958 1978 4003 coacta
2005 3948 2151 4003 dixe-

2248 3957 2392 4011 θέσιν
2414 3956 2520 4010 τῶν
2544 3956 2820 4027 ὀνομάτων
2837 3973 2851 3986 ·
2882 3957 3009 4019 ἴσως
3022 3956 3078 4008 δὲ
3101 3955 3217 4009 ἔνια
3241 3955 3423 4009 αὐτῶν
3440 3954 3537 4008 καὶ
3564 3950 3666 4006 ὑπὸ
3681 3949 3797 4001 θειο-

591 4041 691 4103 ris,
714 4048 808 4094 aut
838 4048 1027 4109 arguta
1050 4040 1141 4094 illa
1169 4039 1533 4109 sophistarum
1566 4040 1621 4093 in
1653 4040 1912 4095 cudendis
1939 4039 2148 4094 voculis

2247 4048 2409 4118 τέρας
2427 4047 2752 4118 δυνάμεωςῆ
2774 4049 2871 4117 τῆς
2888 4044 2996 4114 τῶν
3011 4045 3310 4117 ἀνθρώπων
3330 4043 3591 4115 ἐγενήθη.
3608 4061 3625 4093 ι
3646 4037 3800 4093 Τοῦτό

591 4141 709 4187 arte
759 4130 1011 4186 conﬁcta.
1065 4130 1342 4201 Agnosces
1393 4130 1681 4194 videlicet,
1732 4146 1893 4201 quem
1940 4128 2147 4185 Hebraei

2247 4140 2311 4209 γέ
2332 4157 2411 4193 τοι
2429 4140 2558 4193 αὐτὸ
2572 4139 2659 4192 διὰ
2675 4139 2930 4192 πλειόνων
2953 4138 3046 4191 καὶ
3076 4140 3107 4207 ἡ
3135 4139 3260 4207 παρ’
3285 4136 3556 4208 Ἑϐραίοις
3576 4132 3689 4205 ἱερὰ
3716 4146 3798 4182 πι-

591 4224 819 4279 Cainum
845 4229 1061 4286 vocant,
1109 4220 1497 4286 aemulationem
1529 4222 1667 4290 apud
1695 4219 1910 4277 Graecos
1942 4222 2149 4291 signiﬁ-

2248 4233 2464 4287 στοῦται
2496 4232 2705 4304 Γραφή·
2731 4231 2944 4305 πρῶτός
2986 4246 3044 4282 τε
3080 4231 3283 4300 Μωσῆς
3320 4228 3597 4287 ἁπάντων,
3645 4223 3700 4286 ὃς
3740 4224 3794 4274 ὲκ

592 4330 739 4380 care,
779 4329 889 4383 quo
919 4312 1137 4367 nomine
1170 4312 1471 4381 appellatus
1499 4311 1742 4367 nefarius
1774 4313 1937 4368 homo
1965 4312 2148 4381 fuerit,

2250 4322 2521 4396 θειοτέρας
2535 4324 2811 4394 δυνάμεως
2834 4321 2923 4375 τὸν
2947 4320 3213 4393 Ἀϐραὰμ,
3232 4322 3325 4375 καὶ
3338 4321 3429 4373 τὸν
3441 4319 3627 4373 τούτου
3645 4312 3788 4367 παῖδα

591 4404 738 4475 quod
775 4404 1034 4459 adversus
1061 4401 1283 4456 fratrem
1313 4402 1656 4457 aemulatione
1697 4402 2010 4472 invidiaque
2053 4402 2150 4457 ﬁa-

2247 4414 2338 4468 τδν
2380 4414 2581 4480 Ἰσαὰκ,
2627 4413 2721 4467 καὶ
2750 4412 2828 4465 ἔτι
2867 4412 2959 4465 τὸν
3011 4411 3222 4483 Ἰσραὴλ
3281 4407 3661 4480 ἐπωνομάσθαι
3699 4402 3789 4457 ἐδί-

589 4506 772 4568 graret
800 4514 816 4565 ;
854 4495 1070 4551 Abelem
1099 4505 1287 4551 contra
1307 4494 1505 4549 lactant
1532 4509 1746 4560 sonare,
1779 4494 1922 4564 quod
1953 4511 2152 4565 paren—
2183 4540 2185 4545 γ

2187 4490 2226 4545 D
2254 4503 2399 4570 δαξε.
2444 4504 2695 4569 Γέλωςδὲ
2731 4505 2759 4556 6
2807 4503 2990 4557 Ἰσαὰκ
3044 4502 3425 4574 ἑρμηνεύεται,
3482 4501 3542 4553 τὸ
3570 4498 3665 4567 τῆς
3712 4497 3783 4547 έν-

591 4590 740 4644 tibus
769 4589 885 4644 suis
910 4589 1112 4643 luctum
1150 4587 1421 4641 attulisset
1456 4605 1470 4641 :
1506 4587 1598 4657 qui
1631 4586 1895 4641 diviniore
1913 4587 2149 4657 quodam

2252 4594 2444 4666 αρέτου
2475 4595 2645 4664 χαρᾶς
2661 4592 2831 4661 ὲπαγό
2838 4609 2991 4663 μενος
3020 4591 3080 4644 σύ
3090 4591 3301 4662 μϐολον,
3328 4592 3396 4662 ἢν
3413 4594 3527 4654 τοῖς
3541 4583 3736 4655 θεοφιλέ
3744 4600 3790 4635 σι

592 4680 850 4736 instinctu
883 4679 1218 4749 consilioque
1251 4678 1479 4748 permoti
1513 4679 1779 4749 ejusmodi
1822 4680 2008 4736 liberis
2036 4679 2150 4734 suis

2252 4686 2419 4759 γέρας
2454 4685 2725 4755 ἐξαίρετον
2777 4683 2964 4738 δώσειν
2995 4685 3023 4737 6
3071 4682 3200 4747 Θεὸς
3242 4682 3589 4753 ἐπήγγελται.
3655 4678 3705 4729 '0
3736 4674 3782 4727 δὲ

591 4773 813 4827 nomina
849 4772 1159 4827 indiderint.
1193 4771 1333 4839 Quid
1356 4772 1400 4827 si
1428 4771 1798 4827 Abrahamum
1828 4770 2101 4841 proferam
2127 4770 2151 4824 ?

2245 4778 2431 4831 τούτου
2457 4781 2583 4841 παῖς
2628 4776 2859 4848 Ἰσραὴλ,
2882 4772 2948 4847 ἦν
2984 4777 3080 4846 μὲν
3110 4776 3171 4830 τὸ
3217 4777 3344 4848 πρὶν
3388 4775 3448 4829 τὸ
3472 4772 3564 4828 τοῦ
3615 4764 3788 4823 Ἰακὼϐ

591 4864 686 4921 Ille
731 4865 988 4920 nimirum
1035 4874 1214 4927 antea,
1261 4863 1388 4919 dum
1436 4864 1753 4934 sapientiam
1802 4862 2149 4919 Chaldaicam

2247 4870 2415 4942 ὄνομα
2435 4870 2879 4941 ἐπενηνεγμένος,
2900 4871 3019 4923 ἀντὶ
3038 4870 3094 4923 δὲ
3120 4869 3209 4924 τοῦ
3238 4868 3431 4924 Ἰακὼϐ
3455 4871 3484 4923 6
3507 4865 3635 4928 Θεὸς
3654 4857 3784 4928 αὐτῷ

592 4955 958 5029 proﬁteretur,
989 4957 1044 5011 in
1078 4973 1261 5013 rerum
1292 4958 1633 5027 superiorum
1659 4957 2027 5028 disputatione
2052 4971 2148 5012 oc-

2216 4964 2308 5016 ιτὸ
2335 4961 2427 5016 τοῦ
2461 4961 2673 5033 Ἰσραὴλ
2718 4961 2891 5032 ὄνομα
2939 4961 3209 5033 δωρεῖται,
3275 4960 3364 5014 τὸν
3425 4956 3658 5029 ἁσκητὴν
3701 4950 3784 5005 καὶ

590 5057 843 5118 cupatus,
882 5058 1044 5118 atque
1071 5048 1125 5102 in
1160 5048 1420 5116 siderum,
1447 5064 1674 5119 qumque
1708 5050 1773 5103 ad
1800 5048 1995 5104 cmlum
2028 5062 2153 5117 per-

2251 5053 2549 5126 πρακτικὸν
2609 5054 2700 5107 ἐπὶ
2758 5053 2847 5105 τὸν
2923 5051 3252 5124 θεωρητικὸν
3311 5049 3774 5123 μεταστησάμενος·

592 5144 787 5210 tinent,
821 5143 1065 5198 omnium
1119 5143 1579 5211 contemplatione
1630 5142 1904 5206 assiduus,
1949 5140 2148 5195 Abram

2254 5146 2582 5219 Πτερνιστὴς
2609 5144 2717 5217 γὰρ
2737 5147 2766 5199 6
2803 5143 2994 5199 Ἰακὼϐ
3049 5142 3425 5217 ἑρμηνεύεται,
3467 5143 3539 5207 ὡς
3564 5140 3647 5194 τὸν
3672 5137 3774 5208 ἀρεσ

592 5235 929 5301 vocabatur,
978 5249 1099 5304 qua:
1136 5249 1241 5289 vox
1286 5232 1471 5289 Graece
1530 5232 1815 5289 sublimem
1873 5240 2150 5302 parentem

2254 5239 2352 5310 τῆς
2381 5235 2616 5291 ὲναθλῶν
2641 5235 2846 5305 ἀγῶνα·
2896 5234 3111 5306 Ἰσραὴλ
3139 5235 3196 5287 δὲ
3239 5233 3381 5306 ὀρῶν
3424 5233 3573 5296 Θεὸν,
3623 5228 3782 5286 ὁποῖος

592 5324 883 5395 signiﬁcat.
917 5326 985 5380 At
1020 5325 1181 5390 Deus,
1217 5341 1342 5381 cum
1368 5324 1617 5381 eumdem
1652 5341 1683 5379 a
1713 5340 1892 5380 rerum
1940 5335 2157 5379 nostra-‘

2257 5328 2322 5383 ἂν
2349 5327 2433 5397 εἴη
2456 5328 2484 5380 6
2502 5326 2800 5395 γνωστικὸς
2818 5324 2912 5379 καὶ
2933 5324 3258 5396 θεωρητικὸς
3290 5324 3347 5376 ὲν
3377 5321 3635 5394 ἀνθρώπῳ
3652 5313 3773 5397 νοῦςτ

593 5432 716 5472 rum
746 5417 1158 5485 consuetudine,
1180 5418 1244 5472 ad
1273 5418 1628 5479 illustriorum
1661 5418 1898 5482 illarum,
1926 5430 2153 5486 quaeque

2258 5417 2322 5470 Τί
2359 5395 2431 5486 με
2462 5416 2541 5469 δεῖ
2583 5414 2678 5468 νῦν
2715 5414 2808 5468 τοῦ
2843 5395 3113 5481 πανσόφου
3158 5410 3397 5473 Μωσέως
3419 5449 3435 5473 ,
3464 5408 3495 5479 ἢ
3526 5406 3626 5461 τῶν
3667 5395 3775 5468 παρ’

594 5509 951 5579 aspectabiles
985 5523 1175 5564 omnes
1211 5516 1490 5579 superant,
1522 5507 1911 5564 commercium
1959 5507 2153 5562 evehe-

2270 5506 2535 5581 Ἑϐραίοις
2561 5505 2723 5575 ἱερῶν
2753 5505 2948 5573 λόγων,
2978 5502 3066 5555 διὰ
3101 5501 3303 5573 μυρίων
3329 5500 3501 5554 ἄλλων
3532 5496 3620 5569 τὴν
3647 5486 3774 5554 ὀρθά·

665 5655 694 5684 ι
734 5640 890 5696 Forte
910 5644 1067 5697 κατὰ.

666 5761 776 5833 (3|)
808 5761 922 5815 Τὸν
961 5758 1203 5830 Ἀϐραάμ
1257 5759 1389 5817 Vide
1438 5775 1557 5830 qua:
1599 5760 1774 5817 obiter
1802 5773 1968 5831 supra
1998 5759 2326 5824 notavimus,
2358 5771 2478 5827 pag.
2510 5752 2633 5820 620,
2665 5754 2729 5810 de
2758 5751 3029 5808 Abraham
3057 5749 3295 5805 nomine.
