4042 6384
200 303 307 357 86!

1372 306 1691 362 PRIEPAR.
1732 308 1983 364 EVANG.
2041 305 2167 361 LIB.
2198 302 2288 361 XI.

3339 305 3442 360 862

198 429 354 485 τητα
390 414 491 483 τῆς
529 413 634 468 τῶν
678 415 889 467 οίκείων
936 416 1216 487 ὀνομάτων
1261 416 1459 483 θέσεως
1509 418 1787 485 ὲξαπλοῦν,

1897 430 1993 485 ret,
2045 429 2499 490 perOpportunam
2535 417 2655 487 ejus
2698 418 2935 474 nominis
2972 418 3321 472 mutationem
3360 419 3445 471 iu-

205 506 567 577 μακροτέρας
628 507 819 578 σχολῆς
855 507 1118 577 δεομένων
1150 508 1256 561 τῶν
1311 510 1449 561 κατὰ
1480 511 1568 563 τὸν
1590 511 1784 575 rem;

194 598 429 653 Αὐτίκα
449 598 512 668 δὴ
536 598 628 651 καὶ
656 599 763 652 τῶν
815 599 1043 671 πρώτων
1078 600 1175 670 τῆς
1225 603 1614 673 γραμματικῆς
1648 620 1789 655 στοι-

197 690 383 761 χείων
407 689 658 761 Ἕλληνες
683 691 781 758 μὲν
808 692 907 743 οὐκ
959 691 1023 744 ἂν
1072 690 1243 761 ἔχοιεν
1299 693 1396 755 τὰς
1440 692 1788 764 ἐτυμολογίας

200 784 413 843 εἰπεῖν,
439 781 545 834 οὐδ’
572 782 730 845 αὐτός
762 784 813 850 γ’
843 782 907 836 ἂν
937 783 1067 854 φαίη
1094 783 1315 836 Πλάτων
1342 784 1431 836 τὺν
1453 784 1606 852 λόγον
1630 784 1663 855 ἢ
1696 784 1787 837 τὸν

200 872 476 942 λογισμὸν
500 872 605 925 τῶν
634 874 1023 944 φωνηέντων,ἧ
1046 874 1150 926 τῶν
1174 874 1493 945 συμφώνων·
1524 874 1787 945 Ἐϐραίων

204 965 255 1018 δ’
283 964 355 1019 ἂν
376 966 579 1018 εἴποιεν
608 966 796 1029 παῖδες
821 966 914 1019 τοῦ
939 985 996 1019 τε
1032 967 1175 1037 ἄλφα
1204 968 1300 1038 τὴν
1347 969 1545 1029 αἰτίαν,
1574 968 1603 1020 ὃ
1656 970 1785 1041 παρ’

206 1058 400 1119 αὐτοῖς
426 1057 667 1109 καλεῖται
700 1056 828 1125 ἃλφ,
862 1058 1018 1111 τοῦτο
1036 1059 1093 1111 δὲ
1122 1060 1374 1129 σημαίνει
1414 1060 1666 1129 μάθησιν·
1696 1062 1787 1113 καὶ

206 1149 306 1203 τοῦ
338 1150 498 1220 βῆτα,
513 1150 648 1221 ὅπερ
672 1149 771 1221 βὴθ
798 1148 950 1219 φίλον
980 1152 1161 1216 αὐτοῖς
1191 1152 1791 1224 προσαγορεύειν,οὖτω

206 1244 266 1295 δὲ
296 1242 394 1295 τὸν
422 1238 565 1295 οἷκον
588 1243 961 1313 ὀνομάζουσιν·
993 1243 1130 1297 ὥστε
1165 1244 1356 1315 δηλοῦν
1403 1245 1500 1315 τὴν
1531 1244 1783 1299 διάνοιαν·

208 1334 469 1403 Μάθησις
513 1333 680 1387 οἴκου·
734 1334 867 1387 ὡσεὶ
916 1336 1248 1407 σαφέστερον
1302 1336 1535 1405 ἐλέγετο·
1589 1337 1784 1409 Διδαχή

207 1441 295 1487 τις
318 1424 417 1477 καὶ
445 1424 677 1495 μάθησις
724 1427 1050 1496 οἰκονομίας.
1102 1428 1211 1481 Καὶ
1250 1428 1311 1481 τὸ
1352 1430 1547 1499 γάμμα
1570 1429 1626 1481 δὲ
1658 1431 1786 1499 παρ’

212 1516 403 1579 αὐτοῖς
429 1517 609 1588 τρίτον
640 1516 899 1586 κέκληται
924 1518 1101 1588 γῖμελ·
1126 1519 1266 1573 οὕτω
1297 1521 1351 1573 δὲ
1384 1521 1479 1592 τὴν
1512 1522 1788 1594 πλήρωσιν

211 1607 592 1677 ὀνομάζουσιν.
616 1603 730 1659 Εἶτ’
760 1607 947 1678 ἐπειδὴ
992 1608 1091 1671 τὰς
1121 1609 1333 1673 δέλτους
1384 1610 1502 1663 δὲλθ
1543 1611 1785 1675 καλοῦσι,

213 1698 277 1750 τὸ
300 1699 559 1769 τέταρτον
590 1701 848 1769 στοιχεῖον
878 1698 1020 1753 οὕτω
1043 1705 1354 1771 προσεῖπον,
1396 1703 1529 1773 ὁμοῦ
1564 1704 1649 1757 διὰ
1681 1706 1788 1760 τῶν

215 1785 309 1839 δύο
345 1787 622 1856 στοιχείων
652 1786 1021 1856 σημαίνοντες,
1052 1789 1133 1840 ὅτι
1165 1791 1196 1859 ή
1234 1788 1505 1861 ἔγγραφος
1556 1792 1790 1862 μάθησις

220 1879 501 1949 πλήρωσις
533 1881 648 1932 ἐστι
670 1878 887 1932 δέλτων.
934 1879 1132 1934 Ἐπιὼν
1160 1880 1215 1933 δέ
1264 1898 1347 1946 τις
1396 1883 1489 1935 καὶ
1534 1884 1602 1937 τὰ
1630 1883 1790 1937 λοιπὰ

217 1968 321 2037 τῆς
346 1974 735 2041 γραμματικῆς
761 1976 1017 2043 στοιχεῖα,
1044 1971 1183 2041 μετά
1209 1990 1352 2035 τινος
1380 1975 1558 2037 αἰτίας
1581 1975 1674 2028 καὶ
1702 1976 1790 2029 λο-

219 2060 421 2129 γισμοῦ
450 2059 597 2132 εὖροι
652 2061 717 2115 ἂν
776 2064 980 2116 ἕκαστα
1011 2066 1137 2134 παρ’
1172 2065 1354 2127 αὐτοῖς
1410 2066 1788 2137 ὡνομασμένα.

231 2152 387 2204 Ἐπεὶ
442 2152 534 2205 καὶ
583 2154 691 2207 τῶν
746 2155 886 2209 ἑπτὰ
927 2155 1247 2226 φωνηέντων
1306 2156 1404 2226 τὴν
1435 2158 1527 2209 ἐπὶ
1578 2158 1639 2210 τὸ
1664 2158 1792 2210 αὐτὸ

226 2242 480 2297 σύνθεσιν
522 2247 649 2315 μιᾶς
694 2263 839 2309 τινος
886 2248 1195 2317 ἀπορρήτου
1241 2248 1606 2319 προσηγορίας
1641 2266 1794 2319 περι-

222 2332 367 2402 έχειν
407 2334 569 2402 φασὶν
601 2335 924 2405 ὲκφώνησιν,
967 2337 1032 2405 ἣν
1068 2336 1153 2388 διὰ
1186 2335 1465 2407 τεσσάρων
1517 2338 1791 2406 στοιχείων

225 2425 413 2489 παῖδες
444 2427 711 2497 Ἐϐραίων
735 2427 1139 2498 σημειούμενοι,
1168 2428 1259 2479 ἐπὶ
1291 2430 1389 2497 τῆς
1419 2428 1676 2481 ἀνωτάτω
1698 2428 1789 2480 τοῦ

220 2518 357 2571 Θεοῦ
380 2519 660 2589 δυνάμεως
683 2521 1133 2583 κατατάττουσιν,
1162 2519 1385 2573 ἄλεκτον
1420 2537 1472 2572 τι
1521 2522 1631 2583 τοῖς
1671 2520 1793 2572 πολ-

228 2602 340 2667 λοῖς
367 2605 460 2657 καὶ
488 2606 792 2677 ἀπόρρητον
842 2607 986 2660 τοῦτ’
1015 2603 1151 2660 εἶναι
1209 2610 1335 2669 παῖς
1400 2607 1548 2677 παρὰ
1596 2608 1799 2679 πατρὸς

230 2696 529 2765 εἰληφότες.
566 2700 674 2752 Καὶ
698 2700 803 2753 τῶν
837 2701 965 2771 παρ’
1000 2699 1222 2769 Ἕλλησι
1260 2698 1316 2750 δὲ
1346 2698 1541 2766 σοφῶν,
1582 2700 1680 2751 οὐκ
1705 2696 1801 2752 οἷδ’

230 2788 420 2841 ὁπόθεν
464 2807 547 2853 τις
600 2790 754 2843 τοῦτο
789 2789 975 2861 μαθὼν
1022 2788 1257 2861 ᾐνίξατο,
1320 2782 1418 2841 ῶδέ
1453 2806 1527 2860 πη
1562 2788 1627 2841 δι’
1652 2789 1797 2843 ἐπῶν

233 2879 428 2948 φήσας·
1061 2890 1065 2897 ‘
1402 2872 1409 2877 ’

1889 511 2083 577 stituit,
2119 510 2205 565 his
2235 511 2452 564 verbis:
2492 526 2510 558 ι
2548 507 2664 561 Non
2688 511 2920 577 amjlius
2951 508 3229 563 vocabitur
3246 523 3441 561 nomon

1888 610 2037 656 tuum
2069 600 2290 667 Abram,
2318 601 2410 656 sed
2436 600 2709 654 Abraham
2752 601 2851 653 erit
2882 615 3074 653 nomen
3115 608 3287 664 tuum,
3317 602 3443 668 quia

1886 700 2091 761 patrem
2126 692 2413 744 multarum
2449 691 2685 759 gentium
2720 689 2873 759 posui
2908 698 2955 742 te
2970 688 3034 742 9'.
3069 708 3087 739 ι
3123 687 3290 758 Cujus
3316 704 3443 742 ora-

1888 780 1995 835 culi
2024 780 2129 833 vim
2162 790 2324 850 atque
2353 781 2673 835 sententiam
2714 780 2983 848 explicare
3025 781 3244 850 longum
3278 789 3441 834 esset.

1890 871 2088 927 Verum
2122 872 2254 926 satis
2281 872 2383 927 hoc
2420 872 2582 926 etiam
2615 872 2737 927 loco
2785 872 2945 926 fuerit
2980 873 3119 925 hanc
3150 871 3215 924 ad
3249 871 3447 925 verita-

1889 976 1998 1021 tem
2037 964 2281 1020 Platonis
2325 964 2639 1035 sull‘ragium
2691 964 3003 1033 adjungere,
3055 963 3146 1031 qui
3184 961 3446 1015 diviniore

1887 1059 2065 1129 aliqua
2082 1059 2133 1113 vi
2154 1056 2373 1112 nomina
2390 1055 2633 1123 quaedam
2658 1054 2907 1123 imposita
2927 1052 3094 1107 fuisse
3111 1053 3443 1121 pronuntiat.

1890 1150 1980 1207 Sic
2030 1152 2173 1205 enim
2221 1150 2285 1204 ad
2344 1148 2567 1201 verbum
2617 1148 2752 1215 ipse,
2808 1164 2826 1197 ι
2884 1145 2983 1199 llic
3032 1146 3197 1209 enim,
3250 1144 3444 1209 inquit,

1888 1243 2148 1309 maxime,
2202 1240 2535 1310 prazcipuum
2580 1237 2851 1307 quoddam
2901 1235 2955 1289 in
3004 1235 3312 1289 nominibus
3347 1236 3449 1290 rite

1888 1332 2240 1404 imponendis
2290 1331 2591 1385 adhibitum
2626 1328 2861 1382 studium
2895 1326 3060 1381 fuisse
3103 1326 3255 1381 decet
3288 1345 3301 1393 ;
3337 1327 3449 1382 imo

1889 1440 1957 1480 ex
2008 1424 2077 1478 iis
2111 1423 2273 1478 etiam
2310 1420 2572 1476 nonnulla
2613 1420 2864 1482 fortasse,
2904 1418 2955 1472 vi
2986 1418 3215 1488 quadam
3261 1426 3446 1471 nostra

1890 1514 1991 1569 hac
2023 1515 2182 1584 longe
2210 1512 2465 1567 diviniori
2494 1512 2782 1567 constituta
2808 1518 2952 1564 sunt.
2983 1528 3001 1561 ι
3030 1510 3096 1562 At
3120 1508 3244 1563 illud
3268 1508 3443 1577 ipsum

1888 1605 2084 1660 divina:
2127 1606 2320 1660 littera:
2369 1604 2528 1674 longe
2576 1618 2706 1659 sane
2752 1602 3077 1655 luculentius
3127 1601 3451 1669 uberiusque

1892 1700 2247 1761 conﬁrmant,
2285 1713 2349 1751 ac
2383 1696 2559 1750 Moses
2600 1697 2713 1764 ipse
2773 1710 2881 1763 prae
2913 1692 3139 1758 caeteris,
3187 1692 3276 1761 qui
3312 1691 3451 1745 divi-

1822 1773 1861 1826 Β
1898 1792 2043 1845 nitus
2073 1790 2446 1843 Abrahamum
2486 1787 2709 1856 ejusque
2759 1785 2925 1839 lilium
2962 1783 3122 1854 519
3168 1781 3407 1837 Isaacutn
3435 1824 3450 1847 ,

1897 1896 1997 1935 nec
2045 1896 2151 1933 non
2202 1888 2257 1933 et
2290 1876 2539 1933 lsraelem
2590 1876 2884 1946 appellatos
2916 1891 3036 1929 esse
3089 1883 3333 1928 testatur.
3390 1873 3456 1925 Et

1906 1973 2071 2025 risum
2138 1971 2355 2040 quidem
2404 1969 2619 2025 lsaacus
2667 1968 2954 2038 signiﬁcat,
2987 1978 3045 2021 ut
3094 1967 3197 2021 hoc
3227 1981 3326 2019 suo
3359 1980 3455 2017 no-

1907 2064 2053 2117 mine
2103 2073 2313 2117 castam
2381 2061 2527 2115 illam
2595 2070 2945 2130 sanctamque
2983 2058 3220 2112 lmtitiam
3258 2072 3455 2125 reprae-

1901 2162 2163 2219 sentaret,
2189 2168 2351 2222 quam
2381 2150 2571 2207 amicis
2597 2151 2709 2205 suis
2732 2150 2873 2205 Deus
2900 2160 3154 2218 tanquam
3186 2148 3457 2215 singulare

1899 2259 2099 2298 munus
2162 2259 2224 2299 ac
2278 2244 2556 2314 prtemium
2625 2242 2925 2312 pollicetur.
2992 2240 3242 2309 Ejusdem
3312 2238 3455 2293 ﬁlius

1901 2333 2088 2399 Israel,
2120 2352 2241 2389 cum
2275 2344 2430 2389 antea
2463 2334 2647 2387 Jacobi
2680 2348 2871 2386 nomen
2900 2331 3195 2393 habuisset,
3224 2329 3319 2382 abs
3348 2329 3455 2383 Deo

1899 2435 2085 2493 postea
2120 2425 2334 2480 lsraelis
2366 2441 2562 2479 nomen
2612 2425 2837 2493 accepit,
2872 2440 2936 2476 ex
2972 2434 3196 2475 actuoso
3231 2431 3283 2474 et
3309 2421 3460 2474 labo-

1896 2516 2046 2569 rioso
2084 2518 2305 2570 homine
2353 2514 2740 2584 contemplator
2768 2513 3007 2567 ell‘ectus.
3044 2512 3176 2566 Nam
3227 2511 3459 2565 Jacohus

1896 2621 2028 2659 sane
2058 2606 2197 2659 calce
2233 2608 2557 2675 impeteutem
2595 2614 2771 2666 sonat,
2821 2605 2977 2672 quasi
3026 2604 3241 2657 virtutis
3286 2612 3461 2656 certa-

1899 2695 2047 2765 mine
2073 2694 2454 2765 defungentem
2486 2714 2499 2761 ;
2537 2704 2589 2748 at
2622 2695 2805 2758 Israel,
2838 2712 2950 2747 eum
2978 2695 3065 2764 qui
3105 2694 3266 2747 Deum
3300 2693 3459 2758 videt,

1902 2786 2193 2857 signiﬁcat,
2244 2786 2554 2856 cujusmodi
2608 2801 2761 2840 mens
2811 2786 3049 2839 hominis
3076 2800 3195 2840 esse
3250 2784 3459 2851 debeat,

1903 2895 2022 2949 quae
2051 2879 2105 2933 in
2132 2881 2443 2950 cognitione
2476 2888 2529 2934 et
2553 2880 3011 2949 contemplatione
3038 2888 3301 2935 versetur.
3356 2878 3463 2933 Sed

234 2969 373 3021 enim
402 2969 532 3039 quid
582 2971 772 3025 attinet
803 2972 905 3026 hoc
962 2972 1107 3037 loco,
1175 2970 1259 3025 vel
1307 2969 1471 3025 Mosis
1517 2970 1663 3025 illius
1704 2969 2110 3039 sapientissimi,
2177 2972 2259 3026 vel
2318 2987 2596 3026 sacrarum
2649 2972 2788 3041 apud
2832 2969 3085 3025 llebrazos
3135 2971 3460 3033 litterarum,

237 3075 502 3116 summam
570 3062 624 3116 in
664 3064 899 3132 propriis
943 3062 1255 3117 nominibus
1316 3063 1656 3131 imponendis
1722 3064 2091 3119 maturitatem
2144 3071 2306 3134 atque
2357 3066 2652 3130 solertiam,
2706 3064 2973 3121 sexcentis
3022 3064 3143 3118 aliis
3206 3063 3465 3131 exemplis

240 3158 521 3225 illustrare,
550 3174 672 3212 cum
697 3159 799 3213 hoc
822 3160 1203 3229 disputationis
1231 3174 1401 3229 genus
1426 3159 1586 3229 longe
1616 3159 1791 3228 majus
1829 3163 1999 3215 otium
2033 3161 2302 3216 desideret
2332 3162 2354 3215 ?
2394 3162 2679 3218 Enimvero
2713 3180 2781 3217 ne
2845 3163 3144 3232 primorum
3208 3158 3424 3231 quidem
3446 3203 3462 3227 ,

240 3270 354 3324 qua:
403 3254 519 3323 ipso
556 3254 737 3309 statim
789 3254 965 3318 initio,
999 3270 1057 3309 se
1110 3254 1364 3319 oll‘erunt,
1420 3255 1801 3325 grammatices
1837 3256 2272 3321 elementorum,
2329 3258 2502 3313 Graeci
2565 3258 2811 3312 homines
2874 3256 3208 3311 notationem
3268 3253 3461 3307 aliene

243 3346 444 3416 possint
470 3366 481 3400 :
518 3348 647 3417 quin
680 3348 879 3401 hmreat
908 3348 1071 3401 etiam
1098 3346 1212 3417 ipse
1241 3346 1417 3410 Plato,
1484 3349 1530 3403 si
1594 3349 1863 3403 voealium
1904 3359 1996 3404 aut
2024 3352 2441 3405 consonantium
2469 3352 2784 3421 explicanda
2818 3351 2955 3404 ratio
2985 3360 3145 3419 atque
3175 3346 3463 3416 appellatio

243 3440 327 3493 sit.
356 3441 423 3493 At
463 3456 590 3495 vero
632 3440 842 3517 Hebrazi
885 3456 1005 3495 eam
1041 3440 1093 3493 in
1159 3450 1410 3510 promptu
1454 3442 1673 3496 habent.
1715 3440 1851 3495 Nam
1890 3443 2049 3513 alpha
2077 3444 2316 3513 quidem,
2364 3446 2507 3515 quod
2557 3446 2681 3515 alph
2726 3444 2827 3513 ipsi
2875 3450 3088 3505 vocant,
3122 3438 3458 3507 disciplinam

246 3534 547 3601 signiﬁcat;
584 3534 744 3588 betha
777 3550 936 3597 vero,
1001 3535 1147 3603 quod
1201 3534 1326 3589 beth
1376 3536 1645 3605 appellare
1696 3538 1888 3603 solent,
1928 3540 2141 3593 domum
2174 3550 2369 3596 sonat:
2401 3550 2691 3609 utrumque
2733 3536 3051 3592 sententiam
3088 3533 3227 3587 hanc
3274 3530 3455 3593 efﬁcit,

250 3626 531 3698 Disciplina
555 3626 785 3681 domus:
829 3628 985 3697 quasi
1028 3625 1268 3695 apertius
1327 3626 1615 3693 diceretur,
1640 3628 1885 3684 doctrina
1923 3632 2169 3700 quaedam
2222 3649 2318 3687 seu
2373 3632 2659 3702 disciplina
2716 3631 2793 3684 rei
2842 3628 3169 3683 domesticae.
3218 3623 3466 3685 Gamma,

251 3723 387 3791 quod
459 3722 592 3792 ipsis
660 3737 877 3792 quoque
917 3720 1134 3776 tertium
1185 3720 1510 3775 elementum
1559 3733 1662 3786 est,
1719 3725 1877 3794 gimel
1915 3726 2121 3790 dicunt,
2172 3742 2344 3797 eoque
2391 3726 2763 3795 plenitudinem
2800 3721 3090 3794 quamdam
3143 3717 3466 3788 signiﬁcant.

249 3816 381 3872 Tum
451 3818 709 3888 quoniam
777 3816 992 3880 δέλτους
1037 3816 1143 3871 hoc
1170 3827 1252 3871 est
1285 3817 1516 3882 tabulas,
1562 3817 1708 3873 delth
1758 3821 2073 3889 nominant;
2123 3833 2319 3892 quarto
2383 3824 2649 3877 elemento
2696 3820 2836 3873 idem
2894 3818 3053 3873 etiam
3089 3830 3286 3869 nomen
3321 3812 3463 3867 indi-

252 3912 388 3977 dere,
416 3922 475 3966 ut
502 3912 785 3966 ambarum
814 3911 1115 3965 litterarum
1172 3908 1559 3978 conjunctione
1616 3910 1864 3979 doceant,
1905 3915 2352 3981 comprehensam
2385 3917 2589 3983 scripto
2621 3910 2983 3982 disciplinam,
3012 3907 3314 3962 tabularum
3356 3904 3465 3972 plec

252 4005 543 4061 nitudinem
586 4019 727 4059 esse.
769 4004 945 4077 Atque
980 4004 1053 4057 ita
1099 4003 1352 4072 deinceps
1394 4004 1657 4059 elementa
1711 4009 2076 4076 grammatica:
2124 4010 2354 4079 reliqua,
2409 4008 2645 4063 nominis
2675 4020 2890 4077 quoque
2937 4003 3018 4057 sui
3064 4001 3298 4071 reperies
3340 4011 3466 4067 pro-

253 4101 415 4170 priam
449 4101 588 4170 apud
625 4099 882 4154 Hebraeos
913 4113 976 4153 ac
1013 4099 1342 4170 singularem
1383 4100 1582 4153 habere
1621 4102 1905 4156 rationein.
1945 4102 2079 4157 Nam
2111 4113 2163 4159 et
2214 4114 2414 4173 septem
2444 4118 2655 4173 quoque
2685 4101 2950 4156 vocalium
2996 4100 3135 4153 inter
3159 4112 3279 4153 sese
3321 4110 3471 4149 com-

256 4194 584 4256 missionem,
623 4190 889 4260 ejusmodi
934 4205 1128 4244 nomen
1200 4188 1407 4244 eﬂicere
1439 4191 1648 4256 volunt,
1679 4194 1822 4261 quod
1861 4194 2121 4263 explicari
2162 4210 2293 4249 voce.
2333 4210 2438 4248 non
2486 4193 2677 4263 possit,
2710 4194 2962 4262 quodque
2993 4189 3200 4243 Hebraei
3234 4196 3463 4258 quatuor

254 4285 523 4340 elementis
556 4284 827 4337 inclusum
876 4296 1103 4335 summa:
1150 4279 1243 4333 Dei
1289 4283 1541 4349 potestati
1582 4284 1946 4351 exprimendae
1987 4268 2311 4353 attribuunt,
2344 4288 2422 4342 sic
2451 4296 2626 4340 tamen
2657 4296 2714 4340 ut
2738 4288 2877 4338 idem
2908 4284 3135 4353 proferri
3174 4283 3332 4351 vulgo
3363 4296 3468 4335 non

256 4391 407 4447 posse
451 4376 609 4446 longa
665 4373 805 4429 serie
854 4374 1054 4442 posteri
1099 4387 1128 4425 a
1163 4372 1462 4441 majoribus
1500 4374 1824 4443 acceperint.
1873 4375 1940 4429 Et
1968 4392 2118 4441 vero,
2153 4394 2297 4433 unus
2325 4378 2485 4433 etiam
2516 4377 2710 4446 aliquis
2741 4392 2770 4431 e
2792 4377 3011 4431 Grazcize
3036 4374 3387 4445 sapientibus,
3418 4373 3471 4428 id

259 4473 446 4542 ipsum,
502 4468 645 4523 unde
695 4468 836 4523 unde
881 4466 1144 4531 hauserit,
1174 4466 1509 4521 subobscure
1538 4468 1623 4523 his
1650 4470 1900 4525 versibus
1928 4472 2272 4528 adumbravit

272 4589 442 4663 Ἐπτᾴ
467 4606 543 4657 με
585 4586 903 4663 φωνήεντα,
941 4586 1089 4640 Θεὸν
1106 4586 1307 4663 Δμέγαν
1329 4585 1578 4663 ἄφθιτον
1600 4588 1757 4643 αἰνεῖ

1923 4590 2084 4662 520
2118 4593 2202 4647 Me
2231 4604 2418 4663 septem
2443 4593 2685 4646 interitus
2712 4607 2892 4661 expers
2926 4589 3126 4663 uocalia
3158 4586 3384 4649 Numen,

320 4655 655 4729 Γράιὶμαέα,
683 4658 787 4711 τὸν
826 4656 1063 4729 πάντων
1087 4655 1391 4729 ἀκάματον
1422 4658 1660 4729 πατέρα.

262 4725 383 4801 Εἰμὶ
419 4725 492 4783 δ”
525 4730 638 4801 ἐγὼ
693 4729 932 4782 πάντων
984 4726 1171 4795 χέλυς
1221 4725 1484 4795 ἄφθιτος,
1522 4727 1559 4817 ᾔ
1705 4733 1815 4783 λυ.

334 4868 715 4941 ἠρμοσάμην
740 4868 911 4936 δίνης
935 4870 1231 4937 οὐρανίοιο
1254 4870 1431 4939 μέλη.
1537 4797 1715 4869 [ﬁdum

262 4984 445 5057 Εὖροις
478 4985 520 5037 δ’
554 4983 620 5037 ἂν
652 4982 746 5036 καὶ
774 4982 882 5035 τῶν
932 4982 1132 5036 λοιπῶν
1193 4982 1323 5054 παρ’
1365 4980 1634 5052 Ἑϐραίοις
1667 4996 1814 5033 στοι-

263 5076 431 5147 κείων,
461 5076 761 5146 ἐπιστήσας
793 5076 1025 5146 ἑκάστῳ,
1053 5077 1119 5129 τὰ
1150 5075 1542 5146 σημαινόμενα.
1573 5071 1816 5126 Τοῦτοδὲ

266 5165 355 5236 ἤδη
408 5164 502 5217 καὶ
546 5164 634 5217 διὰ
672 5164 777 5217 τῶν
829 5166 1061 5237 πρόσθεν
1102 5169 1230 5236 ἡμῖν
1290 5164 1537 5234 συνέστη,
1586 5163 1817 5232 ὁπηνίκα

264 5257 400 5329 παρὰ
434 5256 723 5329 βαρϐάρων
755 5259 821 5311 τὰ
853 5260 1026 5312 πάντα
1054 5257 1361 5329 ὠφελῆσθαι
1397 5258 1522 5319 τοὺς
1558 5255 1818 5325 Ἕλληνας

265 5353 695 5422 ἀπεδεικνύομεν.
741 5349 947 5420 Πολλὴν
996 5350 1039 5403 δ’
1072 5349 1136 5403 ἄν
1190 5366 1271 5411 τις
1323 5346 1660 5416 καταμάθοι,
1721 5345 1818 5417 τὴν

282 5444 525 5517 Ἐϐραίων
551 5443 793 5511 γλῶτταν
825 5438 1306 5511 πολυπραγμονῶν,
1356 5436 1631 5505 ὀνομάτων
1661 5436 1817 5509 ὀρθό-

268 5555 388 5608 τητα
410 5538 564 5608 παρὰ
614 5538 725 5597 τοῖς
766 5534 989 5606 ἀνδράσι
1049 5531 1370 5603 φερομένην·
1421 5530 1541 5582 ἐπεὶ
1570 5529 1662 5583 καὶ
1689 5526 1817 5581 αὐτὸ

269 5630 349 5684 τοῦ
383 5629 577 5693 παντὸς
632 5628 815 5692 ἔθνους
864 5628 925 5681 τὸ
958 5626 1349 5699 προσηγορικὸν
1387 5624 1555 5684 ὄνομα
1586 5621 1690 5676 ἀπὸ
1721 5621 1813 5675 τοῦ

330 5744 373 5776 ’⁸
411 5742 542 5799 Gen.
584 5758 719 5810 xvu,
760 5742 813 5797 5.

1994 4661 2409 4723 cunctarumque
2442 4664 2655 4716 Patrem
2679 4672 2869 4730 septem
2895 4661 3147 4714 elementa
3172 4667 3373 4730 vocarit.

1925 4731 2073 4788 Idem
2103 4746 2297 4790 (eterna
2350 4734 2514 4803 chelys
2544 4728 2740 4794 rerum,
2760 4747 2971 4801 qumque
2998 4731 3179 4783 ordine
3190 4728 3353 4797 jussit

1990 4871 2365 4940 Constantique
2389 4868 2565 4939 polum
2591 4867 2777 4919 ducere
2804 4864 2912 4934 lege
2942 4863 3141 4917 modos.

1920 4985 2254 5040 Caeterorum
2287 4983 2413 5036 item
2441 4979 2582 5049 apud
2616 4977 2872 5035 Hebraeos
2899 4976 3287 5030 elementorum
3312 4970 3476 5041 signi-

1925 5078 2229 5140 ﬁcationes,
2263 5076 2308 5129 si
2346 5074 2633 5128 enucleare
2683 5068 2895 5139 singula
2946 5065 3203 5127 volueris,
3256 5063 3477 5117 omnino
3566 5126 3571 5129 μ

1922 5170 2158 5241 reperies
2186 5188 2198 5222 :
2229 5169 2372 5238 quod
2402 5167 2577 5235 ipsum
2606 5164 2716 5233 jam
2749 5178 2777 5216 a
2811 5159 2966 5214 nobis
2994 5166 3152 5211 antea
3180 5155 3474 5225 praestitum

1889 5270 2025 5322 'est,
2060 5274 2184 5313 cum
2230 5257 2362 5311 nihil
2414 5272 2517 5309 non
2571 5253 2788 5308 Graecos
2835 5266 2865 5302 a
2914 5243 3478 5323 barbarisaccepisse

1923 5352 2439 5406 demonstraremus.
2462 5347 2741 5400 Postremo
2762 5342 2854 5411 qui
2877 5339 3222 5393 llebraaorum
3240 5334 3475 5403 linguam

1927 5441 2114 5495 rimari
2139 5438 2452 5508 diligentius
2478 5434 2817 5500 scrutarique
2846 5428 3094 5489 voluerit,
3141 5425 3187 5478 is
3235 5421 3479 5493 profecto

1922 5547 2190 5589 summam
2226 5530 2517 5595 quamdam
2550 5524 2687 5595 apud
2722 5524 2842 5577 illos
2868 5520 3145 5576 nominum
3182 5513 3477 5586 proprieta-

1919 5636 2028 5683 tcm
2079 5640 2200 5681 esse
2246 5628 2554 5694 cognoscet.
2606 5617 2779 5686 Atque
2831 5614 2883 5668 id
2931 5613 3030 5682 'psi
3067 5609 3150 5665 vel
3195 5623 3263 5664 ex
3310 5603 3475 5661 unico
