4042 6384
566 303 679 360 865

1216 308 1486 366 EUSEBll
1524 309 2006 369 CAESARIENSIS
2038 309 2186 367 OPP.
2229 309 2410 366 PARS
2443 310 2504 367 II.
2547 343 2616 354 —
2653 310 3151 369 APOLOGETICA.

3725 306 3833 364 θοι

569 420 751 493 gentis
783 421 1055 480 universae
1085 425 1307 482 nomine
1337 436 1592 484 constare
1638 437 1840 499 potest,
1886 428 2030 499 quod
2075 427 2135 483 al:

2250 428 2418 500 Ἔϐερ
2451 428 2511 484 τὸ
2540 429 2871 502 παρώνυμον
2902 429 3116 500 εἴληφε.
3173 427 3432 500 Σημαίνει
3458 428 3516 481 δέ
3552 425 3714 480 τοῦτο
3741 426 3831 479 τὸν

570 513 780 572 Hebere
803 517 1103 572 derivatur.
1128 517 1503 575 Transeuntem
1531 522 1674 576 enim
1703 521 1994 593 signiﬁcat,
2017 537 2139 578 cum

568 620 626 666 et
659 612 950 666 transitum
969 620 1021 667 et
1050 622 1420 668 transeuntem
1467 612 1732 670 Hebraica
1768 614 1974 684 lingua,
2009 629 2142 670 voce

569 706 753 769 unlca,
785 703 959 760 Heber
997 707 1248 776 appellet.
1277 706 1340 762 Et
1371 723 1434 762 ea
1457 707 1674 778 quidem
1708 708 1947 763 nominis
1979 707 2141 778 hujus

569 794 714 848 ratio
744 802 848 860 est,
882 794 960 848 uti
998 796 1066 850 ab
1095 811 1274 850 rerum
1317 797 1665 866 praesentium
1696 797 1933 852 vanitate
1958 797 2024 852 ad
2059 797 2142 852 di-

567 885 828 940 vinarum
858 888 1037 942 studia
1075 903 1196 944 sese
1230 874 1502 954 conferre,
1534 904 1635 945 nec
1670 890 1726 944 in.
1774 906 1986 957 eorum,
2020 905 2141 961 quae

565 977 842 1043 videntur,
875 979 1332 1048 contemplatione
1371 980 1478 1034 ullo
1506 981 1669 1036 modo
1694 981 2040 1052 acquiescere
2076 997 2140 1036 ac

565 1070 783 1136 sistere,
817 1073 911 1126 sed
947 1072 1016 1126 ab
1042 1073 1108 1127 iis
1135 1074 1314 1142 potius
1344 1075 1410 1130 ad
1451 1085 1660 1131 semota
1689 1075 1779 1130 illa
1815 1074 2139 1145 penitusque

564 1169 843 1222 recondita
889 1169 955 1224 de
990 1170 1225 1224 universi
1257 1170 1551 1227 Conditore
1589 1186 1653 1226 ac
1686 1170 1954 1231 molitore.
1989 1169 2139 1223 theo-

566 1259 722 1329 logize
758 1263 1016 1332 mysteria
1045 1263 1274 1318 transire
1303 1266 1616 1321 doceantur.
1647 1262 1723 1318 lta
1749 1263 1903 1333 plane
1932 1263 2139 1332 primos

566 1349 690 1404 illos
752 1351 844 1420 qui
875 1369 993 1406 sese
1035 1357 1350 1423 praepotenti
1385 1372 1565 1411 rerum
1596 1357 1840 1410 omnium
1890 1355 2139 1409 modera-

567 1441 670 1493 tori
735 1443 1056 1513 auctorique
1105 1445 1215 1499 Deo
1270 1455 1689 1508 consecrarent,
1753 1456 1807 1502 et
1866 1446 2135 1502 sinceram

561 1549 855 1604 veramque
909 1538 1226 1607 religionem
1283 1539 1569 1609 diligenter
1622 1540 1975 1604 excolerent,
2032 1539 2136 1594 lle-

561 1627 780 1692 brmos,
842 1628 998 1697 quasi
1052 1639 1231 1684 mente
1288 1639 1635 1686 transeuntes
1687 1647 1750 1686 ac
1804 1631 2136 1702 trajicientes

563 1729 972 1787 nuncuparunt.
1005 1719 1109 1775 Sed
1141 1737 1403 1791 quorsum
1437 1723 1490 1777 in
1520 1723 1818 1794 colligenda
1852 1725 2131 1778 nominum

561 1808 705 1878 apud
741 1809 994 1867 Hebraeos
1030 1814 1274 1868 omnium
1305 1815 1655 1885 proprietate,
1689 1824 2010 1886 rnaturaque
2042 1817 2135 1870 ad-

560 1902 780 1954 modum
815 1902 1158 1972 impositione
1186 1906 1395 1962 diutius
1454 1908 1828 1975 immoremur,
1883 1924 2007 1962 cum
2067 1909 2132 1962 ad

561 1992 703 2046 hanc
756 1995 1110 2062 quaestionem
1165 1996 1373 2067 integra
1423 2000 1667 2070 quaedam
1724 2015 1788 2054 ac
1842 2000 2134 2068 singularis

2242 1996 2533 2060 δασκαλίας
2555 1996 2654 2068 τὴν
2677 1991 2950 2058 ἀπόδειξιν
2987 1992 3409 2064 παρεσχηκέναι·
3443 1992 3490 2042 εί
3537 1988 3623 2058 δὴ,
3678 1989 3824 2039 κατά

556 2096 724 2151 opera
752 2084 1090 2152 requiratur?
1125 2086 1391 2141 Caeterum
1413 2129 1427 2153 ,
1475 2089 1608 2142 mihi
1654 2089 1868 2157 quidem
1902 2089 2090 2144 videor
2116 2133 2130 2156 ,

559 2174 837 2242 quomodo
885 2176 1074 2229 saltem
1129 2175 1474 2233 informanda
1529 2194 1585 2233 re
1640 2179 1753 2233 ﬁeri
1799 2180 1995 2248 potuit,
2029 2178 2134 2234 lle-

556 2264 830 2320 brazorum
883 2268 937 2321 in
967 2267 1286 2324 disserendo
1330 2270 1439 2324 vim
1490 2281 1652 2341 atque
1688 2273 2021 2339 facultatem,
2049 2274 2134 2328 vel

553 2360 746 2429 paucis
787 2361 873 2427 iis,
905 2377 1028 2430 qua":
1073 2361 1170 2417 abs
1204 2379 1292 2417 me
1338 2374 1763 2419 commemorata
1811 2374 1958 2429 sunt,
1994 2367 2129 2422 satis

555 2453 858 2508 illustrasse
885 2473 897 2507 :
927 2454 1195 2523 siquidem
1235 2470 1298 2509 ea
1330 2454 1574 2510 Platonis
1625 2457 1891 2511 sententia
1932 2458 2126 2527 placet,

555 2543 682 2598 dum
733 2546 778 2600 is
827 2545 1164 2614 plebeiorum
1215 2559 1279 2600 ac
1327 2545 1631 2614 vulgarium
1678 2547 1962 2601 hominum
2005 2564 2126 2604 esse

554 2645 735 2705 negat,
775 2635 994 2705 propria
1041 2634 1334 2705 nativaque
1366 2651 1551 2690 rerum
1598 2638 1820 2692 nomina
1857 2638 2123 2707 invenire,

2249 521 2610 594 διαπερῶντα·
2677 523 2798 575 ἐπεὶ
2848 521 2944 575 καὶ
2986 521 3236 584 διάϐασις
3292 521 3385 574 καλ⁸
3447 518 3723 591 διαπερῶν
3760 523 3829 587 τῇ

2260 615 2526 686 Ἐϐραίων
2581 618 2731 686 φωνῇ
2786 615 2954 684 Ἔϐερ
3007 612 3349 683 ὀνομάζεται.
3407 612 3656 665 Διδάσκει
3701 609 3761 662 δὲ
3805 611 3836 660 ό

2246 707 2402 775 λόγος
2433 709 2606 779 περᾷν
2658 708 2751 762 καὶ
2805 705 3102 761 διαϐαίνειν
3135 705 3241 757 ἀπὸ
3287 705 3396 757 τῶν
3449 704 3575 774 τῇδε
3639 701 3732 754 ἐπὶ
3765 699 3836 752 τά

2249 798 2386 864 θεῖα,
2418 799 2683 870 μηδαμῶς
2717 817 2774 853 τε
2805 800 3158 872 ἐναπομένειν
3194 799 3287 852 καὶ
3318 795 3567 850 ἵστασθαι
3611 795 3705 847 ἐπὶ
3765 796 3833 863 τῇ

2248 891 2346 964 θέᾳ
2383 891 2490 944 τῶν
2527 892 2843 964 ὁρωμένων·
2884 893 2989 945 ἀπὸ
3042 892 3100 945 δέ
3154 890 3356 944 τούτων
3403 889 3493 941 ἐπὶ
3538 886 3607 940 τά
3643 885 3834 956 ἀφανῆ

2246 985 2341 1038 καὶ
2364 984 2570 1055 ἀόρατα
2593 985 2690 1055 τῆς
2724 985 2848 1057 περὶ
2898 984 2992 1038 τοῦ
3048 985 3154 1038 τῶν
3198 983 3332 1037 ὅλων
3376 979 3601 1052 ποιητοῦ
3642 996 3702 1031 τε
3738 979 3836 1032 καὶ

2243 1076 2576 1149 δημιουργοῦ
2634 1076 2912 1145 θεολογίας
2971 1075 3284 1129 διαϐαίνειν.
3338 1071 3520 1144 Ταύτῃ
3568 1089 3652 1124 τοι
3698 1070 3833 1132 τοὺς

2245 1169 2495 1240 πρώτους
2534 1168 2679 1240 μόνῳ
2741 1167 2819 1239 τῷ
2877 1167 3213 1238 πανηγεμόνι
3238 1166 3332 1219 καὶ
3359 1165 3516 1234 αἰτίῳ
3547 1163 3657 1216 τῶν
3687 1161 3832 1214 ὅλων

2244 1259 2653 1330 ἀνακειμένους,
2689 1258 2939 1330 εὐσεϐείᾳ
2968 1275 3024 1310 τε
3055 1255 3269 1328 καθαρᾷ
3290 1256 3381 1309 καὶ
3419 1255 3611 1324 ἀληθεῖ
3652 1268 3830 1324 προσ-

2245 1351 2559 1422 ανέχοντας,
2607 1351 2890 1423 Ἐϐραίους
2942 1348 3208 1419 ἐφώνουν,
3263 1347 3589 1420 περατικούς
3668 1361 3831 1406 τινας

2243 1445 2338 1498 καὶ
2357 1446 2746 1516 διαϐεϐηκότας
2781 1446 2844 1514 τῇ
2879 1443 3088 1513 διανοίᾳ
3139 1443 3265 1504 τοὺς
3312 1440 3583 1503 τοιούτους
3606 1441 3831 1494 ἀποκα-

2241 1537 2477 1600 λοῦντες.
2506 1537 2616 1590 Kal.
2637 1537 2689 1589 τί
2716 1552 2781 1607 με
2815 1535 2895 1588 δεῖ
2925 1533 3020 1586 ἐπὶ
3047 1533 3228 1586 πλεῖον
3260 1532 3539 1604 μηκύνειν,
3557 1533 3624 1584 τά
3643 1532 3829 1584 πάντα

2245 1631 2544 1698 συνάγοντα.
2596 1628 2696 1698 τῆς
2749 1628 2855 1682 τῶν
2893 1627 3156 1699 Ἐϐραίων
3201 1626 3478 1696 ὀνομάτων
3527 1621 3827 1694 ὀρθότητος

2241 1740 2300 1774 τε
2321 1722 2415 1774 καὶ
2441 1720 2744 1790 ἀκριϐείας,
2772 1722 2863 1773 τοῦ
2891 1719 3097 1791 προϐλή
3109 1735 3272 1789 ματος
3311 1716 3515 1778 οἰκείας
3561 1711 3823 1783 δεομένου

2243 1812 2660 1886 πραγματείας;
2694 1811 2858 1882 Πλὴν,
2887 1811 2963 1874 ὠς
2985 1812 3039 1863 ἐν
3067 1810 3220 1878 τύπῳ
3248 1809 3431 1877 φάναι,
3459 1805 3592 1877 ἡγοῦ
3603 1823 3702 1874 μαι
3730 1805 3824 1855 καὶ

2241 1906 2329 1958 διὰ
2353 1904 2461 1958 τῶν
2494 1904 2792 1975 λεχθέντων
2842 1903 2941 1973 τῆς
2980 1904 3108 1973 παρ’
3167 1899 3436 1971 Ἑϐραίοις
3473 1897 3704 1966 λογικῆς
3748 1895 3824 1946 δι-

2235 2089 2326 2143 τόν
2355 2089 2638 2152 Πλάτωνα,
2659 2087 2720 2140 ού
2747 2087 2963 2156 φαύλων
2988 2081 3052 2158 ἦν
3079 2084 3282 2157 ἀνδρῶν
3307 2082 3428 2136 οὐδὲ
3470 2080 3578 2134 τῶν
3629 2079 3829 2148 τυχόν-

2234 2199 2364 2245 των,
2397 2180 2534 2236 ἁλλά
2574 2178 2738 2250 σοφοῦ
2781 2179 2874 2232 καὶ
2915 2177 3253 2231 διαλεκτικοῦ
3300 2192 3443 2238 τινος
3497 2171 3818 2242 νομοθέτου,

2236 2272 2396 2342 φύσιν
2435 2270 2713 2340 ὀνομάτων
2763 2257 2966 2320 οἰκείαν
3018 2270 3128 2330 τοῖς
3175 2266 3493 2338 πράγμασιν
3537 2262 3821 2333 εὑρέσθαι,

2234 2359 2343 2428 οἷος
2380 2365 2510 2436 ἡμῖν
2536 2363 2564 2414 ὁ
2605 2364 2808 2433 Μωσῆς
2835 2363 2927 2414 καὶ
2947 2360 3013 2414 τά
3041 2360 3306 2432 Ἑϐραίων
3329 2358 3704 2412 ἀποδέδεικται
3730 2355 3823 2407 λό-

2234 2475 2348 2526 για.
2404 2459 2469 2510 Τί
2513 2455 2576 2528 δὴ
2601 2452 2694 2509 οὖν
2725 2454 2862 2526 μετά
2907 2454 2974 2507 τὰ
2997 2453 3191 2522 λογικά
3227 2451 3487 2521 ἓπεται,ἧ
3513 2450 3582 2503 τά
3610 2448 3822 2519 φυσικά

2233 2546 2664 2616 ἐπισκέψασθαι,
2717 2547 2866 2610 ὅπως
2916 2543 3046 2598 ποτὲ
3094 2544 3188 2598 καὶ
3255 2542 3382 2614 περὶ
3445 2539 3622 2594 ταῦτα
3671 2531 3824 2607 εἶχον

2244 2641 2509 2713 Ἐϐραίων
2545 2639 2732 2702 παῖδες
2752 2655 2767 2705 ;

552 2726 647 2782 sed
718 2734 928 2781 tantum
989 2727 1249 2797 sapientis
1309 2727 1658 2798 legislatoris,
1712 2742 1765 2785 et
1828 2731 2060 2787 scienter
2099 2733 2378 2804 periteque
2426 2730 2825 2793 ratiocinantis,
2874 2730 3089 2800 qualem
3131 2729 3370 2800 profecto
3427 2744 3551 2783 cum
3605 2728 3818 2781 Mosem

551 2821 754 2890 ipsum,
789 2831 902 2873 tum
935 2819 1325 2874 llehraicorum
1381 2821 1730 2876 oraculorum
1785 2823 1893 2876 vim
1949 2838 2072 2879 esse
2139 2823 2528 2878 demonstravi.
2585 2821 2728 2890 Quid
2754 2837 2883 2894 ergo
2912 2821 3219 2893 proximum
3252 2821 3488 2890 est,.nisi
3516 2831 3814 2892 ut'quezu-

552 2914 843 2970 admodum
881 2913 984 2984 ipsi
1015 2914 1082 2969 de
1128 2928 1310 2969 rerum
1343 2927 1538 2970 natura
1582 2916 1952 2988 philosophati
1992 2918 2122 2983 sint,
2163 2918 2563 2990 exquiramus?

1045 3095 1199 3167 521
1233 3095 1458 3150 CAPUT
1503 3095 1609 3151 vn.

786 3228 864 3284 De
891 3229 1128 3283 naturali
1157 3229 1503 3286 Ilebrworum
1532 3231 1887 3303 philosophia.

2780 3097 3175 3150 ΚΕΦΑΛΑΙΟΝ
3199 3097 3272 3150 Ζ’.

2396 3227 2539 3296 Περὶ
2571 3226 2682 3296 τῆς
2703 3231 2832 3282 καθ’
2881 3227 3181 3296 Ἐϐραίους
3222 3230 3640 3300 φυσιολογίας.

616 3364 857 3420 Tertiam
885 3364 1025 3418 hanc
1050 3363 1324 3420 llehraicae
1348 3365 1708 3436 philosophice
1747 3377 1977 3437 partem,
1997 3385 2118 3440 qua:

2292 3365 2405 3419 Καϊ
2427 3366 2489 3419 τὸ
2511 3365 2695 3437 τρίτον
2719 3365 2776 3420 δὲ
2807 3365 2972 3439 μέρος
2996 3369 3096 3438 τῆς
3120 3366 3242 3421 καθ’
3282 3365 3567 3439 Ἐϐραίους
3588 3368 3811 3437 φιλοσο-

550 3457 813 3512 naturalis
846 3466 1093 3522 vocatur,
1147 3471 1377 3526 quaeque
1431 3457 1501 3511 ab
1556 3458 1747 3514 iisdem
1781 3475 2016 3531 quoque,
2059 3463 2114 3516 in

2242 3458 2352 3526 ρίας
2379 3457 2556 3527 (τοῦτο
2581 3458 2631 3510 δ’
2653 3453 2721 3529 ἦν
2750 3458 2810 3512 τὸ
2833 3458 3079 3526 φυσικὸν,
3130 3457 3506 3531 διαιρούμενον
3555 3461 3648 3513 καὶ
3676 3461 3812 3531 παρ’

549 3564 730 3604 rerum
781 3547 898 3602 sola
934 3555 1114 3601 mente
1141 3556 1553 3618 perceptarum,
1585 3558 1639 3605 et
1666 3552 1913 3621 corporis
1936 3553 2116 3610 omnis

2242 3549 2404 3613 ιύτοίς
2431 3549 2510 3614 εἷς
2543 3567 2603 3604 τε
2649 3548 2748 3621 τὴν
2792 3550 2900 3603 τῶν
2934 3548 3141 3620 νοητῶν
3203 3552 3298 3604 καὶ
3348 3551 3654 3622 ἀσωμάτων
3705 3554 3812 3604 ἐπ-

547 3641 844 3712 expertium
879 3641 1421 3711 contemplationem,
1455 3643 1579 3699 etin
1610 3659 1820 3710 earum,
1855 3661 1976 3715 quae
1992 3663 2116 3702 sen-

2242 3641 2465 3707 ιπτείαν,
2499 3641 2592 3712 κα).
2617 3643 2695 3705 εἰς
2731 3641 2828 3715 τὴν
2855 3640 2960 3695 τῶν
3005 3640 3277 3710 αίσθητῶν
3331 3643 3698 3712 φυσιολογίαν)
3748 3646 3806 3697 οἱ

547 3736 695 3791 sibus
726 3745 1082 3804 usurpantur,
1115 3735 1494 3790 tractationem
1533 3737 1816 3802 dividitur,
1848 3739 2114 3794 laudatis-

2242 3731 2360 3784 ιατά
2410 3732 2587 3786 πάντα
2634 3731 2829 3784 τέλειοι
2892 3734 3166 3804 προφῆται
3199 3731 3392 3803 ᾕδεσάν
3439 3750 3522 3798 τε,
3569 3735 3804 3799 καὶτοῖς

547 3828 666 3884 simi
694 3828 968 3897 propheta:
991 3842 1114 3881 cum
1139 3838 1405 3883 noverant
1431 3830 1536 3900 ipsi
1576 3846 1674 3900 per
1697 3847 1840 3897 sese,
1867 3835 2112 3901 tum,ubi

2249 3825 2453 3889 ἰκείοις,
2480 3825 2570 3877 ὅτε
2595 3823 2658 3895 δὴ
2689 3824 2879 3896 καιρὸς
2928 3825 3132 3890 ἐκάλει,
3180 3826 3544 3896 κατεμίγνυον
3592 3827 3799 3896 λόγοις·

545 3921 844 3992 posnilaret
902 3920 1156 3985 occasio,
1186 3921 1301 3976 suis
1331 3922 1534 3991 passim
1578 3924 1816 3980 oraculis
1865 3940 2114 3997 asperge-

2246 3917 2274 3969 ύ
2316 3919 2635 3986 στοχασμοῖς
2664 3917 2757 3970 καὶ
2810 3916 3009 3988 θνητῆς
3033 3917 3270 3982 διανοίας
3318 3918 3657 3990 ἐπιτηδεύσει
3693 3938 3803 3990 μα-

544 4015 711 4069 bant:
773 4029 937 4084 quam
968 4014 1041 4068 illi
1075 4024 1254 4068 tamen
1283 4013 1460 4086 neque
1504 4015 1834 4086 coniecturis
1880 4018 2110 4087 quibus-

2247 4009 2415 4074 ὀντες,
2451 4010 2558 4063 οὐδ’
2593 4009 2684 4063 ἐπὶ
2709 4009 3049 4075 διδασκάλοις
3107 4010 3331 4083 ἀνδράσι
3384 4013 3798 4084 σεμνυνόμενοι,

541 4105 688 4169 dam,
713 4115 806 4160 aut
826 4107 1075 4163 mortalis
1105 4106 1453 4176 cogitationis
1482 4108 1751 4166 industria
1784 4111 2109 4179 didicerant,

2242 4104 2534 4174 ιεοφορήσει
2560 4103 2616 4157 δὲ
2645 4102 2952 4174 κρείττονος
2982 4103 3280 4173 δυνάμεως,
3308 4104 3401 4158 καὶ
3449 4105 3592 4158 θείου
3622 4107 3800 4161 Πνεύ-

541 4212 723 4266 neque
756 4197 922 4251 uilius
957 4213 1076 4252 sese
1112 4197 1336 4251 humani
1387 4200 1734 4270 praeceptoris
1790 4201 2112 4262 auctoritate

2242 4210 2385 4257 ιατος
2411 4194 2621 4263 ἐπινοίᾳ
2652 4193 2751 4266 τὴν
2777 4194 2976 4264 γνῶσιν
3007 4195 3365 4260 ἀνατιθέντες.
3402 4197 3591 4250 Ἔνθεν
3621 4199 3799 4268 μυρία

539 4286 850 4357 iactabant:
887 4287 982 4341 sed
1015 4286 1213 4341 divinze
1235 4287 1450 4341 cuidam
1489 4290 1789 4359 superioris
1827 4291 2118 4361 potestatis

2242 4286 2314 4337 ιὲν
2339 4285 2519 4348 αὐτοῖς
2545 4286 2672 4358 περὶ
2695 4285 2803 4339 τῶν
2830 4286 3127 4358 μελλόντων
3159 4287 3498 4350 τεθέσπιστο,
3544 4289 3710 4359 μυρία
3733 4290 3798 4342 δὲ

541 4378 616 4445 vi,
652 4379 932 4448 divinique
973 4376 1208 4448 Spiritus
1233 4378 1438 4434 amatui
1465 4390 1631 4436 totam
1659 4381 1807 4437 illam
1837 4383 2107 4453 cognitio-

2242 4377 2343 4446 περὶ
2383 4376 2480 4446 τῆς
2503 4374 2596 4428 τοῦ
2632 4375 2833 4440 παντὸς
2865 4377 3176 4442 συστάσεως
3212 4379 3656 4451 πεφυσιολόγητο·
3695 4383 3796 4433 καὶ

541 4485 664 4525 nem
694 4481 968 4541 acceptam
1006 4471 1269 4527 ferebant.
1329 4471 1500 4539 Quem
1549 4474 1626 4528 illi
1651 4474 1871 4545 quidem
1907 4475 2104 4542 secuti,

2242 4463 2280 4522 εὖ
2319 4468 2478 4521 πάλιν
2505 4468 2671 4539 μυρία
2693 4469 2821 4540 περ)⁸
2852 4467 3004 4533 ζώων
3053 4469 3266 4538 φύσεως
3312 4470 3603 4542 διείληπτο·
3640 4471 3794 4525 πλεξ-

541 4571 601 4616 υι
626 4561 692 4616 de
727 4565 892 4617 rebus
927 4561 1129 4617 futuris
1156 4563 1370 4617 inﬁnita
1425 4562 1690 4618 divinitus
1721 4564 2109 4634 prmdixerunt,

2242 4577 2314 4613 ’τα
2339 4560 2396 4613 δέ
2428 4562 2528 4614 ὅσα
2578 4563 2673 4616 καὶ
2727 4562 2856 4633 περὶ
2883 4561 3066 4631 φυτῶν
3117 4565 3238 4625 ταῖς
3293 4564 3518 4624 οἰκείαις
3560 4564 3792 4626 ἕκαστος

540 4655 623 4711 sic
644 4654 807 4708 etiam
837 4663 892 4709 et
915 4653 981 4708 de
1009 4654 1248 4710 universi
1268 4654 1547 4709 molitione
1576 4654 1807 4722 inﬁnita,
1841 4672 1950 4726 quo
1987 4673 2109 4712 mo-

2242 4652 2570 4722 τροφητείαις
2609 4651 2988 4724 κατεϐέϐλητο.
3021 4653 3226 4724 Μωσῆς
3265 4653 3342 4718 δὲ,
3373 4655 3468 4707 καὶ
3511 4654 3674 4708 λίθων
3696 4655 3794 4708 δυ-

540 4748 609 4802 do
627 4756 818 4800 natura
844 4747 1173 4815 postulabat,
1197 4747 1562 4817 disputarunt,
1583 4756 1636 4802 et
1663 4748 1729 4803 de
1747 4748 2108 4805 animantium

2243 4743 2402 4814 ἀμεις
2431 4739 2490 4797 εὖ
2521 4745 2665 4816 μάλα
2694 4744 3134 4814 ἐξεπιστάμενος,
3170 4746 3228 4798 ού
3264 4745 3552 4818 παρέργως
3575 4746 3668 4798 ἐπὶ
3688 4746 3788 4816 τῆς

541 4839 782 4909 ipsarum
815 4838 1026 4894 naturis
1059 4839 1268 4894 infinita
1291 4847 1595 4894 tractarunt
1624 4858 1638 4904 ;
1670 4840 1871 4909 quibus
1899 4851 1953 4896 et
1985 4857 2109 4896 sex-

2243 4837 2302 4888 οὖ
2327 4837 2624 4908 ἀρχιερέως
2651 4837 2842 4908 στολῆς
2870 4841 2936 4910 τῇ
2964 4838 3167 4891 τούτων
3195 4839 3429 4910 κέχρητο
3451 4839 3671 4911 θεωρία·
3691 4841 3790 4893 καὶ

540 4939 696 4985 centa
727 4929 794 4984 de
823 4930 1024 5000 plantis
1049 4929 1105 4984 in
1141 4931 1258 4986 suis
1293 4931 1496 5001 quique
1559 4932 1858 5001 prophetiis
1887 4933 2109 4990 addide-

2242 4922 2276 4980 ὖ
2305 4927 2466 4982 πάλιν
2488 4928 2758 4999 Σολομὼν,
2793 4931 2841 4981 εἰ
2870 4930 2964 4983 καί
3005 4947 3089 4993 τις
3133 4929 3312 4994 ἄλλος,
3367 4933 3423 4984 ἐν
3467 4935 3532 5003 τῇ
3577 4932 3788 4985 τούτων

537 5034 685 5078 runt.
708 5023 772 5077 Et
797 5039 929 5079 sane
958 5023 1158 5089 Moses,
1187 5024 1279 5094 qui
1306 5023 1547 5093 lapidum
1565 5025 1730 5078 etiam
1758 5025 1903 5081 vires
1929 5027 2110 5096 appri-

2243 5021 2504 5093 ιαπρέψαι
2527 5022 2842 5095 φυσιολογίᾳ
2893 5024 3028 5096 πρὸς
3079 5025 3178 5095 τῆς
3211 5025 3359 5090 θείας
3424 5030 3785 5098 μαρτυρεῖται

538 5133 626 5172 me
651 5117 892 5180 calleret,
944 5133 1056 5172 non
1108 5118 1285 5172 obiter
1331 5126 1426 5172 aut
1469 5118 1858 5187 perfunctorie,
1883 5134 2006 5174 cum
2039 5120 2107 5176 de

2242 5113 2452 5185 ’ραφῆς,
2477 5107 2577 5168 ὧδε
2609 5115 2983 5187 περιεχούσης·
3039 5136 3056 5169 ι
3105 5119 3214 5172 Καὶ
3253 5118 3478 5190 ἐλάλησε
3527 5119 3783 5190 Σολομὼν

537 5210 740 5266 summi
772 5210 1074 5266 sacerdotis
1097 5210 1246 5266 cultu
1280 5211 1608 5276 dissereret,
1643 5211 1698 5264 in
1731 5225 1917 5266 eorum
1969 5226 2104 5266 eon-

2243 5207 2509 5279 ρισχιλίας
2555 5207 2884 5280 παραϐολὰς,
2939 5210 3034 5263 καὶ
3086 5207 3226 5281 ἦσαν
3283 5211 3414 5282 ᾠδαὶ
3461 5211 3627 5264 αὐτοῦ
3654 5231 3790 5267 πεν-
3884 5231 3890 5248 ι

537 5300 865 5356 sideration'e
906 5310 1153 5358 versatus
1177 5309 1281 5358 est.
1313 5302 1378 5356 At
1404 5316 1534 5357 vero
1557 5299 1839 5368 Salomon,
1865 5302 1912 5357 si
1955 5302 2111 5372 quis-

2242 5299 2562 5372 ακισχίλιαι.
2599 5301 2709 5355 Καὶ
2732 5301 2957 5372 ἐλάλησε
3005 5304 3132 5373 περὶ
3173 5303 3281 5356 τῶν
3311 5302 3482 5370 ξύλων
3541 5305 3647 5358 ἀπὸ
3676 5305 3790 5376 τῆς

537 5409 700 5465 quam
726 5393 886 5457 alius,
921 5394 975 5448 in
1009 5394 1110 5450 hac
1137 5394 1492 5465 physiologia;
1517 5401 1670 5464 parte
1694 5407 1964 5449 summam
1988 5407 2107 5448 om-

2246 5393 2400 5464 έδρου
2432 5394 2530 5465 τῆς
2561 5396 2618 5448 ἐν
2645 5393 2722 5464 τῷ
2744 5394 2961 5465 Λιϐάνῳ
2997 5397 3092 5449 καὶ
3118 5395 3221 5459 ἕως
3251 5395 3350 5467 τῆς
3394 5396 3645 5450 ὑσσώπου
3677 5399 3784 5467 τῆς

537 5488 669 5541 nino
718 5486 933 5543 laudem
967 5496 1072 5554 est,
1104 5489 1187 5542 vel
1217 5488 1334 5558 ipso
1387 5488 1584 5543 divinae
1614 5487 1911 5558 Scripturae
1944 5487 2098 5542 testi-

2242 5488 2643 5559 κπορευομένης
2690 5486 2776 5540 διά
2835 5485 2926 5540 τοῦ
2979 5486 3177 5558 τοίχου.
3230 5489 3339 5542 Καὶ
3388 5488 3614 5558 ἐλάλησε
3648 5491 3784 5561 περὶ

537 5579 744 5644 monio,
789 5589 1138 5636 consecutus.
1197 5579 1289 5636 Sic
1331 5580 1477 5636 enim
1524 5579 1614 5634 illa
1649 5598 1663 5634 :
1706 5599 1725 5631 ι
1757 5578 1995 5634 Locutus
2022 5587 2106 5634 est

2242 5577 2316 5631 ῶν
2343 5577 2574 5649 κτηνῶν,
2603 5579 2696 5632 καὶ
2723 5578 2850 5649 περὶ
2882 5577 2988 5632 τῶν
3022 5579 3298 5645 πετεινῶν,
3341 5580 3450 5633 καὶ·
3483 5579 3610 5650 περὶ
3663 5579 3784 5633 τῶν

539 5687 755 5741 quoque
784 5673 1063 5738 Salomon,
1105 5675 1301 5745 inquit,
1338 5675 1440 5729 tria
1491 5673 1658 5728 millia
1708 5672 2016 5743 parabolas,
2053 5683 2107 5728 et

2242 5671 2475 5743 ρπετῶν,
2505 5671 2599 5724 καὶ
2649 5672 2777 5743 περὶ
2823 5671 2930 5724 τῶν
2986 5670 3200 5741 ἰχθύων.
3245 5671 3352 5725 Καὶ
3416 5672 3778 5741 παρεγένοντο

541 5763 761 5821 luerunt
789 5766 1034 5823 carmina
1058 5765 1177 5837 ejus
1202 5765 1444 5838 quinque
1486 5775 1541 5821 et
1565 5764 1731 5819 mille.
1765 5761 1831 5819 Et
1855 5764 2102 5834 disputa-

2242 5764 2407 5826 εάντες
2434 5764 2485 5818 οἱ
2509 5763 2625 5818 λαοὶ
2649 5761 2875 5816 ἀκοῦσαι
2898 5763 2997 5835 τῆς
3040 5763 3228 5834 σοφίας
3267 5763 3627 5836 Σολομῶντος,
3681 5765 3779 5817 καὶ
