4042 6384
208 388 336 448 835

1392 369 1715 428 PREPAR.
1759 364 2010 424 EVANG.
2030 363 2159 420 LIB.
2199 363 2293 420 XI.

3385 368 3494 425 866

211 508 518 580 ἐλάμϐανε
547 505 690 578 δῶρα
722 501 871 574 παρά
894 499 1109 555 πάντων
1137 495 1245 550 τῶν
1273 494 1534 567 βασιλέων
1558 493 1659 562 τῆς
1683 490 1810 560 γῆς,

1921 488 1997 543 vit
2025 502 2190 558 super
2211 485 2398 558 lignis,
2435 500 2466 540 a
2499 483 2685 552 cedro,
2713 500 2836 554 quae
2863 494 2947 542 est
2975 484 3030 540 in
3065 485 3493 559 Libano,usque

210 603 351 655 ὅσοι
392 601 628 670 ἥκουσαν
655 595 750 666 τῆς
779 592 964 660 σοφίας
998 586 1213 643 αὑτοῦ.»
1255 581 1532 638 Ἐντεῦθεν
1557 580 1813 652 ὁρμώμε-

214 708 324 753 νος
371 669 468 743 καὶ
489 689 516 740 ὁ
547 687 643 757 τὴν
682 683 977 754 πανάρετον
1005 677 1192 747 σοφίαν
1218 676 1296 738 είς
1322 669 1487 728 αὐτοῦ
1523 670 1813 742 πρόσωπον

220 783 489 845 ἀναθεὶς,
543 781 666 850 ἔφη·
715 796 733 827 c
763 775 929 838 Αὐτὸς
985 773 1090 844 γάρ
1127 786 1215 841 μοι
1271 767 1437 820 ἔδωκε
1487 764 1596 818 τῶν
1648 762 1816 815 ὄντων

221 876 446 945 γνῶσιν
480 871 696 941 ἀψευδῆ,
727 867 920 921 εἰδέναι
964 863 1219 917 σύστασιν
1261 857 1487 928 κόσμου,
1521 856 1614 909 καὶ
1662 853 1814 924 ἐνέρ-

222 984 393 1038 γειαν
433 961 725 1033 στοιχείων,
749 958 918 1030 ἀρχὴν
947 957 1040 1009 καὶ
1065 954 1234 1016 τέλος,
1271 951 1362 1005 καὶ
1391 948 1663 1022 μεσότητα
1690 945 1818 1016 χρό-

225 1080 366 1124 νων,
392 1057 608 1130 τροπῶν
638 1052 893 1120 ἀλλαγὰς,
922 1051 1016 1104 καὶ
1051 1044 1352 1120 μεταϐολὰς
1381 1040 1609 1113 καιρῶν,
1637 1041 1815 1092 ἐνιαυ-

229 1156 330 1211 τοῦ
366 1153 620 1214 κύκλους,
649 1148 744 1203 καὶ
776 1144 1017 1216 ἀστέρων
1065 1142 1263 1204 θέσεις,
1297 1137 1489 1207 φύσεις
1511 1132 1686 1198 ζώων,
1721 1131 1815 1184 καὶ

230 1247 452 1316 θυμοὺς
482 1243 702 1314 θηρίων,
741 1236 1060 1306 πνευμάτων
1110 1232 1249 1302 βίας,
1281 1229 1376 1283 καὶ
1431 1225 1815 1296 διαλογισμοὺς

232 1315 564 1408 ἀνθρώπων,
593 1333 684 1386 καὶ
707 1327 966 1399 διαφορὰς
997 1323 1196 1393 φυτῶν,
1218 1321 1312 1376 καὶ
1337 1318 1593 1388 δυνάμεις
1628 1315 1813 1387 ῥιζῶν,

231 1407 424 1485 δσαῗτέ
451 1431 567 1480 ἐστι
598 1421 814 1496 κρυπτά
841 1420 934 1473 καὶ
965 1417 1164 1488 ἀφανῆ,
1203 1414 1391 1483 ἔγνων.
1440 1412 1504 1466 Ἡ
1543 1409 1651 1480 γὰρ
1679 1407 1814 1460 πάν-

230 1539 345 1576 των
369 1521 600 1589 τεχνῖτις
625 1512 825 1578 ὲδίδαξέ
861 1528 925 1582 με
947 1509 1166 1578 Σοφία.»
1201 1505 1367 1559 Πάλιν
1388 1521 1447 1556 τε
1479 1504 1508 1556 ὁ
1526 1500 1687 1563 αὐτὸς
1715 1500 1814 1551 Σο-

232 1614 420 1686 λομὼν
445 1611 541 1682 τὴν
569 1606 795 1681 ῥευστὴν
818 1605 923 1658 τῶν
957 1601 1220 1670 σωμάτων
1253 1598 1437 1652 οὐσίαν
1460 1592 1812 1666 φυσιολογῶν,

236 1712 294 1762 ὲν
346 1703 738 1774 Ἐκκλησιαστῇ
786 1713 937 1768 φησι·
1005 1693 1360 1763 «Ματαιότης
1414 1687 1810 1761 ματαιοτήτων,

236 1802 335 1856 καὶ
366 1801 540 1851 πάντα
577 1792 883 1865 ματαιότης.
919 1789 1015 1851 Τίς
1044 1785 1331 1858 περισσεία
1366 1783 1444 1854 τῷ
1465 1779 1734 1857 ἀνθρώπῳ
1754 1781 1811 1834 ὲν

1917 580 1987 634 ad
2021 580 2340 652 hyssopum,
2367 591 2490 648 qum
2529 577 2807 646 egreditur
2851 578 2918 632 de
2955 579 3181 648 pariete.
3228 578 3294 636 Et
3324 580 3492 636 disse-

1917 672 2029 727 ruit
2070 674 2136 727 de
2174 672 2459 742 jumentis,
2507 679 2562 725 et
2612 670 2964 738 volucribus,
3007 680 3061 726 et
3089 672 3392 741 reptilibus,
3440 683 3494 728 et

1919 764 2185 836 piscibus.
2238 763 2304 818 Et
2338 762 2628 818 veniebant
2661 763 2728 818 de
2775 764 2989 818 cunctis
3018 765 3256 835 populis,
3295 765 3360 820 ad
3392 780 3494 820 au-

1919 855 2175 912 diendam
2227 854 2550 925 sapientiam
2591 854 2923 920 Salomonis,
2951 865 3005 910 et
3047 857 3351 926 accipiebat
3380 873 3498 912 mu-

1919 964 2050 1002 nera
2084 948 2152 1002 ab
2179 947 2454 1002 universis
2485 947 2704 1019 regibus
2737 956 2914 1014 terrae,
2960 949 3053 1018 qui
3088 949 3381 1004 audiebant
3407 965 3496 1005 sa-

1917 1041 2174 1110 pientiam
2201 1041 2319 1110 ejus
2346 1041 2414 1094 ⁸⁸.
2445 1059 2464 1092 ›
2497 1040 2675 1110 Atque
2707 1041 2810 1095 hac
2839 1041 2956 1110 ipse
3007 1042 3217 1097 ratione
3251 1057 3498 1097 commo-

1917 1143 2024 1199 tus,
2059 1133 2188 1187 dum
2215 1141 2492 1202 parentem
2522 1131 2666 1186 illam
2698 1131 2912 1187 virtutis
2938 1132 3118 1188 omnis
3172 1133 3494 1202 sapientiam

1915 1227 2033 1295 ejus
2055 1225 2320 1280 beneﬁcio
2337 1224 2619 1291 tribueret,
2640 1225 2786 1280 hunc
2809 1225 2862 1278 in
2882 1225 3103 1280 modum
3132 1226 3489 1296 loquebatur:

1923 1338 1940 1370 ‹
1978 1317 2098 1388 lpse
2139 1319 2307 1380 enim,
2340 1317 2535 1388 inquit,
2569 1317 2716 1372 dedit
2745 1318 2877 1372 mihi
2917 1319 3133 1384 horum,
3169 1333 3290 1388 quae
3344 1326 3493 1382 sunt,

1916 1407 2200 1463 scientiam
2231 1422 2436 1473 veram,
2486 1415 2544 1461 ut
2569 1407 2740 1462 sciam
2785 1407 3229 1462 constitutionem
3281 1407 3493 1474 mundi,

1917 1506 1971 1551 et
1990 1497 2217 1551 virtutes
2250 1494 2661 1560 elementorum,
2712 1495 2950 1562 initium,
2983 1505 3036 1551 et
3060 1497 3494 1554 consummatio-

1917 1603 2062 1652 nem,
2132 1596 2185 1642 et
2231 1587 2574 1642 medietatem
2643 1599 2984 1658 temporum,
3035 1589 3494 1644 ‘vicissitutlinum

1916 1677 2370 1746 permutationes,
2406 1686 2459 1732 et
2486 1678 2943 1735 commutationes
3002 1689 3330 1750 temporum,
3363 1680 3495 1735 anni

1917 1777 2134 1835 cursus‘,
2165 1779 2220 1824 et
2249 1769 2530 1824 stellarum
2576 1769 2990 1841 dispositiones,
3020 1782 3246 1827 naturas
3280 1773 3495 1828 anima-

237 1852 402 1948 παντὶ
439 1852 619 1959 μσὸχθίρ
663 1852 857 1946 αὑτοῦ,
880 1874 924 1949 ᾧ
959 1852 1145 1952 μοχθεπῖ
1171 1878 1276 1931 ὑπὸ
1301 1876 1392 1929 τὸν
1418 1852 1608 1946 ἧλιονξ
1647 1853 1677 1925 ι’
1703 1871 1813 1926 Καὶ

1922 1861 2078 1928 lium,
2133 1873 2189 1916 et
2219 1862 2330 1917 iras
2356 1862 2678 1925 bestiarum,
2733 1865 2841 1918 vim
2874 1872 3179 1930 ventorum,
3206 1874 3260 1920 et
3285 1869 3494 1936 cogita-

236 1984 499 2051 ἐπιλέγειο
534 1998 553 2030 ι
579 1978 642 2033 Τί
663 1977 722 2030 τὸ
742 1975 996 2045 γεγονός;
1031 1971 1172 2024 Αὐτὸ
1205 1971 1267 2023 τὸ
1291 1968 1671 2039 γενησόμενον·
1715 1962 1812 2016 καὶ

238 2078 294 2130 τί
334 2078 398 2131 τὸ
430 2070 832 2142 πεποιημένον;
887 2065 1027 2119 Αὐτὸ
1082 2064 1144 2117 τὸ
1191 2061 1636 2133 ποιηθησὸμενον·
1717 2056 1813 2111 καὶ

232 2168 335 2222 οὐκ
381 2166 494 2219 ἔστι
518 2166 624 2217 πᾶν
654 2161 960 2234 πρόσφατον
989 2155 1093 2209 ὑπὸ
1127 2155 1218 2208 τὸν
1245 2154 1444 2225 ἥλιον.»
1477 2151 1660 2210 Ταῦτα
1707 2149 1815 2222 γὰρ

239 2260 388 2330 αὑτῷ
423 2259 516 2312 καὶ
539 2257 605 2310 τὰ
649 2253 870 2308 τοιαῦτα
911 2247 1368 2320 πεφυσιολόγηται
1404 2246 1530 2316 περὶ
1575 2243 1674 2314 τῆς
1705 2259 1813 2295 σω·

243 2355 478 2426 ματικῆς
524 2350 728 2412 οὐσίας.
800 2345 993 2417 Εὖροις
1067 2342 1110 2395 δ’
1166 2341 1232 2394 ἂν
1289 2340 1382 2392 καὶ
1434 2337 1560 2400 τοὺς
1621 2335 1814 2398 ἄλλους

247 2447 537 2518 Ἐϐραίους
593 2440 759 2496 ἐπιὼν
809 2439 1003 2508 σοφοὺς
1036 2438 1134 2508 τῆς
1189 2433 1379 2504 ὁμοίας
1419 2431 1518 2482 οὐκ
1554 2428 1814 2499 ἀμοίρους

241 2543 569 2612 ἐπιστήμης*
597 2535 775 2606 φυτῶν
821 2531 973 2602 γοῦν,
995 2530 1070 2594 ὡς
1096 2529 1230 2598 ἔφην
1253 2525 1352 2597 ἤδη
1387 2523 1671 2595 πρότερον,
1710 2537 1812 2612 pu-

245 2636 336 2707 ρία
479 2629 628 2694 ζώων
657 2625 801 2698 πέρι,
846 2621 1115 2695 χερσαίων
1168 2635 1227 2671 τε
1270 2616 1362 2670 καὶ
1410 2613 1665 2686 ἐνύδρων,
1718 2611 1813 2664 καὶ

244 2701 467 2795 προσέτι
489 2716 701 2789 πτηνῶν
730 2713 940 2784 φύσεως
957 2712 1169 2783 εἴρηται
1204 2708 1404 2770 αὐτοῖς.
1425 2705 1533 2757 Ναὶ
1553 2701 1686 2773 (51‘)
1705 2701 1812 2773 μὴν

246 2817 338 2870 καὶ
371 2814 500 2885 περὶ.
529 2811 636 2864 τῶν
665 2811 722 2862 ὲν
749 2805 962 2880 οὐρανῷ
986 2804 1249 2875 ἀστέρων·
1275 2803 1397 2854 ἐπεὶ
1423 2799 1518 2853 καὶ
1547 2797 1809 2869 Ἀρκτου,

248 2911 341 2965 καὶ
363 2907 633 2969 Πλειάδος,
667 2901 920 2974 Ὠρίωνος
945 2917 1003 2954 τε
1022 2899 1116 2952 καὶ
1149 2893 1497 2968 Ἀρκτούρου,
1513 2890 1572 2943 ὃν
1595 2890 1816 2958 Ἀρκτο-

252 3003 459 3072 φύλακα
483 3000 576 3053 καὶ
597 2995 812 3066 Βοώτην
839 2992 1061 3061 Ἕλλησι
1098 2989 1247 3060 φίλον
1291 2985 1598 3057 ὀνομάζειν,
1626 2980 1814 3052 μνήμη

249 3116 329 3162 τις
348 3097 445 3167 οὐχ
478 3097 512 3164 ἡ
545 3091 782 3164 τυχοῦσα
830 3089 942 3150 τοῖς
983 3083 1090 3138 τῶν
1137 3081 1476 3154 δηλουμένων
1517 3076 1814 3148 ἐμφέρεται

252 3191 579 3263 γράμμασιν.
619 3181 774 3236 Ἀλλὰ
792 3179 888 3234 καὶ
912 3177 1040 3248 περὶ
1069 3174 1378 3237 συστάσεως
1404 3172 1630 3265 κόσμου,
1657 3168 1814 3265 τάΔτε
1846 3209 1888 3265 C

253 3260 372 3354 περὶ
392 3280 490 3348 τῆς
515 3273 606 3330 τοῦ
640 3271 836 3334 παντὸς
868 3268 1073 3339 τροπῆς
1108 3284 1169 3320 τε
1195 3266 1290 3320 καὶ
1333 3263 1691 3327 ἀλλοιώσεως,
1717 3260 1820 3331 ψυ⁴

251 3375 347 3445 χῆς
366 3390 423 3425 τε
449 3367 760 3441 περιουσίας
784 3376 831 3428 ει,
874 3361 968 3416 καὶ
1013 3359 1246 3428 λογικῶν
1297 3359 1550 3412 ἁπάντων
1607 3355 1820 3425 φύσεως

252 3443 521 3532 ἐρωμένης
557 3473 636 3520 τε,
670 3455 760 3507 καὶ
781 3448 1016 3520 ἀφανοῦς
1061 3447 1438 3519 δημιουργίας,
1479 3447 1576 3517 τῆς
1600 3463 1658 3498 τε
1687 3443 1819 3498 καθ-

253 3555 368 3607 όλου
393 3548 662 3623 προνοίας,
690 3546 782 3600 καὶ
805 3545 1006 3598 τούτων
1034 3542 1113 3596 ἔτι
1165 3541 1428 3618 πρότερον
1452 3537 1520 3591 τά
1560 3538 1690 3609 περὶ
1724 3537 1818 3590 τοῦ

257 3643 460 3715 πρώτου
487 3641 591 3694 τῶν
615 3639 749 3692 ὅλων
792 3636 986 3698 αἰτίου,
1015 3635 1115 3704 τῆς
1141 3651 1198 3686 τε
1248 3631 1339 3684 τοῦ
1365 3629 1614 3700 δευτέρου
1642 3629 1818 3681 θεολο-

255 3737 387 3803 γίας,
421 3733 515 3786 καί
544 3731 650 3784 τῶν
676 3729 846 3784 ἄλλων
874 3726 980 3780 τῶν
1005 3725 1209 3795 διανοίᾳ
1232 3723 1368 3794 μόνῃ
1418 3720 1659 3793 ληπτῶν,
1695 3721 1821 3784 τοὺς

256 3826 430 3895 λόγους
461 3824 551 3877 καὶ
577 3822 674 3884 τὰς
713 3817 942 3889 Θεωρίας
989 3813 1046 3870 εὖ
1097 3815 1190 3868 καὶ
1243 3812 1484 3885 ἀκριϐῶς
1544 3809 1819 3883 περιειλή-

258 3935 424 3987 φασινο
467 3916 542 3977 ὠς
567 3913 641 3986 μὴ
683 3912 748 3966 ἂν
789 3908 1120 3982 ἁμαρτάνειν
1143 3908 1269 3969 τοὺς
1295 3904 1432 3977 μετά
1458 3903 1626 3958 ταῦτα
1688 3906 1817 3974 παρ’

259 4006 468 4077 Ἕλλησι
516 4004 610 4075 τὴν
653 4002 857 4056 τούτων
904 3999 1061 4069 φύσιν
1112 3995 1552 4070 ἁνηρευνηκότας
1581 3994 1814 4067 ’λ’τρεσεύ⁴

256 4111 342 4156 τας
369 4092 396 4132 δ
434 4087 518 4144 οἶα
543 4090 834 4162 νεωτέρους
863 4085 1388 4157 κατηκολουθηκέναι
1417 4084 1599 4155 φάναι.
1633 4083 1816 4138 Ταῦτα

260 4187 348 4258 μὲν
370 4186 432 4255 δὴ
457 4183 549 4238 καὶ
575 4183 703 4254 περὶ
757 4181 854 4250 τῆς
887 4181 980 4233 τοῦ
1031 4178 1228 4242 παντὸς
1273 4177 1638 4247 φυσιολογίας.
1683 4178 1814 4247 Διχῆ

257 4279 305 4333 δὲ
340 4280 429 4334 καὶ
461 4278 588 4350 περὶ
619 4275 820 4330 τούτων
872 4271 1304 4343 διαστειλάμενοι
1351 4270 1528 4338 λόγον,
1575 4269 1667 4324 τὸν
1718 4268 1814 4340 μὲν

258 4370 502 4442 περὶτῶν
542 4367 831 4440 αἰσθητῶν,
878 4364 1110 4426 οὑκ,είς
1159 4363 1326 4434 ἄκρον
1369 4363 1534 4432 ᾤοντο
1575 4360 1682 4428 δεῖν
1735 4361 1815 4422 είς

258 4465 466 4527 πολλοὺς
488 4462 758 4533 ἐκφέρειν,
811 4458 932 4512 οὐδέ
981 4473 1045 4525 γε
1075 4455 1173 4518 τὰς
1237 4455 1415 4517 αἰτίας
1441 4456 1540 4525 τῆς
1576 4452 1688 4524 (52)
1720 4451 1812 4523 δη-

1919 1956 2100 2011 tiones
2126 1955 2430 2022 hominum,
2449 1956 2781 2011 diﬂerentias
2807 1957 3251 2028 virgultorum,et
3266 1959 3495 2015 virtutes

1922 2048 2191 2112 radicum,
2225 2057 2280 2101 et
2307 2063 2647 2118 quaecunque
2671 2058 2800 2102 sunt
2818 2049 3106 2115 ahsconsa,
3124 2059 3178 2104 et
3201 2050 3494 2120 improvisa

1921 2139 2085 2196 didici
2119 2158 2133 2206 ;
2168 2138 2328 2210 522
2375 2140 2618 2196 omnium
2646 2141 2792 2195 enim
2827 2139 3021 2195 artifex
3048 2140 3232 2195 docuit
3277 2157 3365 2196 me
3394 2141 3496 2197 Sa-

1922 2234 2120 2303 pientia
2137 2233 2237 2286 ⁹⁷.›
2263 2232 2476 2289 Rursus
2499 2233 2637 2288 idem
2658 2234 2746 2288 ille
2777 2232 3029 2288 Salomon
3054 2233 3120 2288 de
3144 2234 3287 2288 ﬂuxa
3301 2249 3496 2306 corpo«

1920 2340 2043 2378 rum
2090 2332 2286 2379 natura
2319 2325 2607 2395 disputans
2660 2326 2716 2381 in
2764 2325 3132 2382 Ecclesiaste:
3189 2347 3208 2379 ι
3251 2327 3492 2393 Vanitas,

1922 2415 2121 2485 inquit,
2159 2417 2484 2483 vanitatum,
2535 2427 2588 2472 et
2629 2418 2813 2473 omnia
2855 2419 3090 2474 vanitas.
3139 2418 3280 2486 Quid
3334 2419 3497 2474 habet

1920 2509 2154 2577 amplius
2191 2508 2356 2563 homo
2391 2510 2458 2564 de
2484 2510 2742 2564 universo
2770 2510 2954 2564 labore
3001 2525 3124 2575 suo,
3157 2526 3264 2579 quo
3286 2511 3497 2564 laborat

1921 2599 2024 2652 sub
2047 2599 2162 2652 sole
2185 2599 2235 2631 ⁸⁸
2260 2601 2282 2654 ?
2307 2618 2322 2651 ι
2354 2599 2944 2669 Etpaucisinterjcctis
2971 2619 2984 2654 :
3017 2621 3034 2652 ι
3065 2600 3205 2668 Quid
3235 2610 3319 2656 est
3348 2602 3495 2672 quod

1920 2695 2066 2749 fuit?
2101 2693 2280 2764 Ipsum
2315 2693 2459 2763 quod
2492 2691 2734 2745 futurum
2768 2700 2872 2747 est.
2922 2691 3063 2760 Quid
3096 2703 3182 2748 est
3221 2693 3366 2761 quod
3415 2693 3496 2747 fa-

1921 2798 2067 2843 ctum
2093 2798 2175 2842 est
2200 2786 2223 2839 ?
2250 2787 2428 2856 ipsum
2459 2785 2604 2854 quod
2634 2784 2940 2839 faciendum
2972 2795 3073 2840 est.
3109 2784 3254 2840 Nihil
3279 2795 3362 2841 est
3391 2786 3495 2841 sub

1921 2880 2035 2934 sole
2061 2894 2285 2933 novum.
2329 2896 2348 2928 ι
2385 2875 2512 2932 Haac
2543 2877 2654 2942 ille,
2677 2876 2894 2947 aliaque
2924 2876 3010 2931 his
3048 2877 3250 2930 similia
3273 2877 3339 2930 de
3372 2893 3495 2932 cor-

1920 2987 2084 3041 porea
2120 2978 2316 3026 natura
2361 2969 2780 3040 pliilOSOphatus
2803 2976 2906 3023 est.
2937 2967 3176 3024 Caeteros
3199 2969 3364 3023 etiam
3396 2967 3497 3023 He-

1921 3065 2190 3120 braeorum
2223 3061 2498 3132 sapientes
2553 3061 2599 3116 si
2647 3075 2964 3130 percurrere
3010 3059 3271 3127 volueris,
3303 3061 3492 3117 eadem

1922 3157 2220 3212 instructos
2249 3155 2478 3210 scientia
2499 3153 2670 3208 fuisse
2711 3153 2965 3223 reperies.
3001 3151 3138 3208 Nam
3173 3154 3241 3209 de
3267 3155 3489 3224 plantis,

1920 3249 2000 3304 uti
2025 3248 2140 3318 jam
2172 3254 2296 3301 ante
2341 3245 2476 3311 dixi,
2511 3245 2686 3315 deque
2720 3245 3104 3309 animantium,
3142 3246 3258 3301 sive
3289 3263 3408 3317 qua:
3436 3249 3492 3303 in

1923 3350 2087 3404 terra,
2121 3339 2235 3394 sive
2250 3353 2372 3408 qua:
2395 3336 2448 3389 in
2478 3336 2635 3405 aquis
2653 3335 3035 3406 degunt,acde
3063 3336 3303 3406 ipsarum
3323 3339 3491 3393 etiam

1919 3433 2205 3488 volucrum
2251 3439 2444 3483 natura
2505 3427 2741 3499 plurima
2775 3427 3099 3482 docuerunt.
3141 3427 3252 3483 lmo
3275 3431 3340 3484 de
3368 3430 3492 3485 cmli

1920 3539 2141 3593 quoque
2192 3522 2460 3577 sideribus
2504 3521 2878 3591 disputarunt,
2934 3535 3057 3574 cum
3106 3529 3159 3575 et
3213 3518 3385 3585 Ursae,
3438 3531 3494 3576 et

1920 3616 2219 3681 Pleiadum,
2253 3625 2306 3668 et
2330 3614 2570 3680 Orionis,
2603 3622 2654 3668 et
2677 3612 2916 3678 Arcturi,
2937 3627 3098 3682 quem
3131 3613 3491 3685 Arctophyla-

1921 3725 2059 3771 eem,
2085 3707 2241 3777 quasi
2273 3704 2427 3761 Ursa:
2461 3706 2767 3768 custodem,
2797 3715 2849 3760 ct
2867 3704 3069 3759 Booten
3104 3703 3274 3760 Graeci
3297 3721 3492 3760 vocare

1921 3801 2115 3864 solent,
2143 3798 2334 3854 crebra
2395 3797 2451 3851 in
2495 3811 2684 3851 eorum
2723 3797 2940 3867 scriptis
2970 3796 3173 3850 mentio
3208 3797 3488 3853 habeatur.

1921 3893 2061 3959 Quin
2093 3891 2254 3946 etiam
2281 3890 2348 3944 de
2372 3889 2523 3944 orbis
2545 3889 2850 3954 molitione,
2876 3887 3052 3958 deque
3077 3889 3320 3943 universi
3347 3903 3485 3944 con-

1922 3985 2173 4040 versione
2207 3997 2271 4038 ac
2307 3982 2631 4045 mutatione,
2693 3982 2759 4036 de
2822 3981 2991 4035 animi
3055 3981 3396 4049 excellentia,
3423 3982 3491 4036 de

1918 4076 2163 4132 omnium
2199 4075 2411 4130 ratione
2440 4075 2815 4145 praeditorum.
2851 4089 2945 4128 seu
2977 4089 3098 4144 quae
3131 4075 3366 4141 videtur,
3391 4089 3488 4129 seu

1917 4184 2039 4240 qua:
2081 4183 2188 4222 non
2217 4167 2452 4234 videtur,
2510 4175 2718 4220 natura:
2765 4166 3178 4235 procreatione,
3210 4165 3275 4220 de
3307 4165 3489 4235 provi-

1915 4263 2096 4320 dentia
2130 4277 2312 4317 rerum
2351 4260 2763 4314 universitatem
2819 4259 3122 4328 complexa,
3175 4267 3336 4328 atque
3364 4266 3489 4313 ante

1917 4354 2031 4408 haec
2055 4352 2241 4407 omnia
2285 4351 2351 4405 de
2382 4348 2628 4420 principe
2677 4363 2860 4402 rerum
2891 4347 3133 4402 omnium
3168 4361 3354 4406 causa,
3385 4362 3488 4402 nec

1915 4461 2023 4504 non
2043 4446 2109 4500 de
2135 4444 2375 4499 secundo
2401 4441 2614 4494 illarum
2644 4439 2930 4508 principio,
2961 4438 3275 4504 exterisque
3306 4437 3487 4492 omni-
3513 4496 3516 4500 ,

263 4557 419 4628 μῶδες
471 4528 670 4626 πλῆθος
721 4550 1076 4612 ἐκδιδάσκειν,
1109 4546 1247 4618 πλὴν
1293 4547 1414 4599 ὅσον
1447 4544 1557 4614 (55)
1584 4543 1806 4607 εἰδέναι,

1917 4540 2038 4606 bus,
2070 4553 2191 4608 quae
2226 4535 2342 4592 sola
2391 4541 2571 4588 mente
2606 4532 2997 4602 percipiuntur,
3030 4530 3270 4600 egregias
3307 4528 3490 4600 impriv

258 4651 328 4704 ὅτι
356 4667 410 4702 τε
442 4647 514 4720 μὴ
539 4643 1004 4718 άπηυτομάτισται
1053 4640 1114 4694 τὸ
1160 4642 1286 4703 πᾶν,
1323 4638 1444 4710 μηδ’
1466 4639 1586 4708 είκῆ
1619 4635 1710 4690 καὶ
1735 4635 1810 4700 ὡς

259 4742 426 4813 ἔτυχεν
477 4740 535 4805 ἐξ
575 4738 767 4805 ἀλόγου
819 4736 989 4807 φορᾶς
1032 4732 1357 4803 ὑφέστηκεν’
1416 4729 1604 4799 ἄγεται
1651 4727 1809 4798 δ’ὐφ’

258 4836 434 4906 ἡνιόχῳ
463 4831 595 4886 Θεοῦ
623 4829 785 4900 λόγῳ,
813 4828 906 4882 καὶ
927 4826 1155 4897 δυνάμει
1197 4824 1388 4892 σοφίας
1433 4823 1668 4894 ἀρρήτου
1695 4821 1809 4877 δια-

261 4927 582 4998 κυϐερνᾶται.
620 4923 754 4994 Περὶ
781 4921 837 4974 δὲ
864 4918 970 4973 τῶν
996 4917 1222 4990 νοητῶν,
1259 4917 1342 4969 ὅτι
1398 4915 1498 4984 μὲν
1525 4914 1658 4977 ἔστι,
1712 4914 1808 4968 καὶ

257 5021 379 5084 τίνα,
408 5018 512 5088 ὅπη
552 5031 612 5067 τε
639 5011 934 5079 διατάξεως
955 5009 1086 5081 ἕχει,
1141 5004 1421 5077 δυνάμεώς
1466 5022 1526 5058 τε
1575 5006 1668 5058 καὶ
1693 5005 1807 5058 δια-

259 5113 429 5183 φορᾶς,
463 5109 674 5180 εἴρηται
707 5106 824 5176 μὲν,
851 5104 945 5157 καὶ
974 5104 1093 5164 ταῖς
1124 5101 1296 5173 ἱεραῖς
1341 5097 1544 5168 βίϐλοις
1574 5097 1807 5165 ἐγκατα-

259 5201 512 5271 δέδληται,
543 5200 621 5261 εἰς
643 5193 964 5262 ὲξάκουστόν
997 5208 1058 5244 τε
1082 5192 1193 5253 τοῖς
1246 5191 1379 5242 πᾶσι
1421 5187 1803 5259 παραδέδοται,

260 5294 364 5350 καθ’
386 5297 504 5349 ὅσον
531 5290 726 5345 εἰδέναι
758 5289 894 5360 χρῆν
921 5285 1047 5347 τοὺς
1091 5281 1372 5344 εὐσεϐείας
1408 5277 1805 5352 μεταποιουμέ-

1918 4631 2024 4686 mis
2052 4639 2106 4684 et
2134 4636 2416 4684 accuratas
2445 4624 2841 4694 disputationes
2876 4623 3132 4676 habuere.
3170 4623 3248 4675 lta
3306 4619 3487 4690 profe-

1916 4721 2175 4786 cto,citra
2200 4732 2360 4774 omne
2386 4713 2672 4770 aherraudi
2698 4712 3020 4781 periculum,
3050 4711 3100 4765 id
3134 4710 3487 4779 pronuntiare

1915 4811 2093 4876 liceat,
2126 4808 2220 4878 qui
2245 4822 2274 4862 e
2299 4805 2500 4860 Grmcis
2523 4811 2710 4873 postea
2742 4801 2794 4854 in
2820 4799 3111 4855 scrutanda
3141 4817 3322 4855 rerum
3353 4801 3487 4855 ista-

1913 4919 2035 4959 rum
2068 4910 2264 4957 natura
2295 4897 2493 4954 versati
2528 4903 2676 4958 sunt,
2713 4909 2829 4955 eos,
2869 4902 3054 4963 utpote
3073 4892 3344 4961 juniores,
3371 4893 3485 4962 pri-

1911 5010 2128 5051 scorum
2153 4993 2371 5047 illorum
2390 4987 2632 5056 vestigiis
2650 4986 2932 5040 institisse.
2953 4988 3128 5054 Atque
3145 4984 3258 5039 htec
3275 5001 3305 5039 a
3324 4984 3484 5039 nobis

1913 5095 1981 5150 de
2018 5090 2259 5148 universi
2309 5086 2452 5158 apud
2499 5083 2754 5140 Hebraeos
2785 5080 3121 5154 physiologia
3161 5080 3300 5134 dicta
3331 5078 3481 5135 sutil-

1913 5187 2078 5241 ciant.
2101 5183 2366 5238 Caeterum
2394 5179 2494 5243 illi,
2530 5193 2652 5232 cum
2686 5177 2794 5231 duo
2821 5172 3163 5230 tractationis
3194 5171 3357 5242 hujus
3383 5185 3478 5228 ca-

1912 5278 2020 5349 pita
2073 5280 2397 5339 statuerent,
2453 5270 2684 5324 alterum
2720 5267 2871 5332 illud,
2905 5265 3050 5337 quod
3098 5279 3185 5320 res
3229 5263 3482 5320 sensibus

317 5389 358 5421 "
392 5387 457 5441 lll
482 5386 613 5454 Reg.
655 5399 728 5448 iv,
765 5381 853 5436 '59..
928 5378 972 5410 ⁹⁷
1013 5375 1140 5443 Sap.
1181 5391 1280 5438 vn,
1321 5373 1408 5427 17.
1485 5372 1530 5403 ⁸⁸
1573 5371 1746 5428 Eccle.
1789 5389 1830 5438 ι,
1869 5373 1926 5439 9,
1958 5369 2045 5425 l0.

318 5493 344 5525 ι
379 5479 534 5534 Forte
571 5478 698 5547 περὶ
734 5474 939 5538 οὐσίας.
1015 5471 1044 5511 1³
1087 5469 1246 5524 Forte
1276 5465 1626 5540 πρεσϐύταις.

317 5577 437 5645 (δι’)
467 5574 599 5630 Ναί.
636 5572 798 5646 Forte
825 5569 940 5646 καί.
976 5570 1136 5646 ξέοι-ι’..
1287 5642 1295 5646 Δ
1451 5632 1484 5646 η

319 5639 428 5716 (32y
457 5648 564 5712 Τὰς
592 5644 782 5708 αἰτίας
812 5641 942 5716 τῆς.
967 5639 1162 5716 facile
1189 5642 1303 5690 erat
1342 5639 1632 5716 conjicere,
1661 5646 1794 5716 sup:

261 5704 490 5790 piendum
517 5704 651 5790 esse
691 5704 785 5768 aut
829 5704 1142 5790 δίατάξεως,
1192 5717 1284 5790 aut
1321 5704 1672 5790 συστάσεως,
1703 5711 1796 5790 aut

264 5773 446 5857 ἷρύσεως
468 5787 664 5850 αὐτῶν,
691 5793 783 5839 aut
804 5784 934 5857 aliq.
963 5773 1158 5857 simile.
1191 5776 1423 5857 Montac.
1497 5774 1586 5828 od.
1618 5773 1794 5857 suppl.

263 5845 348 5913 τῶν
372 5845 535 5913 ὄντων
562 5845 795 5929 φύσεως,
824 5845 918 5912 sed
941 5851 1247 5908 addendum
1279 5845 1490 5902 videtur
1520 5853 1800 5915 przeterea,

1899 5554 2425 5644 τάεθειεξημῷδξξτ

1973 5610 2283 5697 ί35)Πλῆν;
2327 5610 2512 5697 βάρη
2544 5619 2688 5697 idem
2753 5615 2986 5697 Montac.
3030 5614 3153 5697 _c_od.
3193 5614 3377 5697 suppl.
3405 5610 3478 5686 ἦν

1901 5685 2354 5767 ἀναγκαῖον.’8ε‹1
2401 5691 2764 5767 llellenisrnus
2810 5689 2897 5745 his
2925 5687 3150 5767 vocibus
3189 5685 3474 5767 facilenca-

1905 5757 2041 5844 reat'.
2070 5767 2265 5844 Solum
2282 5779 2379 5836 pro
2403 5763 2483 5816 ὅτι
2510 5778 2569 5815 τε
2601 5761 2698 5832 μή,
2725 5773 2845 5830 qua:
2881 5766 3202 5831 sequuntur,
3229 5757 3472 5823 mallem.

1906 5836 1997 5894 δτι
2021 5836 2173 5910 μηδέ.
