4042 6384
508 392 611 447 867

1146 375 1414 435 EUSEBll
1450 367 1929 430 (ΖᾸΞΞΑΒΙΕΝΞῙΒ
1967 364 2076 421 ΟΡῙ

2177 361 2342 417 PARS
2384 360 2445 415 ll.
2488 391 2556 400 —
2593 353 3082 413 APOLOGETICA.

3618 348 3727 403 868

506 511 745 579 olijectas
785 501 1179 576 complectitur,
1223 512 1333 551 non
1388 492 1658 549 subtiliter
1697 498 1752 545 et
1794 487 2072 543 enucleate

2177 498 2319 546 νους,
2346 482 2425 543 είς
2457 476 2719 547 ἀνάληψιν
2743 471 2996 535 εύλαὸοὗς
3024 471 3117 523 καὶ
3156 468 3417 539 σώφρονος
3452 464 3588 537 βίου.
3620 463 3729 516 Τὸν

2181 573 2218 579 _.
2258 572 2279 579 -
2328 571 2371 579 -.
2523 569 2535 579 .
2597 569 2612 579 .
2658 568 2673 579 .
2728 566 2783 579 ...
2991 563 3003 579 ε
3127 561 3138 575 ι
3561 556 3696 579 ι...)

504 604 667 673 vulgo
697 598 1098 671 explicandum,
1126 608 1225 647 nec
1261 589 1601 660 singularum
1637 592 1847 637 naturae
1875 593 2072 635 causas
2120 644 2124 657 ὓ

504 670 728 765 plebeia:
770 670 1102 745 multitudini
1171 682 1492 754 aperiendas
1550 683 1915 748 putaverunt,
1965 670 2071 726 nisi

504 791 770 854 quantum
802 795 1022 835 necesse
1056 786 1193 839 erat,
1230 782 1288 827 ut
1311 786 1503 827 omnes
1534 767 1927 837 intelligerent,
1948 762 2071 815 uni-

502 891 719 929 versum
749 874 851 927 hoc
885 885 1058 939 neque
1081 884 1174 937 per
1198 882 1340 929 sese,
1379 876 1556 933 neque
1588 874 1719 914 casu
1748 872 1811 911 ac
1845 865 2070 920 temere,

506 966 729 1020 fortuito
746 965 978 1034 quodam
1006 962 1202 1030 impetu
1233 956 1511 1012 exstitisse
1541 972 1554 1008 :
1580 961 1635 1007 at
1659 948 1859 1006 summi
1892 946 2072 1001 Mode-

503 1058 702 1111 ratoris
736 1056 826 1111 Dei
880 1055 1113 1117 ratione,
1147 1060 1200 1105 et
1232 1049 1456 1103 inﬁnitae
1515 1043 1808 1114 Sapientiae
1850 1038 2073 1092 numine

2176 573 2231 626 δὲ
2255 571 2419 642 βαθὺν
2453 569 2546 624 καὶ
2597 566 2854 639 λεληθότα
2889 563 3014 634 περὶ
3054 561 3247 614 τούτων
3278 561 3432 627 λόγον
3456 559 3511 611 ὲν
3556 556 3733 612 ἀποι-

2181 666 2366 737 ρήτοις
2400 664 2582 732 ζητεῖν
2610 678 2667 713 τε
2712 658 2804 712 καὶ
2831 654 3165 710 διδάσκεσθαι
3194 651 3589 723 κατελίμπανον
3616 647 3734 707 τοῖς

2176 757 2310 818 οἵοις
2335 772 2394 807 τε
2422 754 2489 807 τὰ
2514 751 2691 806 τοιάδε
2735 749 2959 821 μνῆσθαι
2996 760 3041 799 ει.
3076 745 3285 817 Βραχέα
3316 744 3370 796 δὲ
3408 742 3497 796 καὶ
3542 739 3620 803 ὡς
3677 739 3738 789 ὲν

2176 848 2331 917 τύπῳ
2355 846 2538 916 φάναι,
2566 840 2624 898 εὖ
2658 845 2722 897 ἂν
2749 842 2859 913 ἔχοι
2882 841 2976 894 καὶ
3006 841 3099 911 τῆς
3155 838 3348 891 τούτων
3379 834 3601 889 διελθεῖν
3636 832 3741 883 ἑπ-

2177 939 2419 1003 οπτείας,
2441 938 2531 992 τόν
2568 954 2629 990 τε
2656 936 2913 989 Πλάτωνα
2958 934 3056 987 κάν
3080 931 3248 1001 τούτῳ
3270 929 3337 983 τὰ
3370 928 3493 998 φίλα
3522 940 3739 995 πεφρο-

2178 1033 2383 1105 νηκότα
2407 1034 2520 1095 τοῖς
2546 1028 2890 1102 δηλουμένοις
2921 1028 3282 1097 παραστῆσαι.

503 1152 815 1221 gubernari.
852 1148 956 1202 Res
991 1155 1172 1200 autem
1208 1143 1329 1196 illas
1360 1140 1505 1211 quod
1558 1142 1782 1199 attinet,
1813 1149 1936 1204 quae
1973 1130 2090 1186 sola
2129 1136 2309 1183 mente
2339 1125 2662 1196 capiuntur,
2712 1137 2834 1177 cum
2874 1119 3136 1190 ejusmodi
3184 1118 3389 1187 aliquas
3420 1128 3569 1175 esse,
3612 1118 3744 1165 tum

506 1245 719 1298 illarum
754 1255 970 1310 quoque
994 1239 1245 1306 gradum,
1271 1236 1402 1296 vim,
1436 1241 1598 1300 atque
1647 1228 1939 1283 discrimen
1972 1238 2079 1277 non
2122 1221 2282 1275 modo
2309 1234 2479 1274 sacrae
2514 1217 2715 1287 passim
2758 1216 2951 1268 littera:
2984 1214 3298 1275 docuerunt,
3344 1209 3435 1264 sed
3477 1205 3639 1261 etiam
3670 1215 3744 1254 ea

501 1298 811 1406 promiscue
844 1298 1058 1399 semper
1084 1298 1341 1382 omnibus
1369 1298 1559 1377 audire
1606 1319 1785 1382 licuit,
1815 1324 2080 1387 quantum
2121 1312 2187 1366 iis
2223 1310 2442 1381 quidem
2475 1317 2605 1361 nota
2646 1321 2765 1361 esse
2798 1304 3123 1367 debuerunt,
3164 1300 3317 1371 523
3348 1299 3438 1369 qui
3476 1298 3741 1367 pietatem

501 1389 853 1499 proﬁtentur,
916 1438 974 1479 ut
1019 1421 1382 1492 castigatioris
1425 1428 1479 1472 et
1510 1414 1843 1470 lionestioris
1883 1411 2007 1466 vita:
2049 1408 2289 1462 rationes
2332 1403 2654 1474 intelligant.
2701 1400 2807 1456 Sed
2856 1408 3033 1454 tamen
3082 1398 3321 1451 altiorem
3364 1395 3515 1448 illum
3550 1389 3745 1445 occul-

505 1523 805 1589 tioremque
849 1534 1105 1581 sensum,
1145 1530 1305 1584 quem
1345 1512 1669 1576 includunt,
1715 1509 1782 1562 iis
1825 1507 2115 1569 duntaxat,
2155 1500 2247 1571 qui
2274 1498 2391 1567 ejus
2426 1497 2743 1552 meminisse
2780 1502 3020 1565 possent,
3066 1491 3166 1546 sub
3195 1489 3403 1544 arcanis
3438 1485 3744 1540 verborum

501 1612 969 1667 acsententiarum
1024 1607 1361 1671 involucris,
1405 1602 1757 1673 quaerendum
1791 1598 2222 1664 discendumque
2271 1592 2628 1661 reliquerunt.
2672 1586 2846 1656 Atque
2907 1584 2993 1639 hic
3033 1597 3209 1653 opera:
3254 1579 3478 1650 pretium
3550 1573 3744 1637 fuerit,

500 1722 670 1775 pauca
719 1704 966 1775 quaedam
1017 1701 1101 1756 vel
1152 1699 1508 1753 informandae
1555 1695 1631 1749 rei
1674 1692 1884 1763 gratia,
1918 1690 1984 1745 de
2020 1689 2124 1743 hoc
2160 1686 2324 1741 etiam
2376 1684 2548 1738 altero
2580 1695 2777 1752 genere
2824 1679 3110 1739 disserere,
3164 1686 3428 1745 quamque
3454 1670 3510 1723 in
3543 1666 3742 1722 eodem

500 1800 739 1857 Hebraeis
772 1799 952 1854 aﬂinia
993 1796 1244 1853 similiter
1274 1811 1337 1849 ac
1369 1793 1604 1864 genuina
1632 1790 1784 1845 Plato
1812 1785 2065 1850 senserit,
2105 1785 2503 1839 demonstrare.

1063 1887 1293 1943 CAPUT
1336 1887 1473 1940 VIII.

775 1984 851 2038 De
881 1998 1057 2037 rerum
1079 1980 1401 2050 spiritalium
1427 1976 1779 2047 physiologia.

570 2098 860 2153 Enimvero
897 2096 1178 2151 Platonem
1214 2095 1365 2148 illum
1388 2133 1402 2158 ,
1452 2106 1613 2161 quem
1650 2098 1930 2158 tantopere
1959 2102 2077 2141 om-

500 2206 597 2246 nes
622 2189 982 2253 admirantur,
1005 2188 1058 2241 in
1079 2188 1182 2241 hac
1210 2199 1429 2255 quoque
1458 2197 1640 2237 rerum
1671 2180 1995 2249 spiritalium
2023 2188 2077 2232 et

499 2285 944 2353 incorporearum
980 2280 1225 2336 doctrina
1262 2286 1316 2333 et
1349 2278 1560 2331 ratione
1586 2273 1931 2343 explicanda,
1962 2287 2071 2324 non

499 2377 664 2431 modo
715 2372 1179 2443 sapientissimum
1235 2367 1459 2433 Mosem,
1506 2381 1694 2420 verum
1735 2364 1901 2418 etiam
1936 2362 2072 2416 alios

500 2465 850 2521 Hebraeorum
898 2465 1212 2534 prophetas,
1243 2468 1493 2515 secutum
1521 2472 1665 2523 esse,
1691 2456 1777 2511 vel
1823 2470 1889 2509 ex
1940 2453 2073 2522 ipsis

499 2558 621 2627 ejus
655 2557 831 2611 verbis
884 2553 1173 2609 manifeste
1222 2559 1484 2606 constat:
1533 2549 1648 2604 sive
1693 2562 1815 2602 eam
1854 2544 1996 2599 fama
2024 2552 2077 2599 et

500 2650 780 2704 auditione
803 2646 1090 2716 acceperit,
1128 2660 1252 2699 cum
1277 2651 1485 2697 certum
1520 2641 1610 2704 sit,
1630 2638 1773 2707 apud
1792 2637 2076 2707 Egyptios

500 2751 633 2796 tunc
679 2739 941 2808 temporis
998 2738 1150 2791 illum
1184 2735 1432 2804 degisse,
1478 2747 1603 2785 cum
1642 2728 1853 2783 Hebrazi
1905 2725 2075 2795 patria

500 2832 739 2889 secundo
770 2831 909 2901 pulsi
938 2872 951 2896 ,
983 2828 1168 2883 Persis
1214 2825 1626 2882 dominantibus
1650 2864 1665 2889 ,
1727 2822 1782 2874 in
1838 2819 2074 2890 ngypto

500 2933 850 2978 versarentur
884 2940 896 2975 :
940 2922 1054 2976 sive
1080 2936 1175 2990 per
1208 2933 1331 2973 sese
1378 2916 1659 2986 propriam
1700 2929 1883 2968 rerum
1912 2924 2075 2965 natu-

502 3030 619 3069 ram
649 3014 901 3079 rimatus,
934 3011 1048 3066 sive
1088 3021 1420 3080 quocunque
1456 3005 1620 3059 modo
1652 3004 1705 3057 in
1730 3018 1849 3057 eam
1879 3000 2077 3055 divini-

502 3114 592 3159 tus
647 3103 1012 3173 cognitionem
1058 3101 1351 3169 perductus
1394 3098 1573 3152 fuerit.
1609 3114 1625 3146 ι
1662 3094 1801 3148 Deus
1853 3091 2019 3153 enim,
2049 3108 2066 3139 ι

2694 1865 3086 1923 ΚΕΦΑΛΑΙΟΝ
3112 1864 3195 1916 Η’.

2389 1964 2525 2033 Περὶ
2553 1960 2663 2030 τῆς
2693 1959 2811 2014 τῶν
2850 1956 3077 2025 νοητῶν
3122 1949 3524 2023 φυσιολογίας.

2250 2083 2325 2135 Οὐ
2359 2082 2464 2153 μὴν
2498 2077 2634 2133 ἀλλὰ
2660 2076 2754 2131 καὶ
2781 2076 2906 2146 περὶ
2928 2073 3025 2143 τῆς
3045 2070 3149 2123 τῶν
3173 2064 3371 2135 νοητῶν
3397 2063 3489 2116 καὶ
3514 2054 3746 2127 ἀσωμάυ

2179 2195 2284 2231 των
2311 2149 2644 2235 παιδεύσεως
2681 2170 2776 2223 καὶ
2802 2168 3031 2239 θεωρίας
3066 2162 3141 2233 τῷ
3166 2160 3417 2228 πανσόφῳ
3436 2153 3626 2209 Μωσεῖ
3649 2149 3746 2203 καὶ

2177 2272 2289 2332 τοῖς
2327 2265 2589 2337 Ἑϐραίων
2627 2263 2929 2335 προφήταις
2978 2258 3199 2312 Πλάτων
3246 2255 3274 2306 ὁ
3303 2250 3599 2321 θαυμάσιος
3646 2248 3749 2296 ex.

2176 2359 2558 2431 ηκολουθηκὼς
2582 2358 2669 2411 διὰ
2694 2355 2803 2409 τῶν
2829 2354 3040 2407 οἰκείων
3064 2345 3266 2419 φωνῶν⁹
3283 2347 3395 2397 ἐστι
3430 2342 3602 2413 δῆλος·
3649 2336 3748 2390 εἴτ’

2178 2455 2237 2521 ἐξ
2263 2456 2432 2524 ἀκοῆς
2463 2455 2543 2515 είς
2566 2450 2725 2504 αὑτὸν
2755 2446 2992 2518 ἡκούσης
3024 2440 3225 2514 μαθὼν,
3243 2438 3363 2490 ἐπεὶ
3383 2436 3475 2488 καὶ
3502 2432 3753 2485 συνίστα-

2178 2564 2267 2599 ται
2295 2545 2424 2616 παρ’
2450 2543 2765 2611 Αἰγυπτίοις
2788 2537 3039 2610 τηνικάδε
3079 2533 3174 2595 τὰς
3219 2527 3494 2600 διατριϐὰς
3518 2540 3754 2592 πεποιη-

2184 2638 2361 2708 μένος,
2386 2638 2506 2691 καθ’
2527 2637 2584 2690 ὃν
2630 2635 2890 2705 Ἐὗραῖοι,
2911 2632 3009 2701 τῆς
3032 2625 3231 2688 οἰκείας
3262 2623 3505 2692 δεύτερον
3533 2621 3750 2672 ἀποπε-

2182 2732 2364 2793 σόντες
2386 2733 2506 2801 γῆς,
2556 2726 2868 2796 Αἰγυπτίοις
2926 2715 3308 2790 ὲπεχωρίαζον,
3342 2710 3565 2783 Περσῶν
3624 2712 3753 2761 ὲπιο

2181 2823 2538 2897 κρατούντων·
2568 2822 2675 2874 εἴτε
2715 2819 2811 2873 καὶ
2839 2816 2966 2888 παρ’
3008 2812 3194 2868 ἑαυτοῦ
3248 2813 3313 2880 τῇ
3336 2807 3442 2861 τῶν
3483 2799 3751 2875 πραγμά-

2179 2935 2288 2970 των
2312 2913 2584 2969 ἐπιὸαλὼν
2644 2910 2819 2981 φύσει·
2853 2909 2961 2961 εἴτε
3007 2903 3249 2959 ὁπωσοῦν
3301 2899 3404 2953 ὑπὸ
3437 2895 3573 2948 Θεοῦ
3616 2910 3757 2945 κατ-

2180 3007 2429 3073 αξιωθεὶς
2450 3008 2547 3077 τῆς
2570 3002 2843 3073 γνώσεως.
2880 3020 2898 3051 ι
2935 3000 2993 3052 '0
3026 2996 3156 3059 Θεὸς
3184 2996 3340 3065 γάρ,›
3384 2989 3569 3060 φησὶν,
3605 3005 3625 3037 ι
3648 2984 3755 3037 αύ-

2180 3104 2290 3163 τοίς
2318 3099 2646 3169 ὲφανέρωσε.
2676 3095 2755 3148 Τὰ
2793 3095 2901 3165 γὰρ
2930 3093 3132 3163 ἀόρατα
3160 3086 3317 3142 αὑτοῦ
3359 3083 3467 3138 ἀπὸ
3518 3080 3756 3141 κτίσεως

502 3197 679 3265 inquit
704 3170 998 3264 Apostolus
1027 3194 1095 3259 ’9,
1136 3210 1155 3242 ι
1190 3192 1323 3262 ipsis
1351 3188 1738 3245 manifestavit.
1778 3184 2070 3238 lnvisibilia

2181 3193 2386 3261 κόσμου
2423 3194 2535 3252 τοῖς
2566 3189 2833 3258 ποιήμασι
2859 3184 3121 3255 νοούμενα
3154 3179 3467 3249 καθορᾶται,
3494 3174 3531 3244 ἦ
3565 3189 3626 3224 τε
3662 3170 3757 3225 αύ-

2241 3282 2264 3286 μ
2309 3284 2315 3286 Α
2340 3283 2374 3286 Α-
2499 3281 2517 3286 Α
2541 3280 2551 3286 .
2824 3278 2835 3286 ι
2913 3277 2932 3286 Α
3005 3276 3016 3286 ι
3209 3274 3219 3286 ι
3314 3270 3328 3286 \
3392 3264 3413 3286 τ
3455 3284 3495 3286 de
3557 3262 3754 3286 --_’__-.‘.‘

502 3290 648 3343 enim
684 3286 876 3356 ipsius,
922 3300 953 3339 a
991 3293 1240 3338 creatura
1289 3280 1477 3334 mundi
1511 3321 1525 3348 ,
1553 3294 1648 3348 per
1673 3293 1737 3333 ea
1763 3292 1884 3348 quae
1928 3274 2070 3329 facta

504 3388 653 3441 sunt,
712 3377 985 3432 intellecta
1039 3376 1487 3445 conspiciuntur,
1547 3373 1664 3442 ipsa
1706 3386 1925 3441 quoque
1953 3371 2072 3440 ejus

504 3470 831 3541 sempiterna
860 3470 1035 3523 virtus
1062 3478 1223 3537 atque
1254 3466 1532 3531 divinitas,
1567 3475 1625 3518 ut
1657 3464 1766 3519 sint
1788 3464 2075 3517 inexcusa-

503 3561 662 3619 liiles.
703 3579 720 3611 ι
746 3559 825 3614 Tu
853 3575 981 3614 vero
998 3559 1154 3614 facile
1178 3559 1341 3629 hujus
1359 3559 1436 3613 rei
1455 3558 1735 3612 veritatem
1754 3571 1820 3610 ex
1843 3570 2075 3625 sequen-

506 3657 650 3711 tibus
681 3652 970 3724 intelligas.

1131 3743 1360 3800 CAPUT
1399 3744 1494 3799 IX.

696 3839 773 3893 De
802 3850 935 3905 ante,
970 3838 1052 3892 Ea:
1079 3836 1243 3891 Mosis
1277 3836 1618 3905 Platonisque
1635 3834 1896 3889 doctrina.

575 3932 855 4002 Ejusmodi
891 3931 1174 3988 oraculum
1229 3928 1406 3983 Moses
1440 3928 1613 3983 sacris
1654 3927 1711 3981 in
1760 3927 1954 3980 litteris
2008 3940 2074 3978 ex

502 4041 732 4095 persona
760 4024 854 4079 Dei
888 4023 1242 4093 pronuntiat‘
1288 4040 1301 4075 ;
1341 4039 1359 4071 ‹
1398 4020 1510 4091 Ego
1541 4035 1661 4075 sum
1689 4021 1779 4090 qui
1816 4034 1958 4074 sum.
1984 4018 2075 4073 Sic

502 4119 651 4172 dices
682 4117 805 4171 ﬁliis
832 4114 993 4170 Israel
1028 4113 1165 4179 :Qui
1189 4121 1296 4175 est,
1321 4112 1469 4167 misit
1490 4111 1558 4165 ad
1581 4127 1669 4166 me
1702 4127 1818 4166 vos.
1846 4129 1864 4162 ι
1895 4110 2073 4179 Atque

504 4211 580 4264 ita
602 4209 772 4263 Deum
801 4223 968 4262 unum
986 4223 1054 4262 ex
1072 4206 1326 4260 omnibus
1354 4217 1476 4259 vere
1505 4219 1648 4265 esse,
1684 4218 1747 4258 ac
1779 4218 1952 4273 genus
1973 4204 2073 4257 hoc

503 4302 743 4355 nominis
772 4301 827 4353 in
864 4313 988 4353 eum
1025 4296 1241 4367 proprie
1278 4296 1455 4350 solum
1484 4302 1715 4363 apteque
1756 4293 2069 4355 conVcnire,

502 4394 759 4449 declarat.
819 4389 1081 4444 Similiter
1108 4389 1175 4442 de
1198 4402 1380 4441 rerum
1416 4402 1537 4457 quae
1567 4403 1729 4441 sensu
1762 4386 2075 4456 percipiun-

505 4493 616 4549 tur,
645 4466 872 4554 quaeque
900 4497 1129 4552 corpore
1187 4480 1424 4549 praedita:
1457 4488 1603 4541 sunt,
1638 4487 1760 4533 ortu
1798 4478 1960 4532 simul
1990 4484 2073 4531 at-

2173 3282 2267 3335 τοῦ
2297 3283 2465 3345 ἀΐδιος
2494 3280 2721 3351 δύναμις
2753 3278 2847 3331 καὶ
2909 3276 3138 3345 θειότης,
3176 3274 3252 3335 εἰς
3280 3270 3340 3323 τὸ
3366 3264 3501 3321 εἶναι
3550 3262 3754 3325 αὐτοὺς

2174 3374 2631 3444 ἀναπολογήτους.
2648 3392 2665 3424 ι
2696 3370 2905 3433 Μάθοις
2931 3369 2974 3422 δ’
3001 3366 3067 3420 ἂν
3094 3366 3155 3419 τὸ
3178 3362 3461 3436 εἰρημένον
3510 3352 3617 3412 ὧδέ
3670 3372 3749 3425 πη

2173 3465 2647 3535 διασκοπούμενος.

2716 3735 3105 3793 ΚΕΦΛΛΑΙΟΝ
3142 3733 3216 3787 Θ.

2334 3832 2474 3901 Περὶ
2504 3830 2607 3885 τοῦ
2636 3830 2829 3895 ὄντος,
2855 3827 3111 3893 Μωσέως
3124 3827 3221 3879 καὶ
3246 3823 3584 3887 Πλάτωνος.

2246 3925 2489 3987 Μωσέως
2534 3926 2589 3975 ὲν
2617 3924 2736 3984 ταῖς
2764 3920 3129 3992 ἱεροφαντίαις
3177 3917 3419 3989 χρησμὸν
3466 3916 3529 3967 ὲκ
3572 3925 3751 3983 προσ-

2178 4017 2328 4070 ώπου
2359 4014 2451 4068 τοῦ
2493 4014 2625 4067 Θεοῦ
2654 4014 2940 4083 φήσαντος
2973 4028 2991 4060 ι
3035 4007 3175 4076 Ἐγώ
3226 4010 3338 4076 είμι
3372 4006 3399 4057 ὁ
3426 4004 3519 4057 ὢν.
3557 4002 3750 4065 Οὖτως

2177 4110 2319 4178 ἐρεῖς
2350 4108 2462 4169 τοῖς
2482 4107 2615 4167 υἱοῖς
2658 4102 2895 4173 Ἰσραήλ·
2951 4102 3008 4153 '0
3051 4099 3124 4152 ῶν
3152 4097 3459 4152 ἀπέσταλκε
3505 4112 3573 4167 με
3608 4094 3749 4165 πρὸς

2177 4202 2373 4271 ὑμᾶς’»
2411 4196 2787 4268 παραθεμένου
2815 4194 2871 4247 δὲ
2891 4195 2985 4247 καὶ
3011 4193 3101 4245 τὸν
3139 4191 3269 4245 Θεὸν
3302 4189 3459 4261 μόνον
3486 4190 3749 4260 ἄντικρυς

2176 4295 2324 4358 ὄντα,
2351 4291 2441 4345 καὶ
2474 4289 2633 4361 τῆσδε
2667 4288 2869 4358 κυρίως
2916 4286 3009 4339 καὶ
3034 4284 3304 4355 ἁρμοδίως
3325 4282 3623 4354 ἠξιωμένον
3648 4280 3752 4351 τῆς

2177 4385 2416 4456 κλήσεως
2472 4379 2912 4450 ἀποφηναμένου’
2966 4377 3123 4431 πάλιν
3158 4393 3215 4428 τε
3274 4371 3339 4428 αὗ
3402 4372 3750 4444 Σολομῶντος

2175 4479 2304 4551 περὶ
2330 4479 2427 4549 τῆς
2450 4475 2556 4529 τῶν
2601 4471 2871 4544 αἰσθητῶν
2910 4470 3001 4525 καὶ
3032 4467 3357 4539 σωματικῶν
3380 4465 3646 4536 γενέσεώς
3686 4480 3751 4515 τε

503 4592 611 4646 que
648 4576 865 4629 interitu
895 4573 1153 4627 Salomon
1187 4573 1259 4627 ita
1296 4572 1538 4640 loquitur
1568 4571 1587 4600 ¹
1626 4589 1638 4624 :
1678 4569 1841 4641 524
1875 4589 1891 4620 ι
1930 4567 2072 4634 Quid

2179 4571 2271 4625 καὶ
2296 4569 2497 4640 φθορᾶς
2522 4565 2848 4626 ἀνειπόντος*
2883 4581 2901 4612 ι
2931 4561 2995 4613 Τί
3016 4560 3075 4612 τὸ
3108 4559 3355 4628 γεγονόςς
3381 4559 3512 4613 αὐτὸ
3552 4554 3615 4608 τὸ
3650 4570 3749 4622 γε-

500 4676 606 4732 est,
632 4667 777 4737 quod
808 4665 909 4720 fuit
940 4666 962 4717 ?
989 4665 1168 4735 ipsum
1201 4664 1346 4734 quod
1369 4662 1617 4716 futurum
1654 4672 1755 4717 est.
1796 4661 1944 4715 Nihil
1971 4662 2072 4717 sub

505 4760 621 4815 sole
652 4775 873 4813 novum.
906 4757 1017 4812 Nec
1064 4758 1204 4811 valet
1233 4758 1522 4827 quisquam
1554 4757 1733 4811 dicere
1766 4772 1780 4809 :
1808 4755 1945 4810 Ecce
1972 4756 2074 4809 hoc

504 4865 695 4905 recens
714 4859 829 4904 est:
858 4848 969 4918 jam
1002 4848 1144 4903 enim
1169 4849 1447 4918 praecessit
1482 4849 1535 4901 in
1565 4847 1935 4915 szeculis,quae
1956 4843 2072 4899 fue-

503 4950 635 4995 runt
660 4950 783 4995 ante
814 4957 935 4996 nos.
971 4958 987 4991 ι
1018 4939 1181 4994 Iidem
1212 4940 1371 4994 nobis
1394 4947 1791 5007 consequenter
1830 4937 1881 4990 id
1909 4952 2072 4991 omne

506 5032 652 5102 quod
679 5041 780 5095 est,
812 5032 865 5084 in
899 5032 1005 5085 duo
1036 5046 1231 5101 genera
1285 5029 1619 5098 partiuntur,
1653 5029 1911 5097 spiritale,
1942 5043 2069 5081 sen-

506 5140 680 5193 suque
718 5135 1082 5192 perceptum:
1138 5130 1191 5175 et
1238 5122 1501 5189 spiritalia
1559 5120 1777 5190 quidem
1839 5135 2067 5189 corpore

506 5216 698 5279 libera,
729 5215 819 5269 sed
847 5230 875 5267 a
900 5224 1092 5267 natura
1123 5228 1245 5266 cum
1280 5213 1540 5267 instructa
1575 5214 1802 5278 ratione,
1838 5222 1951 5265 tum
1984 5213 2067 5265 in-

507 5308 699 5362 teritus
719 5320 782 5359 ac
809 5306 998 5359 mortis
1021 5305 1256 5374 expertia
1291 5320 1409 5358 esse
1432 5313 1678 5359 statuunt
1702 5324 1714 5370 ;
1735 5315 1921 5360 contra
1940 5320 2068 5358 vero

507 5398 758 5455 sensibus
803 5396 979 5459 obvia,
1019 5396 1072 5449 in
1119 5395 1266 5448 ﬂuxu
1307 5405 1360 5449 et
1385 5398 1734 5466 corruptione
1759 5439 1772 5462 ,
1816 5408 1981 5465 atque
2011 5397 2063 5449 in

507 5490 726 5545 assidua
756 5497 963 5542 natura:
994 5503 1106 5542 sua:
1144 5488 1442 5543 mutatione
1476 5492 1703 5544 versari.
1744 5489 1812 5542 At
1848 5490 2065 5544 univer-

508 5582 586 5637 sis
614 5596 781 5635 unum
810 5581 875 5634 ad
897 5579 1221 5649 principium
1255 5590 1524 5651 caputque
1574 5580 1860 5636 revocatis.
1896 5597 2063 5634 unum

2180 4658 2496 4729 νησὸμενον·
2554 4656 2645 4709 καὶ
2694 4656 2792 4708 οὐκ
2841 4652 2956 4705 ἔστι
3009 4654 3116 4706 πᾶν
3178 4651 3485 4722 πρόσφατον
3518 4650 3626 4703 ὑπὸ
3654 4648 3751 4702 τὸν

2175 4750 2342 4820 ἥλιον.
2373 4749 2466 4808 Ὃς
2492 4745 2709 4814 λαλήσει
2735 4741 2826 4794 καὶ
2856 4742 2987 4812 ipsi‘
3016 4740 3141 4804 Ἴδε,
3174 4741 3329 4793 τοῦτο
3361 4741 3546 4795 καινόν
3568 4743 3742 4796 ἐστιν·

2174 4841 2273 4912 ἤδη
2305 4840 2521 4908 γέγονεν
2555 4838 2612 4888 ὲν
2640 4837 2751 4897 τοῖς
2793 4833 2953 4885 αἰῶσι
2994 4835 3104 4895 τοῖς
3149 4833 3463 4903 γενομένοις
3489 4831 3601 4887 ἀπὺ
3637 4832 3745 4904 εμ-

2174 4931 2406 5004 προσθεν
2428 4927 2635 5000 ἡμῶνυι
2666 4924 2869 4977 τούτων
2895 4922 2951 4973 δὲ
2986 4922 3075 4974 καὶ
3124 4924 3252 4993 ἡμῖν
3301 4921 3609 4985 ἀκολούθως
3661 4923 3748 4985 είς

2173 5024 2265 5077 δύο
2290 5024 2349 5077 τὸ
2380 5023 2485 5075 πᾶν
2512 5016 2878 5089 διαιρούντων,
2905 5015 2981 5078 εἴς
3015 5032 3072 5065 τε
3098 5014 3285 5085 νοητὸν
3339 5016 3435 5068 καὶ
3460 5015 3745 5086 αἰσθητόν·

2177 5118 2269 5171 καὶ
2301 5114 2359 5167 τὸ
2391 5115 2486 5183 μὲν
2529 5113 2712 5181 νοητδν
2744 5107 3029 5177 ἀσώματον
3067 5107 3159 5158 καὶ
3184 5106 3395 5174 λογικὸν
3424 5107 3521 5177 τὴν
3556 5106 3745 5177 φύσιν,

2175 5204 2445 5275 ἄφθαρτον
2491 5218 2549 5253 τε
2610 5200 2701 5251 καὶ
2750 5197 3011 5249 ἀθάνατον
3044 5191 3550 5266 είναιὸριζομένωνο
3588 5197 3650 5249 τὸ
3698 5196 3748 5249 δ’

2177 5297 2427 5367 αἰσθητὸν
2457 5292 2688 5363 ἐνρύσει
2712 5292 2804 5344 καὶ
2838 5289 3031 5360 φθορᾷ,
3066 5288 3328 5359 μεταϐολῇ
3352 5306 3411 5341 τε
3439 5291 3533 5342 καὶ
3560 5292 3746 5361 τροπῇ

2175 5396 2273 5463 τῆς
2304 5389 2488 5451 οὐσίας
2512 5386 2791 5456 ὑπάρχειν·
2827 5383 3040 5434 πάντων
3063 5381 3105 5433 δ’
3131 5380 3224 5434 ἐπὶ
3251 5382 3378 5451 μίαν
3408 5381 3583 5452 ἀρχὴν
3614 5384 3747 5435 ἀνα-

2176 5479 2667 5551 κεφαλαιουμένων,
2695 5477 2750 5528 ἓν
2779 5492 2837 5527 τε
2859 5468 2994 5525 εἶναι
3019 5471 3299 5541 ἀγένητον,
3328 5473 3421 5525 καὶ
3450 5473 3509 5525 τὸ
3530 5474 3743 5543 κυρίως

2176 5577 2267 5629 καὶ
2290 5572 2499 5644 ἀληθῶς
2531 5571 2588 5625 ὃν
2612 5565 3057 5640 δογματιζώιτων,
3090 5563 3149 5616 τὸ
3181 5564 3395 5619 πάντων
3427 5564 3741 5634 ἀσωμάτων

578 5694 622 5725 θ’
664 5691 819 5745 Rom.
863 5707 901 5755 ι,
936 5690 1028 5744 20.
1106 5692 1123 5721 ¹
1166 5691 1335 5750 Exod».
1378 5710 1460 5763 ιιι,
1504 5694 1589 5748 Μ.
1668 5696 1688 5725 ²
1730 5675 1906 5750 Ecclc.
1955 5678 1994 5758 ι,
2026 5689 2199 5760 9,10.

580 5818 608 5848 ι
647 5804 807 5860 Forte
844 5806 1169 5881 μεμνῆσθαι.
