4042 6384
229 305 338 360 869
1376 298 1696 354 ΡΒᾸΞΡΑΒ.
1738 298 1986 355 EVANG.
2031 299 2156 355 LIB.
2195 299 2285 355 XI.
3339 300 3444 357 870

222 439 290 478 τε
311 424 408 477 καὶ
443 421 697 492 σωμάτων
723 420 908 472 αἴτιον·
932 418 1027 471 Θὲα
1050 418 1171 470 τίνα
1194 415 1390 487 τρόπον
1412 415 1473 468 οὑ
1503 415 1660 486 μόνον
1683 415 1780 486 τὴν

1891 432 2008 471 esse
2031 417 2296 472 duntaxat
2343 416 2487 486 quod
2519 431 2694 486 neque
2725 423 2903 472 ortum
2932 416 3204 484 habuerit,
3233 427 3288 473 et
3314 432 3443 488 pro-

224 517 492 576 διὰνοιαν,
522 513 650 567 ἀλλὰ
683 513 772 565 καὶ
803 510 900 573 τὰς
927 510 1096 574 λέξεις
1118 510 1305 573 αὑτὰς,
1339 509 1432 562 καὶ
1463 507 1532 561 τὰ
1557 508 1781 579 ῥήματα

1891 507 1998 576 prie
2027 507 2202 562 solum
2236 521 2470 575 vereque
2511 505 2602 571 sit,
2632 507 2882 576 idemque
2911 506 3156 560 omnium
3184 506 3432 570 omnino,

226 609 332 679 τῆς
374 606 630 677 Ἑϐραίων
675 605 886 674 γραφῆς
920 602 1227 672 παραξέσας
1277 603 1305 653 6
1353 599 1598 666 Πλάτων,
1647 599 1784 663 ἐξοι-

230 697 478 751 κειοῦται
506 696 565 748 τὸ
590 695 781 765 δόγμα,
828 693 1151 764 πλατύτερον
1207 687 1310 747 ὧδέ
1357 711 1430 764 πη
1481 690 1780 760 διασαφῶνο

238 810 259 842 ι
279 791 350 843 Τί
370 791 428 842 τὸ
451 789 508 842 ὃν
540 788 646 860 (54)
675 789 778 851 ἀεὶ,
837 787 1042 855 γένεσιν
1075 787 1129 840 δὲ
1153 788 1252 838 οὐκ
1299 786 1451 856 ἕχονς
1501 786 1612 838 Καὶ
1643 786 1694 837 τί
1723 783 1784 836 τὺ

235 879 516 948 γινόμενον
545 877 638 947 μὲν
664 878 750 929 ἀεὶ
804 877 933 946 (55),
967 876 1023 930 ὃν
1050 876 1105 928 δὲ
1137 875 1422 940 οὐδέποτε;
1461 876 1534 928 Τὸ
1576 876 1673 945 μὲν
1698 875 1782 946 δὴ,

237 971 416 1039 νοήσει
457 968 586 1038 μετὰ
625 967 779 1035 λόγου
834 967 1179 1038 περιληπτὸν,
1222 968 1308 1020 ἀεὶ
1357 967 1497 1020 κατὰ
1547 966 1614 1018 τὰ
1646 967 1786 1020 αὐτὰ

235 1061 296 1111 ὃν
323 1060 452 1127 (56)
478 1060 538 1111 τὸ
561 1059 634 1122 δὲ,
668 1058 912 1128 αἰσθήσει
966 1058 1142 1128 ἀλόγῳ
1189 1055 1465 1122 δοξαστὸν,
1505 1058 1786 1127 γινόμενον

239 1153 330 1204 καὶ
374 1151 753 1220 ἀπολλύμενον,
808 1149 971 1213 ὅντως
1025 1150 1080 1202 δὲ
1117 1150 1368 1205 οὐδέποτε
1406 1151 1518 1203 όν.)
1566 1145 1691 1221 'Ap‘
1725 1149 1785 1201 οὐ

241 1243 424 1311 σαφῶς
449 1242 676 1312 πέφηνεν
699 1243 726 1293 6
755 1241 1048 1312 θαυμάσιος
1074 1242 1133 1295 τὸ
1170 1242 1266 1312 μὲν
1289 1241 1437 1313 παρὰ
1479 1243 1667 1295 Μωσεῖ
1694 1243 1789 1310 φῆ·

240 1354 335 1389 σαν
361 1335 534 1402 λόγιον
554 1352 565 1363 ·
600 1354 616 1383 ι
657 1328 793 1401 Ἐγώ
814 1334 926 1404 ειμι
954 1334 982 1385 6
1013 1331 1139 1396 ὢν,ι
1195 1334 1562 1403 μεταποιήσας
1599 1331 1666 1386 δι’
1693 1333 1789 1384 αὐ-

238 1426 349 1477 τοῦ·
381 1445 399 1475 ι
427 1424 489 1476 Τί
513 1423 570 1476 τὸ
593 1421 650 1476 ὃν
670 1422 772 1485 ἀεὶ,
795 1421 1001 1490 γένεσιν
1025 1421 1082 1474 δὲ
1131 1421 1228 1474 οὐκ
1249 1412 1402 1491 ἔχον;
1445 1441 1462 1473 ι
1507 1422 1616 1474 Καὶ
1636 1421 1790 1475 τοῦτό

241 1533 302 1585 γε
331 1514 641 1584 λευκότερον
661 1512 995 1580 διασαφήσας
1049 1511 1160 1581 (57)
1193 1514 1251 1565 ἐν
1275 1511 1353 1583 τῷ
1381 1514 1564 1582 φάναι,
1621 1531 1640 1563 ε
1668 1513 1788 1583 μηδ’

241 1606 362 1658 ἄλλο
403 1599 536 1655 εἶναι
557 1602 615 1654 τὸ
637 1601 693 1654 ὃν
717 1601 748 1670 ἢ
779 1600 837 1653 τὸ
861 1601 919 1653 οὐ
951 1601 1148 1672 σαρκὸς
1173 1602 1470 1672 ὀφθαλμοῖς
1491 1602 1787 1673 ὁρώμενον,

1883 613 1979 653 seu
2029 613 2257 668 corpore
2305 610 2559 665 careant,
2587 617 2680 655 seu
2716 616 2840 655 cum
2874 614 2940 654 eo
2965 599 3256 668 conjuncta
3310 600 3445 664 sint,
3534 663 3544 672 _

1884 705 2109 744 causam
2144 697 2307 761 atque
2334 694 2664 763 principium
2694 708 2815 748 esse
2837 692 3156 746 decernunt.
3183 689 3302 746 Iam
3326 694 3450 748 vide

1884 792 1940 836 tu
1967 783 2119 849 mihi,
2151 799 2260 853 quo
2293 795 2452 854 pacto
2480 801 2546 840 ex
2580 785 2926 840 Hebraeorum
2956 785 3151 840 litteris
3176 800 3283 839 non
3314 800 3442 840 sen-

1886 875 2054 928 tentia
2085 875 2267 942 modo,
2294 877 2386 931 sed
2423 878 2554 946 ipsis
2585 877 2749 932 etiam
2796 877 3020 952 vocjhus
3045 877 3330 946 verbisque
3357 877 3453 932 de—

1886 965 2047 1028 rasis,
2077 965 2181 1020 hoc
2209 967 2313 1022 sibi
2342 968 2494 1022 Plato
2519 968 2713 1038 dogma
2739 968 2999 1034 vindicet,
3034 969 3255 1023 uberius
3289 968 3450 1037 paulo

1885 1071 2000 1109 rem
2037 1056 2110 1110 ita
2143 1056 2465 1112 declarans:
2507 1077 2524 1108 ι
2567 1057 2708 1123 Quid
2739 1059 2873 1111 illud
2921 1067 3025 1122 est,
3063 1057 3206 1127 quod
3236 1072 3452 1128 semper

1886 1156 1987 1212 est,
2021 1162 2120 1201 nec
2145 1157 2324 1202 tamen
2356 1157 2534 1204 ortum
2568 1151 2738 1203 ullum
2759 1150 2917 1206 habet
2946 1151 2968 1202 ‘l
2997 1148 3136 1215 Quid
3162 1150 3293 1204 illud
3317 1164 3454 1204 con—

1890 1245 1992 1302 tra,
2023 1238 2167 1306 quod
2194 1253 2405 1308 semper
2432 1239 2675 1294 nascitur
2697 1281 2711 1306 ,
2740 1250 2793 1294 et
2823 1255 3103 1310 nunquam
3127 1239 3254 1296 est?
3291 1239 3450 1295 Prius

1889 1330 2020 1383 illud
2051 1330 2291 1398 quidem,
2327 1331 2472 1399 quod
2518 1345 2731 1401 semper
2763 1343 2925 1401 atque
2955 1333 3141 1387 eodem
3169 1333 3328 1387 modo
3369 1343 3453 1388 est

1888 1421 1956 1476 ab
1999 1423 2111 1476 sola
2145 1421 2496 1492 intelligentia
2541 1437 2664 1476 cum
2700 1424 2911 1480 ratione
2938 1424 3255 1494 percipitur.
3302 1424 3450 1480 Alte-

1892 1528 2012 1565 rum
2065 1513 2189 1578 hoc,
2221 1513 2366 1581 quod
2391 1512 2566 1566 oritur
2613 1513 2776 1567 simul
2807 1523 2860 1569 et
2886 1516 3106 1583 occidit,
3139 1531 3314 1585 neque
3349 1533 3454 1570 un-

1891 1618 2053 1672 quam
2086 1616 2212 1656 vcre
2254 1611 2355 1666 est,
2408 1601 2462 1655 in
2522 1617 2585 1656 ea
2615 1602 2899 1668 duntaxat,
2942 1619 3104 1673 quam
3153 1620 3346 1659 sensus
3383 1606 3455 1659 ab

241 1695 313 1766 νῷ
339 1695 393 1746 δὲ
425 1691 1009 1761 καταλαμϐανόμενον.)
1052 1691 1357 1762 Ἐρωτήσας
1383 1690 1533 1760 γοῦν,
1575 1711 1593 1743 t
1638 1692 1703 1746 Τί
1731 1694 1790 1746 τὸ

1893 1695 2041 1748 omni
2088 1694 2298 1749 ratione
2347 1709 2549 1748 vacuus
2607 1693 2802 1762 eilicit,
2839 1697 3094 1767 opinione
3125 1705 3385 1752 versatur.
3428 1717 3448 1750 ι

241 1763 319 1848 ὂν,
345 1804 364 1837 ι
403 1785 562 1845 αὐτὸς
595 1781 764 1852 ἑαυτῷ
789 1782 1160 1852 ἀποκρίνεται,
1191 1782 1383 1850 λέγων·
1418 1801 1436 1834 ι
1459 1783 1532 1835 Τὸ
1584 1783 1680 1854 μὲν
1727 1784 1790 1855 δὴ

1894 1783 2033 1851 Quid
2055 1787 2078 1839 ?
2099 1786 2293 1839 Annon
2317 1785 2446 1839 illud
2485 1785 2647 1841 Mosis
2673 1763 2951 1841 oraculum
2982 1805 2995 1841 :
3029 1807 3047 1839 ι
3069 1788 3178 1858 Ego
3207 1804 3326 1843 sum
3354 1787 3448 1859 qui

241 1879 415 1947 νοήσει
435 1874 730 1946 μετάλόγου
749 1872 1072 1944 περιληπτὸν
1087 1874 1165 1928 ὃν.
1195 1895 1214 1927 ι
1235 1875 1308 1928 Τὸ
1327 1876 1385 1929 δὲ
1407 1876 1794 1948 Σολομώντειον

242 1974 434 2040 φῆσαν,
463 1986 481 2018 ι
513 1968 576 2019 Τί
605 1967 666 2019 τὸ
713 1967 1121 2036 γεγονός;Αὐτὸ
1165 1964 1226 2019 τὸ
1274 1965 1651 2037 γενησόμενον
1703 1968 1797 2021 καὶ

243 2061 294 2112 τί
350 2058 410 2111 τὸ
486 2057 880 2129 πεποιημένον;
939 2059 1079 2112 Αὐτὸ
1100 2059 1158 2112 τὸ
1181 2060 1660 2131 ποιηθησόμενονσι
1694 2062 1792 2115 αὐ-

240 2150 348 2209 τοῖς
377 2149 560 2218 σχεδὸν
586 2151 789 2220 ῥήμασι
839 2150 1232 2222 διερμηνεύσας
1285 2151 1440 2223 δῆλος
1467 2153 1533 2207 ἂν
1577 2154 1683 2224 εἴη,
1716 2154 1796 2206 λέ-

242 2255 367 2304 γων·
399 2257 417 2287 ι
437 2239 506 2291 Τὸ
532 2239 626 2309 μὲν
653 2251 700 2303 α,
734 2238 979 2310 αἰσθήσει
1015 2239 1194 2309 ἀλόγῳ
1214 2240 1484 2308 δοξαστὸν,
1516 2243 1794 2314 γινόμενον

240 2331 329 2382 καὶ
355 2329 732 2402 ἀπολλύμενον,
783 2331 948 2393 ὅντως
998 2331 1054 2384 δὲ
1095 2333 1348 2385 οὐδέποτε
1392 2333 1504 2387 ὃν.»
1566 2332 1659 2398 Οἷς
1702 2336 1794 2389 καὶ

241 2420 505 2491 ἐπιφέρειο
540 2439 556 2471 ι
583 2421 660 2473 Τὰ
685 2421 901 2474 τοιαῦτα
927 2423 1034 2492 (58)
1058 2424 1165 2494 γὰρ
1209 2427 1384 2478 πάντα
1409 2426 1549 2496 μέρη
1581 2428 1791 2498 χρόνου,

242 2514 299 2566 τὸ
323 2512 418 2582 ἦν,
443 2513 531 2567 καὶ
563 2516 744 2568 ἔσται’
780 2515 814 2569 ἃ
846 2515 908 2586 δὴ
937 2516 1191 2587 φέροντες
1212 2517 1542 2590 λανθάνομεν
1576 2521 1668 2574 ἐπὶ
1696 2521 1794 2592 τὴν

242 2607 403 2659 άῖδιον
434 2607 631 2671 οὐσίαν,
674 2609 769 2661 οὐκ
813 2608 1004 2680 ὀρθῶς.
1051 2610 1292 2680 Λέγομεν
1323 2610 1430 2682 γὰρ
1482 2612 1573 2682 δὴ,
1596 2611 1670 2674 ὼς
1691 2609 1790 2682 ἦν,

239 2699 368 2751 ἐστι
399 2716 456 2752 τε
507 2700 596 2752 καὶ
636 2700 820 2753 ἔσται’
851 2703 917 2770 τῇ
959 2699 1015 2752 δὲ
1073 2702 1133 2754 τὸ
1173 2703 1301 2755 ἔστι
1327 2703 1484 2772 μόνον
1516 2703 1653 2757 κατὰ
1705 2704 1793 2756 τὸν

242 2789 410 2861 ἀληθῆ
441 2790 590 2858 λόγον
621 2792 899 2862 προσήκει.
927 2792 999 2845 Τὸ
1026 2791 1081 2845 δὲ
1107 2792 1203 2862 ἦν,
1235 2794 1328 2847 καὶ
1360 2794 1420 2847 τὸ
1449 2794 1641 2859 ἔσται,
1666 2795 1793 2865 περὶ

245 2881 336 2951 τὴν
363 2883 416 2933 ὲν
435 2883 604 2953 χρόνῳ
633 2882 840 2950 γένεσιν
894 2880 1057 2937 οὖσαν
1103 2885 1208 2956 (59)
1275 2887 1472 2957 πρέπει
1517 2886 1790 2957 λέγεσθαιο

246 2977 473 3043 κινήσεις
499 2974 602 3044 γάρ
627 2976 799 3027 ἐστον.
851 2976 922 3028 Τὸ
943 2976 998 3029 δὲ
1046 2979 1132 3030 ἀεὶ
1183 2978 1325 3032 κατὰ
1370 2979 1437 3032 τὰ
1481 2981 1618 3034 αὐτὰ
1672 2982 1793 3052 ἕχον

1894 1893 2036 1942 sum,
2067 1897 2085 1929 ι
2119 1877 2368 1948 egregius
2396 1876 2548 1932 Plato
2576 1877 2859 1933 manifeste
2920 1887 3283 1948 reprzesentat,
3323 1880 3452 1934 dum

1894 1968 2010 2022 suis
2063 1967 2240 2036 ipsum
2271 1968 2344 2022 ita
2377 1969 2556 2024 verbis
2606 1969 2861 2038 exprimit
2896 1984 2914 2024 :
2951 1987 2969 2021 ι
3003 1967 3141 2035 Quid
3173 1969 3301 2024 illud
3349 1978 3452 2033 est,

1894 2059 2037 2128 quod
2055 2075 2267 2129 semper
2289 2069 2392 2127 est,
2422 2077 2521 2114 nec
2552 2071 2728 2116 tamen
2754 2075 2932 2116 ortum
2971 2062 3138 2116 ullum
3174 2063 3332 2117 habet
3361 2064 3384 2116 ?
3415 2081 3436 2115 ι

1893 2149 2048 2215 Quod
2080 2152 2241 2205 etiam
2278 2151 2561 2206 candidius
2593 2161 2647 2206 et
2674 2154 2912 2222 apertius
2946 2154 3261 2214 illustravit,
3317 2154 3448 2207 dum

1895 2239 1987 2304 ait,
2009 2239 2155 2294 aliud
2189 2241 2332 2310 quod
2365 2242 2455 2308 sit,
2488 2256 2607 2296 esse
2638 2243 2792 2307 nihil,
2819 2243 2921 2296 nisi
2943 2243 3088 2312 quod
3115 2259 3221 2297 non
3257 2257 3455 2312 corpo-

1893 2333 1970 2385 ris
2003 2332 2175 2387 oculis
2234 2334 2500 2400 videatur,
2537 2335 2630 2388 sed
2661 2345 2840 2389 mente
2874 2336 2987 2390 sola
3021 2336 3284 2405 capiatur.
3317 2333 3453 2389 Nam

1893 2425 1982 2478 ιήιὶ
2013 2427 2280 2495 quaesivit,
2314 2428 2441 2498 quid
2471 2429 2542 2480 sit
2576 2428 2727 2489 illud,
2760 2428 2904 2498 quod
2951 2437 3033 2482 est
3062 2446 3075 2494 ;
3107 2428 3181 2482 ita
3223 2443 3448 2496 respon-

1895 2515 1987 2570 det
2019 2517 2132 2585 ipse
2162 2517 2262 2571 sibi
2303 2535 2316 2569 :
2347 2537 2364 2568 ι
2398 2516 2663 2571 Nimirum
2687 2519 2842 2579 illud,
2870 2519 3011 2585 quod
3043 2516 3111 2570 ab
3147 2518 3259 2571 sola
3296 2517 3456 2572 intel-

1893 2607 2110 2676 ligentia
2141 2608 2455 2676 percipitur.
2498 2627 2516 2660 ι
2553 2606 2838 2671 Similiter,
2891 2609 3118 2662 alterum
3151 2607 3254 2662 hoc
3301 2608 3458 2662 Salo-

1894 2698 2074 2752 monis
2114 2717 2126 2751 :
2171 2697 2344 2764 «Quid
2376 2708 2459 2754 est
2489 2701 2634 2768 quod
2663 2699 2808 2753 iuit?
2835 2699 3011 2768 ipsum
3043 2700 3185 2769 quod
3216 2699 3456 2754 futurum

1892 2801 1994 2846 est.
2029 2791 2167 2858 Quid
2191 2801 2274 2846 est
2309 2793 2452 2861 quod
2483 2792 2686 2846 factum
2710 2803 2792 2845 est
2819 2791 2841 2842 ?
2879 2792 3052 2860 ipsum
3076 2792 3219 2860 quod
3254 2791 3457 2846 facien-

1893 2889 2022 2944 dum
2060 2899 2162 2957 est,
2205 2909 2223 2942 ι
2263 2890 2442 2944 verbis
2467 2905 2601 2959 pene
2631 2889 2853 2943 totidem
2886 2889 3292 2958 interpretatur,
3323 2890 3451 2943 dum

1895 2983 1970 3036 ait
1997 3001 2010 3036 :
2050 3001 2069 3033 ι
2109 2983 2165 3036 ld
2201 2991 2402 3046 autem,
2424 2981 2564 3052 quod
2595 2981 2769 3036 oritur
2786 2980 2946 3034 simul
2965 2991 3018 3034 et
3037 2981 3255 3047 occidit,
3279 2995 3456 3050 neque

247 3067 499 3136 ἀκινήτως
529 3065 648 3118 οὔτε
671 3067 1037 3139 πρεσϐύτερον
1082 3069 1204 3123 οὔτε
1229 3070 1490 3143 νεώτερον
1530 3075 1790 3145 προσήκει

1896 3090 2134 3144 unquam
2161 3089 2286 3128 vere
2317 3082 2418 3139 est,
2454 3074 2507 3127 in
2540 3089 2601 3126 ea
2632 3073 2918 3137 duntaxat,
2946 3087 3110 3140 quam
3147 3086 3341 3125 sensus
3383 3071 3454 3125 ab

249 3159 473 3226 γίνεσθαι
503 3160 585 3212 διὰ
646 3161 832 3229 χρόνον
885 3160 1017 3232 (40)·
1043 3162 1162 3214 οὐδὲ
1206 3164 1457 3231 γενέσθαι
1495 3166 1623 3218 ποτὲ
1657 3166 1788 3238 (41),

249 3248 366 3301 οὐδὲ
389 3250 649 3316 γεγονέναι
682 3249 794 3314 νῦν,
852 3251 959 3305 οὐδ’
993 3252 1233 3316 εἰσαῦθις
1277 3254 1490 3308 ἔσεσθαι
1539 3257 1599 3309 τὸ
1626 3260 1794 3329 παρά-

252 3355 354 3390 παν
387 3339 504 3409 (42),
525 3340 627 3392 οὐδ’
655 3342 755 3393 ὅσα
783 3341 994 3408 γένεσις
1023 3346 1135 3407 τοῖς
1190 3347 1248 3396 ὲν
1296 3345 1541 3417 αἰσθήσει
1571 3350 1794 3420 φερομέ-

249 3447 354 3493 νοις
383 3433 667 3503 προσῆψεψ
701 3432 834 3486 ἀλλὰ
866 3433 1054 3504 χρόνου
1104 3435 1292 3499 ταῦτα,
1331 3438 1502 3492 αἰῶνα
1529 3441 1794 3512 μιμουμέ-

247 3542 331 3578 νου
359 3527 444 3579 ml.
500 3528 617 3580 κατ’
649 3527 878 3597 ἀριθμὸν
907 3528 1296 3600 κυκλουμένου,
1351 3533 1571 3600 γέγονεν
1619 3535 1786 3605 εἴδη.»

246 3618 347 3670 Καὶ
378 3619 509 3689 πρὸς
541 3619 651 3690 (45)
679 3619 887 3682 τούτοις
912 3620 991 3672 ἔτι
1024 3620 1091 3673 τὰ
1118 3621 1313 3674 τοιάδεο
1355 3641 1373 3674 ι
1397 3623 1468 3675 Τὸ
1498 3624 1554 3676 δὲ
1575 3627 1794 3694 γεγονὸς

247 3707 372 3767 εἶναι
397 3712 629 3779 γεγονὸς,
659 3711 753 3765 καὶ
785 3711 845 3764 τὸ
869 3713 1150 3784 γινόμενον
1197 3710 1335 3768 εἶναι
1383 3717 1682 3786 γινόμενον·
1715 3718 1794 3772 ἔτι

245 3820 296 3856 τε
321 3803 377 3856 τὸ
403 3804 757 3874 γενησόμενον
791 3800 927 3860 εἶναι
965 3806 1326 3877 γενησόμενον
1351 3807 1484 3877 (44).
1520 3827 1538 3858 ι
1570 3808 1678 3861 Καὶ
1708 3811 1795 3863 ἵνα
1832 3811 1834 3813 ’

245 3911 302 3962 γε
330 3896 399 3966 μή
429 3913 509 3958 τις
549 3896 691 3965 ἡμᾶς
748 3897 1182 3966 παρερμηνεύειν
1245 3899 1517 3969 ἡγήσηται
1569 3898 1666 3964 τὰς
1699 3901 1792 3953 τοῦ

247 3985 518 4055 φιλοσόφου
546 3987 745 4056 φωνὰς,
771 3988 1125 4058 ὑπομνήμασι
1171 3989 1467 4060 χρήσομαι,
1491 3990 1658 4046 τῶνδε
1688 3991 1794 4045 τῶν

305 4137 330 4164 ι
354 4124 512 4178 Forte
534 4125 610 4181 δέ.
658 4127 662 4130 ’

306 4216 510 4294 (“LII
532 4217 666 4294 τό...
692 4218 795 4294 gr,
827 4225 930 4294 etc_.
977 4218 1103 4294 Adi
1135 4217 1414 4294 Platonem
1465 4213 1518 4294 in
1548 4211 1793 4294 Timaeo,

247 4284 504 4372 pag..52t'i,
527 4287 655 4372 edit.
684 4287 1020 4343 Graeco-Lat.
1046 4288 1240 4350 Ficini,
1272 4284 1361 4338 ubi
1388 4284 1604 4352 legitur,
1636 4287 1700 4338 Τί
1730 4287 1791 4340 τὸ

243 4357 294 4409 δν
332 4357 425 4424 μὲν
454 4357 559 4410 ἀεί.

308 4427 413 4493 (55)
440 4426 567 4480 Mer
589 4426 698 4479 ἀεί.
729 4425 882 4483 Plato
911 4427 1051 4482 delet
1080 4427 1185 4481 ἀεί.

1893 3167 2042 3221 omni
2082 3165 2292 3220 ratione
2342 3180 2551 3220 vacuus
2587 3164 2779 3230 eilicit,
2824 3165 3078 3232 opinione
3124 3173 3388 3219 versatur.
3430 3183 3450 3217 ι

1893 3255 2100 3322 Qu'lius
2131 3255 2291 3309 etiam
2330 3270 2450 3324 quae
2484 3261 2806 3324 sequuntur,
2850 3251 3094 3322 adjungit
3128 3271 3142 3306 :
3175 3271 3193 3304 ι
3223 3251 3452 3323 Quippe,

1898 3348 2160 3417 temporis
2189 3347 2570 3416 enim,inquit,
2597 3355 2778 3414 partes
2808 3345 2924 3399 ista:
2946 3353 3093 3407 sunt,
3114 3354 3245 3409 erat,
3269 3354 3451 3415 atque,

1895 3439 1991 3490 erit
2017 3454 2036 3502 ;
2061 3453 2198 3506 quas
2264 3437 2640 3506 imprudentes
2689 3437 3032 3505 sempiternae
3057 3437 3217 3489 etiam
3248 3446 3458 3490 natura:

1893 3529 2093 3598 injuria
2157 3527 2470 3582 tribuimus.
2502 3524 2676 3596 Vulgo
2711 3528 2945 3580 enimita
2992 3527 3285 3596 loquimur,
3317 3537 3453 3591 erat,

1893 3632 1990 3685 est,
2041 3621 2172 3672 erit:
2197 3635 2316 3673 cum
2342 3627 2526 3673 tamen
2557 3619 2608 3672 ei
2637 3618 2834 3681 solum,
2863 3628 2960 3682 est,
2983 3619 3198 3688 proprie
3227 3634 3459 3689 vereque

1895 3711 2200 3765 conveniat.
2247 3710 2399 3773 Erat,
2435 3719 2636 3776 autem,
2673 3711 2778 3775 vel,
2813 3711 2934 3775 erit,
2968 3710 3034 3765 de
3061 3719 3204 3777 ortu,
3243 3711 3334 3780 qui
3357 3712 3458 3764 ali-

1895 3819 2004 3868 quo
2031 3811 2267 3872 tempore
2324 3803 2438 3869 ﬁat,
2472 3802 2824 3872 pronuntiare
2859 3803 3034 3868 decet,
3057 3803 3200 3870 quod
3231 3811 3459 3873 utraque

1897 3912 2027 3953 voce
2056 3905 2237 3950 motus
2284 3895 2482 3964 aliquis
2513 3893 2869 3964 signiﬁcetur.
2901 3893 2968 3947 A't
2993 3895 3135 3963 quod
3183 3896 3370 3950 eodem
3399 3912 3460 3951 se

1897 3989 2059 4044 modo
2091 4002 2304 4057 semper
2337 4002 2401 4043 ac
2423 3986 2558 4042 citra
2584 3997 2790 4042 motum
2817 3985 2986 4040 ullum
3012 3985 3230 4050 habeat,
3262 3986 3313 4040 id
3332 4003 3460 4058 pro-

1895 4209 2103 4280 πηγόςς
2139 4208 2333 4280 inquit,
2362 4208 2650 4263 admiranti
2698 4207 2910 4280 similis.
2935 4205 3090 4280 Tum
3120 4205 3347 4280 instans,
3377 4207 3455 4261 uti

1890 4277 2019 4348 quid
2050 4279 2176 4333 velit
2211 4277 2410 4333 clarius
2439 4281 2663 4346 aperiat,
2691 4279 2810 4347 οὐχὶ
2851 4277 3015 4331 λευκὰ
3046 4277 3109 4330 σὺ
3141 4277 3312 4348 ἐρεῖςς
3347 4286 3456 4333 ειε.

1893 4347 1970 4402 lta
2021 4347 2222 4412 λευκά,
2275 4357 2327 4404 ει
2371 4349 2701 4422 σαφέστερον
2746 4349 2930 4420 ἐρεῖν,
2977 4362 3075 4416 pro
3128 4347 3313 4401 eodem
3361 4361 3458 4402 su-

1894 4427 2134 4473 muntur.

307 4480 410 4568 (st
438 4497 740 4568 Ροειαὺτὰ
764 4480 1047 4568 δνζΡιαιό
1073 4480 1155 4568 sic
1195 4499 1294 4568 leg.
1333 4497 1394 4550 τὸ
1424 4498 1467 4550 δ’
1498 4493 1588 4552 οὖν
1642 4496 1789 4568 δόξῃ,

1896 4556 1927 4568 Α
1968 4488 2190 4568 (βᾷιλῖἶὰ
2239 4487 2509 4568 τοιαῦτα,
2535 4498 2638 4542 etc.
2670 4487 2869 4568 Eodem
2903 4481 3213 4568 ἰιιητίῃιιιεο.ι
3240 4483 3452 4568 ρ.θ529.

248 4566 352 4636 μετ’
381 4566 680 4637 αἰσθήσεως
727 4567 916 4634 ἀλόγου
940 4567 1191 4633 δοξαστόν
1215 4609 1229 4630 ,
1250 4566 1264 4568 “
1284 4585 1426 4636 γιγν.
1455 4609 1469 4631 ,
1517 4578 1621 4622 etc.
1677 4566 1790 4690 (ὶδίε

248 4638 372 4690 enim
404 4652 468 4690 eo
495 4638 613 4690 loco
642 4635 1130 4690 distinguendum.)
1157 4637 1312 4690 Plura
1346 4640 1560 4690 nuidem
1591 4653 1682 4690 ver
1722 4654 1786 4690 a:

243 4635 372 4690 enim
404 4652 468 4691 eo
495 4635 613 4691 loco
642 4635 1130 4708 distinguendum.)
1157 4635 1312 4692 Plura
1346 4635 1560 4708 Quidem
1591 4635 1786 4708 verba:

244 4723 421 4762 sensus
449 4716 626 4760 tamen
657 4707 819 4777 idem.
849 4707 1116 4762 Czeterum
1153 4707 1376 4777 longior
1397 4709 1497 4762 iste
1527 4707 1789 4762 orationis

240 4779 439 4849 ductus,
469 4777 639 4849 magis
675 4775 914 4849 Platonis
945 4793 1012 4832 ex
1039 4777 1216 4849 genio,
1242 4775 1381 4849 intra
1408 4794 1529 4849 pag.
1557 4777 1676 4832 526.

306 4845 410 4914 (57)
444 4847 808 4914 Λευκότερον
851 4845 1252 4918 διασαςὸήσας.
1296 4845 1423 4903 Ηοε
1446 4845 1530 4902 est
1563 4846 1787 4918 ἐναργέ-

245 4933 437 4986 στερον.
475 4919 547 4971 lta
589 4918 751 4988 etiam
797 4917 959 4988 infra,
997 4917 1209 4988 ehv76za
1251 4918 1344 4971 τοῦ
1382 4917 1790 4988 δόγματος-διὰ-

242 5003 378 5060 [atati
418 4988 511 5060 mi.
550 4987 722 5060 φίλων
749 4989 777 5040 6
815 4986 1064 5060 Ἐϐραῖος
1103 4987 1418 5060 λευκότερον
1451 4986 1784 5060 ἑρμηνεύων.

243 5054 299 5109 Ει
328 5057 415 5129 lib.
455 5059 548 5110 ult.
577 5057 787 5129 λευκοῖς
809 5054 926 5121 τοῖς
947 5058 1187 5127 ἐλέγχοις
1212 5054 1788 5129 ἀπεγύμνὼσαζηδιτιι-

239 5127 371 5181 tonis
405 5127 778 5196 lambographi
811 5145 1048 5194 versum,
1077 5130 1218 5196 apud
1245 5127 1558 5183 Athenaeum
1585 5128 1679 5181 lib.
1711 5142 1786 5192 Ix,

239 5212 348 5266 pag.
392 5198 516 5262 585,
559 5197 918 5254 Casaubonus
964 5214 1183 5252 sensum
1231 5201 1375 5252 hunc
1408 5207 1646 5265 secutus,
1695 5211 1787 5251 so-

239 5270 388 5320 lerter
418 5268 744 5321 emendavit.
774 5266 1063 5336 Perperam
1100 5277 1225 5322 ante
1254 5269 1555 5334 legebatur:

299 5337 494 5404 Πηγύς
519 5336 838 5407 πάρεστιν-ε
865 5340 1092 5406 Πηγός;
1120 5340 1254 5407 οὐχὶ
1282 5341 1502 5404 λευκὰς
1527 5341 1580 5392 εὶ

311 5407 503 5473 Ἐρεῖς,
535 5405 910 5477 σαφέστερόν
935 5405 984 5462 θ’
1015 5410 1046 5462 ὃ
1069 5405 1283 5473 βούλει
1305 5427 1406 5478 μοι
1432 5408 1664 5478 λέγειν;

237 5477 485 5546 Beposuit
512 5479 619 5541 ille,

299 5549 490 5616 Πηγὸς
517 5547 808 5615 πάρεστιν
823 5566 843 5614 ;
869 5550 1100 5619 [Im-dc;
1125 5549 1261 5619 οὐχὶ
1283 5549 1471 5604 λευκὰ
1497 5548 1578 5602 σὺ

311 5619 512 5682 Ἐρεῖς,
540 5629 644 5673 etc.

236 5688 396 5745 Herus
443 5690 524 5744 sal
565 5690 874 5757 postulabat
898 5706 926 5744 a
957 5706 1153 5756 coquo,
1200 5691 1251 5742 id
1281 5692 1424 5743 enim
1455 5698 1570 5743 erat
1609 5687 1785 5757 πηγδς

235 5763 511 5832 πάρεστιν;
547 5775 756 5832 coquus
794 5762 940 5817 vocis
970 5763 1130 5832 hujus
1169 5763 1428 5824 insolens,
1457 5776 1519 5814 ac
1562 5759 1777 5823 dubius,

1896 4554 1998 4612 Sed
2032 4554 2106 4612 ibi
2149 4559 2300 4611 locus
2343 4558 2428 4611 hic
2469 4559 2539 4611 ita
2584 4559 2924 4626 concipitur:
2957 4554 3141 4626 Ταῦτα
3168 4554 3452 4626 δὲνπάντα,

1895 4629 2058 4699 μέρος
2083 4627 2291 4699 χρόνου·
2325 4628 2416 4699 καὶ
2461 4628 2519 4681 τό
2551 4645 2613 4699 ,τε
2654 4624 2756 4699 ἦν,
2779 4627 2839 4680 τό
2869 4627 2914 4677 τ’
2940 4624 3132 4699 ἔσται,⁸
3152 4625 3340 4694 χρόνου
3362 4642 3456 4694 γε-

1890 4694 2245 4767 γονότοςεῖδη
2272 4697 2525 4769 φέροντες
2549 4694 2788 4769 meam,
2815 4705 2916 4750 etc.
2947 4694 3206 4769 Eusebius
3233 4710 3452 4751 sensum

1890 4765 2148 4836 relinquit
2183 4765 2472 4837 integrum,
2497 4768 2658 4837 verba
2692 4765 3012 4837 decurtavit.

1963 4831 2071 4908 (59)
2104 4831 2356 4890 Γένεσῖν
2385 4834 2603 4908 οὖσαν,
2632 4836 2785 4891 Plato
2812 4835 3021 4903 γένεσιν
3057 4831 3239 4886 ἐοῦσαν
3259 4873 3274 4899 ,
3309 4833 3453 4903 quod

1891 4907 1979 4962 est
2001 4907 2126 4962 cum
2157 4918 2304 4961 motu
2334 4907 2700 4976 coniunctius.

1986 4978 2074 5045 40)
2109 4979 2212 5031 Διὰ
2245 4975 2486 5045 χρώ-ὀἱα
2516 4975 2690 5041 Plato,
2723 4975 2868 5045 ποτε.

1986 4979 2052 5033 40
2109 4979 2212 5031 Διά
2245 4979 2486 5045 χρόνον.
2516 4979 2690 5041 Plato,
2723 4979 2868 5028 ποτε.

1961 4979 2074 5118 (41)
2099 5047 2250 5102 Οὐδὲ
2280 5048 2556 5112 γενέσθαι
2599 5044 2758 5118 ποτέ,
2794 5044 2916 5118 ilazc
2946 5041 3096 5118 Plato
3128 5058 3234 5118 non
3272 5042 3452 5111 habet,

1890 5113 2010 5188 quae
2041 5113 2220 5171 tamen
2251 5118 2480 5188 libenter
2507 5131 2628 5169 cum
2654 5116 2884 5188 Eusebio
2919 5113 3256 5188 retinuerim.

1961 5188 2070 5256 (42)
2102 5189 2381 5240 ’Ἐσεσθαι
2425 5185 2490 5238 τὸ
2535 5186 2834 5256 παράπαν,
2861 5192 2964 5237 etc.
2997 5183 3309 5256 Sinceriopra
3339 5180 3456 5256 haec

1887 5251 2158 5319 videntur,
2191 5274 2352 5325 quam
2403 5265 2461 5309 ut
2502 5251 2642 5322 apud
2687 5254 2961 5307 Platonem
2996 5253 3189 5321 legitur
3233 5251 3456 5307 ἔσεσθαι

1887 5329 1947 5381 τὸ
1977 5330 2236 5399 παράπαν
2257 5345 2355 5399 -τε,
2381 5325 2543 5399 οὐδὲν
2568 5326 2667 5377 ὅσα
2696 5325 2933 5392 γένεσις,
2966 5332 3091 5387 etc.,
3119 5337 3240 5393 quae
3271 5331 3453 5383 tamen

1887 5397 2427 5464 lectio‘improbanda
2457 5411 2560 5448 non
2591 5404 2694 5448 est.

1959 5470 2070 5539 (45)
2108 5459 2227 5539 Kal
2243 5538 2250 5539 ί
2273 5468 2420 5539 πρὸς
2483 5465 2710 5530 τούτοις
2736 5462 2849 5539 Ἇὲτι
3010 5459 3229 5539 τοιςὶςῖεἶ
3278 5461 3452 5518 Verba

1886 5531 2180 5592 etiam'bzrc
2196 5531 2434 5589 Platonis
2448 5543 2590 5596 sunt,
2608 5551 2712 5587 non
2733 5533 2968 5597 Eusebii,
2986 5542 3043 5586 ut
3063 5531 3230 5586 videri
3247 5541 3448 5602 posset.

1959 5609 2068 5677 (44)
2103 5605 2272 5661 Εἶναι
2305 5605 2727 5674 γενησόμενον.
2759 5602 2963 5659 Sensus
2989 5603 3270 5677 integritas
3317 5616 3449 5677 patr;

1885 5670 2003 5733 cula
2041 5670 2154 5732 [nec
2182 5670 2466 5744 exigebat,
2493 5670 2614 5744 qua:
2663 5682 2962 5744 sequuntur
2993 5675 3043 5744 in
3075 5670 3328 5744 Platone.
3353 5670 3452 5728 καὶ

1885 5751 1944 5802 τὸ
1978 5749 2050 5820 μὴ
2079 5747 2156 5814 ὃν,
2189 5737 2346 5816 μὴᾎν
2371 5737 2526 5799 εἶναιῖ
2558 5737 2632 5798 ὧν
2659 5743 2808 5797 οὐδὲν
2837 5743 3077 5814 ἀκριϐῶς
3108 5743 3356 5815 λέγομεν.
