  <div class='ocr_page' id='page_1' title='image "/cluster/home/n/w/nwhite01/storage/ocr_20150623/21/hvd.32044073501165/449.png"; bbox 0 0 4042 6384; ppageno 0'>
   <div class='ocr_carea' id='block_1_1' title="bbox 554 317 653 378">
    <p class='ocr_par' dir='ltr' id='par_1_1' title="bbox 554 317 653 378">
     <span class='ocr_line' id='line_1_1' title="bbox 554 317 653 378; baseline 0.01 -2"><span class='ocrx_word' id='word_1_1' title='bbox 554 317 653 378; x_wconf 77' lang='grc'><strong>871</strong></span> 
     </span>
    </p>
   </div>
   <div class='ocr_carea' id='block_1_2' title="bbox 1224 306 3167 370">
    <p class='ocr_par' dir='ltr' id='par_1_2' title="bbox 1224 306 3167 370">
     <span class='ocr_line' id='line_1_2' title="bbox 1224 306 3167 370; baseline 0.001 -3"><span class='ocrx_word' id='word_1_2' title='bbox 1224 310 1495 370; x_wconf 71' lang='grc' dir='ltr'><strong>ΕυδΕΒιι</strong></span> <span class='ocrx_word' id='word_1_3' title='bbox 1532 306 2016 367; x_wconf 63' lang='lat' dir='ltr'><strong>CIESARIENSIS</strong></span> <span class='ocrx_word' id='word_1_4' title='bbox 2055 308 2203 366; x_wconf 86' lang='lat' dir='ltr'><strong>OPP.</strong></span> <span class='ocrx_word' id='word_1_5' title='bbox 2242 308 2423 366; x_wconf 83' lang='lat' dir='ltr'><strong>PARS</strong></span> <span class='ocrx_word' id='word_1_6' title='bbox 2460 310 2527 367; x_wconf 90' lang='lat' dir='ltr'><strong>ll.</strong></span> <span class='ocrx_word' id='word_1_7' title='bbox 2573 342 2644 351; x_wconf 91' lang='lat'><strong>—</strong></span> <span class='ocrx_word' id='word_1_8' title='bbox 2680 309 3167 369; x_wconf 79' lang='lat' dir='ltr'><strong>APOLOGETICA.</strong></span> 
     </span>
    </p>
   </div>
   <div class='ocr_carea' id='block_1_3' title="bbox 3691 309 3805 365">
    <p class='ocr_par' dir='ltr' id='par_1_3' title="bbox 3691 309 3805 365">
     <span class='ocr_line' id='line_1_3' title="bbox 3691 309 3805 365; baseline -0.018 0"><span class='ocrx_word' id='word_1_9' title='bbox 3691 309 3805 365; x_wconf 66' lang='lat'><strong>87?.</strong></span> 
     </span>
    </p>
   </div>
   <div class='ocr_carea' id='block_1_4' title="bbox 556 429 2129 509">
    <p class='ocr_par' dir='ltr' id='par_1_4' title="bbox 556 433 2129 509">
     <span class='ocr_line' id='line_1_4' title="bbox 556 433 2129 509; baseline -0.005 -15"><span class='ocrx_word' id='word_1_10' title='bbox 556 446 677 508; x_wconf 87' lang='lat' dir='ltr'><strong>pter</strong></span> <span class='ocrx_word' id='word_1_11' title='bbox 703 436 879 509; x_wconf 88' lang='lat' dir='ltr'><strong>ipsum</strong></span> <span class='ocrx_word' id='word_1_12' title='bbox 904 441 1117 505; x_wconf 78' lang='lat' dir='ltr'><strong>tempus</strong></span> <span class='ocrx_word' id='word_1_13' title='bbox 1144 448 1321 504; x_wconf 89' lang='lat' dir='ltr'><strong>neque</strong></span> <span class='ocrx_word' id='word_1_14' title='bbox 1352 433 1620 488; x_wconf 78' lang='lat' dir='ltr'><strong>vetustius</strong></span> <span class='ocrx_word' id='word_1_15' title='bbox 1647 447 1916 509; x_wconf 78' lang='lat' dir='ltr'><strong>unquam,</strong></span> <span class='ocrx_word' id='word_1_16' title='bbox 1948 447 2129 503; x_wconf 89' lang='lat' dir='ltr'><strong>neque</strong></span> 
     </span>
    </p>
   </div>
   <div class='ocr_carea' id='block_1_5' title="bbox 2231 429 3804 509">
    <p class='ocr_par' dir='ltr' id='par_1_5' title="bbox 2233 429 3804 506">
     <span class='ocr_line' id='line_1_5' title="bbox 2233 429 3804 506; baseline -0.003 -21"><span class='ocrx_word' id='word_1_17' title='bbox 2233 431 2406 501; x_wconf 89' lang='grc' dir='ltr'>λόγων</span> <span class='ocrx_word' id='word_1_18' title='bbox 2440 434 2539 506; x_wconf 77' lang='grc' dir='ltr'>τὴν</span> <span class='ocrx_word' id='word_1_19' title='bbox 2582 432 2817 488; x_wconf 83' lang='grc' dir='ltr'>διάνοιαν</span> <span class='ocrx_word' id='word_1_20' title='bbox 2844 432 3168 503; x_wconf 79' lang='grc' dir='ltr'>ἐκφαίνουσι.</span> <span class='ocrx_word' id='word_1_21' title='bbox 3210 434 3425 500; x_wconf 80' lang='grc' dir='ltr'>Πλεῐους</span> <span class='ocrx_word' id='word_1_22' title='bbox 3466 434 3561 505; x_wconf 79' lang='grc' dir='ltr'>μὲν</span> <span class='ocrx_word' id='word_1_23' title='bbox 3594 429 3690 487; x_wconf 75' lang='grc' dir='ltr'><strong>οὖν</strong></span> <span class='ocrx_word' id='word_1_24' title='bbox 3725 434 3804 492; x_wconf 79' lang='grc' dir='ltr'>εἰς</span> 
     </span>
    </p>
   </div>
   <div class='ocr_carea' id='block_1_6' title="bbox 557 524 2132 597">
    <p class='ocr_par' dir='ltr' id='par_1_6' title="bbox 557 524 2132 597">
     <span class='ocr_line' id='line_1_6' title="bbox 557 524 2132 597; baseline -0.002 -12"><span class='ocrx_word' id='word_1_25' title='bbox 557 530 831 586; x_wconf 72' lang='lat' dir='ltr'><strong>recentius</strong></span> <span class='ocrx_word' id='word_1_26' title='bbox 853 528 968 584; x_wconf 80' lang='lat' dir='ltr'><strong>ﬁeri</strong></span> <span class='ocrx_word' id='word_1_27' title='bbox 996 535 1171 597; x_wconf 77' lang='lat' dir='ltr'><strong>potest</strong></span> <span class='ocrx_word' id='word_1_28' title='bbox 1200 545 1213 579; x_wconf 89' lang='lat'><strong>:</strong></span> <span class='ocrx_word' id='word_1_29' title='bbox 1242 525 1400 596; x_wconf 77' lang='grc'><strong>525</strong></span> <span class='ocrx_word' id='word_1_30' title='bbox 1425 527 1537 580; x_wconf 91' lang='lat' dir='ltr'><strong>imo</strong></span> <span class='ocrx_word' id='word_1_31' title='bbox 1566 541 1743 597; x_wconf 87' lang='lat' dir='ltr'><strong>neque</strong></span> <span class='ocrx_word' id='word_1_32' title='bbox 1774 524 1977 581; x_wconf 85' lang='lat' dir='ltr'><strong>factum</strong></span> <span class='ocrx_word' id='word_1_33' title='bbox 2008 540 2132 582; x_wconf 87' lang='lat' dir='ltr'><strong>esse</strong></span> 
     </span>
    </p>
   </div>
   <div class='ocr_carea' id='block_1_7' title="bbox 556 618 2128 688">
    <p class='ocr_par' dir='ltr' id='par_1_7' title="bbox 556 618 2128 688">
     <span class='ocr_line' id='line_1_7' title="bbox 556 618 2128 688; baseline -0.001 -14"><span class='ocrx_word' id='word_1_34' title='bbox 556 621 870 688; x_wconf 82' lang='lat' dir='ltr'><strong>aliquando,</strong></span> <span class='ocrx_word' id='word_1_35' title='bbox 912 633 1088 687; x_wconf 88' lang='lat' dir='ltr'><strong>neque</strong></span> <span class='ocrx_word' id='word_1_36' title='bbox 1137 632 1284 670; x_wconf 91' lang='lat' dir='ltr'><strong>nunc</strong></span> <span class='ocrx_word' id='word_1_37' title='bbox 1313 618 1547 686; x_wconf 90' lang='lat' dir='ltr'><strong>primum</strong></span> <span class='ocrx_word' id='word_1_38' title='bbox 1596 618 1873 671; x_wconf 80' lang='lat' dir='ltr'><strong>exstitisse</strong></span> <span class='ocrx_word' id='word_1_39' title='bbox 1899 657 1913 677; x_wconf 93' lang='lat'><strong>.</strong></span> <span class='ocrx_word' id='word_1_40' title='bbox 1953 633 2128 687; x_wconf 87' lang='lat' dir='ltr'><strong>neque</strong></span> 
     </span>
    </p>
   </div>
   <div class='ocr_carea' id='block_1_8' title="bbox 556 708 2127 779">
    <p class='ocr_par' dir='ltr' id='par_1_8' title="bbox 556 708 2127 779">
     <span class='ocr_line' id='line_1_8' title="bbox 556 708 2127 779; baseline -0.001 -15"><span class='ocrx_word' id='word_1_41' title='bbox 556 712 780 766; x_wconf 85' lang='lat' dir='ltr'><strong>omnino</strong></span> <span class='ocrx_word' id='word_1_42' title='bbox 809 710 1051 764; x_wconf 85' lang='lat' dir='ltr'><strong>futurum</strong></span> <span class='ocrx_word' id='word_1_43' title='bbox 1083 724 1203 763; x_wconf 90' lang='lat' dir='ltr'><strong>esse</strong></span> <span class='ocrx_word' id='word_1_44' title='bbox 1227 750 1241 773; x_wconf 93' lang='lat'><strong>,</strong></span> <span class='ocrx_word' id='word_1_45' title='bbox 1292 723 1391 762; x_wconf 92' lang='lat' dir='ltr'><strong>nec</strong></span> <span class='ocrx_word' id='word_1_46' title='bbox 1431 723 1619 762; x_wconf 89' lang='lat' dir='ltr'><strong>eorum</strong></span> <span class='ocrx_word' id='word_1_47' title='bbox 1652 708 1800 763; x_wconf 87' lang='lat' dir='ltr'><strong>aliud</strong></span> <span class='ocrx_word' id='word_1_48' title='bbox 1829 709 2127 779; x_wconf 85' lang='lat' dir='ltr'><strong>quidquam</strong></span> 
     </span>
    </p>
   </div>
   <div class='ocr_carea' id='block_1_9' title="bbox 556 801 2130 871">
    <p class='ocr_par' dir='ltr' id='par_1_9' title="bbox 556 801 2130 871">
     <span class='ocr_line' id='line_1_9' title="bbox 556 801 2130 871; baseline -0.003 -14"><span class='ocrx_word' id='word_1_49' title='bbox 556 803 760 865; x_wconf 87' lang='lat' dir='ltr'><strong>subire,</strong></span> <span class='ocrx_word' id='word_1_50' title='bbox 789 818 908 871; x_wconf 62' lang='lat' dir='ltr'><strong>quae</strong></span> <span class='ocrx_word' id='word_1_51' title='bbox 938 802 1167 871; x_wconf 78' lang='lat' dir='ltr'><strong>ipsemet</strong></span> <span class='ocrx_word' id='word_1_52' title='bbox 1191 811 1344 855; x_wconf 90' lang='lat' dir='ltr'><strong>ortus</strong></span> <span class='ocrx_word' id='word_1_53' title='bbox 1390 801 1478 863; x_wconf 91' lang='lat' dir='ltr'><strong>iis,</strong></span> <span class='ocrx_word' id='word_1_54' title='bbox 1514 816 1637 870; x_wconf 81' lang='lat' dir='ltr'><strong>quae</strong></span> <span class='ocrx_word' id='word_1_55' title='bbox 1659 816 1919 855; x_wconf 90' lang='lat' dir='ltr'><strong>sensuum</strong></span> <span class='ocrx_word' id='word_1_56' title='bbox 1953 802 2130 855; x_wconf 88' lang='lat' dir='ltr'><strong>incer—</strong></span> 
     </span>
    </p>
   </div>
   <div class='ocr_carea' id='block_1_10' title="bbox 2235 523 3804 597">
    <p class='ocr_par' dir='ltr' id='par_1_10' title="bbox 2235 523 3804 597">
     <span class='ocr_line' id='line_1_10' title="bbox 2235 523 3804 597; baseline -0.003 -19"><span class='ocrx_word' id='word_1_57' title='bbox 2235 524 2335 596; x_wconf 85' lang='grc' dir='ltr'><strong>τὴν</strong></span> <span class='ocrx_word' id='word_1_58' title='bbox 2354 523 2572 579; x_wconf 85' lang='grc' dir='ltr'>-τούτων</span> <span class='ocrx_word' id='word_1_59' title='bbox 2631 523 3021 596; x_wconf 80' lang='grc' dir='ltr'>ἐπιϐεϐλήκασι</span> <span class='ocrx_word' id='word_1_60' title='bbox 3078 524 3322 597; x_wconf 81' lang='grc' dir='ltr'><strong>Θεωρίαν·</strong></span> <span class='ocrx_word' id='word_1_61' title='bbox 3351 527 3471 596; x_wconf 78' lang='grc' dir='ltr'>ἐμοὶ</span> <span class='ocrx_word' id='word_1_62' title='bbox 3496 527 3538 580; x_wconf 81' lang='grc' dir='ltr'>δ’</span> <span class='ocrx_word' id='word_1_63' title='bbox 3568 523 3804 595; x_wconf 76' lang='grc' dir='ltr'>ἐξαρκεί</span> 
     </span>
    </p>
   </div>
   <div class='ocr_carea' id='block_1_11' title="bbox 2232 614 3813 688">
    <p class='ocr_par' dir='ltr' id='par_1_11' title="bbox 2232 614 3813 688">
     <span class='ocr_line' id='line_1_11' title="bbox 2232 614 3813 688; baseline -0.003 -19"><span class='ocrx_word' id='word_1_64' title='bbox 2232 615 2398 669; x_wconf 81' lang='grc' dir='ltr'>τανῦν</span> <span class='ocrx_word' id='word_1_65' title='bbox 2433 616 2625 687; x_wconf 79' lang='grc' dir='ltr'>ἀνδρὸς</span> <span class='ocrx_word' id='word_1_66' title='bbox 2658 614 2952 685; x_wconf 74' lang='grc' dir='ltr'><strong>ἐπιφανοῦς</strong></span> <span class='ocrx_word' id='word_1_67' title='bbox 2976 615 3277 688; x_wconf 79' lang='grc' dir='ltr'>Νουμηνίου</span> <span class='ocrx_word' id='word_1_68' title='bbox 3310 618 3399 672; x_wconf 71' lang='grc' dir='ltr'>τοῦ</span> <span class='ocrx_word' id='word_1_69' title='bbox 3428 614 3813 687; x_wconf 72' lang='grc' dir='ltr'><strong>Πυθαγορείου</strong></span> 
     </span>
    </p>
   </div>
   <div class='ocr_carea' id='block_1_12' title="bbox 2233 706 3816 783">
    <p class='ocr_par' dir='ltr' id='par_1_12' title="bbox 2233 706 3816 783">
     <span class='ocr_line' id='line_1_12' title="bbox 2233 706 3816 783; baseline -0.001 -20"><span class='ocrx_word' id='word_1_70' title='bbox 2233 709 2575 782; x_wconf 74' lang='grc' dir='ltr'>παραθέσθαι</span> <span class='ocrx_word' id='word_1_71' title='bbox 2595 708 2787 773; x_wconf 78' lang='grc' dir='ltr'><strong>λέξεις,</strong></span> <span class='ocrx_word' id='word_1_72' title='bbox 2817 709 2882 773; x_wconf 77' lang='grc' dir='ltr'>ἃς</span> <span class='ocrx_word' id='word_1_73' title='bbox 2906 712 2963 763; x_wconf 83' lang='grc' dir='ltr'><strong>ἐν</strong></span> <span class='ocrx_word' id='word_1_74' title='bbox 2990 708 3064 780; x_wconf 79' lang='grc' dir='ltr'>τῷ</span> <span class='ocrx_word' id='word_1_75' title='bbox 3121 710 3257 778; x_wconf 81' lang='grc' dir='ltr'>Περὶ</span> <span class='ocrx_word' id='word_1_76' title='bbox 3286 711 3536 783; x_wconf 72' lang='grc' dir='ltr'>τάγαθοῦ</span> <span class='ocrx_word' id='word_1_77' title='bbox 3560 706 3816 779; x_wconf 76' lang='grc' dir='ltr'>δευτέρῳ</span> 
     </span>
    </p>
   </div>
   <div class='ocr_carea' id='block_1_13' title="bbox 2237 797 3153 876">
    <p class='ocr_par' dir='ltr' id='par_1_13' title="bbox 2237 797 3153 876">
     <span class='ocr_line' id='line_1_13' title="bbox 2237 797 3153 876; baseline 0.003 -18"><span class='ocrx_word' id='word_1_78' title='bbox 2237 805 2631 876; x_wconf 79' lang='grc' dir='ltr'>συγγράμματι</span> <span class='ocrx_word' id='word_1_79' title='bbox 2654 797 2756 857; x_wconf 80' lang='grc' dir='ltr'>ὧδέ</span> <span class='ocrx_word' id='word_1_80' title='bbox 2781 820 2855 876; x_wconf 87' lang='grc' dir='ltr'><strong>πη</strong></span> <span class='ocrx_word' id='word_1_81' title='bbox 2884 805 3153 872; x_wconf 81' lang='grc' dir='ltr'>διέξεισιν.</span> 
     </span>
    </p>
   </div>
   <div class='ocr_carea' id='block_1_14' title="bbox 555 890 3817 968">
    <p class='ocr_par' dir='ltr' id='par_1_14' title="bbox 555 890 3817 968">
     <span class='ocr_line' id='line_1_14' title="bbox 555 890 3817 968; baseline 0 -22"><span class='ocrx_word' id='word_1_82' title='bbox 555 893 1100 962; x_wconf 78' lang='lat' dir='ltr'><strong>titudinejactantur,</strong></span> <span class='ocrx_word' id='word_1_83' title='bbox 1132 892 1416 961; x_wconf 78' lang='lat' dir='ltr'><strong>adjunxit:</strong></span> <span class='ocrx_word' id='word_1_84' title='bbox 1447 907 1574 947; x_wconf 93' lang='lat' dir='ltr'><strong>cum</strong></span> <span class='ocrx_word' id='word_1_85' title='bbox 1633 893 1738 947; x_wconf 90' lang='lat' dir='ltr'><strong>ista</strong></span> <span class='ocrx_word' id='word_1_86' title='bbox 1797 890 1986 947; x_wconf 82' lang='lat' dir='ltr'><strong>formae</strong></span> <span class='ocrx_word' id='word_1_87' title='bbox 2035 893 2282 962; x_wconf 63' lang='lat' dir='ltr'><strong>qumdam</strong></span> <span class='ocrx_word' id='word_1_88' title='bbox 2325 896 2432 950; x_wconf 89' lang='lat' dir='ltr'><strong>sint</strong></span> <span class='ocrx_word' id='word_1_89' title='bbox 2456 906 2747 967; x_wconf 85' lang='lat' dir='ltr'><strong>partesque</strong></span> <span class='ocrx_word' id='word_1_90' title='bbox 2773 898 3050 966; x_wconf 89' lang='lat' dir='ltr'><strong>temporis,</strong></span> <span class='ocrx_word' id='word_1_91' title='bbox 3070 899 3212 968; x_wconf 91' lang='lat' dir='ltr'><strong>quod</strong></span> <span class='ocrx_word' id='word_1_92' title='bbox 3269 901 3621 955; x_wconf 67' lang='lat' dir='ltr'><strong>mternitatem</strong></span> <span class='ocrx_word' id='word_1_93' title='bbox 3672 894 3817 948; x_wconf 82' lang='lat' dir='ltr'><strong>imi-</strong></span> 
     </span>
    </p>
   </div>
   <div class='ocr_carea' id='block_1_15' title="bbox 555 984 3815 1059">
    <p class='ocr_par' dir='ltr' id='par_1_15' title="bbox 555 984 3815 1059">
     <span class='ocr_line' id='line_1_15' title="bbox 555 984 3815 1059; baseline -0.002 -18"><span class='ocrx_word' id='word_1_94' title='bbox 555 996 697 1041; x_wconf 86' lang='lat' dir='ltr'><strong>tetur</strong></span> <span class='ocrx_word' id='word_1_95' title='bbox 720 986 961 1057; x_wconf 89' lang='lat' dir='ltr'><strong>quidem,</strong></span> <span class='ocrx_word' id='word_1_96' title='bbox 995 985 1091 1040; x_wconf 90' lang='lat' dir='ltr'><strong>sed</strong></span> <span class='ocrx_word' id='word_1_97' title='bbox 1116 996 1295 1039; x_wconf 84' lang='lat' dir='ltr'><strong>tamen</strong></span> <span class='ocrx_word' id='word_1_98' title='bbox 1347 995 1495 1040; x_wconf 87' lang='lat' dir='ltr'><strong>certa</strong></span> <span class='ocrx_word' id='word_1_99' title='bbox 1561 984 1794 1054; x_wconf 90' lang='lat' dir='ltr'><strong>quadam</strong></span> <span class='ocrx_word' id='word_1_100' title='bbox 1847 999 2200 1039; x_wconf 88' lang='lat' dir='ltr'><strong>numerorum</strong></span> <span class='ocrx_word' id='word_1_101' title='bbox 2240 987 2601 1042; x_wconf 89' lang='lat' dir='ltr'><strong>conversione</strong></span> <span class='ocrx_word' id='word_1_102' title='bbox 2630 988 2895 1043; x_wconf 87' lang='lat' dir='ltr'><strong>volvatur.</strong></span> <span class='ocrx_word' id='word_1_103' title='bbox 2931 1008 2948 1039; x_wconf 80' lang='grc' dir='ltr'><strong>ι</strong></span> <span class='ocrx_word' id='word_1_104' title='bbox 2985 988 3101 1054; x_wconf 87' lang='lat' dir='ltr'><strong>Quo</strong></span> <span class='ocrx_word' id='word_1_105' title='bbox 3139 992 3298 1044; x_wconf 90' lang='lat' dir='ltr'><strong>etiam</strong></span> <span class='ocrx_word' id='word_1_106' title='bbox 3330 992 3427 1045; x_wconf 87' lang='lat' dir='ltr'><strong>ista</strong></span> <span class='ocrx_word' id='word_1_107' title='bbox 3478 990 3763 1059; x_wconf 89' lang='lat' dir='ltr'><strong>pertinent</strong></span> <span class='ocrx_word' id='word_1_108' title='bbox 3800 999 3815 1035; x_wconf 92' lang='lat'><strong>:</strong></span> 
     </span>
    </p>
   </div>
   <div class='ocr_carea' id='block_1_16' title="bbox 557 1075 3819 1151">
    <p class='ocr_par' dir='ltr' id='par_1_16' title="bbox 557 1075 3819 1151">
     <span class='ocr_line' id='line_1_16' title="bbox 557 1075 3819 1151; baseline 0 -20"><span class='ocrx_word' id='word_1_109' title='bbox 557 1096 575 1127; x_wconf 76' lang='grc' dir='ltr'><strong>ι</strong></span> <span class='ocrx_word' id='word_1_110' title='bbox 612 1076 765 1143; x_wconf 86' lang='lat' dir='ltr'><strong>Quod</strong></span> <span class='ocrx_word' id='word_1_111' title='bbox 801 1077 999 1132; x_wconf 80' lang='lat' dir='ltr'><strong>factum</strong></span> <span class='ocrx_word' id='word_1_112' title='bbox 1030 1078 1120 1141; x_wconf 92' lang='lat' dir='ltr'><strong>sit,</strong></span> <span class='ocrx_word' id='word_1_113' title='bbox 1154 1078 1206 1131; x_wconf 91' lang='lat' dir='ltr'><strong>id</strong></span> <span class='ocrx_word' id='word_1_114' title='bbox 1235 1092 1356 1132; x_wconf 88' lang='lat' dir='ltr'><strong>esse</strong></span> <span class='ocrx_word' id='word_1_115' title='bbox 1382 1076 1584 1132; x_wconf 81' lang='lat' dir='ltr'><strong>factum</strong></span> <span class='ocrx_word' id='word_1_116' title='bbox 1630 1078 1815 1147; x_wconf 85' lang='lat' dir='ltr'><strong>:quod</strong></span> <span class='ocrx_word' id='word_1_117' title='bbox 1867 1076 1977 1141; x_wconf 85' lang='lat' dir='ltr'><strong>ﬁat,</strong></span> <span class='ocrx_word' id='word_1_118' title='bbox 2011 1075 2063 1131; x_wconf 97' lang='lat' dir='ltr'><strong>id</strong></span> <span class='ocrx_word' id='word_1_119' title='bbox 2093 1094 2215 1133; x_wconf 89' lang='lat' dir='ltr'><strong>esse</strong></span> <span class='ocrx_word' id='word_1_120' title='bbox 2252 1081 2398 1150; x_wconf 88' lang='lat' dir='ltr'><strong>quod</strong></span> <span class='ocrx_word' id='word_1_121' title='bbox 2434 1082 2494 1135; x_wconf 84' lang='lat' dir='ltr'><strong>lit</strong></span> <span class='ocrx_word' id='word_1_122' title='bbox 2529 1099 2541 1134; x_wconf 92' lang='lat'><strong>:</strong></span> <span class='ocrx_word' id='word_1_123' title='bbox 2584 1081 2817 1150; x_wconf 90' lang='lat' dir='ltr'><strong>denique</strong></span> <span class='ocrx_word' id='word_1_124' title='bbox 2872 1083 3015 1151; x_wconf 88' lang='lat' dir='ltr'><strong>quod</strong></span> <span class='ocrx_word' id='word_1_125' title='bbox 3070 1082 3305 1138; x_wconf 77' lang='lat' dir='ltr'><strong>futurum</strong></span> <span class='ocrx_word' id='word_1_126' title='bbox 3337 1085 3425 1149; x_wconf 88' lang='lat' dir='ltr'><strong>sit,</strong></span> <span class='ocrx_word' id='word_1_127' title='bbox 3472 1083 3724 1137; x_wconf 82' lang='lat' dir='ltr'><strong>futurum</strong></span> <span class='ocrx_word' id='word_1_128' title='bbox 3761 1076 3819 1131; x_wconf 85' lang='lat' dir='ltr'><strong>id</strong></span> 
     </span>
    </p>
   </div>
   <div class='ocr_carea' id='block_1_17' title="bbox 552 1167 3820 1245">
    <p class='ocr_par' dir='ltr' id='par_1_17' title="bbox 552 1167 3820 1245">
     <span class='ocr_line' id='line_1_17' title="bbox 552 1167 3820 1245; baseline -0 -22"><span class='ocrx_word' id='word_1_129' title='bbox 552 1184 693 1223; x_wconf 88' lang='lat' dir='ltr'><strong>esse.</strong></span> <span class='ocrx_word' id='word_1_130' title='bbox 731 1189 749 1221; x_wconf 80' lang='grc' dir='ltr'><strong>ι</strong></span> <span class='ocrx_word' id='word_1_131' title='bbox 782 1170 859 1224; x_wconf 90' lang='lat' dir='ltr'><strong>Ac</strong></span> <span class='ocrx_word' id='word_1_132' title='bbox 890 1186 955 1223; x_wconf 91' lang='lat' dir='ltr'><strong>ne</strong></span> <span class='ocrx_word' id='word_1_133' title='bbox 984 1170 1106 1239; x_wconf 87' lang='lat' dir='ltr'><strong>quis</strong></span> <span class='ocrx_word' id='word_1_134' title='bbox 1146 1168 1453 1237; x_wconf 86' lang='lat' dir='ltr'><strong>philosophi</strong></span> <span class='ocrx_word' id='word_1_135' title='bbox 1480 1169 1643 1223; x_wconf 87' lang='lat' dir='ltr'><strong>verba</strong></span> <span class='ocrx_word' id='word_1_136' title='bbox 1675 1169 1728 1222; x_wconf 89' lang='lat' dir='ltr'><strong>in</strong></span> <span class='ocrx_word' id='word_1_137' title='bbox 1756 1167 1994 1222; x_wconf 88' lang='lat' dir='ltr'><strong>alienum</strong></span> <span class='ocrx_word' id='word_1_138' title='bbox 2029 1184 2113 1222; x_wconf 91' lang='lat' dir='ltr'><strong>me</strong></span> <span class='ocrx_word' id='word_1_139' title='bbox 2153 1185 2374 1225; x_wconf 90' lang='lat' dir='ltr'><strong>sensum</strong></span> <span class='ocrx_word' id='word_1_140' title='bbox 2418 1182 2674 1242; x_wconf 88' lang='lat' dir='ltr'><strong>torquere</strong></span> <span class='ocrx_word' id='word_1_141' title='bbox 2724 1173 3065 1239; x_wconf 86' lang='lat' dir='ltr'><strong>criminetur,</strong></span> <span class='ocrx_word' id='word_1_142' title='bbox 3126 1190 3219 1231; x_wconf 89' lang='lat' dir='ltr'><strong>eos</strong></span> <span class='ocrx_word' id='word_1_143' title='bbox 3264 1176 3406 1245; x_wconf 85' lang='lat' dir='ltr'><strong>ipsos</strong></span> <span class='ocrx_word' id='word_1_144' title='bbox 3454 1178 3820 1229; x_wconf 84' lang='lat' dir='ltr'><strong>commenta-</strong></span> 
     </span>
    </p>
   </div>
   <div class='ocr_carea' id='block_1_18' title="bbox 552 1263 3813 1340">
    <p class='ocr_par' dir='ltr' id='par_1_18' title="bbox 552 1263 3813 1340">
     <span class='ocr_line' id='line_1_18' title="bbox 552 1263 3813 1340; baseline 0.001 -24"><span class='ocrx_word' id='word_1_145' title='bbox 552 1264 682 1325; x_wconf 83' lang='lat' dir='ltr'><strong>rios,</strong></span> <span class='ocrx_word' id='word_1_146' title='bbox 716 1263 914 1333; x_wconf 90' lang='lat' dir='ltr'><strong>quibus</strong></span> <span class='ocrx_word' id='word_1_147' title='bbox 958 1263 1172 1317; x_wconf 87' lang='lat' dir='ltr'><strong>illorum</strong></span> <span class='ocrx_word' id='word_1_148' title='bbox 1220 1263 1486 1317; x_wconf 84' lang='lat' dir='ltr'><strong>sententia</strong></span> <span class='ocrx_word' id='word_1_149' title='bbox 1517 1263 1845 1327; x_wconf 82' lang='lat' dir='ltr'><strong>declaratur,</strong></span> <span class='ocrx_word' id='word_1_150' title='bbox 1872 1264 2116 1333; x_wconf 84' lang='lat' dir='ltr'><strong>proferre</strong></span> <span class='ocrx_word' id='word_1_151' title='bbox 2152 1265 2326 1335; x_wconf 80' lang='lat' dir='ltr'><strong>juvat.</strong></span> <span class='ocrx_word' id='word_1_152' title='bbox 2358 1267 2497 1321; x_wconf 88' lang='lat' dir='ltr'><strong>Cum</strong></span> <span class='ocrx_word' id='word_1_153' title='bbox 2529 1276 2712 1321; x_wconf 89' lang='lat' dir='ltr'><strong>autem</strong></span> <span class='ocrx_word' id='word_1_154' title='bbox 2742 1269 2846 1324; x_wconf 89' lang='lat' dir='ltr'><strong>hoc</strong></span> <span class='ocrx_word' id='word_1_155' title='bbox 2896 1268 2950 1322; x_wconf 89' lang='lat' dir='ltr'><strong>in</strong></span> <span class='ocrx_word' id='word_1_156' title='bbox 3014 1269 3393 1339; x_wconf 82' lang='lat' dir='ltr'><strong>interpretandi</strong></span> <span class='ocrx_word' id='word_1_157' title='bbox 3441 1284 3637 1340; x_wconf 79' lang='lat' dir='ltr'><strong>genere</strong></span> <span class='ocrx_word' id='word_1_158' title='bbox 3690 1266 3813 1336; x_wconf 80' lang='lat' dir='ltr'><strong>ple-</strong></span> 
     </span>
    </p>
   </div>
   <div class='ocr_carea' id='block_1_19' title="bbox 551 1353 3819 1429">
    <p class='ocr_par' dir='ltr' id='par_1_19' title="bbox 551 1353 3819 1429">
     <span class='ocr_line' id='line_1_19' title="bbox 551 1353 3819 1429; baseline 0.002 -20"><span class='ocrx_word' id='word_1_159' title='bbox 551 1358 705 1427; x_wconf 87' lang='lat' dir='ltr'><strong>rique</strong></span> <span class='ocrx_word' id='word_1_160' title='bbox 728 1356 924 1409; x_wconf 87' lang='lat' dir='ltr'><strong>versati</strong></span> <span class='ocrx_word' id='word_1_161' title='bbox 950 1356 1077 1420; x_wconf 84' lang='lat' dir='ltr'><strong>sint,</strong></span> <span class='ocrx_word' id='word_1_162' title='bbox 1114 1353 1246 1407; x_wconf 90' lang='lat' dir='ltr'><strong>mihi</strong></span> <span class='ocrx_word' id='word_1_163' title='bbox 1285 1353 1505 1422; x_wconf 89' lang='lat' dir='ltr'><strong>quidem</strong></span> <span class='ocrx_word' id='word_1_164' title='bbox 1539 1354 1672 1408; x_wconf 90' lang='lat' dir='ltr'><strong>satis</strong></span> <span class='ocrx_word' id='word_1_165' title='bbox 1726 1355 1830 1409; x_wconf 84' lang='lat' dir='ltr'><strong>hoc</strong></span> <span class='ocrx_word' id='word_1_166' title='bbox 1884 1356 2004 1409; x_wconf 91' lang='lat' dir='ltr'><strong>loco</strong></span> <span class='ocrx_word' id='word_1_167' title='bbox 2070 1355 2256 1419; x_wconf 81' lang='lat' dir='ltr'><strong>fuerit,</strong></span> <span class='ocrx_word' id='word_1_168' title='bbox 2305 1353 2561 1411; x_wconf 86' lang='lat' dir='ltr'><strong>Numenii</strong></span> <span class='ocrx_word' id='word_1_169' title='bbox 2614 1355 2981 1429; x_wconf 84' lang='lat' dir='ltr'><strong>Pythagorici,</strong></span> <span class='ocrx_word' id='word_1_170' title='bbox 3048 1358 3203 1429; x_wconf 86' lang='lat' dir='ltr'><strong>cujus</strong></span> <span class='ocrx_word' id='word_1_171' title='bbox 3265 1359 3570 1429; x_wconf 88' lang='lat' dir='ltr'><strong>percelebre</strong></span> <span class='ocrx_word' id='word_1_172' title='bbox 3603 1371 3819 1412; x_wconf 83' lang='lat' dir='ltr'><strong>nomen</strong></span> 
     </span>
    </p>
   </div>
   <div class='ocr_carea' id='block_1_20' title="bbox 551 1445 2432 1522">
    <p class='ocr_par' dir='ltr' id='par_1_20' title="bbox 551 1445 2432 1522">
     <span class='ocr_line' id='line_1_20' title="bbox 551 1445 2432 1522; baseline -0.002 -15"><span class='ocrx_word' id='word_1_173' title='bbox 551 1463 655 1519; x_wconf 84' lang='lat' dir='ltr'><strong>est,</strong></span> <span class='ocrx_word' id='word_1_174' title='bbox 683 1451 953 1522; x_wconf 88' lang='lat' dir='ltr'><strong>ipsissima</strong></span> <span class='ocrx_word' id='word_1_175' title='bbox 984 1448 1182 1518; x_wconf 85' lang='lat' dir='ltr'><strong>quibus</strong></span> <span class='ocrx_word' id='word_1_176' title='bbox 1205 1446 1447 1501; x_wconf 87' lang='lat' dir='ltr'><strong>secundo</strong></span> <span class='ocrx_word' id='word_1_177' title='bbox 1478 1445 1554 1498; x_wconf 88' lang='lat' dir='ltr'><strong>De</strong></span> <span class='ocrx_word' id='word_1_178' title='bbox 1579 1445 1712 1499; x_wconf 88' lang='lat' dir='ltr'><strong>bono</strong></span> <span class='ocrx_word' id='word_1_179' title='bbox 1736 1446 1927 1514; x_wconf 89' lang='lat' dir='ltr'><strong>utitur,</strong></span> <span class='ocrx_word' id='word_1_180' title='bbox 1960 1447 2126 1501; x_wconf 89' lang='lat' dir='ltr'><strong>verba</strong></span> <span class='ocrx_word' id='word_1_181' title='bbox 2167 1448 2432 1519; x_wconf 79' lang='lat' dir='ltr'><strong>proferre.</strong></span> 
     </span>
    </p>
   </div>
   <div class='ocr_carea' id='block_1_21' title="bbox 1163 1536 1505 1594">
    <p class='ocr_par' dir='ltr' id='par_1_21' title="bbox 1163 1536 1505 1594">
     <span class='ocr_line' id='line_1_21' title="bbox 1163 1536 1505 1594; baseline 0.003 -1"><span class='ocrx_word' id='word_1_182' title='bbox 1163 1537 1391 1593; x_wconf 86' lang='lat' dir='ltr'><strong>CAPUT</strong></span> <span class='ocrx_word' id='word_1_183' title='bbox 1432 1536 1505 1594; x_wconf 81' lang='grc' dir='ltr'><strong>Χ.</strong></span> 
     </span>
    </p>
   </div>
   <div class='ocr_carea' id='block_1_22' title="bbox 619 1628 2070 1699">
    <p class='ocr_par' dir='ltr' id='par_1_22' title="bbox 619 1628 2070 1699">
     <span class='ocr_line' id='line_1_22' title="bbox 619 1628 2070 1699; baseline -0.004 -9"><span class='ocrx_word' id='word_1_184' title='bbox 619 1637 702 1690; x_wconf 78' lang='lat' dir='ltr'><strong>Ea:</strong></span> <span class='ocrx_word' id='word_1_185' title='bbox 728 1635 862 1689; x_wconf 79' lang='lat' dir='ltr'><strong>libro</strong></span> <span class='ocrx_word' id='word_1_186' title='bbox 902 1636 1128 1688; x_wconf 75' lang='lat' dir='ltr'><strong>secundo</strong></span> <span class='ocrx_word' id='word_1_187' title='bbox 1156 1631 1411 1686; x_wconf 84' lang='lat' dir='ltr'><strong>Numenii</strong></span> <span class='ocrx_word' id='word_1_188' title='bbox 1438 1629 1790 1699; x_wconf 80' lang='lat' dir='ltr'><strong>pythagorici,</strong></span> <span class='ocrx_word' id='word_1_189' title='bbox 1824 1628 1897 1684; x_wconf 87' lang='lat' dir='ltr'><strong>De</strong></span> <span class='ocrx_word' id='word_1_190' title='bbox 1915 1629 2070 1684; x_wconf 81' lang='lat' dir='ltr'><strong>bona.</strong></span> 
     </span>
    </p>
   </div>
   <div class='ocr_carea' id='block_1_23' title="bbox 628 1791 2129 1865">
    <p class='ocr_par' dir='ltr' id='par_1_23' title="bbox 628 1791 2129 1865">
     <span class='ocr_line' id='line_1_23' title="bbox 628 1791 2129 1865; baseline -0.001 -18"><span class='ocrx_word' id='word_1_191' title='bbox 628 1814 646 1847; x_wconf 82' lang='grc' dir='ltr'><strong>ι</strong></span> <span class='ocrx_word' id='word_1_192' title='bbox 692 1794 804 1865; x_wconf 84' lang='lat' dir='ltr'><strong>Age</strong></span> <span class='ocrx_word' id='word_1_193' title='bbox 825 1810 977 1857; x_wconf 91' lang='lat' dir='ltr'><strong>vero,</strong></span> <span class='ocrx_word' id='word_1_194' title='bbox 1000 1794 1177 1864; x_wconf 90' lang='lat' dir='ltr'><strong>inquit</strong></span> <span class='ocrx_word' id='word_1_195' title='bbox 1208 1794 1318 1857; x_wconf 92' lang='lat' dir='ltr'><strong>ille,</strong></span> <span class='ocrx_word' id='word_1_196' title='bbox 1356 1801 1519 1862; x_wconf 89' lang='lat' dir='ltr'><strong>atque</strong></span> <span class='ocrx_word' id='word_1_197' title='bbox 1557 1791 1624 1845; x_wconf 90' lang='lat' dir='ltr'><strong>ad</strong></span> <span class='ocrx_word' id='word_1_198' title='bbox 1654 1791 1809 1853; x_wconf 90' lang='lat' dir='ltr'><strong>illud,</strong></span> <span class='ocrx_word' id='word_1_199' title='bbox 1848 1791 1997 1861; x_wconf 90' lang='lat' dir='ltr'><strong>quod</strong></span> <span class='ocrx_word' id='word_1_200' title='bbox 2026 1800 2129 1858; x_wconf 91' lang='lat' dir='ltr'><strong>est,</strong></span> 
     </span>
    </p>
   </div>
   <div class='ocr_carea' id='block_1_24' title="bbox 551 1885 2132 1958">
    <p class='ocr_par' dir='ltr' id='par_1_24' title="bbox 551 1885 2132 1958">
     <span class='ocr_line' id='line_1_24' title="bbox 551 1885 2132 1958; baseline 0.001 -17"><span class='ocrx_word' id='word_1_201' title='bbox 551 1894 813 1958; x_wconf 79' lang='lat' dir='ltr'><strong>quantum</strong></span> <span class='ocrx_word' id='word_1_202' title='bbox 832 1887 1281 1956; x_wconf 86' lang='lat' dir='ltr'><strong>licet,aspircmus</strong></span> <span class='ocrx_word' id='word_1_203' title='bbox 1313 1904 1326 1940; x_wconf 89' lang='lat'><strong>:</strong></span> <span class='ocrx_word' id='word_1_204' title='bbox 1353 1885 1687 1954; x_wconf 91' lang='lat' dir='ltr'><strong>omninoque</strong></span> <span class='ocrx_word' id='word_1_205' title='bbox 1720 1885 2132 1954; x_wconf 89' lang='lat' dir='ltr'><strong>pronuntiemus</strong></span> 
     </span>
    </p>
   </div>
   <div class='ocr_carea' id='block_1_25' title="bbox 551 1974 2137 2047">
    <p class='ocr_par' dir='ltr' id='par_1_25' title="bbox 551 1974 2137 2047">
     <span class='ocr_line' id='line_1_25' title="bbox 551 1974 2137 2047; baseline -0.001 -17"><span class='ocrx_word' id='word_1_206' title='bbox 551 1978 695 2046; x_wconf 91' lang='lat' dir='ltr'><strong>quod</strong></span> <span class='ocrx_word' id='word_1_207' title='bbox 715 1987 816 2040; x_wconf 89' lang='lat' dir='ltr'><strong>est,</strong></span> <span class='ocrx_word' id='word_1_208' title='bbox 844 1977 897 2032; x_wconf 89' lang='lat' dir='ltr'><strong>id</strong></span> <span class='ocrx_word' id='word_1_209' title='bbox 914 1992 1087 2047; x_wconf 87' lang='lat' dir='ltr'><strong>neque</strong></span> <span class='ocrx_word' id='word_1_210' title='bbox 1105 1976 1271 2031; x_wconf 80' lang='lat' dir='ltr'><strong>fuisse</strong></span> <span class='ocrx_word' id='word_1_211' title='bbox 1285 1990 1527 2046; x_wconf 90' lang='lat' dir='ltr'><strong>unquam</strong></span> <span class='ocrx_word' id='word_1_212' title='bbox 1543 1990 1718 2044; x_wconf 89' lang='lat' dir='ltr'><strong>neque</strong></span> <span class='ocrx_word' id='word_1_213' title='bbox 1739 1990 1977 2046; x_wconf 90' lang='lat' dir='ltr'><strong>unquam</strong></span> <span class='ocrx_word' id='word_1_214' title='bbox 1996 1974 2137 2030; x_wconf 84' lang='lat' dir='ltr'><strong>futu-</strong></span> 
     </span>
    </p>
   </div>
   <div class='ocr_carea' id='block_1_26' title="bbox 550 2068 2134 2138">
    <p class='ocr_par' dir='ltr' id='par_1_26' title="bbox 550 2068 2134 2138">
     <span class='ocr_line' id='line_1_26' title="bbox 550 2068 2134 2138; baseline 0 -15"><span class='ocrx_word' id='word_1_215' title='bbox 550 2083 671 2125; x_wconf 75' lang='lat' dir='ltr'><strong>rum</strong></span> <span class='ocrx_word' id='word_1_216' title='bbox 690 2084 831 2135; x_wconf 80' lang='lat' dir='ltr'><strong>esse,</strong></span> <span class='ocrx_word' id='word_1_217' title='bbox 847 2077 900 2122; x_wconf 90' lang='lat' dir='ltr'><strong>at</strong></span> <span class='ocrx_word' id='word_1_218' title='bbox 913 2078 1059 2123; x_wconf 91' lang='lat' dir='ltr'><strong>certo</strong></span> <span class='ocrx_word' id='word_1_219' title='bbox 1074 2069 1333 2124; x_wconf 82' lang='lat' dir='ltr'><strong>duntaxat</strong></span> <span class='ocrx_word' id='word_1_220' title='bbox 1352 2068 1715 2138; x_wconf 73' lang='lat' dir='ltr'><strong>prmsentique</strong></span> <span class='ocrx_word' id='word_1_221' title='bbox 1738 2079 1978 2138; x_wconf 85' lang='lat' dir='ltr'><strong>tempore</strong></span> <span class='ocrx_word' id='word_1_222' title='bbox 1991 2084 2134 2123; x_wconf 82' lang='lat' dir='ltr'><strong>sem-</strong></span> 
     </span>
    </p>
   </div>
   <div class='ocr_carea' id='block_1_27' title="bbox 552 2160 2132 2231">
    <p class='ocr_par' dir='ltr' id='par_1_27' title="bbox 552 2160 2132 2231">
     <span class='ocr_line' id='line_1_27' title="bbox 552 2160 2132 2231; baseline 0.001 -16"><span class='ocrx_word' id='word_1_223' title='bbox 552 2176 647 2230; x_wconf 89' lang='lat' dir='ltr'><strong>per</strong></span> <span class='ocrx_word' id='word_1_224' title='bbox 673 2175 820 2214; x_wconf 89' lang='lat' dir='ltr'><strong>esse:</strong></span> <span class='ocrx_word' id='word_1_225' title='bbox 840 2161 983 2231; x_wconf 90' lang='lat' dir='ltr'><strong>quod</strong></span> <span class='ocrx_word' id='word_1_226' title='bbox 1009 2176 1139 2216; x_wconf 85' lang='lat' dir='ltr'><strong>sane</strong></span> <span class='ocrx_word' id='word_1_227' title='bbox 1161 2170 1373 2231; x_wconf 89' lang='lat' dir='ltr'><strong>tempus</strong></span> <span class='ocrx_word' id='word_1_228' title='bbox 1388 2160 1489 2215; x_wconf 89' lang='lat' dir='ltr'><strong>hoc</strong></span> <span class='ocrx_word' id='word_1_229' title='bbox 1501 2160 1663 2215; x_wconf 92' lang='lat' dir='ltr'><strong>modo</strong></span> <span class='ocrx_word' id='word_1_230' title='bbox 1684 2160 1997 2230; x_wconf 72' lang='lat' dir='ltr'><strong>praesens,si</strong></span> <span class='ocrx_word' id='word_1_231' title='bbox 2009 2160 2132 2231; x_wconf 84' lang='lat' dir='ltr'><strong>quis</strong></span> 
     </span>
    </p>
   </div>
   <div class='ocr_carea' id='block_1_28' title="bbox 555 2252 2132 2323">
    <p class='ocr_par' dir='ltr' id='par_1_28' title="bbox 555 2252 2132 2323">
     <span class='ocr_line' id='line_1_28' title="bbox 555 2252 2132 2323; baseline 0.001 -16"><span class='ocrx_word' id='word_1_232' title='bbox 555 2253 912 2307; x_wconf 73' lang='lat' dir='ltr'><strong>aeternitatem</strong></span> <span class='ocrx_word' id='word_1_233' title='bbox 945 2253 1126 2308; x_wconf 90' lang='lat' dir='ltr'><strong>dicere</strong></span> <span class='ocrx_word' id='word_1_234' title='bbox 1175 2252 1429 2317; x_wconf 86' lang='lat' dir='ltr'><strong>voluerit,</strong></span> <span class='ocrx_word' id='word_1_235' title='bbox 1464 2268 1552 2307; x_wconf 90' lang='lat' dir='ltr'><strong>me</strong></span> <span class='ocrx_word' id='word_1_236' title='bbox 1580 2260 1805 2308; x_wconf 88' lang='lat' dir='ltr'><strong>auctore</strong></span> <span class='ocrx_word' id='word_1_237' title='bbox 1825 2252 2041 2323; x_wconf 90' lang='lat' dir='ltr'><strong>quidem</strong></span> <span class='ocrx_word' id='word_1_238' title='bbox 2078 2253 2132 2309; x_wconf 91' lang='lat' dir='ltr'><strong>id</strong></span> 
     </span>
    </p>
   </div>
   <div class='ocr_carea' id='block_1_29' title="bbox 552 2342 2130 2413">
    <p class='ocr_par' dir='ltr' id='par_1_29' title="bbox 552 2342 2130 2413">
     <span class='ocr_line' id='line_1_29' title="bbox 552 2342 2130 2413; baseline 0 -17"><span class='ocrx_word' id='word_1_239' title='bbox 552 2343 732 2398; x_wconf 85' lang='lat' dir='ltr'><strong>faciat.</strong></span> <span class='ocrx_word' id='word_1_240' title='bbox 765 2344 833 2397; x_wconf 78' lang='lat' dir='ltr'><strong>At</strong></span> <span class='ocrx_word' id='word_1_241' title='bbox 860 2359 988 2399; x_wconf 89' lang='lat' dir='ltr'><strong>vero</strong></span> <span class='ocrx_word' id='word_1_242' title='bbox 1034 2353 1250 2413; x_wconf 86' lang='lat' dir='ltr'><strong>tempus</strong></span> <span class='ocrx_word' id='word_1_243' title='bbox 1307 2343 1681 2413; x_wconf 67' lang='lat' dir='ltr'><strong>praeteritum,</strong></span> <span class='ocrx_word' id='word_1_244' title='bbox 1734 2342 2000 2412; x_wconf 87' lang='lat' dir='ltr'><strong>ejusmodi</strong></span> <span class='ocrx_word' id='word_1_245' title='bbox 2030 2357 2130 2397; x_wconf 91' lang='lat' dir='ltr'><strong>nos</strong></span> 
     </span>
    </p>
   </div>
   <div class='ocr_carea' id='block_1_30' title="bbox 551 2434 2126 2505">
    <p class='ocr_par' dir='ltr' id='par_1_30' title="bbox 551 2434 2126 2505">
     <span class='ocr_line' id='line_1_30' title="bbox 551 2434 2126 2505; baseline -0.001 -16"><span class='ocrx_word' id='word_1_246' title='bbox 551 2437 861 2490; x_wconf 78' lang='lat' dir='ltr'><strong>existimare</strong></span> <span class='ocrx_word' id='word_1_247' title='bbox 919 2435 1093 2501; x_wconf 81' lang='lat' dir='ltr'><strong>decet,</strong></span> <span class='ocrx_word' id='word_1_248' title='bbox 1145 2435 1289 2505; x_wconf 89' lang='lat' dir='ltr'><strong>quod</strong></span> <span class='ocrx_word' id='word_1_249' title='bbox 1336 2435 1450 2504; x_wconf 89' lang='lat' dir='ltr'><strong>jam</strong></span> <span class='ocrx_word' id='word_1_250' title='bbox 1514 2450 1745 2505; x_wconf 88' lang='lat' dir='ltr'><strong>prorsus</strong></span> <span class='ocrx_word' id='word_1_251' title='bbox 1829 2434 2126 2505; x_wconf 75' lang='lat' dir='ltr'><strong>aufugerit,</strong></span> 
     </span>
    </p>
   </div>
   <div class='ocr_carea' id='block_1_31' title="bbox 552 2525 2131 2598">
    <p class='ocr_par' dir='ltr' id='par_1_31' title="bbox 552 2525 2131 2598">
     <span class='ocr_line' id='line_1_31' title="bbox 552 2525 2131 2598; baseline 0 -17"><span class='ocrx_word' id='word_1_252' title='bbox 552 2538 715 2598; x_wconf 87' lang='lat' dir='ltr'><strong>atque</strong></span> <span class='ocrx_word' id='word_1_253' title='bbox 742 2528 814 2581; x_wconf 91' lang='lat' dir='ltr'><strong>ita</strong></span> <span class='ocrx_word' id='word_1_254' title='bbox 846 2528 1159 2590; x_wconf 90' lang='lat' dir='ltr'><strong>evanuerit,</strong></span> <span class='ocrx_word' id='word_1_255' title='bbox 1189 2535 1248 2579; x_wconf 91' lang='lat' dir='ltr'><strong>ut</strong></span> <span class='ocrx_word' id='word_1_256' title='bbox 1276 2526 1495 2594; x_wconf 88' lang='lat' dir='ltr'><strong>penitus</strong></span> <span class='ocrx_word' id='word_1_257' title='bbox 1531 2541 1652 2581; x_wconf 85' lang='lat' dir='ltr'><strong>esse</strong></span> <span class='ocrx_word' id='word_1_258' title='bbox 1680 2526 1904 2581; x_wconf 88' lang='lat' dir='ltr'><strong>desierit</strong></span> <span class='ocrx_word' id='word_1_259' title='bbox 1932 2544 1944 2581; x_wconf 90' lang='lat'>:</span> <span class='ocrx_word' id='word_1_260' title='bbox 1985 2525 2131 2581; x_wconf 89' lang='lat' dir='ltr'><strong>futu-</strong></span> 
     </span>
    </p>
   </div>
   <div class='ocr_carea' id='block_1_32' title="bbox 551 2616 2130 2687">
    <p class='ocr_par' dir='ltr' id='par_1_32' title="bbox 551 2616 2130 2687">
     <span class='ocr_line' id='line_1_32' title="bbox 551 2616 2130 2687; baseline -0.002 -13"><span class='ocrx_word' id='word_1_261' title='bbox 551 2636 674 2675; x_wconf 85' lang='lat' dir='ltr'><strong>rum</strong></span> <span class='ocrx_word' id='word_1_262' title='bbox 708 2628 908 2680; x_wconf 88' lang='lat' dir='ltr'><strong>autem,</strong></span> <span class='ocrx_word' id='word_1_263' title='bbox 966 2617 1111 2687; x_wconf 91' lang='lat' dir='ltr'><strong>quod</strong></span> <span class='ocrx_word' id='word_1_264' title='bbox 1149 2616 1394 2671; x_wconf 90' lang='lat' dir='ltr'><strong>nondum</strong></span> <span class='ocrx_word' id='word_1_265' title='bbox 1448 2616 1554 2679; x_wconf 89' lang='lat' dir='ltr'><strong>sit,</strong></span> <span class='ocrx_word' id='word_1_266' title='bbox 1585 2617 1802 2672; x_wconf 86' lang='lat' dir='ltr'><strong>tametsi</strong></span> <span class='ocrx_word' id='word_1_267' title='bbox 1840 2625 1899 2671; x_wconf 88' lang='lat' dir='ltr'><strong>ut</strong></span> <span class='ocrx_word' id='word_1_268' title='bbox 1934 2621 2005 2673; x_wconf 91' lang='lat' dir='ltr'><strong>sit</strong></span> <span class='ocrx_word' id='word_1_269' title='bbox 2028 2618 2130 2672; x_wconf 90' lang='lat' dir='ltr'><strong>ali—</strong></span> 
     </span>
    </p>
   </div>
   <div class='ocr_carea' id='block_1_33' title="bbox 552 2707 2130 2781">
    <p class='ocr_par' dir='ltr' id='par_1_33' title="bbox 552 2707 2130 2781">
     <span class='ocr_line' id='line_1_33' title="bbox 552 2707 2130 2781; baseline 0 -16"><span class='ocrx_word' id='word_1_270' title='bbox 552 2711 790 2781; x_wconf 88' lang='lat' dir='ltr'><strong>quando,</strong></span> <span class='ocrx_word' id='word_1_271' title='bbox 816 2710 1016 2764; x_wconf 87' lang='lat' dir='ltr'><strong>habere</strong></span> <span class='ocrx_word' id='word_1_272' title='bbox 1048 2723 1211 2779; x_wconf 91' lang='lat' dir='ltr'><strong>posse</strong></span> <span class='ocrx_word' id='word_1_273' title='bbox 1261 2709 1492 2765; x_wconf 85' lang='lat' dir='ltr'><strong>dicatur.</strong></span> <span class='ocrx_word' id='word_1_274' title='bbox 1536 2707 1714 2765; x_wconf 83' lang='lat' dir='ltr'><strong>Minus</strong></span> <span class='ocrx_word' id='word_1_275' title='bbox 1740 2725 1868 2781; x_wconf 86' lang='lat' dir='ltr'><strong>ergo</strong></span> <span class='ocrx_word' id='word_1_276' title='bbox 1900 2725 2130 2768; x_wconf 84' lang='lat' dir='ltr'><strong>consen-</strong></span> 
     </span>
    </p>
   </div>
   <div class='ocr_carea' id='block_1_34' title="bbox 552 2800 2131 2873">
    <p class='ocr_par' dir='ltr' id='par_1_34' title="bbox 552 2800 2131 2873">
     <span class='ocr_line' id='line_1_34' title="bbox 552 2800 2131 2873; baseline -0.002 -15"><span class='ocrx_word' id='word_1_277' title='bbox 552 2812 710 2858; x_wconf 86' lang='lat' dir='ltr'><strong>tanee</strong></span> <span class='ocrx_word' id='word_1_278' title='bbox 732 2801 1074 2872; x_wconf 81' lang='lat' dir='ltr'><strong>fecerit,qui,</strong></span> <span class='ocrx_word' id='word_1_279' title='bbox 1099 2802 1241 2871; x_wconf 89' lang='lat' dir='ltr'><strong>quod</strong></span> <span class='ocrx_word' id='word_1_280' title='bbox 1268 2808 1373 2866; x_wconf 90' lang='lat' dir='ltr'><strong>est,</strong></span> <span class='ocrx_word' id='word_1_281' title='bbox 1403 2800 1457 2855; x_wconf 90' lang='lat' dir='ltr'><strong>id</strong></span> <span class='ocrx_word' id='word_1_282' title='bbox 1488 2800 1669 2871; x_wconf 86' lang='lat' dir='ltr'><strong>ipsum</strong></span> <span class='ocrx_word' id='word_1_283' title='bbox 1701 2817 1811 2857; x_wconf 91' lang='lat' dir='ltr'><strong>uno</strong></span> <span class='ocrx_word' id='word_1_284' title='bbox 1835 2803 2131 2873; x_wconf 89' lang='lat' dir='ltr'><strong>eodemque</strong></span> 
     </span>
    </p>
   </div>
   <div class='ocr_carea' id='block_1_35' title="bbox 558 2894 2129 2966">
    <p class='ocr_par' dir='ltr' id='par_1_35' title="bbox 558 2894 2129 2966">
     <span class='ocr_line' id='line_1_35' title="bbox 558 2894 2129 2966; baseline 0 -17"><span class='ocrx_word' id='word_1_285' title='bbox 558 2894 741 2959; x_wconf 89' lang='lat' dir='ltr'><strong>modo,</strong></span> <span class='ocrx_word' id='word_1_286' title='bbox 774 2894 859 2949; x_wconf 93' lang='lat' dir='ltr'><strong>vel</strong></span> <span class='ocrx_word' id='word_1_287' title='bbox 885 2894 1131 2949; x_wconf 85' lang='lat' dir='ltr'><strong>absolute</strong></span> <span class='ocrx_word' id='word_1_288' title='bbox 1164 2908 1273 2947; x_wconf 91' lang='lat' dir='ltr'><strong>non</strong></span> <span class='ocrx_word' id='word_1_289' title='bbox 1316 2909 1457 2960; x_wconf 89' lang='lat' dir='ltr'><strong>esse,</strong></span> <span class='ocrx_word' id='word_1_290' title='bbox 1479 2895 1563 2949; x_wconf 90' lang='lat' dir='ltr'><strong>vel</strong></span> <span class='ocrx_word' id='word_1_291' title='bbox 1601 2910 1709 2949; x_wconf 90' lang='lat' dir='ltr'><strong>non</strong></span> <span class='ocrx_word' id='word_1_292' title='bbox 1740 2894 1998 2966; x_wconf 86' lang='lat' dir='ltr'><strong>amplius,</strong></span> <span class='ocrx_word' id='word_1_293' title='bbox 2044 2895 2129 2949; x_wconf 88' lang='lat' dir='ltr'><strong>vel</strong></span> 
     </span>
    </p>
   </div>
   <div class='ocr_carea' id='block_1_36' title="bbox 525 2984 2128 3056">
    <p class='ocr_par' dir='ltr' id='par_1_36' title="bbox 525 2984 2128 3056">
     <span class='ocr_line' id='line_1_36' title="bbox 525 2984 2128 3056; baseline 0.001 -16"><span class='ocrx_word' id='word_1_294' title='bbox 525 2986 795 3041; x_wconf 62' lang='lat' dir='ltr'><strong>.nondum</strong></span> <span class='ocrx_word' id='word_1_295' title='bbox 839 3000 962 3040; x_wconf 90' lang='lat' dir='ltr'><strong>esse</strong></span> <span class='ocrx_word' id='word_1_296' title='bbox 1008 2985 1281 3040; x_wconf 86' lang='lat' dir='ltr'><strong>statuerit.</strong></span> <span class='ocrx_word' id='word_1_297' title='bbox 1319 2984 1423 3050; x_wconf 87' lang='lat' dir='ltr'><strong>Qui</strong></span> <span class='ocrx_word' id='word_1_298' title='bbox 1478 2985 1624 3040; x_wconf 91' lang='lat' dir='ltr'><strong>enim</strong></span> <span class='ocrx_word' id='word_1_299' title='bbox 1658 2987 1739 3042; x_wconf 89' lang='lat' dir='ltr'><strong>sic</strong></span> <span class='ocrx_word' id='word_1_300' title='bbox 1776 2987 2053 3056; x_wconf 91' lang='lat' dir='ltr'><strong>loquatur,</strong></span> <span class='ocrx_word' id='word_1_301' title='bbox 2082 2986 2128 3041; x_wconf 90' lang='lat' dir='ltr'><strong>is</strong></span> 
     </span>
    </p>
   </div>
   <div class='ocr_carea' id='block_1_37' title="bbox 556 3076 2127 3148">
    <p class='ocr_par' dir='ltr' id='par_1_37' title="bbox 556 3076 2127 3148">
     <span class='ocr_line' id='line_1_37' title="bbox 556 3076 2127 3148; baseline -0.001 -15"><span class='ocrx_word' id='word_1_302' title='bbox 556 3094 696 3143; x_wconf 84' lang='lat' dir='ltr'><strong>rem,</strong></span> <span class='ocrx_word' id='word_1_303' title='bbox 730 3093 854 3148; x_wconf 64' lang='lat' dir='ltr'><strong>quae</strong></span> <span class='ocrx_word' id='word_1_304' title='bbox 912 3092 1191 3146; x_wconf 88' lang='lat' dir='ltr'><strong>nunquam</strong></span> <span class='ocrx_word' id='word_1_305' title='bbox 1244 3077 1401 3146; x_wconf 88' lang='lat' dir='ltr'><strong>plane</strong></span> <span class='ocrx_word' id='word_1_306' title='bbox 1434 3076 1549 3132; x_wconf 80' lang='lat' dir='ltr'><strong>ﬁeri</strong></span> <span class='ocrx_word' id='word_1_307' title='bbox 1601 3077 1818 3148; x_wconf 90' lang='lat' dir='ltr'><strong>possit,</strong></span> <span class='ocrx_word' id='word_1_308' title='bbox 1874 3078 2127 3148; x_wconf 86' lang='lat' dir='ltr'><strong>loquatur</strong></span> 
     </span>
    </p>
   </div>
   <div class='ocr_carea' id='block_1_38' title="bbox 2781 1539 3276 1593">
    <p class='ocr_par' dir='ltr' id='par_1_38' title="bbox 2781 1539 3276 1593">
     <span class='ocr_line' id='line_1_38' title="bbox 2781 1539 3276 1593; baseline -0.006 0"><span class='ocrx_word' id='word_1_309' title='bbox 2781 1539 3175 1593; x_wconf 80' lang='grc' dir='ltr'><strong>ΚΕΦΑΛᾹΙΟΝ</strong></span> <span class='ocrx_word' id='word_1_310' title='bbox 3226 1542 3276 1591; x_wconf 88' lang='lat' dir='ltr'><strong>l’.</strong></span> 
     </span>
    </p>
   </div>
   <div class='ocr_carea' id='block_1_39' title="bbox 2247 1629 3822 1701">
    <p class='ocr_par' dir='ltr' id='par_1_39' title="bbox 2247 1629 3822 1701">
     <span class='ocr_line' id='line_1_39' title="bbox 2247 1629 3822 1701; baseline 0.001 -18"><span class='ocrx_word' id='word_1_311' title='bbox 2247 1629 2381 1684; x_wconf 78' lang='grc' dir='ltr'><strong>Ἀπὸ</strong></span> <span class='ocrx_word' id='word_1_312' title='bbox 2406 1631 2514 1686; x_wconf 82' lang='grc' dir='ltr'><strong>τοῦ</strong></span> <span class='ocrx_word' id='word_1_313' title='bbox 2545 1631 2828 1701; x_wconf 81' lang='grc' dir='ltr'><strong>δευτέρου</strong></span> <span class='ocrx_word' id='word_1_314' title='bbox 2854 1632 2992 1699; x_wconf 77' lang='grc' dir='ltr'>Περὶ</span> <span class='ocrx_word' id='word_1_315' title='bbox 3020 1630 3293 1700; x_wconf 80' lang='grc' dir='ltr'>τάγαθοῦ,</span> <span class='ocrx_word' id='word_1_316' title='bbox 3328 1632 3672 1700; x_wconf 73' lang='grc' dir='ltr'><strong>Νουμηνίου</strong></span> <span class='ocrx_word' id='word_1_317' title='bbox 3708 1629 3822 1684; x_wconf 84' lang='grc' dir='ltr'><strong>τοῦ</strong></span> 
     </span>
    </p>
   </div>
   <div class='ocr_carea' id='block_1_40' title="bbox 2810 1703 3230 1771">
    <p class='ocr_par' dir='ltr' id='par_1_40' title="bbox 2810 1703 3230 1771">
     <span class='ocr_line' id='line_1_40' title="bbox 2810 1703 3230 1771; baseline 0 -16"><span class='ocrx_word' id='word_1_318' title='bbox 2810 1703 3230 1771; x_wconf 76' lang='grc' dir='ltr'><strong>Πυθαγορείου.</strong></span> 
     </span>
    </p>
   </div>
   <div class='ocr_carea' id='block_1_41' title="bbox 2314 1789 3824 1866">
    <p class='ocr_par' dir='ltr' id='par_1_41' title="bbox 2314 1789 3824 1866">
     <span class='ocr_line' id='line_1_41' title="bbox 2314 1789 3824 1866; baseline 0 -23"><span class='ocrx_word' id='word_1_319' title='bbox 2314 1810 2333 1843; x_wconf 77' lang='grc' dir='ltr'><strong>ι</strong></span> <span class='ocrx_word' id='word_1_320' title='bbox 2389 1793 2524 1866; x_wconf 83' lang='grc' dir='ltr'>Φέρε</span> <span class='ocrx_word' id='word_1_321' title='bbox 2554 1789 2668 1860; x_wconf 77' lang='grc' dir='ltr'>οὖν,</span> <span class='ocrx_word' id='word_1_322' title='bbox 2714 1795 2812 1866; x_wconf 83' lang='grc' dir='ltr'><strong>ὅση</strong></span> <span class='ocrx_word' id='word_1_323' title='bbox 2861 1793 3107 1866; x_wconf 80' lang='grc' dir='ltr'>δύναμις,</span> <span class='ocrx_word' id='word_1_324' title='bbox 3152 1793 3418 1863; x_wconf 80' lang='grc' dir='ltr'>ἐγγύτατα</span> <span class='ocrx_word' id='word_1_325' title='bbox 3466 1794 3605 1864; x_wconf 81' lang='grc' dir='ltr'>πρὸς</span> <span class='ocrx_word' id='word_1_326' title='bbox 3651 1791 3719 1844; x_wconf 74' lang='grc' dir='ltr'>τὸ</span> <span class='ocrx_word' id='word_1_327' title='bbox 3759 1791 3824 1844; x_wconf 80' lang='grc' dir='ltr'>ὃν</span> 
     </span>
    </p>
   </div>
   <div class='ocr_carea' id='block_1_42' title="bbox 2237 1881 3825 1958">
    <p class='ocr_par' dir='ltr' id='par_1_42' title="bbox 2237 1881 3825 1958">
     <span class='ocr_line' id='line_1_42' title="bbox 2237 1881 3825 1958; baseline -0.001 -20"><span class='ocrx_word' id='word_1_328' title='bbox 2237 1885 2589 1958; x_wconf 85' lang='grc' dir='ltr'>ἀναγώμεθα,</span> <span class='ocrx_word' id='word_1_329' title='bbox 2620 1888 2716 1940; x_wconf 78' lang='grc' dir='ltr'><strong>καὶ</strong></span> <span class='ocrx_word' id='word_1_330' title='bbox 2748 1884 3101 1957; x_wconf 85' lang='grc' dir='ltr'>λέγωμεν,Τὸ</span> <span class='ocrx_word' id='word_1_331' title='bbox 3134 1886 3191 1941; x_wconf 86' lang='grc' dir='ltr'>ὃν</span> <span class='ocrx_word' id='word_1_332' title='bbox 3218 1886 3339 1939; x_wconf 75' lang='grc' dir='ltr'>οὔτε</span> <span class='ocrx_word' id='word_1_333' title='bbox 3382 1888 3510 1938; x_wconf 84' lang='grc' dir='ltr'><strong>ποτέ</strong></span> <span class='ocrx_word' id='word_1_334' title='bbox 3541 1881 3635 1956; x_wconf 78' lang='grc' dir='ltr'>ἦν,</span> <span class='ocrx_word' id='word_1_335' title='bbox 3687 1881 3825 1937; x_wconf 71' lang='grc' dir='ltr'>οὔτε</span> 
     </span>
    </p>
   </div>
   <div class='ocr_carea' id='block_1_43' title="bbox 2236 1974 3821 2047">
    <p class='ocr_par' dir='ltr' id='par_1_43' title="bbox 2236 1974 3821 2047">
     <span class='ocr_line' id='line_1_43' title="bbox 2236 1974 3821 2047; baseline 0.001 -21"><span class='ocrx_word' id='word_1_336' title='bbox 2236 1977 2365 2029; x_wconf 83' lang='grc' dir='ltr'><strong>ποτέ</strong></span> <span class='ocrx_word' id='word_1_337' title='bbox 2392 1977 2465 2047; x_wconf 83' lang='grc' dir='ltr'>μὴ</span> <span class='ocrx_word' id='word_1_338' title='bbox 2489 1977 2713 2047; x_wconf 84' lang='grc' dir='ltr'>γένηται</span> <span class='ocrx_word' id='word_1_339' title='bbox 2733 1994 2745 2006; x_wconf 86' lang='grc'><strong>·</strong></span> <span class='ocrx_word' id='word_1_340' title='bbox 2776 1976 2888 2029; x_wconf 82' lang='grc' dir='ltr'>ἀλλ’</span> <span class='ocrx_word' id='word_1_341' title='bbox 2925 1975 3069 2029; x_wconf 79' lang='grc' dir='ltr'>ἔστιν</span> <span class='ocrx_word' id='word_1_342' title='bbox 3095 1976 3179 2028; x_wconf 78' lang='grc' dir='ltr'><strong>ἀεὶ</strong></span> <span class='ocrx_word' id='word_1_343' title='bbox 3220 1978 3275 2028; x_wconf 83' lang='grc' dir='ltr'><strong>ἐν</strong></span> <span class='ocrx_word' id='word_1_344' title='bbox 3301 1976 3471 2047; x_wconf 81' lang='grc' dir='ltr'>χρόνῳ</span> <span class='ocrx_word' id='word_1_345' title='bbox 3494 1974 3821 2047; x_wconf 76' lang='grc' dir='ltr'>ὡρισμένῳ,</span> 
     </span>
    </p>
   </div>
   <div class='ocr_carea' id='block_1_44' title="bbox 2234 2064 3830 2139">
    <p class='ocr_par' dir='ltr' id='par_1_44' title="bbox 2234 2064 3830 2139">
     <span class='ocr_line' id='line_1_44' title="bbox 2234 2064 3830 2139; baseline -0.004 -17"><span class='ocrx_word' id='word_1_346' title='bbox 2234 2068 2309 2139; x_wconf 81' lang='grc' dir='ltr'><strong>τῷ</strong></span> <span class='ocrx_word' id='word_1_347' title='bbox 2352 2069 2607 2122; x_wconf 79' lang='grc' dir='ltr'>ἐνεστῶτι</span> <span class='ocrx_word' id='word_1_348' title='bbox 2638 2068 2803 2139; x_wconf 88' lang='grc' dir='ltr'>μόνῳ.</span> <span class='ocrx_word' id='word_1_349' title='bbox 2837 2069 3034 2122; x_wconf 76' lang='grc' dir='ltr'>Τοῦτον</span> <span class='ocrx_word' id='word_1_350' title='bbox 3068 2069 3164 2139; x_wconf 79' lang='grc' dir='ltr'><strong>μὲν</strong></span> <span class='ocrx_word' id='word_1_351' title='bbox 3194 2064 3286 2121; x_wconf 78' lang='grc' dir='ltr'><strong>οὖν</strong></span> <span class='ocrx_word' id='word_1_352' title='bbox 3314 2067 3403 2121; x_wconf 87' lang='grc' dir='ltr'><strong>τὸν</strong></span> <span class='ocrx_word' id='word_1_353' title='bbox 3452 2067 3732 2121; x_wconf 77' lang='grc' dir='ltr'>ἐνεστῶτα</span> <span class='ocrx_word' id='word_1_354' title='bbox 3768 2065 3830 2117; x_wconf 71' lang='grc' dir='ltr'>εἰ</span> 
     </span>
    </p>
   </div>
   <div class='ocr_carea' id='block_1_45' title="bbox 2232 2156 3828 2231">
    <p class='ocr_par' dir='ltr' id='par_1_45' title="bbox 2232 2156 3828 2231">
     <span class='ocr_line' id='line_1_45' title="bbox 2232 2156 3828 2231; baseline -0.004 -16"><span class='ocrx_word' id='word_1_355' title='bbox 2232 2179 2314 2225; x_wconf 84' lang='grc' dir='ltr'><strong>τις</strong></span> <span class='ocrx_word' id='word_1_356' title='bbox 2342 2161 2512 2215; x_wconf 79' lang='grc' dir='ltr'>ἐθέλει</span> <span class='ocrx_word' id='word_1_357' title='bbox 2541 2161 2726 2215; x_wconf 86' lang='grc' dir='ltr'>καλεῖν</span> <span class='ocrx_word' id='word_1_358' title='bbox 2754 2160 2945 2224; x_wconf 78' lang='grc' dir='ltr'>αἰῶνα,</span> <span class='ocrx_word' id='word_1_359' title='bbox 2978 2159 3132 2229; x_wconf 86' lang='grc' dir='ltr'><strong>κάγὼ</strong></span> <span class='ocrx_word' id='word_1_360' title='bbox 3170 2159 3516 2231; x_wconf 75' lang='grc' dir='ltr'>συμϐουλεύω</span> <span class='ocrx_word' id='word_1_361' title='bbox 3542 2171 3568 2198; x_wconf 84' lang='grc' dir='ltr'>ι</span> <span class='ocrx_word' id='word_1_362' title='bbox 3592 2173 3609 2187; x_wconf 72' lang='grc' dir='ltr'><strong>ο</strong></span> <span class='ocrx_word' id='word_1_363' title='bbox 3638 2158 3737 2209; x_wconf 76' lang='grc' dir='ltr'><strong>τὸν</strong></span> <span class='ocrx_word' id='word_1_364' title='bbox 3763 2156 3828 2209; x_wconf 79' lang='grc' dir='ltr'>δὲ</span> 
     </span>
    </p>
   </div>
   <div class='ocr_carea' id='block_1_46' title="bbox 2232 2246 3825 2323">
    <p class='ocr_par' dir='ltr' id='par_1_46' title="bbox 2232 2246 3825 2323">
     <span class='ocr_line' id='line_1_46' title="bbox 2232 2246 3825 2323; baseline -0.003 -19"><span class='ocrx_word' id='word_1_365' title='bbox 2232 2251 2565 2323; x_wconf 83' lang='grc' dir='ltr'>παρελθόντα</span> <span class='ocrx_word' id='word_1_366' title='bbox 2599 2252 2789 2322; x_wconf 83' lang='grc' dir='ltr'>χρόνον</span> <span class='ocrx_word' id='word_1_367' title='bbox 2813 2251 3018 2305; x_wconf 75' lang='grc' dir='ltr'>οἴεσθαι</span> <span class='ocrx_word' id='word_1_368' title='bbox 3049 2251 3153 2323; x_wconf 76' lang='grc' dir='ltr'><strong>χρὴ</strong></span> <span class='ocrx_word' id='word_1_369' title='bbox 3186 2253 3353 2321; x_wconf 81' lang='grc' dir='ltr'>ἡμᾶς,</span> <span class='ocrx_word' id='word_1_370' title='bbox 3379 2246 3825 2317; x_wconf 74' lang='grc' dir='ltr'>διαπεφευγότα,</span> 
     </span>
    </p>
   </div>
   <div class='ocr_carea' id='block_1_47' title="bbox 2231 2335 3826 2413">
    <p class='ocr_par' dir='ltr' id='par_1_47' title="bbox 2231 2335 3826 2413">
     <span class='ocr_line' id='line_1_47' title="bbox 2231 2335 3826 2413; baseline -0.004 -17"><span class='ocrx_word' id='word_1_371' title='bbox 2231 2343 2331 2413; x_wconf 72' lang='grc' dir='ltr'>ἤδη</span> <span class='ocrx_word' id='word_1_372' title='bbox 2378 2342 2818 2412; x_wconf 78' lang='grc' dir='ltr'>διαπεφευγέναι,</span> <span class='ocrx_word' id='word_1_373' title='bbox 2869 2342 3290 2413; x_wconf 78' lang='grc' dir='ltr'>ἀποδεδρακέναι</span> <span class='ocrx_word' id='word_1_374' title='bbox 3342 2360 3400 2395; x_wconf 87' lang='grc' dir='ltr'><strong>τε</strong></span> <span class='ocrx_word' id='word_1_375' title='bbox 3442 2342 3521 2405; x_wconf 72' lang='grc' dir='ltr'>εἰς</span> <span class='ocrx_word' id='word_1_376' title='bbox 3571 2340 3635 2393; x_wconf 79' lang='grc' dir='ltr'><strong>τὸ</strong></span> <span class='ocrx_word' id='word_1_377' title='bbox 3670 2335 3826 2392; x_wconf 77' lang='grc' dir='ltr'>εἶναι</span> 
     </span>
    </p>
   </div>
   <div class='ocr_carea' id='block_1_48' title="bbox 2235 2430 3829 2507">
    <p class='ocr_par' dir='ltr' id='par_1_48' title="bbox 2235 2430 3829 2507">
     <span class='ocr_line' id='line_1_48' title="bbox 2235 2430 3829 2507; baseline -0.004 -18"><span class='ocrx_word' id='word_1_378' title='bbox 2235 2436 2460 2507; x_wconf 78' lang='grc' dir='ltr'>μηκέτι·</span> <span class='ocrx_word' id='word_1_379' title='bbox 2495 2436 2523 2488; x_wconf 82' lang='grc' dir='ltr'><strong>ὅ</strong></span> <span class='ocrx_word' id='word_1_380' title='bbox 2556 2452 2615 2487; x_wconf 87' lang='grc' dir='ltr'><strong>τε</strong></span> <span class='ocrx_word' id='word_1_381' title='bbox 2649 2432 2715 2489; x_wconf 81' lang='grc' dir='ltr'>αὖ</span> <span class='ocrx_word' id='word_1_382' title='bbox 2754 2435 2959 2505; x_wconf 80' lang='grc' dir='ltr'>μέλλων</span> <span class='ocrx_word' id='word_1_383' title='bbox 2992 2436 3105 2487; x_wconf 74' lang='grc' dir='ltr'>ἐστὶ</span> <span class='ocrx_word' id='word_1_384' title='bbox 3142 2433 3237 2505; x_wconf 81' lang='grc' dir='ltr'><strong>μὲν</strong></span> <span class='ocrx_word' id='word_1_385' title='bbox 3274 2434 3503 2493; x_wconf 80' lang='grc' dir='ltr'>οὐδέπω,</span> <span class='ocrx_word' id='word_1_386' title='bbox 3534 2430 3829 2499; x_wconf 79' lang='grc' dir='ltr'>ἐπαγγέλ-</span> 
     </span>
    </p>
   </div>
   <div class='ocr_carea' id='block_1_49' title="bbox 2228 2522 3832 2598">
    <p class='ocr_par' dir='ltr' id='par_1_49' title="bbox 2228 2522 3832 2598">
     <span class='ocr_line' id='line_1_49' title="bbox 2228 2522 3832 2598; baseline -0.001 -19"><span class='ocrx_word' id='word_1_387' title='bbox 2228 2526 2380 2582; x_wconf 76' lang='grc' dir='ltr'>λεται</span> <span class='ocrx_word' id='word_1_388' title='bbox 2434 2528 2491 2581; x_wconf 83' lang='grc' dir='ltr'>δὲ</span> <span class='ocrx_word' id='word_1_389' title='bbox 2540 2522 2657 2591; x_wconf 77' lang='grc' dir='ltr'>οἶός</span> <span class='ocrx_word' id='word_1_390' title='bbox 2698 2544 2757 2580; x_wconf 88' lang='grc' dir='ltr'><strong>τε</strong></span> <span class='ocrx_word' id='word_1_391' title='bbox 2808 2526 3023 2579; x_wconf 72' lang='grc' dir='ltr'>ἔσεσθαι</span> <span class='ocrx_word' id='word_1_392' title='bbox 3067 2526 3215 2598; x_wconf 78' lang='grc' dir='ltr'>ἥξειν</span> <span class='ocrx_word' id='word_1_393' title='bbox 3266 2531 3343 2591; x_wconf 84' lang='grc' dir='ltr'>εἰς</span> <span class='ocrx_word' id='word_1_394' title='bbox 3387 2527 3445 2579; x_wconf 78' lang='grc' dir='ltr'><strong>τὸ</strong></span> <span class='ocrx_word' id='word_1_395' title='bbox 3477 2523 3639 2579; x_wconf 74' lang='grc' dir='ltr'>εἶναι,</span> <span class='ocrx_word' id='word_1_396' title='bbox 3673 2524 3832 2577; x_wconf 65' lang='lat'><strong>06:-</strong></span> 
     </span>
    </p>
   </div>
   <div class='ocr_carea' id='block_1_50' title="bbox 2229 2615 3831 2691">
    <p class='ocr_par' dir='ltr' id='par_1_50' title="bbox 2229 2615 3831 2691">
     <span class='ocr_line' id='line_1_50' title="bbox 2229 2615 3831 2691; baseline -0.004 -17"><span class='ocrx_word' id='word_1_397' title='bbox 2229 2621 2323 2674; x_wconf 80' lang='grc' dir='ltr'>οὖν</span> <span class='ocrx_word' id='word_1_398' title='bbox 2368 2620 2479 2691; x_wconf 70' lang='grc'>(45)</span> <span class='ocrx_word' id='word_1_399' title='bbox 2533 2619 2679 2683; x_wconf 75' lang='grc' dir='ltr'>εἰκός</span> <span class='ocrx_word' id='word_1_400' title='bbox 2726 2621 2872 2671; x_wconf 82' lang='grc' dir='ltr'>ἐστιν</span> <span class='ocrx_word' id='word_1_401' title='bbox 2915 2619 2993 2671; x_wconf 79' lang='grc' dir='ltr'><strong>ἐνί</strong></span> <span class='ocrx_word' id='word_1_402' title='bbox 3025 2634 3087 2686; x_wconf 88' lang='grc' dir='ltr'><strong>γε</strong></span> <span class='ocrx_word' id='word_1_403' title='bbox 3137 2620 3320 2689; x_wconf 86' lang='grc' dir='ltr'>τρόπῳ</span> <span class='ocrx_word' id='word_1_404' title='bbox 3360 2618 3602 2688; x_wconf 78' lang='grc' dir='ltr'>νομίζειν</span> <span class='ocrx_word' id='word_1_405' title='bbox 3648 2615 3717 2668; x_wconf 79' lang='grc' dir='ltr'>τὸ</span> <span class='ocrx_word' id='word_1_406' title='bbox 3761 2615 3831 2668; x_wconf 75' lang='grc' dir='ltr'>ὃν</span> 
     </span>
    </p>
   </div>
   <div class='ocr_carea' id='block_1_51' title="bbox 2230 2705 3830 2784">
    <p class='ocr_par' dir='ltr' id='par_1_51' title="bbox 2230 2705 3830 2784">
     <span class='ocr_line' id='line_1_51' title="bbox 2230 2705 3830 2784; baseline -0.004 -19"><span class='ocrx_word' id='word_1_407' title='bbox 2230 2712 2350 2783; x_wconf 70' lang='grc' dir='ltr'>ἦτοι</span> <span class='ocrx_word' id='word_1_408' title='bbox 2395 2712 2466 2782; x_wconf 84' lang='grc' dir='ltr'>μὴ</span> <span class='ocrx_word' id='word_1_409' title='bbox 2497 2705 2658 2774; x_wconf 81' lang='grc' dir='ltr'>εἶναι,</span> <span class='ocrx_word' id='word_1_410' title='bbox 2701 2711 2732 2781; x_wconf 77' lang='grc' dir='ltr'><strong>ἢ</strong></span> <span class='ocrx_word' id='word_1_411' title='bbox 2772 2712 2989 2784; x_wconf 83' lang='grc' dir='ltr'>μηκέτι,</span> <span class='ocrx_word' id='word_1_412' title='bbox 3032 2710 3064 2781; x_wconf 80' lang='grc' dir='ltr'>ἦ</span> <span class='ocrx_word' id='word_1_413' title='bbox 3120 2710 3359 2782; x_wconf 82' lang='grc' dir='ltr'>μηδέπω.</span> <span class='ocrx_word' id='word_1_414' title='bbox 3391 2712 3580 2772; x_wconf 83' lang='grc' dir='ltr'>Ὥστε,</span> <span class='ocrx_word' id='word_1_415' title='bbox 3621 2706 3830 2762; x_wconf 79' lang='grc' dir='ltr'>τούτου</span> 
     </span>
    </p>
   </div>
   <div class='ocr_carea' id='block_1_52' title="bbox 2230 2798 3832 2873">
    <p class='ocr_par' dir='ltr' id='par_1_52' title="bbox 2230 2798 3832 2873">
     <span class='ocr_line' id='line_1_52' title="bbox 2230 2798 3832 2873; baseline -0.003 -19"><span class='ocrx_word' id='word_1_416' title='bbox 2230 2819 2293 2871; x_wconf 86' lang='grc' dir='ltr'><strong>γε</strong></span> <span class='ocrx_word' id='word_1_417' title='bbox 2318 2801 2489 2865; x_wconf 74' lang='grc' dir='ltr'>οὕτως</span> <span class='ocrx_word' id='word_1_418' title='bbox 2528 2802 2843 2873; x_wconf 82' lang='grc' dir='ltr'>λεγομένου,</span> <span class='ocrx_word' id='word_1_419' title='bbox 2874 2802 2931 2855; x_wconf 77' lang='grc' dir='ltr'>ἓν</span> <span class='ocrx_word' id='word_1_420' title='bbox 2962 2802 3168 2870; x_wconf 74' lang='grc' dir='ltr'>γίνεται</span> <span class='ocrx_word' id='word_1_421' title='bbox 3194 2819 3246 2855; x_wconf 89' lang='grc' dir='ltr'><strong>τι</strong></span> <span class='ocrx_word' id='word_1_422' title='bbox 3288 2803 3344 2854; x_wconf 90' lang='grc' dir='ltr'><strong>ἐν</strong></span> <span class='ocrx_word' id='word_1_423' title='bbox 3378 2800 3456 2872; x_wconf 80' lang='grc' dir='ltr'><strong>τῷ</strong></span> <span class='ocrx_word' id='word_1_424' title='bbox 3485 2800 3634 2869; x_wconf 81' lang='grc' dir='ltr'>λόγῳ</span> <span class='ocrx_word' id='word_1_425' title='bbox 3675 2798 3832 2868; x_wconf 80' lang='grc' dir='ltr'>μέγα</span> 
     </span>
    </p>
   </div>
   <div class='ocr_carea' id='block_1_53' title="bbox 2230 2886 3833 2965">
    <p class='ocr_par' dir='ltr' id='par_1_53' title="bbox 2230 2886 3833 2965">
     <span class='ocr_line' id='line_1_53' title="bbox 2230 2886 3833 2965; baseline -0.004 -17"><span class='ocrx_word' id='word_1_426' title='bbox 2230 2893 2510 2958; x_wconf 77' lang='grc' dir='ltr'>ἀδύνατον,</span> <span class='ocrx_word' id='word_1_427' title='bbox 2538 2889 2677 2948; x_wconf 79' lang='grc' dir='ltr'>εἷναί</span> <span class='ocrx_word' id='word_1_428' title='bbox 2701 2911 2762 2947; x_wconf 88' lang='grc' dir='ltr'><strong>τε</strong></span> <span class='ocrx_word' id='word_1_429' title='bbox 2805 2893 2942 2965; x_wconf 77' lang='grc' dir='ltr'>ὁμοῦ</span> <span class='ocrx_word' id='word_1_430' title='bbox 2986 2893 3199 2958; x_wconf 81' lang='grc' dir='ltr'>ταυτὸν,</span> <span class='ocrx_word' id='word_1_431' title='bbox 3227 2894 3321 2946; x_wconf 74' lang='grc' dir='ltr'><strong>καὶ</strong></span> <span class='ocrx_word' id='word_1_432' title='bbox 3356 2892 3430 2963; x_wconf 74' lang='grc' dir='ltr'>μὴ</span> <span class='ocrx_word' id='word_1_433' title='bbox 3459 2886 3620 2945; x_wconf 74' lang='grc' dir='ltr'>εἶναι.</span> <span class='ocrx_word' id='word_1_434' title='bbox 3671 2890 3740 2942; x_wconf 86' lang='grc' dir='ltr'>Εἰ</span> <span class='ocrx_word' id='word_1_435' title='bbox 3765 2889 3833 2941; x_wconf 79' lang='grc' dir='ltr'>δὲ</span> 
     </span>
    </p>
   </div>
   <div class='ocr_carea' id='block_1_54' title="bbox 2229 2982 3832 3061">
    <p class='ocr_par' dir='ltr' id='par_1_54' title="bbox 2229 2982 3832 3061">
     <span class='ocr_line' id='line_1_54' title="bbox 2229 2982 3832 3061; baseline -0.004 -20"><span class='ocrx_word' id='word_1_436' title='bbox 2229 2987 2399 3052; x_wconf 77' lang='grc' dir='ltr'>οὓτως</span> <span class='ocrx_word' id='word_1_437' title='bbox 2437 2988 2570 3059; x_wconf 85' lang='grc' dir='ltr'>ἔχει,</span> <span class='ocrx_word' id='word_1_438' title='bbox 2614 2990 2775 3061; x_wconf 86' lang='grc' dir='ltr'>σχολῇ</span> <span class='ocrx_word' id='word_1_439' title='bbox 2802 2992 2854 3060; x_wconf 82' lang='grc' dir='ltr'>γ’</span> <span class='ocrx_word' id='word_1_440' title='bbox 2896 2991 2962 3044; x_wconf 85' lang='grc' dir='ltr'><strong>ἂν</strong></span> <span class='ocrx_word' id='word_1_441' title='bbox 3007 2988 3134 3042; x_wconf 78' lang='grc' dir='ltr'>ἄλλο</span> <span class='ocrx_word' id='word_1_442' title='bbox 3174 3005 3227 3040; x_wconf 89' lang='grc' dir='ltr'><strong>τι</strong></span> <span class='ocrx_word' id='word_1_443' title='bbox 3267 2984 3401 3041; x_wconf 72' lang='grc' dir='ltr'>εἶναι</span> <span class='ocrx_word' id='word_1_444' title='bbox 3435 2987 3679 3051; x_wconf 84' lang='grc' dir='ltr'>δύναιτο,</span> <span class='ocrx_word' id='word_1_445' title='bbox 3724 2982 3832 3036; x_wconf 77' lang='grc' dir='ltr'><strong>τοῦ</strong></span> 
     </span>
    </p>
   </div>
   <div class='ocr_carea' id='block_1_55' title="bbox 2230 3075 3834 3154">
    <p class='ocr_par' dir='ltr' id='par_1_55' title="bbox 2230 3075 3834 3154">
     <span class='ocr_line' id='line_1_55' title="bbox 2230 3075 3834 3154; baseline -0.002 -22"><span class='ocrx_word' id='word_1_446' title='bbox 2230 3080 2379 3143; x_wconf 75' lang='grc' dir='ltr'>ὄντος</span> <span class='ocrx_word' id='word_1_447' title='bbox 2419 3081 2584 3134; x_wconf 80' lang='grc' dir='ltr'>αὑτοῦ</span> <span class='ocrx_word' id='word_1_448' title='bbox 2622 3082 2696 3154; x_wconf 85' lang='grc' dir='ltr'>μὴ</span> <span class='ocrx_word' id='word_1_449' title='bbox 2741 3082 2892 3147; x_wconf 76' lang='grc' dir='ltr'>ὄντος</span> <span class='ocrx_word' id='word_1_450' title='bbox 2935 3086 3074 3139; x_wconf 84' lang='grc' dir='ltr'><strong>κατά</strong></span> <span class='ocrx_word' id='word_1_451' title='bbox 3116 3083 3248 3137; x_wconf 79' lang='grc' dir='ltr'>αὐτὸ</span> <span class='ocrx_word' id='word_1_452' title='bbox 3280 3081 3340 3133; x_wconf 83' lang='grc' dir='ltr'><strong>τὸ</strong></span> <span class='ocrx_word' id='word_1_453' title='bbox 3379 3081 3459 3133; x_wconf 79' lang='grc' dir='ltr'>ὅν.</span> <span class='ocrx_word' id='word_1_454' title='bbox 3492 3080 3568 3132; x_wconf 86' lang='grc' dir='ltr'>Τὸ</span> <span class='ocrx_word' id='word_1_455' title='bbox 3600 3078 3716 3149; x_wconf 75' lang='grc' dir='ltr'>γὰρ</span> <span class='ocrx_word' id='word_1_456' title='bbox 3762 3075 3834 3129; x_wconf 77' lang='grc' dir='ltr'><strong>δν</strong></span> 
     </span>
    </p>
   </div>
   <div class='ocr_carea' id='block_1_56' title="bbox 555 3169 2129 3248">
    <p class='ocr_par' dir='ltr' id='par_1_56' title="bbox 555 3169 2127 3240">
     <span class='ocr_line' id='line_1_56' title="bbox 555 3169 2127 3240; baseline -0.002 -13"><span class='ocrx_word' id='word_1_457' title='bbox 555 3171 696 3227; x_wconf 79' lang='lat' dir='ltr'><strong>idem</strong></span> <span class='ocrx_word' id='word_1_458' title='bbox 722 3185 843 3225; x_wconf 90' lang='lat' dir='ltr'><strong>esse</strong></span> <span class='ocrx_word' id='word_1_459' title='bbox 871 3169 1033 3225; x_wconf 88' lang='lat' dir='ltr'><strong>simul</strong></span> <span class='ocrx_word' id='word_1_460' title='bbox 1058 3183 1120 3223; x_wconf 91' lang='lat' dir='ltr'><strong>ac</strong></span> <span class='ocrx_word' id='word_1_461' title='bbox 1150 3184 1259 3223; x_wconf 88' lang='lat' dir='ltr'><strong>non</strong></span> <span class='ocrx_word' id='word_1_462' title='bbox 1296 3185 1437 3225; x_wconf 86' lang='lat' dir='ltr'><strong>esse.</strong></span> <span class='ocrx_word' id='word_1_463' title='bbox 1463 3170 1697 3240; x_wconf 87' lang='lat' dir='ltr'><strong>Quippe,</strong></span> <span class='ocrx_word' id='word_1_464' title='bbox 1728 3171 1830 3225; x_wconf 92' lang='lat' dir='ltr'><strong>hoc</strong></span> <span class='ocrx_word' id='word_1_465' title='bbox 1860 3172 1906 3225; x_wconf 89' lang='lat' dir='ltr'><strong>si</strong></span> <span class='ocrx_word' id='word_1_466' title='bbox 1958 3171 2127 3226; x_wconf 85' lang='lat' dir='ltr'><strong>semel</strong></span> 
     </span>
    </p>
   </div>
   <div class='ocr_carea' id='block_1_57' title="bbox 2231 3169 3835 3248">
    <p class='ocr_par' dir='ltr' id='par_1_57' title="bbox 2232 3170 3835 3245">
     <span class='ocr_line' id='line_1_57' title="bbox 2232 3170 3835 3245; baseline -0.004 -18"><span class='ocrx_word' id='word_1_467' title='bbox 2232 3175 2400 3228; x_wconf 75' lang='grc' dir='ltr'>ἀΐδιόν</span> <span class='ocrx_word' id='word_1_468' title='bbox 2431 3192 2512 3239; x_wconf 87' lang='grc' dir='ltr'><strong>τε,</strong></span> <span class='ocrx_word' id='word_1_469' title='bbox 2550 3174 2768 3245; x_wconf 76' lang='grc' dir='ltr'>βέϐαιόν</span> <span class='ocrx_word' id='word_1_470' title='bbox 2819 3176 2877 3228; x_wconf 83' lang='grc' dir='ltr'><strong>τέ</strong></span> <span class='ocrx_word' id='word_1_471' title='bbox 2920 3178 3087 3242; x_wconf 85' lang='grc' dir='ltr'>ἐστιν,</span> <span class='ocrx_word' id='word_1_472' title='bbox 3133 3176 3219 3230; x_wconf 74' lang='grc' dir='ltr'>ἀεὶ</span> <span class='ocrx_word' id='word_1_473' title='bbox 3262 3173 3400 3227; x_wconf 86' lang='grc' dir='ltr'><strong>κατά</strong></span> <span class='ocrx_word' id='word_1_474' title='bbox 3452 3170 3679 3235; x_wconf 81' lang='grc' dir='ltr'>ταυτὸν,</span> <span class='ocrx_word' id='word_1_475' title='bbox 3726 3170 3835 3223; x_wconf 71' lang='grc' dir='ltr'><strong>καὶ</strong></span> 
     </span>
    </p>
   </div>
   <div class='ocr_carea' id='block_1_58' title="bbox 555 3258 2131 3330">
    <p class='ocr_par' dir='ltr' id='par_1_58' title="bbox 555 3258 2131 3330">
     <span class='ocr_line' id='line_1_58' title="bbox 555 3258 2131 3330; baseline -0.002 -14"><span class='ocrx_word' id='word_1_476' title='bbox 555 3275 742 3316; x_wconf 88' lang='lat' dir='ltr'><strong>verum</strong></span> <span class='ocrx_word' id='word_1_477' title='bbox 760 3275 879 3314; x_wconf 91' lang='lat' dir='ltr'><strong>esse</strong></span> <span class='ocrx_word' id='word_1_478' title='bbox 911 3258 1148 3321; x_wconf 88' lang='lat' dir='ltr'><strong>dabitur,</strong></span> <span class='ocrx_word' id='word_1_479' title='bbox 1176 3274 1317 3329; x_wconf 83' lang='lat' dir='ltr'><strong>aegre</strong></span> <span class='ocrx_word' id='word_1_480' title='bbox 1342 3275 1471 3315; x_wconf 88' lang='lat' dir='ltr'><strong>sane</strong></span> <span class='ocrx_word' id='word_1_481' title='bbox 1490 3262 1783 3314; x_wconf 88' lang='lat' dir='ltr'><strong>admodum</strong></span> <span class='ocrx_word' id='word_1_482' title='bbox 1812 3260 1956 3315; x_wconf 87' lang='lat' dir='ltr'><strong>aliud</strong></span> <span class='ocrx_word' id='word_1_483' title='bbox 1973 3260 2131 3330; x_wconf 80' lang='lat' dir='ltr'><strong>quid-</strong></span> 
     </span>
    </p>
   </div>
   <div class='ocr_carea' id='block_1_59' title="bbox 555 3350 2127 3423">
    <p class='ocr_par' dir='ltr' id='par_1_59' title="bbox 555 3350 2127 3423">
     <span class='ocr_line' id='line_1_59' title="bbox 555 3350 2127 3423; baseline -0.003 -12"><span class='ocrx_word' id='word_1_484' title='bbox 555 3355 638 3411; x_wconf 87' lang='lat' dir='ltr'><strong>vis</strong></span> <span class='ocrx_word' id='word_1_485' title='bbox 692 3368 813 3408; x_wconf 84' lang='lat' dir='ltr'><strong>csse</strong></span> <span class='ocrx_word' id='word_1_486' title='bbox 856 3351 1072 3423; x_wconf 86' lang='lat' dir='ltr'><strong>poterit,</strong></span> <span class='ocrx_word' id='word_1_487' title='bbox 1132 3352 1225 3405; x_wconf 91' lang='lat' dir='ltr'><strong>ubi</strong></span> <span class='ocrx_word' id='word_1_488' title='bbox 1274 3350 1327 3404; x_wconf 88' lang='lat' dir='ltr'><strong>id</strong></span> <span class='ocrx_word' id='word_1_489' title='bbox 1362 3351 1537 3421; x_wconf 90' lang='lat' dir='ltr'><strong>ipsum</strong></span> <span class='ocrx_word' id='word_1_490' title='bbox 1575 3392 1590 3416; x_wconf 91' lang='lat'><strong>,</strong></span> <span class='ocrx_word' id='word_1_491' title='bbox 1627 3352 1774 3420; x_wconf 89' lang='lat' dir='ltr'><strong>quod</strong></span> <span class='ocrx_word' id='word_1_492' title='bbox 1805 3360 1888 3406; x_wconf 89' lang='lat' dir='ltr'><strong>est</strong></span> <span class='ocrx_word' id='word_1_493' title='bbox 1911 3391 1925 3416; x_wconf 92' lang='lat'><strong>,</strong></span> <span class='ocrx_word' id='word_1_494' title='bbox 1962 3353 2127 3406; x_wconf 88' lang='lat' dir='ltr'><strong>etiam</strong></span> 
     </span>
    </p>
   </div>
   <div class='ocr_carea' id='block_1_60' title="bbox 555 3441 2130 3518">
    <p class='ocr_par' dir='ltr' id='par_1_60' title="bbox 555 3441 2130 3518">
     <span class='ocr_line' id='line_1_60' title="bbox 555 3441 2130 3518; baseline -0.004 -16"><span class='ocrx_word' id='word_1_495' title='bbox 555 3464 663 3518; x_wconf 86' lang='lat' dir='ltr'><strong>qua</strong></span> <span class='ocrx_word' id='word_1_496' title='bbox 702 3447 807 3501; x_wconf 89' lang='lat' dir='ltr'><strong>tale</strong></span> <span class='ocrx_word' id='word_1_497' title='bbox 830 3457 931 3510; x_wconf 86' lang='lat' dir='ltr'><strong>est,</strong></span> <span class='ocrx_word' id='word_1_498' title='bbox 960 3444 1167 3498; x_wconf 89' lang='lat' dir='ltr'><strong>nullum</strong></span> <span class='ocrx_word' id='word_1_499' title='bbox 1191 3443 1315 3498; x_wconf 89' lang='lat' dir='ltr'><strong>erit.</strong></span> <span class='ocrx_word' id='word_1_500' title='bbox 1350 3441 1507 3508; x_wconf 83' lang='lat' dir='ltr'><strong>Quod</strong></span> <span class='ocrx_word' id='word_1_501' title='bbox 1542 3443 1685 3497; x_wconf 90' lang='lat' dir='ltr'><strong>enim</strong></span> <span class='ocrx_word' id='word_1_502' title='bbox 1718 3451 1820 3505; x_wconf 89' lang='lat' dir='ltr'><strong>est,</strong></span> <span class='ocrx_word' id='word_1_503' title='bbox 1849 3443 1903 3496; x_wconf 90' lang='lat' dir='ltr'><strong>id</strong></span> <span class='ocrx_word' id='word_1_504' title='bbox 1929 3442 2130 3512; x_wconf 86' lang='lat' dir='ltr'><strong>sempi-</strong></span> 
     </span>
    </p>
   </div>
   <div class='ocr_carea' id='block_1_61' title="bbox 559 3534 2130 3606">
    <p class='ocr_par' dir='ltr' id='par_1_61' title="bbox 559 3534 2130 3606">
     <span class='ocr_line' id='line_1_61' title="bbox 559 3534 2130 3606; baseline -0.003 -12"><span class='ocrx_word' id='word_1_505' title='bbox 559 3550 769 3594; x_wconf 90' lang='lat' dir='ltr'><strong>ternum</strong></span> <span class='ocrx_word' id='word_1_506' title='bbox 833 3547 935 3603; x_wconf 88' lang='lat' dir='ltr'><strong>est,</strong></span> <span class='ocrx_word' id='word_1_507' title='bbox 984 3544 1145 3606; x_wconf 87' lang='lat' dir='ltr'><strong>atque</strong></span> <span class='ocrx_word' id='word_1_508' title='bbox 1192 3534 1382 3590; x_wconf 86' lang='lat' dir='ltr'><strong>eodem</strong></span> <span class='ocrx_word' id='word_1_509' title='bbox 1425 3550 1546 3590; x_wconf 85' lang='lat' dir='ltr'><strong>sese</strong></span> <span class='ocrx_word' id='word_1_510' title='bbox 1593 3535 1755 3589; x_wconf 88' lang='lat' dir='ltr'><strong>modo</strong></span> <span class='ocrx_word' id='word_1_511' title='bbox 1814 3542 2130 3590; x_wconf 89' lang='lat' dir='ltr'><strong>constanter</strong></span> 
     </span>
    </p>
   </div>
   <div class='ocr_carea' id='block_1_62' title="bbox 558 3625 2126 3696">
    <p class='ocr_par' dir='ltr' id='par_1_62' title="bbox 558 3625 2126 3696">
     <span class='ocr_line' id='line_1_62' title="bbox 558 3625 2126 3696; baseline -0.004 -11"><span class='ocrx_word' id='word_1_512' title='bbox 558 3632 761 3696; x_wconf 86' lang='lat' dir='ltr'><strong>habet;</strong></span> <span class='ocrx_word' id='word_1_513' title='bbox 797 3645 906 3684; x_wconf 90' lang='lat' dir='ltr'><strong>non</strong></span> <span class='ocrx_word' id='word_1_514' title='bbox 932 3639 1110 3683; x_wconf 91' lang='lat' dir='ltr'><strong>autem</strong></span> <span class='ocrx_word' id='word_1_515' title='bbox 1144 3628 1226 3682; x_wconf 90' lang='lat' dir='ltr'><strong>vel</strong></span> <span class='ocrx_word' id='word_1_516' title='bbox 1265 3628 1337 3681; x_wconf 90' lang='lat' dir='ltr'><strong>ita</strong></span> <span class='ocrx_word' id='word_1_517' title='bbox 1362 3626 1485 3693; x_wconf 85' lang='lat' dir='ltr'><strong>fuit,</strong></span> <span class='ocrx_word' id='word_1_518' title='bbox 1525 3635 1587 3680; x_wconf 86' lang='lat' dir='ltr'><strong>ut</strong></span> <span class='ocrx_word' id='word_1_519' title='bbox 1616 3625 1810 3681; x_wconf 84' lang='lat' dir='ltr'><strong>deinde</strong></span> <span class='ocrx_word' id='word_1_520' title='bbox 1839 3626 2126 3688; x_wconf 87' lang='lat' dir='ltr'><strong>interierit,</strong></span> 
     </span>
    </p>
   </div>
   <div class='ocr_carea' id='block_1_63' title="bbox 558 3718 2128 3788">
    <p class='ocr_par' dir='ltr' id='par_1_63' title="bbox 558 3718 2128 3788">
     <span class='ocr_line' id='line_1_63' title="bbox 558 3718 2128 3788; baseline -0.003 -11"><span class='ocrx_word' id='word_1_521' title='bbox 558 3724 641 3777; x_wconf 85' lang='lat' dir='ltr'><strong>vel</strong></span> <span class='ocrx_word' id='word_1_522' title='bbox 663 3723 835 3777; x_wconf 90' lang='lat' dir='ltr'><strong>crevit</strong></span> <span class='ocrx_word' id='word_1_523' title='bbox 860 3722 1045 3784; x_wconf 87' lang='lat' dir='ltr'><strong>modo,</strong></span> <span class='ocrx_word' id='word_1_524' title='bbox 1078 3721 1239 3775; x_wconf 87' lang='lat' dir='ltr'><strong>modo</strong></span> <span class='ocrx_word' id='word_1_525' title='bbox 1267 3719 1530 3783; x_wconf 85' lang='lat' dir='ltr'><strong>decrevit,</strong></span> <span class='ocrx_word' id='word_1_526' title='bbox 1561 3718 1647 3773; x_wconf 88' lang='lat' dir='ltr'><strong>vel</strong></span> <span class='ocrx_word' id='word_1_527' title='bbox 1677 3719 1857 3788; x_wconf 88' lang='lat' dir='ltr'><strong>majus</strong></span> <span class='ocrx_word' id='word_1_528' title='bbox 1886 3719 2128 3774; x_wconf 89' lang='lat' dir='ltr'><strong>nondum</strong></span> 
     </span>
    </p>
   </div>
   <div class='ocr_carea' id='block_1_64' title="bbox 558 3811 2130 3879">
    <p class='ocr_par' dir='ltr' id='par_1_64' title="bbox 558 3811 2130 3879">
     <span class='ocr_line' id='line_1_64' title="bbox 558 3811 2130 3879; baseline -0.004 -9"><span class='ocrx_word' id='word_1_529' title='bbox 558 3824 651 3870; x_wconf 88' lang='lat' dir='ltr'><strong>aut</strong></span> <span class='ocrx_word' id='word_1_530' title='bbox 675 3815 853 3869; x_wconf 92' lang='lat' dir='ltr'><strong>minus</strong></span> <span class='ocrx_word' id='word_1_531' title='bbox 884 3813 1078 3870; x_wconf 87' lang='lat' dir='ltr'><strong>evasit.</strong></span> <span class='ocrx_word' id='word_1_532' title='bbox 1125 3812 1393 3867; x_wconf 69' lang='lat' dir='ltr'><strong>Praeterea</strong></span> <span class='ocrx_word' id='word_1_533' title='bbox 1421 3826 1520 3866; x_wconf 91' lang='lat' dir='ltr'><strong>nec</strong></span> <span class='ocrx_word' id='word_1_534' title='bbox 1563 3812 1670 3865; x_wconf 88' lang='lat' dir='ltr'><strong>alio</strong></span> <span class='ocrx_word' id='word_1_535' title='bbox 1700 3811 1893 3879; x_wconf 88' lang='lat' dir='ltr'><strong>quovis</strong></span> <span class='ocrx_word' id='word_1_536' title='bbox 1949 3817 2130 3864; x_wconf 87' lang='lat' dir='ltr'><strong>motus</strong></span> 
     </span>
    </p>
   </div>
   <div class='ocr_carea' id='block_1_65' title="bbox 559 3902 2128 3981">
    <p class='ocr_par' dir='ltr' id='par_1_65' title="bbox 559 3902 2128 3981">
     <span class='ocr_line' id='line_1_65' title="bbox 559 3902 2128 3981; baseline -0.004 -18"><span class='ocrx_word' id='word_1_537' title='bbox 559 3924 773 3981; x_wconf 79' lang='lat' dir='ltr'><strong>genere,</strong></span> <span class='ocrx_word' id='word_1_538' title='bbox 806 3924 906 3963; x_wconf 91' lang='lat' dir='ltr'><strong>nec</strong></span> <span class='ocrx_word' id='word_1_539' title='bbox 951 3909 1235 3963; x_wconf 86' lang='lat' dir='ltr'><strong>Iocotenus</strong></span> <span class='ocrx_word' id='word_1_540' title='bbox 1251 3920 1492 3975; x_wconf 91' lang='lat' dir='ltr'><strong>unquam</strong></span> <span class='ocrx_word' id='word_1_541' title='bbox 1512 3905 1834 3960; x_wconf 89' lang='lat' dir='ltr'><strong>movebitur.</strong></span> <span class='ocrx_word' id='word_1_542' title='bbox 1854 3902 1961 3959; x_wconf 88' lang='lat' dir='ltr'><strong>Fas</strong></span> <span class='ocrx_word' id='word_1_543' title='bbox 1983 3904 2128 3957; x_wconf 86' lang='lat' dir='ltr'><strong>enim</strong></span> 
     </span>
    </p>
   </div>
   <div class='ocr_carea' id='block_1_66' title="bbox 558 3997 2129 4073">
    <p class='ocr_par' dir='ltr' id='par_1_66' title="bbox 558 3997 2129 4073">
     <span class='ocr_line' id='line_1_66' title="bbox 558 3997 2129 4073; baseline -0.004 -17"><span class='ocrx_word' id='word_1_544' title='bbox 558 4004 747 4073; x_wconf 89' lang='lat' dir='ltr'><strong>utique</strong></span> <span class='ocrx_word' id='word_1_545' title='bbox 788 4016 894 4056; x_wconf 89' lang='lat' dir='ltr'><strong>non</strong></span> <span class='ocrx_word' id='word_1_546' title='bbox 917 4009 1021 4064; x_wconf 90' lang='lat' dir='ltr'><strong>est,</strong></span> <span class='ocrx_word' id='word_1_547' title='bbox 1053 4002 1130 4055; x_wconf 91' lang='lat' dir='ltr'><strong>uti</strong></span> <span class='ocrx_word' id='word_1_548' title='bbox 1157 3999 1303 4070; x_wconf 88' lang='lat' dir='ltr'><strong>quod</strong></span> <span class='ocrx_word' id='word_1_549' title='bbox 1334 4014 1462 4054; x_wconf 90' lang='lat' dir='ltr'><strong>vere</strong></span> <span class='ocrx_word' id='word_1_550' title='bbox 1496 4007 1602 4063; x_wconf 88' lang='lat' dir='ltr'><strong>est,</strong></span> <span class='ocrx_word' id='word_1_551' title='bbox 1653 3997 1796 4052; x_wconf 91' lang='lat' dir='ltr'><strong>idem</strong></span> <span class='ocrx_word' id='word_1_552' title='bbox 1828 4004 2129 4051; x_wconf 88' lang='lat' dir='ltr'><strong>retrorsum</strong></span> 
     </span>
    </p>
   </div>
   <div class='ocr_carea' id='block_1_67' title="bbox 558 4090 2128 4158">
    <p class='ocr_par' dir='ltr' id='par_1_67' title="bbox 558 4090 2128 4158">
     <span class='ocr_line' id='line_1_67' title="bbox 558 4090 2128 4158; baseline -0.007 -7"><span class='ocrx_word' id='word_1_553' title='bbox 558 4098 642 4151; x_wconf 88' lang='lat' dir='ltr'><strong>vel</strong></span> <span class='ocrx_word' id='word_1_554' title='bbox 669 4104 978 4150; x_wconf 88' lang='lat' dir='ltr'><strong>antrorsum</strong></span> <span class='ocrx_word' id='word_1_555' title='bbox 1006 4113 1021 4158; x_wconf 84' lang='lat'><strong>;</strong></span> <span class='ocrx_word' id='word_1_556' title='bbox 1067 4109 1287 4149; x_wconf 89' lang='lat' dir='ltr'><strong>sursum</strong></span> <span class='ocrx_word' id='word_1_557' title='bbox 1324 4102 1419 4147; x_wconf 89' lang='lat' dir='ltr'><strong>ant</strong></span> <span class='ocrx_word' id='word_1_558' title='bbox 1450 4092 1705 4148; x_wconf 89' lang='lat' dir='ltr'><strong>deorsum</strong></span> <span class='ocrx_word' id='word_1_559' title='bbox 1742 4107 1756 4155; x_wconf 92' lang='lat'><strong>;</strong></span> <span class='ocrx_word' id='word_1_560' title='bbox 1785 4090 2128 4147; x_wconf 82' lang='lat' dir='ltr'><strong>dextrorsum</strong></span> 
     </span>
    </p>
   </div>
   <div class='ocr_carea' id='block_1_68' title="bbox 558 4176 2131 4255">
    <p class='ocr_par' dir='ltr' id='par_1_68' title="bbox 558 4176 2131 4255">
     <span class='ocr_line' id='line_1_68' title="bbox 558 4176 2131 4255; baseline -0.005 -16"><span class='ocrx_word' id='word_1_561' title='bbox 558 4185 642 4239; x_wconf 89' lang='lat' dir='ltr'><strong>vcl</strong></span> <span class='ocrx_word' id='word_1_562' title='bbox 684 4183 845 4255; x_wconf 79' lang='lat'><strong>526</strong></span> <span class='ocrx_word' id='word_1_563' title='bbox 867 4183 1246 4237; x_wconf 90' lang='lat' dir='ltr'><strong>sinistrorsum</strong></span> <span class='ocrx_word' id='word_1_564' title='bbox 1282 4181 1489 4236; x_wconf 86' lang='lat' dir='ltr'><strong>moveri</strong></span> <span class='ocrx_word' id='word_1_565' title='bbox 1523 4179 1747 4235; x_wconf 91' lang='lat' dir='ltr'><strong>omnino</strong></span> <span class='ocrx_word' id='word_1_566' title='bbox 1776 4176 2131 4234; x_wconf 74' lang='lat' dir='ltr'><strong>transferrive</strong></span> 
     </span>
    </p>
   </div>
   <div class='ocr_carea' id='block_1_69' title="bbox 559 4269 2131 4347">
    <p class='ocr_par' dir='ltr' id='par_1_69' title="bbox 559 4269 2131 4347">
     <span class='ocr_line' id='line_1_69' title="bbox 559 4269 2131 4347; baseline -0.006 -16"><span class='ocrx_word' id='word_1_567' title='bbox 559 4275 734 4347; x_wconf 88' lang='lat' dir='ltr'><strong>possit</strong></span> <span class='ocrx_word' id='word_1_568' title='bbox 767 4290 869 4329; x_wconf 88' lang='lat' dir='ltr'><strong>:ac</strong></span> <span class='ocrx_word' id='word_1_569' title='bbox 892 4290 960 4328; x_wconf 90' lang='lat' dir='ltr'><strong>ne</strong></span> <span class='ocrx_word' id='word_1_570' title='bbox 989 4274 1132 4329; x_wconf 92' lang='lat' dir='ltr'><strong>circa</strong></span> <span class='ocrx_word' id='word_1_571' title='bbox 1163 4272 1248 4328; x_wconf 86' lang='lat' dir='ltr'><strong>sui</strong></span> <span class='ocrx_word' id='word_1_572' title='bbox 1273 4273 1491 4342; x_wconf 84' lang='lat' dir='ltr'><strong>quidem</strong></span> <span class='ocrx_word' id='word_1_573' title='bbox 1541 4272 1713 4340; x_wconf 83' lang='lat' dir='ltr'><strong>ipsius</strong></span> <span class='ocrx_word' id='word_1_574' title='bbox 1736 4269 1976 4325; x_wconf 90' lang='lat' dir='ltr'><strong>medium</strong></span> <span class='ocrx_word' id='word_1_575' title='bbox 2013 4283 2131 4323; x_wconf 90' lang='lat' dir='ltr'><strong>mo-</strong></span> 
     </span>
    </p>
   </div>
   <div class='ocr_carea' id='block_1_70' title="bbox 560 4364 2132 4435">
    <p class='ocr_par' dir='ltr' id='par_1_70' title="bbox 560 4364 2132 4435">
     <span class='ocr_line' id='line_1_70' title="bbox 560 4364 2132 4435; baseline -0.006 -9"><span class='ocrx_word' id='word_1_576' title='bbox 560 4372 826 4427; x_wconf 89' lang='lat' dir='ltr'><strong>vebitur:</strong></span> <span class='ocrx_word' id='word_1_577' title='bbox 879 4368 972 4423; x_wconf 92' lang='lat' dir='ltr'><strong>sed</strong></span> <span class='ocrx_word' id='word_1_578' title='bbox 1022 4367 1247 4421; x_wconf 58' lang='lat' dir='ltr'><strong>hmrebit</strong></span> <span class='ocrx_word' id='word_1_579' title='bbox 1276 4366 1479 4435; x_wconf 88' lang='lat' dir='ltr'><strong>potius,</strong></span> <span class='ocrx_word' id='word_1_580' title='bbox 1542 4373 1597 4418; x_wconf 90' lang='lat' dir='ltr'><strong>et</strong></span> <span class='ocrx_word' id='word_1_581' title='bbox 1627 4364 1915 4417; x_wconf 90' lang='lat' dir='ltr'><strong>immotum</strong></span> <span class='ocrx_word' id='word_1_582' title='bbox 1971 4370 2132 4431; x_wconf 88' lang='lat' dir='ltr'><strong>atque</strong></span> 
     </span>
    </p>
   </div>
   <div class='ocr_carea' id='block_1_71' title="bbox 562 4454 2132 4529">
    <p class='ocr_par' dir='ltr' id='par_1_71' title="bbox 562 4454 2132 4529">
     <span class='ocr_line' id='line_1_71' title="bbox 562 4454 2132 4529; baseline -0.006 -11"><span class='ocrx_word' id='word_1_583' title='bbox 562 4463 949 4518; x_wconf 89' lang='lat' dir='ltr'><strong>inconcussum</strong></span> <span class='ocrx_word' id='word_1_584' title='bbox 980 4474 1074 4529; x_wconf 87' lang='lat' dir='ltr'><strong>per</strong></span> <span class='ocrx_word' id='word_1_585' title='bbox 1102 4473 1223 4514; x_wconf 91' lang='lat' dir='ltr'><strong>sese</strong></span> <span class='ocrx_word' id='word_1_586' title='bbox 1280 4472 1495 4526; x_wconf 91' lang='lat' dir='ltr'><strong>semper</strong></span> <span class='ocrx_word' id='word_1_587' title='bbox 1520 4496 1533 4519; x_wconf 93' lang='lat'><strong>,</strong></span> <span class='ocrx_word' id='word_1_588' title='bbox 1566 4455 1865 4524; x_wconf 89' lang='lat' dir='ltr'><strong>eademque</strong></span> <span class='ocrx_word' id='word_1_589' title='bbox 1918 4454 2132 4508; x_wconf 88' lang='lat' dir='ltr'><strong>ratione</strong></span> 
     </span>
    </p>
   </div>
   <div class='ocr_carea' id='block_1_72' title="bbox 2232 3265 3832 3341">
    <p class='ocr_par' dir='ltr' id='par_1_72' title="bbox 2232 3265 3832 3341">
     <span class='ocr_line' id='line_1_72' title="bbox 2232 3265 3832 3341; baseline -0.004 -20"><span class='ocrx_word' id='word_1_590' title='bbox 2232 3268 2428 3322; x_wconf 87' lang='grc' dir='ltr'>ταυτόν</span> <span class='ocrx_word' id='word_1_591' title='bbox 2446 3285 2459 3297; x_wconf 90' lang='grc'>·</span> <span class='ocrx_word' id='word_1_592' title='bbox 2492 3269 2585 3321; x_wconf 71' lang='grc' dir='ltr'><strong>καὶ</strong></span> <span class='ocrx_word' id='word_1_593' title='bbox 2614 3269 2735 3322; x_wconf 77' lang='grc' dir='ltr'>οὐδὲ</span> <span class='ocrx_word' id='word_1_594' title='bbox 2761 3269 2952 3337; x_wconf 82' lang='grc' dir='ltr'>γέγονε</span> <span class='ocrx_word' id='word_1_595' title='bbox 2979 3271 3096 3341; x_wconf 80' lang='grc' dir='ltr'>μὲν,</span> <span class='ocrx_word' id='word_1_596' title='bbox 3130 3268 3340 3339; x_wconf 79' lang='grc' dir='ltr'>ἐφθάρη</span> <span class='ocrx_word' id='word_1_597' title='bbox 3366 3266 3442 3329; x_wconf 77' lang='grc' dir='ltr'><strong>δὲ,</strong></span> <span class='ocrx_word' id='word_1_598' title='bbox 3470 3265 3581 3317; x_wconf 75' lang='grc' dir='ltr'>οὐδ’</span> <span class='ocrx_word' id='word_1_599' title='bbox 3616 3265 3832 3334; x_wconf 85' lang='grc' dir='ltr'>ἐμεγε-</span> 
     </span>
    </p>
   </div>
   <div class='ocr_carea' id='block_1_73' title="bbox 2232 3356 3832 3432">
    <p class='ocr_par' dir='ltr' id='par_1_73' title="bbox 2232 3356 3832 3432">
     <span class='ocr_line' id='line_1_73' title="bbox 2232 3356 3832 3432; baseline -0.004 -19"><span class='ocrx_word' id='word_1_600' title='bbox 2232 3360 2426 3415; x_wconf 80' lang='grc' dir='ltr'>θύνατο</span> <span class='ocrx_word' id='word_1_601' title='bbox 2462 3360 2582 3431; x_wconf 82' lang='grc' dir='ltr'>μὲν,</span> <span class='ocrx_word' id='word_1_602' title='bbox 2615 3360 2852 3432; x_wconf 83' lang='grc' dir='ltr'>ἐμειώθη</span> <span class='ocrx_word' id='word_1_603' title='bbox 2878 3362 2966 3414; x_wconf 85' lang='grc' dir='ltr'>δέ·</span> <span class='ocrx_word' id='word_1_604' title='bbox 2996 3362 3115 3415; x_wconf 78' lang='grc' dir='ltr'><strong>οὐδέ</strong></span> <span class='ocrx_word' id='word_1_605' title='bbox 3159 3361 3230 3432; x_wconf 86' lang='grc' dir='ltr'><strong>μὴ</strong></span> <span class='ocrx_word' id='word_1_606' title='bbox 3261 3360 3474 3430; x_wconf 87' lang='grc' dir='ltr'>ἐγένετό</span> <span class='ocrx_word' id='word_1_607' title='bbox 3506 3375 3597 3410; x_wconf 90' lang='grc' dir='ltr'><strong>πω</strong></span> <span class='ocrx_word' id='word_1_608' title='bbox 3627 3356 3832 3409; x_wconf 83' lang='grc' dir='ltr'>πλεῖον</span> 
     </span>
    </p>
   </div>
   <div class='ocr_carea' id='block_1_74' title="bbox 2229 3450 3829 3526">
    <p class='ocr_par' dir='ltr' id='par_1_74' title="bbox 2229 3450 3829 3526">
     <span class='ocr_line' id='line_1_74' title="bbox 2229 3450 3829 3526; baseline -0.003 -21"><span class='ocrx_word' id='word_1_609' title='bbox 2229 3453 2262 3525; x_wconf 83' lang='grc' dir='ltr'>ἢ</span> <span class='ocrx_word' id='word_1_610' title='bbox 2293 3454 2543 3507; x_wconf 73' lang='grc' dir='ltr'>ἔλασσον·</span> <span class='ocrx_word' id='word_1_611' title='bbox 2581 3455 2675 3506; x_wconf 80' lang='grc' dir='ltr'><strong>καὶ</strong></span> <span class='ocrx_word' id='word_1_612' title='bbox 2710 3454 2807 3525; x_wconf 83' lang='grc' dir='ltr'><strong>μὲν</strong></span> <span class='ocrx_word' id='word_1_613' title='bbox 2834 3454 2899 3526; x_wconf 82' lang='grc' dir='ltr'>δὴ</span> <span class='ocrx_word' id='word_1_614' title='bbox 2931 3454 2999 3507; x_wconf 82' lang='grc' dir='ltr'>τά</span> <span class='ocrx_word' id='word_1_615' title='bbox 3022 3471 3081 3506; x_wconf 85' lang='grc' dir='ltr'><strong>τε</strong></span> <span class='ocrx_word' id='word_1_616' title='bbox 3114 3453 3267 3515; x_wconf 77' lang='grc' dir='ltr'>ἄλλα,</span> <span class='ocrx_word' id='word_1_617' title='bbox 3301 3453 3392 3506; x_wconf 71' lang='grc' dir='ltr'><strong>καὶ</strong></span> <span class='ocrx_word' id='word_1_618' title='bbox 3419 3451 3539 3503; x_wconf 73' lang='grc' dir='ltr'>οὐδὲ</span> <span class='ocrx_word' id='word_1_619' title='bbox 3568 3450 3829 3513; x_wconf 78' lang='grc' dir='ltr'>τοπικῶς</span> 
     </span>
    </p>
   </div>
   <div class='ocr_carea' id='block_1_75' title="bbox 2230 3540 3831 3617">
    <p class='ocr_par' dir='ltr' id='par_1_75' title="bbox 2230 3540 3831 3617">
     <span class='ocr_line' id='line_1_75' title="bbox 2230 3540 3831 3617; baseline -0.004 -18"><span class='ocrx_word' id='word_1_620' title='bbox 2230 3544 2599 3617; x_wconf 82' lang='grc' dir='ltr'>κινηθήσεται.</span> <span class='ocrx_word' id='word_1_621' title='bbox 2647 3545 2781 3598; x_wconf 79' lang='grc' dir='ltr'>Οὐδὲ</span> <span class='ocrx_word' id='word_1_622' title='bbox 2810 3546 2917 3617; x_wconf 80' lang='grc' dir='ltr'>γὰρ</span> <span class='ocrx_word' id='word_1_623' title='bbox 2958 3546 3114 3615; x_wconf 80' lang='grc' dir='ltr'>θέμις</span> <span class='ocrx_word' id='word_1_624' title='bbox 3158 3544 3305 3614; x_wconf 81' lang='grc' dir='ltr'>αὐτῷ</span> <span class='ocrx_word' id='word_1_625' title='bbox 3347 3540 3657 3613; x_wconf 77' lang='grc' dir='ltr'>κινηθῆναι,</span> <span class='ocrx_word' id='word_1_626' title='bbox 3694 3540 3831 3593; x_wconf 82' lang='grc' dir='ltr'>οὐδὲ</span> 
     </span>
    </p>
   </div>
   <div class='ocr_carea' id='block_1_76' title="bbox 2234 3634 3827 3711">
    <p class='ocr_par' dir='ltr' id='par_1_76' title="bbox 2234 3634 3827 3711">
     <span class='ocr_line' id='line_1_76' title="bbox 2234 3634 3827 3711; baseline -0.004 -20"><span class='ocrx_word' id='word_1_627' title='bbox 2234 3640 2331 3711; x_wconf 83' lang='grc' dir='ltr'><strong>μὲν</strong></span> <span class='ocrx_word' id='word_1_628' title='bbox 2354 3638 2547 3704; x_wconf 71' lang='grc' dir='ltr'>ὀπίσω,</span> <span class='ocrx_word' id='word_1_629' title='bbox 2586 3638 2704 3691; x_wconf 75' lang='grc' dir='ltr'>οὐδὲ</span> <span class='ocrx_word' id='word_1_630' title='bbox 2739 3640 2925 3711; x_wconf 87' lang='grc' dir='ltr'>πρόσω</span> <span class='ocrx_word' id='word_1_631' title='bbox 2950 3654 2963 3668; x_wconf 75' lang='grc'><strong>⁸</strong></span> <span class='ocrx_word' id='word_1_632' title='bbox 2995 3637 3114 3691; x_wconf 79' lang='grc' dir='ltr'>οὕτε</span> <span class='ocrx_word' id='word_1_633' title='bbox 3146 3639 3256 3693; x_wconf 78' lang='grc' dir='ltr'><strong>ἀνω</strong></span> <span class='ocrx_word' id='word_1_634' title='bbox 3292 3637 3438 3698; x_wconf 83' lang='grc' dir='ltr'>ποτὲ,</span> <span class='ocrx_word' id='word_1_635' title='bbox 3470 3634 3594 3687; x_wconf 76' lang='grc' dir='ltr'>οὔτε</span> <span class='ocrx_word' id='word_1_636' title='bbox 3623 3634 3827 3686; x_wconf 82' lang='grc' dir='ltr'>κάτω·</span> 
     </span>
    </p>
   </div>
   <div class='ocr_carea' id='block_1_77' title="bbox 2229 3725 3827 3801">
    <p class='ocr_par' dir='ltr' id='par_1_77' title="bbox 2229 3725 3827 3801">
     <span class='ocr_line' id='line_1_77' title="bbox 2229 3725 3827 3801; baseline -0.006 -17"><span class='ocrx_word' id='word_1_637' title='bbox 2229 3732 2335 3784; x_wconf 85' lang='grc' dir='ltr'>οὐδ’</span> <span class='ocrx_word' id='word_1_638' title='bbox 2365 3732 2443 3795; x_wconf 69' lang='grc' dir='ltr'>εἰς</span> <span class='ocrx_word' id='word_1_639' title='bbox 2475 3730 2645 3795; x_wconf 79' lang='grc' dir='ltr'>δεξιὰ,</span> <span class='ocrx_word' id='word_1_640' title='bbox 2676 3730 2782 3783; x_wconf 76' lang='grc' dir='ltr'>οὐδ’</span> <span class='ocrx_word' id='word_1_641' title='bbox 2810 3732 2890 3794; x_wconf 76' lang='grc' dir='ltr'>εἰς</span> <span class='ocrx_word' id='word_1_642' title='bbox 2921 3728 3180 3801; x_wconf 85' lang='grc' dir='ltr'>ἀριστερά</span> <span class='ocrx_word' id='word_1_643' title='bbox 3213 3725 3639 3799; x_wconf 79' lang='grc' dir='ltr'>μετατεθήσεταί</span> <span class='ocrx_word' id='word_1_644' title='bbox 3676 3740 3827 3775; x_wconf 85' lang='grc' dir='ltr'>ποτε</span> 
     </span>
    </p>
   </div>
   <div class='ocr_carea' id='block_1_78' title="bbox 2229 3817 3825 3895">
    <p class='ocr_par' dir='ltr' id='par_1_78' title="bbox 2229 3817 3825 3895">
     <span class='ocr_line' id='line_1_78' title="bbox 2229 3817 3825 3895; baseline -0.005 -18"><span class='ocrx_word' id='word_1_645' title='bbox 2229 3824 2290 3877; x_wconf 83' lang='grc' dir='ltr'><strong>τὸ</strong></span> <span class='ocrx_word' id='word_1_646' title='bbox 2317 3824 2375 3877; x_wconf 70' lang='grc' dir='ltr'>ὃν</span> <span class='ocrx_word' id='word_1_647' title='bbox 2394 3841 2407 3854; x_wconf 79' lang='lat'><strong><em>°</em></strong></span> <span class='ocrx_word' id='word_1_648' title='bbox 2439 3821 2562 3876; x_wconf 66' lang='grc' dir='ltr'>οὔτε</span> <span class='ocrx_word' id='word_1_649' title='bbox 2590 3824 2717 3895; x_wconf 70' lang='grc' dir='ltr'>περὶ</span> <span class='ocrx_word' id='word_1_650' title='bbox 2737 3823 2797 3876; x_wconf 84' lang='grc' dir='ltr'><strong>τὸ</strong></span> <span class='ocrx_word' id='word_1_651' title='bbox 2835 3823 2998 3893; x_wconf 87' lang='grc' dir='ltr'>μέσον</span> <span class='ocrx_word' id='word_1_652' title='bbox 3026 3822 3154 3875; x_wconf 86' lang='grc' dir='ltr'>ποτὲ</span> <span class='ocrx_word' id='word_1_653' title='bbox 3186 3820 3376 3874; x_wconf 81' lang='grc' dir='ltr'>ἑαυτοῦ</span> <span class='ocrx_word' id='word_1_654' title='bbox 3412 3817 3776 3889; x_wconf 71' lang='grc' dir='ltr'>κινηθήσεται</span> <span class='ocrx_word' id='word_1_655' title='bbox 3805 3831 3825 3848; x_wconf 87' lang='grc'><strong>·</strong></span> 
     </span>
    </p>
   </div>
   <div class='ocr_carea' id='block_1_79' title="bbox 2230 3908 3833 3986">
    <p class='ocr_par' dir='ltr' id='par_1_79' title="bbox 2230 3908 3833 3986">
     <span class='ocr_line' id='line_1_79' title="bbox 2230 3908 3833 3986; baseline -0.006 -18"><span class='ocrx_word' id='word_1_656' title='bbox 2230 3916 2366 3969; x_wconf 78' lang='grc' dir='ltr'>ἀλλὰ</span> <span class='ocrx_word' id='word_1_657' title='bbox 2391 3915 2587 3986; x_wconf 79' lang='grc' dir='ltr'>μᾶλλον</span> <span class='ocrx_word' id='word_1_658' title='bbox 2621 3916 2714 3968; x_wconf 75' lang='grc' dir='ltr'><strong>καὶ</strong></span> <span class='ocrx_word' id='word_1_659' title='bbox 2753 3914 3054 3985; x_wconf 66' lang='grc' dir='ltr'>ἑστήξεται,</span> <span class='ocrx_word' id='word_1_660' title='bbox 3087 3914 3181 3966; x_wconf 68' lang='grc' dir='ltr'>καὶ</span> <span class='ocrx_word' id='word_1_661' title='bbox 3204 3911 3406 3983; x_wconf 86' lang='grc' dir='ltr'>ἀραρός</span> <span class='ocrx_word' id='word_1_662' title='bbox 3440 3928 3499 3962; x_wconf 89' lang='grc' dir='ltr'><strong>τε</strong></span> <span class='ocrx_word' id='word_1_663' title='bbox 3527 3908 3623 3961; x_wconf 79' lang='grc' dir='ltr'><strong>καὶ</strong></span> <span class='ocrx_word' id='word_1_664' title='bbox 3650 3909 3833 3977; x_wconf 77' lang='grc' dir='ltr'>ἑστη-</span> 
     </span>
    </p>
   </div>
   <div class='ocr_carea' id='block_1_80' title="bbox 2231 3999 3831 4077">
    <p class='ocr_par' dir='ltr' id='par_1_80' title="bbox 2231 3999 3831 4077">
     <span class='ocr_line' id='line_1_80' title="bbox 2231 3999 3831 4077; baseline -0.006 -17"><span class='ocrx_word' id='word_1_665' title='bbox 2231 4007 2324 4071; x_wconf 83' lang='grc' dir='ltr'><strong>κὸς</strong></span> <span class='ocrx_word' id='word_1_666' title='bbox 2357 4007 2505 4059; x_wconf 81' lang='grc' dir='ltr'>ἔσται</span> <span class='ocrx_word' id='word_1_667' title='bbox 2533 4006 2674 4060; x_wconf 86' lang='grc' dir='ltr'><strong>κατά</strong></span> <span class='ocrx_word' id='word_1_668' title='bbox 2716 4006 2885 4059; x_wconf 86' lang='grc' dir='ltr'>ταυτά</span> <span class='ocrx_word' id='word_1_669' title='bbox 2926 4005 3045 4077; x_wconf 78' lang='grc' dir='ltr'>ἕχον</span> <span class='ocrx_word' id='word_1_670' title='bbox 3077 4005 3182 4067; x_wconf 76' lang='grc' dir='ltr'>ἀεὶ,</span> <span class='ocrx_word' id='word_1_671' title='bbox 3207 4004 3300 4057; x_wconf 76' lang='grc' dir='ltr'><strong>καὶ</strong></span> <span class='ocrx_word' id='word_1_672' title='bbox 3331 4002 3610 4063; x_wconf 75' lang='grc' dir='ltr'>ὡσαύτως.</span> <span class='ocrx_word' id='word_1_673' title='bbox 3642 4019 3663 4051; x_wconf 70' lang='grc' dir='ltr'><strong>ι</strong></span> <span class='ocrx_word' id='word_1_674' title='bbox 3703 3999 3831 4052; x_wconf 74' lang='grc' dir='ltr'><strong>Καὶ</strong></span> 
     </span>
    </p>
   </div>
   <div class='ocr_carea' id='block_1_81' title="bbox 2231 4088 3828 4169">
    <p class='ocr_par' dir='ltr' id='par_1_81' title="bbox 2231 4088 3828 4169">
     <span class='ocr_line' id='line_1_81' title="bbox 2231 4088 3828 4169; baseline -0.006 -18"><span class='ocrx_word' id='word_1_675' title='bbox 2231 4099 2356 4169; x_wconf 81' lang='grc' dir='ltr'>ἑξῆς</span> <span class='ocrx_word' id='word_1_676' title='bbox 2392 4097 2509 4168; x_wconf 82' lang='grc' dir='ltr'>μεθ’</span> <span class='ocrx_word' id='word_1_677' title='bbox 2555 4098 2715 4168; x_wconf 75' lang='grc' dir='ltr'>ἕτερα</span> <span class='ocrx_word' id='word_1_678' title='bbox 2763 4098 3034 4165; x_wconf 78' lang='grc' dir='ltr'>ἐπιλέγει·</span> <span class='ocrx_word' id='word_1_679' title='bbox 3091 4115 3109 4147; x_wconf 82' lang='grc' dir='ltr'><strong>ι</strong></span> <span class='ocrx_word' id='word_1_680' title='bbox 3144 4094 3389 4148; x_wconf 75' lang='grc' dir='ltr'>Τοσαῦτα</span> <span class='ocrx_word' id='word_1_681' title='bbox 3426 4093 3522 4163; x_wconf 84' lang='grc' dir='ltr'><strong>μὲν</strong></span> <span class='ocrx_word' id='word_1_682' title='bbox 3570 4088 3667 4144; x_wconf 83' lang='grc' dir='ltr'><strong>οὖν</strong></span> <span class='ocrx_word' id='word_1_683' title='bbox 3722 4105 3828 4160; x_wconf 84' lang='grc' dir='ltr'><strong>μοι</strong></span> 
     </span>
    </p>
   </div>
   <div class='ocr_carea' id='block_1_82' title="bbox 2234 4181 3826 4264">
    <p class='ocr_par' dir='ltr' id='par_1_82' title="bbox 2234 4181 3826 4264">
     <span class='ocr_line' id='line_1_82' title="bbox 2234 4181 3826 4264; baseline -0.008 -18"><span class='ocrx_word' id='word_1_684' title='bbox 2234 4194 2337 4264; x_wconf 83' lang='grc' dir='ltr'><strong>πρὸ</strong></span> <span class='ocrx_word' id='word_1_685' title='bbox 2376 4191 2517 4244; x_wconf 83' lang='grc' dir='ltr'>ὁδοῦ.</span> <span class='ocrx_word' id='word_1_686' title='bbox 2566 4191 2739 4254; x_wconf 77' lang='grc' dir='ltr'>Αὐτὸς</span> <span class='ocrx_word' id='word_1_687' title='bbox 2790 4190 2833 4243; x_wconf 87' lang='grc' dir='ltr'>δ’</span> <span class='ocrx_word' id='word_1_688' title='bbox 2880 4189 3059 4242; x_wconf 76' lang='grc' dir='ltr'>οὐκέτι</span> <span class='ocrx_word' id='word_1_689' title='bbox 3108 4184 3639 4257; x_wconf 85' lang='grc' dir='ltr'>σχηματισθήσομαι,</span> <span class='ocrx_word' id='word_1_690' title='bbox 3702 4181 3826 4234; x_wconf 77' lang='grc' dir='ltr'>οὐδ’</span> 
     </span>
    </p>
   </div>
   <div class='ocr_carea' id='block_1_83' title="bbox 2236 4274 3831 4354">
    <p class='ocr_par' dir='ltr' id='par_1_83' title="bbox 2236 4274 3831 4354">
     <span class='ocr_line' id='line_1_83' title="bbox 2236 4274 3831 4354; baseline -0.008 -17"><span class='ocrx_word' id='word_1_691' title='bbox 2236 4286 2448 4354; x_wconf 81' lang='grc' dir='ltr'>ἀγνοεῖν</span> <span class='ocrx_word' id='word_1_692' title='bbox 2475 4284 2631 4352; x_wconf 83' lang='grc' dir='ltr'>φήσω</span> <span class='ocrx_word' id='word_1_693' title='bbox 2659 4282 2718 4335; x_wconf 75' lang='grc' dir='ltr'><strong>τὸ</strong></span> <span class='ocrx_word' id='word_1_694' title='bbox 2746 4282 2913 4351; x_wconf 80' lang='grc' dir='ltr'>ὄνομα</span> <span class='ocrx_word' id='word_1_695' title='bbox 2945 4278 3037 4333; x_wconf 77' lang='grc' dir='ltr'>τοῦ</span> <span class='ocrx_word' id='word_1_696' title='bbox 3071 4279 3362 4348; x_wconf 78' lang='grc' dir='ltr'>ἀσωμάτου</span> <span class='ocrx_word' id='word_1_697' title='bbox 3390 4293 3403 4306; x_wconf 81' lang='lat'><strong><em>°</em></strong></span> <span class='ocrx_word' id='word_1_698' title='bbox 3435 4276 3529 4328; x_wconf 70' lang='grc' dir='ltr'><strong>καὶ</strong></span> <span class='ocrx_word' id='word_1_699' title='bbox 3562 4274 3677 4344; x_wconf 88' lang='grc' dir='ltr'><strong>γάρ</strong></span> <span class='ocrx_word' id='word_1_700' title='bbox 3705 4290 3831 4325; x_wconf 81' lang='grc' dir='ltr'>κιν-</span> 
     </span>
    </p>
   </div>
   <div class='ocr_carea' id='block_1_84' title="bbox 2232 4364 3831 4445">
    <p class='ocr_par' dir='ltr' id='par_1_84' title="bbox 2232 4364 3831 4445">
     <span class='ocr_line' id='line_1_84' title="bbox 2232 4364 3831 4445; baseline -0.008 -17"><span class='ocrx_word' id='word_1_701' title='bbox 2232 4375 2438 4428; x_wconf 82' lang='grc' dir='ltr'>δυνεύει</span> <span class='ocrx_word' id='word_1_702' title='bbox 2462 4374 2554 4429; x_wconf 81' lang='grc' dir='ltr'>νῦν</span> <span class='ocrx_word' id='word_1_703' title='bbox 2586 4374 2684 4445; x_wconf 75' lang='grc' dir='ltr'>ἤδη</span> <span class='ocrx_word' id='word_1_704' title='bbox 2710 4373 2837 4426; x_wconf 77' lang='grc' dir='ltr'>ἴδιον</span> <span class='ocrx_word' id='word_1_705' title='bbox 2870 4372 2897 4411; x_wconf 75' lang='lat' dir='ltr'><strong>b</strong></span> <span class='ocrx_word' id='word_1_706' title='bbox 2930 4368 3066 4424; x_wconf 86' lang='grc' dir='ltr'>εἶναι</span> <span class='ocrx_word' id='word_1_707' title='bbox 3096 4371 3268 4422; x_wconf 79' lang='grc' dir='ltr'>εἰπεῖν</span> <span class='ocrx_word' id='word_1_708' title='bbox 3301 4367 3516 4438; x_wconf 77' lang='grc' dir='ltr'>μᾶλλον,</span> <span class='ocrx_word' id='word_1_709' title='bbox 3553 4365 3588 4436; x_wconf 83' lang='grc' dir='ltr'><strong>ἢ</strong></span> <span class='ocrx_word' id='word_1_710' title='bbox 3623 4364 3702 4435; x_wconf 82' lang='grc' dir='ltr'>μὴ</span> <span class='ocrx_word' id='word_1_711' title='bbox 3740 4365 3831 4416; x_wconf 76' lang='grc' dir='ltr'><strong>εἱ-</strong></span> 
     </span>
    </p>
   </div>
   <div class='ocr_carea' id='block_1_85' title="bbox 2234 4455 3828 4535">
    <p class='ocr_par' dir='ltr' id='par_1_85' title="bbox 2234 4455 3828 4535">
     <span class='ocr_line' id='line_1_85' title="bbox 2234 4455 3828 4535; baseline -0.007 -16"><span class='ocrx_word' id='word_1_712' title='bbox 2234 4470 2375 4518; x_wconf 84' lang='grc' dir='ltr'>πεῖν.</span> <span class='ocrx_word' id='word_1_713' title='bbox 2412 4466 2521 4518; x_wconf 74' lang='grc' dir='ltr'><strong>Καὶ</strong></span> <span class='ocrx_word' id='word_1_714' title='bbox 2552 4465 2685 4535; x_wconf 83' lang='grc' dir='ltr'>δῆτα</span> <span class='ocrx_word' id='word_1_715' title='bbox 2728 4464 2870 4532; x_wconf 87' lang='grc' dir='ltr'>λέγω</span> <span class='ocrx_word' id='word_1_716' title='bbox 2907 4464 2967 4515; x_wconf 84' lang='grc' dir='ltr'><strong>τὸ</strong></span> <span class='ocrx_word' id='word_1_717' title='bbox 2994 4463 3163 4532; x_wconf 72' lang='grc' dir='ltr'>ὄνομα</span> <span class='ocrx_word' id='word_1_718' title='bbox 3195 4458 3340 4530; x_wconf 73' lang='grc' dir='ltr'>αὐτῷ</span> <span class='ocrx_word' id='word_1_719' title='bbox 3380 4455 3515 4512; x_wconf 77' lang='grc' dir='ltr'>εἶναι</span> <span class='ocrx_word' id='word_1_720' title='bbox 3560 4457 3727 4509; x_wconf 69' lang='grc' dir='ltr'>τοῦτο</span> <span class='ocrx_word' id='word_1_721' title='bbox 3758 4457 3828 4509; x_wconf 81' lang='grc' dir='ltr'>τὸ</span> 
     </span>
    </p>
   </div>
   <div class='ocr_carea' id='block_1_86' title="bbox 561 4536 2129 4627">
    <p class='ocr_par' dir='ltr' id='par_1_86' title="bbox 561 4545 2125 4622">
     <span class='ocr_line' id='line_1_86' title="bbox 561 4545 2125 4622; baseline -0.008 -12"><span class='ocrx_word' id='word_1_722' title='bbox 561 4554 842 4610; x_wconf 88' lang='lat' dir='ltr'><strong>consistet.</strong></span> <span class='ocrx_word' id='word_1_723' title='bbox 881 4571 899 4603; x_wconf 77' lang='grc' dir='ltr'><strong>ι</strong></span> <span class='ocrx_word' id='word_1_724' title='bbox 935 4550 1189 4622; x_wconf 82' lang='lat' dir='ltr'><strong>idemque</strong></span> <span class='ocrx_word' id='word_1_725' title='bbox 1238 4549 1518 4604; x_wconf 89' lang='lat' dir='ltr'><strong>nonnullis</strong></span> <span class='ocrx_word' id='word_1_726' title='bbox 1573 4547 1872 4617; x_wconf 69' lang='lat' dir='ltr'><strong>interiectis</strong></span> <span class='ocrx_word' id='word_1_727' title='bbox 1898 4586 1914 4611; x_wconf 89' lang='lat'><strong>,</strong></span> <span class='ocrx_word' id='word_1_728' title='bbox 1968 4545 2125 4600; x_wconf 86' lang='lat' dir='ltr'><strong>dein—</strong></span> 
     </span>
    </p>
   </div>
   <div class='ocr_carea' id='block_1_87' title="bbox 2231 4536 3829 4627">
    <p class='ocr_par' dir='ltr' id='par_1_87' title="bbox 2234 4550 3829 4627">
     <span class='ocr_line' id='line_1_87' title="bbox 2234 4550 3829 4627; baseline -0.006 -16"><span class='ocrx_word' id='word_1_729' title='bbox 2234 4558 2399 4611; x_wconf 80' lang='grc' dir='ltr'>πάλαι</span> <span class='ocrx_word' id='word_1_730' title='bbox 2433 4556 2778 4627; x_wconf 76' lang='grc' dir='ltr'>ζητούμενον.</span> <span class='ocrx_word' id='word_1_731' title='bbox 2821 4553 2980 4608; x_wconf 83' lang='grc' dir='ltr'><strong>Ἀλλά</strong></span> <span class='ocrx_word' id='word_1_732' title='bbox 3031 4556 3105 4624; x_wconf 81' lang='grc' dir='ltr'><strong>μὴ</strong></span> <span class='ocrx_word' id='word_1_733' title='bbox 3135 4553 3417 4621; x_wconf 84' lang='grc' dir='ltr'>γελασόιτω</span> <span class='ocrx_word' id='word_1_734' title='bbox 3449 4569 3551 4615; x_wconf 83' lang='grc' dir='ltr'>τις,</span> <span class='ocrx_word' id='word_1_735' title='bbox 3596 4550 3696 4602; x_wconf 76' lang='grc' dir='ltr'><strong>ἐὰν</strong></span> <span class='ocrx_word' id='word_1_736' title='bbox 3729 4550 3829 4619; x_wconf 80' lang='grc' dir='ltr'><strong>φῶ</strong></span> 
     </span>
    </p>
   </div>
   <div class='ocr_carea' id='block_1_88' title="bbox 561 4637 2129 4715">
    <p class='ocr_par' dir='ltr' id='par_1_88' title="bbox 561 4637 2129 4715">
     <span class='ocr_line' id='line_1_88' title="bbox 561 4637 2129 4715; baseline -0.004 -14"><span class='ocrx_word' id='word_1_737' title='bbox 561 4662 689 4715; x_wconf 82' lang='lat' dir='ltr'><strong>ceps</strong></span> <span class='ocrx_word' id='word_1_738' title='bbox 720 4647 792 4698; x_wconf 90' lang='lat' dir='ltr'><strong>ita</strong></span> <span class='ocrx_word' id='word_1_739' title='bbox 822 4643 1170 4714; x_wconf 86' lang='lat' dir='ltr'><strong>prosequitur</strong></span> <span class='ocrx_word' id='word_1_740' title='bbox 1197 4661 1211 4695; x_wconf 86' lang='lat'><strong>:</strong></span> <span class='ocrx_word' id='word_1_741' title='bbox 1260 4660 1277 4693; x_wconf 81' lang='grc' dir='ltr'><strong>ι</strong></span> <span class='ocrx_word' id='word_1_742' title='bbox 1326 4643 1503 4711; x_wconf 90' lang='lat' dir='ltr'><strong>Atque</strong></span> <span class='ocrx_word' id='word_1_743' title='bbox 1532 4640 1648 4695; x_wconf 66' lang='grc' dir='ltr'>Ιιξεο</span> <span class='ocrx_word' id='word_1_744' title='bbox 1692 4638 1999 4693; x_wconf 68' lang='lat' dir='ltr'><strong>munienda:</strong></span> <span class='ocrx_word' id='word_1_745' title='bbox 2032 4637 2129 4694; x_wconf 71' lang='lat' dir='ltr'><strong>vite</strong></span> 
     </span>
    </p>
   </div>
   <div class='ocr_carea' id='block_1_89' title="bbox 562 4729 2128 4808">
    <p class='ocr_par' dir='ltr' id='par_1_89' title="bbox 562 4729 2128 4808">
     <span class='ocr_line' id='line_1_89' title="bbox 562 4729 2128 4808; baseline -0.006 -17"><span class='ocrx_word' id='word_1_746' title='bbox 562 4739 733 4808; x_wconf 81' lang='lat' dir='ltr'><strong>gratia</strong></span> <span class='ocrx_word' id='word_1_747' title='bbox 758 4738 889 4792; x_wconf 88' lang='lat' dir='ltr'><strong>mihi</strong></span> <span class='ocrx_word' id='word_1_748' title='bbox 920 4736 1063 4791; x_wconf 89' lang='lat' dir='ltr'><strong>dicta</strong></span> <span class='ocrx_word' id='word_1_749' title='bbox 1094 4743 1257 4790; x_wconf 90' lang='lat' dir='ltr'><strong>sunto</strong></span> <span class='ocrx_word' id='word_1_750' title='bbox 1296 4733 1418 4788; x_wconf 80' lang='lat' dir='ltr'><strong>Jam</strong></span> <span class='ocrx_word' id='word_1_751' title='bbox 1444 4748 1572 4788; x_wconf 87' lang='lat' dir='ltr'><strong>vero</strong></span> <span class='ocrx_word' id='word_1_752' title='bbox 1607 4730 1953 4787; x_wconf 90' lang='lat' dir='ltr'><strong>simulatione</strong></span> <span class='ocrx_word' id='word_1_753' title='bbox 1979 4729 2128 4786; x_wconf 89' lang='lat' dir='ltr'><strong>omni</strong></span> 
     </span>
    </p>
   </div>
   <div class='ocr_carea' id='block_1_90' title="bbox 562 4822 2127 4903">
    <p class='ocr_par' dir='ltr' id='par_1_90' title="bbox 562 4822 2127 4903">
     <span class='ocr_line' id='line_1_90' title="bbox 562 4822 2127 4903; baseline -0.007 -16"><span class='ocrx_word' id='word_1_754' title='bbox 562 4836 760 4903; x_wconf 89' lang='lat' dir='ltr'><strong>posita,</strong></span> <span class='ocrx_word' id='word_1_755' title='bbox 809 4846 972 4885; x_wconf 82' lang='lat' dir='ltr'><strong>nosse</strong></span> <span class='ocrx_word' id='word_1_756' title='bbox 999 4845 1085 4884; x_wconf 91' lang='lat' dir='ltr'><strong>me</strong></span> <span class='ocrx_word' id='word_1_757' title='bbox 1109 4828 1417 4899; x_wconf 83' lang='lat' dir='ltr'><strong>incorporei</strong></span> <span class='ocrx_word' id='word_1_758' title='bbox 1452 4842 1653 4882; x_wconf 90' lang='lat' dir='ltr'><strong>nomen</strong></span> <span class='ocrx_word' id='word_1_759' title='bbox 1704 4826 1938 4895; x_wconf 83' lang='lat' dir='ltr'><strong>ingenue</strong></span> <span class='ocrx_word' id='word_1_760' title='bbox 1959 4822 2127 4892; x_wconf 84' lang='lat' dir='ltr'><strong>proli-</strong></span> 
     </span>
    </p>
   </div>
   <div class='ocr_carea' id='block_1_91' title="bbox 564 4916 2130 4991">
    <p class='ocr_par' dir='ltr' id='par_1_91' title="bbox 564 4916 2130 4991">
     <span class='ocr_line' id='line_1_91' title="bbox 564 4916 2130 4991; baseline -0.006 -12"><span class='ocrx_word' id='word_1_761' title='bbox 564 4926 716 4979; x_wconf 82' lang='lat' dir='ltr'><strong>tebor</strong></span> <span class='ocrx_word' id='word_1_762' title='bbox 742 4943 756 4990; x_wconf 86' lang='lat'><strong>;</strong></span> <span class='ocrx_word' id='word_1_763' title='bbox 786 4941 912 4979; x_wconf 89' lang='lat' dir='ltr'><strong>cum</strong></span> <span class='ocrx_word' id='word_1_764' title='bbox 943 4925 994 4979; x_wconf 88' lang='lat' dir='ltr'><strong>id</strong></span> <span class='ocrx_word' id='word_1_765' title='bbox 1039 4939 1183 4979; x_wconf 93' lang='lat' dir='ltr'><strong>nunc</strong></span> <span class='ocrx_word' id='word_1_766' title='bbox 1220 4921 1441 4991; x_wconf 88' lang='lat' dir='ltr'><strong>quidem</strong></span> <span class='ocrx_word' id='word_1_767' title='bbox 1470 4918 1813 4990; x_wconf 87' lang='lat' dir='ltr'><strong>pronuntiari</strong></span> <span class='ocrx_word' id='word_1_768' title='bbox 1834 4916 2130 4986; x_wconf 82' lang='lat' dir='ltr'><strong>jucundius</strong></span> 
     </span>
    </p>
   </div>
   <div class='ocr_carea' id='block_1_92' title="bbox 563 5008 2131 5083">
    <p class='ocr_par' dir='ltr' id='par_1_92' title="bbox 563 5008 2131 5083">
     <span class='ocr_line' id='line_1_92' title="bbox 563 5008 2131 5083; baseline -0.006 -14"><span class='ocrx_word' id='word_1_769' title='bbox 563 5015 805 5070; x_wconf 78' lang='lat' dir='ltr'><strong>futurum</strong></span> <span class='ocrx_word' id='word_1_770' title='bbox 834 5014 1103 5077; x_wconf 86' lang='lat' dir='ltr'><strong>videatur,</strong></span> <span class='ocrx_word' id='word_1_771' title='bbox 1134 5029 1298 5083; x_wconf 89' lang='lat' dir='ltr'><strong>quam</strong></span> <span class='ocrx_word' id='word_1_772' title='bbox 1346 5012 1515 5067; x_wconf 88' lang='lat' dir='ltr'><strong>sileri.</strong></span> <span class='ocrx_word' id='word_1_773' title='bbox 1545 5011 1610 5064; x_wconf 87' lang='lat' dir='ltr'><strong>Et</strong></span> <span class='ocrx_word' id='word_1_774' title='bbox 1636 5009 1854 5080; x_wconf 90' lang='lat' dir='ltr'><strong>quidem</strong></span> <span class='ocrx_word' id='word_1_775' title='bbox 1888 5008 2018 5062; x_wconf 87' lang='lat' dir='ltr'><strong>illud</strong></span> <span class='ocrx_word' id='word_1_776' title='bbox 2051 5008 2131 5075; x_wconf 89' lang='lat' dir='ltr'><strong>ip-</strong></span> 
     </span>
    </p>
   </div>
   <div class='ocr_carea' id='block_1_93' title="bbox 563 5103 2129 5177">
    <p class='ocr_par' dir='ltr' id='par_1_93' title="bbox 563 5103 2129 5177">
     <span class='ocr_line' id='line_1_93' title="bbox 563 5103 2129 5177; baseline -0.006 -14"><span class='ocrx_word' id='word_1_777' title='bbox 563 5124 705 5170; x_wconf 90' lang='lat' dir='ltr'><strong>sum,</strong></span> <span class='ocrx_word' id='word_1_778' title='bbox 737 5123 845 5177; x_wconf 89' lang='lat' dir='ltr'><strong>quo</strong></span> <span class='ocrx_word' id='word_1_779' title='bbox 874 5108 939 5161; x_wconf 92' lang='lat' dir='ltr'><strong>de</strong></span> <span class='ocrx_word' id='word_1_780' title='bbox 976 5105 1303 5176; x_wconf 78' lang='lat' dir='ltr'><strong>jampridem</strong></span> <span class='ocrx_word' id='word_1_781' title='bbox 1354 5103 1639 5173; x_wconf 65' lang='lat' dir='ltr'><strong>qureritur,</strong></span> <span class='ocrx_word' id='word_1_782' title='bbox 1672 5103 1721 5158; x_wconf 92' lang='lat' dir='ltr'><strong>ei</strong></span> <span class='ocrx_word' id='word_1_783' title='bbox 1762 5118 1962 5156; x_wconf 88' lang='lat' dir='ltr'><strong>nomen</strong></span> <span class='ocrx_word' id='word_1_784' title='bbox 2007 5114 2129 5155; x_wconf 89' lang='lat' dir='ltr'><strong>esse</strong></span> 
     </span>
    </p>
   </div>
   <div class='ocr_carea' id='block_1_94' title="bbox 563 5194 2129 5267">
    <p class='ocr_par' dir='ltr' id='par_1_94' title="bbox 563 5194 2129 5267">
     <span class='ocr_line' id='line_1_94' title="bbox 563 5194 2129 5267; baseline -0.006 -13"><span class='ocrx_word' id='word_1_785' title='bbox 563 5198 853 5254; x_wconf 90' lang='lat' dir='ltr'><strong>contendo.</strong></span> <span class='ocrx_word' id='word_1_786' title='bbox 886 5196 997 5253; x_wconf 86' lang='lat' dir='ltr'><strong>Nec</strong></span> <span class='ocrx_word' id='word_1_787' title='bbox 1017 5197 1192 5251; x_wconf 86' lang='lat' dir='ltr'><strong>rideat</strong></span> <span class='ocrx_word' id='word_1_788' title='bbox 1214 5198 1301 5250; x_wconf 92' lang='lat' dir='ltr'><strong>hic</strong></span> <span class='ocrx_word' id='word_1_789' title='bbox 1333 5197 1646 5267; x_wconf 90' lang='lat' dir='ltr'><strong>quisquam,</strong></span> <span class='ocrx_word' id='word_1_790' title='bbox 1668 5195 1797 5249; x_wconf 90' lang='lat' dir='ltr'><strong>dum</strong></span> <span class='ocrx_word' id='word_1_791' title='bbox 1823 5194 1974 5249; x_wconf 84' lang='lat' dir='ltr'><strong>audit</strong></span> <span class='ocrx_word' id='word_1_792' title='bbox 2001 5208 2097 5262; x_wconf 86' lang='lat' dir='ltr'><strong>pro</strong></span> <span class='ocrx_word' id='word_1_793' title='bbox 2115 5220 2129 5232; x_wconf 70' lang='grc' dir='ltr'><strong><em>ι</em></strong></span> 
     </span>
    </p>
   </div>
   <div class='ocr_carea' id='block_1_95' title="bbox 564 5284 2129 5362">
    <p class='ocr_par' dir='ltr' id='par_1_95' title="bbox 564 5284 2129 5362">
     <span class='ocr_line' id='line_1_95' title="bbox 564 5284 2129 5362; baseline -0.003 -18"><span class='ocrx_word' id='word_1_794' title='bbox 564 5292 741 5362; x_wconf 88' lang='lat' dir='ltr'><strong>prium</strong></span> <span class='ocrx_word' id='word_1_795' title='bbox 767 5290 1071 5361; x_wconf 87' lang='lat' dir='ltr'><strong>incorporei</strong></span> <span class='ocrx_word' id='word_1_796' title='bbox 1098 5304 1318 5353; x_wconf 89' lang='lat' dir='ltr'><strong>nomen,</strong></span> <span class='ocrx_word' id='word_1_797' title='bbox 1340 5288 1704 5343; x_wconf 88' lang='lat' dir='ltr'><strong>substantiam</strong></span> <span class='ocrx_word' id='word_1_798' title='bbox 1725 5296 1886 5357; x_wconf 88' lang='lat' dir='ltr'><strong>atque</strong></span> <span class='ocrx_word' id='word_1_799' title='bbox 1913 5286 1964 5339; x_wconf 87' lang='lat' dir='ltr'><strong>id</strong></span> <span class='ocrx_word' id='word_1_800' title='bbox 1983 5284 2129 5355; x_wconf 85' lang='lat' dir='ltr'><strong>quod</strong></span> 
     </span>
    </p>
   </div>
   <div class='ocr_carea' id='block_1_96' title="bbox 563 5378 2128 5451">
    <p class='ocr_par' dir='ltr' id='par_1_96' title="bbox 563 5378 2128 5451">
     <span class='ocr_line' id='line_1_96' title="bbox 563 5378 2128 5451; baseline -0.006 -11"><span class='ocrx_word' id='word_1_801' title='bbox 563 5394 665 5449; x_wconf 91' lang='lat' dir='ltr'><strong>est,</strong></span> <span class='ocrx_word' id='word_1_802' title='bbox 699 5385 795 5440; x_wconf 88' lang='lat' dir='ltr'><strong>abs</strong></span> <span class='ocrx_word' id='word_1_803' title='bbox 822 5399 907 5439; x_wconf 90' lang='lat' dir='ltr'><strong>me</strong></span> <span class='ocrx_word' id='word_1_804' title='bbox 936 5383 1214 5439; x_wconf 85' lang='lat' dir='ltr'><strong>constitui.</strong></span> <span class='ocrx_word' id='word_1_805' title='bbox 1256 5381 1506 5436; x_wconf 87' lang='lat' dir='ltr'><strong>Nominis</strong></span> <span class='ocrx_word' id='word_1_806' title='bbox 1556 5380 1756 5451; x_wconf 87' lang='lat' dir='ltr'><strong>quippe</strong></span> <span class='ocrx_word' id='word_1_807' title='bbox 1811 5378 1977 5449; x_wconf 90' lang='lat' dir='ltr'><strong>hujus</strong></span> <span class='ocrx_word' id='word_1_808' title='bbox 2008 5392 2128 5433; x_wconf 89' lang='lat' dir='ltr'><strong>eam</strong></span> 
     </span>
    </p>
   </div>
   <div class='ocr_carea' id='block_1_97' title="bbox 564 5470 2130 5545">
    <p class='ocr_par' dir='ltr' id='par_1_97' title="bbox 564 5470 2130 5545">
     <span class='ocr_line' id='line_1_97' title="bbox 564 5470 2130 5545; baseline -0.005 -14"><span class='ocrx_word' id='word_1_809' title='bbox 564 5491 684 5531; x_wconf 84' lang='lat' dir='ltr'><strong>esse</strong></span> <span class='ocrx_word' id='word_1_810' title='bbox 717 5491 939 5530; x_wconf 87' lang='lat' dir='ltr'><strong>causam</strong></span> <span class='ocrx_word' id='word_1_811' title='bbox 993 5474 1277 5545; x_wconf 83' lang='lat' dir='ltr'><strong>intelligat,</strong></span> <span class='ocrx_word' id='word_1_812' title='bbox 1304 5473 1450 5543; x_wconf 91' lang='lat' dir='ltr'><strong>quod</strong></span> <span class='ocrx_word' id='word_1_813' title='bbox 1506 5488 1683 5541; x_wconf 88' lang='lat' dir='ltr'><strong>neque</strong></span> <span class='ocrx_word' id='word_1_814' title='bbox 1711 5481 1891 5528; x_wconf 89' lang='lat' dir='ltr'><strong>ortum</strong></span> <span class='ocrx_word' id='word_1_815' title='bbox 1925 5470 2130 5524; x_wconf 88' lang='lat' dir='ltr'><strong>habue—</strong></span> 
     </span>
    </p>
   </div>
   <div class='ocr_carea' id='block_1_98' title="bbox 636 5565 1741 5639">
    <p class='ocr_par' dir='ltr' id='par_1_98' title="bbox 636 5565 1741 5639">
     <span class='ocr_line' id='line_1_98' title="bbox 636 5565 1741 5639; baseline -0.002 -18"><span class='ocrx_word' id='word_1_816' title='bbox 636 5581 662 5609; x_wconf 78' lang='grc' dir='ltr'>ι</span> <span class='ocrx_word' id='word_1_817' title='bbox 702 5568 827 5635; x_wconf 83' lang='lat' dir='ltr'><strong>Ms.,</strong></span> <span class='ocrx_word' id='word_1_818' title='bbox 866 5567 1259 5639; x_wconf 77' lang='grc' dir='ltr'>συμϐούλομαι.</span> <span class='ocrx_word' id='word_1_819' title='bbox 1338 5567 1366 5607; x_wconf 72' lang='grc' dir='ltr'><strong>δ</strong></span> <span class='ocrx_word' id='word_1_820' title='bbox 1407 5565 1534 5631; x_wconf 63' lang='lat' dir='ltr'><strong>ML,</strong></span> <span class='ocrx_word' id='word_1_821' title='bbox 1573 5566 1741 5637; x_wconf 71' lang='grc' dir='ltr'>ἥδιον.</span> 
     </span>
    </p>
   </div>
   <div class='ocr_carea' id='block_1_99' title="bbox 637 5678 2126 5754">
    <p class='ocr_par' dir='ltr' id='par_1_99' title="bbox 637 5678 2126 5754">
     <span class='ocr_line' id='line_1_99' title="bbox 637 5678 2126 5754; baseline -0.003 -18"><span class='ocrx_word' id='word_1_822' title='bbox 637 5683 749 5749; x_wconf 69' lang='grc'><strong>(45)</strong></span> <span class='ocrx_word' id='word_1_823' title='bbox 780 5684 1031 5754; x_wconf 76' lang='grc' dir='ltr'><strong>Οὐκοῦν.</strong></span> <span class='ocrx_word' id='word_1_824' title='bbox 1080 5682 1283 5754; x_wconf 87' lang='lat' dir='ltr'><strong>Legere</strong></span> <span class='ocrx_word' id='word_1_825' title='bbox 1314 5682 1483 5738; x_wconf 88' lang='lat' dir='ltr'><strong>malui</strong></span> <span class='ocrx_word' id='word_1_826' title='bbox 1515 5681 1739 5738; x_wconf 73' lang='grc' dir='ltr'>οὔκουν.</span> <span class='ocrx_word' id='word_1_827' title='bbox 1778 5678 1953 5754; x_wconf 76' lang='lat' dir='ltr'><strong>Negat</strong></span> <span class='ocrx_word' id='word_1_828' title='bbox 1976 5678 2126 5734; x_wconf 89' lang='lat' dir='ltr'><strong>enim</strong></span> 
     </span>
    </p>
   </div>
   <div class='ocr_carea' id='block_1_100' title="bbox 568 5752 2126 5879">
    <p class='ocr_par' dir='ltr' id='par_1_100' title="bbox 568 5752 2126 5879">
     <span class='ocr_line' id='line_1_100' title="bbox 568 5752 2126 5879; baseline -0.002 -72"><span class='ocrx_word' id='word_1_829' title='bbox 568 5755 779 5879; x_wconf 48' lang='lat' dir='ltr'><strong>opinor,</strong></span> <span class='ocrx_word' id='word_1_830' title='bbox 808 5753 952 5817; x_wconf 78' lang='grc' dir='ltr'>εἰκός</span> <span class='ocrx_word' id='word_1_831' title='bbox 979 5770 1119 5818; x_wconf 84' lang='lat' dir='ltr'><strong>esse,</strong></span> <span class='ocrx_word' id='word_1_832' title='bbox 1165 5752 1306 5823; x_wconf 74' lang='lat' dir='ltr'><strong>quod</strong></span> <span class='ocrx_word' id='word_1_833' title='bbox 1360 5755 1636 5824; x_wconf 85' lang='lat' dir='ltr'><strong>sequitur;</strong></span> <span class='ocrx_word' id='word_1_834' title='bbox 1690 5768 1799 5807; x_wconf 90' lang='lat' dir='ltr'><strong>non</strong></span> <span class='ocrx_word' id='word_1_835' title='bbox 1848 5752 2126 5807; x_wconf 82' lang='lat' dir='ltr'><strong>aﬂirmat:</strong></span> 
     </span>
     <span class='ocr_line' id='line_1_101' title="bbox 568 5825 1457 5879; baseline 0 0"><span class='ocrx_word' id='word_1_836' title='bbox 568 5841 600 5879; x_wconf 78' lang='grc' dir='ltr'><strong>ιι</strong></span> <span class='ocrx_word' id='word_1_837' title='bbox 624 5825 767 5879; x_wconf 87' lang='lat' dir='ltr'><strong>iouui</strong></span> <span class='ocrx_word' id='word_1_838' title='bbox 797 5826 1088 5879; x_wconf 65' lang='lat' dir='ltr'><strong>pugnantia</strong></span> <span class='ocrx_word' id='word_1_839' title='bbox 1127 5825 1457 5879; x_wconf 77' lang='lat' dir='ltr'><strong>lonueretur.</strong></span> 
     </span>
    </p>
   </div>
   <div class='ocr_carea' id='block_1_101' title="bbox 568 5825 1457 5896">
    <p class='ocr_par' dir='ltr' id='par_1_101' title="bbox 568 5825 1457 5896">
     <span class='ocr_line' id='line_1_102' title="bbox 568 5825 1457 5896; baseline 0.001 -16"><span class='ocrx_word' id='word_1_840' title='bbox 568 5825 767 5896; x_wconf 80' lang='lat' dir='ltr'><strong>alioqui</strong></span> <span class='ocrx_word' id='word_1_841' title='bbox 797 5826 1088 5895; x_wconf 85' lang='lat' dir='ltr'><strong>pugnantia</strong></span> <span class='ocrx_word' id='word_1_842' title='bbox 1127 5825 1457 5896; x_wconf 76' lang='lat' dir='ltr'><strong>loqueretur.</strong></span> 
     </span>
    </p>
   </div>
   <div class='ocr_carea' id='block_1_102' title="bbox 2230 4640 3829 4716">
    <p class='ocr_par' dir='ltr' id='par_1_102' title="bbox 2230 4640 3829 4716">
     <span class='ocr_line' id='line_1_103' title="bbox 2230 4640 3829 4716; baseline -0.004 -17"><span class='ocrx_word' id='word_1_843' title='bbox 2230 4647 2322 4699; x_wconf 83' lang='grc' dir='ltr'>τοῦ</span> <span class='ocrx_word' id='word_1_844' title='bbox 2351 4646 2639 4716; x_wconf 79' lang='grc' dir='ltr'>ἀσωμάτου</span> <span class='ocrx_word' id='word_1_845' title='bbox 2665 4640 2801 4698; x_wconf 84' lang='grc' dir='ltr'>εἶναι</span> <span class='ocrx_word' id='word_1_846' title='bbox 2830 4645 2998 4714; x_wconf 72' lang='grc' dir='ltr'>ὄνομα</span> <span class='ocrx_word' id='word_1_847' title='bbox 3023 4644 3207 4695; x_wconf 74' lang='grc' dir='ltr'>ουσίαν</span> <span class='ocrx_word' id='word_1_848' title='bbox 3234 4643 3325 4695; x_wconf 77' lang='grc' dir='ltr'><strong>καὶ</strong></span> <span class='ocrx_word' id='word_1_849' title='bbox 3353 4642 3429 4694; x_wconf 77' lang='grc' dir='ltr'>ὅν.</span> <span class='ocrx_word' id='word_1_850' title='bbox 3472 4643 3532 4693; x_wconf 85' lang='grc' dir='ltr'>Ή</span> <span class='ocrx_word' id='word_1_851' title='bbox 3568 4641 3625 4693; x_wconf 82' lang='grc' dir='ltr'>δὲ</span> <span class='ocrx_word' id='word_1_852' title='bbox 3663 4640 3829 4693; x_wconf 65' lang='grc' dir='ltr'>αἰτία</span> 
     </span>
    </p>
   </div>
   <div class='ocr_carea' id='block_1_103' title="bbox 2229 4731 3829 4808">
    <p class='ocr_par' dir='ltr' id='par_1_103' title="bbox 2229 4731 3829 4808">
     <span class='ocr_line' id='line_1_104' title="bbox 2229 4731 3829 4808; baseline -0.006 -16"><span class='ocrx_word' id='word_1_853' title='bbox 2229 4738 2319 4792; x_wconf 77' lang='grc' dir='ltr'>τοῦ</span> <span class='ocrx_word' id='word_1_854' title='bbox 2349 4738 2498 4802; x_wconf 76' lang='grc' dir='ltr'>ὄντος</span> <span class='ocrx_word' id='word_1_855' title='bbox 2523 4738 2783 4808; x_wconf 78' lang='grc' dir='ltr'>ὀνόματός</span> <span class='ocrx_word' id='word_1_856' title='bbox 2830 4734 2937 4806; x_wconf 68' lang='grc'>(46)</span> <span class='ocrx_word' id='word_1_857' title='bbox 2974 4736 3085 4786; x_wconf 84' lang='grc' dir='ltr'>ἐστι</span> <span class='ocrx_word' id='word_1_858' title='bbox 3125 4734 3184 4785; x_wconf 81' lang='grc' dir='ltr'><strong>τὸ</strong></span> <span class='ocrx_word' id='word_1_859' title='bbox 3330 4731 3636 4800; x_wconf 83' lang='grc' dir='ltr'>γεγονέναι,</span> <span class='ocrx_word' id='word_1_860' title='bbox 3677 4731 3829 4800; x_wconf 76' lang='grc' dir='ltr'>μηδὲ</span> 
     </span>
    </p>
   </div>
   <div class='ocr_carea' id='block_1_104' title="bbox 2231 4824 3829 4903">
    <p class='ocr_par' dir='ltr' id='par_1_104' title="bbox 2231 4824 3829 4903">
     <span class='ocr_line' id='line_1_105' title="bbox 2231 4824 3829 4903; baseline -0.005 -19"><span class='ocrx_word' id='word_1_861' title='bbox 2231 4828 2620 4903; x_wconf 75' lang='grc' dir='ltr'>φθαρήσεσθαι,</span> <span class='ocrx_word' id='word_1_862' title='bbox 2657 4828 2775 4899; x_wconf 81' lang='grc' dir='ltr'>μηδ’</span> <span class='ocrx_word' id='word_1_863' title='bbox 2808 4828 2970 4899; x_wconf 84' lang='grc' dir='ltr'>ἄλλην</span> <span class='ocrx_word' id='word_1_864' title='bbox 3006 4829 3139 4897; x_wconf 74' lang='grc' dir='ltr'>μήτε</span> <span class='ocrx_word' id='word_1_865' title='bbox 3179 4826 3391 4896; x_wconf 82' lang='grc' dir='ltr'>κίνησιν</span> <span class='ocrx_word' id='word_1_866' title='bbox 3424 4824 3696 4895; x_wconf 77' lang='grc' dir='ltr'>μηδεμίαν</span> <span class='ocrx_word' id='word_1_867' title='bbox 3728 4826 3829 4876; x_wconf 71' lang='grc' dir='ltr'>ἐν·</span> 
     </span>
    </p>
   </div>
   <div class='ocr_carea' id='block_1_105' title="bbox 2228 4912 3827 4994">
    <p class='ocr_par' dir='ltr' id='par_1_105' title="bbox 2228 4912 3827 4994">
     <span class='ocr_line' id='line_1_106' title="bbox 2228 4912 3827 4994; baseline -0.004 -17"><span class='ocrx_word' id='word_1_868' title='bbox 2228 4922 2496 4994; x_wconf 84' lang='grc' dir='ltr'>δέχεσθαι,</span> <span class='ocrx_word' id='word_1_869' title='bbox 2518 4921 2649 4993; x_wconf 86' lang='grc' dir='ltr'><strong>μηδέ</strong></span> <span class='ocrx_word' id='word_1_870' title='bbox 2666 4920 2797 4991; x_wconf 62' lang='lat'><strong>(46&#39;)</strong></span> <span class='ocrx_word' id='word_1_871' title='bbox 2814 4920 3110 4992; x_wconf 77' lang='grc' dir='ltr'>μεταϐολὴν</span> <span class='ocrx_word' id='word_1_872' title='bbox 3124 4919 3351 4990; x_wconf 85' lang='grc' dir='ltr'>κρείττω</span> <span class='ocrx_word' id='word_1_873' title='bbox 3372 4917 3652 4987; x_wconf 74' lang='grc' dir='ltr'>ἢφαύλην·</span> <span class='ocrx_word' id='word_1_874' title='bbox 3670 4912 3827 4970; x_wconf 75' lang='grc' dir='ltr'>εἶναι.</span> 
     </span>
    </p>
   </div>
   <div class='ocr_carea' id='block_1_106' title="bbox 2228 5008 3827 5081">
    <p class='ocr_par' dir='ltr' id='par_1_106' title="bbox 2228 5008 3827 5081">
     <span class='ocr_line' id='line_1_107' title="bbox 2228 5008 3827 5081; baseline -0.005 -12"><span class='ocrx_word' id='word_1_875' title='bbox 2228 5016 2284 5069; x_wconf 85' lang='grc' dir='ltr'><strong>δέ</strong></span> <span class='ocrx_word' id='word_1_876' title='bbox 2309 5015 2511 5069; x_wconf 76' lang='grc' dir='ltr'>ἁπλοῦν</span> <span class='ocrx_word' id='word_1_877' title='bbox 2542 5014 2638 5068; x_wconf 68' lang='grc' dir='ltr'><strong>καὶ</strong></span> <span class='ocrx_word' id='word_1_878' title='bbox 2664 5013 3036 5076; x_wconf 78' lang='grc' dir='ltr'>ἀναλλοίωτον,</span> <span class='ocrx_word' id='word_1_879' title='bbox 3068 5012 3161 5064; x_wconf 81' lang='grc' dir='ltr'><strong>καὶ</strong></span> <span class='ocrx_word' id='word_1_880' title='bbox 3188 5013 3245 5063; x_wconf 84' lang='grc' dir='ltr'><strong>ἐν</strong></span> <span class='ocrx_word' id='word_1_881' title='bbox 3278 5009 3391 5081; x_wconf 76' lang='grc' dir='ltr'>ἰδέᾳ</span> <span class='ocrx_word' id='word_1_882' title='bbox 3424 5012 3491 5079; x_wconf 78' lang='grc' dir='ltr'>τῇ</span> <span class='ocrx_word' id='word_1_883' title='bbox 3519 5010 3684 5079; x_wconf 77' lang='grc' dir='ltr'>αὐτῇ,</span> <span class='ocrx_word' id='word_1_884' title='bbox 3716 5008 3827 5061; x_wconf 70' lang='grc' dir='ltr'><strong>καὶ</strong></span> 
     </span>
    </p>
   </div>
   <div class='ocr_carea' id='block_1_107' title="bbox 2233 5101 3822 5183">
    <p class='ocr_par' dir='ltr' id='par_1_107' title="bbox 2233 5101 3822 5183">
     <span class='ocr_line' id='line_1_108' title="bbox 2233 5101 3822 5183; baseline -0.007 -19"><span class='ocrx_word' id='word_1_885' title='bbox 2233 5112 2370 5183; x_wconf 80' lang='grc' dir='ltr'>μήτε</span> <span class='ocrx_word' id='word_1_886' title='bbox 2415 5107 2713 5162; x_wconf 79' lang='grc' dir='ltr'>ἐθελούσιον</span> <span class='ocrx_word' id='word_1_887' title='bbox 2757 5106 3065 5172; x_wconf 78' lang='grc' dir='ltr'>ἐξίστασθαι</span> <span class='ocrx_word' id='word_1_888' title='bbox 3109 5106 3207 5176; x_wconf 76' lang='grc' dir='ltr'>τῆς</span> <span class='ocrx_word' id='word_1_889' title='bbox 3253 5105 3605 5173; x_wconf 84' lang='grc' dir='ltr'>ταυτότητος,</span> <span class='ocrx_word' id='word_1_890' title='bbox 3679 5101 3822 5173; x_wconf 79' lang='grc' dir='ltr'>μήθ’</span> 
     </span>
    </p>
   </div>
   <div class='ocr_carea' id='block_1_108' title="bbox 2230 5191 3873 5270">
    <p class='ocr_par' dir='ltr' id='par_1_108' title="bbox 2230 5191 3873 5270">
     <span class='ocr_line' id='line_1_109' title="bbox 2230 5191 3873 5270; baseline -0.005 -17"><span class='ocrx_word' id='word_1_891' title='bbox 2230 5202 2319 5270; x_wconf 80' lang='grc' dir='ltr'>ὑφ’</span> <span class='ocrx_word' id='word_1_892' title='bbox 2363 5198 2548 5270; x_wconf 82' lang='grc' dir='ltr'>ἐτέρου</span> <span class='ocrx_word' id='word_1_893' title='bbox 2600 5195 3161 5268; x_wconf 75' lang='grc' dir='ltr'>προσαναγκάζεσθαι.</span> <span class='ocrx_word' id='word_1_894' title='bbox 3219 5197 3363 5265; x_wconf 83' lang='grc' dir='ltr'><strong>Ἔφη</strong></span> <span class='ocrx_word' id='word_1_895' title='bbox 3393 5193 3449 5246; x_wconf 83' lang='grc' dir='ltr'>δὲ</span> <span class='ocrx_word' id='word_1_896' title='bbox 3481 5194 3577 5246; x_wconf 69' lang='grc' dir='ltr'><strong>καὶ</strong></span> <span class='ocrx_word' id='word_1_897' title='bbox 3608 5194 3637 5244; x_wconf 92' lang='grc' dir='ltr'>ὁ</span> <span class='ocrx_word' id='word_1_898' title='bbox 3666 5191 3826 5246; x_wconf 82' lang='grc' dir='ltr'><strong>Πλά-</strong></span> <span class='ocrx_word' id='word_1_899' title='bbox 3866 5191 3873 5261; x_wconf 66' lang='grc' dir='ltr'>Ξ</span> 
     </span>
    </p>
   </div>
   <div class='ocr_carea' id='block_1_109' title="bbox 2228 5285 3824 5361">
    <p class='ocr_par' dir='ltr' id='par_1_109' title="bbox 2228 5285 3824 5361">
     <span class='ocr_line' id='line_1_110' title="bbox 2228 5285 3824 5361; baseline -0.005 -15"><span class='ocrx_word' id='word_1_900' title='bbox 2228 5312 2334 5348; x_wconf 88' lang='grc' dir='ltr'><strong>των</strong></span> <span class='ocrx_word' id='word_1_901' title='bbox 2362 5294 2418 5345; x_wconf 87' lang='grc' dir='ltr'><strong>ἐν</strong></span> <span class='ocrx_word' id='word_1_902' title='bbox 2444 5292 2732 5361; x_wconf 80' lang='grc' dir='ltr'>Κρατύλῳ</span> <span class='ocrx_word' id='word_1_903' title='bbox 2757 5290 2823 5343; x_wconf 82' lang='grc' dir='ltr'>τὰ</span> <span class='ocrx_word' id='word_1_904' title='bbox 2854 5290 3094 5360; x_wconf 86' lang='grc' dir='ltr'>ὀνόματα</span> <span class='ocrx_word' id='word_1_905' title='bbox 3117 5285 3371 5357; x_wconf 74' lang='grc' dir='ltr'>ὁμοιώσει</span> <span class='ocrx_word' id='word_1_906' title='bbox 3410 5287 3518 5339; x_wconf 89' lang='grc' dir='ltr'><strong>τῶν</strong></span> <span class='ocrx_word' id='word_1_907' title='bbox 3546 5285 3824 5355; x_wconf 78' lang='grc' dir='ltr'>πραγμά-</span> 
     </span>
    </p>
   </div>
   <div class='ocr_carea' id='block_1_110' title="bbox 2230 5372 3820 5438">
    <p class='ocr_par' dir='ltr' id='par_1_110' title="bbox 2230 5372 3820 5438">
     <span class='ocr_line' id='line_1_111' title="bbox 2230 5372 3820 5438; baseline -0.006 0"><span class='ocrx_word' id='word_1_908' title='bbox 2230 5403 2335 5438; x_wconf 87' lang='grc' dir='ltr'><strong>των</strong></span> <span class='ocrx_word' id='word_1_909' title='bbox 2361 5380 2499 5437; x_wconf 79' lang='grc' dir='ltr'>εἷναι</span> <span class='ocrx_word' id='word_1_910' title='bbox 2522 5383 2661 5437; x_wconf 75' lang='grc' dir='ltr'>αὐτὰ</span> <span class='ocrx_word' id='word_1_911' title='bbox 2692 5382 2935 5435; x_wconf 84' lang='grc' dir='ltr'>ἐπίθετα.</span> <span class='ocrx_word' id='word_1_912' title='bbox 2966 5382 3141 5433; x_wconf 88' lang='grc' dir='ltr'>Ἔστω</span> <span class='ocrx_word' id='word_1_913' title='bbox 3166 5373 3257 5431; x_wconf 76' lang='grc' dir='ltr'>οὖν</span> <span class='ocrx_word' id='word_1_914' title='bbox 3284 5378 3377 5431; x_wconf 79' lang='grc' dir='ltr'><strong>καὶ</strong></span> <span class='ocrx_word' id='word_1_915' title='bbox 3399 5376 3636 5430; x_wconf 83' lang='grc' dir='ltr'>δεδόσθω</span> <span class='ocrx_word' id='word_1_916' title='bbox 3667 5372 3820 5429; x_wconf 80' lang='grc' dir='ltr'>εἶναι</span> 
     </span>
    </p>
   </div>
   <div class='ocr_carea' id='block_1_111' title="bbox 2229 5468 3808 5548">
    <p class='ocr_par' dir='ltr' id='par_1_111' title="bbox 2229 5468 3808 5548">
     <span class='ocr_line' id='line_1_112' title="bbox 2229 5468 3808 5548; baseline -0.006 -18"><span class='ocrx_word' id='word_1_917' title='bbox 2229 5477 2289 5530; x_wconf 82' lang='grc' dir='ltr'><strong>τὸ</strong></span> <span class='ocrx_word' id='word_1_918' title='bbox 2312 5476 2371 5529; x_wconf 83' lang='grc' dir='ltr'>ὃν</span> <span class='ocrx_word' id='word_1_919' title='bbox 2403 5476 2463 5529; x_wconf 84' lang='grc' dir='ltr'><strong>τὸ</strong></span> <span class='ocrx_word' id='word_1_920' title='bbox 2490 5475 2799 5548; x_wconf 85' lang='grc' dir='ltr'>ἀσώματον.</span> <span class='ocrx_word' id='word_1_921' title='bbox 2825 5494 2842 5527; x_wconf 74' lang='grc' dir='ltr'><strong>ι</strong></span> <span class='ocrx_word' id='word_1_922' title='bbox 2867 5469 2979 5526; x_wconf 83' lang='grc' dir='ltr'><strong>Εἶθ’</strong></span> <span class='ocrx_word' id='word_1_923' title='bbox 2997 5468 3345 5532; x_wconf 74' lang='grc' dir='ltr'>ὑποκαταϐὰς</span> <span class='ocrx_word' id='word_1_924' title='bbox 3373 5468 3649 5537; x_wconf 77' lang='grc' dir='ltr'>ἐπιλέγειο</span> <span class='ocrx_word' id='word_1_925' title='bbox 3678 5487 3697 5520; x_wconf 78' lang='lat' dir='ltr'><strong>t</strong></span> <span class='ocrx_word' id='word_1_926' title='bbox 3721 5468 3808 5521; x_wconf 83' lang='grc' dir='ltr'>Τὸ</span> 
     </span>
    </p>
   </div>
   <div class='ocr_carea' id='block_1_112' title="bbox 2301 5674 3816 5763">
    <p class='ocr_par' dir='ltr' id='par_1_112' title="bbox 2301 5674 3816 5763">
     <span class='ocr_line' id='line_1_113' title="bbox 2301 5674 3816 5763; baseline -0.003 -27"><span class='ocrx_word' id='word_1_927' title='bbox 2301 5680 2412 5753; x_wconf 72' lang='grc'><strong>(46)</strong></span> <span class='ocrx_word' id='word_1_928' title='bbox 2453 5682 2559 5763; x_wconf 73' lang='grc' dir='ltr'><strong>Τοῦ</strong></span> <span class='ocrx_word' id='word_1_929' title='bbox 2590 5682 2762 5747; x_wconf 78' lang='grc' dir='ltr'>ὄντος</span> <span class='ocrx_word' id='word_1_930' title='bbox 2792 5679 3096 5748; x_wconf 74' lang='grc' dir='ltr'>ὀνόματος.</span> <span class='ocrx_word' id='word_1_931' title='bbox 3127 5674 3323 5731; x_wconf 82' lang='lat' dir='ltr'><strong>Vocem</strong></span> <span class='ocrx_word' id='word_1_932' title='bbox 3370 5674 3522 5741; x_wconf 75' lang='grc' dir='ltr'>ὄντος</span> <span class='ocrx_word' id='word_1_933' title='bbox 3570 5674 3816 5733; x_wconf 76' lang='lat' dir='ltr'><strong>libenter</strong></span> 
     </span>
    </p>
   </div>
   <div class='ocr_carea' id='block_1_113' title="bbox 2232 5769 3228 5896">
    <p class='ocr_par' dir='ltr' id='par_1_113' title="bbox 2232 5769 3228 5896">
     <span class='ocr_line' id='line_1_114' title="bbox 2232 5769 2606 5823; baseline -0.019 -12"><span class='ocrx_word' id='word_1_934' title='bbox 2232 5769 2606 5823; x_wconf 79' lang='lat' dir='ltr'><strong>expunxerim.</strong></span> 
     </span>
     <span class='ocr_line' id='line_1_115' title="bbox 2302 5816 3228 5896; baseline -0.002 -20"><span class='ocrx_word' id='word_1_935' title='bbox 2302 5823 2437 5896; x_wconf 74' lang='grc'><strong>(46⁸)</strong></span> <span class='ocrx_word' id='word_1_936' title='bbox 2473 5821 2653 5893; x_wconf 80' lang='grc' dir='ltr'><strong>Μηὸἐ.</strong></span> <span class='ocrx_word' id='word_1_937' title='bbox 2691 5821 2853 5876; x_wconf 83' lang='lat' dir='ltr'><strong>Forte</strong></span> <span class='ocrx_word' id='word_1_938' title='bbox 2884 5820 3037 5889; x_wconf 82' lang='grc' dir='ltr'>μήτε.</span> <span class='ocrx_word' id='word_1_939' title='bbox 3074 5816 3228 5874; x_wconf 71' lang='lat' dir='ltr'><strong>Eutr.</strong></span> 
     </span>
    </p>
   </div>
  </div>
