4042 6384
273 312 389 371 873

1451 318 1774 381 PRIEPAR.
1817 317 2079 380 EVANG.
2116 323 2244 381 LIB.
2290 325 2378 381 XI.

3430 331 3532 386 87$

253 426 313 478 ὃν
357 422 527 480 εἷπον
574 430 693 501 (47)
731 431 1050 502 ἀσώματον,
1090 434 1244 489 τοῦτο
1282 436 1336 489 δὲ
1377 438 1512 493 εἶναι
1549 442 1611 494 τὸ
1649 445 1851 514 νοητόν.

1968 436 2055 499 rit,
2100 452 2275 507 neque
2313 438 2659 494 interiturum
2700 439 2809 495 sit:
2855 440 2965 495 imo
2998 456 3097 495 nec
3127 440 3271 495 aliud
3305 459 3532 513 prorsus

257 517 340 570 Τὰ
371 518 481 588 μὲν
516 518 625 576 οὖν
664 524 934 593 λεχθέντα,
964 526 1061 579 ὅσα
1090 528 1446 598 μνημονεύειν
1469 532 1582 585 ἔστι
1614 552 1723 604 μοι,
1750 554 1859 588 τοι-

253 608 401 662 αῦτα
425 611 573 677 γοῦν
621 610 718 685 ἦν’
751 615 843 668 τὸν
880 616 923 668 δ’
958 616 1311 690 ἐπιζητοῦντα
1359 621 1514 691 λόγον
1555 625 1665 695 (48)
1694 626 1860 679 ἐθέλω

254 703 821 774 παραμυθήσασθαι,
870 709 1080 762 τοσόνδε
1134 711 1399 776 ὑπειπὼν,
1430 714 1510 767 ὃτι
1552 714 1722 767 ταῦτα
1748 720 1859 779 τοῖς

254 789 509 860 δόγμασι
548 796 655 849 τοῦ
684 798 968 863 Πλάτωνος
994 803 1041 854 εἰ
1073 800 1146 872 μὴ
1183 803 1497 875 συμϐαίνει,
1524 806 1636 859 ἀλλ’
1671 807 1856 879 ἑτέρου

250 884 304 949 γ’
336 885 520 957 ἐχρῆν
555 889 769 944 οἴεσθαί
813 909 953 956 τινος
996 896 1184 966 ἀνδρὸς
1228 898 1460 967 μεγάλου
1481 941 1495 964 ,
1531 901 1669 970 μέγα
1698 902 1858 956 δυνα-

256 977 426 1045 μένου
449 1018 465 1042 ,
520 980 651 1033 οἴου
696 983 1032 1055 Πυθαγόρου.
1088 987 1249 1055 Λέγει
1286 989 1416 1057 γοῦν
1448 990 1701 1046 Πλάτων·
1738 994 1859 1065 φέρ’

252 1067 620 1136 ἀναμνησθῶ
651 1072 766 1133 πῶς
789 1072 934 1139 λέγει
958 1091 969 1103 ·
1013 1074 1077 1126 Τί
1116 1076 1175 1128 τὸ
1215 1077 1273 1130 ὃν
1300 1080 1405 1140 ἀεὶ,
1435 1081 1643 1148 γένεσιν
1674 1082 1729 1134 δὲ
1760 1084 1859 1136 οὐκ

253 1155 416 1225 ἔχονς
452 1159 576 1214 Καὶ
614 1162 668 1213 τί
714 1164 772 1215 τὸ
813 1165 1089 1235 γινόμενον
1139 1169 1257 1238 μὲν,
1294 1169 1352 1222 ὃν
1392 1171 1448 1224 δὲ
1481 1174 1769 1237 ούδέποτε;
1799 1174 1860 1226 τὸ

256 1246 356 1312 μὲν
424 1246 496 1318 δὴ
562 1254 746 1322 νοήσει
799 1255 935 1324 μετά
982 1255 1138 1324 λόγου
1189 1260 1547 1331 περιληπτὸν,
1597 1264 1657 1315 τὸ
1702 1263 1743 1315 δ’
1791 1260 1856 1317 αὖ

252 1338 385 1410 δόξῃ
443 1344 601 1411 μετὰ.
658 1346 959 1417 αἰσθήσεως
1013 1352 1207 1421 ἀλόγου
1258 1355 1541 1423 δοξαστὸν,
1581 1358 1859 1429 γινόμενον

255 1432 351 1522 καὶ
379 1434 795 1507 ἀπολλύμενον,
825 1439 992 1507 ὅντως
1018 1442 1073 1497 δὲ
1111 1446 1360 1500 οὐδέποτε
1395 1447 1471 1501 6v.
1501 1451 1699 1520 Ἥρετο
1726 1450 1855 1522 γὰρ,

255 1520 309 1571 τί
358 1524 488 1575 εστι
540 1527 609 1578 τὸ
651 1527 743 1590 ὃν,
797 1530 902 1598 φὰς
946 1533 1075 1586 αὐτὸ
1126 1535 1383 1607 ἀγένητον
1425 1520 1858 1608 άναμῳιλέκτως.

257 1613 489 1667 Γένεσιν
515 1616 636 1689 γὰρ
657 1620 755 1673 οἰκ
784 1620 884 1690 ἔφη
911 1618 1047 1676 εἶναι
1069 1624 1145 1695 τῷ
1183 1626 1293 1679 ὄντι
1312 1645 1325 1657 ·
1350 1628 1605 1699 ἐτρέπετο
1626 1629 1733 1702 γὰρ
1760 1631 1821 1684 ἄν
1839 1646 1855 1661 ·

254 1706 621 1777 τρεπόμενον
657 1710 713 1763 δὲ
756 1712 856 1765 οὐκ
889 1709 954 1785 ἦν
990 1715 1176 1768 ἀΐδιον.
1208 1736 1227 1768 ι
1252 1714 1381 1771 Εἶτα
1429 1719 1635 1783 ὑποϐάς
1666 1736 1855 1789 φησιν’

1970 529 2137 583 ullum
2163 546 2260 585 seu
2297 540 2500 597 motus,
2528 546 2621 587 seu
2666 534 2981 588 mutationis
3002 576 3016 599 ,
3045 534 3272 604 ejusque
3305 536 3387 589 vel
3416 554 3501 591 me

1969 623 2148 689 lioris,
2173 625 2255 679 vel
2278 624 2565 679 deterioris
2592 640 2761 695 genus
2816 626 3110 695 aliquando
3173 626 3480 681 subiturum
3516 648 3527 660 -
3562 652 3579 677 υ

1971 716 2066 769 sed
2091 718 2317 772 omnino
2347 717 2578 786 simplex
2616 726 2670 771 et
2694 717 3055 777 immutabile.
3094 718 3337 789 adeoque
3363 720 3414 772 in
3443 735 3535 773 ea-

1969 807 2091 861 dem
2130 822 2342 877 semper
2373 816 2582 861 natura‘,
2606 823 2717 861 suat
2756 809 2964 862 ratione
2992 810 3264 878 persistat,
3288 812 3431 880 quod
3464 813 3532 865 ab

1970 898 2060 953 illa
2096 913 2197 953 nec
2227 907 2416 968 suapte
2438 908 2651 968 sponte,
2678 914 2778 954 nec
2821 900 2993 953 aliena
3021 902 3071 954 vi
3105 915 3168 955 ac
3208 902 3534 958 necessitate

1968 988 2229 1043 discedat.
2275 988 2341 1047 Et
2397 1002 2526 1042 sane
2550 987 2703 1043 Plato
2733 989 2960 1059 ipsemet
2982 991 3035 1043 in
3055 990 3293 1061 Cralylo,
3314 994 3533 1047 nomina

1968 1093 2034 1133 ex
2066 1078 2282 1147 propria
2308 1083 2545 1148 quadam
2569 1095 2749 1135 rerum
2769 1082 3123 1138 similitudine
3148 1084 3398 1153 imposita
3412 1100 3533 1140 esse

1968 1169 2145 1224 docet.
2181 1168 2396 1224 Maneat
2426 1172 2609 1241 igitur,
2638 1183 2687 1227 et
2736 1180 2995 1243 tanquam
3021 1189 3207 1227 verum
3261 1184 3529 1237 sumatur,

1969 1261 2345 1328 incorporeum
2381 1278 2502 1316 esse
2532 1262 2584 1316 id
2612 1264 2754 1332 qt‘tod
2801 1276 2934 1319 est.»
2957 1263 3167 1331 Quibus
3200 1266 3359 1334 paulo
3404 1274 3527 1334 post

1967 1355 2163 1407 iterum
2188 1354 2289 1408 ista
2321 1354 2601 1425 subjungit
2631 1373 2642 1409 :
2699 1375 2717 1407 ι
2752 1355 2807 1410 Id
2840 1358 2984 1425 quod
3009 1366 3094 1411 est
3125 1358 3528 1426 incorporeum.

1966 1445 2341 1515 idemquesola
2361 1454 2541 1501 mente
2556 1457 2867 1516 perceptum
2897 1463 3017 1503 esse
3051 1449 3323 1507 dicebant.
3357 1449 3532 1517 Alqne

1967 1536 2080 1590 hac
2107 1546 2257 1599 sunt,
2302 1553 2423 1605 quae
2452 1546 2566 1592 tum
2602 1538 2877 1608 disputata
2909 1538 3079 1593 fuisse
3118 1539 3360 1593 memini.
3401 1538 3529 1593 Mihi

1965 1642 2113 1691 vero,
2174 1629 2219 1682 si
2256 1629 2383 1698 quis
2420 1629 2565 1683 illam
2600 1629 2842 1685 Platonis
2903 1630 3207 1684 orationem
3268 1630 3529 1699 requirat,

1965 1720 2111 1775 hunc
2134 1720 2235 1792 ipsi
2266 1723 2505 1776 laborem
2528 1724 2758 1776 allevare
2776 1738 2838 1775 ac
2861 1723 3070 1776 mollire
3088 1723 3262 1791 placet
3283 1741 3296 1787 ;
3317 1723 3361 1776 si
3382 1723 3532 1791 prius

261 1823 281 1855 ι
329 1806 395 1856 El
434 1805 546 1873 μὲν
586 1805 649 1876 δὴ
680 1806 737 1858 τὸ
774 1806 831 1859 ὃν
871 1807 1085 1869 πάντως
1118 1808 1291 1877 πάντη
1321 1807 1487 1860 ἀΐδιόν
1520 1809 1578 1862 τέ
1622 1810 1737 1861 ἐστι
1765 1809 1851 1862 καὶ

1962 1812 2063 1866 hoc
2080 1828 2363 1880 monuero,
2391 1830 2510 1884 qua:
2536 1813 3147 1883 locoillodisputantur,
3179 1829 3241 1867 ea
3270 1814 3313 1868 si
3348 1816 3529 1867 minus

254 1894 569 1967 ἄτρεπτον,
610 1900 699 1951 καὶ
731 1898 978 1970 ούδαμῶς
1009 1899 1214 1969 οὐδαμῆ
1249 1898 1597 1969 ἐξιστάμενον
1646 1899 1705 1964 ἐξ
1731 1902 1856 1953 ἐαυ-

256 1987 373 2051 τοῦ,
431 1989 602 2059 μένει
636 1990 692 2043 δὲ
735 1991 874 2044 κατὰ
907 1991 973 2044 τὰ
1016 1991 1154 2045 αὐτὰ
1206 1993 1299 2045 καὶ
1330 1990 1589 2055 ὡσαύτως
1637 1993 1856 2063 ἕστηκε,

254 2082 418 2136 τοῦτο
442 2084 513 2155 δή
525 2103 633 2139 που
660 2085 725 2138 ἂν
754 2085 836 2160 εἴη
871 2086 933 2141 τὸ
963 2089 1028 2159 τῇ
1058 2090 1239 2159 νοήσει
1274 2087 1413 2159 μετὰ
1444 2088 1600 2156 λόγου
1637 2088 1859 2159 περιλη-

258 2174 416 2236 πιέν.
471 2175 548 2232 ΕΞ
591 2179 646 2232 δὲ
677 2178 736 2231 τὸ
776 2178 931 2248 σῶμα
964 2179 1046 2247 ῥεῖ
1071 2177 1165 2229 καὶ
1192 2175 1411 2248 φέρεται
1441 2176 1543 2228 ὑπὸ
1576 2179 1673 2248 τῆς
1698 2175 1858 2237 εὐθὺς

259 2269 610 2340 μταῦολῆς,
663 2269 1043 2340 ἀποδιδράσκει
1090 2268 1184 2320 καὶ
1234 2267 1332 2319 οὐκ
1380 2266 1546 2321 ἔστιν.
1594 2267 1753 2319 Ὅθεν
1796 2266 1855 2318 ού

258 2363 431 2434 πολλὴ
470 2364 651 2434 μανία
705 2364 779 2433 μὴ
809 2363 870 2415 ού
899 2362 1056 2415 τοῦτο
1102 2358 1237 2414 εἶναι
1271 2361 1518 2432 ἀόριστον
1567 2360 1697 2431 (49),
1730 2361 1854 2432 δόξῃ

254 2455 312 2509 δὲ
345 2456 494 2527 μόνῃ
541 2456 813 2523 δοξαστὸν,
849 2456 941 2508 καὶ
962 2454 1035 2518 ὥς
1063 2472 1193 2525 φησι
1230 2453 1452 2507 Πλάτων
1484 2454 1616 2525 (50),
1646 2453 1855 2521 γινόμε-

257 2566 347 2600 νον
385 2549 487 2601 καὶ
523 2547 912 2619 ἀπολλύμενον,
942 2547 1106 2609 ὅντως
1136 2547 1192 2600 δὲ
1222 2546 1474 2599 οὐδέποτε
1507 2545 1586 2599 ὸν.
1622 2566 1638 2597 ι
1669 2544 1853 2598 Ταῦτα

258 2639 357 2709 μὲν
392 2641 423 2691 6
458 2640 799 2711 Νουμήνιος,
831 2637 965 2709 ὁμοῦ
995 2638 1061 2690 τὰ
1093 2638 1397 2701 Πλάτωνος,
1435 2638 1527 2690 καὶ
1557 2638 1687 2690 πολὺ
1720 2636 1852 2707 πρό-

256 2748 417 2802 τερον
451 2731 538 2784 τὰ
581 2731 826 2794 Μωσέως
872 2733 965 2784 ἐπὶ
1012 2731 1074 2783 τὸ
1123 2731 1290 2798 σαφὲς
1330 2729 1719 2801 διερμηνεύων.
1759 2729 1851 2781 El-

260 2823 439 2885 κὸτως
478 2823 625 2893 δῆτα
666 2824 745 2885 εἰς
777 2823 909 2875 αὐτὸ
953 2825 1127 2875 ἐκεῖνο
1158 2823 1221 2875 τὸ
1260 2823 1438 2890 λόγιον
1476 2822 1848 2893 περιφέρεται,

264 2915 325 2968 δι’
368 2910 431 2967 οἷ)
474 2917 645 2984 φάναι
681 2914 1107 2987 μνημονεύεται·
1152 2932 1169 2965 ι
1213 2914 1279 2966 Τί
1320 2914 1427 2984 γάρ
1463 2916 1577 2966 ἐστι
1627 2915 1851 2965 Πλάτων

264 3011 295 3080 ἢ
329 3009 545 3078 Μωσῆς
598 3006 947 3071 Ἀττικίζων;
981 3025 999 3058 ι
1035 3005 1145 3058 Θέα
1176 3005 1232 3057 δὲ
1266 3004 1401 3075 πρὸς
1436 3002 1664 3067 τούτοις,
1696 3004 1743 3055 εἰ
1774 3003 1849 3074 μὴ

263 3099 350 3151 τὸν
378 3100 630 3170 παρόντα
655 3097 775 3150 νοῦν
806 3098 898 3150 ἐπὶ
942 3097 1121 3151 πλεῖον
1160 3098 1252 3150 καί
1295 3099 1323 3149 ό
1370 3095 1713 3167 Πλούταρχος
1762 3094 1848 3160 ἐξ·
1879 3130 1920 3186 C

265 3191 482 3254 απλῶν,
505 3190 790 3262 συντρέχοι
816 3190 881 3242 ἂν
904 3192 1021 3253 ταῖς
1034 3206 1094 3242 τε
1113 3188 1498 3260 προκειμέναις
1524 3191 1727 3257 φωναῖς
1742 3188 1849 3242 τῶν

264 3285 600 3352 φιλοσόφων,
646 3284 738 3336 καὶ
784 3285 903 3345 ταῖς
954 3278 1108 3344 αὖθις
1148 3281 1414 3352 Ἐϐραίων
1463 3280 1743 3353 κειμέναις
1791 3284 1849 3336 ὲν

264 3376 481 3446 ἑτέραις
527 3376 844 3442 θεολογίαις,
880 3375 947 3428 δι’
975 3368 1049 3426 ὧν
1080 3375 1201 3426 τοτὲ
1237 3374 1335 3443 μὲν
1365 3374 1643 3444 εἰσάγεται
1677 3374 1848 3441 λέγων

264 3471 291 3521 6
340 3467 703 3541 χρηματίζων
753 3468 915 3530 Θεόςο
959 3485 977 3518 ι
1029 3466 1172 3519 Διότι
1226 3465 1336 3533 ἐγὼ
1388 3466 1591 3537 Κύριος
1637 3466 1665 3517 ό
1717 3464 1848 3528 Θεὸς

267 3565 440 3632 ὑμῶν,
475 3564 571 3617 καὶ
609 3563 707 3615 ούκ
747 3561 1076 3632 ὴλλοίωμαι’
1120 3578 1138 3611 ι
1169 3560 1292 3612 τοτὲ
1330 3559 1374 3612 δ’
1424 3562 1502 3623 εις
1537 3560 1695 3612 αὑτὸν
1740 3559 1845 3627 ἀφ-

265 3657 404 3727 ορῶν
429 3658 458 3710 6
485 3656 780 3727 Προφήτης
812 3653 1151 3707 ἀποτείνεται
1172 3670 1183 3681 ·
1218 3672 1235 3703 ι
1251 3653 1373 3705 Ὅτι
1396 3651 1457 3723 δὴ
1481 3651 1549 3705 τὰ
1567 3654 1662 3722 μὲν
1678 3651 1846 3723 ὁρατὰ

267 3752 444 3803 πάντα
493 3747 724 3819 τραπείη
761 3748 826 3801 ἄν
867 3763 996 3799 ποτε
1040 3748 1134 3799 καὶ
1173 3745 1564 3817 μεταϐληθείη·
1608 3744 1671 3797 σὺ
1715 3746 1770 3797 δὲ
1818 3748 1845 3797 ὁ

266 3839 428 3902 αὐτὸς
480 3835 549 3905 εἷ,
591 3840 685 3892 καὶ
716 3837 785 3891 τὰ
828 3838 921 3908 ἔτη
956 3854 1048 3889 σου
1081 3839 1180 3890 ούκ
1220 3836 1547 3905 ὲκλείῴουσι.
1595 3858 1613 3888 ι
1647 3837 1843 3890 Σκόπει

268 3930 415 3999 γοῦν,
450 3933 499 3984 εἰ
546 3931 621 4001 μὴ
660 3930 736 3993 ὼς
791 3931 848 3982 ὲν
895 3929 1156 4000 προτάσει
1203 3927 1297 3980 τοῦ
1352 3944 1410 3979 τε
1460 3928 1611 3999 παρὰ
1656 3929 1845 3982 Μωσεῖ

267 4010 561 4091 ᾦήσαντος,
600 4040 619 4073 ι
667 4020 808 4089 Ἑγὼ
836 4023 949 4092 εἰμι
979 4024 1007 4074 6
1037 4020 1141 4074 ὤν’
1177 4038 1196 4070 ι
1229 4018 1322 4072 καὶ
1354 4018 1469 4083 τοῦ,
1503 4039 1521 4070 ι
1569 4019 1708 4087 Ἐγὼ
1737 4020 1843 4073 Κύ-

268 4132 377 4187 ριος
419 4118 451 4169 6
483 4115 614 4178 Θεὸς
663 4114 837 4182 ὑμῶν,
874 4115 969 4168 καὶ
1010 4116 1109 4167 οὐκ
1154 4113 1450 4185 ὴλλοίωμαι
1474 4128 1487 4142 ⁸
1532 4131 1549 4163 ι
1590 4113 1684 4166 καὶ
1720 4113 1837 4181 τοῦ,

271 4225 289 4257 ι
319 4208 390 4261 Σί)
420 4207 479 4260 δὲ
502 4209 531 4260 6
580 4206 742 4269 αὐτὸς
783 4200 853 4266 εἶ,
892 4225 908 4255 ι
941 4204 1087 4269 δόξαι
1116 4205 1180 4258 ἂν
1228 4207 1257 4258 ό
1289 4203 1630 4275 Πλούταρχος
1674 4206 1731 4257 ἐν
1760 4204 1836 4275 τῷ

270 4299 407 4369 Περὶ
435 4299 538 4353 τοῦ
564 4299 655 4361 Εἴ,
680 4296 770 4350 τοῦ
812 4298 870 4350 ἐν
911 4298 1152 4366 Δελφοῖς,
1181 4298 1278 4367 τὴν
1304 4296 1539 4350 διάνοιαν
1586 4297 1834 4369 ύφερμη-

266 4390 458 4454 νεύειν,
489 4391 615 4443 τάδε
643 4392 815 4459 λέγων
840 4392 975 4462 πρὸς
1004 4387 1167 4452 λέξιν.

1961 1906 2026 1958 ad
2056 1904 2298 1961 Platonis
2349 1906 2603 1976 dogmata
2638 1907 2944 1976 pertineant
2977 1947 2991 1970 ,
3040 1908 3195 1961 alteri
3228 1918 3374 1962 certe
3410 1909 3530 1963 cui-

1961 1998 2127 2067 piam,
2160 2000 2251 2054 sed
2275 2000 2556 2054 excellenti
2587 2001 2726 2066 viro,
2755 2013 3078 2068 summaque
3106 1998 3524 2068 phiIOSOphandi

1959 2088 2010 2139 vi
2032 2088 2258 2157 praedito
2290 2089 2618 2159 assignanda
2648 2104 2787 2153 esse,
2820 2089 3127 2158 cujusmodi
3166 2087 3525 2160 Pythagoram

1959 2177 2130 2234 fuisse
2161 2180 2384 2234 dixeris.
2414 2179 2505 2234 Sic
2530 2181 2693 2250 igitur
2716 2180 2869 2234 Plato
2898 2199 2911 2235 :
2942 2196 3066 2235 nam
3098 2182 3380 2236 verborum
3414 2200 3527 2238 mc-

1960 2272 2186 2325 minisse
2202 2273 2507 2326 conandum
2528 2282 2607 2327 est
2643 2290 2656 2326 :
2706 2270 2845 2338 Quid
2868 2272 2999 2326 illud
3025 2282 3127 2340 est,
3159 2274 3353 2345 inquit,
3382 2278 3526 2345 quod

1959 2380 2174 2432 semper
2198 2364 2324 2418 est?
2352 2379 2451 2419 nec
2496 2374 2673 2417 tamen
2700 2376 2879 2420 ortum
2918 2366 3083 2421 habet
3132 2368 3348 2421 ullum?
3385 2368 3524 2435 Quid

1958 2455 2089 2510 illud
2120 2464 2333 2519 contra,
2378 2456 2521 2524 quod
2556 2456 2764 2522 oritur,
2800 2467 2851 2512 ει
2904 2475 3178 2529 nunquam
3212 2470 3292 2514 est
3321 2462 3344 2512 ?
3369 2459 3526 2515 Prius

1958 2546 2087 2601 illud
2110 2547 2329 2617 quidem
2372 2548 2439 2601 ab
2472 2548 2584 2603 sola
2609 2548 2960 2618 intelligentia
3004 2566 3127 2606 cum
3170 2552 3378 2605 ratione
3405 2567 3526 2621 per-

1957 2640 2153 2710 cipitur
2190 2659 2203 2693 :
2244 2641 2474 2695 alterum
2512 2642 2635 2705 hoc,
2666 2643 2810 2711 quod
2836 2646 3013 2700 oritur
3032 2644 3195 2698 simul
3228 2654 3281 2698 et
3306 2644 3524 2712 occidit,

1956 2748 2131 2803 neque
2166 2748 2406 2802 unquam
2442 2749 2566 2789 vere
2583 2743 2684 2800 est,
2722 2735 2774 2789 in
2797 2750 2859 2789 ea
2884 2735 3170 2799 duntaxat,
3206 2753 3363 2807 quam
3396 2752 3525 2793 sen-

1956 2841 2050 2879 sus
2080 2826 2148 2880 ab
2172 2825 2321 2879 omni
2348 2826 2560 2880 ratione
2589 2841 2791 2880 vacuus
2833 2826 3011 2889 cllicit,
3051 2828 3306 2895 opinione
3341 2843 3523 2881 versa-

1956 2922 2062 2965 tur.
2100 2912 2305 2977 Quzerit
2347 2913 2520 2977 Plato,
2553 2914 2681 2982 quid
2711 2915 2841 2967 illud
2865 2914 2956 2977 sit,
2992 2914 3137 2983 quod
3170 2924 3291 2981 est;
3327 2916 3375 2969 id
3405 2917 3522 2972 sine

1954 3003 2120 3058 dubio
2170 3020 2358 3059 carere
2414 3013 2536 3058 ortu
2585 3014 2849 3070 statuens,
2902 3006 3102 3077 quippe
3137 3019 3314 3061 ortum
3348 3009 3400 3062 in
3431 3024 3521 3077 eo,

1954 3096 2095 3162 quod
2113 3104 2216 3159 est,
2242 3095 2418 3150 locum
2448 3095 2649 3149 habere
2676 3106 2831 3163 negat
2857 3114 2869 3148 :
2899 3104 3195 3149 mutaretur
3221 3097 3363 3150 cnim
3390 3097 3523 3152 alio-

1955 3190 2092 3258 qui:
2146 3189 2408 3242 siautem
2464 3198 2806 3252 mutaretur,
2865 3188 3255 3257 sempiternum
3296 3188 3349 3243 id
3411 3204 3517 3243 non

1953 3290 2117 3337 esset.
2164 3301 2183 3333 ι
2238 3280 2365 3336 Inde
2412 3282 2751 3352 aliquantum
2805 3296 3127 3351 progressus
3173 3282 3286 3337 hac
3316 3281 3516 3337 addit:

1959 3392 1977 3424 σ
2015 3372 2068 3426 Si
2098 3373 2241 3442 quod
2275 3381 2380 3436 est,
2413 3372 2462 3426 id
2500 3374 2725 3427 omnino
2759 3373 3147 3441 sempiternum
3182 3384 3235 3426 et
3267 3373 3521 3428 immuta-

1952 3466 2057 3519 bile
2086 3474 2187 3531 est,
2207 3479 2309 3519 nec
2342 3464 2410 3516 ab
2428 3478 2549 3517 sese
2594 3463 2700 3516 ulla
2732 3479 2970 3532 unquam
2987 3463 3247 3517 varietate
3269 3463 3519 3530 discedit,

1951 3559 2042 3611 sed
2085 3557 2137 3609 in
2173 3571 2279 3609 una
2331 3570 2546 3624 semper
2596 3554 2893 3623 eademque
2955 3558 3163 3610 ratione
3215 3567 3517 3625 permanet,

1948 3649 2080 3704 illud
2120 3664 2287 3701 unum
2322 3648 2565 3717 profecto
2600 3647 2669 3701 sit
2694 3655 2938 3716 oportet,
2974 3647 3119 3717 quod
3166 3648 3516 3717 intelligentia

1947 3758 2069 3797 cum
2095 3741 2307 3795 ratione
2354 3740 2620 3809 capiatur.
2651 3739 2851 3794 Contra
2882 3755 3033 3803 vero,
3062 3738 3107 3794 si
3139 3754 3340 3809 corpus
3374 3739 3513 3803 lluit,

1949 3834 2109 3904 527
2165 3839 2219 3887 ει
2255 3834 2537 3901 repentina
2593 3832 2830 3900 quadam
2885 3832 3185 3885 mutatione
3225 3832 3512 3901 abripitur,

1945 3925 2221 3980 evanescit
2275 3924 2408 3978 illud
2466 3923 2708 3992 quidem,
2766 3922 3102 3993 proindeque
3157 3923 3364 3977 nullum
3406 3934 3510 3977 ert.

1943 4019 2122 4085 Quare
2156 4018 2290 4071 nihil
2316 4016 2609 4070 admodum
2641 4016 2730 4070 ille
2760 4014 3013 4085 desipiat,
3059 4016 3154 4085 qui
3188 4030 3387 4084 corpus
3416 4016 3513 4070 de-

1942 4112 2086 4167 liniri
2120 4127 2228 4165 non
2254 4124 2415 4180 posse
2436 4108 2655 4173 dixerit,
2685 4107 2779 4161 sed
2808 4108 3077 4177 ejusmodi
3110 4123 3253 4172 esse,
3283 4107 3426 4177 quod
3453 4108 3509 4162 in

1940 4204 2079 4269 sola,
2117 4211 2178 4257 ut
2204 4202 2280 4255 ait
2307 4199 2481 4264 Plato,
2512 4198 2769 4268 opinione
2824 4208 3088 4263 versetur,
3142 4198 3273 4252 dum
3330 4198 3509 4252 oritur

1939 4296 2129 4361 simul,
2163 4304 2219 4350 et
2243 4292 2464 4358 occidit,
2511 4306 2686 4361 neque
2734 4305 2975 4359 unquam
3027 4306 3152 4345 vere
3182 4298 3284 4345 est.
3324 4309 3345 4342 ι
3382 4287 3507 4344 Ηλιε

1937 4390 2261 4453 Numenius,
2299 4386 2500 4456 quibus
2547 4399 2656 4437 non
2710 4382 2951 4437 Platonis
2997 4384 3180 4450 modo,
3214 4384 3307 4438 sed
3341 4383 3503 4437 etiam

268 4489 421 4553 longe
451 4482 776 4552 antiquioris
842 4480 1066 4534 Platone
1105 4478 1308 4549 Moysis
1351 4479 1654 4534 doctrinam
1694 4486 2004 4543 illustravit.
2033 4486 2221 4553 Itaque
2247 4479 2443 4533 merito
2502 4490 2632 4531 sane
2662 4476 2864 4530 dictum
2929 4474 3060 4529 illud
3106 4476 3248 4529 hanc
3282 4474 3335 4527 in
3388 4488 3501 4528 rem

265 4576 472 4630 celebre
498 4573 900 4639 circumfertur,
935 4591 954 4622 ι
984 4570 1125 4637 Quid
1154 4571 1300 4626 enim
1334 4571 1478 4625 aliud
1518 4571 1671 4627 Plato
1703 4584 1807 4640 est,
1847 4594 2013 4648 quam
2044 4576 2255 4647 Moyses
2282 4570 2457 4624 Attice
2491 4567 2758 4637 loquens?
2791 4586 2809 4619 ι
2843 4566 2946 4622 Sed
2991 4576 3168 4621 tamen
3202 4566 3325 4620 vide
3368 4567 3501 4619 mihi

264 4667 358 4730 sis,
396 4682 528 4720 num
577 4665 824 4735 ejusdem
881 4663 1160 4718 sententia:
1206 4663 1318 4716 vim
1373 4662 1594 4718 uberius
1642 4667 1821 4722 adhuc
1858 4668 2179 4723 Plutarchus
2213 4662 2483 4733 aperiens,
2515 4674 2640 4714 cum
2696 4658 2913 4713 laudata
2964 4657 3308 4727 superiorum
3375 4656 3496 4726 phi-

261 4760 636 4831 losophorum
667 4759 939 4824 oratione,
1004 4766 1056 4811 et
1098 4755 1449 4812 Hebraeorum
1503 4759 1664 4813 simul
1722 4763 1992 4834 theolOgia
2043 4761 2209 4816 variis
2260 4756 2464 4828 passim
2519 4753 2573 4807 in
2626 4753 2762 4808 locis
2815 4753 3080 4822 explicata
3133 4751 3436 4806 consentiat
3480 4770 3492 4801 ;

263 4857 386 4909 dum
437 4856 599 4909 modo
642 4853 744 4909 ista
784 4852 893 4907 Deo
931 4851 1092 4905 verba
1142 4853 1473 4919 tribuuntur,
1509 4871 1527 4903 ‹
1563 4852 1833 4918 Quoniam
1871 4872 1971 4927 ego
2017 4855 2280 4911 Dominus
2315 4851 2458 4905 Deus
2492 4860 2689 4913 vester,
2735 4859 2790 4902 et
2837 4864 2947 4902 non
2973 4847 3218 4912 mutor’,
3262 4865 3281 4896 ι
3334 4847 3497 4899 modo

261 4945 316 5001 in
362 4946 615 5002 eumdem
654 4940 925 5014 Propheta
975 4942 1291 5011 respiciens,
1343 4943 1414 4996 ita
1456 4945 1819 5011 pronuntiat:
1868 4964 1886 4995 ι
1929 4945 2175 5001 Visibilia
2205 4943 2388 4998 omnia
2413 4942 2725 4995 transibunt
2746 4953 2799 4995 et
2846 4947 3228 4994 mutabuntur.
3251 4935 3331 4990 Tu
3395 4951 3493 4990 au-

263 5045 364 5093 tem
398 5040 535 5093 idem
571 5038 688 5107 ipse
715 5052 797 5101 es,
840 5045 895 5090 et
923 5035 1052 5088 anni
1112 5034 1189 5087 tui
1239 5050 1347 5087 non
1391 5034 1643 5088 deﬁcient
1666 5038 1709 5089 ⁵.
1753 5053 1770 5085 ι
1813 5033 1968 5099 Vide,
2025 5037 2269 5107 inquam,
2314 5050 2443 5088 num
2475 5033 2751 5103 proposita
2802 5032 2968 5086 veluti
3013 5030 3336 5101 quaestione,
3368 5044 3489 5083 cum

256 5136 372 5205 ejus
409 5136 501 5205 qui
554 5134 635 5189 sic
678 5131 825 5201 apud
873 5129 1112 5200 Moysem
1145 5128 1486 5197 loquebatur,
1522 5145 1539 5177 ι
1574 5125 1685 5196 Ego
1716 5144 1837 5183 sum
1879 5129 1975 5199 qui
2020 5146 2164 5195 sum,
2199 5147 2218 5179 ι
2259 5137 2313 5183 ει
2349 5142 2562 5191 rursus,
2595 5143 2613 5176 ι
2652 5124 2763 5195 Εεο
2810 5123 3074 5179 Dominus
3107 5124 3248 5176 Deus
3292 5130 3489 5190 vester,

326 5296 349 5329 ⁸
379 5294 603 5351 Malaeh.
645 5308 733 5359 ιιι,
774 5291 830 5346 6.
903 5290 926 5322 ⁸
948 5288 1092 5343 Psal.
1120 5303 1193 5350 cr,
1223 5286 1313 5341 28.

324 5412 432 5483 (47)
464 5408 671 5465 Εἶπον.
717 5406 1019 5483 Numenius
1064 5402 1215 5483 ipse?
1263 5417 1331 5456 an
1380 5400 1508 5483 alii?
1537 5399 1813 5483 Posterius

259 5472 355 5537 hoc
402 5472 599 5545 malui,
646 5480 792 5547 quod
843 5476 1138 5547 addiderit,
1173 5488 1293 5547 quae
1345 5472 1608 5535 audierat,
1637 5485 1700 5524 ea
1730 5484 1810 5533 se,

256 5565 508 5621 quantum
541 5544 856 5621 meminisse
885 5546 1079 5621 potuit,
1107 5544 1374 5621 retulisse.

323 5625 432 5691 (48η)
461 5621 585 5689 Legi
620 5619 831 5691 mallem
861 5609 949 5691 τὸν
970 5614 1159 5691 Δλόγον·
1191 5614 1667 5691 ipsammetporro
1698 5609 1814 5690 [ηεξ.

255 5679 389 5747 tonis
414 5679 711 5746 orationem
759 5686 1030 5755 intelligit,
1056 5679 1125 5737 ἰιι
1157 5679 1225 5738 εει
1252 5681 1602 5751 sequentibus
1636 5679 1811 5733 mani-

254 5766 377 5823 feste
405 5768 638 5818 constat.

557 5855 749 5911 PATR.
794 5852 914 5911 Gn.
963 5847 1136 5907 XXI.

1922 5404 2101 5526 στὲιίθ)
2144 5403 2468 5471 Ἀόριστον.
2525 5396 2754 5464 Sensus,
2789 5398 2843 5452 ni
2888 5396 3065 5461 fallor,
3098 5394 3333 5466 postulat
3372 5394 3489 5467 ὁρι-

2016 5494 2062 5526 ν.

2016 5494 2062 5527 ν.

1991 5545 2099 5614 (50)
2132 5542 2239 5596 Καὶ
2270 5541 2350 5609 ὦς
2378 5556 2527 5611 φησι
2552 5540 2739 5614 Πλᾴτ.
2767 5538 2947 5592 Malim
2982 5535 3483 5614 ᾤς-φησιᾹΠλάτῳν.

1920 5604 2011 5667 xa‘t
2044 5604 2345 5685 γινόμενον,
2378 5604 2516 5666 ἶιάῐη
2550 5612 2683 5667 illud
2721 5625 2959 5682 quoque,
2991 5604 3117 5681 δόξῃ
3144 5604 3153 5607 ’
3164 5606 3299 5679 μόνῃ
3329 5604 3482 5672 δοξα-

1919 5686 2041 5739 στόν
2093 5684 2329 5741 Platonis
2358 5691 2493 5738 erat.

3246 5829 3326 5894 28
