4042 6384
280 364 389 419 877

1505 367 1822 423 ΡΒᾹΞΡΛΒ.
1867 368 2116 424 EVANG.
2160 368 2286 422 LIB.
2331 366 2420 422 XI.

3455 369 3559 421 878

280 483 647 557 σθαινούσης.
684 469 832 540 Ἐπεὶ
865 488 1001 553 πῶς,
1051 489 1096 542 oi
1148 488 1298 542 αὐτοὶ
1357 489 1626 560 μένοντες,
1676 490 1844 564 έτέροι

1951 489 2144 552 _clitus
2173 488 2408 553 dicebat,
2455 485 2596 556 ignis
2643 486 2917 551 interitus,
2975 486 3116 543 aeris
3167 497 3321 542 ortus
3349 501 3452 552 est,
3494 498 3550 544 et

277 577 556 648 χαίρομεν
589 579 706 642 νῦν,
739 580 947 651 ἑτέροις
984 580 1262 652 πρότερον,
1299 581 1558 635 τάναντία
1593 581 1873 653 φιλοῦμεν,

274 669 372 722 καὶ
406 669 712 740 μισοῦμεν,
748 672 840 724 καί
872 671 1238 743 θαυμάζομεν,
1275 673 1366 726 καὶ
1399 674 1660 744 ψέγομεν,
1691 672 1873 740 ἄλλοις

271 759 550 833 χρώμεθα
582 762 786 832 λόγοις,
821 764 996 828 ἄλλοις
1045 766 1290 831 πάθεσιν,
1319 768 1418 820 οὐκ
1456 766 1613 831 εἶδος,
1643 765 1704 820 οὐ
1736 783 1872 840 μορ-

270 855 402 923 φὴν,
442 852 510 907 οὐ
543 853 786 908 διάνοιαν
820 857 898 909 ἔτι
936 857 1031 928 τὴν
1078 857 1246 928 αὐτὴν
1290 857 1536 927 ἕχοντεςς
1581 855 1717 912 Οὔτε
1765 856 1875 930 γὰρ

268 947 400 1001 ἄνευ
443 947 764 1018 μεταϐολῆς
791 947 952 1018 ’έτερα
979 947 1207 1018 πάσχειν
1241 946 1408 1012 είκὸς,
1445 946 1568 1000 οὔτε
1605 947 1873 1019 μεταϐάλ-

266 1039 374 1092 λων
419 1039 449 1092 0
491 1041 668 1104 αὐτὸς
710 1040 773 1093 ἂν
819 1040 924 1111 εἴη.
959 1041 1019 1094 Ei
1057 1040 1112 1092 δὲ
1151 1042 1178 1094 0
1220 1036 1380 1103 αὐτὸς
1415 1038 1513 1092 οὐκ
1548 1039 1716 1104 ἔστιν,
1763 1039 1869 1093 οὐδ’

266 1130 442 1192 ἐστιν,
473 1132 601 1185 ἀλλ’
633 1136 695 1186 ὲκ
717 1133 809 1186 τοῦ
841 1133 1000 1184 αὐτὸν
1060 1131 1433 1202 μεταϐάλλειν,
1461 1131 1740 1201 γινόμενος
1762 1132 1873 1186 ἓτε-

273 1240 365 1292 ρος
397 1224 459 1289 ἐξ
494 1224 692 1297 ἐτέρου
712 1242 723 1252 ·
750 1224 1002 1294 ψεύδεται
1029 1223 1084 1277 δὲ
1115 1225 1147 1295 ἠ
1182 1222 1432 1294 αἴσθησις
1455 1224 1646 1295 ἀγνοίᾳ
1673 1223 1766 1276 τοῦ
1790 1223 1871 1278 όν-

267 1328 380 1379 τος,
427 1311 584 1369 εἶναι
618 1318 678 1369 τὸ
709 1317 1049 1388 φαινόμενον.
1087 1317 1151 1368 Τί
1198 1311 1291 1369 οὖν
1324 1316 1490 1379 ὅντως
1523 1316 1580 1368 ὃν
1609 1318 1760 1380 ἐστι;
1796 1317 1868 1369 Τὸ

267 1405 466 1465 άῖδιον,
495 1408 601 1458 καὶ
634 1407 911 1478 ἀγένητον,
950 1409 1043 1461 καὶ
1079 1407 1374 1478 ἄφθαρτον,
1399 1401 1442 1474 ᾧ
1471 1407 1661 1478 χρόνος
1687 1408 1865 1472 οὐδεὶς

272 1496 592 1568 μεταϐολὴν
628 1500 851 1567 ἐπάγειο
903 1499 1118 1570 κινητὸν
1166 1500 1271 1571 γάρ
1321 1515 1394 1559 τι,
1440 1501 1533 1552 καὶ
1575 1499 1864 1571 κινουμένῃ

271 1575 808 1660 συμφανταζόμενον
856 1590 966 1659 (58)
1015 1589 1135 1662 ὕλῃ,
1185 1593 1278 1644 καὶ
1333 1591 1453 1662 ῥέον
1496 1593 1600 1656 ἀεὶ,
1649 1593 1742 1646 καὶ
1790 1593 1864 1664 μὴ

269 1679 491 1747 στέγον,
525 1681 721 1752 ὥσπερ
753 1682 971 1749 ἀγγεῖον
1000 1680 1206 1752 φθορᾶς
1239 1681 1332 1734 καὶ
1360 1681 1648 1750 γενέσεως,
1687 1685 1714 1736 0
1747 1685 1866 1756 χρό-

268 1786 377 1831 νος.
429 1771 531 1835 Ἐξ
562 1766 624 1826 οὗ
657 1772 767 1842 (39)
799 1772 862 1842 δὴ
894 1770 954 1824 τὸ
989 1771 1088 1842 μὲν
1121 1771 1328 1836 ἔπειτα,
1364 1775 1456 1826 καὶ
1489 1773 1549 1827 τὸ
1578 1775 1860 1847 πρότερον,

1979 581 2124 636 aeris
2159 580 2446 644 interitus,
2485 593 2641 648 aqua:
2669 577 2908 633 vicissim
2954 587 3107 634 ortus
3141 601 3153 635 ε
3190 595 3377 634 verum
3409 581 3461 634 id
3492 581 3545 634 in

1980 674 2138 728 nobis
2166 673 2328 726 etiam
2361 671 2493 741 ipsis
2527 671 2686 740 longe
2716 671 2985 726 illustrius
3030 673 3214 727 videre
3245 682 3331 728 est
3363 691 3377 728 :
3404 660 3547 728 suc-

1977 766 2200 821 cedente
2223 780 2352 819 sene
2387 764 2468 817 vir
2498 765 2882 834 exstinguitur,
2917 773 2976 818 ut
3022 763 3104 818 vir
3133 763 3354 834 juvene.
3383 764 3546 834 juve-

1979 858 2065 912 nis
2101 872 2290 926 puero,
2321 872 2455 926 puer
2486 855 2690 910 infante
2707 857 2978 911 exstincto
3007 856 3249 912 succedit
3275 872 3288 909 :
3315 855 3428 909 imo
3462 857 3528 910 he

1979 958 2198 1005 sternus
2257 953 2309 1003 in
2364 950 2687 1004 hodiernum
2745 950 2969 1014 interiit,
3033 958 3091 1003 ut
3132 949 3187 1003 in
3244 949 3546 1005 crastinum

1978 1042 2166 1097 interit
2205 1042 2522 1098 hodiernus.
2558 1041 2736 1096 Manet
2782 1052 2962 1096 autem
2994 1056 3174 1106 nemo,
3211 1056 3372 1096 nemo
3403 1057 3546 1096 unus

1977 1143 2086 1200 est,
2120 1136 2212 1190 sed
2248 1135 2472 1190 omnino
2502 1136 2658 1189 multi
2692 1134 2974 1201 eilicimur,
3023 1137 3152 1190 dum
3194 1137 3339 1191 circa
3375 1150 3544 1190 unum

1975 1225 2192 1296 aliquod
2229 1227 2583 1280 simulacrum
2609 1227 2991 1296 exemplarque
3019 1243 3309 1282 commune
3331 1228 3545 1282 voluta-

1975 1325 2064 1372 tur
2092 1319 2314 1373 assidue
2345 1319 2655 1388 labiturque
2689 1320 2935 1374 materia.
2967 1319 3258 1375 Enimvero
3289 1320 3337 1375 si
3377 1320 3539 1374 iidem

1973 1425 2284 1474 manemus,
2317 1409 2409 1478 qui
2439 1411 2650 1464 tandem
2680 1410 2786 1464 alia
2816 1410 2970 1465 nobis
2995 1411 3156 1465 modo
3187 1411 3420 1480 placent,
3447 1410 3540 1481 qui

1971 1501 2094 1556 aliis
2147 1512 2272 1556 ante
2313 1501 2687 1556 ducebantur?
2727 1501 2821 1570 qui
2877 1502 3149 1558 contraria
3177 1504 3262 1558 vel
3289 1519 3540 1558 amamus

1947 1601 2067 1669 ~aut
2096 1591 2334 1655 odimus,
2386 1593 2466 1645 vel
2520 1592 2880 1661 praedicamus
2929 1601 3022 1647 aut
3056 1592 3538 1662 damnamus?qui

1969 1671 2204 1754 denique
2239 1686 2397 1741 aliter
2427 1697 2589 1756 atque
2631 1685 2789 1740 aliter
2839 1684 2924 1739 vel
2974 1685 3271 1754 loquimur,
3325 1684 3408 1738 vel
3459 1683 3540 1738 af-

1969 1777 2203 1843 ticimur,
2234 1794 2342 1834 non
2388 1781 2648 1850 speciem,
2702 1793 2808 1832 non
2858 1778 3088 1840 vultum,
3137 1793 3244 1832 non
3299 1787 3536 1832 mentem

267 1863 363 1914 καὶ
391 1862 457 1914 τὸ
488 1863 649 1916 ἔσται
673 1863 980 1935 λεγόμενον,
1013 1863 1107 1916 καὶ
1135 1862 1200 1916 τὸ
1227 1864 1468 1931 γέγονεν,
1506 1864 1730 1918 αὐτόθεν
1774 1867 1844 1931 ἐξ·

1967 1873 2202 1942 amplius
2227 1875 2472 1928 eamdem
2503 1873 2834 1928 retinentes?
2861 1870 3071 1940 Quippe
3123 1884 3221 1923 nec
3269 1869 3387 1923 sine
3414 1883 3536 1921 mu-

270 1952 621 2022 ομολόγησίς
670 1956 784 2006 ἐστι
833 1952 927 2006 τοῦ
957 1953 1030 2025 μὴ
1059 1954 1226 2016 ὄντος.
1277 1955 1349 2006 T0
1379 1953 1487 2024 γὰρ
1520 1956 1577 2007 ἐν
1625 1953 1698 2024 τῷ
1728 1949 1864 2008 εἶναι

270 2044 506 2114 μηδέπω
550 2046 662 2117 (60)
695 2047 935 2115 γεγονὸς,
977 2047 1010 2118 ἢ
1052 2047 1398 2115 πεπαυμένον
1434 2047 1532 2116 ἤδη
1577 2046 1669 2099 τοῦ
1704 2043 1861 2107 εἶναι,

267 2136 475 2204 λέγειν,
517 2139 604 2203 ὡς
649 2139 810 2200 ἔστιν,
860 2137 1052 2210 εὔηθες
1095 2139 1188 2191 καὶ
1221 2138 1435 2192 ἄτοπον.
1479 2139 1564 2191 Ἑν
1594 2132 1638 2206 ᾧ
1669 2138 1725 2191 δὲ
1759 2139 1862 2208 μά-

269 2227 427 2281 λιστα
460 2230 572 2301 τὴν
621 2230 802 2302 νόησιν
843 2230 1212 2300 ἐπερείδοντες
1274 2228 1367 2281 τοῦ
1416 2229 1626 2299 χρόνου,
1677 2229 1736 2280 τὸ
1775 2230 1863 2282 ὲν-

267 2317 492 2388 έστηκε,
557 2321 651 2373 καὶ
701 2321 762 2374 τὸ
813 2322 1065 2391 πάρεστι,
1111 2319 1204 2372 καὶ
1245 2319 1304 2371 τὸ
1356 2319 1448 2372 νῦν
1482 2319 1860 2390 φθεγγόμεθα,

265 2410 408 2461 τοῦτ’
449 2408 532 2464 αὖ
570 2411 728 2465 πάλιν
773 2411 1096 2482 ἐκλυόμενος
1121 2410 1230 2480 (61)
1271 2413 1300 2464 0
1339 2410 1494 2477 λόγος
1535 2412 1857 2465 ἀπόλλυσινο

265 2501 588 2556 ἐκθλίϐεται
625 2505 732 2575 γὰρ
764 2503 875 2573 (62).)
903 2506 983 2566 είς
1016 2504 1075 2556 τὸ
1108 2503 1297 2574 μέλλον
1324 2505 1416 2556 καὶ
1441 2503 1500 2554 τὸ
1537 2503 1863 2575 παρῳχημέ-

265 2612 373 2656 νον,
407 2594 612 2667 ὥσπερ
644 2595 786 2666 αὐγὴ
819 2595 926 2665 (65)
971 2595 1312 2665 βουλομένοις
1348 2595 1497 2658 ἰδεῖν,
1529 2593 1587 2658 ἐξ
1614 2595 1859 2667 ἀνάγκης

263 2685 641 2756 διιστάμενον.
675 2688 736 2739 Εἰ
779 2686 833 2739 δὲ
870 2687 977 2758 (64)
1021 2687 1192 2738 ταυτὰ
1221 2684 1298 2755 τῷ
1342 2685 1624 2756 μετροῦντι
1657 2687 1859 2744 πέπον-

267 2775 354 2830 θεν
378 2780 413 2848 ἡ
448 2778 802 2849 μετρουμένη
837 2777 948 2850 (65)
982 2779 1162 2848 φύσις,
1200 2778 1320 2831 οὐδὲ
1360 2778 1495 2848 αὑτὴ
1526 2779 1685 2848 μόνον
1722 2780 1855 2853 (66),

269 2869 386 2922 οὐδὲ
438 2871 502 2924 δν
558 2874 691 2933 ἐστι,
741 2870 878 2924 ἀλλὰ
931 2870 1189 2940 γινομένη
1240 2869 1351 2939 (67)
1403 2870 1496 2921 καὶ
1529 2869 1854 2943 φθειρομένη

270 2963 409 3015 κατὰ
446 2963 554 3034 τὴν
595 2963 728 3034 πρὸς
770 2962 860 3015 τὸν
898 2963 1084 3032 χρόνον
1134 2961 1476 3030 συννέμησιν.
1509 2961 1667 3014 Ὅθεν
1705 2963 1855 3016 οὐδὲν

266 3054 511 3108 τοιοῦτον
549 3053 657 3125 (68)
703 3057 845 3110 ἔστιν
889 3053 979 3106 ἐπὶ
1013 3051 1105 3105 τοῦ
1149 3052 1299 3114 ὄντος
1344 3052 1542 3120 λέγειν,
1589 3052 1664 3114 ὡς
1694 3047 1782 3124 ἦν,
1819 3053 1851 3124 ἢ

269 3148 451 3200 ἔσται·
502 3147 676 3201 ταῦτα
712 3147 820 3218 γὰρ
857 3145 1130 3214 ἐγκλίσεις
1175 3144 1337 3208 τινὲς,
1375 3145 1470 3198 καὶ
1504 3144 1850 3214 μεταϐάσεις,

268 3240 359 3292 καὶ
386 3239 756 3311 παραλλάξεις
788 3238 880 3291 τοῦ
923 3237 1102 3307 μένειν
1129 3238 1184 3288 ἐν
1216 3235 1294 3306 τῷ
1330 3232 1468 3289 εἶναι
1501 3236 1575 3307 μὴ
1608 3237 1846 3307 πεφυκό-

265 3347 372 3395 τος.
421 3331 566 3384 Ἀλλ’
606 3330 750 3383 ἔστιν
777 3333 805 3384 0
839 3329 991 3392 Θεὸς,
1023 3330 1070 3381 εἰ
1112 3329 1214 3399 χρὴ
1250 3327 1360 3399 (69)
1389 3330 1572 3397 φάναι,
1608 3331 1700 3382 καὶ
1731 3329 1845 3383 ἔστι

267 3425 382 3475 κατ’
412 3422 608 3476 οὐδένα
629 3423 837 3494 χρόνον,
881 3421 1016 3474 ἀλλὰ
1047 3421 1186 3474 κατὰ
1217 3420 1306 3473 τὸν
1339 3420 1508 3473 αἰῶνα
1536 3419 1625 3472 τὸν
1657 3420 1845 3492 ἀκίνη-

265 3531 350 3566 τον
402 3515 504 3568 καὶ
549 3516 794 3585 ἄχρονον,
837 3515 933 3568 καὶ
975 3512 1308 3584 ἀνέγκλητον
1349 3523 1396 3575 ³,
1429 3513 1523 3566 καὶ
1553 3506 1613 3565 οὗ
1653 3513 1844 3584 πρότε-

269 3623 355 3678 ρον
389 3607 508 3678 (το)
537 3606 686 3658 οὐδέν
715 3577 882 3668 έστιν,
908 3604 1027 3658 οὐδὲ
1057 3604 1300 3674 ὕστερον,
1328 3603 1448 3656 οὐδὲ
1482 3603 1691 3672 μέλλον,
1721 3605 1840 3658 οὐδὲ

330 3751 361 3782 ι
398 3739 567 3794 Forte
602 3739 932 3807 ἀνέγκλιτον.

265 3876 491 3930 materia
535 3890 673 3941 Ipsa,
719 3889 897 3944 primo
923 3872 1189 3942 δεξαμένη
1210 3912 1223 3933 ,
1256 3883 1366 3924 tum
1416 3872 1708 3940 ἐκμαγεῖον
1736 3886 1836 3928 vo-

480 4014 944 4087 Καὶ-κινουμένῃ
978 4007 1372 4081 συμφανταζ,
1411 4017 1515 4064 etc.
1545 4007 1628 4087 _lta
1676 4024 1834 4079 repo-

266 4079 476 4140 suimus
505 4102 571 4139 ex
593 4079 1068 4143 Plutaréhofcum'
1088 4095 1369 4150 perperam
1397 4089 1521 4134 ante
1544 4079 1830 4150 legeretur,

259 4164 288 4228 ἡ
325 4157 645 4228 κινουμένη,
661 4154 1078 4228 φανταζόμενον
1106 4151 1221 4221 ὅλη.

327 4227 444 4296 (59)
487 4216 588 4290 Ἓξ
613 4216 710 4283 οὗ.
741 4216 932 4296 Melius
957 4216 1449 4290 abesset'przepos.
1481 4216 1558 4283 ἐξ,
1591 4227 1652 4273 ιιι
1689 4221 1830 4289 apud

263 4293 535 4351 Plutarch.
568 4295 920 4366 expungitur.

325 4367 440 4436 (60)
472 4357 856 4431 Μηδέέτωῖἰᾱ
906 4365 1070 4436 etiam
1116 4377 1238 4416 cum
1293 4357 1824 4436 Plutarcho_malui,

259 4428 431 4505 quam
455 4428 742 4507 μηδέποτε,
761 4435 918 4507 quod
951 4435 1146 4488 melius
1175 4446 1297 4485 eum
1323 4429 1444 4500 ἤδη,
1473 4428 1617 4498 quod
1647 4431 1826 4499 sequi-

260 4515 362 4571 tur,
393 4506 658 4561 committi
688 4506 978 4560 videretur.

1967 1966 2191 2031 tatione,
2248 1973 2394 2019 tanta
2449 1979 2633 2019 rerum
2687 1965 2740 2017 in
2794 1975 3066 2032 quoquam
3125 1959 3379 2022 varietas,
3435 1971 3535 2012 nec

1965 2052 2033 2117 is,
2067 2054 2158 2124 qui
2200 2064 2458 2112 mutatur.
2502 2055 2644 2109 idem
2696 2069 2818 2108 esse
2864 2059 3059 2122 potest.
3116 2049 3258 2104 Idem
3289 2064 3455 2119 porro
3485 2049 3532 2102 si

1967 2161 2072 2199 non
2100 2155 2204 2209 est,
2233 2162 2300 2201 ne
2330 2155 2413 2202 est
2449 2148 2562 2216 ipse
2613 2144 2856 2215 quidem,
2902 2144 2994 2198 sed
3037 2158 3104 2196 cx
3141 2142 3400 2196 continua
3448 2140 3533 2196 sui

1965 2239 2264 2292 mutatione
2309 2239 2443 2293 alter
2482 2238 2710 2294 subinde
2746 2238 2806 2292 ﬁt
2845 2253 2910 2292 ex
2969 2237 3160 2290 altero.
3214 2233 3419 2288 Sensus
3452 2234 3535 2286 in—

1964 2340 2146 2396 terea,
2205 2330 2369 2401 529
2419 2331 2677 2400 quoniam
2732 2323 2872 2396 ejus,
2928 2326 3074 2398 quod
3127 2336 3230 2390 est,
3280 2335 3531 2379 naturam

1965 2422 2218 2493 ignorat,
2274 2422 2420 2491 quod
2474 2436 2596 2476 esse
2648 2420 2827 2475 adhuc
2882 2419 3116 2482 videtur,
3154 2417 3203 2470 id
3259 2425 3342 2469 est
3396 2413 3532 2470 falso

1963 2513 2244 2580 epinatur.
2281 2509 2490 2580 Ecquid
2541 2510 2706 2580 igitur
2740 2508 2872 2562 illud
2908 2519 3011 2572 est,
3056 2506 3200 2575 quod
3242 2521 3366 2560 vere
3411 2505 3532 2560 est?

1964 2598 2015 2652 Id
2054 2615 2222 2654 unum
2256 2600 2444 2668 utique
2488 2598 2632 2668 quod
2667 2598 3060 2666 sempiternum
3096 2604 3200 2658 est,
3231 2594 3376 2664 quod
3406 2604 3532 2648 ortu

1962 2690 2295 2761 interituque
2333 2699 2504 2751 caret,
2542 2688 2629 2744 cui
2676 2689 2883 2743 nullum
2919 2685 3528 2756 tempusmwtationcm

1959 2781 2137 2836 aﬁ‘ert.
2175 2781 2269 2836 Est
2298 2781 2440 2836 enim
2480 2779 2704 2834 omnino
2745 2789 2958 2849 tempus
2995 2777 3195 2832 mobile
3232 2776 3526 2846 quiddam,

1959 2871 2213 2938 quodque
2245 2870 2408 2925 simul
2439 2886 2562 2924 cum
2592 2869 2779 2922 mobili
2815 2869 3037 2922 materia
3075 2883 3290 2938 semper
3331 2868 3525 2933 ﬂuens,

1959 2977 2024 3014 ac
2068 2962 2204 3015 nihil
2249 2978 2480 3031 usquam
2523 2960 2796 3016 ﬁrmitatis
2843 2961 3087 3025 habens,
3121 2963 3221 3016 -sic
3269 2972 3525 3031 tanquam

1959 3066 2052 3104 vas
2102 3051 2322 3120 aliquod
2383 3052 2636 3105 interitus
2685 3060 2970 3120 ortusque,
3027 3051 3316 3121 cogitatur.
3357 3051 3528 3121 Cujus

1957 3142 2203 3210 profecto
2253 3143 2337 3196 vel
2389 3142 2779 3212 appellationes
2822 3142 2954 3210 ipsa:
2987 3143 3284 3209 posterius,
3338 3143 3522 3211 prius,

1955 3233 2077 3296 erit,
2115 3234 2240 3303 fuit,
2285 3233 2415 3287 illud
2453 3249 2560 3287 non
2596 3248 2716 3288 esse
2746 3232 2924 3302 palam
2971 3248 3034 3286 ac
3067 3247 3163 3302 per
3196 3248 3314 3288 sese
3353 3232 3524 3287 conﬁ-

1954 3337 2155 3382 tentur.
2192 3321 2327 3377 Nam
2363 3321 2507 3391 quod
2552 3322 2635 3377 vel
2668 3321 2909 3376 nondum
2956 3319 3146 3373 habuit
3181 3330 3240 3374 ut
3290 3321 3391 3384 sit,
3439 3321 3522 3372 vel

1947 3419 2057 3489 jam
2111 3431 2233 3470 esse
2283 3414 2467 3478 desiit,
2519 3413 2571 3467 id
2605 3428 2746 3476 esse,
2792 3426 2899 3466 non
2949 3411 3052 3465 nisi
3103 3411 3297 3465 stolide
3325 3411 3519 3466 absur-

1951 3511 2124 3580 deque
2154 3510 2327 3563 dicas.
2364 3506 2509 3573 Quin
2542 3505 2707 3559 etiam
2733 3504 2864 3558 illud
2902 3505 3103 3574 ipsum,
3140 3520 3250 3574 quo
3282 3505 3518 3558 maxime

1952 3601 2209 3672 temporis
2257 3599 2643 3670 cogitationem
2677 3598 3014 3652 sustinemus
3037 3606 3201 3668 atque
3239 3597 3514 3662 fulcimus,

1943 3864 2084 3928 apud
2131 3865 2313 3918 eumd.
2343 3861 2643 3935 Plutarch.
2691 3861 2932 3926 affertur,
2964 3860 3030 3914 ἂν
3079 3863 3149 3932 γῇ
3192 3876 3306 3935 pro
3336 3861 3513 3935 ἀκμῇ,

1942 3935 2068 3991 licet
2113 3937 2274 3988 etiam
2324 3934 2646 4003 depravata,
2703 3941 2901 3986 nostra:
2929 3931 3130 3985 tamen
3157 3931 3375 4003 propior
3406 3931 3510 3999 est,

1941 4020 2104 4074 quam
2143 4002 2403 4074 vulgatae.
2433 4002 2690 4074 Tantum,
2740 4012 3001 4070 sequente
3045 4016 3231 4067 versu,
3281 4002 3511 4058 libenter

1941 4069 2183 4144 legerim,
2210 4069 2352 4144 τδὲᾼξ
2384 4069 2580 4144 άςδάγκ.

1993 4140 2121 4215 ’(64)
2150 4145 2216 4198 El
2262 4142 2346 4196 δέ.
2403 4142 2494 4197 Sic
2542 4143 2868 4212 legendum;
2917 4154 3025 4194 non
3069 4142 3098 4192 0
3140 4140 3218 4204 δέ,
3264 4151 3323 4196 ut
3365 4141 3506 4211 apud

1935 4212 2212 4267 Plutarch.

2003 4215 2212 4269 utarch.

2006 4285 2118 4354 (65)
2157 4285 2218 4339 'H
2239 4283 2633 4354 μετρουμένη.
2668 4279 2811 4354 Ηὶηο
2838 4281 3001 4354 etiam
3031 4280 3502 4354 ftedum_errorem

1935 4355 2082 4426 tolle,
2101 4349 2144 4426 ’ἢ
2183 4349 2378 4426 μέτρον
2414 4349 2544 4424 μέν,
2586 4353 2677 4422 qui
2727 4351 2870 4426 apud
2912 4349 3500 4426 excusumuPlutarch.

1934 4421 2266 4488 inveteravit,
2290 4421 2403 4478 'nec
2426 4421 2619 4478 tamen
2652 4421 2880 4476 eruditis
2911 4421 3294 4492 interpretibus
3333 4423 3502 4492 impo-

1932 4495 2060 4548 suit.

323 4553 1102 4646 (δι’)νπέέίᾶὖόῇἓτῖοῖῘἨεηο
1124 4573 1436 4646 lectionem
1469 4567 1701 4646 vulgatae
1746 4569 1823 4623 illi

1998 4565 2110 4633 (66)
2143 4564 2296 4619 Οὐδὲ
2327 4563 2480 4646 αὑτὴ
2501 4564 2712 4646 pater.
2743 4559 3336 4646 Mutuam‘Plutar‘chus
3372 4577 3503 4646 ορς-

258 4637 394 4720 apud
417 4637 1076 4720 Plutarch.ipraztulerim,
1091 4643 1240 4720 ’ἄγαν
1285 4639 1623 4708 ὲκδυόμενος.
1645 4637 1820 4720 -Εςξιῃι-

260 4709 371 4770 dem
405 4728 626 4772 secutas
649 4709 861 4770 videtur
890 4709 1069 4769 Latin.
1090 4709 1377 4780 interpres,
1407 4725 1530 4764 cum
1567 4709 1818 4776 reddidit,

257 4788 614 4855 elanguescens
644 4787 782 4840 ratio
822 4785 1012 4851 perdit.
1046 4786 1111 4837 At
1154 4781 1359 4858 Gallico
1394 4795 1502 4858 non
1549 4780 1680 4858 satis
1711 4780 1817 4858 hic,

257 4849 476 4924 opinor,
523 4872 650 4911 cum
701 4849 924 4910 auctore
952 4855 1229 4928 convenit.
1266 4849 1476 4928 qui_sic_
1499 4849 1657 4928 vertit
1691 4867 1704 4902 :
1741 4849 1818 4902 La

259 4919 425 4980 riu'son
463 4919 518 4982 rte
561 4929 903 4981 descouvrant
949 4919 1302 4987 incontinent,
1356 4921 1401 4974 le
1442 4919 1665 4973 destruit
1707 4929 1818 4972 (aut

252 5012 340 5050 sur
367 4998 414 5050 le
434 5000 640 5067 cltamp.

317 5067 427 5138 (62)
469 5061 834 5124 Ἐκθλίϐεται
856 5065 989 5137 γάρ.
1013 5064 1250 5138 Tempus
1268 5063 1292 5116 ?
1308 5077 1387 5115 ,au
1419 5061 1817 5138 ratio?-Poste-

252 5134 362 5191 rius
392 5134 578 5203 malui,
611 5139 681 5194 ob
726 5134 1038 5207 sequentem
1069 5151 1132 5189 ex
1167 5137 1285 5190 visu
1329 5134 1809 5207 comparationem.

251 5208 493 5264 Amiotus
525 5201 704 5262 tamen
734 5201 817 5263 ad'
847 5219 1057 5276 tempus
1092 5207 1308 5265 retulit,
1337 5201 1680 5276 quodetiam
1721 5219 1813 5258 ve-

253 5292 368 5331 reor
417 5289 474 5333 ut
522 5281 656 5333 satis
681 5293 808 5333 cum
853 5273 1117 5345 superiori
1153 5276 1396 5329 membro
1430 5273 1719 5338 cohaereat,
1756 5276 1818 5328 in

249 5363 352 5415 quo
377 5349 636 5403 ἀπόλλυσι
664 5359 918 5413 verterat,
947 5347 1192 5408 destruit,
1244 5345 1344 5398 hoc
1373 5349 1474 5415 est,
1505 5345 1737 5410 perimit.

311 5420 670 5488 (65)Ὧσπερ
715 5417 893 5488 αὐγή,
935 5429 1044 5488 etc.
1097 5415 1371 5488 Plutarch.
1420 5412 1807 5488 tquspdmpﬁ

249 5483 560 5557 βουλόμενος
591 5483 736 5551 ἰδεῖν,
770 5483 874 5543 etc.
920 5486 1054 5553 Quae
1102 5486 1400 5557 fmdissima
1426 5483 1808 5557 labes'doctisl

247 5553 377 5615 simo
404 5559 473 5616 'et
521 5553 924 5628 elegantissimo
954 5559 1170 5612 Amioto
1206 5553 1482 5628 imposuit.
1518 5555 1610 5609 Sic
1659 5557 1803 5608 enim

247 5629 348 5696 ille,
379 5649 576 5686 comme
603 5627 651 5685 Ie
683 5631 891 5684 voulant
924 5629 1063 5682 veoir
1090 5627 1514 5680 necessairement
1543 5634 1805 5694 mesparty

245 5715 302 5752 en
325 5695 482 5767 deum,
514 5703 568 5756 id
613 5711 697 5756 est
722 5699 1036 5771 quasiAduus
1067 5699 1120 5771 in
1153 5706 1328 5764 partes
1363 5695 1804 5771 necessariaen-

245 5764 476 5826 tractum.
510 5773 681 5826 videre
706 5764 846 5826 velit.
880 5769 1073 5822 Latino
1101 5765 1375 5835 interpreti
1402 5765 1468 5818 de
1496 5764 1798 5818 Eusebiana

243 5843 717 5918 lectione'aliuuid
768 5841 1099 5896 suboluerat.
1139 5837 1203 5891 Et
1247 5837 1414 5892 altera
1468 5835 1644 5900 lectio,
1677 5850 1800 5894 qua:

1925 4631 2044 4689 ram
2099 4637 2430 4704 commodat,
2458 4631 2628 4704 apud
2682 4649 2842 4704 quem
2895 4642 3053 4704 recte,
3087 4631 3304 4704 legitur,
3353 4634 3501 4686 οὐδὲν

1921 4704 2088 4785 αὐτῆς
2124 4705 2302 4785 μένον.
2354 4703 2470 4759 Nisi
2520 4701 2718 4785 malis,
2762 4701 3309 4785 οὑδὲ-αὐτημένον,
3357 4707 3498 4785 quod

1921 4772 2060 4829 forte
2089 4772 2284 4830 melius
2319 4791 2442 4830 cum
2475 4775 2721 4844 sequenti
2754 4773 3019 4835 membro,
3045 4772 3179 4826 ἀλλὰ
3211 4773 3494 4843 γινομένη.

1921 4861 2020 4899 con
2065 4855 2262 4900 rueret.

1991 4862 2102 4984 (687)
2139 4914 2316 4970 Ἀλλὰ
2345 4914 2646 4984 γινομένη.
2682 4913 3013 4984 Plutarchus
3042 4912 3197 4984 ἀλλὰ,
3222 4912 3496 4984 *γινόμενα

1919 4981 2114 5046 πάντα,
2148 4981 2620 5055 καὶνφθειρόμενα,
2651 4982 2770 5038 κατ’
2802 4982 2990 5054 αὐτὴν,
3022 4983 3156 5055 πρὸς
3187 4981 3278 5034 τὸν
3305 4981 3494 5054 χρόνον

1918 5056 2201 5127 συνεμίγη.
2236 5054 2418 5127 Placet
2448 5054 2734 5127 Eusebius.

1919 5074 2042 5108 συνε
2239 5074 2418 5109 ιἰιιρεθι
2448 5074 2734 5109 ιυιιδειιιυε.

1919 5198 1942 5212 η
1988 5074 2096 5198 (ϐξ)
2144 5124 2336 5179 Οὐδὲν
2389 5124 2678 5180 τοιοῦτον.
2739 5124 2902 5180 Recte
2958 5123 3325 5185 Plutarchus,
3381 5119 3492 5174 οὐδ’

1913 5214 1976 5250 οσ
1979 5214 2075 5250 ιον.

1983 5266 2094 5338 (69)
2129 5268 2200 5322 El
2234 5264 2370 5335 χρή.
2404 5264 2568 5320 Tollit
2605 5265 2927 5336 particulam
2962 5265 3011 5317 εἰ
3054 5261 3399 5326 Plutarchus,
3434 5269 3479 5314 et

1911 5346 2076 5393 recte.

1973 5408 2094 5488 (Ἱρ)
2136 5407 2250 5488 _Kq}
2409 5407 2716 5488 πρόεερον.
2744 5404 2891 5488 .Haac
2938 5413 2990 5458 et
3033 5403 3319 5488 sequentia
3335 5403 3484 5483 ’περὶ

1907 5471 2001 5531 τοῦ
2030 5471 2164 5530 Θεοῦ
2188 5471 2495 5531 όὶοιιηιιιτέ
2524 5471 2831 5538 Plutarcho,
2859 5488 2968 5528 non
2998 5471 3126 5544 περ).
3149 5471 3242 5524 τοῦ
3266 5471 3478 5544 αἰῶνος,

1910 5558 1969 5602 ut
2010 5547 2340 5602 existimavit
2389 5545 2614 5601 Latinus
2650 5546 2936 5614 interpres.
2984 5543 3234 5614 Amiotus
3254 5543 3479 5614 quidem

1906 5619 1970 5672 ad
2004 5618 2168 5672 Deum
2218 5617 2425 5681 retulit,
2459 5616 2551 5670 sed
2585 5611 2808 5678 vereor;
2826 5623 2884 5668 ut
2929 5615 3061 5669 satis
3094 5629 3160 5666 ex
3203 5611 3479 5667 Plutarchi

1906 5699 2084 5743 mente
2114 5687 2422 5749 reddiderit,
2453 5686 2641 5738 devant
2675 5684 2840 5754 teque!
2867 5686 2979 5738 rien
3007 5685 3158 5746 n’est,
3188 5684 3239 5738 id
3267 5694 3352 5738 est
3376 5699 3480 5751 quo

1904 5761 2049 5829 prius
2089 5759 2220 5811 nihil
2254 5767 2350 5809 est.
2385 5757 2559 5829 Atque
2591 5756 2730 5829 id_in
2776 5770 2941 5829 causa
2968 5763 3084 5820 est,
3118 5755 3478 5829 quamobrem

1904 5826 2108 5885 Gallica
2140 5841 2373 5898 sequens
2397 5826 2571 5881 oratio
2600 5827 2780 5882 minus
2805 5826 3078 5882 cohaerere
3111 5826 3406 5896 videatur.‘
