4042 6384
1438 194 1455 221 θ

499 364 607 421 8'79

1160 356 1428 414 EUSEBII
1467 354 1948 413 CESARIENSIS
1987 355 2134 412 OPP.
2174 355 2350 410 PARS
2384 353 2446 409 ll.
2489 386 2559 396 -—-
2592 351 3089 408 APOLOGETICA.

3613 350 3723 410 εει

497 484 626 539 dum
658 483 743 538 vel
776 483 1006 547 instans,
1040 478 1126 534 vel
1168 493 1426 548 praesens,
1476 479 1561 533 vel
1600 495 1746 534 nunc
1788 480 2058 543 dicimus,

2169 476 2582 548 παρῳχημένον,
2644 474 2763 529 οὐδὲ
2818 473 3197 547 πρεσϐύτερον,
3261 475 3377 528 οὐδὲ
3428 472 3724 546 νεώτερον·

495 572 674 631 soluta
701 574 1071 644 dissipataque
1093 571 1232 625 ratio
1261 569 1549 625 confestim
1582 571 1812 626 amittit:
1840 572 2063 641 perinde

495 668 642 722 enim
674 667 728 721 in
778 665 1022 720 futurum
1057 678 1122 718 ac
1164 663 1501 733 przeteritum
1547 663 1680 717 elisa
1714 663 2059 731 distrahitur,

497 764 558 811 ut
586 758 641 812 in
681 757 962 812 oculorum
997 754 1166 810 radiis
1202 770 1304 810 usu
1339 754 1508 817 venit,
1544 751 1588 809 si
1624 753 1749 823 quis
1777 754 1919 824 quod
1963 770 2061 808 sua

495 847 729 918 quadam
779 847 1104 904 necessitate
1174 846 1509 916 disjunctum
1573 854 1737 915 atque
1785 845 2059 901 divulsum

493 949 600 1005 est,
634 940 687 993 id
717 940 884 995 semel
916 939 1113 995 intueri
1145 939 1292 993 velit.
1327 935 1445 991 Jam
1477 936 1521 992 si
1552 937 1739 992 eadem
1770 937 1908 1007 ipsa,
1941 952 2061 1007 quae

493 1029 723 1099 tempori
780 1029 1019 1085 metienti
1065 1029 1416 1090 conveniunt,
1467 1043 1553 1091 ea,
1607 1042 1770 1097 quam
1818 1028 2058 1092 metitur,

492 1126 687 1174 natura
717 1119 930 1184 subeat,
957 1135 1026 1174 ne
1057 1118 1173 1189 ipsa
1206 1119 1425 1189 quidem
1456 1128 1549 1172 aut
1579 1128 1781 1181 manet,
1811 1127 1907 1173 aut
1935 1134 2062 1174 vere

492 1218 599 1273 cst,
632 1209 725 1264 sed
756 1216 920 1280 prout
962 1209 1193 1279 tempori
1230 1209 1620 1273 contribuitur,
1661 1208 1745 1262 vel
1789 1208 2057 1272 nascitur,

491 1301 575 1355 vel
609 1301 813 1356 interit.
849 1301 1030 1368 Quare
1064 1299 1202 1355 nihil
1247 1299 1536 1369 ejusmodi,
1584 1300 1731 1369 quod
1776 1315 1873 1370 per
1910 1311 2060 1362 erat,

2164 568 2280 622 ἀλλ’
2313 564 2393 632 εἷς
2436 567 2531 630 ὣν,
2575 568 2654 620 ἑνὶ
2695 566 2773 638 τῷ
2804 558 2899 621 νῦν
2923 567 2981 619 τὸ
3009 568 3092 620 ἀεὶ
3120 569 3435 640 πεπλήρωκε
3458 585 3473 599 ·
3499 568 3596 620 καὶ
3631 566 3736 638 μό.

2163 677 2252 713 νον
2283 660 2401 713 ἐστὶ
2437 659 2499 713 τὸ
2538 660 2658 712 κατ’
2705 658 2836 711 αὐτὸ
2873 658 2982 725 (71)
3012 658 3178 723 ὅντως
3214 658 3291 718 δν,
3323 659 3437 712 οὐδὲ
3483 657 3733 728 γεγονὸς,

2165 751 2285 805 οὐδὲ
2338 751 2616 822 ἐσόμενον,
2664 750 2786 804 οὐδὲ
2831 750 3151 821 ἀρξάμενον,
3199 750 3316 803 οὐδὲ
3369 751 3738 822 παυσόμενον.

2165 839 2349 903 Οὕτως
2376 836 2468 893 οὖν
2494 839 2626 893 αὐτὸ
2646 839 2728 892 δεῖ
2750 839 3070 910 σεϐομένους
3090 840 3419 905 ἀσπάζεσθαι
3442 840 3537 894 καὶ
3561 854 3743 910 προσ-

2168 929 2471 1003 αγορεύειν,
2501 932 2534 1003 ἥ
2565 933 2657 985 καὶ
2689 932 2754 1002 νὴ
2780 930 2876 995 Δί’,
2905 931 2979 995 ὡς
3003 930 3127 985 ἔνιοι
3149 933 3254 986 τῶν
3278 932 3531 997 παλαιῶν,
3558 928 3626 985 Εἰ
3650 932 3741 984 ἓν.

2170 1025 2246 1079 Οὐ
2295 1026 2403 1097 γὰρ
2436 1024 2606 1078 πολλὰ
2632 1025 2692 1078 τὸ
2721 1024 2873 1078 Θεῖόν
2897 1027 3062 1089 ἐστιν,
3096 1026 3169 1089 ὡς
3199 1025 3351 1096 ἡμῶν
3387 1027 3637 1089 ἕκαστος,
3674 1025 3748 1075 ὲκ

2171 1116 2380 1187 μυρίων
2398 1116 2665 1189 διαφορῶν
2684 1117 2954 1186 ὲμπάθεσι
2974 1134 2998 1162 ιι
3017 1118 3304 1188 γινομένων
3321 1117 3588 1191 ἄθροισμα
3610 1132 3741 1170 παν-

2164 1213 2413 1276 τοδαπὸν,
2440 1215 2534 1267 καὶ
2563 1213 2930 1285 πανηγυρικὸν
2956 1213 2984 1254 ι’
3017 1214 3361 1285 μεμιγμένον.
3401 1213 3535 1268 Ἀλλ’
3562 1213 3621 1265 ἓν
3666 1206 3757 1263 εἷο

2169 1322 2257 1358 ναι
2294 1304 2374 1358 δεῖ
2416 1305 2478 1358 τὸ
2526 1304 2606 1371 ὃν,
2652 1304 2841 1376 ὥσπερ
2867 1303 2927 1358 ὃν
2966 1303 3025 1358 τὸ
3052 1305 3109 1357 ἓν
3129 1322 3141 1335 ’
3171 1308 3202 1377 ἠ
3231 1305 3286 1359 δὲ
3316 1305 3585 1376 ἑτερότης,
3618 1301 3721 1356 δια

490 1392 727 1457 velerit,
775 1392 1130 1463 signiﬁcetur,
1166 1391 1235 1445 de
1265 1403 1331 1444 eo
1371 1389 1518 1457 quod
1551 1398 1654 1456 εει,
1698 1389 1807 1444 dici
1852 1400 2056 1460 queat:

2170 1395 2310 1468 φορὰ
2341 1395 2436 1449 τοῦ
2483 1396 2656 1461 ὄντος,
2704 1398 2783 1461 εἰς
2822 1397 3032 1465 γένεσιν
3076 1396 3345 1463 ἐξίσταται
3388 1395 3479 1450 τοῦ
3522 1396 3600 1466 μὴ
3651 1392 3721 1445 δν

490 1497 617 1538 cum
655 1484 758 1538 ista
810 1482 1079 1553 ejusmodi
1132 1482 1232 1548 rei,
1279 1496 1400 1552 qua:
1430 1496 1526 1551 per
1555 1496 1675 1536 sese
1726 1481 1958 1537 ﬁrmiter
2007 1492 2062 1538 et
2165 1503 2277 1551 τος.
2319 1508 2337 1539 ι

491 1586 804 1634 constanter
854 1593 974 1633 esse
1025 1592 1131 1632 non
1204 1584 1404 1646 potest,
1472 1576 1855 1632 inclinationes
1896 1578 2143 1647 quaedam
2184 1596 2278 1635 seu
2331 1583 2678 1652 trajectiones
2726 1584 3163 1656 dellexionesque
3211 1586 3348 1639 sint:
3380 1585 3448 1638 At
3500 1598 3630 1638 vero
3672 1582 3754 1634 ita

492 1668 652 1736 plane
713 1665 1067 1735 loquendum,
1139 1663 1282 1719 Deus
1325 1672 1430 1727 est,
1462 1679 1563 1718 nec
1603 1676 1781 1719 tamen
1828 1667 1945 1735 ipse
1992 1675 2233 1738 tempore
2292 1671 2406 1725 ullo
2460 1681 2564 1739 est,
2609 1673 2702 1729 sed
2756 1674 3056 1730 aeternitate
3099 1674 3386 1739 duntaxat,
3434 1690 3557 1741 qua:
3588 1684 3753 1726 motu

492 1763 641 1816 omni
668 1762 928 1831 omnique
952 1768 1194 1830 tempore
1222 1759 1384 1813 simul
1432 1768 1488 1813 et
1517 1759 1867 1816 inclinatione
1916 1771 2066 1818 caret
2101 1769 2319 1834 :‘cu1us
2351 1781 2453 1821 nec
2504 1766 2655 1836 prius
2685 1768 2982 1839 quidquam
3016 1778 3118 1835 est,
3162 1785 3263 1824 nec
3300 1770 3595 1839 quidquam
3642 1781 3752 1835 po-

493 1858 712 1925 sterius,
742 1856 985 1912 futurum
1019 1856 1175 1920 nihil,
1218 1855 1353 1910 nihil
1384 1858 1714 1925 praeteritum
1740 1897 1754 1922 ,
1795 1858 2065 1914 vetustius
2104 1860 2263 1925 nihil,
2305 1861 2550 1932 nihilque
2597 1863 2889 1919 recentius.
2954 1862 3056 1918 Sed
3098 1863 3186 1933 qui
3253 1879 3393 1918 unus
3435 1872 3539 1921 est.
3594 1860 3752 1914 idem

494 1962 605 2001 uno
651 1947 815 2001 etiam
875 1960 1039 2009 nunc,
1089 1942 1406 2013 sempiterni
1457 1943 1797 1999 duratiouem
1850 1945 2038 2015 implet
2078 1962 2094 1998 :
2136 1948 2381 2017 adeoque
2427 1951 2559 2005 illud
2608 1968 2777 2006 unum
2819 1960 2922 2016 est,
2965 1952 3106 2023 quod
3156 1968 3279 2008 vere
3322 1968 3417 2022 per
3476 1965 3599 2006 sese
3633 1958 3748 2013 est,

492 2054 603 2092 non
636 2044 816 2091 autem
875 2042 970 2089 aut
1004 2032 1143 2100 fuit,
1206 2042 1297 2088 aut
1360 2032 1603 2089 futurum
1661 2044 1778 2099 est;
1820 2037 2279 2105 quemadmodum
2313 2055 2411 2095 nec
2445 2041 2741 2112 aliquando
2791 2045 2975 2115 Cthil.
3022 2060 3123 2100 nec
3164 2060 3399 2115 unquam
3432 2046 3750 2099 desiturum

492 2139 596 2185 εει.
630 2128 722 2186 Sic
748 2129 909 2200 igitur
934 2128 1076 2183 idem
1132 2128 1312 2198 ipsum
1365 2128 1695 2195 venerando,
1746 2129 1986 2185 salutare
2015 2147 2136 2200 nos,
2176 2142 2230 2187 et
2261 2136 2531 2205 appellare
2563 2138 2739 2205 decet,
2789 2148 2884 2193 aut
2924 2140 3149 2205 saltem,
3185 2139 3270 2195 his
3313 2140 3521 2204 verbis,
3565 2138 3751 2193 Unum

494 2237 568 2283 es,
647 2222 700 2276 id
741 2220 885 2291 quod
934 2219 1244 2290 priscorum
1294 2219 1542 2274 nonnulli
1596 2218 1934 2275 factitabant.
1992 2221 2101 2279 Nec
2138 2226 2281 2280 enim
2340 2227 2498 2297 plura
2544 2229 2687 2285 Deus
2734 2241 2846 2296 est,
2890 2233 2968 2287 uti
3028 2241 3271 2287 nostrum
3335 2232 3599 2303 quilibet,
3644 2218 3750 2299 qui

493 2314 777 2385 congeries
825 2311 1070 2383 quaedam
1138 2326 1354 2376 sumus,
1415 2326 1481 2365 ex
1537 2312 1687 2365 omni
1740 2323 2121 2369 sexcentarum
2160 2318 2485 2373 varietatum
2541 2320 2776 2377 diversis
2843 2338 2908 2379 ex
2962 2324 3177 2380 casibus
3234 2324 3751 2394 mutationibusque

494 2409 834 2465 nascentium
885 2420 1102 2478 genere,
1140 2415 1195 2460 et
1226 2404 1460 2475 quadam
1497 2405 1661 2459 veluti
1698 2407 2050 2463 universitate
2086 2410 2316 2466 conﬂata
2379 2425 2545 2485 atque
2593 2416 2874 2486 permista.
2936 2416 3039 2472 Sed
3079 2435 3247 2473 unum
3299 2427 3512 2488 oportet
3542 2418 3597 2472 id
3616 2432 3754 2473 esse

495 2502 641 2572 quod
669 2510 770 2564 est,
802 2515 865 2555 ac
896 2498 1136 2554 vicissim
1208 2497 1260 2551 id
1318 2512 1443 2552 esse
1491 2498 1635 2562 quod
1671 2514 1838 2553 unum
1873 2511 1976 2556 est.
2010 2501 2144 2557 Nam
2183 2506 2414 2562 alterum
2452 2508 2582 2578 quid
2627 2509 2675 2565 si
2718 2510 2955 2577 additur,
2999 2512 3130 2566 illud
3164 2525 3294 2566 sane
3330 2519 3591 2579 tanquam
3622 2508 3756 2578 ejus

494 2596 637 2667 quod
685 2605 788 2662 est,
845 2593 1167 2656 differentia,
1215 2592 1280 2646 ad
1328 2593 1448 2659 ejus
1492 2594 1637 2663 quod
1671 2595 1877 2650 nullum
1926 2606 2029 2665 est,
2070 2603 2497 2668 procreationem
2540 2605 2794 2661 declinat.
2827 2628 2844 2658 ι
2880 2605 3151 2663 Hactenus
3179 2607 3503 2661 Plutarchus

1088 2684 1318 2740 CAPUT
1348 2685 1464 2743 XII.

2689 2702 3082 2756 ΚΕΦΑΛΑΙΟΝ
3123 2703 3221 2755 lB'.

779 2779 941 2833 Deum
973 2776 1139 2833 verbis
1170 2776 1430 2846 explicari
1464 2794 1567 2832 non
1610 2796 1785 2849 posse.

2601 2794 2714 2846 Ὅτι
2738 2794 2996 2863 ᾶρῤητον
3026 2794 3090 2847 τὸ
3124 2795 3310 2847 Θεῐον.

569 2871 830 2927 Similiter
868 2886 991 2925 cum
1034 2868 1249 2939 Moyses
1295 2883 1358 2923 ac
1398 2870 1675 2940 propheta:
1716 2869 2063 2927 Hebraeorum

2238 2877 2480 2943 Μωσέως
2522 2884 2616 2935 καὶ
2646 2884 2755 2937 τῶν
2784 2887 2912 2957 παρ’
2949 2885 3216 2957 Ἑϐραίοις
3256 2885 3553 2956 προφητῶν
3580 2884 3758 2939 ἁπάν-

497 2964 762 3029 universi,
798 2970 1049 3016 naturam
1098 2958 1259 3030 530
1302 2959 1539 3015 divinam
1582 2962 1765 3017 verbis
1810 2963 2063 3031 explicari

2169 2983 2275 3019 των
2308 2969 2542 3041 ἄρρητον
2572 2969 2709 3025 εἶναι
2738 2974 2799 3027 τὸ
2829 2975 2983 3029 Θείον
3004 2966 3378 3039 διδασκόντων,
3407 2975 3499 3027 καὶ
3528 2975 3633 3045 τῆς
3660 2975 3762 3046 ep-

497 3073 605 3114 non
631 3071 792 3128 posse
815 3050 1069 3119 ddccant,
1088 3055 1316 3125 ejusque
1340 3053 1600 3108 reconditi
1627 3055 1866 3110 nominis
1885 3071 2063 3124 quam-

2172 3059 2341 3129 ρήτου
2378 3065 2750 3135 προσηγορίας
2780 3065 2843 3118 τὸ
2866 3066 3128 3137 σύμϐολον
3155 3066 3242 3120 διὰ
3267 3067 3369 3135 τῆς
3401 3067 3531 3138 παρ’
3563 3066 3761 3127 αὐτοῖς

495 3153 622 3206 dam
652 3148 818 3204 veluti
849 3158 1061 3209 notam.
1098 3146 1387 3218 singulari,
1424 3159 1587 3215 quam
1627 3144 1847 3215 ipsimet
1875 3146 2063 3201 eﬂ‘erre

2170 3151 2552 3223 ἁνεκερωνήτου
2586 3155 2935 3226 σημειώσεως
2959 3158 3379 3226 ὑποφαινόντων,
3409 3157 3626 3220 τούτοις
3657 3157 3761 3210 καὶ

490 3260 608 3301 non
660 3242 910 3314 possint,
967 3241 1364 3296 elementorum
1427 3236 1812 3293 informatione
1870 3255 2063 3310 reprae-

2169 3243 2199 3294 ὁ
2232 3242 2455 3297 Πλάτων
2488 3247 2792 3317 συμφώνως
2835 3249 3016 3313 αὐτοῖς
3050 3251 3285 3321 ῥήμασιν
3319 3252 3377 3303 ἐν
3419 3254 3486 3322 τῇ
3532 3249 3765 3323 μεγάλῃ

488 3342 738 3399 seutent,
784 3332 988 3386 videsis
1023 3346 1193 3401 quam
1247 3331 1387 3385 belle
1420 3327 1574 3382 Plato
1604 3344 1727 3384 cum
1781 3329 1972 3384 iisdem
2013 3331 2063 3384 in

2171 3333 2422 3406 ἐπιστολῇ
2461 3332 2549 3390 οἷά
2598 3354 2762 3408 φησιν
2802 3340 2997 3394 ἄκουε·
3050 3359 3069 3391 ι
3114 3342 3300 3412 Ῥητὸν
3344 3341 3452 3411 γὰρ
3495 3340 3763 3411 οὐδαμῶς

490 3441 694 3495 magna
734 3425 825 3479 illa
851 3423 1082 3493 epistola
1132 3422 1464 3484 consentiat,
1498 3420 1627 3475 dum
1676 3420 1750 3475 ita
1782 3421 2063 3490 loquitur:

2174 3425 2342 3487 ἐστιν,
2366 3426 2441 3490 ὠς
2473 3427 2606 3481 ἄλλα
2655 3428 2971 3501 μαθήματα,
2997 3431 3109 3484 ἀλλ’
3135 3433 3199 3486 ὲκ
3231 3431 3425 3503 πολλῆς
3461 3431 3762 3495 συνουσίας

505 3537 525 3569 ι
556 3515 680 3571 Nec
707 3515 876 3578 enim,
922 3513 1122 3583 inquit,
1172 3512 1249 3564 uti
1287 3512 1499 3580 reliqua
1539 3510 1953 3580 disciplinarum
1987 3525 2063 3581 ge-

2172 3516 2459 3588 γινομένης
2492 3522 2620 3591 περὶ
2639 3521 2700 3574 τὸ
2721 3524 2950 3593 πρᾶγμα
2974 3523 3122 3588 αὐτὸ,
3146 3525 3240 3577 καὶ
3265 3523 3358 3576 τοῦ
3390 3521 3583 3594 συζῆν,
3613 3522 3763 3589 ὲξαὲ·

502 3621 634 3660 nera
683 3604 881 3669 solent,
925 3603 1034 3657 ulla
1071 3600 1286 3672 penitus
1327 3599 1559 3669 exprimi
1578 3599 1867 3653 verborum
1897 3600 2063 3670 signi-

2174 3622 2312 3678 φνης
2341 3604 2452 3661 οἷον
2480 3610 2589 3664 ἀπὸ
2635 3614 2807 3685 πυρὸς
2857 3613 3196 3685 πηδήσαντος
3243 3614 3474 3684 ἐξαφθὲν
3515 3614 3639 3683 φῶς
3686 3615 3758 3686 τῗ

501 3697 757 3753 ﬁcatione
786 3704 1000 3765 potest:
1048 3693 1139 3749 sed
1176 3703 1409 3759 tantum,
1446 3701 1570 3764 post
1601 3693 1816 3762 longam
1846 3707 1969 3746 cum
2005 3707 2063 3747 eo

2171 3698 2316 3769 ψυχῇ
2346 3703 2653 3773 γενόμενον,
2687 3706 2818 3759 αὐτὸ
2855 3707 3016 3760 ἑαυτὸ
3048 3706 3146 3780 ήδη
3175 3707 3381 3779 τρέφει.
3422 3725 3443 3759 ι
3488 3708 3602 3760 Kal.
3633 3708 3765 3763 τόδε

499 3790 627 3845 vita:
658 3787 1133 3849 consuetudinem,
1191 3794 1411 3856 repente
1462 3786 1648 3840 lumen
1701 3783 1941 3853 aliquod,
1994 3784 2063 3839 sic

2172 3789 2230 3842 δὲ
2293 3792 2384 3844 τοῦ
2454 3795 2631 3862 φωτὸς
2697 3797 2759 3850 τὸ
2833 3799 3180 3871 παράδειγμα
3242 3796 3527 3870 προλαϐὼν
3593 3798 3765 3861 ἄλλος

500 3892 762 3951 tanquam
789 3880 1077 3935 exsiliente
1124 3878 1247 3949 igne
1278 3892 1628 3943 succensum,
1672 3876 1764 3930 ubi
1801 3875 1969 3931 semel
2016 3876 2063 3929 in

2186 3880 2449 3952 Ἐϐραίων
2504 3889 2788 3959 προφήτης
2848 3891 3188 3963 παρέστησεν
3239 3888 3407 3944 εἰπών
3445 3907 3459 3920 ·
3524 3909 3545 3942 ι
3593 3891 3765 3943 Ἐσπ-

498 3974 746 4037 animum
802 3971 1013 4036 incidit,
1063 3986 1122 4027 se
1173 3971 1294 4041 ipso
1340 3970 1598 4039 deinceps
1647 3968 1810 4022 alitur
1872 3975 1927 4021 et
1972 3966 2063 4037 gli-

2179 3975 2382 4046 μειώοη
2426 3978 2508 4045 ἐφ’
2549 3980 2697 4050 ἡμᾶς
2736 3981 2797 4034 τὸ
2844 3981 2959 4051 φῶς
3003 3983 3094 4036 τοῦ
3145 3982 3435 4052 προσώπου
3488 3999 3608 4046 σου,
3637 3982 3765 4035 Κύ-

504 4067 626 4122 scit.
675 4083 696 4117 ›
752 4062 931 4134 Atque
974 4063 1117 4118 hanc
1155 4040 1318 4117 etiam
1364 4060 1588 4116 luminis
1633 4058 2063 4125 similitudinem,

2178 4040 2259 4137 ριε
2281 4082 2295 4096 ·
2331 4085 2348 4117 ι
2371 4040 2489 4122 ,καίι
2513 4040 2886 4135 ἄλλοςνπάλινό
2980 4075 3069 4127 Ἐν
3111 4040 3355 4147 τῷἹφωτὶ
3384 4092 3476 4129 σου
3505 4040 3767 4146 ὀψόμεθα.

504 4156 646 4212 alius
669 4154 1023 4211 Hebraeorum
1057 4152 1446 4224 prophetarum
1479 4165 1589 4206 non
1619 4164 1782 4205 nemo
1807 4150 1919 4221 jam
1949 4161 2073 4206 ante
2179 4158 2314 4226 φῶς.
2360 4181 2378 4215 ι

505 4258 886 4320 occupaverat,
933 4248 1019 4304 his
1058 4247 1261 4313 verbis,
1294 4267 1312 4298 ι
1353 4246 1637 4318 Signatum
1680 4253 1765 4302 est
1825 4262 1989 4317 super
2030 4264 2131 4305 nos
2168 4252 2350 4310 lumen
2410 4257 2589 4315 vultus
2628 4260 2727 4328 tui,
2775 4261 2999 4319 Domine
3023 4265 3064 4317 ⁸.
3103 4282 3123 4316 ι
3159 4264 3402 4333 itemque
3431 4264 3596 4329 alius,
3628 4279 3649 4313 ι
3697 4263 3766 4315 ιιι

503 4347 848 4412 luminetuo,
894 4345 1098 4416 inquit,
1150 4343 1458 4401 videbimus
1484 4343 1668 4398 lumen
1693 4341 1738 4397 ⁸.
1773 4360 1794 4395 ι

1090 4437 1320 4494 CAPUT
1357 4436 1499 4492 Xlll.

861 4531 1035 4588 Unum
1065 4549 1126 4586 ac
1169 4532 1340 4586 solum
1378 4547 1490 4587 esse
1527 4530 1719 4585 Deum.

574 4623 872 4689 Praeterea,
925 4640 1051 4680 cum
1109 4623 1177 4679 de
1240 4623 1484 4678 universi
1537 4622 1886 4677 moderatore
1931 4621 2078 4690 Deo,

506 4732 681 4775 unum
717 4715 932 4789 Moyses
980 4715 1148 4769 Deum
1195 4715 1347 4770 illum
1375 4729 1496 4770 esse
1540 4714 1893 4785 pronuntiet,
1954 4716 2077 4771 dum

508 4810 586 4865 ait
609 4809 655 4877 ',
704 4827 724 4862 ι
756 4808 921 4871 Audi,
957 4808 1141 4873 Israel,
1188 4806 1455 4863 Dominus
1502 4805 1649 4861 Deus
1693 4816 1906 4871 noster,
1966 4806 2077 4862 Do.

2696 4447 2919 4499 ΚΕΦΑΛ
2927 4448 3087 4501 AION
3120 4448 3217 4502 II".

2571 4535 2689 4589 Ὅτι
2721 4536 2864 4603 Θεὸς
2888 4533 2974 4604 εἷς
3007 4539 3137 4592 ἐστι
3149 4542 3352 4608 μόνος.

2253 4624 2493 4688 Μωσέως
2534 4625 2664 4696 περὶ
2703 4624 2797 4678 τοῦ
2833 4625 2939 4679 τῶν
2975 4626 3111 4679 ὅλων
3160 4626 3294 4680 Θεοῦ
3337 4629 3636 4699 φήσαντος,
3672 4628 3768 4684 ὄπ

2184 4717 2316 4780 Θεὸς
2363 4710 2446 4782 εἷς
2494 4720 2610 4772 ἐστι
2653 4718 2840 4790 μόνοςο
2890 4738 2907 4769 ι
2951 4720 3167 4786 Ἀκουε,
3201 4719 3438 4792 Ἰσραὴλ,
3474 4719 3685 4792 Κύριος
3729 4719 3768 4774 ὁ

2184 4808 2315 4873 Θεὸς
2356 4809 2531 4881 ἡμῶν,
2579 4811 2782 4882 Κύριος
2824 4803 2904 4872 εἷς
2943 4810 3092 4863 ἐστι·
3140 4828 3160 4861 ι
3213 4809 3374 4865 πάλιν
3424 4811 3453 4863 ὁ
3500 4811 3763 4877 Πλάτων,

509 4901 691 4957 minus
719 4915 863 4957 unus
890 4908 994 4965 εει,
1030 4919 1049 4951 ι
1078 4899 1234 4954 Plato
1263 4913 1459 4953 rursus
1489 4913 1611 4952 cum
1638 4912 1704 4953 eo
1725 4899 2055 4953 conveniens

2184 4899 2357 4972 τούτῳ
2400 4900 2724 4972 συντρέχων,
2762 4900 2859 4955 ἕνα
2898 4900 3028 4953 Θεὸν
3066 4896 3223 4965 εἶναι,
3262 4900 3339 4960 ὡς
3385 4900 3483 4954 καὶ
3521 4899 3767 4971 οὐρανὸν
3798 4962 3807 4971 η

508 4994 591 5049 uti
630 4994 829 5049 celum
863 5008 1057 5060 unum,
1109 4993 1183 5046 ita
1218 4990 1390 5046 Deum
1423 5005 1595 5044 unum
1629 5005 1750 5046 esse
1783 4989 1985 5044 docens
2022 4989 2063 5042 ir

2185 4991 2280 5045 ἒνα
2305 4991 2568 5055 διδάσκει,
2608 4984 2711 5045 ὧδέ
2740 5009 2818 5062 πη
2856 4991 3025 5060 λέγων
3063 4993 3120 5044 ὲν
3162 4991 3403 5060 Τιμαίῳ*
3455 5009 3475 5042 ι
3513 4991 3767 5065 Πότερον

512 5085 747 5141 Timaeo:
779 5104 797 5136 ι
824 5084 1056 5141 Rectene
1087 5084 1273 5155 igitur,
1307 5082 1503 5153 inquit,
1533 5082 1731 5138 caelum
1760 5098 1928 5137 unum
1958 5097 2063 5137 εεεε

2182 5077 2274 5137 οὖν
2305 5080 2481 5154 ὀρθῶς
2507 5081 2603 5135 ἕνα
2630 5080 2857 5155 οὐρανὸν
2888 5083 3310 5155 προειρήκαμεν,
3342 5081 3376 5152 ἢ
3408 5081 3641 5146 πολλοὺς
3662 5082 3769 5137 καὶ

510 5186 671 5232 antea
704 5176 1017 5241 statuimus,
1066 5190 1134 5228 an
1165 5189 1295 5229 vero
1328 5173 1557 5236 multos,
1602 5173 1848 5243 adeoque
1898 5171 2063 5227 inlini-

2183 5171 2439 5244 ἀπείρους
2467 5172 2648 5242 λέγειν
2673 5168 2741 5244 ἦν
2785 5173 3097 5246 ὀρθότερον;
3130 5173 3283 5238 Ἕνα,
3314 5172 3473 5244 εἴπερ
3502 5172 3648 5227 κατὰ
3698 5172 3769 5227 τὸ

513 5279 596 5323 tos
639 5267 889 5339 posuisse
925 5265 1261 5336 praestabat?
1312 5262 1494 5320 Unum
1548 5264 1771 5334 utique,
1816 5263 1863 5318 si
1916 5261 2063 5318 modt

2185 5262 2531 5334 παράδειγμα
2555 5262 3077 5336 δεδημιουργημένος
3104 5262 3274 5317 ἔσται.
3303 5263 3380 5317 Τὸ
3424 5262 3534 5334 γὰρ
3590 5280 3765 5334 περι-

510 5375 673 5415 suum
713 5360 782 5415 ad
829 5358 1105 5429 exemplar
1148 5355 1551 5413 conformatum
1601 5355 1735 5411 illud
1789 5370 1910 5410 esse
1947 5369 2063 5409 con‘

2183 5352 2303 5422 έχον
2335 5352 2511 5407 πάντα
2550 5354 2724 5409 ὁπόσα
2760 5354 2925 5425 νοητὰ
2962 5347 3096 5419 ζῶα,
3130 5353 3248 5424 μεθ’
3281 5353 3469 5425 ἑτέρου
3499 5352 3767 5426 δεύτερον

511 5452 777 5507 cedimus.
825 5449 981 5518 Quod
1012 5465 1155 5505 enim
1186 5451 1494 5504 animantes
1535 5461 1730 5504 omnes
1776 5446 2063 5515 intelligen-

2180 5446 2281 5498 οὐκ
2308 5446 2372 5500 ἄν
2402 5463 2530 5500 ποτε
2559 5447 2667 5515 εἴη.
2707 5466 2726 5500 ι
2759 5446 2924 5519 Δῆλος
2938 5440 3009 5500 ’δέ
3035 5448 3181 5501 ἐστιν
3208 5445 3303 5501 ἕνα
3331 5445 3461 5500 Θεὸν
3491 5443 3677 5511 εἰδὼς,
3709 5445 3769 5502 εἰ

582 5568 605 5601 ⁸
639 5567 781 5624 Psal.
825 5583 899 5635 IV,
938 5567 993 5623 7.
1069 5567 1090 5598 ⁸
1129 5565 1267 5621 Psal.
1310 5581 1467 5620 xxxv.
1516 5564 1601 5623 50.
1677 5563 1698 5594 "
1738 5561 1894 5618 Deut.
1933 5578 2009 5627 vI,
2045 5562 2080 5616 4

585 5696 613 5725 ι
642 5686 724 5736 Ρι.
752 5683 808 5737 ἐν
839 5681 1056 5741 πάθεσι.
1133 5682 1163 5722 ιι
1196 5680 1282 5736 Ρι.
1318 5677 1747 5752 πανηγυρικῶς,

587 5771 699 5846 (71)
724 5775 864 5829 Κατ’
890 5775 1049 5829 αὑτό.
1095 5768 1162 5829 Εἰ
1205 5773 1310 5831 hoc
1343 5771 1568 5839 rectius,
1612 5784 1777 5841 quam
1806 5777 1867 5825 ut
1908 5766 2050 5839 apud

2169 5762 2356 5821 itarch.
2387 5760 2528 5816 κατὰ
2557 5758 2766 5815 τοῦτον.
