4042 6384
227 301 324 359 εει

1398 309 1716 365 ΡΗΑἰΡΛῐῖ.
1762 308 2009 365 EVANG.
2049 310 2174 365 LIB.
2215 309 2311 364 XI.

3372 307 3476 361 88$

229 423 317 478 καὶ
360 423 617 494 συνήθως
650 427 892 498 Ἕλλησι,
925 433 988 500 τῇ
1034 427 1141 482 τῶν
1181 431 1439 483 πλειόνων
1480 431 1636 484 εἴωθε
1680 433 1796 504 χρῆ-

1918 433 1988 486 tia
2038 433 2290 502 przedilas
2326 431 2739 500 complectatur,
2798 429 2850 482 id
2900 443 3030 482 sane
3082 442 3358 496 nunquam
3397 427 3479 481 al-

231 516 348 568 σθαι
381 519 732 590 προσηγορίᾳ
762 523 855 573 καὶ
876 521 982 573 ἀπὸ
1012 523 1108 592 τῆς
1140 523 1273 593 πρὸς
1303 523 1572 575 Διονύσιον
1601 523 1808 576 ἐπιστο-

227 607 341 676 λῆς,
374 610 434 660 ὲν
547 609 792 680 σύμϐολα
821 611 1011 674 διδοὺς,
1046 613 1152 665 τῶν
1182 631 1238 666 τε
1269 612 1354 665 διὰ
1402 613 1634 683 σπουδῆς
1662 613 1808 683 αὐτῷ

227 700 593 769 γραφομένων
624 703 941 767 ἐπιστολῶν,
988 705 1215 758 καὶτῶν
1255 706 1427 769 ἄλλως
1467 705 1808 777 ἀπερριμμέ-

227 806 346 850 νων,
386 789 498 842 τῶν
543 793 648 860 μὲν
691 793 854 863 μηδὲν
897 795 1133 864 ἐχουσῶν
1164 796 1445 849 σπουδαῖον
1486 799 1706 867 σημεῖον
1746 796 1806 848 τὸ

225 878 332 933 τῶν
361 880 503 933 θεῶν
533 881 706 952 ὄνομα
738 884 1057 965 προστάξειν
1088 899 1114 926 ιι
1144 888 1334 958 ἔφησε,
1365 888 1472 941 τῶν
1499 887 1554 941 δὲ
1584 905 1806 960 πεφρον-

225 969 491 1039 τισμένως
523 973 678 1042 αὑτῴ
728 975 1162 1046 συνταττομένων
1201 976 1261 1030 τὺ
1310 977 1401 1030 τοῦ
1441 979 1594 1030 Θεοῦ.
1641 979 1803 1045 Λέγει

223 1062 268 1118 δ’
294 1059 385 1116 οὖν
415 1057 520 1116 ὧδε
555 1067 695 1119 κατά
737 1066 877 1130 λέξιν
898 1086 910 1097 ·
961 1089 979 1116 ι
1022 1071 1154 1141 Περὶ
1181 1071 1236 1123 δὲ
1265 1070 1358 1124 τοῦ
1392 1071 1657 1141 συμϐόλου
1691 1071 1802 1141 (7‘2)

224 1152 310 1208 τοῦ
343 1153 481 1224 πρὸς
522 1157 628 1218 τὰς
669 1159 954 1222 ἐπιστολὰς
985 1161 1116 1229 (75),
1149 1162 1278 1224 ὅσας
1325 1179 1383 1214 τε
1415 1161 1478 1215 ἀν
1507 1161 1802 1214 ἐπιστέλλω

228 1245 448 1313 σπουδῇ,
503 1248 603 1300 καὶ
658 1248 785 1310 ὅσας
847 1249 941 1318 μὴ,
992 1246 1143 1317 οἶμαι
1197 1250 1292 1318 μέν
1352 1267 1411 1302 σε
1471 1251 1798 1322 μεμνῆσθαι,

225 1334 364 1404 ὅμως
402 1335 448 1387 δ’
481 1337 680 1398 ἐννόει,
713 1342 806 1392 καὶ
850 1341 1052 1413 σφόδρα
1082 1342 1311 1412 πρόσεχε
1348 1343 1439 1395 τὸν
1486 1343 1641 1396 νοῦν⁹
1680 1344 1801 1395 πολ-

224 1424 301 1477 λοὶ
338 1425 448 1497 γάρ
497 1430 547 1480 οἱ
582 1429 893 1495 κελεύοντες
922 1433 1173 1502 γράφειν,
1233 1433 1326 1497 οὒς
1371 1436 1432 1487 οὐ
1472 1435 1650 1506 ῥᾴδιον
1707 1453 1800 1504 φα-

224 1517 389 1588 νερῶς
417 1519 753 1575 διωθεῖσθαι.
788 1523 900 1593 Τῆς
941 1525 1038 1595 μὲν
1066 1522 1158 1579 οὖν
1183 1527 1473 1590 σπουδαίας
1515 1528 1800 1599 ἐπιστολῆς

223 1608 251 1660 6
287 1610 418 1671 Θεὸς
467 1611 654 1680 ἄρχει,
698 1612 810 1665 θεοὶ
855 1613 910 1666 δὲ
953 1617 1048 1685 τῆς
1087 1611 1268 1687 ἦττον.
1313 1638 1329 1666 ο
1385 1619 1687 1690 Διαρρήδην
1742 1620 1798 1672 δὲ

225 1702 252 1753 6
290 1702 450 1764 αὐτὸς
499 1705 755 1774 ὁμολογεῖ
809 1708 872 1759 ἐκ
920 1708 1160 1763 παλαιῶν
1217 1711 1276 1764 τὸ
1332 1713 1458 1783 περὶ
1514 1711 1605 1765 τοῦ
1661 1712 1795 1765 Θεοῦ

1917 534 2090 578 terum
2133 524 2201 578 ab
2232 523 2404 577 altero
2448 522 2627 575 fuerit.
2669 541 2686 572 ι
2733 518 2994 573 Eumdem
3037 534 3219 588 porro,
3257 527 3317 572 ut
3354 517 3477 570 vul-

1911 613 2023 678 gari
2078 612 2392 667 Graecorum
2450 627 2602 665 more
2647 610 2884 681 plurium
2924 611 3204 663 numinum
3249 609 3477 679 appella-

1911 703 2057 757 tione
2101 702 2177 756 uti
2225 702 2420 767 soleat,
2468 700 2637 755 Deum
2694 710 2870 754 tamen
2924 716 3091 754 unum
3147 714 3471 770 agnoscere,

1907 792 1992 846 vel
2035 807 2100 846 ex
2158 807 2242 858 ea,
2282 807 2447 860 quam
2501 792 2566 844 ad
2624 788 2938 860 Dionysium
2984 789 3198 854 scribit,
3246 787 3472 856 cpistola

1906 883 2086 953 quivis
2119 883 2415 954 intelligat:
2455 884 2544 936 ubi
2599 898 2735 951 quas
2769 882 3012 936 studiose
3056 897 3120 936 ac
3167 883 3308 935 serio
3341 897 3494 956 ροη-⁵

1907 975 2172 1030 scriberet
2222 975 2508 1044 epistolas,
2558 975 2627 1028 ab
2675 974 2826 1037 aliis,
2876 989 3014 1044 quas
3054 983 3256 1027 temere
3307 975 3472 1043 negli-

1905 1074 2200 1136 genterquo
2255 1067 2624 1135 profunderet.
2662 1081 2759 1118 sua
2808 1065 3041 1134 quadam
3099 1075 3224 1119 nota
3287 1079 3471 1119 secer-

1907 1173 2080 1226 nens;
2117 1173 2239 1227 qune
2281 1173 2445 1227 grave
2488 1157 2624 1210 nihil
2676 1172 2740 1209 ac
2783 1156 2984 1210 serium
3016 1156 3374 1222 continerent,
3405 1156 3470 1210 iis

1908 1249 2174 1312 deorum,
2216 1264 2336 1318 qua:
2383 1263 2512 1301 vero
2563 1247 2848 1317 diligenter
2878 1247 2975 1301 abs
3018 1262 3077 1301 se
3111 1262 3176 1300 ac
3215 1246 3470 1300 meditato

1903 1341 2289 1404 scriberentur,
2323 1339 2430 1393 illis
2472 1339 2564 1392 Dei
2599 1353 2718 1393 sese
2763 1355 2984 1402 nomen,
3028 1339 3306 1406 proprium
3357 1338 3470 1392 vel-

1905 1430 1980 1484 uti
2029 1430 2399 1485 characterem
2463 1431 2855 1500 impreSsurum
2900 1445 3022 1483 esse
3066 1429 3325 1482 declarat.
3379 1428 3473 1485 Sic

1901 1523 2046 1576 enim
2077 1521 2144 1574 ad
2192 1520 2415 1574 verbum
2473 1522 2708 1576 scribit:
2769 1541 2785 1570 ‹
2824 1519 3104 1588 Propriam
3145 1520 3291 1588 quod
3339 1521 3469 1574 alti-

1901 1621 1993 1667 net
2039 1612 2396 1682 epistularum
2434 1623 2644 1679 notam,
2699 1627 2792 1667 seu
2842 1627 2979 1680 quas
3024 1612 3196 1674 serio,
3236 1612 3470 1680 dataque

1902 1718 2090 1772 opera,
2136 1719 2230 1758 seu
2274 1719 2412 1773 quas
2455 1704 2816 1772 negligentius
2846 1704 3046 1764 scribo,
3095 1703 3309 1758 tametsi
3349 1703 3469 1772 ejus

222 1791 388 1863 δόγμα
417 1793 822 1865 μεμαθηκέναι,
853 1796 1022 1864 λέγων
1045 1798 1099 1850 ὲν
1131 1801 1242 1861 τοῖς
1269 1800 1505 1868 Νόμοιςο
1548 1820 1565 1851 ι
1618 1801 1674 1854 Ὁ
1702 1801 1796 1871 μὲν

1903 1805 1954 1849 te
1986 1797 2298 1850 meminisse
2328 1796 2602 1860 existimo,
2653 1811 2798 1850 nunc
2835 1806 3014 1850 tamen
3071 1795 3218 1848 illam
3264 1796 3468 1865 cogites

222 1883 280 1953 δὴ
319 1883 452 1946 Θεὸς
502 1885 644 1956 (74),
689 1887 762 1950 ὡς
803 1889 896 1940 καὶ
937 1891 964 1941 6
1004 1889 1228 1953 παλαιὸς
1273 1890 1447 1959 λόγος,
1494 1894 1666 1964 ἀρχὴν
1708 1894 1799 1946 καὶ

222 1973 471 2045 τελευτὴν
497 1977 600 2029 καλ⁴
632 1977 770 2046 μέσα
800 1980 907 2032 τῶν
935 1981 1100 2034 ὄντων
1131 1983 1380 2037 ἁπάντων
1399 2027 1413 2050 ,
1449 1987 1661 2039 εὐθεῖαν
1686 1989 1796 2056 (75)

224 2063 463 2133 περαίνει
499 2066 648 2119 κατά
702 2067 859 2136 φύσιν
907 2073 1416 2144 περιπορευόμενος.
1462 2075 1550 2145 Τῷ
1603 2075 1646 2128 δ’
1689 2080 1798 2131 αἰεὶ

225 2149 507 2216 ξυνέπεται
542 2155 692 2225 Δίκη,
729 2155 834 2208 τῶν
856 2157 1295 2229 ἀπολειπομένων
1328 2159 1421 2213 τοῦ
1456 2161 1600 2214 θείου
1632 2165 1795 2234 νόμου

221 2243 484 2311 τιμωρός·
528 2240 597 2316 ἦς
628 2248 654 2297 6
703 2246 797 2316 μὲν
855 2247 1261 2320 εὐδαιμονήσειν
1305 2251 1508 2320 μέλλων
1546 2254 1798 2322 ἐχόμενος

223 2332 537 2400 ξυνέπεται,
587 2337 854 2402 ταπεινὸς,
899 2341 1338 2410 κεκοσμημένος⁹
1377 2345 1403 2394 ὁ
1434 2342 1491 2395 δέ
1518 2359 1601 2406 τις
1636 2342 1795 2415 ἐξαρ-

223 2423 326 2486 θεὶς
370 2425 478 2476 ὑπὸ
545 2427 930 2498 μεγαλαυχίας,
975 2429 1283 2502 ἢχρήμασι
1335 2433 1709 2504 ἐπαιρόμενος,
1761 2435 1794 2506 ἢ

222 2517 417 2584 τιμαῖς,
453 2516 493 2585 ἦ
535 2517 625 2570 καὶ
683 2517 928 2588 σώματος
981 2521 1270 2593 εὐμορφίᾳ,
1318 2523 1431 2594 ἅμα
1453 2525 1662 2597 νεότητι
1703 2527 1796 2580 καὶ

223 2606 388 2676 ἀνοία,
423 2605 691 2675 φλέγεται
743 2610 842 2680 τὴν
870 2610 1044 2681 ψυχὴν
1073 2611 1190 2681 μεθ’
1226 2610 1456 2682 ὕϐρεως,
1493 2613 1632 2666 ὥστε
1673 2614 1797 2668 οὔτε

222 2697 477 2768 ἄρχοντος
509 2699 629 2752 οὔτε
657 2702 796 2763 τινὸς
840 2704 1104 2774 ἡγεμόνος
1125 2704 1392 2774 δεόμενος,
1439 2706 1570 2759 ἀλλὰ
1597 2709 1687 2760 καὶ
1712 2709 1798 2762 ἅλ-

185 2848 187 2850 .
226 2786 330 2850 λοις
356 2791 548 2853 ἱκανὸς
581 2790 656 2843 ὢν
689 2794 956 2863 ἡγεῖσθαι,
990 2796 1372 2850 καταλείπεται
1409 2800 1616 2871 ἔρημος
1638 2800 1792 2854 Θεοῦ.

233 2879 624 2949 Καταλειφθεὶς
654 2883 729 2946 δὲ,
776 2886 868 2937 καὶ
911 2885 988 2937 ἔτι
1032 2887 1221 2950 ἄλλους
1262 2889 1531 2952 τοιούτους
1572 2891 1799 2960 προσλα-

231 2968 348 3036 ϐὼν,
367 2975 570 3044 σκιρτᾷ
593 2974 874 3045 ταράττων
890 2977 1063 3030 πάντα
1088 2979 1220 3049 όμοῦ
1242 2980 1290 3042 ι),
1309 2981 1401 3032 καὶ
1431 2980 1643 3043 πολλοῖς
1657 2999 1796 3035 τισιν

231 3061 395 3128 ἔδοξεν
418 3061 564 3118 εἷναί
626 3084 726 3129 τις,
758 3067 894 3136 μετὰ
917 3069 973 3121 δὲ
1019 3071 1207 3141 χρόνον
1239 3073 1298 3124 οὐ
1335 3073 1500 3126 πολὺν
1541 3073 1793 3144 ὑποσχὼν
1821 3106 1860 3162 C

229 3154 488 3225 τιμωρίαν
525 3157 586 3208 οὐ
630 3158 882 3229 μεμπτὴν
917 3161 982 3228 τῇ
1007 3159 1156 3233 Δίκῃ,
1191 3161 1381 3214 ἑαυτόν
1408 3179 1465 3214 τε
1501 3163 1592 3215 καὶ
1623 3159 1790 3226 οἷκον,

229 3246 314 3297 καὶ
348 3247 501 3299 πόλιν
533 3247 700 3319 ἄρδην
727 3250 1024 3304 ἀνάστατον
1057 3251 1295 3321 ἐποίησε.
1340 3273 1355 3304 ν
1386 3253 1570 3307 Ταῦτα
1594 3256 1622 3307 6
1653 3255 1793 3306 [1λά-

228 3352 346 3388 των.
382 3338 454 3391 Σὺ
487 3338 546 3390 δέ
573 3356 632 3407 γε
650 3339 749 3406 τῷ,
783 3359 800 3391 ι
843 3341 898 3395 Ὀ
922 3342 1017 3411 μὲν
1040 3341 1102 3412 δὴ
1128 3342 1261 3405 Θεὸς
1289 3343 1460 3414 ἀρχὴν
1487 3346 1580 3398 καὶ
1613 3345 1796 3398 τελευ-

229 3427 320 3494 τὴν
339 3428 427 3479 καὶ
482 3429 623 3499 μέσα
662 3429 770 3482 τῶν
806 3430 974 3484 ὅντων
1015 3429 1266 3486 ἁπάντων
1309 3434 1464 3502 ἔχων,
1497 3454 1515 3485 ›
1552 3437 1794 3506 παράθες

230 3517 328 3570 ἀπὸ
347 3521 445 3592 τῆς
491 3521 751 3591 Ἐϐραίων
778 3524 1110 3594 προφητείας
1134 3525 1212 3587 τὸ,
1252 3543 1269 3574 ι
1323 3525 1461 3590 Ἐγὼ
1483 3526 1613 3589 Θεὸς
1646 3528 1795 3598 πρῶ-

227 3627 330 3673 τος,
363 3614 459 3665 καὶ
492 3612 601 3680 ἐγὼ
621 3613 758 3682 μετὰ
791 3614 990 3668 ταῦτα’
1028 3635 1046 3667 ι
1079 3615 1156 3685 τῷ
1196 3615 1272 3681 δὲ,
1300 3634 1317 3665 ‹
1347 3615 1572 3670 Εὐθεῖαν
1601 3621 1792 3690 περαί-

231 3717 304 3754 νει
338 3701 483 3756 κατὰ
527 3703 684 3772 φύσιν
738 3705 1210 3775 ἐπιπορευόμενος,
1250 3725 1268 3755 ι
1307 3705 1384 3772 τὸ,
1410 3725 1427 3757 ‹
1482 3707 1793 3773 Εὐθύτητας

230 3789 328 3845 εἶδε
359 3797 420 3847 τὸ
459 3795 947 3865 πῷσωποναὺτοῦ.
974 3817 990 3847 ι
1025 3796 1133 3850 Καὶ
1157 3798 1293 3868 πρὸς
1325 3797 1406 3860 τὸ,
1449 3817 1466 3849 ι
1496 3799 1585 3870 Τῷ
1611 3799 1658 3852 δ’
1681 3801 1790 3854 αἰεὶ

231 3883 505 3950 ξυνέπεται
541 3886 670 3957 Δίκη
713 3888 821 3940 τῶν
852 3890 1288 3960 ἀπολειπομένων
1322 3890 1416 3944 τοῦ
1445 3891 1588 3944 θείου
1626 3892 1790 3963 νόμου

227 3979 479 4050 τιμωρὸς,
513 3999 528 4030 ι
561 3980 847 4051 σύγκρινον
892 3981 973 4044 τὸ,
1010 4000 1028 4032 ι
1075 3983 1290 4046 Δίκαιος
1324 3983 1544 4054 Κύριος,
1595 3987 1688 4037 καὶ
1722 3985 1794 4038 δι-

231 4071 514 4134 καιοσύνας
562 4072 846 4144 ἠγάπησεν
869 4091 882 4103 ·
923 4098 940 4125 ι
975 4076 1068 4127 καὶ
1106 4076 1184 4139 τὸ,
1221 4095 1238 4126 ‹
1288 4077 1441 4147 Ἐμοὶ
1493 4078 1788 4148 ἐκδίκησις,

231 4161 330 4228 ἐγὼ
384 4165 770 4231 ἀνταποδώσω,
827 4167 974 4236 λέγει
1027 4169 1289 4241 Κύριοςο»
1325 4171 1418 4223 καὶ
1465 4171 1548 4231 τὸ.
1589 4189 1606 4221 ι
1648 4171 1790 4224 Διότι

231 4252 434 4319 ἔκδικος
489 4257 716 4328 Κύριος,
775 4260 868 4311 καὶ
907 4261 1298 4319 ἀνταποδίδωσι
1357 4265 1470 4324 τοῖς
1517 4263 1791 4333 περισσῶς

232 4347 462 4401 ποιοῦσιν
496 4351 888 4421 ὑπερηφανίαν·
932 4371 950 4402 ι
983 4349 1064 4420 τῷ
1106 4354 1181 4420 δὲ,
1225 4372 1243 4405 ι
1273 4347 1380 4417 Ἦς
1412 4357 1440 4407 6
1474 4355 1788 4426 εὐδαιμονήο

1899 1887 2084 1952 velim,
2117 1903 2181 1941 ac
2209 1887 2495 1957 diligenter
2540 1887 2810 1941 attendas.
2858 1886 2969 1941 Nos
3023 1889 3166 1941 enim
3212 1887 3466 1954 permulti

1900 1979 1965 2031 ad
1998 1978 2099 2032 sibi
2151 1978 2500 2032 scribendum
2552 1979 2800 2046 invitant,
2837 1980 3037 2049 quibus
3074 1980 3124 2033 id
3175 1978 3331 2033 facile
3373 1993 3468 2032 ne-

1899 2070 2012 2139 gari
2036 2085 2140 2124 non
2172 2080 2363 2139 possrt.
2393 2069 2560 2140 igitur
2590 2070 2669 2124 sic
2706 2070 2901 2125 habeto
2931 2085 3123 2140 :quam
3161 2070 3304 2123 serio
3338 2070 3466 2124 scri-

1899 2161 2099 2227 bimus,
2146 2162 2289 2217 hanc
2318 2178 2347 2215 a
2385 2160 2496 2216 Deo
2526 2161 2895 2230 auspicamur,
2945 2177 2974 2215 a
3017 2161 3122 2215 diis
3160 2176 3304 2222 vero,
3345 2176 3467 2229 qua:

1900 2253 2080 2307 minus
2120 2253 2280 2307 habet
2317 2254 2503 2308 studii.
2550 2273 2570 2305 ›
2609 2252 2672 2305 Ει
2702 2267 2831 2306 vero
2874 2268 2931 2307 se
2973 2253 3039 2305 ab
3068 2251 3466 2320 antiquioribus

1898 2358 2085 2397 sanam
2120 2343 2186 2398 de
2237 2343 2344 2397 Deo
2390 2347 2711 2398 sententiam
2756 2344 2910 2414 531
2966 2345 3213 2398 hausisse
3270 2359 3466 2397 concc-

1897 2438 2004 2505 ptis
2049 2436 2163 2505 ipse
2204 2436 2534 2505 discrtisque
2578 2437 2756 2490 verbis
2805 2437 2858 2488 in
2892 2434 3114 2506 Legibus
3157 2437 3466 2501 conﬁtetur,

1896 2529 2024 2582 dum
2065 2530 2174 2583 ait:
2219 2548 2237 2580 ι
2274 2527 2416 2583 Deus
2464 2537 2611 2582 certe
2661 2528 2902 2597 quidem,
2951 2528 3026 2580 uti
3059 2543 3125 2581 ex
3159 2529 3466 2596 priscorum

1896 2620 2144 2675 doctrina
2198 2629 2444 2683 constat,
2500 2635 2681 2672 rerum
2744 2619 3117 2673 universarum
3161 2618 3465 2686 principia,

1899 2711 2058 2765 tinem
2090 2711 2438 2780 mediumque
2472 2711 2812 2779 complexus,
2865 2719 3009 2764 recta
3043 2710 3154 2775 illa,
3190 2711 3466 2779 qumnudo

1898 2811 2095 2857 natura
2136 2803 2406 2872 postulat,
2455 2802 2705 2855 obeundo
2749 2802 2977 2870 perlicit.
3026 2801 3158 2854 Eum
3210 2810 3468 2871 perpetuo

1897 2895 2114 2951 Justitia
2156 2895 2422 2962 sequitur,
2475 2908 2686 2956 eorum,
2728 2893 2820 2960 qui
2863 2893 2959 2945 abs
2991 2893 3173 2945 divina
3211 2893 3325 2962 lege
3352 2894 3468 2946 dis-

1899 2984 2121 3047 cedunt,
2189 2984 2352 3038 ultrix
2395 2993 2556 3052 atque
2603 2983 2840 3036 vindex:
2894 2983 2981 3037 cui
3017 2983 3235 3052 quidem
3276 2984 3467 3036 atlixus

1898 3078 2137 3133 demisso
2173 3076 2584 3146 compositoque
2632 3076 2818 3130 animo
2861 3076 3173 3140 comitatur,
3215 3077 3468 3146 quisquis

1899 3169 1966 3223 ad
2022 3168 2330 3224 felicitatem
2389 3169 2632 3236 aspirat:
2683 3177 2874 3222 contra
2924 3183 3052 3223 vero
3101 3168 3194 3238 qui
3247 3169 3326 3222 vel
3377 3185 3468 3222 su-

1897 3261 2083 3329 perbia
2119 3260 2507 3318 intumescens.
2559 3261 2643 3313 vel
2686 3274 2849 3329 Opum
2879 3260 2930 3313 vi
2976 3260 3240 3329 copiaque
3284 3260 3467 3314 subla-

1900 3358 2008 3412 tus,
2055 3350 2138 3405 vel
2185 3351 2354 3404 etiam
2405 3350 2678 3403 honorum
2720 3350 3111 3420 amplitudine,
3157 3350 3468 3418 corporisve

1897 3439 2097 3509 specie,
2148 3455 2272 3494 cum
2316 3439 2625 3508 iuventutis
2676 3439 2809 3493 ﬂore
2862 3439 3199 3508 stultitiaque
3236 3439 3468 3508 conjuno

1895 3538 1978 3582 cta
2023 3527 2377 3592 insolescens,
2405 3527 2590 3581 animo
2625 3527 2953 3596 petulantius
2995 3528 3320 3594 exardescit,
3351 3544 3466 3597 per-

1895 3619 2019 3673 inde
2073 3618 2206 3673 utsi
2251 3632 2350 3672 nec
2393 3618 2658 3687 principe,
2709 3634 2809 3673 nec
2863 3620 3204 3674 moderatore
3245 3619 3355 3673 ullo
3383 3619 3466 3672 in-

1893 3710 2092 3780 digeat,
2151 3710 2245 3765 sed
2297 3711 2477 3780 potius
2518 3710 2586 3764 ad
2630 3711 2843 3765 caneris
2886 3710 3260 3779 imperandum
3306 3717 3466 3779 aptus

1892 3804 2126 3873 ipsemet
2173 3803 2506 3872 idoneusque
2555 3803 2647 3867 sit,
2702 3803 2749 3856 is
2807 3801 2917 3856 Deo
2955 3817 3163 3856 vacuus
3209 3801 3468 3870 relinqui-

1895 3904 2022 3948 tur:
2073 3893 2295 3947 relictus
2336 3902 2543 3971 autem,
2575 3892 2833 3947 adhibitis
2878 3892 3025 3947 illico
3065 3893 3294 3961 geminae
3335 3906 3462 3962 pro-

1895 3983 2078 4038 terviae
2119 3983 2304 4049 sociis,
2341 3984 2576 4038 exsultat
2606 3992 2801 4038 cuncta
2827 3983 3112 4038 miscendo
3133 4024 3149 4048 ,
3191 3992 3352 4052 atque
3387 3984 3468 4036 in-

1897 4075 2054 4126 terim
2107 4073 2314 4142 aliquid
2355 4088 2476 4127 esse
2526 4073 2816 4142 permultis
2866 4074 3100 4138 videtur,
3145 4081 3202 4127 at
3248 4071 3466 4126 modico

1893 4175 2018 4234 post
2057 4176 2320 4235 tempore,
2353 4165 2548 4236 dignas
2585 4165 2654 4218 ab
2687 4180 2752 4218 eo
2796 4181 2985 4232 ptenas
3019 4166 3268 4236 exigente
3308 4163 3465 4219 Justi-

1894 4258 1988 4324 tia,
2021 4257 2286 4327 seipsum,
2319 4257 2652 4327 domumque
2681 4258 2864 4320 simul,
2906 4273 3031 4313 cum
3065 4267 3173 4312 tota
3218 4256 3466 4311 funditus

1893 4349 2110 4404 civitate
2152 4349 2346 4418 perdit.
2385 4368 2403 4401 ι
2439 4348 2562 4403 Haec
2597 4347 2768 4403 Plato.
2812 4348 2931 4404 1am
2979 4365 3130 4411 vero,
3161 4364 3284 4403 cum
3322 4347 3461 4409 illis,

233 4455 334 4491 σειν
359 4439 569 4509 μέλλων
598 4443 852 4511 ἐχόμενος
878 4441 1183 4510 ξυνέπεται,
1206 4445 1478 4507 ταπεινὸς,
1516 4463 1789 4517 κεκοσμη-

1901 4461 1918 4492 ‹
1963 4441 2104 4496 Deus
2136 4450 2281 4496 certe
2321 4441 2562 4511 quidem,
2611 4456 2790 4496 rerum
2839 4441 3218 4496 universarum
3263 4438 3468 4509 princi-

233 4531 402 4600 μένος,
432 4551 450 4584 ι
478 4533 739 4601 ἑπόμενὸν
771 4535 885 4586 ἐστι
907 4535 988 4600 τὸ,
1008 4554 1026 4585 ι
1066 4535 1268 4589 Ὀπίσω
1299 4535 1501 4605 Κυρίου
1530 4537 1623 4589 τοῦ
1653 4537 1786 4590 Θεοῦ

230 4643 313 4679 σου
347 4628 618 4702 πορεύσῃ·
649 4650 665 4680 ι
686 4629 764 4700 τῷ
782 4631 860 4696 δὲ,
892 4649 910 4681 ι
959 4632 1014 4683 Ὀ
1041 4631 1085 4684 δ’
1117 4630 1363 4701 ἐξαρθεὶς
1384 4631 1487 4684 ὑπὸ
1515 4631 1785 4701 μεγαλαυ-

230 4717 339 4786 χίας
359 4719 741 4772 καταλείπεται
763 4719 964 4792 ἔρημος
989 4719 1144 4781 Θεοῦ,
1173 4741 1189 4770 ι
1235 4719 1316 4782 τὸ,
1367 4737 1383 4768 ι
1403 4719 1575 4783 ὁΘεὸς
1620 4721 1786 4792 ὑπερ-

234 4813 454 4879 ηφάνοις
481 4812 880 4877 ἀντιτάσσεται,
927 4815 1199 4875 ταπεινοῖς
1247 4813 1302 4865 δὲ
1327 4812 1508 4866 δίδωσι
1538 4813 1694 4884 χάριν
1717 4831 1728 4842 ε
1763 4832 1780 4863 ι

228 4902 332 4965 καὶ,
363 4921 381 4953 ι
416 4901 676 4974 Χαρμονὴ
701 4901 756 4952 δὲ
783 4900 1014 4966 ἀσεϐῶν,
1039 4901 1236 4972 πτῶμα
1268 4901 1518 4966 ἐξαίσιον.
1546 4923 1564 4954 ι
1603 4903 1645 4954 Τ
1648 4902 1786 4956 αὔτα

231 5009 318 5058 μεν
374 4991 465 5048 οὖν
514 4995 622 5048 ἀπὸ
675 4994 884 5066 μυρίων
935 4994 1140 5066 σμικρά
1179 4995 1426 5066 περὶτοῦ
1453 4996 1543 5047 ἐπὶ
1572 4995 1786 5048 πάντων

228 5085 372 5138 Θεοῦ.
417 5086 525 5140 Θέα
577 5087 632 5139 δὲ
660 5087 753 5140 καὶ
777 5086 845 5139 τὰ
911 5087 1035 5157 περὶ
1079 5084 1172 5139 τοῦ
1217 5086 1468 5158 δευτέρου
1497 5086 1667 5139 αἰτίου
1701 5082 1786 5139 οἷα

225 5179 284 5248 τῇ
311 5179 514 5250 διανοίᾳ
548 5180 703 5233 εἰσίν.

294 5273 314 5303 ⁸
353 5273 452 5328 lsa.
500 5291 607 5338 xu,
650 5275 702 5331 4.
779 5277 799 5306 ⁹
840 5274 983 5328 Psal.
1025 5291 1077 5338 κ,
1120 5275 1172 5327 8.
1255 5275 1295 5306 ¹⁰
1337 5274 1464 5327 ibid.

289 5377 314 5404 ι
358 5365 513 5420 Forte
550 5367 769 5438 προτάξ.
851 5368 877 5406 b
919 5366 1019 5421 Ms.
1057 5380 1102 5421 et
1138 5369 1220 5420 Pl.
1265 5367 1396 5437 ἅμα.

295 5462 404 5532 (72)
437 5464 573 5530 Περὶ
624 5463 691 5516 δὲ
736 5465 841 5518 τοῦ
885 5465 1212 5532 συμϐόλου.
1249 5463 1488 5517 Platonis
1527 5463 1640 5517 hzec
1675 5463 1790 5531 epi-

234 5537 361 5586 ﬂola
387 5543 486 5603 est
518 5535 724 5588 decima
761 5536 939 5599 tertia,
971 5535 1035 5588 ad
1069 5533 1384 5603 Dionysium
1415 5548 1542 5603 ver_o
1577 5545 1790 5603 quarta,

234 5615 346 5675 pag.
384 5602 486 5675 Z28
546 5604 675 5658 edit.
720 5603 912 5658 Ficini.
944 5603 1064 5658 Fuit
1105 5601 1267 5672 igitur
1299 5619 1364 5658 ex
1402 5603 1468 5656 iis
1496 5601 1670 5675 Plato,
1700 5606 1792 5671 qui

235 5672 350 5746 cuiu
399 5672 564 5726 Drum
615 5676 1015 5746 cognovissent,
1072 5691 1177 5730 non
1225 5683 1402 5729 tamen
1446 5675 1582 5728 sicut
1627 5673 1792 5729 Deum

232 5745 676 5800 (.orilicaverunt.
700 5745 703 5746 ⁷
761 5763 766 5767 ·
1445 5759 1449 5767 -

1895 4534 2017 4603 pia,
2076 4534 2264 4598 tinem,
2314 4532 2661 4601 mediumque
2707 4533 3046 4603 complexus,
3084 4551 3104 4583 ι
3155 4532 3268 4586 haec
3305 4538 3364 4584 tu
3399 4547 3463 4582 cx

1897 4625 2248 4681 Hebra’orum
2293 4625 2575 4694 pmphetia
2619 4621 2907 4695 compone,
2947 4643 2965 4676 ι
3023 4623 3138 4694 Ego
3173 4624 3317 4677 Deus
3361 4623 3469 4691 pri-

1895 4734 2041 4781 mus,
2060 4726 2124 4772 et
2155 4717 2486 4771 novissimus
2516 4731 2615 4784 ego
2645 4733 2763 4771 sum
2788 4717 2842 4783 ες
2879 4736 2898 4769 ι
2935 4716 3176 4785 itemque
3202 4728 3326 4769 cum
3348 4712 3464 4777 illo,

1901 4829 1919 4861 ι
1963 4809 2127 4865 Recta
2159 4808 2388 4878 perlicit,
2430 4826 2449 4858 ι
2484 4807 2714 4861 alterum
2749 4808 2872 4872 hoc,
2910 4825 2928 4858 ι
2971 4806 3344 4862 Rcctitudines
3374 4818 3468 4859 no-

1894 4903 1972 4956 vit
2013 4902 2195 4956 vultus
2220 4901 2338 4969 ejus
2370 4900 2410 4952 °.
2446 4919 2464 4951 ι
2523 4898 2725 4954 Deinde
2765 4915 2888 4954 cum
2947 4899 3074 4963 illis,
3109 4917 3128 4949 ‹
3177 4897 3315 4952 Eum
3343 4910 3466 4966 per-

1895 5003 2057 5064 petuo
2079 4991 2296 5048 Justitia
2325 4991 2596 5062 sequitur,
2627 5007 2839 5056 eorum,
2872 4991 2964 5060 qui
2999 4991 3097 5045 abs
3124 4989 3307 5044 divina
3351 4988 3468 5056 lege

1895 5086 2205 5149 discedunt,
2243 5084 2404 5139 ultrix
2439 5092 2605 5153 atque
2633 5085 2850 5146 vindex,
2889 5102 2906 5132 ι
2942 5083 3042 5137 ista
3078 5081 3287 5146 confer,
3319 5098 3338 5131 ‹
3370 5077 3468 5134 Ju-

1893 5185 2011 5233 stus
2045 5175 2324 5241 Dominus,
2354 5183 2408 5230 et
2432 5175 2674 5244 justitias
2704 5173 2893 5228 dilexit
2919 5175 3001 5239 ¹⁰;
3035 5192 3053 5225 ι
3091 5174 3326 5242 itemque
3353 5172 3469 5228 lure

1970 5461 2084 5531 (75)
2117 5455 2794 5531 Πρὸς-τὰςλέπιστ..Ρ1ιι[ο
2822 5457 2947 5527 περὶ
2974 5456 3074 5531 τὰς
3104 5457 3220 5518 sm,
3250 5453 3467 5509 melius.

1970 5525 2082 5600 (74)
2220 5529 2337 5595 μὲν
2385 5527 2459 5596 δὴ
2519 5528 2682 5600 Sede.
2720 5525 2995 5600 Proin'pta
3046 5528 3170 5600 hac
3198 5535 3366 5600 sunt
3397 5537 3466 5581 ex

1899 5595 2093 5671 quarto
2128 5597 2340 5670 Legum,
2367 5615 2487 5671 pag.
2522 5598 2623 5650 600
2666 5599 2803 5671 edit.
2828 5595 3167 5671 ﬂt'ayojLat.
3198 5595 3389 5671 Ficini.

1973 5671 2084 5740 (75)
2117 5666 2390 5725 Εὐθεῖαν.
2421 5666 2689 5740 Manuscr.
2713 5668 2898 5740 εὐθέα.
2937 5666 3041 5724 Sed
3086 5667 3224 5722 infra
3255 5682 3308 5738 p.
3341 5666 3464 5740 793‘

1903 5737 2075 5808 huius
2091 5741 2216 5795 edit.
2241 5739 2450 5795 Atticus
2479 5739 2606 5804 legit
2643 5737 2846 5804 εὐθείᾳ.
3259 5737 3286 5746 γ’
