4042 6384
590 250 701 327 8523
1271 255 1539 312 EL'SEBII
1570 255 2054 313 CESARIENSIS
2091 256 2243 315 OPP.
2293 257 2472 314 PARS
2508 259 2573 315 Il.
2596 292 2654 301 —
2707 258 3212 317 APOLOGETICA.
3709 271 3795 329 εει

590 374 736 429 alia:
790 393 809 427 ¢
850 375 965 432 Mea
1005 386 1089 433 est
1152 378 1309 445 ultio,
1346 364 1400 434 et
1436 394 1536 449 ego
1577 379 1896 445 retribuam,
1963 379 2095 435 dicit
2154 379 2418 435 Dominus
2444 381 2534 449 η¹¹;
2579 400 2597 434 ι
2655 397 2865 437 necnon
2933 383 3067 447 ista,
3107 400 3127 433 ι
3178 380 3448 448 Quoniam
3491 384 3667 442 vindex
3713 388 3799 443 Do-

589 467 795 530 minus.
863 476 917 522 et
960 469 1220 524 retribuet
1270 468 1597 525 facientibus
1657 468 1999 525 abundanter
2041 469 2348 540 superbiam
2378 470 2444 524 ".
2505 490 2523 523 ι
2579 470 2843 527 Praeterea
2903 488 3029 528 cum
3101 471 3247 537 illis,
3296 470 3440 528 rCui
3484 475 3681 545 quidem
3715 483 3801 539 ani.

588 575 693 616 xus
752 560 987 617 demisse
1040 566 1453 635 compositoque
1505 565 1691 620 animo
1748 566 2063 634 comitatur,
2099 566 2352 637 quisquis
2418 568 2486 623 ad
2534 566 2843 623 felicitatem
2892 567 3136 639 aspirat,
3179 588 3199 621 ι
3245 569 3496 639 congruit
3530 587 3651 627 sane
3685 580 3802 646 quod

592 646 871 722 sequitur,
912 677 936 706 τ
977 657 1108 711 Post
1164 655 1450 712 Dominum
1504 656 1673 713 Deum
1726 667 1878 713 tuum
1944 658 2251 715 ambulabis
2289 658 2357 712 “.
2417 678 2436 711 ι
2472 657 2717 730 Denique
2770 675 2894 716 cum
2950 660 3078 726 illis,
3122 680 3142 712 ι
3194 661 3269 715 At
3305 676 3433 716 vero
3474 666 3703 736 superbia
3744 669 3805 727 in.

593 750 936 809 tumescens,
983 753 1081 800 abs
1136 745 1247 800 Deo
1303 761 1512 801 vacuus
1570 747 1933 818 relinquitur,
1994 767 2014 801 ›
2068 748 2185 803 haec
2221 764 2523 819 compone,
2580 748 2777 806 iDeus
2835 750 3085 821 superbis
3123 751 3371 820 resistit,
3415 752 3690 814 humilibus
3734 776 3806 816 ιιι·

595 843 701 888 tem
730 835 823 891 dat
852 849 1083 908 gratiam
1121 839 1215 905 “,i
1247 850 1322 906 et,
1364 860 1382 892 ι
1422 840 1631 896 Laetitia
1675 842 1988 913 impiorum,
2037 859 2200 901 casus
2239 845 2497 903 terribilis
2521 847 2586 900 ".
2627 865 2647 899 ι
2673 845 2753 903 Ac
2787 847 2854 903 de
2885 862 3102 903 summo
3125 847 3352 919 quidem
3381 864 3557 905 rerum
3600 857 3805 913 omnium

594 927 939 985 moderatore
983 929 1116 997 Deo,
1155 932 1272 989 haec
1305 934 1373 989 de
1436 933 1666 990 infinitis
1718 952 1891 1006 pauca
1941 937 2247 1005 sufﬁciant;
2288 938 2551 1010 deinceps
2586 939 2896 1011 cujusmodi
2945 940 3076 1006 sint,
3114 956 3241 1010 quae
3281 941 3576 998 secundum
3602 946 3662 1000 ad
3696 949 3808 1016 prin.

595 1019 805 1091 cipium
857 1023 1162 1093 pertinent,
1206 1026 1513 1082 considera.

1174 1117 1404 1172 CAPUT
1436 1115 1577 1173 XIV.

665 1204 743 1262 De
775 1207 1002 1261 secundo
1045 1206 1388 1263 Hebr-reorum
1429 1210 1777 1282 Platonisque
1811 1213 2093 1282 principio.

2793 1114 3190 1170 ΚΕΦΑΛΔΙΟΝ
3232 1116 3329 1168 ΙΔ’.

2273 1209 2416 1279 Περὶ
2436 1207 2542 1262 τοῦ
2556 1205 2840 1275 δευτέρου
2851 1205 3065 1267 αἰτίου,
3095 1204 3385 1273 Ἐξβαίων
3394 1205 3492 1258 καὶ
3513 1206 3806 1279 Πλάτωνος.

670 1294 744 1351 De
773 1296 952 1367 primo
988 1298 1156 1353 totius
1192 1300 1432 1355 universi
1477 1301 1747 1371 principio
1786 1302 1901 1358 haec
1946 1317 1978 1356 a
2009 1301 2169 1359 nobis

596 1405 696 1460 pro
737 1389 1008 1448 confessis
1054 1393 1377 1448 habeantur.
1425 1392 1586 1467 532
1627 1393 1782 1450 Nunc
1810 1409 1940 1449 vero
1984 1394 2039 1447 in
2075 1409 2166 1450 ses

593 1480 756 1536 cundi
798 1483 1318 1552 contemplationem
1356 1484 1661 1555 ingredere,
1703 1484 1849 1554 quod
1891 1482 1987 1539 Dei
2037 1482 2169 1539 Ver-

595 1577 755 1641 bum,
803 1588 867 1630 ac
911 1573 1082 1630 Deum
1136 1591 1201 1630 ex
1243 1575 1354 1631 Deo
1394 1592 1518 1632 esse
1562 1575 1912 1632 Hebrreorum
1969 1577 2167 1632 docent

594 1664 839 1729 oracula,
874 1666 1182 1737 cujusrnodi
1226 1667 1499 1739 theologia
1538 1683 1639 1722 nos
1680 1668 1845 1723 etiam
1889 1667 2084 1723 imbuti
2108 1677 2163 1723 et

592 1756 870 1813 informati
915 1774 1126 1814 sumus.
1181 1757 1393 1830 Moyses
1443 1767 1589 1815 certe
1635 1760 1854 1830 quidem
1909 1760 2162 1816 dominos
2193 1796 2238 1851 Α

2344 1300 2427 1355 Τά
2455 1299 2554 1370 μὲν
2575 1298 2640 1370 δὴ
2676 1298 2804 1370 περὶ
2825 1296 2918 1351 τοῦ
2949 1294 3167 1367 πρώτου
3191 1296 3305 1349 τῶν
3340 1295 3476 1351 ὅλων
3504 1299 3682 1364 αἰτίου,
3708 1303 3809 1358 τοῦ.

2271 1411 2362 1447 τον
2391 1394 2521 1464 ἡμῖν
2573 1388 3011 1461 ἁνωμολογήσθω
3040 1388 3131 1442 τὸν
3174 1389 3402 1460 τρόπον.
3451 1390 3742 1463 Ἐπίσκεψαι
3765 1395 3811 1451 δὲ

2268 1487 2363 1540 καὶ
2391 1484 2460 1538 τὰ
2494 1483 2623 1556 περὶ
2648 1481 2753 1535 τοῦ,
2765 1481 3044 1553 δευτέρου,
3073 1479 3132 1534 ὃν
3158 1480 3225 1552 δὴ
3241 1480 3380 1534 Θεοῦ
3397 1481 3583 1550 Λόγον,
3599 1486 3680 1537 καὶ
3704 1488 3811 1542 Θεὸν

2265 1580 2330 1631 ὲκ
2352 1577 2487 1630 Θεοῦ
2515 1571 2654 1629 εἶναι
2698 1574 2766 1628 τὰ
2807 1573 3074 1645 Ἐϐραίων
3101 1571 3353 1627 παιδεύει
3391 1573 3565 1643 λόγια,
3604 1576 3811 1651 καθάπερ

2268 1672 2360 1725 καὶ
2400 1672 2561 1741 ἡμεῖς
2583 1666 2739 1721 αὐτοὶ
2784 1666 3054 1735 θεολογεῖν
3109 1665 3494 1739 δεδιδαγμεθα.
3541 1668 3593 1721 '0
3627 1669 3714 1740 μὲν
3740 1668 3811 1725 οὗν

2266 1762 2469 1832 Μωσῆς
2515 1759 2811 1833 διαρρήδην
2881 1759 2977 1812 δύο
3033 1758 3276 1828 θεολογεῖ
3336 1759 3611 1830 Κυρίους,
3656 1762 3708 1813 ὲν
3750 1759 3812 1827 οἷς

590 1849 843 1919 agnoscit
887 1850 1252 1920 praadicatque
1282 1852 1460 1916 duos,
1507 1852 1637 1906 dum
1687 1851 1795 1917 ait,
1840 1870 1859 1902 ι
1916 1851 1984 1905 Ει
2026 1852 2158 1922 pluit

2271 1868 2435 1924 φησιο
2484 1871 2502 1902 ι
2541 1851 2650 1905 Καὶ
2698 1849 2883 1921 ἔϐρεξε
2931 1849 3134 1921 Κύριος
3166 1848 3323 1921 παρὰ
3376 1849 3578 1921 Κυρίου
3615 1851 3715 1924 πῦρ
3742 1856 3812 1909 καὶ

595 1939 860 1997 Dominus
907 1958 938 1995 a
970 1940 1201 1997 Domino
1236 1943 1417 2013 ignem
1457 1952 1513 1998 et
1564 1943 1815 2013 sulphur,
1862 1960 2026 2014 super
2070 1945 2158 1999 im-

2268 1945 2407 1998 θεῖον
2449 1944 2542 1998 ἐπὶ
2591 1942 2689 2014 τὴν
2723 1943 2829 1997 τῶν
2865 1941 3076 1996 ἀσεϐῶν
3130 1941 3307 1995 πόλιν.
3343 1960 3360 1993 ι
3399 1941 3564 1995 ’Ἔνθα
3609 1945 3811 2014 συνήίως

590 2033 803 2101 piorum
828 2033 1097 2089 civitatem
1126 2036 1195 2101 ιθ,
1230 2056 1249 2085 ι
1278 2035 1368 2090 ubi
1392 2035 1553 2090 solito
1584 2051 1734 2090 more
1755 2036 1987 2090 similem
2020 2037 2158 2105 apud

2266 2036 2358 2087 ἐπὶ
2390 2033 2499 2088 τῶν
2519 2034 2612 2088 δύο
2642 2034 2742 2106 τὴν
2775 2032 2964 2105 ὁμοίαν
2984 2032 3094 2086 τῶν
3120 2032 3252 2105 παρ’
3281 2031 3554 2105 Ἐὅραίοις
3580 2038 3811 2105 χαρικτή·

590 2121 850 2179 Hebraeus
885 2123 939 2178 in
971 2124 1239 2180 ambobus
1287 2125 1596 2180 litterarum
1641 2138 1821 2181 notam
1864 2126 2158 2194 expressit,

2266 2144 2375 2197 ρων
2404 2127 2698 2198 ἐποιήσατο
2747 2125 3048 2197 παράθεσιν
3067 2143 3079 2157 ⁸
3110 2126 3252 2197 αὕτη
3306 2125 3366 2179 δέ
3415 2127 3530 2179 ἐστι
3558 2128 3590 2196 ἡ
3621 2126 3701 2179 διὰ
3725 2127 3811 2181 τῶν

585 2230 709 2284 qua:
738 2214 847 2271 alia
878 2231 986 2271 non
1019 2225 1104 2271 est
1134 2232 1298 2286 quam
1328 2217 1420 2273 illa
1460 2217 1599 2287 ipsa,
1632 2234 1794 2288 quam
1837 2218 2033 2273 efferre
2066 2235 2158 2273 ne«

2262 2218 2545 2289 τεσσάρων
2584 2217 2860 2287 στοιχείων
2891 2215 3271 2289 ἀνεκφώνητος
3306 2216 3441 2287 παρ’
3470 2216 3647 2278 αὐτοῖς
3669 2215 3811 2269 θεολο-

584 2317 826 2378 queunt,
876 2308 1161 2363 elementis
1207 2319 1441 2379 quatuor
1486 2310 1780 2366 informata
1834 2310 2003 2364 divini
2049 2308 2158 2365 Nu-

2263 2307 2376 2374 γὶα.
2410 2307 2597 2378 Τούτῳ
2623 2306 2682 2360 δὲ
2719 2308 2812 2361 καὶ
2855 2306 3039 2371 Δαϐὶδ,
3082 2306 3241 2371 ἄλλος
3266 2308 3555 2378 προφήτης
3592 2307 3713 2379 ὁμοῦ
3737 2308 3811 2361 καὶ

590 2401 756 2458 minis
798 2401 1111 2473 appellatio.
1162 2401 1347 2457 Eidem
1394 2417 1614 2473 quoque
1670 2402 1837 2458 David
1881 2404 2157 2465 accinens.

2266 2398 2515 2471 βασιλεὺς
2547 2399 2831 2472 Ἐϐραίων,
2861 2399 3098 2471 συνᾴδων
3127 2399 3315 2471 φησίν*
3349 2418 3367 2450 ι
3414 2394 3621 2453 Εἷπενό
3645 2398 3811 2469 Κύριος

590 2494 730 2549 alius
778 2502 833 2548 et
881 2493 997 2564 ipse
1034 2494 1387 2549 Hebraeorum
1442 2495 1706 2565 propheta
1750 2496 1913 2551 simul
1946 2504 2001 2550 et
2041 2511 2158 2560 rex,

2260 2496 2341 2567 τῷ
2373 2496 2564 2567 Κυρίῳ
2601 2512 2721 2566 μουο
2749 2493 2932 2548 Κάθου
2954 2496 3018 2548 ἐκ
3044 2492 3232 2559 δεξιῶν
3264 2511 3389 2565 μου·
3418 2513 3438 2544 ι
3470 2493 3558 2547 τὸν
3584 2494 3672 2565 μὲν
3699 2495 3809 2547 ἀνω-

586 2587 659 2640 ita
699 2586 963 2656 loquitur:
1014 2605 1033 2638 ι
1079 2587 1226 2642 Dixit
1259 2587 1527 2644 Dominus
1578 2586 1813 2642 Domino
1843 2603 1986 2651 meo,
2031 2589 2158 2643 sede

2260 2586 2408 2640 τάτω
2459 2585 2591 2639 Θεὸν
2646 2585 2735 2640 διὰ
2784 2585 2878 2638 τοῦ
2914 2583 3132 2656 πρώτου
3181 2585 3416 2657 Κυρίου,
3451 2582 3544 2638 τὸν
3569 2583 3623 2637 δὲ
3650 2584 3810 2638 τούτου

584 2694 615 2734 a
657 2676 863 2733 dextris
894 2678 1029 2734 meis
1054 2678 1125 2731 ιτς
1171 2698 1191 2730 ι
1224 2678 1312 2735 ubi
1352 2678 1808 2750 quemadmodum
1838 2678 2034 2748 prioris
2064 2677 2162 2733 Do-

594 2769 728 2824 mini
773 2784 907 2826 voce
954 2770 1124 2825 Deum
1162 2771 1485 2834 maximum,
1533 2769 1608 2824 ita
1646 2769 1933 2838 posteriori
1984 2768 2162 2839 appel-

586 2861 789 2917 latione
844 2862 1076 2917 alterum
1133 2862 1337 2919 abillo
1398 2861 1717 2917 declaravit.
1783 2861 1954 2926 Quem
2012 2860 2156 2913 enim

2259 2862 2418 2932 νήτου
2450 2860 2712 2932 Θεότητος
2761 2859 3203 2931 παραχωρεῖσθαι
3237 2860 3271 2932 ἢ
3313 2860 3466 2930 μόνῳ
3492 2858 3568 2930 τῷ
3589 2854 3808 2929 rapio“

582 2952 826 3022 cogitare
875 2952 957 3008 fas
1014 2961 1135 3020 est,
1190 2954 1283 3023 qui
1347 2954 1415 3008 ab
1470 2952 1709 3023 ingenita
1757 2951 2042 3006 divinitate
2088 2950 2156 3005 ad

2259 2950 2442 3021 λόγος;
2476 2952 2534 3005 ὃν
2562 2953 2591 3004 ὁ
2638 2952 2797 3014 αὐτὸς
2846 2952 3129 3022 προφήτης
3175 2952 3233 3005 ὲν
3285 2951 3497 3021 ἑτέροις
3529 2950 3808 3020 λευκότερον

583 3044 755 3113 ipsius
798 3042 1082 3098 dexteram
1126 3043 1446 3100 considendi
1488 3043 1580 3114 jus
1622 3042 1922 3113 acceperit,
1965 3053 2157 3112 praeter

2259 3044 2509 3112 διασαφεί
2547 3043 2720 3112 Λόγον
2764 3042 2859 3095 τοῦ
2900 3042 3132 3113 Πατρὸς,
3172 3042 3509 3117 δημιουργὸν
3558 3043 3658 3094 τῶν
3694 3041 3807 3095 ὅλων

583 3150 753 3189 unum
796 3135 974 3203 illum,
1023 3152 1136 3206 quo
1186 3136 1252 3191 de
1298 3151 1479 3191 sermo
1523 3151 1552 3190 a
1598 3135 1755 3191 nobis
1814 3135 2157 3190 instituitur?

2259 3135 2626 3207 ὑφιστάμενος
2685 3131 2822 3188 εἶναι
2858 3135 2948 3187 τὸν
2978 3133 3419 3205 θεολογούμενον,
3454 3136 3512 3188 ὲν
3550 3129 3627 3197 οἷς
3662 3150 3800 3203 φησιι

2270 3246 2288 3277 r
2316 3225 2405 3297 Τῷ
2442 3226 2600 3297 Λόγῳ
2629 3224 2833 3296 Κυρίου
2874 3227 2926 3280 οὶ
2956 3225 3174 3298 οὐρανοὶ
3207 3224 3636 3298 ἐστερεώθησαν.
3674 3245 3688 3276 ι
3718 3224 3805 3278 Καὶ

2258 3317 2488 3390 Σωτῆρα
2518 3317 2575 3369 δὲ
2624 3317 2713 3371 τὸν
2753 3316 2914 3371 αὐτὸν
2944 3315 3053 3369 τῶν
3084 3303 3355 3387 δεομένων
3378 3317 3479 3389 τῆς
3518 3316 3640 3388 παρ’
3668 3317 3804 3370 αὑτοῦ

2260 3411 2551 3482 θεραπείας
2583 3410 2815 3480 εἰσάγει,
2865 3410 3066 3478 λέγων·
3111 3427 3130 3460 ι
3183 3410 3499 3465 Ἀπέστειλε
3534 3412 3621 3464 τὸν
3662 3411 3804 3478 Λόγον

2256 3502 2443 3567 αὑτοῦ,
2512 3502 2606 3556 καὶ
2659 3502 2845 3556 ἰάσατο
2886 3500 3105 3564 αὐτούς.
3148 3521 3168 3552 ι
3207 3502 3317 3555 Καὶ
3346 3504 3376 3556 ὁ
3408 3502 3595 3556 τούτου
3618 3502 3670 3554 δὲ
3698 3503 3803 3564 παῖς

2256 3594 2391 3664 ἐμοῦ
2447 3595 2541 3647 καὶ
2585 3593 2825 3664 διάδοχος
2856 3592 3128 3664 Σολομὼν,
3154 3593 3332 3665 ἑτέρῳ
3360 3594 3697 3667 προσρήματι
3723 3595 3803 3662 τὴν

2256 3684 2426 3755 αὐτὴν
2460 3682 2731 3752 παριστὰς
2764 3683 3023 3747 διάνοιαν,
3064 3684 3185 3736 ἀντὶ
3210 3684 3387 3749 Λόγου
3428 3686 3621 3756 Σοφίαν
3641 3683 3800 3748 εἰπὼν,

2259 2676 2511 2748 δεύτερον
2548 2676 2638 2731 διά
2685 2676 2783 2746 τῆς
2826 2674 3084 2746 δευτέρας
3124 2674 3417 2745 ἀποφήνας
3457 2673 3807 2745 προσηγορίας.

2261 2772 2380 2824 Τίνι
2411 2769 2520 2842 γὰρ
2557 2769 2701 2841 ἄλλῳ
2727 2769 2885 2840 θέμις
2905 2770 3152 2823 ὑπονοεῖν
3183 2767 3253 2822 τὰ
3282 2767 3438 2834 δεξιά
3458 2766 3547 2821 διὰ
3563 2768 3656 2838 τῆς
3680 2769 3807 2837 ἀγενι

581 3225 755 3294 Quem
806 3227 950 3283 idem
1005 3227 1120 3297 ipse
1164 3228 1464 3297 propheta,
1520 3228 1742 3298 planius
1797 3226 1979 3281 adhuc
2026 3226 2156 3280 alibi

578 3316 755 3374 Patris
781 3316 1019 3372 Verbum
1049 3333 1172 3374 esse
1209 3319 1546 3387 pronuntiat,
1572 3318 1700 3372 dum
1735 3318 1887 3374 illum
1913 3318 2156 3373 universi

582 3408 890 3466 molitorem
954 3423 1077 3463 esse
1136 3416 1368 3475 testatur
1407 3426 1471 3463 ac
1509 3409 1683 3479 ponit,
1714 3427 1733 3461 ι
1772 3407 1974 3476 Verbo,
2016 3429 2034 3461 ι
2074 3410 2157 3464 in-

581 3503 797 3575 quiens,
825 3522 843 3553 ι
869 3500 1220 3558 Domitiicmli
1239 3503 1434 3556 firmati
1462 3510 1592 3557 sunt
1618 3503 1682 3557 ⁸⁸.
1708 3521 1727 3555 ι
1747 3501 1887 3569 Quin
1910 3503 2155 3558 omnium

583 3595 772 3657 etiam.
803 3593 924 3664 ejus
957 3609 1061 3665 ope
1088 3602 1144 3649 et
1176 3593 1465 3649 curatione
1489 3594 1876 3663 indigentium,
1904 3594 2157 3650 Servato-

584 3702 702 3743 rem
750 3687 903 3743 illum
947 3702 1072 3743 esse
1108 3685 1463 3754 confirmans,
1514 3704 1535 3739 ι
1575 3685 1742 3754 Misit,
1781 3687 1977 3758 inquit,
2022 3685 2157 3742 Vero

582 3778 712 3834 bum
754 3775 939 3847 Suum,
972 3787 1027 3834 et
1058 3777 1271 3834 sanavit
1297 3791 1390 3832 cos
1430 3779 1495 3832 ⁸³.
1540 3797 1560 3831 ι
1605 3777 1870 3833 Similiter
1907 3778 2151 3847 ejusdem

582 3871 728 3926 tilius
761 3871 928 3926 simul
975 3880 1138 3942 atque
1175 3885 1466 3926 successor
1510 3868 1791 3937 Salomon,
1829 3870 2151 3940 appellatio-

583 3978 656 4021 ne
683 3964 903 4035 quidem
943 3966 1073 4031 alia,
1114 3979 1276 4019 sensu
1311 3972 1490 4020 tamen
1536 3977 1764 4033 prorsus
1805 3963 2017 4027 eodem,
2058 3980 2155 4034 pro

581 4054 762 4112 Verbo
796 4040 1130 4127 Sapientiam
1164 4057 1478 4120 nominans,
1511 4056 1628 4112 haec
1655 4055 1802 4112 illius
1831 4072 1896 4111 ex
1923 4071 2151 4126 persona

578 4156 1009 4203 commemorat:
1064 4163 1083 4197 ι
1136 4146 1246 4215 Ego
1293 4144 1571 4216 Sapientia
1620 4145 1874 4201 habitans
1923 4147 1978 4200 in
2019 4162 2152 4202 con-

582 4239 724 4305 silio,
744 4245 798 4293 et
817 4237 1182 4308 cognitionem
1215 4247 1269 4292 et
1303 4238 1714 4309 intelligentiam
1747 4238 1998 4294 invocavi
2025 4240 2091 4292 ²⁰.
2128 4257 2147 4291 ι

584 4319 722 4386 Tum
746 4331 909 4400 paulo
938 4338 1062 4400 post
1093 4328 1167 4384 ita
1196 4331 1573 4400 prosequitur:
1600 4349 1619 4381 ι
1648 4331 1909 4386 Dominus
1951 4331 2153 4386 creavit

550 4435 669 4479 ,me
697 4419 915 4475 initium
952 4419 1165 4473 viarum
1202 4433 1424 4474 suarum
1459 4420 1512 4473 in
1541 4433 1707 4489 opera
1734 4434 1853 4474 sua.
1884 4419 2024 4475 Ante
2051 4434 2152 4487 sa:-

2255 3775 2382 3830 τάδε
2412 3776 2486 3839 ὡς
2509 3775 2569 3840 ἐξ
2597 3777 2768 3845 αὐτῆς
2797 3776 3087 3846 προσώπου
3122 3777 3374 3843 διέξεισιν
3393 3797 3409 3810 ·
3444 3799 3464 3833 ι
3517 3778 3649 3848 Ἐγὼ
3673 3780 3704 3849 ἡ
3726 3777 3804 3830 Σο-

2257 3868 2354 3936 φία
2406 3868 2799 3940 κατεσκήνωσα
2851 3868 3068 3939 βουλὴν,
3096 3871 3190 3923 καὶ
3231 3870 3459 3939 γνῶσιν,
3495 3871 3587 3927 καὶ
3626 3871 3800 3924 ἔννοιαν

2257 3958 2366 4029 ἐγὼ
2398 3958 2834 4031 ὲπεκαλεσάμην.
2880 3980 2898 4011 ι
2931 3958 3045 4015 Εἶθ’
3095 3961 3222 4034 ἑξῆς
3267 3964 3509 4034 ἐπιλέγει
3534 3981 3547 3995 ’
3578 3983 3596 4016 ι
3631 3962 3802 4034 Κύριος

2255 4048 2434 4105 ἔκτισε
2462 4066 2529 4120 με
2593 4050 2767 4122 ἀρχὴν
2804 4050 2940 4105 ὁδῶν
2985 4051 3151 4107 αὑτοῦ
3187 4055 3267 4118 εἱς
3315 4054 3456 4127 ἔργα
3489 4054 3663 4110 αὑτοῦ.
3708 4052 3801 4125 Πρὸ

2256 4140 2347 4193 τοῦ
2380 4139 2575 4203 αἰῶνος
2600 4141 2928 4212 ὲθεμελίωσέ
2963 4160 3050 4213 με,
3084 4145 3140 4196 ὲν
3173 4145 3312 4217 ἀρχῇ
3344 4148 3450 4217 πρὸ
3482 4145 3573 4200 τοῦ
3602 4146 3689 4217 τὴν
3717 4145 3800 4213 γῆν

2255 4233 2498 4303 ποιῆσαι,
2534 4232 2640 4304 πρὸ
2659 4233 2752 4288 τοῦ
2771 4234 2869 4306 ὄρη
2901 4234 3244 4306 ἑδρασθῆναι.
3264 4238 3378 4309 Πρὸ
3409 4239 3467 4293 δὲ
3490 4239 3692 4293 πάντων
3711 4235 3797 4288 τῶν

2256 4322 2459 4393 βουνῶν
2490 4324 2653 4394 γεννᾷ
2680 4341 2767 4395 με.
2798 4324 2988 4378 Ἦνίκα
3020 4327 3283 4398 ἡτοιμαξε
3308 4328 3399 4383 τὸν
3424 4328 3661 4402 οὐρανὸν,
3689 4342 3800 4393 συμ-

2256 4418 2518 4487 παρήμην
2547 4414 2716 4488 αὐτῷ.
2741 4437 2759 4467 ι
2792 4416 2898 4470 Τοῦ
2920 4417 2964 4471 δ’
3003 4417 3168 4472 αὑτοῦ
3212 4419 3371 4474 πάλιν
3414 4423 3508 4475 καὶ
3533 4420 3649 4475 τάδε
3670 4419 3792 4471 ἐστί·

574 4512 761 4568 culum
800 4510 1048 4566 fundavit
1074 4526 1183 4576 me,
1216 4510 1268 4565 in
1310 4487 1907 4582 principio—antequam
1950 4521 2148 4569 terram

2262 4528 2279 4560 ι
2325 4509 2383 4561 '0
2404 4508 2536 4572 Θεὸς
2557 4510 2614 4561 ὲν
2636 4511 2701 4580 τῇ
2735 4510 2906 4581 Σοφίᾳ
2949 4509 3275 4582 ἐθεμελίωσε
3303 4513 3403 4583 τὴν
3441 4514 3544 4586 γῆν
3563 4554 3577 4579 ,
3602 4510 3796 4583 ἡτοίμα-

574 4603 803 4671 faceret,
822 4614 1115 4674 antequam
1143 4614 1357 4659 montes
1373 4604 1772 4660 constitissent.
1798 4604 1937 4659 Ante
1958 4620 2149 4661 omnes

575 4697 743 4755 colies
786 4696 959 4766 gignit
994 4710 1098 4750 me.
1136 4692 1365 4761 Quando
1408 4695 1748 4765 pra-parabat
1789 4696 2012 4761 malum,
2047 4697 2145 4751 ad-

573 4804 722 4842 eram
748 4786 849 4857 ipsi
867 4786 933 4841 ²¹.
979 4804 997 4837 ι
1040 4785 1296 4855 Ejusdem
1330 4801 1546 4856 quoque
1586 4792 1734 4853 sunt,
1759 4802 1881 4856 qua:
1906 4802 2146 4856 sequun—

575 4891 701 4944 tur,
755 4899 775 4931 ι
816 4878 959 4934 Deus
1010 4880 1062 4932 in
1112 4876 1390 4949 Sapientia
1445 4877 1695 4934 fundavit
1731 4887 1956 4946 terram,
2003 4894 2143 4948 pra:-

2260 4619 2348 4656 σεν
2399 4603 2659 4675 οὐρανοὺς
2726 4603 2784 4655 ὲν
2831 4604 3107 4674 φρονήσει.
3157 4623 3175 4656 ι
3222 4605 3343 4659 Ἔτι
3381 4606 3437 4660 δὲ
3466 4607 3586 4661 τάδε
3610 4605 3793 4673 λέγεται

2256 4690 2499 4747 εἶναιτοῦ
2536 4690 2701 4746 αὐτοῦ
2726 4708 2739 4721 ·
2772 4710 2791 4742 ι
2827 4692 2937 4744 Καὶ
2964 4691 3064 4744 ὅσα
3099 4690 3217 4745 ἐστὶ
3250 4693 3467 4763 κρυπτὰ
3499 4688 3793 4763 καὶέμφανῆ

2254 4783 2422 4851 ἔγνων
2449 4799 2462 4812 ο
2488 4784 2650 4853 ἡγὰρ
2667 4781 2883 4836 πάντων
2904 4784 3138 4853 τεχνῖτις
3165 4782 3370 4848 ἐδίδαξε
3391 4802 3458 4856 με
3477 4784 3655 4856 Σοφία.
3669 4799 3686 4832 ι
3700 4778 3792 4833 Εἶτ’

2252 4874 2490 4943 ἐπιλέγει
2513 4891 2527 4904 ο
2560 4894 2577 4924 r
2620 4873 2684 4926 Τί
2706 4873 2751 4926 δ’
2777 4872 2895 4926 ἐστὶ
2918 4873 3107 4943 Σοφία,
3127 4874 3222 4928 καὶ
3244 4874 3362 4939 πῶς
3389 4877 3635 4946 ὲγένετος
3674 4867 3792 4939 Ἐγὼ

572 4972 783 5047 paravit
831 4972 998 5027 caelos
1051 4971 1104 5024 in
1162 4971 1491 5041 prudentia;
1555 4989 1574 5024 ι
1632 4979 1747 5026 tum
1801 4970 1964 5025 etiam
2016 4971 2139 5036 ista,

2259 4964 2566 5034 ὶπαγγελῶ,
2600 4965 2694 5023 καὶ
2741 4963 2842 5016 οὐκ
2883 4963 3189 5039 ἀποκρύψω
3227 4965 3355 5035 ὑμῖν
3383 4968 3665 5040 μυστήρια,
3696 4958 3790 5016 ἀλλ’

512 5086 525 5097 ·
579 5084 601 5119 r
638 5063 831 5122 Omnia
861 5064 1070 5119 occulta
1103 5074 1159 5118 et
1188 5075 1371 5137 aperta
1406 5063 1568 5117 novi:
1604 5062 1851 5117 omnium
1880 5062 2025 5117 enim
2061 5079 2144 5118 ar-

2259 5057 2307 5123 ὲξ
2339 5061 2515 5128 ἀρχῆς
2551 5056 2819 5129 γενέσεως
2874 5055 3179 5127 ἐξιχνιάσω.
3215 5077 3233 5108 ι
3273 5059 3384 5113 Καὶ
3426 5059 3554 5131 ἑξῆς
3574 5053 3790 5122 διασαφεί

571 5155 704 5213 tifex
748 5154 934 5210 docuit
981 5168 1068 5209 me
1097 5152 1373 5224 Sapientia
1403 5153 1469 5206 υ.
1527 5171 1546 5204 ι
1600 5150 1812 5218 Quibus
1857 5152 2138 5223 sequentia

2259 5150 2310 5204 τὰ
2336 5150 2514 5205 τοιάδε
2535 5166 2550 5182 ο
2588 5170 2608 5203 ι
2643 5149 2798 5203 Ἐστι
2848 5148 2957 5220 γὰρ
2986 5147 3122 5220 αὕτη
3154 5149 3372 5223 πνεῦμα
3397 5153 3596 5225 νοερὸν,
3638 5149 3786 5217 ἅγιον,

570 5247 828 5316 deinceps
868 5245 1153 5315 adjungit,
1199 5263 1218 5295 ι
1267 5244 1409 5311 Quid
1441 5251 1621 5298 autem
1649 5252 1735 5298 est
1772 5242 2049 5313 Sapientia
2084 5252 2139 5299 et

2259 5240 2552 5308 ιονογενὲς,
2610 5239 2934 5311 πολυμερὲς,
2990 5240 3204 5307 λεπτὸν,
3235 5240 3516 5314 εὐκίνητον
3539 5283 3553 5309 ,
3600 5235 3783 5312 τρανὸνν

570 5339 849 5410 quomodo
873 5338 1057 5408 genita
1101 5337 1223 5393 est?
1250 5334 1365 5406 Ego
1400 5334 1636 5390 referam
1675 5342 1729 5389 et
1773 5349 1881 5390 non
1911 5347 2141 5389 abscon-

2259 5331 2566 5402 Ξιμόλυντον,
2619 5329 3043 5402 παντοδύναμον,
3101 5318 3527 5398 πανεπίσκοπον,
3587 5330 3673 5386 καὶ
3714 5324 3787 5380 διὰ

566 5428 694 5486 dam
742 5445 772 5484 a
806 5428 961 5485 vobis
1006 5436 1371 5489 sacramenta,
1408 5427 1503 5482 sed
1539 5426 1608 5480 ab
1656 5425 1812 5480 initio
1839 5425 2143 5481 nativitatis

2259 5422 2465 5476 πάντων
2490 5420 2699 5494 χωροῦν
2732 5420 3055 5492 πνευμάτων
3078 5424 3298 5496 νοερῶν,
3328 5425 3598 5499 καθαρῶν,
3625 5424 3787 5477 λεπτο-

568 5522 907 5593 investigabo
936 5522 1001 5576 ".
1061 5541 1079 5573 ι
1134 5520 1336 5576 Deinde
1394 5535 1505 5574 rem
1559 5519 1839 5574 illustrans
1899 5518 2143 5582 uberius,

2259 5516 2441 5570 τάτων.
2512 5516 2697 5585 Πάσης
2750 5515 2857 5587 γὰρ
2893 5517 3157 5587 κινήσεως
3195 5518 3607 5592 κινητικώτερον
3625 5512 3784 5583 Σοφίαο

638 5641 677 5671 ¹¹
698 5638 830 5694 Deut
870 5640 1107 5703 xxxn,7.
1169 5640 1209 5670 "
1230 5638 1368 5691 Psal.
1396 5635 1625 5701 xxx,29.
1704 5635 1750 5667 "
1769 5635 1922 5690 Deut.
1953 5634 2139 5697 xum.
2221 5632 2389 5688 “Jac.
2410 5635 2553 5693 tv,8.
2630 5632 2786 5688 “’Job
2816 5650 2905 5697 Χῖ,
2938 5633 3299 5695 ’5.δοε.ιΧΧ.
3378 5638 3422 5669 ¹⁶
3442 5637 3574 5692 Gen.
3593 5628 3780 5703 magi.

567 5707 905 5781 "Psal.c1x,
946 5713 992 5771 l.
1028 5699 1033 5703 ’
1076 5712 1116 5742 ¹³
1142 5709 1286 5766 Psal.
1311 5724 1482 5775 xxxii,
1509 5699 1562 5764 6.
1644 5706 2071 5777 "Psal.cv|,‘20.
2153 5706 2196 5739 ²⁰
2215 5703 2374 5765 Prov.
2398 5703 2619 5771 vm,l.2.
2699 5705 2738 5735 ²¹
2772 5703 2899 5761 ibid.
2940 5704 3029 5762 2‘2.
3110 5707 3325 5781 “ibid...
3379 5708 3424 5740 ³³
3465 5710 3671 5781 53pm,
3703 5699 3781 5757 ει.
