4042 6384
222 353 327 411 885
1403 371 1719 429 PRA'JPAB.
1762 375 2011 431 EVANG.
2057 375 2181 431 ue.
2215 374 2303 429 XI.
3401 371 3505 430 sse

215 480 406 549 Διήκει
434 480 494 533 δὲ
539 485 641 536 καὶ
677 494 844 559 χωρεῖ
870 491 960 545 διὰ
982 494 1198 548 πάντων
1225 497 1310 550 διὰ
1332 496 1426 568 τὴν
1463 498 1800 569 καθαρότητα

1937 519 1954 549 ι
2003 499 2095 554 Est
2147 500 2315 561 enim,
2367 498 2574 568 inquit,
2629 499 2744 567 ipsa
2805 497 3042 569 Spiritus
3093 494 3503 567 intelligentiae,

227 571 426 643 ’Ᾱτμὶς
457 579 577 647 γάρ
618 582 740 633 ἐστι
763 584 860 654 τῆς
910 586 1002 640 τοῦ
1034 587 1168 640 Θεοῦ
1201 589 1500 661 δυνάμεως,
1543 593 1635 644 καὶ
1659 591 1798 662 amp

1935 601 2183 657 sanctus,
2218 591 2552 662 unigenitus,
2593 591 2897 661 multiplex,
2949 590 3200 653 subtilis,
3249 587 3503 654 mobilis,

215 666 336 734 ροιει
377 665 480 734 τῆς
530 671 638 723 τοῦ
681 672 1127 749 Παντοκράτορος
1176 680 1333 752 δόξης
1381 682 1696 754 εἰλικρινής.
1730 687 1800 736 Διί

1934 682 2198 749 disertus,
2234 683 2706 753 incoinquinatus,
2737 698 2955 738 omnem
2987 683 3195 737 habens
3221 681 3501 747 virtutem,

213 753 371 808 τοῦτο
424 757 596 812 οὐδὲν
659 767 1064 838 μεμολυσμένον
1101 771 1181 834 είς
1221 772 1387 844 αὐτὴν
1427 775 1800 845 παρεμπίπτει

1934 775 2118 828 omnia
2150 775 2508 844 prospiciens,
2547 791 2738 831 omnes
2785 790 3074 845 permeans
3118 774 3373 845 spiritus,
3419 773 3504 828 in-

222 845 618 920 ’Λπαύγασμα
675 855 784 928 γάρ
838 859 952 911 ἐστι
991 861 1164 928 φωτὸς
1193 862 1392 927 ἀϊδίου,
1428 865 1522 918 καὶ
1566 864 1800 936 έσοπτρο·

1933 865 2254 934 telligibiles,
2278 881 2466 935 puros,
2489 866 2839 922 tenuissimos
2861 885 2873 920 :
2897 864 3054 937 533
3078 865 3336 928 omnibus
3355 864 3502 919 enim

208 937 562 1009 ἀκηλίδιιντον
605 947 710 1018 τῆς
742 950 834 1002 τοῦ
883 951 1016 1005 Θεοῦ
1061 955 1360 1023 ἐνεργείας,
1408 957 1502 1011 καὶ
1545 958 1705 1010 εἰκὼν
1729 958 1795 1028 τῆ

1929 955 2226 1010 mobilibus
2263 957 2518 1011 mobilior
2544 967 2628 1012 est
2663 955 2979 1026 Sapientia:
3028 964 3276 1026 penetrat
3319 965 3503 1010 autem

213 1031 570 1103 ἀγαθότητος
597 1039 786 1092 αὑτοῦ.
837 1062 921 1092 ι-
941 1062 958 1094 ‹
995 1046 1254 1099 Διατείνει
1292 1047 1347 1100 δὲ
1371 1048 1477 1101 ἀπὸ
1502 1048 1732 1121 πέρατος
1751 1050 1796 1101 εί

1928 1065 1993 1104 ac
2030 1049 2272 1119 pervadit
2323 1050 2508 1103 omnia
2553 1059 2773 1119 propter
2803 1065 2958 1104 suam
3000 1050 3353 1110 munditiam.
3396 1047 3502 1101 Va-

211 1123 385 1196 πέρας
426 1128 764 1200 εὐρώστως,
792 1137 883 1188 καὶ
909 1137 1188 1192 διοικεῖται
1214 1140 1282 1193 τὰ
1304 1141 1479 1195 πάντα
1504 1141 1774 1213 χρηστῶς.

1929 1155 2027 1209 por
2058 1142 2315 1196 est-enim
2359 1142 2576 1198 virtutis
2600 1143 2713 1206 Dei,
2749 1152 2803 1198 et
2833 1143 3110 1198 emanatio
3141 1145 3390 1213 quaedam
3418 1157 3502 1198 est

210 1215 398 1271 Ταῦτα
420 1220 530 1290 μὲν
565 1224 603 1292 ἡ
642 1225 679 1276 Γ
683 1229 852 1298 pater].
873 1229 981 1301 Τὴν
1005 1229 1060 1282 δὲ
1089 1230 1172 1284 διὰ
1197 1232 1286 1284 τοῦ
1305 1232 1566 1304 δόγματος
1594 1233 1800 1286 διάνοιαί

1929 1228 2329 1300 On'inipotentis
2363 1233 2551 1304 gloriae
2591 1235 2824 1289 sincera.
2865 1233 2929 1288 Et
2971 1234 3092 1289 ideo
3135 1233 3268 1288 nihil
3314 1233 3496 1304 inqui-

206 1307 378 1361 Φίλων
414 1312 446 1362 ό
491 1313 761 1386 Ἐϐραῖος
793 1318 1102 1392 λευκότερον
1134 1322 1448 1393 ἑρμηνεύων
1486 1322 1633 1376 τόνδε
1665 1323 1800 1395 παρί

1931 1331 2122 1376 natum
2181 1324 2234 1377 in
2293 1339 2412 1379 eam
2474 1325 2724 1379 incurrit.
2771 1326 2985 1379 Candor
3036 1334 3120 1378 est
3165 1326 3308 1379 enim
3361 1324 3500 1380 lucis

209 1414 367 1472 στησι
405 1402 502 1455 τὸν
527 1405 762 1476 τρόπον.

1930 1423 2166 1480 acterna),
2199 1425 2252 1471 et
2294 1418 2575 1487 speculum
2617 1417 2737 1472 sine
2768 1417 2978 1471 macula
3016 1415 3110 1472 Dei
3140 1414 3500 1483 efﬁcacitatis,

204 1496 260 1545 et
283 1490 476 1562 imago
528 1495 800 1555 bonitatis
835 1500 978 1558 illius
999 1503 1066 1556 ".
1105 1521 1122 1553 ι
1177 1536 1219 1543 ο-
1255 1522 1271 1555 ι
1302 1504 1526 1576 Attingit
1556 1514 1734 1558 autem
1770 1521 1798 1558 a
1829 1504 1933 1558 ﬁne
1973 1522 2145 1577 usque
2181 1508 2247 1563 ad
2290 1510 2451 1564 linem
2485 1508 2717 1572 fortiter,
2749 1519 2803 1564 et
2822 1510 3059 1578 disponit
3093 1510 3276 1565 omnia
3313 1511 3499 1564 suavi-

207 1591 290 1638 ter
316 1585 386 1638 ”.
438 1607 458 1638 ι
516 1587 658 1648 llam
711 1592 1012 1664 Scriptura.
1068 1596 1239 1668 Cujus
1286 1601 1505 1669 quidem
1563 1600 1822 1656 doctrinae
1861 1617 2081 1658 sensum
2143 1603 2300 1659 Philo
2360 1603 2618 1660 Hebraeus
2655 1620 2950 1675 exponens,
3012 1605 3213 1660 clarius
3255 1605 3400 1660 hunc
3443 1607 3497 1660 in

209 1683 438 1738 modum
479 1686 879 1763 illustriusque
918 1708 1288 1766 repraesentat.

752 1789 1147 1846 ΚΕΦΑΛΑΙΟΝ
1195 1796 1294 1848 ΙΕ’.

453 1877 740 1946 Φίλωνος
768 1883 902 1952 περὶ
930 1885 1034 1939 τοῦ
1063 1885 1345 1957 δευτέρου
1371 1891 1580 1944 αἰτίου.

285 1981 302 2013 ι
331 1965 641 2038 Εῦπρεπὲς
661 1972 767 2043 (76)
795 1974 902 2046 γὰρ
927 1980 1038 2042 τοῖς
1071 1981 1314 2052 ἑταιρίαν
1342 1982 1476 2050 πρὸς
1505 1983 1814 2053 ἐπιστήμην

212 2053 462 2124 θεμένοις
498 2060 756 2129 ἐφίεσθαι
793 2066 891 2135 μὲν
924 2068 1017 2121 τοῦ
1053 2070 1114 2123 τὸ
1162 2071 1219 2124 ὃν
1256 2072 1409 2126 ἰδεῖν·
1448 2075 1495 2126 εἰ
1535 2073 1591 2126 δὲ
1622 2074 1694 2145 μὴ
1726 2073 1814 2126 δύ-

211 2164 408 2213 ναιντο,
434 2150 544 2222 τὴν
581 2154 716 2223 γοῦν
745 2157 930 2212 εἰκόνα
964 2161 1128 2215 αὐτοῦ
1147 2164 1239 2216 τὸν
1270 2164 1555 2236 ἱερώτατον
1585 2165 1807 2235 Λόγον.»

224 2238 306 2289 Ἐν
339 2239 422 2310 τῷ
453 2241 502 2293 δ’
537 2244 693 2316 αὐτῷ
743 2251 1131 2322 συγγράμματι
1160 2255 1254 2309 καὶ
1281 2255 1405 2308 τάδε
1435 2258 1600 2328 φησί’
1638 2276 1654 2308 ι
1696 2257 1812 2310 Κᾶν

217 2330 439 2399 μηδέπω
513 2335 706 2404 μέντοι
763 2343 1000 2413 τυγχάνῃ
1050 2362 1134 2408 τις
1187 2346 1480 2419 ἀξιόχρεως
1519 2348 1630 2412 υἱὸς
1676 2347 1810 2401 Θεοῦ

213 2429 755 2500 προσαγορεύεσθαι,
805 2436 1156 2502 σπουδαζέτω
1190 2442 1510 2512 κοσμεῖσθαι
1552 2442 1690 2496 κατὰ
1722 2443 1812 2496 τὸν

213 2519 566 2589 πρωτόγονον
605 2525 768 2578 αὐτοῦ
801 2527 993 2596 Λόγον,
1032 2530 1122 2583 τὸν
1154 2533 1397 2602 ἀγγέλων
1420 2534 1808 2604 πρεσϐύτατον,

214 2609 303 2662 καὶ
327 2610 401 2674 ὡς
433 2611 508 2664 ἂν
568 2615 906 2686 ἀρχάγγελον
952 2620 1302 2693 πολυώνυμον
1336 2623 1664 2696 ὑπάρχοντα.
1701 2627 1810 2679 Καὶ

213 2701 317 2773 γὰρ
379 2705 555 2776 ἀρχὴ,
593 2708 688 2761 καὶ
718 2709 885 2781 ὄνομα
901 2712 1056 2776 Θεοῦ,
1081 2716 1174 2768 καὶ
1192 2715 1382 2784 Λόγος,
1417 2719 1509 2770 καὶ
1534 2719 1562 2769 ὁ
1589 2720 1705 2770 κατ’
1736 2721 1809 2770 εἰ-

216 2793 339 2847 κόνα
379 2794 700 2868 ἄνθρωπος,
734 2803 826 2855 καὶ
855 2805 884 2856 ὁ
905 2805 1294 2879 όρῶνἸσραὴλ,
1323 2811 1806 2881 προσαγορεύεται.

222 2884 299 2938 te
331 2889 631 2962 προήχθην
665 2892 828 2964 ὀλίγῳ
874 2897 1132 2970 πρότερον
1173 2902 1453 2956 ἐπαινέσαι
1479 2903 1575 2967 τὰς
1609 2904 1807 2976 ἀρετὰς

216 2979 317 3031 τῶν
344 2983 678 3048 φασκόντων
709 2987 791 3040 ὅτι
821 2989 1019 3054 πάντες
1041 2993 1206 3061 ἐσμὲν
1229 2979 1336 3046 υἱοῖ
1356 2995 1474 3059 ἐνὸς
1494 2995 1803 3067 ἀνθρώπου.

219 3072 320 3124 Καὶ
344 3074 457 3147 γὰρ
478 3077 536 3129 εἰ
583 3077 750 3149 μήπω
793 3081 968 3134 ἱκανοὶ
990 3083 1122 3135 Θεοῦ
1148 3085 1334 3149 παῖδες
1374 3087 1687 3158 νομίζεσθαι
1715 3105 1806 3157 γε-

2512 1790 2740 1846 CAPUT
2788 1790 2904 1844 XV.

2198 1883 2275 1939 De
2309 1885 2537 1940 secundo
2573 1886 2858 1954 principio,
2895 1899 2958 1939 ea:
2990 1884 3226 1939 Philone.

1997 2017 2014 2048 ι
2052 1997 2216 2055 Decet
2245 2001 2413 2068 enim,
2446 2001 2644 2072 inquit,
2686 2018 2812 2066 eos,
2857 2003 2947 2072 qui
2985 2019 3107 2056 cum
3140 2002 3364 2057 scientia
3406 2015 3496 2056 so-

1921 2090 2169 2146 cietatem
2211 2094 2454 2150 inierunt
2494 2095 2614 2165 ejus
2648 2095 2794 2166 quod
2841 2105 2943 2162 est,
2979 2096 3196 2151 vivendi
3227 2096 3495 2151 desiderio

1924 2185 2136 2251 teneri;
2179 2195 2294 2254 aut,
2343 2188 2388 2244 si
2421 2190 2604 2245 minus
2651 2190 2702 2244 id
2735 2189 2967 2259 possint,
2993 2187 3111 2258 ejus
3138 2189 3327 2244 saltem
3361 2189 3496 2242 ima-

1921 2275 2082 2344 ginis,
2126 2279 2230 2334 lioc
2275 2290 2359 2336 est
2397 2282 2754 2338 sacratissimi
2805 2281 2986 2339 Verbi.
3039 2303 3056 2336 ι
3108 2282 3261 2350 Quod
3304 2284 3492 2339 eodem

1920 2370 2080 2434 libro,
2136 2371 2252 2426 haec
2312 2374 2498 2436 etiam,
2555 2391 2678 2445 qua:
2723 2387 3043 2446 sequuntur,
3085 2379 3288 2431 habet:
3346 2397 3362 2428 ι
3424 2375 3493 2433 Ut

1920 2461 2052 2532 quis
2087 2463 2272 2519 minus
2301 2465 2479 2520 adhuc
2507 2465 2629 2520 Filii
2654 2467 2744 2522 Dei
2766 2469 3122 2538 appellatione
3150 2469 3344 2538 dignus
3374 2467 3492 2524 fue—

1920 2555 2006 2620 rit,
2042 2570 2100 2611 se
2144 2556 2322 2625 ipsum
2374 2566 2555 2612 tamen
2589 2559 2654 2613 ad
2687 2547 3110 2631 primogenitum
3161 2561 3306 2616 illius
3357 2559 3493 2616 Ver-

1918 2648 2068 2712 bum,
2108 2651 2203 2720 qui
2245 2651 2563 2721 angelorum
2603 2653 3044 2722 antiquissimus,
3093 2671 3157 2710 ac
3201 2658 3362 2710 veluti
3399 2672 3490 2710 ar—

1916 2740 2217 2811 ehangelus
2259 2743 2514 2812 plurimis
2564 2745 2882 2800 nominibus
2922 2747 3154 2816 insignis
3202 2757 3304 2813 est,
3353 2763 3488 2802 con-

1916 2831 2152 2887 formare
2193 2844 2441 2889 conetur.
2482 2833 2693 2889 Etenim
2735 2837 3083 2907 principium,
3127 2837 3220 2893 Dei
3256 2837 3484 2901 Nomen,

1917 2921 2184 2992 Verbum,
2231 2923 2404 2981 llomo
2465 2929 2766 2983 secundum
2819 2930 3147 3000 imaginem,
3201 2939 3254 2986 et
3302 2931 3488 2986 videns

1915 3013 2076 3069 Israel
2128 3019 2450 3086 appellatur.
2516 3020 2702 3091 Itaque
2782 3021 2850 3076 ad
2894 3021 3248 3080 celebrandas
3295 3038 3484 3078 eorum

1912 3104 2140 3160 virtutes
2172 3109 2334 3176 paulo
2361 3118 2488 3164 ante
2529 3120 2810 3180 permotus
2842 3128 2986 3176 sum,
3033 3114 3127 3184 qui
3162 3129 3262 3169 nos
3295 3128 3486 3168 omnes

218 3164 474 3236 γόναμεν,
512 3168 654 3226 ἀλλά
697 3188 777 3224 τοι
821 3173 921 3242 τῆς
946 3175 1156 3240 ἀειδοῦς
1199 3179 1406 3243 εἰκόνος
1435 3181 1598 3234 αὑτοῦ
1631 3182 1800 3252 Λόγου

2172 3164 2188 3176 .
2530 3164 2548 3180 .
2673 3164 2805 3168 qm-
3040 3164 3126 3184 1--
3163 3164 3260 3169 ---τ

1913 3195 2151 3252 hominis
2204 3200 2366 3254 unius
2418 3201 2559 3257 ﬁlios
2609 3218 2732 3258 esse
2783 3204 2992 3259 dicunt.
3056 3203 3191 3258 Nam
3243 3214 3303 3260 ut
3352 3220 3487 3259 non-

215 3257 302 3310 τοῦ
335 3261 646 3330 ἱερωτάτου
667 3281 680 3293 ·
737 3261 872 3319 Θεοῦ
921 3267 1028 3338 γὰρ
1060 3269 1223 3323 εἰκὼν
1257 3273 1427 3341 Λόγος
1446 3276 1474 3327 ὁ
1503 3275 1806 3345 πρεσϐύτα-

221 3356 324 3403 τος.
360 3363 376 3392 ι
428 3347 552 3399 Καὶ
595 3350 754 3403 πάλιν
801 3353 1071 3421 ἐπιλέγει·
1127 3377 1144 3406 ι
1188 3360 1429 3414 Ἤκουσα
1473 3365 1650 3434 μέντοι
1705 3366 1794 3418 καὶ

221 3430 323 3483 τῶν
355 3435 612 3500 Μωσέως
644 3439 872 3511 ἑταίρων
911 3444 1053 3504 τινὸς
1091 3447 1571 3522 ἀποφθεγξαμένου
1597 3455 1792 3509 τοιόνδε

217 3521 388 3590 λόγιον
413 3541 426 3554 ·
470 3528 614 3583 Ἰδοὺ
655 3529 935 3601 ἄνθρωπος
1060 3536 1228 3606 ὄνομα
1277 3521 1553 3613 Ἀνατολή.
1594 3547 1792 3599 Καινο-

214 3618 340 3690 τάτη
376 3624 709 3696 πρόσρησις,
739 3628 835 3681 ἐάν
882 3646 944 3696 γε
978 3629 1066 3682 τὸν
1098 3632 1160 3683 ἐκ
1211 3633 1460 3704 σώματος
1494 3638 1587 3690 καὶ
1624 3638 1802 3709 ψυχῆς

215 3715 530 3768 συνεστῶτα
575 3717 825 3786 λέγεσθαι
871 3721 1127 3792 νομίσῃς’
1167 3722 1261 3775 ἐὰν
1300 3723 1355 3776 δὲ
1389 3727 1479 3778 τὸν
1514 3726 1800 3798 ἀσώματον
1845 3730 1847 3733 ’

217 3801 414 3858 ἐκεῖνον
444 3805 604 3861 Θείαν
642 3809 785 3864 ἰδέαν
833 3811 1120 3882 φοροῦντα,
1182 3815 1379 3879 ἱκανῶς
1424 3817 1794 3890 ὁμολογήσεις,

219 3895 293 3949 δτι
340 3899 783 3956 εὐθυϐολὼτατον
822 3903 992 3974 ὄνομα
1045 3907 1391 3980 έπεφημίσθη
1432 3909 1491 3962 τὸ
1555 3911 1795 3984 Λνατολὴ

221 3989 377 4060 αὐτῷ.
406 3991 614 4047 Τοῦτον
648 3996 744 4064 μὲν
779 3995 884 4068 γὰρ
917 3997 1290 4068 πρεσϐύτατον
1319 4002 1444 4054 Υἱὸν
1467 4005 1494 4056 ό
1527 4003 1633 4059 τῶν
1661 4005 1796 4058 ὅλων

221 4082 452 4139 ἀνέτειλε
501 4086 710 4158 Πατὴρ,
746 4087 804 4140 ὃν
852 4089 1076 4159 ἑτέρωθι
1129 4092 1477 4163 Πρωτόγονον
1524 4097 1789 4168 ὠνόμασε.

221 4175 320 4229 Καὶ
351 4178 380 4229 ὁ
412 4179 700 4249 γεννηθεὶς
729 4181 931 4252 μέντοι,
975 4183 1309 4254 μιμούμενος
1336 4186 1432 4250 τὰς
1457 4187 1550 4240 τοῦ
1584 4190 1793 4260 Πατρός

218 4266 378 4332 ὁδοὺς,
392 4271 530 4342 πρὸς
546 4289 621 4325 πα
627 4272 809 4343 ραδείν
818 4291 959 4346 ματα
970 4275 1248 4346 ἀρχέτυπα
1260 4279 1328 4332 τὰ
1341 4281 1546 4335 ἐκείνου
1559 4283 1790 4353 βλέπων,

219 4356 451 4430 ὲμόρφου
478 4362 546 4417 τὰ
580 4363 715 4435 εἴδη.
756 4391 773 4416 ο
811 4364 996 4419 Ταῦτά
1025 4385 1112 4437 μοι
1146 4370 1254 4422 ἀπὸ
1281 4371 1374 4424 τοῦ
1421 4373 1670 4446 Ἑϐραίου
1698 4377 1791 4429 Φί-

217 4446 372 4538 λωνος
405 4455 645 4509 ἐνταῦθα
681 4457 904 4522 κείσθω,
941 4458 1215 4530 ληφθέντα
1244 4465 1307 4516 ὲκ
1341 4466 1788 4538 συγγράμματος,

219 4531 261 4607 ᾧ
306 4545 546 4599 τέθειται
599 4549 900 4620 ἐπιγραφὴ,
964 4552 1100 4618 Περί
1138 4553 1246 4606 τοῦ
1288 4556 1355 4609 τὸ
1396 4531 1793 4627 gemui/am};
1829 4535 1869 4586 Β

220 4635 504 4698 κρείττονι
533 4637 646 4708 (77)
680 4639 880 4708 φιλεῖν
907 4642 1296 4700 ἐπιτίθεσθαι.
1326 4647 1460 4720 Ἤδη
1485 4648 1541 4702 δέ
1579 4667 1666 4720 μοι
1703 4653 1796 4704 καὶ

219 4720 394 4778 ἄλλοτε
449 4726 518 4780 τὰ
561 4729 658 4798 τῆς
724 4729 832 4783 τῶν
880 4731 1124 4786 παλαιῶν
1196 4735 1462 4808 Ἐϐραίων
1517 4742 1796 4806 εὐσεϐείας

217 4811 450 4886 δόγματα
477 4821 842 4893 παραθεμένῳ
869 4826 925 4877 ἐν
947 4828 1056 4889 τοῖς
1086 4827 1181 4897 τῆς
1209 4830 1617 4900 Εὐαγγελικῆς
1646 4839 1792 4904 Προ-

222 4910 620 4979 παρασκευῆς,
647 4915 741 4967 καὶ
764 4914 832 4968 τὰ
868 4917 993 4986 περὶ
1033 4917 1125 4969 τοῦ
1174 4918 1426 4992 δευτέρου
1461 4923 1630 4976 αἰτίου
1660 4926 1793 4978 διεί-

219 4993 406 5070 ληπται
464 5004 772 5076 αὐτάρκως,
825 5010 908 5078 ἐφ’
962 5009 996 5062 ἃ
1052 5011 1144 5063 καὶ
1179 5011 1274 5064 νῦν
1317 5015 1441 5078 τοὺς
1471 5015 1787 5088 φιλομαθεῖς

219 5085 533 5164 ἀναπέμψω.
574 5098 852 5152 Τοσούτων
889 5099 982 5154 οὖν
1026 5104 1155 5174 παρ’
1191 5103 1482 5176 Ἑϐραίοις,
1514 5109 1605 5161 καὶ
1636 5110 1783 5163 τόνδε

218 5181 300 5236 τὸν
327 5188 520 5260 τρόπον
555 5193 682 5264 περὶ
707 5194 798 5247 τοῦ
827 5195 1076 5267 δευτέρου
1109 5197 1216 5249 τῶν
1245 5197 1380 5251 ὅλων
1413 5201 1585 5254 αἰτίου
1606 5203 1782 5255 τεθεο-

217 5272 540 5352 λογημένων,
594 5286 780 5358 καιρὸς
825 5289 924 5360 ήδη
974 5291 1067 5343 καὶ
1124 5291 1216 5343 τοῦ
1273 5291 1556 5356 Πλάτωνος
1600 5297 1656 5348 ἐν
1705 5296 1782 5366 τῷ

231 5366 557 5446 Ἐπιμενίδῃ
581 5377 693 5448 (78)
717 5379 839 5432 τάδε
873 5379 1120 5449 λέγοντος
1160 5383 1480 5436 ἐπακοῦσαι.

279 5506 326 5542 ⁸⁸
355 5511 480 5581 Bap.
517 5531 613 5583 vn,
651 5517 741 5573 22.
818 5519 863 5550 ’⁵
887 5518 1013 5590 Sap.
1048 5536 1168 5584 vm,
1208 5521 1260 5576 1.
1339 5522 1569 5578 “Zach.
1612 5542 1684 5589 Vl,
1727 5528 1812 5584 l2.

285 5620 390 5692 (76)
437 5627 766 5694 Εὐπρεπές.
811 5628 1060 5686 Nondum
1105 5635 1343 5688 occurrit
1394 5635 1482 5690 hic
1531 5636 1776 5693 Philonis

224 5685 937 5777 locus'nlfrotit'etur_qui(leni
975 5685 1243 5777 Eusebius
1276 5706 1466 5774 pagina
1515 5724 1628 5777 seq.
1661 5709 1776 5763 luce

223 5763 356 5838 apud
385 5764 658 5838 Philonem
705 5763 909 5832 haberi,
945 5788 1009 5823 eo
1043 5773 1095 5825 in
1130 5774 1221 5825 lih.
1251 5763 1607 5829 c'uivtitulumr
1633 5779 1776 5831 fece-

222 5836 298 5899 rit,
329 5836 457 5904 Περὶ
497 5838 600 5891 τοῦ
624 5838 825 5907 χεῖρον
858 5841 934 5907 τῷ
963 5843 1248 5910 κρείττονι
1293 5847 1490 5913 φιλεῖν
1522 5848 1774 5903 ἐπιτίθε-

1911 3286 2040 3340 dum
2073 3287 2248 3344 idonei
2289 3289 2498 3358 simus,
2545 3294 2638 3363 qui
2686 3311 2785 3365 pro
2815 3294 2910 3350 Dei
2946 3295 3130 3351 liberis
3164 3296 3483 3358 habeamur,

1911 3379 2032 3445 ejus
2060 3379 2280 3448 quidem
2328 3382 2583 3454 imaginis
2625 3400 2846 3441 sensum
2884 3400 3099 3440 onmem
3146 3387 3482 3456 superantis,

1911 3466 2094 3536 Verbi,
2142 3470 2405 3541 inquam,
2455 3475 2813 3531 sacratissimi
2843 3493 2963 3533 esse
3021 3495 3339 3549 possumus.
3386 3479 3480 3534 Dei

1907 3559 2053 3615 enim
2108 3561 2288 3633 imago
2344 3561 2582 3619 Verbum
2651 3566 2754 3620 hoc
2808 3568 3251 3637 antiquissimum
3298 3579 3400 3623 est.
3455 3586 3476 3621 ι

1909 3646 2046 3706 Tum
2063 3653 2181 3707 ‘ista
2206 3654 2522 3726 subjungit:
2562 3675 2580 3708 ‹
2617 3655 2757 3722 Quin
2787 3659 2950 3713 etiam
2986 3661 3054 3716 ab
3091 3661 3243 3716 socio
3274 3662 3482 3734 Moysis

1908 3744 2092 3814 aliquo
2134 3745 2408 3817 ejusmodi
2443 3750 2854 3820 pronuntiatum
2899 3767 3020 3807 esse
3051 3753 3335 3808 oraculum
3373 3770 3474 3809 au-

1904 3838 2139 3894 divimus
2180 3860 2195 3897 :
2251 3839 2390 3896 Ecce
2415 3841 2601 3906 homo,
2636 3844 2722 3897 cui
2757 3859 2955 3898 nomen
2991 3843 3184 3901 Oriens
3243 3843 3313 3900 ⁸⁸.
3373 3845 3480 3902 No-

1904 3947 2029 3985 vum
2066 3932 2309 4001 profecto
2343 3949 2567 3999 nomen,
2617 3936 2663 3990 si
2705 3935 2943 4006 aliquem
2979 3953 3044 3992 ex
3076 3953 3305 4009 corpore
3353 3939 3474 3993 ani-

1904 4036 2104 4090 moque
2148 4021 2446 4077 conﬂatum
2500 4024 2790 4096 intelligas.
2846 4025 2940 4081 Sin
2993 4021 3177 4086 autem
3220 4029 3476 4099 incorpo-

1905 4128 2054 4166 reum
2088 4113 2238 4166 illum
2265 4130 2329 4168 ac
2355 4115 2598 4170 divinum
2625 4118 2906 4188 exemplar
2930 4117 3191 4174 ferentem
3218 4119 3476 4190 accipias,

1903 4211 2017 4256 tum
2052 4203 2352 4270 enimvero,
2385 4206 2964 4268 convenientissimum
3002 4211 3106 4266 hoc
3137 4211 3242 4281 ipsi
3284 4211 3476 4268 Orien-

1902 4295 1970 4348 tis
2001 4310 2195 4350 nomen
2242 4295 2556 4366 impositum
2605 4315 2746 4364 esse,
2781 4300 2939 4356 facile
2979 4302 3270 4358 admodum
3303 4304 3477 4359 liben-

1901 4395 2086 4454 terque
2147 4384 2422 4444 fateberis.
2474 4387 2611 4443 Eum
2661 4390 2858 4461 quippe
2905 4390 3105 4446 Filium
3153 4394 3475 4464 antiquissi-

1902 4491 2047 4530 mum
2079 4477 2248 4534 edidit
2278 4480 2516 4535 universi
2550 4479 2777 4546 Parens,
2809 4499 2969 4553 quem
3005 4484 3168 4539 etiam
3202 4486 3330 4542 alibi
3361 4485 3476 4541 Pri-

1899 4570 2230 4637 mogenitum
2280 4575 2589 4642 appellavit.
2641 4573 2689 4630 Is
2736 4588 2920 4632 autem
2954 4593 3020 4632 ex
3067 4576 3179 4633 Deo
3221 4579 3472 4648 genitus,

1898 4657 2058 4731 534
2109 4660 2162 4714 in
2215 4664 2505 4733 archetypa
2552 4665 2697 4720 illius
2746 4667 3078 4736 exemplaria
3131 4669 3473 4738 respiciendo

1895 4749 2166 4806 formavit.
2208 4773 2226 4804 ι
2265 4752 2537 4810 Hactenus
2567 4773 2630 4810 ex
2677 4757 2771 4813 illo
2817 4757 3029 4814 Hebr-mi
3058 4758 3307 4816 Philonis
3338 4777 3471 4831 0pc-

1895 4855 1986 4906 re,
2017 4842 2175 4910 cujus
2205 4842 2292 4897 hic
2330 4845 2520 4899 titulus
2561 4855 2677 4901 est:
2724 4846 2970 4902 Deterius
3002 4849 3306 4918 perfectiori
3336 4866 3467 4906 sem-

1891 4947 1981 4998 per
2025 4935 2276 5002 infestum
2320 4953 2450 4989 esse.
2489 4935 2689 4991 Verum
2733 4954 2856 4993 cum
2898 4941 3010 5010 jam
3052 4941 3180 4994 alibi
3219 4951 3463 4996 veterum

1898 5024 2250 5080 Hebraeorum
2285 5028 2536 5096 dogmata
2575 5030 2830 5100 pietatem
2861 5031 3290 5103 religionemque
3319 5050 3469 5089 com-

1895 5116 2050 5184 plexa
2083 5117 2422 5186 protulerim,
2446 5128 2559 5174 tum
2585 5137 2714 5175 vero
2739 5137 2860 5193 quae
2885 5123 3186 5178 secundum
3211 5125 3276 5178 ad
3308 5125 3458 5193 prin-

1888 5207 2090 5276 cipium
2126 5211 2416 5279 pertinent,
2450 5211 2554 5266 hoc
2599 5213 2652 5266 in
2678 5211 3010 5282 Evangelicw
3051 5210 3464 5281 Prwparationis

1891 5315 2074 5368 opere,
2112 5302 2247 5356 satis
2273 5301 2490 5386 abs'me
2520 5319 2620 5373 pro
2648 5305 2899 5359 instituto
2929 5304 3149 5374 quidem
3190 5321 3313 5360 meo
3349 5307 3456 5362 dis-

1891 5401 2079 5460 putata
2137 5403 2286 5461 sunt,
2334 5395 2401 5450 ad
2441 5411 2562 5465 qua:
2607 5397 2833 5466 proinde
2875 5413 3020 5452 nunc
3063 5399 3142 5453 rei
3187 5399 3467 5456 studiosos

1884 5649 2043 5697 σθαι.
2093 5642 2195 5708 Qui
2249 5644 2381 5695 lihor
2432 5645 2726 5697 etiamnum
2783 5655 2998 5710 exstat,
3053 5661 3227 5715 neque
3282 5656 3463 5702 tamen

1895 5715 2035 5766 hanc
2065 5716 2183 5780 ejus
2210 5715 2510 5767 orationi-ui
2546 5724 2914 5780 reprmsentat.

1959 5785 2072 5846 (77)
2113 5782 2281 5855 Αὐτῷ
2308 5785 2488 5855 ﬁxit.
2537 5783 2752 5855 llepone
2784 5784 2859 5854 τῷ
2883 5784 3088 5855 κρείττ.

1955 5855 2064 5907 (78)
2115 5854 2214 5908 Ἑν
2255 5853 2335 5917 τῷ
2380 5853 2746 5918 Ἐπιμενίδῃ.
2785 5853 2858 5910 Ita
2887 5853 3095 5915 omnes.
3126 5872 3222 5912 nec
3250 5866 3462 5911 mutare
