4042 6384
225 328 349 382 393

1457 329 1774 384 PRJEPAR.
1821 327 2068 383 EVANG.
2112 325 2238 382 LIB.
2281 325 2373 380 XI.

3408 324 3512 382 £96

225 443 516 497 πάθωμεν
539 445 698 514 ἡμεῖς
718 444 913 498 ταυτόν
932 462 944 475 ·
969 443 1102 497 Θεὸν
1132 444 1189 497 δὲ
1215 444 1714 516 προσκαλεσάμενοι
1738 446 1821 515 (9).

1945 454 2160 513 tequam
2194 445 2427 512 primum
2479 441 2606 494 illud
2641 439 2841 495 factum
2881 447 2932 494 et
2961 439 3314 495 constitutum
3371 444 3508 500 erit.

227 535 444 590 ἑαυτοῦ
470 535 722 607 γνώμονα
746 539 1034 604 γενόμενον
1067 535 1145 606 τῷ
1171 536 1333 606 λόγῳ,
1362 534 1530 600 δεῖξαι
1561 537 1830 606 θησαυρὸν

228 626 589 696 copo-nimii,
648 627 940 699 ἀρχώμεθα
999 629 1172 694 οὕτως
1230 630 1360 701 (10).
1429 629 1660 681 Εύκτέον
1733 628 1830 698 μὲν

228 717 370 786 ἤδη,
400 716 668 771 διελέσθαι
692 718 747 771 δὲ
775 719 857 772 δεῖ
886 720 1021 790 (11).
1057 720 1114 774 '0
1144 721 1296 784 Θεὸς,
1326 722 1354 774 6
1385 720 1484 790 μὲν
1523 719 1734 790 πρῶτος
1775 721 1831 772 ὲν

233 811 429 880 ἑαυτῴ
455 811 553 875 ὢν,
585 812 731 864 ἐστὶν
767 812 991 876 ἁπλοῦς,
1014 813 1102 866 διὰ
1125 813 1202 876 τὸ,
1233 812 1410 882 ἐαυτῷ
1448 813 1832 881 συγγινόμενος

233 899 452 964 διόλου,
507 903 714 972 μήποτε
759 898 895 956 εἶναι
961 903 1258 974 διαιρετός’
1313 904 1342 956 ὁ
1393 903 1525 966 Θεὸς
1573 903 1752 973 μέντοι
1803 903 1832 954 6

234 991 499 1064 δεύτερος
522 993 613 1047 καὶ
635 995 816 1066 τρίτος
852 995 1000 1049 ἐστὶν
1037 991 1116 1059 εἷς
1144 993 1255 1068 (1‘2)
1276 1013 1290 1026 °
1338 995 1745 1066 συμφερόμενος
1775 993 1832 1048 δὲ

235 1087 306 1154 τῇ
351 1085 455 1158 ὕλῃ
507 1087 657 1141 δυάδι
703 1087 874 1159 οὔσῃ,
930 1089 1040 1142 ἑνοῖ
1099 1089 1196 1158 μὲν
1235 1088 1438 1160 αὐτὴν,
1495 1088 1736 1158 σχίζεται
1773 1084 1831 1138 δὲ

239 1179 338 1231 ὑπ’
366 1179 562 1250 αὐτῆς,
593 1180 983 1252 ἐπιθυμητικὸν
1026 1178 1164 1244 εἶδος
1200 1181 1429 1251 ἐχούσης
1457 1182 1550 1234 καὶ
1581 1180 1827 1252 ῥεούσης.

236 1273 338 1342 Τῷ
369 1269 465 1326 οῦν
521 1275 596 1344 μὴ
631 1271 768 1328 εἶναι
803 1275 942 1346 πρὸς
981 1274 1059 1346 τῷ
1102 1275 1308 1346 νοητῷ,
1336 1271 1404 1348 ἦν
1441 1276 1551 1347 γὰρ
1582 1275 1645 1328 ἂν
1695 1273 1830 1346 πρὸς

236 1364 449 1435 ἑαυτῷ,
495 1364 584 1418 διὰ
634 1365 694 1418 τὸ
725 1367 822 1436 τὴν
846 1365 978 1437 ῦλην
1013 1368 1263 1438 βλέπειν,
1296 1367 1500 1438 ταύτης
1541 1366 1848 1438 ἐπιμελούπ

237 1474 435 1527 μενος,
463 1458 789 1528 ἀπερίοπτος
823 1459 1014 1514 ἑαυτοῦ
1050 1461 1275 1529 γίνεται.
1309 1462 1418 1514 Καὶ
1459 1461 1688 1514 ἅπτεται
1737 1459 1829 1512 τοῦ

235 1545 509 1618 αἰσθητοῦ
542 1549 635 1600 καὶ
683 1548 964 1620 περιέπει,
1005 1551 1197 1618 ἀνάγει
1247 1567 1306 1603 τε
1336 1551 1448 1623 (15)
1502 1550 1581 1603 ἔτι
1639 1551 1717 1612 είς
1770 1549 1831 1601 τὸ

237 1640 377 1692 εδιον
412 1636 542 1712 ἦθος
568 1641 965 1712 ἀπορεξόμενος
983 1655 1010 1683 α
1035 1643 1134 1714 τῆς
1157 1644 1308 1716 ὕλης.
1334 1665 1352 1695 ι
1387 1645 1494 1697 Καὶ
1523 1643 1640 1714 μεθ’
1668 1643 1831 1714 ἕτερά

237 1747 405 1800 φησι·
435 1751 452 1783 ι
478 1733 588 1786 Καὶ
611 1736 719 1805 γὰρ
738 1733 860 1787 οὔτε
877 1735 1228 1807 δημιουργεῖν
1249 1738 1363 1789 ἐστι
1380 1735 1556 1807 χρεὼν
1575 1736 1664 1788 τὸν
1677 1735 1798 1806 πρῶ
1812 1766 1826 1776 -

1937 536 2102 590 citius
2131 537 2372 605 aliquid,
2423 549 2584 603 quam
2613 549 2711 602 par
2747 539 2927 597 esset,
2977 531 3296 601 avidiusque
3321 546 3509 584 susce-

1940 630 2112 698 perit,
2177 643 2312 681 suus
2347 625 2395 680 ci
2437 625 2728 700 tbesaurus
2785 624 2924 678 cinis
2992 623 3210 678 futurus
3271 631 3375 677 est.
3431 619 3507 676 Ne

1935 720 2078 772 idem
2144 718 2309 786 igitur
2364 715 2522 769 nobis
2570 716 2817 781 eveniat,
2877 715 3117 769 studiose
3177 727 3506 768 caveamus:

1940 809 2222 877 Deumque
2246 806 2474 876 proinde
2501 807 2778 868 obtestati,
2813 816 2868 859 ut
2894 817 3092 860 nostra:
3116 806 3241 859 huic
3260 805 3509 874 disputa-

1939 899 2068 953 tioni
2097 899 2295 952 suimet
2323 897 2493 966 ipsius
2519 912 2692 950 canon
2735 912 2797 949 ac
2842 896 3024 965 regula
3049 910 3169 948 esse
3199 893 3325 946 velit
3350 931 3364 955 ,
3412 905 3513 945 no-

1932 993 2124 1062 bisque
2149 989 2537 1060 cogitationum
2574 990 2889 1043 thesaurum
2925 988 3157 1057 aperire,
3186 986 3258 1039 ita
3289 985 3508 1039 demum

1933 1085 2234 1140 ordiamur.
2275 1080 2435 1135 Prius
2484 1079 2628 1135 enim
2681 1078 2966 1132 fundendze
3023 1092 3233 1146 preces,
3269 1084 3383 1128 tum
3440 1073 3509 1129 ad

1933 1177 2257 1246 explicatam
2305 1174 2381 1228 rei
2433 1173 2806 1227 tractationem
2849 1169 3236 1223 accedendum.
3291 1167 3506 1219 Primus

1934 1269 2022 1323 ille
2053 1267 2217 1328 Deus,
2255 1275 2315 1321 ut
2337 1266 2390 1319 in
2424 1281 2482 1320 se
2507 1265 2624 1334 ipso
2659 1271 2762 1328 cst,
2795 1263 2864 1316 ita
2897 1262 3127 1330 simplex
3159 1259 3504 1322 omninoest,

1932 1362 2075 1431 quod
2105 1359 2197 1430 qui
2227 1374 2409 1414 secum
2448 1359 2563 1428 ipse
2617 1367 2764 1410 totus
2808 1363 3174 1424 perpetuoque
3225 1360 3507 1416 versatur,

1931 1453 2177 1506 divulsus
2229 1465 2352 1504 esse
2410 1464 2688 1518 nunquam
2737 1446 3140 1514 distractusque
3173 1443 3365 1512 possit.
3427 1441 3507 1494 Ac

1931 1545 2205 1600 secundus
2238 1541 2456 1612 quidem
2504 1541 2807 1609 tertiusque
2831 1538 2974 1592 Deus
3010 1553 3152 1590 unus
3196 1544 3312 1602 est,
3362 1534 3504 1588 idem

1931 1648 2132 1701 tamen,
2167 1635 2309 1706 quod
2341 1636 2502 1690 simul
2535 1650 2658 1689 cum
2707 1633 2955 1695 materia,
2987 1631 3077 1700 qui
3109 1629 3355 1683 binarius
3379 1629 3505 1696 qui-

1931 1731 2054 1786 dam
2080 1741 2184 1797 est,
2209 1731 2626 1785 circumferetur
2647 1768 2661 1791 ,
2713 1735 2771 1780 ut
2799 1743 2916 1781 eam
2948 1727 3244 1796 conjungat
3265 1765 3278 1787 ,
3327 1724 3396 1778 ab
3442 1740 3503 1777 ea

237 1795 356 1886 τον,
397 1825 488 1876 καὶ
528 1795 632 1877 τοῦ,
675 1795 1135 1897 δημιουργοῦντοξ
1162 1826 1274 1894 (14)
1327 1795 1565 1899 δὲωπερὶ
1611 1795 1820 1895 Πατιρὸς

1932 1833 2132 1889 tamen,
2162 1841 2281 1893 quae
2304 1824 2410 1876 vim
2446 1824 2683 1892 aliquam
2711 1821 3133 1889 concupiscendi
3166 1821 3346 1883 habet,
3375 1820 3508 1875 assi-

237 1917 337 1969 καὶ
386 1916 514 1968 Υίοῦ
552 1917 656 1988 χρὴ
688 1913 825 1970 εἶναι
858 1916 1170 1988 νομίζεσθαι
1213 1919 1433 1990 Πατέρα
1484 1920 1574 1971 τὸν
1607 1919 1821 1989 πρῶτον

238 2007 396 2060 Θτόν.
443 2010 500 2061 Εἰ
538 2010 635 2078 μὲν
680 2005 773 2062 οῦν
828 2009 955 2080 περὶ
995 2010 1090 2063 τοῦ
1135 2010 1475 2081 Δημιουργοῦ
1529 2011 1817 2081 ζητοῖμεν,

240 2099 548 2167 φάσκοντες
577 2100 686 2152 δεῖν
727 2101 816 2154 τὸν
846 2102 1108 2173 πρότερον
1145 2100 1462 2170 ὑπάρξαντα
1486 2144 1500 2167 ,
1547 2101 1720 2160 οὕτως
1752 2102 1818 2155 ἂν

240 2193 415 2242 ποιεῖν
443 2191 588 2260 ἔχειν
630 2191 1012 2264 διαφερόντως,
1040 2194 1215 2246 οἰκεία
1238 2193 1264 2233 ι)
1308 2196 1340 2264 ὴ
1384 2193 1643 2265 πρόσοδος
1681 2193 1818 2264 αῦτη

253 2286 496 2350 γεγονυῖα
521 2282 586 2336 ἂν
619 2283 703 2354 εἴη
743 2283 835 2336 τοῦ
864 2283 1022 2352 λόγου
1047 2301 1061 2315 ο
1095 2287 1142 2338 εί
1185 2284 1242 2338 δὲ
1270 2286 1397 2356 περὶ
1429 2285 1521 2337 τοῦ
1553 2287 1822 2356 Δημιουρ-

250 2373 337 2442 γοῦ
375 2375 449 2444 μή
473 2375 619 2426 ἐστιν
644 2376 673 2427 6
707 2373 880 2443 λόγος,
908 2375 1174 2446 ζητοῦμεν
1205 2376 1262 2429 δὲ
1292 2377 1416 2447 περὶ
1449 2377 1541 2429 τοῦ
1577 2376 1816 2448 πρώτου,

240 2465 573 2536 ἀφοσιοῦμαί
601 2483 658 2518 τε
691 2466 758 2520 τὰ
781 2466 1059 2536 λεχθέντα,
1083 2469 1176 2520 καὶ
1209 2468 1350 2520 ἔστω
1385 2468 1482 2537 μὲν
1509 2470 1688 2521 ἐκεῖνα
1717 2470 1818 2540 ἄῤ-

239 2560 402 2628 ρητα,
427 2559 642 2629 μέτειμι
669 2559 725 2612 δὲ
758 2561 896 2612 ἑλεῖν
914 2561 1004 2612 τὸν
1029 2561 1182 2629 λόγον
1203 2559 1338 2631 (15),
1365 2560 1628 2631 ἑτέρωθεν
1651 2561 1715 2630 οη
1727 2561 1819 2630 ρά-

241 2667 359 2712 σας.
400 2651 512 2720 Πρὸ
550 2650 732 2720 μέντοι
764 2653 857 2704 τοῦ
891 2652 1048 2720 λόγου
1083 2653 1182 2722 τῆς
1214 2651 1469 2716 ἁλώσεως
1505 2653 1819 2724 διομολογη-

244 2740 464 2810 τὼμεθα
497 2743 626 2812 ἡμῖν
656 2743 838 2805 αὐτοῖς
870 2743 1178 2813 ὁμολογίαν,
1214 2745 1314 2798 οὐκ
1337 2746 1818 2817 ἀμφισϐητήσιμον

242 2833 498 2895 ἀκοῦσαι,
529 2834 620 2886 τὸν
657 2834 756 2904 μὲν
807 2826 1026 2905 πρῶτον
1064 2836 1198 2889 Θεὸν
1241 2837 1412 2908 ἀργὸν
1457 2833 1593 2890 εἶναι
1642 2838 1818 2908 ἔργων

242 2921 568 2991 ξέμπάντων
602 2925 694 2977 καὶ
734 2923 987 2993 βασιλέα,
1033 2924 1124 2978 τὸν
1156 2924 1542 2997 δημιουργικὸν
1585 2927 1642 2979 δὲ
1686 2927 1817 2980 Θεὸν

243 3017 560 3086 ἡγεμονεῖν,
590 3015 655 3068 δι’
707 3017 935 3087 ούρανοῦ
1000 3017 1166 3070 ἰόντα.
1215 3017 1312 3071 Διὰ
1340 3018 1398 3070 δὲ
1443 3017 1629 3070 τούτου
1664 3019 1756 3070 καὶ
1787 3020 1816 3070 6

244 3109 424 3172 στόλος
451 3111 582 3178 ἡμῖν
616 3111 752 3171 ἐστι,
784 3109 934 3162 κάτω
966 3109 1059 3162 τοῦ
1081 3109 1174 3162 νοῦ
1210 3110 1562 3180 πεμπομένου
1597 3113 1654 3164 ἐν
1679 3111 1816 3176 διεξ-
1843 3153 1885 3209 C

241 3200 343 3269 ὁδῳ
389 3201 524 3252 πᾶσι
566 3202 678 3260 τοῖς
718 3200 1042 3269 κοινωνῆσαι
1077 3199 1546 3269 συντεταγμένοις.
1590 3200 1818 3254 Βλέπον-

242 3305 328 3353 τος
359 3289 461 3359 μὲν
490 3285 583 3342 οῦν
612 3290 706 3342 καὶ
747 3290 1198 3360 ἐπεστραμμένου
1230 3289 1364 3358 πρὸς
1407 3291 1561 3360 ἡμῶν
1590 3292 1818 3343 ἕκαστον

242 3380 331 3433 τοῦ
358 3379 494 3433 Θεοῦ
516 3420 529 3443 ,
568 3379 854 3450 συμϐαίνει
884 3380 983 3451 ζῇν
1012 3397 1070 3433 τε
1106 3380 1198 3433 καὶ
1228 3378 1558 3450 βιώσκεσθαι
1583 3383 1704 3434 τότε
1751 3382 1817 3434 τὰ

245 3470 490 3542 σώματα,
516 3471 806 3541 κηδεύοντα
830 3472 940 3542 (-16)
962 3471 1056 3524 τοῦ
1085 3470 1218 3524 Θεοῦ
1244 3475 1356 3536 τοῖς
1379 3473 1814 3544 ἁκροὸολισμοῑςο

245 3564 706 3633 μεταστρέφοντος
754 3563 810 3616 δὲ
864 3565 944 3626 εἰς
988 3562 1085 3634 τὴν
1140 3562 1334 3615 ἑαυτοῦ
1396 3565 1682 3636 περιωπήν
1725 3565 1816 3618 τοῦ

243 3657 589 3722 Θεοῦ,ταῦτα
631 3659 730 3728 μὲν
784 3656 1250 3720 ἀποσϐέννυσθαι,
1281 3657 1370 3710 τὸν
1416 3657 1474 3711 δὲ
1524 3659 1649 3712 νοῦν
1697 3659 1815 3729 ζῇν,

247 3748 357 3817 βίου
393 3750 763 3818 ὲπαυρόμενον
791 3750 1125 3820 εὐδαίμονος.
1160 3770 1178 3801 ι
1213 3750 1398 3804 Ταῦτα
1431 3752 1460 3802 6
1487 3750 1813 3822 Νουμήνιος.

245 3839 313 3892 Σὺ
345 3839 400 3892 δέ
434 3856 497 3907 γε
539 3839 782 3910 παράθες
813 3839 992 3901 αὐτοῖς
1023 3839 1089 3892 τά
1120 3839 1226 3893 ἀπὸ
1250 3839 1347 3910 τῆς
1372 3837 1462 3892 τοῦ
1496 3840 1659 3893 Δαϐὶδ
1687 3857 1818 3911 προ-

246 3931 467 4001 φητείας
508 3930 676 3983 πάλαι
738 3931 864 4001 παρ’
909 3929 1178 4002 Ἑϐραίοις
1234 3930 1423 3983 τοῦτον
1458 3931 1692 4002 ᾀδόμενα
1727 3932 1816 3984 τὸν

243 4023 470 4091 τρόπον·
529 4041 547 4073 ι
592 4022 680 4085 Ὠς
729 4021 1070 4093 ἐμεγαλύνθη
1116 4021 1185 4074 τὰ
1247 4022 1384 4094 ἔργα
1433 4039 1560 4084 σου,
1613 4023 1811 4094 Κύριεῑ

247 4114 419 4167 πάντα
486 4117 543 4167 ὲν
595 4115 755 4186 σοφίᾳ
811 4115 1094 4184 ἐποίησας.
1141 4115 1462 4186 Ἐπληρώθη
1515 4119 1547 4186 ή
1599 4118 1667 4188 γῆ
1719 4118 1815 4186 τῆς

249 4205 471 4268 κτίσεώς
513 4223 626 4258 σουο
663 4206 839 4259 πάντα
884 4207 1020 4278 πρὸς
1050 4207 1108 4258 σὲ
1140 4206 1476 4278 προσδοκῶσι
1509 4207 1690 4262 δοῦναι
1719 4209 1814 4280 τὴν

245 4299 443 4368 τροφὴν
471 4298 652 4362 αὐτοῖς
685 4300 764 4362 εἰς
792 4296 1066 4370 εὔκαιρον.
1096 4299 1287 4363 Δόντος
1315 4318 1406 4352 σου
1447 4302 1650 4366 αὐτοῖς,
1693 4304 1816 4354 συλ-

247 4389 512 4455 λέξουσιν·
545 4390 854 4456 ἀνοίξαντος
909 4391 966 4444 δέ
1001 4408 1094 4444 σου
1148 4393 1248 4462 τὴν
1297 4395 1490 4463 χεῖρα,
1543 4395 1610 4446 τὰ
1640 4396 1814 4449 πάντα

1926 1918 2138 1987 dueque
2173 1916 2309 1978 ﬂuit,
2333 1915 2610 1969 dividitur.
2641 1911 2794 1978 Quod
2836 1912 2998 1981 igitur
3031 1911 3094 1963 ad
3133 1911 3183 1963 id
3225 1909 3370 1979 quod
3394 1911 3506 1978 spi-

1928 2011 2082 2064 ritale
2108 2018 2224 2072 est,
2282 2008 2462 2061 minus
2512 2005 2846 2060 adluerescat
2901 2003 3126 2073 (alioqui
3157 2004 3302 2055 enim
3333 2001 3400 2055 ad
3445 2019 3504 2057 se

1928 2103 2103 2172 ipsum
2135 2098 2574 2168 adlneresceret),
2605 2097 2734 2151 dum
2784 2098 2836 2151 in
2874 2096 3291 2166 contmnplanda
3333 2105 3504 2151 mate-

1926 2195 2006 2248 ria
2043 2192 2356 2262 diligentius
2407 2196 2748 2258 occupatur,
2804 2204 2863 2242 se
2916 2188 3092 2256 ipsum
3147 2187 3501 2255 contemplari

1928 2300 2032 2339 non
2054 2295 2246 2354 potest.
2276 2280 2476 2337 Verum
2499 2296 2619 2350 quae.
2649 2279 2902 2334 sensibus
2927 2286 3258 2347 usurpantur
3282 2294 3388 2331 non
3421 2287 3504 2331 at-

1882 2416 1888 2421 -
1926 2380 2086 2449 tingit
2116 2386 2420 2445 tractatque
2451 2375 2634 2439 modo,
2665 2373 2759 2428 sed
2803 2373 2966 2426 etiam
3005 2373 3057 2425 in
3089 2372 3337 2442 proprias
3377 2371 3504 2440 ejus

1923 2489 2088 2543 quam
2114 2473 2316 2540 expetit
2344 2477 2661 2538 versatque,
2686 2466 2927 2520 materiae
2952 2466 3291 2519 conditiones
3317 2465 3502 2518 devol-

1926 2565 2084 2618 vitur.
2125 2583 2142 2614 »
2179 2562 2432 2631 Idemque
2460 2560 2735 2614 nonnullis
2759 2559 3054 2628 interjectis
3085 2575 3097 2610 :
3129 2574 3148 2606 ι
3193 2558 3304 2611 Nec
3331 2557 3498 2622 enim,

1925 2656 2121 2728 inquit,
2144 2657 2378 2726 primum
2401 2655 2547 2708 illum
2579 2653 2745 2708 Deum
2763 2652 3061 2721 quidquam
3089 2650 3267 2706 moliri
3292 2649 3373 2704 fas
3395 2662 3497 2715 est,

1925 2750 2017 2802 sed
2048 2748 2228 2818 potius
2262 2746 2489 2800 artiﬁcis
2537 2744 2630 2798 Dei
2679 2743 2894 2796 Patrem
2943 2743 3119 2811 ipsum
3161 2741 3360 2795 habere
3400 2757 3500 2794 nos

1923 2847 2157 2908 oportet.
2222 2837 2288 2892 Et
2317 2838 2534 2907 quidem
2565 2836 2611 2891 si
2640 2836 2707 2890 de
2737 2835 2943 2889 artilice
2971 2833 3202 2903 quaestio
3229 2841 3345 2897 est,
3375 2847 3500 2885 cum

1927 2933 2074 2984 illmn
2112 2941 2238 2984 ante
2267 2931 2378 2999 jam
2406 2929 2682 2983 exstitisse
2728 2925 3060 2990 necessario,
3084 2934 3246 2994 atque
3289 2924 3360 2977 ita
3407 2925 3502 2976 de-

1924 3033 2071 3070 mum
2121 3017 2405 3071 excellenti
2441 3016 2676 3085 quodam
2727 3013 3102 3083 singularique
3133 3013 3296 3066 modo
3341 3028 3500 3081 agere

1924 3123 2084 3177 posse
2113 3107 2368 3172 dicimus,
2401 3106 2720 3162 commodus
2769 3105 2857 3158 bie
2903 3113 2956 3158 et
3001 3112 3344 3173 opportunus
3377 3118 3500 3156 era-

1925 3199 2087 3252 tionis
2135 3199 2412 3268 ingressus
2457 3199 2580 3267 jure
2632 3197 2898 3251 videatur.
2934 3197 3001 3248 At
3032 3196 3100 3260 si,
3127 3195 3336 3248 omisso
3365 3198 3498 3248 atti-

1923 3293 2041 3350 licc,
2092 3288 2159 3342 de
2184 3290 2360 3358 primo
2386 3288 2496 3342 Deo
2527 3288 2675 3356 loqui
2704 3288 2898 3358 placet,
2945 3302 3120 3355 genus
3157 3285 3207 3340 id
3232 3284 3498 3338 orationis

1923 3396 2186 3450 usurpare
2234 3381 2424 3449 religio
2470 3384 2558 3434 sit.
2622 3379 2823 3445 Quare,
2862 3396 2984 3448 qua:
3008 3378 3152 3432 dicta
3181 3386 3328 3443 sunt,
3355 3375 3498 3430 dicta

1919 3489 2040 3527 esse
2073 3473 2239 3550 nolim
2273 3490 2286 3527 :
2323 3473 2628 3527 ducendam
2652 3472 2870 3526 aliunde
2903 3472 3035 3524 mibi
3072 3469 3496 3540 disputationem

1922 3567 2062 3621 banc
2093 3576 2350 3622 statuam.
2407 3565 2483 3620 Ac
2522 3566 2754 3634 primum
2799 3564 3018 3633 quidem
3049 3572 3340 3632 antequam
3369 3577 3494 3616 eum

1921 3662 1973 3714 in
1999 3675 2306 3714 sermonem
2354 3659 2708 3729 ingredimur,
2759 3659 2810 3712 id
2861 3657 3002 3726 apud
3032 3672 3131 3711 nos
3161 3657 3214 3710 in
3244 3653 3496 3710 confesso

1920 3761 2155 3818 maneat,
2189 3767 2299 3820 quo
2331 3751 2398 3806 de
2426 3766 2650 3820 prorsus
2679 3751 2771 3820 qui
2803 3750 3006 3813 audiat,
3057 3763 3219 3804 nemo
3247 3748 3497 3802 dubitare

1921 3844 2112 3898 merito
2139 3845 2332 3913 possit,
2371 3843 2540 3898 Deum
2573 3843 2806 3912 primum
2845 3852 2900 3896 et
2935 3843 3004 3896 ab
3033 3858 3194 3912 Opere
3215 3841 3364 3894 omni
3399 3855 3495 3894 va-

1917 3952 2064 4002 care,
2100 3945 2154 3990 et
2180 3951 2358 4005 regem
2389 3951 2512 3990 esse
2540 3935 2780 3989 universi
2808 3952 2820 3986 :
2851 3934 3112 3988 artilicem
3142 3948 3269 3988 vero
3301 3931 3491 3992 Deum,

1919 4030 2117 4084 etclam
2151 4029 2502 4098 pel-meando,
2532 4039 2727 4082 cuncta
2761 4027 3052 4081 moderari.
3090 4025 3155 4078 Et
3179 4041 3311 4080 sane
3341 4041 3493 4080 com-

1922 4134 2132 4179 meatus
2162 4135 2344 4178 noster
2368 4136 2530 4193 atque
2561 4131 2855 4192 apparatus
2881 4121 3059 4176 omnis
3079 4162 3094 4186 ,
3123 4121 3296 4190 ipsius
3328 4121 3492 4174 bene-

1919 4217 2098 4270 licium
2146 4225 2250 4282 est,
2293 4216 2420 4270 dum
2472 4226 2616 4270 certa
2661 4215 3077 4285 progressione,
3112 4214 3217 4268 huc
3245 4228 3397 4266 ruens
3427 4211 3492 4266 ad

1917 4325 2010 4364 eos
2038 4323 2228 4362 omnes
2259 4308 2666 4369 transmittitur,
2705 4323 2843 4376 quos
2892 4307 2945 4360 in
2991 4307 3109 4375 ejus
3153 4303 3494 4360 communio-

1919 4417 2041 4455 nem
2075 4401 2257 4456 vocari
2306 4417 2403 4469 pro
2448 4417 2550 4455 suo
2597 4400 2864 4469 cujusque
2897 4401 3064 4470 gradu
3098 4410 3152 4452 et
3182 4396 3494 4452 conditione

247 4483 656 4554 πληρωθήσεται
695 4483 1078 4553 χρηστότητος.
1125 4483 1589 4554 Ἀποστρέψαντος
1632 4486 1686 4540 δέ
1721 4504 1811 4539 σου

1923 4492 2002 4548 fas
2034 4493 2124 4549 sit.
2183 4493 2368 4563 Itaque
2398 4493 2528 4547 dum
2565 4493 2619 4546 in
2652 4508 2923 4562 quemque
2965 4502 3216 4545 nostrum
3259 4503 3490 4544 conver—

313 4643 337 4672 ι
379 4630 540 4686 Forle
564 4631 983 4703 ἐπορεξάμενος.
1063 4633 1089 4672 ιι
1133 4633 1262 4696 Hau,
1302 4635 1532 4690 ἐοικυῖα.

315 4766 385 4843 (ἐξ)
405 4766 992 4834 Προσκαλεσὰμενοι.
1027 4767 1161 4824 Male
1183 4769 1324 4840 apud
1357 4770 1544 4841 Cyrill.
1571 4789 1810 4843 προσκα-

247 4837 369 4890 λεσά
415 4854 552 4900 ενος.

315 4855 422 4959 (lg)
455 4908 550 4959 Ἀο

315 4907 787 5028 ἓνθλἈρχώμεθα
811 4908 1016 4974 οὕτως.
1046 4909 1135 4964 Sic
1167 4911 1472 4980 legendum,
1501 4928 1608 4967 non
1639 4915 1806 4986 ἀρχό-

347 4994 382 5028 α
418 4979 474 5028 οὲ
495 4977 668 5028 οὕτως
691 5019 706 5028 .
739 4989 797 5028 ut
823 4979 964 5028 anud
998 4980 1248 5028 eumdem
1279 4980 1560 5028 Cvrillnm-

253 4977 390 5065 μεθῆ
405 4977 668 5065 ﬁscina);
691 5019 706 5042 ,
739 4979 964 5065 ut‘apud
998 4977 1249 5065 euhmden}
1279 4980 1560 5065 erillum.

314 5047 421 5127 (11)
453 5047 716 5127 Εὐας-τέως
736 5047 1017 5117 μὲνῆδη,
1047 5050 1100 5104 δ.
1130 5049 1186 5105 δ.
1307 5047 1447 5127 Sunt
1475 5054 1589 5107 haac
1615 5055 1809 5127 ἀνδρὸς

255 5118 396 5192 μάλα
409 5117 832 5192 εὐλαϐουμένῳ,
858 5135 978 5192 qua:
995 5131 1188 5192 tamen
1211 5121 1448 5192 Cyrillus
1474 5117 1733 5192 praeterit:

314 5187 424 5265 (lg)
477 5185 677 5265 Ἑσςίώ·
717 5185 826 5265 εἷς.
861 5185 1080 5265 Cyrill._,
1126 5185 1317 5265 ἐστιξὸ
1350 5185 1449 5255 εἷς.
1474 5185 1601 5248 ’Νεο
1654 5197 1806 5265 plura

252 5257 442 5340 subdit.
469 5273 536 5313 ex
577 5257 846 5340 Numenio
868 5302 884 5326 ,
907 5257 1094 5316 'credo
1122 5261 1268 5330 quod
1314 5265 1594 5332 sequentia
1627 5257 1807 5321 minus

252 5329 549 5383 Christiana
580 5339 780 5384 essent.

313 5397 691 5477 (15).Ἀνάγει
718 5417 810 5464 τε,
841 5409 961 5477 _etc.
1018 5400 1479 5477 Rectius,opinor,
1533 5413 1586 5477 et
1635 5407 1807 5476 magis

253 5471 482 5543 auctoris
528 5485 815 5543 estensuA
839 5471 1136 5542 legeretur,
1169 5473 1407 5543 παράγει
1436 5491 1496 5526 τε
1524 5475 1568 5527 ἒ.
1603 5492 1649 5529 ε.
1681 5471 1750 5529 τί
1766 5477 1803 5530 ί.

253 5534 302 5608 ἦ.
329 5532 392 5610 ἧς
427 5537 737 5610 ὲπωρέξατο
771 5532 934 5612 ὖληξ,
959 5532 1129 5612 quam
1157 5532 1438 5599 lectionem
1470 5546 1521 5598 in
1557 5547 1808 5602 versione

255 5617 460 5661 secutus
487 5625 628 5662 sum.

317 5677 422 5745 (16)
463 5679 572 5732 Καὶ
612 5680 716 5732 τοῦ
749 5679 1270 5754 δημιουργοῦντες.
1311 5683 1669 5754 lnterpolatus
1719 5689 1804 5741 hic

260 5750 395 5802 locus
418 5760 527 5814 est,
558 5765 719 5820 quem
753 5752 946 5820 partim
981 5770 1044 5806 ex
1089 5750 1606 5833 tiiariusc1'..paitint
1641 5760 1802 5814 ctiam

1912 4791 1976 4830 ex
2009 4775 2212 4846 Cyrillo
2241 4815 2254 4836 ,
2302 4776 2393 4845 qui
2416 4774 2683 4846 paucula
2717 4775 2832 4828 lucc
2867 4772 3143 4846 prioribus
3175 4771 3486 4846 subjungit,

1913 4841 2206 4900 emendare
2230 4841 2375 4900 licet.
2408 4841 2498 4899 Sic
2523 4862 2651 4915 ergo
2677 4841 2960 4914 legendum
2992 4843 3086 4896 καὶ
3115 4841 3208 4915 τοῦ
3230 4843 3490 4915 δημιουρ-

1910 4916 2131 5039 vein-oo;
2166 4915 2224 4968 δὲ
2264 4915 2398 4968 Θεοῦ
2443 4917 2549 4987 χρὴ
2589 4912 2760 4979 εἶναι,
2795 4915 2889 4969 καὶ
2924 4913 3238 4984 νομίζεσθαι
3272 4912 3489 4983 Πατέρα

1910 5003 1960 5038 τ.
1995 5007 2053 5039 π.
2124 5029 2137 5039 .

1909 5003 1960 5038 τ.
1995 5007 2053 5041 π.
2087 5003 2137 5042 υ.

1985 5059 2094 5126 (15)
2152 5058 2352 5112 Ἑλεῖν
2393 5059 2498 5112 τὸν
2537 5057 2743 5126 λόγον.
2816 5054 3086 5121 Prorsus,
3144 5063 3200 5108 ut
3251 5053 3493 5126 Gallice,

1910 5125 2132 5195 prendre
2169 5147 2264 5182 son
2313 5129 2574 5182 discours.
2615 5125 2724 5182 Nec
2771 5128 2874 5182 alia
2923 5135 3006 5181 est
3052 5125 3490 5195 quaesequitur.

1912 5193 2114 5262 ἅλωσις
2165 5199 2257 5252 τοῦ
2313 5199 2488 5269 λόγου.
2533 5198 2852 5268 Cujusmodi
2901 5193 3492 5269 tamen_'_E).)§qvtap6v

1910 5271 2052 5336 apud
2100 5280 2306 5325 veteres
2343 5263 2635 5326 observare
2673 5285 2756 5322 me
2809 5269 2897 5322 vix
2945 5267 3187 5321 memini.
3239 5263 3487 5333 sequens

1908 5340 2076 5393 dictio
2107 5341 2279 5409 magis
2307 5341 2485 5394 adhuc
2516 5340 2785 5409 intricata.

1981 5409 2097 5478 (16)
2136 5407 2514 5477 Κὴδεύοντα,
2551 5419 2658 5463 etc.
2706 5408 2978 5472 Obsecro,
3022 5407 3151 5478 quid
3195 5407 3337 5461 istuc
3364 5415 3482 5478 est,

1909 5477 2155 5550 κηδεύειν
2177 5482 2311 5534 Θεοῦ
2340 5485 2448 5544 τοῖς
2484 5479 2932 5551 ἀκροϐολισμοῖςῖ
2979 5477 3225 5551 Reddidi,
3265 5477 3485 5551 perinde

1909 5546 1979 5631 ac
2020 5552 2064 5605 si
2096 5553 2364 5631 legeretur
2396 5546 2751 5631 xq6su'6psvar.
2781 5546 2914 5603 Nam
2945 5546 3334 5631 άκρρὸολισμοί
3362 5547 3485 5631 qui-

1909 5621 2052 5692 dem,
2078 5617 2386 5689 signiﬁcare
2416 5617 2664 5676 videntur
2715 5622 2886 5692 ἄκρας
2911 5617 3276 5692 τῶνάκτίνων
3301 5617 3484 5687 βολάς.

1915 5690 2036 5748 Hzec
2067 5703 2244 5749 tamen
2279 5709 2399 5764 pag.
2432 5709 2545 5762 seq.
2575 5690 2802 5748 totidem
2832 5691 3010 5747 verbis
3041 5699 3376 5760 repetuntur.
