4042 6384
252 354 369 408 89.7

1433 342 1754 412 rnazmn;
1801 357 2052 414 EVANG.
2089 358 2217 413 LIB.
2253 357 2346 410 χι.

3427 369 3526 424 898

249 482 289 552 ἡ
323 481 489 551 αὐτῇ.
533 481 733 534 Τούτου
777 480 832 533 δὲ
876 479 937 533 τὸ
969 480 1161 544 αἴτιον,
1196 474 1240 533 ὦ
1293 481 1442 546 ξένε,
1493 483 1646 534 οὐδέν
1689 484 1824 534 ἐστικ

1941 496 2104 548 quam
2135 483 2332 536 donata
2370 478 2592 546 fuerint,
2627 481 2708 536 sic
2742 482 2807 535 ad
2857 497 3005 548 eum,
3041 483 3132 552 qui
3164 483 3379 554 accipit,
3415 493 3529 540 tra-

250 563 598 644 ἀνθρώπινον
619 592 631 604 ·
663 574 778 627 ἀλλ’
809 575 891 627 ὅτι
925 574 1038 638 ’ἐξις
1063 593 1120 628 τε
1148 577 1241 628 καὶ
1271 576 1426 628 οὐσία
1510 577 1706 647 ἔχουσα
1738 577 1835 647 τὴν

249 668 570 738 ἐπιστήμην
603 669 635 737 ἡ
666 668 801 738 αύτὴ
836 669 953 720 ἐστι
987 667 1138 739 παρὰ
1170 667 1247 738 τῷ
1291 668 1543 722 δεδωκότι
1584 669 1702 741 Θεῷ
1741 670 1835 724 καὶ

250 759 410 830 παρὰ
452 759 530 828 τῷ
559 758 798 830 εἰληφότι
834 761 956 829 ἐμοὶ
987 761 1080 813 καὶ
1125 761 1226 813 σοί.
1277 760 1369 813 Διὸ
1418 763 1510 814 καὶ
1549 764 1577 815 6
1611 762 1835 816 Πλάτων

246 850 351 920 τὴν
388 851 580 920 σοφίαν
626 850 728 903 ὑπὸ
785 852 1121 922 Προμηθέως
1170 851 1338 905 ἐλθεῖν
1387 856 1465 916 εἰς
1516 853 1833 926 ἀνθρώπους

252 945 397 1014 μετὰ
432 945 744 1014 φανωτάτου
782 946 926 1010 τινὸς
952 946 1120 1017 πυρὸς
1149 947 1272 1016 ἔφη.
1310 966 1325 995 ι
1365 948 1474 1000 Καὶ
1509 947 1665 1001 πάλιν
1699 949 1832 1001 67:0-

248 1034 354 1098 ϐας
379 1035 509 1106 ἑξῆς
542 1053 733 1106 φησιν·
775 1057 792 1088 ‹
824 1039 944 1090 Εἰσὶ
975 1039 1019 1090 δ’
1052 1033 1194 1092 οῦτοι
1240 1038 1344 1108 βίοι
1385 1042 1414 1092 6
1463 1039 1562 1110 μὲν
1591 1041 1828 1112 πρώτου,

244 1130 275 1182 6
329 1129 389 1180 δὲ
430 1129 685 1200 δευτέρου
733 1130 889 1184 Θεοῦ.
927 1130 1174 1201 Δηλονότι
1219 1133 1247 1183 6
1299 1132 1397 1202 μὲν
1443 1131 1658 1204 πρῶτος
1702 1133 1832 1197 Θεὸς

245 1218 408 1272 ἔσται
439 1219 610 1283 ἑστὼς
637 1220 766 1290 (9.2),
798 1223 825 1274 6
853 1221 910 1273 δὲ
947 1221 1197 1293 δεύτερος
1219 1221 1455 1292 ἔμπαλίν
1502 1225 1616 1276 ἐστι
1654 1224 1832 1276 κινού-

247 1330 438 1383 μενος.
485 1313 542 1366 Ὀ
571 1314 667 1383 μὲν
699 1310 789 1367 οῦν
820 1314 1035 1386 πρῶτος
1062 1316 1188 1387 περὶ
1218 1315 1284 1368 τὰ
1318 1315 1504 1385 νοητὰ,
1541 1318 1570 1368 6
1607 1315 1664 1368 δὲ
1711 1316 1830 1368 δεύ-

242 1421 409 1475 τεῳς
454 1405 578 1475 περὶ
629 1405 697 1458 τὰ
744 1407 910 1476 νοητὰ
965 1406 1058 1459 καὶ
1105 1408 1359 1478 αἰσθητά.
1403 1408 1494 1479 Μὴ
1543 1407 1830 1479 θαυμάσῃς

241 1497 292 1548 δ’
331 1499 380 1549 εί
411 1497 554 1550 τοῦτ’
590 1498 750 1568 ἔφην·
788 1498 921 1552 πολὺ
955 1499 1064 1570 γὰρ
1091 1499 1168 1552 ἔτι
1199 1499 1638 1570 θαυμαστότερον
1669 1499 1830 1552 ακού-

245 1601 337 1656 σῃ.
381 1586 527 1639 Ἀντὶ
550 1585 657 1658 γὰρ
689 1587 788 1657 τῆς
817 1588 1123 1660 προσούσης
1155 1589 1230 1660 τῷ
1262 1589 1495 1661 δευτέρῳ
1541 1593 1825 1662 κινήσεως,

240 1679 347 1747 τὴν
379 1679 687 1750 προσοῦσαν
713 1681 788 1752 τῷ
827 1681 1024 1754 πρώτῳ
1055 1683 1241 1736 στάσιν
1275 1685 1414 1755 φημί
1448 1680 1581 1736 εἶναι
1618 1685 1828 1754 κίνησιν

246 1769 567 1839 σύμφυτον·
617 1774 708 1841 ἀφ’
747 1770 814 1844 ἦς
921 1791 981 1827 τε
1033 1774 1186 1839 τάξις
1241 1776 1333 1829 τοῦ
1381 1777 1619 1847 κόσμου,
1653 1777 1747 1829 καὶ
1791 1779 1822 1847 ἠ

1945 573 2243 639 ducuntur,
2282 583 2339 626 ut
2367 573 2435 625 ab
2464 587 2529 627 eo
2558 573 2652 642 qui
2676 574 2903 639 dederit,
2935 575 3312 645 sejungantur,
3345 592 3529 630 exem-

1943 665 2013 734 pli
2038 666 2209 733 gratia
2236 665 2447 720 curatio
2471 705 2484 729 ,
2522 663 2756 730 divitiaa,
2794 676 3078 736 argentum
3108 670 3355 723 etclatum
3380 710 3394 730 ,
3432 681 3527 724 aut

1942 757 2238 826 signatum,
2272 773 2335 810 ea
2379 757 2631 812 mortalia
2666 768 2794 813 sunt
2827 759 3175 830 humanaque
3204 762 3407 816 omnia.
3459 764 3532 818 Αι

1941 864 2071 900 vero
2095 849 2276 902 divina
2308 849 2576 918 ejusmodi
2606 859 2767 914 sunt,
2805 867 2927 920 qute
2954 868 3078 905 eum
3109 853 3231 908 aliis
3266 855 3337 908 ita
3371 872 3525 909 com-1

1941 940 2390 1006 municantur,ut
2422 957 2596 1011 neque
2627 952 2914 1012 postquam
2944 943 3072 997 illuc
3095 944 3220 998 inde
3252 961 3528 1001 commea-

1940 1040 2088 1098 runt,
2119 1032 2242 1087 inde
2271 1041 2450 1088 tamen
2484 1035 2888 1098 abscesserint;
2921 1046 2974 1088 et
3000 1036 3127 1089 illuc
3156 1035 3417 1105 profecta,
3448 1041 3528 1093 sic

1937 1139 2061 1178 eum
2093 1125 2318 1194 juvent,
2351 1127 2445 1196 qui
2481 1129 2785 1195 acceperit,
2816 1139 2875 1182 ut
2907 1129 2954 1181 ei
2979 1128 3072 1198 qui
3107 1129 3352 1192 dederit,
3391 1132 3527 1188 nihil

1939 1216 2369 1284 ineommodent,
2407 1220 2518 1274 imo
2555 1222 2765 1290 prosint
2803 1223 2966 1276 etiam
2999 1222 3224 1292 aliquid,
3273 1225 3400 1278 dum
3434 1242 3528 1279 eo-

1938 1327 2085 1373 rum,
2119 1327 2240 1380 qua:
2263 1311 2374 1382 jam
2403 1320 2529 1366 ante
2559 1323 2739 1379 norat,
2777 1314 2891 1384 ipse
2941 1316 3278 1370 recordatur.
3329 1318 3525 1386 (Injus-

1939 1403 2081 1455 modi
2139 1419 2270 1457 sane
2321 1405 2548 1458 honesta
2601 1420 2666 1459 ac
2714 1405 2956 1461 liberalis
2986 1407 3234 1461 doctrina
3269 1421 3384 1470 est,
3438 1426 3524 1463 res

1937 1493 2091 1561 plane
2142 1494 2436 1563 singularis
2487 1505 2539 1549 et
2585 1497 2890 1561 excellens,
2939 1513 3059 1566 quae
3105 1514 3228 1552 cum
3269 1501 3520 1554 utilitatis

1935 1585 2220 1654 accipienti
2254 1586 2545 1655 plurimum
2573 1585 2784 1652 afferat,
2811 1589 2878 1642 ab
2909 1604 2974 1643 eo
3005 1600 3208 1653 tamen,
3237 1590 3328 1659 qui
3360 1592 3523 1645 dede-

1936 1682 2040 1747 ‘rit,
2076 1697 2183 1735 non
2218 1682 2482 1736 aufertur.
2542 1681 2679 1737 Nam
2726 1683 3186 1754 quemadmodum
3241 1686 3518 1740 lucernam

1934 1791 2054 1829 eam
2087 1776 2258 1842 vides,
2278 1792 2399 1846 qua:
2426 1791 2654 1832 accensa
2684 1777 2752 1831 ab
2776 1778 2943 1831 altera
2969 1776 3354 1845 fuerit,lumcn
3389 1779 3517 1831 illud

247 1864 390 1934 μονὴ
419 1865 451 1935 ἡ
484 1865 670 1931 ἀΐδιος,
698 1866 842 1937 καὶὴ
870 1867 1111 1939 σωτηρία
1140 1869 1416 1939 ἀναχεῖται
1449 1871 1526 1934 τίς
1555 1868 1622 1922 τὰ
1654 1869 1769 1922 ὅλα.
1803 1890 1820 1921 ι

1931 1867 2198 1933 retinere,
2248 1869 2392 1938 quod
2436 1868 2605 1938 priori
2638 1884 2744 1922 non
2791 1869 3114 1934 abstulerit,
3169 1869 3261 1923 sed
3305 1878 3515 1922 tantum

257 1959 387 2010 Ἐπὶ
422 1957 632 2022 τούτοις
675 1959 768 2012 καὶ
814 1961 871 2012 ἐν
922 1960 1001 2032 τῷ
1049 1961 1192 2032 ἕκτῳ
1245 1962 1565 2032 προστίθησι
1616 1961 1822 2015 ταῦτα·

249 2069 267 2098 t
318 2049 538 2121 Ἐπειδὴ
571 2051 682 2122 ᾔδει
730 2054 758 2103 6
792 2052 1013 2106 Πλάτων
1067 2053 1216 2124 παρὰ
1259 2057 1371 2117 τοῖς
1399 2053 1706 2124 ἀνθρώποις
1739 2054 1829 2107 τὸν

248 2144 350 2212 μὲν
405 2143 747 2215 Δημιουργὸν
790 2145 1189 2215 γινωσκόμενον
1245 2146 1402 2216 μόνον
1429 2187 1443 2208 ,
1496 2146 1585 2198 τὸν
1647 2146 1827 2216 μέντοι

245 2233 466 2304 πρῶτον
503 2235 665 2301 νοῦν,
717 2237 863 2299 ὅστις
907 2237 1193 2302 καλεῖται,
1263 2238 1424 2290 αὐτὸν
1483 2238 1827 2290 παντάπασιν

246 2321 611 2391 ἀγνοούμενον
665 2322 791 2392 παρ’
830 2325 1034 2386 αὐτοῖς,
1084 2323 1170 2376 διὰ
1216 2324 1371 2377 τοῦτο
1414 2324 1584 2387 οὕτως
1637 2319 1824 2388 εἶπεν,

245 2411 439 2480 ὥσπερ
471 2413 536 2466 ἄν
565 2430 647 2474 τις
674 2412 815 2465 οὕτω
848 2411 994 2480 λέγοι
1019 2431 1032 2442 ·
1056 2409 1125 2464 Ὦ
1155 2414 1447 2484 ἄνθρωποι,
1479 2414 1536 2466 ὃν
1563 2413 1828 2476 τοπάζετε

245 2505 404 2574 ὑμεῖς
435 2505 577 2567 νοῦν,
613 2506 712 2558 οὐκ
741 2505 854 2557 ἔστι
885 2503 1118 2576 πρῶτος,
1145 2504 1278 2558 ἀλλὰ
1317 2507 1501 2576 ἕτερος
1540 2506 1673 2575 πρὸς
1707 2505 1828 2557 τού-

244 2614 338 2648 του
384 2595 546 2660 νοῦς,
595 2594 965 2667 πρεσϐύτερος
1011 2595 1106 2648 καὶ
1149 2595 1439 2667 θειότερος.
1484 2616 1502 2647 ι
1547 2596 1656 2648 Καὶ
1709 2596 1825 2667 μεθ’

242 2687 411 2758 ἕτερα
435 2687 675 2755 ἐπιλέγει
698 2703 710 2716 ·
739 2706 756 2736 t
789 2685 1139 2758 Κυδερνήτης
1177 2687 1274 2756 μέν
1308 2705 1407 2740 που
1451 2690 1507 2740 ἐν
1550 2689 1699 2758 μέσῳ
1729 2706 1826 2742 πε-

245 2779 402 2846 λάγει
453 2778 822 2849 φορούμενος,
882 2780 1020 2851 ὑπὲρ
1056 2779 1316 2849 πηδαλίου
1369 2779 1662 2848 ὑψίζυγος,
1714 2783 1828 2844 τοῖς

244 2872 388 2936 οἴαξι
413 2871 636 2924 ὃιιθύνει
662 2873 760 2942 τὴν
794 2871 928 2925 ναῦν
971 2871 1296 2942 ἐφεζόμενος
1319 2890 1332 2902 ·
1385 2872 1609 2943 ὄμματα
1642 2873 1686 2926 δ’
1731 2875 1828 2926 αύ-

245 2963 338 3016 τοῦ
359 2965 472 3034 (ἓὸ)
493 2965 586 3017 καὶ
608 2965 728 3028 νοῦς
757 2965 883 3018 εὐθὺ
913 2965 1004 3017 τοῦ
1034 2965 1248 3035 αἰθέρος
1267 2964 1579 3028 ξυντέταται
1602 2966 1737 3036 πρὸς
1761 2965 1828 3018 τὰ

249 3059 541 3130 μετάρσια.
571 3059 663 3111 καὶ
697 3060 730 3129 ἡ
773 3059 889 3122 ὁδὸς
922 3057 1069 3127 αύτῷ
1103 3058 1214 3111 ἄνω
1242 3059 1306 3111 δι’
1351 3057 1580 3128 ούρανοῦ
1618 3058 1824 3122 ἄπεισι,

245 3149 464 3202 πλέοντι
506 3152 653 3203 κάτω
686 3152 826 3203 κατὰ
876 3151 973 3222 τὴν
1004 3151 1273 3204 θάλατταν
1293 3168 1306 3180 ’
1339 3151 1482 3203 οὕτω
1511 3153 1605 3204 καὶ
1651 3154 1679 3204 6
1719 3155 1823 3222 Δη-

249 3242 537 3312 μιουργὸς,
568 3243 664 3311 τὴν
696 3241 846 3312 ὓλην,
880 3243 974 3296 τοῦ
1020 3245 1154 3314 μήτε
1188 3243 1500 3314 διακροῦσαι
1542 3243 1652 3314 (⁸24)
1683 3245 1820 3315 μήτε

244 3333 652 3404 ἀποπλεχθῆναι
678 3335 877 3405 αὐτὴν,
919 3335 1154 3405 ἁρμονίᾳ
1190 3334 1608 3407 ξυνδησάμενος,
1662 3336 1824 3398 αὐτὸς

248 3425 344 3494 μὲν
375 3425 516 3496 ὑπὲρ
542 3425 743 3496 ταύτης
783 3425 1014 3496 ἵδρυται,
1052 3420 1164 3479 οἷον
1207 3427 1348 3498 ὑπὲρ
1382 3426 1517 3491 νεὼς
1575 3428 1667 3480 ἐπὶ
1726 3430 1823 3480 θα-

245 3517 464 3589 λάττης,
505 3519 602 3588 τῆς
633 3518 762 3589 ὕλης
790 3519 898 3589 (9.3)
921 3537 932 3548 ·
973 3519 1068 3590 τὴν
1099 3520 1362 3591 ἁρμονίαν
1402 3521 1458 3572 δὲ
1507 3521 1672 3573 ἰθύνει
1705 3524 1824 3583 ταῖς

251 3609 416 3672 ἰδέαις
446 3609 726 3674 οἰακίζων,
755 3610 939 3680 βλέπει
976 3629 1034 3664 τε
1066 3613 1186 3664 ἀντὶ
1217 3611 1311 3664 τοῦ
1353 3612 1581 3683 ούρανοῦ
1630 3615 1708 3674 είς
1735 3612 1825 3664 τὸν

244 3702 356 3756 ἄνω
383 3701 515 3754 Θεὸν
546 3701 948 3773 προσαγόμενον
985 3703 1149 3756 αὐτοῦ
1188 3703 1254 3756 τὰ
1284 3704 1528 3774 ὄμματα,
1559 3704 1824 3774 λαμϐάνει

248 3810 302 3844 τε
331 3792 394 3844 τὸ
420 3793 516 3862 μὲν
540 3794 782 3864 κριτικὸν
808 3795 914 3846 ἀπὸ
944 3795 1043 3863 τῆς
1068 3795 1320 3866 θεωρίας,
1351 3795 1412 3848 τὸ
1443 3796 1499 3848 δὲ
1529 3797 1825 3866 ὁρμητικὸν

252 3886 355 3938 ἀπὸ
379 3887 476 3955 τῆς
509 3886 767 3954 ἐφέσεως.
799 3906 816 3935 ι
845 3887 952 3938 Καὶ
978 3889 1005 3939 6
1028 3888 1300 3958 Σωτήριος
1317 3889 1446 3957 παρ’
1483 3889 1612 3958 ἡμῖν
1645 3887 1820 3956 λόγος,

255 3997 272 4029 ι
293 3980 477 4043 Οὐδὲν,
515 3979 668 4049 φησὶ,
699 3979 918 4033 δύναται
948 3982 975 4033 ὀ
1013 3981 1138 4043 Υἱὸς
1162 3984 1332 4032 ποιεῖν
1373 3982 1466 4050 ἀφ’
1498 3981 1824 4047 έαυτοῦ,ὲὰν

254 4069 324 4139 μή
371 4087 423 4120 τι
461 4069 631 4142 βλέπῃ
663 4069 752 4122 τὸν
785 4070 1001 4138 Πατέρα
1030 4069 1299 4122 ποιοῦντα.
1338 4089 1354 4119 ι
1379 4069 1537 4123 Ἀλλὰ
1564 4070 1669 4143 γὰρ
1704 4089 1825 4124 τοσ-

249 4161 383 4214 αῦτα
428 4164 522 4215 καὶ
557 4163 683 4233 περὶ
709 4161 861 4214 τοῦδε
883 4164 910 4215 6
932 4163 1256 4233 Νουμήνιος.
1278 4162 1396 4215 ’Ότι
1418 4163 1474 4215 δέ
1503 4164 1602 4216 οὐκ
1625 4165 1820 4229 οἰκεῖα,

251 4255 314 4307 τὰ
341 4253 396 4306 δὲ
430 4254 676 4307 Πλάτωνι
719 4251 979 4307 δοκοῦντα
1010 4253 1294 4323 διεσάφει,
1345 4253 1498 4306 οὐδὲν
1550 4254 1822 4322 ἐπιλέγειν

251 4346 327 4399 δεῖ
351 4349 472 4408 ταῖς
507 4345 670 4399 αὑτοῦ
695 4349 916 4415 φωναῖς.
953 4347 1010 4399 Ὀ
1040 4346 1092 4398 δέ
1117 4364 1179 4414 γε
1213 4347 1436 4400 Πλάτων
1458 4347 1539 4400 ὅτι
1569 4348 1642 4418 μὴ
1675 4347 1824 4420 πρῶ-

253 4453 338 4501 τος
363 4438 544 4490 ταῖσδε
572 4437 807 4510 κέχρητο
839 4441 956 4500 ταῖς
985 4439 1279 4504 ἐπιϐολαῖς,
1299 4441 1576 4508 φαίνονται
1595 4440 1639 4493 δ’
1661 4441 1822 4495 αὑτὸν

320 4615 432 4686 (92)
455 4617 669 4686 Ἔσται
694 4613 902 4681 ἑστώς.
941 4613 1099 4686 Forte
1129 4614 1472 4686 scribendum
1502 4615 1649 4668 ἐστὶν
1684 4616 1820 4686 ἐστ..

253 4684 428 4740 ιιιίίο
470 4685 713 4740 secundo
753 4687 854 4740 deo
898 4685 1096 4739 dicitur
1121 4724 1133 4746 ,
1166 4685 1282 4736 ἐστὶ
1326 4684 1660 4754 κινούμενος.
1710 4685 1821 4740 Nisi

254 4758 390 4811 forte
416 4772 508 4825 per
525 4756 768 4810 futurum
793 4756 920 4809 illud
955 4764 1186 4824 tempus,
1207 4755 1607 4824 ἀμετακίνητον
1633 4757 1819 4809 στάσιν

255 4829 494 4882 indicare
520 4827 710 4889 voluit,
729 4842 851 4893 qua:
877 4825 944 4880 de
971 4828 1292 4880 constantia:
1318 4841 1430 4880 sure
1456 4828 1647 4894 gradu,
1674 4828 1822 4880 nullo

254 4913 492 4966 unquam
524 4907 763 4966 tempore
795 4897 864 4950 sit
893 4895 1176 4966 movenda.
1200 4897 1378 4964 Atque
1403 4897 1448 4948 is
1472 4895 1820 4951 Hebraeorum

256 4965 561 5022 idititismus
603 4965 718 5030 εει,
757 4967 900 5034 apud
929 4981 1068 5035 quos
1109 4965 1353 5019 futurum
1388 4967 1672 5036 prtesentis
1704 4968 1822 5021 loco

254 5038 489 5092 maxime
519 5045 834 5105 usurpatur.
877 5037 968 5090 ubi
998 5037 1243 5090 eamdem
1275 5052 1488 5105 semper
1521 5037 1716 5105 suique
1749 5040 1824 5091 si-

255 5110 438 5162 milem
499 5108 576 5162 rei
635 5107 1045 5176 perpetuitatem
1101 5106 1429 5176 signiﬁcant.
1493 5107 1630 5161 llinc
1691 5109 1819 5161 illud

256 5178 422 5232 Exodi
446 5193 530 5240 ιιι,
563 5175 650 5239 14,
680 5175 791 5245 Ego
822 5193 938 5231 sum
964 5179 1053 5247 qui
1080 5175 1216 5235 sunt,
1251 5176 1360 5245 ἐγώ
1393 5180 1508 5248 εἰμι
1537 5177 1694 5248 ὁίῷν,
1721 5179 1821 5232 He-

255 5251 435 5303 hraice
468 5249 664 5317 legitur
679 5256 817 5307 ams
841 5257 973 5306 nam
1001 5255 1162 5306 i'l’nts'.
1203 5248 1306 5317 Ero
1332 5249 1420 5316 qui
1445 5247 1554 5301 ero.
1579 5247 1640 5300 Et
1660 5250 1820 5317 paulo

257 5330 410 5388 post,
442 5316 546 5384 Qui
573 5329 679 5378 est,
722 5320 865 5371 misit
895 5334 973 5370 me
997 5335 1015 5370 :
1057 5321 1084 5370 6
1124 5317 1218 5379 ὢν,
1256 5316 1416 5371 Hebr.
1459 5327 1599 5377 max
1620 5359 1634 5382 ,
1663 5316 1817 5388 quod

242 5387 478 5442 verbum
547 5397 732 5448 sonat,
779 5387 932 5452 Erit,
970 5390 1114 5440 misit
1169 5405 1248 5441 me
1296 5389 1364 5441 ad
1410 5406 1516 5443 vos.
1568 5387 1820 5444 Clemens

241 5459 587 5550 lAlexandrin
613 5459 815 5550 libz‘tl,‘
846 5459 1069 5550 Strom.,
1101 5457 1348 5550 pluribus
1370 5458 1423 5550 i_d
1451 5459 1820 5550 agittuti‘De‘o

261 5534 350 5598 qui
406 5538 666 5598 perpetuo
717 5539 857 5589 stet,
927 5541 1108 5584 erecto
1154 5530 1404 5583 similiter
1452 5541 1505 5584 et
1549 5531 1820 5598 constanti

261 5596 442 5654 animo
459 5596 785 5654 serviamus-
823 5599 1006 5660 Οὕτως
1041 5600 1310 5671 Ἀϐρααμ,
1336 5601 1530 5668 inquit,
1559 5599 1729 5662 ἑστὼς
1752 5596 1820 5722 ’ἓν

261 5671 539 5722 κατέναντι
579 5670 816 5722 Κυρίου·
864 5670 957 5722 καὶ
991 5668 1071 5721 τῶ
1109 5673 1332 5722 Μωῦσεῖ
1374 5671 1614 5722 λέγεταιο
1653 5671 1723 5722 Σὺ
1795 5671 1820 5722 ὲ

261 5671 539 5724 κατέναντι
579 5670 816 5742 Κυρίου·
864 5670 957 5742 καὶ
991 5668 1071 5742 τῷ
1109 5668 1332 5724 Μωῦσεῖ
1374 5671 1614 5742 λέγεται·
1653 5671 1723 5723 Σὺ
1763 5668 1820 5723 δὲ

263 5742 424 5794 αὑτοῦ
469 5741 623 5811 στῆθι
656 5739 774 5811 μετ’
811 5740 963 5811 ἐμοῦ.
1006 5739 1124 5806 Quo
1169 5744 1330 5797 etiam
1379 5741 1819 5796 Sitnouianorum

263 5812 632 5867 haereticorum
681 5812 1132 5867 consuetudinem
1183 5821 1435 5868 revocat.
1497 5815 1589 5875 qui
1654 5828 1817 5869 suum

1927 1974 2032 2028 qua
2060 1959 2326 2014 instructa
2356 1962 2471 2029 ipsa
2489 1961 2840 2023 estmateria,
2863 1961 3087 2014 alterius
3115 1961 3236 2030 igne
3263 1977 3516 2026 accensa,

1927 2050 2199 2118 acceperit
2230 2069 2242 2103 :
2277 2051 2350 2104 ita
2379 2051 2624 2120 profecto
2661 2051 2934 2114 doctrina,
2971 2061 3030 2105 ut
3063 2053 3299 2106 donetur
3330 2053 3398 2106 ab
3433 2055 3514 2106 al-

1930 2150 2067 2208 tero,
2119 2143 2187 2196 ab
2227 2142 2398 2196 altero
2435 2143 2768 2212 accipiatur,
2807 2144 2998 2198 eadem
3035 2153 3215 2198 tamen
3261 2153 3315 2198 et
3364 2145 3416 2197 in
3451 2160 3516 2198 eo

1928 2234 2020 2302 qui
2051 2233 2280 2300 dederit,
2305 2244 2491 2304 postea
2527 2244 2791 2298 remanet,
2825 2245 2875 2289 et
2913 2236 2965 2288 in
2996 2250 3062 2289 co
3097 2244 3276 2289 tamen
3304 2235 3395 2303 qui
3423 2251 3504 2288 σοι

1926 2325 2150 2393 ceperit,
2205 2326 2318 2394 ipsa
2355 2334 2627 2380 versatur.
2659 2325 2822 2396 539
2849 2326 3020 2394 Cujus
3053 2341 3184 2380 sane
3213 2327 3290 2379 rei
3327 2341 3512 2388 causa,

1927 2418 1999 2470 mi
2034 2419 2253 2486 hospes,
2293 2419 2516 2473 humani
2554 2420 2689 2472 nihil
2717 2430 2800 2473 est
2828 2439 2841 2483 ;
2881 2420 2973 2472 sed
3000 2419 3142 2488 quod
3172 2417 3391 2471 habitus
3424 2417 3515 2471 illa

1929 2517 2246 2579 naturmque
2276 2511 2418 2564 ratio
2439 2552 2453 2576 ,
2505 2511 2664 2580 cujus
2693 2512 2897 2565 ambitu
2931 2511 3155 2565 scientia
3185 2511 3515 2577 continetur,

1928 2601 2114 2654 eadem
2144 2602 2368 2655 omnino
2411 2617 2531 2656 cum
2562 2604 2614 2656 in
2647 2601 2758 2656 Deo
2784 2603 2876 2666 sit,
2912 2617 2941 2656 a
2970 2619 3078 2671 quo
3104 2602 3363 2671 profecta,
3398 2612 3516 2656 tum

1928 2692 1980 2744 in
2007 2708 2092 2745 me
2120 2693 2283 2747 simul
2317 2709 2379 2746 ac
2412 2703 2481 2753 te,
2510 2694 2602 2764 qui
2637 2693 2973 2762 accepimus.
3030 2691 3217 2762 Itaque
3247 2694 3397 2748 Plato
3422 2709 3514 2748 sa-

1927 2784 2184 2853 pientiam
2213 2785 2278 2837 ad
2310 2785 2562 2840 homines
2583 2827 2597 2851 ,
2646 2801 2751 2838 una
2792 2801 2916 2838 cum
2955 2786 3076 2854 igne
3107 2785 3449 2847 clarissimo,
3484 2801 3515 2839 a

1928 2874 2251 2930 Prometheo
2275 2877 2506 2930 delatam
2537 2893 2656 2930 esse
2684 2878 2949 2930 dicebat.)
2998 2875 3141 2930 ldem
3175 2877 3514 2945 aliquantum

1927 2981 2250 3035 progressus
2277 2967 2377 3020 ista
2403 2968 2683 3036 subjuugit
2709 2986 2721 3020 :
2747 2987 2764 3017 ι
2790 2966 2864 3019 Ea
2899 2977 3045 3033 sunt,
3067 2968 3243 3038 inquit
3287 2969 3411 3022 vita:
3433 2985 3518 3038 ge-

1929 3071 2092 3120 nera;
2125 3057 2286 3126 primi
2331 3058 2414 3111 dei
2453 3061 2704 3123 alterum,
2737 3059 2965 3111 alterum
2994 3059 3239 3112 secundi.
3299 3057 3520 3111 Primu.

1929 3149 2130 3218 quippe
2179 3148 2323 3203 Deus
2359 3165 2503 3204 unus
2555 3166 2768 3218 semper
2822 3151 3072 3212 idemque
3105 3151 3347 3218 persistit
3384 3169 3396 3203 :
3429 3166 3517 3205 se—

1929 3244 2140 3298 cundus
2169 3242 2404 3297 subinde
2442 3243 2649 3296 moveri
2681 3243 2836 3296 solet.
2872 3242 2964 3296 Ille
3002 3244 3339 3312 spiritalibus
3372 3244 3516 3296 dun-

1928 3344 2079 3388 taxat
2109 3335 2160 3388 in
2191 3335 2377 3399 rebus,
2426 3334 2516 3388 hic
2559 3334 2614 3388 in
2662 3335 2751 3397 iis,
2803 3345 2912 3390 tam
2954 3351 3075 3404 qua“:
3101 3351 3317 3400 sensus,
3348 3352 3514 3405 quam

1927 3443 2048 3496 qua:
2097 3427 2313 3481 animus
2363 3425 2613 3496 percipit,
2660 3420 2980 3496 occupatur.
3039 3425 3226 3496 Neque
3255 3443 3386 3481 vero
3417 3427 3515 3481 tibi

1928 3519 2126 3572 mirum
2174 3518 2223 3572 id
2254 3518 2534 3582 videatur;
2576 3518 2698 3586 plus
2739 3520 2903 3572 etiam
2941 3520 3382 3575 adn'iirabilitatis
3416 3520 3516 3574 ha-

1927 3614 2036 3675 bet,
2067 3613 2211 3682 quod
2247 3614 2454 3667 audies.
2489 3612 2625 3667 Nam
2657 3614 2778 3668 loco
2809 3623 2991 3667 motus
3018 3615 3158 3683 ejus,
3191 3615 3244 3667 in
3278 3629 3390 3683 quo
3424 3631 3514 3669 se-

1928 3704 2141 3758 cundus
2172 3713 2442 3770 versatur,
2479 3705 2630 3758 illum
2663 3720 2784 3774 ego,
2817 3705 2910 3773 qui
2941 3705 3099 3774 primi
3127 3706 3379 3774 proprius
3409 3716 3513 3770 est,

1927 3803 2127 3848 statum
2153 3810 2216 3849 ac
2235 3793 2547 3849 ﬁrmitatem
2571 3794 2790 3864 quietis,
2818 3796 3058 3848 nativum
3082 3796 3370 3864 quemdam
3398 3812 3516 3852 mo-

1925 3897 2041 3942 tum
2069 3903 2190 3942 esse
2217 3887 2470 3951 defendo,
2504 3903 2568 3941 ex
2603 3902 2711 3956 quo
2736 3887 2877 3940 hanc
2903 3886 2956 3939 in
2984 3901 3163 3940 rerum
3193 3886 3515 3941 universita-

1929 3990 2066 4047 tem,
2095 3980 2283 4033 mundi
2320 3979 2456 4034 ordo
2504 3994 2568 4034 ac
2595 3979 2928 4048 sempiterna
2957 3979 3264 4033 constantia
3284 4019 3298 4041 ,
3335 3979 3516 4032 salus-

1926 4088 2033 4143 que
2061 4071 2354 4126 derivetur.
2391 4090 2410 4122 ι
2473 4071 2652 4141 Atque
2695 4071 2891 4124 iterum
2919 4070 3059 4124 libro
3087 4079 3242 4124 sexto
3272 4089 3284 4122 :
3324 4088 3342 4120 ‹
3374 4070 3509 4123 Cum

1924 4161 2114 4226 Plato,
2159 4161 2372 4230 inquit,
2420 4162 2588 4230 probe
2634 4160 2992 4229 intelligeret,
3039 4159 3214 4213 solmn
3248 4160 3509 4213 artificem

1926 4253 2096 4309 Deum
2157 4265 2344 4307 notum
2399 4253 2715 4308 hominibus
2766 4267 2830 4306 ac
2876 4261 3217 4321 perspectum
3263 4268 3405 4317 esse,
3459 4267 3513 4306 at

1924 4347 2116 4417 prima:
2143 4346 2292 4402 illius
2321 4345 2522 4400 mentis
2555 4360 2750 4398 nomen
2787 4344 3083 4398 obscurum
3131 4344 3349 4413 penitus
3377 4345 3512 4412 ipsis

1925 4453 2090 4513 atque
2123 4440 2369 4510 ignotum
2404 4453 2625 4492 manere
2657 4456 2669 4491 :
2702 4437 2806 4491 hoc
2835 4437 3065 4506 proinde
3109 4453 3281 4508 genus
3310 4438 3510 4491 oratio-

1930 4617 2061 4673 illud
2106 4631 2306 4670 numen
2343 4622 2552 4668 stantes
2580 4620 2967 4668 venerarentnr
2997 4628 3012 4668 :
3044 4613 3106 4664 0i
3140 4611 3194 4663 δὲ
3241 4612 3385 4680 ἀμφὶ
3419 4611 3511 4665 τὸν

1925 4689 2166 4758 Σίμωνα,
2187 4685 2387 4758 inquit,
2410 4683 2486 4753 τῷ
2515 4683 2728 4758 έστιῖζτι,
2763 4682 2822 4736 ὃν
2853 4682 3094 4758 σέϐουσι,
3128 4681 3508 4758 εξομοιοῦσθαι

1925 4752 2126 4829 τρόπον
2175 4752 2474 4829 βούλοντριι.
2510 4753 2593 4808 An
2641 4752 2808 4829 forte,
2846 4764 2907 4807 ut
2942 4753 3237 4829 Platonici,
3269 4754 3505 4820 primum

1927 4821 2072 4883 hunc
2091 4821 2252 4882 deum
2280 4825 2519 4890 ἑστῶτα,
2558 4824 2857 4878 secundum
2894 4839 3021 4877 vero
3062 4821 3379 4892 κινούμενον
3408 4837 3505 4891 pu-

1925 4907 2177 4953 taverunt
2197 4899 2220 4951 ?

1997 4970 2110 5038 (25)
2156 4964 2523 5038 "Oyjtata__6‘
2561 4963 2768 5038 αὑτοῇ
2823 4963 2980 5038 Quqd
3016 4962 3370 5038 (lescentulo
3400 4962 3508 5038 _ill_o

1924 5033 2393 5093 Nu'menius'falso
2427 5036 2676 5097 dicebat,
2720 5035 2769 5087 id
2815 5039 2881 5087 de
2911 5033 3210 5088 Christiani
3269 5033 3504 5087 hominis

1924 5111 2107 5163 animo
2127 5148 2140 5172 ,
2171 5108 2261 5178 qui
2301 5107 2521 5162 caeleste
2565 5105 2998 5178 quoddamuvita:
3026 5119 3196 5178 genus
3227 5103 3502 5178 instituat,

1924 5171 2413 5248 usurpari'merito
2442 5171 2634 5244 possit.
2663 5172 2776 5248 rNec
2804 5175 2947 5228 aliud
2973 5171 3264 5248 spectabat
3295 5171 3501 5225 Paulus

1923 5244 2339 5305 cum—diceret:
2369 5247 2706 5300 Conversatio
2746 5255 2923 5297 nostra
2965 5246 3017 5296 in
3068 5244 3210 5296 cretis
3255 5252 3361 5304 est,
3408 5253 3506 5296 aut

1923 5337 2047 5374 cum
2092 5320 2341 5374 homines
2374 5317 2715 5372 Christianos
2739 5356 2755 5382 ,
2783 5317 2916 5368 cives
2941 5323 3246 5368 sanctorum
3267 5354 3281 5379 ,
3312 5330 3374 5366 ac
3404 5312 3505 5366 Dei

1923 5393 2237 5445 domesticos
2271 5405 2379 5442 esse
2406 5387 2667 5457 cupiebat.

1995 5462 2119 5530 (2’1).
2145 5452 2519 5528 Διακροῦσάι.
2581 5456 2774 5521 Forte,
2829 5453 3217 5530 διακρούεσθαιἐ
3254 5453 3340 5506 vel
3383 5452 3501 5507 δια·

1925 5525 2294 5603 κρουσθῆναι,
2340 5539 2400 5583 ut
2443 5544 2567 5583 cum
2614 5527 2861 5598 sequenti
2910 5525 3318 5596 ἀποπλεχθῆναι
3368 5539 3504 5579 oon-

1922 5615 2122 5656 V'elllﬂl.

1995 5674 2106 5745 (“25)
2154 5671 2268 5745 Tﬁg
2296 5667 2853 5745 t5..tn¢._¥’crspieuum
2893 5667 3164 5738 glossema
3205 5674 3326 5734 est,
3373 5677 3501 5721 cum

1922 5740 2190 5812 prtecedat
2217 5741 2357 5813 ὑπὲρ
2385 5740 2608 5810 ταύτης.
