4042 6384
499 360 605 418 899
1129 352 1399 413 EUSEBII
1436 352 1916 409 CIESARIENSIS
1957 352 2105 408 OPP.
2138 350 2319 407 PARS
2360 350 2425 408 ll.
2457 384 2525 393 —
2561 350 3087 408 APOLOGETICA.
3186 302 3209 317 -
3739 336 3841 394 900

501 474 589 531 nis
616 469 885 536 adhibuit,
912 467 1135 539 perinde
1157 477 1218 523 ut
1246 467 1290 522 si
1322 466 1446 537 quis
1476 466 1624 521 hunc
1659 466 1713 520 in
1747 466 1968 522 modum
1998 467 2075 520 lo-

2244 468 2573 538 warm-adre;
2614 466 2875 540 Ἐϐραίων
2917 471 2965 521 οἱ
3022 462 3245 532 σοφοὶ,
3288 457 3591 511 δέδεικται
3626 454 3714 511 διὰ
3741 456 3840 511 τῶν

500 571 780 636 queretur.
834 559 1006 627 Quam
1034 572 1134 611 vos
1166 565 1402 611 mentem
1431 555 1683 611 homines
1712 572 1834 611 esse
1860 556 2084 625 conjici-

2248 558 2598 629 τεθειμένων.
2626 558 2864 622 Εἰκότως
2883 559 3026 629 δῆτα
3067 553 3184 609 καὶ¹
3223 550 3354 605 τῶν
3379 546 3708 619 φιλοσόφων
3739 546 3844 601 δια-

500 662 608 723 tis.
656 674 720 714 ea
766 656 984 728 quidem
1040 653 1214 725 prima
1267 666 1377 706 non
1430 658 1558 705 est:
1596 649 1873 721 antiquior
1918 650 2086 704 altera

2247 649 2360 721 ινὴς
2393 648 2633 718 γεγονὼς
2666 651 2927 721 Ἀμέλιος,
2956 652 3068 721 τῆς
3100 641 3442 703 Πλάτωνος
3465 636 3570 692 καὶ
3598 636 3780 705 αὐτὸς,
3801 643 3843 693 εξ

502 749 750 821 quedam
799 756 885 803 ρει
934 756 1097 816 atque
1149 744 1406 800 divinior.
1445 762 1463 795 ι
1526 741 1767 812 Itemque
1808 740 2089 796 nonnullis

2249 742 2279 794 Li
2305 759 2386 806 τις
2413 742 2591 805 ἄλλος,
2623 742 2867 815 ζηλωτὴς
2915 736 3305 813 φιλοσοφίας,
3349 732 3510 803 πὶὴν
3542 731 3686 785 ἀλλὰ
3726 731 3845 804 βάρ-

503 841 861 913 interpositis,
902 857 923 890 ι
958 836 1159 909 Utique
1211 837 1368 892 navis
1419 836 1770 907 gubernator,
1801 834 1981 888 medio
2002 832 2086 903 ja-

2250 851 2352 905 ιρον
2396 834 2671 904 ὀνομάσας
2712 834 2800 888 τὸν
2837 835 3122 907 Ἐϐραίων
3155 828 3288 901 (26)
3343 823 3642 892 θεολόγον,
3681 824 3730 876 εἰ
3762 826 3846 880 καὶ

504 947 681 992 ctatus
704 932 863 997 mari,
893 932 1048 987 clavo
1076 929 1294 1002 quidem
1322 928 1574 985 sublimis
1604 926 1869 987 insidens,
1904 925 2083 978 navim

2248 926 2270 997 ὴ
2301 926 2388 978 ἐπ’
2417 925 2678 997 ὀνόματος
2707 926 2906 996 ἠξίωσε
2938 927 3033 980 τοῦ
3091 916 3550 990 εὐαγγελιστοῦ
3605 916 3844 970 Ἰωάννου

504 1024 885 1096 gubernaculis
909 1022 1046 1093 regit
1077 1039 1094 1077 :
1128 1031 1181 1077 at
1203 1021 1393 1077 oculos
1424 1018 1585 1075 simul
1631 1025 1795 1086 atque
1827 1024 2085 1080 mentem,

2249 1019 2414 1090 riqqu
2454 1020 2779 1088 ποιήσασθαι
2802 1060 2815 1081 ,
2850 1019 3253 1092 ἐπιμαρτυρεῖ
3299 1013 3352 1067 δ’
3383 1007 3490 1065 οὖν
3541 1010 3702 1080 ὅμως
3736 1011 3845 1076 ταῖς

506 1126 651 1170 recta
678 1129 952 1169 summum
985 1112 1039 1166 iu
1083 1112 1283 1167 ccelum
1331 1109 1593 1164 intentam
1638 1107 1981 1174 detixamque
2009 1113 2089 1160 te-

2247 1107 2358 1161 )τοῦ
2406 1110 2651 1177 φωναῖς,
2706 1109 2847 1162 αὐτὰ
2896 1109 2958 1182 δὴ
3019 1108 3225 1164 ταῦτα
3288 1101 3449 1176 πρὸς
3500 1100 3665 1172 ῥῆμα
3713 1099 3843 1170 γρά-

507 1218 630 1277 net,
664 1223 871 1279 suaque
904 1206 1280 1270 hommi,dum
1306 1204 1535 1260 inferius
1561 1215 1711 1256 mare
1748 1200 1969 1270 trajicit,
2004 1200 2089 1252 via
2197 1217 2331 1269 φων.

502 1301 760 1373 superius
785 1315 879 1369 per
922 1299 1120 1353 coelum
1186 1296 1492 1351 coniicitur.
1545 1294 1622 1348 Ita
1690 1302 1878 1347 noster
1907 1291 1997 1346 hic
2025 1289 2242 1355 artifex,
2278 1307 2344 1346 ne
2404 1301 2499 1347 aut
2559 1293 2841 1348 materiam
2885 1293 3002 1364 ipse
3046 1290 3354 1363 disjiciat,
3409 1293 3520 1341 aut
3550 1283 3844 1355 dissipetur

507 1399 623 1470 .psa
678 1413 774 1467 per
819 1411 971 1461 sese,
1000 1409 1119 1449 eam
1186 1394 1278 1447 ubi
1345 1390 1740 1461 temperatione
1781 1388 2092 1458 colligavit,
2118 1387 2329 1452 eidem,
2358 1388 2582 1458 perinde
2640 1398 2700 1445 ut
2741 1389 2794 1443 in
2826 1390 2961 1444 mari
2993 1402 3253 1445 summae
3291 1382 3476 1446 navi,
3515 1380 3604 1435 sic
3630 1379 3840 1447 insidet,

506 1500 567 1546 ut
618 1492 763 1546 illam
808 1489 978 1559 ipsius
1032 1488 1475 1557 temperationem
1544 1485 1680 1540 ideis
1747 1484 2098 1554 quibusdam.
2148 1484 2304 1553 quasi
2354 1483 2758 1554 gubernaculis,
2804 1485 3119 1540 moderetur
3179 1499 3197 1537 :
3281 1477 3551 1543 emlique
3606 1474 3729 1529 loco
3753 1493 3840 1531 su-

507 1586 776 1655 periorem
810 1584 862 1639 in
911 1583 1103 1650 Deum,
1163 1598 1294 1637 suos
1346 1582 1519 1651 ipsius
1558 1580 1749 1635 oculos
1810 1580 1864 1633 in
1923 1594 2042 1634 sese
2097 1587 2497 1634 convertentem
2550 1580 2816 1646 intuitus,
2865 1595 2931 1634 ex
2977 1574 3501 1647 contemplatione
3562 1570 3837 1640 iudicandi

505 1681 638 1747 vim,
673 1687 733 1733 ut
760 1694 827 1732 ex
859 1688 1051 1748 suopte
1080 1676 1352 1731 desiderio
1410 1674 1828 1745 propensionem
1868 1684 1919 1729 et
1980 1674 2242 1744 impetum
2298 1674 2547 1744 accipiat.
2584 1695 2602 1726 ι
2638 1674 2849 1741 Quibus
2898 1690 3031 1729 sane
3071 1668 3438 1746 philosophi
3470 1666 3667 1723 verbis
3689 1666 3837 1724 aﬂine

506 1773 639 1828 illud
700 1781 784 1827 est
835 1771 1140 1826 Servatoris
1207 1770 1379 1825 nostri
1407 1770 1471 1834 ”,
1513 1788 1531 1821 ι
1576 1767 1744 1834 Nihil,
1794 1768 1991 1839 inquit,
2038 1779 2215 1840 potest
2274 1768 2444 1824 Filius
2504 1769 2682 1825 facere
2718 1785 2747 1823 a
2795 1770 3124 1841 semetipso,
3168 1766 3298 1823 nisi
3348 1762 3577 1820 viderit
3624 1760 3833 1817 Patrem

510 1862 815 1922 facientem.
857 1886 875 1917 ι
929 1863 1127 1919 Verum
1154 1880 1219 1919 ex
1250 1861 1518 1918 Numenio
1571 1862 1789 1932 quidem
1847 1864 1952 1919 hac
1975 1863 2042 1919 de
2103 1879 2162 1919 re
2199 1866 2362 1920 modo
2389 1864 2542 1921 satis.
2577 1862 2739 1936 540
2769 1862 2885 1930 Qua
2919 1864 3137 1934 quidem
3171 1862 3507 1925 oratione,
3554 1870 3614 1911 ut
3660 1854 3829 1913 Plato-

510 1956 597 2012 nis
647 1971 794 2019 vere,
841 1970 949 2009 non
999 1970 1154 2009 suam
1190 1954 1258 2008 ab
1286 1968 1352 2009 eo
1383 1953 1771 2023 propriamque
1798 1953 2102 2009 doctrinam
2142 1955 2400 2024 explicari
2433 1954 2613 2025 quivis
2642 1954 2923 2024 intelligat,
2970 1968 3201 2010 necesse
3264 1950 3427 2005 nihil
3486 1958 3581 2005 est
3626 1949 3740 2002 hzec
3769 1948 3829 2002 ad

507 2052 628 2121 ejus
650 2053 811 2106 verba
841 2051 1140 2122 quidquam
1183 2050 1496 2121 adiungere.
1529 2049 1576 2105 A
1604 2049 1830 2105 Platone
1878 2064 2008 2105 vero
2056 2066 2162 2105 non
2202 2052 2308 2106 hoc
2349 2051 2584 2121 primum
2632 2050 2892 2105 doctrina:
2934 2065 3105 2120 genus
3135 2049 3441 2105 traditum
3465 2087 3483 2111 ,
3522 2045 3624 2100 sed
3667 2044 3735 2099 ab
3768 2045 3827 2099 iis

508 2148 600 2215 qui
629 2146 771 2216 apud
802 2143 1061 2199 Hebrteos
1110 2144 1376 2213 sapientia
1407 2143 1751 2209 eminebant,
1784 2151 2110 2212 occupatum
2151 2143 2355 2209 fuisse,
2408 2141 2711 2198 manifestis
2748 2142 2855 2196 iam
2896 2144 3242 2212 argumentis
3310 2138 3635 2195 evicimus.
3690 2136 3822 2203 Quin

508 2239 674 2293 etiam
699 2237 962 2299 Amelius,
1027 2236 1358 2290 recentiores
1419 2235 1561 2289 inter
1599 2234 1954 2304 philosophos
2007 2234 2377 2298 clarissimus,
2429 2234 2681 2305 idemque
2714 2231 3005 2289 Platonica:
3031 2232 3430 2305 philosOphiaa
3476 2228 3822 2286 studiosissi-

508 2346 671 2399 mus,
708 2329 755 2386 si
796 2329 1086 2400 quisquam
1115 2330 1276 2395 alius,
1326 2328 1646 2394 aemulator,
1679 2329 1914 2397 ingenue
1946 2338 2093 2383 certe
2130 2328 2373 2399 quidem,
2411 2328 2514 2382 nisi
2566 2331 2713 2399 quod
2761 2325 3044 2382 Hebraeum
3098 2327 3218 2396 ipse
3245 2322 3602 2393 theologum
3631 2320 3822 2374 barba-

508 2440 631 2479 rum
665 2424 919 2493 appellat,
954 2422 1261 2479 utJoannis
1307 2424 1653 2494 evangelistae
1711 2438 1905 2478 nomen
1970 2438 2173 2494 ponere
2209 2423 2477 2489 noluerit,
2527 2423 2645 2494 ejus
2694 2430 2875 2478 tamen
2920 2424 3222 2477 orationem
3283 2419 3424 2476 suis
3463 2419 3595 2488 ipse
3649 2414 3819 2471 verbis

512 2517 936 2586 testimonioque
990 2517 1317 2579 confirmat,
1368 2516 1497 2569 dum
1556 2515 1701 2571 hunc
1752 2517 1805 2571 in
1866 2516 2089 2571 modum
2129 2514 2337 2571 scribit.

1093 2608 1323 2667 CAPUT
1370 2609 1511 2663 χιχ.
2126 2617 2169 2673 Β

2126 2617 2169 2673 Β
2719 2608 3118 2662 ΚΕΦΛΛΛΙΟΝ
3154 2607 3259 2662 ΙΘ’.

515 2724 591 2779 De
640 2722 865 2778 Joannis
919 2721 1060 2793 apud
1126 2736 1220 2794 nos
1272 2720 1606 2794 euangelista:
1672 2717 1976 2787 theologia,
2028 2731 2094 2770 ea:

2219 2724 2480 2793 Ἀμελίου
2529 2723 2640 2794 (‘27)
2675 2725 2805 2792 περὶ
2847 2721 2956 2790 τῆς
2988 2722 3291 2794 Ἰωάννου
3335 2722 3461 2775 τοῦ
3504 2718 3649 2788 πυρ’
3678 2717 3815 2788 ἡμῖν

1189 2788 1409 2844 Amelio.
2266 2788 2281 2793 ’
2539 2788 2549 2794 ⁷
2579 2788 3011 2864 εὗαγγεελισξοῦ
3049 2793 3403 2861 θεολογίας.

589 2886 795 2956 cAtque
830 2886 935 2940 hoc
963 2884 1121 2955 plane
1146 2882 1386 2938 Verbum
1413 2891 1551 2946 erat,
1581 2880 1780 2951 inquit,
1808 2894 1904 2950 per
1923 2878 2093 2948 quod,

2273 2906 2291 2936 ι
2321 2887 2431 2939 Καὶ
2460 2881 2613 2949 οὗτος
2640 2886 2748 2957 ἄρα
2775 2882 2842 2957 ἦν
2874 2886 2903 2937 6
2932 2885 3121 2953 Λόγος,
3152 2884 3276 2937 καθ’
3305 2884 3374 2937 ὃν
3422 2883 3545 2936 αἰεὶ
3587 2882 3718 2936 ὄντα
3745 2880 3810 2935 τὰ

516 2979 904 3048 sempiternum
952 2991 1076 3031 cum
1107 2983 1288 3039 esset,
1322 2975 1662 3029 exsistebant
1707 2971 1919 3034 omnia,
1975 2985 2097 3039 qua:

2211 2978 2457 3049 γινόμενα
2517 2978 2759 3046 ἐγίνετο,
2807 2977 2884 3041 ὡς
2929 2977 2995 3031 ἂν
3051 2977 3145 3030 καὶ
3200 2974 3592 3048 Ἡράκλειτος
3653 2971 3807 3040 ἀξιώ-

514 3071 736 3138 ﬁehant,
763 3069 1219 3141 quemadmodum
1239 3066 1545 3122 Heraclitus
1574 3067 1889 3135 loqueretur
1914 3080 1927 3116 :
1951 3061 2095 3132 quod

2206 3085 2313 3123 σειε
2341 3069 2474 3139 (28),
2508 3069 2602 3122 καὶ
2635 3069 2699 3141 νὴ
2743 3069 2825 3121 Δί’
2850 3070 2908 3123 ὃν
2937 3072 2965 3123 6
3000 3069 3275 3141 βάρϐαρος
3298 3070 3464 3136 ἁξιοῖ
3499 3069 3564 3120 ἐν
3592 3069 3662 3137 τῇ
3710 3066 3802 3133 τῆς

517 3163 696 3233 ipsum
723 3160 973 3215 videlicet
1006 3159 1275 3213 barbarus
1325 3159 1489 3212 etiam
1524 3157 1634 3219 ille,
1665 3157 1806 3226 apud
1843 3154 2009 3208 Deum
2042 3154 2094 3207 in

2206 3160 2373 3231 ἀρχῆς
2404 3159 2550 3224 τάξει
2580 3177 2640 3213 τε
2678 3160 2771 3213 καὶ
2796 3160 2923 3232 ἀξίᾳ
2944 3161 3054 3233 (29)
3080 3160 3477 3232 καθεστηκότα
3508 3157 3656 3228 πρὸς
3677 3154 3802 3209 Θεὸν

518 3254 768 3325 principii
819 3252 990 3324 gradu
1036 3267 1099 3305 ac
1143 3249 1410 3317 dignitate
1459 3248 1842 3313 constitutum,
1896 3246 2006 3298 inin
2045 3253 2100 3299 et

2199 3248 2357 3315 εἶναι,
2382 3253 2474 3306 καὶ
2497 3252 2629 3305 Θεὸν
2652 3249 2815 3306 εἶναι’
2840 3252 2907 3305 δι’
2932 3247 2992 3307 οὗ
3020 3251 3175 3307 πάνθ’
3201 3252 3399 3315 ἁπλῶς
3423 3246 3792 3319 γεγενῆσθαι·

517 3342 690 3398 Deum
735 3342 900 3397 simul
940 3356 1062 3396 esse
1094 3341 1414 3410 pronuntiat
1443 3356 1457 3393 :
1492 3353 1586 3407 per
1611 3338 1758 3407 quod
1785 3337 1927 3391 facta
1968 3337 2099 3390 sim-

2200 3345 2257 3396 ἐν
2282 3336 2325 3409 ᾧ
2345 3341 2407 3394 τὸ
2433 3342 2721 3414 γενόμενον
2755 3342 2882 3407 ζῶν,
2905 3341 2998 3395 καὶ
3020 3341 3184 3414 ζωὴν,
3221 3343 3317 3395 καὶ
3344 3342 3418 3395 ὃν
3462 3338 3793 3408 πεφυκέναιε

519 3434 733 3506 pliciter
763 3432 947 3487 omnia
979 3432 1109 3496 sint,
1148 3431 1200 3482 in
1231 3445 1341 3499 quo
1377 3428 1642 3498 quidquid
1673 3426 1874 3482 factum
1899 3435 2003 3493 est,
2046 3434 2100 3479 et

2201 3435 2294 3487 καὶ
2324 3436 2402 3497 εἰς
2429 3434 2497 3487 τά
2533 3433 2759 3504 σώματα
2787 3434 3026 3499 πίπτειν,
3050 3434 3145 3486 καὶ
3175 3434 3356 3504 σάρκα
3404 3430 3788 3500 ἐνδυσάμενον,

518 3526 728 3590 vivens,
757 3532 809 3577 et
853 3522 983 3586 vita,
1010 3530 1064 3575 et
1091 3520 1293 3589 aliquid
1336 3533 1434 3588 pro
1468 3533 1564 3572 sua
1618 3517 1875 3588 quodque
1903 3524 2097 3570 natura

2202 3525 2563 3595 φαντάζεσθαι
2590 3525 2895 3597 ἄνθρωπον,
2921 3525 3060 3597 μετὰ
3093 3526 3187 3578 καὶ
3210 3524 3303 3578 τοῦ
3334 3520 3659 3597 τηνικαῦτα
3696 3519 3794 3571 δει-

521 3616 685 3671 fuerit
714 3634 727 3670 :
755 3614 895 3669 idem
922 3628 1086 3682 porro
1114 3611 1167 3665 in
1193 3624 1420 3680 corpora
1451 3607 1625 3663 delabi
1648 3608 1834 3674 tradit,
1852 3615 1905 3662 et
1935 3621 2101 3662 carne

2201 3615 2384 3671 κνύειν
2410 3616 2507 3687 τῆς
2557 3614 2772 3684 φύσεως
2808 3615 2868 3668 τὸ
2917 3614 3232 3685 μεγαλεῖονο
3272 3615 3481 3685 ἀμέλει
3524 3612 3620 3664 καὶ
3656 3610 3784 3663 άνα-

523 3709 772 3762 indutum
793 3746 809 3773 ,
846 3704 1143 3758 humanam
1195 3701 1430 3771 speciem
1465 3715 1576 3769 pra:
1603 3714 1662 3754 se
1693 3699 1865 3763 ferre,
1910 3699 1989 3753 sic
2017 3707 2099 3750 ta-

2201 3708 2426 3761 λυθέντα
2455 3708 2616 3763 πάλιν
2651 3707 3033 3767 άποθεοῦσθαι,
3072 3708 3167 3760 καὶ
3201 3707 3333 3760 Θεὸν
3372 3703 3548 3768 εἶναι,
3584 3699 3695 3766 οἷος
3724 3697 3785 3772 ἦν

520 3815 645 3855 man
673 3806 734 3853 ut
768 3813 883 3853 suae
928 3796 1135 3850 interea
1184 3802 1392 3848 natura;
1436 3792 1775 3860 maiestatem
1805 3791 2054 3846 ostendat
2084 3828 2099 3852 ,

2204 3798 2307 3871 πρὸ
2335 3798 2427 3851 τοῦ
2450 3800 2530 3861 εἰς
2559 3798 2620 3851 τὸ
2649 3799 2827 3869 σῶμα,
2859 3799 2954 3852 καὶ
2984 3798 3079 3869 τὴν
3107 3799 3302 3871 σάρκα,
3335 3799 3437 3852 καὶ
3464 3797 3563 3850 τὸν
3587 3795 3782 3865 ἄνθρω-

522 3893 766 3962 adeoque
811 3891 1048 3944 solutum
1082 3887 1175 3942 ubi
1216 3887 1328 3956 jam
1369 3884 1565 3950 fuerit,
1597 3884 1691 3939 Dei
1719 3886 1896 3940 locum
1924 3884 2102 3939 denuo

2205 3906 2305 3941 πον
2335 3888 2670 3959 καταχθῆναι
2707 3886 3043 3959 (50).»Ταῖη*
3081 3888 3258 3942 οὐκέτ’
3307 3884 3778 3956 ὲπεσκιασμένωςς

521 3995 830 4054 capessere,
857 3996 921 4034 ac
945 3979 1116 4032 Deum
1142 3992 1369 4048 prorsus
1396 3978 1648 4033 eumdem
1664 3992 1805 4044 esse,
1837 3976 1933 4047 qui
1962 3986 2099 4045 erat,

2204 3981 2317 4034 ἀλλ’
2371 3954 2627 4054 ἄντιαρνς
2798 3954 2985 4054 ⁷γυμνῇ
3039 3984 3105 4053 τῇ
3159 3982 3366 4053 κεφαλῇ
3424 3954 3777 4054 μεταέεεφρα-

524 4073 845 4145 psiusquam
872 4072 925 4125 in
952 4085 1156 4139 corpus
1186 4078 1350 4138 atque
1381 4069 1437 4122 in
1465 4083 1685 4123 carnem
1716 4068 2100 4137 hominemque

2206 4073 2381 4142 σμένα
2406 4074 2470 4127 ὲκ
2495 4074 2593 4145 τῆς
2610 4072 2888 4146 βαρϐάρου
2912 4073 3189 4143 θεολογίας
3208 4073 3342 4145 δῆλα
3365 4070 3436 4127 ἂν
3452 4072 3565 4142 εἴη.
3599 4089 3618 4121 ι
3641 4069 3696 4121 '0
3725 4065 3774 4118 δέ

524 4166 898 4223 descenderet.
927 4183 945 4216 ι
984 4162 1111 4217 Haec
1135 4161 1245 4229 ille,
1273 4176 1395 4230 qua:
1416 4160 1661 4230 profecto
1691 4176 1798 4214 non
1826 4160 1940 4229 jam
1971 4159 2101 4215 sub-

2202 4182 2266 4234 γε
2292 4165 2564 4238 βάρϐαρος
2599 4166 2683 4230 τίς
2712 4162 2779 4237 ἦν
2818 4166 2986 4237 αὐτῷ,
3018 4168 3067 4219 εἰ
3092 4166 3166 4238 μὴ
3199 4165 3291 4220 τοῦ
3338 4164 3603 4236 Σωτῆρος
3629 4158 3775 4231 ἡμῶν

525 4260 761 4315 obscure
800 4255 1159 4321 adumbrata,
1220 4252 1314 4307 sed
1362 4253 1575 4321 palam,
1619 4251 1908 4322 nudaque,
1955 4250 2100 4320 quod

2202 4257 2589 4330 εὐαγγελιστὴς
2638 4259 2926 4329 Ἰωάννης,
2972 4258 3218 4329 Ἑϐραῖος
3250 4256 3325 4312 ὣν
3360 4256 3423 4322 ἐξ
3480 4254 3769 4326 Ἐϐραίωνς

525 4350 714 4416 aiunt,
761 4348 975 4415 fronte,
1023 4361 1093 4401 ex
1138 4345 1228 4400 illa
1276 4344 1493 4398 barbari
1547 4343 1786 4398 hominis
1829 4342 2097 4412 theologia

2202 4351 2260 4413 ὃς
2291 4367 2392 4402 που
2426 4349 2730 4421 ἀρχόμενος
2765 4349 2867 4419 τῆς
2900 4350 3105 4413 οἰκείας
3135 4350 3372 4421 γραφῆς,
3402 4343 3511 4403 ὧδὲ
3555 4362 3633 4415 πη
3660 4343 3770 4396 Geo.

528 4442 791 4498 translata
821 4456 942 4496 esse
968 4453 1130 4495 nemo
1154 4453 1264 4493 non
1293 4437 1461 4492 videt.
1493 4435 1765 4491 Barbarus
1785 4442 1965 4489 autem
1989 4434 2097 4499 ille,

2202 4443 2379 4512 λογεῖο
2410 4462 2428 4493 ι
2464 4444 2553 4497 Ἐν
2583 4445 2724 4515 ἀρχῇ
2747 4439 2816 4515 ἦν
2845 4447 2874 4497 6
2910 4444 3081 4512 Λόγος
3100 4460 3113 4475 ·
3146 4445 3241 4498 καὶ
3266 4446 3295 4497 6
3331 4442 3506 4511 Λόγος
3544 4435 3613 4511 ἦν
3641 4436 3767 4508 πρὸς

529 4552 691 4608 quem
713 4546 889 4601 vocat,
920 4533 1110 4603 ecquis
1138 4546 1304 4603 porro
1344 4530 1465 4594 fuit,
1494 4530 1598 4585 nisi
1633 4527 1873 4595 Joannes
1904 4527 2101 4582 Serva-

2201 4536 2292 4588 τὸν
2326 4535 2489 4588 Θεόν·
2514 4535 2609 4588 καὶ
2651 4534 2783 4598 Θεὸς
2827 4530 2894 4606 ἦν
2934 4537 2962 4588 6
3002 4534 3191 4603 Λόγος.
3221 4526 3389 4597 Οὗτος
3418 4529 3487 4604 ἧν
3535 4534 3593 4584 ἐν
3636 4527 3764 4597 ἀρχῇ

532 4632 666 4687 toris
708 4627 880 4683 nostri
925 4623 1278 4697 evangelista,
1320 4623 1414 4692 qui
1457 4620 1715 4676 Hebraeus
1760 4635 1826 4674 ex
1861 4617 2101 4674 Hebrteis

2206 4628 2341 4700 πρὸς
2364 4628 2451 4681 τὸν
2465 4626 2598 4680 Θεόν
2610 4627 2741 4697 (51).
2759 4628 2943 4681 Πάντα
2961 4627 3026 4680 δι’
3047 4625 3212 4680 αὐτοῦ
3238 4626 3470 4695 ἐγένετο,
3497 4623 3590 4678 καὶ
3608 4619 3760 4692 χωρὶς

528 4721 690 4777 erat?
717 4718 885 4787 Cujus
916 4722 1030 4771 inec
1054 4724 1138 4771 est
1168 4715 1288 4785 ipso
1317 4714 1497 4769 statim
1530 4711 1805 4782 Evangelii
1833 4711 1915 4767 sui
1941 4727 2102 4766 exor—

2164 4778 2165 4781 η
2205 4719 2369 4774 αὐτοῦ
2407 4721 2621 4789 ἐγένετο
2655 4719 2775 4773 οὐδὲ
2803 4720 2883 4785 ἓν,
2911 4718 2940 4772 ὃ
2970 4719 3191 4788 γέγονεν
3212 4737 3224 4748 ·
3273 4721 3332 4771 ὲν
3358 4717 3507 4788 αὐτῷ
3536 4714 3647 4784 ζωὴ
3681 4707 3760 4781 ἦν,

529 4812 619 4866 dio
644 4808 913 4878 theologia
945 4825 958 4860 :
997 4824 1015 4857 ι
1050 4808 1107 4858 In
1137 4804 1404 4874 principio
1437 4810 1555 4857 erat
1583 4801 1855 4865 Verbum,
1886 4811 1940 4856 et
1966 4800 2101 4855 Ver-

2204 4814 2298 4867 καὶ
2333 4816 2365 4883 ἡ
2404 4811 2516 4884 ζωὴ
2554 4808 2622 4883 ἦν
2649 4812 2710 4865 τὸ
2741 4811 2855 4881 φῶς
2903 4811 3009 4864 τῶν
3047 4811 3349 4883 ἀνθρώπων
3415 4811 3527 4864 Καὶ
3550 4810 3577 4861 ὁ
3604 4805 3757 4874 Λόγος

531 4903 660 4956 bum
689 4907 808 4955 erat
844 4897 985 4968 apud
1029 4895 1224 4962 Deum,
1251 4904 1307 4950 et
1347 4893 1487 4951 Deus
1533 4902 1652 4949 erat
1680 4894 1940 4949 Verbum.
1989 4891 2103 4948 Hoc

2207 4904 2343 4978 σὰρξ
2369 4902 2611 4973 ἐγένετο,
2649 4904 2739 4957 καὶ¹
2783 4904 3092 4976 ἐσκήνωσεν
3135 4905 3193 4958 ὲν
3229 4904 3381 4975 ἡμῖν.
3407 4904 3517 4958 Καὶ
3544 4898 3758 4954 ἐθεασά-

600 5015 645 5044 ”
681 5009 840 5067 Joan.
876 5025 930 5077 v,
969 5008 1057 5064 19.

605 5148 720 5221 (26)
767 5145 1068 5215 Ἐϐραίων.
1096 5142 1321 5198 Rectius
1358 5142 1628 5213 Ἑϐραῖον,
1655 5156 1777 5197 cum
1811 5140 1966 5196 alter.
1996 5156 2106 5195 ma-
2207 5146 2365 5221 εῖνςι,

535 5217 833 5296 nuscripto.
908 5284 955 5296 η
1094 5282 1109 5296 _
1144 5283 1178 5296 ῃ
1210 5281 1272 5296 ___
1381 5282 1394 5296 .
1501 5290 1511 5296 Δ
1840 5280 1875 5296 ἢ
1932 5281 1971 5296 η
2280 5219 2393 5296 (29)
2433 5218 2540 5296 βαι
2556 5218 2736 5296 -ᾀιξίᾳτ
2770 5217 2849 5273 lta
2880 5222 3224 5296 reposuimus
3264 5237 3331 5278 ex
3374 5220 3748 5289 manuscriptn,

607 5280 1048 5365 (ΞἸῘΆμελίρΡ-
1080 5281 1610 5365 Αςιὶἷιιᾳράοτειμξη
1641 5281 1743 5365 libo.
1769 5296 1808 5362 ι)
1832 5280 2098 5365 ηιῖέῖνως·
2135 5306 2178 5362 ι)
2208 5280 2299 5365 cui
2323 5280 2530 5344 similes
2556 5280 3006 5365 Theodoretus'et
3038 5290 3296 5362 Cyrillus,
3328 5308 3453 5347 cum
3486 5280 3749 5365 perperam

535 5351 735 5443 gygen,
783 5351 906 5427 pag.
946 5355 1064 5443 3§,|
1099 5353 1455 5443 tat-gyrilllum
1505 5351 1856 5443 aleiztndrin.
1898 5351 1991 5405 lib.
2045 5353 2098 5405 in
2135 5351 2171 5362 ”
2207 5360 2409 5413 editum
2434 5369 2580 5413 esse;
2604 5358 2819 5423 ἀταξία,

534 5423 814 5505 Iulianum
845 5423 964 5505 vin,
993 5424 1088 5505 fol.
1118 5423 1322 5505 i77,"p.
1356 5423 1556 5505 imcod.
1587 5423 1776 5505 “Graeci
1819 5436 2118 5505 manusch

1869 5436 2118 5505 ianuscrv
2276 5429 2387 5505 (ἕρ)
2416 5428 2818 5505 Ιξαζαχθ-ἦνᾳι.
2838 5429 3027 5505 Cyrill.
3058 5431 3465 5505 κατενεχθῆναι.

537 5450 814 5486 Juuanum
848 5450 964 5490 VIII,
994 5450 1088 5481 IUI.
1118 5450 1142 5479 1
1163 5450 1178 5478 I
1199 5450 1241 5490 ι,
1270 5450 1322 5494 μ.
1356 5450 1381 5476 ι
1434 5450 1556 5478 υυυ.
1603 5450 1776 5477 unum
1819 5450 2118 5489 ulmtuaur.,

537 5501 830 5583 quiﬂmho
861 5497 1039 5583 locum
1070 5492 1785 5583 h‘une‘htneliiproferunt:
1815 5492 1925 5583 nisi
1955 5492 2101 5583 quod

2276 5450 2387 5501 (0U)
2416 5450 2818 5498 Λαταχσηναι.
2842 5450 3027 5500 bynu.
3058 5450 3250 5486 κατενε
3290 5450 3466 5503 υηναι.

2200 5569 2213 5582 .
2271 5500 2381 5580 (31)
2416 5498 2573 5583 apag
2602 5499 2709 5580 ςὸν
2738 5502 2903 5583 Geor.
2950 5501 3220 5583 Hactenus
3354 5502 3581 5559 Joannis
3607 5499 3746 5583 verba

535 5562 771 5647 Cyrinus
798 5584 924 5647 θΨιι
968 5582 1031 5622 εἴ
1082 5563 1381 5647 Porphyrii?
1412 5565 1593 5647 Ροιίυξ
1618 5603 1651 5647 ν,
1683 5562 1792 5647 seq,
1828 5562 2100 5647 Αεηρξίιιιη
2198 5569 2254 5647 in
2280 5562 3066 5647 'priori'_editione-citahantur
3088 5590 3118 5647 ἐξ
3150 5588 3249 5628 nos
3282 5581 3485 5640 tamen,
3519 5573 3663 5647 quod
3684 5571 3744 5623 ita

539 5632 700 5713 suum
732 5639 1019 5704 laudante,
1058 5632 1222 5706 quam
1255 5632 1322 5691 ex
1354 5632 1586 5705 ipsomet
1624 5633 1861 5698 Amelio,
1891 5632 2105 5687 videtur

2198 5632 2375 5713 locus
2404 5640 2620 5709 exigere
2665 5640 2974 5707 videretur,
3026 5642 3234 5713 reliqua
3283 5658 3348 5697 ex
3398 5632 3744 5710 manuscripto

541 5710 810 5783 hausisse.
853 5778 876 5783 ι
923 5778 933 5783 _
1140 5775 1177 5783 _
1324 5774 1377 5783 __
1421 5772 1432 5783 _
1871 5773 1906 5783 η
2201 5709 2527 5765 addidimus.

613 5780 724 5852 (28)
775 5778 1090 5845 ’Aé'tdto‘sw.
1140 5772 1627 5842 Postdatdiastev,
1672 5772 1824 5829 addit
1866 5773 2101 5848 Cyrillus
