4042 6384
1384 352 1707 410 ΡΒᾹΞΡΑΠ.
1751 353 2000 408 EVANG.
2043 352 2172 409 ΗΒ.
2215 350 2304 406 XI.

3394 359 3499 413 90?.

245 473 392 546 μεθα
424 471 525 544 τὴν
569 471 724 535 δόξαν
757 470 940 533 αὑτοῦ,
987 469 1139 535 δόξαν
1169 470 1244 532 ὡς
1289 469 1621 536 Μονογενοῦς
1675 470 1817 540 παρὰ

1923 480 2039 524 erat
2088 472 2144 523 in
2195 471 2462 540 principio
2513 471 2653 540 apud
2687 471 2877 528 Deum.
2945 471 3138 526 Omnia
3183 487 3277 542 per
3322 472 3498 542 ipsum

239 567 480 632 Πατρός.
516 583 533 614 ι
559 563 664 616 Τοῦ
687 563 732 616 δ’
752 561 916 615 αὐτοῦ
939 562 1062 634 πέρι
1093 562 1187 614 καὶ
1209 561 1364 624 ἄλλος
1379 561 1622 631 Ἐϐραῖος
1643 559 1819 612 θεολό-

241 673 341 726 γος
366 655 670 708 ἐπάκουσον
685 648 772 706 οἶα
789 651 1038 716 διέξεισιν
1053 668 1066 682 ο
1102 671 1120 702 ι
1151 653 1246 714 Ὃς
1263 653 1378 703 ἐστι
1398 648 1559 703 εἰκὼν
1575 649 1666 702 τοῦ
1685 649 1818 702 Θεοῦ

243 745 340 799 τοῦ
369 743 603 814 ἀοράτου
622 784 635 806 ,
667 743 1013 813 Πρωτότοκος
1039 739 1218 810 πάσης
1250 739 1350 808 τῆς
1376 739 1628 801 κτίσεως,
1650 739 1730 790 ὅτι
1761 739 1819 793 ὲν

242 835 398 906 αὑτῷ
432 835 655 906 ἐκτίσθη
704 835 877 887 πάντα
911 833 979 886 τὰ
1012 834 1070 887 ἐν
1099 837 1211 895 τοῖς
1244 835 1494 903 οὐρανοῖς
1526 833 1619 886 καὶ
1642 834 1708 886 τὰ
1729 833 1820 886 ἐπὶ

244 927 344 996 τῆς
375 927 498 996 γῆς’
519 928 609 978 καὶ
631 927 805 980 πάντα
828 925 893 976 δι’
922 924 1084 977 αὑτοῦ
1112 925 1425 996 συνέστηκε,
1445 926 1537 977 καὶ
1557 924 1624 978 τά
1647 925 1822 978 πάντα

245 1020 301 1070 ὲν
329 1017 481 1087 αὐτῴ
508 1015 750 1087 ἐκτίσθη,
775 1016 842 1070 τά
870 1033 926 1068 τε
956 1015 1124 1086 ὁρατὰ
1155 1017 1248 1068 καὶ
1275 1016 1342 1068 τά
1366 1017 1589 1088 ἀόρατα.
1619 1035 1637 1069 ι
1671 1017 1828 1070 Ἀλλά

244 1109 339 1160 καὶ
369 1109 438 1160 τά
466 1107 593 1178 περὶ
621 1108 717 1178 τῆς
734 1106 824 1160 τοῦ
853 1106 1103 1179 δευτέρου
1129 1107 1301 1160 αίτίου
1327 1107 1632 1172 συστάσεως
1655 1125 1712 1161 τε
1735 1109 1828 1161 καὶ

240 1202 300 1254 οὺ
311 1199 552 1262 σιώσεως
573 1193 670 1252 ὦδε
699 1201 810 1261 τοῖς
851 1197 1099 1269 Ελλήνων
1118 1201 1297 1266 σοφοῖς
1320 1201 1455 1272 πρὸς
1471 1201 1538 1254 τά
1564 1201 1828 1272 Ἐϐραίων

242 1291 680 1362 συμπεφώνηται
702 1308 714 1320 ’
748 1290 1019 1361 μετίωμεν
1047 1289 1181 1360 δῆτα
1210 1292 1303 1344 καὶ
1333 1294 1417 1360 ἐφ’
1447 1293 1652 1363 ἓτερον.

1922 560 2060 614 facta
2092 573 2238 626 sunt,
2256 572 2310 614 ct
2340 564 2454 614 sine
2486 562 2600 630 ipso
2619 561 2822 615 factum
2847 564 3105 626 estnihil,
3136 564 3278 632 quod
3297 564 3497 618 factum

1921 661 2024 705 est.
2061 650 2118 704 In
2156 652 2274 722 ipso
2302 653 2407 704 vita
2437 662 2572 718 erat,
2596 662 2647 706 et
2675 654 2779 706 vita
2802 663 2918 707 erat
2944 655 3040 706 lux
3075 655 3378 708 hominum.
3436 655 3500 709 Et

1922 741 2156 797 Verbum
2190 759 2318 797 caro
2349 743 2548 797 factum
2572 753 2740 808 est,et
2764 745 3024 798 habitavit
3053 745 3105 798 in
3133 745 3308 800 nobis.
3329 745 3394 798 Et
3421 748 3498 798 vi-

1921 834 2101 888 dimus
2117 836 2343 904 gloriam
2363 835 2500 903 ejus,
2518 835 2741 906 gloriam
2761 837 2915 904 quasi
2933 834 3204 905 Unigeniti
3228 851 3256 889 a
3280 830 3459 890 Patre.
3475 853 3494 887 ι

1929 924 2086 997 54],
2128 925 2230 979 Sed
2271 925 2394 978 audi
2430 927 2556 995 quid
2589 926 2728 980 alius
2756 942 2973 995 quoque
3003 928 3286 997 theologus
3310 927 3376 980 de
3404 941 3496 980 eo-

1928 1018 2071 1081 dem,
2123 1017 2381 1070 llebraeus
2425 1026 2477 1071 et
2522 1019 2658 1087 ipse,
2695 1019 3037 1087 pronuntiet:
3094 1018 3224 1084 «Qui
3262 1028 3365 1082 est,
3409 1018 3497 1072 in-

1930 1110 2068 1180 quit,
2129 1110 2307 1179 imago
2359 1108 2451 1162 Dei
2511 1110 2820 1177 invisibilis,
2873 1111 3266 1180 primogenitus
3319 1111 3501 1166 omnis

1929 1211 2211 1265 creaturae,
2244 1201 2502 1270 quoniam
2541 1202 2594 1255 in
2631 1202 2748 1271 ipso
2790 1203 3007 1256 condita
3051 1213 3180 1257 sunt
3215 1204 3494 1261 universa.

1933 1293 1985 1345 iu
2009 1293 2162 1347 crclis
2189 1302 2240 1344 et
2268 1291 2319 1344 in
2351 1301 2491 1345 terra
2516 1311 2528 1345 :
2558 1302 2609 1345 et
2641 1294 2821 1346 (ιιιιιιὶιι
2860 1309 2955 1363 per
2995 1296 3168 1364 ipsum
3201 1295 3497 1351 constituta

239 1397 394 1449 sunt,
428 1394 482 1438 et
514 1383 696 1437 omnia
742 1383 794 1436 in
847 1382 965 1451 ipso
1015 1394 1196 1436 creata
1233 1393 1405 1450 “sunt,
1454 1400 1578 1439 cum
1616 1383 1870 1446 visibilia,
1911 1393 2024 1437 tum
2064 1383 2356 1437 invisibilia
2377 1384 2446 1436 ³ο.
2485 1403 2504 1435 ›
2542 1384 2618 1438 Ac
2648 1385 2714 1438 de
2744 1385 2966 1438 secundi
2999 1387 3213 1456 quidem
3247 1387 3496 1456 principii

243 1475 618 1545 generatione,
677 1482 732 1527 et
782 1473 1183 1528 communicata
1247 1488 1370 1527 eum
1426 1475 1518 1529 illo
1571 1475 1808 1530 essentia
1874 1475 2133 1528 hactenus
2171 1490 2267 1536 ea,
2334 1476 2386 1528 in
2436 1476 2631 1544 quibus
2685 1476 2996 1532 Graecorum
3054 1479 3323 1547 sapientes
3371 1494 3495 1532 cum

243 1569 603 1626 ﬂebrmorum
661 1566 906 1621 doctrina
969 1566 1340 1620 consentiunt.

775 1661 1165 1714 ΚΕΦΑΛΑῐυΝ
1209 1662 1292 1713 Κ’.

400 1755 539 1824 Περὶ
579 1753 697 1808 τῶν
733 1751 908 1821 τριῶν
946 1751 1208 1821 ἀρχικῶν
1240 1752 1653 1807 ὺποστάσεων.

311 1848 434 1900 Τῶν
462 1849 591 1918 παρ’
625 1845 896 1917 Ἑϐραίοις
925 1843 1120 1910 λογίων
1152 1843 1290 1914 μετὰ
1322 1844 1411 1896 τὸν
1446 1845 1572 1915 περὶ
1612 1844 1820 1914 Ila-:96;
1853 1883 1894 1936 Β

241 1944 338 1994 καὶ
373 1939 505 1993 Υἱοῦ
528 1939 684 2008 λόγον
719 1940 775 1990 ὲν
800 1936 958 2008 τρίτη
980 1935 1130 2000 τάξει
1151 1935 1210 1987 τὸ
1232 1935 1386 2003 ἆγιον
1413 1936 1634 2006 Πνεῦμα
1655 1953 1819 1988 κατα-

239 2032 526 2100 λεγόντων,
562 2029 655 2082 καὶ
697 2029 794 2098 τήν
827 2043 889 2094 γε
937 2025 1096 2094 ἁγίαν
1142 2025 1237 2079 καὶ
1292 2025 1564 2095 μακαρίαν
1617 2025 1818 2096 Τριάδα

238 2124 430 2177 τοῦτον
471 2118 871 2190 ὑποτιθεμένων
915 2116 1006 2168 τὸν
1045 2115 1275 2186 τρόπον,
1305 2115 1379 2178 ὼς
1406 2114 1470 2167 ἂν
1505 2115 1600 2184 τῆς
1631 2115 1818 2184 τρίτης

239 2217 521 2286 δυνάμεως
547 2213 727 2266 πᾶσαν
769 2206 1207 2280 ὑπερϐεϐηκυίας
1241 2207 1474 2276 γενητὴν
1503 2206 1660 2274 φύσιν
1681 2223 1692 2234 ·
1727 2201 1816 2257 οὖ-

241 2307 341 2359 σάν
389 2322 452 2356 τε
504 2299 726 2373 πρώτην
779 2300 876 2369 μὲν
927 2297 1032 2350 τῶν
1075 2297 1162 2350 διὰ
1212 2295 1306 2350 τοῦ
1348 2297 1479 2349 Υἱοῦ
1537 2295 1818 2349 συστασῶν

241 2395 444 2466 νοερῶν
472 2391 697 2455 οὐσιῶν,
734 2389 921 2460 τρίτην
965 2387 1020 2440 δὲ
1052 2388 1159 2440 ἀπὸ
1200 2385 1294 2439 τοῦ
1337 2385 1552 2456 πρώτου
1603 2385 1776 2437 αἰτίου
1801 2401 1814 2414 ο

241 2488 338 2541 θέα
374 2487 523 2547 ὅπως
569 2484 662 2535 καὶ
702 2481 730 2532 ὁ
770 2481 992 2534 Πλάτων
1027 2478 1255 2532 τοιαῦτά
1287 2495 1405 2530 τινα
1461 2475 1679 2547 ᾐνίξατο
1731 2475 1818 2528 διὰ

239 2579 339 2646 τῆς
371 2576 507 2647 πρὸς
528 2573 798 2627 Διονύσιον
827 2571 1132 2640 ἐπιστολῆς,
1168 2569 1339 2637 λέγων
1359 2585 1370 2598 ·
1408 2588 1425 2618 ι
1452 2567 1720 2638 Φραστέον
1753 2565 1816 2637 δή

242 2684 324 2719 σοι
355 2666 425 2718 δι’
451 2662 808 2733 αἰνιγμάτων,
832 2662 897 2714 ἶν’
921 2660 986 2713 ἄν
1015 2677 1065 2712 τι
1093 2658 1294 2722 δέλτος,
1319 2657 1350 2726 ἦ
1380 2657 1596 2720 πόντου,
1627 2656 1659 2725 ἢ
1691 2655 1814 2724 γῆς,

241 2761 296 2810 ὲν
323 2758 552 2825 πτυχαῖς
580 2754 746 2827 πάθῃ,
768 2756 796 2806 6
825 2751 1089 2819 ἀναγνοὺς
1118 2749 1192 2820 μὴ
1219 2747 1350 2818 γνῷ.
1377 2742 1502 2800 Ὧδε
1538 2747 1646 2818 γὰρ
1670 2747 1779 2816 ἔχει
1800 2764 1812 2776 ο

241 2851 400 2917 Παρὰ
456 2846 546 2898 τὸν
591 2844 806 2896 πάντων
865 2840 1087 2911 βασιλέα
1149 2838 1306 2890 πάντ’
1347 2836 1484 2898 ἐστὶ,
1531 2837 1622 2889 καὶ
1670 2836 1815 2887 ὲκεί-

243 2957 331 2993 νου
361 2941 526 2991 ἓνεκα
559 2937 750 2996 πάντα,
776 2933 869 2986 καὶ
900 2934 1105 2994 ἐκεῖνος
1129 2931 1298 2982 αίτιον
1327 2928 1577 2980 ἁπάντων
1607 2926 1811 2981 καλῶν·

241 3031 494 3100 δεύτερον
525 3029 581 3082 δὲ
627 3026 776 3098 παρὰ
805 3025 872 3078 τά
918 3022 1174 3094 δεύτερα,
1210 3020 1303 3074 καὶ⁴
1333 3019 1514 3088 τρίτον
1557 3018 1703 3088 παρά
1749 3017 1816 3070 τὰ

243 3125 419 3195 τρίτα.
466 3121 527 3174 Ἦ
572 3115 665 3172 οὖν
709 3115 1022 3188 ἀνθρωπίνη
1050 3111 1194 3184 ψυχὴ
1233 3111 1360 3181 περὶ
1391 3111 1527 3163 αὐτὰ
1565 3111 1814 3181 ὀρέγεται

1413 1566 1532 1621 Jam
1588 1567 1655 1622 ad
1704 1569 1808 1622 alia
1850 1578 2211 1622 transeamus.

2505 1659 2732 1715 CAPUT
2769 1660 2888 1715 XX.

2018 1751 2092 1804 De
2122 1751 2287 1804 (ribus
2319 1751 2650 1815 substantiis,
2677 1751 2922 1820 principii
2955 1752 3054 1805 vim
3086 1751 3414 1805 habentibus.

2000 1842 2310 1898 Secundum
2364 1842 2577 1896 Patrem
2627 1858 2691 1896 ac
2745 1841 2968 1908 Filium,
3028 1845 3245 1898 tertium
3303 1846 3496 1899 ordine

1925 1931 2186 2003 Spiritum
2250 1943 2497 1988 sanctum
2559 1931 2783 1985 llcbrrca
2841 1935 3059 1988 oracula
3131 1937 3493 1999 constituunt,

1920 2037 2273 2096 sanctamque
2299 2043 2364 2081 ac
2399 2027 2608 2080 beatam
2647 2025 2967 2080 Trinitatem
3001 2043 3065 2081 eo
3102 2043 3157 2081 se
3196 2029 3356 2082 modo
3401 2030 3496 2082 lia-

1921 2119 2069 2186 bere,
2124 2120 2497 2188 pronuntiant.
2535 2127 2592 2171 ut
2632 2119 2729 2172 abs
2757 2119 2952 2172 virtute
2986 2122 3084 2172 hac
3121 2119 3297 2182 tertia,
3337 2121 3496 2190 quid-

1918 2209 2047 2278 quid
2076 2210 2267 2278 genitae
2298 2220 2504 2264 natura:
2542 2221 2624 2265 est
2651 2211 2921 2280 superari,
2977 2211 3316 2279 eandemque
3365 2226 3490 2264 cum

1919 2303 2266 2372 Spiritalium,
2310 2319 2431 2372 quae
2477 2320 2570 2373 per
2601 2304 2799 2358 Filium
2850 2305 3128 2367 exstitere,
3170 2314 3491 2357 naturarum

1919 2397 2241 2466 principem,
2293 2408 2405 2451 tum
2461 2397 2529 2450 ab
2581 2397 2760 2466 primo
2811 2395 3078 2465 principio
3111 2395 3325 2449 tertiam
3372 2411 3494 2449 esse

1921 2487 2106 2540 velint.
2138 2484 2256 2539 Jam
2295 2486 2514 2552 videsis,
2555 2486 3012 2556 quemadmodum
3049 2486 3136 2539 illa
3172 2487 3286 2555 ipsa
3313 2485 3489 2548 Plato,

1919 2577 2255 2632 subobscure
2277 2577 2422 2643 licet,
2457 2578 2507 2630 in
2533 2594 2595 2631 ea
2623 2593 2784 2646 quam
2815 2576 2881 2629 ad
2904 2575 3218 2646 Dionysium
3251 2575 3491 2644 scripsit,

1917 2667 2164 2738 epistola,
2197 2668 2281 2723 his
2327 2668 2507 2723 verbis
2543 2668 2880 2721 adulnbrarit
2910 2667 3096 2722 :«llmc
3129 2667 3492 2736 muigmatice,

1919 2759 2114 2828 inquit,
2174 2757 2463 2827 aperienda
2525 2740 2618 2812 tibi
2675 2768 2822 2822 sunt,
2859 2757 2936 2810 uti
2975 2772 3062 2821 ne,
3096 2757 3140 2809 si
3178 2755 3308 2824 quid
3355 2755 3495 2808 forte

1919 2851 2053 2904 mari
2088 2861 2319 2916 terrave,
2375 2850 2619 2919 epistola:
2667 2851 2831 2919 hujus
2866 2849 3078 2918 paginis
3128 2847 3332 2901 factum
3364 2847 3490 2908 erit,

1918 2943 2214 3012 intelligere
2249 2941 2442 3012 possit,
2479 2942 2570 3011 qui
2622 2942 2830 3011 legerit.
2889 2940 2979 2994 Sie
3009 2939 3154 2994 enim
3190 2955 3246 2994 se
3274 2955 3359 2992 res
3393 2939 3493 2991 ba-

1919 3035 2005 3088 bet
2031 3034 2212 3088 :Cirea
2240 3036 2620 3087 universorum
2655 3049 2832 3102 regem
2885 3031 3066 3085 omnia
3103 3041 3247 3098 sunt,
3278 3046 3340 3083 ac
3363 3044 3492 3097 pro-

1917 3138 2034 3196 pter
2065 3127 2244 3195 ipsum
2297 3125 2501 3178 omnia.
2562 3125 2706 3178 Idem
2743 3125 3008 3177 bonorum
3055 3122 3299 3176 omnium
3334 3121 3489 3189 prin-

247 3215 434 3286 μαθεῖν
467 3214 593 3263 ποῖα
628 3211 761 3264 ἄττα
791 3207 928 3268 ἐστὶ,
971 3205 1244 3276 βλέπουσα
1272 3205 1351 3265 είς
1383 3201 1448 3254 τὰ
1479 3201 1650 3270 αὐτῆς
1685 3217 1815 3269 συγ-

1919 3218 2121 3286 cipium
2147 3226 2251 3270 est.
2294 3217 2360 3267 At
2397 3215 2542 3268 circa
2588 3216 2908 3280 secundum,
2948 3229 3008 3266 ea
3053 3227 3174 3282 qua:
3217 3211 3488 3264 secundo:

243 3305 391 3375 γενῆ.
421 3323 440 3354 ι
469 3301 650 3356 Ταῦτα
683 3301 732 3352 οἱ
758 3299 845 3352 τὸν
885 3296 1145 3350 Πλάτωνα
1173 3294 1452 3362 διασαφεῖν
1484 3292 1812 3363 πειρώμενοι

243 3400 330 3450 ἐπὶ
360 3397 454 3450 τὸν
488 3393 702 3466 πρῶτον
733 3391 864 3443 Θεὸν
903 3391 1212 3458 ἀνάγουσιν,
1242 3389 1331 3440 ὲπί
1373 3405 1431 3440 τε
1461 3386 1519 3440 τὸ
1565 3385 1811 3456 δεύτερον

244 3491 434 3552 αἴτιον,
462 3487 554 3538 καὶ
579 3484 759 3555 τρίτον
779 3483 876 3552 τὴν
905 3480 997 3534 τοῦ
1026 3481 1231 3551 κόσμου
1258 3479 1455 3549 ψυχὴν,
1473 3479 1604 3531 Θεὸν
1633 3479 1811 3550 τρίτον

243 3582 333 3633 καὶ
359 3579 530 3648 αὐτὴν
560 3576 860 3648 ὁριζόμενοι
887 3570 1045 3627 εἶναι.
1076 3574 1138 3626 Οἱ
1169 3572 1226 3625 δέ
1261 3589 1323 3640 γε
1357 3571 1488 3624 θεῖοι
1531 3571 1676 3638 λόγοι
1716 3571 1812 3638 τὴν

243 3671 400 3739 ἁγίαν
435 3670 526 3722 καὶ
553 3667 826 3740 μακαρίαν
861 3665 1088 3738 Τριάδα,
1125 3664 1357 3736 Πατρὸς,
1394 3664 1486 3717 καὶ
1524 3663 1673 3728 Υίοῦ,
1720 3663 1814 3716 καὶ

245 3763 395 3831 ἁγίου
426 3760 736 3831 Πνεύματος
765 3761 821 3812 ἐν
856 3758 1031 3828 ἀρχῆς
1063 3757 1204 3827 λόγῳ
1233 3755 1519 3820 τάττουσι,
1562 3754 1702 3807 κατὰ
1745 3752 1813 3807 τά

245 3851 632 3923 ἀποδεδομένα·
665 3850 855 3903 ἕπεται
883 3849 1089 3912 τούτοις
1118 3847 1214 3919 τὴν
1250 3846 1342 3900 τοῦ
1385 3845 1588 3914 ἀγαθοῦ
1632 3844 1813 3910 ἐξετά-

249 3965 333 4001 σαι
365 3947 572 3999 οὐσίαν.

1917 3308 2059 3362 circa
2095 3306 2333 3371 tertium,
2386 3320 2450 3359 ea
2492 3321 2613 3374 qua:
2677 3305 2836 3358 tertio
2887 3304 3078 3358 ordine
3111 3303 3488 3365 continentur,

1916 3404 2111 3450 cuncta
2156 3402 2462 3449 versantur.
2518 3393 2649 3459 Quae
2702 3393 2918 3462 quidem
2976 3391 3217 3445 hominis
3247 3390 3486 3451 animus,

1918 3488 1971 3541 in
2005 3502 2092 3539 res
2123 3486 2226 3540 sibi
2261 3494 2521 3554 cognatas
2556 3485 2825 3546 intentus,
2855 3481 3163 3551 cujnsmodi
3195 3481 3324 3545 sint,
3363 3493 3486 3548 per-

1917 3585 2099 3644 specta
2151 3585 2204 3628 et
2245 3575 2523 3642 explorata
2558 3573 2758 3627 habere
2806 3573 2984 3640 gestit.
3024 3592 3041 3622 ι
3082 3569 3205 3624 Ηιιξε
3246 3568 3488 3622 Platonis

1920 3667 2104 3730 verba,
2129 3665 2221 3734 qui
2253 3665 2629 3733 explicandam
2673 3663 2984 3732 phil050phi
3033 3669 3265 3714 mentem
3297 3674 3489 3714 susce-

1919 3771 2064 3824 pere,
2105 3756 2169 3809 ad
2197 3757 2428 3825 primum
2477 3754 2670 3818 Deum,
2720 3754 3127 3821 secundmnque
3160 3750 3486 3821 principium

1919 3848 2180 3911 referunt,
2199 3863 2298 3901 nec
2326 3863 2431 3900 non
2455 3847 2518 3900 ad
2547 3847 2764 3900 tertium
2783 3861 2975 3914 ,qnam
3006 3843 3191 3896 mundi
3219 3842 3483 3902 animam,

1917 3937 2188 4006 deumque
2215 3938 2433 3991 tertium
2468 3938 2568 4006 ipsi
2595 3952 2812 4005 quoque
2854 3935 3125 4004 appellare
3170 3933 3364 3987 solent.
3419 3933 3487 3985 At

245 4048 484 4098 sanctam
515 4039 659 4094 illam
701 4038 1024 4104 beatamque
1072 4031 1253 4086 Patris
1311 4040 1366 4085 et
1422 4027 1562 4087 Filii.
1617 4037 1670 4082 et
1694 4025 1932 4096 Spiritus
1982 4029 2152 4082 sancti
2218 4028 2538 4092 trinitatem,
2592 4026 2863 4095 principii,
2930 4035 2988 4078 ut
3031 4024 3141 4092 jam
3190 4035 3314 4078 ante
3345 4023 3486 4076 dixi-

248 4151 387 4198 mus,
420 4134 530 4187 vim
581 4141 635 4186 et
669 4129 936 4184 rationem
983 4123 1180 4178 habere
1233 4122 1428 4176 divina:
1462 4121 1656 4175 litterae
1689 4119 1972 4173 deﬁniunt.
2016 4118 2292 4188 Sequitur,
2323 4129 2379 4172 ut
2405 4118 2530 4170 boui
2558 4126 2804 4170 naturam
2837 4117 3213 4185 quuiramus.

746 4219 1137 4277 ΚΕΦΑΛΛΙΟΝ
1177 4217 1307 4270 KA'.

529 4317 670 4386 Περὶ
714 4314 822 4384 τῆς
853 4313 959 4367 τοῦ
1005 4308 1230 4380 ἁγαθοῦ
1273 4307 1506 4371 οὐσίας.

311 4418 420 4486 Τῆς
457 4414 584 4482 παρ’
631 4407 898 4478 Ἑϐραίοις
944 4403 1094 4465 θείας
1141 4398 1362 4471 Γραφῆς
1408 4396 1679 4467 διαφόρως
1706 4395 1804 4486 τὴν
1839 4427 1884 4485 D

249 4508 333 4560 τοῦ
380 4485 586 4573 ἀγαθοῦ
642 4499 868 4558 οὐσίαν,
938 4495 1032 4546 καὶ
1088 4490 1219 4544 αὐτὸ
1280 4489 1340 4542 τὸ
1399 4487 1598 4556 ἀγαθὸν
1660 4485 1809 4538 οὐδὲν

247 4599 364 4653 ἄλλο
423 4592 558 4649 εἶναι
621 4592 654 4662 ἢ
706 4589 798 4643 τοῦ
843 4586 978 4641 Θεοῦ
1027 4580 1423 4646 διδασκούσης,
1490 4579 1554 4630 δι’
1610 4571 1684 4630 ὧν
1749 4575 1806 4628 τέ

247 4706 434 4760 φησιν,
481 4706 499 4738 ι
547 4682 772 4752 Ἀγαθὺς
825 4679 1028 4749 Κύριος
1083 4677 1215 4728 πᾶσι
1275 4675 1386 4734 τοῖς
1450 4669 1808 4739 ὑπομένουσιν

249 4783 430 4837 αὐτόν·
475 4779 644 4848 ψυχῇ,
671 4776 705 4846 ἢ
759 4771 1048 4842 ὲκζητήσει
1080 4766 1272 4820 αὐτόν·
1309 4783 1327 4814 ι
1365 4762 1493 4826 καὶ,
1528 4782 1545 4811 ι
1593 4760 1810 4830 Ἐξομο-

248 4872 484 4943 λογεῖσθε
517 4870 594 4940 τῷ
623 4867 831 4939 Κυρίῳ,
859 4866 940 4917 ὅτι
969 4859 1190 4929 ἀγαθὸς,
1213 4859 1292 4910 ὅτι
1332 4858 1408 4919 εἰς
1437 4855 1526 4907 τὸν
1556 4853 1721 4906 αἰῶνα
1750 4852 1809 4903 τὸ

250 4970 387 5030 ἔλεος
417 4962 582 5019 αὐτοῦ
604 4981 616 4994 ·
652 4983 670 5014 ι
692 4961 758 5014 δι’
795 4953 869 5012 ὧν
891 4975 950 5010 τε
975 4959 1004 5009 6
1037 4954 1310 5024 Σωτήριος
1339 4949 1494 5016 λόγος
1534 4945 1668 5017 πρὸς
1717 4943 1806 4995 τὸν

251 5061 370 5130 περὶ
397 5057 547 5110 τοῦδε
588 5053 846 5124 ἐρόμενον
869 5048 1185 5116 ἀπεφήνατο
1209 5041 1399 5103 εἰπὼν,
1433 5059 1450 5091 ι
1477 5038 1540 5090 Τί
1571 5053 1636 5107 με
1674 5036 1808 5130 ἔρωσ-

247 5121 336 5223 τᾷς
361 5149 486 5220 περῖ⁹
529 5121 631 5199 τοῦ.
660 5121 864 5212 ἀγαθοῦ
892 5157 906 5205 ;
968 5139 1155 5200 Οὐδεὶς
1202 5132 1405 5202 ἀγαθὸς
1434 5133 1482 5183 εί
1532 5128 1631 5223 μὴ-
1657 5121 1759 5223 εἷςᾉ
1779 5127 1806 5176 ὁ

247 5221 387 5305 Θεός.
423 5259 440 5292 ι
489 5237 822 5291 Ἐπάκουσον
863 5231 956 5284 τοῦ
991 5230 1306 5289 Πλάτωνος,
1340 5224 1375 5277 ἆ
1415 5237 1578 5292 φησιν
1618 5221 1676 5271 ὲν
1721 5221 1807 5270 Τι-

249 5337 406 5404 μαίῳο
433 5352 450 5384 r
470 5331 731 5399 Λέγωμεν
749 5326 812 5395 δὴ
835 5324 1032 5395 (52-53)
1060 5321 1125 5372 δι’
1156 5319 1344 5388 ἥντινα
1376 5315 1551 5370 αἰτίαν
1572 5311 1802 5404 γένεσιν,

249 5396 331 5479 καὶ
357 5396 420 5478 τὸ
452 5396 700 5476 πᾶν-τόδε
734 5421 762 5472 ὁ
789 5414 1037 5482 ξυνιστὰς
1076 5411 1420 5479 ξυνέστησεν.
1453 5403 1679 5472 Ἀγαθὸς
1705 5396 1800 5470 ἦν·

248 5517 426 5588 ἁγαθῷ
470 5517 514 5568 δ’
559 5513 731 5576 οὐδεὶς
778 5510 905 5581 περὶ
967 5504 1180 5566 οὐδενὸς
1229 5500 1470 5555 οὐδέποτ’
1516 5492 1804 5564 ἐγγίγνοιτ’

311 5635 353 5664 ³⁸
392 5632 602 5687 Coloss.
645 5647 682 5695 1,
725 5628 810 5682 l5.

900 5625 945 5656 ιι
988 5618 1191 5673 Thren.
1222 5631 1306 5678 ιιι.
1329 5617 1422 5672 25.
1486 5616 1552 5646 ³¹⁶
1582 5611 1725 5670 Psal.
1760 5622 1848 5671 CV.
1883 5607 1933 5662 l.

2399 4211 2558 4282 542
2605 4210 2832 4265 CAPUT
2885 4210 3024 4264 xxr.

2458 4303 2533 4356 De
2562 4313 2752 4356 natura
2785 4303 2924 4357 boni.

1980 4393 2111 4448 Boni
2143 4405 2413 4459 naturam,
2447 4395 2734 4464 ipsumque
2763 4397 2899 4448 adeo
2933 4396 3156 4460 bonum,
3189 4394 3333 4447 aliud
3360 4409 3480 4448 esse

1912 4486 2065 4551 nihil,
2099 4502 2258 4555 quam
2291 4485 2381 4539 Dei
2407 4495 2655 4539 naturam
2684 4497 2846 4554 atque
2876 4486 3170 4539 boiiitatcm
3200 4484 3479 4554 Scriptura

1912 4576 2256 4631 Hebraeorum
2288 4576 2469 4630 divina
2511 4576 2758 4644 pluribtts
2790 4586 3018 4630 testatur
3042 4576 3239 4637 modis,
3272 4585 3329 4629 ut
3352 4592 3475 4630 cum

1911 4670 2075 4722 ait“:
2103 4687 2120 4718 ι
2149 4668 2330 4721 Bonus
2350 4667 2613 4722 Dominus
2637 4669 2890 4723 omnibus
2909 4669 3300 4722 sustinentibus
3316 4685 3476 4722 eum:

1910 4761 2102 4814 animae
2124 4775 2242 4829 quae
2264 4759 2502 4828 requiret
2523 4758 2720 4828 ipsum,
2735 4754 3092 4826 iitemque’“,
3108 4760 3477 4815 «Conﬁlemini

1915 4850 2163 4913 Domino,
2194 4851 2450 4919 quoniam
2483 4851 2677 4915 bonus,
2709 4853 2966 4920 quoniam
2998 4853 3050 4905 in
3084 4853 3338 4906 saeculum
3377 4851 3478 4904 mi-

1907 4940 2200 4995 sericordia
2228 4940 2368 5008 ejus.
2403 4959 2420 4991 ›
2466 4940 2536 4995 lla
2565 4941 2819 4996 Scrvalor
2852 4943 2964 5011 ipse
2998 4952 3203 5007 noster,
3235 4942 3300 4995 ad
3325 4943 3474 4995 illum

1907 5033 2004 5086 abs
2029 5048 2136 5101 quo
2155 5033 2467 5102 rogabatur,
2498 5051 2516 5084 ι
2545 5032 2684 5098 Quid
2715 5050 2800 5086 me
2828 5035 3134 5103 interrogas
3164 5034 3230 5087 de
3258 5033 3470 5086 bono?»

1907 5122 2115 5190 inquit:
2163 5139 2180 5170 ι
2217 5120 2386 5175 Nemo
2420 5125 2615 5191 bonus,
2654 5126 2756 5180 nisi
2808 5126 2956 5179 solus
2988 5125 3132 5178 Deus
3157 5124 3220 5176 δ’.
3263 5144 3280 5175 ι
3321 5123 3476 5179 Nunc

1907 5213 2149 5268 Platonis
2195 5214 2246 5267 in
2285 5213 2481 5268 Tinin
2517 5219 2838 5271 sententiam
2903 5217 3127 5286 accipe:
3167 5236 3184 5267 ‹
3222 5215 3476 5270 Dicamus

1909 5323 2058 5377 ergo,
2089 5322 2254 5376 quam
2282 5308 2352 5361 ob
2381 5325 2626 5375 causam,
2663 5310 2862 5377 inquit,
2889 5320 3080 5362 auctor
3120 5309 3206 5362 ille
3236 5297 3475 5362 molitor-

1908 5418 2016 5472 que
2069 5401 2210 5456 Deus
2256 5403 2418 5457 rebus
2462 5411 2640 5456 ortum
2681 5402 2830 5461 dare,
2875 5409 3037 5469 atque
3085 5399 3188 5454 hoc
3253 5398 3474 5452 univer-

1910 5509 2028 5548 sum
2067 5498 2302 5551 condere
2332 5494 2601 5550 statuerit.
2661 5492 2842 5546 Bonus
2887 5503 3036 5557 erat;
3074 5491 3248 5546 bonus
3289 5499 3470 5545 autem

1995 5608 2039 5641 "
2070 5606 2259 5666 Matth.
2288 5629 2398 5682 xrx,
2435 5617 2520 5671 17.

313 5765 518 5834 (32-35)
549 5760 820 5834 Λέγωμεν
852 5755 951 5827 δή·
1001 5749 1238 5812 Paucula
1285 5747 1397 5801 haec
1433 5743 1579 5811 leges
1620 5741 1670 5794 iu
1717 5737 1910 5792 Τίηιιιό
1931 5775 1946 5802 ,
1977 5737 2078 5792 sub
2111 5737 2320 5792 initium
2355 5753 2474 5809 pag.
2505 5736 2608 5791 5'27
2637 5735 2905 5791 versionis
2934 5733 3126 5789 Ficini.
