4042 6384
619 299 724 358 803

1294 298 1563 359 EUSEBII
1596 302 2075 361 CESABIENSIS
2101 304 2251 360 OPP.
2292 303 2471 360 PARS
2502 303 2566 359 ll.
2602 331 2670 345 --
2695 303 3199 362 APOLOGETICA.

3729 307 3816 366 9M

618 415 766 470 nulla
808 433 1046 487 unquam
1085 418 1195 473 ullo
1226 420 1279 474 in
1314 435 1509 491 genere
1535 420 2009 479 laboratinvidia.
2055 422 2167 477 Cun

2290 421 2354 475 ἂν
2382 421 2490 493 (54)
2521 420 2731 492 φθόνος.
2765 421 2965 475 Τούτου
3009 420 3067 474 δὲ
3099 417 3263 479 ὲκτδς
3293 415 3411 480 ὢν,’
3439 414 3609 470 πάντα
3634 418 3707 471 ὅτι
3737 425 3801 491 μά

621 507 787 575 igitur
813 522 874 561 ea
911 519 1148 573 vacaret,
1200 511 1385 564 omnia
1417 511 1519 565 sibi
1563 528 1726 581 quam
1766 514 2040 568 simillima
2071 531 2192 569 esse

614 599 837 652 voluit.)
875 599 1016 654 Idem
1059 601 1112 655 in
1162 600 1276 655 suis
1308 600 1385 657 De
1433 604 1612 672 repub.
1662 604 1857 659 libris:
1896 624 1913 656 ι
1938 604 2190 674 Nunquid

614 706 765 757 vero,
796 693 895 757 ait,
923 708 1045 746 cum
1096 694 1179 748 sol
1212 696 1329 763 ipse
1366 695 1516 749 visus
1548 710 1654 750 non
1687 697 1777 763 sit,
1809 699 1877 751 ab
1900 712 1965 752 eo
1988 707 2187 766 tamen,

614 784 776 853 cujus
822 784 912 839 ille
946 801 1111 839 causa
1145 795 1248 849 est,
1296 789 1586 843 cernitur?
1648 788 1834 854 Plane,
1867 788 2043 860 inquit
2078 792 2185 846 ille.

612 870 768 928 Hunc.
809 875 974 945 igitur
1030 877 1249 945 habeto,
1308 879 1552 948 inquam,
1611 879 1747 933 Boni
1779 881 1945 934 lilium
1978 882 2074 935 abs
2102 897 2188 937 me

615 965 816 1031 vocari,
867 983 1027 1035 quem
1106 970 1311 1025 Bonum
1371 972 1455 1025 sui
1509 972 1739 1026 similem
1797 974 2075 1042 genuerit:
2129 983 2188 1028 ut

611 1056 755 1125 quod
793 1056 971 1126 ipsum
1026 1060 1082 1112 iu
1143 1059 1265 1114 loco
1297 1061 1524 1131 spiritali
1571 1073 1673 1125 est,
1707 1077 1830 1117 cum
1879 1072 2077 1130 mente,
2105 1079 2186 1119 re-

610 1152 823 1216 busque
851 1159 1030 1203 mente
1054 1154 1325 1220 perceptis
1365 1162 1777 1223 comparatum;
1810 1156 1862 1209 id
1894 1155 1976 1209 sol
2018 1156 2071 1209 in
2103 1156 2184 1210 lo-

609 1252 674 1291 co
707 1240 1019 1307 aspcctabili
1055 1242 1144 1306 sit,
1181 1241 1225 1295 si
1257 1258 1380 1296 cum
1417 1244 1538 1298 visu
1580 1261 1643 1299 ac
1677 1246 1840 1301 rebus
1867 1248 1970 1301 sub
1999 1249 2176 1302 visum

609 1330 926 1386 cadentibus
978 1332 1344 1387 conferetur.»
1373 1334 1434 1388 Et
1458 1338 1621 1405 paulo
1672 1349 1815 1407 post,
1853 1357 1871 1389 ι
1902 1338 2059 1405 Quod
2091 1340 2183 1410 igi-

609 1431 701 1475 tur
728 1433 780 1477 et
833 1424 900 1477 iis
944 1424 1111 1490 rebus
1164 1441 1285 1494 quae
1319 1442 1726 1496 cognoscuntur
1766 1432 2046 1487 veritatem
2084 1436 2180 1489 tri-

607 1512 745 1578 huit,
779 1523 832 1567 et
862 1516 1226 1583 cognoscendi
1252 1517 1357 1570 vim
1395 1517 1817 1591 facultatemque
1846 1526 2175 1594 suppeditat,

604 1603 659 1657 id
716 1615 768 1658 tu
826 1606 953 1660 boni
1004 1607 1179 1661 ideam
1215 1624 1333 1663 esse
1389 1611 1633 1665 statuito.
1698 1613 1939 1685 Itemque
1985 1619 2173 1686 Solem,

604 1695 821 1765 opinor,
876 1696 943 1751 iis
994 1712 1115 1766 quae
1145 1697 1420 1763 videntur,
1469 1715 1575 1753 non
1614 1701 1665 1756 id
1724 1702 1886 1757 modo
1938 1706 2175 1762 tribuere

604 1789 774 1850 dices,
811 1796 868 1839 ut
901 1786 1069 1840 videri
1102 1798 1323 1856 queant,
1357 1806 1543 1845 verum
1576 1793 1737 1846 etiam
1791 1802 1970 1848 ortum
2020 1797 2173 1865 ipsis,
2206 1775 2247 1828 Β

606 1877 969 1939 incrementa,
1048 1880 1517 1951 nutritionemque
1569 1883 1774 1955 largiri,
1831 1901 1953 1940 cum
1996 1899 2174 1944 tamen

606 1979 760 2022 ortus
797 1969 910 2037 ipse
946 1984 1054 2023 non
1081 1973 1184 2026 sit:
1212 1972 1303 2041 qui
1340 1975 1484 2026 enim
1516 1990 1638 2029 esse
1660 1977 1880 2045 possit?
1929 1978 2069 2050 Ergo
2101 1980 2174 2034 si-

2294 514 2451 569 λιστα
2465 514 2727 587 ἐϐουλήθη
2755 514 3006 583 γενέσθαι
3022 509 3384 584 παραπλήσια
3407 508 3596 579 ἑαυτῷ.
3617 528 3634 559 ι
3657 511 3750 564 Καὶ
3774 517 3817 564 ὲν

2290 610 2356 679 τῇ
2378 609 2655 675 Πολιτείᾳ
2685 607 2742 660 δὲ
2782 605 2954 660 ταῦτά
2992 621 3175 677 φησιν·
3202 621 3223 653 ι
3246 596 3376 672 Ἀρ*
3394 596 3487 653 οῦν
3505 601 3562 653 οὐ
3582 601 3769 675 καὶβεὶ)
3797 608 3820 659 δ

2288 698 2438 769 ἥλιος
2471 697 2591 768 δψις
2623 698 2720 769 μὲν
2750 699 2849 752 οὐκ
2884 697 3050 763 ἔστιν,
3076 698 3251 758 αἴτιος
3285 693 3330 746 δ’
3352 691 3426 745 ὣν
3476 693 3635 764 αὐτῆς
3660 696 3820 766 ὁρᾶται

2290 790 2382 842 ὐπ’
2393 789 2562 859 αὐτῆς
2585 788 2786 860 ταύτης
2807 806 2820 854 ;
2841 788 3046 855 Οῦτως,
3064 784 3154 860 ἧδ’
3172 788 3253 850 ὃς.
3274 784 3475 838 Τοῦτον
3496 785 3683 850 τοίνυν,
3704 781 3762 857 ἦν
3784 788 3820 840 δ’

2288 878 2416 948 ἐγὼ,
2458 880 2619 948 φάναι
2653 880 2720 950 μὲ
2760 879 2938 948 λέγειν
2967 878 3057 931 τὸν
3084 876 3180 930 τοῦ
3210 875 3441 945 Ἀγαθοῦ
3459 874 3684 943 ἔκγονον,
3709 876 3821 932 ὁντδ

2284 969 2506 1039 Ἀγαθὸν
2521 972 2811 1043 ἐγέννησεν
2839 970 3099 1039 ἀνάλογον
3139 966 3345 1037 ἑαυτῷ,
3380 966 3409 1019 ὅ
3440 970 3492 1022 τί
3517 983 3616 1036 περ
3642 968 3757 1020 αὐτὸ
3773 970 3822 1022 ἐν

2283 1062 2361 1134 τῷ
2379 1062 2554 1134 νοητῷ
2582 1063 2731 1134 τόπῳ
2761 1062 2895 1133 πρός
2922 1079 2981 1115 τε
3004 1060 3126 1115 νοῦν
3147 1058 3246 1114 καὶ
3274 1057 3347 1111 τὰ
3369 1056 3643 1127 νοούμενα,
3667 1056 3821 1113 τοῦτον

2283 1156 2339 1209 ἐν
2357 1156 2435 1227 τῷ
2448 1157 2627 1228 ὁρατῷ
2655 1156 2791 1228 πρὸς
2821 1173 2879 1209 τε
2906 1155 3027 1224 ὄψιν
3059 1154 3154 1207 καὶ
3180 1151 3251 1205 τὰ
3267 1149 3573 1220 ὁρώμενα.»
3593 1150 3693 1201 Καὶ
3718 1151 3820 1220 ἑξῆς

2282 1248 2553 1317 ἐπιλέγει*
2589 1268 2607 1300 ι
2640 1247 2810 1300 Τοῦτο
2840 1247 3020 1299 τοίνυν
3066 1246 3126 1298 τὸ
3171 1243 3274 1314 τὴν
3328 1239 3580 1311 ἀλήθειαν
3619 1240 3820 1311 παρέχον

2280 1342 2394 1404 τοῖς
2418 1338 2896 1410 γιγνωσκομένοις,
2931 1338 3023 1391 καὶ
3053 1337 3115 1390 τὸ
3146 1334 3516 1405 γιγνώσκοντι
3558 1331 3651 1405 τὴν
3690 1334 3819 1386 δύνα-

2283 1450 2373 1503 μιν
2401 1431 2702 1496 ἀποδιδοῦν,
2751 1430 2849 1502 τὴν
2883 1429 2975 1482 τοῦ
3018 1425 3223 1497 ἀγαθοῦ
3274 1425 3422 1478 ἰδέαν
3469 1422 3597 1492 φάθι
3635 1418 3771 1476 εἶναι.
3797 1443 3814 1476 ι

2278 1524 2387 1577 Καὶ
2419 1523 2577 1577 πάλιν
2612 1523 2775 1595 φησί·
2814 1541 2831 1570 ι
2857 1522 2959 1574 Τὸν
2987 1521 3135 1591 ἥλιον
3170 1521 3287 1583 τοῖς
3319 1515 3617 1586 ὁρωμένοις
3650 1514 3705 1567 οὐ
3738 1515 3817 1584 μό-

2276 1632 2384 1679 νον,
2412 1610 2584 1686 οἷμαι,
2606 1615 2704 1685 τὴν
2728 1611 2820 1666 τοῦ
2848 1611 3077 1684 ὁρᾶσθαι
3104 1609 3339 1678 δύναμιν
3362 1603 3618 1676 παρέχειν
3640 1603 3814 1673 φήσεις,

2277 1707 2410 1761 ἀλλά
2438 1707 2531 1760 καὶ
2558 1706 2654 1778 τὴν
2680 1704 2890 1774 γένεσιν
2938 1705 3031 1757 καὶ
3069 1702 3242 1773 αὐξην
3290 1700 3391 1755 καὶ
3417 1697 3635 1770 τροφὴν,
3666 1698 3719 1749 οὐ
3743 1700 3816 1766 γέο

2276 1817 2421 1853 νεσιν
2449 1799 2607 1853 αὐτὸν
2633 1798 2787 1851 ὄντα·
2826 1795 2943 1859 πῶς
2975 1794 3083 1865 γάρ
3104 1811 3118 1859 ;
3142 1794 3255 1848 Καὶ
3289 1793 3406 1854 τοῖς
3440 1788 3815 1858 γινωσκομένοις

2275 1892 2489 1955 τοίνυν,
2528 1890 2602 1960 μὴ
2659 1887 2819 1959 μόνον
2864 1887 2927 1940 τὸ
2971 1883 3339 1955 γινώσκεσθαι
3388 1881 3552 1951 φάναι
3596 1878 3692 1932 ὐπὸ
3738 1879 3815 1931 τοῦ

2270 1978 2498 2046 Ἀγαθοῦ
2520 1984 2785 2056 παρεῖναι,
2806 1977 2943 2033 ἀλλὰ
2975 1977 3069 2031 καὶ
3095 1976 3158 2029 τὸ
3197 1972 3341 2028 εἷναί
3372 1972 3490 2044 (56)
3520 1987 3577 2023 τε
3618 1970 3702 2022 καὶ

2271 2070 2475 2134 οὐσίαν,
2514 2072 2603 2124 ὐπ’
2652 2070 2862 2124 ἐκείνου
2914 2069 3097 2132 αὐτοῖς
3151 2068 3474 2140 προσεῖναι,
3522 2062 3619 2115 οὐκ
3659 2061 3813 2123 οὐσίας

2269 2160 2423 2226 ὄντος
2457 2161 2549 2214 τοῦ
2593 2160 2845 2230 Ἀγαθοῦ,
2880 2160 2993 2214 ἀλλ’
3030 2160 3293 2213 ἐπέκεινα
3336 2155 3547 2218 οὐσίας,
3589 2152 3815 2223 πρεσϐείᾳ

2270 2254 2361 2306 καὶ
2385 2254 2609 2323 δυνάμει
2635 2252 3011 2324 ὑπερέχοντος.
3039 2270 3057 2304 ι
3097 2250 3422 2319 Σαφέστατα
3448 2246 3536 2299 διὰ
3563 2244 3747 2298 τούτων
3764 2244 3812 2296 οὐ

2271 2345 2430 2415 μόνον
2449 2343 2509 2397 τὸ
2528 2343 2887 2413 γινώσκεσθαι
2919 2346 3038 2407 ταῖς
3055 2355 3080 2382 ιι
3101 2344 3322 2412 νοηταῖς
3346 2338 3580 2401 οὐσίαις,
3602 2335 3722 2389 ἀλλὰ
3738 2337 3814 2387 καὶ

2267 2436 2327 2489 τὸ
2364 2436 2506 2490 εἷναί
2543 2454 2600 2489 τε
2638 2437 2731 2489 καὶ
2754 2435 2852 2507 τὴν
2879 2434 3067 2488 οὐσίαν
3100 2433 3245 2503 ἔχειν
3273 2430 3433 2502 παρά
3470 2427 3563 2482 τοῦ
3595 2416 3810 2494 Ἀγαθοῦ,

2266 2527 2463 2599 δηλαδὴ
2500 2527 2595 2580 τοῦ
2612 2525 2768 2590 Θεοῦ,
2804 2526 2967 2597 φησιν
2994 2527 3022 2578 6
3050 2525 3275 2579 Πλάτων
3291 2541 3305 2554 ο
3330 2523 3401 2575 τό
3420 2538 3483 2575 τε
3517 2518 3727 2588 Ἀγαθὸν
3751 2516 3813 2586 μὴ

2266 2615 2404 2672 εἶναι
2437 2619 2644 2683 οὐσίαν,
2669 2619 2781 2672 ἀλλ’
2817 2618 3069 2671 ἐπέκεινα
3094 2617 3195 2687 τῆς
3218 2614 3436 2677 οὐσίας,
3466 2609 3714 2683 πρεσϐείᾳ
3734 2608 3812 2689 καί⁵

2264 2709 2490 2780 δυνάμει
2524 2708 2819 2781 ὑπερέχον·
2846 2708 2985 2761 ὥστε
3010 2706 3083 2778 μὴ
3114 2704 3379 2777 ὁμοούσια
3412 2701 3555 2757 αὐτά
3579 2699 3811 2763 τίθεσθαι,

2263 2801 2398 2857 ἀλλά
2447 2801 2581 2873 μηδὲ
2628 2801 2893 2872 ἀγέννητα
2924 2797 3163 2869 νομίζειν
3189 2839 3203 2860 ,
3234 2798 3317 2850 ὅτι
3370 2796 3436 2867 δὴ
3487 2794 3580 2847 καὶ
3618 2793 3675 2846 τὸ
3696 2786 3813 2846 εἶναι

600 2061 800 2116 militer
846 2076 932 2116 res
975 2076 1091 2125 eas,
1130 2079 1252 2132 quae
1287 2076 1712 2134 cognoscuntur,
1748 2083 1778 2120 a
1826 2067 1976 2123 Bono
2006 2071 2170 2138 dices,

605 2170 711 2206 non
740 2163 797 2207 ut
822 2166 1222 2224 cognoscantur
1250 2157 1433 2214 modo.
1466 2159 1557 2212 sed
1580 2158 1742 2213 etiam
1772 2169 1829 2213 ut
1858 2161 1987 2225 sint,
2016 2160 2173 2216 adeo-

602 2262 709 2309 que
758 2246 1034 2315 propriam
1092 2249 1343 2302 essentia:
1396 2265 1509 2303 suae
1556 2251 1820 2305 rationem
1869 2253 1937 2305 ab
1977 2254 2167 2309 eodem

598 2338 866 2406 accipere,
898 2339 1114 2393 tametsi
1139 2339 1348 2393 Bonum
1376 2343 1611 2396 essentia
1638 2359 1745 2397 non
1773 2346 1864 2410 sit,
1892 2346 1983 2399 sed
2010 2346 2170 2417 longe

595 2440 760 2494 supra
794 2428 1087 2481 essentiam
1133 2444 1349 2483 omnem
1392 2431 1678 2499 majestate
1722 2434 1885 2487 simul
1927 2450 1990 2488 ac
2019 2445 2165 2504 pote-

596 2527 737 2573 state
793 2520 1081 2575 emineat.»
1124 2520 1251 2576 Haec
1287 2522 1463 2591 Plato,
1491 2525 1692 2596 quibus
1725 2528 2030 2583 clarissime
2069 2529 2168 2584 do-

593 2620 705 2676 cet,
747 2613 1026 2682 spiritales
1061 2615 1531 2686 intelligentesque
1570 2628 1793 2674 naturas
1822 2636 1851 2673 a
1889 2619 2037 2675 Bono
2067 2622 2167 2691 (sic

593 2714 777 2755 autem
819 2699 989 2757 Deum
1024 2705 1277 2774 appellat)
1306 2723 1414 2761 non
1456 2722 1516 2762 ut
1555 2710 1810 2779 cognosci
1842 2711 2008 2765 modo
2037 2727 2165 2780 pos‘

592 2795 728 2859 sint,
772 2810 965 2848 verum
1007 2797 1168 2849 etiam
1230 2806 1292 2852 ut
1332 2800 1462 2865 sint,
1509 2815 1573 2853 ac
1605 2799 1883 2870 propriam
1914 2804 2165 2857 essentia:

589 2899 705 2937 sua:
745 2884 1010 2937 rationem
1057 2886 1347 2955 accipere:
1392 2887 1603 2941 Bonum
1644 2898 1824 2943 tamen
1870 2890 2046 2959 ipsum
2076 2907 2165 2945 es—

2267 2891 2356 2942 καὶ
2376 2889 2472 2960 τὴν
2515 2890 2700 2943 οὐσίαν
2751 2889 2941 2959 εἴληφε
2995 2888 3147 2960 παρά
3183 2887 3277 2941 τοῦ
3331 2888 3408 2959 μὴ
3458 2886 3607 2947 ὄντος
3627 2884 3808 2947 οὐσίας,

588 2975 819 3028 sentiam
853 2992 958 3029 non
999 2991 1140 3041 esse,
1170 2978 1262 3031 sed
1294 2979 1583 3032 essentiam
1629 2994 1845 3033 omnem
1883 2979 2163 3048 majestate

2267 2981 2376 3034 ἀλλ’
2411 2983 2666 3035 ἐπέκεινα
2715 2981 2901 3044 οὐσίας
2935 2980 3197 3053 πρεσϐείᾳ
3243 2979 3342 3033 καὶ
3400 2979 3625 3048 δυνάμει
3671 2977 3813 3047 ὑπερ-ι

589 3067 754 3121 simul
811 3084 875 3123 ac
928 3077 1195 3138 potestate
1255 3070 1414 3139 longe
1477 3072 1820 3142 multumque
1872 3088 2151 3141 superare.

2267 3069 2507 3141 ἔχοντος·
2542 3072 2599 3124 ὃν
2630 3070 2694 3141 δὴ
2727 3070 2822 3123 καὶ
2851 3068 3009 3140 μόνον
3049 3067 3273 3128 εἰκότως
3306 3066 3445 3119 Θεὸν
3474 3064 3542 3117 τὰ
3578 3062 3810 3168 Ἐϐραίων

588 3157 775 3227 Itaque
812 3168 1037 3214 naturas
1090 3160 1212 3214 illas
1261 3177 1360 3216 nec
1395 3161 1639 3230 ejusdem
1675 3179 1800 3218 cum
1833 3164 1925 3217 illo
1959 3179 2149 3219 essen‘

587 3251 674 3305 tia:
705 3252 917 3316 statuit,
952 3268 1052 3305 nec
1083 3261 1206 3306 ortu
1240 3270 1428 3308 carere
1460 3254 1781 3320 arbitratur,
1809 3255 2010 3324 quippe
2034 3271 2156 3325 qum

586 3347 648 3391 ut
674 3347 877 3403 essent,
906 3354 970 3393 ac
1020 3341 1292 3409 propriam
1337 3343 1588 3397 essentia:
1624 3359 1737 3398 suae
1770 3345 2060 3409 rationem,
2087 3346 2156 3400 ab

585 3446 651 3485 eo
679 3431 825 3500 quod
853 3433 1089 3486 essentia
1123 3450 1231 3486 non
1283 3443 1386 3499 est,
1440 3434 1600 3507 543
1637 3436 1732 3490 sed
1778 3437 2062 3506 majestate
2093 3452 2155 3492 ac

583 3532 851 3594 potestate
900 3527 1194 3581 essentiam
1228 3542 1443 3582 omnem
1492 3528 1808 3598 longissime
1837 3540 2156 3600 praetergre-

583 3615 731 3669 ditur
750 3655 766 3680 ,
793 3617 1135 3686 acceperint:
1165 3634 1326 3688 quem
1352 3629 1637 3689 propterea
1673 3621 1798 3691 jure
1820 3622 2039 3691 quidem
2089 3637 2153 3678 ac

586 3707 784 3763 merita
837 3709 1014 3764 solum
1075 3708 1303 3766 Hebraea
1352 3713 1572 3767 oracula
1617 3712 1785 3767 Deum
1832 3714 2148 3783 praedicant,

585 3815 713 3855 cum
747 3801 906 3856 rebus
934 3803 1148 3857 caneris
1192 3803 1449 3858 omnibus
1489 3805 1743 3859 essentia:
1780 3803 1902 3859 fons
1944 3805 2149 3875 princi-

583 3893 845 3964 piumque
876 3895 965 3949 sit.
1000 3894 1126 3950 lllas
1155 3904 1335 3950 autem
1386 3912 1598 3961 omnes,
1645 3897 1844 3966 quibus
1876 3913 2053 3967 neque
2092 3905 2151 3951 ut

581 3985 712 4048 sint,
761 4001 938 4055 neque
987 4002 1085 4041 sua
1117 3987 1385 4056 cujusque
1428 3988 1679 4042 essentia":
1725 3988 1919 4042 ratioa
1952 3988 2146 4058 seipsis

578 4075 741 4139 inest,
774 4077 885 4131 imo
916 4091 982 4131 ne
1012 4076 1147 4131 Boni
1182 4077 1403 4146 quidem
1436 4086 1643 4131 naturae
1673 4078 2013 4143 communio,
2049 4078 2150 4133 ab-

2259 3161 2578 3233 ἀναγορεύει
2603 3160 2778 3229 λόγια,
2811 3161 2885 3223 ὡς
2915 3158 2979 3212 ἂν
3011 3162 3121 3221 τοῖς
3151 3157 3362 3211 πᾶσινδ
3383 3158 3553 3209 αἴτιον
3580 3154 3715 3207 ὄντα.
3743 3152 3811 3204 Τὰ

2258 3253 2321 3324 δὴ
2345 3250 2436 3307 οὖν
2470 3255 2604 3324 μήτε
2646 3254 2705 3307 τδ
2747 3248 2906 3318 εἶναι,
2946 3254 3083 3324 μήτε
3127 3250 3223 3322 τὴν
3248 3249 3442 3302 οὐσίαν
3475 3247 3602 3319 παρ’
3628 3243 3807 3297 ἑαυτῶν

2261 3343 2467 3414 ἔχοντα,
2505 3345 2639 3397 ἀλλά
2669 3345 2801 3416 μηδὲ
2834 3345 2933 3414 τῆς
2965 3342 3202 3412 τάγαθοῦ
3241 3342 3459 3409 φύσεως
3490 3338 3634 3399 ὅντα,
3674 3337 3727 3389 οὐ
3752 3334 3807 3403 δὴ

2261 3436 2479 3504 εὔλογον
2510 3437 2666 3500 θεοὺς
2689 3433 2824 3490 εἶναι
2853 3435 3123 3507 ἡγεῖσθαι,
3145 3432 3225 3498 οἷς
3251 3434 3325 3505 μὴ
3357 3436 3519 3503 φύσει
3549 3430 3605 3483 τὸ
3632 3426 3806 3497 ἀγαθὸν

2263 3531 2570 3602 πρόσεστιν,
2613 3531 2724 3584 Ἑνὶ
2753 3530 2861 3602 γὰρ
2913 3529 3070 3583 τοῦτο
3124 3526 3289 3597 μόνῳ,
3346 3525 3443 3578 καὶ
3480 3522 3648 3575 οὐδενὶ
3686 3519 3809 3587 ἄλλῳ

2259 3622 2565 3688 ἀναθετέον,
2599 3622 2676 3693 τῷ
2708 3622 2851 3693 μόνῳ
2867 3618 3136 3693 Ἀγαθῷ,δ
3158 3618 3221 3690 δὴ
3250 3620 3343 3671 καὶ
3371 3616 3627 3670 ἐπέκεινα
3653 3612 3803 3680 πάσης

2254 3714 2458 3778 οὐσίας,
2485 3712 2750 3786 πρεσϐείᾳ
2777 3729 2835 3765 τε
2857 3711 2951 3764 καὶ
2977 3711 3201 3780 δυνάμει
3226 3709 3492 3780 ὑπερέχον
3520 3701 3805 3774 θαυμασίως

2255 3805 2284 3856 ὁ
2307 3803 2529 3857 Πλάτων
2558 3801 2889 3872 ἀνεφώνησε.
2934 3801 3102 3853 Πάλιν
3136 3800 3193 3852 δὲ
3219 3802 3246 3853 ὁ
3283 3800 3594 3870 Νουμήνιος
3630 3798 3683 3848 ὲν
3710 3794 3803 3854 τοῖς

2252 3895 2390 3962 Περὶ
2413 3895 2519 3948 τοῦ
2561 3893 2804 3963 ἀγαθοῦ,
2832 3893 2928 3964 τὴν
2960 3893 3053 3946 τοῦ
3080 3892 3362 3954 Πλάτωνος
3383 3891 3620 3945 διάνοιαν
3650 3887 3801 3956 Epim—

2252 3984 2440 4049 νεύων,
2476 3983 2661 4037 τοῦτον
2691 3983 2909 4047 διέξεισι
2934 3982 3025 4035 τὸν
3057 3982 3273 4054 τρόπον.

577 4172 744 4227 surde
768 4187 996 4242 prorsus
1042 4187 1106 4226 ae
1133 4172 1300 4227 stulte
1342 4173 1475 4227 deos
1516 4188 1639 4228 esse
1680 4174 1980 4243 putaveris,
2016 4188 2139 4227 eum
2181 4172 2301 4241 ipso
2345 4186 2565 4241 quoque
2615 4171 2760 4225 bono
2797 4185 2898 4225 sua
2953 4184 3049 4238 per
3105 4183 3226 4223 sese
3274 4175 3470 4222 natura
3501 4163 3813 4235 spolientur"

579 4261 698 4319 Hoc
759 4264 1044 4319 enimvero
1109 4264 1201 4318 uni
1257 4265 1525 4319 duntaxat
1572 4265 1919 4320 tribuendum
1976 4274 2092 4333 est,
2138 4274 2395 4335 praeterea
2446 4262 2670 4327 nemini,
2705 4262 2831 4327 soli,
2878 4263 3122 4330 inquam,
3153 4259 3231 4313 illi
3273 4256 3446 4318 Bono,
3478 4256 3620 4329 quod
3652 4251 3797 4321 maje-

578 4366 719 4414 state
755 4358 916 4413 simul
956 4374 1021 4413 ac
1051 4367 1315 4428 potestate
1342 4358 1516 4418 Plato.
1549 4360 1706 4431 longe
1733 4375 1895 4431 supra
1924 4361 2217 4415 essentiam
2241 4374 2456 4414 omnem
2474 4359 2714 4414 eminere
2742 4367 2851 4413 tam
2909 4356 3125 4428 egregie
3178 4355 3547 4425 praeclareque
3583 4360 3797 4422 pronun-

573 4453 695 4508 tiat.
717 4451 886 4522 Cujus
914 4453 1108 4508 iterum
1132 4454 1452 4509 sententiam
1480 4451 1781 4509 Numenius
1803 4455 1856 4508 in
1892 4455 2008 4510 suis
2041 4453 2118 4508 De
2142 4454 2290 4508 Bono
2313 4453 2466 4509 libris
2493 4467 2789 4522 exponens,
2818 4451 2963 4506 hunc
2986 4451 3037 4504 in
3070 4450 3290 4504 modum
3315 4446 3732 4518 philosophatur.

1144 4568 1375 4625 CAPUT
1407 4569 1570 4626 XXII.

2752 4571 3144 4625 ΚΕΦΑΛΑΙΟΝ
3176 4569 3305 4622 KB'.

991 4681 1244 4737 Numenii
1276 4683 1340 4737 de
1366 4682 1514 4738 Bono
1537 4685 1712 4740 verba.

2620 4684 2960 4754 Νουμηνίου
2990 4683 3122 4751 περὶ
3148 4682 3427 4753 τάγαθοῦ.

642 4796 1000 4867 «Corporum,
1058 4798 1256 4867 inquit,
1301 4808 1553 4852 naturam
1609 4796 1910 4868 intelligere
1942 4812 2138 4867 possu-

2318 4817 2336 4850 ι
2384 4797 2465 4851 Τὰ
2490 4792 2584 4852 οὖν
2612 4795 2839 4867 σώματα
2878 4795 3059 4849 λαϐεῖν
3092 4798 3222 4867 ημῖν
3250 4794 3445 4861 ἔξεστι,
3485 4785 3789 4865 σημαινομέι

567 4904 713 4954 mus,
745 4891 874 4945 dum
912 4891 1109 4959 partim
1139 4893 1192 4944 in
1216 4890 1444 4945 aliorum
1477 4890 1735 4945 similium
1770 4889 2136 4953 conditiones,

567 4983 765 5052 partim
799 4983 854 5037 in
902 4984 1152 5053 proprias
1201 4992 1256 5037 et
1295 4984 1487 5037 insitas
1527 4983 1689 5036 obvio
1742 4982 1939 5051 cuique
1980 4991 2138 5037 notas

564 5075 866 5130 intuemur.
903 5076 974 5130 At
1022 5075 1149 5129 boni
1190 5075 1455 5129 rationem
1483 5088 1696 5143 capere,
1742 5074 1890 5128 nullo
1912 5088 2140 5143 prorsus

476 5197 483 5203 ι
564 5168 751 5233 modo,
784 5183 960 5238 neque
988 5167 1150 5222 ullius
1179 5183 1244 5223 ex
1268 5167 1346 5221 rei
1373 5167 1660 5237 praesentis
1689 5175 1934 5236 aspectu,
1958 5180 2136 5236 neque

634 5314 662 5342 ι
681 5299 841 5354 Forte
859 5300 977 5363 τάς.
1054 5300 1083 5339 1)
1101 5298 1263 5353 Forte
1289 5299 1416 5354 add.
1452 5299 1546 5352 τοῦ
1570 5293 1730 5353 εἶναι.

634 5474 744 5541 (54)
792 5476 1137 5546 Ἐγγίγνοιτ’
1168 5474 1264 5528 ἄν.
1296 5473 1450 5529 Plato
1492 5472 1667 5528 Ficini
1706 5482 1760 5527 et
1789 5471 2136 5546 Serrani}?-

563 5539 1213 5614 yiyvsratfqitibuscum
1267 5554 1321 5599 et
1372 5560 1648 5599 manuscr.
1703 5543 1971 5613 congruit.
2022 5539 2137 5596 Hoc

566 5617 916 5694 certent-agis
936 5614 1590 5694 ex_suavitate.P1:-i‘tonis.
1628 5683 1643 5694 _
1829 5681 1866 5694 ﬂ

633 5685 744 5754 (55)
794 5679 917 5753 ’Ἆρ’
956 5681 1183 5754 οὖντίίού
1224 5685 1343 5739 καί.
1389 5683 1580 5741 Exstat
1624 5683 1783 5740 iocus
1829 5681 1927 5738 lib.
1972 5696 2027 5738 Vl
2057 5679 2136 5737 De

564 5751 740 5809 reoub.
770 5751 890 5823 pag}
922 5754 1024 5809 474
1055 5751 1168 5810 Fic.

2243 4906 2352 4952 νοις
2384 4889 2448 4942 ἔκ
2475 4906 2535 4941 τε
2566 4889 2786 4959 ὁμοίων,
2820 4886 2929 4940 ὰπὸ
2947 4904 3006 4938 τε
3036 4885 3142 4939 τῶν
3167 4888 3223 4939 ὲν
3248 4888 3360 4949 τοῖς
3392 4880 3789 4955 παρακειμένοις

2243 4980 2637 5051 γνωρισμάτων
2668 4978 2892 5031 ἐνόντων
2913 4995 2925 5008 ⁸
2954 4977 3190 5046 τάγαθὸν
3208 4975 3287 5040 δὲ,
3316 4975 3529 5040 οὐδενὸς
3550 4975 3613 5027 ὲκ
3633 4983 3786 5038 παρα-

2244 5071 2517 5142 κειμένου,
2536 5070 2643 5123 οὐδ⁹
2661 5066 2753 5124 οὖν
2769 5070 2875 5123 ἀπὸ
2890 5070 3076 5140 ὁμοίου
3092 5068 3350 5139 αἰσθητοῦ
3367 5071 3483 5122 ἐστι
3509 5064 3680 5120 λαϐεῖν
3700 5074 3788 5129 μη-

2243 5166 2379 5235 χανή
2401 5180 2484 5228 τις
2505 5162 2746 5234 οὐδεμία.
2778 5160 2939 5214 Ἀλλὰ
2964 5162 3165 5232 δεήσει,
3191 5156 3302 5214 οἷον
3324 5160 3379 5213 εί
3398 5175 3480 5222 τις
3509 5156 3600 5210 ἐπὶ
3631 5150 3784 5216 σκοπῇ

2311 5466 2418 5537 (56)
2462 5464 2647 5541 Ἀλέά
2674 5466 2770 5518 καὶ
2804 5466 2868 5519 τὸ
2894 5460 3234 5541 εἷνίιυηεΗιιιο
3270 5475 3443 5541 usque
3474 5459 3549 5541 .ad
3584 5451 3777 5541 οὐκρύτ

2241 5520 2414 5612 σίας,’
2448 5553 2515 5612 ex
2567 5536 2793 5612 Platone
2839 5526 3232 5612 supplevimus,
3284 5520 3515 5612 ali'oqpi“
3542 5520 3782 5612 ρεψίςρξξξ

2238 5599 2391 5682 illud
2425 5607 2501 5679 μὴ
2556 5607 2762 5682 μόνον,
2815 5599 2961 5682 (μιόᾴ
3014 5613 3382 5682 praeessent:

2237 5657 2762 5733 oculosrr'erborum’
2793 5657 3063 5747 τὲᾱρὲιναῖ
3084 5657 3149 5730 et
3171 5657 3471 5744 προσεῖναι
3514 5672 3604 5727 sim
3618 5657 3779 5749 ililttdo

2238 5748 2544 5819 παρήγαγε.
