4042 6384
260 296 370 353 9θὸ

1366 298 1690 354 ΡΒΑΞΡΑΒ.
1735 299 1988 356 EVANG.
2034 300 2160 355 LIB.
2204 297 2297 355 XI.

3407 301 3513 357 906

262 413 612 484 καθήμενος,
684 412 812 465 ναῦν
883 410 1071 466 ἁλιάδα
1130 411 1382 483 βραχεῖάν
1456 429 1577 466 τινα
1637 414 1842 469 τούτων

1946 432 2009 471 ex
2056 418 2380 487 cujusquam
2429 414 2673 479 omnino,
2724 429 2845 484 qua:
2891 416 3140 470 sensibus
3187 416 3517 486 percipiatur

261 505 375 557 τῶν
423 503 786 575 ὲπακτρίδων,
827 502 935 556 τῶν
973 503 1166 573 μόνων,
1210 504 1357 575 μίαν,
1396 504 1583 577 μόνην,
1614 505 1843 578 ἔρημον,

266 596 636 667 μετακυμίαις
658 595 920 666 ἐχομένην
954 594 1331 667 ὀξυδεδορκὼς,
1352 598 1450 668 μιᾷ
1476 596 1600 669 βολῇ
1635 599 1843 653 κατεῖδε

262 690 364 761 τὴν
407 689 573 744 ναῖεν
612 689 753 743 οὕτω
780 689 843 758 δή
886 705 1009 742 τινα
1055 688 1354 743 ἀπελθόντα
1397 691 1584 763 πόρρω
1607 691 1717 745 ἀπὸ
1737 691 1844 744 τῶν

262 782 563 853 αἰσθητῶν,
620 781 879 852 ὁμιλῆσαι
918 779 995 851 τῷ
1047 780 1235 852 ἀγαθῷ
1288 782 1432 853 μόνῳ
1478 782 1658 853 μόνον,
1718 782 1843 836 ἔνθα

264 876 407 945 μήτε
429 891 514 937 τις
536 872 840 945 ἄνθρωπος,
880 873 1013 944 μήτε
1042 891 1094 926 τι
1123 872 1259 937 ζῶον
1282 873 1490 945 ἕτερον,
1526 874 1659 946 μηδὲ
1686 874 1843 945 σῶμα

266 968 433 1038 μέγα,
480 967 613 1039 μηδὲ
642 967 892 1037 σμικρὸν,
922 965 1056 1020 ἀλλά
1078 983 1161 1029 τις
1192 966 1396 1035 ἀφατος
1432 967 1525 1019 καὶ
1554 968 1845 1039 ἀδιήγητος

261 1058 509 1128 ἀτεχνῶς
557 1058 759 1129 ἐρημία
802 1057 1105 1121 θεσπέσιος,
1154 1055 1283 1110 ἔνθα
1316 1056 1409 1110 τοῦ
1465 1057 1669 1125 ἀγαθοῦ
1716 1057 1841 1129 ἢθη,

260 1153 539 1225 διατριϐαί
572 1170 630 1206 τε
673 1152 765 1206 καὶ⁸
798 1151 1039 1220 ἀγλαΐαι,
1079 1150 1207 1203 αὐτὸ
1237 1149 1292 1201 δὲ
1334 1150 1392 1201 ἐν
1423 1150 1634 1223 εἰρήνῃ,
1670 1151 1727 1203 ἐν
1757 1151 1845 1203 εὑ-

265 1247 484 1317 μενείᾳ,
511 1246 571 1299 τὸ
604 1247 826 1317 ἤρεμον,
858 1244 918 1297 τὸ
950 1241 1291 1314 ἡγεμονικὸν,
1338 1241 1512 1304 ἵλεων,
1545 1241 1843 1312 ἐποχούμε-

258 1358 353 1393 νον
384 1341 479 1392 ἐπὶ
519 1342 584 1410 τῇ
619 1338 796 1409 οὐσία.
827 1338 889 1390 Et
935 1337 991 1389 δέ
1022 1352 1104 1398 τις
1140 1335 1276 1405 πρὸς
1320 1337 1427 1398 τοῖς
1461 1334 1734 1406 αἰσθητοῖς
1762 1335 1842 1388 λι-

261 1431 483 1502 παρῶν,
513 1432 573 1484 τὸ
593 1430 794 1499 ἀγαθον
830 1428 1194 1498 ἐφιπτάμενον
1218 1426 1570 1497 φαντάζεται,
1612 1427 1845 1482 κᾶπειτα

257 1524 487 1595 τρυφῶν
527 1523 689 1576 οἴοιτο
711 1521 788 1593 τῷ
825 1521 1013 1593 ἀγαθῷ
1039 1520 1474 1591 ἐντετυχηκέναι,
1509 1520 1602 1573 τοῦ
1646 1521 1844 1584 παντὸς

260 1616 591 1687 ἁμαρτάνει.
643 1614 733 1685 Τῷ
768 1613 874 1686 γάρ
912 1614 1024 1667 ὄντι
1068 1615 1128 1667 οὐ
1179 1612 1385 1685 ῥᾳδίας,
1421 1612 1568 1675 Θείας
1614 1612 1671 1665 δὲ
1710 1614 1844 1685 πρὸς

261 1710 401 1762 αὐτὸ
427 1710 508 1763 δεῖ
537 1707 755 1780 μεθόδου
773 1724 787 1737 ⁸
822 1706 1057 1760 καὶέστι
1088 1706 1394 1778 κράτιστον,
1439 1707 1546 1760 τῶν
1575 1706 1843 1778 αἰσθητῶν

1947 504 2305 560 similitudine
2331 518 2650 574 possumus.
2687 502 2791 558 Sed
2827 519 3049 560 necesse
3073 504 3255 571 fuerit,
3290 507 3515 576 perinde

1949 606 2009 651 ut
2034 598 2080 653 si
2111 598 2236 668 quis
2261 597 2488 653 inedita
2512 596 2732 669 specula
2761 598 3074 662 considens,
3109 599 3358 671 cymbam
3389 616 3509 655 me-

1945 690 2035 743 dio
2067 690 2123 745 in
2165 691 2304 746 mari
2336 692 2682 761 perexiguam
2732 708 2897 746 unam
2952 708 3017 747 ex
3047 693 3359 762 piscatoriis
3410 694 3518 749 illis

1948 785 2208 853 aliquam,
2250 801 2373 855 qua:
2395 785 2524 839 solm
2553 801 2815 856 apparere
2845 786 3042 848 solent,
3075 786 3223 838 omni
3256 786 3516 841 comitatu

1947 876 2170 943 nudam,
2220 877 2557 946 alternisque
2610 876 2866 932 ﬂuctibus
2915 877 3203 939 inclusam,
3237 893 3342 946 qua
3372 879 3519 933 valet

1946 970 2062 1023 acie
2084 969 2443 1039 prospiciens,
2471 970 2716 1039 conjectu
2744 970 3023 1024 oculorum
3052 984 3163 1024 uno
3196 980 3361 1024 totam
3396 986 3517 1039 per-

1946 1061 2147 1126 videat,
2203 1063 2273 1116 ita
2309 1078 2580 1134 quemque
2632 1064 2820 1133 procul
2854 1064 2921 1117 ab
2951 1064 3098 1117 omni
3146 1079 3350 1128 rerum,
3395 1079 3517 1132 qua:

1947 1171 2112 1210 sensu
2177 1155 2488 1225 capiuntur,
2531 1171 2632 1210 usu
2688 1155 3127 1225 commerciaque
3178 1154 3513 1223 sejunctum,

1949 1263 2074 1302 cum
2106 1247 2224 1303 solo
2269 1248 2414 1302 bono
2465 1248 2639 1303 solum
2674 1263 2854 1318 agere,
2889 1248 2979 1302 ubi
3010 1263 3115 1301 non
3166 1249 3351 1311 homo,
3406 1264 3515 1302 non

1949 1340 2153 1406 anima,
2205 1354 2316 1395 non
2369 1340 2540 1394 ullum
2583 1342 2812 1395 omnino
2858 1357 3062 1410 corpus
3107 1349 3381 1404 occurrat,
3420 1341 3517 1395 sed

1945 1441 2097 1487 vasta
2144 1432 2392 1502 quaedam
2438 1433 2699 1503 omnique
2736 1433 2983 1489 oratione
3031 1436 3229 1504 major,
3262 1449 3327 1489 ac
3356 1434 3518 1503 plane

1945 1523 2129 1578 divina
2170 1524 2407 1579 solitudo
2441 1541 2453 1576 :
2512 1524 2566 1580 in
2606 1542 2714 1595 qua
2747 1526 2874 1581 boni
2914 1542 3115 1590 mores,
3153 1527 3515 1588 consuetudo,

1945 1615 2259 1687 deliciaeque
2276 1626 2563 1672 versantur
2582 1618 2869 1688 ipsumque
2892 1618 3026 1674 adeo
3046 1620 3271 1683 bonum,
3301 1634 3516 1674 summa

1946 1721 2098 1775 pace,
2144 1722 2209 1761 ac
2235 1706 2607 1776 placidissima
2640 1708 2871 1777 quadam
2908 1709 3079 1763 animi
3120 1710 3517 1780 tranquillitate

263 1800 620 1872 ἀμελήσαντι,
653 1798 1090 1868 νεανιευσαμένῳ
1107 1797 1243 1869 πρὸς
1272 1797 1338 1850 τά
1371 1797 1688 1869 μαθήματα,
1719 1801 1842 1861 τοὺς

1947 1796 2156 1861 fruens,
2187 1799 2441 1870 princeps
2490 1798 2634 1854 idem
2663 1800 3029 1871 omnibusque
3068 1801 3363 1871 prepitium
3416 1818 3515 1856 na-

262 1893 533 1964 ἀριθμοὺς
561 1891 898 1961 θεασαμένῳ,
926 1890 1097 1954 οὕτως
1126 1889 1485 1960 ὲκμελετῆσαι
1509 1889 1752 1959 μάθημα·
1776 1890 1841 1942 Τί

262 1984 382 2036 ὲστι
435 1982 496 2035 τὸ
544 1982 624 2035 ἓν.
669 2002 687 2034 ι
720 1980 903 2035 Ταῦτα
946 1981 1042 2052 μὲν
1085 1983 1143 2033 ὲν
1191 1980 1269 2052 τῷ
1314 1980 1542 2051 πρώτῳ·
1579 1982 1635 2034 ἐν
1666 1981 1724 2033 δὲ
1764 1981 1842 2051 τῷ

262 2074 502 2145 πέμπτῳ
544 2073 721 2129 ταῦτά
769 2090 965 2144 φησιν·
1006 2091 1024 2123 ‹
1058 2074 1121 2125 Εἰ
1178 2072 1222 2125 δ’
1266 2074 1381 2127 ἐστὶ
1433 2073 1530 2143 μὲν
1580 2074 1766 2143 νοητὸν
1807 2076 1840 2143 ἡ

262 2166 422 2220 οὐσία
451 2166 544 2220 καὶ
571 2167 605 2237 ἡ
638 2165 768 2232 ἰδέα,
810 2166 1013 2237 ταύτης
1044 2165 1086 2218 δ’
1120 2165 1444 2236 ὡμολογήθη
1475 2165 1842 2238 πρεσϐύτερον

265 2259 357 2310 καὶ
386 2258 559 2311 αἴτιον
582 2252 719 2311 εἶναι
743 2259 771 2310 ὁ
801 2256 945 2322 νοῦς,
975 2256 1135 2319 αὐτὸς
1157 2248 1311 2319 οὗτος
1337 2257 1494 2326 μόνος
1521 2257 1744 2328 εὓρηται
1769 2255 1843 2309 ὢν

262 2349 322 2402 τὸ
351 2348 575 2417 ἀγαθόν.
607 2350 716 2401 Ka‘t
756 2348 863 2420 γάρ
892 2350 939 2401 εἰ
968 2350 997 2401 6
1029 2348 1128 2419 μὲν
1154 2350 1184 2401 6
1214 2348 1541 2420 δημιουργὸς
1565 2348 1696 2412 Θεός
1727 2351 1843 2401 ἐστι

263 2441 534 2509 γενέσεως
571 2439 737 2512 ἀρχὴ,
777 2441 838 2493 τὸ
860 2439 1059 2509 ἀγαθὸν
1086 2440 1272 2504 οὐσίας
1306 2440 1453 2493 ἐστὶν
1485 2440 1646 2511 ἀρχή.
1686 2439 1843 2493 ’Λνά-

260 2534 422 2601 λογον
457 2533 515 2586 δὲ
562 2534 735 2604 τούτῳ
784 2533 881 2603 μὲν
928 2535 956 2586 6
1001 2532 1326 2604 δημιουργὸς
1370 2533 1521 2596 Θεὸς,
1556 2532 1632 2585 ὢν
1680 2532 1842 2585 αὑτοῦ

265 2625 531 2696 μιμητὴς,
557 2628 623 2697 τῇ
646 2624 703 2677 δὲ
729 2626 885 2696 οὐσίᾳ
908 2628 940 2695 ἡ
964 2625 1195 2693 γένεσις,
1218 2624 1379 2678 εἰκὼν
1405 2624 1571 2695 αὐτῆς
1598 2621 1730 2678 οὖσα
1752 2625 1844 2677 καὶ

265 2718 515 2788 μίμημα.
550 2716 611 2770 Εἰ
655 2715 765 2787 γάρ
798 2718 826 2768 ὁ
853 2716 1181 2788 δημιουργὸς
1221 2719 1250 2770 6
1278 2717 1376 2786 τῆς
1402 2716 1669 2786 γενέσεώς
1698 2719 1844 2770 ἐστιν

262 2809 489 2879 ἀγαθὸς,
536 2805 680 2881 ἦπου
745 2807 895 2862 ἔσται
936 2811 1031 2863 καὶ
1063 2811 1091 2861 6
1139 2810 1236 2880 τῆς
1281 2809 1467 2873 οὐσίας
1521 2810 1846 2881 δημιουργὸς

261 2901 623 2969 αὐτοαγαθόν,
656 2899 931 2970 σύμφυτον
955 2903 1020 2972 τῇ
1046 2900 1224 2971 οὐσίᾳ.
1242 2901 1300 2954 ὐ
1321 2899 1429 2971 γὰρ
1454 2899 1723 2971 δεύτερος,
1745 2900 1846 2952 διτ-

258 2995 353 3059 τὸς
379 2993 454 3047 ὢν
486 2994 665 3059 αὐτὸς,
702 2997 840 3047 ποιεῖ
868 2994 967 3066 τήν
998 3011 1058 3046 τε
1089 2993 1231 3047 ἰδέαν
1274 2991 1467 3047 ἑαυτοῦ
1494 2994 1587 3045 καὶ
1633 2993 1723 3044 τὸν
1753 2992 1844 3045 κό-

265 3104 423 3156 σμον,
450 3086 777 3157 δημιουργὸς
802 3085 878 3139 ὢν
902 3103 915 3116 ·
943 3085 1135 3140 ἔπειτα
1168 3084 1498 3158 θεωρητικὸς
1523 3084 1679 3148 ὅλως.
1707 3084 1841 3136 Συλ-

263 3180 658 3251 λελογισμένων
678 3181 724 3234 δ’
748 3178 902 3251 ἡμῶν
930 3179 1171 3249 ὀνόματα
1203 3178 1477 3250 τεττάρων
1508 3178 1843 3249 πραγμάτων

262 3273 500 3343 τέτταρα
535 3271 671 3325 ἔστω
697 3272 898 3325 ταῦτα’
940 3272 999 3323 '0
1027 3270 1123 3341 μὲν
1158 3270 1370 3343 πρῶτος
1394 3270 1544 3335 Θεὸς,
1581 3269 1847 3337 αὑτοάγα-

262 3364 387 3419 θον·
414 3368 444 3418 6
475 3365 532 3417 δὲ
574 3364 762 3418 τούτου
812 3364 1073 3435 μιμητὴς,
1114 3362 1439 3435 δημιουργὸς
1484 3362 1684 3430 ἀγαθός
1703 3378 1716 3391 ⁸
1742 3363 1777 3435 ἡ
1803 3360 1847 3414 δ’

265 3459 423 3511 οὐσία
452 3459 549 3530 μία
573 3458 669 3529 μὲν
688 3461 721 3528 ἠ
747 3455 841 3510 τοῦ
868 3456 1105 3525 πρώτου,
1135 3455 1295 3526 ἑτέρα
1313 3455 1371 3507 δὲ
1399 3456 1433 3525 ἠ
1454 3452 1545 3506 τοῦ
1570 3452 1842 3523 δευτέρου·

263 3549 330 3622 ἧς
382 3554 625 3624 μίμημα,
657 3551 866 3615 ὁκαλὸς
916 3551 1137 3620 κόσμος,
1166 3546 1671 3617 κεκαλλωπισμένος
1718 3564 1846 3616 μετ-

264 3644 426 3715 ουσίᾳ
492 3644 584 3697 τοῦ
633 3644 820 3699 καλοῦ.
862 3664 881 3697 ι
924 3643 1034 3696 Καὶ
1063 3642 1121 3693 ὲν
1152 3640 1229 3711 τῷ
1272 3640 1414 3710 ’ἐκτῳ
1460 3638 1517 3691 δὲ
1544 3638 1843 3706 ’ἐπιλέγειν

272 3755 291 3788 t
328 3738 560 3808 Μετέχει
583 3738 640 3791 δὲ
681 3735 845 3789 αὑτοῦ
877 3736 947 3789 τά
992 3734 1309 3807 μετέχοντα,
1344 3732 1443 3784 καὶ
1487 3731 1544 3783 ὲν
1575 3729 1720 3801 ἄλλῳ
1749 3731 1846 3801 μὲν

265 3830 461 3893 οὐδενὶ,
497 3833 555 3883 ὲν
588 3830 644 3883 δὲ
678 3830 825 3902 μόνῳ
868 3828 947 3900 τῷ
992 3830 1206 3900 φρονεῖν
1229 3844 1243 3857 ο
1276 3826 1447 3897 ταύτῃ
1482 3826 1587 3896 ἄρα
1626 3825 1846 3894 καὶτῆς

270 3922 476 3991 ἀγαθοῦ
509 3924 827 3993 συμϐάσεως
855 3924 1074 3976 ὀνίναιτ’
1109 3920 1196 3986 ἂν,
1218 3920 1391 3983 ἄλλως
1424 3919 1468 3972 δ’
1490 3918 1571 3981 οὔ.
1602 3919 1713 3971 Καὶ
1748 3919 1846 3988 μὲν

268 4015 333 4087 δὴ
368 4016 428 4068 τὺ
456 4018 669 4087 φρονεῖν
698 4015 855 4068 τοῦτο
884 4014 993 4067 δεῖν
1041 4012 1399 4083 συντετύχηκε
1433 4010 1545 4079 (57)
1594 4010 1739 4082 μόνῳ
1766 4009 1845 4079 τῷ

269 4105 489 4177 πρώτῳ.
529 4107 648 4176 Ὑφ’
682 4102 742 4161 οὗ
767 4102 859 4160 οὖν
889 4106 956 4160 τά
993 4106 1125 4161 ἀλλα
1156 4103 1544 4176 ἀποχραίνεται
1578 4103 1675 4155 καὶ
1711 4103 1845 4170 ἀγα.-

272 4199 478 4263 θοῦται,
511 4200 607 4252 ὲάν
632 4199 789 4252 τοῦτο
816 4200 1006 4269 ἐκείνῳ
1043 4200 1200 4269 μόνον
1229 4198 1375 4268 μόνῳ
1401 4199 1597 4267 προσῇ,
1628 4194 1845 4249 ἀϐελτέ-

274 4311 369 4365 ρας
418 4293 485 4347 ἂν
527 4293 613 4365 εἴη
665 4293 844 4365 ψυχῆς
887 4292 964 4346 ἔτι
1010 4291 1345 4363 ἀμφιλογεῖν.
1380 4291 1443 4343 Et
1489 4289 1599 4360 γὰρ
1642 4286 1843 4357 ἀγαθός

273 4387 417 4439 ἐστιν
449 4387 477 4438 6
514 4384 761 4453 δεύτερος
790 4385 847 4437 οὐ
896 4383 1023 4455 παρ’
1057 4382 1267 4447 ἑαυτοῦ,
1300 4381 1449 4452 παρά
1470 4380 1525 4433 δὲ
1568 4378 1660 4432 τοῦ
1695 4378 1843 4449 πρώ-

1945 1897 2080 1944 tura:
2112 1890 2310 1946 insidet
2355 1879 2640 1947 universa.
2676 1890 2813 1946 Nam
2844 1893 2935 1962 qui
2979 1893 3109 1948 dum
3137 1894 3189 1947 in
3227 1894 3392 1949 rebus
3425 1894 3512 1959 iis,

1944 1995 2065 2050 quae
2089 1995 2307 2035 sensum
2330 1980 2552 2047 feriunt,
2582 1981 2836 2038 assiduus
2859 1998 2923 2036 ac
2951 1990 3099 2038 totus
3127 1990 3230 2047 est,
3263 1983 3392 2038 boni
3424 1999 3518 2037 ne-

1945 2073 2060 2127 scio
2086 2089 2250 2143 quam
2280 2075 2428 2129 velut
2477 2089 2542 2131 eo
2574 2074 2877 2130 devolantis
2923 2075 3308 2145 cogitationem
3345 2074 3516 2129 infor-

1945 2175 2077 2227 mat,
2128 2182 2194 2222 ac
2238 2167 2434 2223 deinde
2468 2167 2616 2224 illius
2663 2184 2723 2224 se
2752 2168 3120 2223 familiaritate
3161 2182 3321 2222 usum
3353 2169 3518 2222 homo

1945 2260 2208 2315 delicatus
2238 2276 2302 2315 ac
2331 2262 2707 2332 voluptuarius
2731 2262 3026 2326 existimat,
3050 2277 3133 2317 nae
3162 2263 3208 2318 is
3235 2261 3521 2317 vehemeno

1946 2358 2027 2403 ter
2072 2357 2236 2404 errat.
2291 2348 2404 2407 Nec
2453 2353 2597 2407 enim
2634 2352 2813 2423 ipsum
2848 2352 2993 2407 facili
3036 2368 3101 2407 ac
3144 2352 3375 2417 ludicra,
3424 2353 3518 2408 sed

1946 2444 2106 2512 plane
2130 2443 2312 2498 divina
2348 2446 2583 2515 quadam
2613 2456 2728 2501 arte
2751 2446 3129 2517 industriaque
3166 2447 3519 2516 quaerendum

1944 2546 2048 2591 est.
2103 2535 2223 2603 Quo
2256 2537 2310 2591 in
2340 2552 2538 2608 genere
2567 2538 2833 2608 optimum
2864 2553 2996 2593 sane
3032 2536 3213 2603 fuerit,
3262 2539 3520 2593 omnibus

1944 2627 2030 2693 iis,
2054 2643 2177 2698 qua:
2210 2628 2263 2681 in
2291 2642 2514 2682 sensum
2549 2628 2770 2692 cadunt,
2805 2630 3109 2698 praeteritis,
3138 2630 3192 2683 in
3221 2630 3521 2687 mathema-

1943 2721 2080 2777 ticas
2107 2720 2423 2791 disciplinas
2463 2720 2706 2775 animose
2752 2720 2805 2773 iu
2829 2719 3020 2789 primis
3059 2728 3223 2789 atque
3268 2721 3522 2777 ardenter

1944 2813 2279 2877 incumbere,
2310 2824 2474 2882 atque
2504 2813 2596 2866 ubi
2625 2826 2979 2867 numerorum
3012 2812 3327 2868 discrimina
3354 2815 3521 2868 ratio-

1942 2916 2149 2971 nesque
2194 2902 2491 2971 pervideris
2542 2909 2657 2955 tum
2709 2901 2763 2954 in
2810 2901 2912 2956 hac
2949 2902 3169 2956 demum
3194 2903 3518 2972 quaestione,

1944 2991 2086 3058 Quid
2116 3009 2287 3047 unum
2340 3002 2394 3048 et
2436 2993 2742 3062 cujusmodi
2777 2993 2866 3053 sit,
2902 2992 3126 3048 assidua
3168 2993 3523 3049 meditatione.

1945 3082 2375 3155 versarinsu
2402 3081 2527 3139 Haec
2551 3084 2604 3137 in
2630 3083 2808 3151 primo
2832 3082 3131 3140 Numenius
3156 3104 3171 3152 ;
3195 3096 3250 3141 at
3280 3102 3400 3156 quae
3430 3102 3521 3142 se-

1949 3182 2212 3244 quuntur,
2258 3176 2313 3230 in
2353 3176 2545 3245 quinto
2578 3195 2591 3229 :
2635 3194 2654 3226 ‹
2682 3174 2824 3242 Jam,
2860 3176 3061 3246 inquit,
3094 3177 3141 3232 si
3172 3186 3284 3231 tam
3329 3192 3521 3233 essen—

1951 3268 2045 3329 tia,
2084 3281 2250 3336 quam
2280 3265 2403 3321 idea
2435 3265 2680 3336 spiritale
2715 3265 2975 3335 quiddam
3008 3274 3113 3331 est,
3139 3276 3192 3322 et
3215 3267 3261 3322 si
3293 3276 3522 3337 utraque

1948 3359 2331 3429 antiquiorem,
2357 3359 2467 3413 imo
2497 3368 2551 3414 et
2577 3375 2799 3415 causam
2830 3359 3113 3430 utriusque
3140 3369 3375 3416 mentem
3400 3375 3524 3417 esse

1950 3452 2310 3515 confitemur,
2346 3468 2467 3507 eam
2518 3451 2763 3522 profecto
2809 3451 2980 3507 solam
3028 3451 3231 3506 bonum
3275 3466 3398 3508 esse
3420 3467 3520 3507 ne-

1948 3561 2103 3602 cesse
2136 3554 2237 3601 est.
2272 3543 2406 3598 Nam
2440 3545 2485 3599 si
2517 3544 2711 3598 artifex
2748 3544 2889 3598 Deus
2923 3544 3287 3613 generationis
3311 3544 3519 3613 princi-

1947 3640 2097 3709 pium
2143 3647 2249 3703 est,
2292 3639 2494 3692 bonum
2538 3638 2714 3707 ipsum
2757 3635 2996 3704 profecto
3030 3638 3278 3692 essentizc
3316 3637 3521 3707 princi-

1947 3732 2097 3801 pium
2118 3731 2242 3787 erit.
2272 3730 2563 3784 Enimvero
2592 3738 2651 3783 ut
2691 3728 2881 3784 artifex
2915 3729 3004 3784 ille
3036 3728 3178 3785 Deus
3200 3744 3325 3785 cum
3350 3730 3517 3795 bono,

1948 3824 2106 3893 cujus
2143 3823 2428 3878 aemulator
2455 3833 2556 3886 est,
2612 3823 2686 3876 ita
2709 3838 2831 3877 cum
2867 3822 3104 3877 essentia
3135 3822 3414 3892 generatio
3442 3824 3520 3879 si-

1947 3913 2270 3969 militudinis
2294 3922 2456 3982 atque
2486 3912 2758 3967 allinitatis
2792 3911 2992 3981 aliquid
3015 3911 3195 3977 habet,
3220 3911 3366 3981 quod
3396 3911 3518 3982 ejus

1948 4007 2126 4076 imago
2160 4006 2406 4075 quaedam
2435 4013 2491 4058 et
2527 4003 2760 4058 imitatio
2789 4003 2879 4057 sit.
2933 4000 3089 4068 Quod
3114 4001 3161 4057 si
3195 4000 3394 4057 artifex
3427 4018 3519 4073 ge-

1946 4098 2245 4152 nerationis
2274 4105 2465 4151 auctor
2490 4096 2666 4151 bonus
2693 4104 2775 4150 est
2795 4133 2810 4156 ,
2858 4094 3108 4149 essentia:
3136 4093 3355 4163 quidem
3384 4095 3518 4150 arti-

1947 4189 2055 4252 fex,
2084 4189 2377 4259 ipsummet
2397 4202 2492 4257 per
2517 4201 2638 4242 sese
2667 4186 2869 4241 bonum
2904 4185 3028 4247 erit,
3057 4193 3219 4256 atque
3251 4185 3304 4240 in
3330 4199 3518 4241 essen-

1946 4283 2034 4337 tia:
2062 4283 2327 4336 rationem
2377 4288 2432 4335 et
2476 4290 2723 4334 naturam
2756 4279 3093 4334 immersum.
3149 4277 3285 4333 Nam
3317 4293 3517 4334 secun-

1945 4376 2048 4429 dus
2098 4389 2262 4440 sane,
2315 4372 2513 4442 duplex
2558 4372 2672 4440 ipse
2717 4386 2841 4426 cum
2877 4370 2981 4436 sit,
3017 4371 3268 4439 idemque
3296 4368 3515 4433 artifex,

271 4495 383 4543 του,
409 4479 523 4541 πῶς
539 4473 648 4531 οἷόν
670 4496 729 4531 τε
752 4477 840 4548 ὑφ’
868 4470 928 4529 οὗ
959 4476 1245 4546 μετουσίας
1271 4475 1416 4527 ἐστὶν
1438 4468 1593 4535 οὗτος
1618 4470 1839 4541 ἀγαθὸς,

1947 4467 2178 4537 primum
2226 4465 2443 4536 quidem
2494 4474 2548 4519 et
2585 4465 2759 4519 ideam
2802 4463 2920 4534 ipse
2963 4477 3119 4518 suam
3164 4470 3220 4516 et
3248 4461 3515 4516 mundum

276 4573 349 4643 μὴ
379 4572 579 4641 ἀγαθὸν
613 4568 769 4634 εἶναι,
799 4569 972 4628 ἄλλως
1001 4586 1082 4632 τε,
1109 4567 1211 4622 κᾶν
1234 4566 1371 4638 τύχῃ
1410 4564 1573 4620 αὑτοῦ
1604 4564 1680 4627 ὡς
1708 4564 1842 4631 ἀγα-

271 4665 364 4718 θοῦ
403 4664 719 4735 μεταλαχὼν
758 4666 786 4717 6
828 4662 1110 4734 δεύτερος;
1158 4660 1299 4713 οὕτω
1326 4676 1407 4713 τοι
1451 4660 1479 4712 6
1512 4657 1737 4710 Πλάτων
1777 4658 1841 4708 ὲκ

274 4756 628 4827 συλλογισμοῦ
669 4755 747 4827 τῷ
784 4756 876 4823 ὀξὺ
913 4755 1160 4826 βλέποντι
1199 4752 1444 4806 ἀπέδωκε
1470 4750 1581 4822 (58)
1609 4750 1669 4802 τὸ
1700 4750 1838 4817 ἀγα-

272 4848 384 4911 θὸν,
408 4851 488 4902 ὅτι
515 4850 660 4902 ἐστὶν
690 4849 767 4902 έν.
793 4867 810 4900 ι
834 4849 943 4900 Καὶ
975 4847 1133 4900 πάλιν
1160 4846 1288 4915 ἑξῆς
1320 4862 1479 4915 φησι’
1515 4862 1535 4895 «
1565 4842 1746 4896 Ταῦτα
1785 4842 1840 4896 δὲ

270 4940 441 5004 οὕτως
489 4941 695 5011 ἔχοντα,
737 4939 831 5009 ἔθη
856 4952 882 4980 ⁸
916 4939 1010 5009 μὲν
1041 4941 1069 4992 6
1114 4938 1355 5002 Πλάτων,
1403 4936 1535 5010 ἄλλῃ
1566 4937 1658 4989 καὶ
1707 4935 1840 5008 ἄλλῃ

273 5033 510 5105 χωρίσας
529 5049 543 5062 ⁸
576 5032 679 5104 ἰδίᾳ
712 5032 809 5103 μὲν
835 5031 943 5103 γὰρ
973 5031 1062 5083 τὸν
1086 5029 1340 5084 κυκλικὸν
1368 5028 1480 5099 (59)
1506 5028 1598 5080 ἐπὶ
1617 5025 1711 5079 τοῦ
1740 5029 1840 5096 Δη-

342 5160 368 5187 8
410 5147 546 5213 forte
583 5145 681 5199 ἔτι.

340 5282 454 5352 (37)
483 5282 614 5335 Δεῖν
640 5296 1066 5352 συντετυχηκε.
1098 5277 1445 5352 Subobscura
1471 5276 1682 5332 videtur
1707 5276 1840 5347 hyp—

272 5347 463 5442 θιὼ-ἧς’,
492 5352 700 5442 proﬂat
725 5352 807 5404 vel
834 5347 939 5442 ξρέι
974 5347 1446 5442 συντετυχηριξναι.

342 5416 454 5490 (58)
492 5416 800 5476 Ἆπέδωκε.
836 5419 946 5473 Vox
970 5416 1600 5490 contritaphilosophis,
1616 5432 1679 5471 ac
1704 5416 1838 5469 viris

271 5488 502 5547 eruilitis
536 5494 739 5561 pridem
774 5493 1077 5561 observata,
1114 5492 1216 5545 hoc
1242 5498 1359 5561 est,
1390 5488 1675 5541 dialectico
1702 5502 1837 5561 prte-

272 5566 460 5618 sertim
511 5558 662 5617 more
712 5562 914 5630 aliquid
946 5560 1175 5625 efﬁcere,
1225 5560 1631 5630 demonstrare,
1660 5567 1713 5612 et
1764 5558 1839 5609 si-

274 5636 494 5687 militer.
524 5632 643 5699 Quo
696 5628 858 5686 seuéu
886 5632 1178 5699 aliquando
1215 5628 1305 5682 τὸν
1336 5628 1488 5696 λόγον
1522 5629 1835 5699 adjunctum

276 5705 456 5765 habet,
497 5696 788 5773 aliquando
830 5718 923 5770 per
967 5696 1230 5773 sesolum
1264 5696 1836 5773 poniturLNumenius

277 5775 367 5830 hic
391 5776 491 5829 ista
518 5768 909 5843 conjunxit,_éx
940 5770 1292 5841 συλλογισμοῦ
1326 5768 1653 5823 ἀποδιδόναι.

712 5867 902 5925 Pun.
936 5863 1055 5927 Gn.
1085 5862 1258 5925 XXI.

1944 4556 2089 4609 hunc
2112 4560 2380 4624 procreat,
2416 4553 2609 4608 deinde
2641 4568 2769 4607 vero
2795 4561 2943 4608 totus
2968 4552 3022 4607 in
3060 4551 3516 4621 contemplatione

1943 4659 2209 4704 versatur.
2245 4646 2423 4714 Quare
2442 4687 2457 4712 ,
2486 4655 2546 4701 ut
2571 4661 2753 4701 rerum
2780 4654 3015 4716 quatuor
3038 4645 3257 4700 nomina
3286 4643 3513 4715 colliga-

1942 4759 2085 4807 mus,
2117 4750 2353 4813 quatuor
2376 4741 2491 4796 liaec
2518 4755 2639 4795 esse
2665 4739 2911 4808 possint:
2935 4738 3079 4794 Deus
3105 4737 3335 4808 primus,
3367 4736 3513 4806 quod

1942 4836 2120 4905 ipsum
2144 4850 2239 4905 per
2282 4847 2401 4889 sese
2429 4832 2631 4887 bonum
2663 4839 2747 4886 est
2775 4848 2791 4896 ;
2833 4829 3077 4901 ejusdem
3112 4828 3348 4883 imitator
3375 4827 3512 4882 arti-

1941 4930 2028 4984 fex
2084 4929 2307 4993 bonus;
2347 4926 2581 4981 essentia
2624 4924 2843 4993 duplex,
2892 4922 3053 4994 primi
3107 4921 3298 4986 altera,
3341 4919 3513 4975 altera

1941 5021 2187 5087 secundi,
2229 5019 2387 5088 cujus
2432 5018 2663 5073 imitatio
2704 5025 2789 5071 est
2828 5015 3053 5085 pulcher
3105 5014 3195 5069 ille
3250 5011 3510 5076 mundus,

2012 5272 2123 5345 ('59)
2156 5269 2281 5345 Fﬁp
2318 5264 2753 5345 tdrytvgtltxo'r.
2787 5261 2995 5345 Mallem
3040 5254 3508 5345 abesset

1940 5327 2268 5413 ut‘postula't
2313 5338 2577 5413 orationis
2616 5349 2807 5413 nexus.
2841 5330 3239 5413 Cgeterum‘vel'
3263 5327 3510 5413 addenda

1939 5399 2045 5468 vox
2088 5413 2277 5480 λόγον,
2324 5408 2408 5462 vel
2449 5416 2594 5480 certe
2633 5404 2928 5480 supplenda
2962 5418 2974 5453 :
3018 5399 3273 5480 κυξιλικόν
3308 5402 3507 5480 autem

1938 5486 2094 5553 λόγον
2145 5468 2412 5553 appellat,
2431 5479 2627 5547 opinor
2662 5468 2935 5553 vulgatam
2971 5482 3025 5553 et
3055 5468 3504 5553 philosophorum

1939 5538 2032 5612 ore
2065 5538 2246 5608 tritam
2278 5538 2602 5610 orationem,
2629 5538 2930 5617 quaa'uihil
2960 5538 3253 5617 admodum
3283 5538 3507 5617 haberet

1938 5608 2219 5696 exquisiti,
2265 5608 2596 5696 cuiusmodi;
2630 5608 2713 5673 est
2777 5613 3244 5696 quod_sequitur,
3290 5608 3503 5662 Bonum

1939 5684 2096 5761 Boni,
2125 5684 2368 5763 adeoque
2392 5688 2616 5746 artificis
2640 5687 2879 5741 numinis
2907 5684 3083 5738 ideam
3110 5698 3250 5737 esse.

3130 5836 3227 5895 ‘29
