4042 6384
621 283 727 340 907
1188 279 1455 336 EUSEBH
1497 275 1979 334 CESARIENSIS
2021 275 2170 332 OPP.
2213 276 2392 333 PARS
2433 276 2497 333 Il.
2539 308 2609 319 —
2647 275 3167 334 APOLOGETICA.
3759 280 3848 335 ΜΒ

619 395 832 467 pulchri
880 394 1260 450 communione
1304 399 1617 446 exornatus.
1658 408 1676 441 ι
1714 388 1860 444 idem
1908 405 2097 444 rursus
2132 390 2162 442 in

2291 389 2548 461 μιουργοῦ
2573 388 2849 460 ἐγράψατο
2869 391 2926 442 ὲν
2961 389 3181 459 Τιμαίῳ
3205 384 3383 439 εἰπών
3401 401 3415 414 ·
3454 404 3473 436 ι
3498 385 3549 438 Ἀ
3562 387 3709 454 γαθὸς
3734 385 3807 461 ἦν’
3832 413 3847 445 ι

618 503 771 545 sexto
802 507 815 543 :
855 507 873 538 ε
910 487 1208 551 Caeterum,
1255 484 1462 553 inquit.
1506 481 1768 552 quidquid
1800 482 1920 551 ejus
1957 481 2009 534 in
2037 496 2155 536 com

2291 481 2349 533 ἐν
2375 480 2431 532 δὲ
2455 483 2519 551 τῇ
2550 482 2825 549 Πολιτείᾳ
2847 482 2907 535 τὸ
2942 482 3177 550 Ἀγαθὸν
3194 475 3357 531 εἶπεν
3380 496 3398 529 ι
3434 478 3654 547 ’Δγαθοῦ
3686 482 3849 537 ἰδέανορ

617 583 931 636 munionem
954 586 1201 643 vocatur,
1247 577 1410 632 unius
1442 584 1650 629 tantum
1692 574 1745 627 in
1776 574 2057 644 sapientiae
2091 588 2158 626 vo

2291 573 2366 636 ὡς
2390 572 2453 643 δὴ
2486 572 2576 626 τοῦ
2611 573 2951 645 Δημιουργοῦ
3002 574 3149 627 ἰδέαν
3183 568 3360 626 οὖσαν
3388 572 3448 625 τὸ
3494 572 3707 640 ἀγαθὸν,
3733 577 3853 642 ὅστις

620 684 795 739 ratur,
834 673 1034 742 quippe
1057 669 1201 738 quod
1234 669 1310 723 ita
1342 668 1559 722 demum
1590 682 1655 720 ex
1688 666 1861 735 ipsius
1891 666 2020 720 boni
2051 682 2162 720 cont

2294 667 2566 736 πέφανται
2613 668 2746 737 ἡμῖν
2793 664 2995 733 ἀγαθὸς
3027 663 3301 736 μετουσίᾳ
3334 662 3433 714 τοῦ
3472 662 3679 735 πρώτου
3704 683 3755 719 τε
3778 666 3859 722 καὶ

610 764 894 833 junctione
926 761 1160 815 fructum
1193 760 1429 829 aliquem
1465 772 1659 826 capere
1683 756 1879 826 possit,
1910 770 2068 810 secus
2093 771 2159 808 au

2298 756 2481 826 μόνου,
2513 756 2699 818 Ὅπως
2738 754 2847 826 γὰρ
2881 754 3160 827 ἄνθρωποι
3200 754 3307 824 μὲν
3336 753 3584 821 λέγονται
3619 757 3857 810 τυπωθέν-

613 868 719 909 tem
749 855 976 909 nullum.
1040 852 1211 921 Cujus
1238 851 1457 922 quidem
1489 849 1765 919 sapientia:
1820 847 1942 904 ions
1968 848 2162 902 nonnis

2294 864 2386 910 τες
2418 845 2521 899 ὑπὸ
2565 847 2663 915 τῆς
2713 846 2999 918 ἀνθρώπου
3024 847 3194 909 ἰδέας,
3233 844 3364 914 βόες
3385 844 3431 895 δ’
3459 845 3563 897 ὑπὸ
3597 845 3691 916 τῆς
3715 847 3855 917 πῶς,

612 961 778 1013 penes
813 945 1047 1014 primum
1085 943 1234 996 illum
1271 956 1393 995 esse
1432 939 1638 993 debuit.
1705 937 1984 1008 Siquidem
2021 953 2050 991 a
2075 954 2162 1007 qut

2289 939 2383 992 καὶ
2417 938 2572 990 ἵπποι
2600 938 2703 990 ὑπὸ
2727 937 2849 1009 τῆς]
2886 939 3051 992 ἵππου
3088 939 3242 999 ἰδέας
3266 953 3280 965 ·
3318 934 3471 989 οὕτω
3517 938 3610 990 καὶ
3638 940 3856 1003 εἰκότως,

610 1049 803 1092 czetera
855 1036 1035 1091 omnia
1089 1051 1213 1089 cum
1261 1033 1649 1103 perfectionem
1687 1032 1803 1101 ipsa
1850 1046 2027 1092 suam,
2067 1039 2162 1084 tun

2289 1031 2316 1083 6
2345 1030 2680 1100 Δημιουργὸς
2710 1030 2867 1101 εἴπερ
2892 1033 3009 1083 ἐστὶ
3026 1030 3297 1101 μετουσίᾳ
3316 1029 3414 1084 τοῦ
3442 1028 3650 1101 πρώτου
3680 1032 3857 1099 ἀγαθοῦ

610 1129 849 1198 aliquam
882 1127 1009 1181 boni
1043 1128 1304 1181 rationem
1331 1124 1637 1193 accipiunt,
1673 1122 1795 1177 eine
1847 1130 2054 1177 tantum
2081 1123 2162 1176 un?

2283 1121 2504 1189 ἀγαθὸς,
2532 1121 2645 1174 ἰδέα
2670 1121 2734 1176 ἂν
2768 1123 2853 1194 εἴη
2884 1125 2911 1175 6
2943 1123 3157 1195 πρῶτος
3188 1122 3345 1187 νοῦς,
3380 1120 3458 1174 ὢν
3484 1124 3813 1189 αὐτοαγαθόν.
3836 1146 3852 1177 ι

609 1222 726 1275 haec
756 1220 977 1291 perfecti
1028 1220 1153 1274 boni
1185 1218 1419 1287 dignitas
1460 1217 1610 1281 insit,
1670 1224 1929 1285 praeterea
1990 1214 2260 1277 dubitare,
2300 1213 2479 1269 stolidi
2513 1214 2753 1284 profecto
2777 1231 2841 1271 ac
2867 1217 3115 1272 vecordis
3167 1215 3351 1271 animi
3401 1214 3589 1268 fuerit.
3644 1213 3700 1269 Si
3734 1217 3853 1270 enim

609 1313 880 1369 secundus
906 1328 1011 1365 non
1040 1326 1136 1380 per
1164 1325 1283 1365 sese
1310 1312 1485 1363 bonus
1511 1322 1625 1373 est,
1652 1306 1746 1362 sed
1779 1316 1985 1361 tantum
2011 1305 2170 1375 primi
2211 1306 2503 1371 beneficio;
2555 1306 2649 1377 qui
2697 1308 2912 1362 tandem
2958 1308 3071 1363 fieri
3134 1316 3369 1379 posset,
3408 1317 3470 1361 ut
3503 1307 3659 1374 cujus
3720 1311 3855 1366 unius

608 1406 990 1462 communione
1027 1404 1203 1458 bonus
1239 1403 1374 1457 alter
1400 1404 1501 1456 iste
1564 1401 1654 1466 sit,
1691 1400 1737 1455 is
1779 1400 1957 1470 ipsum
2026 1414 2119 1469 per
2145 1413 2266 1454 sese
2303 1398 2505 1454 bonum
2541 1414 2647 1454 non
2677 1411 2849 1468 esset;
2884 1400 3120 1457 maxime
3149 1416 3326 1465 vero,
3366 1415 3495 1453 cum
3524 1400 3774 1457 secundus
3802 1418 3855 1458 eo

608 1502 872 1555 duntaxat
900 1513 1005 1567 qua
1041 1497 1217 1550 bonus
1252 1504 1335 1551 est
1356 1494 1699 1566 perfruatur?
1747 1493 1823 1548 Ita
1888 1509 2019 1549 sane
2044 1491 2218 1557 Plato,
2258 1490 2301 1545 si
2371 1506 2481 1546 rem
2515 1502 2674 1549 acute
2723 1494 3019 1565 dispicias,
3068 1494 3285 1550 bonum
3338 1509 3516 1548 unum
3560 1509 3678 1549 csse
3717 1511 3851 1567 argu.

607 1602 791 1648 mento
855 1589 1111 1657 coniecit,
1181 1607 1199 1639 ι
1251 1587 1492 1657 Itemque
1532 1588 1695 1657 paulo
1743 1594 1911 1655 post:
1948 1602 1966 1636 ι
2018 1582 2132 1637 Hoc
2196 1582 2554 1651 philosophia:
2598 1600 2803 1656 genus,
2851 1586 2976 1639 alibi
3026 1585 3255 1656 quidem
3315 1584 3483 1639 aliter
3536 1584 3850 1642 informatum

606 1685 759 1739 Plato
823 1697 886 1738 ac
943 1679 1259 1735 distinctum
1308 1678 1544 1747 reliquit.
1597 1675 1733 1730 Nam
1784 1676 1877 1745 qui
1925 1675 2173 1743 privatim
2204 1674 2259 1727 in
2303 1673 2525 1740 Timwo,
2577 1675 2852 1747 vulgarem
2901 1677 3194 1746 quamdam
3239 1674 3450 1730 artifici
3476 1672 3587 1730 Deo
3616 1676 3847 1735 rationem

606 1773 914 1843 descripsit,
946 1771 1071 1825 dum
1097 1770 1193 1832 ait,
1218 1788 1236 1821 ι
1262 1770 1440 1823 bonus
1463 1776 1579 1822 erat
1608 1785 1623 1821 :
1658 1786 1676 1818 ›
1695 1767 1835 1823 idem
1862 1769 1913 1821 in
1940 1764 2244 1835 Republica,
2263 1767 2463 1823 bonum
2486 1785 2504 1818 ι
2534 1767 2661 1822 boni
2684 1767 2858 1823 ideam
2884 1786 2903 1819 ι
2934 1782 3053 1823 esse
3074 1768 3433 1838 pronuntiat,
3456 1767 3654 1836 quippe
3673 1769 3844 1825 bonum

606 1866 830 1921 artificis
862 1878 983 1920 esse
1008 1861 1304 1929 deﬁniens,
1357 1876 1516 1931 quem
1566 1861 1785 1916 nonnisi
1828 1861 1990 1931 primi
2032 1860 2178 1915 illius
2230 1860 2508 1932 soliusque
2554 1860 2682 1916 boni
2732 1861 3114 1918 communione
3179 1862 3398 1917 bonum
3467 1876 3591 1918 esse
3626 1866 3841 1934 cognovi-

606 1956 1238 2024 mus.Quemadmodum
1304 1954 1446 2010 enim
1511 1953 1762 2009 homines
1817 1952 2077 2017 hominis,
2131 1952 2395 2022 bovisque
2421 1954 2606 2017 boves,
2655 1953 2782 2023 equi
2828 1952 3075 2008 similiter
3116 1953 3237 2009 idea
3287 1951 3670 2009 conformatos
3704 1971 3847 2025 equos

606 2053 843 2108 dicimus
870 2070 884 2115 ;
918 2052 990 2106 ita
1023 2066 1189 2115 sane,
1217 2064 1340 2104 cum
1371 2046 1562 2100 artifex
1592 2046 1753 2115 primi
1796 2045 1924 2100 boni
1984 2045 2371 2100 communione
2398 2047 2574 2101 bonus
2607 2046 2710 2111 sit,
2751 2060 2905 2100 mens
2966 2046 3082 2116 ipsa
3144 2046 3331 2117 prima
3353 2086 3372 2113 ,
3416 2061 3543 2116 qua:
3588 2045 3844 2117 ipsummet

606 2160 704 2214 per
727 2159 847 2199 sese
871 2144 1072 2197 bonum
1109 2143 1199 2205 sit,
1235 2140 1353 2195 idea
1384 2140 1507 2209 jure
1536 2138 1772 2193 dicatur.
1804 2156 1824 2190 ι

1070 2236 1230 2307 545
1263 2233 1490 2296 CAPUT
1516 2233 1705 2287 xxut.

1096 2329 1173 2382 De
1198 2328 1495 2381 Platonicis
1519 2327 1673 2381 ideis.

678 2442 699 2475 ι
729 2422 865 2476 Cum
902 2423 1085 2492 igitur,
1130 2420 1308 2489 inquit
1335 2418 1511 2481 Plato,
1551 2424 1871 2488 procreatus
1910 2415 1983 2469 ita
2013 2413 2172 2469 fuerit

602 2514 863 2585 (mundus
885 2512 1177 2581 videlicet),
1228 2511 1472 2580 sequitur
1496 2510 1675 2579 ipsum
1734 2508 1801 2561 ad
1843 2506 2170 2576 exemplaris

605 2608 862 2677 alicujus,
886 2606 1033 2676 quod
1086 2605 1297 2658 ratione
1340 2611 1548 2657 tantum
1585 2616 1649 2655 ac
1693 2612 1873 2656 mente
1901 2601 2166 2670 capiatur,

600 2700 857 2768 quodque
894 2698 1083 2752 eodem
1113 2711 1171 2750 se
1201 2694 1363 2749 modo
1416 2709 1632 2763 semper
1661 2692 1877 2759 habeat,
1910 2692 2170 2746 imitatio-

600 2807 722 2847 nem
754 2791 1093 2845 elaboratum
1117 2787 1306 2843 fuisse.
1352 2786 1410 2840 ld
1460 2786 1605 2855 quod
1634 2786 1678 2840 si
1714 2785 1883 2840 semel
1918 2783 2170 2840 concedi-

598 2895 710 2949 tur,
745 2882 1012 2936 mundum
1045 2882 1209 2935 etiam
1263 2879 1410 2933 hunc
1440 2878 1673 2946 alicujus
1721 2877 2012 2946 imaginem
2048 2890 2169 2930 esse

600 2975 954 3037 concedatur,
980 2986 1202 3026 necesse
1227 2978 1329 3025 est.
1355 2969 1491 3023 Nam
1526 2970 1805 3038 exemplar
1827 2967 2047 3037 quidem
2103 2967 2169 3021 il-

598 3067 691 3121 lud
721 3066 828 3119 vim
855 3064 1179 3135 spiritalium
1209 3061 1564 3116 animantium
1596 3060 1931 3122 universam,
1967 3060 2043 3113 uti
2070 3074 2168 3114 nos

594 3159 702 3213 iste
746 3158 1002 3220 mundus,
1035 3157 1091 3209 in
1124 3169 1244 3211 sese
1288 3152 1684 3223 complectitur.
1712 3170 1731 3203 »
1769 3150 1895 3206 Haec
1928 3150 2083 3205 Plato
2114 3152 2167 3204 in

601 3251 819 3304 Tima-o.
854 3249 1025 3317 Cujus
1057 3263 1156 3318 ego
1184 3246 1285 3301 loci
1334 3245 1681 3310 sententiam,
1726 3259 1793 3299 ex
1818 3245 1903 3308 iis,
1935 3259 2056 3313 qua:
2085 3243 2169 3297 Di-

598 3343 793 3414 dymus
831 3342 899 3395 de
926 3339 1168 3393 Platonis
1199 3336 1549 3406 opinionibus
1590 3335 1938 3403 conscripsit,
1969 3334 2021 3386 in
2055 3348 2168 3387 me-

598 3433 746 3485 dium
781 3428 1071 3499 proferam.
1097 3426 1187 3481 Sic
1208 3433 1388 3480 autem
1420 3426 1535 3493 ipse
1568 3424 1808 3493 loquitur
1842 3440 1855 3475 :
1898 3442 1916 3475 ι
1938 3421 2163 3486 Eorum,

598 3522 795 3592 inquit,
817 3536 936 3591 quae
962 3536 1059 3589 pro
1087 3528 1296 3573 natura:
1334 3533 1447 3573 suae
1467 3519 1698 3582 ratione,
1726 3517 1981 3573 sensibus
2008 3533 2168 3571 usur—

598 3626 817 3685 pantur,
849 3622 997 3667 certa
1021 3612 1269 3682 quaedam
1308 3612 1361 3665 in
1422 3625 1635 3681 quoque
1693 3624 1889 3679 genere
1935 3624 2000 3664 ac
2039 3610 2164 3665 deti-

596 3707 711 3761 nito
733 3706 1061 3775 exemplaria
1083 3746 1097 3771 ,
1132 3719 1270 3773 quas
1324 3702 1473 3757 ideas
1496 3701 1747 3767 vocabat,
1784 3699 1937 3755 Plato
1959 3702 2163 3755 consti-

595 3800 719 3866 tuit,
748 3799 947 3869 quibus
963 3797 1181 3868 pr0prie
1203 3812 1327 3851 cum
1372 3795 1632 3859 scientiae,
1666 3804 1778 3849 tum
1833 3793 2163 3849 definitionis

594 3894 735 3948 ratio
783 3891 1092 3947 conveniat.
1148 3889 1361 3952 Etenim
1414 3898 1611 3959 praeter
1659 3902 1850 3941 omnes
1890 3887 2160 3952 homines,

595 3983 910 4048 hominem;
940 3991 1134 4051 praeter
1152 3995 1345 4050 equos,
1376 3994 1609 4047 equum;
1663 3987 1826 4047 atque
1857 3979 1911 4041 in
1945 3979 2164 4032 univer-

595 4091 715 4129 sum
739 4082 942 4144 praeter
981 4073 1287 4127 animantes
1343 4086 1554 4137 omnes,
1606 4070 1935 4124 animantem
1972 4084 2164 4140 quem-

595 4168 719 4221 dam
743 4176 868 4223 ortu
892 4166 1055 4226 simul
1084 4166 1421 4234 interituque
1447 4172 1722 4217 carentem
1776 4161 1961 4214 animo
2010 4160 2154 4229 cogi-

596 4259 721 4313 tari.
760 4256 1304 4327 thuemadmodum
1365 4256 1527 4309 unius
1582 4254 1937 4324 ejusdemque
1997 4253 2160 4323 sigilli

593 4362 864 4415 expressa:
887 4347 1196 4417 complures
1214 4345 1401 4401 forma:
1429 4345 1641 4414 virique
1701 4343 1867 4397 unius
1898 4343 2161 4413 imagines

593 4440 875 4508 permultae
928 4452 1048 4493 esse
1092 4449 1354 4508 possunt;
1382 4440 1454 4492 ita
1483 4454 1706 4508 prorsus
1737 4452 1805 4491 ex
1833 4448 2160 4505 unaquaque

594 4544 757 4584 sensu
785 4537 1165 4600 perceptorum
1193 4544 1484 4599 corporum
1509 4529 1650 4594 idea,
1697 4528 1803 4581 vim
1838 4536 2159 4581 naturarum

594 4622 866 4691 ingentem
890 4622 1185 4677 exsistere:
1210 4622 1359 4676 verbi
1387 4637 1553 4677 causa
1585 4636 1651 4675 ex
1704 4620 1987 4674 hominum
2016 4618 2156 4680 idea,

592 4712 841 4768 homines
882 4713 1199 4781 universos;
1232 4714 1376 4784 quod
1408 4714 1591 4783 ipsum
1620 4714 1686 4767 de
1714 4712 1927 4766 caeteris
1978 4709 2157 4764 omni-

588 4809 693 4864 bus
719 4809 791 4866 sit
819 4823 920 4880 pro
935 4825 1034 4865 sua
1064 4810 1330 4878 cujusque
1351 4818 1545 4863 natura
1580 4806 1950 4862 statuendum.
1977 4804 2156 4859 Ideam

2774 2232 3171 2307 _KE¢AAAION
3202 2231 3339 2284 KI".

2550 2325 2689 2393 Περὶ
2730 2320 2849 2378 τῶν
2891 2326 3049 2393 παρὰ
3079 2326 3363 2379 Πλάτωνι
3398 2322 3597 2378 ἰδεῶν.

2347 2437 2363 2469 ι
2427 2416 2581 2472 Οὕτω
2638 2419 2692 2471 δὲ
2742 2419 3107 2490 γεγενημένος
3166 2419 3282 2490 (40)
3348 2418 3633 2490 (δηλονότι
3681 2420 3708 2471 6
3765 2417 3839 2472 x6-

2274 2525 2407 2579 σμος
2433 2509 2565 2581 (41),
2582 2510 2599 2580 )
2618 2510 2752 2582 πρὸς
2772 2512 2831 2563 τὸ
2848 2510 2988 2582 λόγῳ
3005 2512 3097 2565 καὶ
3115 2513 3387 2583 φρονήσει
3402 2510 3746 2581 περιληπτὸν,
3765 2510 3842 2565 καὶ

2270 2602 2410 2656 κατὰ
2443 2603 2512 2657 τὰ
2541 2604 2680 2657 αὐτὰ
2712 2604 2831 2675 ἕχον
2859 2604 3344 2676 δεδημιούργηται.
3373 2604 3598 2657 Τούτων
3623 2604 3673 2656 δὲ
3695 2604 3841 2676 ὑπαρ-

2269 2692 2491 2763 χόντων,
2528 2689 2592 2746 αὖ
2645 2695 2795 2747 πᾶσα
2832 2694 3043 2766 ἀνάγκη
3092 2694 3239 2747 τόνδε
3290 2694 3389 2747 τὸν
3438 2694 3641 2765 κόσμον
3682 2695 3837 2747 εἰκόνα

2268 2784 2411 2848 τινὸς
2436 2780 2574 2839 εἶναι
2609 2786 2740 2857 (42).
2776 2786 2856 2839 Τὰ
2887 2788 2995 2858 γὰρ
3029 2786 3093 2858 δὴ
3128 2787 3296 2857 νοητὰ
3330 2786 3453 2851 ζῶα
3487 2787 3664 2840 πάντα
3689 2788 3838 2839 ὲκεῖνο

2269 2876 2557 2946 περιλαῆὸν
2581 2877 2692 2947 ἔχει
2721 2880 2779 2932 ὲν
2801 2879 2996 2948 ἑαυτῷ,
3017 2880 3267 2952 καθάπερ
3285 2880 3361 2933 ὅδ’
3381 2881 3411 2932 6
3439 2864 3830 2950 κόσμοςήμᾶξ.»

2269 2968 2454 3022 Ταῦτα
2506 2970 2603 3040 μὲν
2638 2972 2665 3022 6
2699 2971 2920 3024 Πλάτων
2949 2972 3007 3025 ὲν
3058 2974 3286 3041 Τιμαίῳ.
3326 2974 3443 3045 Τὴν
3472 2973 3531 3025 δὲ
3580 2972 3682 3024 τῶν
3711 2974 3835 3041 εἰρη-

2271 3059 2446 3130 μένων
2478 3060 2715 3115 διάνοιαν
2758 3063 2822 3113 ὲκ
2871 3061 2981 3116 τῶν
3020 3063 3236 3135 Διδύμῳ
3267 3064 3387 3134 (45)
3432 3063 3563 3134 περὶ
3600 3062 3701 3115 τῶν
3726 3064 3833 3133 ἀρε-

2269 3153 2503 3207 σκόντων
2542 3154 2788 3207 Πλάτωνι
2822 3156 3263 3226 συντεταγμένων
3296 3156 3629 3227 ἐκθήσομαι.
3657 3155 3831 3226 Γράφει

2266 3240 2322 3294 δὲ
2357 3241 2529 3307 οὓτως
2551 3258 2564 3273 ·
2598 3262 2615 3291 ι
2656 3243 2776 3297 Τῶν
2814 3244 2956 3298 κατὰ
3000 3245 3161 3314 φύσιν
3205 3247 3487 3317 αἰσθητῶν
3524 3246 3661 3300 κατὰ
3699 3246 3830 3313 γένος

2266 3331 2545 3405 ὡρισμένα
2570 3334 2691 3388 τινὰ
2708 3336 3123 3407 παραδείγματα
3146 3337 3390 3407 φάμενος
3412 3332 3554 3389 εἶναι
3571 3336 3665 3398 τὰς
3688 3336 3828 3397 ἰδέας,

2265 3418 2340 3478 ὧν
2386 3426 2484 3491 τὰς
2533 3428 2838 3499 ἐπιστήμας
2880 3428 3124 3496 γίνεσθαι
3155 3430 3249 3483 καὶ
3297 3431 3431 3494 τοὺς
3486 3430 3659 3501 ὄρους.
3696 3428 3825 3499 Παρὰ

2270 3516 2476 3580 πάντας
2516 3517 2620 3590 γὰρ
2648 3517 2965 3590 ἀνθρώπους
2994 3519 3279 3591 ἄνθρωπόν
3311 3538 3439 3574 τινα
3467 3518 3722 3573 νοεῖσθαι·
3750 3518 3827 3570 καὶ

2267 3606 2417 3676 παρὰ
2449 3609 2654 3671 πάντας
2678 3608 2877 3673 ἵππους
2904 3610 3096 3663 ἵππον·
3118 3612 3210 3665 καὶ
3240 3612 3441 3676 κοινῶς
3473 3610 3623 3681 παρὰ
3646 3610 3706 3662 τὰ
3730 3608 3823 3672 ζῶα

2264 3700 2400 3764 ζῶον
2433 3702 2693 3773 ἀγένητον
2737 3705 2830 3757 καὶ
2869 3705 3160 3777 ἄφθαρτον.
3202 3708 3296 3759 Ὃν
3343 3709 3551 3780 τρόπον
3592 3707 3647 3761 δὲ
3686 3722 3826 3775 cepa.

2262 3793 2408 3861 γίδος
2440 3796 2566 3864 μιᾶς
2596 3796 2867 3865 ἐκμαγεῖα
2890 3796 3133 3863 γίνεσθαι
3163 3796 3353 3857 πολλὰ,
3394 3800 3492 3852 καὶ
3538 3796 3727 3867 συχνὰς
3759 3794 3821 3847 εἰ·

2262 3886 2425 3949 κόνας
2476 3887 2592 3961 ἑνὸς
2640 3887 2868 3959 ἀνδρός·
2899 3887 3070 3953 οὕτως
3120 3891 3185 3943 ἐκ
3240 3892 3367 3961 μιᾶς
3413 3890 3648 3961 ἑκάστης
3699 3887 3819 3947 ἰδέας

2262 3978 2533 4050 αἰσθητῶν
2559 3979 2827 4049 σωμάτων
2855 3980 3046 4049 φύσεις
3084 3982 3457 4053 παμπληθεῖς,
3493 3984 3594 4053 τῆς
3626 3982 3716 4051 μὲν
3738 3982 3816 4032 άν-

2263 4070 2493 4142 θρώπων
2525 4071 2842 4142 ἀνθρώπους
2875 4072 3141 4140 ἅπαντας,
3166 4075 3259 4128 καὶ
3292 4074 3435 4128 κατὰ
3456 4076 3548 4127 τὸν
3578 4073 3726 4126 αὑτὸν
3754 4070 3817 4121 λό-

2260 4181 2355 4233 γον
2404 4164 2495 4215 ὲπὶ
2542 4164 2650 4217 τῶν
2695 4164 2869 4218 ἄλλων
2914 4166 3021 4219 τῶν
3056 4167 3196 4220 κατὰ
3229 4167 3411 4237 φύσιν.
3444 4164 3597 4221 Εἶναι
3646 4165 3700 4217 δὲ
3735 4162 3815 4232 τὴν

2265 4256 2429 4320 ἰδέαν,
2479 4255 2645 4310 ἀΐδιον
2677 4256 2864 4310 οὺσίαν
2912 4256 3092 4311 αἰτίαν
3136 4259 3229 4311 καὶ
3263 4259 3437 4331 ἀρχὴν
3470 4257 3564 4311 τοῦ
3611 4256 3813 4309 ἕκαστον

2261 4342 2399 4399 εἶναι
2422 4346 2681 4411 τοιοῦτον,
2703 4347 2789 4401 οἵα
2817 4350 2962 4402 ἐστὶν
2984 4348 3145 4420 αὕτη.
3172 4349 3437 4421 Καθάπερ
3463 4346 3556 4403 οὖν
3579 4347 3672 4411 τὰς
3694 4343 3813 4399 κατά

2264 4438 2426 4509 μέρος
2458 4438 2645 4509 ὥσπερ
2677 4440 2980 4510 ἀρχέτυπον
3021 4440 3128 4494 τῶν
3170 4441 3442 4512 αἰσθητῶν
3481 4435 3809 4513 προηγεῖσθαι

2261 4532 2546 4601 σωμάτων,
2591 4531 2761 4595 οὕτως
2792 4532 2889 4604 τὴν
2926 4532 3103 4595 πάσας
3151 4536 3208 4585 ἐν
3242 4535 3411 4607 ἑαυτῇ
3456 4533 3807 4606 περιέχουσαν,

2260 4622 2552 4696 καλλίστην
2576 4625 2670 4679 καὶ
2696 4625 3032 4697 τελειοτάτην
3059 4622 3244 4693 οὖσαν,
3275 4627 3538 4699 ὑπάρχειν
3559 4623 3701 4678 τοῦδε
3724 4636 3806 4672 πα⁸

2262 4718 2525 4789 ράδειγμα
2568 4717 2661 4771 τοῦ
2710 4719 2933 4791 κόσμου.
2983 4721 3125 4791 Πρὸς
3155 4721 3263 4792 γὰρ
3317 4720 3522 4792 ταύτην
3562 4719 3805 4787 ἀφομοιω-

2262 4810 2419 4865 Θέντα
2456 4810 2561 4863 ὑπὸ
2587 4811 2677 4863 τοῦ
2729 4812 3223 4884 δημιουργήσαντος
3267 4812 3426 4866 αὑτὸν
3466 4803 3801 4887 ἀπειργάσθαι

587 4916 751 4973 porro
773 4901 1159 4973 sempiternam
1187 4902 1479 4972 quamdam
1532 4900 1828 4955 essentiam
1877 4912 1999 4952 esse
2020 4896 2155 4960 vult,

2263 4902 2416 4965 Θεοῦ,
2458 4901 2595 4955 κατὰ
2622 4902 2893 4972 πρόνοιαν,
2926 4904 2989 4955 ἐκ
3020 4904 3116 4973 τῆς
3139 4903 3317 4972 πάσης
3342 4903 3547 4966 οὐσίας.
3589 4921 3607 4952 ι
3643 4895 3801 4951 Ταῦτα

587 5008 711 5063 qua
734 4994 897 5049 rebus
924 4993 1153 5065 singulis
1182 5009 1345 5049 causa
1374 4991 1814 5062 principiumque
1839 4990 1930 5054 sit,
1953 4997 2156 5058 utqua-

2251 4996 2345 5047 καὶ
2379 4994 2486 5047 ἀπὸ
2520 4992 2611 5047 τοῦ
2642 4994 3007 5065 δεδηλωμένου
3038 4994 3248 5066 ἀνδρός.
3282 4995 3475 5049 Φθάνει
3512 5012 3573 5064 γε
3601 4992 3697 5064 μὴν
3719 4987 3796 5040 καὶ

590 5086 655 5140 lis
688 5085 806 5155 ipsa
828 5094 931 5151 est,
956 5086 1092 5141 tales
1112 5101 1235 5141 esse
1260 5085 1490 5155 possint.
1541 5081 1611 5138 Ut
1661 5084 1825 5153 igitur
1855 5082 2157 5152 peculiares

2263 5085 2421 5140 ταῦτα
2444 5086 2681 5157 Μωῦσῆς
2705 5088 2733 5139 6
2763 5087 3055 5156 πάνσοφος,
3079 5086 3185 5160 πρὸ
3205 5087 3301 5141 τοῦ
3324 5088 3640 5159 φαινομένου
3666 5080 3795 5153 ἡλίου

588 5178 723 5232 ideae
758 5193 923 5234 sensu
938 5187 1189 5248 percepta
1222 5192 1475 5247 corpora,
1516 5176 1596 5231 sic
1656 5187 1914 5245 tanquam
1965 5174 2159 5228 arche-

655 5333 771 5412 (40)
801 5330 1643 5412 Οὕτω-δὲ-γεγενημένοςςήἰὲἓο
1680 5328 1855 5412 fusius
1878 5346 1907 5385 a
1933 5330 2156 5386 Platone

587 5401 936 5474 das'putantur
964 5404 1016 5458 in
1053 5401 1266 5467 Tiniazo,
1289 5401 1419 5474 'pag.
1452 5401 1556 5474 526
1582 5402 1776 5457 Ficini.

659 5469 771 5554 ρει)
798 5476 1081 5543 Δηλονότι
1128 5479 1160 5530 ό
1194 5469 1440 5545 κόσμός.
1488 5472 1614 5528 Hzec
1653 5471 1995 5543 parenthesis
2040 5469 2151 5525 Eu-

587 5542 973 5684 se?$2§§;t76c
999 5610 1167 5669 εἷναι.
1194 5614 1322 5669 Post
1347 5615 1461 5668 haec
1489 5614 1671 5676 verba,
1708 5612 1877 5666 multa
1907 5626 2149 5684 sequuno

588 5687 676 5738 tur
704 5682 758 5737 in
788 5682 1011 5741 Platone
1040 5702 1161 5753 qua:
1195 5685 1556 5753 praetermittit
1598 5684 1881 5741 Eusebius.
1909 5682 2146 5739 Paucula

2250 5182 2345 5233 καὶ
2388 5181 2621 5250 ἄστρων,
2673 5180 2764 5233 καὶ
2797 5179 2902 5251 πρὸ
2948 5179 3042 5233 τοῦ
3093 5181 3371 5251 ὁρωμένου
3415 5176 3656 5251 οὐρανοῦ,
3683 5174 3708 5225 ὃ
3738 5170 3792 5238 δὴ

2259 5377 2389 5416 vero
2418 5359 2864 5431 qua2_51Ibtex_uit.
2896 5373 3038 5431 .eges
3068 5358 3197 5412 ibid.
3227 5374 3349 5431 pag.
3377 5357 3496 5431 52?.

2333 5419 2450 5499 (ὁδί
2477 5428 2717 5499 Διδύμῳ.
2748 5428 2918 5483 Notus
2952 5419 3047 5482 ille
3074 5436 3175 5493 est,
3212 5419 3277 5482 de
3301 5419 3420 5496 quo
3460 5428 3567 5499 hmo
3595 5419 3789 5485 Suidas,

2868 5500 2913 5517 In

2256 5497 2504 5572 Δίδυμος,
2536 5497 2729 5571 inquit,
2764 5500 2991 5622 ’Atr'gioq,
3022 5498 3055 5569 ἦ
3086 5500 3301 5561 Ἄττιος
3331 5497 3688 5574 χρηματίσας,
3710 5506 3785 5556 φι-

2256 5572 2477 5622 λόσοωοε
2536 5572 2730 5622 Ἀκαδη
2743 5575 2873 5622 ααῖκ
2906 5587 2932 5622 ς
2959 5610 2974 5622 .
3032 5568 3269 5622 πιθανῶν
3314 5569 3408 5620 καί
3474 5572 3785 5622 σοφισμάτων

2255 5568 2477 5641 λόσοῲος
2536 5568 2932 5642 Ἀκαδημαϊκὸς
2959 5610 2974 5632 ,
3025 5568 3283 5642 πιθανῶν
3314 5569 3408 5642 καί
3450 5568 3786 5638 σοφισμάτων

2254 5638 2435 5707 λύσεις
2459 5645 2516 5696 ὲν
2543 5638 2765 5712 βιϐλίοις
2794 5639 2858 5710 β’,
2890 5641 2979 5693 καὶ
3004 5640 3136 5695 ἄλλα
3171 5638 3356 5693 πολλά.
