4042 6384
559 266 693 326 "9H

1237 268 1509 327 EUSEBII
1549 269 2030 326 CAESARIENSIS
2071 269 2148 325 (lP

2268 267 2447 328 PARS
2482 274 2542 330 ll.
2588 309 2654 318 -
2687 279 3196 341 APOLOGETICA.
3727 301 3814 356 912

592 406 748 452 vero.
780 391 1242 462 quemadmodum
1287 409 1568 450 sacrarum
1613 396 1789 465 legum
1844 396 2169 464 interpretes
2213 391 2464 452 Mosaicae
2504 401 2765 458 doctrinm
2817 415 3137 462 sententiam
3201 409 3470 478 aperiant.
3523 407 3667 465 Philo
3710 433 3817 476 sane

593 484 857 542 llehrreus
878 487 1064 555 homo,
1093 488 1272 558 gentis
1304 504 1417 543 suze
1463 490 1659 546 litteris
1690 491 1990 559 explicans,
2045 487 2269 544 totidem
2299 494 2480 549 verbis
2513 497 2586 551 ita
2619 500 2858 554 disserit.

1156 581 1386 637 CAPUT
1413 583 1604 638 XXIV.

911 671 988 728 De
1028 672 1279 728 Mosaicis
1306 676 1440 729 ideis
1462 717 1475 738 ,
1509 693 1572 730 ea:
1605 677 1845 732 Philone.

671 785 690 815 ι
719 764 775 820 Si
813 763 1281 834 quis,inquitille,
1310 766 1648 836 planioribus
1681 769 1862 825 verbis
1894 770 1971 825 uti
2005 772 2166 836 volet,

595 857 640 911 is
687 856 830 910 aliud
881 857 1016 910 nihil
1070 858 1338 912 mundum
1388 859 1538 914 illum
1597 869 1777 916 mente
1828 870 2166 931 perceptum,

593 965 757 1018 quam
790 949 881 1002 Dei
914 951 1179 1003 mundum
1206 950 1351 1004 hunc
1374 967 1432 1005 re
1459 951 1573 1021 ipsa
1619 953 1894 1008 molientis
1930 952 2168 1008 Verbum

590 1055 712 1095 esse
740 1039 904 1094 dicat.
939 1039 1099 1112 547
1134 1040 1242 1097 Nec
1278 1043 1423 1096 enim
1462 1043 1609 1098 aliud
1668 1053 1754 1100 est
1805 1046 1936 1101 urbs
1986 1058 2167 1102 mente

591 1142 863 1204 percepta,
899 1150 1063 1204 quam
1122 1135 1353 1204 ipsamet
1407 1136 1690 1191 architecti
1755 1137 1918 1202 ratio,
1975 1138 2164 1193 urbem

585 1225 738 1279 illam
767 1241 932 1296 quam
964 1226 1147 1281 animo
1204 1226 1516 1282 informavit
1544 1244 1665 1295 suo,
1699 1229 1880 1298 reipsa
1929 1230 2165 1285 condere

591 1318 905 1371 Statuentis.
946 1316 1079 1383 Quae
1107 1319 1327 1388 quidem
1389 1320 1638 1375 doctrina
1690 1321 1858 1377 Mosis
1905 1333 2008 1388 est,
2055 1339 2164 1378 non

589 1427 732 1466 mea.
773 1410 1084 1476 Enimvero,
1143 1412 1234 1466 ubi
1288 1413 1525 1469 hominis
1557 1415 1994 1484 procreationem
2050 1416 2166 1484 ipse

587 1504 865 1566 describit,
893 1521 1215 1576 progressus
1244 1505 1604 1575 aliquantum,
1635 1507 1700 1562 ad
1742 1508 2032 1579 imaginem
2069 1507 2161 1562 Dei

588 1598 881 1652 formatum
911 1599 1060 1652 illum
1081 1598 1266 1664 fuisse,
1289 1601 1494 1655 diserte
1520 1601 1811 1656 conﬁtetur
1837 1602 1904 1655 ³⁸.
1934 1600 2088 1667 Quod
2115 1601 2161 1656 si

584 1704 712 1757 pars
739 1690 927 1744 mundi
971 1691 1153 1761 aliqua
1199 1691 1455 1761 imaginis
1512 1694 1694 1764 imago
1718 1703 1821 1759 est,
1858 1695 1996 1748 idem
2035 1708 2163 1764 pro-

582 1780 728 1835 fecto
755 1782 821 1837 de
850 1783 1108 1837 universa
1138 1782 1240 1836 hac
1268 1784 1469 1852 specie,
1501 1792 1637 1848 toto,
1675 1785 1926 1855 inquam,
1955 1785 2160 1839 mundo

587 1875 688 1928 hoc
714 1874 1028 1944 aspectabili
1084 1875 1430 1929 statuendum
1468 1876 1592 1940 erit,
1631 1877 1724 1947 qui
1769 1878 1987 1948 quidem
2015 1879 2154 1932 ima-

559 1965 726 2036 ginis
743 1963 1180 2019 divinzeimitatio
1201 1970 1305 2028 est,
1335 1964 1571 2020 humana
1605 1967 1765 2037 longe
1796 1967 1970 2038 major
1992 1976 2156 2037 atque

581 2054 894 2126 perfectior.
933 2055 1008 2110 Ex
1045 2071 1155 2122 quo
1210 2058 1374 2112 etiam
1421 2059 1600 2126 quivis
1654 2059 1935 2130 intelligat,
1963 2060 2157 2114 arche-

579 2159 767 2218 typum
826 2147 958 2202 illud
1018 2147 1451 2219 primariumque
1506 2149 1781 2219 sigillum,
1843 2165 2006 2220 quem
2053 2165 2155 2206 nos

582 2239 844 2293 mundum
869 2247 1047 2294 mente
1073 2248 1407 2310 perceptum,
1436 2256 1718 2308 vocamus,
1750 2243 2030 2312 exemplar
2066 2259 2156 2297 ar-

575 2331 873 2401 chetypum
933 2332 1220 2402 ideamque
1254 2334 1521 2398 idearum,
1561 2335 1663 2391 hoc
1721 2345 1804 2391 est
1834 2337 2156 2407 ~ipsummet

581 2423 674 2480 Dei
697 2423 926 2480 Verbum
957 2440 1097 2482 esse.
1121 2424 1527 2496 Explicatenim
1551 2428 1668 2497 ipse
1693 2430 2150 2499 quemadmodum

579 2515 634 2571 in
666 2516 934 2586 principio
984 2515 1172 2572 fecerit
1233 2517 1373 2573 Deus
1429 2519 1630 2575 cmlum
1687 2528 1742 2574 et
1795 2527 2020 2586 terram,
2059 2523 2150 2577 ubi

578 2607 829 2677 principii
867 2607 1110 2672 nomine,
1172 2624 1279 2664 non
1333 2609 1465 2664 illud
1489 2624 1641 2677 sane,
1677 2621 1736 2664 ut
1767 2612 2015 2666 nonnulli
2046 2628 2150 2682 pu-

579 2708 717 2761 tant,
743 2698 967 2768 quodex
1001 2708 1247 2769 tempore
1279 2701 1496 2755 ducitur
1531 2701 1815 2772 intelligit;
1852 2718 1953 2757 nec
2004 2703 2149 2757 enim

578 2799 706 2844 ante
751 2788 1016 2843 mundum
1074 2798 1286 2860 tempus
1324 2798 1462 2854 erat,
1498 2793 1591 2847 sed
1624 2801 1867 2848 autcum
1893 2809 1957 2848 eo
1983 2795 2150 2850 simul

576 2888 672 2935 aut
703 2888 825 2949 post
853 2894 978 2934 eum
1008 2894 1128 2934 esse
1160 2879 1342 2948 coepit.
1368 2879 1506 2934 Cum
1539 2881 1685 2935 enim
1715 2890 1928 2951 tempus
1954 2883 2145 2938 mundi

575 2982 759 3028 motus
785 2971 1132 3027 intervallum
1161 2971 1435 3041 quoddam
1456 2972 1547 3036 sit,
1573 2988 1676 3027 nec
1702 2983 1884 3028 motus
1914 2989 1979 3028 eo
2002 2973 2148 3042 quod

579 3071 829 3120 movetur
853 3063 1005 3134 prior
1027 3078 1150 3118 esse
1180 3072 1366 3133 queat,
1413 3063 1509 3119 sed
1553 3065 1866 3120 necessario
1891 3064 1975 3118 vel
2030 3064 2148 3133 ipso

575 3155 864 3225 posterior,
891 3155 976 3209 vel
1009 3169 1134 3209 cum
1157 3169 1222 3208 eo
1256 3154 1419 3209 simul
1446 3155 1696 3219 exsistat,
1735 3163 1950 3224 tempus
1981 3155 2144 3210 etiam

2787 591 3188 647 ΚΕΦΑΛΙΑΟΝ
3224 594 3352 648 KA'.

2441 681 2708 746 Φίλωνος
2736 684 2867 750 περὶ
2902 682 3022 736 τῶν
3052 685 3215 751 παρὰ
3244 685 3490 738 Μωῦσεῒ
3507 687 3682 743 ἰδεῶν.

2361 771 2478 826 ΙΕΞ
2533 771 2588 824 δέ
2643 790 2726 836 τις
2774 774 2882 844 (49)
2925 775 3169 847 ἐθελήσει
3223 778 3607 848 γυμνότερονι
3648 787 3817 856 χρήσι.

2275 861 2397 914 σθαι
2463 867 2573 928 τοῖς
2627 865 2909 936 ὀνόμασιν,
2978 867 3127 920 οὐδὲν
3194 867 3269 920 ἂν
3322 869 3509 941 ἕτερον
3562 873 3691 927 εἴποι
3745 877 3822 931 τὸν

2272 956 2461 1026 νοητὸν
2523 957 2726 1028 κόσμον
2784 959 2816 1030 ἢ
2867 959 3002 1012 Θεοῦ
3067 961 3244 1029 Λόγον
3297 961 3405 1032 ἤθη
3463 969 3818 1033 κοσμοποιοῦν-

2271 1065 2379 1110 τος.
2410 1049 2546 1102 Οὐδὲ
2597 1049 2704 1123 γὰρ
2749 1052 2976 1123 ὴνοητὴ
3034 1053 3189 1116 πόλις
3239 1053 3427 1124 ἕτερόν
3483 1071 3529 1107 τι
3566 1056 3820 1131 ὲστὶν,ἢ6

2268 1137 2358 1190 τοῦ
2411 1139 2786 1212 ἀρχιτέκτονος
2839 1141 3117 1212 λογισμὸς,
3173 1142 3296 1219 ἤδη.
3328 1144 3430 1213 τὴν
3470 1147 3654 1217 νοητὴν
3691 1149 3818 1206 πόλιν

2269 1229 2474 1294 κτίζειν
2518 1232 2921 1304 διανοουμένου.
2955 1235 3026 1287 Τὸ
3055 1234 3111 1288 δὲ
3174 1234 3359 1306 δόγμα
3404 1235 3560 1288 τοῦτο
3611 1239 3817 1308 Μωσέως

2267 1321 2434 1386 ἐστὶν,
2457 1322 2557 1375 οὐκ
2587 1323 2737 1394 ἐμόν.
2772 1324 2883 1396 Τὴν
2914 1323 3045 1394 γοῦν
3070 1324 3369 1398 ἀνθρώπου
3390 1327 3597 1395 γένεσιν
3613 1331 3816 1402 ἀναγρά-

2269 1429 2415 1481 φων,
2447 1415 2505 1466 ὲν
2542 1417 2651 1478 τοῖς,
2696 1415 2898 1470 ιέπειτα
2966 1418 3266 1491 διαρρήδην
3321 1418 3604 1488 ὁμολογεῖ,
3641 1421 3707 1486 ὡς

2266 1502 2386 1555 κατ’
2410 1505 2593 1558 εἰκόνα
2641 1505 2775 1558 Θεοῦ
2821 1505 3144 1578 διετυπὼθη.
3213 1507 3280 1558 ΕΞ
3305 1505 3364 1558 δὲ
3397 1506 3460 1559 τὸ
3491 1507 3646 1578 μέρος
3683 1509 3816 1564 εἰκὼν

2265 1593 2491 1659 εἰκόνος,
2529 1593 2768 1665 δηλονότι
2802 1597 2896 1648 καὶ
2945 1596 3005 1649 τὸ
3037 1597 3155 1650 ὅλον
3189 1593 3336 1661 εἶδος
3361 1637 3377 1662 ,
3430 1597 3643 1668 σύμπας
3691 1593 3814 1666 οὗτος

2262 1687 2290 1736 ό
2315 1684 2572 1756 αἰσθητὸς
2609 1687 2834 1758 κόσμος,
2889 1689 2936 1741 εί
2964 1687 3164 1758 μείζων
3365 1689 3465 1766 τῆς
3507 1688 3814 1761 ἀνθρωπίνης

2262 1776 2378 1828 ἐστὶ
2411 1777 2636 1848 μίμημα
2663 1779 2810 1843 θείας
2833 1779 3040 1843 εἰκόνος
3070 1779 3349 1850 δηλονότι·
3408 1779 3502 1832 καὶ
3540 1782 3573 1850 ἡ
3617 1781 3814 1852 ἀρχέτυ-

2265 1881 2362 1927 πος
2385 1869 2620 1938 σφραγὶς
2645 1867 2704 1922 ὃν
2731 1885 2909 1938 φαμεν
2943 1869 3132 1940 νοητὸν
3165 1866 3309 1922 εἶναι
3332 1867 3560 1938 κόσμον,
3593 1869 3736 1927 αὐτὸς
3759 1871 3812 1923 ἂν

2189 1938 2230 1992 Β
2261 1960 2368 2031 εἴη,
2408 1959 2471 2012 τὸ
2513 1959 2862 2031 παράδειγμα
2883 2002 2897 2028 ,
2929 1938 3236 2031 ἀρχέτυπος
3288 1961 3410 2014 ἰδέα
3438 1960 3544 2013 τῶν
3606 1961 3758 2026 ἰδεῶν,
3790 1962 3812 2014 6

2257 2052 2390 2107 Θεοῦ
2427 2052 2618 2120 Λόγος.
2652 2053 2789 2124 Φησὶ
2814 2052 2858 2106 δ’
2911 2052 2986 2106 ὡς
3036 2055 3100 2106 ὲν
3153 2055 3299 2126 ἀρχῇ
3363 2051 3615 2123 ἐποίησεν
3654 2055 3679 2106 6
3703 2052 3809 2117 θεὸς

2257 2145 2348 2196 τ’δν
2376 2143 2602 2214 οὐρανὸν
2661 2144 2754 2196 καὶ
2796 2144 2892 2215 τὴν
2923 2143 3028 2213 γῆν
3051 2160 3064 2174 ·
3124 2145 3225 2215 τὴν
3269 2143 3453 2215 ἀρχὴν
3488 2142 3810 2214 παραλαμϐά-

2256 2255 2383 2302 νων,
2413 2239 2532 2307 οὐχ,
2563 2239 2636 2300 ὡς
2663 2239 2861 2291 οἴονταί
2905 2255 3069 2303 τινες,
3097 2239 3196 2308 τὴν
3232 2237 3381 2291 κατὰ
3434 2237 3651 2308 χρόνον·
3703 2239 3807 2308 χρό-

2257 2347 2344 2393 νος
2375 2330 2483 2402 γὰρ
2517 2331 2616 2383 οὐκ
2647 2325 2715 2400 ἦν
2746 2330 2851 2400 πρὸ
2875 2332 3099 2400 κόσμου,
3131 2329 3246 2384 ἀλλ’
3278 2329 3313 2401 ἢ
3356 2329 3456 2382 σὺν
3502 2328 3644 2400 αὑτῷ
3678 2330 3809 2398 γέγο-

2254 2437 2364 2483 νεν,
2396 2419 2427 2490 ἢ
2467 2420 2585 2490 μετ’
2617 2420 2778 2474 αὐτόν
2798 2437 2810 2450 ·
2845 2421 2966 2473 ἐπεὶ
3004 2420 3113 2493 γὰρ
3161 2420 3447 2491 διάστημα
3489 2420 3585 2491 τῆς
3617 2419 3701 2473 τοῦ
3734 2422 3806 2474 κό-

2256 2529 2394 2584 σμου
2423 2512 2536 2583 (51)
2575 2511 2836 2584 κινήσεώς
2876 2514 3020 2566 ἐστιν
3053 2514 3082 2565 ό
3104 2512 3296 2586 χρόνος
3316 2551 3332 2577 ,
3366 2513 3627 2585 πρότερον
3656 2513 3705 2566 δὲ
3729 2514 3804 2568 τοῦ

2253 2605 2574 2676 κινουμένου
2605 2605 2818 2676 κίνησις
2840 2606 2938 2658 οὐκ
2962 2605 3026 2659 ἂν
3049 2606 3283 2674 γένοιτο,
3319 2606 3440 2660 ἁλλ’
3479 2606 3512 2678 ἦ
3544 2607 3802 2675 ἀναγκαῖον

2251 2697 2419 2769 αὐτὴν
2443 2695 2689 2769 ὕστερον,
2734 2698 2766 2769 ἢ
2798 2697 2913 2768 ἅμα
2953 2697 3304 2752 συνίστασθαι
3328 2715 3342 2729 ·
3395 2699 3681 2768 ἀναγκαῖον
3716 2699 3806 2773 ἄρα

2251 2789 2344 2842 καὶ
2378 2787 2468 2842 τόν
2501 2789 2689 2860 χρόνον
2717 2789 2749 2860 ἢ
2788 2787 3006 2858 ἰσήλικα
3050 2787 3258 2858 κόσμου
3284 2789 3604 2858 γεγονέναι,
3638 2789 3667 2860 ἢ
3695 2789 3802 2841 νεώ-

2250 2897 2404 2952 τερον
2430 2881 2640 2934 ἐκείνου
2659 2896 2672 2907 '
2700 2878 3066 2951 πρεσϐύτερον
3097 2880 3154 2933 δὲ
3183 2880 3590 2951 ἀποφαίνεσθαι
3624 2880 3799 2952 τολμᾷν

2249 2971 2576 3042 ἀφιλόσοφον
2626 2971 2758 3042 (52).
2809 2972 2874 3025 Εἰ
2905 2972 2949 3024 δ’
2997 2971 3140 3044 ἀρχὴ
3197 2972 3272 3044 μὴ
3342 2972 3800 3045 παραλαμϐάνεται

2245 3062 2478 3133 τανῦνή
2530 3061 2672 3116 κατὰ
2697 3062 2910 3134 χρόνον,
2958 3062 3103 3126 εἰκὸς
3133 3062 3197 3116 ἂν
3249 3064 3335 3134 εἴη
3377 3063 3670 3136 μηνύεσθαι
3715 3065 3797 3134 τὴν

2245 3155 2368 3209 κατ’
2391 3153 2754 3224 aptemus;
2774 3154 2834 3207 τὸ
2872 3173 2891 3206 ς
2933 3155 3018 3207 Ἐν
3044 3155 3187 3225 ἀρχῇ
3216 3155 3478 3227 ἐποίησεν
3510 3175 3528 3207 ι
3558 3157 3662 3208 ἴσον
3683 3149 3801 3208 εἶναι

575 3247 762 3318 utique
781 3246 868 3301 vel
896 3247 1104 3316 aequale
1128 3247 1340 3309 mundi,
1364 3246 1625 3301 veletiam
1644 3261 1708 3301 eo
1728 3247 2002 3302 recentius
2022 3261 2144 3303 esse

2251 3245 2346 3316 τῷ,
2407 3244 2628 3318 Πρῶτον
2662 3246 2886 3318 ἐποίησε
2918 3247 3009 3299 τὸν
3040 3247 3288 3318 οὐρανόν.
3336 3243 3455 3302 Εἶθ’
3489 3245 3610 3319 ἑξῆς
3653 3247 3793 3317 λέγει·

575 3354 797 3395 necesse
824 3346 934 3406 est;
970 3353 1095 3392 nam
1126 3337 1406 3407 antiquius
1435 3336 1611 3392 facere
1639 3337 1793 3402 velle,
1840 3353 1963 3392 cum
1992 3338 2143 3394 omni

2251 3339 2471 3409 Πρῶτον
2493 3335 2585 3392 οῦν
2619 3339 2730 3408 (55)
2752 3339 2780 3391 6
2813 3338 2983 3392 ποιῶν
3024 3339 3197 3392 ἐποίει
3239 3340 3471 3411 οὐρανὸν
3517 3338 3794 3411 ἀσώματον,

573 3429 916 3499 philosophia
942 3444 1183 3500 pugnare
1221 3438 1322 3485 est.
1359 3427 1514 3495 Quod
1566 3429 1611 3484 si
1663 3429 1767 3484 hoc
1791 3429 1911 3485 loco
1940 3430 2146 3500 princi-

570 3537 722 3590 ptum
756 3521 887 3577 illud
921 3535 1028 3576 non
1056 3521 1330 3593 intelligit,
1364 3521 1511 3592 quod
1544 3537 1607 3578 ex
1639 3530 1880 3591 tempore
1905 3522 2142 3588 ducitur,

573 3632 671 3687 par
700 3613 924 3670 omnino
948 3615 1110 3670 fuerit
1140 3614 1288 3686 quod
1354 3614 1410 3668 in
1461 3630 1694 3669 numero
1725 3623 1975 3670 versatur
2001 3616 2145 3670 acci-

571 3723 718 3779 pere,
746 3717 805 3761 ut
831 3707 986 3774 illud,
1020 3725 1039 3758 ‹
1071 3707 1126 3760 ἰη
1157 3706 1426 3776 principio
1458 3704 1603 3770 fecit,
1635 3725 1654 3758 ι
1682 3705 1822 3761 idem
1852 3707 2140 3776 signiticet,

571 3813 635 3852 ac
657 3797 888 3868 primum
915 3797 1042 3853 fecit
1067 3799 1286 3852 caalunt.
1317 3796 1443 3851 Inde
1467 3796 2008 3867 aliquotinterjectis,
2026 3797 2144 3852 Pri-

571 3907 720 3946 mum
741 3905 888 3961 ergo,
916 3891 1110 3961 inquit,
1141 3891 1390 3946 conditor
1413 3889 1500 3944 ille
1526 3889 1664 3946 Deus
1681 3890 1925 3960 corporis
1951 3905 2143 3960 expers

568 3983 769 4038 ccelum
822 3983 1046 4048 creavit,
1086 3997 1185 4036 nec
1243 3997 1350 4037 non
1420 3989 1657 4036 «terram
1711 3981 2082 4047 invisibilem,
2119 4002 2136 4034 ι

571 4075 822 4144 aerisque
844 4072 1006 4127 simul
1039 4072 1212 4126 ideam
1237 4080 1291 4127 et
1327 4073 1506 4127 vacui.
1526 4071 1568 4124 E
1590 4072 1790 4143 quibus
1814 4073 2043 4128 alterum
2076 4074 2142 4128 il-

569 4166 662 4221 lud
683 4166 931 4222 tenebras
960 4165 1269 4235 appellavit,
1305 4165 1448 4235 quod
1497 4175 1687 4220 natura
1730 4181 1828 4222 sua
1867 4166 2140 4237 nigrorem

569 4276 662 4316 aer
683 4260 1000 4331 adjunctum
1039 4258 1233 4314 habeat
1259 4275 1275 4325 ;
1306 4258 1536 4313 alterum
1585 4259 1690 4314 hoc
1725 4258 2005 4330 abyssum,
2036 4259 2141 4316 hoc

565 4363 650 4409 est
668 4354 786 4410 sine
812 4352 1000 4416 fundo,
1029 4353 1175 4424 quod
1219 4351 1548 4407 altissimum
1581 4353 1838 4422 quiddam
1905 4368 2138 4407 vacuum

566 4447 659 4511 sit,
687 4456 851 4517 atque
867 4447 1260 4502 vastissimum.
1283 4445 1420 4500 Tum
1445 4461 1600 4516 aqum
1619 4446 1872 4501 similiter
1899 4462 1962 4501 ac
1978 4446 2140 4516 spiri-

564 4548 655 4593 tus
680 4546 952 4607 expertem
989 4537 1236 4606 corporis
1286 4538 1646 4593 substantiam
1676 4556 1688 4591 :
1740 4538 1878 4593 lucis
1904 4539 2138 4607 denique

2246 3433 2342 3487 καὶ
2378 3453 2395 3485 ι
2427 3433 2533 3503 γῆν
2560 3433 2810 3504 ἀόρατον,
2844 3452 2862 3485 ι
2897 3432 2990 3487 καὶ
3023 3433 3185 3504 ἀέρος
3233 3433 3374 3488 ἰδέαν
3403 3434 3495 3488 καὶ
3525 3432 3701 3488 κενοῦ·
3728 3424 3792 3485 ὧν

2244 3528 2304 3580 τὸ
2340 3528 2437 3597 μὲν
2475 3527 2783 3598 ἐπεφήμισε
2840 3525 3051 3590 σκότος,
3095 3527 3282 3599 ἐπειδὴ
3337 3527 3505 3599 μέλας
3535 3527 3563 3579 δ
3602 3526 3700 3596 ἀὴρ
3739 3527 3794 3596 τῇ

2246 3619 2404 3688 φύσει
2429 3637 2443 3653 ·
2476 3620 2576 3690 τὴν
2602 3619 2658 3672 δὲ
2697 3618 2962 3673 ἄϐυσσον·
2996 3619 3296 3675 πολύόυθον
3339 3620 3454 3692 γὰρ
3495 3619 3553 3674 τό
3595 3634 3653 3687 γε
3693 3634 3796 3670 και-

2243 3710 2332 3762 νὸν
2389 3709 2497 3779 (54)
2543 3712 2637 3763 καὶ
2666 3711 2898 3780 ἀχανές·
2928 3707 3025 3765 εἶθ’
3055 3711 3245 3775 ὓδατος
3295 3711 3588 3784 ἀσώματον
3635 3709 3794 3763 οὐσίαν

2243 3799 2336 3852 καὶ
2371 3799 2680 3869 πνεύματος
2697 3816 2710 3829 ·
2732 3800 2825 3854 καὶ
2871 3801 2964 3854 ἐπὶ
2992 3803 3156 3854 πᾶσιν
3179 3800 3410 3871 ἑϐδόμου
3441 3798 3631 3869 φωτὸς,
3658 3797 3683 3849 ὃ
3705 3796 3792 3848 πά-

2243 3892 2324 3945 λιν
2357 3891 2646 3963 ἁσὼματον
2673 3888 2761 3963 ἦν,
2793 3893 2889 3948 καὶ
2917 3893 3104 3966 νοητὸν
3135 3893 3286 3964 ἡλίου
3317 3892 3682 3963 παράδειγμα,
3714 3887 3792 3940 καὶ

2244 3981 2420 4035 πάντα
2454 3981 2587 4052 (55),
2629 3982 2728 4034 ὅσα
2774 3983 3038 4054 φωσφόρα
3071 3983 3246 4055 ἄστρα
3278 3983 3419 4036 κατὰ
3477 3982 3563 4034 τόν
3593 3978 3792 4050 οὐρανὸν

2243 4073 2434 4145 ἔμελλε
2476 4071 2848 4126 συνίστασθαι.
2871 4073 3175 4145 Προνομίας
3203 4075 3259 4128 δὲ
3291 4075 3353 4127 τό
3379 4092 3442 4127 τε
3477 4071 3683 4143 πνεῦμα
3711 4067 3790 4121 καὶ

2241 4166 2302 4218 τὸ
2329 4164 2442 4234 φῶς
2465 4163 2680 4236 ἠξιοῦτο
2698 4180 2711 4193 ·
2740 4164 2802 4216 τὸ
2835 4166 2932 4233 μὲν
2951 4164 3058 4235 γὰρ
3083 4165 3332 4236 ὠνόμασε
3357 4164 3492 4218 Θεοῦ
3515 4161 3653 4233 (56),
3676 4157 3791 4212 διότι

2242 4256 2616 4323 ζωτικώτατω
2641 4257 2700 4310 τὸ
2735 4257 2970 4328 πνεῦμα,
3006 4257 3150 4327 ζωῆς
3173 4257 3229 4309 δὲ
3260 4256 3394 4320 Θεὸς
3430 4257 3628 4318 αἴτιος·
3654 4249 3709 4304 τὸ
3739 4247 3787 4302 δὲ

2243 4349 2377 4419 φῶς,
2417 4350 2498 4402 ὃτι
2555 4347 2892 4420 ὑπερϐάλλον
2947 4348 3060 4419 (57)
3100 4347 3283 4401 καλόν.
3333 4347 3584 4416 Τοσούτῳ
3620 4337 3794 4414 γὰρτὸ

2241 4444 2428 4514 νοητὸν
2451 4442 2544 4497 τοῦ
2576 4441 2771 4516 ὁρατοῦ
2803 4442 3182 4513 λαμπρότερόν
3223 4459 3282 4494 τε
3318 4443 3411 4496 καὶ
3442 4436 3786 4509 adﬂatibu—

2245 4552 2354 4607 ρον,
2382 4537 2599 4616 ὅσῳπερ
2623 4535 2794 4606 ἥλιος,
2812 4530 2985 4604 οἶμαι,
3011 4533 3255 4598 σκότους,
3275 4534 3369 4587 καὶ
3394 4532 3573 4605 ἡμέρα
3597 4523 3784 4616 νυκτὸς,

563 4627 828 4697 septimae,
845 4641 967 4696 quae
1010 4641 1238 4696 corpore
1286 4642 1477 4682 carens
1523 4630 1636 4697 ipsa
1668 4644 1907 4698 quoque,
1954 4638 2136 4684 mente

2251 4627 2336 4680 καὶ
2363 4614 2436 4680 τὰν
2460 4627 2717 4697 κριτήρια
2753 4624 2862 4695 (58)
2890 4624 3014 4688 νοῦς
3041 4627 3070 4678 6
3095 4625 3193 4694 τῆς
3218 4623 3347 4695 ὅλης
3367 4623 3544 4695 ψυχῆς
3562 4614 3785 4692 ἡγεμὼν,

562 4729 875 4791 perceptum
902 4718 1056 4786 solis,
1107 4734 1174 4774 ac
1223 4729 1541 4774 cancrorum
1599 4719 1843 4774 omnium
1890 4719 2137 4775 clarissi-

633 4832 678 4865 ³⁸
714 4831 849 4887 Gen.
891 4849 930 4899 t,
961 4832 1054 4886 27.

632 4937 663 4970 ι
702 4924 880 4991 Philo,
920 4941 988 4995 γυ
997 4924 1156 4996 μνοτέ
1165 4943 1296 4996 ροις.

628 5019 842 5092 (49)“El
873 5018 940 5092 δέ
974 5036 1084 5084 τις,
1117 5029 1221 5092 etc.
1267 5017 1546 5092 Leguntur
1594 5016 1711 5092 haec
1759 5016 1901 5087 apud
1943 5015 2130 5073 Philo-

559 5088 706 5170 nem.
741 5090 834 5143 lib.
869 5089 944 5142 De
974 5091 1155 5142 mundi
1191 5090 1420 5212 opiﬁcio,
1451 5103 1572 5158 pag.
1600 5088 1654 5141 4.

627 5161 739 5212 (50)
767 5161 837 5212 Et
882 5159 1107 5212 μείζων.
1143 5169 1246 5212 etc.
1297 5173 1483 5212 vocum
1530 5159 1654 5212 hum

627 5160 739 5232 (50)
765 5161 837 5232 Et
875 5159 1107 5232 μείζωις,
1143 5157 1246 5214 etc.
1279 5157 1483 5232 Locum
1530 5157 1675 5212 hunc
1720 5157 2127 5232 emendahimus

544 5228 906 5292 .ex'Philone,
946 5230 1276 5300 apudrquem
1310 5230 1380 5300 ita
1414 5237 1706 5300 conceptus
1739 5238 1840 5300 est,
1877 5228 1905 5280 ὃ
1942 5229 2125 5300 μεῖζόν

555 5306 692 5365 ἐστι,
727 5301 828 5370 τῆς
855 5298 1223 5372 ἀνθρωπίνης,
1263 5299 1486 5372 μίμημα
1517 5298 1667 5363 Θείας
1709 5298 2125 5369 εἰκόνος-’δῆλον

551 5373 610 5426 δὲ
635 5373 717 5425 ὅτι
751 5372 910 5442 καινή
940 5373 1090 5442 ἀρχ.,
1119 5382 1223 5442 (ιιι)2

649 5442 734 5508 51)
767 5437 1169 5510 Τοῦ’κόσμου.
1204 5439 1379 5511 Philo,
1413 5437 1502 5511 τοῦ
1537 5438 1784 5511 οὐρανοῦ.

647 5513 735 5580 5'2)
779 5513 1200 5580 ’Asatlo'oogor.
1244 5510 1401 5580 Philo
1432 5510 1556 5565 add.
1583 5510 1660 5580 τῷ
1689 5511 1821 5564 ὄντι.

647 5579 734 5650 55)
767 5579 1008 5650 Πρῶτον
1053 5579 1186 5636 οὖν.
1235 5579 1391 5634 Philo
1441 5590 1563 5635 post
1597 5579 1694 5634 has
1749 5597 1868 5635 voc.
1919 5589 2044 5635 ante
2095 5582 2122 5632 ό

549 5650 717 5708 ποιῶν
755 5655 962 5714 inserit,
995 5652 1142 5724 παρὰ
1173 5650 1284 5724 τοῦΔ
1313 5651 1500 5721 νοητοῦ
1527 5651 1758 5724 Δκόσμου.
1813 5650 1895 5704 Ea:
1943 5652 2121 5703 mundi

548 5733 714 5778 mente
742 5725 968 5793 percepti
998 5721 1307 5792 exénnplari,
1333 5724 1440 5789 vel,
1468 5721 1535 5776 ad
1558 5721 1739 5776 mundi
1762 5737 1833 5777 m.
1861 5738 1913 5792 p.
1945 5737 2122 5776 exent-

2241 4717 2530 4788 ὀφθαλμῶν
2562 4716 2669 4788 (59)
2705 4715 2974 4788 σώματος.
3002 4714 3074 4768 Τὸ
3097 4715 3155 4768 δὲ
3188 4715 3414 4786 ἀόρατον
3441 4713 3549 4785 (60)
3573 4710 3659 4766 καὶ
3681 4722 3783 4774 νοη-

2235 5023 2374 5092 plar,
2407 5037 2539 5086 non,
2567 5029 2626 5075 ιιι
2655 5020 2807 5092 al._in
2838 5020 3030 5092 mundo
3058 5020 3398 5092 btteljigibili.

2309 5093 2420 5162 (54)
2455 5092 2693 5145 Καινόν.
2729 5089 2870 5157 Lege
2901 5091 3059 5143 κενόν
3083 5106 3148 5145 ex
3177 5089 3422 5146 Philone.

2307 5165 2422 5235 (55)
2452 5163 2625 5235 l’ltilo,
2659 5162 2896 5235 παντων.
3394 5203 3396 5205 .

2307 5232 2418 5301 (56)
2449 5233 2625 5294 Philo,
2657 5232 2822 5285 θείου.

2305 5299 2420 5371 (57)
2456 5300 3068 5372 ὙπερὸάλλονκΡίιὶιο
3099 5299 3566 5372 ὑπερϐαλλόντως.

2303 5369 2415 5446 (58)
2455 5375 2546 5446 Τὰ⁸
2561 5369 2848 5446 κριτήρια.
2883 5371 3103 5440 Repone
3127 5369 3234 5424 τῶν
3262 5369 3589 5442 αἰσθητικῶν
3609 5380 3774 5439 κριτη·

2233 5443 2495 5517 ρίωνςεδ
2516 5443 2759 5517 Philone.

2300 5515 2412 5585 (59)
2441 5514 2615 5585 Philo,
2641 5515 2734 5566 καὶ
2766 5513 3048 5584 ὀφθαλμοί.

2302 5573 2413 5655 (60)
2455 5586 2524 5640 Τὸ
2557 5573 2626 5638 δέ
2653 5573 3062 5652 ἀόραέον,’θῐε.
3091 5581 3376 5655 Philonem
3413 5580 3665 5655 Eusebius
3691 5573 3769 5655 de—

2227 5643 2481 5713 curtavit.
2516 5655 2608 5710 Sic
2639 5643 2782 5708 enim
2813 5643 2925 5725 ille,
2961 5655 3051 5725 τὸν
3091 5653 3146 5706 δὲ
3180 5654 3436 5725 ἀόρατον,
3485 5653 3575 5725 καὶ
3609 5643 3773 5725 genta?

2229 5712 2368 5782 θεῖον
2395 5727 2586 5793 Λόγον,
2616 5726 2706 5779 καὶ
2737 5724 2870 5778 Θεοῦ
2905 5712 3097 5792 λόγον,
3133 5712 3314 5779 εἰκόνα
3347 5712 3492 5791 me;
3515 5720 3662 5777 θεοῖν
3682 5712 3770 5769 ’καὶ
