4042 6384
253 337 369 393 913

1338 352 1339 355 η
1436 331 1756 388 ΡΗίΕΡΑῙῖι.
1798 334 2044 391 EVANG.
2088 335 2212 389 LIB.
2256 335 2344 390 XI.

3420 332 3525 386 9M

257 456 354 507 τὸν
386 446 506 523 φῶς
530 456 705 506 ἐκεῖνο
738 454 881 507 θείου
918 454 1090 523 Λόγου
1122 453 1343 524 γέγονεν
1374 455 1557 520 εἰκὼν,
1586 456 1680 509 τοῦ
1711 458 1853 530 διερα

1955 476 2165 514 morum
2218 460 2475 525 siderum,
2518 476 2639 528 quae
2693 459 3039 529 producenda
3076 458 3270 513 deinde
3324 453 3524 519 forent,

263 542 641 613 μηνεύσαντος
682 543 779 615 τὴν
817 544 1029 613 γένεσιν
1068 544 1232 598 αὑτοῦ
1255 562 1266 573 ·
1306 545 1399 598 καὶ
1433 544 1577 600 ἔστιν
1622 548 1854 617 ὑπερου-

266 635 456 705 ράνιος
481 635 678 707 ἀστὴρ,
704 636 856 707 πηγὴ
888 637 994 689 τῶν
1017 637 1289 709 αἰσθητῶν
1338 638 1611 709 ἀστέρων,
1652 640 1718 710 ἢν
1754 642 1853 694 οὐκ

261 725 332 779 ἂν
367 725 486 779 ἀπὸ
514 727 718 780 σκοποῦ
754 728 1030 782 καλέσειεν
1057 729 1120 783 ἄν
1149 745 1233 792 τις
1258 728 1621 799 παναύγειαν,
1655 732 1745 800 ἀφ’
1786 726 1857 803 ἧς

262 819 419 888 ἣλιος
444 817 542 871 καὶ
568 818 787 891 σελήνη,
817 821 911 873 καὶ
932 821 983 873 οἱ
1012 820 1159 875 ἄλλοι
1186 822 1454 891 πλανῆται
1479 862 1494 887 ,
1538 824 1632 877 καὶ
1677 824 1852 877 ἀπλα-

264 913 380 975 γεῖς
408 910 703 982 ἀρύονται,
737 912 859 965 καθ’
890 914 1013 966 ὅσον
1058 914 1272 984 ἑκάστῳ
1317 912 1545 986 δύναμις
1564 954 1579 978 ,
1632 914 1699 969 τὰ
1722 914 1854 986 πρέ·

266 1020 444 1056 ποντα
478 1004 656 1075 φέγγη
678 1020 691 1034 ’
727 1005 827 1074 τῆς
854 1003 1089 1075 ἀμιγοῦς
1118 1005 1212 1058 καὶ
1236 1004 1482 1078 καθαρᾶς
1508 1007 1682 1078 αὐγῆς
1711 1007 1854 1060 ὲκείο

265 1112 366 1164 νης
417 1096 866 1168 ἀμαυρουμένης,
912 1091 974 1150 οὗ
1004 1096 1070 1151 ἂν
1114 1097 1225 1167 (61)
1280 1096 1510 1168 ἄρξηται
1558 1098 1850 1171 τρέπεσθαι

264 1186 411 1240 κατὰ
455 1188 555 1257 τὴν
607 1189 672 1240 ὲκ
697 1188 792 1241 τοῦ
823 1188 1014 1260 νοητοῦ
1062 1188 1199 1258 πρὸς
1242 1189 1497 1259 αἰσθητὸν
1529 1190 1847 1262 μεταϐολήν.

264 1277 577 1349 εἱλικρινὲς
626 1278 735 1349 γὰρ
784 1277 934 1331 οὐδὲν
964 1279 1070 1332 τῶν
1117 1280 1175 1331 ἐν
1224 1279 1495 1351 αἰσθήσει.
1534 1302 1552 1333 ι
1580 1283 1688 1335 Καὶ
1714 1282 1855 1351 μετά

262 1370 479 1440 βραχέα
505 1369 776 1439 ἐπιλέγει·
814 1390 833 1422 ι
878 1371 1033 1424 Ἐπεὶ
1061 1371 1118 1424 δὲ
1147 1371 1262 1440 φῶς
1298 1372 1397 1443 μὲν
1438 1373 1673 1440 ἐγένετο,
1729 1374 1854 1427 σκό-

261 1477 355 1524 τος
389 1461 435 1514 δ’
474 1461 745 1533 ὑπεξέστη
777 1462 868 1516 καὶ
902 1462 1248 1534 ἀνεχώρησεν
1279 1463 1415 1533 (62),
1443 1465 1558 1536 ὅροι
1588 1466 1634 1518 δ’
1658 1467 1715 1518 ὲν
1741 1468 1853 1529 τοῖς

268 1553 475 1623 μεταξὺ
509 1555 874 1625 διαστήμασιν
905 1556 1214 1626 ὲπάγησαν,
1235 1556 1442 1628 ἑσπέρα
1464 1575 1524 1610 τε
1553 1559 1647 1611 καὶ
1671 1559 1852 1629 πρωῖα

264 1647 390 1699 κατ’
417 1646 714 1714 ἀναγκαῖον
740 1647 832 1700 τοῦ
867 1648 1067 1719 χρόνου,
1106 1651 1302 1723 μέτρον
1327 1650 1639 1703 ἀπετελεῖτο
1666 1650 1847 1716 εὐθὺς,

262 1735 293 1787 δ
314 1736 411 1789 καὶ
430 1737 647 1807 ἡμέραν
672 1737 849 1802 καλῶς
881 1738 1052 1793 ποιῶν
1084 1740 1338 1794 ὲκάλεσε’
1370 1741 1463 1795 καὶ
1489 1740 1702 1813 ἡμέραν
1732 1743 1851 1812 οὐχ).

266 1824 521 1895 πρώτην,
542 1824 677 1878 άλλά
703 1827 907 1899 priami}
939 1826 1185 1882 λέλεκται
1219 1829 1327 1901 (65)
1354 1830 1441 1883 διὰ
1476 1809 1574 1902 τήν
1600 1809 1692 1883 τοῦ
1727 1809 1849 1901 νοην-
1882 1809 1924 1863 Β

264 1912 361 1964 τοῦ
392 1912 599 1984 κόσμου
627 1915 883 1986 μόνωσιν,
914 1918 1208 1991 μοναδικὴν
1242 1919 1456 1991 ἔχοντος
1509 1922 1609 1992 τὴν
1664 1921 1843 1991 φύσιν.

276 2003 337 2057 ’0
375 2006 475 2074 μὲν
500 2002 595 2059 οὖν
616 2006 907 2079 ἀσώματος
936 2011 1138 2081 κόσμος
1166 2012 1266 2084 ήδη
1295 2012 1467 2084 πέρας
1504 2010 1670 2083 εἶχεν,
1702 2015 1849 2086 ἱδρυ-

266 2097 377 2159 θεὶς
403 2099 463 2151 ἐν
484 2098 564 2169 τῷ
581 2098 709 2171 θείῳ
726 2102 885 2172 Λόγῳ
902 2118 915 2131 ’
936 2104 964 2156 6
988 2103 1035 2157 δ’
1056 2103 1312 2174 αἰσθητὸς
1338 2104 1472 2177 πρὸς
1498 2105 1849 2177 παράδειγμα

263 2188 458 2241 τούτου
513 2190 945 2260 ὲτελειογονεῖτο.
995 2195 1106 2247 Καὶ
1136 2194 1353 2265 πρῶτον
1392 2195 1557 2249 αὐτοῦ
1605 2196 1713 2250 τῶν
1751 2214 1850 2268 με-

268 2278 398 2349 ρῶν,
430 2279 460 2333 δ
491 2283 585 2334 καὶ
614 2282 831 2337 πάντων
850 2284 1089 2354 ἄριστον,
1115 2284 1285 2339 ἐποίει
1315 2286 1406 2339 τὸν
1432 2287 1657 2357 οὐρανὸν
1695 2288 1724 2339 6
1749 2292 1852 2358 Δη-

266 2370 553 2441 μιουργὸς,
584 2372 643 2425 ὃν
670 2374 885 2445 ἐτύμως
911 2375 1199 2448 στερέωμα
1230 2378 1669 2449 προσηγόρευσεν
1689 2421 1703 2445 ,
1756 2381 1850 2434 ἆτε

264 2464 585 2532 σωματικὸν
626 2464 776 2520 ὄντα.
805 2466 879 2518 Τὸ
930 2466 1037 2537 γάρ
1092 2467 1248 2539 σῶμα
1271 2468 1429 2537 φύσει
1476 2469 1712 2541 στερεὸν,
1742 2471 1769 2524 ὅ
1799 2471 1850 2523 τί

266 2568 376 2625 περ
424 2556 521 2607 καὶ
575 2557 735 2628 τριχῆ
772 2557 1077 2613 διαστατόν.
1143 2559 1343 2631 Στεροῦ
1369 2559 1426 2612 δὲ
1480 2560 1573 2614 καὶ
1602 2560 1851 2631 σώματος

266 2646 450 2700 ἔννοια
480 2646 561 2711 τίς
598 2647 757 2719 ἑτέρα
787 2649 925 2719 πλὴν
948 2650 1008 2703 τὸ
1036 2651 1211 2722 πάντη
1256 2650 1573 2723 διεστηκός;
1614 2651 1851 2715 Εἰκότως

266 2731 384 2801 οὖν,
415 2736 653 2801 ἀντιθεὶς
688 2737 767 2808 τῷ
788 2738 962 2810 νοητῷ
1012 2740 1107 2792 καὶ
1148 2739 1423 2810 ἀσωμάτῳ
1468 2739 1558 2791 τὸν
1597 2738 1850 2809 αἰσθητὸν

268 2829 365 2881 καὶ
402 2831 771 2901 σωματοειδῆ,
806 2831 993 2884 τοῦτον
1017 2830 1236 2901 στερεὸν
1268 2830 1513 2883 ἐκάλεσε.
1550 2850 1568 2882 ι
1598 2830 1781 2884 Ταῦτα
1831 2833 1859 2883 6

267 2922 467 2976 Φίλων.
522 2924 744 2994 Συνᾴδει
790 2924 845 2977 δὲ
878 2923 1025 2985 αὐτῷ
1053 2925 1145 2977 καὶ
1165 2925 1193 2976 6
1226 2924 1473 2995 Κλήμης,
1513 2926 1572 2976 ἐν
1604 2923 1681 2995 τῷ
1716 2923 1861 2993 ἕκτῳ

270 3014 383 3099 (64)
409 3016 749 3084 Στρωματεῖ
776 3015 948 3085 λέγων
972 3009 1094 3069 ὧδε.

1952 552 2227 620 exemplar
2258 561 2394 606 eral.
2448 549 2567 605 Jam
2607 552 2842 620 Spiritus
2890 560 3051 621 atque
3101 550 3238 605 lucis
3261 547 3523 603 eximium

1953 640 2155 710 aliquid
2187 656 2252 695 ac
2279 640 2609 710 praecipuum
2633 656 2754 695 esse
2785 640 2994 695 voluit:
3034 655 3158 693 nam
3208 639 3385 704 illum,
3424 634 3525 690 Dei

1956 732 2217 802 Spiritum
2274 732 2594 795 nominavit,
2650 731 2791 801 quod
2847 728 3084 800 Spiritus
3120 730 3311 795 vitam,
3364 728 3525 796 cujus

1953 831 2145 879 auctor
2180 822 2323 878 Deus
2346 832 2449 889 est,
2472 823 2711 878 maxime
2733 823 2939 888 foveat;
2980 830 3119 876 hanc
3145 837 3291 885 vero,
3325 821 3522 883 lucem,

1953 916 2094 987 quod
2124 917 2405 971 excellenti
2440 917 2846 986 pulchritudine
2898 915 3192 984 conspicua
3222 915 3311 967 sit.
3348 911 3525 965 Tanto

1952 1009 2095 1064 enim
2130 1008 2425 1078 utiquelux
2458 1008 2545 1062 illa
2576 1023 2697 1078 quae
2727 1015 2905 1061 mente
2921 1006 3238 1076 percipitur,
3276 1011 3525 1073 aspecta-

1952 1100 2048 1156 bili
2088 1101 2190 1156 hac
2230 1101 2493 1155 illustrior
2529 1115 2592 1154 ac
2631 1099 2963 1168 splendidior
3027 1106 3131 1164 est,
3184 1104 3390 1166 quanto
3441 1095 3525 1147 vel

1955 1191 2189 1247 tenebrae
2224 1191 2377 1256 solis,
2411 1191 2495 1244 vel
2527 1205 2631 1242 nox
2666 1190 2794 1252 diei,
2832 1190 2916 1244 vel
2940 1188 3207 1244 sentiendi
3239 1187 3319 1240 vis
3344 1201 3408 1239 ac
3441 1184 3522 1237 fa-

1954 1285 2150 1347 cultas,
2191 1282 2391 1337 mentis
2442 1280 2607 1353 548
2638 1280 2804 1335 animi
2861 1281 3026 1335 totius
3086 1278 3367 1348 principis,
3441 1277 3525 1329 vel

1954 1374 2189 1444 denique
2255 1387 2455 1443 corpus
2513 1371 2796 1427 oculorum
2854 1370 3142 1442 splendore
3213 1376 3521 1438 superatur.

1952 1461 2124 1519 Porro
2154 1464 2246 1519 lux
2276 1464 2385 1529 illa,
2414 1472 2593 1517 mente
2615 1463 2749 1529 sola,
2781 1479 2885 1516 non
2917 1463 3034 1518 visu
3061 1472 3337 1532 percepta,
3362 1460 3524 1514 Verbi

1951 1554 2143 1621 divini,
2180 1564 2333 1610 ortus
2386 1554 2472 1609 sui
2534 1554 2841 1623 interpretis
2893 1554 3180 1623 imaginem
3237 1553 3523 1622 expressit,

1954 1656 2163 1702 astrum
2187 1647 2325 1702 etelo
2358 1645 2629 1716 superius,
2656 1645 2890 1714 fonsque
2924 1645 3163 1700 siderum
3221 1645 3528 1714 aspectabi-

1956 1737 2112 1803 lium,
2149 1752 2310 1807 quam
2346 1735 2569 1790 luminis
2618 1735 3023 1789 universitatem
3046 1735 3146 1789 rite
3199 1750 3263 1789 ac
3320 1734 3527 1805 signili-

1953 1836 2140 1885 canter
2162 1826 2418 1898 appelles,
2446 1827 2586 1881 unde
2635 1828 2737 1893 sol,
2798 1828 2947 1893 luna,
2997 1826 3276 1897 stellaeque
3320 1838 3527 1882 caetera:

1954 1930 2064 1975 tam
2098 1919 2240 1985 lixae,
2270 1934 2433 1989 quam
2465 1930 2732 1983 errantes,
2758 1934 2856 1987 pro
2910 1920 3025 1975 suis
3070 1935 3297 1990 quaeque
3318 1920 3526 1974 viribus

1955 2011 2370 2068 convenientem
2429 2008 2773 2078 splendorem
2831 2008 3123 2074 hauriunt,
3162 2009 3291 2063 dum
3321 2010 3526 2064 sensim

1955 2102 2198 2158 hebescit
2226 2116 2394 2170 purus
2426 2100 2515 2155 ille
2545 2100 2880 2170 simplexque
2912 2100 3111 2169 fulgor,
3158 2100 3247 2154 ubi
3305 2100 3531 2169 coeperit

1956 2194 2060 2249 hac
2117 2193 2381 2263 spiritalis
2424 2194 2479 2246 in
2536 2193 2865 2262 aspectabile
2916 2192 3272 2247 conversione
3305 2192 3526 2245 mutari.

1958 2282 2243 2339 Sincerum
2266 2284 2464 2353 quippe
2514 2282 2645 2336 nihil
2689 2282 2938 2352 estquod
2970 2284 3025 2336 in
3058 2297 3253 2337 sensus
3296 2280 3459 2336 cadit.
3504 2300 3523 2332 ι

1958 2376 2197 2446 Itemque
2220 2385 2342 2445 post
2364 2392 2555 2446 pauca.
2591 2394 2608 2426 ι
2643 2374 2744 2429 Ubi
2769 2383 2972 2441 autem,
3005 2375 3199 2444 inquit,
3252 2375 3342 2428 lux
3372 2373 3534 2428 exsti-

1959 2468 2131 2530 tisset,
2165 2465 2505 2535 tenebraeque
2532 2466 2797 2521 submotae
2844 2464 2963 2519 loco
2995 2466 3306 2527 cessissent,
3338 2462 3531 2516 termi-

1958 2561 2044 2615 nis
2078 2560 2239 2613 etiam
2278 2558 2455 2612 medio
2499 2557 2782 2611 intervallo
2834 2556 2957 2612 lixis
2987 2566 3149 2626 atque
3193 2555 3527 2617 constitutis,

1958 2664 2179 2719 vespera
2201 2649 2459 2703 nimirum
2500 2656 2663 2718 atque
2703 2647 2970 2712 diluculo,
3003 2657 3166 2718 prout
3219 2645 3527 2701 necessaria

1959 2740 2214 2810 temporis
2246 2756 2501 2795 mensura
2543 2739 2871 2809 postulabat,
2906 2740 2957 2793 id
3005 2736 3299 2808 perfectum
3356 2736 3532 2793 conti-

1957 2846 2067 2885 nuo
2092 2831 2359 2900 est,quod
2409 2831 2524 2899 ipse
2554 2831 2697 2885 diem
2718 2830 2841 2900 jure
2899 2831 3275 2900 nuncupavit;
3303 2837 3357 2884 et
3386 2828 3528 2883 diem

1956 2935 2064 2975 non
2086 2920 2344 2989 primum,
2380 2920 2473 2975 sed
2504 2921 2747 2985 unicum,
2800 2921 2962 2990 idque
3015 2931 3233 2990 propter
3266 2919 3528 2990 spiritalis

1956 3009 2122 3076 illius,
2173 3010 2268 3079 qui
2325 3009 2637 3079 adjunctam
2694 3024 2726 3064 a
2779 3019 2971 3064 natura
3046 3012 3308 3066 unitatem
3363 3010 3528 3065 habet

268 3104 463 3163 mundi
489 3107 859 3163 solitudinem.
889 3104 1118 3177 Jamque
1167 3121 1321 3161 suam
1372 3107 1726 3176 incorporeus
1786 3106 1874 3161 ille
1911 3103 2147 3161 mundus
2177 3102 2564 3175 perfectionem
2589 3104 2815 3159 sortitus
2840 3117 2974 3170 erat,
3005 3103 3190 3159 divino
3229 3105 3283 3158 in
3345 3102 3522 3159 Verbo

267 3203 432 3268 situs,
494 3216 621 3256 cum
654 3200 773 3269 ejus
799 3200 865 3255 ad
914 3199 1192 3268 exemplar
1225 3198 1568 3268 aspectabilis
1616 3198 1717 3254 iste
1749 3197 2140 3253 absolveretur.
2194 3194 2365 3265 Cujus
2413 3204 2619 3265 partem
2670 3195 2916 3249 omnium
2986 3194 3061 3249 uti
3096 3195 3381 3259 optimam,
3454 3195 3529 3250 ita

266 3308 321 3353 et
350 3296 655 3368 principem
685 3296 907 3359 coelum,
939 3294 1132 3349 artifex
1193 3294 1511 3359 elaboravit,
1539 3294 1686 3364 quod
1715 3307 1840 3348 vere
1878 3292 2021 3347 idem
2076 3306 2140 3346 ac
2194 3290 2411 3360 proprie
2464 3289 2888 3355 ﬁrmamentum,
2933 3298 3116 3355 utpote
3138 3306 3366 3361 corpore
3390 3305 3529 3361 pra:-

266 3394 448 3449 ditum
475 3391 783 3463 appellavit.
834 3390 1051 3461 Corpus
1082 3390 1280 3461 quippe
1330 3399 1523 3444 natura
1566 3406 1663 3445 sua
1722 3389 1938 3444 ﬁrmum
1977 3396 2081 3453 est,
2138 3386 2387 3455 idemque
2444 3383 2708 3438 trifariam
2744 3384 2908 3439 dividi
2941 3392 3139 3454 potest.
3205 3383 3341 3439 Nam
3388 3384 3530 3439 ﬁrmi

266 3487 494 3557 quidem
525 3493 578 3540 et
604 3483 868 3553 corporis,
920 3497 1169 3552 quaenam
1214 3481 1320 3537 alia
1367 3484 1517 3538 notio
1539 3491 1642 3543 est,
1701 3467 1865 3550 quam
1902 3480 2021 3551 ejus
2078 3478 2176 3545 rei,
2209 3492 2373 3547 quam
2423 3476 2571 3531 omni
2601 3492 2667 3531 ex
2698 3486 2851 3545 parte
2878 3476 3118 3531 dividere
3135 3478 3357 3546 possis?
3389 3477 3520 3533 Jure

268 3579 456 3650 'taque
487 3576 722 3647 spiritali
751 3586 805 3630 et
861 3575 1105 3643 corporis
1156 3576 1383 3644 experti,
1439 3574 1765 3646 aspectabile
1794 3574 1897 3628 hoc
1933 3582 1987 3627 et
2019 3585 2337 3640 corporeum
2366 3584 2666 3640 opponens,
2712 3570 2928 3624 lirmum
2954 3571 3261 3641 appellavit.
3300 3592 3316 3624 ι
3348 3574 3530 3644 Atque

270 3677 539 3731 hactenus
562 3670 739 3733 Philo,
770 3671 859 3725 cui
917 3670 1096 3725 aﬂinia
1146 3670 1304 3739 plane
1347 3686 1411 3726 ac
1462 3671 1676 3742 gemina
1716 3669 1969 3724 Clemens
1997 3666 2262 3721 Stromale
2281 3675 2433 3719 sexto
2482 3665 2626 3719 hunc
2681 3664 2735 3717 in
2770 3663 2991 3718 modum
3019 3668 3383 3737 persequitur.

786 3764 1185 3818 ΚΕΦΑΛΑΙΟΝ
1217 3762 1344 3817 KE'.

629 3858 977 3927 Κλήμεντος
999 3858 1131 3925 περὶ
1165 3857 1269 3911 τοῦ
1293 3855 1500 3911 αὐτοῦ.

344 3972 365 4007 <
400 3952 626 4021 Κόσμον
654 3967 715 4003 τε
738 3946 895 4012 αὖθις
922 3949 1013 4002 τὸν
1045 3949 1141 4019 μὲν
1166 3948 1352 4018 νοητὸν
1394 3944 1532 4003 οἶδεν
1577 3950 1610 4019 ή
1650 3949 1857 4021 βάρϐα-

274 4060 365 4117 ρος
399 4037 716 4111 φιλοσοφία,
744 4027 837 4091 τὸν
859 4038 917 4091 δὲ
944 4037 1196 4109 αἰσθητόν
1216 4057 1228 4069 ·
1255 4038 1346 4092 τὸν
1394 4040 1490 4111 μὲν
1525 4039 1851 4111 ἀρχέτυπον,

270 4137 362 4189 τὸν
412 4133 473 4185 δὲ
533 4130 717 4184 εἰκόνα
753 4128 848 4182 τοῦ
882 4128 1049 4183 καλοῦ
1093 4129 1204 4201 (65)
1233 4130 1692 4202 παραδείγματος.
1744 4131 1854 4184 Καὶ

268 4227 361 4280 τὸν
396 4224 499 4295 μὲν
528 4220 809 4291 ἀνατίθησι
840 4220 1047 4291 μονάδι,
1075 4220 1150 4284 ὡς
1188 4221 1254 4275 ἂν
1287 4222 1475 4292 νοητὸν
1496 4264 1511 4289 ,
1558 4223 1648 4278 τὸν
1688 4225 1745 4277 δὲ
1771 4227 1855 4278 αἰ-

271 4316 471 4387 σθητὸν
519 4311 688 4377 ὲξάδι.
732 4312 912 4383 Γάμος
953 4314 1061 4384 γὰρ
1097 4314 1248 4385 παρὰ
1275 4317 1388 4379 τοῖς
1442 4314 1851 4388 Πυθαγορείοις,

266 4409 343 4473 ὡς
377 4408 445 4461 ἂν
472 4406 700 4476 γόνιμος
729 4404 978 4475 ἀριθμὸς,
1018 4406 1051 4476 ἡ
1082 4404 1212 4470 ἑξὰς
1244 4405 1505 4459 καλεῖται.
1541 4408 1650 4460 Καὶ
1670 4410 1726 4461 ὲν
1756 4408 1853 4479 μὲν

269 4500 336 4569 τῇ
366 4494 556 4568 μονάδι
581 4493 892 4564 συνίστησιν
909 4493 1135 4565 οὐρανὸν
1156 4493 1405 4564 ἀόρατον,
1437 4496 1531 4548 καὶ
1546 4497 1647 4567 γῆν
1670 4497 1851 4565 ἁγίαν,

271 4586 514 4657 καὶ’φῶς
546 4584 759 4655 νοητόν.
802 4585 931 4637 «Ἐν
978 4586 1119 4655 ἀρχῇ
1182 4585 1314 4655 γὰρ,
1373 4586 1557 4656 φησιν,
1601 4586 1855 4657 ἐποίησεν

270 4684 300 4735 6
320 4679 453 4743 Θεὸς
475 4679 568 4732 τὸν
587 4676 817 4749 οὐρανὸν
832 4678 925 4729 καὶ
956 4678 1054 4746 τὴν
1080 4677 1184 4748 γῆν
1202 4693 1215 4706 ·
1240 4678 1272 4747 ἡ
1300 4676 1357 4729 δὲ
1374 4678 1443 4748 γῆ
1474 4672 1542 4749 ἦν
1566 4678 1814 4750 ἀόρατος.
1830 4698 1849 4731 ι

272 4769 385 4827 Εἶτ’
407 4770 662 4841 ἐπιφέρει
681 4785 695 4799 ·
729 4787 747 4819 ι
778 4769 890 4821 Καὶ
913 4764 1064 4822 εἶπεν
1091 4770 1119 4822 6
1142 4768 1272 4833 Θεός
1292 4786 1305 4799 °
1333 4770 1577 4824 Γενέσθω
1601 4771 1736 4841 φῶς,
1762 4773 1855 4827 καὶ

273 4862 492 4931 ἐγένετο
520 4860 691 4930 φῶς.»
712 4860 801 4912 Ἐν
825 4859 881 4912 δὲ
895 4862 961 4930 τῇ
987 4860 1344 4933 κοσμογενείᾳ
1367 4860 1477 4933 (66)
1489 4866 1553 4934 τῇ
1584 4865 1815 4937 αἰσθητῇ
1837 4906 1852 4929 ,

275 4953 495 5024 στερεὸν
539 4950 769 5023 οὐρανὸν
789 4951 1137 5022 δημιουργεῦ
1169 4952 1230 5004 τὸ
1252 4953 1306 5005 δὲ
1336 4955 1551 5026 στερεὸν
1578 4956 1852 5029 αἰσθητὸν,

275 5046 378 5114 γῆν
401 5059 464 5094 τε
489 5041 692 5112 ὁρατὴν
720 5042 813 5093 καὶ
837 5039 952 5110 φῶς
971 5040 1320 5112 βλεπόμενον.
1344 5040 1470 5117 Ἆρ’
1502 5046 1562 5099 οὐ
1602 5047 1748 5100 δοκεῖ
1772 5065 1853 5103 σοι

2517 3755 2745 3811 CAPUT
2786 3756 2953 3814 XXV.

2384 3847 2460 3901 De
2492 3848 2703 3914 iisdem,
2723 3865 2788 3903 ex
2814 3850 3098 3904 Clemente.

1974 3935 1986 3959 ⁵
2032 3960 2049 3992 ι
2084 3940 2348 3994 Ρτωιοηξο
2385 3939 2671 4006 mundum,
2706 3940 2902 4009 inquit,
2936 3950 3113 3996 mente
3148 3942 3377 3997 alterum
3407 3984 3421 4008 ,
3455 3946 3531 3999 ala

1955 4040 2129 4087 terum
2160 4046 2322 4085 sensu
2348 4039 2659 4100 perceptum
2684 4031 2912 4085 barbara
2934 4033 3525 4104 agnovitphiIOSOphia,

1952 4132 2006 4179 et
2031 4124 2182 4177 illum
2206 4124 2427 4193 quidem
2481 4123 2858 4193 archetypum,
2917 4124 3065 4179 hunc
3118 4141 3245 4180 vero
3278 4127 3525 4195 praeclari

1952 4216 2278 4286 exemplaris
2301 4216 2613 4285 imaginem.
2649 4215 2802 4270 Illum
2830 4218 2980 4281 item,
3012 4219 3157 4287 quod
3205 4219 3322 4273 sola
3345 4230 3527 4274 mente

1954 4309 2215 4378 capiatur,
2255 4308 2490 4375 unitati;
2523 4307 2689 4375 hunc,
2719 4308 2813 4378 qui
2846 4309 2898 4361 in
2920 4324 3143 4365 sensum
3184 4311 3349 4376 cadit,
3370 4326 3528 4368 sena-

1954 4401 2035 4456 rio
2055 4399 2321 4456 attribuit.
2352 4399 2640 4454 Senarium
2685 4401 2829 4454 enim
2870 4400 3214 4473 Pythagorei,
3259 4405 3407 4474 quod
3438 4421 3525 4460 se-

1955 4491 2168 4547 cundus
2198 4493 2246 4547 is
2273 4506 2534 4547 numerus
2564 4493 2654 4557 sit,
2680 4492 2993 4563 conjugium
3017 4506 3297 4548 vocarunt.
3324 4495 3389 4549 Et
3413 4497 3529 4561 qui-

1954 4584 2074 4639 dem
2098 4585 2150 4638 in
2181 4584 2403 4649 unitate,
2423 4585 2619 4640 ccelum
2648 4585 2779 4640 illud
2826 4587 2970 4656 quod
2998 4586 3163 4641 videri
3188 4603 3297 4642 non
3355 4597 3530 4659 potest

1958 4688 2265 4749 terramque
2281 4678 2443 4750 549
2469 4688 2734 4746 sanctam,
2755 4680 2996 4735 etlucem
3016 4689 3195 4735 mente
3216 4691 3528 4751 perceptam

1955 4770 2253 4825 constituit.
2296 4789 2315 4823 ι
2342 4771 2398 4824 In
2436 4771 2703 4840 principio
2734 4771 2901 4835 enim,
2951 4772 3147 4841 inquit,
3206 4772 3334 4827 fecit
3384 4772 3527 4829 Deus

1956 4859 2155 4915 C(Blllm
2202 4869 2253 4915 et
2302 4869 2534 4926 terram;
2590 4870 2737 4915 terra
2773 4870 2956 4915 autem
3006 4872 3121 4916 erat
3150 4862 3461 4918 invisibilis.
3502 4884 3520 4915 ι

1955 4951 2092 5005 Tum
2120 4951 2287 5016 addit,
2327 4970 2345 5002 ι
2377 4961 2431 5006 et
2462 4951 2599 5006 dixit
2633 4952 2796 5019 Deus,
2851 4953 2973 5007 Fiat
3006 4954 3119 5016 lux,
3153 4964 3206 5008 et
3254 4954 3394 5011 facta
3443 4966 3527 5011 est

1956 5041 2047 5097 lux
2079 5043 2176 5094 ⁸³.»
2206 5043 2342 5097 Αιίη
2362 5058 2423 5097 ea
2452 5044 2663 5107 mundi,
2692 5060 2813 5114 quze
2843 5047 2945 5100 sub
2969 5061 3191 5101 sensum
3217 5048 3380 5111 cadit,
3400 5063 3527 5117 pro-

275 5133 524 5186 ἐντεῦθεν
540 5134 568 5185 6
586 5132 812 5187 Πλάτων
836 5132 987 5197 ζώων
1009 5132 1149 5197 ἰδέας
1171 5135 1229 5186 ἐν
1254 5134 1330 5205 τῷ
1342 5135 1517 5207 νοητῷ
1537 5138 1851 5194 ἀπολείπειν

1955 5136 2250 5201 creatione,
2285 5136 2518 5190 solidum
2545 5136 2743 5191 caelum
2772 5137 3024 5203 molitur;
3054 5138 3197 5207 quod
3220 5147 3400 5193 autem
3433 5155 3523 5194 so—

275 5226 488 5296 x6390.»
521 5225 717 5278 καὶτὰ
742 5224 857 5296 εἴδη
906 5224 975 5278 τὰ
1022 5226 1276 5298 αἰσθητὰ,
1308 5229 1455 5283 κατά
1475 5230 1543 5284 τὰ
1567 5232 1697 5304 γένη
1738 5234 1847 5305 (67)

347 5320 396 5351 ³⁸
432 5319 572 5373 Gen.
602 5335 640 5372 ι.

274 5411 480 5485 ταρτης
515 5411 733 5485 εἰκόνα,
764 5409 856 5462 τὸν
890 5409 1027 5485 [lege
1072 5412 1153 5485 τὸ]
1190 5416 1383 5485 νοητὸν
1435 5416 1550 5485 φῶς
1595 5419 1788 5484 έκεῖνο,
1820 5420 1850 5472 ὅ

276 5479 626 5560 θείου-’Λόγου
661 5479 1091 5560 γέγονενείκὼν,
1117 5479 1211 5535 τοῦ
1239 5479 1372 5556 διερ.
1397 5479 1501 5543 etc.

349 5552 463 5621 (61)
491 5549 667 5621 Philo,
698 5552 845 5604 ὅταν.

350 5619 463 5705 ((Ξὲ)
496 5619 672 5705 Silii".
698 5622 1067 5705 ιὲῖτεκιδρησεν-

352 5690 468 5759 (615)
498 5690 673 5755 Philo,
706 5689 944 5758 λέγεται,

353 5761 463 5830 (61)
521 5759 607 5826 Τῷ
649 5761 819 5827 ἕκτῳ.
875 5761 1105 5834 Legem].
1142 5765 1215 5835 τῷ
1264 5769 1516 5840 πέμπτῳ.
1571 5772 1649 5827 lbi
1703 5772 1846 5829 enim

1954 5228 2121 5284 lidum
2148 5238 2250 5295 est,
2275 5230 2415 5285 idem
2444 5245 2663 5300 quoque
2691 5245 2889 5286 sensus
2914 5240 3093 5287 movet
3126 5250 3138 5285 :
3169 5240 3368 5287 terram
3398 5234 3525 5289 item

1952 5436 2073 5491 pag.
2113 5421 2238 5484 452,
2263 5422 2391 5476 edit.
2421 5422 2755 5478 Graeco-Lat.
2796 5423 2949 5478 locus
2985 5425 3071 5479 hic
3101 5426 3353 5482 habetur.

2044 5492 2132 5562 65)
2167 5493 2278 5566 Τοῦ
2300 5492 2510 5547 καλοῦ.
2540 5492 2781 5557 Rectius,
2810 5510 2973 5564 quam
3001 5506 3059 5549 ut
3087 5496 3229 5566 apud
3252 5497 3518 5552 Clement.

1952 5563 2115 5616 καλου
2123 5563 2280 5633 μένου
2290 5605 2303 5617 .

2022 5633 2133 5704 (66)
2166 5634 2245 5687 Cl.
2258 5674 2272 5697 ,
2303 5634 2648 5704 κοσμογονίᾳ,

2022 5703 2135 5773 (67)
2161 5701 2419 5781 Κατὰ-τὰ
2448 5701 2616 5773 rem.
2642 5701 2781 5760 Vera
2806 5704 2984 5773 lectio,
3020 5723 3125 5762 non
3153 5708 3245 5761 καὶ
3272 5709 3337 5763 τὰ
3368 5709 3523 5781 γένη,

1954 5781 2011 5827 ut
2038 5784 2120 5830 est
2147 5774 2286 5841 apud
2310 5774 2664 5832 Clementem.
