4042 6384
229 347 361 405 917

1441 351 1756 408 ΡΒΑΞΡΑΒ.
1801 353 2045 411 ΕνΑΝο.
2089 356 2214 410 LIB.
2256 356 2345 411 Xl‘.

3408 355 3527 480 9ιῇ

236 470 380 540 pia;
427 471 486 524 ἐν
526 476 639 538 τοῖς
675 473 1039 546 επουρανίοις.
1082 492 1105 525 ι
1152 476 1446 545 Ἀντικρυς
1491 476 1537 528 δ’
1583 475 1757 529 ἔοικεν
1812 478 1830 530 ἐ

1941 479 2098 548 ignis.
2138 499 2157 530 ι
2206 477 2347 544 Quin
2400 477 2561 531 etiam
2615 480 2888 535 hostilium
2921 484 3234 531 naturarum
3274 470 3527 543 pugnant-

236 561 493 615 Πλάτων
519 565 583 617 τὸ
621 567 863 630 Μωσέως
919 566 1098 635 λόγιον
1127 568 1510 639 μεταφράζειν,
1537 569 1599 621 τὸ
1635 569 1832 640 φῆσαψ

246 669 270 699 ι
284 652 433 705 Ὅτε
453 653 759 727 διεμέριζεν
778 659 808 709 6
824 657 1083 727 ’Υψιστος
1112 658 1237 730 ἔθνη
1247 660 1351 725 ζὼς
1375 660 1674 732 διέσπειρεν
1694 664 1840 727 υἱοὺς

253 742 469 813 Ἀδὰμ,
507 744 734 816 ἔστησεν
778 748 902 819 ὅρια
939 748 1106 803 ἐθνῶν
1158 751 1297 804 κατὰ
1338 752 1568 823 ἀριθμὸν
1594 754 1838 822 ἀγγέλων

239 834 397 887 Θεοῦ
428 835 565 905 (73),
614 857 633 889 ›
664 839 733 891 δι’
765 834 842 893 ὧν
874 844 1129 913 κτήματα
1161 842 1299 896 θεῶν
1338 845 1432 898 καὶ
1470 845 1737 918 δαιμόνων
1778 846 1839 899 τὸ

246 931 372 983 πᾶν
408 932 567 998 γένος
593 932 895 1005 ἀνθρώπιον
927 932 1063 988 εἶναι
1082 935 1341 1008 ὡρίσατο.

1945 570 2231 641 expressit,
2266 570 2360 640 qui
2386 569 2540 635 dixit,
2579 589 2599 621 ι
2631 569 2747 625 Νοη
2777 578 2857 625 est
2887 569 3042 624 nobis
3071 567 3382 623 colluctatio
3412 567 3511 621 ad-

1945 673 2136 713 versus
2163 657 2481 729 sanguinem
2524 667 2578 712 et
2607 674 2849 724 carnem,
2880 658 2972 713 sed
3013 657 3274 711 adversus
3302 655 3510 725 princi-

1943 766 2038 820 pes
2070 758 2124 804 et
2144 757 2457 819 potestates,
2489 750 2752 804 adversus
2776 749 2962 803 mundi
2998 757 3232 803 rectores
3258 746 3510 802 tenebra-

1944 857 2065 896 rum
2103 840 2269 909 hujus
2320 840 2540 905 saeculi,
2578 824 2776 895 'contra
2824 838 3125 910 spiritualia
3168 838 3424 907 nequitia:
3457 838 3509 891 iu

1943 932 2256 989 cmlestibus
2277 931 2371 983 δι’.
2409 950 2428 984 ι
2475 931 2762 987 Enimvero
2779 931 2906 985 illud
2923 922 3087 986 etiam
3117 928 3285 984 Mosis
3316 944 3510 984 oracu-

241 1026 373 1079 lum
404 1025 567 1093 plane
610 1026 995 1098 interpretatus
1023 1029 1227 1083 videtur
1249 1028 1423 1098 Plato,
1452 1032 1598 1102 quod
1629 1033 1701 1089 sic
1773 1032 1940 1087 habet
1975 1048 1988 1083 :
2028 1046 2046 1078 ι
2078 1026 2307 1092 Quando
2330 1027 2603 1082 dividebat
2634 1026 2948 1081 Altissimus
3014 1032 3222 1094 gentes,
3291 1024 3511 1092 quando

240 1121 555 1190 separabat
582 1120 720 1177 ﬁlios
748 1123 920 1178 Adam
941 1164 956 1188 ,
986 1126 1268 1181 constituit
1303 1127 1566 1182 terminos
1605 1130 1927 1200 populorum
1982 1124 2138 1195 juxta
2190 1136 2479 1177 numerum
2518 1122 2835 1189 angelorum
2906 1119 3000 1174 Dei
3035 1118 3080 1150 "
3109 1158 3124 1183 ,
3157 1136 3177 1169 ι
3216 1133 3341 1173 cum
3375 1119 3498 1172 uni-

239 1228 484 1268 versum
505 1215 790 1271 hominum
822 1233 1013 1287 genus,
1040 1220 1264 1275 deorum
1298 1237 1362 1277 ac
1390 1222 1695 1278 daemonum
1723 1221 2123 1295 possessionem
2157 1234 2279 1274 esse
2302 1217 2669 1289 pronuntiavit

770 1311 1163 1368 ΚΕΦᾹΛΑΙΟΝ
1194 1314 1318 1369 KZ'.

242 1396 398 1463 Περὶ
430 1396 639 1467 ψυχῆς
664 1399 1019 1469 ἀθανασίας,
1075 1405 1352 1474 Ἐϐραίων
1374 1408 1471 1462 καὶ
1496 1409 1834 1477 Πλάτωνος.

321 1576 441 1628 Kal
471 1577 530 1628 ὲν
560 1595 671 1643 τοις
702 1582 831 1652 περὶ
858 1582 1033 1655 ψυχῆς
1053 1584 1351 1651 ἀθανασίας
1371 1590 1520 1643 οὐδὲν
1536 1593 1780 1657 Μωσέως
1810 1595 1837 1645 6

244 1668 486 1723 Πλάτων
515 1647 1028 1749 διέστηκε-τῇῖδόέη.
1065 1680 1121 1733 Ὀ
1142 1682 1239 1751 μέν
1256 1699 1318 1751 γε
1330 1647 1553 1756 πρῶτος
1574 1647 1838 1740 ἀθάνατον
1870 1647 1912 1703 Β

243 1762 446 1814 οὐσίαν
467 1759 604 1817 εἶναι
622 1764 717 1837 τὴν
732 1769 790 1820 ὲν
805 1767 899 1821 άνθ
910 1768 1075 1840 ρώπῳ
1090 1770 1266 1844 ψυχὴν
1282 1774 1724 1844 ὡρίσατο,είκόνα
1741 1780 1839 1849 φή-

249 1869 357 1915 σας
372 1853 643 1925 ὑπάρχειν
662 1859 830 1931 αὐτὴν
851 1861 1008 1926 Θεοῦ,
1034 1864 1233 1933 μᾶλλον
1261 1866 1316 1918 δὲ
1346 1870 1466 1920 κατ’
1495 1869 1675 1922 εἰκόνα
1702 1870 1835 1923 Θεοῦ

246 1946 607 2016 γεγενῆσθαι.
656 1967 676 2000 ι
717 1946 848 2004 Εἷπε
877 1952 1007 2024 γὰρ,
1026 1954 1211 2023 φησὶν,
1248 1960 1273 2010 6
1311 1958 1475 2023 Θεός·
1512 1961 1837 2032 Ποιήσωμεν

245 2034 544 2107 ἄνθρωπον
560 2040 872 2095 κατέίκόνα
886 2044 978 2097 καὶ
994 2046 1247 2116 ὁμοίωσιν
1266 2051 1432 2120 ἡμιτέ
1441 2069 1555 2121 ραν.
1575 2054 1683 2106 Kal
1699 2054 1841 2106 ἐποί-

248 2143 390 2195 ησεν
419 2128 449 2179 6
463 2128 599 2193 Θεὸς
624 2132 715 2183 τὸν
745 2132 1051 2205 ἄνθρωπονο
1083 2139 1203 2189 κατ’
1222 2138 1403 2191 είκόνα
1423 2141 1556 2193 Θεοῦ
1574 2142 1830 2212 ἐποίησεν

247 2220 439 2273 αὐτόν.
470 2241 491 2273 ο
528 2224 639 2276 Kal
660 2224 788 2295 ἑξῆς
814 2228 904 2280 τὸν
928 2226 1181 2281 σύνθετον
1211 2229 1286 2299 τῷ
1315 2230 1455 2300 λόγῳ
1474 2232 1725 2304 διαιρῶν,
1757 2234 1837 2299 εἷς

245 2330 309 2365 τε
330 2313 393 2365 τὸ
416 2316 742 2384 φαινόμενον
776 2318 931 2389 σῶμα
961 2319 1053 2371 καὶ
1083 2322 1162 2382 εἰς
1190 2320 1281 2373 τὸν
1302 2322 1442 2374 κατὰ
1477 2323 1651 2394 ψυχὴν
1682 2326 1833 2378 νοού-

248 2419 421 2472 μενον
441 2443 455 2466 ,
490 2404 734 2474 ἐπιλέγει
754 2424 767 2436 ο
807 2426 825 2458 ι
864 2409 975 2463 Kal
1005 2408 1197 2465 ἔλαϐεν
1226 2412 1253 2463 6
1282 2402 1414 2476 Θεὸς
1442 2413 1572 2483 χοῦν
1602 2415 1709 2468 ἀπὸ
1736 2420 1834 2487 τῆς

244 2497 375 2565 γῆς,
411 2498 509 2548 καὶ
538 2496 772 2552 ἔπλασεν
813 2502 842 2553 6
879 2500 1010 2565 Θεὸς
1038 2503 1129 2555 τὸν
1158 2503 1442 2575 ἄνθρωπον
1462 2546 1477 2570 ,
1525 2508 1619 2559 καὶ
1646 2508 1835 2576 ἐνεφύ-

248 2604 423 2658 σησεν
465 2590 545 2652 είς
602 2590 664 2642 τὸ
710 2592 1002 2663 πρόσωπον
1055 2595 1219 2649 αὑτοῦ
1282 2598 1450 2669 πνοὴν
1507 2597 1686 2668 ζωῆς,
1740 2601 1833 2653 καὶ

247 2675 475 2742 ἐγένετο
524 2680 551 2731 6
620 2679 904 2751 ἄνθρωπος
954 2684 1036 2747 εἰς
1087 2684 1264 2757 ψυχὴν
1329 2686 1525 2750 ζῶσαν.
1584 2707 1604 2739 ι
1674 2687 1835 2743 Ἀλλὰ

246 2770 347 2822 καὶ
376 2771 607 2842 ἀρχικόν
635 2790 800 2843 φησιν
830 2776 991 2831 αὑτὸν
1019 2778 1114 2830 καὶ
1137 2777 1410 2848 βασιλικὸν
1445 2780 1695 2848 γενέσθαι
1723 2782 1831 2835 τῶν

246 2863 343 2913 ἐπὶ
372 2865 479 2933 γῆς
509 2864 746 2921 πάντων.
780 2868 941 2937 Λέγει
969 2870 1013 2923 δ’
1043 2866 1165 2924 οὖν’
1204 2890 1221 2922 ι
1250 2873 1360 2925 Kal
1379 2874 1692 2944 ἁρχέτωσαν
1724 2874 1829 2929 τῶν

2490 1308 2717 1364 CAPUT
2755 1308 2965 1362 XXVII.

1941 1405 2017 1460 De
2048 1405 2239 1458 anima:
2268 1402 2683 1466 immortalitate,
2705 1417 2768 1454 ex
2797 1400 3141 1454 Hebrworum
3169 1399 3511 1468 Platonisque

2596 1470 2853 1523 doctrina.

2015 1588 2133 1643 Jam
2160 1603 2290 1643 vero
2322 1588 2388 1642 de
2430 1586 2836 1640 immortalitate
2886 1585 3083 1638 animm
3122 1584 3336 1653 gemina
3376 1598 3515 1652 quo-

1940 1697 2046 1752 que
2074 1679 2241 1735 Mosis
2270 1679 2373 1733 fuit
2398 1677 2750 1746 Platonisque
2769 1678 3060 1731 sententia.
3095 1675 3159 1730 Et
3181 1676 3270 1730 ille
3290 1675 3507 1745 quidem

1940 1772 2303 1828 immortalem
2360 1785 2481 1826 esse
2532 1769 2587 1822 in
2637 1768 2856 1823 homine
2906 1768 3073 1822 animi
3122 1767 3509 1829 substantiam,

1938 1865 2085 1934 prior
2118 1873 2231 1917 tum
2265 1860 2491 1927 statuit,
2521 1876 2645 1916 cum
2668 1874 2789 1915 eam
2821 1858 2916 1920 Dei
2940 1859 3229 1929 imaginem
3254 1899 3269 1924 ,
3301 1857 3385 1912 vel
3415 1872 3513 1927 po-

1941 1957 2046 2011 tius
2105 1955 2344 2009 divinam
2398 1951 2465 2007 ad
2530 1952 2821 2022 imaginem
2878 1951 3074 2004 factam
3132 1966 3251 2006 esse
3303 1950 3509 2006 docuit.

1943 2067 1961 2100 ι
2010 2048 2156 2101 Dixit
2210 2047 2356 2101 enim
2390 2044 2555 2111 L‘eus,
2615 2045 2814 2114 inquit,
2880 2043 3167 2099 Faciamus
3232 2044 3509 2097 hominem

1936 2138 2005 2194 ad
2026 2138 2316 2209 imaginem
2340 2145 2395 2192 et
2414 2135 2825 2192 similitudinem
2853 2146 3118 2189 nostram.
3141 2132 3209 2187 Et
3224 2132 3511 2188 fecitDeus

1936 2231 2208 2287 hominem
2248 2248 2260 2283 :
2296 2229 2362 2284 ad
2384 2228 2674 2298 imaginem
2698 2226 2791 2281 Dei
2829 2228 2956 2282 iecit
2990 2227 3141 2281 illum
3169 2226 3510 2281 “‘aDeinde

1936 2321 2317 2392 compositum,
2356 2320 2411 2374 in
2434 2334 2635 2390 corpus
2656 2320 2763 2373 hoc
2786 2318 3112 2389 aspectabile
3132 2359 3147 2384 ,
3185 2327 3239 2373 et
3266 2333 3389 2371 eum
3416 2317 3515 2386 qui

1934 2416 2117 2470 animo
2147 2425 2304 2469 tenus
2333 2414 2653 2485 intelligitur
2681 2416 2929 2469 oratione
2944 2413 3302 2482 distinguens,
3320 2411 3469 2465 addit
3493 2428 3509 2466 :

1939 2527 1957 2559 ι
1990 2506 2056 2561 Ει
2083 2508 2293 2577 accepit
2340 2506 2484 2563 Deus
2532 2509 2809 2578 pulverem
2853 2522 2919 2561 ex
2954 2514 3120 2572 terra,
3170 2514 3225 2559 et
3255 2502 3512 2558 formavit

1933 2597 2077 2653 Deus
2094 2598 2395 2662 hominem,
2414 2607 2470 2654 et
2506 2600 2793 2669 inspiravit
2816 2598 2871 2651 in
2899 2595 3093 2652 faciem
3117 2596 3237 2663 ejus
3266 2594 3510 2665 spiracu-

1931 2688 2042 2741 lum
2069 2687 2211 2754 vitaz,
2230 2696 2282 2743 et
2307 2686 2483 2744 factus
2498 2696 2580 2742 est
2604 2688 2766 2741 homo
2782 2687 2835 2739 in
2854 2682 3378 2745 animamyiventem
3403 2680 3510 2733 ".i.

1932 2777 2088 2849 551
2125 2779 2387 2833 Eumdem
2410 2787 2669 2850 praaterea
2704 2778 2949 2833 omnium
2979 2792 3101 2846 qua:
3135 2774 3189 2828 in
3219 2784 3362 2828 terra
3383 2782 3512 2828 sunt

1930 2872 2230 2941 principem
2267 2886 2331 2926 ac
2358 2886 2538 2943 regem
2564 2879 2809 2926 creatum
2834 2867 3007 2926 fuisse
3038 2867 3223 2932 tradit,
3253 2866 3382 2920 dum
3409 2866 3526 2931 ait,

251 2952 456 3024 ἰχθύων
484 2958 585 3028 τῆς
612 2957 906 3031 θαλάσσης,
938 2962 1032 3014 κα)⁴
1074 2961 1183 3015 τῶν
1229 2964 1488 3017 πετεινῶν
1526 2965 1619 3018 τοῦ
1663 2967 1828 3037 οὐρα-

1936 2984 1955 3017 (
1992 2964 2059 3018 Et
2096 2966 2321 3035 praesint
2348 2966 2591 3036 piscibus
2624 2964 2812 3028 maris,
2848 2973 2901 3017 et
2942 2962 3253 3016 volatilibus
3280 2957 3424 3027 caeli,
3456 2968 3528 3014 et

249 3046 363 3112 νοῦ,
396 3048 623 3103 καὶτῶν
654 3051 866 3122 κτηνῶν
897 3054 1076 3123 πάσης
1105 3057 1203 3125 τῆς
1223 3058 1343 3127 γῆς.
1378 3057 1486 3110 Kal
1517 3058 1771 3129 ἐποίησεν
1799 3061 1828 3112 6

246 3144 383 3207 Θεὸς
410 3146 507 3198 τὸν
535 3144 818 3215 ἄνθρωπον
838 3163 851 3175 ·
887 3147 1009 3199 κατ’
1038 3148 1220 3200 εἰκόνα
1257 3147 1393 3201 Θεοῦ
1436 3151 1689 3222 ἐποίησεν
1734 3154 1830 3206 αὑ-

245 3236 359 3289 τόν.
400 3255 422 3287 ι
475 3234 600 3298 Πῶς
627 3235 671 3287 δ’
713 3236 779 3290 ἂν
820 3237 995 3301 ἄλλως
1036 3236 1197 3292 είκὼν
1243 3240 1507 3296 ὲπινοοῖτο
1556 3243 1687 3298 Θεοῦ
1736 3247 1829 3300 καὶ

243 3328 503 3398 ὁμοίωμα
532 3328 564 3400 ἢ
598 3328 737 3381 κατὰ
766 3328 865 3392 τὰς
884 3330 941 3382 ὲν
961 3328 1039 3400 τῷ
1058 3328 1174 3400 Θεῷ
1188 3330 1466 3402 δυνάμεις,
1486 3334 1577 3387 καὶ
1604 3336 1701 3407 τὴν
1728 3340 1827 3409 τῆς

247 3420 454 3490 ἀρετῆς
484 3420 813 3490 ὁμοιότητας
859 3422 1049 3474 Μωσεί
1087 3420 1143 3474 δὲ
1172 3424 1266 3475 καὶ
1305 3424 1362 3475 ὲν
1390 3425 1598 3491 τούτοις
1640 3427 1827 3501 ῶσπερ

250 3511 741 3581 μεμαθητευμένος
795 3514 825 3565 6
879 3512 1127 3578 Πλάτων,
1185 3515 1349 3569 τοιάδ’
1393 3517 1449 3569 ἐν
1504 3518 1583 3588 τῷ
1643 3518 1829 3573 Ἁλκι-

248 3603 419 3671 σιάὸῃ
452 3603 566 3674 (74)
597 3603 762 3674 φησίν
783 3622 795 3634 ·
838 3623 856 3656 ‹
900 3605 1134 3676 Ἐχομεν
1153 3604 1245 3660 οὖν
1273 3609 1443 3662 εἰπεῖν
1472 3610 1500 3662 ὃ
1526 3628 1578 3662 τι
1611 3613 1706 3681 τῆς
1726 3612 1831 3681 ψυ-

248 3696 350 3767 χῆς
378 3698 499 3749 ἐστι
531 3696 801 3767 θειότερον
828 3696 860 3767 ἢ
892 3697 1067 3761 τοῦτο,
1100 3698 1227 3771 περὶ
1268 3700 1296 3752 ὃ
1325 3700 1384 3753 τὸ
1412 3701 1607 3754 εἰδέναι
1652 3720 1706 3755 τε
1738 3704 1829 3756 καὶ

249 3791 469 3861 φρονεῖν
498 3792 680 3854 ὲστιν;
715 3790 828 3842 Οὐκ
856 3789 1071 3869 ἔχομεν.
1106 3790 1195 3862 Τῷ
1225 3791 1354 3862 θείῳ
1393 3792 1501 3864 ἄρα
1540 3792 1696 3848 τοῦτο
1726 3795 1830 3855 ἔοι-

252 3898 341 3933 κεν
370 3880 581 3950 αὐτῆςο
624 3880 718 3933 καί
764 3898 849 3943 τις
898 3880 976 3944 εἰς
1019 3880 1174 3934 τοῦτο
1214 3881 1462 3952 βλέπων,
1510 3886 1604 3938 καὶ
1634 3886 1740 3939 πᾶν
1769 3886 1828 3940 τὸ

250 3974 390 4027 θεῖον
420 3973 603 4042 γνοὺς,
634 3972 768 4026 Θεόν
795 3990 855 4025 τε
886 3974 979 4026 καὶ⁵
1001 3975 1281 4047 φρόνησιν,
1325 3974 1589 4035 οὕτωκαὶ
1639 3976 1828 4033 ἑαυτὸν

246 4067 309 4122 ἂν
336 4066 495 4138 γνοίη
528 4065 781 4137 μάλιστα.
813 4066 1064 4119 Φαίνεται
1095 4065 1203 4137 (75)
1234 4067 1342 4139 γὰρ
1376 4064 1502 4133 οὖν,
1534 4068 1611 4122 ὅθ’
1641 4069 1829 4142 ῶσπερ

247 4161 529 4231 κάτοπτρά
558 4161 674 4212 ἐστι
696 4158 1010 4229 σαφέστατα
1038 4170 1064 4199 α
1093 4158 1273 4217 τοῦνὲν
1300 4159 1379 4229 τῷ
1434 4160 1696 4233 ὀφθαλμῷ
1739 4163 1828 4215 ὲν-

245 4254 471 4326 όπτρου,
503 4252 599 4305 καὶ
628 4249 1007 4323 καθαρώτερα,
1040 4251 1512 4323 καὶλαμπρότερα
1532 4270 1545 4283 ·
1567 4252 1708 4306 οὕτω
1737 4255 1829 4308 καὶ

1930 3055 2119 3110 bestiis
2151 3056 2419 3112 universae
2446 3064 2624 3111 terrae.
2667 3054 2733 3111 Et
2763 3053 2892 3109 fecit
2916 3052 3056 3111 Deus
3085 3052 3363 3107 hominem
3398 3070 3409 3106 :
3441 3052 3510 3105 ad

1929 3146 2219 3217 imaginem
2254 3146 2348 3204 Dei
2383 3147 2509 3203 fecit
2540 3148 2691 3201 illum
2722 3146 2790 3200 δ”.
2833 3165 2851 3196 ι
2875 3143 3159 3210 Quomodo
3194 3152 3377 3198 autem
3404 3143 3508 3197 ali~

1929 3250 2011 3296 ter
2041 3240 2137 3295 Dei
2178 3241 2359 3312 imago
2403 3256 2467 3303 ac
2508 3239 2808 3295 similitudo
2854 3239 3219 3308 intelligatur,
3246 3253 3411 3308 quam
3441 3252 3507 3294 ex

1928 3333 2239 3387 divinarum
2289 3332 2611 3393 facultatum
2642 3330 2966 3395 imitatione,
3002 3330 3328 3400 virtutisque
3357 3328 3513 3385 simi-

1925 3424 2192 3480 litudine?
2225 3422 2345 3490 Quo
2379 3423 2541 3478 etiam
2570 3423 2624 3476 in
2654 3436 2850 3491 genere
2877 3418 3033 3474 Plato
3053 3463 3068 3487 ,
3114 3420 3338 3491 perinde
3370 3429 3427 3473 ut
3462 3419 3511 3475 si

1928 3516 2108 3572 Mosis.
2149 3516 2455 3584 discipulus
2505 3514 2731 3578 fuisset,
2784 3515 2897 3568 haec
2944 3514 2996 3567 in
3030 3512 3302 3571 Alcibiade
3332 3512 3509 3581 philo-

1927 3608 2190 3677 sophatur
2208 3625 2221 3661 :
2242 3605 2524 3661 «Potestne
2540 3622 2571 3660 a
2588 3606 2747 3661 nobis
2769 3605 3004 3661 divinius
3019 3605 3220 3674 aliquid
3243 3604 3297 3657 in
3323 3603 3509 3659 animo

1928 3699 2123 3764 statui,
2176 3714 2341 3769 quam
2385 3698 2469 3764 id,
2503 3698 2557 3752 in
2587 3714 2696 3769 quo
2739 3697 3090 3767 intelligentia
3135 3694 3510 3765 sapientiaque

1927 3794 2216 3847 versatur?
2246 3790 2363 3845 Non
2388 3800 2586 3861 potest.
2620 3790 2713 3846 llla
2743 3791 2907 3861 igitur
2938 3789 3106 3844 animi
3140 3788 3391 3854 facultas,
3426 3788 3511 3847 die

1926 3885 2067 3939 vinte
2094 3883 2289 3939 similis
2330 3884 2521 3954 utique
2569 3882 2734 3936 fuerit
2766 3900 2778 3936 :
2815 3898 2878 3938 ac
2906 3882 3134 3952 proinde
3166 3879 3261 3950 qui
3290 3880 3347 3933 in
3384 3893 3521 3937 eam.

1928 3976 2247 4043 intuebitur,
2282 3992 2347 4032 ae
2378 3975 2542 4031 simul
2570 3974 2831 4046 quidquid
2863 3974 3030 4029 divini
3065 3981 3168 4039 est,
3203 3971 3397 4035 Deum,
3420 3970 3509 4031 in:

1929 4084 2117 4139 quam,
2154 4077 2209 4123 et
2234 4068 2555 4138 sapientiam
2588 4067 2882 4137 intelliget;
2932 4066 2978 4121 is
3000 4065 3219 4120 demum
3245 4079 3305 4119 se
3327 4065 3522 4133 ipsum

1928 4177 2037 4217 una
2064 4160 2569 4233 perlectissimeque
2616 4166 2929 4230 cognoscet.
2998 4156 3286 4212 Enimvero
3314 4156 3525 4224 liQuet,

1928 4254 2144 4325 opinor,
2165 4252 2329 4318 illud;
2358 4251 2817 4323 quemadmodum
2843 4249 3059 4320 specula
3084 4248 3330 4319 quaedam
3354 4254 3504 4309 sunt,

246 4349 271 4399 ὁ
303 4346 437 4407 Θεὸς
472 4344 567 4398 τοῦ
616 4347 676 4397 ὲν
703 4346 769 4414 τῇ
802 4344 1047 4415 ἡμετέρᾳ
1074 4343 1232 4418 ψυχῇ
1255 4343 1529 4413 βελτίστου
1576 4344 1829 4417 καθαρώ-

1930 4361 2052 4416 qua:
2080 4345 2223 4401 oculi
2256 4344 2431 4400 nostri
2460 4344 2717 4415 pupillam
2745 4342 3126 4419 perspicuitate
3147 4382 3163 4405 ,
3217 4340 3394 4394 nitore
3441 4352 3507 4393 ac

247 4438 400 4510 τερόν
429 4454 488 4490 τε
519 4438 612 4490 καὶ
639 4436 1015 4514 λαμπρότερον
1063 4436 1316 4506 τυγχάνει
1369 4435 1449 4492 όν.
1503 4437 1686 4490 Ἕοικέ
1740 4455 1824 4506 γε,

248 4525 289 4584 ὦ
318 4529 625 4601 Σώκρατες.
675 4528 769 4592 Εἰς
819 4527 909 4579 τὸν
965 4528 1098 4581 Θεὸν
1145 4528 1253 4599 ἄρα.
1285 4526 1594 4597 βλέποντες,
1627 4530 1824 4601 ἐκείνῳ

248 4612 519 4693 καλλίστῷ
541 4620 786 4691 ἐνόπτρῳ
814 4617 1051 4697 χρῴμεθ’
1080 4618 1166 4687 ἂν,
1198 4621 1293 4673 καὶ
1322 4618 1430 4673 τῶν
1450 4621 1823 4691 (ἀνθρωπίνων

247 4718 322 4778 είς
346 4715 447 4786 τὴν
472 4711 653 4783 ψυχῆς
681 4712 883 4783 ἀρετήν
902 4729 914 4741 ·
944 4714 1037 4765 καὶ
1061 4712 1233 4778 οὕτως
1263 4714 1328 4768 ἂν
1347 4715 1581 4786 μάλιστα
1608 4713 1824 4786 ὁρῷμεν

248 4808 333 4862 καὶ
360 4804 718 4876 γινώσκοιμεν
770 4804 915 4874 ἡμᾶς
962 4806 1176 4871 αὐτούς.
1209 4807 1336 4861 Ναί.
1372 4828 1390 4859 ι
1424 4807 1606 4862 Ταῦτα
1642 4808 1738 4879 μὲν
1768 4809 1827 4861 ὲν

309 4924 377 4957 δι’
414 4920 613 4991 Ephes.
653 4938 730 4983 vr,
772 4922 857 4976 12.
932 4922 976 4955 υ
1017 4922 1171 4979 Deut.
1214 4940 1384 4990 xxxn,
1423 4924 1475 4980 8.
1551 4926 1615 4958 δ”
1650 4925 1784 4981 Gen.
1824 4944 1861 4983 ι.

290 5031 318 5061 ι
343 5034 465 5083 ms.,
508 5017 835 5087 σαφέστερα.

310 5114 437 5185 (7‘5),
460 5113 747 5185 Ἀγγέλων
778 5113 951 5185 Θεοῦ,
991 5111 1063 5167 lta
1100 5112 1447 5185 Septuaginta
1486 5134 1499 5170 :
1536 5131 1659 5171 cum
1702 5134 1805 5173 cae-

248 5184 339 5241 teri
376 5199 569 5259 omnes
592 5184 914 5259 interpretes
942 5184 1177 5239 habeant
1205 5184 1338 5239 υἱῶν
1378 5187 1623 5259 ’ῐσραήλ,
1660 5188 1805 5257 ﬁlioa-

250 5201 339 5241 ten
376 5201 569 5238 omnes
592 5201 733 5238 inter
776 5201 891 5239 rete:

250 5272 355 5309 rum
386 5254 560 5308 Israel
587 5270 605 5305 :
640 5264 699 5308 ut
729 5201 891 5309 Hebr.

310 5324 440 5398 (7‘le
460 5325 563 5377 Ἐν
589 5323 668 5398 τῷ
707 5324 1038 5398 Ἀλκιβιάδῃ.
1072 5323 1315 5398 Priorem
1362 5326 1629 5398 intelligit.
1661 5328 1806 5385 Con-

250 5395 353 5450 sule
387 5394 482 5467 lib.
515 5410 548 5447 x
580 5393 654 5467 De
688 5395 910 5467 republ.,
956 5393 1077 5467 pag.
1130 5396 1267 5462 516,
1314 5398 1405 5453 ubi
1436 5398 1502 5454 de
1532 5393 1652 5457 cad.
1699 5402 1803 5457 im:

250 5465 569 5519 mortalitate
594 5464 832 5519 disserit.

309 5534 420 5605 (75)
451 5534 744 5605 Φαίνεται.
781 5535 897 5601 llic,
946 5536 1085 5605 apud
1134 5535 1409 5593 Platonem
1450 5542 1685 5596 maxima
1720 5543 1771 5598 di

250 5604 454 5682 stinctio
482 5614 596 5682 est.
626 5603 1229 5682 ΙΙΙυά-εῃίιιικξραίνεται
1258 5609 1523 5682 Alcibiadi
1566 5629 1764 5682 respon

251 5674 713 5750 denti__tribuitur.
770 5676 900 5750 inde
949 5674 1202 5750 socrates
1250 5680 1353 5734 alia
1405 5674 1674 5750 perrogat,
1729 5684 1798 5738 ab

251 5744 556 5800 Eusebianis
601 5745 989 5801 diversissima.
1030 5748 1240 5803 Nostris
1270 5744 1448 5805 tamen
1482 5744 1791 5807 haerendum

252 5829 450 5881 censeo,
484 5831 604 5885 quae
648 5832 771 5871 cum
806 5819 1065 5887 proximis
1106 5829 1163 5875 et
1189 5822 1555 5892 superioribus
1595 5826 1793 5893 optime

1932 4437 2221 4507 splendore
2252 4447 2509 4507 superent
2543 4454 2556 4491 ;
2595 4436 2667 4489 ita
2698 4434 2866 4491 Deum
2904 4435 2996 4489 illo
3026 4435 3177 4504 ipso,
3228 4432 3370 4502 quod
3401 4448 3504 4486 no-

1931 4542 2045 4589 stro
2074 4532 2127 4587 in
2156 4532 2341 4586 animo
2374 4529 2829 4601 perfectissimum
2855 4538 2960 4593 est,
2988 4527 3261 4598 puriorem
3293 4535 3346 4580 et
3378 4525 3504 4579 illu-

1930 4626 2182 4680 striorem
2232 4638 2375 4680 esse.
2438 4622 2505 4685 Et
2559 4623 2753 4679 merito
2784 4622 2835 4675 id
2864 4621 3105 4691 quidem,
3150 4634 3184 4673 o
3228 4618 3500 4673 Socrates.

1930 4716 2067 4770 Cum
2119 4716 2284 4787 igitur
2335 4714 2391 4769 in
2418 4713 2585 4778 Deum
2634 4714 2809 4783 ipsum
2844 4710 3175 4767 intuebimur
3214 4718 3328 4763 tum
3382 4708 3505 4776 pul»

1933 4809 2204 4866 cherrimo
2252 4823 2383 4869 sane
2434 4822 2614 4869 rerum
2666 4808 2827 4865 etiam
2865 4806 3223 4863 humanarum
3257 4800 3501 4871 speculo,

1940 4928 1985 4960 ⁸³
2021 4929 2152 4987 ibid.
2225 4927 2271 4959 “
2290 4926 2428 4982 ibid.

1914 5137 2013 5176 con
2022 5123 2255 5190 veniant.
2278 5119 2563 5177 Prmcessit
2581 5122 2724 5175 enim
2738 5120 2877 5190 apud
2895 5118 3173 5174 Platonem
3195 5137 3211 5172 :
3229 5116 3503 5190 Ἐννενόητ-

1913 5210 2015 5256 κσς
2056 5189 2171 5257 οὖν,
2218 5194 2299 5247 ὅτι
2344 5192 2438 5245 τοῦ
2489 5188 2852 5263 ἐμϐλέποντος
2886 5193 2965 5263 είς
3005 5191 3095 5244 τὸν
3134 5188 3411 5263 ὀφθαλμὸν
3439 5188 3501 5243 τὸ

1915 5263 2227 5348 πρόσωπον,
2254 5258 2594 5348 ’ἐμφαίνεται
2646 5263 2713 5348 ἐν(
2743 5264 2808 5331 τῇ
2857 5260 2949 5348 τοῦ
2983 5260 3315 5348 καταντικρὺ
3355 5258 3497 5348 δέξειν

1913 5327 2105 5405 ὥσπερ
2137 5327 2445 5413 κατόπτρῳ·
2478 5333 2505 5386 ὃ
2533 5333 2605 5403 δὴ
2627 5332 2719 5385 καὶ
2744 5327 2986 5403 κορυφὴν
3022 5327 3314 5412 καλοῦμεν,
3346 5327 3500 5382 εἴδω-

1912 5403 2001 5457 λον
2032 5403 2092 5456 ὃν
2123 5422 2216 5456 του
2250 5404 2633 5474 ἐμϐλέποντος.
2668 5400 2968 5474 (Qu_o_loco
3011 5404 3211 5474 Avittose
3254 5401 3499 5474 κορυφῄν

1909 5490 2011 5546 pro
2041 5475 2230 5546 κόρην,
2258 5469 2464 5546 editum
2501 5469 2781 5546 arbitror.)
2810 5471 2873 5546 Et
2900 5472 3066 5546 paulo
3088 5480 3208 5546 post
3233 5491 3243 5524 :
3264 5469 3499 5546 ζυιρθαλς

1952 5538 2013 5609 ὸς
2054 5538 2204 5615 ἄρα’,
2235 5548 2284 5597 εί
2317 5544 2490 5615 μέλει
2518 5543 2644 5596 ἰδεῖν
2695 5538 2911 5615 ἑαυτὸν,
2941 5545 3020 5605 είς
3046 5538 3322 5615 ὀφθαλμὸν
3341 5538 3497 5615 αὐτῷ

1907 5611 2189 5692 glaucae-.4,
2224 5611 2439 5692 καιροῦ
2468 5613 2711 5692 ὄμματος
2742 5614 2820 5692 εἰς
2854 5613 3060 5692 ἐκεῖνον
3106 5611 3195 5665 τὸν
3224 5612 3406 5692 τόπον,
3438 5612 3498 5692 ἐν

1906 5682 1950 5763 ᾧ
1976 5690 2233 5759 τυγχάνει
2261 5682 2534 5763 ὀφθαλμοῦ
2552 5682 2718 5763 αρετῇ
2748 5683 3125 5763 ἐγγιγνομένη,
3149 5693 3276 5749 etc.,
3302 5684 3354 5738 in
3382 5682 3498 5755 qui-

1906 5753 2010 5817 bus
2037 5753 2467 5830 comparationis
2494 5753 2655 5823 hujus
2684 5753 2960 5817 ἀπόδοσις.
