3840 6370
542 317 642 373 919

541 431 609 485 ad
644 431 752 483 vim
782 429 950 484 animi
978 429 1408 498 perspiciendam
1442 439 1681 496 utemur,
1712 440 1873 501 atque
1902 441 1975 485 ita
2013 446 2114 486 nos

541 526 690 595 ipsos
735 522 1011 593 pervidere
1063 522 1295 575 maxime
1350 538 1412 577 ac
1460 538 1621 578 nosse
1662 524 1977 593 poterimus.
2039 523 2114 577 Ita

542 630 786 685 prorsus.
816 633 834 665 ›
864 613 987 669 Haec
1022 614 1072 667 in
1100 615 1393 668 Alcibiade.
1424 616 1493 668 At
1520 616 1572 667 in
1603 615 1818 685 dialogo
1840 613 1915 669 De
1934 616 2114 668 anima

540 708 718 761 locum
749 706 893 761 luitic
927 706 1146 761 uberius
1181 707 1466 776 fusiusque
1508 716 1769 771 tractans,
1818 706 1900 762 sic
1932 706 2104 775 loqui-

538 808 665 852 tur:
706 817 723 847 ι
765 796 1033 859 Placetne,
1069 796 1244 871 inquit
1269 785 1541 861 Socrates,
1564 799 1674 855 duo
1699 815 1880 855 rerum
1914 814 2111 869 genera

538 898 846 943 statuamus
867 930 881 951 ,
937 892 1263 959 aspectabile
1309 908 1476 945 unum
1498 932 1513 953 ,
1564 892 1789 945 alterum
1819 906 1927 946 non
1956 905 2111 961 aspe-

537 978 770 1032 ctabile?
798 977 999 1046 Placet,
1030 979 1226 1049 inquit.
1255 980 1319 1035 Et
1352 982 1455 1035 hoc
1475 982 1694 1051 quidem
1732 995 1840 1035 non
1865 989 2111 1050 aspecta-

534 1076 673 1142 bile,
728 1077 914 1131 eodem
964 1092 1177 1146 semper
1225 1080 1384 1133 modo
1432 1094 1490 1134 se
1514 1079 1747 1141 habere;
1782 1077 2109 1147 aspectabile

534 1178 717 1222 autem
754 1168 904 1226 illud.
961 1169 1285 1238 nunquam?
1333 1168 1398 1223 Et
1422 1169 1522 1224 hoc
1546 1185 1762 1239 quoque
1798 1171 1994 1239 placet,
2026 1169 2107 1223 in-

534 1271 673 1335 quit.
708 1271 819 1341 Age
845 1273 980 1341 jam,
1014 1273 1190 1343 inquit
1215 1273 1303 1327 ille
1324 1314 1338 1336 ,
1370 1289 1437 1327 an
1465 1274 1666 1343 aliquid
1695 1275 1747 1327 in
1785 1274 1944 1328 nobis
1972 1289 2108 1343 prae-

532 1372 616 1417 ter
645 1378 843 1432 corpus
864 1365 1216 1434 animumque
1246 1366 1520 1434 reperias?
1550 1365 1694 1419 Nihil
1726 1382 1873 1430 vero,
1901 1366 2101 1436 inquit.

536 1453 653 1509 Utri
683 1471 811 1526 ergo
856 1457 1037 1527 generi
1077 1473 1273 1526 corpus
1302 1468 1550 1513 nostrum
1584 1459 1757 1513 simile
1794 1459 1970 1529 magis
2011 1474 2102 1513 co-

532 1559 864 1619 gnatumque
896 1548 1237 1604 dixerimus?
1298 1548 1706 1614 Nemini‘vero,
1757 1551 1952 1620 inquit,
1997 1551 2099 1604 du-

531 1641 704 1704 bium,
734 1642 866 1710 quin
892 1642 1222 1711 aspectabili.
1276 1642 1413 1710 Quid
1442 1645 1658 1698 animus
1695 1645 1908 1698 autem?
1959 1642 2099 1698 Num

530 1732 856 1801 aspectabile
903 1734 1030 1802 quid
1075 1744 1178 1801 est,
1228 1750 1299 1788 an
1341 1736 1519 1803 potius
1571 1751 1678 1789 non
1729 1736 2099 1805 aspectabile?

528 1821 647 1878 Non
679 1825 991 1881 hominibus
1044 1835 1188 1882 certe
1229 1828 1469 1897 quidem,
1521 1844 1554 1883 0
1603 1827 1877 1885 Socrates.
1929 1831 2093 1901 Atqui

529 1930 630 1970 nos
660 1932 792 1972 sane
817 1933 941 1972 cum
967 1918 1293 1988 aspectabile
1332 1929 1426 1973 aut
1452 1936 1558 1974 non
1594 1921 1919 1989 aspectabile
1946 1921 2090 1977 diee-

528 2022 734 2072 remus,
770 2009 1018 2064 humanae
1045 2020 1252 2065 natura:
1282 2022 1532 2081 respectu
1557 2021 1848 2083 utrumque
1872 2013 2092 2068 diceba-

528 2115 651 2156 mus
685 2122 699 2155 :
728 2100 809 2156 Tu
842 2119 968 2157 vero
994 2104 1225 2159 aliamne
1258 2106 1497 2175 aliquam
1544 2106 1864 2177 cogitabas?
1920 2105 2090 2177 Equi-

524 2193 646 2248 dem
698 2192 990 2249 humanam
1040 2211 1257 2267 quoque
1312 2198 1500 2252 solam.
1571 2196 1762 2253 Utrum
1815 2198 1979 2269 igitur
2025 2198 2092 2254 de

524 2286 708 2343 animo
747 2285 1081 2353 dicebamus,
1132 2290 1301 2345 videri
1348 2305 1471 2345 eum
1518 2306 1697 2361 posse,
1744 2307 1814 2346 au
1863 2292 2091 2345 contra?

521 2374 640 2431 Non
665 2393 846 2447 posse,
883 2380 1077 2452 inquit.
1125 2382 1258 2438 Esse
1286 2383 1450 2454 igitur
1476 2384 1680 2455 aliquid
1706 2398 1814 2438 non
1841 2393 2091 2453 aSpecta-

522 2467 673 2523 bile?
716 2468 870 2527 Esse.
906 2472 1136 2528 Animus
1178 2490 1308 2546 ergo
1338 2476 1413 2530 rei
1440 2490 1546 2530 non
1575 2475 1891 2546 aspectabili
1928 2476 2085 2530 simi-

521 2560 629 2615 lior
657 2572 760 2629 est,
813 2579 975 2635 quam
1009 2582 1239 2638 corpus;
1289 2570 1392 2625 hoc
1420 2585 1550 2625 vero
1583 2570 1896 2639 aspectabili
1930 2569 2083 2623 simi-

522 2651 662 2707 lius?
684 2652 915 2712 Necesse
944 2658 996 2713 id
1022 2675 1266 2729 prorsus,
1296 2677 1329 2715 ο
1357 2661 1628 2717 Socrates.
1668 2660 1827 2731 552
1860 2659 2000 2714 Num
2030 2660 2083 2714 id

521 2757 779 2824 praeterea
821 2748 1165 2817 dicebamus,
1214 2754 1455 2808 animum
1510 2756 1723 2824 quoties
1772 2753 1840 2807 ad
1882 2753 2085 2822 aliquid

520 2821 953 2907 investigandum
986 2844 1232 2911 corporis
1258 2858 1477 2913 operam
1510 2844 1956 2915 interponit,sive
1984 2844 2085 2898 hoc

518 2928 636 2983 visu
662 2927 777 2996 ﬁat,
827 2932 941 2987 sive
984 2934 1192 2999 auditu,
1241 2936 1353 2991 sive
1403 2937 1507 2991 alio
1546 2951 1873 3007 quocunque
1920 2952 2083 2992 sensu

520 3018 684 3090 (quod
710 3021 855 3076 enim
883 3038 1042 3079 sensu
1073 3027 1396 3095 percipitur,
1429 3028 1676 3097 corporis
1702 3042 1864 3096 opera
1900 3029 2084 3097 utique

518 3110 855 3183 percipitur),
888 3115 1048 3170 toties
1076 3115 1319 3185 ejusdem
1350 3118 1596 3186 corporis
1625 3118 1708 3182 vi,
1740 3119 1809 3173 ad
1833 3134 1918 3185 ea,
1962 3134 2083 3187 qua:

517 3218 793 3272 nunquam
826 3205 1015 3260 eodem
1062 3222 1119 3261 se
1164 3208 1326 3262 modo
1374 3208 1573 3264 habent
1599 3210 1860 3279 pertrahi,
1902 3225 2088 3265 errare

517 3309 701 3375 simul,
747 3313 1076 3381 perturbari,
1129 3323 1182 3368 et
1225 3314 1460 3384 quadam
1493 3315 1753 3387 vertigine
1800 3317 1883 3372 sic
1930 3318 2085 3387 quasi

514 3401 725 3458 ebrium
753 3404 1092 3459 circumferri
1111 3446 1125 3468 ,
1169 3406 1313 3475 quod
1342 3422 1523 3461 rerum
1556 3409 1781 3463 istarum
1807 3409 2087 3465 tractatio-

518 3509 641 3551 nem
688 3496 968 3566 attigerit?
1030 3496 1282 3553 Omnino.
1339 3499 1408 3553 At
1451 3500 1543 3553 ubi
1588 3516 1684 3570 per
1727 3517 1849 3557 sese
1881 3501 2084 3572 aliquid

519 3590 633 3659 ipse
654 3591 1081 3668 contemplatur,
1111 3601 1224 3647 tum
1256 3594 1383 3650 illuc
1416 3609 1546 3649 sane
1575 3595 1958 3665 proﬁciscitur,
1990 3596 2083 3650 ubi

516 3698 639 3737 sese
662 3682 729 3737 ad
765 3693 970 3739 natura:
999 3686 1323 3754 purissimae,
1340 3703 1461 3757 qua:
1487 3688 1837 3757 sempiterna,
1857 3688 2083 3743 immor-

517 3776 673 3840 talis,
722 3785 776 3831 et
820 3778 1047 3833 rationis
1091 3794 1301 3849 semper
1329 3779 1571 3849 ejusdem
1604 3790 1721 3846 est,
1770 3780 2080 3836 societatem

513 3868 760 3938 adjungit
797 3887 810 3921 :
841 3870 1081 3939 adeoque
1113 3879 1368 3942 tanquam
1396 3872 1498 3941 ipsi
1531 3882 1815 3943 cognatus,
1861 3889 1984 3927 cum
2019 3889 2081 3928 ea

512 3970 761 4017 versatur
804 3962 1056 4029 assidue,
1100 3963 1339 4033 quandiu
1388 3963 1607 4033 quidem
1653 3973 1708 4019 et
1756 3965 1899 4035 apud
1962 3981 2083 4021 sese

514 4061 617 4118 est,
667 4063 720 4108 et
748 4054 851 4123 ipsi
886 4054 1009 4108 licet
1038 4072 1050 4107 :
1086 4055 1269 4124 itaque
1296 4055 1364 4109 ab
1388 4056 1538 4109 omni
1581 4070 1765 4111 errore
1798 4056 2078 4121 liberatur,

513 4154 567 4200 et
609 4146 754 4201 circa
787 4162 957 4216 genus
988 4147 1117 4201 illud
1145 4162 1326 4201 rerum
1356 4148 1545 4203 eodem
1593 4163 1652 4204 se
1676 4148 1838 4204 modo
1869 4163 2082 4218 semper

513 4239 696 4307 habet,
732 4240 876 4310 quod
925 4242 978 4294 in
1030 4255 1216 4294 earum
1265 4255 1385 4295 sese
1436 4244 1823 4297 commercium
1851 4243 2078 4299 dederit.

512 4330 617 4398 Qui
661 4333 880 4403 quidem
928 4333 1096 4387 animi
1127 4349 1322 4390 sensus
1369 4334 1655 4403 prudentia
1711 4346 2076 4404 nuncupatur.

512 4424 676 4480 Recte
699 4441 922 4496 prorsus
953 4441 1016 4481 ac
1044 4441 1168 4480 vere
1194 4427 1454 4495 loqueris,
1480 4440 1513 4480 ο
1538 4424 1808 4483 Socrates.
1845 4426 1925 4482 Tu
1952 4443 2081 4498 ergo

510 4533 634 4572 cum
680 4518 1081 4588 superioribus,
1128 4526 1244 4573 tum
1271 4519 1336 4573 iis
1368 4528 1658 4588 praeterea,
1710 4535 1831 4590 qua:
1857 4535 1886 4574 a
1921 4522 2079 4576 nobis
2108 4528 2154 4586 ι)
2189 4518 2259 4603 .‘H
2288 4553 2348 4604 οὐ
2377 4551 2497 4604 δοκε

508 4613 808 4667 etiamnum
853 4612 1200 4683 disputantur
1220 4653 1234 4678 ,
1284 4615 1549 4670 adductus
1569 4658 1584 4682 ,
1627 4617 1737 4671 utri
1766 4616 1981 4671 tandem
2013 4633 2078 4673 ex

510 4717 605 4771 ilio
632 4716 832 4787 duplici
883 4734 1079 4788 genere
1123 4717 1440 4771 similiorem
1485 4718 1747 4784 animum,
1799 4718 2081 4789 magisque

509 4817 800 4878 cegnatum
828 4808 1146 4863 arbitraris?
1200 4806 1369 4864 Nemo
1397 4809 1542 4863 enim
1574 4811 1787 4879 Opinor,
1821 4824 1854 4863 ο
1886 4810 2081 4864 Socra-

510 4905 626 4961 tes,
660 4899 1004 4953 tardissimus
1027 4899 1152 4953 licet
1183 4908 1345 4968 atque
1373 4900 1797 4969 pinguissimus,
1841 4917 1948 4954 non
1979 4901 2080 4954 hac

512 4998 603 5046 tua
628 4992 1099 5059 argumentatione
1132 4992 1416 5048 convictus
1441 5003 1718 5063 agnoscat,
1744 4993 1797 5047 in
1825 4995 2079 5050 omnibus

512 5081 758 5145 omnino,
806 5091 1013 5135 naturae
1044 5082 1119 5135 illi
1153 5083 1472 5138 similiorem
1516 5098 1638 5139 esse
1689 5086 1929 5141 animum
1957 5103 2080 5157 quae

510 5175 700 5230 eodem
749 5189 808 5229 se
858 5175 1019 5229 modo
1061 5190 1272 5244 semper
1306 5175 1532 5242 habeat,
1580 5193 1742 5247 quam
1771 5180 1820 5233 ei
1852 5195 1971 5249 qua:
1994 5196 2079 5235 sem

510 5285 628 5324 cus.
663 5267 877 5338 Corpus
901 5284 1032 5322 vero
1053 5268 1223 5339 quid?
1259 5269 1429 5323 Alteri
1464 5272 1732 5327 videlicet.
1786 5271 1904 5326 Jam
1944 5274 2073 5327 mihi

509 5375 726 5431 quoque
753 5362 897 5414 istud
930 5363 1141 5414 attende
1176 5380 1185 5413 :
1223 5363 1352 5415 dum
1384 5364 1547 5417 simul
1602 5364 1815 5418 animus
1846 5379 2076 5433 corpus-

509 5470 614 5523 que
646 5464 965 5517 versantur,
1002 5454 1127 5509 huic
1159 5456 1469 5510 servitutem
1498 5465 1552 5510 et
1580 5456 1904 5526 obsequium
1974 5459 2075 5513 im-

580 5624 604 5650 ι
642 5610 800 5665 Forte
828 5613 1015 5666 τοῦτον
1047 5614 1139 5667 τὸν
1171 5615 1352 5671 τόπον.

582 5701 1101 5783 (Ἰψήρῷιμερίοξν.
1146 5706 1435 5783 sequentia
1474 5713 1625 5783 leges
1677 5714 1730 5770 in
1786 5716 2070 5783 Plta'donc,

510 5788 629 5841 pag.
658 5772 759 5828 585
792 5774 981 5839 Ftcini,
1011 5772 1433 5837 Sez‘t'anivautcm
1470 5772 1553 5837 79'.

1209 316 1480 373 EUSEBll
1521 315 1999 373 CESARIE'NSIS
2039 315 2185 371 UPP.
2224 316 2402 369 PARS
2435 315 2496 368 ll.
2541 344 2607 353 —
2646 312 3143 369 APOLOGETICA.

3618 324 3694 376 9'20

2144 444 2191 500 Α
2216 430 2292 500 τῷ
2326 427 2674 498 Ἀλκιϐιάδῃ.
2722 429 2809 481 Ἔν
2838 428 2893 481 δὲ
2921 427 3000 498 τῷ
3030 425 3168 495 Περὶ
3206 426 3397 495 ψυχῆς
3438 429 3696 504 πλατύτερεν

2217 519 2503 593 ἐρμηνεύει
2531 520 2600 573 τὰ
2627 522 2764 573 κατὰ
2794 520 3017 581 τοὺτους
3045 519 3240 581 τόπους
3269 531 3293 559 ι
3321 520 3347 571 ὁ
3376 520 3543 585 αὐτὸς,
3568 522 3695 591 λέγων

2212 613 2402 676 οὕτως.
2441 630 2459 662 ι
2487 611 2679 682 Θῶμεν
2707 607 2797 664 οὖν
2822 610 2933 679 (76)
2966 610 3161 679 βούλει,
3219 609 3337 681 ἔφη,
3380 608 3463 663 δύο
3507 612 3695 685 εἴδητῶν

2212 704 2400 765 ὄντων,
2432 703 2492 756 τὸ
2525 703 2622 773 μὲν
2652 704 2866 774 ὁρατὸν,
2895 702 2954 755 τὸ
2975 701 3029 755 δὲ
3051 702 3255 766 ἀειδέςς
3276 700 3471 772 θῶμεν,
3493 702 3594 775 ἔφη.
3619 708 3697 760 Καὶ

2211 797 2271 849 τὸ
2304 796 2403 866 μὲν
2444 795 2619 859 ἀειδὲς
2662 795 2747 847 ἀεὶ
2797 794 2933 848 κατὰ
2964 793 3031 847 τὰ
3059 793 3197 846 αύτὰ
3220 793 3367 863 ἔχον,
3397 793 3451 847 τὸ
3486 794 3533 847 δὲ
3555 798 3695 865 ὁρατὸν

2215 888 2479 959 μηδέποτε
2510 886 2649 940 κατὰ
2676 886 2878 949 ταυτας
2910 886 3020 939 Καὶ
3049 885 3241 949 ταῦτα,
3272 885 3391 955 ἔφη,
3410 886 3579 957 Θῶμεν.
3598 890 3695 960 Φέρε

2210 981 2291 1050 δὴ,
2349 976 2384 1051 ἦ
2422 980 2467 1033 δ’
2497 980 2575 1043 ὃς,
2638 978 2764 1032 ἄλλο
2812 979 2875 1050 δή
2924 996 2976 1030 τι
3021 978 3128 1050 (77)
3160 978 3313 1048 ἡμῶν
3362 977 3519 1030 αὐτῶν
3556 979 3696 1049 τὸμὲν

2211 1071 2370 1141 σῶμά
2400 1070 2509 1143 (78)
2542 1072 2677 1134 ἐστι,
2714 1070 2773 1123 τὸ
2796 1070 2851 1123 δὲ
2881 1070 3061 1141 ψυχή;
3107 1070 3271 1125 Οὐδὲν
3317 1070 3466 1135 ἄλλο,
3493 1071 3594 1142 ἔφη.
3625 1074 3696 1125 Πο-

2204 1163 2346 1234 τέρῳ
2375 1158 2467 1217 οὖν
2522 1162 2847 1235 όμοιώτερον
2876 1161 2952 1232 τῷ
2984 1162 3109 1215 εἴδει
3159 1164 3357 1233 φαῖμεν
3400 1161 3459 1215 ἂν
3499 1159 3695 1216 εἶναικαὶ

2208 1255 2624 1327 συγγενέστερον
2654 1254 2713 1307 τὸ
2734 1253 2924 1324 σῶμα;
2948 1253 3139 1319 Παντὶ,
3162 1254 3287 1324 ἔφη,
3317 1253 3462 1306 τοῦτό
3487 1272 3539 1321 γε
3562 1254 3693 1324 δῆλον,

2204 1348 2283 1400 ὅτι
2313 1346 2390 1418 τῷ
2417 1346 2614 1420 ὁρατῷ.
2650 1348 2713 1398 Τί
2732 1346 2787 1400 δὲ
2818 1348 2850 1417 ἡ
2878 1347 3057 1418 dum;
3088 1347 3280 1419 ὁρατὸν
3301 1386 3316 1410 ,
3358 1346 3391 1417 ἧ
3420 1347 3594 1410 ἀειδές;
3616 1348 3694 1417 Οὐχ

2204 1438 2306 1490 ὑπὸ
2352 1436 2651 1509 ἀνθρώπων
2707 1455 2790 1505 γε,
2820 1431 2866 1490 ὦ
2896 1436 3202 1509 Σώκρατες,
3261 1437 3383 1507 ἔφη.
3449 1437 3583 1490 Ἀλλὰ
3620 1438 3695 1507 μὴν

2202 1532 2360 1600 ἡμεῖς
2389 1546 2450 1598 γε
2478 1529 2546 1583 τὰ
2575 1528 2741 1601 ὁρατὰ
2772 1530 2864 1582 καὶ
2890 1530 2959 1583 τὰ
2991 1531 3065 1601 μὴ
3094 1532 3159 1601 τῇ
3195 1529 3299 1583 τῶν
3340 1528 3603 1599 ἀνθρώπων
3625 1529 3695 1598 φύ-

2204 1640 2284 1675 σει
2314 1622 2592 1693 ἐλέγομεν,
2623 1623 2656 1694 ἣ
2687 1621 2821 1696 ἄλλῃ
2841 1622 2945 1675 τινὶ
2974 1622 3073 1675 οἴει
3094 1624 3200 1693 ;Τῇ
3229 1623 3337 1675 τῶν
3366 1621 3695 1693 ἀνθρώπων.ΐί

2200 1711 2290 1768 οὖν
2321 1716 2447 1787 περὶ
2486 1715 2662 1785 ψυχῆς
2711 1715 2966 1785 ἐλέγομεν
2995 1714 3219 1785 ὁρατὸν,
3250 1714 3285 1786 ἢ
3332 1715 3539 1784 ἀόρατον
3569 1709 3694 1775 sint;

2129 1828 2168 1880 Β
2198 1808 2309 1876 Οὐχ
2324 1805 2535 1877 ὁρατόν.
2564 1805 2758 1869 Ἀειδὲς
2788 1806 2926 1877 ἄρα;
2960 1806 3088 1861 Ναί.
3130 1804 3462 1876 Ὀμοιότερον
3481 1804 3572 1874 ἄρα
3592 1802 3696 1872 ψυχὴ

2202 1896 2450 1967 σώματός
2467 1900 2581 1951 ἐστι
2598 1896 2673 1967 τῷ
2686 1897 2869 1958 ἁειδεῖ,
2882 1896 2943 1949 τὸ
2960 1896 3015 1949 δὲ
3030 1896 3107 1967 τῷ
3124 1896 3303 1968 ὁρατῷ
3323 1912 3336 1959 ;
3358 1897 3501 1948 Πᾶσα
3518 1896 3693 1963 ἀνάγκη,

2199 1984 2243 2042 ὦ
2275 1988 2579 2060 Σώκρατες.
2603 1988 2812 2042 Οὐκοῦν
2834 1989 2927 2041 καὶ
2955 1989 3072 2042 τόδε
3104 1988 3383 2059 ἐλέγομεν,
3413 1988 3540 2057 ὅτιή
3573 1986 3694 2055 ψυχὴ.

2199 2081 2324 2133 ὅταν
2356 2081 2451 2151 μὲν
2482 2080 2557 2151 τῷ
2589 2079 2799 2150 σώματι
2829 2080 3166 2151 προσχρῆται
3189 2081 3270 2142 εἰς
3292 2081 3351 2132 τὸ
3376 2082 3569 2133 σκοπεῖν
3592 2076 3694 2143 tsi

2198 2171 2284 2225 διὰ
2313 2172 2405 2225 τοῦ
2439 2174 2596 2244 όρᾷν,
2630 2172 2662 2241 ἢ
2692 2171 2777 2224 διὰ
2823 2170 2916 2224 τοῦ
2948 2172 3162 2225 ἀκούειν
3188 2210 3203 2235 ,
3234 2172 3268 2243 ἢ
3299 2172 3365 2225 δι’
3406 2171 3551 2241 ἄλλης
3593 2166 3695 2228 τινὸς

2198 2262 2522 2335 αἰσθήσεως·
2548 2263 2739 2334 (τοῦτο
2767 2264 2874 2334 γάρ
2903 2266 3016 2317 ἐστι
3045 2264 3105 2317 τὸ
3130 2264 3219 2318 διὰ
3245 2265 3342 2317 τοῦ
3386 2265 3631 2335 σώματος,
3652 2260 3695 2313 τό

2196 2355 2262 2408 δι’
2284 2355 2583 2428 αἰσθήσεως
2615 2358 2833 2408 σκοπεῖν
2860 2372 2912 2407 τι
3016 2356 3137 2409 τότε
3170 2357 3267 2427 μὲν
3297 2356 3499 2409 ἕλκεται
3524 2354 3609 2407 ὑπὸ
3630 2352 3693 2406 τοῦ

2198 2443 2443 2515 σώματος
2460 2447 2537 2509 εἰς
2566 2444 2635 2497 τὰ
2652 2445 2918 2516 μηδέποτε
2938 2445 3077 2499 κατὰ
3091 2446 3261 2499 ταυτὰ
3280 2446 3463 2517 ἔχοντα
3480 2464 3490 2475 ⁸
3509 2447 3585 2500 καὶ
3598 2446 3696 2515 αὐτη

2196 2534 2480 2599 πλανᾶται,
2514 2536 2607 2588 καὶ
2634 2537 2978 2607 ταράττεται,
3010 2538 3103 2590 καὶ
3127 2537 3358 2610 ἰλιγγιᾷ,
3390 2539 3556 2609 ὥσπερ
3576 2537 3696 2608 p.203-
3758 2566 3761 2569 ι

2182 2636 2346 2685 Ὃυσα.
2369 2628 2463 2679 ἅτε
2479 2624 2731 2679 τοιούτων
2750 2629 3125 2699 ἐφαπτομένης
3149 2629 3298 2682 Πάνυ
3323 2648 3404 2698 γε.
3437 2632 3576 2683 Ὅταν
3598 2628 3696 2695 δέγε

2193 2714 2328 2786 αύτὴ
2359 2716 2478 2767 καθ’
2509 2716 2704 2785 ἑαυτὴν
2738 2718 2911 2786 σκοπῇ
2940 2757 2954 2780 ,
2986 2719 3163 2770 ἐκεῖσε
3208 2718 3436 2789 οἴχεται,
3465 2721 3532 2781 εἰς
3554 2719 3602 2771 τὸ
3623 2734 3695 2770 κα-

2192 2807 2355 2878 θαρόν
2384 2825 2445 2860 τε
2477 2808 2570 2860 καὶ
2598 2809 2685 2860 ἀεὶ
2714 2807 2773 2859 ὃν
2796 2810 2889 2861 καὶ
2917 2809 3203 2878 ἀθάνατον,
3222 2815 3320 2866 καὶ
3348 2813 3695 2881 ὡσαύτωςέχον,

2190 2902 2283 2954 καὶ
2310 2901 2385 2964 ὡς
2416 2899 2677 2972 ξυγγενὴς
2705 2897 2838 2955 οὖσα
2867 2902 3052 2968 αὐτοῦ,
3085 2906 3169 2957 ἀεὶ
3201 2908 3322 2976 μετ’
3353 2907 3541 2959 ὲκεξνου
3565 2923 3612 2958 τε
3637 2906 3695 2970 γί-

2189 3012 2360 3060 νεται,
2390 2997 2516 3048 ὅταν
2550 3013 2653 3067 περ
2684 2997 2819 3068 αὐτὴ
2850 2998 2971 3052 καθ’
3004 3000 3199 3070 ἑαυτὴν
3229 3003 3485 3073 γένηται,
3522 3003 3599 3055 καὶ
3629 3002 3695 3069 ἐξῇ

2193 3089 2328 3158 αὐτῇ
2351 3105 2363 3117 ⁸
2401 3089 2494 3141 καὶ
2517 3089 2790 3143 πέπαυται
2818 3108 2876 3143 τε
2906 3090 2997 3143 τοῦ
3031 3092 3256 3158 πλάνου,
3292 3097 3384 3149 καὶ
3413 3096 3529 3166 περὶ
3561 3097 3696 3147 ἐκεῖνα

2117 3186 2161 3245 c
2191 3177 2279 3229 ἀεὶ
2308 3177 2447 3231 κατὰ
2474 3176 2543 3229 τὰ
2570 3177 2708 3231 αὐτὰ
2739 3180 2832 3231 καὶ
2879 3179 3139 3245 ὡσαύτως
3184 3183 3301 3253 ἔχει
3323 3225 3340 3247 ,
3370 3185 3459 3238 ἆτε
3499 3184 3695 3238 τοιούτων

2187 3266 2555 3337 ἐφαπτομένη.
2587 3268 2697 3321 Καὶ
2737 3268 2894 3322 τοῦτο
2936 3272 3104 3342 αὐτῆς
3132 3271 3192 3323 τὸ
3221 3272 3451 3343 πάθημα
3496 3272 3695 3341 φρόνησις

2188 3356 2466 3427 κέκληται.
2532 3359 2919 3425 Παντάπασιν,
2974 3362 3117 3432 ἔφη,
3175 3362 3394 3428 καλῶς,
3439 3364 3522 3417 καὶ
3567 3360 3693 3430 ἀληθῆ

2186 3448 2382 3517 λέγεις,
2414 3442 2458 3501 ὦ
2488 3448 2791 3521 Σώκρατες.
2846 3446 3070 3524 Ποτέρῳ
3127 3450 3219 3507 οὖν
3267 3451 3335 3509 αὖ
3381 3473 3458 3508 σοι
3498 3456 3617 3507 δοκεῖ
3636 3451 3689 3519 τῷ

2186 3541 2313 3593 εῖδει
2343 3542 2436 3594 καὶ
2466 3542 2529 3593 ἐκ
2557 3541 2663 3594 τῷν
2696 3541 2928 3612 πρόσθεν
2959 3545 3289 3615 εἰρημένων,
3323 3547 3415 3599 καὶ
3443 3547 3501 3598 ἐκ
3518 3545 3607 3597 τῶν
3628 3541 3695 3596 νῦν

2184 3631 2509 3702 λεγομένων,
2542 3634 2575 3703 ἡ
2602 3632 2748 3704 ψυχὴ
2777 3635 3085 3705 ὁμοιότερον
3115 3631 3255 3690 εἶναι
3289 3637 3380 3690 καὶ
3411 3634 3695 3705 συγγενέστεο

2186 3740 2309 3795 ρον;
2367 3724 2480 3788 Πᾶς
2534 3723 2598 3777 ἂν
2618 3764 2633 3788 ,
2664 3725 2847 3796 ἔμοιγε
2876 3727 3040 3791 δοκεῖ,
3071 3723 3105 3798 ἦ
3134 3727 3177 3780 δ’
3226 3728 3320 3795 ὃς,
3366 3728 3693 3798 muniﬁcat,

2182 3808 2227 3866 ὧ
2258 3812 2559 3885 Σώκρατες,
2591 3816 2654 3867 ὲκ
2682 3817 2884 3886 ταύτης
2911 3818 3007 3887 τῆς
3039 3818 3261 3888 μεθόδου
3294 3819 3389 3872 καὶ
3423 3822 3449 3872 ό
3482 3812 3693 3885 δυσμαθέ-

2186 3924 2375 3971 στατος
2394 3947 2408 3970 ,
2439 3908 2521 3960 ὅτι
2550 3908 2655 3980 ὅλῳ
2685 3910 2777 3962 καὶ
2820 3911 2981 3963 παντὶ
3010 3912 3326 3983 ὀμοιότερὸν
3357 3915 3495 3965 ἐστιν
3536 3913 3563 3980 ἡ
3588 3906 3694 3977 φακὴ

2182 3996 2257 4067 τῷ
2278 3998 2363 4049 ἀεὶ
2390 3997 2649 4061 ὡσαύτως
2687 3998 2861 4069 ἔχοντι
2914 4000 3139 4070 μᾶλλον,
3203 4001 3231 4072 ἢ
3292 4001 3371 4073 τῷ
3427 4003 3515 4072 μή.
3563 4000 3613 4051 Τί
3652 3995 3692 4048 δὲ

2180 4090 2242 4141 τὸ
2300 4089 2493 4161 σῶμα;
2570 4091 2659 4161 Τῷ
2713 4092 2901 4164 ἑτέρῳ.
2971 4095 3112 4165 Ὅρα
3161 4094 3225 4165 δὴ
3274 4097 3373 4149 καὶ
3430 4095 3565 4165 τῇδεο
3604 4091 3692 4143 ’θτι

2181 4182 2399 4235 ἐπειδὰν
2429 4184 2486 4235 ἐν
2514 4183 2591 4253 τῷ
2621 4183 2765 4255 αὐτῷ
2792 4178 2893 4237 ὦσι
2923 4184 3068 4257 ψυχὴ
3098 4187 3393 4259 καὶσῶμα,
3420 4187 3491 4256 τῷ
3519 4186 3598 4255 μὲν
3613 4183 3691 4234 δου-

2181 4274 2355 4328 λεύειν
2384 4278 2476 4329 καὶ
2504 4276 2814 4347 ἄρχεσθαιή
2838 4277 2996 4346 φύσις
3017 4279 3367 4350 προστάττει,
3390 4284 3453 4351 τῇ
3479 4279 3528 4332 δὲ
3551 4278 3692 4347 ἄρχειν

2182 4367 2274 4418 καὶ
2324 4366 2630 4431 δεσπόζεινο
2692 4368 2786 4422 καὶ
2841 4369 2981 4423 κατὰ
3011 4370 3181 4423 ταῦτα
3238 4368 3331 4435 αὖ,
3394 4371 3592 4441 πύτεῴν
3634 4382 3691 4417 σοι

2180 4459 2363 4529 ὅμοιον
2403 4458 2546 4511 δοκεῖ
2586 4460 2662 4531 τῷ
2710 4460 2837 4532 θείῳ
2870 4458 3030 4527 εἶναι,
3064 4462 3156 4516 καὶ
3188 4464 3417 4535 πότερον
3445 4464 3514 4534 τῷ
3532 4457 3689 4529 θνητιᾷ

2501 4555 2523 4604 ἶ
2568 4570 2648 4605 σοι
2684 4553 2745 4606 τὸ
2784 4554 2880 4624 μὲν
2911 4553 3051 4607 θεῖον
3088 4554 3278 4626 ἄρχειν
3307 4574 3368 4608 τε
3411 4556 3497 4608 καὶ
3534 4556 3688 4622 ἡγεμο-

2182 4643 2353 4696 νεύειν
2409 4644 2721 4713 πεφυκέναι,
2780 4645 2839 4699 τὸ
2886 4646 2943 4699 δὲ
2992 4646 3182 4718 θνητὸν
3232 4646 3490 4719 ἄρχεσθαί
3530 4660 3578 4697 τε
3622 4637 3689 4691 καὶ

2179 4734 2473 4799 δουλεύειν;
2535 4737 2781 4807 Ἔμοιγε.
2866 4738 3086 4810 Ποτέρῳ
3139 4735 3231 4792 οὖν
3285 4742 3319 4810 ἡ
3377 4736 3512 4808 ψυχὴ
3559 4733 3688 4787 Eous;

2180 4826 2408 4897 Δηλαδὴ,
2441 4822 2484 4880 ὦ
2515 4827 2819 4899 Σώκρατες,
2853 4830 2934 4883 ὅτι
2964 4833 2997 4901 ἡ
3031 4831 3129 4901 μὲν
3157 4832 3304 4903 ψυχὴ
3336 4830 3409 4901 τῷ
3430 4828 3562 4897 θείῳ,
3588 4818 3687 4875 τδδὲ

2181 4916 2338 4987 σῶμα
2392 4916 2467 4988 τῷ
2496 4917 2692 4989 θνητῷ.
2748 4919 2945 4973 Σκόπει
2976 4919 3039 4990 δὴ
3061 4960 3075 4984 ,
3107 4921 3233 4992 ἔφη,
3277 4915 3323 4973 ὦ
3354 4919 3539 4989 Κέϐης,
3584 4913 3687 4966 εξὲκ

2181 5010 2396 5064 πάντων
2423 5010 2531 5064 τῶν
2559 5012 2862 5084 εἰρημένων
2881 5014 3007 5067 τάδε
3030 5016 3159 5084 ἡμῖν
3190 5013 3469 5086 ξυμϐαίνει
3486 5028 3499 5041 ·
3527 5006 3593 5079 τῷ
3616 5003 3687 5076 μὲν

2179 5100 2327 5172 θείῳ,
2360 5104 2453 5156 καὶ
2480 5104 2754 5176 ἀθανάτῳ,
2802 5107 2894 5158 καὶ
2922 5106 3117 5177 νοητῷ,
3175 5108 3271 5159 καὶ
3322 5103 3579 5177 μονοειδεῑ,
3621 5096 3687 5149 καὶ

2178 5195 2462 5267 ἁδιαλύτῳ,
2496 5199 2589 5251 καὶ
2618 5199 2705 5251 ἀεὶ
2727 5198 3005 5262 ὡσαύτως,
3028 5200 3119 5251 καὶ
3149 5198 3289 5252 κατὰ
3318 5199 3385 5252 τὰ
3412 5194 3537 5252 αὐτὰ
3554 5192 3685 5261 ἔχοντί

2179 5289 2357 5357 ἑαυτό,
2387 5292 2699 5361 ὁμοιότατον
2748 5288 2881 5346 εἶναι
2926 5292 3133 5363 ψυχήν·
3179 5293 3254 5363 τῷ
3278 5293 3333 5345 δὲ
3378 5286 3685 5361 ἀνθρωπίνῳ.

2178 5383 2271 5434 καὶ
2299 5382 2497 5453 θνητῷ,
2529 5384 2622 5436 καὶ
2650 5384 2879 5454 ἀνοήτῳ,
2907 5385 2997 5436 καὶ
3031 5384 3315 5447 πολυειδεῖ,
3365 5382 3453 5434 καὶ
3478 5370 3683 5439 διαλυτῴ.

2178 5475 2270 5527 καὶ
2304 5474 2567 5545 μηδέποτε
2599 5477 2737 5528 κατὰ
2760 5476 2826 5529 τὰ
2856 5477 2993 5531 αὐτὰ
3023 5478 3196 5548 ἔχοντι
3226 5476 3404 5537 ἑαυτὸ,
3424 5472 3683 5544 όμοιόταττιν

2246 5719 2358 5792 (77)
2393 5721 2569 5792 Ἄλλο
2586 5720 2659 5785 δή
2686 5739 2760 5792 τι.
2799 5721 3209 5791 Ριιησραγιίριιι.
3240 5723 3298 5792 δή
3321 5738 3423 5775 non
3454 5712 3679 5789 agnoscit.

2246 5790 2357 5855 (78)
2393 5789 2457 5843 Τὸ
2486 5792 2595 5858 μὲν
2626 5791 2814 5859 σῶμα.
2850 5789 2997 5850 l'lulo
3028 5794 3059 5861 ἦ
3092 5795 3149 5847 τὸ
3184 5789 3476 5863 μέν’σώμα.
