3840 6370
152 290 223 343 931
1254 278 1569 334 PR/EPAB.
1608 276 1854 334 EVANG.
1896 276 2019 332 LIB.
2067 276 2156 331 XI.
3211 267 3317 323 9‘23

147 399 198 457 αὖ
216 397 326 455 εἶναι
349 398 403 451 τὸ
428 396 591 467 σῶμα.
612 394 845 465 Ἔχομέν
873 412 924 447 τι
943 394 1092 469 παρὰ
1107 394 1277 448 ταῦτα
1295 394 1423 449 ἄλλο
1437 394 1637 462 λέγειν,

1801 393 1952 448 nium
1999 392 2076 447 illi
2117 400 2281 462 atque
2332 390 2695 452 dominatum,
2737 389 2807 444 ab
2850 389 3081 459 ipsamet
3122 394 3317 445 natura

144 490 179 549 ὦ
199 493 294 563 φίλε
316 489 579 559 Κέδης,ὡς
597 488 693 557 οὐχ
710 486 879 551 οὕτως
896 486 1037 557 ἔχεις
1062 489 1174 540 Οὐκ
1193 486 1406 558 ἔχομεν.
1431 486 1496 540 Τί
1512 482 1601 540 οὖν
1622 502 1636 551 ;

1800 484 2057 539 andatum
2105 497 2249 538 esse.
2294 481 2506 548 Quibus
2534 495 2565 537 e
2597 476 2810 534 duobus
2828 489 3008 533 utrum
3040 494 3201 549 porro
3231 480 3316 533 di-

142 585 299 641 τοὺτων
318 582 469 646 οὕτως
483 582 727 651 ἐχόντων,
754 576 841 651 ἆρ’
858 581 918 633 οὐ
954 580 1164 651 σώματι
1190 582 1286 650 μὲν
1302 581 1435 650 ταχὺ
1466 580 1640 634 διαλύ-

1800 594 1899 644 nte,
1932 588 2111 633 utrum
2137 576 2353 631 mortali
2384 586 2591 639 natura:
2621 572 2775 628 amne
2806 573 3133 629 arbitraris?
3174 571 3314 628 Num

141 677 256 734 εσθαι
271 675 520 748 προσήκει,
539 674 680 744 ψυχῇ
702 674 755 726 δὲ
776 670 841 727 αὖ
864 675 1183 746 τοπαράπαν
1200 673 1466 745 ἁδιαλύτῳ
1479 670 1635 740 εἶναι,

1802 672 1837 727 )ἰ
1872 680 1932 726 ut
1961 672 2229 741 imperare
2256 685 2322 724 ac
2352 667 2661 733 moderari,
2694 667 2960 730 divinum,
2994 665 3067 720 ita
3091 665 3318 737 obsequi

140 768 165 838 ἢ
187 766 319 836 ὲγγὺς
333 783 378 818 τι
394 766 603 831 τούτου;
624 765 747 828 Πῶς
776 765 885 837 γὰρ
909 764 970 818 οὔ
992 782 1083 831 ;—-
1104 765 1349 829 Συννοεῖς
1373 761 1486 828 οῦν,
1509 765 1633 836 ἔφη,

1802 804 1803 811 η
1838 764 2065 830 servire,
2112 764 2340 821 mortale
2370 761 2469 816 tibi
2504 760 2763 831 quiddam
2790 759 3041 814 videtur?
3092 757 3318 816 Videtur

139 862 197 913 δτι
222 858 401 912 ἐπειδὰν
430 856 669 927 ἀποθάνῃ
700 857 728 908 6
760 856 1063 927 ἄνθρωπος,
1093 856 1155 909 τὸ
1191 856 1288 927 μὲν
1317 856 1509 927 ὁρατὸν
1534 857 1634 910 αὺ-

1802 872 1888 912 ne.
1949 854 2139 912 Utrius
2194 870 2323 926 ergo
2371 854 2565 908 similis
2606 853 2821 907 animus
2844 852 2967 906 est?
3026 850 3318 908 Enimvero

138 953 274 1007 τοῦτὸ
297 952 433 1022 σῶμα
460 952 550 1004 καὶ
575 952 630 1003 ὲν
659 949 838 1021 ὁρατῷ
869 948 1140 1020 κείμενον,
1172 949 1199 1002 ὃ
1222 948 1285 1020 δὴ
1319 949 1509 1021 νεκρὸν
1538 968 1635 1003 κα-

1799 949 1932 1004 vinze
1958 949 2201 1003 animum
2222 989 2237 1013 ,
2286 962 2484 1017 corpus
2513 946 2727 1000 mortali
2759 945 2936 999 simile
2974 960 3094 1000 esse
3124 945 3315 1015 liquet,

135 1044 298 1113 λοῦμεν,
322 1036 360 1110 ᾧ
384 1042 638 1112 προσήκει
680 1038 1007 1104 διαλύεσθαι,
1055 1040 1149 1093 καὶ
1178 1039 1506 1104 διαπίπτειν,
1541 1040 1634 1093 καὶ

1797 1036 2067 1094 Socrates.
2109 1037 2239 1094 Vide
2268 1038 2451 1108 igitur,
2482 1036 2680 1106 inquit,
2722 1050 2755 1090 0
2787 1034 2978 1102 Cebes,
3006 1051 3136 1090 num
3167 1037 3221 1091 id
3247 1054 3311 1092 ex

134 1132 422 1197 διαπνεῐσθαι,
454 1134 547 1186 οὐκ
578 1134 739 1196 εὐθὺς
778 1133 980 1186 τούτων
1009 1131 1159 1185 οὐδὲν
1195 1131 1481 1193 πέπονθεν,
1518 1132 1632 1184 ἀλλ’

1802 1131 2109 1201 perioribus
2156 1132 2413 1187 omnibus
2466 1144 2887 1205 consequatur:
2926 1135 3155 1204 divinat,
3206 1137 3313 1193 im-

134 1227 331 1290 ἐπιεικῶς
365 1224 545 1296 συχνὸν
587 1224 833 1295 ἐπιμένει
878 1223 1095 1296 χρόνον
1142 1223 1237 1277 ἐὰν
1285 1224 1382 1295 μέν
1417 1242 1499 1289 τις
1541 1226 1633 1279 καὶ

1801 1222 1985 1288 artali,
2036 1222 2305 1291 spiritali,
2334 1224 2603 1294 simplici,
2656 1226 3056 1295 indissolubili,
3098 1244 3317 1299 unoque

132 1321 364 1391 χαριέντως
394 1319 523 1390 ἔχων
555 1318 617 1372 τὸ
649 1319 806 1390 σῶμα
836 1318 1156 1393 τελευτήσῃ,
1184 1318 1278 1371 καὶ
1307 1320 1366 1371 ἐν
1397 1321 1463 1389 τῇ
1494 1318 1629 1390 αὐτῇ

1800 1332 1948 1386 mper
1971 1323 2025 1369 et
2054 1315 2243 1371 eodem
2279 1331 2336 1371 se
2366 1318 2529 1371 modo
2555 1317 2775 1374 habenti
2819 1329 3028 1376 natura:
3047 1363 3061 1389 ,
3100 1321 3316 1377 similli-

128 1414 229 1484 ὠρα,
269 1414 349 1465 καὶ
390 1413 522 1465 πάνυ
570 1411 733 1482 μάλα.
785 1410 1070 1481 Συμπεσὸν
1114 1410 1223 1482 γὰρ
1256 1411 1313 1464 τὸ
1348 1410 1504 1483 σῶμα
1539 1413 1632 1465 καὶ

1798 1424 1880 1463 um
1907 1423 2029 1464 esse
2056 1408 2298 1463 animum
2330 1426 2345 1464 :
2379 1425 2579 1480 corpus
2609 1420 2818 1477 contra,
2860 1413 3131 1478 humanae,
3166 1430 3314 1470 mor-

129 1504 393 1577 ταριχευθὲν,
417 1502 601 1575 ῶσπερ
620 1506 669 1556 οἱ
693 1506 749 1557 ὲν
776 1503 1034 1573 Αἰγύπτῳ
1056 1502 1489 1575 ταριχευθέντες,
1517 1503 1629 1556 ἁλί-

1795 1499 1846 1566 li,
1896 1499 2094 1555 mentis
2136 1500 2364 1570 experti,
2394 1502 2703 1572 multiplici,
2739 1504 2999 1560 solutioni
3041 1506 3311 1568 obnoxiae.

126 1615 195 1664 γου
219 1598 316 1652 ὅλον
345 1597 483 1668 μένει
510 1598 791 1667 ἀμήχανον
822 1598 942 1649 ὅσον
972 1596 1177 1667 χρόνον.
1219 1596 1375 1649 Ἔνια
1404 1595 1458 1649 δὲ
1489 1596 1628 1668 μέρη

1794 1609 1833 1649 ec
1860 1593 2123 1649 rationem
2154 1609 2366 1664 semper
2388 1595 2634 1651 eamdem
2679 1596 2997 1667 vultumque
3034 1598 3310 1663 retinenti,

123 1689 446 1759 τοῦσώματος,
485 1690 579 1743 καὶ
608 1689 702 1743 ἐὰν
736 1692 904 1760 σαπῇ,
935 1690 1067 1742 ὀστᾶ
1092 1705 1150 1741 τε
1184 1688 1277 1742 καὶ
1311 1687 1496 1759 νεῦρα,
1533 1689 1628 1741 καὶ

1795 1685 2092 1742 millimum.
2161 1686 2423 1743 Causmne
2493 1688 2727 1745 dicimus
2790 1690 3026 1761 aliquid,
3100 1691 3311 1746 charis-

120 1780 377 1836 τὰτοιαῦτα
414 1782 613 1846 πάντα,
650 1782 817 1851 ὅμως,
861 1780 936 1844 ὡς
970 1780 1098 1844 ἒπος
1143 1781 1335 1843 εἰπεῖν,
1385 1778 1625 1833 ἀθάνατα

1796 1792 1867 1831 ne
1898 1778 2070 1834 Cebes
2090 1819 2104 1844 ,
2154 1780 2451 1848 quominus
2479 1797 2606 1835 vera
2652 1781 2755 1837 ista
2787 1782 3112 1838 videantur?
3164 1783 3312 1839 Nihil

120 1877 243 1937 ἐστιν,
267 1875 294 1945 ἢ
321 1873 375 1925 οὔ
396 1892 408 1940 ;
432 1904 498 1913 -—
524 1874 653 1926 Ναί.
702 1874 763 1925 Ἡ
802 1874 859 1927 δὲ
888 1872 1033 1944 ψυχὴ
1075 1874 1200 1942 ἀρα,
1240 1872 1321 1942 (τὸ
1344 1871 1538 1935 ἀειδὲς,
1568 1871 1628 1924 τὸ

1794 1886 1904 1923 ine.
1966 1868 2091 1926 1132c
2116 1887 2243 1941 ergo
2275 1888 2398 1927 cum
2432 1873 2682 1951 ita.sint,
2735 1876 2981 1947 nunquid
3028 1879 3310 1948 proprium

118 1969 173 2030 εἰς
197 1967 396 2021 τοιοῦτον
435 1967 601 2020 τόπον
650 1967 834 2039 ἕτερον
874 1967 1173 2038 οἰχόμενον,
1218 1968 1485 2035 γενναῖον,
1535 1965 1628 2017 καὶ

1827 1962 2075 2032 corporis
2124 1972 2228 2030 est,
2279 1962 2359 2016 uti
2405 1963 2555 2018 brevi
2596 1965 2863 2033 solvatur,
2896 1968 3063 2023 animi
3097 1979 3308 2035 contra,

117 2060 315 2131 καθαρὸν,
354 2063 442 2115 καὶ
482 2062 661 2133 ἀειδῆ,
700 2064 778 2125 εἰς
811 2060 958 2131 ᾆδου,
989 2060 1065 2124 ὡς
1092 2060 1326 2131 ἀληθῶς,
1354 2058 1506 2129 παρά
1536 2058 1627 2110 τὸν

1795 2056 1811 2109 1
1856 2065 1917 2110 ut
1961 2072 2241 2127 nunquam
2276 2058 2493 2127 penitus
2538 2058 2763 2116 dissolvi
2794 2063 3000 2132 possit,
3035 2066 3117 2118 vel
3162 2066 3310 2121 aliud

114 2152 265 2219 ἀγαθὸν
295 2156 379 2207 καὶ⁵
410 2155 676 2226 φρόνιμον
702 2152 853 2219 Θεὸν,
885 2148 953 2220 οἵ,
989 2152 1084 2206 ἐὰν
1110 2155 1138 2206 6
1159 2152 1291 2215 Θεὸς
1318 2152 1494 2225 ἐθέλῃ,
1528 2152 1627 2204 αὐ-

1790 2147 1984 2202 Iiddam
2040 2148 2203 2218 hujus
2249 2149 2579 2207 conditionis
2621 2152 2815 2208 aliine?
2864 2154 3022 2226 553
3074 2157 3306 2227 Quippe.

114 2245 204 2298 τίκα
225 2247 303 2298 καὶ
332 2250 391 2317 τῇ
423 2250 528 2318 ὲμῇ
558 2247 707 2317 ψυχῇ
740 2246 922 2317 ἰτέον)
948 2244 1085 2315 αὕτη
1119 2245 1177 2297 δὲ
1209 2245 1272 2317 δὴ
1303 2246 1435 2316 ἡμῖν
1462 2246 1493 2315 ὴ
1519 2259 1628 2296 τοι-

1794 2259 1845 2297 m
1874 2243 2129 2313 intelligis
2172 2243 2289 2314 ipse
2319 2260 2553 2310 mecum,
2585 2246 2780 2316 inquit,
2814 2249 2905 2303 ubi
2941 2250 3103 2303 homo
3137 2250 3308 2305 inter-

111 2338 234 2408 αὐτη.
273 2342 357 2393 καὶ
393 2340 535 2394 οὕτω
574 2342 869 2408 πεφυκυῖα,
917 2337 1362 2407 ἀπαλλαττομένη
1395 2335 1490 2389 τοῦ
1525 2333 1627 2387 σῶ-

1791 2336 1872 2401 rit,
1924 2350 2126 2407 corpus
2173 2337 2277 2393 hoc
2321 2339 2440 2407 ejus
2484 2339 2848 2409 aspectabile,
2884 2342 3028 2411 quod
3058 2342 3111 2396 in
3146 2358 3203 2397 re
3236 2343 3307 2397 si-

113 2449 250 2500 ματος,
276 2433 423 2497 εὐθὺς
451 2432 875 2502 διαπεφύσηται,
911 2433 1005 2485 καὶ
1033 2429 1330 2491 ἀπόλωλεν,
1364 2427 1439 2491 ῶς
1466 2444 1628 2496 φασιν

1794 2430 1929 2483 iliter
1976 2430 2295 2498 aspectabili
2319 2430 2481 2500 jacet,
2518 2445 2639 2500 quae
2688 2446 2719 2484 a
2764 2431 2924 2486 nobis
2957 2433 3187 2487 cadaver
3212 2449 3310 2503 ap-

82 2526 143 2577 ti
187 2526 340 2579 πολλοὶ
395 2527 711 2597 ἄνθρωποι;
763 2523 965 2577 Πολλοῦ
1005 2540 1067 2592 γε
1124 2521 1218 2576 καὶ
1266 2520 1377 2583 δεῖ,
1422 2513 1465 2571 ὦ
1508 2518 1598 2588 φὶλ

1787 2520 2153 2590 :llatur,cujus
2186 2522 2239 2575 id
2267 2522 2544 2591 proprium
2573 2530 2677 2586 est,
2702 2532 2762 2577 ut
2790 2524 3055 2589 solvatur,
3076 2524 3303 2587 dillluat,

110 2614 241 2686 Κέἦης
265 2636 315 2670 τε
342 2620 432 2671 καὶ
462 2618 699 2689 Σιμμία.
748 2616 907 2670 Ἀλλά
939 2613 1117 2684 πολλῷ
1148 2612 1345 2686 μᾶλλον
1368 2605 1468 2666 ὧδε
1493 2611 1624 2681 ἔχει’

1795 2622 2038 2676 aneseat,
2080 2612 2347 2681 ejusmodi
2404 2622 2586 2667 tamen
2618 2614 2880 2670 continuo
2915 2615 3101 2671 subire
3129 2616 3308 2683 nihil;

117 2707 205 2760 Ἐὰν
225 2710 307 2778 μὲν
330 2711 544 2783 καθαρὰ
578 2708 991 2779 ἀπαλλάττηται
1019 2707 1112 2760 τοῦ
1144 2705 1413 2777 σώματος,
1463 2704 1626 2775 μηδὲν

1796 2706 1821 2759 d
1854 2704 2033 2773 potius
2063 2706 2199 2759 satis
2233 2704 2400 2758 multo
2452 2715 2695 2776 tempore
2746 2707 3050 2763 consistere
3096 2727 3109 2762 :
3147 2710 3312 2765 adeo-

108 2802 456 2868 σδνεφέλκουσα,
486 2802 589 2856 ἆτε
621 2802 771 2854 οὐδὲν
801 2800 1129 2853 κοινωνοῦσα
1158 2796 1305 2866 αὐτῷ
1336 2800 1393 2849 ἐν
1416 2796 1493 2866 τῷ
1529 2795 1624 2865 βίῳ

1789 2812 1833 2849 te
1862 2796 1909 2850 si
1939 2796 2063 2864 quis
2090 2795 2331 2852 formoso
2373 2806 2426 2851 et
2470 2798 2699 2868 eleganti
2733 2814 2959 2868 corpore
2990 2799 3305 2868 decesserit,

106 2886 254 2942 ἑκοῦσα
281 2888 444 2955 εἶναι,
488 2891 636 2945 ἀλλά
689 2890 963 2959 φεύγουσα
1007 2888 1165 2952 αὐτὸ,
1208 2888 1298 2940 καὶ
1348 2885 1622 2957 συνηθροι-

1794 2902 1879 2940 am
1912 2887 2085 2955 ipsam
2119 2887 2436 2959 dignitatem
2488 2904 2552 2944 ac
2596 2890 2832 2958 speciem
2860 2890 3153 2947 admodum
3179 2897 3310 2948 reti-

108 2980 230 3051 σμένη
251 2982 374 3053 αὑτὴ
412 2984 491 3047 εἰς
520 2981 747 3052 ἑαυτὴν,
770 2981 865 3034 ἆτε
898 2978 1177 3051 μελετῶσα
1200 2978 1310 3048 (79)
1340 2978 1425 3030 ἀεὶ
1446 2976 1621 3029 τοῦτο⁹

1791 2994 1877 3033 :re.
1921 2977 1987 3033 Et
2010 2994 2139 3033 vero
2170 2988 2516 3048 posteaquam
2546 2981 2880 3037 exsiccatum
2923 2982 3087 3038 fuerit
3115 2986 3307 3040 condi-

106 3072 235 3139 (τοῦτο
254 3076 303 3128 δὲ
330 3076 476 3129 οὐδὲν
509 3076 647 3130 ἄλλο
674 3074 819 3127 ἐστὶν
848 3074 880 3145 ἢ
914 3070 1088 3143 ὀρθῶς
1115 3069 1501 3139 φιλοσοφοῦσα,
1534 3069 1622 3122 καὶ

1794 3090 1955 3145 mque
1997 3091 2218 3145 corpus,
2269 3085 2323 3129 ut
2353 3076 2446 3145 qui
2476 3076 2619 3145 apud
2654 3074 2940 3148 (Egyptios
2974 3080 3185 3133 condiri
3216 3095 3308 3134 so-

104 3164 156 3233 ῖῴ
179 3166 268 3219 δντι
289 3168 531 3222 τεθνάναι
570 3165 851 3238 μελετῶσα
881 3162 1095 3235 ῥᾳδίωςο
1130 3162 1162 3234 ἢ
1187 3163 1246 3214 οὐ
1275 3160 1418 3215 τοῦτ’
1445 3160 1509 3214 ἂν
1537 3161 1619 3231 εἴη

1794 3179 1857 3233 ιι,
1890 3168 2089 3223 mirum
2119 3166 2360 3237 quandiu
2396 3176 2569 3222 totum
2619 3169 2732 3224 fere
2773 3169 3153 3240 integrumque
3194 3187 3310 3225 ma-

104 3256 249 3330 ;tslénj
277 3259 498 3314 θανάτου
523 3277 538 3325 ;
564 3290 638 3299 —-
660 3254 979 3311 Παντάπασί
1004 3254 1113 3325 γε’)
1140 3254 1333 3307 οὐκοῦν
1360 3253 1500 3306 οὕτω
1526 3252 1620 3323 μὲν

1795 3268 1870 3315 at.
1928 3257 2070 3325 Quin
2118 3267 2172 3312 et
2214 3268 2394 3328 partes
2423 3262 2666 3329 corporis
2691 3261 2922 3332 aliqua},
2956 3264 3169 3318 tametsi
3196 3264 3310 3333 jam

102 3349 264 3419 ἔχουςα,
303 3355 377 3415 είς
405 3353 467 3405 τὸ
497 3352 689 3422 ὅμοιον
728 3350 861 3419 αὐτῇ
912 3346 970 3400 τὸ
1002 3346 1177 3409 ἀειδὲς
1208 3345 1528 3414 ἀπέρχεται,
1565 3344 1618 3397 rb

1798 3352 2050 3418 tabuerit,
2084 3366 2210 3406 ossa
2259 3350 2543 3417 videlicet,
2581 3353 2755 3417 nervi,
2798 3370 2863 3409 ac
2910 3365 3120 3411 caetera:
3144 3357 3193 3409 id
3219 3372 3311 3425 ge-

102 3440 203 3495 Θείόν
222 3462 291 3511 τε,
319 3446 409 3499 καὶ
440 3445 737 3507 ἀθάνατον,
774 3442 866 3495 καὶ
910 3440 1191 3511 φρόνιμονο
1232 3430 1290 3490 οἵ
1321 3438 1618 3509 ἀφικομένῃ

1795 3460 1830 3497 lS
1862 3458 2075 3508 omnes,
2111 3442 2470 3505 immortales,
2526 3458 2665 3513 pene
2712 3445 2965 3507 dixerim,
3015 3459 3311 3517 supersunt

100 3536 277 3607 ὑπάρχει
319 3540 453 3611 αὐτῇ
500 3538 787 3607 εὐδαίμονι
831 3531 987 3597 εἶναι,
1030 3533 1259 3600 πλάνης,
1294 3531 1389 3584 καὶ
1418 3531 1616 3593 ἀνοίας,

1796 3548 1857 3588 sa:
1885 3542 2088 3599 tamen,
2122 3534 2341 3588 nonne?
2403 3532 2494 3587 Sic
2525 3542 2628 3589 est.
2694 3533 2765 3588 At
2786 3549 2937 3598 vero,
2974 3535 3192 3591 animus
3222 3536 3312 3592 ille

100 3631 163 3682 καί
195 3630 371 3700 φόϐων,
406 3631 501 3685 καὶ
546 3630 758 3702 ἀγρίων
789 3627 1027 3700 ἐρώτων,
1064 3626 1157 3679 καὶ
1185 3624 1294 3677 τῶν
1321 3624 1493 3677 ἄλλων
1525 3642 1616 3676 κα-

1795 3634 1913 3681 >ster
1946 3626 2059 3696 (qui
2087 3626 2253 3680 videri
2281 3641 2388 3680 non
2419 3635 2614 3695 potest,
2653 3626 2747 3695 qui
2782 3627 2837 3681 in
2864 3628 3091 3683 alteram
3120 3646 3311 3699 quam-

98 3722 177 3773 κῶν
201 3724 292 3776 τῶν
322 3722 684 3795 ἀνθρωπείων
707 3718 1119 3790 ἀπηλλαγμένῃ.
1148 3717 1358 3788 Ὥσπερ
1387 3715 1445 3767 δὲ
1476 3712 1614 3782 λέγε-

1801 3735 1848 3770 m
1882 3718 2229 3788 similemque
2256 3720 2438 3774 sedem
2471 3720 2861 3791 commigrans,
2894 3735 3125 3791 eamque
3151 3722 3309 3777 nobi-

99 3829 161 3865 τιι
194 3816 313 3868 κατά
340 3816 445 3868 τῶν
481 3814 879 3886 μεμυημένων,
927 3812 1003 3874 ὡς
1056 3808 1269 3880 ἀληθῶς
1318 3807 1408 3859 τὸν
1441 3806 1615 3858 λοιπὸν

1796 3825 1830 3863 n
1862 3809 2024 3864 simul
2051 3818 2105 3863 et
2133 3818 2364 3872 castam,
2394 3820 2557 3878 atque
2598 3810 2667 3865 ab
2713 3812 2863 3867 omni
2900 3824 3193 3882 conspectu
3225 3830 3312 3870 se-

96 3906 238 3973 χρόνω
267 3907 394 3979 μετά
419 3907 563 3960 Θεῶν
601 3905 877 3972 διάγουσαο
919 3901 1061 3955 οὕτω
1089 3899 1300 3970 φῶμεν,
1334 3892 1378 3951 ὦ
1416 3896 1612 3967 Κέϐηςτ

1795 3913 1967 3955 nctam
2029 3902 2172 3971 apud
2223 3900 2462 3967 inferos,
2514 3903 2579 3957 ad
2626 3903 2829 3957 bonum
2882 3906 3116 3974 aliquem
3162 3906 3311 3961 haud

97 3997 119 4067 ἦ
144 3998 311 4064 ἀλλωςς
341 4032 410 4041 ——-
436 3998 634 4061 Οὕτως
665 3998 730 4069 νὴ
756 3996 874 4058 Δία,
911 3995 1013 4065 ἔφη
1046 3996 1074 4046 6
1097 3992 1298 4063 Κέϐης.
1334 3992 1429 4044 Ἂν
1458 3988 1513 4041 δέ
1539 4006 1613 4057 γε,

1796 3994 1890 4049 χὺὶε
1935 3994 2348 4063 sapientemque
2383 3994 2554 4049 Deum
2598 3994 2994 4064 proﬁciscitur;
3035 4014 3146 4067 quo
3188 4000 3312 4068 qui-

95 4083 223 4159 οἶμαι,
251 4090 597 4162 μεμιασμένῃ
619 4089 713 4141 καὶ
734 4086 1039 4157 ἀκάθαρτος
1058 4082 1151 4137 τοῦ
1182 4082 1432 4153 σώματος
1455 4080 1611 4133 ἀπαλ-

1790 4103 1871 4151 :m,
1923 4087 1969 4142 si
2018 4085 2127 4141 Deo
2176 4086 2474 4155 placuerit,
2505 4088 2690 4143 animo
2716 4089 2806 4145 isti
2836 4104 2959 4144 meo
2999 4091 3306 4146 abeundum

96 4178 317 4252 λάττηται,
351 4185 446 4237 ᾶτε
487 4181 708 4252 σώματι
741 4181 828 4233 ἀεὶ
855 4178 1113 4247 ξυνοῦσα,
1150 4178 1243 4231 καὶ
1273 4175 1432 4229 τοῦτο
1464 4175 1612 4247 θερα-

1790 4179 1949 4248 mjam
1975 4179 2131 4249 erit);
2160 4178 2268 4240 ille,
2289 4180 2532 4248 inquam,
2556 4189 2742 4236 noster
2774 4181 3013 4245 animus,
3029 4182 3154 4236 talis
3179 4198 3306 4237 cum

96 4274 302 4339 πεῦουσα,
338 4276 430 4330 καὶ
477 4273 689 4347 ἐρῶσα,
737 4273 831 4325 καὶ
869 4271 1236 4343 γοητευομένη
1290 4270 1381 4322 ὑπ’
1439 4267 1612 4321 αὐτοῦ

1792 4289 1798 4325 ι
1841 4272 1909 4326 ab
1955 4282 2147 4327 natura
2175 4282 2349 4337 satus,
2396 4272 2559 4327 simul
2591 4284 2756 4344 atque
2782 4275 3044 4330 liberatus
3079 4290 3308 4345 corpore

96 4365 170 4421 ὑπό
194 4387 244 4422 τε
269 4370 369 4424 τῶν
407 4367 722 4438 ἐπιθυμιῶν
743 4366 837 4419 καὶ
870 4365 1090 4436 ἡδονῶν,
1124 4364 1266 4418 ὥστε
1306 4363 1471 4434 μηδὲν
1502 4360 1612 4415 ἄλλ(

1790 4365 1911 4428 erit,
1944 4372 2231 4419 evanescet
2270 4364 2435 4426 illico,
2493 4380 2558 4419 ac
2584 4364 2852 4430 funditus,
2901 4377 2961 4420 ut
2989 4366 3182 4437 vulgus
3209 4367 3306 4420 ho-

93 4458 222 4513 δυεῖν
247 4458 377 4515 εἶναι
408 4462 613 4534 ἀληθὲς
642 4459 754 4513 ἀλλ’
788 4459 820 4529 ἢ
858 4458 918 4511 τὸ
952 4455 1334 4528 σωματοειδὲς,
1366 4449 1426 4508 οὗ
1455 4454 1519 4507 ἄν
1550 4470 1609 4505 τις

1794 4457 1942 4510 inum
1977 4455 2239 4524 loquitur,
2276 4456 2554 4511 interibit?
2606 4456 2944 4513 Permultum
2994 4458 3045 4512 id
3089 4458 3304 4529 quidem

94 4550 261 4619 5:41:10,
299 4556 392 4609 καὶ
424 4556 549 4619 ἴδοι,
589 4554 683 4607 καὶ
715 4553 850 4616 πίοι,
898 4552 990 4605 καλ⁹
1019 4551 1205 4619 φάγοι,
1244 4548 1339 4601 καὶ
1383 4547 1519 4617 πρὸς
1560 4544 1610 4598 τέ

1793 4557 1901 4607 est,
1936 4547 2007 4600 mi
2033 4546 2228 4610 Cebes,
2264 4556 2430 4617 tuque
2454 4563 2486 4603 o
2513 4546 2763 4603 Simmia.
2814 4551 2929 4604 lmo
2952 4549 3106 4620 longe
3130 4548 3309 4619 prole-

92 4646 328 4718 ἁςροδίσια
349 4650 642 4721 χρήσαιτσ
670 4646 733 4699 τὸ
763 4646 819 4698 δὲ
851 4647 960 4708 τοῖς
990 4644 1199 4715 ὄμμασι
1228 4639 1512 4703 σκοτῶδες,
1535 4640 1608 4691 κα

1792 4655 1817 4694 ο
1845 4640 2028 4695 verius
2056 4640 2200 4709 quod
2230 4640 2493 4710 sequitur.
2541 4640 2598 4695 Si
2641 4658 2812 4712 purus
2841 4658 2909 4697 ex
2932 4658 3159 4712 corpore
3191 4642 3308 4698 dis-

92 4738 436 4814 ἁειδὲς,νοητδν
458 4743 518 4796 δὲ
542 4742 637 4794 καὶ
659 4738 944 4810 φιλοσοφίᾳ
960 4736 1195 4809 αἱρετὸν,
1231 4734 1389 4788 τοῦτο
1416 4732 1472 4786 δὲ
1498 4730 1608 4785 εἰθι

1796 4733 1979 4803 sserit,
2022 4732 2266 4802 nihilque
2314 4749 2500 4789 secum
2550 4749 2614 4788 ex
2644 4750 2709 4789 eo
2739 4734 2983 4801 trahens,
3013 4733 3158 4804 quod
3187 4733 3312 4789 nul-

92 4834 225 4905 σμένη
257 4840 426 4907 μισεῖν
448 4853 534 4898 τε,
561 4834 657 4887 καὶ
685 4832 925 4903 τρέμευν,
969 4830 1061 4884 καὶ
1096 4828 1334 4898 φεύγειν·
1393 4825 1536 4880 οὕτω
1567 4822 1608 4876 61‘

1798 4842 1847 4879 tn
1878 4840 2115 4895 unquam
2162 4825 2263 4880 hac
2288 4824 2341 4878 in
2368 4826 2480 4880 vita
2508 4842 2631 4881 cum
2656 4842 2721 4881 eo
2746 4826 2985 4897 prudens
3018 4827 3312 4898 volensque

92 4922 275 4989 ἔχουσαν
293 4925 595 4997 οἴειψυχὴν
616 4922 783 4994 αὐτὴν
814 4920 935 4975 καθ’
970 4920 1139 4991 αὐτὴν
1162 4918 1427 4991 εἰλικρινῆ
1459 4915 1605 4971 ἀπαλ

1793 4921 2123 4977 »ηιῐηετρίυῐη
2151 4921 2433 4987 habuerit,
2481 4922 2574 4978 sed
2602 4922 2782 4992 potius
2808 4921 2940 4977 illud
2969 4922 3183 4993 fugiens
3202 4963 3217 4987 ,
3254 4922 3309 4976 in

90 5012 323 5082 λάξεσθαις
348 5020 474 5072 Οὐδ’
508 5012 833 5078 ὁπωστιοῦν,
879 5012 999 5083 ἔφη.
1029 5032 1047 5065 ι
1083 5012 1267 5066 Ταῦτα
1296 5014 1324 5065 6
1384 5009 1606 5063 Πλάτων

1884 5033 2003 5070 sum
2034 5014 2296 5071 collectus
2330 5016 2647 5085 perstiterit,
2693 5013 2842 5084 quod
2885 5014 2938 5068 in
2982 5028 3049 5069 eo
3082 5013 3315 5068 medita-
3397 5007 3399 5011 ’

89 5105 295 5167 Ἐξαπλοί
306 5111 361 5165 δὲ
380 5110 481 5182 τὴν
497 5110 736 5163 διάνοιαν
750 5109 778 5160 ὁ
793 5105 977 5178 Πορφύ
988 5121 1118 5175 ριος,
1132 5106 1189 5165 ὲν
1211 5104 1289 5174 τῷ
1306 5102 1504 5177 πρώτῳ
1524 5099 1605 5153 τῶ

1794 5107 1905 5161 anis
1928 5122 2123 5177 genere
2149 5115 2296 5161 totus
2327 5122 2539 5177 semper
2564 5113 2710 5161 esset
2742 5104 2907 5175 (quod
2930 5103 3061 5158 dum
3094 5104 3310 5173 agebat,

88 5200 194 5268 πρὸς
210 5200 397 5273 Βοηθὸν
412 5200 563 5269 Περὶ
583 5198 790 5270 ψυχῆς
805 5197 991 5251 τοῦτον
1023 5196 1249 5268 γράφων
1265 5195 1354 5249 τὸν
1381 5196 1599 5267 τρόπον.

1793 5211 1846 5252 ac
1876 5212 2008 5251 sane
2039 5196 2231 5265 agebat
2259 5213 2448 5262 unum,
2495 5198 2571 5250 uti
2620 5203 2767 5251 recte
2815 5195 3309 5267 philosopharetur,

86 5307 135 5346 ac
156 5307 203 5346 re
227 5296 331 5364 ipsa
358 5295 519 5351 facile
548 5292 811 5348 moriendi
844 5292 1109 5346 rationem
1140 5305 1325 5345 secum
1368 5290 1483 5360 ipse
1544 5299 1817 5354 versaret,
1856 5289 1989 5359 quid
2014 5288 2197 5343 enim?
2242 5303 2311 5342 an
2343 5290 2457 5343 haec
2487 5288 2584 5342 tibi
2615 5288 2809 5350 mortis
2873 5288 3153 5363 meditatio
3204 5306 3310 5342 non

86 5385 294 5443 videtur?
338 5389 414 5444 Ita
445 5390 630 5460 plane)
666 5406 678 5442 :
715 5387 950 5452 animus,
982 5384 1227 5453 inquam,
1252 5384 1356 5438 hoc
1383 5393 1525 5439 statu
1566 5385 1610 5439 si
1650 5384 1911 5444 discedet,
1955 5383 2023 5435 ad
2058 5382 2185 5435 illud
2239 5383 2500 5437 continuo
2549 5398 2670 5438 sese
2743 5382 2987 5453 recipiet,
3024 5381 3170 5454 quod
3229 5384 3313 5438 af-

86 5482 169 5536 ﬁne
194 5485 286 5539 sibi
311 5498 413 5549 est,
450 5484 794 5555 spectarique
826 5499 932 5536 non
958 5489 1156 5552 potest,
1188 5480 1432 5535 divinum
1496 5481 1753 5550 quiddam
1813 5479 2022 5548 utique,
2084 5478 2393 5532 immortale
2457 5477 2620 5532 simul
2669 5493 2733 5534 ac
2787 5478 3024 5549 Sapiens,
3072 5492 3313 5548 quocum.

86 5583 382 5648 pervenerit,
436 5594 559 5636 tum
607 5581 822 5636 demum
870 5579 994 5634 felix
1042 5592 1163 5633 esse
1196 5578 1413 5649 incipit,
1473 5578 1541 5632 ab
1601 5592 1805 5643 errore,
1837 5576 2075 5639 inscitia,
2145 5574 2465 5637 terroribus,
2516 5573 2720 5630 insanis
2782 5572 3088 5634 amoribus.
3124 5588 3187 5628 ac
3220 5586 3309 5629 re-

142 5736 240 5808 (79)
287 5739 645 5806 Metanira,
684 5745 766 5794 etc
836 5735 1093 5793 t’eriodus
1151 5734 1430 5792 Platonico
1481 5750 1632 5789 more
1669 5732 1951 5801 producta,
1986 5746 2270 5801 suspensa,
2304 5728 2581 5798 impedita.
