3840 6370
542 347 650 400 9‘13
1190 344 1458 400 EUSEBII
1498 339 1982 398 CASSARIENSIS
2019 336 2168 393 OPP.
2210 334 2391 389 PARS
2423 332 2485 387 ll.
2526 362 2594 374 —-
2629 324 3132 385 APOLOGETICA.
3618 320 3699 374 εδει

538 467 684 536 liqua
733 467 994 521 malorum
1038 467 1402 521 humanorum
1452 466 1775 535 contagione
1823 463 2104 517 liberatus.
2145 457 2352 527 Atque,
2406 464 2465 509 ut
2504 454 2571 509 de
2602 451 2830 506 initiatis
2893 446 2999 503 dici
3063 444 3228 545 vulgo
3252 440 3409 545 solet,
3452 437 3499 545 in
3526 435 3703 545 deorum

538 562 797 616 societate
813 561 1062 630 deinceps
1081 569 1227 615 totus
1246 576 1367 614 vere
1391 575 1455 615 ac
1472 568 1763 629 perpetuus
1824 566 1926 613 est.
1997 555 2189 609 Utrum
2228 552 2321 605 tibi
2357 550 2494 613 hoc,
2540 546 2612 600 mi
2644 543 2851 606 Cebes,
2880 554 3051 612 genus
3094 533 3350 631 orationis
3386 531 3704 631 probatur-nn

538 656 682 709 aliud
714 656 924 726 placet?
974 622 1101 710 Βιίίὴὶ
1133 672 1260 711 vero
1318 622 1611 709 admodum
1672 653 1953 723 probatur,
2005 650 2182 720 inquit
2217 647 2424 707 Cebes,
2470 642 2543 696 ita
2572 654 2658 695 me
2682 637 2891 707 Jupiter
2932 643 3094 687 amet.
3130 626 3290 730 554
3406 638 3547 730 Vero:
3574 622 3708 724 idem»

536 749 762 817 opinor,
813 749 859 804 si
902 749 1305 804 contaminatus
1333 763 1399 803 ex
1431 762 1658 818 corpore
1687 747 2113 816 inquinatusque
2149 738 2421 810 migrabit,
2486 733 2629 804 quod
2695 730 2948 785 assiduus
2971 740 3094 780 eum
3122 738 3187 779 eo
3214 720 3387 826 fuerit,
3420 715 3547 826 quod
3572 729 3708 826 ipsum

538 814 768 897 coluerit
798 854 961 913 atque
991 844 1287 909 amaverit,
1322 814 1550 913 ejusque
1609 814 1779 899 simul
1834 840 2190 911 cupiditatum
2229 834 2673 903 voluptatumque
2738 826 3013 882 veneficiis
3066 835 3237 891 usq“e
3293 817 3421 918 3‘!”
3474 814 3715 918 Ῑ³³⁶ί¹ξ²ί¹¹⁸

538 945 839 1005 captusque
872 910 1082 1003 vfuerit,
1138 936 1273 989 nihil
1330 910 1389 990 ut
1443 910 1590 989 aliud
1661 949 1844 989 rerum
1896 940 2130 1002 putaret,
2205 941 2369 998 quam
2416 922 2561 994 quod
2623 930 2765 975 esset
2806 930 3162 990 corporeum,
3215 910 3355 1005 quod
3402 910 3713 1005 tactu

539 1000 926 1097 percipe-retur,
978 1000 1121 1097 quod
1156 1027 1503 1096 poculentum
1531 1036 1625 1081 aut
1650 1000 1987 1081 esculentum
2020 1031 2186 1088 esset,
2249 1030 2342 1075 aut
2396 1020 2449 1072 in
2478 1016 2641 1072 rebus
2666 1013 2915 1068 venereis
2979 1010 3160 1064 locum
3227 1003 3477 1059 haberet:
3505 1000 3715 1097 quidquid-

536 1132 716 1177 autem
765 1124 844 1178 sic
887 1125 1061 1178 oculis
1094 1124 1387 1178 obscurum
1415 1130 1594 1188 esset,
1628 1132 1687 1176 ut
1709 1122 1778 1176 ab
1804 1122 1872 1177 iis
1923 1136 2029 1174 non
2095 1118 2369 1172 videretur
2411 1113 2649 1183 quidem,
2702 1108 2797 1163 sed
2842 1112 3021 1161 mente
3061 1113 3243 1157 tamen
3310 1114 3384 1196 ac.
3429 1095 3715 1196 philosophiae

537 1217 589 1269 vi
616 1224 920 1285 caperetur,
952 1217 1004 1269 id
1038 1224 1208 1269 totum
1270 1214 1471 1276 odisse,
1504 1214 1797 1268 formidare
1842 1228 1907 1268 ac
1956 1212 2146 1281 fugere
2185 1208 2384 1264 soleret
2418 1224 2431 1260 :
2468 1220 2536 1257 an
2568 1211 2626 1256 tu
2653 1216 2801 1262 eum,
2876 1197 2971 1267 qui
2999 1199 3341 1264 comparatus
3370 1188 3441 1242 ita
3462 1188 3540 1250 sit,
3566 1202 3714 1285 purum

538 1328 601 1367 ac
624 1313 1096 1379 sineerum,atque
1121 1312 1189 1365 ab
1215 1311 1362 1367 omni
1394 1326 1491 1380 per
1521 1325 1642 1365 sese
1706 1310 1827 1364 labe
1884 1308 2188 1378 sejunctum
2226 1320 2294 1359 ex
2344 1315 2569 1371 corpore
2611 1298 2977 1353 discessurum
3026 1287 3343 1346 arbitraris?
3390 1284 3535 1342 Nullo
3579 1283 3714 1344 modo,

540 1407 717 1477 inquit
767 1408 875 1462 ille.
917 1426 934 1459 ι
1004 1405 1278 1462 Hactenus
1322 1405 1495 1460 Plato.
1562 1403 1733 1473 Cujus
1787 1403 2109 1459 sententiam
2151 1399 2374 1455 uberius
2420 1409 2699 1466 exponens
2748 1400 3094 1458 tractansque
3138 1383 3494 1455 Porphyrius,
3559 1380 3603 1433 in
3650 1394 3717 1431 eo-

543 1515 663 1553 rum
699 1500 894 1568 primo,
950 1517 1078 1569 quos
1109 1501 1177 1552 ad
1206 1500 1461 1553 Boethum
1507 1499 1715 1561 scribit,
1746 1499 1818 1553 ita
1844 1498 1908 1553 de
1937 1497 2119 1552 animo
2156 1494 2417 1565 loquitur.

1073 1593 1301 1649 CAPUT
1351 1591 1588 1646 XXVIII.

952 1685 1026 1739 De
1053 1687 1254 1751 eadem,
1286 1703 1348 1741 ea:
1378 1685 1698 1756 Porphyrio.

614 1797 638 1830 ο
670 1778 1238 1833 Αὰἰῐηιηοιιῑειιὶιθιεῐη
1280 1780 1444 1834 animi
1472 1777 1889 1843 defendendam,
1920 1777 2116 1845 inquit,

541 1880 852 1942 promptum
889 1872 940 1926 id
986 1872 1312 1942 ﬁrmumque
1359 1881 1741 1943 argumentum
1795 1868 2007 1924 Platoni
2036 1871 2117 1923 vi-

539 1983 683 2029 sum,
716 1966 858 2035 quod
888 1981 950 2019 ex
981 1967 1058 2021 rei
1092 1966 1287 2021 similis
1324 1967 1531 2021 ratione
1560 1966 1869 2020 duceretur.
1906 1960 2039 2016 Nam
2070 1962 2117 2017 si

542 2068 748 2111 naturae
774 2058 990 2121 divinae,
1039 2074 1160 2126 quae
1189 2068 1242 2112 et
1272 2058 1597 2113 immortalis
1636 2066 1739 2121 est,
1793 2071 1893 2111 nee
1923 2054 2116 2119 videri,

541 2159 635 2202 aut
664 2149 940 2219 dissipari,
995 2150 1243 2219 solvique
1292 2159 1488 2219 potest,
1543 2149 1634 2203 sed
1665 2149 1717 2201 in
1751 2149 1867 2217 ipsa
1896 2145 2118 2216 integri-

543 2250 652 2295 tate
679 2241 839 2294 sitam
872 2242 1031 2295 habet
1062 2253 1113 2295 et
1144 2242 1529 2296 consistentem
1564 2241 1881 2303 essentiam,
1943 2237 2118 2292 amnis

544 2341 630 2385 est
699 2333 944 2399 animus;
992 2332 1180 2401 quidni
1229 2333 1348 2402 ejus
1396 2346 1613 2402 quoque
1670 2330 1882 2395 generis
1912 2329 1999 2383 ille
2025 2330 2115 2395 sit,

541 2424 684 2493 quod
715 2439 871 2478 suum
902 2424 1035 2478 illud
1064 2424 1340 2493 exemplar
1370 2423 1649 2477 imitetur?
1671 2420 1807 2476 Cum
1834 2421 1999 2487 enim,
2024 2419 2119 2475 ubi

541 2528 758 2567 summa
791 2514 900 2567 duo
929 2513 1175 2583 quaedam
1210 2514 1351 2567 inter
1379 2528 1498 2568 sese
1542 2512 1737 2582 opponi
1767 2520 1998 2578 constat,
2023 2527 2119 2567 cu-

539 2603 784 2672 jusmodi
812 2614 938 2659 sunt
981 2606 1192 2659 ratione
1214 2606 1524 2674 praeditum,
1561 2617 1615 2659 ct
1648 2605 1876 2659 rationis
1903 2620 2113 2674 expers.

541 2692 611 2748 de
639 2696 799 2747 tertio
829 2695 1011 2763 aliquo
1039 2695 1340 2760 dubitatur,
1396 2696 1574 2750 utrius
1623 2697 1677 2748 in
1724 2694 1898 2749 classe
1927 2708 2117 2748 nume-

543 2800 716 2854 roque
762 2786 1071 2854 ponendum
1102 2786 1216 2840 sit:
1255 2795 1370 2840 tum
1409 2785 1456 2841 is
1499 2800 1716 2856 quoque
1742 2786 1956 2854 probari
1982 2786 2120 2839 solet

539 2877 945 2930 demonstrandi
980 2878 1207 2943 modus,
1250 2892 1360 2946 quo
1408 2876 1515 2930 utri
1542 2894 1573 2931 e
1598 2877 1815 2931 duobus
1847 2875 2022 2931 simile
2048 2876 2118 2930 sit

541 2968 865 3021 ostenditur.
940 2966 1031 3023 Sic
1059 2968 1236 3031 enim,
1268 2968 1483 3022 tametsi
1515 2968 1687 3036 prima
1722 2966 1960 3020 hominis
1984 2975 2115 3020 aetas

541 3059 769 3113 rationis
796 3068 849 3113 et
877 3060 1091 3114 consilii
1125 3060 1333 3113 laboret
1367 3060 1572 3128 inepia,
1598 3058 1862 3127 multique
1887 3066 2114 3126 praeter-

538 3166 600 3204 ca
628 3151 697 3204 ad
754 3151 925 3220 ipsam
961 3166 1136 3220 usque
1162 3159 1498 3205 senectutem
1551 3152 1604 3205 in
1638 3150 1887 3219 plurimis
1914 3150 2116 3219 impru-

540 3242 725 3295 dentia
774 3257 837 3296 ac
880 3243 1179 3296 temeritate
1213 3241 1505 3295 labantur:
1539 3242 1685 3311 quod
1719 3251 1899 3295 tamen
1936 3240 2114 3295 homi-

542 3350 672 3388 num
702 3350 872 3404 genus
914 3350 1039 3390 cum
1073 3350 1134 3389 ea
1180 3343 1395 3401 natura,
1441 3339 1600 3402 cujus
1631 3334 1839 3403 integra
1872 3333 2115 3389 sincera-

539 3442 646 3496 que
697 3427 836 3480 ratio
876 3436 980 3489 est,
1035 3427 1331 3481 multarum
1384 3426 1801 3480 similitudinum
1857 3425 2117 3480 societate

540 3519 894 3587 eonjunctum
931 3520 1034 3583 sit,
1067 3520 1208 3573 idem
1246 3519 1359 3587 jam
1412 3519 1539 3573 inde
1586 3519 1654 3573 ab
1698 3518 1853 3573 initio
1889 3518 2116 3573 rationis

540 3624 766 3677 compos
801 3609 1045 3663 habitum
1081 3617 1184 3664 est.
1238 3608 1374 3662 Cum
1410 3609 1590 3678 itaque
1617 3608 1833 3665 divinus
1862 3608 1949 3664 ille
1982 3608 2114 3663 deo-

540 3715 662 3757 mm
700 3710 904 3765 cintus,
942 3701 1075 3755 nihil
1110 3717 1349 3772 unquam
1371 3742 1385 3766 ,
1420 3714 1480 3755 ut
1513 3710 1754 3768 constat,
1808 3700 2115 3757 detrimenti

541 3807 736 3862 capere
784 3793 951 3861 possit
987 3812 1000 3847 :
1037 3802 1301 3848 terrestre
1331 3802 1519 3848 contra
1566 3809 1733 3865 genus
1781 3793 2115 3864 corruptioni

541 3885 842 3938 obnoxium
879 3900 999 3939 esse
1041 3900 1201 3941 nemo
1240 3902 1348 3940 non
1382 3885 1559 3939 videat
1603 3905 1616 3939 :
1654 3886 1709 3939 in
1757 3886 1847 3940 illa
1877 3886 2117 3955 profecto

540 3976 901 4040 dubitatione,
938 3992 1043 4045 qua
1089 3979 1333 4032 nonnulli
1359 3979 1582 4043 haerent,
1637 3986 1820 4032 utrum
1850 3979 1916 4031 ad
1947 3993 2117 4049 genus

542 4068 789 4121 animum
839 4068 1133 4139 adjungere
1164 4069 1415 4134 debeant,
1446 4069 1570 4138 jure
1606 4069 1762 4123 Plato
1789 4069 2118 4137 investigan-

542 4159 670 4212 dam
712 4174 780 4214 ex
829 4159 1190 4215 similitudine
1240 4161 1522 4216 veritatem
1580 4162 1808 4231 putavit.
1846 4160 2004 4231 555
2051 4160 2120 4214 Et

541 4250 805 4319 quoniam
856 4251 973 4320 ipse
1015 4267 1136 4306 cum
1168 4267 1231 4307 ea
1259 4260 1452 4306 natura
1496 4269 1618 4322 quae
1646 4253 1870 4308 dissolvi
1919 4262 2114 4323 potest,

541 4358 663 4409 qua!
687 4352 872 4398 mente
913 4342 1077 4397 simul
1119 4359 1184 4397 ac
1208 4345 1315 4398 vita
1351 4354 1519 4410 caret,
1554 4361 1781 4415 quaeque
1816 4353 1963 4401 tactu
1993 4361 2119 4415 pro-

541 4438 723 4498 pterea
750 4432 1071 4502 exterisque
1099 4434 1351 4489 sensibus
1383 4436 1636 4504 usurpari
1685 4435 1845 4490 solita
1872 4476 1888 4500 ,
1937 4436 2119 4491 nasci-

541 4529 631 4575 tur
654 4525 857 4592 pariter
898 4534 952 4579 et
996 4527 1399 4596 exstinguitur,
1432 4527 1705 4583 alliuitatis
1736 4529 1869 4582 nihil
1906 4527 2068 4582 habet
2102 4546 2115 4581 :

540 4627 666 4667 cum
703 4630 767 4668 ea
800 4631 929 4670 vero
958 4616 1251 4685 plurimum
1272 4659 1287 4684 ,
1339 4633 1457 4687 qua:
1485 4618 1667 4672 divina
1697 4627 1751 4673 et
1795 4618 2119 4674 immortalis

542 4714 647 4769 est,
685 4722 807 4776 qua:
837 4723 945 4761 non
976 4708 1118 4770 visu,
1153 4709 1246 4763 sed
1278 4718 1455 4763 mente
1488 4709 1800 4779 percipitur,
1850 4726 1971 4780 qua:
1996 4711 2123 4765 vita)

542 4799 813 4868 particeps
859 4808 944 4853 est
993 4810 1331 4870 cognataque
1381 4800 1614 4863 veritati,
1665 4816 1730 4855 ac
1773 4801 1983 4857 caeteris
2034 4803 2117 4855 iu—

543 4898 747 4942 structa
782 4889 1025 4956 dotibus,
1075 4907 1213 4961 quas
1246 4893 1299 4945 in
1328 4893 1513 4945 animo
1562 4892 1920 4962 philosophus
1949 4908 2119 4961 agno-

544 4981 648 5035 scit
683 5000 695 5035 :
727 4981 921 5035 adduci
948 4983 1121 5051 potuit
1151 4999 1451 5052 nunquam,
1484 4992 1543 5038 ut
1572 4984 1707 5040 alias
1735 4983 1829 5036 Dei
1863 4984 2118 5039 similitu-

542 5073 698 5127 dines
747 5074 801 5126 in
851 5088 916 5127 eo
966 5075 1191 5143 reperiri
1223 5076 1575 5141 concederet,
1609 5075 1860 5131 essentize
1883 5075 2114 5144 conjun-

544 5164 775 5219 ctionem
810 5175 864 5219 et
889 5165 1200 5221 afﬁnitatem
1249 5177 1501 5237 negaret,
1539 5169 1696 5238 cujus
1738 5170 1901 5224 unius
1951 5185 2116 5224 causa

545 5258 600 5311 ἱιι
629 5267 948 5312 cancrorum
1001 5270 1445 5315 ornamentorum
1490 5264 1926 5317 communionem
1958 5277 2116 5316 voea-

616 5413 727 5482 (80)
756 5413 861 5465 Καὶ
892 5414 1094 5467 αὐτοῦ.
1127 5413 1265 5480 Quid
1297 5414 1338 5469 si
1372 5416 1464 5467 καὶ
1486 5413 1680 5479 ἀπτοῦ,
1708 5415 1790 5469 vel
1818 5415 1911 5467 καὶ
1932 5414 2113 5481 λυτοῦ,

546 5500 666 5554 quae
704 5500 861 5537 voces
891 5486 1051 5554 paqu
1083 5496 1204 5554 post
1229 5486 1572 5539 adhibentur.

618 5552 729 5621 (81)
766 5552 1109 5627 Περιαιρῶνζ
1160 5555 1307 5627 Alias
1336 5559 1657 5627 περιαιρεῖν,
1715 5557 2112 5620 circumcidere,

553 5632 647 5676 nut
677 5624 908 5698 omnino
928 5625 1114 5681 tollere
1142 5636 1253 5692 est;
1292 5626 1379 5682 hic
1410 5624 1477 5681 ἰιι
1524 5624 1754 5691 videtur,
1802 5627 2114 5698 περιλαϐεῖν

546 5709 640 5746 seu
670 5693 1009 5747 καταλαϐεῖν.

619 5764 729 5832 (8:2)
763 5766 862 5817 Ὃν
894 5766 1197 5834 πεποίηκε.
1228 5764 1467 5822 Dubitari
1494 5784 1599 5823 non
1629 5775 1825 5841 potest,
1855 5766 1982 5839 quin
2020 5767 2111 5823 dc-

2709 1575 3103 1635 ΚΕΦΑΛΑΙΟΝ
3150 1573 3251 1625 ΚΗ
3270 1611 3287 1625 .

2558 1672 2894 1743 Πορφυρίου
2928 1668 3059 1737 περὶ
3106 1665 3211 1719 τοῦ
3246 1660 3449 1717 αὐτοῦ.

2293 1792 2312 1824 ι
2361 1770 2566 1825 Αὐτίκα
2595 1768 2751 1836 λόγον
2798 1762 3015 1833 ἰσχυρὸν
3063 1755 3197 1811 εἶναι
3240 1752 3491 1808 δοκοῦντα
3523 1749 3588 1819 τῷ
3620 1746 3719 1800 11λὰ-

2218 1882 2345 1918 τωνι
2368 1866 2447 1927 εἰς
2471 1861 2808 1933 παράστασιν
2838 1855 2935 1923 τῆς
2960 1853 3137 1922 ψυχῆς
3165 1844 3479 1910 ἀθανασίας,
3496 1842 3573 1895 τὸν
3590 1838 3721 1933 ἕκτον

2216 1956 2423 2027 ὁμοίου.
2474 1932 2689 2023 Είγάρ
2739 1946 2900 2018 ὁμοία
2948 1942 3025 2013 τῷ
3065 1940 3213 2011 θείῳ,
3264 1938 3358 1991 καὶ
3395 1932 3721 2027 omnem

2218 2026 2403 2111 ἀειδεῖ,
2432 2046 2524 2100 καὶ
2550 2041 2885 2109 ἀσκεδάστῳ,
2912 2038 3003 2091 καὶ
3024 2033 3314 2102 ἀδιαλύτῳ,
3337 2029 3429 2083 καὶ
3449 2026 3721 2096 οὐσιωμένις,

2218 2140 2311 2193 καὶ
2354 2136 2646 2191 συνεστῶτι
2685 2136 2742 2187 ἐν
2791 2128 3086 2200 ἀφθαρσίᾳ·
3120 2124 3236 2187 πῶς
3283 2124 3344 2176 οὔ
3383 2120 3475 2174 τοῦ
3503 2120 3657 2187 γένους
3678 2118 3722 2168 ἰ.

2218 2230 2303 2301 εἴη
2334 2228 2428 2281 τοῦ
2460 2226 2602 2281 κατὰ
2632 2224 2693 2277 τὸ
2722 2220 3099 2293 παράδειγμα;
3145 2216 3318 2268 Ὅταν
3351 2211 3456 2282 γὰρ
3494 2206 3725 2301 ode-stum

2217 2297 2399 2391 ἄκρων
2424 2315 2667 2387 ἐναργῶς
2691 2310 2966 2369 ἐναντίων,
2998 2301 3110 2360 οἷον
3129 2301 3355 2372 λογικοῦ
3380 2318 3436 2353 τε
3456 2300 3545 2391 καί
3560 2297 3722 2391 ἀλόγου,

2218 2386 2342 2467 ἄλλο
2362 2428 2414 2463 τι
2436 2386 2866 2479 ἀμφισϐητῆται,
2895 2402 3055 2463 ποίας
3079 2398 3195 2451 ἐστὶ
3225 2395 3465 2467 μερίδος,
3498 2386 3567 2454 εἷς
3589 2386 3643 2460 ἦν
3658 2388 3726 2441 καὶ

2217 2522 2372 2567 ουτος
2398 2502 2601 2572 τρόπος
2628 2495 2973 2561 ἀποδείξεως,
3001 2491 3089 2545 διὰ
3117 2489 3210 2543 τοῦ
3235 2487 3410 2552 δεῖξαι
3436 2486 3531 2538 τίνι
3557 2484 3644 2535 τῶν
3663 2483 3727 2534 ἀν-

2216 2594 2535 2666 τικειμένων
2563 2593 2762 2661 ὅμοιον.
2786 2587 2943 2641 Οὕτω
2974 2586 3103 2655 γὰρ,
3129 2581 3334 2651 καίπερ
3362 2582 3419 2633 ἐν
3444 2576 3610 2646 ἀλογίᾳ
3628 2572 3727 2666 κατᾶ

2220 2663 2441 2760 πριῆην
2457 2683 2669 2755 ἠλικίαν
2689 2680 2780 2732 τοῦ
2802 2675 3139 2748 ἀνθρωπίνου
3156 2672 3352 2741 γένους
3369 2663 3726 2760 κατεσχημένου,

2220 2757 2426 2834 πολλῶν
2447 2793 2507 2829 τε
2527 2776 2653 2846 ἄχρι
2676 2774 2858 2843 γήρως
2875 2772 2933 2822 ἐν
2947 2769 3057 2829 τοῖς
3074 2768 3171 2836 τῆς
3192 2762 3421 2830 ἀλογίας
3440 2757 3729 2830 ἁμαρτήμασι

2220 2870 2638 2935 πλεοναζόντων,
2663 2867 2811 2937 ὅμως
2825 2860 2912 2915 διὰ
2933 2860 2993 2912 τὸ
3009 2857 3084 2929 τῷ
3106 2854 3369 2928 καθαρῶς
3382 2850 3568 2920 λογικῷ
3584 2846 3731 2904 πολλὰς

2215 2965 2536 3036 ὁμοιότητας
2549 2960 2754 3031 φέρειν,
2768 2953 2981 3022 λογικὸν
2996 2947 3133 3004 εἶναι
3148 2949 3208 3001 τὸ
3221 2948 3383 3017 γένος
3397 2944 3541 2998 τοῦτο
3554 2940 3731 3036 ἐξαρχῇς

2215 3032 2528 3125 eamdem
2558 3054 2746 3115 Ὄντος
2778 3044 2871 3102 οὖν
2903 3045 3046 3099 θείου
3082 3043 3448 3113 συστήματος,
3472 3037 3557 3090 καὶ
3574 3032 3730 3125 (impi-

2214 3170 2327 3215 του,
2347 3150 2442 3204 καὶ
2459 3145 2767 3218 ἀλυμάντου
2793 3137 3105 3213 προφανῶς,
3136 3134 3231 3189 τοῦ
3260 3134 3372 3187 τῶν
3393 3130 3539 3185 θεῶν’
3560 3128 3677 3188 owe;
3691 3123 3729 3175 δε

2216 3244 2376 3296 πάλιν
2411 3239 2656 3311 ἐναργῶς
2686 3235 2780 3289 τοῦ
2811 3232 3021 3305 χθονίου
3049 3230 3141 3282 καὶ
3159 3226 3329 3280 αὐτοῦ
3354 3224 3482 3295 (80),
3503 3223 3584 3274 καὶ
3597 3218 3731 3311 ἐνδια-

2216 3336 2389 3406 φθορᾷ
2420 3307 2694 3402 κειμένου,
2730 3324 3072 3398 ἀμφισϐητου
3083 3321 3252 3393 μένης
3280 3318 3340 3371 δὲ
3380 3315 3525 3410 τιαρά
3550 3328 3639 3410 τισι

2214 3426 2411 3497 ψυχῆς,
2431 3422 2535 3475 τίνι
2550 3418 2922 3494 προκειμένων
2943 3414 3006 3486 μέ
3014 3430 3094 3485 ρει
3116 3407 3584 3483 ’τηεροσκεχώρηκεν⁸
3601 3406 3651 3497 ὲκ

2216 3493 2527 3588 δμόιδτητθς
2561 3493 2710 3583 ᾠήθη
2751 3512 2779 3563 ὁ
2812 3507 3034 3561 Πλάτων
3065 3504 3175 3557 δεῖν
3205 3500 3506 3573 ἀνιχνεύειν
3533 3497 3615 3567 τὴν
3636 3493 3731 3561 dli;-

2217 3609 2384 3662 θειαν.
2404 3606 2512 3659 Καὶ
2533 3603 2718 3674 ἐπειδὴ
2738 3601 2815 3671 τῷ
2839 3600 2935 3671 μὲν
2956 3596 3133 3667 θνητῷ
3154 3612 3213 3647 τε
3235 3596 3338 3647 καὶ
3357 3591 3517 3663 λυτῷ,
3541 3591 3618 3643 καὶ
3652 3589 3731 3639 ἁνι-

2216 3703 2349 3772 ήτῳ,
2374 3698 2469 3751 καὶ
2490 3696 2635 3767 ζωῆς
2656 3694 2905 3765 ἀμετόχῳ
2922 3692 3016 3743 καὶ
3036 3690 3123 3743 διὰ
3143 3687 3309 3742 τοῦτο
3330 3685 3484 3757 ἁπτῷ
3516 3700 3569 3736 τε
3586 3681 3659 3733 καὶ
3674 3680 3731 3730 αξ-

2218 3791 2419 3864 σθητῷ,
2444 3792 2538 3843 καὶ
2557 3788 2845 3858 γινομένῳ,
2870 3786 2964 3837 καὶ
2984 3781 3349 3851 ἀπολλυμένῳ
3366 3776 3598 3848 οὐδαμῶς
3610 3774 3729 3864 ἔοικεῖ

2216 3882 2291 3954 τῷ
2307 3860 2538 3952 θέίθείῳ,
2560 3880 2653 3933 καὶ
2668 3877 2938 3947 ἀθανάτῳ,
2967 3876 3061 3928 καὶ
3083 3873 3272 3937 ἀειδεῖ,
3308 3873 3405 3925 καὶ
3423 3868 3593 3940 νοερῷ,
3618 3860 3732 3930 ζῶντί

2216 3990 2275 4026 τε
2310 3973 2403 4025 καὶ
2434 3970 2691 4041 ἀληθείας
2722 3969 2992 4037 συγγενεῖ,
3036 3965 3130 4018 καὶ
3158 3964 3264 4017 ὅσα
3309 3966 3511 4023 ἐκεῖνος
3539 3958 3643 4029 περὶ
3664 3955 3731 4009 αὖ·

2216 4069 2313 4137 τῆς
2333 4063 2730 4132 ἀναλογίζεται·
2755 4061 2927 4114 ἐδόκει
2957 4058 3031 4130 μὴ
3045 4058 3144 4120 τὰς
3166 4057 3267 4127 μὲν
3291 4056 3458 4118 ἄλλας
3480 4050 3733 4123 ὁμοιότητας

2217 4158 2309 4212 τοῦ
2332 4157 2465 4211 Θεοῦ
2495 4158 2691 4211 ἐνεῖναι
2724 4154 3044 4223 συγχωρεῖν,
3074 4150 3134 4202 τὸ
3152 4150 3207 4202 δὲ
3225 4149 3333 4219 τῆς
3353 4146 3532 4208 οὐσίας
3556 4139 3734 4212 ἐμφερὲς

2218 4254 2311 4306 ἀπ’
2346 4251 2516 4322 αὐτῆς
2562 4248 2765 4302 ἐθέλειν
2800 4245 3032 4308 ἀθετεῖν,
3077 4242 3144 4296 δι’
3190 4241 3218 4294 ὃ
3260 4242 3359 4295 καὶ
3401 4238 3588 4292 τούτων
3614 4229 3733 4322 at}???

2145 4308 2185 4365 Ο
2220 4346 2399 4415 τυχεῖν
2452 4308 2816 4412 συμϐέϐηκεν.
2880 4338 3091 4406 ’Ὠσπερ
3138 4333 3251 4405 γὰρ
3296 4333 3368 4386 τὰ
3401 4328 3662 4415 ἐνεργείαις

2219 4412 2337 4504 Θεῷ
2361 4434 2588 4503 ἀνόμοια
2610 4430 2770 4493 εὐθὺς
2796 4429 2888 4481 καὶ
2917 4430 2983 4497 τῇ
3016 4426 3268 4479 συστάσει
3301 4425 3402 4494 τῆς
3432 4421 3597 4481 οὐσίας
3618 4412 3731 4481 ἐξήλ-

2217 4525 2402 4589 λακτο,
2454 4523 2625 4585 οὕτως
2672 4519 2960 4575 ἀκόλουθον
3006 4515 3145 4572 εἶναι
3186 4516 3254 4571 τὰ
3299 4516 3412 4569 τῶν
3464 4512 3614 4568 αὐτῶν

2219 4615 2505 4689 ἐνεργειῶν
2546 4615 2743 4686 μέτοχα
2772 4612 2991 4681 φθάνειν
3024 4612 3123 4684 τὴν
3156 4609 3454 4680 ὁμοιότητα
3484 4605 3571 4674 τῆς
3594 4598 3733 4689 οὐσίας

2219 4687 2383 4778 κεκτη
2394 4707 2548 4778 μένα.
2579 4704 2678 4758 Διά
2698 4703 2808 4775 γὰρ
2827 4704 2925 4774 τὴν
2949 4703 3106 4755 ποιὰν
3124 4702 3340 4763 οὐσίαν,
3360 4697 3516 4760 ποιὰς
3537 4690 3649 4747 εἶναι
3666 4687 3733 4740 nl

2217 4798 2315 4861 τὰς
2348 4797 2642 4866 ἐνεργείας,
2672 4795 2748 4859 ὡς
2787 4794 2853 4848 ἂν
2882 4794 2974 4846 ἀπ’
3006 4794 3177 4863 αὐτῆς
3217 4791 3470 4862 ῥεούσας,
3498 4787 3579 4841 καὶ
3605 4779 3731 4845 αὑτῆς

2217 4890 2380 4953 οὔσας
2410 4888 2781 4959 βλαστήματα.
2814 4885 3016 4939 Τούτου
3033 4885 3210 4937 τοίνυν
3226 4883 3325 4936 τοῦ
3352 4883 3505 4951 λόγου
3518 4878 3602 4948 τὴν
3613 4874 3731 4927 δύνει-

2221 5005 2311 5058 μιν
2341 4983 2635 5057 περιαιρῶν
2655 4982 2763 5053 (81)
2789 4984 2816 5035 ὁ
2831 4980 3052 5051 Βοηθὸς,
3070 4979 3377 5032 ἐπάκουσον
3407 4976 3554 5036 εὐθὺς
3568 4973 3615 5022 ἐν
3627 4965 3729 5058 ἀργῇ

2217 5056 2309 5130 τοῦ
2340 5056 2496 5145 λόγου
2528 5076 2587 5128 ὃν
2616 5075 2882 5145 πεποίηκε
2910 5071 3287 5143 (82),γράφων
3319 5069 3504 5130 οὕτως·
3538 5082 3555 5116 t
3584 5062 3637 5115 Εἰ
3661 5056 3731 5129 μὲν

2217 5170 2479 5232 ἀθάνατός
2503 5170 2705 5238 ἐστιν-ἡ
2736 5165 2900 5236 ψυχὴ,
2933 5166 3027 5218 καὶ
3049 5163 3246 5225 παντὸς
3281 5162 3498 5232 ὀλέθρου
3527 5153 3729 5227 κρείττων

2216 5281 2300 5327 τις
2327 5262 2506 5332 φύσις,
2535 5260 2760 5322 πολλοὺς
2793 5259 3158 5329 ἀναμείναντα
3195 5255 3302 5327 χρὴ
3329 5256 3421 5309 καὶ
3450 5243 3728 5323 περιηγησάο

2218 5420 2484 5475 siderelur
2534 5417 2758 5487 aliquid.
2812 5416 2973 5471 Forte
3030 5412 3475 5487 subaudiendum
3507 5409 3574 5487 ῶς

2216 5471 2661 5560 ἀέοδέήχεταιξνὲι
2687 5489 2763 5550 ὡς
2783 5487 3136 5558 διεξέρχεται,
3183 5493 3276 5537 aut
3316 5482 3385 5535 al.
3434 5481 3610 5535 simile.

2216 5553 2658 5633 malisiquoalt.
2699 5553 3052 5633 manuscript.
3087 5561 3455 5633 repraesentat,
3482 5553 3728 5633 τεερισιρινξ

2215 5634 2243 5684 ὁ
2279 5622 2487 5701 βοηθὸς,
2522 5632 2579 5683 ἐν
2627 5631 2766 5700 ἀρχῇ
2810 5627 2903 5680 τοῦ
2949 5622 3105 5695 λόγου
3148 5622 3423 5701 γέγραφεν
3466 5622 3727 5680 οὖτωςνῧθο

2220 5697 2595 5774 imperativum
2625 5697 2925 5754 ἐπάκουσον
2956 5697 3215 5772 agnoscit.
