3840 6370
136 316 223 369 Εὖ

1206 325 1523 384 ΡΒίΕΡΑΚ.
1571 330 1816 391 EVANG.
1860 336 1986 393 LIB.
2028 339 2129 395 XI.

3193 355 3299 409 99.6

134 453 264 506 μενον
290 435 463 503 λόγους
484 437 874 507 ἀποφήνασθαι.
903 443 976 495 Τὸ
999 444 1180 514 μέντοι
1207 448 1313 501 τῶν
1340 452 1466 520 περὶ
1493 453 1627 522 ἡμᾶς

1743 468 1827 512 tus
1852 470 2014 515 esset.
2051 458 2118 514 Ut
2140 460 2281 515 enim
2306 477 2429 532 quae
2458 461 2568 517 Deo
2595 465 2785 534 agendi
2813 465 2862 518 vi
2889 466 3102 536 rituque
3131 468 3299 523 dissi-

128 528 390 598 ὁμοιότερον
416 528 576 599 μηδὲν
602 532 848 598 γενέσθαι
875 535 991 605 Θεῴ
1018 537 1223 610 ψυχῆς,
1257 542 1317 593 οὐ
1346 543 1544 613 πολλῆς
1576 546 1638 598 ἄν

128 636 193 681 τις
218 617 405 687 δεηθεὶς
444 623 822 691 πραγματείας
870 628 1227 681 πιστεύσειεν·
1269 633 1330 684 οὐ
1367 633 1523 702 μόνον
1553 633 1640 686 διὰ

126 711 175 761 τὸ
200 709 392 779 συνεχὲς
431 712 523 763 καὶ
562 712 834 768 ἄπαυστον
866 718 964 787 τῆς
994 721 1276 790 κινήσεως,
1328 725 1391 793 ἢν
1424 726 1481 777 ἐν
1510 726 1638 794 ἡμῖν

125 801 369 863 ἐνδίδωσιν,
401 802 546 865 ἀλλά,
580 805 671 858 τοῦ
712 807 831 860 καθ’
870 810 1065 881 ἑαυτὴν
1098 813 1207 865 νοῦ.
1243 816 1337 878 El;
1368 818 1502 887 ὅπερ
1530 818 1637 869 ἀπ-

128 892 224 944 ιδὼν
246 893 369 945 καὶὸ
394 895 774 967 Κροτωνιάτης
798 900 1023 967 φυσικὸς
1048 903 1182 974 (85),
1202 900 1353 959 εἶπεν
1373 907 1637 961 ἀθάνατον

124 983 259 1051 αὐτὴν
304 978 478 1047 οὖσαν,
542 988 634 1039 καὶ
671 990 850 1041 πᾶσαν
897 990 1129 1063 ἠρεμίαν
1179 995 1337 1062 φύσει
1394 997 1635 1066 φεύγειν,

124 1073 273 1142 ὥσπερ
290 1074 353 1125 τά
373 1074 487 1129 θεῖα
508 1076 616 1132 τῶν
642 1081 926 1150 σωμάτων,
963 1084 1119 1139 Ἀλλά
1143 1088 1236 1140 καὶ
1262 1087 1513 1156 καθάπαξ
1540 1092 1637 1162 τὴν

125 1164 235 1253 ἰδίαν
259 1168 346 1236 τῆς
372 1166 569 1238 ψυχῆς,
605 1171 699 1224 καὶ
730 1173 963 1242 μάλιστα
994 1176 1083 1229 τὸν
1123 1177 1357 1249 ἄρχοντα
1404 1184 1460 1235 ὲν
1507 1184 1636 1253 ἡμῖν

120 1251 231 1314 νοῦν,
258 1254 477 1322 ὁπηλίκα
497 1256 834 1330 βουλεύματα
857 1266 948 1317 καὶ
970 1266 1147 1337 ὁρμὰς
1174 1269 1433 1336 πολλάκις
1450 1251 1637 1337 ὁποίας

119 1339 336 1433 υποκινεῖ,
374 1343 450 1414 τῷ
496 1351 888 1421 κατανοήσαντι
930 1354 1094 1426 πολλή
1139 1374 1219 1421 τις
1250 1359 1317 1412 ἂν
1364 1363 1501 1433 πρὸς
1546 1365 1637 1418 τὸν

117 1432 219 1485 Θεὸν
239 1437 475 1507 ὁμοιότης
498 1440 822 1515 ὑποφανείη.
862 1465 888 1497 ι.
918 1449 1026 1501 Καὶ
1061 1448 1184 1520 ιξῆς
1216 1432 1474 1522 ἐπιλέγει·
1515 1475 1533 1507 ι
1572 1458 1635 1509 El

116 1524 646 1619 ⁴ςιὶρ-ιῖιςόμοιότατον
689 1533 766 1605 τῷ
813 1535 943 1608 θείῳ
992 1540 1207 1595 πάντων
1254 1547 1548 1616 χρημάτων
1600 1553 1635 1619 ἡ

116 1615 229 1687 ψυχὴ
251 1617 531 1687 δείκνυται,
568 1624 653 1688 τίς
689 1626 769 1680 ἔτι
796 1630 953 1697 χρεία
984 1631 1091 1685 τῶν
1118 1634 1289 1689 ἄλλων
1318 1615 1517 1693 δεῖσθαι
1552 1615 1637 1695 λό-ζ

116 1721 200 1771 των
219 1710 289 1770 εὶς
314 1710 583 1778 ἀπόδειξιν
610 1717 711 1787 τῆς
736 1720 1031 1787 ἀθανασίας
1069 1726 1256 1799 αὐτῆς,
1290 1730 1635 1801 προοιμιαζὸ-

115 1813 255 1863 μενον,
285 1802 372 1853 καὶ
398 1804 472 1874 μὴ
511 1806 609 1859 καὶ
634 1808 819 1863 τοῦτον
865 1812 941 1876 ὡς
985 1814 1079 1868 ἕνα
1111 1818 1249 1887 μετά
1276 1820 1382 1873 τῶν
1422 1823 1631 1878 πολλῶν
1664 1804 1704 1857 Β

113 1889 520 1985 καταριθμοῦντα,
565 1898 746 1953 ἰκανὸν
773 1901 900 1957 ὄντα
932 1908 1182 1977 ἐντρέψαι
1211 1912 1335 1975 τοὺς
1361 1913 1634 1985 εὐγνώμο-

110 1995 203 2081 ναςί
222 1980 286 2045 ὡς
316 1984 413 2081 οὐκ
436 1985 505 2081 ἂν
538 1989 647 2081 τῶν
676 1993 811 2081 et).sz
822 1995 926 2065 ρῶν
944 1997 1022 2068 τῷ
1042 2000 1175 2071 θείῳ
1197 1980 1455 2075 μετέσχεν
1484 1980 1635 2077 ὲνερ-

111 2075 254 2168 γειῶν,
280 2075 350 2168 μή
374 2092 454 2168 τοι
483 2076 607 2131 θεία
632 2098 694 2148 γε
727 2079 860 2138 οὖσα
886 2088 978 2139 καὶ
1003 2088 1168 2161 add];
1203 2092 1265 2144 Εί
1292 2093 1400 2165 γὰρ
1432 2075 1632 2168 καίπερ

111 2160 153 2212 ἐν
180 2162 244 2231 τῷ
275 2163 446 2237 θνητῷ
480 2170 580 2223 καὶ
619 2172 779 2243 λυτῷ,
815 2177 908 2229 καὶ
940 2180 1168 2251 ἀνοήτῳ,
1200 2185 1292 2237 καὶ
1326 2185 1445 2238 καθ’
1472 2160 1631 2242 ἑαυτό

114 2254 263 2353 θεκριξι,
297 2260 383 2311 καὶ
416 2261 507 2313 ἀεὶ
535 2264 914 2339 ἀπολλυμένῳ,
958 2274 1049 2325 καὶ
1087 2274 1389 2346 διαρῤἐοντι
1427 2281 1506 2343 είς
1532 2282 1631 2353 τὴν

106 2346 179 2414 τῆς
209 2348 466 2416 ἀπωλείας
509 2357 833 2430 μεταϐολὴν,
863 2367 1355 2439 κατορωρυγμένη,
1397 2372 1527 2425 αὐτό
1569 2346 1629 2426 τε

106 2441 216 2489 ποιεῖ
239 2442 322 2493 καὶ
349 2445 590 2514 συνέχει,
618 2448 711 2501 καὶ
734 2449 830 2520 τὴν
858 2452 1053 2524 ἑαυτῆς
1082 2456 1229 2509 θείαν
1257 2460 1629 2517 ἀναδείκνυσιν

106 2528 283 2625 οὐσίαν,
320 2535 521 2606 καίπερ
572 2540 1042 2616 ἑπιπροσθουμένη
1094 2549 1187 2601 καὶ
1231 2550 1629 2625 ἐμποδιζομένη

106 2618 184 2720 ὑπὸ
207 2623 285 2720 τοῦ
313 2630 677 2720 προκειμένου
708 2635 844 2705 αὑτῇ
896 2638 1242 2711 πανωλέθρου
1266 2618 1625 2715 πλάσματος·

218 2716 357 2809 είτῷ
389 2718 535 2790 λόγῳ
574 2724 888 2795 χωρισθείη,
926 2727 1112 2801 ὥσπερ
1146 2734 1365 2803 χρυσίον
1399 2754 1624 2809 περιπε-

106 2802 361 2898 τλασμένου
405 2811 611 2881 πηλοῦ,
650 2815 749 2868 οὐκ
792 2817 1014 2871 αὐτόθεν
1057 2820 1123 2873 ἂν
1155 2822 1214 2875 τὸ
1258 2802 1629 2898 ἑαυτῆς-εἶδος

104 2894 356 2986 ξκξφήνειεν,
391 2902 467 2966 ὠς
497 2906 742 2977 ἐμφερὲς
778 2908 836 2960 ὃν
887 2911 1043 2980 μόνον
1083 2914 1161 2985 τῷ
1191 2914 1330 2986 Θεῷ,
1367 2894 1501 2973 ἀλλά
1534 2922 1628 2977 καὶ

104 2981 169 3078 διά
194 2987 244 3038 τὸ
275 2988 491 3059 μέτοχον
548 2992 716 3045 αὑτοῦ
757 2991 915 3060 εἶναι,
958 2998 1052 3051 καὶ
1086 2981 1182 3064 τάς
1218 2981 1291 3053 ἐν·
1313 2981 1433 3068 ταῖς
1472 3006 1625 3078 ἐνερ-

103 3074 235 3170 fin;
258 3080 579 3152 ὁμοιότητας
605 3082 884 3152 διασώζονν
915 3091 1008 3143 καὶ
1048 3092 1106 3143 ἐν
1134 3092 1210 3162 τῷ
1250 3092 1425 3166 θνητῷ
1460 3099 1626 3170 αὐτῆς

104 3164 265 3238 (ὥσπερ
287 3172 427 3225 ἐστὶν
450 3174 585 3227 ὅταν
606 3177 663 3227 ἐν
684 3177 761 3247 τῷ
790 3178 968 3251 θνητῷ
999 3184 1338 3257 καθειρχθῇ),
1365 3189 1451 3244 διὰ
1470 3153 1625 3246 τοῦτο
1651 3153 1698 3214 c

104 3255 507 3353 μὴλδιαλυόμενον,
538 3267 623 3319 ὅτι
650 3270 861 3336 φύσεως
880 3268 945 3343 ἦν
966 3275 1064 3345 τῆς
1087 3255 1311 3351 ἀμοίρου
1339 3282 1571 3353 φθορᾶς;
1601 3304 1619 3336 ι

104 3348 183 3400 Καὶ
209 3353 545 3421 ὑποκαταόάς
582 3376 765 3430 φησιν·
796 3382 815 3414 ι
848 3366 1086 3431 Εἰκότως
1111 3369 1166 3423 δὲ
1191 3348 1283 3425 καὶ
1308 3348 1424 3427 θεία
1443 3348 1628 3442 quive-

101 3456 165 3539 ται
182 3444 395 3539 ἀπότῆς
420 3452 568 3539 πρὸς
590 3452 682 3505 τὸν
714 3456 1005 3527 ἀμέριστον
1030 3462 1356 3531 ὁμοιώσεως·
1392 3467 1486 3518 καὶ
1508 3466 1628 3539 θνη-

100 3531 147 3601 τὴ
170 3538 247 3604 ἀφ’
268 3532 335 3593 ὧν
362 3543 741 3612 προσπελάζει
767 3552 831 3619 τῇ
864 3549 1029 3622 θνητῇ
1060 3554 1239 3621 φύσει,
1267 3550 1359 3607 καὶ
1389 3558 1621 3623 κάτεισι,

99 3627 167 3675 καὶ
193 3628 364 3694 ἄνεισι,
397 3635 494 3687 καὶ
524 3634 839 3709 θνητοειδής
873 3643 1009 3708 ἐστι,
1060 3647 1153 3698 καὶ
1197 3649 1309 3711 τοῖς
1339 3649 1624 3714 ἀθανάτοις

98 3716 310 3791 ἐμφερής.
348 3727 678 3799 Ἀνθρωπος
716 3732 823 3805 γὰρ
864 3736 958 3787 καὶ
999 3738 1028 3788 ό
1065 3738 1370 3808 γαστρίζων
1411 3742 1623 3810 ἑαυτὸν,

98 3810 488 3907 καὶκεκορέσθαι
534 3823 872 3889 σπουδάζων,
903 3828 976 3891 ὡς
1017 3829 1083 3883 τὰ
1114 3832 1305 3903 κτήνη·
1344 3834 1625 3907 ἄνθρωπος

96 3900 135 3953 δὲ
158 3906 286 3995 me
324 3910 518 3976 σώζειν
566 3916 625 3968 ἐν
657 3918 878 3987 πελάγει
916 3921 983 3974 δι’
1012 3900 1322 3995 ἐπιστήμης
1358 3928 1416 3981 ἐν
1444 3900 1627 3982 κινδύξ

97 4010 178 4058 νοις
214 3994 312 4063 οἷός
352 4019 412 4057 τι
452 4005 534 4059 ὢν
582 4007 679 4078 τὴν
719 4010 867 4077 ναῦν,
911 4014 1004 4065 καὶ
1044 4017 1071 4066 ό
1110 4014 1299 4080 σώζειν
1327 4020 1383 4071 ὲν
1425 4020 1619 4085 νόσοις,

95 4086 163 4136 καὶ
185 4088 207 4140 ὃ
232 4107 288 4156 γε
314 4092 409 4164 τὴν
442 4097 553 4166 μὲν
586 4098 841 4170 ἀλήθειαν
873 4103 1159 4174 εὑρίσκων,
1205 4109 1529 4178 μεθοδεύσας
1566 4114 1623 4168 δὲ

189 4183 311 4251 πρὸς
354 4186 615 4254 γνώσεως
658 4193 1005 4265 καταλήψεις,
1056 4199 1262 4270 πορίων
1296 4219 1353 4254 τε
1382 4205 1623 4275 εὑρέσεις

94 4269 561 4363 καὶάδροσκοπείων
604 4285 891 4354 τηρήσεις,
938 4288 1033 4340 καὶ
1080 4269 1336 4363 μιμήσεις
1372 4269 1479 4349 τῶν
1528 4297 1620 4351 τοῦ

95 4359 382 4461 λῇμιῆυργτξῦ
424 4372 749 4439 ποιημάτων
801 4359 1268 4450 μηχανησάμενος.
1308 4385 1647 4458 Ἀνθρωπος

95 4455 175 4519 γάρ
208 4455 486 4529 ἐπενόησεν
521 4463 616 4514 ἐπὶ
644 4464 748 4533 γῆς
781 4467 1025 4532 συνόδους
1053 4470 1160 4523 τῶν
1184 4474 1322 4528 ἑπτὰ
1351 4455 1485 4547 μετά
1512 4479 1619 4531 τῶν
1649 4499 1695 4555 D

95 4544 313 4644 κινήσεων
339 4550 767 4644 μιουργῆσαι,
792 4558 877 4619 διὰ
907 4564 1312 4633 μηχανημάτων
1342 4544 1410 4622 τὰ
1440 4571 1497 4622 ὲν
1526 4570 1617 4623 οὑ-

98 4642 208 4730 ξεινῴ
237 4642 587 4713 μιμούμενος.
624 4648 733 4716 Καὶ
774 4650 824 4701 τί
862 4652 968 4723 γὰρ
1012 4656 1110 4707 οὑκ
1141 4658 1454 4730 ἐπενόησεν,
1488 4661 1620 4715 ἀπο-

95 4721 263 4822 δεικνὺς
304 4735 392 4787 τὸν
445 4737 592 4791 θεῖον
627 4741 721 4793 καὶ
774 4742 890 4813 Θεῷ
920 4750 1295 4817 παρισωμένον
1339 4752 1395 4804 ἐν
1444 4753 1618 4823 ἐαυτῷ

97 4818 363 4913 ξῦνςᾼᾷ
391 4818 466 4878 ὧν
509 4827 776 4898 ὀλυμπίου
826 4848 882 4883 τε
928 4836 1022 4887 καὶ
1053 4835 1219 4904 θείου,
1255 4840 1348 4892 καὶ
1368 4818 1617 4913 οὐδαμῶς

95 4900 251 5004 θνητοῦ
290 4916 616 4989 τολμήματα
653 4921 961 4990 διαφαίνων,
992 4928 1118 4991 τοὺς
1160 4900 1380 4995 πολλοὺς
1412 4900 1615 5004 διάιςριζ

96 5001 275 5095 lamis";
321 5012 418 5080 τῆς
468 5012 650 5064 αὐτῶν
679 5016 757 5077 είς
783 5016 849 5069 τὰ
881 5020 1027 5073 κάτω
1055 5024 1226 5095 ῥοπῆς
1278 5026 1403 5079 ίδείν
1453 5001 1616 5082 αὐτὸν

94 5091 168 5160 οὔχ
185 5096 309 5162 οἴους
334 5118 391 5154 τε
412 5103 593 5168 ὄντας,
621 5108 685 5158 ὲκ
708 5108 813 5161 τῶν
836 5109 1033 5175 ἔξωθεν
1059 5091 1394 5187 φαινομένων
1414 5121 1615 5191 ὁμοίως

95 5189 241 5277 αυτοῖς
290 5192 566 5267 θνητοειδῆ
614 5197 850 5263 δοξάζειν
881 5204 1039 5258 αὐτὸν
1083 5208 1461 5263 ἀναπέπεικεν·
1496 5213 1615 5277 ἐνὸς

93 5273 214 5373 ὄντος
239 5284 324 5334 καὶ
353 5285 543 5339 τούτου
572 5288 771 5357 τρόπου
798 5296 895 5363 τῆς
926 5297 987 5347 ὲκ
1016 5299 1212 5361 κακίας
1242 5273 1611 5373 παραμυθίας,

91 5363 155 5461 ξό,
179 5373 237 5441 τῇ
255 5373 598 5431 ἀντανισὼσει
622 5383 721 5451 τῆς
742 5383 947 5439 ἑαυτῶν
972 5388 1280 5461 ἀθλιότητος
1298 5363 1384 5448 διὰ
1396 5363 1469 5449 τὰ
1483 5363 1609 5459 ego;

96 5454 167 5560 ξεν
191 5468 470 5560 φαινόμενα
502 5479 1100 5549 προσαναπαυομένους,
1131 5483 1335 5539 πείθειν
1367 5488 1609 5552 ἑαυτοὺς,

96 5564 159 5603 οτι
181 5552 246 5619 ὡς
274 5558 337 5612 τὰ
362 5561 485 5627 ἔξω,
505 5566 595 5617 καὶ
617 5565 686 5618 τά
714 5569 841 5622 εἵσω
865 5572 1037 5641 ὅμοιοι
1057 5576 1254 5641 πάντες
1274 5579 1568 5652 ἅνθρωποι.
1585 5604 1604 5635 ι

98 5664 246 5780 Ναίδδ)
274 5673 668 5759 Κροτωνιάζης
717 5684 988 5765 φυσικός.
1028 5685 1388 5759 Pythagoras,
1428 5695 1605 5750 credo.

136 5750 208 5787 am
230 5736 451 5795 Crotone
483 5756 817 5795 potissumum
844 5752 1033 5795 llnltr-m
1072 5760 1423 5795 muniamus...
1451 5765 1582 5795 Mi...

296 5752 451 5797 otone
483 5752 818 5813 potissimum
841 5752 1035 5813 ltalica:
1072 5752 1425 5823 philosophia:
1450 5765 1610 5821 scho-

1741 552 1886 605 milia
1918 562 2065 619 sunt,
2101 555 2285 608 eadem
2316 556 2573 608 continuo
2601 557 2669 609 ab
2690 559 2904 627 propria
2939 560 3085 614 illius
3111 576 3298 614 essen.-

1741 642 1827 696 tia:
1868 645 2076 699 ratione
2122 643 2404 699 discedunt
2438 664 2449 699 :
2493 646 2565 700 ita
2598 648 2752 715 plane
2792 664 3129 719 consequens
3154 667 3299 715 esse,

1739 744 1798 788 ut
1823 752 1943 805 qua:
1969 753 2054 791 res
2082 738 2323 792 eamdem
2348 746 2932 810 propemodum,quam
2956 742 3091 812 ipse,
3106 746 3305 814 agendi

1736 831 1843 884 vim
1871 848 1932 886 ac
1955 834 2215 887 rationem
2240 833 2457 899 habent,
2479 835 2591 903 jam
2618 851 2695 890 ea:
2724 837 2874 906 prius
2898 838 3148 892 essentia:
3172 853 3295 891 cum

1737 938 1803 977 eo
1832 923 2240 979 similitudinem
2288 927 2613 995 acceperint.
2674 927 2821 983 Talis
2864 928 3005 982 enim
3050 929 3303 982 essentne

1736 1015 1928 1084 gratia,
1956 1014 2091 1068 tales
2116 1014 2276 1068 etiam
2306 1030 2427 1069 esse
2449 1017 2639 1085 agendi
2674 1017 2837 1081 vires,
2860 1018 3058 1087 quippe
3084 1032 3205 1085 qua:
3228 1015 3309 1068 ait

1736 1122 1799 1160 ea
1848 1115 2101 1173 manent,
2152 1117 2205 1160 et
2250 1107 2491 1177 quzrdatn
2526 1109 2643 1177 eius
2685 1113 2843 1179 quasi
2874 1109 3115 1178 germina
3164 1108 3299 1162 sint.

1737 1198 1907 1269 Cujus
1948 1198 2251 1268 argumenti
2310 1198 2419 1252 vim
2466 1214 2589 1253 cum
2632 1200 2831 1268 optime
2868 1199 3105 1253 Boethus
3137 1212 3298 1266 cape—

1737 1298 1836 1354 ret,
1866 1288 1992 1342 audi
2031 1289 2110 1344 sis
2130 1290 2583 1358 quemadmodum
2621 1290 2736 1359 ipso
2765 1291 2945 1345 statim
2977 1304 3088 1344 suae
3110 1290 3303 1358 dispu-

1735 1379 1956 1434 tationis
2005 1380 2227 1435 exordio
2285 1392 2641 1448 persequatur
2694 1399 2708 1435 :
2769 1399 2787 1431 ι
2824 1378 3055 1445 Utrum,
3100 1379 3305 1448 inquit,

1736 1468 2057 1523 immortalis
2088 1469 2158 1523 sit
2191 1468 2429 1535 animus,
2476 1470 2731 1539 omnique
2782 1470 2999 1524 interitu
3027 1469 3296 1537 superior,

1735 1559 1828 1627 qui
1864 1573 1973 1612 rem
2022 1574 2116 1628 per
2149 1574 2267 1613 sese
2299 1560 2672 1615 demonstrare
2693 1560 2882 1626 vellet,
2940 1559 3126 1614 multis
3173 1575 3307 1613 eum.

1736 1664 1866 1704 sane
1911 1665 1975 1705 ac
2019 1650 2352 1721 longissimis
2396 1650 2823 1719 disputationum
2868 1650 3188 1705 ﬂexionihus
3221 1651 3309 1703 uti.

1736 1749 2029 1810 oporteret.
2087 1742 2157 1796 At
2186 1758 2337 1805 vero,
2383 1752 2442 1796 ut
2468 1758 2533 1797 ex
2567 1742 2727 1797 rebus
2754 1743 2976 1808 nostris,
3009 1741 3117 1797 Deo
3146 1742 3303 1797 simi-

1731 1836 1835 1889 lius
1865 1835 2000 1889 nihil
2043 1850 2164 1891 esse
2212 1850 2375 1905 quam
2413 1836 2677 1900 animum,
2715 1835 2894 1905 quivis
2934 1836 3037 1891 sibi
3084 1851 3303 1906 persua-

1730 1928 1889 1993 deat,
1936 1944 2043 1983 non
2083 1929 2315 1998 spissam
2363 1928 2652 1983 admodum
2686 1939 2740 1983 et
2768 1938 3044 1984 actuosam
3075 1940 3298 1983 conten-

1731 2021 1931 2076 tionem
1955 2021 2223 2075 desideret
2270 2040 2284 2075 :
2328 2038 2437 2077 non
2474 2022 2637 2076 modo
2665 2022 2805 2091 quod
2838 2023 2952 2092 ipse
2978 2022 3298 2077 continuum

1730 2113 1786 2166 in
1812 2112 1969 2168 nobis
1994 2128 2394 2183 perennemque
2425 2123 2629 2168 motum
2658 2114 2870 2177 efﬁciat,
2908 2115 3002 2169 sed
3033 2116 3195 2170 etiam
3229 2116 3302 2170 ob

1729 2203 1849 2272 ejus
1894 2219 2002 2273 qua
2058 2204 2316 2273 praeditus
2347 2214 2430 2259 est
2457 2206 2656 2260 mentis
2685 2206 3081 2260 excellentiam.
3145 2205 3301 2271 Quod

1731 2295 1949 2364 quidem
1989 2296 2251 2366 physicus
2277 2303 2444 2351 etiam
2478 2298 2565 2351 ille
2596 2297 2937 2352 Crotoniates
2990 2298 3120 2351 dum
3152 2299 3301 2351 vide-

1729 2394 1828 2448 ret,
1860 2386 2101 2441 animum
2130 2388 2272 2443 illico
2300 2400 2568 2453 nostrum,
2611 2390 2933 2444 immortalis
2957 2390 3101 2459 quod
3132 2399 3299 2453 esset,

1729 2477 1962 2545 quietem
1987 2492 2225 2543 omnem,
2264 2480 2571 2534 divinorum
2603 2497 2753 2535 more
2778 2497 3092 2550 corporum,
3112 2492 3301 2551 suapte

1729 2577 1922 2622 natura
1953 2569 2187 2639 deﬁgere
2234 2572 2624 2640 pronuntiavit.
2683 2571 2748 2627 Et
2794 2588 2945 2635 vero,
2991 2573 3085 2642 qui
3133 2573 3304 2633 semel,

1728 2659 1895 2713 animi
1934 2660 2096 2729 hujus
2146 2662 2322 2716 ideam
2374 2663 2604 2726 nmerit,
2649 2679 2712 2717 ac
2753 2665 3049 2733 praesertim
3095 2674 3307 2734 quanta

1729 2770 1883 2808 mens
1908 2755 1995 2809 illa
2028 2756 2199 2810 nostri
2235 2756 2563 2810 moderatrix
2617 2758 2783 2827 agitet
2809 2766 3095 2826 versetque
3125 2758 3306 2813 consi-

1728 2845 1820 2910 lia,
1871 2854 1965 2899 aut
2010 2846 2317 2916 cujusmodi
2352 2848 2655 2916 saepissime
2680 2849 2734 2902 in
2763 2849 2919 2903 nobis
2953 2849 3185 2919 impetus
3214 2848 3298 2903 ef-

1727 2935 1903 2999 ﬁciat,
1939 2935 2079 2989 idem
2112 2937 2353 3005 profecto
2400 2937 2806 2991 similitudinem
2859 2938 2977 3007 ejus
3025 2954 3148 2991 cum
3191 2940 3301 2993 Deo

1728 3028 2021 3080 maximam
2065 3027 2449 3096 deprehendet.
2490 3048 2508 3081 ι
2572 3029 2709 3084 Tum
2738 3014 3298 3099 aliquot'interjeCtis,

1734 3137 1752 3169 ι
1775 3118 1908 3173 Nam
1938 3120 1984 3173 si
2021 3120 2511 3191 animum,[inquit,
2546 3132 2754 3177 natura:
2795 3122 2993 3176 divina;
3050 3121 3294 3176 omnium

1727 3210 1887 3280 longe
1934 3210 2271 3265 simillimum
2322 3227 2443 3267 esse
2489 3214 2812 3279 constiterit,
2862 3228 3125 3283 quorsum
3162 3213 3298 3267 alias

1727 3300 2002 3370 deinceps,
2034 3301 2193 3370 quasi
2218 3302 2478 3372 prmfandi
2507 3320 2693 3367 causa,
2721 3304 2837 3374 ejus
2868 3303 3296 3358 immortalitatis

1724 3392 2018 3462 probanda:
2063 3394 2299 3449 rationes
2323 3396 2598 3465 exquiras,
2649 3410 2714 3450 ac
2758 3410 2863 3449 non
2914 3395 3075 3449 istam
3115 3396 3305 3463 potius,

1725 3498 1888 3536 unam
1918 3483 2058 3537 inter
2079 3485 2361 3554 plerasque
2389 3502 2629 3550 censeas,
2645 3485 2910 3554 ejusmodi
2941 3500 3064 3539 cum
3092 3484 3180 3549 sit,
3205 3485 3291 3537 cui

1724 3589 1832 3628 non
1849 3575 2039 3629 cedere
2064 3576 2419 3630 modestiores
2437 3586 2488 3629 et
2507 3580 2771 3645 aequiores
2793 3577 2942 3631 salvo
2968 3592 3069 3631 suo
3088 3576 3299 3645 pudore

1724 3678 1832 3717 non
1859 3664 2089 3733 possint,
2114 3666 2258 3734 quod
2288 3666 2543 3719 nimirum
2571 3666 2678 3721 Deo
2704 3666 2908 3721 similes
2930 3666 3120 3734 agendi
3151 3664 3295 3717 vires

1724 3756 2025 3825 accepisset
2064 3772 2364 3825 nunquam,
2397 3758 2501 3811 nisi
2530 3766 2675 3811 esset
2715 3758 2828 3826 ipse
2854 3757 3102 3811 divinus?
3132 3754 3295 3825 556

1723 3845 1858 3900 Nam
1890 3847 1936 3901 si
1968 3848 2179 3900 mortali
2215 3848 2448 3916 corpori,
2494 3848 2639 3901 ﬂuxo
2685 3858 2739 3901 et
2776 3848 2895 3901 sine
2926 3855 3132 3913 mente,
3181 3847 3291 3899 imo

1722 3933 1884 3987 etiam
1916 3948 2044 3987 vero
2066 3950 2129 3988 ex
2160 3950 2281 3990 sese
2310 3937 2580 4002 cadaveri,
2624 3937 2766 4005 quod
2814 3936 3177 4005 exstinguitur
3203 3952 3293 3991 as-

1723 4023 1897 4087 sidue,
1936 4031 2098 4092 atque
2128 4023 2181 4077 in
2207 4024 2459 4079 interitus
2492 4026 2848 4080 mutationem
2882 4026 3158 4091 dilabitur,
3208 4026 3291 4079 in.

1721 4115 1904 4172 fossus
1953 4116 2041 4171 ille
2087 4119 2214 4171 dum
2259 4126 2371 4182 est,
2417 4133 2524 4170 non
2569 4117 2701 4172 illud
2751 4118 2915 4172 modo
2945 4117 3095 4186 tingit
3127 4126 3292 4186 atque

1721 4214 2044 4273 conservat,
2101 4207 2194 4262 sed
2248 4216 2456 4261 natura:
2507 4222 2723 4277 quoque
2785 4224 2897 4262 sua:
2952 4207 3287 4261 divinitatem

1722 4296 1979 4362 ostendit,
2015 4298 2231 4351 tametsi
2256 4297 2489 4351 exitialis
2522 4297 2707 4366 hujus,
2730 4298 2871 4366 quod
2898 4296 3116 4349 obvium
3142 4310 3286 4348 sein-

1721 4401 1817 4455 per
1847 4386 2060 4451 haheat,
2093 4386 2331 4455 ﬁgmenti
2374 4387 2545 4440 moles
2575 4387 2748 4440 lucem
2781 4386 2897 4454 ejus
2946 4386 3161 4453 vimque
3188 4385 3283 4439 de-

1724 4478 1895 4533 bilitet
1919 4492 1935 4531 :
1961 4479 2233 4547 quomodo
2264 4478 2499 4544 tandem,
2534 4478 2624 4532 ubi
2649 4478 2814 4532 semel
2844 4477 3103 4531 rationem
3137 4476 3283 4529 illam

1721 4588 1898 4636 suam,
1946 4571 2094 4626 velut
2119 4585 2334 4636 aurum,
2380 4570 2449 4622 ah
2493 4568 2804 4624 circumfusi
2833 4569 2931 4623 luti
2965 4568 3284 4637 contagione

1720 4674 1985 4720 secretam
2014 4678 2078 4718 ac
2103 4660 2403 4731 sejunctam
2430 4662 2697 4728 habuerit,
2726 4678 2879 4717 suam
2897 4676 2994 4731 per
3022 4676 3141 4715 sese
3170 4660 3283 4713 for-

1719 4775 1861 4813 mam
1914 4758 2257 4829 speeiemque
2301 4755 2604 4826 patefaciet,
2638 4773 2758 4825 quae
2806 4772 2911 4810 non
2953 4755 3127 4809 amnis
3162 4765 3282 4809 tan-

1720 4854 1831 4900 tum
1866 4846 1978 4901 Deo
2024 4847 2128 4910 sit,
2179 4860 2368 4899 verum
2414 4845 2576 4899 etiam
2620 4856 2837 4915 propter
2880 4848 3017 4900 hanc
3056 4862 3178 4900 cum
3215 4859 3281 4899 eo

1717 4939 2175 5004 communionem,
2217 4947 2271 4993 et
2311 4938 2503 5007 agendi
2555 4940 2816 4994 rationem
2860 4940 2909 4994 ei
2952 4939 3279 5007 persimilem

1715 5030 1894 5084 adhuc
1918 5031 2165 5097 retineat,
2201 5041 2255 5085 et
2282 5047 2430 5094 vero,
2468 5047 2573 5101 qua
2600 5032 2682 5085 sui
2712 5040 2861 5099 parte
2906 5029 3147 5084 mortalis
3174 5036 3277 5090 est,

1716 5130 1775 5174 ut
1800 5135 1931 5175 sane
1957 5130 2058 5187 est,
2094 5122 2221 5175 dum
2254 5122 2466 5175 mortali
2514 5137 2740 5190 corpore
2788 5121 3027 5176 inclusus
3054 5121 3280 5176 constri-

1714 5221 1943 5281 ctusque
1975 5221 2187 5277 manet,
2236 5229 2301 5267 eo
2330 5223 2537 5267 tantum
2584 5229 2690 5267 non
2740 5214 3098 5277 dissolvatur,
3130 5213 3276 5282 quod

1714 5304 1831 5373 ejus
1880 5312 2087 5357 natura:
2124 5305 2214 5370 sit,
2246 5321 2365 5373 qua:
2394 5306 2597 5359 nullam
2639 5305 3039 5375 corruptionem
3086 5302 3275 5357 interi-

1713 5406 1938 5465 tumque
1954 5396 2252 5464 patiatur?»
2279 5396 2473 5451 Deinde
2493 5398 3091 5467 progressusjulterius,c
3105 5396 3275 5463 Idem,

1716 5487 1911 5555 inquit,
1942 5496 2221 5555 pra-terea,
2269 5488 2343 5541 uti
2375 5504 2436 5542 ex
2459 5506 2555 5543 sua
2589 5506 2710 5543 cum
2740 5506 2805 5544 eo
2830 5490 2921 5559 qui
2948 5498 3099 5557 parte
3126 5487 3274 5542 omni

1713 5589 1881 5643 caret,
1914 5579 2287 5644 similitudine,
2337 5581 2554 5636 divinus
2602 5582 2795 5635 merito
2834 5583 3001 5636 videri
3046 5591 3221 5651 potest
3256 5598 3271 5635 :

1713 5692 1841 5751 lam,
1877 5699 1935 5745 ut
1979 5700 2211 5754 constat,
2240 5692 2468 5759 aperuit,
2500 5706 2553 5746 et
2588 5710 2681 5761 pro
2711 5695 3014 5753 animorum
3050 5702 3271 5757 immor-

1713 5761 1917 5816 talitate
1953 5760 2193 5818 studiose
2220 5762 2521 5831 acriterque
2551 5760 2823 5833 pugnavit.
