  <div class='ocr_page' id='page_1' title='image "/cluster/home/n/w/nwhite01/storage/ocr_20150623/21/hvd.32044073501165/477.png"; bbox 0 0 3840 6370; ppageno 0'>
   <div class='ocr_carea' id='block_1_1' title="bbox 538 301 2054 367">
    <p class='ocr_par' dir='ltr' id='par_1_1' title="bbox 538 301 2054 363">
     <span class='ocr_line' id='line_1_1' title="bbox 538 301 2054 363; baseline 0.003 -4"><span class='ocrx_word' id='word_1_1' title='bbox 538 301 643 359; x_wconf 70' lang='lat'>9‘27</span> <span class='ocrx_word' id='word_1_2' title='bbox 1200 302 1467 358; x_wconf 35' lang='lat' dir='ltr'><strong>Eli&#39;SEBIl</strong></span> <span class='ocrx_word' id='word_1_3' title='bbox 1498 303 1969 363; x_wconf 67' lang='lat' dir='ltr'><strong>C/ESARIENSIS</strong></span> <span class='ocrx_word' id='word_1_4' title='bbox 2000 309 2054 363; x_wconf 75' lang='grc' dir='ltr'>υ]</span> 
     </span>
    </p>
   </div>
   <div class='ocr_carea' id='block_1_2' title="bbox 2150 301 3666 367">
    <p class='ocr_par' dir='ltr' id='par_1_2' title="bbox 2187 307 3666 367">
     <span class='ocr_line' id='line_1_2' title="bbox 2187 307 3666 367; baseline 0.002 -4"><span class='ocrx_word' id='word_1_5' title='bbox 2187 307 2364 363; x_wconf 72' lang='grc' dir='ltr'><strong>ΡΜὶὸ</strong></span> <span class='ocrx_word' id='word_1_6' title='bbox 2398 308 2458 362; x_wconf 94' lang='lat' dir='ltr'><strong>ll.</strong></span> <span class='ocrx_word' id='word_1_7' title='bbox 2490 338 2559 347; x_wconf 90' lang='lat'>—</span> <span class='ocrx_word' id='word_1_8' title='bbox 2590 307 3087 363; x_wconf 78' lang='lat' dir='ltr'><strong>APOLOGETICA.</strong></span> <span class='ocrx_word' id='word_1_9' title='bbox 3594 314 3666 367; x_wconf 59' lang='grc' dir='ltr'>εδει</span> 
     </span>
    </p>
   </div>
   <div class='ocr_carea' id='block_1_3' title="bbox 541 418 2057 493">
    <p class='ocr_par' dir='ltr' id='par_1_3' title="bbox 541 418 2057 490">
     <span class='ocr_line' id='line_1_3' title="bbox 541 418 2057 490; baseline 0.005 -19"><span class='ocrx_word' id='word_1_10' title='bbox 541 418 634 484; x_wconf 90' lang='lat' dir='ltr'><strong>ita,</strong></span> <span class='ocrx_word' id='word_1_11' title='bbox 663 429 930 489; x_wconf 81' lang='lat' dir='ltr'><strong>quatenus</strong></span> <span class='ocrx_word' id='word_1_12' title='bbox 954 422 1235 476; x_wconf 79' lang='lat' dir='ltr'><strong>mortalem</strong></span> <span class='ocrx_word' id='word_1_13' title='bbox 1265 423 1329 476; x_wconf 90' lang='lat' dir='ltr'><strong>ad</strong></span> <span class='ocrx_word' id='word_1_14' title='bbox 1360 432 1606 478; x_wconf 88' lang='lat' dir='ltr'><strong>naturam</strong></span> <span class='ocrx_word' id='word_1_15' title='bbox 1634 426 1861 490; x_wconf 97' lang='lat' dir='ltr'><strong>accedit,</strong></span> <span class='ocrx_word' id='word_1_16' title='bbox 1894 436 2057 479; x_wconf 61' lang='lat' dir='ltr'><strong>mort:</strong></span> 
     </span>
    </p>
   </div>
   <div class='ocr_carea' id='block_1_4' title="bbox 2156 418 3672 493">
    <p class='ocr_par' dir='ltr' id='par_1_4' title="bbox 2156 422 3672 493">
     <span class='ocr_line' id='line_1_4' title="bbox 2156 422 3672 493; baseline -0.001 -14"><span class='ocrx_word' id='word_1_17' title='bbox 2156 437 2176 488; x_wconf 65' lang='grc' dir='ltr'><strong>ι</strong></span> <span class='ocrx_word' id='word_1_18' title='bbox 2204 426 2416 479; x_wconf 76' lang='grc' dir='ltr'><strong>Τούτων</strong></span> <span class='ocrx_word' id='word_1_19' title='bbox 2444 426 2697 479; x_wconf 84' lang='grc' dir='ltr'>ἁπάντων</span> <span class='ocrx_word' id='word_1_20' title='bbox 2726 423 3041 487; x_wconf 82' lang='grc' dir='ltr'>διδάσκαλος</span> <span class='ocrx_word' id='word_1_21' title='bbox 3072 422 3275 493; x_wconf 82' lang='grc' dir='ltr'>πέφηνε</span> <span class='ocrx_word' id='word_1_22' title='bbox 3312 422 3513 490; x_wconf 80' lang='grc' dir='ltr'>γεγονὼς</span> <span class='ocrx_word' id='word_1_23' title='bbox 3535 426 3557 475; x_wconf 80' lang='grc' dir='ltr'>ὁ</span> <span class='ocrx_word' id='word_1_24' title='bbox 3580 427 3672 478; x_wconf 77' lang='grc' dir='ltr'><strong>Μω-</strong></span> 
     </span>
    </p>
   </div>
   <div class='ocr_carea' id='block_1_5' title="bbox 538 510 2054 590">
    <p class='ocr_par' dir='ltr' id='par_1_5' title="bbox 538 510 2050 572">
     <span class='ocr_line' id='line_1_5' title="bbox 538 510 2050 572; baseline 0.006 -11"><span class='ocrx_word' id='word_1_25' title='bbox 538 510 606 563; x_wconf 93' lang='lat' dir='ltr'><strong>lis</strong></span> <span class='ocrx_word' id='word_1_26' title='bbox 638 511 957 565; x_wconf 81' lang='lat' dir='ltr'><strong>existimari.</strong></span> <span class='ocrx_word' id='word_1_27' title='bbox 999 512 1284 568; x_wconf 76' lang='lat' dir='ltr'><strong>Descendit</strong></span> <span class='ocrx_word' id='word_1_28' title='bbox 1312 513 1450 568; x_wconf 91' lang='lat' dir='ltr'><strong>idem</strong></span> <span class='ocrx_word' id='word_1_29' title='bbox 1481 530 1545 569; x_wconf 90' lang='lat' dir='ltr'><strong>ac</strong></span> <span class='ocrx_word' id='word_1_30' title='bbox 1574 516 1809 571; x_wconf 80' lang='lat' dir='ltr'><strong>vicissim</strong></span> <span class='ocrx_word' id='word_1_31' title='bbox 1834 518 2050 572; x_wconf 85' lang='lat' dir='ltr'><strong>ascendi</strong></span> 
     </span>
    </p>
   </div>
   <div class='ocr_carea' id='block_1_6' title="bbox 2156 510 3672 590">
    <p class='ocr_par' dir='ltr' id='par_1_6' title="bbox 2204 513 3672 590">
     <span class='ocr_line' id='line_1_6' title="bbox 2204 513 3672 590; baseline -0.001 -18"><span class='ocrx_word' id='word_1_32' title='bbox 2204 520 2355 590; x_wconf 84' lang='grc' dir='ltr'>ὓσῆς,</span> <span class='ocrx_word' id='word_1_33' title='bbox 2389 519 2467 582; x_wconf 86' lang='grc' dir='ltr'>ὃς,</span> <span class='ocrx_word' id='word_1_34' title='bbox 2490 518 2697 583; x_wconf 83' lang='grc' dir='ltr'>διεξιὼν</span> <span class='ocrx_word' id='word_1_35' title='bbox 2742 519 2843 588; x_wconf 76' lang='grc' dir='ltr'><strong>τὴν</strong></span> <span class='ocrx_word' id='word_1_36' title='bbox 2889 515 3112 587; x_wconf 75' lang='grc' dir='ltr'><strong>πρώτην</strong></span> <span class='ocrx_word' id='word_1_37' title='bbox 3154 513 3541 584; x_wconf 79' lang='grc' dir='ltr'>ἁνθρωπογονίαν</span> <span class='ocrx_word' id='word_1_38' title='bbox 3575 520 3672 570; x_wconf 69' lang='grc' dir='ltr'>κατὰ</span> 
     </span>
    </p>
   </div>
   <div class='ocr_carea' id='block_1_7' title="bbox 534 603 2050 679">
    <p class='ocr_par' dir='ltr' id='par_1_7' title="bbox 534 603 2040 664">
     <span class='ocr_line' id='line_1_7' title="bbox 534 603 2040 664; baseline 0.005 -10"><span class='ocrx_word' id='word_1_39' title='bbox 534 603 856 658; x_wconf 88' lang='lat' dir='ltr'><strong>mortalibus</strong></span> <span class='ocrx_word' id='word_1_40' title='bbox 890 604 1051 658; x_wconf 92' lang='lat' dir='ltr'><strong>simul</strong></span> <span class='ocrx_word' id='word_1_41' title='bbox 1098 614 1153 658; x_wconf 84' lang='lat' dir='ltr'><strong>et</strong></span> <span class='ocrx_word' id='word_1_42' title='bbox 1198 606 1593 661; x_wconf 88' lang='lat' dir='ltr'><strong>immortalibus</strong></span> <span class='ocrx_word' id='word_1_43' title='bbox 1637 608 1851 664; x_wconf 82' lang='lat' dir='ltr'><strong>similis.</strong></span> <span class='ocrx_word' id='word_1_44' title='bbox 1888 608 2040 663; x_wconf 86' lang='lat' dir='ltr'><strong>Eteni</strong></span> 
     </span>
    </p>
   </div>
   <div class='ocr_carea' id='block_1_8' title="bbox 2158 603 3674 679">
    <p class='ocr_par' dir='ltr' id='par_1_8' title="bbox 2199 604 3674 679">
     <span class='ocr_line' id='line_1_8' title="bbox 2199 604 3674 679; baseline -0.003 -17"><span class='ocrx_word' id='word_1_45' title='bbox 2199 608 2297 673; x_wconf 81' lang='grc' dir='ltr'>τὰς</span> <span class='ocrx_word' id='word_1_46' title='bbox 2340 609 2691 679; x_wconf 85' lang='grc' dir='ltr'>προτεθείσας</span> <span class='ocrx_word' id='word_1_47' title='bbox 2735 610 2928 673; x_wconf 77' lang='grc' dir='ltr'><strong>λέξεις,</strong></span> <span class='ocrx_word' id='word_1_48' title='bbox 2961 607 3047 661; x_wconf 81' lang='grc' dir='ltr'><strong>διὰ</strong></span> <span class='ocrx_word' id='word_1_49' title='bbox 3091 607 3183 677; x_wconf 76' lang='grc' dir='ltr'><strong>τῆς</strong></span> <span class='ocrx_word' id='word_1_50' title='bbox 3218 605 3344 676; x_wconf 75' lang='grc' dir='ltr'>πρὸς</span> <span class='ocrx_word' id='word_1_51' title='bbox 3384 605 3437 657; x_wconf 75' lang='grc' dir='ltr'>τὸ</span> <span class='ocrx_word' id='word_1_52' title='bbox 3470 604 3593 658; x_wconf 83' lang='grc' dir='ltr'><strong>Θεῖον</strong></span> <span class='ocrx_word' id='word_1_53' title='bbox 3615 608 3674 671; x_wconf 68' lang='grc' dir='ltr'><strong>ἐξ.</strong></span> 
     </span>
    </p>
   </div>
   <div class='ocr_carea' id='block_1_9' title="bbox 534 693 2050 771">
    <p class='ocr_par' dir='ltr' id='par_1_9' title="bbox 534 693 2050 768">
     <span class='ocr_line' id='line_1_9' title="bbox 534 693 2050 768; baseline 0.006 -23"><span class='ocrx_word' id='word_1_54' title='bbox 534 693 699 747; x_wconf 90' lang='lat' dir='ltr'><strong>homo</strong></span> <span class='ocrx_word' id='word_1_55' title='bbox 727 702 827 760; x_wconf 88' lang='lat' dir='ltr'><strong>est,</strong></span> <span class='ocrx_word' id='word_1_56' title='bbox 864 695 957 763; x_wconf 90' lang='lat' dir='ltr'><strong>qui</strong></span> <span class='ocrx_word' id='word_1_57' title='bbox 1003 694 1202 751; x_wconf 88' lang='lat' dir='ltr'><strong>farcire</strong></span> <span class='ocrx_word' id='word_1_58' title='bbox 1249 705 1512 764; x_wconf 83' lang='lat' dir='ltr'><strong>ventrem,</strong></span> <span class='ocrx_word' id='word_1_59' title='bbox 1548 700 1638 768; x_wconf 89' lang='lat' dir='ltr'><strong>qui</strong></span> <span class='ocrx_word' id='word_1_60' title='bbox 1682 698 1911 768; x_wconf 91' lang='lat' dir='ltr'><strong>jumenti</strong></span> <span class='ocrx_word' id='word_1_61' title='bbox 1951 717 2050 754; x_wconf 78' lang='lat' dir='ltr'><strong>mm</strong></span> 
     </span>
    </p>
   </div>
   <div class='ocr_carea' id='block_1_10' title="bbox 2157 693 3673 771">
    <p class='ocr_par' dir='ltr' id='par_1_10' title="bbox 2198 697 3673 771">
     <span class='ocr_line' id='line_1_10' title="bbox 2198 697 3673 771; baseline -0.003 -18"><span class='ocrx_word' id='word_1_62' title='bbox 2198 699 2526 771; x_wconf 79' lang='grc' dir='ltr'>ομοιώσεως,</span> <span class='ocrx_word' id='word_1_63' title='bbox 2555 701 2681 764; x_wconf 78' lang='grc' dir='ltr'><strong>τοὺς</strong></span> <span class='ocrx_word' id='word_1_64' title='bbox 2708 701 2834 770; x_wconf 72' lang='grc' dir='ltr'>περὶ</span> <span class='ocrx_word' id='word_1_65' title='bbox 2878 699 3056 769; x_wconf 71' lang='grc' dir='ltr'>ψυχῆς</span> <span class='ocrx_word' id='word_1_66' title='bbox 3079 697 3365 758; x_wconf 80' lang='grc' dir='ltr'><strong>ἀθανασίας</strong></span> <span class='ocrx_word' id='word_1_67' title='bbox 3404 697 3561 763; x_wconf 76' lang='grc' dir='ltr'>λόγους</span> <span class='ocrx_word' id='word_1_68' title='bbox 3591 700 3673 749; x_wconf 85' lang='grc' dir='ltr'><strong>ὲπι-</strong></span> 
     </span>
    </p>
   </div>
   <div class='ocr_carea' id='block_1_11' title="bbox 532 782 2048 863">
    <p class='ocr_par' dir='ltr' id='par_1_11' title="bbox 532 782 2048 859">
     <span class='ocr_line' id='line_1_11' title="bbox 532 782 2048 859; baseline 0.004 -25"><span class='ocrx_word' id='word_1_69' title='bbox 532 782 796 837; x_wconf 87' lang='lat' dir='ltr'><strong>abdomen</strong></span> <span class='ocrx_word' id='word_1_70' title='bbox 833 793 1080 839; x_wconf 82' lang='lat' dir='ltr'><strong>saturare</strong></span> <span class='ocrx_word' id='word_1_71' title='bbox 1128 788 1419 841; x_wconf 86' lang='lat' dir='ltr'><strong>contendat</strong></span> <span class='ocrx_word' id='word_1_72' title='bbox 1469 806 1482 841; x_wconf 90' lang='lat'><strong>:</strong></span> <span class='ocrx_word' id='word_1_73' title='bbox 1528 790 1690 843; x_wconf 87' lang='lat' dir='ltr'><strong>homo</strong></span> <span class='ocrx_word' id='word_1_74' title='bbox 1719 789 1845 843; x_wconf 91' lang='lat' dir='ltr'><strong>item</strong></span> <span class='ocrx_word' id='word_1_75' title='bbox 1871 798 1973 855; x_wconf 90' lang='lat' dir='ltr'><strong>est,</strong></span> <span class='ocrx_word' id='word_1_76' title='bbox 2004 806 2048 859; x_wconf 74' lang='lat' dir='ltr'><strong>ql</strong></span> 
     </span>
    </p>
   </div>
   <div class='ocr_carea' id='block_1_12' title="bbox 2159 782 3675 863">
    <p class='ocr_par' dir='ltr' id='par_1_12' title="bbox 2201 786 3675 863">
     <span class='ocr_line' id='line_1_12' title="bbox 2201 786 3675 863; baseline -0.001 -19"><span class='ocrx_word' id='word_1_77' title='bbox 2201 791 2459 846; x_wconf 82' lang='grc' dir='ltr'><strong>στώσατο.</strong></span> <span class='ocrx_word' id='word_1_78' title='bbox 2509 792 2646 844; x_wconf 82' lang='grc' dir='ltr'>Ἀλλ’</span> <span class='ocrx_word' id='word_1_79' title='bbox 2694 790 2880 863; x_wconf 73' lang='grc' dir='ltr'>ἐπειδὴ</span> <span class='ocrx_word' id='word_1_80' title='bbox 2919 790 2987 842; x_wconf 85' lang='grc' dir='ltr'>τὰ</span> <span class='ocrx_word' id='word_1_81' title='bbox 3037 789 3163 860; x_wconf 76' lang='grc' dir='ltr'>περὶ</span> <span class='ocrx_word' id='word_1_82' title='bbox 3206 787 3300 857; x_wconf 79' lang='grc' dir='ltr'><strong>τῆς</strong></span> <span class='ocrx_word' id='word_1_83' title='bbox 3329 786 3573 857; x_wconf 73' lang='grc' dir='ltr'><strong>ἀσωμάτου</strong></span> <span class='ocrx_word' id='word_1_84' title='bbox 3610 792 3675 842; x_wconf 69' lang='grc' dir='ltr'><strong>καὶ</strong></span> 
     </span>
    </p>
   </div>
   <div class='ocr_carea' id='block_1_13' title="bbox 530 874 2046 954">
    <p class='ocr_par' dir='ltr' id='par_1_13' title="bbox 530 874 2046 954">
     <span class='ocr_line' id='line_1_13' title="bbox 530 874 2046 954; baseline 0.006 -28"><span class='ocrx_word' id='word_1_85' title='bbox 530 874 707 928; x_wconf 87' lang='lat' dir='ltr'><strong>medio</strong></span> <span class='ocrx_word' id='word_1_86' title='bbox 744 877 797 929; x_wconf 91' lang='lat' dir='ltr'><strong>in</strong></span> <span class='ocrx_word' id='word_1_87' title='bbox 829 878 988 941; x_wconf 79' lang='lat' dir='ltr'><strong>mari,</strong></span> <span class='ocrx_word' id='word_1_88' title='bbox 1022 888 1138 933; x_wconf 89' lang='lat' dir='ltr'><strong>arte</strong></span> <span class='ocrx_word' id='word_1_89' title='bbox 1165 889 1327 949; x_wconf 90' lang='lat' dir='ltr'><strong>atque</strong></span> <span class='ocrx_word' id='word_1_90' title='bbox 1359 880 1623 935; x_wconf 89' lang='lat' dir='ltr'><strong>industria</strong></span> <span class='ocrx_word' id='word_1_91' title='bbox 1653 881 1919 954; x_wconf 75' lang='lat' dir='ltr'><strong>naufragii</strong></span> <span class='ocrx_word' id='word_1_92' title='bbox 1954 898 2046 952; x_wconf 92' lang='lat' dir='ltr'><strong>per</strong></span> 
     </span>
    </p>
   </div>
   <div class='ocr_carea' id='block_1_14' title="bbox 2159 874 3675 954">
    <p class='ocr_par' dir='ltr' id='par_1_14' title="bbox 2196 879 3675 953">
     <span class='ocr_line' id='line_1_14' title="bbox 2196 879 3675 953; baseline -0.003 -17"><span class='ocrx_word' id='word_1_93' title='bbox 2196 885 2430 953; x_wconf 76' lang='grc' dir='ltr'><strong>ἀφανοῦς</strong></span> <span class='ocrx_word' id='word_1_94' title='bbox 2475 884 2663 947; x_wconf 81' lang='grc' dir='ltr'><strong>οὐσίας</strong></span> <span class='ocrx_word' id='word_1_95' title='bbox 2708 882 2970 953; x_wconf 81' lang='grc' dir='ltr'>σύμφωνα</span> <span class='ocrx_word' id='word_1_96' title='bbox 3012 882 3104 934; x_wconf 76' lang='grc' dir='ltr'><strong>καὶ</strong></span> <span class='ocrx_word' id='word_1_97' title='bbox 3150 879 3365 950; x_wconf 82' lang='grc' dir='ltr'>ὁμόδοξα</span> <span class='ocrx_word' id='word_1_98' title='bbox 3401 881 3675 933; x_wconf 77' lang='grc' dir='ltr'><strong>Μωῦσεῖκαὶ</strong></span> 
     </span>
    </p>
   </div>
   <div class='ocr_carea' id='block_1_15' title="bbox 524 967 2040 1046">
    <p class='ocr_par' dir='ltr' id='par_1_15' title="bbox 524 967 2031 1045">
     <span class='ocr_line' id='line_1_15' title="bbox 524 967 2031 1045; baseline 0.008 -27"><span class='ocrx_word' id='word_1_99' title='bbox 524 967 666 1020; x_wconf 88' lang='lat' dir='ltr'><strong>culis</strong></span> <span class='ocrx_word' id='word_1_100' title='bbox 695 969 873 1021; x_wconf 87' lang='lat' dir='ltr'><strong>navim</strong></span> <span class='ocrx_word' id='word_1_101' title='bbox 905 970 1148 1039; x_wconf 80' lang='lat' dir='ltr'><strong>eripere,</strong></span> <span class='ocrx_word' id='word_1_102' title='bbox 1180 973 1273 1040; x_wconf 89' lang='lat' dir='ltr'><strong>qui</strong></span> <span class='ocrx_word' id='word_1_103' title='bbox 1300 971 1436 1026; x_wconf 90' lang='lat' dir='ltr'><strong>alios</strong></span> <span class='ocrx_word' id='word_1_104' title='bbox 1466 971 1695 1028; x_wconf 89' lang='lat' dir='ltr'><strong>liberare</strong></span> <span class='ocrx_word' id='word_1_105' title='bbox 1725 975 1931 1029; x_wconf 86' lang='lat' dir='ltr'><strong>morbis</strong></span> <span class='ocrx_word' id='word_1_106' title='bbox 1951 1016 1966 1041; x_wconf 95' lang='lat'><strong>,</strong></span> <span class='ocrx_word' id='word_1_107' title='bbox 2000 991 2031 1045; x_wconf 93' lang='lat' dir='ltr'><strong>q</strong></span> 
     </span>
    </p>
   </div>
   <div class='ocr_carea' id='block_1_16' title="bbox 2160 967 3676 1046">
    <p class='ocr_par' dir='ltr' id='par_1_16' title="bbox 2194 971 3676 1046">
     <span class='ocr_line' id='line_1_16' title="bbox 2194 971 3676 1046; baseline 0 -18"><span class='ocrx_word' id='word_1_108' title='bbox 2194 975 2438 1030; x_wconf 84' lang='grc' dir='ltr'>Πλάτωνι</span> <span class='ocrx_word' id='word_1_109' title='bbox 2470 975 2720 1045; x_wconf 78' lang='grc' dir='ltr'><strong>συνέστη,</strong></span> <span class='ocrx_word' id='word_1_110' title='bbox 2745 973 2863 1046; x_wconf 78' lang='grc' dir='ltr'>ὥρα</span> <span class='ocrx_word' id='word_1_111' title='bbox 2903 974 2998 1028; x_wconf 70' lang='grc' dir='ltr'><strong>καὶ</strong></span> <span class='ocrx_word' id='word_1_112' title='bbox 3028 972 3097 1025; x_wconf 81' lang='grc' dir='ltr'><strong>τά</strong></span> <span class='ocrx_word' id='word_1_113' title='bbox 3123 971 3280 1024; x_wconf 85' lang='grc' dir='ltr'>λοιπά</span> <span class='ocrx_word' id='word_1_114' title='bbox 3308 971 3433 1043; x_wconf 77' lang='grc' dir='ltr'>μέρη</span> <span class='ocrx_word' id='word_1_115' title='bbox 3451 972 3534 1041; x_wconf 77' lang='grc' dir='ltr'><strong>τῆς</strong></span> <span class='ocrx_word' id='word_1_116' title='bbox 3576 978 3676 1029; x_wconf 71' lang='grc' dir='ltr'>κατὰ</span> 
     </span>
    </p>
   </div>
   <div class='ocr_carea' id='block_1_17' title="bbox 524 1061 2040 1152">
    <p class='ocr_par' dir='ltr' id='par_1_17' title="bbox 524 1068 2040 1152">
     <span class='ocr_line' id='line_1_17' title="bbox 524 1068 2040 1152; baseline 0.004 -37"><span class='ocrx_word' id='word_1_117' title='bbox 524 1072 575 1116; x_wconf 87' lang='lat' dir='ltr'><strong>et</strong></span> <span class='ocrx_word' id='word_1_118' title='bbox 606 1078 792 1117; x_wconf 89' lang='lat' dir='ltr'><strong>verum</strong></span> <span class='ocrx_word' id='word_1_119' title='bbox 824 1068 1152 1152; x_wconf 67' lang='lat' dir='ltr'><strong>perspicere,</strong></span> <span class='ocrx_word' id='word_1_120' title='bbox 1191 1078 1244 1124; x_wconf 86' lang='lat' dir='ltr'><strong>et</strong></span> <span class='ocrx_word' id='word_1_121' title='bbox 1268 1069 1507 1138; x_wconf 81' lang='lat' dir='ltr'><strong>ejusdem</strong></span> <span class='ocrx_word' id='word_1_122' title='bbox 1541 1069 1899 1139; x_wconf 81' lang='lat' dir='ltr'><strong>cognoscendi</strong></span> <span class='ocrx_word' id='word_1_123' title='bbox 1926 1070 2040 1124; x_wconf 64' lang='lat' dir='ltr'><strong>ratil</strong></span> 
     </span>
    </p>
   </div>
   <div class='ocr_carea' id='block_1_18' title="bbox 2158 1061 3674 1152">
    <p class='ocr_par' dir='ltr' id='par_1_18' title="bbox 2194 1061 3674 1136">
     <span class='ocr_line' id='line_1_18' title="bbox 2194 1061 3674 1136; baseline -0.001 -16"><span class='ocrx_word' id='word_1_124' title='bbox 2194 1068 2454 1122; x_wconf 84' lang='grc' dir='ltr'><strong>Πλάτωνα</strong></span> <span class='ocrx_word' id='word_1_125' title='bbox 2483 1066 2795 1136; x_wconf 73' lang='grc' dir='ltr'><strong>φιλοσοφίας</strong></span> <span class='ocrx_word' id='word_1_126' title='bbox 2820 1064 3212 1135; x_wconf 82' lang='grc' dir='ltr'>ὲπιθεωρῆσαι,</span> <span class='ocrx_word' id='word_1_127' title='bbox 3247 1061 3404 1126; x_wconf 82' lang='grc' dir='ltr'>δεῖξαί</span> <span class='ocrx_word' id='word_1_128' title='bbox 3430 1080 3478 1115; x_wconf 88' lang='grc' dir='ltr'>τε</span> <span class='ocrx_word' id='word_1_129' title='bbox 3513 1063 3585 1116; x_wconf 78' lang='grc' dir='ltr'>τὸν</span> <span class='ocrx_word' id='word_1_130' title='bbox 3608 1066 3674 1118; x_wconf 76' lang='grc' dir='ltr'><strong>ἇν-</strong></span> 
     </span>
    </p>
   </div>
   <div class='ocr_carea' id='block_1_19' title="bbox 524 1154 2040 1231">
    <p class='ocr_par' dir='ltr' id='par_1_19' title="bbox 524 1155 2040 1231">
     <span class='ocr_line' id='line_1_19' title="bbox 524 1155 2040 1231; baseline 0.005 -25"><span class='ocrx_word' id='word_1_131' title='bbox 524 1169 645 1209; x_wconf 78' lang='lat' dir='ltr'><strong>nem</strong></span> <span class='ocrx_word' id='word_1_132' title='bbox 675 1155 797 1210; x_wconf 88' lang='lat' dir='ltr'><strong>aliis</strong></span> <span class='ocrx_word' id='word_1_133' title='bbox 823 1159 1075 1227; x_wconf 87' lang='lat' dir='ltr'><strong>viamque</strong></span> <span class='ocrx_word' id='word_1_134' title='bbox 1104 1162 1340 1225; x_wconf 85' lang='lat' dir='ltr'><strong>munire,</strong></span> <span class='ocrx_word' id='word_1_135' title='bbox 1387 1160 1479 1230; x_wconf 87' lang='lat' dir='ltr'><strong>qui</strong></span> <span class='ocrx_word' id='word_1_136' title='bbox 1529 1169 1582 1215; x_wconf 89' lang='lat' dir='ltr'><strong>et</strong></span> <span class='ocrx_word' id='word_1_137' title='bbox 1627 1159 1911 1230; x_wconf 80' lang='lat' dir='ltr'><strong>igniarium</strong></span> <span class='ocrx_word' id='word_1_138' title='bbox 1941 1176 2040 1231; x_wconf 79' lang='lat' dir='ltr'><strong>rep</strong></span> 
     </span>
    </p>
   </div>
   <div class='ocr_carea' id='block_1_20' title="bbox 2158 1154 3674 1231">
    <p class='ocr_par' dir='ltr' id='par_1_20' title="bbox 2189 1154 3674 1231">
     <span class='ocr_line' id='line_1_20' title="bbox 2189 1154 3674 1231; baseline -0.003 -18"><span class='ocrx_word' id='word_1_139' title='bbox 2189 1159 2290 1231; x_wconf 89' lang='grc' dir='ltr'><strong>δρα</strong></span> <span class='ocrx_word' id='word_1_140' title='bbox 2332 1158 2599 1231; x_wconf 78' lang='grc' dir='ltr'>Ἑϐραίοις</span> <span class='ocrx_word' id='word_1_141' title='bbox 2631 1157 2773 1212; x_wconf 86' lang='grc' dir='ltr'>κατά</span> <span class='ocrx_word' id='word_1_142' title='bbox 2808 1158 2983 1211; x_wconf 87' lang='grc' dir='ltr'>πάντα</span> <span class='ocrx_word' id='word_1_143' title='bbox 3017 1155 3196 1225; x_wconf 81' lang='grc' dir='ltr'>φίλον’</span> <span class='ocrx_word' id='word_1_144' title='bbox 3230 1154 3379 1216; x_wconf 74' lang='grc' dir='ltr'>ἐκτὸς</span> <span class='ocrx_word' id='word_1_145' title='bbox 3410 1155 3451 1205; x_wconf 83' lang='grc' dir='ltr'>εί</span> <span class='ocrx_word' id='word_1_146' title='bbox 3504 1155 3563 1224; x_wconf 79' lang='grc' dir='ltr'>μή</span> <span class='ocrx_word' id='word_1_147' title='bbox 3601 1171 3674 1209; x_wconf 78' lang='grc' dir='ltr'>που</span> 
     </span>
    </p>
   </div>
   <div class='ocr_carea' id='block_1_21' title="bbox 522 1246 2038 1323">
    <p class='ocr_par' dir='ltr' id='par_1_21' title="bbox 522 1249 2038 1322">
     <span class='ocr_line' id='line_1_21' title="bbox 522 1249 2038 1322; baseline 0.005 -24"><span class='ocrx_word' id='word_1_148' title='bbox 522 1254 650 1309; x_wconf 86' lang='lat' dir='ltr'><strong>rtre,</strong></span> <span class='ocrx_word' id='word_1_149' title='bbox 686 1257 739 1302; x_wconf 90' lang='lat' dir='ltr'><strong>et</strong></span> <span class='ocrx_word' id='word_1_150' title='bbox 777 1249 1120 1321; x_wconf 79' lang='lat' dir='ltr'><strong>horologium</strong></span> <span class='ocrx_word' id='word_1_151' title='bbox 1170 1253 1407 1322; x_wconf 88' lang='lat' dir='ltr'><strong>signare,</strong></span> <span class='ocrx_word' id='word_1_152' title='bbox 1454 1254 1679 1322; x_wconf 90' lang='lat' dir='ltr'><strong>ipsaque</strong></span> <span class='ocrx_word' id='word_1_153' title='bbox 1718 1252 1852 1307; x_wconf 92' lang='lat' dir='ltr'><strong>adeo</strong></span> <span class='ocrx_word' id='word_1_154' title='bbox 1891 1268 2038 1306; x_wconf 79' lang='lat' dir='ltr'><strong>sumn</strong></span> 
     </span>
    </p>
   </div>
   <div class='ocr_carea' id='block_1_22' title="bbox 2158 1246 3674 1323">
    <p class='ocr_par' dir='ltr' id='par_1_22' title="bbox 2191 1246 3674 1323">
     <span class='ocr_line' id='line_1_22' title="bbox 2191 1246 3674 1323; baseline -0.004 -19"><span class='ocrx_word' id='word_1_155' title='bbox 2191 1252 2587 1323; x_wconf 78' lang='grc' dir='ltr'>παρατραπεὶς,</span> <span class='ocrx_word' id='word_1_156' title='bbox 2627 1248 3107 1322; x_wconf 78' lang='grc' dir='ltr'><strong>ἀνθρωπινώτερον</strong></span> <span class='ocrx_word' id='word_1_157' title='bbox 3154 1247 3187 1318; x_wconf 82' lang='grc' dir='ltr'><strong>ἢ</strong></span> <span class='ocrx_word' id='word_1_158' title='bbox 3244 1246 3377 1299; x_wconf 86' lang='grc' dir='ltr'><strong>κατά</strong></span> <span class='ocrx_word' id='word_1_159' title='bbox 3433 1246 3511 1299; x_wconf 75' lang='grc' dir='ltr'>τον</span> <span class='ocrx_word' id='word_1_160' title='bbox 3547 1246 3674 1319; x_wconf 79' lang='grc' dir='ltr'>ἀληθῆ</span> 
     </span>
    </p>
   </div>
   <div class='ocr_carea' id='block_1_23' title="bbox 516 1336 2032 1416">
    <p class='ocr_par' dir='ltr' id='par_1_23' title="bbox 516 1336 2028 1413">
     <span class='ocr_line' id='line_1_23' title="bbox 516 1336 2028 1413; baseline 0.007 -26"><span class='ocrx_word' id='word_1_161' title='bbox 516 1336 745 1392; x_wconf 86' lang='lat' dir='ltr'><strong>artificis</strong></span> <span class='ocrx_word' id='word_1_162' title='bbox 783 1354 946 1403; x_wconf 84' lang='lat' dir='ltr'><strong>opera</strong></span> <span class='ocrx_word' id='word_1_163' title='bbox 980 1343 1225 1396; x_wconf 67' lang='lat' dir='ltr'><strong>aamulari</strong></span> <span class='ocrx_word' id='word_1_164' title='bbox 1253 1344 1442 1413; x_wconf 85' lang='lat' dir='ltr'><strong>possit.</strong></span> <span class='ocrx_word' id='word_1_165' title='bbox 1499 1343 1708 1412; x_wconf 86' lang='lat' dir='ltr'><strong>Quippe</strong></span> <span class='ocrx_word' id='word_1_166' title='bbox 1752 1343 1914 1397; x_wconf 87' lang='lat' dir='ltr'><strong>homo</strong></span> <span class='ocrx_word' id='word_1_167' title='bbox 1941 1345 2028 1398; x_wconf 90' lang='lat' dir='ltr'><strong>eni</strong></span> 
     </span>
    </p>
   </div>
   <div class='ocr_carea' id='block_1_24' title="bbox 2160 1336 3676 1416">
    <p class='ocr_par' dir='ltr' id='par_1_24' title="bbox 2190 1339 3676 1416">
     <span class='ocr_line' id='line_1_24' title="bbox 2190 1339 3676 1416; baseline -0.003 -17"><span class='ocrx_word' id='word_1_168' title='bbox 2190 1346 2354 1415; x_wconf 80' lang='grc' dir='ltr'>φάναι</span> <span class='ocrx_word' id='word_1_169' title='bbox 2387 1362 2439 1398; x_wconf 82' lang='grc' dir='ltr'>τι</span> <span class='ocrx_word' id='word_1_170' title='bbox 2473 1343 2718 1416; x_wconf 74' lang='grc' dir='ltr'>προήχθη</span> <span class='ocrx_word' id='word_1_171' title='bbox 2755 1343 2929 1411; x_wconf 82' lang='grc' dir='ltr'>λόγον.</span> <span class='ocrx_word' id='word_1_172' title='bbox 2961 1340 3165 1394; x_wconf 79' lang='grc' dir='ltr'><strong>Αὐτίκα</strong></span> <span class='ocrx_word' id='word_1_173' title='bbox 3196 1340 3303 1394; x_wconf 86' lang='grc' dir='ltr'><strong>τῶν</strong></span> <span class='ocrx_word' id='word_1_174' title='bbox 3329 1339 3587 1411; x_wconf 73' lang='grc' dir='ltr'><strong>εἰρημένων</strong></span> <span class='ocrx_word' id='word_1_175' title='bbox 3604 1341 3676 1394; x_wconf 76' lang='grc' dir='ltr'><strong>ὅσα</strong></span> 
     </span>
    </p>
   </div>
   <div class='ocr_carea' id='block_1_25' title="bbox 519 1429 2035 1507">
    <p class='ocr_par' dir='ltr' id='par_1_25' title="bbox 519 1429 2035 1495">
     <span class='ocr_line' id='line_1_25' title="bbox 519 1429 2035 1495; baseline 0.004 -17"><span class='ocrx_word' id='word_1_176' title='bbox 519 1436 723 1495; x_wconf 86' lang='lat' dir='ltr'><strong>septem</strong></span> <span class='ocrx_word' id='word_1_177' title='bbox 765 1429 979 1484; x_wconf 88' lang='lat' dir='ltr'><strong>illorum</strong></span> <span class='ocrx_word' id='word_1_178' title='bbox 1009 1433 1247 1487; x_wconf 88' lang='lat' dir='ltr'><strong>siderum</strong></span> <span class='ocrx_word' id='word_1_179' title='bbox 1297 1451 1597 1490; x_wconf 86' lang='lat' dir='ltr'><strong>concursus</strong></span> <span class='ocrx_word' id='word_1_180' title='bbox 1621 1444 1674 1490; x_wconf 91' lang='lat' dir='ltr'><strong>et</strong></span> <span class='ocrx_word' id='word_1_181' title='bbox 1703 1434 2035 1489; x_wconf 73' lang='lat' dir='ltr'><strong>COIIVCI‘SiOﬂt</strong></span> 
     </span>
    </p>
   </div>
   <div class='ocr_carea' id='block_1_26' title="bbox 2163 1429 3679 1507">
    <p class='ocr_par' dir='ltr' id='par_1_26' title="bbox 2191 1431 3679 1507">
     <span class='ocr_line' id='line_1_26' title="bbox 2191 1431 3679 1507; baseline -0.002 -20"><span class='ocrx_word' id='word_1_182' title='bbox 2191 1436 2290 1507; x_wconf 86' lang='grc' dir='ltr'><strong>μὲν</strong></span> <span class='ocrx_word' id='word_1_183' title='bbox 2322 1433 2589 1504; x_wconf 76' lang='grc' dir='ltr'><strong>ἐπιτυχῶς</strong></span> <span class='ocrx_word' id='word_1_184' title='bbox 2633 1434 2878 1486; x_wconf 81' lang='grc' dir='ltr'>λέλεκται</span> <span class='ocrx_word' id='word_1_185' title='bbox 2913 1432 2991 1503; x_wconf 80' lang='grc' dir='ltr'><strong>τῷ</strong></span> <span class='ocrx_word' id='word_1_186' title='bbox 3020 1432 3194 1503; x_wconf 62' lang='grc' dir='ltr'>ἀνδρὶ,</span> <span class='ocrx_word' id='word_1_187' title='bbox 3229 1432 3490 1502; x_wconf 81' lang='grc' dir='ltr'>συντρέχοι</span> <span class='ocrx_word' id='word_1_188' title='bbox 3522 1431 3574 1485; x_wconf 81' lang='grc' dir='ltr'><strong>ἂν</strong></span> <span class='ocrx_word' id='word_1_189' title='bbox 3600 1435 3679 1494; x_wconf 76' lang='grc' dir='ltr'>τοῖς</span> 
     </span>
    </p>
   </div>
   <div class='ocr_carea' id='block_1_27' title="bbox 515 1522 2031 1596">
    <p class='ocr_par' dir='ltr' id='par_1_27' title="bbox 515 1525 2031 1596">
     <span class='ocr_line' id='line_1_27' title="bbox 515 1525 2031 1596; baseline 0.006 -27"><span class='ocrx_word' id='word_1_190' title='bbox 515 1526 631 1570; x_wconf 90' lang='lat' dir='ltr'><strong>arte</strong></span> <span class='ocrx_word' id='word_1_191' title='bbox 656 1525 1079 1588; x_wconf 42' lang='lat' dir='ltr'><strong>repraesentavit,</strong></span> <span class='ocrx_word' id='word_1_192' title='bbox 1107 1526 1372 1580; x_wconf 87' lang='lat' dir='ltr'><strong>machinis</strong></span> <span class='ocrx_word' id='word_1_193' title='bbox 1398 1527 1720 1596; x_wconf 82' lang='lat' dir='ltr'><strong>quibusdam</strong></span> <span class='ocrx_word' id='word_1_194' title='bbox 1743 1525 2031 1581; x_wconf 58' lang='lat' dir='ltr'><strong>rescmlest:</strong></span> 
     </span>
    </p>
   </div>
   <div class='ocr_carea' id='block_1_28' title="bbox 2164 1522 3680 1596">
    <p class='ocr_par' dir='ltr' id='par_1_28' title="bbox 2187 1522 3680 1595">
     <span class='ocr_line' id='line_1_28' title="bbox 2187 1522 3680 1595; baseline -0.003 -17"><span class='ocrx_word' id='word_1_195' title='bbox 2187 1527 2409 1579; x_wconf 78' lang='grc' dir='ltr'><strong>Μωῦσεῖ</strong></span> <span class='ocrx_word' id='word_1_196' title='bbox 2439 1524 2809 1595; x_wconf 79' lang='grc' dir='ltr'><strong>δεδογμένοις·</strong></span> <span class='ocrx_word' id='word_1_197' title='bbox 2846 1524 2945 1576; x_wconf 82' lang='grc' dir='ltr'><strong>ὅσα</strong></span> <span class='ocrx_word' id='word_1_198' title='bbox 2989 1522 3045 1575; x_wconf 80' lang='grc' dir='ltr'>δὲ</span> <span class='ocrx_word' id='word_1_199' title='bbox 3084 1523 3157 1593; x_wconf 80' lang='grc' dir='ltr'>μὴ</span> <span class='ocrx_word' id='word_1_200' title='bbox 3201 1522 3484 1593; x_wconf 82' lang='grc' dir='ltr'>ἀρέσκοντα</span> <span class='ocrx_word' id='word_1_201' title='bbox 3514 1522 3680 1574; x_wconf 71' lang='grc' dir='ltr'>Μιυεσεί</span> 
     </span>
    </p>
   </div>
   <div class='ocr_carea' id='block_1_29' title="bbox 515 1605 2031 1689">
    <p class='ocr_par' dir='ltr' id='par_1_29' title="bbox 515 1605 2026 1689">
     <span class='ocr_line' id='line_1_29' title="bbox 515 1605 2026 1689; baseline 0.007 -30"><span class='ocrx_word' id='word_1_202' title='bbox 515 1605 778 1663; x_wconf 89' lang='lat' dir='ltr'><strong>imitatus.</strong></span> <span class='ocrx_word' id='word_1_203' title='bbox 808 1610 1011 1684; x_wconf 83' lang='lat' dir='ltr'><strong>Ecquid</strong></span> <span class='ocrx_word' id='word_1_204' title='bbox 1031 1630 1156 1668; x_wconf 89' lang='lat' dir='ltr'><strong>vero</strong></span> <span class='ocrx_word' id='word_1_205' title='bbox 1185 1631 1292 1669; x_wconf 81' lang='lat' dir='ltr'><strong>non</strong></span> <span class='ocrx_word' id='word_1_206' title='bbox 1319 1617 1665 1689; x_wconf 81' lang='lat' dir='ltr'><strong>excogitavit,</strong></span> <span class='ocrx_word' id='word_1_207' title='bbox 1698 1632 1807 1686; x_wconf 92' lang='lat' dir='ltr'><strong>quo</strong></span> <span class='ocrx_word' id='word_1_208' title='bbox 1847 1624 2026 1669; x_wconf 89' lang='lat' dir='ltr'><strong>mente</strong></span> 
     </span>
    </p>
   </div>
   <div class='ocr_carea' id='block_1_30' title="bbox 2166 1605 3682 1689">
    <p class='ocr_par' dir='ltr' id='par_1_30' title="bbox 2186 1613 3682 1686">
     <span class='ocr_line' id='line_1_30' title="bbox 2186 1613 3682 1686; baseline -0.001 -19"><span class='ocrx_word' id='word_1_209' title='bbox 2186 1615 2408 1678; x_wconf 78' lang='grc' dir='ltr'><strong>καὶτοῖς</strong></span> <span class='ocrx_word' id='word_1_210' title='bbox 2435 1616 2738 1686; x_wconf 76' lang='grc' dir='ltr'>προφήταις</span> <span class='ocrx_word' id='word_1_211' title='bbox 2768 1613 3054 1679; x_wconf 77' lang='grc' dir='ltr'>ὑπέλαϐεν,</span> <span class='ocrx_word' id='word_1_212' title='bbox 3072 1616 3171 1667; x_wconf 75' lang='grc' dir='ltr'><strong>οὐκ</strong></span> <span class='ocrx_word' id='word_1_213' title='bbox 3201 1614 3267 1668; x_wconf 81' lang='grc' dir='ltr'><strong>ἂν</strong></span> <span class='ocrx_word' id='word_1_214' title='bbox 3301 1614 3407 1684; x_wconf 74' lang='grc' dir='ltr'>ἔχοι</span> <span class='ocrx_word' id='word_1_215' title='bbox 3444 1613 3682 1666; x_wconf 74' lang='grc' dir='ltr'>συνεστῶτα</span> 
     </span>
    </p>
   </div>
   <div class='ocr_carea' id='block_1_31' title="bbox 516 1700 2032 1779">
    <p class='ocr_par' dir='ltr' id='par_1_31' title="bbox 516 1700 2032 1779">
     <span class='ocr_line' id='line_1_31' title="bbox 516 1700 2032 1779; baseline 0.005 -28"><span class='ocrx_word' id='word_1_216' title='bbox 516 1700 660 1753; x_wconf 90' lang='lat' dir='ltr'><strong>illam</strong></span> <span class='ocrx_word' id='word_1_217' title='bbox 690 1717 843 1755; x_wconf 91' lang='lat' dir='ltr'><strong>suam</strong></span> <span class='ocrx_word' id='word_1_218' title='bbox 874 1714 927 1757; x_wconf 91' lang='lat' dir='ltr'><strong>et</strong></span> <span class='ocrx_word' id='word_1_219' title='bbox 949 1705 1207 1770; x_wconf 83' lang='lat' dir='ltr'><strong>divinam,</strong></span> <span class='ocrx_word' id='word_1_220' title='bbox 1248 1718 1301 1762; x_wconf 90' lang='lat' dir='ltr'><strong>et</strong></span> <span class='ocrx_word' id='word_1_221' title='bbox 1328 1708 1437 1763; x_wconf 85' lang='lat' dir='ltr'><strong>Deo</strong></span> <span class='ocrx_word' id='word_1_222' title='bbox 1458 1709 1785 1779; x_wconf 88' lang='lat' dir='ltr'><strong>persimilem</strong></span> <span class='ocrx_word' id='word_1_223' title='bbox 1828 1706 2032 1761; x_wconf 69' lang='lat' dir='ltr'><strong>OSIBDdt</strong></span> 
     </span>
    </p>
   </div>
   <div class='ocr_carea' id='block_1_32' title="bbox 2165 1700 3681 1779">
    <p class='ocr_par' dir='ltr' id='par_1_32' title="bbox 2184 1704 3681 1777">
     <span class='ocr_line' id='line_1_32' title="bbox 2184 1704 3681 1777; baseline 0 -20"><span class='ocrx_word' id='word_1_224' title='bbox 2184 1705 2275 1757; x_wconf 80' lang='grc' dir='ltr'><strong>τὸν</strong></span> <span class='ocrx_word' id='word_1_225' title='bbox 2318 1704 2491 1773; x_wconf 81' lang='grc' dir='ltr'>λόγον,</span> <span class='ocrx_word' id='word_1_226' title='bbox 2534 1705 2703 1759; x_wconf 76' lang='grc' dir='ltr'>Τοῦτο</span> <span class='ocrx_word' id='word_1_227' title='bbox 2736 1706 2779 1758; x_wconf 87' lang='grc' dir='ltr'>δ’</span> <span class='ocrx_word' id='word_1_228' title='bbox 2814 1708 2944 1777; x_wconf 82' lang='grc' dir='ltr'><strong>ἡμῖν</strong></span> <span class='ocrx_word' id='word_1_229' title='bbox 2976 1710 3033 1760; x_wconf 79' lang='grc' dir='ltr'><strong>ὲν</strong></span> <span class='ocrx_word' id='word_1_230' title='bbox 3060 1706 3235 1776; x_wconf 83' lang='grc' dir='ltr'>καιρῷ</span> <span class='ocrx_word' id='word_1_231' title='bbox 3261 1706 3337 1776; x_wconf 82' lang='grc' dir='ltr'><strong>τῷ</strong></span> <span class='ocrx_word' id='word_1_232' title='bbox 3367 1705 3520 1758; x_wconf 85' lang='grc' dir='ltr'>δέοντι</span> <span class='ocrx_word' id='word_1_233' title='bbox 3554 1723 3681 1774; x_wconf 72' lang='grc' dir='ltr'>παρα-</span> 
     </span>
    </p>
   </div>
   <div class='ocr_carea' id='block_1_33' title="bbox 514 1771 2030 1870">
    <p class='ocr_par' dir='ltr' id='par_1_33' title="bbox 514 1771 2028 1869">
     <span class='ocr_line' id='line_1_33' title="bbox 514 1771 2028 1869; baseline 0.006 -26"><span class='ocrx_word' id='word_1_234' title='bbox 514 1791 628 1845; x_wconf 85' lang='lat' dir='ltr'><strong>rct?</strong></span> <span class='ocrx_word' id='word_1_235' title='bbox 681 1792 890 1859; x_wconf 84' lang='lat' dir='ltr'><strong>Quibus</strong></span> <span class='ocrx_word' id='word_1_236' title='bbox 941 1797 1029 1850; x_wconf 90' lang='lat' dir='ltr'><strong>ille</strong></span> <span class='ocrx_word' id='word_1_237' title='bbox 1070 1798 1232 1854; x_wconf 79' lang='lat' dir='ltr'><strong>rebus</strong></span> <span class='ocrx_word' id='word_1_238' title='bbox 1280 1816 1400 1854; x_wconf 91' lang='lat' dir='ltr'><strong>cum</strong></span> <span class='ocrx_word' id='word_1_239' title='bbox 1429 1771 1699 1856; x_wconf 54' lang='lat' dir='ltr'><strong>cinlestem</strong></span> <span class='ocrx_word' id='word_1_240' title='bbox 1730 1801 1913 1869; x_wconf 86' lang='lat' dir='ltr'><strong>plane,</strong></span> <span class='ocrx_word' id='word_1_241' title='bbox 1943 1799 2028 1851; x_wconf 78' lang='lat' dir='ltr'><strong>div</strong></span> 
     </span>
    </p>
   </div>
   <div class='ocr_carea' id='block_1_34' title="bbox 2169 1771 3685 1870">
    <p class='ocr_par' dir='ltr' id='par_1_34' title="bbox 2186 1771 3685 1870">
     <span class='ocr_line' id='line_1_34' title="bbox 2186 1771 3685 1870; baseline 0 -21"><span class='ocrx_word' id='word_1_242' title='bbox 2186 1771 2461 1868; x_wconf 81' lang='grc' dir='ltr'>στήσεται.</span> <span class='ocrx_word' id='word_1_243' title='bbox 2508 1798 2656 1861; x_wconf 85' lang='grc' dir='ltr'><strong>Τέως</strong></span> <span class='ocrx_word' id='word_1_244' title='bbox 2697 1798 2742 1851; x_wconf 89' lang='grc' dir='ltr'>δ’</span> <span class='ocrx_word' id='word_1_245' title='bbox 2772 1771 2893 1851; x_wconf 73' lang='grc' dir='ltr'>ἐπεὶ</span> <span class='ocrx_word' id='word_1_246' title='bbox 2929 1771 3251 1870; x_wconf 49' lang='grc' dir='ltr'>πεφώραέαι</span> <span class='ocrx_word' id='word_1_247' title='bbox 3292 1771 3348 1850; x_wconf 67' lang='grc' dir='ltr'>εν</span> <span class='ocrx_word' id='word_1_248' title='bbox 3374 1800 3436 1868; x_wconf 77' lang='grc' dir='ltr'><strong>τῇ</strong></span> <span class='ocrx_word' id='word_1_249' title='bbox 3473 1798 3579 1868; x_wconf 79' lang='grc' dir='ltr'>περὶ</span> 
     </span>
    </p>
   </div>
   <div class='ocr_carea' id='block_1_35' title="bbox 511 1888 2027 1961">
    <p class='ocr_par' dir='ltr' id='par_1_35' title="bbox 511 1890 2027 1961">
     <span class='ocr_line' id='line_1_35' title="bbox 511 1890 2027 1961; baseline 0.005 -27"><span class='ocrx_word' id='word_1_250' title='bbox 511 1898 771 1953; x_wconf 88' lang='lat' dir='ltr'><strong>numque,</strong></span> <span class='ocrx_word' id='word_1_251' title='bbox 816 1903 916 1942; x_wconf 88' lang='lat' dir='ltr'><strong>nec</strong></span> <span class='ocrx_word' id='word_1_252' title='bbox 959 1890 1227 1945; x_wconf 84' lang='lat' dir='ltr'><strong>ullatenus</strong></span> <span class='ocrx_word' id='word_1_253' title='bbox 1261 1893 1543 1946; x_wconf 84' lang='lat' dir='ltr'><strong>mortalem</strong></span> <span class='ocrx_word' id='word_1_254' title='bbox 1597 1893 1856 1961; x_wconf 87' lang='lat' dir='ltr'><strong>impetum</strong></span> <span class='ocrx_word' id='word_1_255' title='bbox 1916 1902 2027 1958; x_wconf 82' lang='lat' dir='ltr'><strong>atqt</strong></span> 
     </span>
    </p>
   </div>
   <div class='ocr_carea' id='block_1_36' title="bbox 2168 1888 3684 1961">
    <p class='ocr_par' dir='ltr' id='par_1_36' title="bbox 2183 1888 3684 1961">
     <span class='ocr_line' id='line_1_36' title="bbox 2183 1888 3684 1961; baseline -0.002 -18"><span class='ocrx_word' id='word_1_256' title='bbox 2183 1888 2385 1960; x_wconf 84' lang='grc' dir='ltr'>νοητῶν</span> <span class='ocrx_word' id='word_1_257' title='bbox 2434 1890 2696 1960; x_wconf 68' lang='grc' dir='ltr'>ἐποπτεία</span> <span class='ocrx_word' id='word_1_258' title='bbox 2752 1890 2962 1961; x_wconf 77' lang='grc' dir='ltr'>συνῳδὰ</span> <span class='ocrx_word' id='word_1_259' title='bbox 3018 1891 3113 1944; x_wconf 73' lang='grc' dir='ltr'><strong>καὶ</strong></span> <span class='ocrx_word' id='word_1_260' title='bbox 3172 1890 3430 1959; x_wconf 80' lang='grc' dir='ltr'>σύμφωνα</span> <span class='ocrx_word' id='word_1_261' title='bbox 3464 1890 3523 1941; x_wconf 82' lang='grc' dir='ltr'><strong>τὰ</strong></span> <span class='ocrx_word' id='word_1_262' title='bbox 3559 1889 3684 1941; x_wconf 84' lang='grc' dir='ltr'>τεθει-</span> 
     </span>
    </p>
   </div>
   <div class='ocr_carea' id='block_1_37' title="bbox 510 1974 2026 2053">
    <p class='ocr_par' dir='ltr' id='par_1_37' title="bbox 510 1974 2026 2053">
     <span class='ocr_line' id='line_1_37' title="bbox 510 1974 2026 2053; baseline 0.003 -26"><span class='ocrx_word' id='word_1_263' title='bbox 510 1974 832 2031; x_wconf 91' lang='lat' dir='ltr'><strong>industriam</strong></span> <span class='ocrx_word' id='word_1_264' title='bbox 857 1994 1123 2051; x_wconf 86' lang='lat' dir='ltr'><strong>exercret,</strong></span> <span class='ocrx_word' id='word_1_265' title='bbox 1142 2000 1211 2038; x_wconf 91' lang='lat' dir='ltr'><strong>vu</strong></span> <span class='ocrx_word' id='word_1_266' title='bbox 1235 1993 1517 2052; x_wconf 31' lang='lat' dir='ltr'><strong>potamcn,</strong></span> <span class='ocrx_word' id='word_1_267' title='bbox 1542 1984 1687 2053; x_wconf 88' lang='lat' dir='ltr'><strong>quod</strong></span> <span class='ocrx_word' id='word_1_268' title='bbox 1728 1984 1801 2036; x_wconf 90' lang='lat' dir='ltr'><strong>uti</strong></span> <span class='ocrx_word' id='word_1_269' title='bbox 1842 1982 2026 2035; x_wconf 73' lang='lat' dir='ltr'><strong>nimiul</strong></span> 
     </span>
    </p>
   </div>
   <div class='ocr_carea' id='block_1_38' title="bbox 2170 1974 3686 2053">
    <p class='ocr_par' dir='ltr' id='par_1_38' title="bbox 2186 1979 3686 2053">
     <span class='ocr_line' id='line_1_38' title="bbox 2186 1979 3686 2053; baseline -0.001 -21"><span class='ocrx_word' id='word_1_270' title='bbox 2186 1980 2340 2051; x_wconf 84' lang='grc' dir='ltr'>μένα,</span> <span class='ocrx_word' id='word_1_271' title='bbox 2372 1979 2509 2051; x_wconf 80' lang='grc' dir='ltr'>ὥρα,</span> <span class='ocrx_word' id='word_1_272' title='bbox 2546 1980 2864 2035; x_wconf 81' lang='grc' dir='ltr'>ἐπελθοῦσιν</span> <span class='ocrx_word' id='word_1_273' title='bbox 2894 1979 3051 2044; x_wconf 77' lang='grc' dir='ltr'>αὖθις</span> <span class='ocrx_word' id='word_1_274' title='bbox 3088 1983 3180 2034; x_wconf 77' lang='grc' dir='ltr'>ἐπὶ</span> <span class='ocrx_word' id='word_1_275' title='bbox 3214 1982 3317 2053; x_wconf 81' lang='grc' dir='ltr'>τὴν</span> <span class='ocrx_word' id='word_1_276' title='bbox 3344 1982 3445 2034; x_wconf 82' lang='grc' dir='ltr'>τῶν</span> <span class='ocrx_word' id='word_1_277' title='bbox 3477 1980 3686 2052; x_wconf 75' lang='grc' dir='ltr'><strong>αἰσθητῶν</strong></span> 
     </span>
    </p>
   </div>
   <div class='ocr_carea' id='block_1_39' title="bbox 506 2070 2022 2144">
    <p class='ocr_par' dir='ltr' id='par_1_39' title="bbox 506 2070 2016 2137">
     <span class='ocr_line' id='line_1_39' title="bbox 506 2070 2016 2137; baseline 0.005 -19"><span class='ocrx_word' id='word_1_278' title='bbox 506 2079 662 2120; x_wconf 78' lang='lat' dir='ltr'><strong>suam</strong></span> <span class='ocrx_word' id='word_1_279' title='bbox 694 2070 841 2125; x_wconf 89' lang='lat' dir='ltr'><strong>illam</strong></span> <span class='ocrx_word' id='word_1_280' title='bbox 869 2073 921 2125; x_wconf 93' lang='lat' dir='ltr'><strong>in</strong></span> <span class='ocrx_word' id='word_1_281' title='bbox 952 2088 1040 2126; x_wconf 89' lang='lat' dir='ltr'><strong>res</strong></span> <span class='ocrx_word' id='word_1_282' title='bbox 1064 2073 1346 2129; x_wconf 84' lang='lat' dir='ltr'><strong>inferiores</strong></span> <span class='ocrx_word' id='word_1_283' title='bbox 1372 2074 1778 2129; x_wconf 88' lang='lat' dir='ltr'><strong>inclinationem</strong></span> <span class='ocrx_word' id='word_1_284' title='bbox 1805 2082 1971 2137; x_wconf 89' lang='lat' dir='ltr'><strong>amat,</strong></span> <span class='ocrx_word' id='word_1_285' title='bbox 2004 2073 2016 2125; x_wconf 79' lang='grc' dir='ltr'><strong>ἱ</strong></span> 
     </span>
    </p>
   </div>
   <div class='ocr_carea' id='block_1_40' title="bbox 2166 2070 3682 2144">
    <p class='ocr_par' dir='ltr' id='par_1_40' title="bbox 2184 2071 3682 2144">
     <span class='ocr_line' id='line_1_40' title="bbox 2184 2071 3682 2144; baseline 0.001 -21"><span class='ocrx_word' id='word_1_286' title='bbox 2184 2071 2547 2139; x_wconf 81' lang='grc' dir='ltr'>φυσιολογίαν,</span> <span class='ocrx_word' id='word_1_287' title='bbox 2587 2074 2644 2124; x_wconf 84' lang='grc' dir='ltr'><strong>ὲν</strong></span> <span class='ocrx_word' id='word_1_288' title='bbox 2672 2072 2892 2143; x_wconf 80' lang='grc' dir='ltr'>βραχέσι</span> <span class='ocrx_word' id='word_1_289' title='bbox 2933 2071 3030 2143; x_wconf 79' lang='grc' dir='ltr'><strong>τὴν</strong></span> <span class='ocrx_word' id='word_1_290' title='bbox 3065 2072 3198 2143; x_wconf 75' lang='grc' dir='ltr'>πρὸς</span> <span class='ocrx_word' id='word_1_291' title='bbox 3226 2072 3296 2126; x_wconf 80' lang='grc' dir='ltr'><strong>τὰ</strong></span> <span class='ocrx_word' id='word_1_292' title='bbox 3337 2073 3573 2144; x_wconf 81' lang='grc' dir='ltr'>Ἓὸραίων</span> <span class='ocrx_word' id='word_1_293' title='bbox 3598 2074 3682 2125; x_wconf 72' lang='grc' dir='ltr'><strong>ἐπι-</strong></span> 
     </span>
    </p>
   </div>
   <div class='ocr_carea' id='block_1_41' title="bbox 507 2158 2023 2233">
    <p class='ocr_par' dir='ltr' id='par_1_41' title="bbox 507 2158 2016 2233">
     <span class='ocr_line' id='line_1_41' title="bbox 507 2158 2016 2233; baseline 0.003 -24"><span class='ocrx_word' id='word_1_294' title='bbox 507 2158 688 2214; x_wconf 87' lang='lat' dir='ltr'><strong>minus</strong></span> <span class='ocrx_word' id='word_1_295' title='bbox 732 2177 857 2215; x_wconf 91' lang='lat' dir='ltr'><strong>eum</strong></span> <span class='ocrx_word' id='word_1_296' title='bbox 904 2162 1099 2217; x_wconf 89' lang='lat' dir='ltr'><strong>intueri</strong></span> <span class='ocrx_word' id='word_1_297' title='bbox 1133 2166 1322 2232; x_wconf 84' lang='lat' dir='ltr'><strong>possit,</strong></span> <span class='ocrx_word' id='word_1_298' title='bbox 1363 2166 1527 2218; x_wconf 85' lang='lat' dir='ltr'><strong>rebus</strong></span> <span class='ocrx_word' id='word_1_299' title='bbox 1558 2165 1663 2219; x_wconf 91' lang='lat' dir='ltr'><strong>illis</strong></span> <span class='ocrx_word' id='word_1_300' title='bbox 1687 2179 1808 2233; x_wconf 72' lang='lat' dir='ltr'><strong>qua:</strong></span> <span class='ocrx_word' id='word_1_301' title='bbox 1833 2162 2016 2216; x_wconf 88' lang='lat' dir='ltr'><strong>omnin</strong></span> 
     </span>
    </p>
   </div>
   <div class='ocr_carea' id='block_1_42' title="bbox 1602 2158 3118 2233">
    <p class='ocr_par' dir='ltr' id='par_1_42' title="bbox 1602 2159 3118 2233">
     <span class='ocr_line' id='line_1_42' title="bbox 1602 2159 3118 2233; baseline -0.001 -16"><span class='ocrx_word' id='word_1_302' title='bbox 1602 2165 1663 2219; x_wconf 87' lang='lat' dir='ltr'><strong>lis</strong></span> <span class='ocrx_word' id='word_1_303' title='bbox 1687 2179 1808 2233; x_wconf 68' lang='lat' dir='ltr'><strong>qua:</strong></span> <span class='ocrx_word' id='word_1_304' title='bbox 1833 2162 2075 2216; x_wconf 90' lang='lat' dir='ltr'><strong>omnium</strong></span> <span class='ocrx_word' id='word_1_305' title='bbox 2182 2159 2408 2231; x_wconf 83' lang='grc' dir='ltr'>δραμεῖν</span> <span class='ocrx_word' id='word_1_306' title='bbox 2440 2159 2532 2214; x_wconf 77' lang='grc' dir='ltr'><strong>τοῦ</strong></span> <span class='ocrx_word' id='word_1_307' title='bbox 2559 2160 2750 2233; x_wconf 80' lang='grc' dir='ltr'>ἀνδρὸς</span> <span class='ocrx_word' id='word_1_308' title='bbox 2785 2161 3118 2232; x_wconf 82' lang='grc' dir='ltr'>συμφωνίαν.</span> 
     </span>
    </p>
   </div>
   <div class='ocr_carea' id='block_1_43' title="bbox 505 2250 3683 2324">
    <p class='ocr_par' dir='ltr' id='par_1_43' title="bbox 505 2250 3683 2324">
     <span class='ocr_line' id='line_1_43' title="bbox 505 2250 3683 2324; baseline 0.001 -23"><span class='ocrx_word' id='word_1_309' title='bbox 505 2250 559 2302; x_wconf 78' lang='lat' dir='ltr'><strong>ia</strong></span> <span class='ocrx_word' id='word_1_310' title='bbox 603 2260 879 2319; x_wconf 81' lang='lat' dir='ltr'><strong>aspectum</strong></span> <span class='ocrx_word' id='word_1_311' title='bbox 929 2254 1151 2321; x_wconf 89' lang='lat' dir='ltr'><strong>cadunt,</strong></span> <span class='ocrx_word' id='word_1_312' title='bbox 1198 2254 1354 2309; x_wconf 82' lang='lat' dir='ltr'><strong>facile</strong></span> <span class='ocrx_word' id='word_1_313' title='bbox 1406 2254 1715 2324; x_wconf 84' lang='lat' dir='ltr'><strong>persuasit,</strong></span> <span class='ocrx_word' id='word_1_314' title='bbox 1783 2263 1842 2307; x_wconf 92' lang='lat' dir='ltr'><strong>ut</strong></span> <span class='ocrx_word' id='word_1_315' title='bbox 1885 2253 2035 2307; x_wconf 86' lang='lat' dir='ltr'><strong>illum</strong></span> <span class='ocrx_word' id='word_1_316' title='bbox 2100 2252 2153 2305; x_wconf 94' lang='lat' dir='ltr'><strong>in</strong></span> <span class='ocrx_word' id='word_1_317' title='bbox 2191 2252 2377 2305; x_wconf 90' lang='lat' dir='ltr'><strong>eadem</strong></span> <span class='ocrx_word' id='word_1_318' title='bbox 2423 2254 2540 2320; x_wconf 88' lang='lat' dir='ltr'><strong>ipse</strong></span> <span class='ocrx_word' id='word_1_319' title='bbox 2590 2268 2773 2307; x_wconf 87' lang='lat' dir='ltr'><strong>secum</strong></span> <span class='ocrx_word' id='word_1_320' title='bbox 2832 2254 3143 2307; x_wconf 90' lang='lat' dir='ltr'><strong>mortalium</strong></span> <span class='ocrx_word' id='word_1_321' title='bbox 3192 2254 3370 2309; x_wconf 87' lang='lat' dir='ltr'><strong>classe</strong></span> <span class='ocrx_word' id='word_1_322' title='bbox 3418 2261 3683 2323; x_wconf 84' lang='lat' dir='ltr'><strong>reponeret,</strong></span> 
     </span>
    </p>
   </div>
   <div class='ocr_carea' id='block_1_44' title="bbox 503 2345 3687 2418">
    <p class='ocr_par' dir='ltr' id='par_1_44' title="bbox 503 2345 3687 2418">
     <span class='ocr_line' id='line_1_44' title="bbox 503 2345 3687 2418; baseline 0.001 -21"><span class='ocrx_word' id='word_1_323' title='bbox 503 2346 799 2413; x_wconf 80' lang='lat' dir='ltr'><strong>praesertim</strong></span> <span class='ocrx_word' id='word_1_324' title='bbox 831 2362 952 2401; x_wconf 90' lang='lat' dir='ltr'><strong>cum</strong></span> <span class='ocrx_word' id='word_1_325' title='bbox 998 2347 1120 2402; x_wconf 90' lang='lat' dir='ltr'><strong>inde</strong></span> <span class='ocrx_word' id='word_1_326' title='bbox 1148 2364 1385 2418; x_wconf 86' lang='lat' dir='ltr'><strong>quoque,</strong></span> <span class='ocrx_word' id='word_1_327' title='bbox 1456 2350 1558 2404; x_wconf 89' lang='lat' dir='ltr'><strong>hoc</strong></span> <span class='ocrx_word' id='word_1_328' title='bbox 1622 2357 1882 2418; x_wconf 89' lang='lat' dir='ltr'><strong>tanquam</strong></span> <span class='ocrx_word' id='word_1_329' title='bbox 1929 2345 2150 2416; x_wconf 85' lang='lat' dir='ltr'><strong>aliquod</strong></span> <span class='ocrx_word' id='word_1_330' title='bbox 2189 2345 2551 2414; x_wconf 89' lang='lat' dir='ltr'><strong>improbitatis</strong></span> <span class='ocrx_word' id='word_1_331' title='bbox 2599 2360 2713 2400; x_wconf 74' lang='lat' dir='ltr'><strong>sua:</strong></span> <span class='ocrx_word' id='word_1_332' title='bbox 2762 2346 3013 2402; x_wconf 89' lang='lat' dir='ltr'><strong>solatium</strong></span> <span class='ocrx_word' id='word_1_333' title='bbox 3058 2348 3276 2415; x_wconf 89' lang='lat' dir='ltr'><strong>habeat,</strong></span> <span class='ocrx_word' id='word_1_334' title='bbox 3325 2357 3386 2402; x_wconf 90' lang='lat' dir='ltr'><strong>ut</strong></span> <span class='ocrx_word' id='word_1_335' title='bbox 3413 2348 3527 2402; x_wconf 89' lang='lat' dir='ltr'><strong>dum</strong></span> <span class='ocrx_word' id='word_1_336' title='bbox 3552 2347 3597 2402; x_wconf 89' lang='lat' dir='ltr'><strong>in</strong></span> <span class='ocrx_word' id='word_1_337' title='bbox 3623 2346 3687 2399; x_wconf 85' lang='lat' dir='ltr'><strong>illa</strong></span> 
     </span>
    </p>
   </div>
   <div class='ocr_carea' id='block_1_45' title="bbox 501 2440 3689 2513">
    <p class='ocr_par' dir='ltr' id='par_1_45' title="bbox 501 2440 3689 2513">
     <span class='ocr_line' id='line_1_45' title="bbox 501 2440 3689 2513; baseline 0 -22"><span class='ocrx_word' id='word_1_338' title='bbox 501 2454 664 2507; x_wconf 91' lang='lat' dir='ltr'><strong>quam</strong></span> <span class='ocrx_word' id='word_1_339' title='bbox 726 2440 829 2494; x_wconf 88' lang='lat' dir='ltr'><strong>sibi</strong></span> <span class='ocrx_word' id='word_1_340' title='bbox 862 2456 929 2496; x_wconf 80' lang='lat' dir='ltr'><strong>ex</strong></span> <span class='ocrx_word' id='word_1_341' title='bbox 971 2458 1152 2496; x_wconf 90' lang='lat' dir='ltr'><strong>rerum</strong></span> <span class='ocrx_word' id='word_1_342' title='bbox 1197 2445 1525 2499; x_wconf 78' lang='lat' dir='ltr'><strong>exteriorum</strong></span> <span class='ocrx_word' id='word_1_343' title='bbox 1567 2445 1750 2513; x_wconf 81' lang='lat' dir='ltr'><strong>specie</strong></span> <span class='ocrx_word' id='word_1_344' title='bbox 1790 2442 1972 2513; x_wconf 86' lang='lat' dir='ltr'><strong>fingit,</strong></span> <span class='ocrx_word' id='word_1_345' title='bbox 2035 2458 2147 2495; x_wconf 77' lang='lat' dir='ltr'><strong>suae</strong></span> <span class='ocrx_word' id='word_1_346' title='bbox 2182 2455 2303 2494; x_wconf 91' lang='lat' dir='ltr'><strong>cum</strong></span> <span class='ocrx_word' id='word_1_347' title='bbox 2335 2441 2457 2494; x_wconf 91' lang='lat' dir='ltr'><strong>aliis</strong></span> <span class='ocrx_word' id='word_1_348' title='bbox 2486 2440 2720 2495; x_wconf 68' lang='lat' dir='ltr'><strong>miseria:</strong></span> <span class='ocrx_word' id='word_1_349' title='bbox 2756 2442 3143 2496; x_wconf 87' lang='lat' dir='ltr'><strong>communione</strong></span> <span class='ocrx_word' id='word_1_350' title='bbox 3169 2442 3484 2511; x_wconf 79' lang='lat' dir='ltr'><strong>acquiescit,</strong></span> <span class='ocrx_word' id='word_1_351' title='bbox 3517 2448 3689 2494; x_wconf 86' lang='lat' dir='ltr'><strong>cunctos</strong></span> 
     </span>
    </p>
   </div>
   <div class='ocr_carea' id='block_1_46' title="bbox 502 2526 3688 2605">
    <p class='ocr_par' dir='ltr' id='par_1_46' title="bbox 502 2526 3688 2605">
     <span class='ocr_line' id='line_1_46' title="bbox 502 2526 3688 2605; baseline 0 -21"><span class='ocrx_word' id='word_1_352' title='bbox 502 2530 749 2588; x_wconf 78' lang='lat' dir='ltr'><strong>homines</strong></span> <span class='ocrx_word' id='word_1_353' title='bbox 802 2544 909 2588; x_wconf 82' lang='lat' dir='ltr'><strong>tam</strong></span> <span class='ocrx_word' id='word_1_354' title='bbox 979 2534 1310 2589; x_wconf 87' lang='lat' dir='ltr'><strong>intrinsecus</strong></span> <span class='ocrx_word' id='word_1_355' title='bbox 1358 2552 1521 2605; x_wconf 88' lang='lat' dir='ltr'><strong>quam</strong></span> <span class='ocrx_word' id='word_1_356' title='bbox 1572 2535 1911 2589; x_wconf 79' lang='lat' dir='ltr'><strong>extrinsecus</strong></span> <span class='ocrx_word' id='word_1_357' title='bbox 1962 2532 2100 2586; x_wconf 90' lang='lat' dir='ltr'><strong>alios</strong></span> <span class='ocrx_word' id='word_1_358' title='bbox 2171 2532 2292 2585; x_wconf 89' lang='lat' dir='ltr'><strong>aliis</strong></span> <span class='ocrx_word' id='word_1_359' title='bbox 2339 2531 2545 2586; x_wconf 89' lang='lat' dir='ltr'><strong>similes</strong></span> <span class='ocrx_word' id='word_1_360' title='bbox 2609 2532 2921 2586; x_wconf 89' lang='lat' dir='ltr'><strong>arbitretur.</strong></span> <span class='ocrx_word' id='word_1_361' title='bbox 2956 2551 2976 2583; x_wconf 74' lang='grc' dir='ltr'><strong>ι</strong></span> <span class='ocrx_word' id='word_1_362' title='bbox 3031 2531 3154 2587; x_wconf 71' lang='lat' dir='ltr'><strong>Haec</strong></span> <span class='ocrx_word' id='word_1_363' title='bbox 3189 2532 3534 2604; x_wconf 80' lang='lat' dir='ltr'><strong>Porphyrius.</strong></span> <span class='ocrx_word' id='word_1_364' title='bbox 3571 2526 3688 2599; x_wconf 77' lang='lat'><strong>557</strong></span> 
     </span>
    </p>
   </div>
   <div class='ocr_carea' id='block_1_47' title="bbox 500 2619 3689 2694">
    <p class='ocr_par' dir='ltr' id='par_1_47' title="bbox 500 2619 3689 2694">
     <span class='ocr_line' id='line_1_47' title="bbox 500 2619 3689 2694; baseline -0.001 -19"><span class='ocrx_word' id='word_1_365' title='bbox 500 2621 742 2686; x_wconf 88' lang='lat' dir='ltr'><strong>Quorum</strong></span> <span class='ocrx_word' id='word_1_366' title='bbox 794 2624 1037 2677; x_wconf 90' lang='lat' dir='ltr'><strong>omnium</strong></span> <span class='ocrx_word' id='word_1_367' title='bbox 1083 2625 1359 2679; x_wconf 91' lang='lat' dir='ltr'><strong>doctorem</strong></span> <span class='ocrx_word' id='word_1_368' title='bbox 1405 2641 1469 2680; x_wconf 89' lang='lat' dir='ltr'><strong>ac</strong></span> <span class='ocrx_word' id='word_1_369' title='bbox 1519 2626 1838 2694; x_wconf 84' lang='lat' dir='ltr'><strong>magistrum</strong></span> <span class='ocrx_word' id='word_1_370' title='bbox 1898 2621 2098 2675; x_wconf 87' lang='lat' dir='ltr'><strong>Mosem</strong></span> <span class='ocrx_word' id='word_1_371' title='bbox 2139 2619 2305 2674; x_wconf 85' lang='lat' dir='ltr'><strong>fuisse</strong></span> <span class='ocrx_word' id='word_1_372' title='bbox 2354 2628 2583 2685; x_wconf 85' lang='lat' dir='ltr'><strong>constat,</strong></span> <span class='ocrx_word' id='word_1_373' title='bbox 2635 2622 2729 2691; x_wconf 88' lang='lat' dir='ltr'><strong>qui</strong></span> <span class='ocrx_word' id='word_1_374' title='bbox 2776 2621 2957 2675; x_wconf 87' lang='lat' dir='ltr'><strong>verbis</strong></span> <span class='ocrx_word' id='word_1_375' title='bbox 3008 2631 3131 2677; x_wconf 89' lang='lat' dir='ltr'><strong>ante</strong></span> <span class='ocrx_word' id='word_1_376' title='bbox 3177 2622 3417 2677; x_wconf 89' lang='lat' dir='ltr'><strong>laudatis</strong></span> <span class='ocrx_word' id='word_1_377' title='bbox 3475 2636 3579 2675; x_wconf 87' lang='lat' dir='ltr'><strong>cum</strong></span> <span class='ocrx_word' id='word_1_378' title='bbox 3603 2619 3689 2689; x_wconf 80' lang='lat' dir='ltr'><strong>pri-</strong></span> 
     </span>
    </p>
   </div>
   <div class='ocr_carea' id='block_1_48' title="bbox 499 2712 3687 2789">
    <p class='ocr_par' dir='ltr' id='par_1_48' title="bbox 499 2712 3687 2789">
     <span class='ocr_line' id='line_1_48' title="bbox 499 2712 3687 2789; baseline -0.001 -18"><span class='ocrx_word' id='word_1_379' title='bbox 499 2733 643 2771; x_wconf 83' lang='lat' dir='ltr'><strong>mam</strong></span> <span class='ocrx_word' id='word_1_380' title='bbox 678 2719 822 2771; x_wconf 89' lang='lat' dir='ltr'><strong>illam</strong></span> <span class='ocrx_word' id='word_1_381' title='bbox 866 2719 1147 2773; x_wconf 89' lang='lat' dir='ltr'><strong>hominum</strong></span> <span class='ocrx_word' id='word_1_382' title='bbox 1178 2719 1513 2774; x_wconf 88' lang='lat' dir='ltr'><strong>molitionem</strong></span> <span class='ocrx_word' id='word_1_383' title='bbox 1574 2718 1857 2789; x_wconf 78' lang='lat' dir='ltr'><strong>exposuit,</strong></span> <span class='ocrx_word' id='word_1_384' title='bbox 1885 2732 1949 2771; x_wconf 86' lang='lat' dir='ltr'><strong>ea</strong></span> <span class='ocrx_word' id='word_1_385' title='bbox 2012 2729 2135 2769; x_wconf 89' lang='lat' dir='ltr'><strong>cum</strong></span> <span class='ocrx_word' id='word_1_386' title='bbox 2176 2712 2285 2768; x_wconf 90' lang='lat' dir='ltr'><strong>Deo</strong></span> <span class='ocrx_word' id='word_1_387' title='bbox 2314 2714 2667 2768; x_wconf 90' lang='lat' dir='ltr'><strong>similitudine</strong></span> <span class='ocrx_word' id='word_1_388' title='bbox 2712 2715 3137 2771; x_wconf 86' lang='lat' dir='ltr'><strong>immortalitatis</strong></span> <span class='ocrx_word' id='word_1_389' title='bbox 3185 2717 3361 2770; x_wconf 90' lang='lat' dir='ltr'><strong>animi</strong></span> <span class='ocrx_word' id='word_1_390' title='bbox 3408 2716 3551 2770; x_wconf 85' lang='lat' dir='ltr'><strong>fidem</strong></span> <span class='ocrx_word' id='word_1_391' title='bbox 3578 2712 3687 2768; x_wconf 83' lang='lat' dir='ltr'><strong>fecit.</strong></span> 
     </span>
    </p>
   </div>
   <div class='ocr_carea' id='block_1_49' title="bbox 499 2808 3686 2885">
    <p class='ocr_par' dir='ltr' id='par_1_49' title="bbox 499 2808 3686 2885">
     <span class='ocr_line' id='line_1_49' title="bbox 499 2808 3686 2885; baseline -0.001 -18"><span class='ocrx_word' id='word_1_392' title='bbox 499 2815 602 2869; x_wconf 85' lang='lat' dir='ltr'><strong>Sed</strong></span> <span class='ocrx_word' id='word_1_393' title='bbox 633 2816 888 2883; x_wconf 88' lang='lat' dir='ltr'><strong>quoniam</strong></span> <span class='ocrx_word' id='word_1_394' title='bbox 916 2817 1182 2885; x_wconf 88' lang='lat' dir='ltr'><strong>ejusmodi</strong></span> <span class='ocrx_word' id='word_1_395' title='bbox 1212 2826 1294 2872; x_wconf 86' lang='lat' dir='ltr'><strong>est</strong></span> <span class='ocrx_word' id='word_1_396' title='bbox 1321 2818 1370 2870; x_wconf 92' lang='lat' dir='ltr'><strong>in</strong></span> <span class='ocrx_word' id='word_1_397' title='bbox 1396 2816 1791 2872; x_wconf 83' lang='lat' dir='ltr'><strong>constituendis</strong></span> <span class='ocrx_word' id='word_1_398' title='bbox 1856 2814 2217 2880; x_wconf 61' lang='lat' dir='ltr'><strong>incorporea,</strong></span> <span class='ocrx_word' id='word_1_399' title='bbox 2284 2825 2612 2879; x_wconf 88' lang='lat' dir='ltr'><strong>sensumque</strong></span> <span class='ocrx_word' id='word_1_400' title='bbox 2664 2809 2922 2880; x_wconf 80' lang='lat' dir='ltr'><strong>fugientis</strong></span> <span class='ocrx_word' id='word_1_401' title='bbox 2957 2822 3166 2867; x_wconf 64' lang='lat' dir='ltr'><strong>natura:</strong></span> <span class='ocrx_word' id='word_1_402' title='bbox 3236 2812 3549 2873; x_wconf 85' lang='lat' dir='ltr'><strong>rationibus,</strong></span> <span class='ocrx_word' id='word_1_403' title='bbox 3598 2808 3686 2863; x_wconf 80' lang='lat' dir='ltr'><strong>Mo-</strong></span> 
     </span>
    </p>
   </div>
   <div class='ocr_carea' id='block_1_50' title="bbox 495 2899 3687 2975">
    <p class='ocr_par' dir='ltr' id='par_1_50' title="bbox 495 2899 3687 2975">
     <span class='ocr_line' id='line_1_50' title="bbox 495 2899 3687 2975; baseline 0 -20"><span class='ocrx_word' id='word_1_404' title='bbox 495 2919 607 2958; x_wconf 68' lang='lat' dir='ltr'><strong>sem</strong></span> <span class='ocrx_word' id='word_1_405' title='bbox 655 2905 792 2959; x_wconf 87' lang='lat' dir='ltr'><strong>inter</strong></span> <span class='ocrx_word' id='word_1_406' title='bbox 830 2904 1217 2975; x_wconf 82' lang='lat' dir='ltr'><strong>Platonemque</strong></span> <span class='ocrx_word' id='word_1_407' title='bbox 1266 2909 1599 2961; x_wconf 89' lang='lat' dir='ltr'><strong>consensio:</strong></span> <span class='ocrx_word' id='word_1_408' title='bbox 1636 2906 1876 2975; x_wconf 88' lang='lat' dir='ltr'><strong>reliquas</strong></span> <span class='ocrx_word' id='word_1_409' title='bbox 1939 2902 2191 2970; x_wconf 88' lang='lat' dir='ltr'><strong>deinceps</strong></span> <span class='ocrx_word' id='word_1_410' title='bbox 2252 2899 2547 2955; x_wconf 63' lang='lat' dir='ltr'><strong>Platonica:</strong></span> <span class='ocrx_word' id='word_1_411' title='bbox 2591 2900 2950 2970; x_wconf 68' lang='lat' dir='ltr'><strong>philosophiae</strong></span> <span class='ocrx_word' id='word_1_412' title='bbox 3003 2912 3183 2965; x_wconf 90' lang='lat' dir='ltr'><strong>partes</strong></span> <span class='ocrx_word' id='word_1_413' title='bbox 3238 2904 3536 2968; x_wconf 87' lang='lat' dir='ltr'><strong>videamus,</strong></span> <span class='ocrx_word' id='word_1_414' title='bbox 3564 2916 3687 2957; x_wconf 84' lang='lat' dir='ltr'><strong>eum-</strong></span> 
     </span>
    </p>
   </div>
   <div class='ocr_carea' id='block_1_51' title="bbox 494 2993 3691 3066">
    <p class='ocr_par' dir='ltr' id='par_1_51' title="bbox 494 2993 3691 3066">
     <span class='ocr_line' id='line_1_51' title="bbox 494 2993 3691 3066; baseline 0.001 -19"><span class='ocrx_word' id='word_1_415' title='bbox 494 2996 727 3066; x_wconf 87' lang='lat' dir='ltr'><strong>demque</strong></span> <span class='ocrx_word' id='word_1_416' title='bbox 763 2997 1112 3053; x_wconf 82' lang='lat' dir='ltr'><strong>Hebraeorum</strong></span> <span class='ocrx_word' id='word_1_417' title='bbox 1167 3002 1219 3054; x_wconf 91' lang='lat' dir='ltr'><strong>in</strong></span> <span class='ocrx_word' id='word_1_418' title='bbox 1266 3002 1521 3054; x_wconf 89' lang='lat' dir='ltr'><strong>omnibus</strong></span> <span class='ocrx_word' id='word_1_419' title='bbox 1594 3010 1865 3053; x_wconf 88' lang='lat' dir='ltr'><strong>amantem</strong></span> <span class='ocrx_word' id='word_1_420' title='bbox 1927 3013 1991 3052; x_wconf 91' lang='lat' dir='ltr'><strong>ac</strong></span> <span class='ocrx_word' id='word_1_421' title='bbox 2032 2994 2338 3051; x_wconf 89' lang='lat' dir='ltr'><strong>studiosum</strong></span> <span class='ocrx_word' id='word_1_422' title='bbox 2383 2993 2553 3049; x_wconf 87' lang='lat' dir='ltr'><strong>fuisse</strong></span> <span class='ocrx_word' id='word_1_423' title='bbox 2605 2997 2991 3065; x_wconf 88' lang='lat' dir='ltr'><strong>ostendamus,</strong></span> <span class='ocrx_word' id='word_1_424' title='bbox 3041 2998 3146 3051; x_wconf 92' lang='lat' dir='ltr'><strong>nisi</strong></span> <span class='ocrx_word' id='word_1_425' title='bbox 3202 3000 3383 3053; x_wconf 89' lang='lat' dir='ltr'><strong>sicubi</strong></span> <span class='ocrx_word' id='word_1_426' title='bbox 3430 3000 3547 3054; x_wconf 87' lang='lat' dir='ltr'><strong>dum</strong></span> <span class='ocrx_word' id='word_1_427' title='bbox 3602 2996 3691 3066; x_wconf 76' lang='lat' dir='ltr'><strong>plus</strong></span> 
     </span>
    </p>
   </div>
   <div class='ocr_carea' id='block_1_52' title="bbox 496 3089 3691 3163">
    <p class='ocr_par' dir='ltr' id='par_1_52' title="bbox 496 3089 3691 3163">
     <span class='ocr_line' id='line_1_52' title="bbox 496 3089 3691 3163; baseline 0.002 -23"><span class='ocrx_word' id='word_1_428' title='bbox 496 3090 735 3145; x_wconf 67' lang='lat' dir='ltr'><strong>humano</strong></span> <span class='ocrx_word' id='word_1_429' title='bbox 767 3095 972 3160; x_wconf 89' lang='lat' dir='ltr'><strong>sensui,</strong></span> <span class='ocrx_word' id='word_1_430' title='bbox 1021 3110 1184 3163; x_wconf 91' lang='lat' dir='ltr'><strong>quam</strong></span> <span class='ocrx_word' id='word_1_431' title='bbox 1216 3093 1423 3148; x_wconf 84' lang='lat' dir='ltr'><strong>ferebat</strong></span> <span class='ocrx_word' id='word_1_432' title='bbox 1450 3109 1731 3148; x_wconf 85' lang='lat' dir='ltr'><strong>sacrarum</strong></span> <span class='ocrx_word' id='word_1_433' title='bbox 1761 3093 2061 3147; x_wconf 90' lang='lat' dir='ltr'><strong>litterarum</strong></span> <span class='ocrx_word' id='word_1_434' title='bbox 2102 3090 2302 3144; x_wconf 86' lang='lat' dir='ltr'><strong>veritas</strong></span> <span class='ocrx_word' id='word_1_435' title='bbox 2338 3089 2653 3159; x_wconf 41' lang='lat' dir='ltr'><strong>indulgeret.</strong></span> <span class='ocrx_word' id='word_1_436' title='bbox 2705 3092 2915 3161; x_wconf 82' lang='lat' dir='ltr'><strong>longius</strong></span> <span class='ocrx_word' id='word_1_437' title='bbox 2978 3093 3272 3148; x_wconf 79' lang='lat' dir='ltr'><strong>exerravit.</strong></span> <span class='ocrx_word' id='word_1_438' title='bbox 3320 3093 3373 3149; x_wconf 90' lang='lat' dir='ltr'><strong>ld</strong></span> <span class='ocrx_word' id='word_1_439' title='bbox 3400 3110 3521 3149; x_wconf 85' lang='lat' dir='ltr'><strong>sane</strong></span> <span class='ocrx_word' id='word_1_440' title='bbox 3545 3093 3691 3162; x_wconf 79' lang='lat' dir='ltr'><strong>liquet,</strong></span> 
     </span>
    </p>
   </div>
   <div class='ocr_carea' id='block_1_53' title="bbox 494 3184 3690 3258">
    <p class='ocr_par' dir='ltr' id='par_1_53' title="bbox 494 3184 3690 3258">
     <span class='ocr_line' id='line_1_53' title="bbox 494 3184 3690 3258; baseline 0.001 -22"><span class='ocrx_word' id='word_1_441' title='bbox 494 3186 805 3256; x_wconf 82' lang='lat' dir='ltr'><strong>ubicunque</strong></span> <span class='ocrx_word' id='word_1_442' title='bbox 831 3204 1018 3242; x_wconf 86' lang='lat' dir='ltr'><strong>verum</strong></span> <span class='ocrx_word' id='word_1_443' title='bbox 1068 3188 1295 3242; x_wconf 80' lang='lat' dir='ltr'><strong>feliciter</strong></span> <span class='ocrx_word' id='word_1_444' title='bbox 1329 3189 1529 3257; x_wconf 88' lang='lat' dir='ltr'><strong>attigit,</strong></span> <span class='ocrx_word' id='word_1_445' title='bbox 1563 3186 1726 3241; x_wconf 81' lang='lat' dir='ltr'><strong>Musis</strong></span> <span class='ocrx_word' id='word_1_446' title='bbox 1778 3203 1900 3241; x_wconf 91' lang='lat' dir='ltr'><strong>eum</strong></span> <span class='ocrx_word' id='word_1_447' title='bbox 1941 3186 2182 3255; x_wconf 80' lang='lat' dir='ltr'><strong>vestigiis</strong></span> <span class='ocrx_word' id='word_1_448' title='bbox 2242 3184 2528 3251; x_wconf 89' lang='lat' dir='ltr'><strong>institisse,</strong></span> <span class='ocrx_word' id='word_1_449' title='bbox 2590 3187 2863 3251; x_wconf 86' lang='lat' dir='ltr'><strong>eumdem,</strong></span> <span class='ocrx_word' id='word_1_450' title='bbox 2921 3189 3135 3256; x_wconf 87' lang='lat' dir='ltr'><strong>quoties</strong></span> <span class='ocrx_word' id='word_1_451' title='bbox 3163 3203 3191 3241; x_wconf 89' lang='lat' dir='ltr'><strong>a</strong></span> <span class='ocrx_word' id='word_1_452' title='bbox 3219 3188 3392 3244; x_wconf 83' lang='lat' dir='ltr'><strong>Mosis</strong></span> <span class='ocrx_word' id='word_1_453' title='bbox 3423 3206 3481 3243; x_wconf 91' lang='lat' dir='ltr'><strong>ac</strong></span> <span class='ocrx_word' id='word_1_454' title='bbox 3507 3199 3690 3258; x_wconf 79' lang='lat' dir='ltr'><strong>prophe-</strong></span> 
     </span>
    </p>
   </div>
   <div class='ocr_carea' id='block_1_54' title="bbox 494 3272 3691 3343">
    <p class='ocr_par' dir='ltr' id='par_1_54' title="bbox 494 3272 3691 3343">
     <span class='ocr_line' id='line_1_54' title="bbox 494 3272 3691 3343; baseline 0 -15"><span class='ocrx_word' id='word_1_455' title='bbox 494 3284 670 3331; x_wconf 89' lang='lat' dir='ltr'><strong>tarum</strong></span> <span class='ocrx_word' id='word_1_456' title='bbox 736 3289 934 3341; x_wconf 85' lang='lat' dir='ltr'><strong>mente,</strong></span> <span class='ocrx_word' id='word_1_457' title='bbox 995 3279 1270 3343; x_wconf 90' lang='lat' dir='ltr'><strong>discessit,</strong></span> <span class='ocrx_word' id='word_1_458' title='bbox 1316 3280 1477 3332; x_wconf 87' lang='lat' dir='ltr'><strong>toties</strong></span> <span class='ocrx_word' id='word_1_459' title='bbox 1519 3277 1837 3331; x_wconf 87' lang='lat' dir='ltr'><strong>disserendo</strong></span> <span class='ocrx_word' id='word_1_460' title='bbox 1890 3291 1952 3329; x_wconf 89' lang='lat' dir='ltr'><strong>ac</strong></span> <span class='ocrx_word' id='word_1_461' title='bbox 2021 3273 2395 3328; x_wconf 85' lang='lat' dir='ltr'><strong>ratiocinaudo</strong></span> <span class='ocrx_word' id='word_1_462' title='bbox 2446 3272 2727 3328; x_wconf 86' lang='lat' dir='ltr'><strong>titubasse.</strong></span> <span class='ocrx_word' id='word_1_463' title='bbox 2781 3277 2958 3343; x_wconf 83' lang='lat' dir='ltr'><strong>Atque</strong></span> <span class='ocrx_word' id='word_1_464' title='bbox 3008 3276 3058 3328; x_wconf 92' lang='lat' dir='ltr'><strong>id</strong></span> <span class='ocrx_word' id='word_1_465' title='bbox 3104 3293 3203 3330; x_wconf 91' lang='lat' dir='ltr'><strong>suo</strong></span> <span class='ocrx_word' id='word_1_466' title='bbox 3248 3294 3277 3330; x_wconf 91' lang='lat' dir='ltr'><strong>a</strong></span> <span class='ocrx_word' id='word_1_467' title='bbox 3322 3278 3475 3331; x_wconf 86' lang='lat' dir='ltr'><strong>nobis</strong></span> <span class='ocrx_word' id='word_1_468' title='bbox 3502 3277 3601 3330; x_wconf 84' lang='lat' dir='ltr'><strong>loco</strong></span> <span class='ocrx_word' id='word_1_469' title='bbox 3622 3276 3691 3328; x_wconf 72' lang='lat' dir='ltr'><strong>tle-</strong></span> 
     </span>
    </p>
   </div>
   <div class='ocr_carea' id='block_1_55' title="bbox 491 3363 3690 3437">
    <p class='ocr_par' dir='ltr' id='par_1_55' title="bbox 491 3363 3690 3437">
     <span class='ocr_line' id='line_1_55' title="bbox 491 3363 3690 3437; baseline -0.001 -14"><span class='ocrx_word' id='word_1_470' title='bbox 491 3369 906 3423; x_wconf 88' lang='lat' dir='ltr'><strong>monstrabitur.</strong></span> <span class='ocrx_word' id='word_1_471' title='bbox 966 3367 1196 3433; x_wconf 82' lang='lat' dir='ltr'><strong>interea,</strong></span> <span class='ocrx_word' id='word_1_472' title='bbox 1225 3369 1444 3437; x_wconf 90' lang='lat' dir='ltr'><strong>quando</strong></span> <span class='ocrx_word' id='word_1_473' title='bbox 1472 3384 1594 3422; x_wconf 92' lang='lat' dir='ltr'><strong>cum</strong></span> <span class='ocrx_word' id='word_1_474' title='bbox 1650 3367 1756 3420; x_wconf 90' lang='lat' dir='ltr'><strong>illis</strong></span> <span class='ocrx_word' id='word_1_475' title='bbox 1817 3368 1869 3419; x_wconf 92' lang='lat' dir='ltr'><strong>in</strong></span> <span class='ocrx_word' id='word_1_476' title='bbox 1933 3363 2255 3433; x_wconf 83' lang='lat' dir='ltr'><strong>spiritalium</strong></span> <span class='ocrx_word' id='word_1_477' title='bbox 2303 3374 2623 3417; x_wconf 91' lang='lat' dir='ltr'><strong>naturarum</strong></span> <span class='ocrx_word' id='word_1_478' title='bbox 2671 3366 2996 3420; x_wconf 88' lang='lat' dir='ltr'><strong>tractatione</strong></span> <span class='ocrx_word' id='word_1_479' title='bbox 3042 3367 3378 3423; x_wconf 67' lang='lat' dir='ltr'><strong>cohaareutet</strong></span> <span class='ocrx_word' id='word_1_480' title='bbox 3438 3369 3690 3437; x_wconf 81' lang='lat' dir='ltr'><strong>loquentem</strong></span> 
     </span>
    </p>
   </div>
   <div class='ocr_carea' id='block_1_56' title="bbox 490 3456 3691 3530">
    <p class='ocr_par' dir='ltr' id='par_1_56' title="bbox 490 3456 3691 3530">
     <span class='ocr_line' id='line_1_56' title="bbox 490 3456 3691 3530; baseline -0.002 -15"><span class='ocrx_word' id='word_1_481' title='bbox 490 3462 825 3523; x_wconf 87' lang='lat' dir='ltr'><strong>audivimus;</strong></span> <span class='ocrx_word' id='word_1_482' title='bbox 872 3472 1154 3530; x_wconf 73' lang='lat' dir='ltr'><strong>sequntur,</strong></span> <span class='ocrx_word' id='word_1_483' title='bbox 1204 3471 1265 3515; x_wconf 92' lang='lat' dir='ltr'><strong>ut</strong></span> <span class='ocrx_word' id='word_1_484' title='bbox 1310 3462 1375 3515; x_wconf 90' lang='lat' dir='ltr'><strong>ad</strong></span> <span class='ocrx_word' id='word_1_485' title='bbox 1426 3476 1612 3514; x_wconf 88' lang='lat' dir='ltr'><strong>carum</strong></span> <span class='ocrx_word' id='word_1_486' title='bbox 1666 3476 1788 3530; x_wconf 77' lang='lat' dir='ltr'><strong>quze</strong></span> <span class='ocrx_word' id='word_1_487' title='bbox 1850 3458 2103 3513; x_wconf 89' lang='lat' dir='ltr'><strong>sensibus</strong></span> <span class='ocrx_word' id='word_1_488' title='bbox 2159 3466 2493 3524; x_wconf 89' lang='lat' dir='ltr'><strong>usurpantur</strong></span> <span class='ocrx_word' id='word_1_489' title='bbox 2545 3456 2941 3528; x_wconf 75' lang='lat' dir='ltr'><strong>physiologiam</strong></span> <span class='ocrx_word' id='word_1_490' title='bbox 2994 3468 3381 3525; x_wconf 85' lang='lat' dir='ltr'><strong>transeuntes,</strong></span> <span class='ocrx_word' id='word_1_491' title='bbox 3427 3474 3572 3530; x_wconf 88' lang='lat' dir='ltr'><strong>quam</strong></span> <span class='ocrx_word' id='word_1_492' title='bbox 3617 3458 3691 3527; x_wconf 75' lang='lat' dir='ltr'><strong>ipsi</strong></span> 
     </span>
    </p>
   </div>
   <div class='ocr_carea' id='block_1_57' title="bbox 488 3550 2496 3623">
    <p class='ocr_par' dir='ltr' id='par_1_57' title="bbox 488 3550 2496 3623">
     <span class='ocr_line' id='line_1_57' title="bbox 488 3550 2496 3623; baseline -0 -17"><span class='ocrx_word' id='word_1_493' title='bbox 488 3566 708 3623; x_wconf 87' lang='lat' dir='ltr'><strong>quoque</strong></span> <span class='ocrx_word' id='word_1_494' title='bbox 740 3568 861 3605; x_wconf 78' lang='lat' dir='ltr'><strong>cum</strong></span> <span class='ocrx_word' id='word_1_495' title='bbox 888 3551 1128 3608; x_wconf 64' lang='lat' dir='ltr'><strong>Ilcbrwis</strong></span> <span class='ocrx_word' id='word_1_496' title='bbox 1158 3556 1258 3608; x_wconf 89' lang='lat' dir='ltr'><strong>hoc</strong></span> <span class='ocrx_word' id='word_1_497' title='bbox 1288 3554 1339 3606; x_wconf 92' lang='lat' dir='ltr'><strong>in</strong></span> <span class='ocrx_word' id='word_1_498' title='bbox 1365 3569 1559 3621; x_wconf 82' lang='lat' dir='ltr'><strong>genere</strong></span> <span class='ocrx_word' id='word_1_499' title='bbox 1589 3551 1896 3619; x_wconf 84' lang='lat' dir='ltr'><strong>conveniat,</strong></span> <span class='ocrx_word' id='word_1_500' title='bbox 1930 3551 2119 3621; x_wconf 89' lang='lat' dir='ltr'><strong>paucis</strong></span> <span class='ocrx_word' id='word_1_501' title='bbox 2174 3550 2496 3605; x_wconf 89' lang='lat' dir='ltr'><strong>indicemus.</strong></span> 
     </span>
    </p>
   </div>
   <div class='ocr_carea' id='block_1_58' title="bbox 1038 3645 2554 3706">
    <p class='ocr_par' dir='ltr' id='par_1_58' title="bbox 1038 3645 2127 3706">
     <span class='ocr_line' id='line_1_58' title="bbox 1038 3645 2127 3706; baseline 0.005 -5"><span class='ocrx_word' id='word_1_502' title='bbox 1038 3645 1265 3702; x_wconf 86' lang='lat' dir='ltr'><strong>CAPUT</strong></span> <span class='ocrx_word' id='word_1_503' title='bbox 1304 3646 1499 3701; x_wconf 73' lang='lat' dir='ltr'><strong>XXIX.</strong></span> <span class='ocrx_word' id='word_1_504' title='bbox 2086 3650 2127 3706; x_wconf 89' lang='lat' dir='ltr'><strong><em>C</em></strong></span> 
     </span>
    </p>
   </div>
   <div class='ocr_carea' id='block_1_59' title="bbox 1726 3645 3242 3706">
    <p class='ocr_par' dir='ltr' id='par_1_59' title="bbox 2086 3645 3242 3706">
     <span class='ocr_line' id='line_1_59' title="bbox 2086 3645 3242 3706; baseline 0.003 -11"><span class='ocrx_word' id='word_1_505' title='bbox 2086 3650 2127 3706; x_wconf 85' lang='lat' dir='ltr'><strong>C</strong></span> <span class='ocrx_word' id='word_1_506' title='bbox 2665 3645 3061 3697; x_wconf 79' lang='grc' dir='ltr'><strong>ΚΕΦΑΛΑΙΟΝ</strong></span> <span class='ocrx_word' id='word_1_507' title='bbox 3111 3646 3242 3699; x_wconf 76' lang='grc' dir='ltr'><strong>ΚΘ’.</strong></span> 
     </span>
    </p>
   </div>
   <div class='ocr_carea' id='block_1_60' title="bbox 825 3754 2341 3826">
    <p class='ocr_par' dir='ltr' id='par_1_60' title="bbox 825 3759 1721 3825">
     <span class='ocr_line' id='line_1_60' title="bbox 825 3759 1721 3825; baseline 0.002 -12"><span class='ocrx_word' id='word_1_508' title='bbox 825 3759 975 3825; x_wconf 87' lang='lat' dir='ltr'><strong>Quod</strong></span> <span class='ocrx_word' id='word_1_509' title='bbox 1003 3763 1227 3814; x_wconf 81' lang='lat' dir='ltr'><strong>mundus</strong></span> <span class='ocrx_word' id='word_1_510' title='bbox 1260 3774 1430 3815; x_wconf 85' lang='lat' dir='ltr'><strong>ortum</strong></span> <span class='ocrx_word' id='word_1_511' title='bbox 1461 3764 1721 3816; x_wconf 81' lang='lat' dir='ltr'><strong>habuerit.</strong></span> 
     </span>
    </p>
   </div>
   <div class='ocr_carea' id='block_1_61' title="bbox 2019 3754 3535 3826">
    <p class='ocr_par' dir='ltr' id='par_1_61' title="bbox 2372 3754 3535 3826">
     <span class='ocr_line' id='line_1_61' title="bbox 2372 3754 3535 3826; baseline 0.006 -19"><span class='ocrx_word' id='word_1_512' title='bbox 2372 3756 2510 3823; x_wconf 80' lang='grc' dir='ltr'><strong>Περὶ</strong></span> <span class='ocrx_word' id='word_1_513' title='bbox 2552 3756 2657 3809; x_wconf 79' lang='grc' dir='ltr'><strong>τοῦ</strong></span> <span class='ocrx_word' id='word_1_514' title='bbox 2689 3757 2941 3826; x_wconf 70' lang='grc' dir='ltr'><strong>γενητὸν</strong></span> <span class='ocrx_word' id='word_1_515' title='bbox 2972 3754 3123 3811; x_wconf 70' lang='grc' dir='ltr'>εἶναι</span> <span class='ocrx_word' id='word_1_516' title='bbox 3152 3759 3263 3812; x_wconf 75' lang='grc' dir='ltr'><strong>τὸν</strong></span> <span class='ocrx_word' id='word_1_517' title='bbox 3295 3763 3535 3826; x_wconf 74' lang='grc' dir='ltr'>κόσμον,</span> 
     </span>
    </p>
   </div>
   <div class='ocr_carea' id='block_1_62' title="bbox 562 3868 2078 3948">
    <p class='ocr_par' dir='ltr' id='par_1_62' title="bbox 562 3872 2058 3948">
     <span class='ocr_line' id='line_1_62' title="bbox 562 3872 2058 3948; baseline 0.003 -22"><span class='ocrx_word' id='word_1_518' title='bbox 562 3895 581 3925; x_wconf 73' lang='grc' dir='ltr'>ε</span> <span class='ocrx_word' id='word_1_519' title='bbox 617 3872 937 3929; x_wconf 76' lang='lat' dir='ltr'><strong>Universum</strong></span> <span class='ocrx_word' id='word_1_520' title='bbox 971 3874 1074 3928; x_wconf 91' lang='lat' dir='ltr'><strong>hoc</strong></span> <span class='ocrx_word' id='word_1_521' title='bbox 1103 3892 1131 3929; x_wconf 91' lang='lat' dir='ltr'><strong>a</strong></span> <span class='ocrx_word' id='word_1_522' title='bbox 1160 3875 1268 3930; x_wconf 80' lang='lat' dir='ltr'><strong>Deo</strong></span> <span class='ocrx_word' id='word_1_523' title='bbox 1295 3876 1599 3940; x_wconf 90' lang='lat' dir='ltr'><strong>conditum,</strong></span> <span class='ocrx_word' id='word_1_524' title='bbox 1623 3878 1853 3948; x_wconf 90' lang='lat' dir='ltr'><strong>aliquem</strong></span> <span class='ocrx_word' id='word_1_525' title='bbox 1877 3886 2058 3931; x_wconf 91' lang='lat' dir='ltr'><strong>ortum</strong></span> 
     </span>
    </p>
   </div>
   <div class='ocr_carea' id='block_1_63' title="bbox 2176 3868 3692 3948">
    <p class='ocr_par' dir='ltr' id='par_1_63' title="bbox 2236 3868 3692 3942">
     <span class='ocr_line' id='line_1_63' title="bbox 2236 3868 3692 3942; baseline 0.004 -25"><span class='ocrx_word' id='word_1_526' title='bbox 2236 3886 2253 3917; x_wconf 79' lang='grc' dir='ltr'><strong>ι</strong></span> <span class='ocrx_word' id='word_1_527' title='bbox 2290 3868 2531 3931; x_wconf 78' lang='grc' dir='ltr'><strong>Μωσέως</strong></span> <span class='ocrx_word' id='word_1_528' title='bbox 2585 3869 2806 3938; x_wconf 78' lang='grc' dir='ltr'><strong>γενητὸν</strong></span> <span class='ocrx_word' id='word_1_529' title='bbox 2861 3871 3285 3942; x_wconf 81' lang='grc' dir='ltr'><strong>ἀποφηναμένου</strong></span> <span class='ocrx_word' id='word_1_530' title='bbox 3348 3875 3466 3928; x_wconf 83' lang='grc' dir='ltr'><strong>τόδε</strong></span> <span class='ocrx_word' id='word_1_531' title='bbox 3510 3874 3565 3927; x_wconf 77' lang='grc' dir='ltr'><strong>τὸ</strong></span> <span class='ocrx_word' id='word_1_532' title='bbox 3614 3874 3692 3924; x_wconf 74' lang='grc' dir='ltr'>πᾶν</span> 
     </span>
    </p>
   </div>
   <div class='ocr_carea' id='block_1_64' title="bbox 488 3959 2004 4038">
    <p class='ocr_par' dir='ltr' id='par_1_64' title="bbox 488 3963 2004 4036">
     <span class='ocr_line' id='line_1_64' title="bbox 488 3963 2004 4036; baseline 0.001 -18"><span class='ocrx_word' id='word_1_533' title='bbox 488 3964 745 4018; x_wconf 85' lang='lat' dir='ltr'><strong>habuisse</strong></span> <span class='ocrx_word' id='word_1_534' title='bbox 780 3963 958 4019; x_wconf 85' lang='lat' dir='ltr'><strong>Moses</strong></span> <span class='ocrx_word' id='word_1_535' title='bbox 987 3965 1206 4032; x_wconf 87' lang='lat' dir='ltr'><strong>docuit,</strong></span> <span class='ocrx_word' id='word_1_536' title='bbox 1255 3967 1383 4019; x_wconf 91' lang='lat' dir='ltr'><strong>dum</strong></span> <span class='ocrx_word' id='word_1_537' title='bbox 1414 3968 1489 4020; x_wconf 90' lang='lat' dir='ltr'><strong>ait</strong></span> <span class='ocrx_word' id='word_1_538' title='bbox 1514 3967 1632 4036; x_wconf 90' lang='lat' dir='ltr'><strong>ipso</strong></span> <span class='ocrx_word' id='word_1_539' title='bbox 1656 3967 1839 4021; x_wconf 90' lang='lat' dir='ltr'><strong>statim</strong></span> <span class='ocrx_word' id='word_1_540' title='bbox 1880 3982 2004 4035; x_wconf 83' lang='lat' dir='ltr'><strong>oper</strong></span> 
     </span>
    </p>
   </div>
   <div class='ocr_carea' id='block_1_65' title="bbox 2175 3959 3691 4038">
    <p class='ocr_par' dir='ltr' id='par_1_65' title="bbox 2175 3959 3691 4038">
     <span class='ocr_line' id='line_1_65' title="bbox 2175 3959 3691 4038; baseline 0.001 -24"><span class='ocrx_word' id='word_1_541' title='bbox 2175 3960 2263 4014; x_wconf 65' lang='grc' dir='ltr'><strong>ὃπὸ</strong></span> <span class='ocrx_word' id='word_1_542' title='bbox 2296 3959 2387 4013; x_wconf 82' lang='grc' dir='ltr'><strong>τοῦ</strong></span> <span class='ocrx_word' id='word_1_543' title='bbox 2417 3959 2550 4013; x_wconf 83' lang='grc' dir='ltr'><strong>Ε)εοῦ</strong></span> <span class='ocrx_word' id='word_1_544' title='bbox 2582 3960 2899 4030; x_wconf 72' lang='grc' dir='ltr'>γενόμενοψ</span> <span class='ocrx_word' id='word_1_545' title='bbox 2928 3961 3074 4031; x_wconf 83' lang='grc' dir='ltr'>λέγει</span> <span class='ocrx_word' id='word_1_546' title='bbox 3114 3963 3159 4016; x_wconf 83' lang='grc' dir='ltr'>δ’</span> <span class='ocrx_word' id='word_1_547' title='bbox 3194 3960 3293 4018; x_wconf 74' lang='grc' dir='ltr'><strong>οὖν</strong></span> <span class='ocrx_word' id='word_1_548' title='bbox 3327 3967 3601 4038; x_wconf 77' lang='grc' dir='ltr'>ἀρχόμενος</span> <span class='ocrx_word' id='word_1_549' title='bbox 3622 3965 3691 4033; x_wconf 73' lang='grc' dir='ltr'><strong>τῆς</strong></span> 
     </span>
    </p>
   </div>
   <div class='ocr_carea' id='block_1_66' title="bbox 484 4050 2000 4127">
    <p class='ocr_par' dir='ltr' id='par_1_66' title="bbox 484 4056 1977 4127">
     <span class='ocr_line' id='line_1_66' title="bbox 484 4056 1977 4127; baseline 0.001 -17"><span class='ocrx_word' id='word_1_550' title='bbox 484 4056 568 4111; x_wconf 87' lang='lat' dir='ltr'><strong>sui</strong></span> <span class='ocrx_word' id='word_1_551' title='bbox 620 4056 913 4121; x_wconf 84' lang='lat' dir='ltr'><strong>vestibulo,</strong></span> <span class='ocrx_word' id='word_1_552' title='bbox 965 4075 983 4107; x_wconf 88' lang='grc'><strong>‹</strong></span> <span class='ocrx_word' id='word_1_553' title='bbox 1022 4056 1078 4110; x_wconf 91' lang='lat' dir='ltr'><strong>ln</strong></span> <span class='ocrx_word' id='word_1_554' title='bbox 1123 4057 1387 4127; x_wconf 86' lang='lat' dir='ltr'><strong>principio</strong></span> <span class='ocrx_word' id='word_1_555' title='bbox 1434 4057 1561 4112; x_wconf 86' lang='lat' dir='ltr'><strong>fecit</strong></span> <span class='ocrx_word' id='word_1_556' title='bbox 1608 4057 1749 4113; x_wconf 90' lang='lat' dir='ltr'><strong>Deus</strong></span> <span class='ocrx_word' id='word_1_557' title='bbox 1781 4060 1977 4113; x_wconf 57' lang='lat' dir='ltr'><strong>caelum</strong></span> 
     </span>
    </p>
   </div>
   <div class='ocr_carea' id='block_1_67' title="bbox 2178 4050 3694 4127">
    <p class='ocr_par' dir='ltr' id='par_1_67' title="bbox 2178 4050 3694 4125">
     <span class='ocr_line' id='line_1_67' title="bbox 2178 4050 3694 4125; baseline 0.003 -24"><span class='ocrx_word' id='word_1_558' title='bbox 2178 4050 2350 4102; x_wconf 66' lang='grc' dir='ltr'>αυτοῦ</span> <span class='ocrx_word' id='word_1_559' title='bbox 2382 4050 2645 4120; x_wconf 79' lang='grc' dir='ltr'>γραφῆς,‹</span> <span class='ocrx_word' id='word_1_560' title='bbox 2673 4051 2756 4103; x_wconf 85' lang='grc' dir='ltr'><strong>Ἐν</strong></span> <span class='ocrx_word' id='word_1_561' title='bbox 2786 4052 2924 4123; x_wconf 86' lang='grc' dir='ltr'>ἀρχῇ</span> <span class='ocrx_word' id='word_1_562' title='bbox 2957 4054 3209 4124; x_wconf 75' lang='grc' dir='ltr'>ἐποίησεν</span> <span class='ocrx_word' id='word_1_563' title='bbox 3243 4058 3274 4108; x_wconf 80' lang='grc' dir='ltr'>ὁ</span> <span class='ocrx_word' id='word_1_564' title='bbox 3305 4056 3438 4121; x_wconf 76' lang='grc' dir='ltr'>Θεὸς</span> <span class='ocrx_word' id='word_1_565' title='bbox 3464 4056 3548 4110; x_wconf 73' lang='grc' dir='ltr'><strong>τὸν</strong></span> <span class='ocrx_word' id='word_1_566' title='bbox 3572 4056 3694 4125; x_wconf 65' lang='grc' dir='ltr'>οὐρα-</span> 
     </span>
    </p>
   </div>
   <div class='ocr_carea' id='block_1_68' title="bbox 487 4142 2003 4219">
    <p class='ocr_par' dir='ltr' id='par_1_68' title="bbox 487 4147 2003 4219">
     <span class='ocr_line' id='line_1_68' title="bbox 487 4147 2003 4219; baseline 0 -19"><span class='ocrx_word' id='word_1_567' title='bbox 487 4159 717 4211; x_wconf 90' lang='lat' dir='ltr'><strong>terram;</strong></span> <span class='ocrx_word' id='word_1_568' title='bbox 760 4164 777 4197; x_wconf 77' lang='grc' dir='ltr'><strong>ι</strong></span> <span class='ocrx_word' id='word_1_569' title='bbox 821 4147 1058 4215; x_wconf 90' lang='lat' dir='ltr'><strong>itemque</strong></span> <span class='ocrx_word' id='word_1_570' title='bbox 1103 4157 1284 4216; x_wconf 87' lang='lat' dir='ltr'><strong>partes</strong></span> <span class='ocrx_word' id='word_1_571' title='bbox 1329 4148 1520 4201; x_wconf 91' lang='lat' dir='ltr'><strong>ordine</strong></span> <span class='ocrx_word' id='word_1_572' title='bbox 1566 4148 1807 4219; x_wconf 80' lang='lat' dir='ltr'><strong>singulas</strong></span> <span class='ocrx_word' id='word_1_573' title='bbox 1834 4164 2003 4203; x_wconf 75' lang='lat' dir='ltr'><strong>exsem</strong></span> 
     </span>
    </p>
   </div>
   <div class='ocr_carea' id='block_1_69' title="bbox 2176 4142 3692 4219">
    <p class='ocr_par' dir='ltr' id='par_1_69' title="bbox 2176 4142 3692 4219">
     <span class='ocr_line' id='line_1_69' title="bbox 2176 4142 3692 4219; baseline 0.005 -24"><span class='ocrx_word' id='word_1_574' title='bbox 2176 4142 2245 4195; x_wconf 66' lang='grc' dir='ltr'><strong>σὸν</strong></span> <span class='ocrx_word' id='word_1_575' title='bbox 2285 4144 2376 4195; x_wconf 70' lang='grc' dir='ltr'><strong>καὶ</strong></span> <span class='ocrx_word' id='word_1_576' title='bbox 2417 4144 2516 4214; x_wconf 81' lang='grc' dir='ltr'><strong>τὴν</strong></span> <span class='ocrx_word' id='word_1_577' title='bbox 2552 4143 2675 4213; x_wconf 81' lang='grc' dir='ltr'><strong>γῆν.</strong></span> <span class='ocrx_word' id='word_1_578' title='bbox 2713 4162 2732 4194; x_wconf 75' lang='grc' dir='ltr'><strong>ι</strong></span> <span class='ocrx_word' id='word_1_579' title='bbox 2786 4146 2891 4197; x_wconf 78' lang='grc' dir='ltr'>Καὶ</span> <span class='ocrx_word' id='word_1_580' title='bbox 2924 4146 3085 4200; x_wconf 81' lang='grc' dir='ltr'>πάλιν</span> <span class='ocrx_word' id='word_1_581' title='bbox 3124 4150 3267 4218; x_wconf 81' lang='grc' dir='ltr'><strong>μετὰ</strong></span> <span class='ocrx_word' id='word_1_582' title='bbox 3310 4152 3379 4204; x_wconf 70' lang='grc' dir='ltr'><strong>τὰ</strong></span> <span class='ocrx_word' id='word_1_583' title='bbox 3408 4152 3537 4203; x_wconf 84' lang='grc' dir='ltr'>κατά</span> <span class='ocrx_word' id='word_1_584' title='bbox 3569 4152 3692 4219; x_wconf 83' lang='grc' dir='ltr'>μέρος</span> 
     </span>
    </p>
   </div>
   <div class='ocr_carea' id='block_1_70' title="bbox 486 4233 2002 4315">
    <p class='ocr_par' dir='ltr' id='par_1_70' title="bbox 486 4233 2002 4307">
     <span class='ocr_line' id='line_1_70' title="bbox 486 4233 2002 4307; baseline 0.001 -18"><span class='ocrx_word' id='word_1_585' title='bbox 486 4246 572 4290; x_wconf 93' lang='lat' dir='ltr'><strong>tus</strong></span> <span class='ocrx_word' id='word_1_586' title='bbox 602 4235 749 4289; x_wconf 90' lang='lat' dir='ltr'><strong>addit</strong></span> <span class='ocrx_word' id='word_1_587' title='bbox 782 4255 793 4288; x_wconf 90' lang='lat'><strong>:</strong></span> <span class='ocrx_word' id='word_1_588' title='bbox 835 4254 852 4285; x_wconf 74' lang='grc' dir='ltr'><strong>ι</strong></span> <span class='ocrx_word' id='word_1_589' title='bbox 895 4233 991 4290; x_wconf 89' lang='lat' dir='ltr'><strong>llic</strong></span> <span class='ocrx_word' id='word_1_590' title='bbox 1034 4236 1179 4290; x_wconf 88' lang='lat' dir='ltr'><strong>liber</strong></span> <span class='ocrx_word' id='word_1_591' title='bbox 1211 4237 1577 4307; x_wconf 85' lang='lat' dir='ltr'><strong>generationis</strong></span> <span class='ocrx_word' id='word_1_592' title='bbox 1628 4238 1752 4291; x_wconf 85' lang='lat' dir='ltr'><strong>coeli</strong></span> <span class='ocrx_word' id='word_1_593' title='bbox 1793 4246 1847 4291; x_wconf 89' lang='lat' dir='ltr'><strong>ct</strong></span> <span class='ocrx_word' id='word_1_594' title='bbox 1878 4246 2002 4293; x_wconf 77' lang='lat' dir='ltr'><strong>terr:</strong></span> 
     </span>
    </p>
   </div>
   <div class='ocr_carea' id='block_1_71' title="bbox 2175 4233 3691 4315">
    <p class='ocr_par' dir='ltr' id='par_1_71' title="bbox 2175 4236 3691 4315">
     <span class='ocr_line' id='line_1_71' title="bbox 2175 4236 3691 4315; baseline 0.009 -30"><span class='ocrx_word' id='word_1_595' title='bbox 2175 4237 2347 4304; x_wconf 84' lang='grc' dir='ltr'>;πάγει</span> <span class='ocrx_word' id='word_1_596' title='bbox 2366 4253 2378 4265; x_wconf 90' lang='grc'><strong>·</strong></span> <span class='ocrx_word' id='word_1_597' title='bbox 2410 4254 2428 4288; x_wconf 76' lang='grc' dir='ltr'><strong>ι</strong></span> <span class='ocrx_word' id='word_1_598' title='bbox 2459 4236 2603 4307; x_wconf 81' lang='grc' dir='ltr'><strong>Λῦτη</strong></span> <span class='ocrx_word' id='word_1_599' title='bbox 2633 4238 2665 4306; x_wconf 77' lang='grc' dir='ltr'>ἡ</span> <span class='ocrx_word' id='word_1_600' title='bbox 2700 4237 2878 4307; x_wconf 74' lang='grc' dir='ltr'>βίϐλος</span> <span class='ocrx_word' id='word_1_601' title='bbox 2903 4240 3167 4307; x_wconf 81' lang='grc' dir='ltr'>γενέσεως</span> <span class='ocrx_word' id='word_1_602' title='bbox 3212 4244 3454 4315; x_wconf 78' lang='grc' dir='ltr'>οὐρανοῦ</span> <span class='ocrx_word' id='word_1_603' title='bbox 3491 4246 3572 4298; x_wconf 73' lang='grc' dir='ltr'><strong>καὶ</strong></span> <span class='ocrx_word' id='word_1_604' title='bbox 3599 4241 3691 4311; x_wconf 79' lang='grc' dir='ltr'><strong>γῆς.</strong></span> 
     </span>
    </p>
   </div>
   <div class='ocr_carea' id='block_1_72' title="bbox 482 4321 1998 4401">
    <p class='ocr_par' dir='ltr' id='par_1_72' title="bbox 482 4327 1971 4398">
     <span class='ocr_line' id='line_1_72' title="bbox 482 4327 1971 4398; baseline 0.003 -20"><span class='ocrx_word' id='word_1_605' title='bbox 482 4327 701 4396; x_wconf 90' lang='lat' dir='ltr'><strong>quando</strong></span> <span class='ocrx_word' id='word_1_606' title='bbox 737 4328 950 4381; x_wconf 76' lang='lat' dir='ltr'><strong>exstitit</strong></span> <span class='ocrx_word' id='word_1_607' title='bbox 976 4328 1064 4381; x_wconf 91' lang='lat' dir='ltr'><strong>ille</strong></span> <span class='ocrx_word' id='word_1_608' title='bbox 1093 4328 1230 4391; x_wconf 88' lang='lat' dir='ltr'><strong>dies,</strong></span> <span class='ocrx_word' id='word_1_609' title='bbox 1278 4343 1389 4398; x_wconf 90' lang='lat' dir='ltr'><strong>quo</strong></span> <span class='ocrx_word' id='word_1_610' title='bbox 1437 4328 1565 4383; x_wconf 89' lang='lat' dir='ltr'><strong>fecit</strong></span> <span class='ocrx_word' id='word_1_611' title='bbox 1612 4329 1749 4384; x_wconf 85' lang='lat' dir='ltr'><strong>Deus</strong></span> <span class='ocrx_word' id='word_1_612' title='bbox 1778 4330 1971 4384; x_wconf 69' lang='lat' dir='ltr'><strong>cadum</strong></span> 
     </span>
    </p>
   </div>
   <div class='ocr_carea' id='block_1_73' title="bbox 2176 4321 3692 4401">
    <p class='ocr_par' dir='ltr' id='par_1_73' title="bbox 2176 4321 3692 4401">
     <span class='ocr_line' id='line_1_73' title="bbox 2176 4321 3692 4401; baseline 0.004 -26"><span class='ocrx_word' id='word_1_613' title='bbox 2176 4326 2242 4377; x_wconf 77' lang='grc' dir='ltr'><strong>ἱτε</strong></span> <span class='ocrx_word' id='word_1_614' title='bbox 2277 4324 2493 4393; x_wconf 77' lang='grc' dir='ltr'>ἐγένετο</span> <span class='ocrx_word' id='word_1_615' title='bbox 2523 4328 2556 4397; x_wconf 84' lang='grc' dir='ltr'>ἡ</span> <span class='ocrx_word' id='word_1_616' title='bbox 2590 4328 2793 4398; x_wconf 77' lang='grc' dir='ltr'>ἡμέρα,</span> <span class='ocrx_word' id='word_1_617' title='bbox 2892 4329 3142 4399; x_wconf 76' lang='grc' dir='ltr'><strong>ἐποίησεν</strong></span> <span class='ocrx_word' id='word_1_618' title='bbox 3164 4331 3192 4383; x_wconf 83' lang='grc' dir='ltr'>ὁ</span> <span class='ocrx_word' id='word_1_619' title='bbox 3223 4332 3363 4396; x_wconf 83' lang='grc' dir='ltr'>Θεὸς</span> <span class='ocrx_word' id='word_1_620' title='bbox 3393 4334 3480 4385; x_wconf 80' lang='grc' dir='ltr'><strong>τὸν</strong></span> <span class='ocrx_word' id='word_1_621' title='bbox 3512 4330 3692 4401; x_wconf 71' lang='grc' dir='ltr'>οὐρανὸν</span> 
     </span>
    </p>
   </div>
   <div class='ocr_carea' id='block_1_74' title="bbox 482 4405 1998 4489">
    <p class='ocr_par' dir='ltr' id='par_1_74' title="bbox 482 4420 1998 4489">
     <span class='ocr_line' id='line_1_74' title="bbox 482 4420 1998 4489; baseline 0.003 -18"><span class='ocrx_word' id='word_1_622' title='bbox 482 4428 702 4475; x_wconf 54' lang='lat' dir='ltr'><strong>terram.</strong></span> <span class='ocrx_word' id='word_1_623' title='bbox 752 4439 769 4471; x_wconf 78' lang='grc' dir='ltr'><strong>ι</strong></span> <span class='ocrx_word' id='word_1_624' title='bbox 830 4420 966 4475; x_wconf 86' lang='lat' dir='ltr'><strong>Audi</strong></span> <span class='ocrx_word' id='word_1_625' title='bbox 1011 4420 1162 4489; x_wconf 82' lang='lat' dir='ltr'><strong>jam.</strong></span> <span class='ocrx_word' id='word_1_626' title='bbox 1208 4437 1371 4489; x_wconf 91' lang='lat' dir='ltr'><strong>quam</strong></span> <span class='ocrx_word' id='word_1_627' title='bbox 1418 4438 1523 4475; x_wconf 89' lang='lat' dir='ltr'><strong>non</strong></span> <span class='ocrx_word' id='word_1_628' title='bbox 1569 4422 1637 4476; x_wconf 90' lang='lat' dir='ltr'><strong>ab</strong></span> <span class='ocrx_word' id='word_1_629' title='bbox 1682 4438 1744 4477; x_wconf 91' lang='lat' dir='ltr'><strong>ea</strong></span> <span class='ocrx_word' id='word_1_630' title='bbox 1788 4433 1998 4478; x_wconf 89' lang='lat' dir='ltr'><strong>sentent</strong></span> 
     </span>
    </p>
   </div>
   <div class='ocr_carea' id='block_1_75' title="bbox 2176 4405 3692 4489">
    <p class='ocr_par' dir='ltr' id='par_1_75' title="bbox 2176 4416 3692 4489">
     <span class='ocr_line' id='line_1_75' title="bbox 2176 4416 3692 4489; baseline 0.003 -20"><span class='ocrx_word' id='word_1_631' title='bbox 2176 4417 2248 4469; x_wconf 81' lang='grc' dir='ltr'><strong>ιαί</strong></span> <span class='ocrx_word' id='word_1_632' title='bbox 2300 4417 2398 4488; x_wconf 78' lang='grc' dir='ltr'><strong>τὴν</strong></span> <span class='ocrx_word' id='word_1_633' title='bbox 2450 4416 2581 4487; x_wconf 70' lang='grc' dir='ltr'>γῆνσ</span> <span class='ocrx_word' id='word_1_634' title='bbox 2628 4437 2645 4468; x_wconf 75' lang='grc' dir='ltr'><strong>ι</strong></span> <span class='ocrx_word' id='word_1_635' title='bbox 2681 4419 2846 4472; x_wconf 87' lang='grc' dir='ltr'>ἄκουε</span> <span class='ocrx_word' id='word_1_636' title='bbox 2890 4420 2984 4473; x_wconf 78' lang='grc' dir='ltr'><strong>τοῦ</strong></span> <span class='ocrx_word' id='word_1_637' title='bbox 3028 4422 3320 4487; x_wconf 82' lang='grc' dir='ltr'><strong>Πλάτωνος</strong></span> <span class='ocrx_word' id='word_1_638' title='bbox 3353 4426 3429 4489; x_wconf 82' lang='grc' dir='ltr'>ὡς</span> <span class='ocrx_word' id='word_1_639' title='bbox 3455 4427 3547 4479; x_wconf 77' lang='grc' dir='ltr'><strong>οὐχ</strong></span> <span class='ocrx_word' id='word_1_640' title='bbox 3574 4421 3692 4477; x_wconf 78' lang='grc' dir='ltr'>ἐκπί-</span> 
     </span>
    </p>
   </div>
   <div class='ocr_carea' id='block_1_76' title="bbox 481 4503 1997 4586">
    <p class='ocr_par' dir='ltr' id='par_1_76' title="bbox 481 4509 1997 4586">
     <span class='ocr_line' id='line_1_76' title="bbox 481 4509 1997 4586; baseline 0.005 -23"><span class='ocrx_word' id='word_1_641' title='bbox 481 4509 636 4564; x_wconf 87' lang='lat' dir='ltr'><strong>Plato</strong></span> <span class='ocrx_word' id='word_1_642' title='bbox 681 4511 951 4575; x_wconf 84' lang='lat' dir='ltr'><strong>deflectat,</strong></span> <span class='ocrx_word' id='word_1_643' title='bbox 1001 4514 1143 4567; x_wconf 89' lang='lat' dir='ltr'><strong>hunc</strong></span> <span class='ocrx_word' id='word_1_644' title='bbox 1174 4514 1226 4567; x_wconf 91' lang='lat' dir='ltr'><strong>in</strong></span> <span class='ocrx_word' id='word_1_645' title='bbox 1256 4514 1473 4568; x_wconf 89' lang='lat' dir='ltr'><strong>modum</strong></span> <span class='ocrx_word' id='word_1_646' title='bbox 1501 4516 1745 4571; x_wconf 86' lang='lat' dir='ltr'><strong>scribens</strong></span> <span class='ocrx_word' id='word_1_647' title='bbox 1776 4518 1890 4586; x_wconf 89' lang='lat' dir='ltr'><strong>ipse</strong></span> <span class='ocrx_word' id='word_1_648' title='bbox 1917 4534 1997 4586; x_wconf 36' lang='lat' dir='ltr'><strong>qui</strong></span> 
     </span>
    </p>
   </div>
   <div class='ocr_carea' id='block_1_77' title="bbox 2177 4503 3693 4586">
    <p class='ocr_par' dir='ltr' id='par_1_77' title="bbox 2177 4503 3693 4584">
     <span class='ocr_line' id='line_1_77' title="bbox 2177 4503 3693 4584; baseline 0.003 -26"><span class='ocrx_word' id='word_1_649' title='bbox 2177 4524 2275 4559; x_wconf 77' lang='grc' dir='ltr'>ετει</span> <span class='ocrx_word' id='word_1_650' title='bbox 2308 4509 2403 4577; x_wconf 77' lang='grc' dir='ltr'><strong>τῆς</strong></span> <span class='ocrx_word' id='word_1_651' title='bbox 2429 4508 2682 4571; x_wconf 85' lang='grc' dir='ltr'>διανοίας,</span> <span class='ocrx_word' id='word_1_652' title='bbox 2710 4503 2812 4562; x_wconf 77' lang='grc' dir='ltr'>ὧδέ</span> <span class='ocrx_word' id='word_1_653' title='bbox 2842 4529 2915 4581; x_wconf 81' lang='grc' dir='ltr'>πη</span> <span class='ocrx_word' id='word_1_654' title='bbox 2947 4512 3040 4565; x_wconf 74' lang='grc' dir='ltr'>καὶ</span> <span class='ocrx_word' id='word_1_655' title='bbox 3083 4514 3247 4577; x_wconf 80' lang='grc' dir='ltr'>αὐτὸς</span> <span class='ocrx_word' id='word_1_656' title='bbox 3283 4516 3508 4584; x_wconf 76' lang='grc' dir='ltr'>γράφων</span> <span class='ocrx_word' id='word_1_657' title='bbox 3527 4535 3538 4547; x_wconf 87' lang='grc'><strong>·</strong></span> <span class='ocrx_word' id='word_1_658' title='bbox 3564 4534 3580 4565; x_wconf 77' lang='grc' dir='ltr'><strong>ι</strong></span> <span class='ocrx_word' id='word_1_659' title='bbox 3607 4514 3693 4565; x_wconf 74' lang='grc' dir='ltr'><strong>Πᾶν</strong></span> 
     </span>
    </p>
   </div>
   <div class='ocr_carea' id='block_1_78' title="bbox 479 4599 1995 4679">
    <p class='ocr_par' dir='ltr' id='par_1_78' title="bbox 479 4603 1995 4679">
     <span class='ocr_line' id='line_1_78' title="bbox 479 4603 1995 4679; baseline 0.003 -22"><span class='ocrx_word' id='word_1_660' title='bbox 479 4618 586 4671; x_wconf 90' lang='lat' dir='ltr'><strong>que</strong></span> <span class='ocrx_word' id='word_1_661' title='bbox 615 4623 627 4658; x_wconf 92' lang='lat'>:</span> <span class='ocrx_word' id='word_1_662' title='bbox 673 4623 690 4655; x_wconf 75' lang='grc' dir='ltr'><strong>ι</strong></span> <span class='ocrx_word' id='word_1_663' title='bbox 725 4603 997 4673; x_wconf 84' lang='lat' dir='ltr'><strong>Quidquid</strong></span> <span class='ocrx_word' id='word_1_664' title='bbox 1025 4605 1117 4670; x_wconf 86' lang='lat' dir='ltr'><strong>ﬁt,</strong></span> <span class='ocrx_word' id='word_1_665' title='bbox 1164 4606 1213 4659; x_wconf 94' lang='lat' dir='ltr'><strong>id</strong></span> <span class='ocrx_word' id='word_1_666' title='bbox 1259 4622 1419 4661; x_wconf 89' lang='lat' dir='ltr'><strong>omne</strong></span> <span class='ocrx_word' id='word_1_667' title='bbox 1451 4608 1503 4661; x_wconf 89' lang='lat' dir='ltr'><strong>vi</strong></span> <span class='ocrx_word' id='word_1_668' title='bbox 1540 4608 1772 4676; x_wconf 82' lang='lat' dir='ltr'><strong>alicujus</strong></span> <span class='ocrx_word' id='word_1_669' title='bbox 1800 4610 1995 4679; x_wconf 70' lang='lat' dir='ltr'><strong>princit</strong></span> 
     </span>
    </p>
   </div>
   <div class='ocr_carea' id='block_1_79' title="bbox 2176 4599 3692 4679">
    <p class='ocr_par' dir='ltr' id='par_1_79' title="bbox 2176 4599 3692 4676">
     <span class='ocr_line' id='line_1_79' title="bbox 2176 4599 3692 4676; baseline 0.003 -25"><span class='ocrx_word' id='word_1_670' title='bbox 2176 4599 2217 4652; x_wconf 82' lang='grc' dir='ltr'><strong>τὸ</strong></span> <span class='ocrx_word' id='word_1_671' title='bbox 2270 4601 2588 4671; x_wconf 87' lang='grc' dir='ltr'>γιγνόμενον</span> <span class='ocrx_word' id='word_1_672' title='bbox 2622 4601 2729 4672; x_wconf 72' lang='grc'><strong>(84)</strong></span> <span class='ocrx_word' id='word_1_673' title='bbox 2766 4603 2854 4655; x_wconf 83' lang='grc' dir='ltr'>ὑπ’</span> <span class='ocrx_word' id='word_1_674' title='bbox 2888 4604 3061 4657; x_wconf 84' lang='grc' dir='ltr'>αἰτίου</span> <span class='ocrx_word' id='word_1_675' title='bbox 3107 4605 3252 4669; x_wconf 80' lang='grc' dir='ltr'>τινὸς</span> <span class='ocrx_word' id='word_1_676' title='bbox 3286 4608 3347 4672; x_wconf 80' lang='grc' dir='ltr'><strong>ἐξ</strong></span> <span class='ocrx_word' id='word_1_677' title='bbox 3380 4607 3606 4676; x_wconf 79' lang='grc' dir='ltr'><strong>ἀνάγκης</strong></span> <span class='ocrx_word' id='word_1_678' title='bbox 3630 4604 3692 4673; x_wconf 78' lang='grc' dir='ltr'>γί-</span> 
     </span>
    </p>
   </div>
   <div class='ocr_carea' id='block_1_80' title="bbox 480 4690 1996 4771">
    <p class='ocr_par' dir='ltr' id='par_1_80' title="bbox 480 4694 1988 4771">
     <span class='ocr_line' id='line_1_80' title="bbox 480 4694 1988 4771; baseline 0.005 -24"><span class='ocrx_word' id='word_1_679' title='bbox 480 4694 596 4748; x_wconf 87' lang='lat' dir='ltr'><strong>fieri</strong></span> <span class='ocrx_word' id='word_1_680' title='bbox 629 4713 641 4749; x_wconf 94' lang='lat'><strong>:</strong></span> <span class='ocrx_word' id='word_1_681' title='bbox 672 4712 897 4765; x_wconf 86' lang='lat' dir='ltr'><strong>prorsus</strong></span> <span class='ocrx_word' id='word_1_682' title='bbox 930 4698 1075 4752; x_wconf 90' lang='lat' dir='ltr'><strong>enim</strong></span> <span class='ocrx_word' id='word_1_683' title='bbox 1109 4698 1327 4753; x_wconf 86' lang='lat' dir='ltr'><strong>evenire</strong></span> <span class='ocrx_word' id='word_1_684' title='bbox 1361 4716 1466 4754; x_wconf 95' lang='lat' dir='ltr'><strong>non</strong></span> <span class='ocrx_word' id='word_1_685' title='bbox 1493 4716 1672 4770; x_wconf 90' lang='lat' dir='ltr'><strong>posse,</strong></span> <span class='ocrx_word' id='word_1_686' title='bbox 1702 4714 1759 4756; x_wconf 91' lang='lat' dir='ltr'><strong>ut</strong></span> <span class='ocrx_word' id='word_1_687' title='bbox 1790 4701 1933 4771; x_wconf 91' lang='lat' dir='ltr'><strong>quod</strong></span> <span class='ocrx_word' id='word_1_688' title='bbox 1957 4718 1988 4755; x_wconf 84' lang='grc' dir='ltr'>ο</span> 
     </span>
    </p>
   </div>
   <div class='ocr_carea' id='block_1_81' title="bbox 2176 4690 3692 4771">
    <p class='ocr_par' dir='ltr' id='par_1_81' title="bbox 2176 4690 3692 4767">
     <span class='ocr_line' id='line_1_81' title="bbox 2176 4690 3692 4767; baseline 0.003 -25"><span class='ocrx_word' id='word_1_689' title='bbox 2176 4691 2338 4743; x_wconf 66' lang='grc' dir='ltr'>ἐσθαι</span> <span class='ocrx_word' id='word_1_690' title='bbox 2360 4706 2373 4721; x_wconf 73' lang='grc' dir='ltr'><strong>ο</strong></span> <span class='ocrx_word' id='word_1_691' title='bbox 2410 4690 2583 4763; x_wconf 80' lang='grc' dir='ltr'>πάντη</span> <span class='ocrx_word' id='word_1_692' title='bbox 2618 4691 2726 4763; x_wconf 83' lang='grc' dir='ltr'><strong>γὰρ</strong></span> <span class='ocrx_word' id='word_1_693' title='bbox 2779 4692 3038 4748; x_wconf 81' lang='grc' dir='ltr'>ἀδύνατον</span> <span class='ocrx_word' id='word_1_694' title='bbox 3094 4696 3264 4767; x_wconf 76' lang='grc' dir='ltr'>χωρὶς</span> <span class='ocrx_word' id='word_1_695' title='bbox 3319 4700 3493 4752; x_wconf 77' lang='grc' dir='ltr'>αἰτίου</span> <span class='ocrx_word' id='word_1_696' title='bbox 3521 4699 3692 4766; x_wconf 79' lang='grc' dir='ltr'>γένεσιν</span> 
     </span>
    </p>
   </div>
   <div class='ocr_carea' id='block_1_82' title="bbox 477 4783 1993 4861">
    <p class='ocr_par' dir='ltr' id='par_1_82' title="bbox 477 4785 1993 4859">
     <span class='ocr_line' id='line_1_82' title="bbox 477 4785 1993 4859; baseline 0.003 -22"><span class='ocrx_word' id='word_1_697' title='bbox 477 4795 590 4837; x_wconf 88' lang='lat' dir='ltr'><strong>tum</strong></span> <span class='ocrx_word' id='word_1_698' title='bbox 620 4785 801 4852; x_wconf 91' lang='lat' dir='ltr'><strong>habet,</strong></span> <span class='ocrx_word' id='word_1_699' title='bbox 828 4796 983 4842; x_wconf 86' lang='lat' dir='ltr'><strong>ortus</strong></span> <span class='ocrx_word' id='word_1_700' title='bbox 1017 4788 1098 4841; x_wconf 88' lang='lat' dir='ltr'><strong>sui</strong></span> <span class='ocrx_word' id='word_1_701' title='bbox 1125 4798 1400 4842; x_wconf 87' lang='lat' dir='ltr'><strong>auctorem</strong></span> <span class='ocrx_word' id='word_1_702' title='bbox 1432 4805 1539 4843; x_wconf 91' lang='lat' dir='ltr'><strong>non</strong></span> <span class='ocrx_word' id='word_1_703' title='bbox 1572 4791 1819 4846; x_wconf 65' lang='lat' dir='ltr'><strong>habeat.»</strong></span> <span class='ocrx_word' id='word_1_704' title='bbox 1841 4791 1993 4859; x_wconf 72' lang='lat' dir='ltr'><strong>Quibl</strong></span> 
     </span>
    </p>
   </div>
   <div class='ocr_carea' id='block_1_83' title="bbox 2174 4783 3690 4861">
    <p class='ocr_par' dir='ltr' id='par_1_83' title="bbox 2174 4783 3690 4861">
     <span class='ocr_line' id='line_1_83' title="bbox 2174 4783 3690 4861; baseline 0.005 -27"><span class='ocrx_word' id='word_1_705' title='bbox 2174 4783 2323 4853; x_wconf 75' lang='grc' dir='ltr'><strong>ἔχειν.</strong></span> <span class='ocrx_word' id='word_1_706' title='bbox 2363 4803 2380 4836; x_wconf 72' lang='grc' dir='ltr'><strong>ι</strong></span> <span class='ocrx_word' id='word_1_707' title='bbox 2410 4785 2520 4837; x_wconf 74' lang='grc' dir='ltr'><strong>Καὶ</strong></span> <span class='ocrx_word' id='word_1_708' title='bbox 2546 4785 2786 4851; x_wconf 81' lang='grc' dir='ltr'>ἐπιλέγει</span> <span class='ocrx_word' id='word_1_709' title='bbox 2810 4802 2824 4817; x_wconf 88' lang='grc'><strong>·</strong></span> <span class='ocrx_word' id='word_1_710' title='bbox 2862 4803 2880 4835; x_wconf 74' lang='grc' dir='ltr'><strong>ι</strong></span> <span class='ocrx_word' id='word_1_711' title='bbox 2921 4786 2978 4840; x_wconf 89' lang='lat'><strong>&#39;0</strong></span> <span class='ocrx_word' id='word_1_712' title='bbox 3009 4786 3074 4858; x_wconf 82' lang='grc' dir='ltr'>δὴ</span> <span class='ocrx_word' id='word_1_713' title='bbox 3102 4790 3209 4851; x_wconf 80' lang='grc' dir='ltr'><strong>πᾶς</strong></span> <span class='ocrx_word' id='word_1_714' title='bbox 3243 4790 3476 4861; x_wconf 79' lang='grc' dir='ltr'>οὐρανὸς</span> <span class='ocrx_word' id='word_1_715' title='bbox 3506 4790 3586 4843; x_wconf 71' lang='grc' dir='ltr'><strong>καὶ</strong></span> <span class='ocrx_word' id='word_1_716' title='bbox 3625 4789 3690 4842; x_wconf 76' lang='grc' dir='ltr'><strong>κό-</strong></span> 
     </span>
    </p>
   </div>
   <div class='ocr_carea' id='block_1_84' title="bbox 478 4874 1994 4952">
    <p class='ocr_par' dir='ltr' id='par_1_84' title="bbox 478 4876 1994 4949">
     <span class='ocr_line' id='line_1_84' title="bbox 478 4876 1994 4949; baseline 0.007 -21"><span class='ocrx_word' id='word_1_717' title='bbox 478 4876 550 4929; x_wconf 90' lang='lat' dir='ltr'><strong>ita</strong></span> <span class='ocrx_word' id='word_1_718' title='bbox 579 4876 763 4931; x_wconf 89' lang='lat' dir='ltr'><strong>suhdit</strong></span> <span class='ocrx_word' id='word_1_719' title='bbox 792 4896 804 4932; x_wconf 91' lang='lat'><strong>:</strong></span> <span class='ocrx_word' id='word_1_720' title='bbox 842 4896 857 4927; x_wconf 76' lang='grc' dir='ltr'><strong>ι</strong></span> <span class='ocrx_word' id='word_1_721' title='bbox 888 4877 1058 4933; x_wconf 90' lang='lat' dir='ltr'><strong>Omne</strong></span> <span class='ocrx_word' id='word_1_722' title='bbox 1083 4880 1244 4949; x_wconf 85' lang='lat' dir='ltr'><strong>igitur</strong></span> <span class='ocrx_word' id='word_1_723' title='bbox 1269 4880 1620 4947; x_wconf 71' lang='lat' dir='ltr'><strong>cmlum,sive</strong></span> <span class='ocrx_word' id='word_1_724' title='bbox 1650 4882 1905 4947; x_wconf 89' lang='lat' dir='ltr'><strong>mundus,</strong></span> <span class='ocrx_word' id='word_1_725' title='bbox 1938 4884 1994 4938; x_wconf 63' lang='lat' dir='ltr'><strong>si‘</strong></span> 
     </span>
    </p>
   </div>
   <div class='ocr_carea' id='block_1_85' title="bbox 2176 4874 3692 4952">
    <p class='ocr_par' dir='ltr' id='par_1_85' title="bbox 2176 4874 3692 4952">
     <span class='ocr_line' id='line_1_85' title="bbox 2176 4874 3692 4952; baseline 0.005 -27"><span class='ocrx_word' id='word_1_726' title='bbox 2176 4892 2287 4945; x_wconf 72' lang='grc' dir='ltr'>πμος</span> <span class='ocrx_word' id='word_1_727' title='bbox 2301 4874 2435 4945; x_wconf 83' lang='grc'>(85),</span> <span class='ocrx_word' id='word_1_728' title='bbox 2459 4874 2491 4945; x_wconf 87' lang='grc' dir='ltr'>ἢ</span> <span class='ocrx_word' id='word_1_729' title='bbox 2521 4876 2616 4929; x_wconf 77' lang='grc' dir='ltr'><strong>καὶ</strong></span> <span class='ocrx_word' id='word_1_730' title='bbox 2651 4875 2777 4929; x_wconf 85' lang='grc' dir='ltr'>ἄλλο</span> <span class='ocrx_word' id='word_1_731' title='bbox 2803 4876 2830 4929; x_wconf 85' lang='grc' dir='ltr'><strong>ὃ</strong></span> <span class='ocrx_word' id='word_1_732' title='bbox 2852 4894 2903 4929; x_wconf 86' lang='grc' dir='ltr'>τι</span> <span class='ocrx_word' id='word_1_733' title='bbox 2926 4879 3054 4930; x_wconf 85' lang='grc' dir='ltr'>ποτὲ</span> <span class='ocrx_word' id='word_1_734' title='bbox 3076 4879 3477 4951; x_wconf 78' lang='grc' dir='ltr'>ὀνομαζόμενος</span> <span class='ocrx_word' id='word_1_735' title='bbox 3503 4880 3692 4952; x_wconf 67' lang='grc' dir='ltr'>μάλιστα</span> 
     </span>
    </p>
   </div>
   <div class='ocr_carea' id='block_1_86' title="bbox 473 4965 1989 5050">
    <p class='ocr_par' dir='ltr' id='par_1_86' title="bbox 473 4970 1989 5050">
     <span class='ocr_line' id='line_1_86' title="bbox 473 4970 1989 5050; baseline 0.007 -27"><span class='ocrx_word' id='word_1_736' title='bbox 473 4970 668 5038; x_wconf 82' lang='lat' dir='ltr'><strong>quovis</strong></span> <span class='ocrx_word' id='word_1_737' title='bbox 697 4970 803 5023; x_wconf 91' lang='lat' dir='ltr'><strong>alio</strong></span> <span class='ocrx_word' id='word_1_738' title='bbox 829 4972 1095 5025; x_wconf 90' lang='lat' dir='ltr'><strong>vocabulo</strong></span> <span class='ocrx_word' id='word_1_739' title='bbox 1124 4974 1342 5042; x_wconf 87' lang='lat' dir='ltr'><strong>gaudet,</strong></span> <span class='ocrx_word' id='word_1_740' title='bbox 1381 4974 1484 5028; x_wconf 91' lang='lat' dir='ltr'><strong>hoc</strong></span> <span class='ocrx_word' id='word_1_741' title='bbox 1509 4990 1539 5028; x_wconf 84' lang='lat' dir='ltr'><strong>a</strong></span> <span class='ocrx_word' id='word_1_742' title='bbox 1574 4976 1731 5031; x_wconf 90' lang='lat' dir='ltr'><strong>nobis</strong></span> <span class='ocrx_word' id='word_1_743' title='bbox 1760 4994 1989 5050; x_wconf 81' lang='lat' dir='ltr'><strong>nuncup:</strong></span> 
     </span>
    </p>
   </div>
   <div class='ocr_carea' id='block_1_87' title="bbox 2176 4965 3692 5050">
    <p class='ocr_par' dir='ltr' id='par_1_87' title="bbox 2176 4965 3692 5039">
     <span class='ocr_line' id='line_1_87' title="bbox 2176 4965 3692 5039; baseline 0.002 -20"><span class='ocrx_word' id='word_1_744' title='bbox 2176 4982 2213 5020; x_wconf 76' lang='grc' dir='ltr'>ιν</span> <span class='ocrx_word' id='word_1_745' title='bbox 2253 4965 2476 5037; x_wconf 83' lang='grc' dir='ltr'>δέχοιτο,</span> <span class='ocrx_word' id='word_1_746' title='bbox 2499 4965 2642 5019; x_wconf 76' lang='grc' dir='ltr'>τοῦθ’</span> <span class='ocrx_word' id='word_1_747' title='bbox 2671 4969 2801 5038; x_wconf 79' lang='grc' dir='ltr'>ἡμῖν</span> <span class='ocrx_word' id='word_1_748' title='bbox 2840 4968 3142 5038; x_wconf 84' lang='grc' dir='ltr'>ὀνομάσθω.</span> <span class='ocrx_word' id='word_1_749' title='bbox 3186 4971 3463 5026; x_wconf 79' lang='grc' dir='ltr'>Σκεπτέον</span> <span class='ocrx_word' id='word_1_750' title='bbox 3484 4968 3568 5025; x_wconf 77' lang='grc' dir='ltr'>οὖν</span> <span class='ocrx_word' id='word_1_751' title='bbox 3591 4970 3692 5039; x_wconf 81' lang='grc' dir='ltr'>περὶ</span> 
     </span>
    </p>
   </div>
   <div class='ocr_carea' id='block_1_88' title="bbox 476 5058 1992 5140">
    <p class='ocr_par' dir='ltr' id='par_1_88' title="bbox 476 5060 1992 5140">
     <span class='ocr_line' id='line_1_88' title="bbox 476 5060 1992 5140; baseline 0.009 -29"><span class='ocrx_word' id='word_1_752' title='bbox 476 5068 564 5114; x_wconf 91' lang='lat' dir='ltr'><strong>tus</strong></span> <span class='ocrx_word' id='word_1_753' title='bbox 592 5061 682 5115; x_wconf 90' lang='lat' dir='ltr'><strong>sit.</strong></span> <span class='ocrx_word' id='word_1_754' title='bbox 716 5060 791 5115; x_wconf 90' lang='lat' dir='ltr'><strong>De</strong></span> <span class='ocrx_word' id='word_1_755' title='bbox 816 5076 925 5129; x_wconf 92' lang='lat' dir='ltr'><strong>quo</strong></span> <span class='ocrx_word' id='word_1_756' title='bbox 951 5060 1002 5114; x_wconf 90' lang='lat' dir='ltr'><strong>id</strong></span> <span class='ocrx_word' id='word_1_757' title='bbox 1027 5064 1258 5131; x_wconf 90' lang='lat' dir='ltr'><strong>primum</strong></span> <span class='ocrx_word' id='word_1_758' title='bbox 1276 5064 1704 5130; x_wconf 90' lang='lat' dir='ltr'><strong>consideremus,</strong></span> <span class='ocrx_word' id='word_1_759' title='bbox 1732 5070 1876 5138; x_wconf 91' lang='lat' dir='ltr'><strong>quod</strong></span> <span class='ocrx_word' id='word_1_760' title='bbox 1897 5072 1992 5140; x_wconf 68' lang='lat' dir='ltr'><strong>prii</strong></span> 
     </span>
    </p>
   </div>
   <div class='ocr_carea' id='block_1_89' title="bbox 2177 5058 3693 5140">
    <p class='ocr_par' dir='ltr' id='par_1_89' title="bbox 2177 5058 3693 5133">
     <span class='ocr_line' id='line_1_89' title="bbox 2177 5058 3693 5133; baseline 0.005 -23"><span class='ocrx_word' id='word_1_761' title='bbox 2177 5058 2325 5111; x_wconf 77' lang='grc' dir='ltr'><strong>ιὺτοῦ</strong></span> <span class='ocrx_word' id='word_1_762' title='bbox 2368 5058 2601 5128; x_wconf 83' lang='grc' dir='ltr'>πρῶτον,</span> <span class='ocrx_word' id='word_1_763' title='bbox 2633 5059 2769 5130; x_wconf 84' lang='grc' dir='ltr'>ὅπερ</span> <span class='ocrx_word' id='word_1_764' title='bbox 2817 5059 3102 5113; x_wconf 83' lang='grc' dir='ltr'>ὑπόκειται</span> <span class='ocrx_word' id='word_1_765' title='bbox 3153 5064 3286 5133; x_wconf 65' lang='grc' dir='ltr'><strong>περὶ¹</strong></span> <span class='ocrx_word' id='word_1_766' title='bbox 3326 5064 3424 5116; x_wconf 79' lang='grc' dir='ltr'><strong>τοῦ</strong></span> <span class='ocrx_word' id='word_1_767' title='bbox 3454 5063 3693 5125; x_wconf 71' lang='grc' dir='ltr'>παντὺςὲν</span> 
     </span>
    </p>
   </div>
   <div class='ocr_carea' id='block_1_90' title="bbox 473 5146 1989 5224">
    <p class='ocr_par' dir='ltr' id='par_1_90' title="bbox 473 5151 1989 5223">
     <span class='ocr_line' id='line_1_90' title="bbox 473 5151 1989 5223; baseline 0.008 -18"><span class='ocrx_word' id='word_1_768' title='bbox 473 5151 615 5220; x_wconf 89' lang='lat' dir='ltr'><strong>cipio</strong></span> <span class='ocrx_word' id='word_1_769' title='bbox 644 5154 808 5205; x_wconf 90' lang='lat' dir='ltr'><strong>estin</strong></span> <span class='ocrx_word' id='word_1_770' title='bbox 844 5153 993 5207; x_wconf 88' lang='lat' dir='ltr'><strong>onmi</strong></span> <span class='ocrx_word' id='word_1_771' title='bbox 1030 5156 1331 5223; x_wconf 76' lang='lat' dir='ltr'><strong>quaestione</strong></span> <span class='ocrx_word' id='word_1_772' title='bbox 1363 5160 1817 5215; x_wconf 88' lang='lat' dir='ltr'><strong>considerandum</strong></span> <span class='ocrx_word' id='word_1_773' title='bbox 1851 5181 1864 5216; x_wconf 89' lang='lat'>:</span> <span class='ocrx_word' id='word_1_774' title='bbox 1901 5177 1989 5217; x_wconf 88' lang='lat' dir='ltr'><strong>seu</strong></span> 
     </span>
    </p>
   </div>
   <div class='ocr_carea' id='block_1_91' title="bbox 2176 5146 3692 5224">
    <p class='ocr_par' dir='ltr' id='par_1_91' title="bbox 2176 5146 3692 5224">
     <span class='ocr_line' id='line_1_91' title="bbox 2176 5146 3692 5224; baseline 0.003 -24"><span class='ocrx_word' id='word_1_775' title='bbox 2176 5149 2297 5219; x_wconf 81' lang='grc' dir='ltr'>ῑιρχῇ</span> <span class='ocrx_word' id='word_1_776' title='bbox 2329 5148 2439 5201; x_wconf 89' lang='grc' dir='ltr'>δεῖν</span> <span class='ocrx_word' id='word_1_777' title='bbox 2468 5151 2721 5202; x_wconf 82' lang='grc' dir='ltr'>σκοπεῖν·</span> <span class='ocrx_word' id='word_1_778' title='bbox 2761 5149 2986 5220; x_wconf 82' lang='grc' dir='ltr'>πότερον</span> <span class='ocrx_word' id='word_1_779' title='bbox 3010 5146 3080 5222; x_wconf 82' lang='grc' dir='ltr'><strong>ἧν</strong></span> <span class='ocrx_word' id='word_1_780' title='bbox 3112 5152 3219 5219; x_wconf 76' lang='grc' dir='ltr'>ἀεὶ,</span> <span class='ocrx_word' id='word_1_781' title='bbox 3261 5154 3523 5221; x_wconf 77' lang='grc' dir='ltr'>γενέσεως</span> <span class='ocrx_word' id='word_1_782' title='bbox 3553 5150 3692 5224; x_wconf 66' lang='grc' dir='ltr'>ἀρχὴν</span> 
     </span>
    </p>
   </div>
   <div class='ocr_carea' id='block_1_92' title="bbox 474 5239 1990 5317">
    <p class='ocr_par' dir='ltr' id='par_1_92' title="bbox 474 5244 1990 5317">
     <span class='ocr_line' id='line_1_92' title="bbox 474 5244 1990 5317; baseline 0.009 -21"><span class='ocrx_word' id='word_1_783' title='bbox 474 5259 639 5311; x_wconf 89' lang='lat' dir='ltr'><strong>perne</strong></span> <span class='ocrx_word' id='word_1_784' title='bbox 675 5244 858 5307; x_wconf 84' lang='lat' dir='ltr'><strong>fuerit,</strong></span> <span class='ocrx_word' id='word_1_785' title='bbox 896 5246 1044 5300; x_wconf 91' lang='lat' dir='ltr'><strong>nullo</strong></span> <span class='ocrx_word' id='word_1_786' title='bbox 1073 5260 1359 5317; x_wconf 88' lang='lat' dir='ltr'><strong>generatus</strong></span> <span class='ocrx_word' id='word_1_787' title='bbox 1384 5262 1536 5317; x_wconf 89' lang='lat' dir='ltr'><strong>ortu;</strong></span> <span class='ocrx_word' id='word_1_788' title='bbox 1586 5269 1655 5307; x_wconf 90' lang='lat' dir='ltr'><strong>an</strong></span> <span class='ocrx_word' id='word_1_789' title='bbox 1697 5264 1850 5309; x_wconf 89' lang='lat' dir='ltr'><strong>ortus</strong></span> <span class='ocrx_word' id='word_1_790' title='bbox 1874 5256 1945 5310; x_wconf 90' lang='lat' dir='ltr'><strong>sit</strong></span> <span class='ocrx_word' id='word_1_791' title='bbox 1980 5273 1990 5310; x_wconf 91' lang='lat'><strong>:</strong></span> 
     </span>
    </p>
   </div>
   <div class='ocr_carea' id='block_1_93' title="bbox 2177 5239 3693 5317">
    <p class='ocr_par' dir='ltr' id='par_1_93' title="bbox 2177 5239 3693 5317">
     <span class='ocr_line' id='line_1_93' title="bbox 2177 5239 3693 5317; baseline 0.006 -28"><span class='ocrx_word' id='word_1_792' title='bbox 2177 5240 2292 5310; x_wconf 80' lang='grc' dir='ltr'><strong>ἷχων</strong></span> <span class='ocrx_word' id='word_1_793' title='bbox 2324 5239 2597 5310; x_wconf 77' lang='grc' dir='ltr'>οὐδεμίαν,</span> <span class='ocrx_word' id='word_1_794' title='bbox 2636 5240 2668 5312; x_wconf 84' lang='grc' dir='ltr'>ἢ</span> <span class='ocrx_word' id='word_1_795' title='bbox 2701 5241 2922 5310; x_wconf 81' lang='grc' dir='ltr'>γέγονεν</span> <span class='ocrx_word' id='word_1_796' title='bbox 2963 5243 3057 5295; x_wconf 87' lang='grc' dir='ltr'>ἀπ’</span> <span class='ocrx_word' id='word_1_797' title='bbox 3097 5244 3273 5315; x_wconf 77' lang='grc' dir='ltr'>ἀρχῆς</span> <span class='ocrx_word' id='word_1_798' title='bbox 3301 5264 3449 5310; x_wconf 79' lang='grc' dir='ltr'>τινος</span> <span class='ocrx_word' id='word_1_799' title='bbox 3492 5245 3693 5317; x_wconf 75' lang='grc' dir='ltr'><strong>ἀρξάμε-</strong></span> 
     </span>
    </p>
   </div>
   <div class='ocr_carea' id='block_1_94' title="bbox 474 5332 1990 5415">
    <p class='ocr_par' dir='ltr' id='par_1_94' title="bbox 474 5335 1990 5415">
     <span class='ocr_line' id='line_1_94' title="bbox 474 5335 1990 5415; baseline 0.009 -28"><span class='ocrx_word' id='word_1_800' title='bbox 474 5335 658 5405; x_wconf 88' lang='lat' dir='ltr'><strong>aliquo</strong></span> <span class='ocrx_word' id='word_1_801' title='bbox 700 5337 962 5405; x_wconf 89' lang='lat' dir='ltr'><strong>temporis</strong></span> <span class='ocrx_word' id='word_1_802' title='bbox 995 5340 1294 5409; x_wconf 88' lang='lat' dir='ltr'><strong>principatu</strong></span> <span class='ocrx_word' id='word_1_803' title='bbox 1344 5361 1355 5396; x_wconf 90' lang='lat'>:</span> <span class='ocrx_word' id='word_1_804' title='bbox 1404 5344 1840 5415; x_wconf 88' lang='lat' dir='ltr'><strong>quandoquidem</strong></span> <span class='ocrx_word' id='word_1_805' title='bbox 1869 5362 1990 5403; x_wconf 86' lang='lat' dir='ltr'><strong>cern</strong></span> 
     </span>
    </p>
   </div>
   <div class='ocr_carea' id='block_1_95' title="bbox 2172 5332 3688 5415">
    <p class='ocr_par' dir='ltr' id='par_1_95' title="bbox 2172 5332 3688 5409">
     <span class='ocr_line' id='line_1_95' title="bbox 2172 5332 3688 5409; baseline 0.001 -26"><span class='ocrx_word' id='word_1_806' title='bbox 2172 5348 2272 5395; x_wconf 68' lang='grc' dir='ltr'>οοςο</span> <span class='ocrx_word' id='word_1_807' title='bbox 2306 5333 2498 5403; x_wconf 85' lang='grc' dir='ltr'>ὁρατὸς</span> <span class='ocrx_word' id='word_1_808' title='bbox 2553 5332 2661 5403; x_wconf 85' lang='grc' dir='ltr'>γὰρ</span> <span class='ocrx_word' id='word_1_809' title='bbox 2718 5334 2886 5396; x_wconf 80' lang='grc' dir='ltr'>ἁπτός</span> <span class='ocrx_word' id='word_1_810' title='bbox 2931 5334 2991 5387; x_wconf 82' lang='grc' dir='ltr'>τέ</span> <span class='ocrx_word' id='word_1_811' title='bbox 3034 5335 3153 5388; x_wconf 75' lang='grc' dir='ltr'>ἐστι</span> <span class='ocrx_word' id='word_1_812' title='bbox 3207 5338 3307 5390; x_wconf 81' lang='grc' dir='ltr'><strong>καὶ</strong></span> <span class='ocrx_word' id='word_1_813' title='bbox 3373 5338 3530 5409; x_wconf 83' lang='grc' dir='ltr'>σῶμα</span> <span class='ocrx_word' id='word_1_814' title='bbox 3564 5337 3688 5406; x_wconf 77' lang='grc' dir='ltr'>ἔχων.</span> 
     </span>
    </p>
   </div>
   <div class='ocr_carea' id='block_1_96' title="bbox 476 5423 1992 5511">
    <p class='ocr_par' dir='ltr' id='par_1_96' title="bbox 476 5426 1990 5511">
     <span class='ocr_line' id='line_1_96' title="bbox 476 5426 1990 5511; baseline 0.012 -33"><span class='ocrx_word' id='word_1_815' title='bbox 476 5434 586 5493; x_wconf 90' lang='lat' dir='ltr'><strong>tur,</strong></span> <span class='ocrx_word' id='word_1_816' title='bbox 621 5426 784 5497; x_wconf 80' lang='lat'><strong>558</strong></span> <span class='ocrx_word' id='word_1_817' title='bbox 811 5436 863 5482; x_wconf 86' lang='lat' dir='ltr'><strong>et</strong></span> <span class='ocrx_word' id='word_1_818' title='bbox 894 5430 1150 5498; x_wconf 84' lang='lat' dir='ltr'><strong>tangitur,</strong></span> <span class='ocrx_word' id='word_1_819' title='bbox 1199 5442 1252 5486; x_wconf 90' lang='lat' dir='ltr'><strong>et</strong></span> <span class='ocrx_word' id='word_1_820' title='bbox 1299 5445 1382 5488; x_wconf 91' lang='lat' dir='ltr'><strong>cst</strong></span> <span class='ocrx_word' id='word_1_821' title='bbox 1418 5436 1654 5506; x_wconf 89' lang='lat' dir='ltr'><strong>undique</strong></span> <span class='ocrx_word' id='word_1_822' title='bbox 1705 5451 1990 5511; x_wconf 86' lang='lat' dir='ltr'><strong>corporatu</strong></span> 
     </span>
    </p>
   </div>
   <div class='ocr_carea' id='block_1_97' title="bbox 2174 5423 3690 5511">
    <p class='ocr_par' dir='ltr' id='par_1_97' title="bbox 2174 5424 3690 5498">
     <span class='ocr_line' id='line_1_97' title="bbox 2174 5424 3690 5498; baseline 0.003 -23"><span class='ocrx_word' id='word_1_823' title='bbox 2174 5424 2334 5477; x_wconf 78' lang='grc' dir='ltr'>Ῑάντα</span> <span class='ocrx_word' id='word_1_824' title='bbox 2368 5424 2422 5476; x_wconf 78' lang='grc' dir='ltr'>δὲ</span> <span class='ocrx_word' id='word_1_825' title='bbox 2460 5424 2526 5477; x_wconf 87' lang='grc' dir='ltr'><strong>τά</strong></span> <span class='ocrx_word' id='word_1_826' title='bbox 2562 5424 2805 5490; x_wconf 76' lang='grc' dir='ltr'>τοιαῦτα,</span> <span class='ocrx_word' id='word_1_827' title='bbox 2834 5425 3098 5498; x_wconf 73' lang='grc' dir='ltr'><strong>αἰσθητάο</strong></span> <span class='ocrx_word' id='word_1_828' title='bbox 3132 5426 3202 5480; x_wconf 76' lang='grc' dir='ltr'><strong>τὰ</strong></span> <span class='ocrx_word' id='word_1_829' title='bbox 3246 5428 3294 5481; x_wconf 89' lang='grc' dir='ltr'>δ’</span> <span class='ocrx_word' id='word_1_830' title='bbox 3342 5428 3569 5498; x_wconf 72' lang='grc' dir='ltr'>αἰσθητά</span> <span class='ocrx_word' id='word_1_831' title='bbox 3593 5426 3690 5491; x_wconf 73' lang='grc' dir='ltr'>δόξῃ</span> 
     </span>
    </p>
   </div>
   <div class='ocr_carea' id='block_1_98' title="bbox 534 5624 3689 5719">
    <p class='ocr_par' dir='ltr' id='par_1_98' title="bbox 534 5624 3689 5719">
     <span class='ocr_line' id='line_1_98' title="bbox 534 5624 3689 5719; baseline 0.003 -19"><span class='ocrx_word' id='word_1_832' title='bbox 701 5626 837 5719; x_wconf 44' lang='lat' dir='ltr'><strong>&quot;ff:</strong></span> <span class='ocrx_word' id='word_1_833' title='bbox 877 5629 1351 5719; x_wconf 44' lang='grc' dir='ltr'><strong>ζςξηρτξηςῖμενον.</strong></span> <span class='ocrx_word' id='word_1_834' title='bbox 1406 5636 1679 5695; x_wconf 80' lang='lat' dir='ltr'><strong>Platonem</strong></span> <span class='ocrx_word' id='word_1_835' title='bbox 1716 5642 1939 5698; x_wconf 88' lang='lat' dir='ltr'><strong>consule</strong></span> <span class='ocrx_word' id='word_1_836' title='bbox 1990 5644 2045 5701; x_wconf 91' lang='lat' dir='ltr'><strong>in</strong></span> <span class='ocrx_word' id='word_1_837' title='bbox 2206 5644 2338 5719; x_wconf 66' lang='grc' dir='ltr'><strong>Δ(83)</strong></span> <span class='ocrx_word' id='word_1_838' title='bbox 2379 5647 2487 5704; x_wconf 75' lang='grc' dir='ltr'><strong>Καὶ</strong></span> <span class='ocrx_word' id='word_1_839' title='bbox 2526 5650 2771 5719; x_wconf 82' lang='grc' dir='ltr'>κόσμος.</span> <span class='ocrx_word' id='word_1_840' title='bbox 2814 5648 3034 5709; x_wconf 82' lang='lat' dir='ltr'><strong>Rectius</strong></span> <span class='ocrx_word' id='word_1_841' title='bbox 3074 5651 3225 5708; x_wconf 49' lang='lat' dir='ltr'><strong>alato</strong></span> <span class='ocrx_word' id='word_1_842' title='bbox 3261 5660 3319 5707; x_wconf 86' lang='lat' dir='ltr'><strong>et</strong></span> <span class='ocrx_word' id='word_1_843' title='bbox 3351 5664 3632 5711; x_wconf 84' lang='lat' dir='ltr'><strong>manuscr..</strong></span> <span class='ocrx_word' id='word_1_844' title='bbox 3666 5645 3689 5711; x_wconf 73' lang='grc' dir='ltr'>ἦ</span> 
     </span>
    </p>
   </div>
   <div class='ocr_carea' id='block_1_99' title="bbox 482 5694 1998 5781">
    <p class='ocr_par' dir='ltr' id='par_1_99' title="bbox 482 5694 1998 5767">
     <span class='ocr_line' id='line_1_99' title="bbox 482 5694 1998 5767; baseline -0.034 11"><span class='ocrx_word' id='word_1_845' title='bbox 482 5694 699 5759; x_wconf 54' lang='lat' dir='ltr'><strong>“Wo.</strong></span> <span class='ocrx_word' id='word_1_846' title='bbox 739 5694 1214 5767; x_wconf 61' lang='lat' dir='ltr'><strong>mesaumm.</strong></span> <span class='ocrx_word' id='word_1_847' title='bbox 1610 5694 1613 5695; x_wconf 46' lang='grc' dir='ltr'><strong>ν</strong></span> <span class='ocrx_word' id='word_1_848' title='bbox 1990 5694 1998 5699; x_wconf 80' lang='lat'>~</span> 
     </span>
    </p>
   </div>
   <div class='ocr_carea' id='block_1_100' title="bbox 857 5694 2373 5781">
    <p class='ocr_par' dir='ltr' id='par_1_100' title="bbox 889 5694 2373 5781">
     <span class='ocr_line' id='line_1_100' title="bbox 889 5694 2373 5781; baseline 0.011 -29"><span class='ocrx_word' id='word_1_849' title='bbox 889 5694 1214 5757; x_wconf 28' lang='lat' dir='ltr'><strong>saevitum.</strong></span> <span class='ocrx_word' id='word_1_850' title='bbox 1610 5694 1613 5695; x_wconf 38' lang='grc' dir='ltr'><strong>ί</strong></span> <span class='ocrx_word' id='word_1_851' title='bbox 2158 5694 2373 5781; x_wconf 48' lang='lat' dir='ltr'><strong>with}.</strong></span> 
     </span>
    </p>
   </div>
  </div>
