3840 6370
129 328 209 381 9‘29
758 380 761 383 ι
1189 317 1511 373 ΡΒᾹΞΡΑΠ.
1556 317 1607 371 E'

1728 317 1804 375 IG.
1851 319 1975 374 LIB.
2018 319 2107 375 XI.
3200 327 3305 381 950

126 443 377 517 περιληπτά
410 442 511 514 (86)
545 443 635 496 καὶ
668 441 868 513 γενητὰ
893 442 1087 511 ἐφάνη.
1120 441 1209 511 Τῷ
1236 441 1281 492 δ’
1308 438 1373 495 αὖ
1410 440 1605 511 γενομέ

1736 441 1929 497 Omnia
1960 455 2137 499 autem
2177 444 2301 498 talia
2336 459 2553 499 sensum
2589 453 2826 509 moveut,
2857 460 3161 515 sensusque
3191 465 3307 501 mo-

126 560 182 609 νῳ
207 537 354 606 φαμὲν
401 537 484 588 ὑπ’
518 535 685 588 αἰτίου
723 536 864 599 τινὸς
895 535 1138 605 ἀνάγκην
1182 530 1319 587 εἶναι
1354 534 1606 602 γενέσθαι

1732 537 1909 589 ventia
1957 551 2078 605 qua:
2124 545 2270 598 sunt,
2323 537 2509 589 eadem
2559 537 2609 588 in
2662 536 2916 605 opinione
2962 537 3254 590 considunt
3292 557 3304 591 :

124 631 202 683 Τὸν
234 629 317 700 μὲν
363 624 449 681 οὖν
482 628 707 699 ποιητὴν
734 628 826 680 καὶ
857 627 1188 701 δημιουργὸν
1214 627 1324 697 (87)
1357 626 1510 680 τοῦδε
1538 626 1607 679 τοὶ

1728 642 1850 691 quae
1892 636 2071 682 ortum
2123 628 2319 682 habere
2362 628 2615 697 gignique
2647 627 2920 694 diximus;
2964 628 3097 681 nihil
3126 638 3304 681 autem

124 721 280 783 παντὸς
320 719 484 788 εὑρεῖν
534 735 590 771 τε
647 718 841 789 ἔργον,
882 719 976 770 καὶ
1024 718 1249 796 εὑρόντα
1295 718 1375 779 είς
1426 717 1607 769 πάνται

1728 718 1874 786 gigni
1904 732 2063 787 posse
2092 718 2210 772 sine
2234 718 2436 773 causis.
2504 719 2679 786 Atque
2718 718 2869 771 illum
2901 717 3118 786 quidem
3145 716 3305 786 quasi

122 812 325 865 ἀδύνατον
374 810 564 877 λέγειν.
616 828 634 861 ι
668 809 778 863 Καὶ
806 806 960 871 αὖθις
1000 808 1126 878 ἑξῆς
1171 825 1354 878 φησιν’
1392 825 1409 857 ‹
1443 806 1607 861 Οὖτω‹

1729 819 2007 878 parentem
2060 810 2223 879 hujus
2269 809 2641 863 universitatis
2688 809 2932 864 invenire
2962 809 3176 865 dilﬁcile
3198 820 3301 873 est.

120 903 189 959 οὖν
224 905 277 973 δὴ
313 904 439 957 κατὰ
479 902 630 971 λόγον
684 903 771 956 τὸν
807 903 989 957 εἰκότα
1027 904 1107 956 δεῖ
1149 903 1325 971 λέγειν
1356 902 1503 956 τόνδε
1536 902 1607 955 τὺε

1728 910 1781 955 et
1804 917 1925 955 cum
1946 902 2057 972 jam
2092 903 2385 965 inveneris,
2420 902 2658 957 indicare
2686 902 2737 955 in
2774 904 2965 972 vulgus
2989 902 3159 957 nefas.
3190 923 3207 954 ι
3236 902 3303 955 Et

122 999 275 1066 κόσμον
314 993 437 1057 ζῶον
471 994 731 1063 ἔμψυχον,
773 994 952 1048 ἔννουν
1004 994 1253 1063 γενέσθαι
1293 996 1359 1065 τῇ
1401 992 1607 1065 άλτθείς

1728 993 1981 1062 deinceps
2014 1012 2027 1047 :
2060 1012 2079 1045 r
2116 992 2290 1060 Quam
2312 996 2380 1050 ob
2414 1011 2635 1051 causam
2663 1013 2770 1050 non
2812 1004 2894 1050 est
2937 996 3301 1050 cunctandum

119 1089 183 1139 διὰ
208 1087 285 1157 τὴν
304 1084 384 1138 τοῦ
416 1084 546 1137 Θεοῦ
577 1084 849 1156 πρόνοιαν.
894 1105 913 1136 ι

1728 1084 1988 1153 proﬁteri,
2014 1084 2059 1139 si
2096 1086 2258 1140 modo
2288 1086 2599 1158 investigari
2634 1088 2838 1156 aliquid
2869 1086 3180 1155 conjectura
3208 1100 3305 1155 po-

1728 1184 1851 1242 test,
1887 1175 2034 1230 hunc
2064 1178 2327 1232 mundum
2366 1179 2566 1232 animal
2610 1196 2752 1242 esse,
2788 1180 2948 1249 idque
2974 1180 3301 1250 intelligens,

1725 1275 1779 1321 et
1812 1268 1993 1322 divina
2026 1269 2370 1324 Providentia
2406 1272 2784 1325 constitutum.
2830 1292 2848 1322 ι

576 1349 972 1404 ΚΕΦΑΛΑΙΟΝ
1015 1350 1094 1403 A'.

2285 1362 2735 1429 CAPUT.xxx.

270 1441 410 1511 ςΠερί
444 1440 561 1495 τῶν
594 1442 723 1495 κατ’
759 1441 1020 1510 οὐρανὸν
1046 1442 1394 1511 φωστήρων.

2218 1454 2295 1508 De
2342 1456 2457 1509 εωιὶ
2505 1456 2807 1510 luminibus.

160 1536 293 1588 Πάλιν
330 1535 600 1599 Min-35.4.0);
659 1536 754 1588 καὶ
781 1536 1001 1599 τούτους
1025 1532 1161 1589 εἶναι
1191 1538 1450 1607 γενητοὺς
1484 1536 1607 1590 διδά·

1794 1544 1970 1601 Moses
2008 1558 2265 1613 prattcrea
2296 1563 2454 1601 suum
2481 1548 2602 1602 caeli
2639 1548 2933 1602 luminibus
2953 1557 3131 1601 ortum
3163 1548 3303 1603 assi-

111 1629 249 1694 ξιντος
288 1628 345 1682 δι’
397 1624 467 1683 ὧν
516 1629 721 1700 ἔφησεο
760 1648 779 1682 ι
818 1631 925 1683 Καὶ
964 1627 1113 1684 εἶπεν
1143 1633 1171 1684 ὁ
1203 1630 1355 1694 Θεός·
1396 1630 1607 1701 γενηθή-

1728 1638 1907 1707 gnavit
1944 1638 2027 1692 his
2070 1639 2243 1694 verbis
2277 1657 2291 1693 :
2332 1658 2350 1690 ι
2388 1638 2452 1694 Ει
2481 1639 2614 1693 dixit
2654 1639 2796 1695 Deus
2827 1658 2840 1693 :
2870 1638 3027 1693 Fiant
3060 1639 3299 1693 lumina-

108 1741 242 1777 τωσαν
280 1724 551 1796 φωστῆρες
612 1726 669 1777 ὲν
722 1725 800 1796 τῷ
856 1725 1191 1797 στερεώματι
1233 1726 1327 1778 τοῦ
1369 1725 1607 1796 οὐρανοῦ

1728 1730 1805 1783 ria
1838 1729 1891 1783 in
1920 1730 2264 1785 ﬁrmamento
2290 1732 2439 1794 cmli,
2478 1745 2535 1785 ut
2563 1732 2780 1785 luceant
2802 1747 2964 1802 super
2992 1741 3215 1797 terram,
3246 1740 3301 1785 et

233 1787 419 1885 φαίνειν
590 1818 689 1888 τῆς
716 1787 848 1888 γης*
890 1787 983 1873 καὶ
1018 1787 1258 1872 ἔστωσαν
1288 1820 1367 1882 εἰς
1400 1787 1597 1888 σημεῖα

1728 1822 1835 1877 sint
1865 1822 1917 1876 in
1948 1824 2102 1892 signa
2135 1833 2187 1877 et
2215 1834 2481 1892 tempora,
2528 1835 2580 1878 et
2612 1825 2747 1888 dies,
2784 1833 2837 1878 ct
2870 1839 3061 1879 annos.
3120 1822 3299 1879 Fecit-

107 1910 172 1960 zzl
213 1910 278 1972 εἰς
323 1911 563 1980 καιροὺς,
596 1909 691 1963 καὶ
718 1910 798 1973 είς
826 1911 1057 1982 ἡμέρας,
1085 1911 1177 1963 καὶ
1212 1912 1291 1973 είς
1323 1909 1607 1971 ἐνιαυτούς

1728 1930 1829 1985 que
1857 1914 1998 1971 Deus
2044 1917 2153 1971 duo
2196 1917 2486 1971 luminaria
2522 1933 2737 1988 magna,
2770 1926 2824 1971 et
2850 1918 3054 1973 stellas.
3108 1920 3174 1972 Et
3200 1935 3299 1988 po-o

107 1998 181 2051 Kal
212 2001 438 2071 ἐποίησεν
470 2003 499 2055 6
528 2001 663 2065 Θεὸς
692 2002 817 2064 τοὺς
846 2000 939 2055 δύο
971 2003 1262 2074 φωστῆρας
1290 2002 1416 2065 τοὺς
1452 2002 1607 2073 μεγά-

1728 2007 1831 2061 suit
1856 2022 1949 2062 eas
1980 2008 2032 2062 in
2066 2008 2408 2063 ﬁrmamento
2436 2010 2556 2062 caeli
2584 2008 2656 2061 ⁸.»
2688 2008 2859 2073 Quam
2892 2009 2945 2062 in
2971 2009 3295 2064 sententiam

104 2090 206 2155 λαυς,
226 2094 440 2157 καὶτοὺς
473 2094 713 2165 ἀστέρας
732 2111 745 2123 ·
780 2094 873 2147 καὶ
907 2092 1058 2147 ἔθετο
1090 2094 1285 2156 αὐτοὺς
1313 2096 1370 2146 ὲν
1392 2092 1467 2163 τῷ
1498 2109 1607 2145 στε-

1728 2095 1896 2163 Plato,
1917 2118 1934 2149 ι
1960 2097 2187 2153 Ratione
2238 2100 2422 2168 igitur,
2479 2099 2674 2167 inquit,
2710 2108 2761 2153 ct
2789 2108 2969 2154 mente
3000 2099 3205 2163 divina,
3230 2099 3293 2152 ad

105 2181 290 2252 ρεὼματι
312 2182 400 2236 τοῦ
428 2184 697 2254 οὐρανοῦο
736 2203 755 2235 ι
794 2184 995 2255 ὁμοίως
1027 2185 1119 2237 καὶ
1144 2184 1173 2236 6
1200 2184 1443 2249 Πλάτων,
1470 2202 1488 2235 t
1528 2182 1607 2248 Ἐξ

1728 2190 1981 2259 originem
2034 2189 2290 2259 temporis
2342 2189 2677 2244 curriculum
2716 2189 2993 2242 inventum
3034 2197 3119 2242 est
3162 2188 3295 2243 solis

101 2270 165 2325 ὧν
200 2274 334 2342 λόγου
365 2275 471 2346 (88)
532 2275 671 2328 Θεοῦ
725 2276 818 2329 καὶ
889 2275 1144 2340 διανοίας,
1206 2276 1338 2345 φησὶ
1366 2315 1380 2339 ,
1439 2276 1607 2329 τοιαύ-

1728 2289 1769 2334 et
1797 2280 1974 2343 lunae,
2022 2288 2076 2333 et
2122 2279 2353 2333 aliorum
2402 2279 2642 2347 quinque
2678 2288 2951 2331 astrorum
2996 2274 3295 2329 errantium

99 2381 169 2434 της
206 2366 321 2438 πρὸς
357 2368 552 2438 χρόνου
589 2368 823 2434 γένεσιν,
856 2369 942 2420 ἵνα
977 2369 1179 2441 γενηθῇ
1214 2372 1424 2441 χρόνος,
1444 2370 1607 2441 ἥλιος,

1728 2378 2101 2439 cognomento,
2128 2369 2192 2423 ad
2225 2369 2486 2438 temporis
2518 2383 2774 2422 numeros
2806 2366 3217 2436 distinguendos
3244 2374 3300 2419 et

100 2458 163 2508 καὶ
194 2459 385 2530 σελήνη,
422 2461 514 2513 καὶ
549 2461 713 2513 πέντε
743 2460 879 2514 ἄλλα
917 2460 1094 2533 ἄστρα
1140 2462 1370 2531 ἐπίκλην
1424 2462 1607 2533 ἔχοντα

1728 2461 2143 2515 :onservandos.
2203 2459 2451 2529 Corpora
2495 2468 2673 2512 autem
2724 2473 2913 2513 eorum
2959 2458 3297 2528 singulorum

98 2550 321 2622 πλάνητες,
368 2556 445 2617 είς
497 2553 781 2626 διορισμὸν
824 2554 917 2607 καὶ
970 2554 1212 2626 φυλακὴν
1260 2555 1452 2627 χρόνου
1504 2555 1607 2628 (89)

1728 2566 1835 2607 :um
1859 2550 2123 2607 eﬁ‘ecisset
2144 2550 2384 2619 Deus,ea
2416 2550 2481 2605 ad
2512 2551 2901 2606 conversiones
2927 2550 3231 2605 collocavit.
3266 2569 3285 2601 ο

97 2640 254 2707 γέγονε.
286 2643 513 2715 Σὼματα
556 2646 615 2699 δὲ
652 2649 831 2702 αὐτῶν
864 2650 1098 2720 ποιήσας
1143 2649 1171 2700 6
1230 2647 1385 2712 Θεὸς,
1418 2648 1607 2720 ἔθηκεν

1728 2642 1811 2697 ilic
1830 2650 1891 2696 tu
1918 2642 2051 2697 mihi
2080 2642 2300 2707 videsis,
2329 2658 2458 2695 num
2486 2643 2631 2712 quod
2652 2641 2806 2695 Plato
2836 2641 2993 2706 dixit,
3022 2641 3181 2709 λόγου
3203 2640 3298 2693 καὶ

97 2734 151 2797 εἰς
180 2735 260 2799 τὰς
298 2738 622 2810 περιφοράς.
659 2759 678 2793 ι
719 2741 997 2813 Ἐπιτήρει
1031 2741 1106 2807 δὲ,
1138 2741 1187 2793 εί
1229 2741 1303 2812 μὴ
1337 2740 1418 2803 τὸ,
1461 2759 1480 2792 ε
1523 2741 1607 2805 Ἐξ

1728 2734 1951 2798 ῑιανοὶας
1979 2732 2113 2788 Θεοῦ
2156 2734 2342 2805 (verbo
2376 2750 2440 2788 ac
2466 2744 2643 2789 mente
2667 2735 2901 2798 divina),
2933 2734 2982 2788 ei
3020 2734 3300 2803 persimile

96 2823 160 2878 οὖν
176 2828 307 2897 λόγου
354 2832 444 2884 καὶ
473 2831 721 2896 διανοίας
751 2832 909 2896 Θεοῦ,
954 2853 972 2885 r
1005 2833 1290 2905 εἰρημένον
1342 2833 1421 2904 τῷ
1468 2833 1607 2887 Πλά-

1728 2826 1804 2891 sit,
1833 2825 1978 2895 quod
2008 2825 2085 2878 ait
2126 2823 2305 2880 Moses
2331 2870 2341 2879 .
2368 2823 2510 2894 λόγῳ
2554 2843 2572 2875 ε
2609 2822 2783 2877 Verbo
2811 2822 3022 2877 Domini
3052 2822 3174 2876 cmli
3200 2823 3295 2874 ﬁro

98 2935 185 2972 τωνι
236 2923 402 2991 ὅμοιον
456 2924 525 2978 ἂν
576 2925 659 2995 εἰη
695 2924 773 2996 τῷ
826 2928 957 2997 παρ’
1006 2926 1277 2998 Ἐὅραίοις
1321 2926 1605 2994 φάσκοντιο

1728 2915 1841 2967 nati
1873 2923 2019 2978 sunt,
2061 2931 2080 2964 ι
2119 2923 2172 2967 et
2208 2913 2477 2984 πνεύματι
2516 2931 2535 2963 σ
2574 2911 2777 2982 Spiritu
2813 2911 2926 2965 oris
2966 2910 3085 2979 ejus
3114 2909 3297 2963 onmis

100 3031 110 3059 ι
134 3012 197 3081 Τῷ
235 3013 361 3085 λόγῳ
402 3017 612 3088 Κυρίου
640 3018 691 3069 οί
717 3018 932 3089 οὐρανοὶ
955 3017 1380 3089 ἐστερεώθησαν,
1413 3019 1505 3070 καὶ
1531 3017 1607 3089 τῷ

1728 3005 1886 3059 rirtus
1914 3019 2129 3058 eorum.
2169 3025 2187 3056 ι
2217 3004 2524 3071 Quinetiam
2561 3020 2684 3058 cum
2710 3002 2919 3072 Moyses
2941 3002 3159 3059 dixerit.
3190 2998 3294 3052 Kal

97 3103 301 3175 πνεύματι
350 3107 443 3161 τοῦ
488 3109 762 3180 στόματος
803 3110 966 3165 αὑτοῦ
1007 3112 1154 3163 πᾶσα
1186 3112 1217 3181 ἡ
1247 3110 1474 3181 δύναμις
1512 3110 1607 3163 αὑ-

1728 3096 1886 3161 sem,
1932 3115 1950 3147 ι
1983 3106 2036 3151 et
2082 3097 2265 3167 posuit
2312 3112 2373 3150 ea
2409 3097 2461 3149 in
2496 3096 2835 3150 ﬁrmamento
2873 3094 2995 3149 coeli
3032 3110 3050 3151 :
3090 3111 3108 3145 ι
3140 3091 3298 3148 Plato

94 3196 229 3248 τῷν.»
269 3198 417 3253 Ἀλλὰ
471 3202 574 3253 καὶ
611 3201 889 3265 Μωῡσέως
941 3202 1207 3267 είπόντος,
1248 3220 1266 3251 ε
1307 3200 1418 3253 Kal
1462 3201 1607 3254 ἔθετο

1728 3188 1881 3242 simili
1920 3202 2138 3258 quoque
2164 3202 2298 3241 voce
2327 3203 2483 3251 usus,
2517 3188 2620 3241 hoc
2644 3195 2746 3252 est,
2777 3184 2995 3255 έθηκεν,
3036 3198 3290 3254 corpora,

94 3289 237 3351 nimii;
272 3292 324 3343 ὲν
366 3291 443 3362 τῷ
479 3292 856 3365 στερεώματι·
898 3313 916 3346 ι
965 3293 1127 3365 ὁμοίᾳ
1155 3293 1419 3365 κέχρηται
1452 3294 1545 3347 καὶ
1587 3297 1607 3349 ὁ

1728 3279 1913 3349 inquit,
1946 3279 2287 3349 singulorum
2320 3294 2444 3334 cum
2474 3278 2743 3335 effecisset
2770 3278 2912 3334 Deus
2931 3321 2946 3345 ,
2977 3293 3040 3333 ea
3066 3277 3131 3331 ad
3158 3292 3291 3331 con-

94 3377 261 3432 Πλάτων
290 3387 431 3454 φωνῇ
471 3387 567 3455 τῇ,
594 3402 618 3439 ι
662 3385 917 3457 Ἔθηκεν,
956 3404 973 3437 ι
1009 3383 1201 3447 εἰπὼν,
1235 3403 1252 3436 ι
1292 3383 1519 3455 σώματα
1556 3385 1615 3439 δὲ
1716 3372 1995 3428 γετεὶοηεε
2031 3372 2369 3428 εοὶὶοεενὶῑ.»

92 3472 226 3526 αὐτῶν
258 3478 474 3548 ποιήσας
516 3480 550 3531 ὁ
599 3476 731 3541 Θεὸς
772 3477 968 3547 ἔθηκεν
998 3479 1079 3541 εἰς
1103 3476 1202 3541 τὰς
1226 3476 1548 3549 περιφοράς.
1589 3495 1609 3529 ι

537 3570 939 3623 ΚΕΦΑΛΑΙΟΝ
982 3569 1109 3623 AA'.

2268 3564 2500 3620 CAPUT
2540 3564 2732 3623 XXXI.

254 3662 362 3715 Ὀτι
388 3662 593 3717 πάντα
618 3661 776 3717 καλὰ
803 3664 876 3715 τὰ
900 3664 1042 3732 ἔργα
1070 3662 1175 3717 τοῦ
1208 3661 1376 3717 Θεοῦ.

1728 3724 1731 3729 Α
2081 3656 2273 3712 Omnia
2304 3656 2403 3711 Dei
2435 3674 2590 3723 opera
2624 3656 2759 3710 bona
2790 3674 2919 3709 esse.

138 3751 224 3823 Τῆς
268 3754 528 3826 Ἑϐραίων
562 3753 787 3826 Γραφῆς
817 3755 901 3822 ἐφ’
937 3754 1153 3824 ἑκάστῳ
1196 3754 1607 3827 δημιουργημά-

1783 3748 1920 3805 Cum
1946 3750 2108 3804 etiam
2131 3789 2147 3815 ,
2180 3758 2240 3804 ut
2282 3749 2536 3819 quodque
2569 3747 2865 3817 perfectum
2896 3758 3013 3804 erat
3042 3748 3287 3804 divinum

90 3859 168 3895 των
202 3847 582 3917 ὲπιφωνούσης,
623 3864 642 3897 ι
681 3846 793 3898 Kal
826 3843 963 3899 εἶδεν
998 3849 1026 3900 6
1067 3847 1201 3911 Θεὸς
1236 3848 1318 3901 ότι
1349 3848 1545 3903 καλόν·
1586 3868 1606 3902 ι

1728 3857 1883 3913 )pus,
1921 3841 2062 3905 hanc
2097 3856 2266 3896 sacra:
2298 3841 2487 3894 littera:
2544 3838 2705 3909 559
2755 3839 3053 3894 clausulam
3088 3839 3288 3896 identi-

93 3937 156 3987 κιί
192 3939 269 3991 ἐπὶ
330 3943 393 4013 τῇ
446 3940 675 3993 πάντων
732 3938 1200 4007 συγκεφαλαιώσει
1260 3940 1607 4013 φασκούσηςο

1728 3933 1833 3988 lem
1868 3932 2181 4003 adjecerint,
2213 3931 2309 3986 «Et
2332 3931 2465 3985 vidit
2493 3930 2636 3985 Deus
2664 3930 2810 4000 quod
2837 3930 3040 3985 bonum
3061 3942 3205 3988 esset
3258 3952 3284 3985 ι

96 4045 108 4074 ι
138 4030 221 4082 Καὶ
244 4028 366 4085 εἶδεν
401 4034 429 4085 6
469 4032 608 4094 Θεὸς
637 4030 708 4083 τὰ
735 4030 933 4094 πάντα,
968 4032 1061 4085 καὶ
1091 4031 1197 4085 ἰδοὺ
1236 4032 1377 4087 καλὰ
1406 4034 1545 4087 λίαν.
1584 4053 1603 4087 ›

1734 4034 1952 4093 temque
2006 4033 2063 4078 ut
2111 4024 2273 4079 simul
2320 4022 2505 4078 omnia
2551 4024 3105 4092 comprehenderent,
3163 4042 3180 4075 ι
3219 4023 3287 4079 Et.

94 4118 241 4174 Ἄκουε
291 4122 380 4177 τοῦ
422 4123 714 4185 Πλάτωνος
743 4120 1024 4189 λέγοντος·
1059 4140 1078 4171 ‹
1136 4124 1198 4176 El
1235 4123 1335 4193 μὲν
1356 4123 1419 4196 δὴ
1447 4124 1607 4191 καλός

1728 4114 1845 4167 ιὶόίι
1876 4112 2019 4168 Deus
2052 4114 2322 4177 omnia,ct
2352 4130 2478 4170 ecce
2508 4114 2664 4168 valde
2690 4114 2832 4168 bona
2865 4124 3018 4169 erant
3050 4134 3063 4171 :
3114 4133 3133 4167 ι
3155 4114 3281 4171 Pla-

91 4208 196 4263 ἑπιν
227 4214 300 4267 ὅδε
331 4218 359 4269 ό
393 4216 623 4287 κόσμος,
661 4216 690 4269 ὅ
721 4232 782 4268 τε
818 4214 1160 4285 Δημιουργὸς
1199 4216 1422 4284 ἀγαθὸς,
1451 4217 1607 4289 δῆλον

1728 4223 1891 4262 onem
1925 4208 2047 4262 audi
2071 4207 2151 4263 sic
2187 4206 2513 4277 loquentem,
2535 4226 2555 4259 ς
2595 4207 2774 4275 Atque
2802 4207 2849 4263 si
2877 4208 3056 4262 bonus
3084 4217 3168 4262 est
3194 4208 3284 4263 hic

89 4299 142 4364 ὡς
164 4309 277 4377 πρὸς
302 4308 361 4361 τὸ
387 4308 563 4363 ἀΐδιον
600 4308 813 4362 ἔϐλεπεο
844 4329 862 4361 ι
888 4308 985 4362 καὶ
1013 4307 1193 4362 πάλιν·
1235 4326 1254 4359 c
1276 4309 1335 4362 Ὀ
1369 4310 1468 4379 μὲν
1497 4309 1607 4382 γάρ

1728 4300 1981 4363 nundus,
2031 4298 2078 4353 si
2113 4298 2288 4353 bonus
2315 4298 2555 4367 ejusdem
2592 4298 2799 4353 Artifex
2820 4339 2836 4365 ,
2883 4297 3124 4369 profecto
3155 4314 3283 4367 spe-

91 4395 311 4462 κάλὶιστος
337 4401 442 4455 τῶν
468 4401 790 4472 γεγονότων,
825 4403 854 4455 6
880 4401 924 4455 δ’
957 4401 1176 4473 ἄριστος
1195 4401 1303 4455 τῶν
1335 4402 1545 4455 αἰτίων.
1582 4422 1601 4456 ι

1728 4393 1845 4447 :ietn
1864 4390 2185 4445 aeternitatis
2203 4389 2402 4444 imitari
2429 4389 2641 4444 maluit.
2656 4390 2858 4461 iAlquc
2876 4390 3089 4454 iterum,
3102 4407 3121 4441 ι
3142 4388 3279 4444 Nam

1637 4493 1683 4548 ι)
1711 4486 1786 4539 uti
1819 4485 2053 4539 mundus
2082 4483 2325 4538 omnium
2357 4499 2478 4553 qua:
2510 4484 2727 4538 condita
2761 4493 2888 4538 sunt
2910 4482 3149 4553 optimus
3172 4492 3281 4549 est,

1711 4578 1783 4631 ita
1810 4576 1953 4631 Deus
1984 4576 2253 4631 artiﬁcum
2288 4576 2532 4631 omnium
2562 4576 2817 4645 optimus.
2849 4594 2869 4627 ι

538 4685 933 4739 ΚΕΦΑΛΑΙΟΝ
973 4684 1097 4739 AB'.

2249 4686 2480 4742 CAPUT
2515 4687 2729 4743 XXXII.
2780 4734 2787 4741 .

90 4774 192 4839 Περὶ
226 4775 321 4844 τῆς
359 4779 742 4845 ἀλλοιώσεως
810 4780 907 4833 καὶ
960 4776 1296 4848 μεταϐολῆς
1345 4779 1455 4833 τοῦ
1506 4782 1606 4833 κό-

1953 4779 2031 4836 De
2055 4780 2368 4835 alteratione
2392 4798 2453 4835 ac
2488 4782 2777 4835 mutatione
2804 4783 3010 4836 mundi.

731 4866 911 4919 σμου.

144 4951 157 4980 ι
189 4935 278 4988 Καὶ
305 4942 427 5011 περὶ
459 4939 651 4993 τούτου
693 4939 873 5009 πάσης
912 4938 1180 5011 Ἐὅραιων
1209 4936 1433 5008 Γραφῆς
1465 4937 1607 4990 διδα-

1777 4938 1963 4995 Mundi
2018 4939 2368 4994 mutationem
2426 4938 2705 5009 Scriptura
2756 4954 3103 4993 nenraeorum
3151 4940 3277 4995 uni-

93 5024 292 5098 ϐιούσης,
314 5032 430 5083 τοτὲ
460 5033 557 5101 μὲν
580 5032 646 5085 δι’
670 5024 745 5085 ὧν
770 5048 922 5101 φησι,
950 5051 968 5082 σ
998 5032 1107 5084 Kal
1130 5030 1437 5101 ὲλιγήσεται
1466 5031 1493 5081 ὁ
1520 5030 1607 5082 οὐ·

1728 5046 1863 5086 rersa
1916 5040 2166 5095 testatur,
2216 5040 2275 5085 ut
2324 5046 2448 5085 cum
2499 5031 2615 5085 ait:
2676 5049 2693 5081 ο
2749 5028 2815 5082 Et
2863 5030 3278 5099 complicabitur

93 5116 213 5179 ρινὺς
236 5119 300 5182 ὡς
333 5121 569 5191 βιϐλίον·
614 5142 631 5173 ι
662 5122 783 5176 τοτὲ
837 5122 894 5175 δὲ
930 5122 998 5175 δι’
1032 5115 1106 5175 ὧν
1138 5120 1400 5189 ἐπιλέγει,
1440 5140 1459 5171 θ
1498 5121 1607 5172 Καὶ

1728 5122 1849 5177 ιίουι
1873 5121 2007 5176 liber
2023 5122 2221 5177 caelum
2253 5120 2389 5192 (Isa.
2420 5119 2697 5190 xuii/,4);
2724 5120 3017 5189 iitemquc:
3045 5139 3062 5171 ι
3091 5121 3151 5176 Ει
3174 5122 3277 5176 erit

92 5202 207 5259 ἔσται
227 5212 251 5262 6
273 5213 488 5283 οὐρανὸς
524 5214 727 5279 καινὸς,
759 5215 853 5268 καὶ
878 5216 911 5285 ἡ
942 5214 1012 5284 γῆ
1034 5213 1216 5284 καινὴ,
1245 5211 1281 5265 ἃ
1317 5212 1425 5281 ἐγὼ
1472 5212 1607 5266 ποιῶ

1728 5215 1906 5269 :mlum
1936 5228 2163 5277 novum,
2196 5222 2249 5267 ct
2279 5222 2420 5267 terra
2454 5227 2613 5276 nova,
2649 5226 2769 5280 quae
2795 5226 2895 5281 ego
2926 5212 3118 5267 l'aciam
3154 5230 3274 5267 ma-

96 5297 234 5361 μένειν
257 5303 472 5358 ἐνώπιόν
507 5323 628 5375 μου,
653 5304 798 5375 λέγει
825 5305 1045 5376 Κύριος·
1063 5324 1079 5354 ι
1104 5304 1197 5357 καὶ
1231 5302 1389 5356 πάλιν
1421 5303 1606 5357 ἄλλοτε

1728 5305 1903 5359 iereiu
1927 5313 2216 5374 conspectu
2238 5318 2376 5367 meo,
2395 5302 2524 5357 dicit
2549 5300 2952 5373 DominusUsa.
2973 5319 3097 5367 va,
3118 5303 3268 5373 17).»

92 5379 141 5431 δι’
178 5378 403 5463 ὧνφησι,
439 5411 458 5444 ι
488 5394 732 5465 Παράγει
772 5394 883 5465 γὰρ
920 5393 983 5445 τὸ
1032 5392 1217 5463 σχῆμα
1260 5391 1352 5445 τοῦ
1401 5392 1605 5463 κόσμου

1728 5399 1779 5454 Et
1819 5413 2039 5453 rursum
2085 5396 2255 5451 alibi:
2314 5414 2332 5445 ε
2388 5393 2632 5448 Praeterit
2679 5394 2823 5448 enim
2872 5393 3044 5465 ﬁgura
3084 5397 3274 5451 mundi

144 5540 233 5605 (86)
269 5549 618 5617 "spumata.
662 5548 817 5604 Plato
852 5551 988 5605 inter
1020 5550 1161 5604 hanc
1187 5564 1376 5603 vocem
1423 5559 1477 5604 et
1515 5566 1606 5606 se-

1728 5556 1901 5611 7icini.

92 5622 239 5695 W93}.
267 5616 448 5695 inserit
470 5616 615 5695 μετά
638 5621 940 5695 αίσθήσεως
980 5621 1298 5695 γιγνόμενα.

1778 5625 1889 5695 (89)
1912 5622 2202 5695 div/tuam
2224 5623 2468 5693 χρόνον.
2505 5620 2660 5679 Plato
2688 5631 2741 5679 et
2760 5636 3037 5679 manuscr.
3067 5621 3273 5679 Euseb.

146 5682 237 5765 ξεῖν
264 5682 643 5765 ,ἑτιμιςυὸτόνο
674 5682 849 5765 Plato.
879 5682 1121 5765 Πέτίέρα-
1142 5682 1172 5765 Ῐξ
1199 5762 1247 5765 ,,

1731 5682 1957 5753 riserunt
1989 5682 2257 5765 ἀριθμῶνξ

147 5752 240 5823 (88)
264 5752 493 5823 Ἑξόὖῦ
517 5752 721 5831 λόγου.
751 5761 893 5820 Idem
925 5752 1100 5827 Plato,
1140 5762 1297 5831 ibid.,
1327 5778 1449 5834 pag.
1500 5762 1605 5817 529
