3840 6370
127 333 210 387 9:5
1225 326 1547 383 ΡΒᾹΞΡΛΒ.
1588 326 1715 383 EVA

1726 325 1836 382 NG.
1878 325 2007 382 LIB.
2052 326 2139 382 XI.
3218 343 3327 398 95‘

126 473 230 540 στὴν
257 467 322 537 (5)
349 464 491 537 παρὰ
518 465 609 519 τοῦ
640 464 1010 538 δημιουργοῦ*
1049 467 1168 520 τοτὲ
1202 467 1248 520 δ’
1279 469 1407 522 ὅταν
1459 468 1624 539 ἀνεθῇ

1750 466 1795 519 Λ
1843 481 1954 537 quo
1983 474 2164 521 tamen
2202 466 2340 537 ipso,
2388 466 2534 523 aliud
2584 470 2713 540 quid
2770 471 2931 527 modo
2986 474 3112 541 hoc,
3164 479 3328 533 modo

124 563 175 614 δι’
202 552 367 612 ἑαυτοῦ
399 558 471 627 (6)
512 556 671 611 αὐτὸν
729 557 894 622 ξέναι,
939 559 1079 612 κατὰ
1132 560 1322 631 καιρὸν
1380 559 1648 629 ἀφεθέντα

122 651 335 715 τοιοῦτον,
356 648 487 702 ὥστε
518 649 785 703 ἀνάπαλιν
810 651 1135 723 πορεύεσθαι
1162 652 1362 716 πολλὰς
1387 652 1648 723 περιόδων

125 744 362 814 μυριάδας,
400 742 483 794 διὰ
538 742 617 806 τὸ,
650 743 921 813 ίμέγιστον
964 744 1022 797 δν
1057 746 1151 797 καὶ
1193 744 1644 817 ίσορῤοπώτατον,

120 837 191 888 ἐπὶ
230 833 569 905 σμικροτάτου
627 832 807 904 βαῖνον
873 836 1034 901 ποδὸς
1096 838 1350 891 ἰέναιμ-
1396 839 1646 892 Φαίνεται

120 924 220 991 γοῦν
269 924 325 996 δὴ
364 924 456 975 καὶ
505 923 738 993 μάλιστα
773 926 997 989 εἰκότως
1050 927 1299 999 εἰρῆσθαι
1350 928 1522 983 πάντα
1546 930 1646 983 ὃσα

120 1015 399 1087 διελήλυθας.
427 1047 495 1057 --
536 1017 899 1089 Λογισάμενοι
953 1018 1030 1089 (7)
1080 1018 1137 1071 δὲ
1170 1019 1550 1091 ξυννοήσωμεν
1586 1022 1646 1076 τὸ

120 1108 251 1170 πάθος
278 1110 333 1161 ἐκ
367 1107 469 1161 τῶν
499 1108 593 1161 νῦν
622 1109 939 1179 λεχθέντων,
968 1110 995 1161 ὃ
1031 1110 1248 1163 πάντων
1274 1110 1483 1182 ἔφαμεν
1508 1108 1644 1167 εἶναι

115 1202 196 1253 τῶν
220 1200 522 1272 θαυμαστῶν
575 1203 770 1257 αἴτιον.
802 1204 959 1256 Ἔστι
994 1204 1101 1272 γὰρ
1125 1200 1218 1257 οὖν
1241 1204 1304 1275 δὴ
1324 1204 1469 1257 τοῦτ’
1491 1206 1640 1260 αὐτό.

113 1326 165 1335 -
186 1295 246 1348 Τὸ
274 1298 439 1357 ποῖονς
463 1296 622 1349 -Τδ
654 1295 753 1367 τὴν
804 1295 898 1349 τοῦ
944 1296 1143 1360 παντὸς
1181 1297 1351 1369 φορὰν
1397 1298 1518 1350 τοτὲ
1549 1298 1645 1368 μὲν

113 1387 175 1455 ἐφ’
200 1386 229 1439 ἃ
265 1386 345 1438 νῦν
378 1387 657 1440 κυκλεῖται
691 1387 971 1458 φέρεσθαι,
1003 1389 1125 1442 τοτὲ
1167 1389 1211 1443 δ’
1248 1389 1339 1442 ἐπὶ
1364 1390 1639 1443 τάναντία.

111 1477 282 1541 -Πῶς
308 1478 400 1548 δής
434 1508 505 1517 —-
548 1477 765 1547 Ταύτην
796 1478 893 1549 τὴν
950 1478 1247 1551 μεταϐολὴν
1280 1480 1531 1551 ἡγεῖσθαι
1564 1480 1645 1532 δεῖ

112 1566 192 1618 τῶν
240 1566 354 1637 περὶ
400 1567 491 1620 τὸν
559 1567 785 1638 οὐρανὸν
840 1568 1138 1639 γινομένων
1190 1571 1405 1642 τροπῶν
1453 1570 1643 1624 πασῶν

110 1656 214 1711 εἶναι
241 1659 483 1728 μεγίστην
517 1659 614 1712 καὶ
648 1658 989 1728 τελειοτάτην
1018 1659 1244 1731 τροπήν.
1273 1660 1456 1712 Ἐοικε
1489 1658 1637 1728 γοῦν.

107 1748 421 1816 -Μεγίστας
467 1749 655 1803 τοίνυν
708 1747 1010 1819 μεταϐολὰς
1047 1748 1153 1819 χρὴ
1182 1748 1422 1819 νομίζειν
1458 1748 1641 1818 γίγνε-

110 1842 204 1894 σθαι
243 1841 351 1893 τότε
405 1843 519 1905 τοῖς
573 1841 726 1903 ἐντὸς
770 1840 902 1911 ἡμῖν
943 1840 1183 1894 οἰκοῦσιν
1214 1840 1400 1895 αὐτοῦ.
1437 1874 1503 1881 -
1527 1843 1637 1897 Καὶ
1667 1824 1712 1885 Β

107 1932 215 1986 τοῦτ’
242 1933 391 1996 εἰκός.
427 1965 496 1974 -
524 1932 846 1996 Μεταϐολὰς
874 1932 932 1986 δέ
976 1949 1040 2001 γε
1074 1932 1272 1997 πολλὰς
1304 1934 1345 2005 ’ἢ
1394 1933 1636 2004 μεγάλας

107 2030 178 2080 καὶ
218 2028 454 2090 παντοίας
499 2026 923 2099 ξυμφερομένας
963 2022 1051 2096 ἆρ’
1085 2027 1185 2079 οὐκ
1220 2028 1375 2097 ἴσμεν
1405 2027 1499 2098 τὴν
1529 2027 1635 2080 τῶν

108 2117 223 2180 ζώων
241 2117 385 2185 φύσιν
412 2118 498 2170 ὅτι.
534 2116 789 2188 χαλεπῶς
816 2116 1100 2187 ἁνέχεται;
1129 2116 1253 2180 Πῶς
1287 2116 1331 2169 δ’
1378 2117 1439 2170 οὗ
1462 2135 1476 2183 ;
1504 2117 1637 2171 Φθο-

106 2210 173 2278 ραὶ
193 2208 344 2262 τοίνυν
370 2210 429 2275 ea
458 2208 710 2278 ἀνάγκης
731 2208 850 2261 τότε
873 2209 1123 2278 μέγισται
1151 2209 1504 2279 συμϐαίνουσι
1528 2211 1635 2263 τῶν

105 2318 147 2353 τε
173 2301 317 2355 ἄλλων
345 2300 518 2365 ζώων,
556 2300 655 2354 καὶ
685 2301 748 2372 δὴ
789 2301 881 2354 καὶ
908 2302 969 2353 τὸ
1002 2301 1108 2354 τῶν
1139 2300 1441 2372 ἀνθρώπων
1482 2302 1637 2371 γένος

104 2394 239 2461 ὀλίγον
285 2411 333 2445 τι
386 2393 788 2464 περιλείπεται.
827 2393 965 2464 Περὶ
1015 2393 1073 2446 δὲ
1128 2392 1371 2458 τούτους,
1399 2393 1532 2446 ἄλλα
1574 2410 1634 2446 τε

104 2485 345 2557 παθήματα
378 2485 573 2551 πολλὰ,
610 2484 703 2537 καὶ
738 2483 1080 2555 Θαυμαστὰ,;,
1101 2484 1193 2537 καὶ
1235 2485 1395 2538 καινὰ
1435 2484 1634 2556 ξυμπί-

104 2595 233 2651 πτειχ
251 2579 493 2649 μέγιστον
516 2579 582 2631 δὲ
612 2577 728 2629 τόδε
756 2578 848 2630 καὶ
878 2576 1238 2648 ξυνεπόμενον
1274 2580 1339 2648 τῇ
1367 2576 1462 2630 τοῦ
1492 2594 1630 2631 παν-

103 2668 167 2731 τὸς
197 2670 401 2736 ἁνελίξει
432 2671 586 2732 τότε,
630 2670 759 2722 ὅταν
789 2671 821 2740 ἡ
854 2669 957 2739 τῆς
991 2667 1085 2721 νῦν
1132 2668 1529 2741 καθεστηκυίας
1555 2670 1630 2742 (8)

102 2761 269 2816 ἐναντία
312 2763 566 2832 γίγνηται
612 2762 809 2833 τροπή.
851 2780 870 2811 ι
902 2760 1124 2823 Τούτοις
1176 2761 1379 2814 ἅπασιν
1425 2761 1631 2827 ὑποϐὰς

99 2852 195 2923 ἑξῆς
235 2856 348 2925 περὶ
411 2854 515 2925 τῆς
577 2854 685 2908 τῶν
749 2852 1211 2923 τετελευτηκότων
1263 2852 1628 2919 ἁναϐιώσεως,

1748 561 2026 616 contrario
2057 574 2207 615 motu
2240 562 2455 631 agitari,
2480 563 2570 618 fas
2600 565 2786 634 utique
2821 582 2927 620 non
2972 568 3157 623 fuerit.
3193 570 3329 637 Qui-

1748 649 1851 705 bus
1896 665 1961 704 ex
2008 652 2262 707 omnibus
2310 653 2415 708 hoc
2460 656 2677 710 tandem
2730 656 2980 726 efﬁcitur,
3032 671 3095 716 ut
3148 679 3328 734 neque

1748 742 1986 811 seipsum
2037 751 2301 814 perpetuo
2352 756 2634 802 convertat
2683 751 2947 816 mundus,
3000 770 3175 825 neque
3226 757 3326 811 abs

1752 833 1862 888 Deo
1932 844 2079 891 totus
2139 837 2341 905 duplici
2400 855 2573 910 eaque
2631 845 2907 899 contraria
2966 850 3328 904 conversione

1748 938 2072 983 moveatur:
2110 946 2286 1000 neque
2318 932 2415 987 abs
2444 933 2549 987 diis
2598 936 2764 989 etiam
2815 938 3050 1002 duobus,
3092 942 3187 1011 qui
3229 957 3327 995 vo-

1744 1024 1953 1079 luntate
2002 1040 2065 1080 ac
2100 1040 2266 1080 sensu
2320 1027 2558 1081 alterab
2615 1030 2785 1086 altero
2820 1033 3143 1099 dissideant,
3197 1036 3328 1091 hinc

1748 1116 2007 1186 illincque
2039 1126 2380 1188 torqueatur.
2425 1119 2529 1174 Sed
2564 1123 2769 1191 potius,
2801 1128 2946 1193 quod
2970 1126 3195 1196 jamjam
3242 1128 3326 1181 di-

1745 1213 1993 1279 cebatur,
2022 1213 2279 1284 quodque
2305 1215 2576 1285 reliquum
2629 1234 2795 1271 unum
2835 1232 2939 1283 est,
2973 1230 3031 1274 ut
3063 1223 3225 1276 modo
3256 1224 3324 1277 ab

1740 1304 1852 1359 alio
1888 1316 2131 1377 regatur,
2168 1322 2343 1377 coque
2377 1308 2641 1364 diviniore
2688 1312 2973 1382 principio,
3008 1330 3316 1385 novamque

1744 1411 1937 1452 rursus
1966 1399 2135 1451 vitam
2163 1407 2547 1469 consequatur,
2581 1416 2644 1455 ac
2672 1403 2904 1460 subinde
2956 1406 3320 1463 instauratam

1741 1503 1773 1542 a
1805 1488 2095 1545 Conditore
2148 1492 2608 1547 immortalitatem
2656 1497 2925 1567 accipiat:
2960 1502 3123 1555 modo
3150 1518 3278 1557 vero
3305 1545 3321 1568 ,

1741 1594 1868 1634 cum
1917 1582 2140 1638 relictus
2191 1584 2296 1637 sibi
2348 1583 2532 1647 fuerit,
2584 1600 2681 1654 per
2729 1604 2851 1644 sese
2898 1589 3111 1646 feratur
3168 1594 3319 1664 ipse,

1739 1673 1944 1743 quippe
1975 1675 2067 1745 qui
2118 1690 2185 1731 eo
2218 1685 2331 1731 tum
2375 1680 2484 1732 line
2526 1679 2629 1735 sibi
2663 1682 3029 1750 permittatur,
3062 1694 3121 1739 ut
3151 1688 3320 1742 multa

1742 1765 2165 1819 conversionum
2199 1767 2365 1821 millia
2401 1771 2623 1839 preprio
2651 1786 2801 1827 metu
2840 1785 3070 1843 retexat,
3110 1794 3233 1833 cum
3266 1791 3322 1836 et

1740 1854 1884 1909 mole
1917 1858 2165 1925 corporis
2194 1859 2454 1926 maxima,
2484 1870 2539 1914 et
2564 1863 2785 1929 paribus
2814 1866 3107 1923 admodum
3136 1886 3321 1941 :equa-

1738 1944 1993 2016 libusque
2038 1950 2351 2015 momentis,
2383 1959 2438 2004 et
2488 1953 2713 2010 minimo
2749 1972 2913 2027 super
2962 1962 3184 2017 cardine
3232 1980 3320 2018 ra-

1738 2037 1940 2105 piatur.
1978 2036 2153 2095 Habet
2186 2057 2315 2095 vero
2342 2043 2611 2114 quidquid
2640 2048 2822 2105 adhuc
2866 2051 2966 2105 abs
3016 2061 3067 2108 te
3111 2056 3318 2111 dictum

1738 2139 1841 2194 est,
1878 2131 2114 2200 speciem
2144 2134 2547 2203 probabilitatis
2577 2141 2892 2197 maximam.
2920 2143 3028 2200 Nos
3058 2146 3219 2214 igitur
3250 2166 3316 2203 ex

1739 2218 1809 2274 iis
1840 2234 1961 2289 qua:
1992 2222 2267 2292 disputata
2316 2238 2464 2291 sunt,
2502 2244 2689 2284 casum
2739 2232 2913 2301 illum,
2946 2252 3109 2305 quam
3143 2239 3318 2293 admi-

1740 2310 1998 2365 rabilium
2049 2315 2297 2370 omnium
2350 2333 2571 2373 causam
2618 2337 2739 2377 esse
2771 2324 3040 2391 diximus,
3093 2331 3316 2385 ratioci-

1738 2404 1920 2456 nando
1953 2405 2298 2476 colligamus.
2329 2407 2423 2465 Ille
2461 2413 2733 2483 siquidem
2764 2416 2882 2485 ipse
2915 2429 3016 2474 est.
3054 2421 3189 2488 Quis
3226 2425 3318 2479 ille

1735 2495 1954 2549 tandem
1981 2497 2004 2549 ?
2038 2497 2196 2564 Quod
2227 2502 2488 2559 nimirum
2518 2507 2758 2562 universi
2790 2520 2992 2578 motus,
3026 2531 3172 2570 nunc
3196 2533 3316 2572 eam
3406 2576 3409 2577 ,

1734 2585 1789 2640 in
1820 2595 2027 2655 partem
2063 2606 2169 2660 qua
2196 2594 2451 2662 volvitur,
2476 2614 2623 2651 nunc.
2650 2600 2703 2653 in
2733 2606 3064 2659 contrariam
3085 2606 3314 2665 feratur.

1737 2675 1849 2731 Cur
1876 2690 2057 2735 autem
2093 2683 2116 2735 ?
2153 2683 2305 2740 Hanc
2330 2688 2476 2741 enim
2507 2693 2890 2759 mutationem,
2919 2699 3163 2752 omnium
3194 2715 3318 2769 quae

1740 2767 1793 2822 in
1820 2771 1961 2826 coelo
1985 2774 2326 2846 contingunt,
2353 2783 2648 2836 maximam
2674 2784 2859 2839 haberi
2890 2802 2989 2855 par
3015 2796 3120 2854 est,
3152 2767 3317 2858 atque

1736 2860 2225 2923 absolutissimam.
2255 2868 2495 2940 Equum
2528 2873 2579 2927 id
2611 2875 2855 2943 quidem.
2885 2876 2950 2931 Et
2978 2893 3079 2933 nos
3096 2896 3317 2951 quoque

100 2947 250 3014 ὁμοίως
260 2950 369 3012 ταῖς
383 2948 659 3019 Ἐϐραίων
676 2944 855 3010 δόξαις
870 2945 1017 2999 κινού
1027 2944 1361 3015 μενος,ταῦτ’
1373 2944 1630 3015 ἐπιλέγει.

1742 2967 1957 3020 omnes,
1990 2960 2085 3028 qui
2120 2962 2241 3031 ejus
2273 2964 2481 3019 ambitu
2514 2965 2705 3022 inclusi
2743 2970 3108 3037 continemur,
3136 2974 3279 3027 maxi
3300 3003 3317 3013 -

100 3055 186 3093 mas
210 3051 305 3096 tam
336 3042 673 3097 mutationes
699 3041 881 3096 subire
906 3056 1001 3111 par
1020 3052 1122 3096 est.
1143 3040 1252 3096 Nec
1269 3040 1448 3096 minus
1474 3041 1575 3097 hoc
1598 3044 1910 3105 verisimile.
1928 3050 2067 3107 Num
2093 3064 2275 3112 autem
2300 3058 2595 3114 obscurum
2618 3062 2779 3117 nobis
2801 3064 3176 3133 est,ejusmodi
3195 3070 3316 3122 ani-

100 3136 309 3191 mantium
326 3151 445 3192 esse
466 3144 877 3206 naturam,qu:e
900 3135 1233 3191 mutationes
1255 3136 1833 3212 crebras,easdemque
1849 3161 2074 3219 magnas
2090 3151 2247 3223 561
2268 3155 2556 3225 omnisque
2572 3156 2735 3212 simul
2760 3159 2975 3228 generis
2997 3160 3315 3218 incumbe"-

109 3238 163 3283 tes
183 3248 301 3302 agre
315 3232 620 3289 sustineat?
638 3231 742 3299 Qui
760 3232 975 3287 tandem
995 3232 1290 3287 obscurum
1314 3231 1367 3287 id
1387 3248 1507 3289 esse
1528 3236 1699 3303 possit
1714 3237 1886 3296 ?Tum
1909 3243 2071 3315 igitur
2092 3256 2148 3302 et
2167 3249 2331 3304 exitia
2349 3259 2667 3305 caeterorum
2689 3253 3050 3308 animantium
3076 3257 3312 3311 maxima

100 3337 447 3395 consequantur
500 3343 731 3383 necesse
775 3336 876 3392 est,
932 3335 987 3381 et
1035 3326 1320 3381 hominum
1374 3328 1614 3396 ipsorum
1654 3334 1884 3406 exiguus
1938 3340 2233 3397 admodum
2279 3360 2542 3401 numerus
2579 3348 2941 3417 relinquatur.
2984 3348 3051 3403 Et
3089 3350 3313 3421 quidem

101 3414 199 3484 ipsis
222 3435 329 3473 cum
355 3421 443 3475 alii
466 3421 720 3491 plerique
759 3417 1175 3474 extraordinarii
1240 3419 1477 3488 novique
1525 3434 1687 3477 casus
1725 3429 2002 3497 eveniunt,
2035 3442 2150 3487 tum
2183 3434 2230 3488 is
2258 3437 2505 3491 omnium
2537 3437 2714 3507 .longe
2744 3440 3038 3504 maximus,
3067 3457 3132 3495 ac
3155 3457 3313 3497 revo-

102 3505 277 3566 lutionis
337 3512 586 3567 universi
627 3526 831 3577 eomes,
878 3525 1000 3565 cum
1049 3518 1203 3564 stata:
1245 3509 1374 3564 huic
1418 3520 1471 3564 et
1506 3513 1834 3581 quotidianae
1889 3524 2234 3579 conversioni
2284 3529 2525 3596 opposita
2567 3505 2874 3599 contigerit.
2912 3551 2932 3583 ›
2962 3532 3110 3588 Idem
3142 3534 3307 3591 paulo

100 3614 204 3668 post,
246 3604 305 3659 de
351 3606 758 3661 resurrectione
805 3614 1172 3670 mortuorum,
1222 3603 1473 3660 similiter
1519 3603 1869 3669 Hebraorum
1901 3631 1967 3670 ex
1999 3631 2165 3673 sensu
2194 3620 2297 3674 ista
2330 3621 2635 3692 subjungit.

560 3698 956 3751 ΚΕΦΑΛΑΙΟΝ
998 3696 1119 3751 Al".

100 3766 203 3830 Περὶ
238 3784 337 3834 της
380 3767 501 3821 τῶν
536 3771 1046 3856 τετελερτηξιότεον
1074 3766 1470 3837 ἀναϐιώσεως,
1506 3770 1626 3825 ἀπὸ

660 3856 767 3892 του
797 3855 1004 3893 αυτου.

156 3946 170 3976 ι
201 3928 391 3995 Γένεσις
415 3931 473 3985 δὲ
497 3930 579 4003 (9)
599 3930 683 3994 τίς
710 3929 816 3986 τότ’
848 3924 994 4002 ﬁrmi)
1014 3929 1150 3997 ξένε,
1181 3930 1353 3996 ζώων,
1381 3932 1476 3985 καὶ
1507 3932 1626 3985 τίνα

101 4019 253 4085 τςΛπον
285 4023 343 4087 ἐξ
372 4023 624 4096 ἀλλήλων
644 4022 986 4103 ,ἐγεννῶντος
1016 4023 1204 4095 Δῆλον,
1239 4018 1284 4076 ὦ
1316 4022 1625 4095 Σώκρατες,

97 4110 156 4161 ὅτι
177 4111 224 4164 τὸ
249 4114 335 4183 μὲν
362 4115 475 4189 (10)
506 4116 571 4181 ἐξ
598 4115 841 4187 ἀλλήλων
880 4116 979 4168 οὐκ
1015 4111 1083 4185 ἦν
1112 4117 1169 4169 ὲν
1200 4118 1266 4188 τῇ
1308 4117 1430 4170 τότε
1467 4116 1626 4185 φύσει

98 4204 377 4275 γεννώμενον
397 4224 411 4239 '
459 4208 523 4262 τὸ
555 4207 611 4260 δὲ
641 4209 869 4279 γηγενὲς
893 4208 1005 4280 (II)
1029 4205 1166 4261 εἶναί
1205 4225 1334 4286 ποτε
1356 4208 1509 4277 γένος
1536 4208 1624 4260 λε-

97 4296 206 4363 χθὲν,
232 4301 363 4354 τοῦτ’
408 4298 476 4373 ἦν
526 4301 591 4354 τὸ
623 4302 739 4354 κατ’
772 4301 977 4354 ἐκεῖνον
1016 4301 1105 4355 τὸν
1148 4300 1358 4373 χρόνον,
1406 4302 1471 4354 ἐκ
1519 4302 1620 4372 γῆς
1653 4321 1695 4376 ι)

98 4388 217 4442 πάλιν
247 4390 732 4463 ἀναστρεφόμενον.
770 4391 1274 4462 Ἀπεμνημονεύετο
1304 4390 1360 4443 δὲ
1389 4389 1494 4443 ὑπὸ
1513 4389 1619 4443 τῶν

99 4479 325 4555 ἡμετέρων
360 4484 643 4559 προγόνων
671 4484 779 4538 τῶν
813 4482 1063 4555 πρώτων,
1095 4484 1143 4536 οἳ
1171 4482 1476 4555 τελευτώσῃ
1507 4482 1616 4553 (12)

100 4573 173 4639 μὲν
197 4581 254 4649 τῇ
295 4592 318 4619 α
350 4578 641 4648 τελευταίᾳ
673 4577 785 4648 (I3)
840 4578 1111 4648 περιφορᾷ
1153 4576 1243 4629 τὸν
1276 4574 1403 4645 ἑξῆς
1432 4575 1619 4646 χρόνον

97 4665 369 4733 ἐγειτόνουν,
400 4668 566 4739 τῆσδε
595 4667 651 4721 δὲ
676 4667 794 4720 κατ’
817 4665 987 4736 ἀρχὰς
1006 4665 1246 4735 ἐφύοντο.
1267 4665 1479 4718 Τούτων
1510 4666 1617 4736 γὰρ

95 4770 204 4809 ουτοι
240 4762 466 4831 κήρυκες
497 4758 726 4829 ὲγίνονθ*
755 4759 887 4827 ἡμῖν
918 4756 1025 4809 τῶν
1058 4757 1252 4825 λόγων,
1288 4756 1336 4809 οἶ
1371 4755 1463 4808 νῦν
1513 4757 1617 4808 ὑπὸ

149 4881 167 4909 ⁸
193 4872 269 4929 Pl.
304 4875 568 4947 προτέρα.

147 4962 208 5031 (5)
252 4966 747 5031 Ἐπισκευαστὴν.
773 4965 1014 5029 Ficinus,
1045 4972 1423 5032 praeparatam.
1473 4959 1607 5031 Ego,

96 5032 281 5114 subinde
302 5041 676 5114 instauratum.
702 5036 760 5114 In
786 5051 852 5114 eo
879 5036 1022 5089 enim
1050 5034 1204 5087 Plato
1228 5043 1330 5096 est,
1364 5042 1423 5114 ut
1452 5048 1611 5114 mun-

97 5103 196 5183 dutn
226 5107 318 5162 sibi
364 5109 695 5184 permissum
719 5109 971 5173 deiicere,
1001 5118 1067 5184 _ac
1098 5104 1489 5184 propemodum
1529 5103 1615 5183 iri-.-

100 5175 254 5247 lcrire,
282 5175 398 5233 mox
434 5181 703 5233 diviniore
737 5193 900 5232 manu
926 5176 1284 5247 gubernatum
1305 5175 1610 5247 instaurari

97 5242 259 5320 denuo,
297 5258 347 5329 et
388 5250 548 5320 quasi
601 5242 1172 5329 reviviscet-edoceat.
1221 5242 1393 5329 Habet
1446 5243 1613 5327 igitur

97 5316 528 5386 immortalitatem,
558 5335 666 5374 non
697 5318 939 5384 αὐτόθεν,
975 5327 1069 5371 aut
1095 5316 1611 5386 ἐχουσανίὼσαύτῳς

95 5382 160 5434 ἀει
179 5424 203 5461 ,_
221 5390 302 5441 sed
329 5390 728 5461 ὲπισκευαστήν
748 5430 764 5455 ,
793 5382 1177 5460 (ιυωέιιὺίηὰο
1206 5384 1611 5456 quodammodo

96 5468 336 5515 san-tatur.

96 5526 223 5649 tu“;
247 5530 317 5581 Δι’
358 5529 596 5587 ἑαυτοῦ.
648 5530 901 5596 Rectius,
937 5543 1100 5599 quam
1137 5536 1199 5581 ut
1249 5526 1303 5581 in
1349 5524 1608 5589 Platone,

147 5613 170 5645 ν
225 5619 267 5649 ν.

147 5613 267 5653 υτον.

150 5667 214 5743 (Ῐ)
234 5672 604 5743 Λογισάμενοι
626 5672 713 5726 δέ.
735 5670 926 5727 Melius
950 5670 1120 5734 Plato,
1150 5668 1495 5743 λοχισάμενοι
1522 5665 1607 5736 δή.

150 5737 213 5807 (8)
233 5737 682 5812 Καθεσὰικυίας.
718 5742 794 5797 lla
825 5743 978 5796 Plato
1002 5752 1057 5796 et
1084 5758 1173 5813 γρ.
1214 5737 1412 5797 Euseb.
1438 5746 1603 5793 recte.

97 5798 340 5877 Perpenna
361 5798 502 5871 enim
529 5798 804 5886 legebatur
827 5798 1216 5882 καθεστηδίύῖα.

2289 3714 2515 3769 CAPUT
2545 3715 2784 3770 XXXIII.

1908 3782 1984 3837 De
2011 3786 2387 3839 resurrectione
2415 3797 2763 3855 mortuorum,
2795 3804 2860 3841 ex
2893 3788 3095 3843 eodem.

1812 3956 1829 3987 ι
1856 3935 1994 3991 Tum
2014 3954 2163 4004 vero,
2194 3939 2268 3992 mi
2300 3938 2519 4010 hospes,
2546 3940 2740 4011 inquit,
2762 3941 3119 3998 animantium
3153 3954 3308 4003 orum

1728 4029 1821 4099 qui
1861 4030 2076 4084 tandem
2108 4031 2271 4085 erat?
2301 4041 2393 4085 aut
2426 4033 2887 4102 quemadmodum
2936 4052 3001 4089 ex
3045 4037 3168 4091 aliis
3214 4039 3305 4091 alii

1728 4122 2131 4193 gignebantur?
2164 4121 2454 4179 Enimvero
2485 4124 2673 4194 liquet,
2710 4140 2743 4179 ο
2798 4126 3074 4195 Socrates,
3106 4144 3172 4184 eo
3200 4146 3302 4184 na-

1729 4220 1864 4265 tura:
1909 4222 2074 4277 statu,
2122 4211 2225 4265 alia
2260 4228 2327 4266 ex
2372 4213 2491 4267 aliis
2528 4215 2708 4283 genita
2752 4214 2923 4271 fuisse
2970 4218 3117 4272 nulla
3155 4237 3170 4282 ;
3207 4222 3301 4274 sed

1726 4312 1838 4357 tum
1858 4304 1987 4359 illud
2007 4302 2177 4359 fuisse
2200 4320 2392 4376 genus,
2409 4307 2555 4375 quod
2576 4321 2642 4361 ex
2663 4321 2806 4361 terra
2832 4310 3105 4378 quondam
3123 4321 3299 4366 satum

1724 4410 1847 4450 esse
1913 4396 2273 4467 perhibetur,
2328 4396 2573 4467 ejusdem
2617 4413 2682 4452 ex
2710 4408 2867 4454 terrae
2925 4402 3047 4456 sinu
3108 4418 3301 4458 rursus

1728 4487 1976 4544 eﬂ'usum.
2010 4489 2163 4557 Quod
2189 4490 2409 4561 quidem
2439 4490 2711 4561 principes
2742 4491 2818 4545 illi
2851 4493 3088 4561 majores
3124 4496 3298 4550 nostri

1725 4590 2267 4645 commemorarunt;
2304 4584 2396 4653 qui
2427 4597 2550 4637 cum
2588 4585 2690 4639 sub
2718 4585 3090 4641 conversionis
3134 4587 3298 4656 hujus

1725 4671 1877 4726 initia
1929 4670 2033 4726 sati
2097 4679 2324 4737 essent,
2378 4678 2621 4739 tempore
2671 4671 2918 4740 proxime
2964 4682 3295 4742 postremam

1724 4763 1870 4818 illam
1905 4763 2207 4833 excipiente
2244 4763 2517 4817 vixerunt.
2547 4761 2756 4832 Quippe
2801 4764 2967 4819 huius
2995 4764 3115 4819 illos
3140 4764 3298 4819 fama:

1793 4953 1869 5017 (9)
1934 4951 2182 5016 Γένεσις
2236 4947 2322 5003 δέ.
2386 4947 2668 5002 Platonem
2721 4948 2945 5003 consule
2996 4948 3053 5002 in
3105 4948 3293 5003 eodem

1721 5020 2257 5101 Poljt‘icojApag._I7.‘3:
2287 5019 2537 5101 Ficini.ﬂ_
2578 5091 2590 5101 .
2732 5088 2765 5101 ,Δ
3176 5089 3188 5101 ι
3225 5090 3235 5100 .

1790 5095 1902 5163 (it);
1944 5089 2156 5146 Ὄτίτὸ
2182 5090 2316 5163 μέν,
2349 5102 2451 5145 etc.
2479 5091 2701 5146 Ficinus
2732 5089 2804 5142 ita
2834 5090 3016 5155 vertit,
3047 5089 3188 5163 quod
3219 5090 3292 5141 1'!-

1719 5160 1806 5217 lt's'
1837 5160 2154 5234 te'mporibus
2189 5162 2324 5215 nihil
2358 5178 2517 5232 genus
2560 5164 2657 5214 hoc
2688 5175 2751 5213 ex
2785 5176 2893 5214 sese
2927 5160 3290 5229 propagabat,

1718 5236 2360 5312 verser-Bteelisapls-
2574 5304 2615 5312 --
2781 5305 2793 5312 .
2933 5300 3041 5312 κ..

1790 5306 1900 5375 (Η)
1946 5305 2013 5371 Τὸ
2041 5304 2107 5357 δὲ
2136 5300 2403 5374 γηγενές,
2431 5312 2534 5358 etc.
2574 5304 2694 5362 Haec
2725 5305 2885 5360 etiam
2933 5300 3154 5356 Ficinus
3194 5300 3292 5355 obs

1717 5378 1932 5432 scurius
1964 5394 1977 5427 :
2015 5375 2169 5449 Quod
2194 5384 2379 5449 autem
2413 5376 2631 5439 dicitur,
2666 5377 2973 5449 quandoque
3005 5388 3163 5441 genus
3203 5388 3290 5423 or-

1718 5461 1827 5500 tum
1854 5462 1918 5500 ea:
1954 5456 2093 5499 terra
2127 5446 2311 5517 fuisse,
2332 5446 2427 5497 hoc
2453 5463 2513 5498 ea
2546 5445 2851 5517 tempestate
2882 5445 2982 5513 fuit
3014 5458 3196 5494 rursus
3225 5456 3290 5493 ea:

1720 5528 1861 5572 terra
1906 5532 2229 5571 conversum.
2282 5515 2421 5582 Quid
2463 5517 2608 5570 enim
2644 5515 2762 5582 est,
2815 5530 3007 5570 rursus
3051 5528 3117 5567 ex
3145 5522 3288 5565 terra

1716 5588 1997 5645 converti?

1788 5659 1900 5729 (12)
1957 5654 2320 5725 Τελευτώσῃ.
2380 5654 2456 5709 Ita
2487 5666 2649 5729 (recte
2694 5654 2851 5710 Plato
2893 5663 2947 5709 et
3004 5668 3285 5708 manuscr.

1716 5725 1932 5786 Editum
1957 5728 2397 5805 pessimelueiat
2427 5725 2731 5805 τελευτῶσι.
2812 5795 2860 5805 __
2896 5795 2930 5805 __
3070 5803 3077 5805 _
3145 5793 3156 5805 .
3238 5792 3251 5805 ,

1786 5802 1897 5874 (15)
1942 5795 2279 5866 Τελευταίᾳ.
2311 5797 2488 5867 Plato,
2517 5798 2777 5869 προτέρᾳ.
2812 5795 3004 5851 Melius
3032 5803 3084 5850 et
3115 5795 3285 5863 signi.
