3840 6370
570 340 680 396 95ἶί
733 341 752 360 ’⁵

1244 333 1511 391 EUSEBII
1555 326 2033 388 CA‘ZSARIENSIS
2074 325 2224 381 ΟΡΡ.
2271 323 2452 378 PARS
2493 323 2554 378 ll.
2599 355 2666 364 --
2699 320 3196 377 APOLOGETlCA.
3652 325 3726 378 ειδι

570 467 851 527 praecones
885 453 1198 514 habuimus,
1245 451 1331 506 cui
1363 449 1497 503 ﬁdes
1526 447 1708 510 hodie,
1739 455 1943 500 temere
1974 442 2139 498 nimis

2253 439 2449 493 πολλῶν
2495 439 2593 492 οὐκ
2645 439 2821 508 ὀρθῶς
2870 435 3239 491 ἀπιστοῦνται.
3289 433 3359 486 Τὸ
3391 433 3488 505 γὰρ
3523 433 3729 499 ἐντεῦθεν,

571 565 635 604 ac
673 547 864 602 leviter
897 561 924 600 a
967 545 1240 614 plerisque
1283 541 1605 598 detrahitur.
1654 537 1788 592 Nam
1819 537 1964 606 quod
2016 535 2142 590 inde

571 653 913 710 consequens
943 648 1046 702 est,
1074 636 1179 691 hoc
1209 636 1263 689 in
1297 633 1487 704 primis
1518 631 1753 702 cogitare
1782 645 1882 684 nos
1908 637 2138 698 oportet.

569 731 724 799 Quod
770 729 916 785 enim
959 741 1252 799 puerorum
1298 725 1352 779 in
1386 732 1635 778 naturam
1671 736 1831 775 senes
1884 719 2141 783 redeant,

570 826 701 881 huic
734 838 862 878 vero
900 821 1180 877 cohaerens
1208 826 1262 872 et
1292 815 1451 871 alline
1478 823 1582 878 est,
1617 821 1679 868 ut
1707 810 2048 868 ex-mortuis
2081 825 2145 864 ac

569 922 714 966 terra
742 907 1102 979 consepultis,
1134 906 1503 961 coalescentes
1527 904 1707 958 denuo
1731 901 2146 956 reviviscentes-

570 1021 676 1073 que
725 1003 1020 1066 nonnulli,
1076 1015 1276 1056 novam
1334 997 1748 1054 conversionem
1804 1003 2142 1064 sequantur,

571 1110 697 1152 ortu
729 1097 893 1152 simul
926 1095 1044 1166 ipso
1087 1091 1425 1149 contrarium
1458 1089 1510 1142 in
1539 1089 1726 1143 orbem
1757 1086 2004 1140 revoluto
2031 1103 2044 1138 :
2082 1099 2147 1139 ac

569 1191 816 1260 proinde,
851 1189 996 1261 quod
1029 1188 1177 1242 hunc
1213 1186 1267 1240 in
1300 1187 1522 1238 modum
1553 1198 1619 1236 ex
1649 1189 1794 1235 terra
1823 1179 1926 1234 sati
1963 1191 2148 1232 neces-

571 1285 719 1339 sario
750 1283 1032 1353 prodeant,
1063 1281 1143 1336 sic
1164 1281 1329 1332 etiam
1357 1275 1574 1329 nomine
1599 1273 1764 1329 simul
1793 1281 1846 1326 et
1869 1267 2147 1325 communi

573 1377 854 1432 hominum
874 1391 1126 1432 sermone
1145 1374 1778 1444 appellentur,quotquot
1800 1381 1866 1421 ex
1895 1365 1962 1420 iis
1985 1365 2144 1418 aliam

571 1472 626 1526 in
659 1481 858 1527 sortem
889 1469 999 1525 Deo
1024 1468 1388 1524 transcribere
1409 1481 1514 1530 non
1540 1461 1761 1533 placuit.
1785 1459 1901 1514 Hoc
1927 1458 2146 1528 quidem

570 1579 636 1618 ex
667 1561 1040 1633 superioribus
1064 1561 1290 1617 omnino
1317 1557 1583 1628 sequitur.
1617 1553 1794 1616 ilTum
1826 1564 2149 1622 progressus

569 1658 736 1711 etiam
770 1656 1019 1720 ulterius,
1047 1654 1113 1708 de
1141 1667 1396 1722 supremo
1425 1646 1768 1706 munditiae,
1796 1643 2146 1698 llebrzeorum

571 1746 836 1803 doctrinae
868 1745 1084 1816 gemina
1117 1742 1550 1813 philosophatur,
1589 1737 1735 1790 hunc
1764 1736 1818 1790 in
1852 1733 2094 1788 modum.

1025 1857 1184 1928 532
1213 1851 1442 1909 CAPUT
1468 1849 1710 1905 xxxrv.

1003 1950 1077 2004 De
1103 1964 1345 2018 supremo
1378 1945 1560 1999 mundi
1599 1945 1723 2014 ﬁne.

649 2065 667 2096 ι
689 2044 1048 2114 Posteaquam
1080 2041 1224 2096 enim
1253 2041 1482 2095 istorum
1516 2038 1760 2092 omnium
1783 2046 1995 2106 tempus
2019 2048 2146 2089 exa-

569 2146 721 2193 ctum
767 2145 942 2198 esset,
993 2149 1117 2188 cum
1168 2132 1389 2187 evenire
1438 2129 1798 2184 mutationem
1849 2137 2144 2197 oporteret,

568 2231 793 2300 jamque
826 2229 964 2284 adeo
1012 2238 1286 2282 terrenum
1337 2241 1507 2296 genus
1542 2223 1857 2277 universum
1905 2220 2148 2274 funditus

573 2320 906 2374 exhaustum
934 2326 1081 2374 esset
1107 2335 1120 2371 :
1155 2318 1355 2388 quippe
1381 2315 1526 2385 quod
1561 2329 1690 2368 suas
1713 2327 1901 2367 omnes
1933 2311 2147 2365 animus

571 2413 803 2484 quilibet
845 2411 1224 2479 generationes
1258 2416 1743 2479 repraesentaverat
1775 2421 1899 2461 cum
1953 2406 2008 2459 in
2041 2413 2149 2458 ter-

573 2521 690 2560 ram
720 2505 982 2574 imperata
1006 2501 1108 2556 sibi
1133 2501 1368 2571 quisque
1396 2497 1605 2554 semina
1634 2495 1969 2567 profudisset
1992 2509 2008 2548 :
2032 2503 2146 2548 tum

572 2612 704 2651 vero
731 2595 975 2651 universi
1015 2593 1340 2657 Moderator,
1369 2591 1450 2644 sic
1488 2596 1749 2658 tanquam
1795 2586 2148 2658 gubernaculi

576 2689 804 2746 dimisso
836 2689 1012 2749 clavo,
1049 2701 1172 2741 sese
1202 2683 1460 2752 deinceps
1488 2681 1557 2737 ad
1584 2680 1669 2737 sui
1707 2680 1880 2750 ipsius
1908 2688 2150 2733 contem-

574 2783 876 2854 plationem
913 2779 1135 2849 recepit,
1171 2777 1450 2846 fatrumque
1473 2789 1668 2829 rursus
1702 2772 1973 2842 insitaque
1997 2769 2151 2839 cupi-

570 2876 716 2931 .ll'as
765 2873 1032 2928 mundum
1075 2885 1297 2926 versare
1328 2869 1513 2938 erepit.
1549 2865 1691 2937 Ergo
1717 2864 1898 2920 caeteri
1931 2877 2150 2932 quoque

570 2967 669 3032 dit,
711 2981 928 3023 summo
957 2979 1080 3018 cum
1109 2949 1344 3017 Numine
1387 2959 1503 3016 suis
1533 2957 1738 3029 quique
1788 2953 2027 3026 praefecti
2063 2967 2149 3007 re-

573 3060 853 3130 gionihus,
901 3058 996 3112 ubi
1044 3071 1158 3110 rem
1192 3053 1609 3116 intellexissent,
1657 3058 1841 3120 partes
1890 3047 2150 3103 continuo

582 3167 731 3209 cura!
785 3166 900 3206 sua:
967 3149 1204 3204 creditas
1256 3145 1614 3214 reliquerunt.
1673 3141 1864 3211 Itaque
1912 3138 2150 3193 mundus
2179 3146 2223 3202 (ι

575 3261 716 3300 nova
749 3259 935 3300 secum
963 3243 1078 3311 ipse
1107 3237 1463 3294 conversione
1487 3240 1900 3296 concurrens,et
1925 3237 2147 3285 contra-

573 3340 660 3395 rio
696 3335 951 3408 principii
981 3333 1144 3389 simul
1177 3346 1240 3386 ac
1279 3329 1404 3383 linis
1452 3327 1655 3395 impetu
1687 3324 1945 3394 agitatus,
1990 3320 2152 3374 vehe-

575 3429 848 3486 mentiore
871 3427 956 3482 sui
985 3426 1159 3495 ipsius
1182 3421 1565 3481 concussione,
1590 3417 1753 3472 aliam
1775 3415 1954 3468 denuo
1971 3411 2151 3481 generi

574 3521 936 3578 animantium
969 3517 1118 3573 omni
1141 3523 1349 3587 pestem
1372 3510 1595 3567 creavit.
1628 3507 1776 3573 lude,
1799 3506 1950 3575 justo
1971 3503 2155 3572 aliquo

576 3611 838 3683 temporis
871 3607 1176 3672 intervallo,
1207 3605 1275 3660 ab
1291 3603 1441 3659 omni
1466 3603 1578 3673 jam
1596 3598 1852 3660 tumultu,
1873 3594 2158 3666 perturba-

577 3708 726 3760 tione
746 3711 800 3758 et.
821 3701 1175 3774 quassatione
1194 3704 1499 3762 recreatus,
1534 3708 1666 3765 pace
1689 3707 1752 3746 ac
1769 3688 2159 3759 tranquillitate

576 3798 923 3863 succedente,
941 3795 1162 3852 solitum
1185 3793 1252 3847 ad
1289 3805 1510 3847 cursum
1542 3789 1689 3843 illico
1710 3799 1831 3841 sese
1856 3779 2154 3840 revocavit,

577 3891 770 3960 suique
786 3889 987 3958 pariter
1015 3901 1081 3943 ac
1108 3900 1291 3942 rerum
1315 3899 1452 3954 quas
1481 3880 1689 3936 ambitu
1721 3891 1823 3933 suo
1843 3874 2156 3931 continebat

579 3981 825 4037 omnium
876 3976 1401 4034 administrationem
1428 3983 1483 4030 et
1510 3971 1798 4042 imperium
1834 3982 1997 4036 capes
2015 3965 2104 4020 sit.
2131 3984 2150 4018 ›

579 4071 835 4142 Idemque
865 4070 1055 4141 paucis
1081 4067 1416 4137 interjcctis:
1450 4082 1470 4117 ι
1516 4060 1903 4130 Quamobrem,
1959 4057 2154 4126 inquit,

579 4164 723 4219 Deus
765 4163 873 4227 ille,
910 4161 1004 4233 qui
1057 4176 1181 4216 eum
1238 4165 1306 4215 ab
1346 4157 1504 4212 initio
1554 4162 1666 4208 tam
1692 4149 1926 4222 eleganti
1961 4147 2154 4202 ordine

577 4255 898 4327 digesserat,
913 4264 973 4308 ut
996 4262 1277 4308 nutantem
1302 4250 1479 4320 ipsum
1499 4246 1963 4312 ﬂuctuantemque
1988 4239 2152 4304 videt,

578 4355 919 4420 peramanter
944 4359 1161 4411 cavens,
1203 4359 1270 4399 ne
1295 4343 1397 4398 hac
1417 4346 1734 4409 tempestate
1767 4351 1832 4390 ac
1863 4332 2148 4404 perturba-

577 4445 726 4498 tione
756 4441 1076 4511 dissipatus,
1110 4438 1379 4492 immensa
1418 4431 1654 4503 quadam
1687 4423 2152 4483 dissimilitudinis

2242 527 2416 602 οἶμαι,
2443 530 2549 602 χρὴ
2581 529 2832 594 ξυννοείν.
2873 527 3159 599 Ἐχόμενον
3192 525 3284 596 μὲν
3311 524 3416 595 γάρ
3442 526 3540 576 ἐστι
3566 525 3626 594 τῷ
3642 530 3732 591 τοὺς

2245 622 2556 694 πρεσϐύτας
2597 622 2690 674 ἐπὶ
2730 622 2830 693 τὴν
2859 620 2951 674 τοῦ
2987 619 3177 682 παιδὸς
3231 617 3360 670 ἰέναι
3377 615 3538 685 φύσιν,
3572 618 3624 669 ὲκ
3656 618 3733 670 τῶν

2243 714 2700 787 τετελευτηκότων
2721 710 2810 777 αὖ,
2829 713 3095 785 κειμένων
3113 711 3156 764 δ’
3176 713 3232 764 ὲν
3257 712 3348 780 γῇ,
3366 710 3510 762 πάλιν
3529 712 3624 762 ἐκεῖ
3645 727 3734 761 συν.

2247 809 2565 882 ισταμένους
2590 810 2684 864 καὶ
2705 806 3232 878 ἁναϐιωσκομένους,
3263 803 3480 864 ἕπεσθαι
3514 806 3572 874 τῇ
3589 807 3734 874 τροπῇ,

2246 899 2820 969 ξυνανακυκλουμένης
2861 899 2941 961 είς
2985 895 3243 950 τάναντία
3273 894 3370 964 τῆς
3391 892 3645 961 γενέσεως·
3672 895 3738 944 καὶ

2247 995 2497 1063 γηγενεῖς
2524 992 2581 1045 δὲ
2610 991 2750 1046 κατὰ
2769 989 2960 1044 τοῦτον
2995 988 3084 1044 τὸν
3111 988 3308 1060 τρόπον
3337 985 3393 1050 ἐξ
3417 986 3628 1055 ἀνάγκης
3648 1003 3737 1054 φυο-

2251 1088 2463 1159 μένους,
2511 1084 2683 1147 οὓτως
2739 1083 2882 1154 ἔχειν
2923 1080 3162 1152 τοῦνομα
3194 1080 3286 1133 καὶ
3321 1078 3408 1131 τὸν
3448 1077 3600 1145 λόγον,
3625 1077 3738 1141 ὅσους

2253 1181 2326 1252 μὴ
2360 1179 2491 1242 Θεὸς
2517 1176 2695 1230 αὐτῶν
2734 1176 2813 1239 εἰς
2843 1174 3006 1245 ἀλλην
3028 1175 3235 1244 μοῖραν
3274 1171 3485 1241 ἐκόμισε
3529 1168 3637 1239 (14).
3668 1171 3739 1222 Κο-

2253 1269 2382 1342 μιδῆ
2411 1271 2505 1340 μὲν
2531 1265 2621 1322 οὖν
2656 1265 2814 1320 τοῦτό
2853 1284 2917 1336 γε
2954 1266 3144 1319 ἕπεται
3171 1267 3279 1326 τοῖς
3310 1261 3604 1334 ἔμπροσθεν.
3633 1257 3737 1314 »Εἶτ’

2250 1358 2320 1416 αὖ
2343 1363 2501 1416 πάλιν
2519 1361 2645 1431 ἑξῆς
2666 1358 2892 1432 προῖὼν,
2914 1358 2984 1412 τὰ
2997 1359 3158 1430 ὅμοια
3171 1359 3283 1420 τοῖς
3305 1354 3550 1426 Ἑϐραίων
3569 1353 3739 1422 δόγματι

2251 1455 2380 1526 περὶ
2415 1454 2514 1525 τῆς
2555 1452 2650 1506 τοῦ
2695 1451 2898 1522 κόσμου
2935 1448 3241 1512 συντελείας
3270 1446 3451 1501 τοῦτον
3474 1445 3656 1511 διέξεισι
3678 1445 3740 1496 τὸν

2249 1545 2471 1618 τρόπον.

2757 1828 3152 1883 ΚΕΦΑΛΑῙΟΝ
3196 1829 3317 1880 ΛΔ¹.

2553 1922 2692 1991 Περὶ
2725 1922 3082 1986 συντελείας
3115 1920 3222 1974 τοῦ
3267 1920 3509 1988 κόσμου.

2325 2036 2344 2068 ι
2368 2015 2583 2086 Ἐπειδὴ
2615 2015 2724 2086 (15)
2750 2013 2859 2086 γὰρ
2889 2013 3106 2068 πάντων
3135 2012 3344 2066 τούτων
3371 2010 3545 2081 χρόνος
3571 2007 3742 2062 ἐτελειώ-

2247 2110 2336 2182 θη,
2354 2111 2447 2164 καὶ
2475 2108 2774 2181 μεταϐολὴν
2803 2108 2908 2161 ἔδει
2930 2106 3200 2177 γενέσθαι,
3233 2105 3331 2159 καὶ
3350 2105 3412 2176 δὴ
3433 2106 3520 2159 καὶ
3544 2108 3594 2157 τὸ
3616 2106 3743 2174 γήϊνον

2249 2203 2348 2274 ήδη
2401 2203 2509 2256 πᾶν
2549 2201 2793 2273 ἀνήλωτο
2819 2201 2993 2270 γένος,
3019 2200 3199 2264 πάσας
3251 2197 3484 2270 ἑκάστης
3513 2198 3596 2268 τῆς
3621 2196 3743 2266 ψυχῆς

2247 2297 2344 2359 τὰς
2360 2295 2604 2364 γενέσεις
2620 2292 3028 2355 ἀποδεδοκυίας,
3045 2292 3249 2344 κα“ιὸσα
3275 2286 3344 2361 ἦν
3374 2291 3560 2360 ἑκάστῃ
3575 2305 3744 2360 προσαχ-

2251 2387 2414 2440 θέντα
2433 2386 2568 2457 (16),
2585 2384 2820 2440 τοσαῦτα
2842 2385 2922 2446 είς
2941 2385 3044 2453 γῆν
3069 2382 3365 2454 σπέρματα
3406 2379 3741 2450 πεσούσηςμη·

2248 2477 2369 2528 τότε
2413 2476 2476 2546 δὴ
2509 2474 2603 2527 τοῦ
2639 2474 2838 2536 παντὸς
2863 2475 2892 2526 ὁ
2925 2473 3018 2543 μὲκ
3047 2471 3410 2542 κυϐερνήτης,
3431 2465 3512 2523 οἷα
3547 2467 3745 2538 πηδαλίωι

2250 2566 2435 2630 οἴακος
2466 2565 2758 2636 ἀφέμενος,
2798 2566 2877 2627 είς
2927 2564 3026 2634 τὴν
3063 2561 3228 2616 αὐτοῦ
3274 2561 3544 2633 περιωπήν
3569 2560 3744 2625 ἀπέστη·

2249 2659 2338 2711 τὸν
2368 2658 2425 2711 δὲ
2448 2657 2513 2728 δὴ
2540 2656 2742 2726 κόσμον
2772 2655 2932 2710 πάλιν
2961 2653 3293 2724 ἀνέστρεφεν
3320 2653 3599 2725 εἱμαρμένη
3626 2668 3668 2703 τε
3689 2652 3748 2702 καὶ

2251 2748 2527 2820 ξύμφυτος
2555 2747 2836 2818 ἐπιθυμία.
2865 2747 3074 2810 Πάντες
3099 2741 3191 2799 οὖν
3218 2747 3268 2799 οἱ
3293 2744 3432 2799 κατά
3457 2744 3749 2808 τοὺςδτότους

2253 2839 2606 2913 ξυνάρχοντες
2635 2839 2712 2910 τῷ
2745 2839 2986 2910 μεγίστῳ
3006 2837 3219 2909 δαίμονι
3241 2837 3379 2902 θεοὶ,
3411 2838 3603 2906 γνόντες
3621 2835 3694 2906 ήδη
3710 2835 3748 2884 τὸ

2250 2935 2588 3006 γιγνόμενον,
2639 2933 2868 3002 ἀφίεσαν
2924 2925 2992 2984 αὖ
3051 2930 3121 2984 τὰ
3176 2929 3320 3000 μέρη
3368 2926 3459 2981 τοῦ
3500 2926 3667 2995 κόσμου
3685 2923 3748 2991 τῆς

2253 3027 2433 3082 αὐτῶν
2467 3026 2803 3098 ἐπιμελείας.
2850 3026 2909 3078 '0
2933 3023 3011 3087 δὲ,
3050 3021 3546 3095 μεταστρεφόμενος
3564 3019 3638 3071 καὶ
3661 3015 3750 3084 {rap-

2256 3121 2495 3187 ϐάλλων,
2535 3119 2711 3192 ἀρχῆς
2771 3135 2831 3171 τε
2891 3116 2986 3171 καὶ
3052 3115 3312 3185 τελευτῆς
3371 3112 3594 3168 ἐναντίαν
3629 3109 3749 3178 ὁρμὴν

2260 3213 2540 3286 ὁρμηθεὶς,
2574 3211 2797 3282 σεισμὸν
2841 3209 3010 3263 πολὺν
3053 3209 3110 3261 ἐν
3145 3207 3327 3278 ἑαυτῷ
3359 3207 3534 3269 ποιῶν.
3558 3204 3685 3273 ἀλλην
3707 3195 3748 3252 αὖ

2262 3303 2467 3378 φθορὰν
2493 3303 2647 3369 ζώων
2675 3301 2942 3356 παντοίων
2972 3300 3367 3372 ἀπειργάσατο.
3391 3299 3534 3354 Μετά
3554 3296 3600 3349 δὲ
3619 3293 3748 3354 ταῦτα,

2261 3397 2613 3471 προελθόντος
2647 3393 2833 3448 ἰκανοῦ
2867 3392 3083 3464 χρόνου,
3119 3391 3354 3464 θορύϐου
3387 3409 3443 3444 τε
3474 3391 3556 3443 καὶ
3579 3384 3750 3458 ταραχῆς

2260 3491 2362 3562 ήδη
2392 3489 2715 3560 παυόμενος,
2751 3486 2846 3540 καὶ
2873 3484 2981 3538 τῶν
3013 3483 3276 3554 σεισμῶν,
3307 3482 3537 3554 γαλήνης
3571 3473 3749 3531 ἐπιλεῶ-

2264 3601 2442 3656 μενος,
2465 3583 2543 3646 είς
2583 3599 2642 3635 τε
2679 3580 2769 3634 τὸν
2811 3577 3040 3632 εἰωθότα
3079 3577 3278 3649 δρόμον
3322 3576 3413 3629 τὸν
3453 3571 3618 3627 ἑαυτοῦ
3639 3585 3750 3622 κατι·

2259 3674 2630 3746 κοσμούμενος
2662 3673 2768 3744 ᾔει,
2805 3671 3122 3735 ἐπιμέλειαν
3146 3669 3242 3722 καὶ
3273 3669 3470 3740 κράτος
3495 3664 3610 3735 ἔχων
3643 3659 3749 3716 αὐτὸς

2257 3767 2366 3820 τῶν
2396 3769 2454 3819 ὲν
2477 3765 2624 3836 αὐτῷ
2649 3781 2710 3817 τε
2739 3764 2833 3817 καὶ
2860 3760 3073 3815 ἑαυτοῦ.
3115 3778 3134 3811 ι
3189 3760 3305 3814 Καὶ
3358 3759 3488 3830 μετὰ
3518 3753 3678 3827 βραχέα
3706 3743 3749 3801 c3

2260 3879 2393 3933 φησι
2416 3876 2430 3889 °
2463 3881 2480 3908 ι
2515 3857 2606 3910 Διὸ
2630 3857 2693 3928 δὴ
2727 3856 2820 3909 καὶ
2846 3853 2955 3907 τότ’
2994 3853 3095 3924 ’ήδη
3126 3850 3257 3915 Θεὸς
3291 3853 3322 3904 ὁ
3351 3851 3603 3921 κοσμήσας
3624 3842 3746 3897 αὐτὸν.

2260 3952 2505 4024 καθορῶν
2531 3952 2589 4002 ὲν
2619 3947 2870 4019 ἀπορίαις
2893 3946 3042 4008 ὄντα,
3073 3943 3372 4015 κηδόμενος
3399 3944 3482 3995 ῖνιι
3517 3941 3595 4012 μὴ,
3614 3951 3747 4008 χειμε-

2261 4045 2426 4109 σθεὶς,
2453 4043 2558 4096 ὑπὸ
2589 4039 2832 4113 ταραχῆς
2857 4036 3145 4104 διαλυθεὶς,
3175 4038 3255 4099 εἰς
3282 4035 3376 4088 τὸν
3397 4035 3493 4104 τῆς
3519 4029 3748 4101 ἀνομοιότηο

2255 4157 2346 4204 τος
2363 4137 2589 4207 ἄπειρον
2613 4133 2743 4186 ὄντα
2770 4131 2934 4188 τόπον
2956 4129 3075 4203 δύῃ,
3108 4129 3269 4182 πάλιν
3300 4128 3512 4200 ἔφεδρος
3539 4119 3668 4178 αὑτοῦ
3681 4117 3748 4170 τῶν

2258 4228 2531 4302 πηδαλίων
2567 4225 2876 4296 γενόμενος,
2914 4222 2982 4276 τὰ
3014 4223 3320 4294 νοσήσαντα
3373 4221 3462 4274 καὶ
3491 4216 3674 4270 λυθέντα
3712 4210 3748 4258 ἐν

2254 4326 2319 4395 τῇ
2343 4319 2460 4375 κατ’
2481 4317 2640 4372 αὑτὸν
2655 4315 2765 4388 (18)
2784 4313 3022 4387 προτέρᾳ
3041 4313 3276 4384 περιόδῳ
3305 4311 3545 4384 στρέψας,
3557 4303 3702 4374 κωμεί
3711 4314 3747 4350 τε

2256 4418 2353 4472 καὶ
2373 4413 2683 4472 ἐπανελθὼν
2698 4413 2806 4486 (19)
2823 4411 3087 4466 ἀθάνατον
3109 4410 3272 4465 αὐτὸν
3303 4409 3399 4463 κα)⁵
3423 4407 3616 4478 ἀγήρων
3635 4402 3748 4464 ἅπερ

578 4533 840 4606 voragine
893 4531 1196 4597 hauriatur,
1225 4529 1452 4600 receptis
1481 4525 1601 4597 ejus
1645 4523 1842 4578 iterum
1884 4519 2148 4592 guberna-

2257 4509 2504 4581 γάζεται.
2524 4507 2695 4561 Τοῦτο
2725 4506 2820 4578 μὲν
2845 4503 2995 4567 τέλος
3021 4502 3236 4557 πάντων
3264 4502 3488 4573 εἴρηται.
3529 4518 3543 4548 ι

618 4580 839 4606 ν--ο-η-
893 4580 1196 4597 --π---η---ν
1225 4580 1446 4600 nn.”
1497 4580 1528 4597 ν.
1884 4580 1913 4592 ν
2275 4580 2279 4581 ν

607 4627 738 4691 ulis,
765 4641 938 4698 aegras
965 4626 1292 4694 luxatasque
1317 4631 1497 4692 partes
1521 4618 1586 4672 ad
1612 4617 1924 4671 institutum
1955 4611 2053 4666 abs
2083 4622 2202 4664 sese
2221 4601 2600 4660 conversionis
2621 4599 2808 4654 orbem
2842 4604 3081 4659 revocat,
3106 4603 3268 4665 atque
3291 4593 3436 4649 omni
3466 4602 3622 4645 errore
3639 4580 3749 4638 casti‘

612 4677 738 4691 ----.
767 4677 934 4698 "aw—
968 4677 1175 4680 ---η-π-
1199 4677 1219 4694 ι
1317 4677 1333 4692 .

579 4730 725 4792 gato,
757 4735 917 4776 suum
970 4720 1072 4789 ipsi
1109 4725 1361 4773 ornatum
1394 4712 1652 4778 restituit,
1671 4719 1724 4765 et
1746 4705 2109 4763 immortalem
2133 4713 2259 4756 eum
2282 4697 2558 4766 deinceps,
2583 4708 2647 4748 ac
2667 4690 2966 4748 senectutis
3001 4697 3276 4760 expertem
3306 4702 3428 4742 esse
3457 4683 3608 4754 jubet.
3629 4677 3747 4742 Atque

581 4815 668 4871 hic
695 4832 877 4870 rerum
898 4815 1023 4870 ﬁnis
1052 4815 1294 4868 omnium
1327 4810 1624 4881 appellatus
1655 4816 1756 4863 est.
1796 4825 1814 4858 ι

1134 4906 1361 4964 CAPUT
1391 4905 1612 4960 Χλχν.

584 4998 822 5054 Mortuo:
837 4995 1363 5070 quosdamreuixisse
1385 4991 1545 5045 Plato
1561 4989 1765 5070 scribit,
1785 5001 1902 5039 cum
1920 4982 1966 5036 Η
1973 4981 2155 5037 ebrwis

863 5071 959 5123 hoc
991 5071 1150 5122 etiam
1183 5069 1236 5119 in
1269 5079 1450 5136 genere
1479 5061 1830 5116 consentiens.

664 5161 862 5232 tAtqui
892 5159 1117 5223 nullius,
1145 5158 1389 5226 inquam,
1427 5154 1529 5208 ista
1555 5151 1641 5205 vel
1672 5147 1881 5203 numeri
1917 5145 2048 5209 sint,
2073 5142 2158 5198 vel

654 5290 682 5320 ι
709 5277 868 5332 Forte
889 5275 992 5330 del.
1029 5272 1172 5336 τούς.

586 5395 856 5452 ficantius.
904 5394 1035 5461 Quae
1067 5392 1228 5446 verba
1267 5388 1364 5461 sic;
1393 5386 1645 5449 Ficinus,
1694 5383 1800 5461 qui.
1819 5381 2002 5435 statim
2032 5386 2150 5461 post

585 5451 1222 5532 primamreuolutionem
1262 5459 1366 5513 orti
1399 5466 1542 5532 Quit,
1573 5469 1682 5525 quo
1707 5451 1872 5508 unico
1909 5451 2153 5504 membro

587 5527 771 5593 Graeca
796 5539 904 5593 duo
930 5535 1247 5605 complexus
1272 5539 1376 5586 est.
1402 5527 1515 5600 Ego
1537 5537 1827 5594 utrumque
1849 5533 2152 5592 exprimere

588 5621 709 5660 sum
741 5618 987 5664 conatus.

661 5680 771 5752 (11)
811 5676 1302 5752 Ριιιιοηὲκόσμησε.

660 5729 770 5820 iis};
813 5729 1075 5820 733555.
1112 5729 1264 5820 15mg
1282 5745 1342 5820 Διη
1371 5742 1560 5800 eodem
1587 5738 1841 5806 Politico,
1868 5749 1994 5807 pag.
2029 5729 2153 5788 176.

663 5814 771 5883 (l6)
811 5819 984 5884 Plato,
1025 5814 1418 5885 προσαχθέντα.

2780 4872 3173 4930 ΚΕΦΔΛΑΙΟΝ
3217 4871 3340 4923 ΛΕ’.
3714 4944 3728 4954 .

2279 4980 2375 5045 Ὠς
2399 4973 2499 5030 καὶ
2522 4969 2778 5045 νεκροὺς
2795 4965 3100 5045 myttme
3125 4966 3158 5018 ὁ
3186 4961 3436 5045 Iphiton:
3470 4955 3646 5026 ὁμοίως
3669 4964 3746 5008 τας

2663 5044 2677 5061 '
2697 5030 3188 5108 Εϐράίῶνίλόγοις
3213 5030 3445 5099 ἱστορεῖ.

2344 5161 2362 5192 ι
2385 5138 2571 5194 Ταῦτα
2582 5130 2906 5204 τοίνυνβθ),
2922 5125 3044 5184 ὗνδ⁹
3067 5125 3197 5196 ἐγὼ,
3215 5124 3363 5178 οὐδέν
3383 5105 3745 5188 ἐστιπλήθειοῦδέ

2337 5386 2450 5455 (17)
2494 5380 2825 5455 Πεοζούσης.
2870 5373 3058 5455 Active
3089 5367 3354 5437 sumpsit,
3396 5377 3486 5434 pro
3515 5353 3742 5429 βαλούσης.

2265 5447 2390 5513 raro
2419 5447 2710 5510 admodum
2741 5447 3009 5514 exemplo.

2338 5528 2448 5599 (18)
2488 5523 2661 5599 Plato,
2696 5519 2816 5599 καθ’
2842 5515 3028 5599 αὐτόν.

2337 5585 2450 5668 (19)
2495 5585 2664 5668 l'la_lo,
2701 5585 3036 5668 ἐπανορθῶχ.

2705 5640 2944 5740 36M...
2967 5651 3455 5740 .Sequentiawlgges
3491 5640 3609 5715 apud
3634 5643 3743 5692 eum-

2267 5721 2389 5798 det‘n
2412 5721 2550 5793 1⁵181..
2577 5734 2673 5789 lib.
2697 5731 2772 5786 De
2801 5727 3000 5798 republ.
3025 5721 3089 5793 at,
3117 5739 3240 5794 pag.
3264 5721 3367 5778 ’518
