3840 6370
507 317 614 375 959

1150 319 1419 377 EUSEB-ll
1462 320 1943 378 CASSARIENSIS
1982 322 2131 379 OPP.
2175 324 2354 379 PARS
2393 324 2457 380 Η.
2499 355 2567 366 -—
2605 325 3110 382 APOLOGETICA.

3617 336 3703 390 912)

503 448 629 490 men
684 433 860 489 redire
900 433 1116 504 jussutn
1151 450 1301 504 esse,
1345 436 1591 508 adeoque
1634 439 1741 494 hoc
1788 455 1847 495 se
1892 441 2061 495 morbi

2197 442 2356 496 Ἀλλά
2399 443 2494 496 καὶ
2544 444 2732 507 κακῶς
2771 446 3067 516 ἀκηκοέναι
3109 447 3232 510 τοὺς
3269 448 3552 516 ἀγαγόντας
3584 455 3711 508 αὐτον

503 541 852 596 nequaquam
887 528 1104 596 penitus
1144 531 1493 586 moriturum.
1550 532 1861 588 Enimvero.
1899 549 1930 586 a
1961 535 2082 602 qui-

499 617 604 673 bus
637 618 907 673 abductus
939 618 1137 682 fuerat,
1171 636 1268 676 eos
1306 621 1516 676 domini
1550 623 1636 677 sui
1686 639 1820 678 voce
1847 625 2083 694 graviter

498 710 862 780 reprehensos
902 710 1090 766 fuisse.
1127 712 1339 783 Quippe
1365 714 1433 768 ad
1464 712 1743 769 Nieandan
1771 717 1925 771 missi
1955 732 2079 771 cum

498 799 754 863 fuissent,
791 801 860 854 ab
893 801 1000 856 illis
1029 802 1146 870 ejus
1175 819 1296 858 sese
1327 804 1448 858 loco
1480 815 1842 874 asportatum.
1879 805 2080 860 Nican-

497 890 596 946 das
622 902 803 945 autem
840 892 929 948 ille
976 895 1140 948 cerdo
1185 895 1406 964 quidam
1440 906 1583 960 erat,
1613 906 1866 951 caeterum
1898 914 1963 952 ex
2016 899 2082 954 iis

497 996 663 1046 unus,
692 984 786 1051 qui
835 983 1141 1052 palaestram
1175 985 1439 1050 terebant,
1484 987 1778 1057 multisque
1810 988 1970 1058 vulgo
2001 987 2080 1042 fa-

495 1074 727 1130 miliaris
775 1092 839 1131 ac
872 1087 1054 1132 notus.
1091 1077 1255 1150 564
1291 1078 1471 1146 Quare
1516 1080 1893 1137 adolescentes
1943 1081 2079 1151 jocis

494 1165 779 1221 hominem
806 1177 860 1222 et
886 1168 1130 1224 dieteriis
1167 1171 1532 1236 incessebant,
1567 1172 1724 1243 quasi
1750 1172 2075 1243 aufugisset,

493 1273 559 1313 ac
596 1259 795 1314 missos
826 1261 952 1315 inde
982 1253 1320 1332 apparitores
1351 1264 1709 1334 corrupisset.
1743 1266 1864 1334 Ipse
1893 1274 2074 1319 autem

493 1351 811 1405 conturbari
842 1353 1046 1421 palam,
1085 1369 1149 1408 ac
1180 1353 1556 1409 vehementius
1590 1355 1944 1420 commoveri,
1976 1355 2076 1408 do-

493 1460 595 1499 nec
625 1445 845 1499 tandem
879 1445 1016 1500 febri
1047 1460 1343 1515 oppressus
1375 1447 1516 1502 intra
1547 1447 1689 1502 diem
1723 1449 1944 1504 tertium
1988 1466 2076 1505 re-

490 1545 655 1606 pente
699 1537 949 1593 sublatus
995 1547 1100 1592 est.
1153 1539 1224 1592 At
1275 1539 1364 1594 hic
1403 1549 1591 1594 uoster
1621 1540 1744 1594 vita:
1788 1542 2032 1597 redditus
2059 1584 2073 1609 ,

489 1638 767 1698 superstes
815 1629 1114 1682 etiamnum
1165 1628 1396 1684 feliciter
1441 1640 1561 1696 est,
1593 1631 1868 1700 hospitum
1917 1634 2076 1688 nobis

489 1721 651 1790 longe
710 1720 1096 1774 suavissimus.
1141 1739 1159 1773 ι
1196 1719 1320 1775 Ηωο
1364 1735 1430 1775 eo
1475 1721 1677 1776 referre
1726 1721 1892 1786 volui,
1931 1723 2074 1793 quod

2185 535 2289 588 ὑπὸ
2328 533 2422 588 τοῦ
2453 536 2658 607 κυρίου.
2698 537 3058 607 Πεμφθέντας
3093 538 3201 610 γὰρ
3228 539 3317 591 ἐπὶ
3350 541 3612 605 Νικανδάν,
3640 547 3713 598 αὖε

2181 624 2273 677 τὸν
2311 625 2467 695 ἥκειν
2507 626 2620 679 ἀντ’
2664 627 2874 682 ἐκείνου
2919 627 3262 697 κομίζοντας.
3304 629 3360 682 Ὀ
3403 629 3455 685 δὲ
3492 632 3714 696 Νικανδίς

2180 713 2248 790 ἦν
2281 723 2630 793 σκυτοτόμος,
2654 723 2827 787 ἄλλως
2859 725 2914 778 δὲ
2939 727 3046 779 τῶν
3076 728 3133 778 ὲν
3164 727 3508 798 παλαίστραις
3537 733 3713 797 γεγονό-

2181 826 2308 874 των,
2340 813 2435 865 καὶ
2459 813 2670 878 πολλοῖς
2705 815 2960 886 συνήθης,
2982 816 3076 868 καὶ
3097 814 3386 887 γνώριμος.
3408 816 3551 870 Ὀθεν
3568 819 3609 870 οἱ
3628 835 3716 872 νεα-

2183 902 2377 968 νίσκοι,
2402 906 2737 976 προσιόντες,
2767 907 3046 962 ἔσκωπτον
3078 909 3239 962 αὐτὸν
3272 909 3346 973 ὡς
3373 911 3716 983 ἀποδεδρακότα

2182 995 2276 1048 καὶ
2299 996 2661 1068 διεφθαρκότα
2689 999 2815 1063 τοὺς
2849 999 3056 1054 ἐκεῖθεν
3077 1001 3377 1073 ὑπηρέτας.
3399 1004 3553 1067 Αὐτὸς
3575 1006 3716 1075 μέντοι

2180 1088 2337 1159 δῆλος
2363 1085 2431 1160 ἦν
2461 1089 2620 1156 εὐθὺς
2645 1090 3125 1164 ὑποθραπτόμενος
3147 1096 3241 1148 καὶ
3261 1095 3624 1166 δυσχεραίνωνσ
3650 1100 3717 1153 τέ-

2181 1180 2270 1243 λος
2293 1181 2350 1234 δὲ
2375 1182 2606 1252 πυρετοῦ
2652 1184 3070 1252 προσπεσόντος,
3103 1186 3359 1255 ἐξαίφνης
3397 1188 3607 1241 ἀπέθανε
3629 1207 3716 1262 τρι-

2181 1274 2347 1335 ταῖος.
2367 1268 2535 1337 Οὗτος
2551 1273 2610 1328 δὲ
2626 1275 2843 1342 ἀνεϐίω,
2863 1276 2958 1329 καὶ
2983 1275 3258 1348 περίεστιν
3275 1274 3333 1332 εὖ
3351 1296 3412 1346 γε
3432 1281 3601 1341 ποιῶν,
3617 1285 3714 1353 ἡμῖν

2181 1363 2347 1429 ξένων
2376 1366 2804 1431 ἐπιεικέστατος.
2845 1388 2863 1419 ι
2899 1369 3088 1423 Ταῦτά
3121 1388 3208 1440 μοι
3247 1372 3447 1424 κείσθω
3467 1372 3543 1426 διὰ
3571 1375 3622 1426 τὸ
3647 1374 3715 1427 καὶ

2181 1457 2238 1510 ὲν
2269 1459 2388 1519 ταῖς
2429 1457 2693 1529 Ἑϐραίων
2725 1460 2966 1531 Γραφαῖς
3007 1461 3217 1533 νεκρῶν
3250 1461 3562 1527 ἀναϐιώσεις
3590 1466 3712 1536 φέρε-

2181 1549 2324 1603 σθαι.
2373 1551 2525 1604 Ἐπεὶ
2578 1551 2635 1605 δὲ
2677 1552 2771 1604 καὶ
2800 1553 2904 1622 γῆν
2934 1569 3055 1606 τινα
3091 1556 3150 1607 ὲν
3191 1554 3534 1622 ὲπαγγελῖαις
3575 1557 3713 1626 μόνος

2175 1643 2290 1704 τοῖς
2323 1640 2592 1711 θεοφιλέσι
2640 1642 2962 1715 δοθήσεσθαι
3018 1645 3352 1717 περιέχουσι,
3396 1647 3526 1701 κατὰ
3561 1648 3612 1700 τὸ
3635 1649 3710 1717 φά-

2180 1751 2310 1787 σκον
2359 1734 2558 1804 λόγιον,
2614 1755 2632 1787 ι
2689 1737 2751 1788 Οί
2797 1736 2855 1789 δὲ
2904 1740 3101 1808 πραεῖς
3153 1739 3594 1811 κληρονομήσουσι
3641 1742 3712 1812 τὴν

490 1810 844 1867 Hebraeorum
899 1812 1096 1866 littera:
1163 1821 1410 1867 mortuos
1476 1813 1741 1882 quosdam
1810 1815 2061 1870 revixisse

2179 1827 2303 1897 γῆν·
2353 1846 2371 1878 ›
2407 1827 2610 1898 ταύτην
2656 1827 2713 1880 δὲ
2757 1828 3080 1898 ἐπουράνιον
3130 1831 3398 1903 ὑπάρχειν
3438 1831 3655 1901 διασαφεῖ
3693 1837 3712 1886 ό

490 1915 776 1960 testentur.
812 1904 932 1960 Jam
964 1921 1117 1973 vero,
1148 1907 1407 1976 quoniam
1444 1907 1575 1977 ipsae
1622 1923 1840 1978 quoque
1872 1918 2075 1962 terram

489 1999 788 2068 quamdam
822 1999 955 2052 solis
989 1998 1077 2061 iis,
1132 2015 1272 2068 quos
1305 1997 1448 2053 Deus
1495 2007 1659 2064 amet,
1700 2000 2023 2069 pollicentur
2061 2019 2075 2066 ;

487 2107 598 2160 quo
622 2101 829 2160 spectat
864 2092 991 2145 illud
1023 2092 1304 2145 oraculum
1337 2107 1350 2144 :
1390 2110 1408 2142 ι
1445 2091 1599 2146 Miles
1634 2102 1814 2147 autem
1845 2093 2078 2148 luet-edi“

486 2185 682 2238 tabunt
711 2193 912 2239 terram
949 2185 1016 2237 ⁸⁵.
1055 2204 1072 2236 ι
1112 2183 1262 2239 Hanc
1301 2199 1432 2239 vero
1461 2185 1736 2240 cmlestem
1771 2201 1893 2240 esse
1928 2187 2078 2240 locus

485 2278 575 2330 ille
606 2275 758 2330 Pauli
801 2276 1084 2331 declarat:
1129 2295 1147 2328 ι
1189 2276 1258 2330 At
1293 2277 1404 2340 illa,
1447 2292 1568 2346 quae
1604 2293 1822 2332 sursum
1862 2287 1944 2334 est
1979 2277 2070 2332 Je-

485 2367 745 2431 rusalem,
796 2368 965 2422 libera
1013 2376 1119 2434 est,
1165 2383 1284 2438 quae
1327 2379 1410 2422 est
1461 2380 1636 2422 mater
1679 2379 1865 2423 nostra
1915 2370 2003 2424 δ”.
2043 2390 2062 2422 ι

487 2459 745 2514 Eamdem
787 2476 851 2514 ex
887 2461 1157 2530 lapidibus
1206 2461 1460 2530 pretiosis
1489 2462 1777 2516 conflatam
1811 2478 1952 2528 esse,
1987 2463 2067 2516 al-

483 2552 721 2622 legorico
756 2568 916 2611 sensu
951 2553 1211 2621 propheta
1245 2553 1531 2624 significat,
1560 2553 1688 2607 dum
1727 2555 1804 2607 ait
1832 2573 1844 2607 :
1884 2573 1900 2604 ι
1932 2554 2070 2608 Ecce

482 2663 584 2717 ego
617 2648 932 2717 praeparatio
965 2646 1364 2701 carbunculum
1409 2645 1641 2715 lapidem
1681 2655 1855 2709 tuum,
1889 2655 1941 2699 ct
1973 2661 2071 2715 po-

481 2756 607 2794 nam
639 2742 1049 2812 propugnacula
1086 2751 1177 2796 tua
1204 2740 1456 2810 ijaspim,
1506 2749 1558 2793 et
1592 2739 1945 2792 fundamenta
1979 2749 2068 2792 tua

2177 1918 2401 1985 φάσκων
2441 1916 2618 1985 λόγος,
2665 1935 2681 1967 ι
2737 1915 2802 1969 Ἦ
2843 1916 2900 1970 δὲ
2954 1918 3067 1971 ἄνω
3104 1919 3458 1991 Ἰερουσαλὴμ
3505 1920 3711 1992 ἐλευθέρα

2173 2008 2342 2070 ἐστὶν,
2384 2009 2503 2077 ἥτις
2545 2008 2660 2059 ἐστὶ
2701 2008 2881 2079 μήτηρ
2920 2009 3096 2080 ἡμῶν,
3138 2029 3155 2060 ι
3185 2011 3212 2063 ὃ
3253 2027 3314 2063 τε
3357 2013 3614 2083 προφήτης
3638 2013 3710 2083 τὴν

2173 2100 2343 2171 αὐτὴν
2375 2100 2430 2153 δὲ
2467 2100 2670 2170 ταύτην
2711 2103 2775 2153 ἐκ
2813 2101 3121 2156 πολυτελῶν
3161 2105 3255 2157 καὶ
3281 2107 3473 2176 τιμίων
3505 2110 3709 2162 συνεστά·

2175 2210 2262 2245 ναι
2308 2192 2469 2245 λίθων
2517 2197 2574 2247 ἐν
2627 2193 2814 2265 τρόπῳ
2864 2195 3190 2267 ἀλληγορίας
3235 2198 3522 2254 αἰνίττεται
3549 2200 3707 2269 λέγων*

2183 2298 2201 2330 ι
2226 2280 2356 2333 Ἰδοὺ
2391 2280 2500 2348 ἐγὼ
2531 2281 2802 2351 έτοιμάζω
2836 2299 2916 2335 σοι
2941 2283 3188 2355 ἄνθρακα
3221 2286 3314 2339 τὸν
3339 2287 3480 2341 λίθον
3518 2308 3616 2351 σου,
3640 2294 3708 2344 καὶ

2177 2371 2326 2443 θήσω
2367 2371 2466 2435 τὰς
2509 2371 2760 2437 ἐπάλξεις
2806 2391 2896 2428 σου
2947 2375 3152 2441 ἴασπιν,
3195 2380 3292 2431 καὶ
3329 2382 3452 2444 τοὺς
3479 2381 3707 2454 θεμελίους

2178 2481 2269 2516 σου
2301 2466 2622 2537 σάπφειρον,
2660 2469 2752 2520 καὶ
2795 2467 2886 2520 τὸν
2939 2469 3226 2542 περίϐολόν
3260 2489 3355 2525 σου
3400 2474 3564 2538 λίθους
3596 2475 3706 2527 ἐκλε-

2175 2554 2367 2620 κτους⁸
2412 2577 2430 2608 ι
2462 2557 2559 2611 θέα
2589 2559 2664 2622 ὡς
2696 2559 2789 2611 καὶ
2819 2563 2846 2613 ό
2883 2561 3105 2616 Πλάτων
3136 2564 3279 2617 αὺτά
3305 2565 3370 2637 δὴ
3403 2566 3574 2632 ταῦτα,
3605 2569 3629 2638 ἢ
3657 2569 3705 2622 τὰ

2176 2648 2554 2718 παραπλήσια,
2585 2653 2877 2704 πεπεῖσθαι
2909 2649 3046 2706 εἶναι
3073 2653 3248 2726 ἀληθῆ
3281 2659 3340 2708 ἐν
3367 2656 3442 2726 τῷ
3471 2661 3589 2725 Περὶ
3621 2662 3707 2726 ψυ-

2177 2737 2293 2807 χῆς
2316 2739 2587 2809 ὁμολογεῖ,
2621 2742 2899 2814 Σωκράτει
2925 2745 3199 2809 ἀνατιθεὶς
3230 2747 3325 2800 τὸν
3361 2747 3507 2818 λόγον
3635 2767 3704 2819 πη.

480 2833 822 2902 sipphirum,
855 2841 908 2888 et
942 2833 1208 2887 ambitum
1261 2843 1414 2886 tuum
1470 2829 1679 2900 lapides
1727 2831 1931 2883 electos
1961 2828 2026 2880 ⁸⁸.
2067 2848 2086 2881 ι
2137 2827 2346 2883 Videsis
2405 2834 2887 2900 quemadmodum,
2922 2837 3005 2889 vel
3053 2837 3355 2905 ipsissima,
3406 2843 3482 2894 vel
3531 2857 3705 2910 prorsus

480 2929 680 2997 alIinia,
718 2927 870 2984 Plato
893 2945 1019 2984 vera
1054 2929 1158 2984 sibi
1187 2928 1356 2983 videri
1383 2928 1437 2982 in
1472 2925 1699 2996 Dialogo
1717 2926 1794 2980 De
1816 2926 1992 2979 animo
2033 2929 2338 2996 proﬁtetur,
2365 2927 2454 2982 tibi
2474 2925 2752 2983 Socratem
2790 2929 2875 2984 his
2906 2930 3077 2986 verbis
3099 2931 3414 3004 loquentem
3447 2920 3702 2989 inn-olunt.

1010 3067 1239 3126 CAPUT
1292 3066 1557 3123 XXXVII.

569 3209 842 3264 Platonem
873 3210 937 3262 de
973 3217 1114 3261 terra
1144 3207 1264 3268 it'fa,
1293 3223 1450 3275 quam
1480 3205 1738 3259 cmlrslem
1774 3214 1980 3271 vocant,

845 3279 1082 3334 Hebraeis
1116 3277 1392 3331 simillima
1416 3278 1718 3330 tradidisse.

550 3415 570 3450 ι
607 3395 792 3465 Atqui,
822 3409 854 3448 o
875 3391 932 3447 Si
953 3393 1140 3460 mmia,
1171 3408 1272 3447 nec
1297 3393 1430 3447 artis
1461 3391 1650 3448 Glauci
1679 3391 1912 3454 videtur,
1935 3405 2057 3460 quae

475 3497 533 3545 et
581 3486 892 3559 cujusuiodi
940 3501 1003 3539 ea
1040 3485 1151 3539 sint
1177 3499 1469 3554 exponere,
1503 3492 1556 3537 et
1585 3499 1748 3551 quam
1803 3483 1892 3537 illa
1940 3483 2056 3552 ipsa

475 3596 605 3636 \era
655 3582 765 3636 sint
801 3579 1182 3632 demonstrare
1212 3615 1227 3640 ,
1269 3575 1449 3644 majus
1501 3574 1706 3644 aliquid
1760 3574 2017 3627 existimo

475 3688 640 3743 quam
683 3682 739 3725 ut
781 3686 846 3724 eo
875 3671 956 3722 vis
983 3668 1229 3737 ejusdem
1264 3667 1396 3721 artis
1424 3668 1648 3736 aspirat.
1692 3665 1804 3719 lmo
1834 3681 1901 3720 ne
1945 3666 2051 3735 ipse

475 3763 695 3833 quidem
728 3761 960 3815 fortasse
989 3761 1114 3814 huic
1141 3757 1378 3814 orationi
1410 3774 1504 3828 par
1524 3773 1645 3812 esse
1669 3773 1861 3827 queam
1891 3774 1905 3824 ;
1932 3773 2052 3823 nec,

477 3866 537 3912 ut
581 3871 780 3918 essem,
829 3853 964 3909 mihi
1015 3864 1201 3907 tamen
1254 3851 1375 3905 \itze
1427 3853 1560 3905 satis
1593 3866 1692 3919 pro
1750 3851 2051 3921 argumenti

475 3948 853 4018 magnitudine
880 3959 1168 4014 superesse
1191 3943 1536 3998 crediderim.
1572 3939 1676 3996 Sed
1717 3951 1895 3994 tamen
1920 3940 2051 3994 nihil

472 4051 637 4102 vetat,
663 4039 960 4109 quominus
989 4035 1134 4091 illius
1193 4044 1350 4089 terrae
1379 4033 1638 4103 speciem,
1670 4031 1883 4102 qualem
1918 4031 2050 4087 milii

471 4130 695 4203 quidem
728 4145 846 4183 eam
873 4143 1005 4183 esse
1039 4127 1317 4196 persuasi,
1349 4135 1402 4179 et
1455 4124 1703 4194 proprias
1751 4124 1920 4192 ipsius
1971 4138 2065 4206 re-n

471 4227 662 4294 giones
703 4221 1018 4277 informem.
1053 4219 1367 4283 Enimvero,
1397 4217 1574 4286 inquit
1613 4215 1891 4277 Sinimias,
1918 4214 2052 4268 satis

471 4317 524 4371 id
563 4315 719 4370 nobis
774 4314 898 4379 erit,
951 4329 984 4366 o
1019 4310 1294 4365 Socrates.
1347 4305 1590 4360 Primum
1645 4307 1830 4373 igitur,
1876 4302 2053 4371 inquit

471 4409 583 4470 ille,
638 4407 684 4462 si
716 4406 897 4463 medio
931 4405 982 4458 in
1016 4403 1152 4458 eoalo
1187 4399 1416 4456 rotunda
1468 4398 1558 4451 illa
1591 4407 1731 4452 terra
1763 4406 1880 4460 est,
1927 4409 2050 4448 eam

469 4518 538 4556 ne
587 4509 829 4563 corruat,
882 4513 984 4553 nec
1020 4497 1202 4559 aeris,
1252 4509 1350 4548 nec
1403 4492 1627 4546 alterius
1675 4489 2051 4558 eiijuscuuque

469 4595 545 4648 rei
592 4603 850 4662 tanquam
902 4587 1218 4644 necessario
1271 4585 1493 4639 tibicine
1547 4583 1787 4651 indigere
1834 4591 2046 4635 statuo:

468 4683 630 4755 565
646 4699 831 4736 verum
850 4680 922 4734 ad
938 4696 1055 4734 eam
1073 4678 1460 4733 continendam
1483 4675 1586 4728 hoc
1612 4684 1901 4743 utrumque
1918 4673 2051 4728 satis

466 4791 612 4840 esse,
664 4783 774 4827 tum
813 4772 960 4842 quod
1011 4769 1132 4825 coeli
1166 4769 1449 4838 aequabilis
1499 4766 1644 4820 omni
1691 4781 1754 4820 ex
1791 4775 1943 4835 parte
1972 4764 2050 4819 si-

466 4867 724 4922 militudo
754 4866 845 4929 sit,
881 4875 992 4917 tum
1033 4863 1179 4933 quod
1229 4862 1342 4930 ipsa
1376 4869 1515 4914 terra
1547 4859 1778 4930 paribus
1813 4857 2051 4926 undique

465 4960 762 5016 momentis
815 4959 1008 5011 librata
1047 4955 1328 5010 consistat.
1381 4953 1488 5008 Bes
1534 4952 1678 5006 enim
1727 4950 2045 5020 azquilibris,

464 5068 592 5107 cum
647 5052 702 5105 in
756 5051 952 5105 similis
1004 5049 1237 5118 alicujus
1272 5047 1518 5114 corporis
1571 5045 1748 5098 medio
1801 5045 1904 5098 sita
1938 5053 2044 5107 est,

464 5148 673 5201 nullam
712 5147 763 5199 in
835 5155 1044 5215 partem
1120 5150 1216 5195 aut
1285 5140 1460 5209 magis
1517 5149 1612 5192 aut
1663 5138 1844 5192 minus
1891 5137 2040 5191 incli-

462 5256 594 5294 nare
642 5249 817 5309 potest
871 5255 884 5290 :
947 5235 1040 5291 sed
1090 5233 1270 5306 potius
1322 5243 1380 5286 ut
1426 5231 1529 5286 sibi
1582 5246 1797 5299 semper
1853 5229 2048 5284 similis

461 5343 565 5398 est,
601 5333 674 5386 ita
724 5345 995 5400 nusquam
1049 5328 1277 5382 omnino
1323 5333 1498 5379 nutat.
1554 5324 1731 5392 Atque
1784 5323 1888 5376 hoc
1939 5323 2048 5390 pri-

463 5425 840 5494 mum,inquit,
877 5432 1077 5476 statuo.
1113 5419 1184 5474 Et
1220 5427 1365 5472 recte
1409 5416 1460 5470 id
1492 5417 1711 5486 quidem
1771 5417 1846 5468 ait
1897 5414 2047 5470 Sim-

461 5520 622 5574 niias.
663 5517 882 5576 Deinde.
937 5516 1127 5586 ingens
1179 5510 1440 5584 quiddam
1499 5525 1620 5564 esse
1677 5519 1876 5563 terram
1933 5509 2048 5562 exi.—

526 5633 572 5666 “
599 5633 786 5690 Matth.
827 5648 879 5694 v,
913 5635 964 5686 4.
1043 5631 1108 5662 ⁵⁵⁸
1136 5630 1262 5686 Gal.
1300 5645 1366 5692 tv,
1391 5628 1479 5682 ΞΠ.

514 5741 642 5809 '(Qm
661 5744 835 5796 ’ΛΑΜ
862 5743 1090 5811 μέντοι.
1116 5741 1275 5796 Plato
1309 5742 1360 5795 in
1383 5739 1670 5799 Plirrdoue.
1699 5755 1750 5808 p.
1774 5738 1877 5794 593
1907 5739 2038 5793 Fici.

531 5814 642 5884 ('27)
667 5814 1013 5883 Πέπετιτμιιι.
1051 5813 1240 5870 Melius
1267 5830 1430 5884 quam
1469 5811 1774 5882 πέπυσμαι,
1806 5821 1861 5866 ut
1897 5811 2040 5882 apud

1557 5625 1601 5657 ⁸⁵
1622 5626 1725 5680 lsa.
1753 5641 1861 5678 Liv.
1906 5624 1990 5680 1⁵2.

2683 3067 2960 3122 ΚΕΦΑΛΑ
2969 3070 3087 3123 [ON
3125 3071 3246 3125 AZ'.

2186 3199 2278 3265 Ὠς
2311 3199 2405 3276 καί
2433 3199 2519 3276 τὰ
2537 3270 2546 3276 ⁸
2565 3198 2849 3276 περὶτῆς
2889 3203 3221 3276 λεγομένης
3250 3207 3593 3274 edomat-[on
3621 3206 3700 3276 τῆς

2363 3275 2393 3323 0'
2421 3270 2669 3324 Πλάτων
2693 3275 2907 3340 ὁμοίως
2945 3270 3224 3340 Ἑόξμιίοις
3258 3270 3552 3341 διέξεισιν.

2242 3401 2262 3434 ι
2295 3382 2453 3436 Ἀλλὰ
2503 3381 2681 3453 μέντοι
2715 3381 2848 3452 (26),
2885 3377 2929 3435 ῶ
2973 3383 3211 3454 Σιμμία,
3265 3386 3388 3456 οὐχὶ
3426 3390 3455 3456 η
3499 3386 3690 3438 Γλαύκου

2162 3475 2326 3546 τέχνη
2353 3476 2416 3544 γέ
2449 3493 2537 3545 μοι
2580 3475 2726 3528 δοκεῖ
2769 3472 2907 3529 εἶναι
2940 3475 3303 3547 διηγήσασθαι
3335 3480 3370 3533 ἆ
3408 3481 3456 3547 γ’
3489 3482 3611 3532 ἐστιν
3637 3478 3692 3538 ὡς

2167 3565 2349 3637 μέντοι
2382 3565 2578 3636 ἀληθῆ,
2607 3565 2983 3639 χαλεπώτερόν
3020 3585 3108 3637 μοι
3139 3569 3389 3636 φαίνεται
3419 3571 3449 3640 ἦ
3477 3570 3596 3622 κατὰ
3619 3569 3689 3637 τὴν

2153 3657 2405 3717 ,Γλαύκου
2441 3657 2654 3728 τέχνην.
2689 3657 2791 3711 Καὶ
2824 3659 2940 3729 ἅμα
2971 3659 3068 3729 μὲν
3101 3659 3211 3727 ἐγὼ
3253 3660 3383 3724 ἴσως
3410 3662 3510 3714 οὐδ’
3537 3655 3690 3719 avoid;

2159 3765 2219 3799 τε
2248 3746 2385 3818 εἴηνο
2416 3746 2530 3818 ἅμα
2569 3746 2626 3799 δὲ
2655 3749 2748 3802 καὶ
2791 3751 2839 3801 εἰ
2871 3749 3206 3820 ἠπιστάμην,
3239 3751 3270 3802 ὁ
3322 3751 3433 3821 βίος
3479 3769 3557 3820 μοι
3579 3750 3688 3802 δοκεί

2156 3842 2185 3891 ὁ
2209 3839 2361 3910 ἐμὸς,
2393 3831 2437 3892 ὦ
2460 3838 2687 3908 Σιμμία,
2719 3839 2796 3910 τῷ
2828 3841 2993 3910 μήκει
3023 3839 3114 3893 τοῦ
3147 3841 3309 3910 λόγου
3346 3844 3442 3896 οὐκ
3467 3843 3686 3912 ἐξαρκεῖν.

2159 3932 2270 4000 Τὴν
2309 3931 2492 4000 μέντοι
2528 3929 2667 3983 ἰδέαν
2696 3934 2792 4001 τῆς
2821 3931 2946 4002 γῆς,
2981 3933 3097 3986 οἵαν
3123 3934 3423 4006 πέπεισμαι
3450 3936 3548 4005 (27)
3566 3929 3686 3991 εἶναι,

2158 4020 2251 4072 καὶ
2301 4021 2429 4084 τοὺς
2479 4021 2679 4085 τόπους
2729 4021 2930 4090 αὐτῆς,
2974 4022 3124 4076 οὐδέν
3176 4041 3241 4094 με
3292 4025 3483 4078 κωλύει
3530 4024 3684 4089 λέγειν.

2156 4111 2320 4175 uuas,
2352 4112 2454 4182 ἔφη
2487 4112 2515 4164 ὁ
2560 4112 2831 4184 Σιμμίας,
2865 4115 2959 4168 καλ⁹
3004 4114 3177 4168 ταῦτα
3224 4121 3405 4188 ἀρκεῖ.
3435 4118 3688 4185 Πέπεισμαι

2158 4204 2354 4267 τοίνυν,
2386 4200 2421 4276 ἧ
2455 4205 2500 4258 δ’
2524 4205 2616 4268 ὃς,
2658 4204 2770 4274 ἐγὼ
2805 4206 3020 4278 πρῶτον
3054 4209 3173 4278 μὲν,
3220 4211 3270 4261 εἰ
3314 4210 3459 4263 ἐστιν
3491 4212 3540 4261 ἐν
3571 4206 3685 4276 μέσῳ

2157 4296 2233 4367 τῷ
2265 4296 2476 4368 οὐρανῷ
2518 4298 2822 4369 περιφερὴς
2865 4294 3018 4359 οὖσα,
3068 4299 3232 4369 μηδὲν
3273 4302 3410 4372 αὐτῇ
3458 4301 3553 4355 δεῖν
3583 4299 3685 4369 μήτε

2155 4391 2314 4460 ἀέρος
2345 4391 2479 4462 πρὸς
2513 4391 2570 4444 τὸ
2607 4390 2682 4462 μὴ
2717 4394 2940 4454 πεσεῖν,
2968 4394 3106 4464 μήτε
3153 4393 3319 4464 ἄλλης
3362 4396 3582 4461 ἀνάγκης
3609 4406 3686 4459 μη·

2153 4484 2347 4553 δεμιᾶς
2389 4484 2647 4556 τοιαύτης
2668 4503 2679 4513 ·
2711 4485 2826 4538 ἀλλ’
2873 4486 3064 4557 ίκανήν
3098 4503 3160 4554 γε
3199 4483 3340 4540 εἶναι
3374 4487 3530 4557 αὐτὴν
3553 4486 3683 4552 ἴσχειν

2154 4573 2251 4645 τὴν
2285 4575 2573 4645 ὁμοιότητα
2615 4575 2707 4628 τοῦ
2743 4577 2973 4648 οὐρανοῦ
3003 4579 3166 4631 αὐτοῦ
3200 4579 3378 4650 ἑαυτῷ
3419 4579 3591 4646 πάντη.
3617 4574 3684 4626 καὶ

2155 4668 2252 4735 τῆς
2296 4666 2398 4736 is;
2440 4666 2535 4737 τὴν
2586 4669 2924 4739 eaeor-iw
2985 4671 3294 4742 ἰσάρροπον
3323 4673 3429 4742 γὰρ
3469 4673 3681 4742 πρᾶγμαν

2152 4757 2336 4826 ὁμοίου
2375 4759 2517 4822 τινος
2560 4763 2616 4813 ἐν
2660 4762 2817 4833 μέσῳ
2853 4761 3029 4828 τεθὲν,
3075 4766 3172 4835 οὐχ
3218 4766 3329 4831 ἕξει
3386 4765 3567 4836 μᾶλλον
3597 4759 3680 4813 οὐδ’

2152 4843 2312 4920 ἦττον
2358 4850 2621 4922 οὐδαμόσε
2657 4852 2938 4924 κλιθῆναιο
2995 4857 3198 4926 ὁμοίως
3242 4857 3286 4908 δ’
3329 4857 3472 4928 ἕχον,
3509 4851 3680 4910 ἀκλικεὲς

2156 4940 2328 5010 μένει.
2374 4942 2594 5014 Πρῶτον
2639 4945 2737 5015 μὲν
2779 4945 2875 5017 δὴ,
2915 4941 2950 5016 ἦ
2988 4946 3032 4997 δ’
3065 4947 3156 5010 ὃς,
3203 4947 3358 5002 τοῦτο
3409 4948 3674 5012 πέπεισμαι.

2153 5034 2265 5086 Καὶ
2301 5034 2477 5106 ὀρθῶς
2519 5054 2615 5104 γε,
2662 5037 2764 5108 ἔφη
2803 5041 2838 5091 -ό
2881 5039 3140 5110 Σιμμίας.
3185 5042 3306 5093 Ἔτι
3349 5042 3542 5100 τοξνυν,
3579 5037 3673 5101 ἔφη.

2146 5122 2423 5194 πάμμεγα
2453 5143 2504 5177 τι
2551 5123 2686 5180 εἶναι
2728 5128 2858 5181 αὐτὸ
2878 5171 2892 5191 ,
2925 5130 3017 5182 καὶ
3053 5132 3198 5200 ἡμᾶς
3243 5134 3440 5193 οἰκεῖν,
3470 5130 3578 5189 τοὺς
3603 5125 3674 5194 μὲ-

2149 5230 2274 5284 χρις
2318 5215 2650 5286 Ἡρακλείων
2701 5219 2909 5288 στηλῶν
2958 5221 3066 5276 ἀπὸ
3114 5222 3357 5286 Φάσιδος,
3404 5225 3458 5274 ἐν
3502 5211 3673 5288 σμικρῷ

2151 5321 2256 5357 τινι
2305 5307 2508 5377 μορίῳ,
2549 5307 2736 5380 ῶσπερ
2773 5311 2904 5381 περὶ
2949 5311 3120 5381 τέλμα
3164 5313 3482 5384 μύρμηκας,
3529 5309 3557 5378 ἦ
3600 5305 3672 5386 ila"

2149 5399 2385 5467 τράχους
2428 5399 2555 5469 περὶ
2598 5401 2694 5472 τὴν
2736 5402 3002 5458 θάλατταν
3038 5406 3348 5470 οίκοῦντας,
3397 5405 3483 5458 καὶ
3520 5387 3671 5456 ἄλλους

2151 5489 2336 5543 ἄλλοθι
2383 5490 2609 5554 ’πολλοὺς
2652 5496 2709 5546 ἐν
2752 5495 2965 5559 πολλοῖς
3007 5497 3269 5561 τοιούτοις
3309 5498 3478 5562 τόποις
3518 5491 3664 5544 οἰκεῖν.

2144 5737 2448 5792 Platonem.
2483 5747 2614 5790 Nam
2651 5746 2812 5802 paulo
2843 5749 2972 5802 post
2993 5774 3008 5792 .
3058 5736 3163 5788 hoc
3201 5741 3292 5788 ,ρει
3321 5741 3466 5784 versu
3494 5718 3652 5775 abhinc

2141 5810 2309 5864 tertio
2350 5807 2487 5862 idem
2528 5807 2823 5875 πέπεισμαι
2858 5803 3135 5876 repetitur.
