  <div class='ocr_page' id='page_1' title='image "/cluster/home/n/w/nwhite01/storage/ocr_20150623/21/hvd.32044073501165/484.png"; bbox 0 0 3840 6370; ppageno 0'>
   <div class='ocr_carea' id='block_1_1' title="bbox 179 269 1650 328">
    <p class='ocr_par' dir='ltr' id='par_1_1' title="bbox 179 269 1647 328">
     <span class='ocr_line' id='line_1_1' title="bbox 179 269 1647 328; baseline 0.003 -4"><span class='ocrx_word' id='word_1_1' title='bbox 179 271 250 324; x_wconf 68' lang='lat' dir='ltr'><strong>9H</strong></span> <span class='ocrx_word' id='word_1_2' title='bbox 1239 269 1560 325; x_wconf 68' lang='grc' dir='ltr'><strong>ΡΒᾹΞΡΑΒ.</strong></span> <span class='ocrx_word' id='word_1_3' title='bbox 1603 272 1647 328; x_wconf 81' lang='lat' dir='ltr'><strong>F.</strong></span> 
     </span>
    </p>
   </div>
   <div class='ocr_carea' id='block_1_2' title="bbox 1753 269 2166 328">
    <p class='ocr_par' dir='ltr' id='par_1_2' title="bbox 1753 272 2166 328">
     <span class='ocr_line' id='line_1_2' title="bbox 1753 272 2166 328; baseline -0.002 -2"><span class='ocrx_word' id='word_1_4' title='bbox 1753 273 1857 328; x_wconf 67' lang='lat' dir='ltr'><strong>NG.</strong></span> <span class='ocrx_word' id='word_1_5' title='bbox 1899 272 2027 327; x_wconf 84' lang='lat' dir='ltr'><strong>LIB.</strong></span> <span class='ocrx_word' id='word_1_6' title='bbox 2079 273 2166 326; x_wconf 83' lang='lat' dir='ltr'><strong>Xl.</strong></span> 
     </span>
    </p>
   </div>
   <div class='ocr_carea' id='block_1_3' title="bbox 3234 277 3342 334">
    <p class='ocr_par' dir='ltr' id='par_1_3' title="bbox 3234 277 3342 334">
     <span class='ocr_line' id='line_1_3' title="bbox 3234 277 3342 334; baseline -0.019 -1"><span class='ocrx_word' id='word_1_7' title='bbox 3234 277 3342 334; x_wconf 68' lang='grc' dir='ltr'><strong>9ίέ</strong></span> 
     </span>
    </p>
   </div>
   <div class='ocr_carea' id='block_1_4' title="bbox 175 381 1650 458">
    <p class='ocr_par' dir='ltr' id='par_1_4' title="bbox 175 381 1650 456">
     <span class='ocr_line' id='line_1_4' title="bbox 175 381 1650 456; baseline -0.001 -16"><span class='ocrx_word' id='word_1_8' title='bbox 175 383 290 440; x_wconf 73' lang='grc' dir='ltr'>Εἶναι</span> <span class='ocrx_word' id='word_1_9' title='bbox 316 383 401 454; x_wconf 72' lang='grc' dir='ltr'><strong>γὰρ</strong></span> <span class='ocrx_word' id='word_1_10' title='bbox 422 381 672 452; x_wconf 75' lang='grc' dir='ltr'>πανταχοῦ</span> <span class='ocrx_word' id='word_1_11' title='bbox 714 381 841 455; x_wconf 69' lang='grc' dir='ltr'>περὶ</span> <span class='ocrx_word' id='word_1_12' title='bbox 880 384 977 454; x_wconf 75' lang='grc' dir='ltr'>τὴν</span> <span class='ocrx_word' id='word_1_13' title='bbox 1017 385 1118 456; x_wconf 74' lang='grc' dir='ltr'>γῆν</span> <span class='ocrx_word' id='word_1_14' title='bbox 1147 385 1316 438; x_wconf 82' lang='grc' dir='ltr'>πολλὰ</span> <span class='ocrx_word' id='word_1_15' title='bbox 1359 387 1532 450; x_wconf 81' lang='grc' dir='ltr'>κοῖλα,</span> <span class='ocrx_word' id='word_1_16' title='bbox 1567 389 1650 441; x_wconf 70' lang='grc' dir='ltr'><strong>καί</strong></span> 
     </span>
    </p>
   </div>
   <div class='ocr_carea' id='block_1_5' title="bbox 1753 381 3342 458">
    <p class='ocr_par' dir='ltr' id='par_1_5' title="bbox 1765 387 3342 458">
     <span class='ocr_line' id='line_1_5' title="bbox 1765 387 3342 458; baseline 0.004 -19"><span class='ocrx_word' id='word_1_17' title='bbox 1765 389 1949 453; x_wconf 87' lang='lat' dir='ltr'><strong>stimo,</strong></span> <span class='ocrx_word' id='word_1_18' title='bbox 1999 387 2157 456; x_wconf 80' lang='lat' dir='ltr'><strong>cujus</strong></span> <span class='ocrx_word' id='word_1_19' title='bbox 2205 403 2305 441; x_wconf 83' lang='lat' dir='ltr'><strong>nos</strong></span> <span class='ocrx_word' id='word_1_20' title='bbox 2360 387 2608 457; x_wconf 75' lang='lat' dir='ltr'><strong>exiguam</strong></span> <span class='ocrx_word' id='word_1_21' title='bbox 2663 398 2872 442; x_wconf 78' lang='lat' dir='ltr'><strong>tantum</strong></span> <span class='ocrx_word' id='word_1_22' title='bbox 2931 391 3257 458; x_wconf 77' lang='lat' dir='ltr'><strong>particulam</strong></span> <span class='ocrx_word' id='word_1_23' title='bbox 3312 411 3342 446; x_wconf 79' lang='grc' dir='ltr'><strong>ει</strong></span> 
     </span>
    </p>
   </div>
   <div class='ocr_carea' id='block_1_6' title="bbox 173 472 1666 551">
    <p class='ocr_par' dir='ltr' id='par_1_6' title="bbox 173 472 1666 551">
     <span class='ocr_line' id='line_1_6' title="bbox 173 472 1666 551; baseline 0.003 -23"><span class='ocrx_word' id='word_1_24' title='bbox 173 473 417 529; x_wconf 69' lang='grc' dir='ltr'>παντοδαπά</span> <span class='ocrx_word' id='word_1_25' title='bbox 443 472 524 524; x_wconf 75' lang='grc' dir='ltr'><strong>καὶ</strong></span> <span class='ocrx_word' id='word_1_26' title='bbox 551 472 644 534; x_wconf 72' lang='grc' dir='ltr'>τὰς</span> <span class='ocrx_word' id='word_1_27' title='bbox 673 473 816 535; x_wconf 85' lang='grc' dir='ltr'>ἰδέας</span> <span class='ocrx_word' id='word_1_28' title='bbox 841 475 936 526; x_wconf 75' lang='grc' dir='ltr'><strong>καὶ</strong></span> <span class='ocrx_word' id='word_1_29' title='bbox 961 473 1028 527; x_wconf 75' lang='grc' dir='ltr'>τὰ</span> <span class='ocrx_word' id='word_1_30' title='bbox 1056 475 1282 547; x_wconf 88' lang='grc' dir='ltr'>μεγέθη,</span> <span class='ocrx_word' id='word_1_31' title='bbox 1307 479 1386 540; x_wconf 85' lang='grc' dir='ltr'><strong>εἰς</strong></span> <span class='ocrx_word' id='word_1_32' title='bbox 1416 478 1450 531; x_wconf 78' lang='grc' dir='ltr'><strong>ἃ</strong></span> <span class='ocrx_word' id='word_1_33' title='bbox 1481 478 1666 551; x_wconf 77' lang='grc' dir='ltr'>ξυνερ-</span> 
     </span>
    </p>
   </div>
   <div class='ocr_carea' id='block_1_7' title="bbox 174 564 1661 643">
    <p class='ocr_par' dir='ltr' id='par_1_7' title="bbox 174 564 1661 643">
     <span class='ocr_line' id='line_1_7' title="bbox 174 564 1661 643; baseline 0.006 -25"><span class='ocrx_word' id='word_1_34' title='bbox 174 567 367 641; x_wconf 54' lang='grc' dir='ltr'>ῥηκέναι</span> <span class='ocrx_word' id='word_1_35' title='bbox 392 565 443 618; x_wconf 85' lang='grc' dir='ltr'>τό</span> <span class='ocrx_word' id='word_1_36' title='bbox 462 581 512 616; x_wconf 87' lang='grc' dir='ltr'><strong>τε</strong></span> <span class='ocrx_word' id='word_1_37' title='bbox 539 564 699 635; x_wconf 77' lang='grc' dir='ltr'>ὕδωρ,</span> <span class='ocrx_word' id='word_1_38' title='bbox 735 568 828 618; x_wconf 76' lang='grc' dir='ltr'>καὶ</span> <span class='ocrx_word' id='word_1_39' title='bbox 853 566 950 637; x_wconf 81' lang='grc' dir='ltr'>τὴν</span> <span class='ocrx_word' id='word_1_40' title='bbox 974 568 1222 639; x_wconf 80' lang='grc' dir='ltr'>ὁμίχλην,</span> <span class='ocrx_word' id='word_1_41' title='bbox 1257 564 1365 622; x_wconf 79' lang='grc' dir='ltr'><strong>καὶ¹</strong></span> <span class='ocrx_word' id='word_1_42' title='bbox 1387 571 1479 624; x_wconf 84' lang='grc' dir='ltr'><strong>τὸν</strong></span> <span class='ocrx_word' id='word_1_43' title='bbox 1505 573 1661 643; x_wconf 83' lang='grc' dir='ltr'>ἀέρα.</span> 
     </span>
    </p>
   </div>
   <div class='ocr_carea' id='block_1_8' title="bbox 168 655 1663 736">
    <p class='ocr_par' dir='ltr' id='par_1_8' title="bbox 168 655 1663 736">
     <span class='ocr_line' id='line_1_8' title="bbox 168 655 1663 736; baseline 0.003 -23"><span class='ocrx_word' id='word_1_44' title='bbox 168 660 300 728; x_wconf 73' lang='grc' dir='ltr'>Αὐτὴν</span> <span class='ocrx_word' id='word_1_45' title='bbox 318 658 363 710; x_wconf 75' lang='grc' dir='ltr'><strong>δὲ</strong></span> <span class='ocrx_word' id='word_1_46' title='bbox 386 657 469 727; x_wconf 77' lang='grc' dir='ltr'>τὴν</span> <span class='ocrx_word' id='word_1_47' title='bbox 491 656 588 725; x_wconf 73' lang='grc' dir='ltr'>γῆν</span> <span class='ocrx_word' id='word_1_48' title='bbox 617 655 863 728; x_wconf 82' lang='grc' dir='ltr'>καθαράν</span> <span class='ocrx_word' id='word_1_49' title='bbox 900 676 959 710; x_wconf 88' lang='grc' dir='ltr'><strong>τε</strong></span> <span class='ocrx_word' id='word_1_50' title='bbox 995 661 1052 712; x_wconf 85' lang='grc' dir='ltr'><strong>ὲν</strong></span> <span class='ocrx_word' id='word_1_51' title='bbox 1081 662 1305 733; x_wconf 81' lang='grc' dir='ltr'>καθαρῷ</span> <span class='ocrx_word' id='word_1_52' title='bbox 1332 664 1543 717; x_wconf 83' lang='grc' dir='ltr'>κεῖσθαι</span> <span class='ocrx_word' id='word_1_53' title='bbox 1594 666 1663 736; x_wconf 81' lang='grc' dir='ltr'>τῷ</span> 
     </span>
    </p>
   </div>
   <div class='ocr_carea' id='block_1_9' title="bbox 167 742 1663 825">
    <p class='ocr_par' dir='ltr' id='par_1_9' title="bbox 167 742 1663 825">
     <span class='ocr_line' id='line_1_9' title="bbox 167 742 1663 825; baseline 0.003 -21"><span class='ocrx_word' id='word_1_54' title='bbox 167 749 342 820; x_wconf 79' lang='grc' dir='ltr'>οὐρανῷ,</span> <span class='ocrx_word' id='word_1_55' title='bbox 365 749 413 800; x_wconf 81' lang='grc' dir='ltr'><strong>ἐν</strong></span> <span class='ocrx_word' id='word_1_56' title='bbox 600 750 714 801; x_wconf 79' lang='grc' dir='ltr'>ἐστι</span> <span class='ocrx_word' id='word_1_57' title='bbox 740 750 810 801; x_wconf 75' lang='grc' dir='ltr'>τὰ</span> <span class='ocrx_word' id='word_1_58' title='bbox 838 751 1030 822; x_wconf 80' lang='grc' dir='ltr'>ἄστρα,</span> <span class='ocrx_word' id='word_1_59' title='bbox 1058 752 1117 805; x_wconf 83' lang='grc' dir='ltr'>ὃν</span> <span class='ocrx_word' id='word_1_60' title='bbox 1144 753 1206 825; x_wconf 83' lang='grc' dir='ltr'>δὴ</span> <span class='ocrx_word' id='word_1_61' title='bbox 1238 755 1430 825; x_wconf 84' lang='grc' dir='ltr'>αἰθέρα</span> <span class='ocrx_word' id='word_1_62' title='bbox 1466 758 1663 825; x_wconf 80' lang='grc' dir='ltr'>ὀνομά-</span> 
     </span>
    </p>
   </div>
   <div class='ocr_carea' id='block_1_10' title="bbox 164 841 1656 918">
    <p class='ocr_par' dir='ltr' id='par_1_10' title="bbox 164 841 1656 918">
     <span class='ocr_line' id='line_1_10' title="bbox 164 841 1656 918; baseline 0.005 -23"><span class='ocrx_word' id='word_1_63' title='bbox 164 843 248 907; x_wconf 85' lang='grc' dir='ltr'><strong>ζειν</strong></span> <span class='ocrx_word' id='word_1_64' title='bbox 266 842 365 903; x_wconf 76' lang='grc' dir='ltr'>τοὺς</span> <span class='ocrx_word' id='word_1_65' title='bbox 400 841 605 904; x_wconf 77' lang='grc' dir='ltr'>πολλοὺς</span> <span class='ocrx_word' id='word_1_66' title='bbox 641 843 750 894; x_wconf 85' lang='grc' dir='ltr'>τῶν</span> <span class='ocrx_word' id='word_1_67' title='bbox 787 842 856 895; x_wconf 80' lang='grc' dir='ltr'>τὰ</span> <span class='ocrx_word' id='word_1_68' title='bbox 898 845 1122 898; x_wconf 79' lang='grc' dir='ltr'>τοιαῦτα</span> <span class='ocrx_word' id='word_1_69' title='bbox 1161 846 1426 900; x_wconf 73' lang='grc' dir='ltr'><strong>εἰωθότων</strong></span> <span class='ocrx_word' id='word_1_70' title='bbox 1454 849 1656 918; x_wconf 83' lang='grc' dir='ltr'>λέγειν·</span> 
     </span>
    </p>
   </div>
   <div class='ocr_carea' id='block_1_11' title="bbox 164 928 1660 1011">
    <p class='ocr_par' dir='ltr' id='par_1_11' title="bbox 164 928 1660 1011">
     <span class='ocr_line' id='line_1_11' title="bbox 164 928 1660 1011; baseline 0.005 -23"><span class='ocrx_word' id='word_1_71' title='bbox 164 928 209 988; x_wconf 71' lang='grc' dir='ltr'>οὗ</span> <span class='ocrx_word' id='word_1_72' title='bbox 227 936 275 1005; x_wconf 81' lang='grc' dir='ltr'>δὴ</span> <span class='ocrx_word' id='word_1_73' title='bbox 295 935 608 1006; x_wconf 69' lang='grc' dir='ltr'><strong>ὑποστάθμην</strong></span> <span class='ocrx_word' id='word_1_74' title='bbox 635 930 775 988; x_wconf 83' lang='grc' dir='ltr'>εἶναι</span> <span class='ocrx_word' id='word_1_75' title='bbox 797 936 990 1000; x_wconf 77' lang='grc' dir='ltr'>ταῦτα,</span> <span class='ocrx_word' id='word_1_76' title='bbox 1016 939 1109 990; x_wconf 66' lang='grc' dir='ltr'><strong>καὶ</strong></span> <span class='ocrx_word' id='word_1_77' title='bbox 1138 938 1354 1011; x_wconf 75' lang='grc' dir='ltr'>ξυῤῥεῖν</span> <span class='ocrx_word' id='word_1_78' title='bbox 1379 942 1464 994; x_wconf 75' lang='grc' dir='ltr'><strong>ἀεὶ</strong></span> <span class='ocrx_word' id='word_1_79' title='bbox 1486 945 1564 1006; x_wconf 83' lang='grc' dir='ltr'><strong>εἰς</strong></span> <span class='ocrx_word' id='word_1_80' title='bbox 1593 944 1660 996; x_wconf 72' lang='grc' dir='ltr'><strong>τά</strong></span> 
     </span>
    </p>
   </div>
   <div class='ocr_carea' id='block_1_12' title="bbox 161 1026 1660 1099">
    <p class='ocr_par' dir='ltr' id='par_1_12' title="bbox 161 1026 1660 1099">
     <span class='ocr_line' id='line_1_12' title="bbox 161 1026 1660 1099; baseline 0.006 -20"><span class='ocrx_word' id='word_1_81' title='bbox 161 1027 273 1080; x_wconf 80' lang='grc' dir='ltr'>κοῖλα</span> <span class='ocrx_word' id='word_1_82' title='bbox 306 1027 389 1097; x_wconf 77' lang='grc' dir='ltr'>τῆς</span> <span class='ocrx_word' id='word_1_83' title='bbox 418 1027 531 1095; x_wconf 76' lang='grc' dir='ltr'>γῆς.</span> <span class='ocrx_word' id='word_1_84' title='bbox 577 1028 752 1098; x_wconf 76' lang='grc' dir='ltr'>Ἡμεῖς</span> <span class='ocrx_word' id='word_1_85' title='bbox 787 1026 881 1081; x_wconf 77' lang='grc' dir='ltr'>οὖν</span> <span class='ocrx_word' id='word_1_86' title='bbox 913 1029 1196 1095; x_wconf 75' lang='grc' dir='ltr'><strong>οἰκοῦντας</strong></span> <span class='ocrx_word' id='word_1_87' title='bbox 1230 1034 1287 1086; x_wconf 84' lang='grc' dir='ltr'><strong>ὲν</strong></span> <span class='ocrx_word' id='word_1_88' title='bbox 1324 1037 1436 1098; x_wconf 88' lang='grc' dir='ltr'>τοῖς</span> <span class='ocrx_word' id='word_1_89' title='bbox 1462 1036 1660 1099; x_wconf 80' lang='grc' dir='ltr'>κοίλοις</span> 
     </span>
    </p>
   </div>
   <div class='ocr_carea' id='block_1_13' title="bbox 159 1118 1655 1197">
    <p class='ocr_par' dir='ltr' id='par_1_13' title="bbox 159 1118 1655 1197">
     <span class='ocr_line' id='line_1_13' title="bbox 159 1118 1655 1197; baseline 0.006 -25"><span class='ocrx_word' id='word_1_90' title='bbox 159 1120 284 1188; x_wconf 69' lang='grc' dir='ltr'>αὐτῆς</span> <span class='ocrx_word' id='word_1_91' title='bbox 298 1118 562 1190; x_wconf 79' lang='grc' dir='ltr'>λεληθέναι,</span> <span class='ocrx_word' id='word_1_92' title='bbox 590 1121 684 1173; x_wconf 72' lang='grc' dir='ltr'><strong>καὶ</strong></span> <span class='ocrx_word' id='word_1_93' title='bbox 709 1119 914 1175; x_wconf 72' lang='grc' dir='ltr'>οἴεσθαι</span> <span class='ocrx_word' id='word_1_94' title='bbox 940 1123 1052 1176; x_wconf 82' lang='grc' dir='ltr'>ἄνω</span> <span class='ocrx_word' id='word_1_95' title='bbox 1083 1126 1174 1177; x_wconf 75' lang='grc' dir='ltr'>ἐπὶ</span> <span class='ocrx_word' id='word_1_96' title='bbox 1205 1127 1303 1196; x_wconf 80' lang='grc' dir='ltr'><strong>τῆς</strong></span> <span class='ocrx_word' id='word_1_97' title='bbox 1332 1127 1435 1197; x_wconf 77' lang='grc' dir='ltr'><strong>γῆς</strong></span> <span class='ocrx_word' id='word_1_98' title='bbox 1457 1131 1655 1181; x_wconf 78' lang='grc' dir='ltr'>οἰκεῖν·</span> 
     </span>
    </p>
   </div>
   <div class='ocr_carea' id='block_1_14' title="bbox 157 1203 1660 1288">
    <p class='ocr_par' dir='ltr' id='par_1_14' title="bbox 157 1203 1660 1288">
     <span class='ocr_line' id='line_1_14' title="bbox 157 1203 1660 1288; baseline 0.005 -24"><span class='ocrx_word' id='word_1_99' title='bbox 157 1211 297 1281; x_wconf 75' lang='grc' dir='ltr'>ὥσπερ</span> <span class='ocrx_word' id='word_1_100' title='bbox 315 1210 437 1263; x_wconf 71' lang='lat' dir='ltr'><strong>Em?</strong></span> <span class='ocrx_word' id='word_1_101' title='bbox 461 1228 538 1273; x_wconf 88' lang='grc' dir='ltr'><strong>τις</strong></span> <span class='ocrx_word' id='word_1_102' title='bbox 568 1213 624 1264; x_wconf 84' lang='grc' dir='ltr'>ἐν</span> <span class='ocrx_word' id='word_1_103' title='bbox 661 1211 810 1283; x_wconf 85' lang='grc' dir='ltr'>μέσῳ</span> <span class='ocrx_word' id='word_1_104' title='bbox 858 1213 934 1284; x_wconf 80' lang='grc' dir='ltr'>τῷ</span> <span class='ocrx_word' id='word_1_105' title='bbox 986 1203 1218 1286; x_wconf 79' lang='grc' dir='ltr'>πυθμένι</span> <span class='ocrx_word' id='word_1_106' title='bbox 1256 1217 1348 1271; x_wconf 75' lang='grc' dir='ltr'>τοῦ</span> <span class='ocrx_word' id='word_1_107' title='bbox 1399 1219 1660 1288; x_wconf 75' lang='grc' dir='ltr'><strong>πελάγους</strong></span> 
     </span>
    </p>
   </div>
   <div class='ocr_carea' id='block_1_15' title="bbox 154 1301 1657 1377">
    <p class='ocr_par' dir='ltr' id='par_1_15' title="bbox 154 1301 1657 1377">
     <span class='ocr_line' id='line_1_15' title="bbox 154 1301 1657 1377; baseline 0.008 -23"><span class='ocrx_word' id='word_1_108' title='bbox 154 1301 291 1365; x_wconf 80' lang='grc' dir='ltr'>οἰκῶν,</span> <span class='ocrx_word' id='word_1_109' title='bbox 323 1302 462 1355; x_wconf 76' lang='grc' dir='ltr'>οἴοιτό</span> <span class='ocrx_word' id='word_1_110' title='bbox 487 1320 542 1355; x_wconf 87' lang='grc' dir='ltr'><strong>τε</strong></span> <span class='ocrx_word' id='word_1_111' title='bbox 567 1304 659 1356; x_wconf 77' lang='grc' dir='ltr'><strong>ἐπὶ</strong></span> <span class='ocrx_word' id='word_1_112' title='bbox 680 1305 779 1376; x_wconf 81' lang='grc' dir='ltr'>τῆς</span> <span class='ocrx_word' id='word_1_113' title='bbox 807 1303 1076 1377; x_wconf 79' lang='grc' dir='ltr'><strong>Θαλάττης</strong></span> <span class='ocrx_word' id='word_1_114' title='bbox 1103 1309 1288 1372; x_wconf 78' lang='grc' dir='ltr'><strong>οἰκεῖν,</strong></span> <span class='ocrx_word' id='word_1_115' title='bbox 1321 1312 1415 1364; x_wconf 71' lang='grc' dir='ltr'><strong>καὶ</strong></span> <span class='ocrx_word' id='word_1_116' title='bbox 1445 1312 1531 1366; x_wconf 81' lang='grc' dir='ltr'><strong>διὰ</strong></span> <span class='ocrx_word' id='word_1_117' title='bbox 1563 1314 1657 1366; x_wconf 80' lang='grc' dir='ltr'><strong>τού</strong></span> 
     </span>
    </p>
   </div>
   <div class='ocr_carea' id='block_1_16' title="bbox 150 1393 1659 1474">
    <p class='ocr_par' dir='ltr' id='par_1_16' title="bbox 150 1393 1659 1474">
     <span class='ocr_line' id='line_1_16' title="bbox 150 1393 1659 1474; baseline 0.007 -28"><span class='ocrx_word' id='word_1_118' title='bbox 150 1393 297 1456; x_wconf 74' lang='grc' dir='ltr'>ὓδατος</span> <span class='ocrx_word' id='word_1_119' title='bbox 311 1394 434 1465; x_wconf 86' lang='grc' dir='ltr'>ὀρῶν</span> <span class='ocrx_word' id='word_1_120' title='bbox 456 1395 540 1447; x_wconf 69' lang='grc' dir='ltr'><strong>τὸν</strong></span> <span class='ocrx_word' id='word_1_121' title='bbox 566 1395 716 1465; x_wconf 76' lang='grc' dir='ltr'>ἣλιον</span> <span class='ocrx_word' id='word_1_122' title='bbox 746 1397 840 1450; x_wconf 71' lang='grc' dir='ltr'>καὶ</span> <span class='ocrx_word' id='word_1_123' title='bbox 868 1395 936 1449; x_wconf 83' lang='grc' dir='ltr'>τὰ</span> <span class='ocrx_word' id='word_1_124' title='bbox 966 1397 1100 1452; x_wconf 81' lang='grc' dir='ltr'>ἄλλα</span> <span class='ocrx_word' id='word_1_125' title='bbox 1129 1400 1324 1469; x_wconf 80' lang='grc' dir='ltr'>ἄστρα,</span> <span class='ocrx_word' id='word_1_126' title='bbox 1351 1402 1449 1474; x_wconf 80' lang='grc' dir='ltr'><strong>τὴν</strong></span> <span class='ocrx_word' id='word_1_127' title='bbox 1470 1402 1659 1456; x_wconf 87' lang='grc' dir='ltr'>θάλατ-</span> 
     </span>
    </p>
   </div>
   <div class='ocr_carea' id='block_1_17' title="bbox 150 1483 1656 1564">
    <p class='ocr_par' dir='ltr' id='par_1_17' title="bbox 150 1483 1656 1564">
     <span class='ocr_line' id='line_1_17' title="bbox 150 1483 1656 1564; baseline 0.008 -26"><span class='ocrx_word' id='word_1_128' title='bbox 150 1503 223 1539; x_wconf 80' lang='grc' dir='ltr'><strong>ταν</strong></span> <span class='ocrx_word' id='word_1_129' title='bbox 245 1489 398 1556; x_wconf 81' lang='grc' dir='ltr'>ἡγοῖτο</span> <span class='ocrx_word' id='word_1_130' title='bbox 434 1487 652 1558; x_wconf 72' lang='grc' dir='ltr'>οὐρανὸν</span> <span class='ocrx_word' id='word_1_131' title='bbox 692 1483 862 1542; x_wconf 79' lang='grc' dir='ltr'>εἶναι·</span> <span class='ocrx_word' id='word_1_132' title='bbox 903 1490 990 1544; x_wconf 78' lang='grc' dir='ltr'>διὰ</span> <span class='ocrx_word' id='word_1_133' title='bbox 1035 1491 1092 1544; x_wconf 80' lang='grc' dir='ltr'><strong>δὲ</strong></span> <span class='ocrx_word' id='word_1_134' title='bbox 1136 1492 1442 1564; x_wconf 80' lang='grc' dir='ltr'>βραδυτῆτά</span> <span class='ocrx_word' id='word_1_135' title='bbox 1472 1513 1530 1548; x_wconf 88' lang='grc' dir='ltr'><strong>τε</strong></span> <span class='ocrx_word' id='word_1_136' title='bbox 1561 1498 1656 1550; x_wconf 77' lang='grc' dir='ltr'><strong>καὶ</strong></span> 
     </span>
    </p>
   </div>
   <div class='ocr_carea' id='block_1_18' title="bbox 149 1577 1656 1658">
    <p class='ocr_par' dir='ltr' id='par_1_18' title="bbox 149 1577 1656 1658">
     <span class='ocr_line' id='line_1_18' title="bbox 149 1577 1656 1658; baseline 0.009 -29"><span class='ocrx_word' id='word_1_137' title='bbox 149 1577 369 1631; x_wconf 76' lang='grc' dir='ltr'>ἀσθένειαν</span> <span class='ocrx_word' id='word_1_138' title='bbox 399 1579 523 1650; x_wconf 79' lang='grc' dir='ltr'>μηδὲ</span> <span class='ocrx_word' id='word_1_139' title='bbox 568 1580 787 1635; x_wconf 85' lang='grc' dir='ltr'>πώποτε</span> <span class='ocrx_word' id='word_1_140' title='bbox 838 1583 929 1635; x_wconf 75' lang='grc' dir='ltr'><strong>ἐπὶ</strong></span> <span class='ocrx_word' id='word_1_141' title='bbox 969 1583 1038 1636; x_wconf 83' lang='grc' dir='ltr'>τὰ</span> <span class='ocrx_word' id='word_1_142' title='bbox 1080 1585 1224 1656; x_wconf 78' lang='grc' dir='ltr'>ἄκρα</span> <span class='ocrx_word' id='word_1_143' title='bbox 1258 1586 1356 1656; x_wconf 84' lang='grc' dir='ltr'>τῆς</span> <span class='ocrx_word' id='word_1_144' title='bbox 1388 1586 1656 1658; x_wconf 77' lang='grc' dir='ltr'><strong>θαλάττης</strong></span> 
     </span>
    </p>
   </div>
   <div class='ocr_carea' id='block_1_19' title="bbox 149 1669 1655 1744">
    <p class='ocr_par' dir='ltr' id='par_1_19' title="bbox 149 1669 1655 1744">
     <span class='ocr_line' id='line_1_19' title="bbox 149 1669 1655 1744; baseline 0.008 -24"><span class='ocrx_word' id='word_1_145' title='bbox 149 1669 212 1736; x_wconf 80' lang='grc' dir='ltr'><strong>εἴη</strong></span> <span class='ocrx_word' id='word_1_146' title='bbox 233 1670 512 1739; x_wconf 77' lang='grc' dir='ltr'>ἀφιγμένος.</span> <span class='ocrx_word' id='word_1_147' title='bbox 545 1672 679 1743; x_wconf 80' lang='grc' dir='ltr'>μηδὲ</span> <span class='ocrx_word' id='word_1_148' title='bbox 703 1672 963 1744; x_wconf 83' lang='grc' dir='ltr'>ἑωρακὼς</span> <span class='ocrx_word' id='word_1_149' title='bbox 996 1675 1102 1744; x_wconf 80' lang='grc' dir='ltr'>εἴη,</span> <span class='ocrx_word' id='word_1_150' title='bbox 1140 1676 1298 1740; x_wconf 72' lang='grc' dir='ltr'>ἐκδὺς</span> <span class='ocrx_word' id='word_1_151' title='bbox 1327 1677 1421 1730; x_wconf 68' lang='grc' dir='ltr'><strong>καὶ</strong></span> <span class='ocrx_word' id='word_1_152' title='bbox 1454 1679 1655 1731; x_wconf 84' lang='grc' dir='ltr'>ἀνακύ-</span> 
     </span>
    </p>
   </div>
   <div class='ocr_carea' id='block_1_20' title="bbox 1769 475 3342 549">
    <p class='ocr_par' dir='ltr' id='par_1_20' title="bbox 1769 475 3342 549">
     <span class='ocr_line' id='line_1_20' title="bbox 1769 475 3342 549; baseline 0.006 -19"><span class='ocrx_word' id='word_1_153' title='bbox 1769 475 2002 532; x_wconf 87' lang='lat' dir='ltr'><strong>Phaside</strong></span> <span class='ocrx_word' id='word_1_154' title='bbox 2053 478 2119 532; x_wconf 86' lang='lat' dir='ltr'><strong>ad</strong></span> <span class='ocrx_word' id='word_1_155' title='bbox 2170 478 2465 532; x_wconf 86' lang='lat' dir='ltr'><strong>Columnas</strong></span> <span class='ocrx_word' id='word_1_156' title='bbox 2511 477 2778 540; x_wconf 90' lang='lat' dir='ltr'><strong>llerculis.</strong></span> <span class='ocrx_word' id='word_1_157' title='bbox 2827 482 3049 549; x_wconf 72' lang='lat' dir='ltr'><strong>perinde</strong></span> <span class='ocrx_word' id='word_1_158' title='bbox 3099 493 3156 537; x_wconf 90' lang='lat' dir='ltr'><strong>ut</strong></span> <span class='ocrx_word' id='word_1_159' title='bbox 3198 484 3342 539; x_wconf 78' lang='lat' dir='ltr'><strong>circa</strong></span> 
     </span>
    </p>
   </div>
   <div class='ocr_carea' id='block_1_21' title="bbox 1767 571 3345 642">
    <p class='ocr_par' dir='ltr' id='par_1_21' title="bbox 1767 571 3345 642">
     <span class='ocr_line' id='line_1_21' title="bbox 1767 571 3345 642; baseline 0.001 -15"><span class='ocrx_word' id='word_1_160' title='bbox 1767 573 2018 642; x_wconf 88' lang='lat' dir='ltr'><strong>paludem</strong></span> <span class='ocrx_word' id='word_1_161' title='bbox 2075 571 2340 634; x_wconf 68' lang='lat' dir='ltr'><strong>formicae,</strong></span> <span class='ocrx_word' id='word_1_162' title='bbox 2389 584 2484 625; x_wconf 85' lang='lat' dir='ltr'><strong>aut</strong></span> <span class='ocrx_word' id='word_1_163' title='bbox 2535 588 2681 626; x_wconf 69' lang='lat' dir='ltr'><strong>rana:</strong></span> <span class='ocrx_word' id='word_1_164' title='bbox 2719 573 2861 627; x_wconf 87' lang='lat' dir='ltr'><strong>circa</strong></span> <span class='ocrx_word' id='word_1_165' title='bbox 2921 589 3090 640; x_wconf 88' lang='lat' dir='ltr'><strong>mare,</strong></span> <span class='ocrx_word' id='word_1_166' title='bbox 3138 574 3345 629; x_wconf 66' lang='lat' dir='ltr'><strong>habitev</strong></span> 
     </span>
    </p>
   </div>
   <div class='ocr_carea' id='block_1_22' title="bbox 1767 665 3344 736">
    <p class='ocr_par' dir='ltr' id='par_1_22' title="bbox 1767 665 3344 736">
     <span class='ocr_line' id='line_1_22' title="bbox 1767 665 3344 736; baseline 0.001 -18"><span class='ocrx_word' id='word_1_167' title='bbox 1767 682 1928 732; x_wconf 88' lang='lat' dir='ltr'><strong>mus;</strong></span> <span class='ocrx_word' id='word_1_168' title='bbox 1963 667 2192 736; x_wconf 85' lang='lat' dir='ltr'><strong>locaque</strong></span> <span class='ocrx_word' id='word_1_169' title='bbox 2233 666 2486 720; x_wconf 86' lang='lat' dir='ltr'><strong>similiter</strong></span> <span class='ocrx_word' id='word_1_170' title='bbox 2525 665 2575 720; x_wconf 91' lang='lat' dir='ltr'><strong>id</strong></span> <span class='ocrx_word' id='word_1_171' title='bbox 2610 683 2780 736; x_wconf 74' lang='lat' dir='ltr'><strong>genus</strong></span> <span class='ocrx_word' id='word_1_172' title='bbox 2826 667 2928 719; x_wconf 83' lang='lat' dir='ltr'><strong>alia</strong></span> <span class='ocrx_word' id='word_1_173' title='bbox 2963 667 3242 736; x_wconf 89' lang='lat' dir='ltr'><strong>pleraque,</strong></span> <span class='ocrx_word' id='word_1_174' title='bbox 3274 668 3344 720; x_wconf 82' lang='lat' dir='ltr'><strong>ab</strong></span> 
     </span>
    </p>
   </div>
   <div class='ocr_carea' id='block_1_23' title="bbox 1764 755 3340 827">
    <p class='ocr_par' dir='ltr' id='par_1_23' title="bbox 1764 755 3340 827">
     <span class='ocr_line' id='line_1_23' title="bbox 1764 755 3340 827; baseline 0.003 -19"><span class='ocrx_word' id='word_1_175' title='bbox 1764 755 1888 811; x_wconf 89' lang='lat' dir='ltr'><strong>aliis</strong></span> <span class='ocrx_word' id='word_1_176' title='bbox 1944 757 2147 826; x_wconf 88' lang='lat' dir='ltr'><strong>passim</strong></span> <span class='ocrx_word' id='word_1_177' title='bbox 2203 773 2368 827; x_wconf 90' lang='lat' dir='ltr'><strong>quam</strong></span> <span class='ocrx_word' id='word_1_178' title='bbox 2421 757 2669 825; x_wconf 85' lang='lat' dir='ltr'><strong>plurimis</strong></span> <span class='ocrx_word' id='word_1_179' title='bbox 2729 757 3055 811; x_wconf 76' lang='lat' dir='ltr'><strong>incoluntur.</strong></span> <span class='ocrx_word' id='word_1_180' title='bbox 3116 757 3340 814; x_wconf 79' lang='lat' dir='ltr'><strong>Terram</strong></span> 
     </span>
    </p>
   </div>
   <div class='ocr_carea' id='block_1_24' title="bbox 1763 847 3340 923">
    <p class='ocr_par' dir='ltr' id='par_1_24' title="bbox 1763 847 3340 923">
     <span class='ocr_line' id='line_1_24' title="bbox 1763 847 3340 923; baseline 0.004 -22"><span class='ocrx_word' id='word_1_181' title='bbox 1763 847 1908 901; x_wconf 90' lang='lat' dir='ltr'><strong>enim</strong></span> <span class='ocrx_word' id='word_1_182' title='bbox 1938 847 2197 902; x_wconf 78' lang='lat' dir='ltr'><strong>concavis</strong></span> <span class='ocrx_word' id='word_1_183' title='bbox 2228 849 2429 917; x_wconf 86' lang='lat' dir='ltr'><strong>ubique</strong></span> <span class='ocrx_word' id='word_1_184' title='bbox 2456 848 2724 916; x_wconf 75' lang='lat' dir='ltr'><strong>partibus,</strong></span> <span class='ocrx_word' id='word_1_185' title='bbox 2761 849 2934 918; x_wconf 84' lang='lat' dir='ltr'><strong>iisque</strong></span> <span class='ocrx_word' id='word_1_186' title='bbox 2967 861 3073 904; x_wconf 89' lang='lat' dir='ltr'><strong>tam</strong></span> <span class='ocrx_word' id='word_1_187' title='bbox 3127 855 3340 923; x_wconf 80' lang='lat' dir='ltr'><strong>magni-</strong></span> 
     </span>
    </p>
   </div>
   <div class='ocr_carea' id='block_1_25' title="bbox 1763 936 3344 1012">
    <p class='ocr_par' dir='ltr' id='par_1_25' title="bbox 1763 936 3344 1012">
     <span class='ocr_line' id='line_1_25' title="bbox 1763 936 3344 1012; baseline 0.005 -22"><span class='ocrx_word' id='word_1_188' title='bbox 1763 937 1956 991; x_wconf 94' lang='lat' dir='ltr'><strong>tudine</strong></span> <span class='ocrx_word' id='word_1_189' title='bbox 2013 953 2177 1007; x_wconf 89' lang='lat' dir='ltr'><strong>quam</strong></span> <span class='ocrx_word' id='word_1_190' title='bbox 2239 936 2411 1008; x_wconf 79' lang='lat' dir='ltr'><strong>ﬁgura</strong></span> <span class='ocrx_word' id='word_1_191' title='bbox 2464 939 2694 994; x_wconf 72' lang='lat' dir='ltr'><strong>diversis</strong></span> <span class='ocrx_word' id='word_1_192' title='bbox 2744 940 3044 1003; x_wconf 68' lang='lat' dir='ltr'><strong>abundare,</strong></span> <span class='ocrx_word' id='word_1_193' title='bbox 3103 941 3155 995; x_wconf 93' lang='lat' dir='ltr'><strong>in</strong></span> <span class='ocrx_word' id='word_1_194' title='bbox 3205 959 3344 1012; x_wconf 86' lang='lat' dir='ltr'><strong>quas</strong></span> 
     </span>
    </p>
   </div>
   <div class='ocr_carea' id='block_1_26' title="bbox 1763 1028 3348 1103">
    <p class='ocr_par' dir='ltr' id='par_1_26' title="bbox 1763 1028 3348 1103">
     <span class='ocr_line' id='line_1_26' title="bbox 1763 1028 3348 1103; baseline 0.003 -21"><span class='ocrx_word' id='word_1_195' title='bbox 1763 1029 1931 1093; x_wconf 86' lang='lat' dir='ltr'><strong>unda,</strong></span> <span class='ocrx_word' id='word_1_196' title='bbox 1981 1029 2156 1099; x_wconf 80' lang='lat' dir='ltr'><strong>caligo</strong></span> <span class='ocrx_word' id='word_1_197' title='bbox 2185 1038 2239 1082; x_wconf 94' lang='lat' dir='ltr'><strong>et</strong></span> <span class='ocrx_word' id='word_1_198' title='bbox 2268 1044 2360 1083; x_wconf 90' lang='lat' dir='ltr'><strong>acr</strong></span> <span class='ocrx_word' id='word_1_199' title='bbox 2392 1028 2753 1084; x_wconf 80' lang='lat' dir='ltr'><strong>conﬂuxerint</strong></span> <span class='ocrx_word' id='word_1_200' title='bbox 2806 1049 2818 1084; x_wconf 92' lang='lat'>:</span> <span class='ocrx_word' id='word_1_201' title='bbox 2877 1031 3047 1100; x_wconf 82' lang='lat' dir='ltr'>ipsam</span> <span class='ocrx_word' id='word_1_202' title='bbox 3083 1048 3210 1087; x_wconf 88' lang='lat' dir='ltr'><strong>vero</strong></span> <span class='ocrx_word' id='word_1_203' title='bbox 3248 1048 3348 1103; x_wconf 82' lang='lat' dir='ltr'><strong>per</strong></span> 
     </span>
    </p>
   </div>
   <div class='ocr_carea' id='block_1_27' title="bbox 1762 1122 3339 1195">
    <p class='ocr_par' dir='ltr' id='par_1_27' title="bbox 1762 1122 3339 1195">
     <span class='ocr_line' id='line_1_27' title="bbox 1762 1122 3339 1195; baseline 0.001 -19"><span class='ocrx_word' id='word_1_204' title='bbox 1762 1137 1821 1176; x_wconf 89' lang='lat' dir='ltr'><strong>se</strong></span> <span class='ocrx_word' id='word_1_205' title='bbox 1848 1137 2039 1191; x_wconf 89' lang='lat' dir='ltr'><strong>puram</strong></span> <span class='ocrx_word' id='word_1_206' title='bbox 2067 1137 2207 1192; x_wconf 91' lang='lat' dir='ltr'><strong>puro</strong></span> <span class='ocrx_word' id='word_1_207' title='bbox 2236 1122 2289 1175; x_wconf 94' lang='lat' dir='ltr'><strong>in</strong></span> <span class='ocrx_word' id='word_1_208' title='bbox 2325 1123 2466 1176; x_wconf 68' lang='lat' dir='ltr'><strong>cmlo</strong></span> <span class='ocrx_word' id='word_1_209' title='bbox 2494 1123 2654 1178; x_wconf 88' lang='lat' dir='ltr'><strong>sitam</strong></span> <span class='ocrx_word' id='word_1_210' title='bbox 2705 1140 2848 1186; x_wconf 88' lang='lat' dir='ltr'><strong>esse,</strong></span> <span class='ocrx_word' id='word_1_211' title='bbox 2887 1125 3029 1195; x_wconf 86' lang='lat' dir='ltr'><strong>quod</strong></span> <span class='ocrx_word' id='word_1_212' title='bbox 3081 1135 3132 1180; x_wconf 87' lang='lat' dir='ltr'><strong>et</strong></span> <span class='ocrx_word' id='word_1_213' title='bbox 3161 1135 3339 1179; x_wconf 90' lang='lat' dir='ltr'><strong>astro-</strong></span> 
     </span>
    </p>
   </div>
   <div class='ocr_carea' id='block_1_28' title="bbox 1760 1212 3342 1284">
    <p class='ocr_par' dir='ltr' id='par_1_28' title="bbox 1760 1212 3342 1284">
     <span class='ocr_line' id='line_1_28' title="bbox 1760 1212 3342 1284; baseline 0.002 -19"><span class='ocrx_word' id='word_1_214' title='bbox 1760 1229 1882 1266; x_wconf 87' lang='lat' dir='ltr'><strong>rum</strong></span> <span class='ocrx_word' id='word_1_215' title='bbox 1923 1212 2082 1266; x_wconf 84' lang='lat' dir='ltr'><strong>sedes</strong></span> <span class='ocrx_word' id='word_1_216' title='bbox 2108 1221 2213 1275; x_wconf 88' lang='lat' dir='ltr'><strong>est,</strong></span> <span class='ocrx_word' id='word_1_217' title='bbox 2244 1221 2299 1265; x_wconf 84' lang='lat' dir='ltr'><strong>et</strong></span> <span class='ocrx_word' id='word_1_218' title='bbox 2349 1228 2379 1265; x_wconf 89' lang='lat' dir='ltr'><strong>a</strong></span> <span class='ocrx_word' id='word_1_219' title='bbox 2411 1213 2685 1282; x_wconf 84' lang='lat' dir='ltr'><strong>plerisque</strong></span> <span class='ocrx_word' id='word_1_220' title='bbox 2715 1215 2992 1276; x_wconf 79' lang='lat' dir='ltr'><strong>uiiinilms,</strong></span> <span class='ocrx_word' id='word_1_221' title='bbox 3023 1215 3115 1284; x_wconf 90' lang='lat' dir='ltr'><strong>qui</strong></span> <span class='ocrx_word' id='word_1_222' title='bbox 3161 1217 3244 1268; x_wconf 84' lang='lat' dir='ltr'><strong>his</strong></span> <span class='ocrx_word' id='word_1_223' title='bbox 3273 1215 3342 1268; x_wconf 79' lang='lat' dir='ltr'><strong>de</strong></span> 
     </span>
    </p>
   </div>
   <div class='ocr_carea' id='block_1_29' title="bbox 1759 1302 3336 1372">
    <p class='ocr_par' dir='ltr' id='par_1_29' title="bbox 1759 1302 3336 1372">
     <span class='ocr_line' id='line_1_29' title="bbox 1759 1302 3336 1372; baseline 0.001 -16"><span class='ocrx_word' id='word_1_224' title='bbox 1759 1303 1924 1357; x_wconf 87' lang='lat' dir='ltr'><strong>rebus</strong></span> <span class='ocrx_word' id='word_1_225' title='bbox 1975 1311 2210 1356; x_wconf 73' lang='lat' dir='ltr'><strong>tractare</strong></span> <span class='ocrx_word' id='word_1_226' title='bbox 2268 1303 2468 1369; x_wconf 84' lang='lat' dir='ltr'><strong>solent,</strong></span> <span class='ocrx_word' id='word_1_227' title='bbox 2521 1305 2689 1357; x_wconf 54' lang='lat' dir='ltr'><strong>aether</strong></span> <span class='ocrx_word' id='word_1_228' title='bbox 2740 1305 3064 1372; x_wconf 87' lang='lat' dir='ltr'><strong>appellatur.</strong></span> <span class='ocrx_word' id='word_1_229' title='bbox 3127 1302 3336 1359; x_wconf 71' lang='lat' dir='ltr'><strong>Faecem</strong></span> 
     </span>
    </p>
   </div>
   <div class='ocr_carea' id='block_1_30' title="bbox 1760 1395 3324 1469">
    <p class='ocr_par' dir='ltr' id='par_1_30' title="bbox 1760 1395 3324 1469">
     <span class='ocr_line' id='line_1_30' title="bbox 1760 1395 3324 1469; baseline 0.003 -21"><span class='ocrx_word' id='word_1_230' title='bbox 1760 1395 1924 1465; x_wconf 82' lang='lat' dir='ltr'><strong>hujus</strong></span> <span class='ocrx_word' id='word_1_231' title='bbox 1952 1396 2247 1464; x_wconf 84' lang='lat' dir='ltr'><strong>quamdam</strong></span> <span class='ocrx_word' id='word_1_232' title='bbox 2264 1396 2367 1449; x_wconf 90' lang='lat' dir='ltr'><strong>tria</strong></span> <span class='ocrx_word' id='word_1_233' title='bbox 2409 1395 2512 1450; x_wconf 87' lang='lat' dir='ltr'><strong>ista</strong></span> <span class='ocrx_word' id='word_1_234' title='bbox 2543 1411 2686 1460; x_wconf 88' lang='lat' dir='ltr'><strong>esse,</strong></span> <span class='ocrx_word' id='word_1_235' title='bbox 2713 1410 2779 1450; x_wconf 87' lang='lat' dir='ltr'><strong>ac</strong></span> <span class='ocrx_word' id='word_1_236' title='bbox 2811 1411 3025 1469; x_wconf 82' lang='lat' dir='ltr'><strong>semper</strong></span> <span class='ocrx_word' id='word_1_237' title='bbox 3057 1398 3108 1450; x_wconf 91' lang='lat' dir='ltr'><strong>in</strong></span> <span class='ocrx_word' id='word_1_238' title='bbox 3138 1412 3324 1452; x_wconf 76' lang='lat' dir='ltr'><strong>conca-</strong></span> 
     </span>
    </p>
   </div>
   <div class='ocr_carea' id='block_1_31' title="bbox 1758 1485 3338 1559">
    <p class='ocr_par' dir='ltr' id='par_1_31' title="bbox 1758 1485 3338 1559">
     <span class='ocr_line' id='line_1_31' title="bbox 1758 1485 3338 1559; baseline 0.003 -21"><span class='ocrx_word' id='word_1_239' title='bbox 1758 1503 1855 1541; x_wconf 82' lang='lat' dir='ltr'><strong>vas</strong></span> <span class='ocrx_word' id='word_1_240' title='bbox 1906 1497 2064 1541; x_wconf 67' lang='lat' dir='ltr'><strong>terra:</strong></span> <span class='ocrx_word' id='word_1_241' title='bbox 2110 1487 2427 1541; x_wconf 80' lang='lat' dir='ltr'><strong>altitudines</strong></span> <span class='ocrx_word' id='word_1_242' title='bbox 2479 1486 2774 1542; x_wconf 85' lang='lat' dir='ltr'><strong>conﬂuere.</strong></span> <span class='ocrx_word' id='word_1_243' title='bbox 2825 1485 2935 1542; x_wconf 82' lang='lat' dir='ltr'><strong>Nos</strong></span> <span class='ocrx_word' id='word_1_244' title='bbox 2987 1504 3151 1558; x_wconf 90' lang='lat' dir='ltr'><strong>porro</strong></span> <span class='ocrx_word' id='word_1_245' title='bbox 3182 1530 3196 1554; x_wconf 91' lang='lat'><strong>,</strong></span> <span class='ocrx_word' id='word_1_246' title='bbox 3243 1490 3338 1559; x_wconf 82' lang='lat' dir='ltr'><strong>qui</strong></span> 
     </span>
    </p>
   </div>
   <div class='ocr_carea' id='block_1_32' title="bbox 1759 1579 3339 1651">
    <p class='ocr_par' dir='ltr' id='par_1_32' title="bbox 1759 1579 3339 1651">
     <span class='ocr_line' id='line_1_32' title="bbox 1759 1579 3339 1651; baseline 0.003 -19"><span class='ocrx_word' id='word_1_247' title='bbox 1759 1589 1945 1648; x_wconf 87' lang='lat' dir='ltr'><strong>partes</strong></span> <span class='ocrx_word' id='word_1_248' title='bbox 1991 1579 2115 1634; x_wconf 90' lang='lat' dir='ltr'><strong>illas</strong></span> <span class='ocrx_word' id='word_1_249' title='bbox 2162 1579 2534 1650; x_wconf 87' lang='lat' dir='ltr'><strong>depressiores</strong></span> <span class='ocrx_word' id='word_1_250' title='bbox 2585 1579 2924 1644; x_wconf 89' lang='lat' dir='ltr'><strong>incolamus,</strong></span> <span class='ocrx_word' id='word_1_251' title='bbox 2979 1597 3154 1651; x_wconf 89' lang='lat' dir='ltr'><strong>usque</strong></span> <span class='ocrx_word' id='word_1_252' title='bbox 3203 1581 3339 1637; x_wconf 88' lang='lat' dir='ltr'><strong>adeo</strong></span> 
     </span>
    </p>
   </div>
   <div class='ocr_carea' id='block_1_33' title="bbox 1758 1671 3333 1742">
    <p class='ocr_par' dir='ltr' id='par_1_33' title="bbox 1758 1671 3333 1742">
     <span class='ocr_line' id='line_1_33' title="bbox 1758 1671 3333 1742; baseline 0.005 -18"><span class='ocrx_word' id='word_1_253' title='bbox 1758 1671 1896 1738; x_wconf 75' lang='lat' dir='ltr'><strong>falli,</strong></span> <span class='ocrx_word' id='word_1_254' title='bbox 1930 1681 1989 1724; x_wconf 93' lang='lat' dir='ltr'><strong>ut</strong></span> <span class='ocrx_word' id='word_1_255' title='bbox 2023 1672 2079 1724; x_wconf 93' lang='lat' dir='ltr'><strong>in</strong></span> <span class='ocrx_word' id='word_1_256' title='bbox 2119 1687 2332 1726; x_wconf 88' lang='lat' dir='ltr'><strong>summa</strong></span> <span class='ocrx_word' id='word_1_257' title='bbox 2388 1671 2546 1726; x_wconf 81' lang='lat' dir='ltr'><strong>nobis</strong></span> <span class='ocrx_word' id='word_1_258' title='bbox 2587 1682 2734 1726; x_wconf 84' lang='lat' dir='ltr'><strong>terra</strong></span> <span class='ocrx_word' id='word_1_259' title='bbox 2768 1673 2962 1742; x_wconf 80' lang='lat' dir='ltr'><strong>degere</strong></span> <span class='ocrx_word' id='word_1_260' title='bbox 3012 1675 3333 1732; x_wconf 78' lang='lat' dir='ltr'><strong>videamur:</strong></span> 
     </span>
    </p>
   </div>
   <div class='ocr_carea' id='block_1_34' title="bbox 144 1746 1650 1838">
    <p class='ocr_par' dir='ltr' id='par_1_34' title="bbox 144 1758 1650 1838">
     <span class='ocr_line' id='line_1_34' title="bbox 144 1758 1650 1838; baseline 0.008 -26"><span class='ocrx_word' id='word_1_261' title='bbox 144 1758 226 1827; x_wconf 62' lang='grc' dir='ltr'>φας</span> <span class='ocrx_word' id='word_1_262' title='bbox 245 1761 297 1813; x_wconf 82' lang='grc' dir='ltr'>ὲκ</span> <span class='ocrx_word' id='word_1_263' title='bbox 319 1761 403 1830; x_wconf 81' lang='grc' dir='ltr'>τῆς</span> <span class='ocrx_word' id='word_1_264' title='bbox 430 1760 692 1835; x_wconf 81' lang='grc' dir='ltr'><strong>Θαλάττης</strong></span> <span class='ocrx_word' id='word_1_265' title='bbox 727 1766 808 1828; x_wconf 88' lang='grc' dir='ltr'><strong>εἰς</strong></span> <span class='ocrx_word' id='word_1_266' title='bbox 837 1765 930 1817; x_wconf 79' lang='grc' dir='ltr'><strong>τὸν</strong></span> <span class='ocrx_word' id='word_1_267' title='bbox 963 1766 1146 1818; x_wconf 81' lang='grc' dir='ltr'>ἐνθάδε</span> <span class='ocrx_word' id='word_1_268' title='bbox 1195 1767 1377 1831; x_wconf 86' lang='grc' dir='ltr'>τόπον,</span> <span class='ocrx_word' id='word_1_269' title='bbox 1409 1769 1516 1838; x_wconf 78' lang='grc' dir='ltr'><strong>ὅσῳ</strong></span> <span class='ocrx_word' id='word_1_270' title='bbox 1551 1788 1650 1823; x_wconf 87' lang='grc' dir='ltr'>κα-</span> 
     </span>
    </p>
   </div>
   <div class='ocr_carea' id='block_1_35' title="bbox 1753 1746 3338 1838">
    <p class='ocr_par' dir='ltr' id='par_1_35' title="bbox 1757 1764 3338 1836">
     <span class='ocr_line' id='line_1_35' title="bbox 1757 1764 3338 1836; baseline 0.002 -20"><span class='ocrx_word' id='word_1_271' title='bbox 1757 1764 1979 1833; x_wconf 85' lang='lat' dir='ltr'><strong>perinde</strong></span> <span class='ocrx_word' id='word_1_272' title='bbox 2014 1773 2075 1817; x_wconf 91' lang='lat' dir='ltr'><strong>ut</strong></span> <span class='ocrx_word' id='word_1_273' title='bbox 2107 1765 2152 1820; x_wconf 91' lang='lat' dir='ltr'><strong>si</strong></span> <span class='ocrx_word' id='word_1_274' title='bbox 2187 1765 2314 1834; x_wconf 88' lang='lat' dir='ltr'><strong>quis</strong></span> <span class='ocrx_word' id='word_1_275' title='bbox 2341 1764 2470 1818; x_wconf 91' lang='lat' dir='ltr'><strong>dum</strong></span> <span class='ocrx_word' id='word_1_276' title='bbox 2505 1765 2558 1818; x_wconf 90' lang='lat' dir='ltr'><strong>in</strong></span> <span class='ocrx_word' id='word_1_277' title='bbox 2595 1765 2775 1818; x_wconf 90' lang='lat' dir='ltr'><strong>medio</strong></span> <span class='ocrx_word' id='word_1_278' title='bbox 2816 1765 2988 1836; x_wconf 78' lang='lat' dir='ltr'><strong>pelagi</strong></span> <span class='ocrx_word' id='word_1_279' title='bbox 3023 1766 3188 1820; x_wconf 81' lang='lat' dir='ltr'><strong>fundo</strong></span> <span class='ocrx_word' id='word_1_280' title='bbox 3218 1782 3338 1819; x_wconf 88' lang='lat' dir='ltr'><strong>ver-</strong></span> 
     </span>
    </p>
   </div>
   <div class='ocr_carea' id='block_1_36' title="bbox 146 1849 1652 1931">
    <p class='ocr_par' dir='ltr' id='par_1_36' title="bbox 146 1849 1652 1931">
     <span class='ocr_line' id='line_1_36' title="bbox 146 1849 1652 1931; baseline 0.009 -29"><span class='ocrx_word' id='word_1_281' title='bbox 146 1849 391 1921; x_wconf 77' lang='grc' dir='ltr'>θαρώτερος</span> <span class='ocrx_word' id='word_1_282' title='bbox 414 1853 502 1906; x_wconf 79' lang='grc' dir='ltr'><strong>καὶ</strong></span> <span class='ocrx_word' id='word_1_283' title='bbox 528 1853 757 1907; x_wconf 78' lang='grc' dir='ltr'>καλλίων</span> <span class='ocrx_word' id='word_1_284' title='bbox 787 1855 1039 1925; x_wconf 79' lang='grc' dir='ltr'>τυγχάνει</span> <span class='ocrx_word' id='word_1_285' title='bbox 1066 1859 1140 1909; x_wconf 77' lang='grc' dir='ltr'>ὢν</span> <span class='ocrx_word' id='word_1_286' title='bbox 1171 1858 1263 1912; x_wconf 79' lang='grc' dir='ltr'><strong>τού</strong></span> <span class='ocrx_word' id='word_1_287' title='bbox 1298 1860 1449 1931; x_wconf 73' lang='grc' dir='ltr'>παρὰ</span> <span class='ocrx_word' id='word_1_288' title='bbox 1480 1863 1652 1930; x_wconf 72' lang='grc' dir='ltr'>σφῖσι,</span> 
     </span>
    </p>
   </div>
   <div class='ocr_carea' id='block_1_37' title="bbox 146 1943 1653 2028">
    <p class='ocr_par' dir='ltr' id='par_1_37' title="bbox 146 1943 1653 2028">
     <span class='ocr_line' id='line_1_37' title="bbox 146 1943 1653 2028; baseline 0.011 -33"><span class='ocrx_word' id='word_1_289' title='bbox 146 1943 246 2011; x_wconf 74' lang='grc' dir='ltr'>μηδὲ</span> <span class='ocrx_word' id='word_1_290' title='bbox 273 1945 411 1999; x_wconf 84' lang='grc' dir='ltr'>ἄλλου</span> <span class='ocrx_word' id='word_1_291' title='bbox 438 1947 685 2018; x_wconf 82' lang='grc' dir='ltr'>ἀκηκοὼς</span> <span class='ocrx_word' id='word_1_292' title='bbox 718 1949 802 2021; x_wconf 83' lang='grc' dir='ltr'><strong>εἴη</strong></span> <span class='ocrx_word' id='word_1_293' title='bbox 840 1951 998 2005; x_wconf 80' lang='grc' dir='ltr'>τοῦτο</span> <span class='ocrx_word' id='word_1_294' title='bbox 1023 1953 1350 2024; x_wconf 74' lang='grc' dir='ltr'>ἑωρακότος.</span> <span class='ocrx_word' id='word_1_295' title='bbox 1382 1958 1556 2010; x_wconf 78' lang='grc' dir='ltr'>Ταυτὸ</span> <span class='ocrx_word' id='word_1_296' title='bbox 1589 1958 1653 2028; x_wconf 79' lang='grc' dir='ltr'>δὴ</span> 
     </span>
    </p>
   </div>
   <div class='ocr_carea' id='block_1_38' title="bbox 139 2035 1654 2119">
    <p class='ocr_par' dir='ltr' id='par_1_38' title="bbox 139 2035 1654 2119">
     <span class='ocr_line' id='line_1_38' title="bbox 139 2035 1654 2119; baseline 0.009 -32"><span class='ocrx_word' id='word_1_297' title='bbox 139 2035 258 2089; x_wconf 72' lang='grc' dir='ltr'>τοῦτο</span> <span class='ocrx_word' id='word_1_298' title='bbox 289 2041 375 2092; x_wconf 75' lang='grc' dir='ltr'><strong>καὶ</strong></span> <span class='ocrx_word' id='word_1_299' title='bbox 413 2042 557 2111; x_wconf 76' lang='grc' dir='ltr'>ἡμᾶς</span> <span class='ocrx_word' id='word_1_300' title='bbox 604 2043 950 2098; x_wconf 80' lang='grc' dir='ltr'>πεπονθέναι.</span> <span class='ocrx_word' id='word_1_301' title='bbox 989 2045 1284 2110; x_wconf 75' lang='grc' dir='ltr'>οἰκοῦντας</span> <span class='ocrx_word' id='word_1_302' title='bbox 1315 2047 1424 2119; x_wconf 72' lang='grc' dir='ltr'><strong>γάρ</strong></span> <span class='ocrx_word' id='word_1_303' title='bbox 1452 2048 1508 2100; x_wconf 84' lang='grc' dir='ltr'><strong>ἕν</strong></span> <span class='ocrx_word' id='word_1_304' title='bbox 1549 2067 1654 2102; x_wconf 75' lang='grc' dir='ltr'>τινι</span> 
     </span>
    </p>
   </div>
   <div class='ocr_carea' id='block_1_39' title="bbox 140 2129 1654 2208">
    <p class='ocr_par' dir='ltr' id='par_1_39' title="bbox 140 2129 1654 2208">
     <span class='ocr_line' id='line_1_39' title="bbox 140 2129 1654 2208; baseline 0.01 -29"><span class='ocrx_word' id='word_1_305' title='bbox 140 2129 264 2200; x_wconf 76' lang='grc' dir='ltr'>κοίλῳ</span> <span class='ocrx_word' id='word_1_306' title='bbox 287 2131 374 2201; x_wconf 81' lang='grc' dir='ltr'>τῆς</span> <span class='ocrx_word' id='word_1_307' title='bbox 397 2133 511 2204; x_wconf 83' lang='grc' dir='ltr'>γῆς,</span> <span class='ocrx_word' id='word_1_308' title='bbox 543 2134 752 2189; x_wconf 79' lang='grc' dir='ltr'>οἴεσθαι</span> <span class='ocrx_word' id='word_1_309' title='bbox 795 2138 980 2191; x_wconf 74' lang='grc' dir='ltr'>ἐπάνω</span> <span class='ocrx_word' id='word_1_310' title='bbox 1010 2139 1182 2208; x_wconf 73' lang='grc' dir='ltr'>αὐτῆς</span> <span class='ocrx_word' id='word_1_311' title='bbox 1211 2141 1397 2205; x_wconf 77' lang='grc' dir='ltr'>οἰκεῖν,</span> <span class='ocrx_word' id='word_1_312' title='bbox 1435 2141 1528 2194; x_wconf 71' lang='grc' dir='ltr'><strong>καὶ</strong></span> <span class='ocrx_word' id='word_1_313' title='bbox 1562 2141 1654 2194; x_wconf 73' lang='grc' dir='ltr'>τὸν</span> 
     </span>
    </p>
   </div>
   <div class='ocr_carea' id='block_1_40' title="bbox 137 2219 1653 2306">
    <p class='ocr_par' dir='ltr' id='par_1_40' title="bbox 137 2219 1653 2306">
     <span class='ocr_line' id='line_1_40' title="bbox 137 2219 1653 2306; baseline 0.01 -33"><span class='ocrx_word' id='word_1_314' title='bbox 137 2219 239 2290; x_wconf 76' lang='grc' dir='ltr'>ἀέρα</span> <span class='ocrx_word' id='word_1_315' title='bbox 258 2225 458 2294; x_wconf 78' lang='grc' dir='ltr'>οὐρανὸν</span> <span class='ocrx_word' id='word_1_316' title='bbox 484 2227 688 2288; x_wconf 85' lang='grc' dir='ltr'>καλεῖν,</span> <span class='ocrx_word' id='word_1_317' title='bbox 721 2229 796 2292; x_wconf 83' lang='grc' dir='ltr'>ὡς</span> <span class='ocrx_word' id='word_1_318' title='bbox 817 2230 902 2283; x_wconf 80' lang='grc' dir='ltr'><strong>διὰ</strong></span> <span class='ocrx_word' id='word_1_319' title='bbox 925 2232 1114 2285; x_wconf 87' lang='grc' dir='ltr'>τούτου</span> <span class='ocrx_word' id='word_1_320' title='bbox 1149 2234 1376 2306; x_wconf 79' lang='grc' dir='ltr'>ούρανοῦ</span> <span class='ocrx_word' id='word_1_321' title='bbox 1406 2235 1557 2298; x_wconf 80' lang='grc' dir='ltr'>ὄντος</span> <span class='ocrx_word' id='word_1_322' title='bbox 1585 2235 1653 2288; x_wconf 84' lang='grc' dir='ltr'><strong>τά</strong></span> 
     </span>
    </p>
   </div>
   <div class='ocr_carea' id='block_1_41' title="bbox 137 2310 1653 2391">
    <p class='ocr_par' dir='ltr' id='par_1_41' title="bbox 137 2310 1653 2391">
     <span class='ocr_line' id='line_1_41' title="bbox 137 2310 1653 2391; baseline 0.011 -28"><span class='ocrx_word' id='word_1_323' title='bbox 137 2310 270 2386; x_wconf 75' lang='grc' dir='ltr'>ἄστρα</span> <span class='ocrx_word' id='word_1_324' title='bbox 303 2317 583 2390; x_wconf 72' lang='grc' dir='ltr'>χωροῦντα.</span> <span class='ocrx_word' id='word_1_325' title='bbox 639 2320 710 2374; x_wconf 86' lang='grc' dir='ltr'><strong>Τὸ</strong></span> <span class='ocrx_word' id='word_1_326' title='bbox 742 2320 798 2373; x_wconf 80' lang='grc' dir='ltr'>δὲ</span> <span class='ocrx_word' id='word_1_327' title='bbox 836 2318 972 2376; x_wconf 76' lang='grc' dir='ltr'>εἶναι</span> <span class='ocrx_word' id='word_1_328' title='bbox 1019 2324 1206 2378; x_wconf 76' lang='grc' dir='ltr'>τοῦτον</span> <span class='ocrx_word' id='word_1_329' title='bbox 1246 2327 1334 2379; x_wconf 78' lang='grc' dir='ltr'>ὑπ’</span> <span class='ocrx_word' id='word_1_330' title='bbox 1370 2325 1653 2391; x_wconf 79' lang='grc' dir='ltr'>ἀσθενείας</span> 
     </span>
    </p>
   </div>
   <div class='ocr_carea' id='block_1_42' title="bbox 136 2405 1650 2487">
    <p class='ocr_par' dir='ltr' id='par_1_42' title="bbox 136 2405 1650 2487">
     <span class='ocr_line' id='line_1_42' title="bbox 136 2405 1650 2487; baseline 0.011 -31"><span class='ocrx_word' id='word_1_331' title='bbox 136 2405 205 2456; x_wconf 72' lang='grc' dir='ltr'><strong>καὶ</strong></span> <span class='ocrx_word' id='word_1_332' title='bbox 227 2406 540 2480; x_wconf 76' lang='grc' dir='ltr'>βραδυτῆτος,</span> <span class='ocrx_word' id='word_1_333' title='bbox 572 2413 673 2483; x_wconf 86' lang='grc' dir='ltr'><strong>ούχ</strong></span> <span class='ocrx_word' id='word_1_334' title='bbox 715 2414 859 2478; x_wconf 78' lang='grc' dir='ltr'>οἴους</span> <span class='ocrx_word' id='word_1_335' title='bbox 886 2409 1024 2468; x_wconf 77' lang='grc' dir='ltr'>εἶναι</span> <span class='ocrx_word' id='word_1_336' title='bbox 1063 2417 1210 2487; x_wconf 81' lang='grc' dir='ltr'>ἡμᾶς</span> <span class='ocrx_word' id='word_1_337' title='bbox 1237 2416 1524 2483; x_wconf 78' lang='grc' dir='ltr'>διεξελθεῖν</span> <span class='ocrx_word' id='word_1_338' title='bbox 1564 2421 1650 2472; x_wconf 80' lang='grc' dir='ltr'>ἐπ’</span> 
     </span>
    </p>
   </div>
   <div class='ocr_carea' id='block_1_43' title="bbox 135 2496 1648 2583">
    <p class='ocr_par' dir='ltr' id='par_1_43' title="bbox 135 2496 1648 2583">
     <span class='ocr_line' id='line_1_43' title="bbox 135 2496 1648 2583; baseline 0.01 -33"><span class='ocrx_word' id='word_1_339' title='bbox 135 2496 310 2566; x_wconf 67' lang='grc' dir='ltr'>ἔσχατον</span> <span class='ocrx_word' id='word_1_340' title='bbox 337 2503 497 2574; x_wconf 84' lang='grc' dir='ltr'>ἀέρα·</span> <span class='ocrx_word' id='word_1_341' title='bbox 539 2506 662 2558; x_wconf 73' lang='grc' dir='ltr'>ἐπεὶ</span> <span class='ocrx_word' id='word_1_342' title='bbox 695 2507 749 2559; x_wconf 75' lang='grc' dir='ltr'>εἴ</span> <span class='ocrx_word' id='word_1_343' title='bbox 778 2523 862 2570; x_wconf 88' lang='grc' dir='ltr'><strong>τις</strong></span> <span class='ocrx_word' id='word_1_344' title='bbox 908 2507 1071 2560; x_wconf 69' lang='grc' dir='ltr'>αὑτοῦ</span> <span class='ocrx_word' id='word_1_345' title='bbox 1105 2509 1192 2561; x_wconf 80' lang='grc' dir='ltr'><strong>ἐπ’</strong></span> <span class='ocrx_word' id='word_1_346' title='bbox 1226 2511 1370 2580; x_wconf 80' lang='grc' dir='ltr'>ἄκρα</span> <span class='ocrx_word' id='word_1_347' title='bbox 1415 2511 1577 2575; x_wconf 80' lang='grc' dir='ltr'>ἔλθοι,</span> <span class='ocrx_word' id='word_1_348' title='bbox 1616 2512 1648 2583; x_wconf 79' lang='grc' dir='ltr'><strong>ἢ</strong></span> 
     </span>
    </p>
   </div>
   <div class='ocr_carea' id='block_1_44' title="bbox 131 2590 1648 2672">
    <p class='ocr_par' dir='ltr' id='par_1_44' title="bbox 131 2590 1648 2672">
     <span class='ocr_line' id='line_1_44' title="bbox 131 2590 1648 2672; baseline 0.01 -29"><span class='ocrx_word' id='word_1_349' title='bbox 131 2590 287 2658; x_wconf 60' lang='grc' dir='ltr'>πτηνὸς</span> <span class='ocrx_word' id='word_1_350' title='bbox 305 2594 577 2664; x_wconf 86' lang='grc' dir='ltr'>γενόμενος</span> <span class='ocrx_word' id='word_1_351' title='bbox 598 2598 913 2661; x_wconf 85' lang='grc' dir='ltr'>ἀνάπτοιτο,</span> <span class='ocrx_word' id='word_1_352' title='bbox 937 2601 1170 2654; x_wconf 84' lang='grc' dir='ltr'>κατιδεῖν</span> <span class='ocrx_word' id='word_1_353' title='bbox 1190 2601 1254 2672; x_wconf 75' lang='grc' dir='ltr'><strong>δὴ</strong></span> <span class='ocrx_word' id='word_1_354' title='bbox 1277 2602 1648 2672; x_wconf 68' lang='grc' dir='ltr'>ἁνακύψαντα,</span> 
     </span>
    </p>
   </div>
   <div class='ocr_carea' id='block_1_45' title="bbox 131 2677 1650 2760">
    <p class='ocr_par' dir='ltr' id='par_1_45' title="bbox 131 2677 1650 2760">
     <span class='ocr_line' id='line_1_45' title="bbox 131 2677 1650 2760; baseline 0.013 -30"><span class='ocrx_word' id='word_1_355' title='bbox 131 2677 273 2752; x_wconf 75' lang='grc' dir='ltr'>ὥσπερ</span> <span class='ocrx_word' id='word_1_356' title='bbox 303 2684 473 2738; x_wconf 75' lang='grc' dir='ltr'>ἐνθάδε</span> <span class='ocrx_word' id='word_1_357' title='bbox 498 2688 547 2739; x_wconf 90' lang='grc' dir='ltr'><strong>οἰ</strong></span> <span class='ocrx_word' id='word_1_358' title='bbox 577 2689 644 2739; x_wconf 77' lang='grc' dir='ltr'>ἐκ</span> <span class='ocrx_word' id='word_1_359' title='bbox 680 2688 777 2759; x_wconf 82' lang='grc' dir='ltr'>τῆς</span> <span class='ocrx_word' id='word_1_360' title='bbox 809 2687 1076 2760; x_wconf 76' lang='grc' dir='ltr'>θαλάττης</span> <span class='ocrx_word' id='word_1_361' title='bbox 1113 2691 1290 2760; x_wconf 82' lang='grc' dir='ltr'>ἰχθύες</span> <span class='ocrx_word' id='word_1_362' title='bbox 1315 2693 1650 2749; x_wconf 82' lang='grc' dir='ltr'>ἀνακύπτον-</span> 
     </span>
    </p>
   </div>
   <div class='ocr_carea' id='block_1_46' title="bbox 131 2775 1652 2845">
    <p class='ocr_par' dir='ltr' id='par_1_46' title="bbox 131 2775 1652 2845">
     <span class='ocr_line' id='line_1_46' title="bbox 131 2775 1652 2845; baseline 0.011 -21"><span class='ocrx_word' id='word_1_363' title='bbox 131 2788 196 2835; x_wconf 79' lang='grc' dir='ltr'><strong>τες</strong></span> <span class='ocrx_word' id='word_1_364' title='bbox 214 2775 354 2845; x_wconf 73' lang='grc' dir='ltr'>ὁρῶσι</span> <span class='ocrx_word' id='word_1_365' title='bbox 375 2777 440 2831; x_wconf 80' lang='grc' dir='ltr'><strong>τά</strong></span> <span class='ocrx_word' id='word_1_366' title='bbox 473 2778 683 2841; x_wconf 82' lang='grc' dir='ltr'>ἐνθάδε,</span> <span class='ocrx_word' id='word_1_367' title='bbox 714 2779 881 2844; x_wconf 79' lang='grc' dir='ltr'>οὓτως</span> <span class='ocrx_word' id='word_1_368' title='bbox 908 2782 971 2835; x_wconf 71' lang='grc' dir='ltr'>ἄν</span> <span class='ocrx_word' id='word_1_369' title='bbox 1004 2799 1124 2836; x_wconf 88' lang='grc' dir='ltr'>τινα</span> <span class='ocrx_word' id='word_1_370' title='bbox 1147 2783 1240 2837; x_wconf 73' lang='grc' dir='ltr'><strong>καὶ</strong></span> <span class='ocrx_word' id='word_1_371' title='bbox 1270 2783 1338 2837; x_wconf 81' lang='grc' dir='ltr'><strong>τά</strong></span> <span class='ocrx_word' id='word_1_372' title='bbox 1375 2785 1492 2838; x_wconf 80' lang='grc' dir='ltr'>ἐκεῖ</span> <span class='ocrx_word' id='word_1_373' title='bbox 1521 2805 1652 2841; x_wconf 87' lang='grc' dir='ltr'>κατ-</span> 
     </span>
    </p>
   </div>
   <div class='ocr_carea' id='block_1_47' title="bbox 135 2861 1652 2946">
    <p class='ocr_par' dir='ltr' id='par_1_47' title="bbox 135 2861 1652 2946">
     <span class='ocr_line' id='line_1_47' title="bbox 135 2861 1652 2946; baseline 0.014 -35"><span class='ocrx_word' id='word_1_374' title='bbox 135 2861 246 2918; x_wconf 75' lang='grc' dir='ltr'>ιδεῖν.</span> <span class='ocrx_word' id='word_1_375' title='bbox 272 2867 369 2920; x_wconf 70' lang='grc' dir='ltr'><strong>Καὶ</strong></span> <span class='ocrx_word' id='word_1_376' title='bbox 413 2872 459 2922; x_wconf 78' lang='grc' dir='ltr'><strong>εἰ</strong></span> <span class='ocrx_word' id='word_1_377' title='bbox 488 2872 519 2941; x_wconf 84' lang='grc' dir='ltr'>ἡ</span> <span class='ocrx_word' id='word_1_378' title='bbox 558 2871 722 2940; x_wconf 75' lang='grc' dir='ltr'>φύσις</span> <span class='ocrx_word' id='word_1_379' title='bbox 749 2872 904 2944; x_wconf 82' lang='grc' dir='ltr'>ἱκανὴ</span> <span class='ocrx_word' id='word_1_380' title='bbox 939 2873 1022 2942; x_wconf 73' lang='grc' dir='ltr'>εἴη</span> <span class='ocrx_word' id='word_1_381' title='bbox 1062 2874 1348 2945; x_wconf 86' lang='grc' dir='ltr'>ἀνέχεσθαι</span> <span class='ocrx_word' id='word_1_382' title='bbox 1382 2877 1491 2946; x_wconf 76' lang='lat'><strong>(‘28)</strong></span> <span class='ocrx_word' id='word_1_383' title='bbox 1519 2878 1652 2932; x_wconf 88' lang='grc' dir='ltr'>θεω-</span> 
     </span>
    </p>
   </div>
   <div class='ocr_carea' id='block_1_48' title="bbox 130 2954 1652 3040">
    <p class='ocr_par' dir='ltr' id='par_1_48' title="bbox 130 2954 1652 3040">
     <span class='ocr_line' id='line_1_48' title="bbox 130 2954 1652 3040; baseline 0.009 -30"><span class='ocrx_word' id='word_1_384' title='bbox 130 2954 274 3023; x_wconf 69' lang='grc' dir='ltr'>ροῦσα,</span> <span class='ocrx_word' id='word_1_385' title='bbox 299 2960 487 3027; x_wconf 80' lang='grc' dir='ltr'>γνῶναι</span> <span class='ocrx_word' id='word_1_386' title='bbox 520 2962 608 3025; x_wconf 83' lang='grc' dir='ltr'><strong>ἂν,</strong></span> <span class='ocrx_word' id='word_1_387' title='bbox 642 2963 722 3016; x_wconf 85' lang='grc' dir='ltr'><strong>ὅτι</strong></span> <span class='ocrx_word' id='word_1_388' title='bbox 758 2964 963 3028; x_wconf 83' lang='grc' dir='ltr'>ἐκεῖνός</span> <span class='ocrx_word' id='word_1_389' title='bbox 1000 2966 1146 3018; x_wconf 78' lang='grc' dir='ltr'>ἐστιν</span> <span class='ocrx_word' id='word_1_390' title='bbox 1190 2969 1218 3019; x_wconf 89' lang='grc' dir='ltr'>ὁ</span> <span class='ocrx_word' id='word_1_391' title='bbox 1257 2967 1464 3039; x_wconf 77' lang='grc' dir='ltr'>ἀληθὴς</span> <span class='ocrx_word' id='word_1_392' title='bbox 1491 2969 1652 3040; x_wconf 76' lang='grc' dir='ltr'>ούραο</span> 
     </span>
    </p>
   </div>
   <div class='ocr_carea' id='block_1_49' title="bbox 1756 1856 3335 1928">
    <p class='ocr_par' dir='ltr' id='par_1_49' title="bbox 1756 1856 3335 1928">
     <span class='ocr_line' id='line_1_49' title="bbox 1756 1856 3335 1928; baseline 0.001 -18"><span class='ocrx_word' id='word_1_393' title='bbox 1756 1867 1995 1925; x_wconf 71' lang='lat' dir='ltr'><strong>saretur,</strong></span> <span class='ocrx_word' id='word_1_394' title='bbox 2033 1874 2090 1912; x_wconf 89' lang='lat' dir='ltr'><strong>se</strong></span> <span class='ocrx_word' id='word_1_395' title='bbox 2123 1867 2303 1911; x_wconf 86' lang='lat' dir='ltr'><strong>tamen</strong></span> <span class='ocrx_word' id='word_1_396' title='bbox 2339 1872 2562 1912; x_wconf 89' lang='lat' dir='ltr'><strong>summo</strong></span> <span class='ocrx_word' id='word_1_397' title='bbox 2591 1856 2645 1909; x_wconf 92' lang='lat' dir='ltr'><strong>in</strong></span> <span class='ocrx_word' id='word_1_398' title='bbox 2684 1871 2902 1924; x_wconf 75' lang='lat' dir='ltr'><strong>aequore</strong></span> <span class='ocrx_word' id='word_1_399' title='bbox 2930 1858 3144 1928; x_wconf 78' lang='lat' dir='ltr'><strong>degere,</strong></span> <span class='ocrx_word' id='word_1_400' title='bbox 3173 1858 3335 1912; x_wconf 89' lang='lat' dir='ltr'><strong>dum-</strong></span> 
     </span>
    </p>
   </div>
   <div class='ocr_carea' id='block_1_50' title="bbox 1753 1949 3335 2021">
    <p class='ocr_par' dir='ltr' id='par_1_50' title="bbox 1753 1949 3335 2021">
     <span class='ocr_line' id='line_1_50' title="bbox 1753 1949 3335 2021; baseline 0.001 -17"><span class='ocrx_word' id='word_1_401' title='bbox 1753 1967 1861 2021; x_wconf 87' lang='lat' dir='ltr'><strong>que</strong></span> <span class='ocrx_word' id='word_1_402' title='bbox 1891 1967 1986 2021; x_wconf 92' lang='lat' dir='ltr'><strong>per</strong></span> <span class='ocrx_word' id='word_1_403' title='bbox 2037 1952 2274 2006; x_wconf 83' lang='lat' dir='ltr'><strong>mediam</strong></span> <span class='ocrx_word' id='word_1_404' title='bbox 2313 1966 2511 2021; x_wconf 83' lang='lat' dir='ltr'><strong>aquam</strong></span> <span class='ocrx_word' id='word_1_405' title='bbox 2561 1949 2758 2005; x_wconf 78' lang='lat' dir='ltr'><strong>ccclum</strong></span> <span class='ocrx_word' id='word_1_406' title='bbox 2800 1964 2862 2003; x_wconf 90' lang='lat' dir='ltr'><strong>ac</strong></span> <span class='ocrx_word' id='word_1_407' title='bbox 2905 1949 3108 2020; x_wconf 85' lang='lat' dir='ltr'><strong>reliqua</strong></span> <span class='ocrx_word' id='word_1_408' title='bbox 3157 1951 3335 2006; x_wconf 81' lang='lat' dir='ltr'><strong>sidera</strong></span> 
     </span>
    </p>
   </div>
   <div class='ocr_carea' id='block_1_51' title="bbox 1756 2044 3332 2114">
    <p class='ocr_par' dir='ltr' id='par_1_51' title="bbox 1756 2044 3332 2114">
     <span class='ocr_line' id='line_1_51' title="bbox 1756 2044 3332 2114; baseline 0.003 -17"><span class='ocrx_word' id='word_1_409' title='bbox 1756 2044 2114 2114; x_wconf 85' lang='lat' dir='ltr'><strong>prospiceret.</strong></span> <span class='ocrx_word' id='word_1_410' title='bbox 2153 2059 2302 2098; x_wconf 90' lang='lat' dir='ltr'><strong>mare</strong></span> <span class='ocrx_word' id='word_1_411' title='bbox 2333 2045 2532 2098; x_wconf 73' lang='lat' dir='ltr'><strong>cmlum</strong></span> <span class='ocrx_word' id='word_1_412' title='bbox 2563 2044 2741 2113; x_wconf 91' lang='lat' dir='ltr'><strong>ipsum</strong></span> <span class='ocrx_word' id='word_1_413' title='bbox 2775 2059 2896 2099; x_wconf 86' lang='lat' dir='ltr'><strong>esse</strong></span> <span class='ocrx_word' id='word_1_414' title='bbox 2929 2045 3290 2100; x_wconf 81' lang='lat' dir='ltr'><strong>arbitraretur</strong></span> <span class='ocrx_word' id='word_1_415' title='bbox 3317 2065 3332 2101; x_wconf 87' lang='lat'>:</span> 
     </span>
    </p>
   </div>
   <div class='ocr_carea' id='block_1_52' title="bbox 1757 2133 3337 2204">
    <p class='ocr_par' dir='ltr' id='par_1_52' title="bbox 1757 2133 3337 2204">
     <span class='ocr_line' id='line_1_52' title="bbox 1757 2133 3337 2204; baseline 0.002 -19"><span class='ocrx_word' id='word_1_416' title='bbox 1757 2149 1880 2186; x_wconf 84' lang='lat' dir='ltr'><strong>eum</strong></span> <span class='ocrx_word' id='word_1_417' title='bbox 1943 2134 1990 2188; x_wconf 89' lang='lat' dir='ltr'><strong>is</strong></span> <span class='ocrx_word' id='word_1_418' title='bbox 2040 2133 2184 2204; x_wconf 89' lang='lat' dir='ltr'><strong>quod</strong></span> <span class='ocrx_word' id='word_1_419' title='bbox 2233 2133 2442 2188; x_wconf 87' lang='lat' dir='ltr'><strong>tardior</strong></span> <span class='ocrx_word' id='word_1_420' title='bbox 2482 2144 2628 2188; x_wconf 82' lang='lat' dir='ltr'><strong>esset</strong></span> <span class='ocrx_word' id='word_1_421' title='bbox 2668 2143 2832 2204; x_wconf 88' lang='lat' dir='ltr'><strong>atque</strong></span> <span class='ocrx_word' id='word_1_422' title='bbox 2865 2134 3151 2200; x_wconf 81' lang='lat' dir='ltr'><strong>inﬁrmior,</strong></span> <span class='ocrx_word' id='word_1_423' title='bbox 3195 2151 3337 2189; x_wconf 89' lang='lat' dir='ltr'><strong>nun-</strong></span> 
     </span>
    </p>
   </div>
   <div class='ocr_carea' id='block_1_53' title="bbox 1756 2225 3336 2296">
    <p class='ocr_par' dir='ltr' id='par_1_53' title="bbox 1756 2225 3336 2296">
     <span class='ocr_line' id='line_1_53' title="bbox 1756 2225 3336 2296; baseline 0.001 -18"><span class='ocrx_word' id='word_1_424' title='bbox 1756 2241 1922 2294; x_wconf 86' lang='lat' dir='ltr'><strong>quam</strong></span> <span class='ocrx_word' id='word_1_425' title='bbox 1960 2226 2043 2280; x_wconf 88' lang='lat' dir='ltr'><strong>vel</strong></span> <span class='ocrx_word' id='word_1_426' title='bbox 2072 2226 2135 2280; x_wconf 87' lang='lat' dir='ltr'><strong>ad</strong></span> <span class='ocrx_word' id='word_1_427' title='bbox 2163 2241 2439 2280; x_wconf 91' lang='lat' dir='ltr'><strong>summum</strong></span> <span class='ocrx_word' id='word_1_428' title='bbox 2489 2241 2677 2296; x_wconf 67' lang='lat' dir='ltr'><strong>aequor</strong></span> <span class='ocrx_word' id='word_1_429' title='bbox 2723 2227 3007 2289; x_wconf 76' lang='lat' dir='ltr'><strong>evasisset.</strong></span> <span class='ocrx_word' id='word_1_430' title='bbox 3044 2225 3126 2280; x_wconf 76' lang='lat' dir='ltr'><strong>vel</strong></span> <span class='ocrx_word' id='word_1_431' title='bbox 3159 2241 3336 2280; x_wconf 88' lang='lat' dir='ltr'><strong>emer-</strong></span> 
     </span>
    </p>
   </div>
   <div class='ocr_carea' id='block_1_54' title="bbox 1762 2318 3332 2390">
    <p class='ocr_par' dir='ltr' id='par_1_54' title="bbox 1762 2318 3332 2390">
     <span class='ocr_line' id='line_1_54' title="bbox 1762 2318 3332 2390; baseline 0.003 -20"><span class='ocrx_word' id='word_1_432' title='bbox 1762 2328 1921 2387; x_wconf 81' lang='lat' dir='ltr'><strong>gente</strong></span> <span class='ocrx_word' id='word_1_433' title='bbox 1951 2333 2014 2372; x_wconf 86' lang='lat' dir='ltr'><strong>ac</strong></span> <span class='ocrx_word' id='word_1_434' title='bbox 2037 2318 2253 2372; x_wconf 80' lang='lat' dir='ltr'><strong>sublato</strong></span> <span class='ocrx_word' id='word_1_435' title='bbox 2285 2319 2425 2373; x_wconf 81' lang='lat' dir='ltr'><strong>lianc</strong></span> <span class='ocrx_word' id='word_1_436' title='bbox 2447 2318 2501 2371; x_wconf 90' lang='lat' dir='ltr'><strong>in</strong></span> <span class='ocrx_word' id='word_1_437' title='bbox 2535 2321 2806 2383; x_wconf 72' lang='lat' dir='ltr'><strong>regionem</strong></span> <span class='ocrx_word' id='word_1_438' title='bbox 2838 2319 3034 2388; x_wconf 85' lang='lat' dir='ltr'><strong>capite,</strong></span> <span class='ocrx_word' id='word_1_439' title='bbox 3068 2327 3332 2390; x_wconf 86' lang='lat' dir='ltr'><strong>quantum</strong></span> 
     </span>
    </p>
   </div>
   <div class='ocr_carea' id='block_1_55' title="bbox 1752 2408 3336 2479">
    <p class='ocr_par' dir='ltr' id='par_1_55' title="bbox 1752 2408 3336 2479">
     <span class='ocr_line' id='line_1_55' title="bbox 1752 2408 3336 2479; baseline 0.001 -17"><span class='ocrx_word' id='word_1_440' title='bbox 1752 2424 1816 2462; x_wconf 80' lang='lat' dir='ltr'><strong>ea</strong></span> <span class='ocrx_word' id='word_1_441' title='bbox 1843 2423 1998 2462; x_wconf 89' lang='lat' dir='ltr'><strong>suam</strong></span> <span class='ocrx_word' id='word_1_442' title='bbox 2029 2409 2177 2462; x_wconf 88' lang='lat' dir='ltr'><strong>illam</strong></span> <span class='ocrx_word' id='word_1_443' title='bbox 2209 2408 2388 2463; x_wconf 86' lang='lat' dir='ltr'><strong>nitore</strong></span> <span class='ocrx_word' id='word_1_444' title='bbox 2417 2425 2481 2464; x_wconf 84' lang='lat' dir='ltr'><strong>ac</strong></span> <span class='ocrx_word' id='word_1_445' title='bbox 2513 2411 2914 2478; x_wconf 59' lang='lat' dir='ltr'><strong>pulchritudine</strong></span> <span class='ocrx_word' id='word_1_446' title='bbox 2946 2420 3186 2479; x_wconf 80' lang='lat' dir='ltr'><strong>superet,</strong></span> <span class='ocrx_word' id='word_1_447' title='bbox 3220 2413 3336 2465; x_wconf 84' lang='lat' dir='ltr'><strong>suis</strong></span> 
     </span>
    </p>
   </div>
   <div class='ocr_carea' id='block_1_56' title="bbox 1755 2500 3332 2574">
    <p class='ocr_par' dir='ltr' id='par_1_56' title="bbox 1755 2500 3332 2574">
     <span class='ocr_line' id='line_1_56' title="bbox 1755 2500 3332 2574; baseline 0.004 -20"><span class='ocrx_word' id='word_1_448' title='bbox 1755 2501 1871 2570; x_wconf 89' lang='lat' dir='ltr'><strong>ipse</strong></span> <span class='ocrx_word' id='word_1_449' title='bbox 1901 2500 2078 2555; x_wconf 83' lang='lat' dir='ltr'><strong>oculis</strong></span> <span class='ocrx_word' id='word_1_450' title='bbox 2110 2500 2315 2561; x_wconf 90' lang='lat' dir='ltr'><strong>videre,</strong></span> <span class='ocrx_word' id='word_1_451' title='bbox 2347 2511 2442 2556; x_wconf 87' lang='lat' dir='ltr'><strong>aut</strong></span> <span class='ocrx_word' id='word_1_452' title='bbox 2470 2503 2538 2556; x_wconf 86' lang='lat' dir='ltr'><strong>ab</strong></span> <span class='ocrx_word' id='word_1_453' title='bbox 2576 2503 2684 2555; x_wconf 82' lang='lat' dir='ltr'><strong>alio</strong></span> <span class='ocrx_word' id='word_1_454' title='bbox 2716 2504 2901 2557; x_wconf 84' lang='lat' dir='ltr'><strong>saltem</strong></span> <span class='ocrx_word' id='word_1_455' title='bbox 2953 2505 3045 2574; x_wconf 86' lang='lat' dir='ltr'><strong>qui</strong></span> <span class='ocrx_word' id='word_1_456' title='bbox 3089 2504 3332 2568; x_wconf 85' lang='lat' dir='ltr'><strong>vidisset,</strong></span> 
     </span>
    </p>
   </div>
   <div class='ocr_carea' id='block_1_57' title="bbox 1754 2590 3330 2660">
    <p class='ocr_par' dir='ltr' id='par_1_57' title="bbox 1754 2590 3330 2660">
     <span class='ocr_line' id='line_1_57' title="bbox 1754 2590 3330 2660; baseline 0.009 -18"><span class='ocrx_word' id='word_1_457' title='bbox 1754 2590 1945 2645; x_wconf 86' lang='lat' dir='ltr'><strong>audire</strong></span> <span class='ocrx_word' id='word_1_458' title='bbox 1998 2592 2287 2660; x_wconf 85' lang='lat' dir='ltr'><strong>potuisset.</strong></span> <span class='ocrx_word' id='word_1_459' title='bbox 2345 2591 2513 2648; x_wconf 75' lang='lat' dir='ltr'><strong>Nobis</strong></span> <span class='ocrx_word' id='word_1_460' title='bbox 2570 2595 2714 2648; x_wconf 88' lang='lat' dir='ltr'><strong>enim</strong></span> <span class='ocrx_word' id='word_1_461' title='bbox 2770 2596 2910 2650; x_wconf 88' lang='lat' dir='ltr'><strong>idem</strong></span> <span class='ocrx_word' id='word_1_462' title='bbox 2973 2612 3073 2653; x_wconf 84' lang='lat' dir='ltr'><strong>usu</strong></span> <span class='ocrx_word' id='word_1_463' title='bbox 3123 2599 3330 2656; x_wconf 80' lang='lat' dir='ltr'><strong>venire.</strong></span> 
     </span>
    </p>
   </div>
   <div class='ocr_carea' id='block_1_58' title="bbox 1745 2681 3336 2760">
    <p class='ocr_par' dir='ltr' id='par_1_58' title="bbox 1745 2681 3336 2760">
     <span class='ocr_line' id='line_1_58' title="bbox 1745 2681 3336 2760; baseline 0.006 -27"><span class='ocrx_word' id='word_1_464' title='bbox 1745 2681 1962 2751; x_wconf 82' lang='lat' dir='ltr'><strong>Quippe</strong></span> <span class='ocrx_word' id='word_1_465' title='bbox 1996 2683 2126 2736; x_wconf 87' lang='lat' dir='ltr'><strong>dum</strong></span> <span class='ocrx_word' id='word_1_466' title='bbox 2179 2683 2231 2735; x_wconf 94' lang='lat' dir='ltr'><strong>in</strong></span> <span class='ocrx_word' id='word_1_467' title='bbox 2280 2699 2519 2738; x_wconf 81' lang='lat' dir='ltr'><strong>concava</strong></span> <span class='ocrx_word' id='word_1_468' title='bbox 2573 2686 2755 2754; x_wconf 89' lang='lat' dir='ltr'><strong>aliqua</strong></span> <span class='ocrx_word' id='word_1_469' title='bbox 2810 2693 2967 2740; x_wconf 68' lang='lat' dir='ltr'><strong>terrae</strong></span> <span class='ocrx_word' id='word_1_470' title='bbox 2992 2697 3151 2760; x_wconf 83' lang='lat' dir='ltr'><strong>parte</strong></span> <span class='ocrx_word' id='word_1_471' title='bbox 3188 2689 3336 2760; x_wconf 47' lang='lat' dir='ltr'><strong>{legi-</strong></span> 
     </span>
    </p>
   </div>
   <div class='ocr_carea' id='block_1_59' title="bbox 1756 2774 3330 2846">
    <p class='ocr_par' dir='ltr' id='par_1_59' title="bbox 1756 2774 3330 2846">
     <span class='ocr_line' id='line_1_59' title="bbox 1756 2774 3330 2846; baseline 0.006 -20"><span class='ocrx_word' id='word_1_472' title='bbox 1756 2789 1899 2840; x_wconf 89' lang='lat' dir='ltr'><strong>mus,</strong></span> <span class='ocrx_word' id='word_1_473' title='bbox 1932 2774 2089 2829; x_wconf 91' lang='lat' dir='ltr'><strong>nobis</strong></span> <span class='ocrx_word' id='word_1_474' title='bbox 2122 2785 2302 2830; x_wconf 90' lang='lat' dir='ltr'><strong>tamen</strong></span> <span class='ocrx_word' id='word_1_475' title='bbox 2328 2776 2497 2830; x_wconf 88' lang='lat' dir='ltr'><strong>videri</strong></span> <span class='ocrx_word' id='word_1_476' title='bbox 2530 2779 2840 2846; x_wconf 85' lang='lat' dir='ltr'><strong>superiores</strong></span> <span class='ocrx_word' id='word_1_477' title='bbox 2864 2779 3118 2846; x_wconf 85' lang='lat' dir='ltr'><strong>incolere,</strong></span> <span class='ocrx_word' id='word_1_478' title='bbox 3148 2796 3330 2836; x_wconf 90' lang='lat' dir='ltr'><strong>aerem</strong></span> 
     </span>
    </p>
   </div>
   <div class='ocr_carea' id='block_1_60' title="bbox 1753 2868 3332 2942">
    <p class='ocr_par' dir='ltr' id='par_1_60' title="bbox 1753 2868 3332 2942">
     <span class='ocr_line' id='line_1_60' title="bbox 1753 2868 3332 2942; baseline 0.004 -22"><span class='ocrx_word' id='word_1_479' title='bbox 1753 2882 1975 2936; x_wconf 84' lang='lat' dir='ltr'><strong>quoque</strong></span> <span class='ocrx_word' id='word_1_480' title='bbox 2025 2868 2225 2922; x_wconf 70' lang='lat' dir='ltr'><strong>cadum</strong></span> <span class='ocrx_word' id='word_1_481' title='bbox 2269 2883 2299 2922; x_wconf 88' lang='lat' dir='ltr'><strong>a</strong></span> <span class='ocrx_word' id='word_1_482' title='bbox 2335 2868 2494 2924; x_wconf 74' lang='lat' dir='ltr'><strong>nobis</strong></span> <span class='ocrx_word' id='word_1_483' title='bbox 2542 2869 2822 2938; x_wconf 88' lang='lat' dir='ltr'><strong>appellari,</strong></span> <span class='ocrx_word' id='word_1_484' title='bbox 2856 2873 3010 2941; x_wconf 89' lang='lat' dir='ltr'><strong>quasi</strong></span> <span class='ocrx_word' id='word_1_485' title='bbox 3035 2881 3204 2941; x_wconf 10' lang='lat' dir='ltr'><strong>rastra</strong></span> <span class='ocrx_word' id='word_1_486' title='bbox 3237 2889 3332 2942; x_wconf 80' lang='lat' dir='ltr'><strong>per</strong></span> 
     </span>
    </p>
   </div>
   <div class='ocr_carea' id='block_1_61' title="bbox 1751 2957 3329 3028">
    <p class='ocr_par' dir='ltr' id='par_1_61' title="bbox 1751 2957 3329 3028">
     <span class='ocr_line' id='line_1_61' title="bbox 1751 2957 3329 3028; baseline 0.002 -18"><span class='ocrx_word' id='word_1_487' title='bbox 1751 2957 1954 3026; x_wconf 85' lang='lat' dir='ltr'><strong>ipsum,</strong></span> <span class='ocrx_word' id='word_1_488' title='bbox 1995 2965 2254 3028; x_wconf 87' lang='lat' dir='ltr'><strong>tanquam</strong></span> <span class='ocrx_word' id='word_1_489' title='bbox 2287 2975 2383 3028; x_wconf 87' lang='lat' dir='ltr'><strong>per</strong></span> <span class='ocrx_word' id='word_1_490' title='bbox 2417 2975 2604 3013; x_wconf 89' lang='lat' dir='ltr'><strong>verum</strong></span> <span class='ocrx_word' id='word_1_491' title='bbox 2640 2960 2838 3014; x_wconf 66' lang='lat' dir='ltr'><strong>cadum</strong></span> <span class='ocrx_word' id='word_1_492' title='bbox 2869 2963 3240 3017; x_wconf 87' lang='lat' dir='ltr'><strong>decurrerent.</strong></span> <span class='ocrx_word' id='word_1_493' title='bbox 3273 2961 3329 3015; x_wconf 75' lang='lat' dir='ltr'><strong>id</strong></span> 
     </span>
    </p>
   </div>
   <div class='ocr_carea' id='block_1_62' title="bbox 130 3045 1650 3151">
    <p class='ocr_par' dir='ltr' id='par_1_62' title="bbox 130 3045 1646 3128">
     <span class='ocr_line' id='line_1_62' title="bbox 130 3045 1646 3128; baseline 0.01 -31"><span class='ocrx_word' id='word_1_494' title='bbox 130 3045 210 3108; x_wconf 77' lang='grc' dir='ltr'>νὸς,</span> <span class='ocrx_word' id='word_1_495' title='bbox 231 3050 308 3102; x_wconf 73' lang='grc' dir='ltr'><strong>καὶ</strong></span> <span class='ocrx_word' id='word_1_496' title='bbox 335 3052 390 3104; x_wconf 66' lang='grc' dir='ltr'>τὸ</span> <span class='ocrx_word' id='word_1_497' title='bbox 412 3053 662 3125; x_wconf 70' lang='grc' dir='ltr'>ἀληθινὸν</span> <span class='ocrx_word' id='word_1_498' title='bbox 692 3055 828 3123; x_wconf 77' lang='grc' dir='ltr'>φῶς,</span> <span class='ocrx_word' id='word_1_499' title='bbox 855 3055 950 3108; x_wconf 73' lang='grc' dir='ltr'><strong>καὶ</strong></span> <span class='ocrx_word' id='word_1_500' title='bbox 977 3058 1010 3127; x_wconf 82' lang='grc' dir='ltr'><strong>ή</strong></span> <span class='ocrx_word' id='word_1_501' title='bbox 1044 3057 1120 3120; x_wconf 85' lang='grc' dir='ltr'>ὡς</span> <span class='ocrx_word' id='word_1_502' title='bbox 1148 3057 1361 3128; x_wconf 85' lang='grc' dir='ltr'>ἀληθῶς</span> <span class='ocrx_word' id='word_1_503' title='bbox 1390 3059 1482 3128; x_wconf 79' lang='grc' dir='ltr'>γῆ.</span> <span class='ocrx_word' id='word_1_504' title='bbox 1518 3060 1646 3112; x_wconf 80' lang='grc' dir='ltr'><strong>Ἤδε</strong></span> 
     </span>
    </p>
   </div>
   <div class='ocr_carea' id='block_1_63' title="bbox 1753 3045 3328 3151">
    <p class='ocr_par' dir='ltr' id='par_1_63' title="bbox 1755 3050 3328 3124">
     <span class='ocr_line' id='line_1_63' title="bbox 1755 3050 3328 3124; baseline 0.001 -19"><span class='ocrx_word' id='word_1_505' title='bbox 1755 3059 1934 3106; x_wconf 85' lang='lat' dir='ltr'><strong>autem</strong></span> <span class='ocrx_word' id='word_1_506' title='bbox 1969 3050 2269 3104; x_wconf 83' lang='lat' dir='ltr'><strong>inﬁrmitati</strong></span> <span class='ocrx_word' id='word_1_507' title='bbox 2296 3051 2512 3107; x_wconf 87' lang='lat' dir='ltr'><strong>cuidam</strong></span> <span class='ocrx_word' id='word_1_508' title='bbox 2562 3069 2626 3108; x_wconf 88' lang='lat' dir='ltr'><strong>ac</strong></span> <span class='ocrx_word' id='word_1_509' title='bbox 2656 3054 2896 3107; x_wconf 75' lang='lat' dir='ltr'><strong>tarditati</strong></span> <span class='ocrx_word' id='word_1_510' title='bbox 2939 3054 3328 3124; x_wconf 79' lang='lat' dir='ltr'><strong>assignandum</strong></span> 
     </span>
    </p>
   </div>
   <div class='ocr_carea' id='block_1_64' title="bbox 125 3137 1646 3214">
    <p class='ocr_par' dir='ltr' id='par_1_64' title="bbox 125 3137 1646 3214">
     <span class='ocr_line' id='line_1_64' title="bbox 125 3137 1646 3214; baseline 0.007 -23"><span class='ocrx_word' id='word_1_511' title='bbox 125 3137 304 3211; x_wconf 74' lang='grc' dir='ltr'>μὲνγὰρ</span> <span class='ocrx_word' id='word_1_512' title='bbox 331 3143 476 3214; x_wconf 83' lang='grc' dir='ltr'>ἡγῆ,</span> <span class='ocrx_word' id='word_1_513' title='bbox 505 3145 601 3197; x_wconf 74' lang='grc' dir='ltr'>καὶ</span> <span class='ocrx_word' id='word_1_514' title='bbox 623 3146 670 3197; x_wconf 88' lang='grc' dir='ltr'><strong>οἰ</strong></span> <span class='ocrx_word' id='word_1_515' title='bbox 691 3145 850 3210; x_wconf 80' lang='grc' dir='ltr'>λίθοι,</span> <span class='ocrx_word' id='word_1_516' title='bbox 876 3145 968 3198; x_wconf 70' lang='grc' dir='ltr'><strong>καὶ</strong></span> <span class='ocrx_word' id='word_1_517' title='bbox 1004 3148 1110 3209; x_wconf 79' lang='grc' dir='ltr'><strong>πᾶς</strong></span> <span class='ocrx_word' id='word_1_518' title='bbox 1135 3150 1164 3200; x_wconf 83' lang='grc' dir='ltr'><strong>ὁ</strong></span> <span class='ocrx_word' id='word_1_519' title='bbox 1202 3148 1363 3211; x_wconf 83' lang='grc' dir='ltr'>τόπος</span> <span class='ocrx_word' id='word_1_520' title='bbox 1393 3150 1422 3202; x_wconf 89' lang='grc' dir='ltr'>ὁ</span> <span class='ocrx_word' id='word_1_521' title='bbox 1459 3149 1646 3202; x_wconf 77' lang='grc' dir='ltr'>ἐνθάδε</span> 
     </span>
    </p>
   </div>
   <div class='ocr_carea' id='block_1_65' title="bbox 127 3227 1647 3309">
    <p class='ocr_par' dir='ltr' id='par_1_65' title="bbox 127 3227 1647 3309">
     <span class='ocr_line' id='line_1_65' title="bbox 127 3227 1647 3309; baseline 0.01 -31"><span class='ocrx_word' id='word_1_522' title='bbox 127 3227 430 3302; x_wconf 70' lang='grc' dir='ltr'>διεφθαρμένα</span> <span class='ocrx_word' id='word_1_523' title='bbox 464 3237 582 3289; x_wconf 75' lang='grc' dir='ltr'>ἐστὶ</span> <span class='ocrx_word' id='word_1_524' title='bbox 619 3237 715 3290; x_wconf 74' lang='grc' dir='ltr'><strong>καὶ</strong></span> <span class='ocrx_word' id='word_1_525' title='bbox 745 3236 1227 3309; x_wconf 78' lang='grc' dir='ltr'>καταϐεϐρωμένα,</span> <span class='ocrx_word' id='word_1_526' title='bbox 1254 3239 1440 3309; x_wconf 82' lang='grc' dir='ltr'>ὥσπερ</span> <span class='ocrx_word' id='word_1_527' title='bbox 1473 3241 1540 3296; x_wconf 74' lang='grc' dir='ltr'>τὰ</span> <span class='ocrx_word' id='word_1_528' title='bbox 1589 3244 1647 3294; x_wconf 83' lang='grc' dir='ltr'>ὲν</span> 
     </span>
    </p>
   </div>
   <div class='ocr_carea' id='block_1_66' title="bbox 122 3321 1644 3400">
    <p class='ocr_par' dir='ltr' id='par_1_66' title="bbox 122 3321 1644 3400">
     <span class='ocr_line' id='line_1_66' title="bbox 122 3321 1644 3400; baseline 0.007 -26"><span class='ocrx_word' id='word_1_529' title='bbox 122 3321 170 3390; x_wconf 74' lang='grc' dir='ltr'>τῇ</span> <span class='ocrx_word' id='word_1_530' title='bbox 188 3321 388 3396; x_wconf 77' lang='grc' dir='ltr'>Θαλάττῃ</span> <span class='ocrx_word' id='word_1_531' title='bbox 411 3327 515 3381; x_wconf 69' lang='grc' dir='ltr'><strong>ὑπὸ</strong></span> <span class='ocrx_word' id='word_1_532' title='bbox 542 3329 644 3398; x_wconf 78' lang='grc' dir='ltr'><strong>τῆς</strong></span> <span class='ocrx_word' id='word_1_533' title='bbox 661 3328 839 3399; x_wconf 75' lang='grc' dir='ltr'>ἅλμης</span> <span class='ocrx_word' id='word_1_534' title='bbox 859 3345 871 3358; x_wconf 87' lang='grc'><strong>·</strong></span> <span class='ocrx_word' id='word_1_535' title='bbox 897 3329 989 3382; x_wconf 72' lang='grc' dir='ltr'><strong>καὶ</strong></span> <span class='ocrx_word' id='word_1_536' title='bbox 1010 3328 1134 3382; x_wconf 69' lang='grc' dir='ltr'>οὔτε</span> <span class='ocrx_word' id='word_1_537' title='bbox 1161 3331 1354 3400; x_wconf 76' lang='grc' dir='ltr'>φύεται</span> <span class='ocrx_word' id='word_1_538' title='bbox 1380 3331 1529 3399; x_wconf 75' lang='grc' dir='ltr'>ἄξιον</span> <span class='ocrx_word' id='word_1_539' title='bbox 1556 3333 1644 3385; x_wconf 74' lang='grc' dir='ltr'><strong>λό-</strong></span> 
     </span>
    </p>
   </div>
   <div class='ocr_carea' id='block_1_67' title="bbox 124 3417 1645 3492">
    <p class='ocr_par' dir='ltr' id='par_1_67' title="bbox 124 3417 1645 3492">
     <span class='ocr_line' id='line_1_67' title="bbox 124 3417 1645 3492; baseline 0.007 -25"><span class='ocrx_word' id='word_1_540' title='bbox 124 3428 195 3476; x_wconf 78' lang='grc' dir='ltr'><strong>γου</strong></span> <span class='ocrx_word' id='word_1_541' title='bbox 214 3417 340 3471; x_wconf 72' lang='grc' dir='ltr'>οῦδὲν</span> <span class='ocrx_word' id='word_1_542' title='bbox 359 3419 410 3470; x_wconf 80' lang='grc' dir='ltr'><strong>ἐν</strong></span> <span class='ocrx_word' id='word_1_543' title='bbox 439 3422 503 3489; x_wconf 82' lang='grc' dir='ltr'>τῇ</span> <span class='ocrx_word' id='word_1_544' title='bbox 527 3419 792 3492; x_wconf 84' lang='grc' dir='ltr'>θαλάττῃ,</span> <span class='ocrx_word' id='word_1_545' title='bbox 815 3419 939 3474; x_wconf 77' lang='grc' dir='ltr'>οὔτε</span> <span class='ocrx_word' id='word_1_546' title='bbox 962 3422 1185 3485; x_wconf 84' lang='grc' dir='ltr'>τέλειον,</span> <span class='ocrx_word' id='word_1_547' title='bbox 1203 3423 1276 3479; x_wconf 76' lang='grc' dir='ltr'>ὡς</span> <span class='ocrx_word' id='word_1_548' title='bbox 1300 3423 1425 3487; x_wconf 80' lang='grc' dir='ltr'>ἔπος</span> <span class='ocrx_word' id='word_1_549' title='bbox 1450 3427 1645 3487; x_wconf 73' lang='grc' dir='ltr'>εἰπεῖν,</span> 
     </span>
    </p>
   </div>
   <div class='ocr_carea' id='block_1_68' title="bbox 120 3501 1648 3586">
    <p class='ocr_par' dir='ltr' id='par_1_68' title="bbox 120 3501 1648 3586">
     <span class='ocr_line' id='line_1_68' title="bbox 120 3501 1648 3586; baseline 0.031 -33"><span class='ocrx_word' id='word_1_550' title='bbox 120 3501 234 3558; x_wconf 76' lang='grc' dir='ltr'>οὐδέν</span> <span class='ocrx_word' id='word_1_551' title='bbox 254 3508 354 3560; x_wconf 84' lang='grc' dir='ltr'>ἐστι</span> <span class='ocrx_word' id='word_1_552' title='bbox 394 3512 674 3581; x_wconf 70' lang='grc' dir='ltr'><strong>σήρατγες</strong></span> <span class='ocrx_word' id='word_1_553' title='bbox 696 3510 751 3563; x_wconf 76' lang='grc' dir='ltr'><strong>δὲ</strong></span> <span class='ocrx_word' id='word_1_554' title='bbox 777 3513 868 3564; x_wconf 75' lang='grc' dir='ltr'><strong>καὶ</strong></span> <span class='ocrx_word' id='word_1_555' title='bbox 900 3511 1102 3583; x_wconf 78' lang='grc' dir='ltr'>ἄμμος.</span> <span class='ocrx_word' id='word_1_556' title='bbox 1126 3515 1220 3566; x_wconf 71' lang='grc' dir='ltr'><strong>καί</strong></span> <span class='ocrx_word' id='word_1_557' title='bbox 1248 3515 1416 3583; x_wconf 60' lang='grc' dir='ltr'>πηλὸς</span> <span class='ocrx_word' id='word_1_558' title='bbox 1437 3515 1648 3586; x_wconf 37' lang='grc' dir='ltr'><strong>ἀμην</strong></span> 
     </span>
    </p>
   </div>
   <div class='ocr_carea' id='block_1_69' title="bbox 121 3601 1648 3679">
    <p class='ocr_par' dir='ltr' id='par_1_69' title="bbox 121 3601 1648 3679">
     <span class='ocr_line' id='line_1_69' title="bbox 121 3601 1648 3679; baseline 0.002 -22"><span class='ocrx_word' id='word_1_559' title='bbox 121 3610 202 3657; x_wconf 76' lang='grc' dir='ltr'>νος,</span> <span class='ocrx_word' id='word_1_560' title='bbox 222 3601 298 3652; x_wconf 74' lang='grc' dir='ltr'>καὶ</span> <span class='ocrx_word' id='word_1_561' title='bbox 321 3601 560 3674; x_wconf 70' lang='grc' dir='ltr'>βόρϐοροί</span> <span class='ocrx_word' id='word_1_562' title='bbox 581 3607 743 3668; x_wconf 76' lang='grc' dir='ltr'>εἰσιν,</span> <span class='ocrx_word' id='word_1_563' title='bbox 768 3605 899 3657; x_wconf 80' lang='grc' dir='ltr'>ὅπου</span> <span class='ocrx_word' id='word_1_564' title='bbox 931 3603 997 3658; x_wconf 82' lang='grc' dir='ltr'><strong>ἂν</strong></span> <span class='ocrx_word' id='word_1_565' title='bbox 1027 3605 1122 3657; x_wconf 74' lang='grc' dir='ltr'><strong>καὶ</strong></span> <span class='ocrx_word' id='word_1_566' title='bbox 1151 3607 1183 3676; x_wconf 84' lang='grc' dir='ltr'><strong>ἡ</strong></span> <span class='ocrx_word' id='word_1_567' title='bbox 1211 3606 1281 3676; x_wconf 86' lang='grc' dir='ltr'><strong>γῆ</strong></span> <span class='ocrx_word' id='word_1_568' title='bbox 1311 3602 1366 3679; x_wconf 77' lang='grc' dir='ltr'><strong>ᾗ,</strong></span> <span class='ocrx_word' id='word_1_569' title='bbox 1387 3609 1481 3660; x_wconf 74' lang='grc' dir='ltr'><strong>καὶ</strong></span> <span class='ocrx_word' id='word_1_570' title='bbox 1512 3608 1648 3677; x_wconf 67' lang='grc' dir='ltr'>πρὸς</span> 
     </span>
    </p>
   </div>
   <div class='ocr_carea' id='block_1_70' title="bbox 120 3685 1645 3767">
    <p class='ocr_par' dir='ltr' id='par_1_70' title="bbox 120 3685 1645 3767">
     <span class='ocr_line' id='line_1_70' title="bbox 120 3685 1645 3767; baseline 0.011 -29"><span class='ocrx_word' id='word_1_571' title='bbox 120 3685 167 3739; x_wconf 74' lang='grc' dir='ltr'><strong>τά</strong></span> <span class='ocrx_word' id='word_1_572' title='bbox 179 3694 420 3764; x_wconf 74' lang='grc' dir='ltr'>παρ’ήμῖν</span> <span class='ocrx_word' id='word_1_573' title='bbox 447 3697 590 3749; x_wconf 82' lang='grc' dir='ltr'>καλὰ</span> <span class='ocrx_word' id='word_1_574' title='bbox 610 3695 721 3767; x_wconf 75' lang='lat'>(9.9)</span> <span class='ocrx_word' id='word_1_575' title='bbox 740 3696 1021 3767; x_wconf 77' lang='grc' dir='ltr'>κρίνεσθαι</span> <span class='ocrx_word' id='word_1_576' title='bbox 1040 3698 1148 3752; x_wconf 72' lang='grc' dir='ltr'>οὐδ’</span> <span class='ocrx_word' id='word_1_577' title='bbox 1168 3697 1466 3751; x_wconf 79' lang='grc' dir='ltr'>ὁπωστιοῦν</span> <span class='ocrx_word' id='word_1_578' title='bbox 1486 3697 1612 3763; x_wconf 81' lang='grc' dir='ltr'>ἄξια</span> <span class='ocrx_word' id='word_1_579' title='bbox 1632 3719 1645 3731; x_wconf 90' lang='grc'><strong>·</strong></span> 
     </span>
    </p>
   </div>
   <div class='ocr_carea' id='block_1_71' title="bbox 119 3778 1649 3862">
    <p class='ocr_par' dir='ltr' id='par_1_71' title="bbox 119 3778 1649 3862">
     <span class='ocr_line' id='line_1_71' title="bbox 119 3778 1649 3862; baseline 0.008 -29"><span class='ocrx_word' id='word_1_580' title='bbox 119 3778 259 3836; x_wconf 76' lang='grc' dir='ltr'>ἐκεῖνα</span> <span class='ocrx_word' id='word_1_581' title='bbox 361 3784 426 3841; x_wconf 74' lang='grc' dir='ltr'><strong>αὖ</strong></span> <span class='ocrx_word' id='word_1_582' title='bbox 452 3789 562 3842; x_wconf 82' lang='grc' dir='ltr'><strong>τῶν</strong></span> <span class='ocrx_word' id='word_1_583' title='bbox 590 3791 722 3862; x_wconf 77' lang='grc' dir='ltr'>παρ’</span> <span class='ocrx_word' id='word_1_584' title='bbox 757 3791 888 3860; x_wconf 83' lang='grc' dir='ltr'>ἡμῖν</span> <span class='ocrx_word' id='word_1_585' title='bbox 926 3790 1065 3842; x_wconf 79' lang='grc' dir='ltr'>,πολὺ</span> <span class='ocrx_word' id='word_1_586' title='bbox 1112 3791 1180 3844; x_wconf 86' lang='grc' dir='ltr'>ἂν</span> <span class='ocrx_word' id='word_1_587' title='bbox 1214 3790 1292 3844; x_wconf 81' lang='grc' dir='ltr'>ἔτι</span> <span class='ocrx_word' id='word_1_588' title='bbox 1329 3791 1512 3844; x_wconf 84' lang='grc' dir='ltr'>πλεῖον</span> <span class='ocrx_word' id='word_1_589' title='bbox 1544 3812 1649 3862; x_wconf 66' lang='grc' dir='ltr'><strong>φα-</strong></span> 
     </span>
    </p>
   </div>
   <div class='ocr_carea' id='block_1_72' title="bbox 119 3872 1646 3953">
    <p class='ocr_par' dir='ltr' id='par_1_72' title="bbox 119 3872 1646 3953">
     <span class='ocr_line' id='line_1_72' title="bbox 119 3872 1646 3953; baseline 0.012 -32"><span class='ocrx_word' id='word_1_590' title='bbox 119 3872 205 3943; x_wconf 75' lang='grc' dir='ltr'>νείη</span> <span class='ocrx_word' id='word_1_591' title='bbox 249 3875 529 3952; x_wconf 60' lang='grc' dir='ltr'>διαςέρειν.</span> <span class='ocrx_word' id='word_1_592' title='bbox 575 3882 642 3934; x_wconf 86' lang='grc' dir='ltr'>Εἰ</span> <span class='ocrx_word' id='word_1_593' title='bbox 695 3881 804 3953; x_wconf 63' lang='grc' dir='ltr'><strong>γάρ</strong></span> <span class='ocrx_word' id='word_1_594' title='bbox 846 3879 910 3951; x_wconf 79' lang='grc' dir='ltr'>δὴ</span> <span class='ocrx_word' id='word_1_595' title='bbox 951 3881 1042 3934; x_wconf 71' lang='grc' dir='ltr'><strong>καὶ</strong></span> <span class='ocrx_word' id='word_1_596' title='bbox 1098 3881 1412 3952; x_wconf 78' lang='grc' dir='ltr'>μυθολογεῖν</span> <span class='ocrx_word' id='word_1_597' title='bbox 1462 3885 1646 3948; x_wconf 68' lang='grc' dir='ltr'>καλὸν,</span> 
     </span>
    </p>
   </div>
   <div class='ocr_carea' id='block_1_73' title="bbox 117 3962 1649 4049">
    <p class='ocr_par' dir='ltr' id='par_1_73' title="bbox 117 3962 1649 4049">
     <span class='ocr_line' id='line_1_73' title="bbox 117 3962 1649 4049; baseline 0.01 -34"><span class='ocrx_word' id='word_1_598' title='bbox 117 3962 229 4028; x_wconf 73' lang='grc' dir='ltr'>ἄξιον</span> <span class='ocrx_word' id='word_1_599' title='bbox 255 3970 489 4034; x_wconf 77' lang='grc' dir='ltr'>ἀκούσαι,</span> <span class='ocrx_word' id='word_1_600' title='bbox 520 3967 567 4026; x_wconf 76' lang='grc' dir='ltr'><strong>ὦ</strong></span> <span class='ocrx_word' id='word_1_601' title='bbox 601 3973 832 4044; x_wconf 74' lang='grc' dir='ltr'>Σιμμία,</span> <span class='ocrx_word' id='word_1_602' title='bbox 874 3968 963 4027; x_wconf 75' lang='grc' dir='ltr'>οἷα</span> <span class='ocrx_word' id='word_1_603' title='bbox 1004 3976 1257 4045; x_wconf 74' lang='grc' dir='ltr'>τυγχάνει</span> <span class='ocrx_word' id='word_1_604' title='bbox 1301 3975 1370 4029; x_wconf 82' lang='grc' dir='ltr'><strong>τά</strong></span> <span class='ocrx_word' id='word_1_605' title='bbox 1410 3977 1503 4030; x_wconf 72' lang='grc' dir='ltr'>ἐπὶ</span> <span class='ocrx_word' id='word_1_606' title='bbox 1551 3981 1649 4049; x_wconf 74' lang='grc' dir='ltr'>τῆς</span> 
     </span>
    </p>
   </div>
   <div class='ocr_carea' id='block_1_74' title="bbox 117 4052 1646 4138">
    <p class='ocr_par' dir='ltr' id='par_1_74' title="bbox 117 4052 1646 4138">
     <span class='ocr_line' id='line_1_74' title="bbox 117 4052 1646 4138; baseline -0.002 -20"><span class='ocrx_word' id='word_1_607' title='bbox 117 4052 193 4138; x_wconf 62' lang='grc' dir='ltr'><strong>γῆς</strong></span> <span class='ocrx_word' id='word_1_608' title='bbox 208 4057 296 4112; x_wconf 72' lang='grc' dir='ltr'><strong>ὑπὸ</strong></span> <span class='ocrx_word' id='word_1_609' title='bbox 318 4062 389 4133; x_wconf 80' lang='grc' dir='ltr'>τῷ</span> <span class='ocrx_word' id='word_1_610' title='bbox 415 4063 634 4134; x_wconf 77' lang='grc' dir='ltr'>οὐρανῷ</span> <span class='ocrx_word' id='word_1_611' title='bbox 660 4064 810 4117; x_wconf 80' lang='grc' dir='ltr'>ὄντα.</span> <span class='ocrx_word' id='word_1_612' title='bbox 848 4062 1007 4118; x_wconf 82' lang='grc' dir='ltr'>Ἀλλά</span> <span class='ocrx_word' id='word_1_613' title='bbox 1037 4064 1166 4135; x_wconf 76' lang='grc' dir='ltr'>μὴν,</span> <span class='ocrx_word' id='word_1_614' title='bbox 1196 4063 1298 4134; x_wconf 79' lang='grc' dir='ltr'><strong>ἔφη</strong></span> <span class='ocrx_word' id='word_1_615' title='bbox 1331 4067 1358 4118; x_wconf 79' lang='grc' dir='ltr'>ὁ</span> <span class='ocrx_word' id='word_1_616' title='bbox 1384 4066 1646 4138; x_wconf 75' lang='grc' dir='ltr'>Σιμμίας,</span> 
     </span>
    </p>
   </div>
   <div class='ocr_carea' id='block_1_75' title="bbox 113 4135 1648 4230">
    <p class='ocr_par' dir='ltr' id='par_1_75' title="bbox 113 4135 1648 4230">
     <span class='ocr_line' id='line_1_75' title="bbox 113 4135 1648 4230; baseline 0.008 -29"><span class='ocrx_word' id='word_1_617' title='bbox 113 4135 432 4222; x_wconf 63' lang='grc' dir='ltr'>ὧΣὼκρατες,</span> <span class='ocrx_word' id='word_1_618' title='bbox 459 4158 630 4226; x_wconf 75' lang='grc' dir='ltr'>ἡμεῖς</span> <span class='ocrx_word' id='word_1_619' title='bbox 680 4173 744 4225; x_wconf 89' lang='grc' dir='ltr'><strong>γε</strong></span> <span class='ocrx_word' id='word_1_620' title='bbox 777 4155 967 4209; x_wconf 89' lang='grc' dir='ltr'>τούτου</span> <span class='ocrx_word' id='word_1_621' title='bbox 1016 4154 1112 4208; x_wconf 79' lang='grc' dir='ltr'>τοῦ</span> <span class='ocrx_word' id='word_1_622' title='bbox 1167 4155 1337 4228; x_wconf 86' lang='grc' dir='ltr'>μύθου</span> <span class='ocrx_word' id='word_1_623' title='bbox 1388 4160 1553 4230; x_wconf 74' lang='grc' dir='ltr'>ἡδέως</span> <span class='ocrx_word' id='word_1_624' title='bbox 1583 4161 1648 4220; x_wconf 71' lang='grc' dir='ltr'>ἂν</span> 
     </span>
    </p>
   </div>
   <div class='ocr_carea' id='block_1_76' title="bbox 113 4235 1648 4323">
    <p class='ocr_par' dir='ltr' id='par_1_76' title="bbox 113 4235 1648 4323">
     <span class='ocr_line' id='line_1_76' title="bbox 113 4235 1648 4323; baseline 0.011 -34"><span class='ocrx_word' id='word_1_625' title='bbox 113 4235 411 4315; x_wconf 70' lang='grc' dir='ltr'>ἀκούσαιμεν.</span> <span class='ocrx_word' id='word_1_626' title='bbox 451 4247 688 4316; x_wconf 80' lang='grc' dir='ltr'>Λέγεται</span> <span class='ocrx_word' id='word_1_627' title='bbox 733 4247 933 4312; x_wconf 82' lang='grc' dir='ltr'>τοίνυν,</span> <span class='ocrx_word' id='word_1_628' title='bbox 964 4246 1089 4320; x_wconf 76' lang='grc' dir='ltr'>ἔφη,</span> <span class='ocrx_word' id='word_1_629' title='bbox 1124 4243 1169 4302; x_wconf 80' lang='grc' dir='ltr'>ὦ</span> <span class='ocrx_word' id='word_1_630' title='bbox 1198 4250 1403 4321; x_wconf 79' lang='grc' dir='ltr'>ἑταῖρε,</span> <span class='ocrx_word' id='word_1_631' title='bbox 1435 4251 1648 4323; x_wconf 73' lang='grc' dir='ltr'>πρῶτον</span> 
     </span>
    </p>
   </div>
   <div class='ocr_carea' id='block_1_77' title="bbox 117 4329 1648 4411">
    <p class='ocr_par' dir='ltr' id='par_1_77' title="bbox 117 4329 1648 4411">
     <span class='ocr_line' id='line_1_77' title="bbox 117 4329 1648 4411; baseline 0.007 -27"><span class='ocrx_word' id='word_1_632' title='bbox 117 4329 188 4396; x_wconf 71' lang='grc' dir='ltr'>μὶν</span> <span class='ocrx_word' id='word_1_633' title='bbox 208 4329 327 4388; x_wconf 81' lang='grc' dir='ltr'>εἶναι</span> <span class='ocrx_word' id='word_1_634' title='bbox 351 4339 572 4411; x_wconf 79' lang='grc' dir='ltr'>τοιαύτη</span> <span class='ocrx_word' id='word_1_635' title='bbox 608 4341 644 4410; x_wconf 82' lang='grc' dir='ltr'>ἡ</span> <span class='ocrx_word' id='word_1_636' title='bbox 679 4340 753 4409; x_wconf 79' lang='grc' dir='ltr'>γῆ</span> <span class='ocrx_word' id='word_1_637' title='bbox 781 4339 920 4411; x_wconf 74' lang='grc' dir='ltr'>αὐτὴ</span> <span class='ocrx_word' id='word_1_638' title='bbox 949 4340 1098 4405; x_wconf 82' lang='grc' dir='ltr'>ἰδεῖν,</span> <span class='ocrx_word' id='word_1_639' title='bbox 1129 4341 1182 4395; x_wconf 72' lang='grc' dir='ltr'><strong>εἰ</strong></span> <span class='ocrx_word' id='word_1_640' title='bbox 1206 4359 1290 4406; x_wconf 88' lang='grc' dir='ltr'><strong>τις</strong></span> <span class='ocrx_word' id='word_1_641' title='bbox 1319 4341 1522 4398; x_wconf 80' lang='grc' dir='ltr'>ἄνωθεν</span> <span class='ocrx_word' id='word_1_642' title='bbox 1550 4343 1648 4395; x_wconf 77' lang='grc' dir='ltr'>αύ-</span> 
     </span>
    </p>
   </div>
   <div class='ocr_carea' id='block_1_78' title="bbox 1749 3146 3326 3217">
    <p class='ocr_par' dir='ltr' id='par_1_78' title="bbox 1749 3146 3326 3217">
     <span class='ocr_line' id='line_1_78' title="bbox 1749 3146 3326 3217; baseline 0.003 -18"><span class='ocrx_word' id='word_1_643' title='bbox 1749 3161 1893 3212; x_wconf 80' lang='lat' dir='ltr'><strong>esse,</strong></span> <span class='ocrx_word' id='word_1_644' title='bbox 1927 3146 2072 3216; x_wconf 83' lang='lat' dir='ltr'><strong>quod</strong></span> <span class='ocrx_word' id='word_1_645' title='bbox 2105 3161 2380 3200; x_wconf 91' lang='lat' dir='ltr'><strong>summum</strong></span> <span class='ocrx_word' id='word_1_646' title='bbox 2406 3147 2472 3201; x_wconf 89' lang='lat' dir='ltr'><strong>ad</strong></span> <span class='ocrx_word' id='word_1_647' title='bbox 2502 3163 2682 3201; x_wconf 86' lang='lat' dir='ltr'><strong>aerem</strong></span> <span class='ocrx_word' id='word_1_648' title='bbox 2714 3149 2938 3202; x_wconf 67' lang='lat' dir='ltr'><strong>evadere</strong></span> <span class='ocrx_word' id='word_1_649' title='bbox 2971 3162 3326 3217; x_wconf 82' lang='lat' dir='ltr'><strong>nequeamus.</strong></span> 
     </span>
    </p>
   </div>
   <div class='ocr_carea' id='block_1_79' title="bbox 1748 3234 3330 3308">
    <p class='ocr_par' dir='ltr' id='par_1_79' title="bbox 1748 3234 3330 3308">
     <span class='ocr_line' id='line_1_79' title="bbox 1748 3234 3330 3308; baseline 0.006 -21"><span class='ocrx_word' id='word_1_650' title='bbox 1748 3234 1828 3289; x_wconf 80' lang='lat' dir='ltr'><strong>Eo</strong></span> <span class='ocrx_word' id='word_1_651' title='bbox 1863 3237 2008 3290; x_wconf 89' lang='lat' dir='ltr'><strong>enim</strong></span> <span class='ocrx_word' id='word_1_652' title='bbox 2040 3235 2086 3291; x_wconf 89' lang='lat' dir='ltr'><strong>si</strong></span> <span class='ocrx_word' id='word_1_653' title='bbox 2119 3238 2243 3306; x_wconf 92' lang='lat' dir='ltr'><strong>quis</strong></span> <span class='ocrx_word' id='word_1_654' title='bbox 2279 3238 2568 3308; x_wconf 88' lang='lat' dir='ltr'><strong>aspiraret,</strong></span> <span class='ocrx_word' id='word_1_655' title='bbox 2595 3248 2690 3292; x_wconf 91' lang='lat' dir='ltr'><strong>aut</strong></span> <span class='ocrx_word' id='word_1_656' title='bbox 2719 3239 2872 3293; x_wconf 84' lang='lat' dir='ltr'><strong>novis</strong></span> <span class='ocrx_word' id='word_1_657' title='bbox 2903 3239 3200 3294; x_wconf 86' lang='lat' dir='ltr'><strong>instructus</strong></span> <span class='ocrx_word' id='word_1_658' title='bbox 3228 3237 3330 3296; x_wconf 83' lang='lat' dir='ltr'><strong>alis</strong></span> 
     </span>
    </p>
   </div>
   <div class='ocr_carea' id='block_1_80' title="bbox 1744 3328 3328 3401">
    <p class='ocr_par' dir='ltr' id='par_1_80' title="bbox 1744 3328 3328 3401">
     <span class='ocr_line' id='line_1_80' title="bbox 1744 3328 3328 3401; baseline 0.003 -21"><span class='ocrx_word' id='word_1_659' title='bbox 1744 3328 2008 3391; x_wconf 88' lang='lat' dir='ltr'><strong>evolaret,</strong></span> <span class='ocrx_word' id='word_1_660' title='bbox 2035 3329 2253 3386; x_wconf 82' lang='lat' dir='ltr'><strong>sublato</strong></span> <span class='ocrx_word' id='word_1_661' title='bbox 2281 3332 2532 3386; x_wconf 87' lang='lat' dir='ltr'><strong>nonnihil</strong></span> <span class='ocrx_word' id='word_1_662' title='bbox 2561 3332 2757 3401; x_wconf 88' lang='lat' dir='ltr'><strong>capite,</strong></span> <span class='ocrx_word' id='word_1_663' title='bbox 2789 3331 3014 3401; x_wconf 85' lang='lat' dir='ltr'><strong>perinde</strong></span> <span class='ocrx_word' id='word_1_664' title='bbox 3047 3340 3106 3385; x_wconf 91' lang='lat' dir='ltr'><strong>ut</strong></span> <span class='ocrx_word' id='word_1_665' title='bbox 3133 3346 3162 3384; x_wconf 85' lang='lat' dir='ltr'><strong>e</strong></span> <span class='ocrx_word' id='word_1_666' title='bbox 3191 3333 3328 3392; x_wconf 85' lang='lat' dir='ltr'><strong>mari</strong></span> 
     </span>
    </p>
   </div>
   <div class='ocr_carea' id='block_1_81' title="bbox 1749 3419 3328 3492">
    <p class='ocr_par' dir='ltr' id='par_1_81' title="bbox 1749 3419 3328 3492">
     <span class='ocr_line' id='line_1_81' title="bbox 1749 3419 3328 3492; baseline 0.003 -22"><span class='ocrx_word' id='word_1_667' title='bbox 1749 3419 2075 3476; x_wconf 82' lang='lat' dir='ltr'><strong>exsistentes</strong></span> <span class='ocrx_word' id='word_1_668' title='bbox 2101 3422 2400 3492; x_wconf 86' lang='lat' dir='ltr'><strong>aliquando</strong></span> <span class='ocrx_word' id='word_1_669' title='bbox 2431 3424 2610 3492; x_wconf 88' lang='lat' dir='ltr'><strong>pisces</strong></span> <span class='ocrx_word' id='word_1_670' title='bbox 2664 3432 2848 3479; x_wconf 84' lang='lat' dir='ltr'><strong>nostra</strong></span> <span class='ocrx_word' id='word_1_671' title='bbox 2881 3422 3000 3480; x_wconf 75' lang='lat' dir='ltr'><strong>hzec</strong></span> <span class='ocrx_word' id='word_1_672' title='bbox 3033 3423 3328 3492; x_wconf 80' lang='lat' dir='ltr'><strong>aspiciunt.</strong></span> 
     </span>
    </p>
   </div>
   <div class='ocr_carea' id='block_1_82' title="bbox 1751 3509 3327 3585">
    <p class='ocr_par' dir='ltr' id='par_1_82' title="bbox 1751 3509 3327 3585">
     <span class='ocr_line' id='line_1_82' title="bbox 1751 3509 3327 3585; baseline 0.004 -22"><span class='ocrx_word' id='word_1_673' title='bbox 1751 3509 1823 3564; x_wconf 89' lang='lat' dir='ltr'><strong>ita</strong></span> <span class='ocrx_word' id='word_1_674' title='bbox 1874 3511 2050 3580; x_wconf 89' lang='lat' dir='ltr'><strong>ipsum</strong></span> <span class='ocrx_word' id='word_1_675' title='bbox 2093 3528 2184 3568; x_wconf 91' lang='lat' dir='ltr'><strong>res</strong></span> <span class='ocrx_word' id='word_1_676' title='bbox 2236 3513 2358 3568; x_wconf 89' lang='lat' dir='ltr'><strong>illas</strong></span> <span class='ocrx_word' id='word_1_677' title='bbox 2390 3515 2643 3569; x_wconf 83' lang='lat' dir='ltr'><strong>caelestes</strong></span> <span class='ocrx_word' id='word_1_678' title='bbox 2687 3523 3133 3585; x_wconf 77' lang='lat' dir='ltr'><strong>conspecturum.</strong></span> <span class='ocrx_word' id='word_1_679' title='bbox 3171 3515 3327 3583; x_wconf 85' lang='lat' dir='ltr'><strong>Quod</strong></span> 
     </span>
    </p>
   </div>
   <div class='ocr_carea' id='block_1_83' title="bbox 1753 3603 3332 3674">
    <p class='ocr_par' dir='ltr' id='par_1_83' title="bbox 1753 3603 3332 3674">
     <span class='ocr_line' id='line_1_83' title="bbox 1753 3603 3332 3674; baseline 0.005 -16"><span class='ocrx_word' id='word_1_680' title='bbox 1753 3607 1795 3658; x_wconf 87' lang='lat' dir='ltr'><strong>si</strong></span> <span class='ocrx_word' id='word_1_681' title='bbox 1829 3603 1895 3657; x_wconf 89' lang='lat' dir='ltr'><strong>ad</strong></span> <span class='ocrx_word' id='word_1_682' title='bbox 1920 3606 2434 3674; x_wconf 76' lang='lat' dir='ltr'><strong>contmnplationem</strong></span> <span class='ocrx_word' id='word_1_683' title='bbox 2464 3606 2622 3660; x_wconf 88' lang='lat' dir='ltr'><strong>istam</strong></span> <span class='ocrx_word' id='word_1_684' title='bbox 2653 3618 2844 3662; x_wconf 86' lang='lat' dir='ltr'><strong>natura</strong></span> <span class='ocrx_word' id='word_1_685' title='bbox 2867 3609 3062 3666; x_wconf 82' lang='lat' dir='ltr'><strong>virium</strong></span> <span class='ocrx_word' id='word_1_686' title='bbox 3088 3613 3219 3664; x_wconf 80' lang='lat' dir='ltr'><strong>satis</strong></span> <span class='ocrx_word' id='word_1_687' title='bbox 3242 3610 3332 3666; x_wconf 70' lang='grc' dir='ltr'><strong>ιωο</strong></span> 
     </span>
    </p>
   </div>
   <div class='ocr_carea' id='block_1_84' title="bbox 1752 3696 3328 3761">
    <p class='ocr_par' dir='ltr' id='par_1_84' title="bbox 1752 3696 3328 3761">
     <span class='ocr_line' id='line_1_84' title="bbox 1752 3696 3328 3761; baseline 0.003 -11"><span class='ocrx_word' id='word_1_688' title='bbox 1752 3696 2048 3761; x_wconf 83' lang='lat' dir='ltr'><strong>beret,euin</strong></span> <span class='ocrx_word' id='word_1_689' title='bbox 2071 3697 2472 3752; x_wconf 85' lang='lat' dir='ltr'><strong>intellecturum</strong></span> <span class='ocrx_word' id='word_1_690' title='bbox 2492 3699 2752 3754; x_wconf 83' lang='lat' dir='ltr'><strong>continuo</strong></span> <span class='ocrx_word' id='word_1_691' title='bbox 2775 3714 2961 3754; x_wconf 84' lang='lat' dir='ltr'><strong>verum</strong></span> <span class='ocrx_word' id='word_1_692' title='bbox 2981 3699 3110 3756; x_wconf 82' lang='lat' dir='ltr'><strong>illud</strong></span> <span class='ocrx_word' id='word_1_693' title='bbox 3128 3700 3328 3755; x_wconf 69' lang='lat' dir='ltr'><strong>caelum</strong></span> 
     </span>
    </p>
   </div>
   <div class='ocr_carea' id='block_1_85' title="bbox 1751 3789 3330 3863">
    <p class='ocr_par' dir='ltr' id='par_1_85' title="bbox 1751 3789 3330 3863">
     <span class='ocr_line' id='line_1_85' title="bbox 1751 3789 3330 3863; baseline 0 -19"><span class='ocrx_word' id='word_1_694' title='bbox 1751 3803 1895 3851; x_wconf 87' lang='lat' dir='ltr'><strong>esse,</strong></span> <span class='ocrx_word' id='word_1_695' title='bbox 1923 3805 2106 3846; x_wconf 89' lang='lat' dir='ltr'><strong>veram</strong></span> <span class='ocrx_word' id='word_1_696' title='bbox 2136 3789 2337 3856; x_wconf 89' lang='lat' dir='ltr'><strong>lucem,</strong></span> <span class='ocrx_word' id='word_1_697' title='bbox 2384 3805 2680 3861; x_wconf 80' lang='lat' dir='ltr'><strong>veramque</strong></span> <span class='ocrx_word' id='word_1_698' title='bbox 2702 3799 2922 3846; x_wconf 83' lang='lat' dir='ltr'><strong>terram.</strong></span> <span class='ocrx_word' id='word_1_699' title='bbox 2960 3790 3122 3863; x_wconf 75' lang='lat'><strong>566</strong></span> <span class='ocrx_word' id='word_1_700' title='bbox 3143 3790 3330 3846; x_wconf 79' lang='lat' dir='ltr'><strong>Enim.-</strong></span> 
     </span>
    </p>
   </div>
   <div class='ocr_carea' id='block_1_86' title="bbox 1751 3881 3327 3953">
    <p class='ocr_par' dir='ltr' id='par_1_86' title="bbox 1751 3881 3327 3953">
     <span class='ocr_line' id='line_1_86' title="bbox 1751 3881 3327 3953; baseline 0.003 -19"><span class='ocrx_word' id='word_1_701' title='bbox 1751 3896 1882 3935; x_wconf 88' lang='lat' dir='ltr'><strong>vero</strong></span> <span class='ocrx_word' id='word_1_702' title='bbox 1927 3893 2071 3936; x_wconf 82' lang='lat' dir='ltr'><strong>terra</strong></span> <span class='ocrx_word' id='word_1_703' title='bbox 2105 3881 2456 3948; x_wconf 67' lang='lat' dir='ltr'><strong>haeenostra,</strong></span> <span class='ocrx_word' id='word_1_704' title='bbox 2499 3881 2707 3952; x_wconf 86' lang='lat' dir='ltr'><strong>lapides</strong></span> <span class='ocrx_word' id='word_1_705' title='bbox 2741 3882 2828 3937; x_wconf 89' lang='lat' dir='ltr'><strong>isti</strong></span> <span class='ocrx_word' id='word_1_706' title='bbox 2871 3897 3009 3953; x_wconf 87' lang='lat' dir='ltr'><strong>quos</strong></span> <span class='ocrx_word' id='word_1_707' title='bbox 3057 3884 3327 3952; x_wconf 81' lang='lat' dir='ltr'><strong>videmus,</strong></span> 
     </span>
    </p>
   </div>
   <div class='ocr_carea' id='block_1_87' title="bbox 1752 3972 3329 4046">
    <p class='ocr_par' dir='ltr' id='par_1_87' title="bbox 1752 3972 3329 4046">
     <span class='ocr_line' id='line_1_87' title="bbox 1752 3972 3329 4046; baseline 0.003 -21"><span class='ocrx_word' id='word_1_708' title='bbox 1752 3973 1925 4046; x_wconf 63' lang='lat' dir='ltr'><strong>plagae</strong></span> <span class='ocrx_word' id='word_1_709' title='bbox 1953 3972 2071 4028; x_wconf 85' lang='lat' dir='ltr'><strong>istae</strong></span> <span class='ocrx_word' id='word_1_710' title='bbox 2103 3989 2293 4030; x_wconf 87' lang='lat' dir='ltr'><strong>omnes</strong></span> <span class='ocrx_word' id='word_1_711' title='bbox 2332 3985 2603 4044; x_wconf 84' lang='lat' dir='ltr'><strong>corruptae</strong></span> <span class='ocrx_word' id='word_1_712' title='bbox 2635 3983 2763 4032; x_wconf 87' lang='lat' dir='ltr'><strong>sunt</strong></span> <span class='ocrx_word' id='word_1_713' title='bbox 2788 3983 2954 4044; x_wconf 89' lang='lat' dir='ltr'><strong>atque</strong></span> <span class='ocrx_word' id='word_1_714' title='bbox 2981 3989 3237 4040; x_wconf 59' lang='lat' dir='ltr'><strong>eoa-rosa,</strong></span> <span class='ocrx_word' id='word_1_715' title='bbox 3269 3985 3329 4031; x_wconf 90' lang='lat' dir='ltr'><strong>ut</strong></span> 
     </span>
    </p>
   </div>
   <div class='ocr_carea' id='block_1_88' title="bbox 1751 4064 3329 4137">
    <p class='ocr_par' dir='ltr' id='par_1_88' title="bbox 1751 4064 3329 4137">
     <span class='ocr_line' id='line_1_88' title="bbox 1751 4064 3329 4137; baseline 0.002 -18"><span class='ocrx_word' id='word_1_716' title='bbox 1751 4065 1963 4120; x_wconf 87' lang='lat' dir='ltr'><strong>marina</strong></span> <span class='ocrx_word' id='word_1_717' title='bbox 2011 4066 2197 4122; x_wconf 87' lang='lat' dir='ltr'><strong>omnia</strong></span> <span class='ocrx_word' id='word_1_718' title='bbox 2239 4065 2516 4137; x_wconf 71' lang='lat' dir='ltr'><strong>salsugine</strong></span> <span class='ocrx_word' id='word_1_719' title='bbox 2545 4065 2868 4122; x_wconf 83' lang='lat' dir='ltr'><strong>exeduntur.</strong></span> <span class='ocrx_word' id='word_1_720' title='bbox 2919 4064 3194 4136; x_wconf 89' lang='lat' dir='ltr'><strong>Siquidem</strong></span> <span class='ocrx_word' id='word_1_721' title='bbox 3228 4083 3329 4124; x_wconf 83' lang='lat' dir='ltr'><strong>nee</strong></span> 
     </span>
    </p>
   </div>
   <div class='ocr_carea' id='block_1_89' title="bbox 1751 4155 3329 4227">
    <p class='ocr_par' dir='ltr' id='par_1_89' title="bbox 1751 4155 3329 4227">
     <span class='ocr_line' id='line_1_89' title="bbox 1751 4155 3329 4227; baseline 0.001 -16"><span class='ocrx_word' id='word_1_722' title='bbox 1751 4156 1920 4211; x_wconf 90' lang='lat' dir='ltr'><strong>ullius</strong></span> <span class='ocrx_word' id='word_1_723' title='bbox 1967 4157 2126 4227; x_wconf 88' lang='lat' dir='ltr'><strong>pretii</strong></span> <span class='ocrx_word' id='word_1_724' title='bbox 2151 4158 2449 4226; x_wconf 85' lang='lat' dir='ltr'><strong>quidquam</strong></span> <span class='ocrx_word' id='word_1_725' title='bbox 2486 4157 2544 4216; x_wconf 86' lang='lat' dir='ltr'><strong>in</strong></span> <span class='ocrx_word' id='word_1_726' title='bbox 2596 4155 2737 4212; x_wconf 87' lang='lat' dir='ltr'><strong>mari</strong></span> <span class='ocrx_word' id='word_1_727' title='bbox 2792 4157 3056 4221; x_wconf 88' lang='lat' dir='ltr'><strong>nascitur,</strong></span> <span class='ocrx_word' id='word_1_728' title='bbox 3090 4173 3189 4212; x_wconf 90' lang='lat' dir='ltr'><strong>nec</strong></span> <span class='ocrx_word' id='word_1_729' title='bbox 3217 4157 3329 4213; x_wconf 77' lang='lat' dir='ltr'><strong>fere</strong></span> 
     </span>
    </p>
   </div>
   <div class='ocr_carea' id='block_1_90' title="bbox 1751 4249 3324 4321">
    <p class='ocr_par' dir='ltr' id='par_1_90' title="bbox 1751 4249 3324 4321">
     <span class='ocr_line' id='line_1_90' title="bbox 1751 4249 3324 4321; baseline 0.003 -17"><span class='ocrx_word' id='word_1_730' title='bbox 1751 4249 2054 4319; x_wconf 82' lang='lat' dir='ltr'><strong>perfectum</strong></span> <span class='ocrx_word' id='word_1_731' title='bbox 2105 4249 2408 4321; x_wconf 88' lang='lat' dir='ltr'><strong>quidquam</strong></span> <span class='ocrx_word' id='word_1_732' title='bbox 2450 4265 2517 4304; x_wconf 89' lang='lat' dir='ltr'><strong>eo</strong></span> <span class='ocrx_word' id='word_1_733' title='bbox 2566 4250 2922 4306; x_wconf 90' lang='lat' dir='ltr'><strong>continetur:</strong></span> <span class='ocrx_word' id='word_1_734' title='bbox 2958 4266 3205 4306; x_wconf 72' lang='lat' dir='ltr'><strong>cavernae</strong></span> <span class='ocrx_word' id='word_1_735' title='bbox 3251 4252 3324 4310; x_wconf 82' lang='lat' dir='ltr'><strong>ibi</strong></span> 
     </span>
    </p>
   </div>
   <div class='ocr_carea' id='block_1_91' title="bbox 1754 4343 3324 4414">
    <p class='ocr_par' dir='ltr' id='par_1_91' title="bbox 1754 4343 3324 4414">
     <span class='ocr_line' id='line_1_91' title="bbox 1754 4343 3324 4414; baseline 0 -16"><span class='ocrx_word' id='word_1_736' title='bbox 1754 4353 1987 4409; x_wconf 90' lang='lat' dir='ltr'><strong>tantum,</strong></span> <span class='ocrx_word' id='word_1_737' title='bbox 2023 4358 2211 4410; x_wconf 85' lang='lat' dir='ltr'><strong>arena,</strong></span> <span class='ocrx_word' id='word_1_738' title='bbox 2242 4352 2297 4398; x_wconf 86' lang='lat' dir='ltr'><strong>et</strong></span> <span class='ocrx_word' id='word_1_739' title='bbox 2326 4353 2476 4398; x_wconf 87' lang='lat' dir='ltr'><strong>vasta</strong></span> <span class='ocrx_word' id='word_1_740' title='bbox 2505 4343 2602 4397; x_wconf 85' lang='lat' dir='ltr'><strong>luti</strong></span> <span class='ocrx_word' id='word_1_741' title='bbox 2635 4343 2992 4412; x_wconf 85' lang='lat' dir='ltr'><strong>sordiumque</strong></span> <span class='ocrx_word' id='word_1_742' title='bbox 3023 4344 3324 4414; x_wconf 48' lang='lat' dir='ltr'><strong>couwries,</strong></span> 
     </span>
    </p>
   </div>
   <div class='ocr_carea' id='block_1_92' title="bbox 113 4423 1650 4507">
    <p class='ocr_par' dir='ltr' id='par_1_92' title="bbox 113 4423 1644 4505">
     <span class='ocr_line' id='line_1_92' title="bbox 113 4423 1644 4505; baseline 0.003 -25"><span class='ocrx_word' id='word_1_743' title='bbox 113 4423 185 4493; x_wconf 68' lang='grc' dir='ltr'>τὴν</span> <span class='ocrx_word' id='word_1_744' title='bbox 205 4425 368 4498; x_wconf 78' lang='grc' dir='ltr'>θεῴτο,</span> <span class='ocrx_word' id='word_1_745' title='bbox 389 4431 581 4502; x_wconf 82' lang='grc' dir='ltr'>ὥσπερ</span> <span class='ocrx_word' id='word_1_746' title='bbox 611 4435 668 4484; x_wconf 80' lang='grc' dir='ltr'>αξ</span> <span class='ocrx_word' id='word_1_747' title='bbox 699 4431 1098 4487; x_wconf 82' lang='grc' dir='ltr'>δωδεκάσκυτοι</span> <span class='ocrx_word' id='word_1_748' title='bbox 1128 4437 1374 4505; x_wconf 79' lang='grc' dir='ltr'>σφαῖραι,</span> <span class='ocrx_word' id='word_1_749' title='bbox 1406 4434 1644 4505; x_wconf 78' lang='grc' dir='ltr'>ποικίλη,</span> 
     </span>
    </p>
   </div>
   <div class='ocr_carea' id='block_1_93' title="bbox 1753 4423 3326 4507">
    <p class='ocr_par' dir='ltr' id='par_1_93' title="bbox 1764 4434 3326 4507">
     <span class='ocr_line' id='line_1_93' title="bbox 1764 4434 3326 4507; baseline -0.002 -18"><span class='ocrx_word' id='word_1_750' title='bbox 1764 4436 2074 4504; x_wconf 78' lang='lat' dir='ltr'><strong>ubicunque</strong></span> <span class='ocrx_word' id='word_1_751' title='bbox 2107 4442 2250 4487; x_wconf 71' lang='lat' dir='ltr'><strong>terra</strong></span> <span class='ocrx_word' id='word_1_752' title='bbox 2283 4449 2406 4488; x_wconf 85' lang='lat' dir='ltr'><strong>cum</strong></span> <span class='ocrx_word' id='word_1_753' title='bbox 2458 4448 2524 4489; x_wconf 88' lang='lat' dir='ltr'><strong>eo</strong></span> <span class='ocrx_word' id='word_1_754' title='bbox 2555 4434 2846 4503; x_wconf 81' lang='lat' dir='ltr'><strong>conjuncta</strong></span> <span class='ocrx_word' id='word_1_755' title='bbox 2881 4442 2964 4487; x_wconf 88' lang='lat' dir='ltr'><strong>est</strong></span> <span class='ocrx_word' id='word_1_756' title='bbox 2985 4450 3003 4492; x_wconf 74' lang='grc' dir='ltr'><strong>,ε</strong></span> <span class='ocrx_word' id='word_1_757' title='bbox 3047 4447 3168 4502; x_wconf 68' lang='lat' dir='ltr'><strong>quae</strong></span> <span class='ocrx_word' id='word_1_758' title='bbox 3197 4448 3326 4507; x_wconf 54' lang='lat' dir='ltr'><strong>pro,</strong></span> 
     </span>
    </p>
   </div>
   <div class='ocr_carea' id='block_1_94' title="bbox 111 4517 1645 4598">
    <p class='ocr_par' dir='ltr' id='par_1_94' title="bbox 111 4517 1645 4598">
     <span class='ocr_line' id='line_1_94' title="bbox 111 4517 1645 4598; baseline 0.005 -26"><span class='ocrx_word' id='word_1_759' title='bbox 111 4517 312 4588; x_wconf 70' lang='grc' dir='ltr'>χρώμασι</span> <span class='ocrx_word' id='word_1_760' title='bbox 340 4522 731 4596; x_wconf 80' lang='grc' dir='ltr'>διειλημμένη·</span> <span class='ocrx_word' id='word_1_761' title='bbox 766 4519 840 4578; x_wconf 83' lang='grc' dir='ltr'>ὧν</span> <span class='ocrx_word' id='word_1_762' title='bbox 869 4525 963 4580; x_wconf 74' lang='grc' dir='ltr'><strong>καὶ</strong></span> <span class='ocrx_word' id='word_1_763' title='bbox 1007 4525 1074 4580; x_wconf 79' lang='grc' dir='ltr'>τὰ</span> <span class='ocrx_word' id='word_1_764' title='bbox 1115 4525 1300 4581; x_wconf 78' lang='grc' dir='ltr'>ἐνθάδε</span> <span class='ocrx_word' id='word_1_765' title='bbox 1332 4522 1470 4578; x_wconf 78' lang='grc' dir='ltr'>εἶναι</span> <span class='ocrx_word' id='word_1_766' title='bbox 1502 4526 1645 4598; x_wconf 80' lang='grc' dir='ltr'>χρώ-</span> 
     </span>
    </p>
   </div>
   <div class='ocr_carea' id='block_1_95' title="bbox 111 4611 1645 4690">
    <p class='ocr_par' dir='ltr' id='par_1_95' title="bbox 111 4611 1645 4690">
     <span class='ocr_line' id='line_1_95' title="bbox 111 4611 1645 4690; baseline 0.008 -33"><span class='ocrx_word' id='word_1_767' title='bbox 111 4623 223 4674; x_wconf 71' lang='grc' dir='ltr'>ματα</span> <span class='ocrx_word' id='word_1_768' title='bbox 252 4612 427 4687; x_wconf 73' lang='grc' dir='ltr'>ὥσπερ</span> <span class='ocrx_word' id='word_1_769' title='bbox 454 4615 752 4688; x_wconf 82' lang='grc' dir='ltr'>δείγματα,</span> <span class='ocrx_word' id='word_1_770' title='bbox 778 4611 860 4681; x_wconf 73' lang='grc' dir='ltr'>οἷς</span> <span class='ocrx_word' id='word_1_771' title='bbox 888 4618 952 4690; x_wconf 80' lang='grc' dir='ltr'>δὴ</span> <span class='ocrx_word' id='word_1_772' title='bbox 986 4619 1036 4671; x_wconf 86' lang='grc' dir='ltr'><strong>οἰ</strong></span> <span class='ocrx_word' id='word_1_773' title='bbox 1061 4620 1293 4689; x_wconf 74' lang='grc' dir='ltr'>γραφεῖς</span> <span class='ocrx_word' id='word_1_774' title='bbox 1328 4617 1645 4690; x_wconf 76' lang='grc' dir='ltr'>καταχρῶν-</span> 
     </span>
    </p>
   </div>
   <div class='ocr_carea' id='block_1_96' title="bbox 109 4704 1644 4782">
    <p class='ocr_par' dir='ltr' id='par_1_96' title="bbox 109 4704 1644 4782">
     <span class='ocr_line' id='line_1_96' title="bbox 109 4704 1644 4782; baseline 0.007 -30"><span class='ocrx_word' id='word_1_775' title='bbox 109 4713 199 4751; x_wconf 76' lang='grc' dir='ltr'>τιι·</span> <span class='ocrx_word' id='word_1_776' title='bbox 227 4707 326 4758; x_wconf 76' lang='grc' dir='ltr'>ἐκεῖ</span> <span class='ocrx_word' id='word_1_777' title='bbox 366 4709 421 4761; x_wconf 83' lang='grc' dir='ltr'><strong>δὲ</strong></span> <span class='ocrx_word' id='word_1_778' title='bbox 458 4711 645 4764; x_wconf 80' lang='grc' dir='ltr'>πᾶσαν</span> <span class='ocrx_word' id='word_1_779' title='bbox 677 4709 774 4782; x_wconf 81' lang='grc' dir='ltr'><strong>τὴν</strong></span> <span class='ocrx_word' id='word_1_780' title='bbox 807 4711 910 4781; x_wconf 84' lang='grc' dir='ltr'><strong>γῆν</strong></span> <span class='ocrx_word' id='word_1_781' title='bbox 949 4712 1012 4768; x_wconf 81' lang='grc' dir='ltr'>ἐκ</span> <span class='ocrx_word' id='word_1_782' title='bbox 1057 4709 1310 4763; x_wconf 77' lang='grc' dir='ltr'>τοιούτων</span> <span class='ocrx_word' id='word_1_783' title='bbox 1353 4704 1512 4774; x_wconf 81' lang='grc' dir='ltr'>εἶναι,</span> <span class='ocrx_word' id='word_1_784' title='bbox 1551 4711 1644 4763; x_wconf 76' lang='grc' dir='ltr'><strong>καὶ</strong></span> 
     </span>
    </p>
   </div>
   <div class='ocr_carea' id='block_1_97' title="bbox 113 4791 1644 4876">
    <p class='ocr_par' dir='ltr' id='par_1_97' title="bbox 113 4791 1644 4876">
     <span class='ocr_line' id='line_1_97' title="bbox 113 4791 1644 4876; baseline 0.007 -28"><span class='ocrx_word' id='word_1_785' title='bbox 113 4791 213 4847; x_wconf 72' lang='grc' dir='ltr'><strong>πολῦ</strong></span> <span class='ocrx_word' id='word_1_786' title='bbox 246 4796 316 4851; x_wconf 82' lang='grc' dir='ltr'>ἔτι</span> <span class='ocrx_word' id='word_1_787' title='bbox 355 4802 417 4854; x_wconf 83' lang='grc' dir='ltr'><strong>ἐκ</strong></span> <span class='ocrx_word' id='word_1_788' title='bbox 446 4801 846 4875; x_wconf 83' lang='grc' dir='ltr'>λαμπροτέρων</span> <span class='ocrx_word' id='word_1_789' title='bbox 894 4804 987 4860; x_wconf 72' lang='grc' dir='ltr'><strong>καὶ</strong></span> <span class='ocrx_word' id='word_1_790' title='bbox 1022 4802 1418 4876; x_wconf 80' lang='grc' dir='ltr'>καθαρωτέρων</span> <span class='ocrx_word' id='word_1_791' title='bbox 1452 4805 1484 4875; x_wconf 78' lang='grc' dir='ltr'><strong>ἢ</strong></span> <span class='ocrx_word' id='word_1_792' title='bbox 1521 4808 1644 4858; x_wconf 86' lang='grc' dir='ltr'>τού-</span> 
     </span>
    </p>
   </div>
   <div class='ocr_carea' id='block_1_98' title="bbox 109 4891 1643 4969">
    <p class='ocr_par' dir='ltr' id='par_1_98' title="bbox 109 4891 1643 4969">
     <span class='ocr_line' id='line_1_98' title="bbox 109 4891 1643 4969; baseline 0.009 -32"><span class='ocrx_word' id='word_1_793' title='bbox 109 4900 204 4940; x_wconf 82' lang='grc' dir='ltr'>των.</span> <span class='ocrx_word' id='word_1_794' title='bbox 230 4891 327 4962; x_wconf 80' lang='grc' dir='ltr'><strong>Τὴν</strong></span> <span class='ocrx_word' id='word_1_795' title='bbox 355 4895 452 4964; x_wconf 84' lang='grc' dir='ltr'><strong>μὲν</strong></span> <span class='ocrx_word' id='word_1_796' title='bbox 480 4894 594 4968; x_wconf 83' lang='grc' dir='ltr'>γὰρ</span> <span class='ocrx_word' id='word_1_797' title='bbox 628 4895 866 4968; x_wconf 83' lang='grc' dir='ltr'>ἁλουργῆ</span> <span class='ocrx_word' id='word_1_798' title='bbox 907 4892 1064 4961; x_wconf 75' lang='grc' dir='ltr'>εἶναι,</span> <span class='ocrx_word' id='word_1_799' title='bbox 1104 4898 1196 4952; x_wconf 79' lang='grc' dir='ltr'><strong>καὶ</strong></span> <span class='ocrx_word' id='word_1_800' title='bbox 1233 4897 1549 4969; x_wconf 73' lang='grc' dir='ltr'>θαυμαστὴν</span> <span class='ocrx_word' id='word_1_801' title='bbox 1583 4899 1643 4951; x_wconf 85' lang='grc' dir='ltr'>τὸ</span> 
     </span>
    </p>
   </div>
   <div class='ocr_carea' id='block_1_99' title="bbox 111 4977 1640 5061">
    <p class='ocr_par' dir='ltr' id='par_1_99' title="bbox 111 4977 1640 5061">
     <span class='ocr_line' id='line_1_99' title="bbox 111 4977 1640 5061; baseline 0.023 -33"><span class='ocrx_word' id='word_1_802' title='bbox 111 4977 281 5045; x_wconf 67' lang='grc' dir='ltr'>κάλλος,</span> <span class='ocrx_word' id='word_1_803' title='bbox 307 4984 401 5055; x_wconf 77' lang='grc' dir='ltr'><strong>τὴν</strong></span> <span class='ocrx_word' id='word_1_804' title='bbox 427 4987 485 5038; x_wconf 81' lang='grc' dir='ltr'>δὲ</span> <span class='ocrx_word' id='word_1_805' title='bbox 515 4987 829 5058; x_wconf 83' lang='grc' dir='ltr'>χρυσοειδῆ,</span> <span class='ocrx_word' id='word_1_806' title='bbox 852 4988 952 5060; x_wconf 73' lang='grc' dir='ltr'>τὴν</span> <span class='ocrx_word' id='word_1_807' title='bbox 990 4987 1045 5042; x_wconf 86' lang='grc' dir='ltr'>δὲ</span> <span class='ocrx_word' id='word_1_808' title='bbox 1083 4991 1182 5059; x_wconf 81' lang='grc' dir='ltr'>ὅση</span> <span class='ocrx_word' id='word_1_809' title='bbox 1233 4989 1420 5061; x_wconf 72' lang='grc' dir='ltr'>λευκὴν</span> <span class='ocrx_word' id='word_1_810' title='bbox 1470 4990 1640 5061; x_wconf 67' lang='grc' dir='ltr'>γύψου</span> 
     </span>
    </p>
   </div>
   <div class='ocr_carea' id='block_1_100' title="bbox 108 5067 1642 5154">
    <p class='ocr_par' dir='ltr' id='par_1_100' title="bbox 108 5067 1642 5154">
     <span class='ocr_line' id='line_1_100' title="bbox 108 5067 1642 5154; baseline 0.013 -39"><span class='ocrx_word' id='word_1_811' title='bbox 108 5067 179 5119; x_wconf 75' lang='grc' dir='ltr'>καὶ</span> <span class='ocrx_word' id='word_1_812' title='bbox 203 5073 356 5140; x_wconf 76' lang='grc' dir='ltr'>χιόνος</span> <span class='ocrx_word' id='word_1_813' title='bbox 384 5077 738 5150; x_wconf 81' lang='grc' dir='ltr'>λευκοτέραν,</span> <span class='ocrx_word' id='word_1_814' title='bbox 773 5079 866 5133; x_wconf 71' lang='grc' dir='ltr'><strong>καὶ</strong></span> <span class='ocrx_word' id='word_1_815' title='bbox 903 5081 968 5133; x_wconf 78' lang='grc' dir='ltr'>ὲκ</span> <span class='ocrx_word' id='word_1_816' title='bbox 1005 5079 1112 5132; x_wconf 86' lang='grc' dir='ltr'><strong>τῶν</strong></span> <span class='ocrx_word' id='word_1_817' title='bbox 1132 5081 1303 5134; x_wconf 67' lang='grc' dir='ltr'>ἄλλων</span> <span class='ocrx_word' id='word_1_818' title='bbox 1336 5083 1642 5154; x_wconf 86' lang='grc' dir='ltr'>χρωμάτων</span> 
     </span>
    </p>
   </div>
   <div class='ocr_carea' id='block_1_101' title="bbox 111 5168 1641 5241">
    <p class='ocr_par' dir='ltr' id='par_1_101' title="bbox 111 5168 1641 5241">
     <span class='ocr_line' id='line_1_101' title="bbox 111 5168 1641 5241; baseline 0.001 -15"><span class='ocrx_word' id='word_1_819' title='bbox 111 5168 423 5241; x_wconf 60' lang='grc' dir='ltr'>συγκειμένην</span> <span class='ocrx_word' id='word_1_820' title='bbox 450 5169 739 5235; x_wconf 84' lang='grc' dir='ltr'>ὡσαύτως,</span> <span class='ocrx_word' id='word_1_821' title='bbox 766 5172 862 5226; x_wconf 70' lang='grc' dir='ltr'><strong>καὶ</strong></span> <span class='ocrx_word' id='word_1_822' title='bbox 895 5170 974 5224; x_wconf 80' lang='grc' dir='ltr'>ἔτι</span> <span class='ocrx_word' id='word_1_823' title='bbox 1008 5171 1266 5226; x_wconf 84' lang='grc' dir='ltr'>πλειόνων</span> <span class='ocrx_word' id='word_1_824' title='bbox 1298 5175 1391 5228; x_wconf 76' lang='grc' dir='ltr'><strong>καὶ</strong></span> <span class='ocrx_word' id='word_1_825' title='bbox 1424 5173 1641 5228; x_wconf 85' lang='grc' dir='ltr'>καλλιό-</span> 
     </span>
    </p>
   </div>
   <div class='ocr_carea' id='block_1_102' title="bbox 105 5259 1641 5339">
    <p class='ocr_par' dir='ltr' id='par_1_102' title="bbox 105 5259 1641 5339">
     <span class='ocr_line' id='line_1_102' title="bbox 105 5259 1641 5339; baseline 0.003 -26"><span class='ocrx_word' id='word_1_826' title='bbox 105 5267 206 5318; x_wconf 81' lang='grc' dir='ltr'>νων,</span> <span class='ocrx_word' id='word_1_827' title='bbox 233 5259 263 5327; x_wconf 74' lang='grc' dir='ltr'><strong>ἢ</strong></span> <span class='ocrx_word' id='word_1_828' title='bbox 289 5261 382 5325; x_wconf 79' lang='grc' dir='ltr'>ὅσα</span> <span class='ocrx_word' id='word_1_829' title='bbox 412 5265 579 5339; x_wconf 74' lang='grc' dir='ltr'>ἡμεῖς</span> <span class='ocrx_word' id='word_1_830' title='bbox 619 5263 962 5334; x_wconf 80' lang='grc' dir='ltr'>ἑωράκαμεν.</span> <span class='ocrx_word' id='word_1_831' title='bbox 1006 5265 1116 5318; x_wconf 74' lang='grc' dir='ltr'>Καὶ</span> <span class='ocrx_word' id='word_1_832' title='bbox 1157 5264 1264 5337; x_wconf 84' lang='grc' dir='ltr'>γὰρ</span> <span class='ocrx_word' id='word_1_833' title='bbox 1297 5265 1434 5322; x_wconf 79' lang='grc' dir='ltr'>αὐτὰ</span> <span class='ocrx_word' id='word_1_834' title='bbox 1471 5265 1641 5320; x_wconf 76' lang='grc' dir='ltr'>ταῦτα</span> 
     </span>
    </p>
   </div>
   <div class='ocr_carea' id='block_1_103' title="bbox 105 5341 1638 5426">
    <p class='ocr_par' dir='ltr' id='par_1_103' title="bbox 105 5341 1638 5426">
     <span class='ocr_line' id='line_1_103' title="bbox 105 5341 1638 5426; baseline 0.007 -27"><span class='ocrx_word' id='word_1_835' title='bbox 105 5341 157 5395; x_wconf 66' lang='grc' dir='ltr'><strong>τὰ</strong></span> <span class='ocrx_word' id='word_1_836' title='bbox 176 5349 304 5407; x_wconf 77' lang='grc' dir='ltr'>κοῖλα</span> <span class='ocrx_word' id='word_1_837' title='bbox 339 5352 526 5425; x_wconf 71' lang='grc' dir='ltr'>αὐτῆς,</span> <span class='ocrx_word' id='word_1_838' title='bbox 555 5353 745 5417; x_wconf 76' lang='grc' dir='ltr'>ὕδατός</span> <span class='ocrx_word' id='word_1_839' title='bbox 793 5371 850 5411; x_wconf 80' lang='grc' dir='ltr'><strong>τε</strong></span> <span class='ocrx_word' id='word_1_840' title='bbox 888 5354 983 5409; x_wconf 72' lang='grc' dir='ltr'>καὶ</span> <span class='ocrx_word' id='word_1_841' title='bbox 1035 5353 1196 5426; x_wconf 81' lang='grc' dir='ltr'>ἀέρος</span> <span class='ocrx_word' id='word_1_842' title='bbox 1240 5354 1452 5426; x_wconf 78' lang='grc' dir='ltr'>ἔμπλεα</span> <span class='ocrx_word' id='word_1_843' title='bbox 1488 5357 1638 5419; x_wconf 73' lang='grc' dir='ltr'>ὄντα,</span> 
     </span>
    </p>
   </div>
   <div class='ocr_carea' id='block_1_104' title="bbox 104 5435 1642 5520">
    <p class='ocr_par' dir='ltr' id='par_1_104' title="bbox 104 5435 1642 5520">
     <span class='ocr_line' id='line_1_104' title="bbox 104 5435 1642 5520; baseline 0.002 -22"><span class='ocrx_word' id='word_1_844' title='bbox 104 5435 342 5509; x_wconf 74' lang='grc' dir='ltr'>Χρῶματὸς</span> <span class='ocrx_word' id='word_1_845' title='bbox 377 5463 429 5498; x_wconf 89' lang='grc' dir='ltr'><strong>τι</strong></span> <span class='ocrx_word' id='word_1_846' title='bbox 463 5441 608 5508; x_wconf 73' lang='grc' dir='ltr'>εἶδος</span> <span class='ocrx_word' id='word_1_847' title='bbox 640 5445 994 5516; x_wconf 83' lang='grc' dir='ltr'>παρέχεσθαι,</span> <span class='ocrx_word' id='word_1_848' title='bbox 1031 5445 1312 5500; x_wconf 75' lang='grc' dir='ltr'>στίλὸοντα</span> <span class='ocrx_word' id='word_1_849' title='bbox 1343 5448 1400 5500; x_wconf 81' lang='grc' dir='ltr'>ὲν</span> <span class='ocrx_word' id='word_1_850' title='bbox 1434 5451 1500 5520; x_wconf 84' lang='grc' dir='ltr'>τῇ</span> <span class='ocrx_word' id='word_1_851' title='bbox 1531 5449 1642 5501; x_wconf 81' lang='grc' dir='ltr'>τῶν</span> 
     </span>
    </p>
   </div>
   <div class='ocr_carea' id='block_1_105' title="bbox 104 5524 1639 5609">
    <p class='ocr_par' dir='ltr' id='par_1_105' title="bbox 104 5524 1639 5609">
     <span class='ocr_line' id='line_1_105' title="bbox 104 5524 1639 5609; baseline 0.016 -31"><span class='ocrx_word' id='word_1_852' title='bbox 104 5524 241 5585; x_wconf 68' lang='grc' dir='ltr'>ἄλλων</span> <span class='ocrx_word' id='word_1_853' title='bbox 265 5536 566 5606; x_wconf 73' lang='grc' dir='ltr'>χρωμάτων</span> <span class='ocrx_word' id='word_1_854' title='bbox 618 5535 887 5609; x_wconf 76' lang='grc' dir='ltr'>ποικιλίᾳ·</span> <span class='ocrx_word' id='word_1_855' title='bbox 923 5537 1064 5592; x_wconf 72' lang='grc' dir='ltr'>,ὥστε</span> <span class='ocrx_word' id='word_1_856' title='bbox 1108 5537 1166 5592; x_wconf 74' lang='grc' dir='ltr'>ἓν</span> <span class='ocrx_word' id='word_1_857' title='bbox 1209 5556 1259 5600; x_wconf 85' lang='grc' dir='ltr'><strong>τι</strong></span> <span class='ocrx_word' id='word_1_858' title='bbox 1301 5538 1472 5608; x_wconf 70' lang='grc' dir='ltr'>αὐτῆς</span> <span class='ocrx_word' id='word_1_859' title='bbox 1504 5537 1639 5602; x_wconf 70' lang='grc' dir='ltr'>εἶδος</span> 
     </span>
    </p>
   </div>
   <div class='ocr_carea' id='block_1_106' title="bbox 160 5713 837 5802">
    <p class='ocr_par' dir='ltr' id='par_1_106' title="bbox 160 5713 837 5802">
     <span class='ocr_line' id='line_1_106' title="bbox 160 5713 837 5802; baseline -0.003 -24"><span class='ocrx_word' id='word_1_860' title='bbox 160 5713 252 5784; x_wconf 59' lang='grc' dir='ltr'><strong>βε)</strong></span> <span class='ocrx_word' id='word_1_861' title='bbox 290 5717 454 5786; x_wconf 83' lang='lat' dir='ltr'><strong>Plato,</strong></span> <span class='ocrx_word' id='word_1_862' title='bbox 491 5721 837 5802; x_wconf 83' lang='grc' dir='ltr'>ἀνασχέσθαι.</span> 
     </span>
    </p>
   </div>
   <div class='ocr_carea' id='block_1_107' title="bbox 1748 4525 3321 4596">
    <p class='ocr_par' dir='ltr' id='par_1_107' title="bbox 1748 4525 3321 4596">
     <span class='ocr_line' id='line_1_107' title="bbox 1748 4525 3321 4596; baseline 0 -14"><span class='ocrx_word' id='word_1_863' title='bbox 1748 4527 1892 4583; x_wconf 82' lang='lat' dir='ltr'><strong>l&#39;ecto</strong></span> <span class='ocrx_word' id='word_1_864' title='bbox 1924 4526 2196 4595; x_wconf 89' lang='lat' dir='ltr'><strong>ejusmodi</strong></span> <span class='ocrx_word' id='word_1_865' title='bbox 2225 4537 2373 4590; x_wconf 90' lang='lat' dir='ltr'><strong>sunt,</strong></span> <span class='ocrx_word' id='word_1_866' title='bbox 2411 4535 2471 4580; x_wconf 93' lang='lat' dir='ltr'><strong>ut</strong></span> <span class='ocrx_word' id='word_1_867' title='bbox 2503 4541 2568 4580; x_wconf 93' lang='lat' dir='ltr'><strong>ne</strong></span> <span class='ocrx_word' id='word_1_868' title='bbox 2598 4525 2736 4580; x_wconf 88' lang='lat' dir='ltr'><strong>dicis</strong></span> <span class='ocrx_word' id='word_1_869' title='bbox 2762 4525 2979 4596; x_wconf 89' lang='lat' dir='ltr'><strong>quidem</strong></span> <span class='ocrx_word' id='word_1_870' title='bbox 3009 4539 3173 4580; x_wconf 79' lang='lat' dir='ltr'><strong>causa</strong></span> <span class='ocrx_word' id='word_1_871' title='bbox 3197 4541 3321 4582; x_wconf 85' lang='lat' dir='ltr'><strong>cum</strong></span> 
     </span>
    </p>
   </div>
   <div class='ocr_carea' id='block_1_108' title="bbox 1749 4615 3324 4687">
    <p class='ocr_par' dir='ltr' id='par_1_108' title="bbox 1749 4615 3324 4687">
     <span class='ocr_line' id='line_1_108' title="bbox 1749 4615 3324 4687; baseline -0.001 -13"><span class='ocrx_word' id='word_1_872' title='bbox 1749 4621 1851 4676; x_wconf 82' lang='lat' dir='ltr'><strong>liae</strong></span> <span class='ocrx_word' id='word_1_873' title='bbox 1881 4635 2063 4674; x_wconf 88' lang='lat' dir='ltr'><strong>rerum</strong></span> <span class='ocrx_word' id='word_1_874' title='bbox 2103 4627 2413 4673; x_wconf 83' lang='lat' dir='ltr'><strong>nostrarum</strong></span> <span class='ocrx_word' id='word_1_875' title='bbox 2449 4618 2627 4687; x_wconf 83' lang='lat' dir='ltr'><strong>specie</strong></span> <span class='ocrx_word' id='word_1_876' title='bbox 2668 4617 3180 4686; x_wconf 76' lang='lat' dir='ltr'><strong>confrrri.possiut.</strong></span> <span class='ocrx_word' id='word_1_877' title='bbox 3217 4615 3324 4672; x_wconf 82' lang='lat' dir='ltr'><strong>Res</strong></span> 
     </span>
    </p>
   </div>
   <div class='ocr_carea' id='block_1_109' title="bbox 1746 4708 3321 4782">
    <p class='ocr_par' dir='ltr' id='par_1_109' title="bbox 1746 4708 3321 4782">
     <span class='ocr_line' id='line_1_109' title="bbox 1746 4708 3321 4782; baseline -0.003 -14"><span class='ocrx_word' id='word_1_878' title='bbox 1746 4724 1926 4769; x_wconf 86' lang='lat' dir='ltr'><strong>autem</strong></span> <span class='ocrx_word' id='word_1_879' title='bbox 1957 4713 2061 4767; x_wconf 69' lang='lat' dir='ltr'><strong>illae</strong></span> <span class='ocrx_word' id='word_1_880' title='bbox 2090 4713 2362 4777; x_wconf 76' lang='lat' dir='ltr'><strong>cmlestes,</strong></span> <span class='ocrx_word' id='word_1_881' title='bbox 2393 4712 2552 4782; x_wconf 84' lang='lat' dir='ltr'><strong>longe</strong></span> <span class='ocrx_word' id='word_1_882' title='bbox 2599 4711 2804 4765; x_wconf 90' lang='lat' dir='ltr'><strong>nostris</strong></span> <span class='ocrx_word' id='word_1_883' title='bbox 2842 4710 3024 4764; x_wconf 81' lang='lat' dir='ltr'><strong>adhuc</strong></span> <span class='ocrx_word' id='word_1_884' title='bbox 3051 4708 3321 4764; x_wconf 82' lang='lat' dir='ltr'><strong>excellen-</strong></span> 
     </span>
    </p>
   </div>
   <div class='ocr_carea' id='block_1_110' title="bbox 1746 4800 3322 4872">
    <p class='ocr_par' dir='ltr' id='par_1_110' title="bbox 1746 4800 3322 4872">
     <span class='ocr_line' id='line_1_110' title="bbox 1746 4800 3322 4872; baseline -0.002 -15"><span class='ocrx_word' id='word_1_885' title='bbox 1746 4807 1912 4860; x_wconf 85' lang='lat' dir='ltr'><strong>tiores</strong></span> <span class='ocrx_word' id='word_1_886' title='bbox 1943 4805 2130 4872; x_wconf 90' lang='lat' dir='ltr'><strong>utique</strong></span> <span class='ocrx_word' id='word_1_887' title='bbox 2174 4804 2479 4858; x_wconf 91' lang='lat' dir='ltr'><strong>videantur.</strong></span> <span class='ocrx_word' id='word_1_888' title='bbox 2526 4801 2660 4856; x_wconf 87' lang='lat' dir='ltr'><strong>Nam</strong></span> <span class='ocrx_word' id='word_1_889' title='bbox 2694 4802 2741 4856; x_wconf 90' lang='lat' dir='ltr'><strong>si</strong></span> <span class='ocrx_word' id='word_1_890' title='bbox 2789 4800 2986 4856; x_wconf 69' lang='lat' dir='ltr'><strong>fabula:</strong></span> <span class='ocrx_word' id='word_1_891' title='bbox 3017 4802 3170 4856; x_wconf 90' lang='lat' dir='ltr'><strong>locus</strong></span> <span class='ocrx_word' id='word_1_892' title='bbox 3200 4816 3322 4856; x_wconf 88' lang='lat' dir='ltr'><strong>esse</strong></span> 
     </span>
    </p>
   </div>
   <div class='ocr_carea' id='block_1_111' title="bbox 1745 4891 3320 4968">
    <p class='ocr_par' dir='ltr' id='par_1_111' title="bbox 1745 4891 3320 4968">
     <span class='ocr_line' id='line_1_111' title="bbox 1745 4891 3320 4968; baseline -0.001 -16"><span class='ocrx_word' id='word_1_893' title='bbox 1745 4897 1958 4960; x_wconf 82' lang='lat' dir='ltr'><strong>debeat,</strong></span> <span class='ocrx_word' id='word_1_894' title='bbox 2007 4897 2209 4968; x_wconf 85' lang='lat' dir='ltr'><strong>juverit</strong></span> <span class='ocrx_word' id='word_1_895' title='bbox 2258 4896 2549 4966; x_wconf 85' lang='lat' dir='ltr'><strong>equidem,</strong></span> <span class='ocrx_word' id='word_1_896' title='bbox 2605 4907 2639 4948; x_wconf 91' lang='grc' dir='ltr'><strong>ο</strong></span> <span class='ocrx_word' id='word_1_897' title='bbox 2695 4891 2964 4957; x_wconf 86' lang='lat' dir='ltr'><strong>Simmia,</strong></span> <span class='ocrx_word' id='word_1_898' title='bbox 3012 4892 3320 4962; x_wconf 72' lang='lat' dir='ltr'><strong>cuiusmodi</strong></span> 
     </span>
    </p>
   </div>
   <div class='ocr_carea' id='block_1_112' title="bbox 1748 4983 3321 5058">
    <p class='ocr_par' dir='ltr' id='par_1_112' title="bbox 1748 4983 3321 5058">
     <span class='ocr_line' id='line_1_112' title="bbox 1748 4983 3321 5058; baseline -0.003 -13"><span class='ocrx_word' id='word_1_899' title='bbox 1748 4999 1890 5049; x_wconf 79' lang='lat' dir='ltr'><strong>terra</strong></span> <span class='ocrx_word' id='word_1_900' title='bbox 1941 4990 2030 5046; x_wconf 90' lang='lat' dir='ltr'><strong>illa</strong></span> <span class='ocrx_word' id='word_1_901' title='bbox 2059 4990 2200 5046; x_wconf 85' lang='lat' dir='ltr'><strong>coelo</strong></span> <span class='ocrx_word' id='word_1_902' title='bbox 2239 4988 2488 5058; x_wconf 74' lang='lat' dir='ltr'><strong>proxima</strong></span> <span class='ocrx_word' id='word_1_903' title='bbox 2520 4987 2592 5042; x_wconf 89' lang='lat' dir='ltr'><strong>sit</strong></span> <span class='ocrx_word' id='word_1_904' title='bbox 2619 4986 2882 5044; x_wconf 86' lang='lat' dir='ltr'><strong>audiisse.</strong></span> <span class='ocrx_word' id='word_1_905' title='bbox 2917 4984 3027 5040; x_wconf 78' lang='lat' dir='ltr'><strong>Nos</strong></span> <span class='ocrx_word' id='word_1_906' title='bbox 3057 4999 3209 5051; x_wconf 88' lang='lat' dir='ltr'><strong>vero,</strong></span> <span class='ocrx_word' id='word_1_907' title='bbox 3237 4983 3321 5040; x_wconf 86' lang='lat' dir='ltr'><strong>in-</strong></span> 
     </span>
    </p>
   </div>
   <div class='ocr_carea' id='block_1_113' title="bbox 1744 5076 3319 5152">
    <p class='ocr_par' dir='ltr' id='par_1_113' title="bbox 1744 5076 3319 5152">
     <span class='ocr_line' id='line_1_113' title="bbox 1744 5076 3319 5152; baseline -0.001 -16"><span class='ocrx_word' id='word_1_908' title='bbox 1744 5082 1866 5152; x_wconf 90' lang='lat' dir='ltr'><strong>quit</strong></span> <span class='ocrx_word' id='word_1_909' title='bbox 1896 5080 2176 5144; x_wconf 80' lang='lat' dir='ltr'><strong>Simmias,</strong></span> <span class='ocrx_word' id='word_1_910' title='bbox 2214 5080 2465 5143; x_wconf 84' lang='lat' dir='ltr'><strong>libenter,</strong></span> <span class='ocrx_word' id='word_1_911' title='bbox 2497 5095 2530 5136; x_wconf 92' lang='grc' dir='ltr'><strong>ο</strong></span> <span class='ocrx_word' id='word_1_912' title='bbox 2563 5079 2851 5144; x_wconf 90' lang='lat' dir='ltr'><strong>Socrates,</strong></span> <span class='ocrx_word' id='word_1_913' title='bbox 2886 5076 3124 5138; x_wconf 83' lang='lat' dir='ltr'><strong>fabulam</strong></span> <span class='ocrx_word' id='word_1_914' title='bbox 3157 5077 3319 5134; x_wconf 84' lang='lat' dir='ltr'><strong>istam</strong></span> 
     </span>
    </p>
   </div>
   <div class='ocr_carea' id='block_1_114' title="bbox 1744 5170 3323 5242">
    <p class='ocr_par' dir='ltr' id='par_1_114' title="bbox 1744 5170 3323 5242">
     <span class='ocr_line' id='line_1_114' title="bbox 1744 5170 3323 5242; baseline -0.006 -12"><span class='ocrx_word' id='word_1_915' title='bbox 1744 5176 2056 5230; x_wconf 88' lang='lat' dir='ltr'><strong>audiemus.</strong></span> <span class='ocrx_word' id='word_1_916' title='bbox 2093 5173 2336 5228; x_wconf 82' lang='lat' dir='ltr'><strong>Primum</strong></span> <span class='ocrx_word' id='word_1_917' title='bbox 2368 5172 2532 5242; x_wconf 82' lang='lat' dir='ltr'><strong>igitur</strong></span> <span class='ocrx_word' id='word_1_918' title='bbox 2559 5171 2774 5235; x_wconf 73' lang='lat' dir='ltr'><strong>ferunt,</strong></span> <span class='ocrx_word' id='word_1_919' title='bbox 2819 5171 2895 5224; x_wconf 75' lang='lat' dir='ltr'><strong>uti</strong></span> <span class='ocrx_word' id='word_1_920' title='bbox 2932 5170 3181 5233; x_wconf 80' lang='lat' dir='ltr'><strong>Simmia,</strong></span> <span class='ocrx_word' id='word_1_921' title='bbox 3215 5177 3323 5224; x_wconf 82' lang='lat' dir='ltr'><strong>tor-</strong></span> 
     </span>
    </p>
   </div>
   <div class='ocr_carea' id='block_1_115' title="bbox 1743 5262 3316 5334">
    <p class='ocr_par' dir='ltr' id='par_1_115' title="bbox 1743 5262 3316 5334">
     <span class='ocr_line' id='line_1_115' title="bbox 1743 5262 3316 5334; baseline -0.003 -13"><span class='ocrx_word' id='word_1_922' title='bbox 1743 5283 1860 5322; x_wconf 87' lang='lat' dir='ltr'><strong>ram</strong></span> <span class='ocrx_word' id='word_1_923' title='bbox 1895 5267 2042 5320; x_wconf 90' lang='lat' dir='ltr'><strong>illam</strong></span> <span class='ocrx_word' id='word_1_924' title='bbox 2075 5265 2120 5319; x_wconf 81' lang='lat' dir='ltr'><strong>si</strong></span> <span class='ocrx_word' id='word_1_925' title='bbox 2148 5265 2272 5334; x_wconf 84' lang='lat' dir='ltr'><strong>quis</strong></span> <span class='ocrx_word' id='word_1_926' title='bbox 2301 5263 2585 5333; x_wconf 88' lang='lat' dir='ltr'><strong>despiciat,</strong></span> <span class='ocrx_word' id='word_1_927' title='bbox 2617 5262 2957 5332; x_wconf 65' lang='lat' dir='ltr'><strong>sphaerarum</strong></span> <span class='ocrx_word' id='word_1_928' title='bbox 3004 5271 3316 5320; x_wconf 85' lang='lat' dir='ltr'><strong>nostrarum</strong></span> 
     </span>
    </p>
   </div>
   <div class='ocr_carea' id='block_1_116' title="bbox 1743 5355 3316 5425">
    <p class='ocr_par' dir='ltr' id='par_1_116' title="bbox 1743 5355 3316 5425">
     <span class='ocr_line' id='line_1_116' title="bbox 1743 5355 3316 5425; baseline -0.004 -10"><span class='ocrx_word' id='word_1_929' title='bbox 1743 5377 1808 5415; x_wconf 81' lang='lat' dir='ltr'><strong>ex</strong></span> <span class='ocrx_word' id='word_1_930' title='bbox 1838 5361 2004 5415; x_wconf 88' lang='lat' dir='ltr'><strong>coriis</strong></span> <span class='ocrx_word' id='word_1_931' title='bbox 2036 5359 2322 5414; x_wconf 88' lang='lat' dir='ltr'><strong>duodecim</strong></span> <span class='ocrx_word' id='word_1_932' title='bbox 2369 5366 2748 5412; x_wconf 79' lang='lat' dir='ltr'><strong>contextarum</strong></span> <span class='ocrx_word' id='word_1_933' title='bbox 2794 5355 3122 5425; x_wconf 82' lang='lat' dir='ltr'><strong>persimilem</strong></span> <span class='ocrx_word' id='word_1_934' title='bbox 3173 5369 3316 5422; x_wconf 79' lang='lat' dir='ltr'><strong>esse,</strong></span> 
     </span>
    </p>
   </div>
   <div class='ocr_carea' id='block_1_117' title="bbox 1745 5439 3315 5525">
    <p class='ocr_par' dir='ltr' id='par_1_117' title="bbox 1745 5439 3315 5525">
     <span class='ocr_line' id='line_1_117' title="bbox 1745 5439 3315 5525; baseline -0.004 -20"><span class='ocrx_word' id='word_1_935' title='bbox 1745 5453 1848 5508; x_wconf 83' lang='lat' dir='ltr'><strong>hoc</strong></span> <span class='ocrx_word' id='word_1_936' title='bbox 1879 5462 1962 5507; x_wconf 83' lang='lat' dir='ltr'><strong>est</strong></span> <span class='ocrx_word' id='word_1_937' title='bbox 1992 5452 2197 5506; x_wconf 88' lang='lat' dir='ltr'><strong>variam</strong></span> <span class='ocrx_word' id='word_1_938' title='bbox 2222 5492 2238 5516; x_wconf 87' lang='lat'><strong>,</strong></span> <span class='ocrx_word' id='word_1_939' title='bbox 2269 5449 2656 5519; x_wconf 86' lang='lat' dir='ltr'><strong>coloribusque</strong></span> <span class='ocrx_word' id='word_1_940' title='bbox 2693 5445 3003 5502; x_wconf 88' lang='lat' dir='ltr'><strong>distinctam</strong></span> <span class='ocrx_word' id='word_1_941' title='bbox 3034 5439 3315 5525; x_wconf 57' lang='lat' dir='ltr'><strong>;.quoruiu</strong></span> 
     </span>
    </p>
   </div>
   <div class='ocr_carea' id='block_1_118' title="bbox 1744 5537 3318 5613">
    <p class='ocr_par' dir='ltr' id='par_1_118' title="bbox 1744 5537 3318 5613">
     <span class='ocr_line' id='line_1_118' title="bbox 1744 5537 3318 5613; baseline -0.001 -18"><span class='ocrx_word' id='word_1_942' title='bbox 1744 5545 1978 5612; x_wconf 83' lang='lat' dir='ltr'><strong>speciem</strong></span> <span class='ocrx_word' id='word_1_943' title='bbox 2010 5544 2251 5613; x_wconf 87' lang='lat' dir='ltr'><strong>aliquam</strong></span> <span class='ocrx_word' id='word_1_944' title='bbox 2292 5543 2502 5600; x_wconf 89' lang='lat' dir='ltr'><strong>colores</strong></span> <span class='ocrx_word' id='word_1_945' title='bbox 2537 5539 2621 5596; x_wconf 89' lang='lat' dir='ltr'><strong>isti</strong></span> <span class='ocrx_word' id='word_1_946' title='bbox 2674 5542 2848 5595; x_wconf 90' lang='lat' dir='ltr'><strong>nostri</strong></span> <span class='ocrx_word' id='word_1_947' title='bbox 2883 5555 2991 5610; x_wconf 68' lang='lat' dir='ltr'><strong>prrc</strong></span> <span class='ocrx_word' id='word_1_948' title='bbox 3021 5555 3080 5593; x_wconf 91' lang='lat' dir='ltr'><strong>se</strong></span> <span class='ocrx_word' id='word_1_949' title='bbox 3120 5537 3318 5612; x_wconf 68' lang='lat' dir='ltr'><strong>(erant,</strong></span> 
     </span>
    </p>
   </div>
   <div class='ocr_carea' id='block_1_119' title="bbox 1971 5723 2366 5786">
    <p class='ocr_par' dir='ltr' id='par_1_119' title="bbox 1971 5723 2366 5786">
     <span class='ocr_line' id='line_1_119' title="bbox 1971 5723 2366 5786; baseline 0 -11"><span class='ocrx_word' id='word_1_950' title='bbox 1971 5723 2079 5780; x_wconf 66' lang='lat' dir='ltr'><strong>Plit!</strong></span> <span class='ocrx_word' id='word_1_951' title='bbox 2093 5740 2141 5786; x_wconf 61' lang='grc' dir='ltr'><strong>λδ,</strong></span> <span class='ocrx_word' id='word_1_952' title='bbox 2178 5724 2366 5786; x_wconf 68' lang='grc' dir='ltr'>κάλλη.</span> 
     </span>
    </p>
   </div>
   <div class='ocr_carea' id='block_1_120' title="bbox 1817 5725 2343 5803">
    <p class='ocr_par' dir='ltr' id='par_1_120' title="bbox 1817 5725 2343 5803">
     <span class='ocr_line' id='line_1_120' title="bbox 1817 5725 2343 5803; baseline -0.002 -27"><span class='ocrx_word' id='word_1_953' title='bbox 1817 5725 1925 5794; x_wconf 71' lang='lat' dir='ltr'><strong>(ea)</strong></span> <span class='ocrx_word' id='word_1_954' title='bbox 1971 5725 2141 5786; x_wconf 64' lang='lat' dir='ltr'><strong>vim,</strong></span> <span class='ocrx_word' id='word_1_955' title='bbox 2178 5725 2343 5803; x_wconf 65' lang='grc' dir='ltr'>κάλλη</span> 
     </span>
    </p>
   </div>
  </div>
