3840 6370
131 235 215 291 M5

1287 225 1608 283 PBAL'PAR.
1651 222 1902 280 EVANG.
1944 222 2074 282 LIB.
2115 220 2205 276 XI.

3225 209 3416 275 ου’

129 349 350 420 «μισῶσιν,
375 350 472 419 ὅπη
501 348 562 400 ἂν
594 347 795 418 τύχωσι
828 346 928 418 τῆς
957 350 1080 419 γῆς.
1113 348 1310 400 Τούτου
1343 347 1399 400 δὲ
1433 340 1492 400 αὖ
1526 361 1655 398 κατ-

1775 357 1916 410 ιυεηι
1947 337 2508 412 Pyriphlegethoutem
2546 337 2851 402 nominant,
2902 339 3059 410 cujus
3088 339 3327 408 particu-

125 443 315 512 οντικρϋ
361 443 387 493 ὁ
429 442 679 511 τέταρτος
711 441 963 493 ἐκπίπτει
997 444 1076 504 εἰς
1106 440 1270 493 τόπον
1298 439 1512 510 πρῶτον
1545 439 1654 490 δει-

126 536 195 591 vir
227 552 279 587 τε
327 536 413 586 καὶ
455 535 671 605 ἄγριον,
707 533 782 595 ὡς
821 533 1072 601 λέγεται,
1117 532 1316 604 χρῶμα
1371 531 1426 584 δὲ
1467 530 1654 601 ἔχοντα

123 627 218 682 ὅλον
240 621 337 679 οῖον
363 628 388 678 ό
418 626 631 688 κυανὸς,
667 625 726 677 ὃν
752 624 816 693 δὴ
846 623 1242 696 ἐπονομάζουσι
1275 623 1518 690 Στύγιον.
1547 623 1655 674 Καὶ

124 719 200 790 τὴν
243 717 420 786 λίμνην
468 721 611 769 ποιεῖ
650 719 678 770 ὀ
725 718 966 787 ποταμὸς
1016 716 1298 786 ἐμϐάλλων
1352 713 1565 781 Στύγα·
1627 715 1654 765 ὁ

121 811 153 861 δ’
189 806 413 877 ἐμπεσὼν
461 807 713 872 ἐνταῦθα,
759 809 854 860 καὶ
889 807 1068 870 δεινὰς
1097 806 1353 874 δυνάμεις
1385 803 1563 856 λαϐὼν
1598 805 1654 854 ἐν

123 901 180 970 τῷ
207 900 356 961 ὕδατι,
387 900 478 960 δὺς
527 899 669 952 κατά
714 900 815 968 τῆς
865 900 987 970 γῆς,
1043 899 1136 951 καὶ
1183 895 1655 966 περιελιττόμενος

120 997 253 1064 χωρεῖ
295 993 526 1056 ἐναντίος
569 992 646 1063 τῷ
695 992 1172 1064 [Ιυριφλεγέθοντι.
1218 991 1312 1044 καὶ
1351 990 1567 1058 ἀπαντᾷ
1599 989 1654 1040 ἐν

120 1088 168 1155 τῇ
203 1084 496 1156 Ἀχερουσία
539 1085 702 1157 λίμνῃ
747 1084 1075 1148 ἐξεναντίας.
1124 1084 1232 1136 Καὶ
1264 1081 1383 1134 οὐδὲ
1427 1080 1485 1133 τὸ
1531 1079 1654 1131 τού-

118 1195 188 1230 τω
230 1175 358 1247 ὕδωρ
391 1177 568 1229 οὐδενὶ
626 1177 912 1246 μίγνυται,
966 1175 1100 1230 ἀλλὰ
1147 1175 1240 1228 καὶ
1276 1171 1426 1235 οὗτος
1474 1170 1656 1240 κύκλῳ

119 1267 386 1338 περιελθὼν,
421 1267 669 1321 ἐκϐάλλει
715 1270 794 1331 είς
840 1269 928 1320 τὸν
976 1268 1257 1338 Τάρταρον
1297 1264 1539 1324 ἐναντίος
1579 1261 1655 1331 τῷ

117 1357 548 1429 Πυριφλεγέθοντι.
584 1361 790 1428 Ὀνομα
822 1359 878 1410 δὲ
910 1358 1083 1424 τούτῳ
1110 1358 1275 1421 ἐστὶν,
1309 1356 1383 1418 ὡς
1415 1351 1464 1406 οἱ
1500 1371 1654 1424 ποιη-

117 1453 187 1504 ταὶ
207 1451 422 1518 λέγουσι,
460 1453 734 1514 Κωκυτός,
773 1451 988 1504 Τούτων
1030 1452 1086 1504 δέ
1121 1449 1262 1504 οὕτω
1312 1447 1652 1516 πεφυκότων,

118 1541 296 1596 ἐπειδὰν
321 1543 625 1610 ἀφίκωνται
659 1544 707 1595 oi
745 1542 1190 1611 τετελευτηκότες
1221 1542 1300 1603 είς
1346 1539 1436 1591 τὸν
1466 1539 1652 1599 τόπον,

116 1629 190 1686 οἷό
207 1635 403 1704 Δαίμων
427 1634 658 1688 ἕκαστον
681 1633 914 1705 κομίζει,
937 1634 1150 1706 πρῶτον
1177 1633 1272 1703 μὲν
1291 1631 1657 1684 διεδικάσαντο

1759 433 1840 488 las
1877 432 1976 503 ipsi
2003 447 2221 502 quoque
2254 431 2375 496 rivi,
2404 445 2620 500 quaqua
2653 440 2922 485 terrarum
2941 431 3328 502 datur,ex3pi«

1758 535 1901 579 rant.
1931 523 2067 578 Huic
2091 525 2354 578 adversus
2381 523 2506 576 item
2535 533 2785 593 quartus,
2810 525 3047 593 primum
3070 525 3123 578 in
3149 525 3330 580 locum

1757 617 1993 684 erumpit
2027 616 2365 675 horribilem,
2396 624 2454 668 ut
2480 615 2654 681 aiunt,
2680 625 2733 670 et
2766 618 3099 686 squalidum,
3130 627 3332 672 totum-

1758 723 1866 776 que
1897 708 2080 762 colore
2124 707 2358 761 cairuleo
2417 707 2680 776 persimili
2716 709 2963 774 tinctum,
2995 711 3158 779 vulgo
3213 711 3334 780 Sty-

1758 800 1904 870 gium
1931 801 2234 853 nominant.
2273 799 2320 854 Is
2351 817 2458 870 qua
2496 817 2618 856 sese
2650 812 2802 870 parte
2832 803 3081 865 effundit,
3104 801 3330 874 Stygem

1758 906 1976 960 quoque
2014 892 2262 959 paludem
2293 891 2484 957 eﬂicit,
2541 895 2594 947 in
2629 909 2793 962 quam
2845 895 2973 949 dum
3007 899 3330 964 prorumpit,

1759 983 1917 1036 novis
1959 982 2078 1050 ejus
2112 998 2266 1052 aqua:
2297 984 2505 1039 viribus
2551 986 2808 1055 majorem
2845 987 2898 1041 in
2934 989 3155 1043 rnodum
3187 989 3334 1042 iutu-

1759 1091 2028 1140 mescens,
2053 1078 2213 1130 altam
2244 1077 2346 1131 sub
2372 1087 2571 1132 terram
2596 1080 2760 1145 subit,
2793 1080 2878 1133 ubi
2912 1083 3072 1152 longo
3102 1083 3332 1137 circuitu

1758 1168 2019 1222 adversus
2051 1166 2427 1238 Phlegethonti
2481 1171 2736 1237 volvitur,
2786 1173 2959 1228 donec
2993 1176 3116 1245 ipsi,
3164 1177 3333 1230 altera

1757 1275 1821 1314 ex
1841 1261 2082 1330 parte,ad
2101 1261 2453 1316 Acherusiam
2471 1265 2719 1332 paludem
2739 1267 3180 1338 σεται-1⁸³1568
3194 1269 3334 1322 Idem

1758 1369 1922 1426 porro
1955 1355 2152 1409 undam
2201 1372 2419 1426 quoque
2471 1373 2627 1413 suam
2685 1359 2776 1411 alii
2829 1361 3149 1428 permistam
3201 1361 3334 1414 uulii

1759 1447 2000 1502 retinens
2030 1489 2044 1512 ,
2098 1460 2220 1516 post
2269 1451 2468 1506 multas
2510 1451 2729 1506 demum
2780 1450 3059 1516 ﬂexiones,
3113 1467 3230 1508 sese
3281 1453 3336 1507 in

1759 1539 2046 1596 Tartarum
2094 1541 2588 1613 Pyriphlegethouti
2635 1543 2888 1598 similiter
2935 1545 3199 1598 adversus
3243 1560 3338 1598 ex-

1766 1645 1976 1689 onerat.
2011 1635 2091 1702 Ei,
2124 1637 2168 1690 si
2202 1636 2373 1705 poetis
2423 1637 2715 1704 credimus,
2770 1639 2974 1708 Cocyto
3009 1653 3204 1691 nomen
3232 1646 3333 1691 est.

115 1726 157 1777 οἵ
175 1742 222 1778 τε
256 1726 424 1788 καλῶς
459 1728 553 1780 καὶ
583 1727 742 1788 ὁσίως
785 1729 877 1780 καὶ
909 1725 1129 1788 δικαίως
1165 1723 1477 1794 βιώσαντες,
1497 1723 1590 1775 καὶ
1616 1717 1664 1773 οἱ

1775 1726 1882 1782 [loc
1913 1737 2054 1782 statu
2097 1744 2305 1792 rerum,
2359 1739 2417 1782 ut
2451 1730 2686 1798 primum
2721 1745 2784 1784 eo
2815 1731 3015 1785 mortui
3050 1731 3337 1791 devenere.

119 1819 174 1886 μή
207 1819 300 1870 Καὶ
324 1817 370 1869 οἳ
392 1820 487 1887 μὲν
512 1817 581 1870 ἂν
601 1818 792 1884 δόξωσι
814 1819 993 1886 μέσως
1018 1816 1355 1887 βεϐιωκέναι,
1379 1812 1662 1884 πορευθέν-

116 1925 185 1970 τες
207 1908 285 1959 ἐπὶ
309 1907 397 1961 τὸν
427 1910 740 1980 Ἀχέροντα,
768 1911 1063 1971 ἀναϐάντες
1087 1909 1120 1960 ὃ.
1141 1908 1204 1978 δὴ
1227 1909 1322 1960 καὶ,
1344 1907 1524 1967 αὐτοῖς
1543 1905 1663 1973 ὀχή-

119 2002 234 2067 ματα
260 2004 414 2062 ἐστιν,
446 2003 541 2054 ἐπὶ
567 2003 752 2055 τοῦτον
785 2003 893 2073 ('56)
922 1999 1272 2071 ἀφικνοῦνται
1305 2001 1382 2061 εἰς
1412 1999 1510 2067 τὴν
1533 1997 1666 2065 λίμ-

116 2109 208 2159 νην.
236 2094 332 2144 Καὶ
365 2096 480 2145 ἐκεῖ
535 2095 748 2146 οἰκοῦσί
789 2112 847 2146 τε
893 2095 986 2147 καὶ
1029 2091 1434 2163 καθαιρόμενοι,
1465 2089 1571 2141 τῶν
1605 2107 1662 2140 τε

117 2185 420 2254 ἀδικημάτων
452 2186 686 2248 διδόντες
713 2187 884 2248 δίκας,
923 2184 1243 2238 ἀπολύονται
1271 2182 1322 2235 εἴ
1351 2181 1431 2244 τίς
1467 2199 1516 2233 τι
1547 2181 1663 2249 ἡδί-

117 2293 223 2343 κηκε
243 2295 254 2306 ”
281 2278 381 2330 τῶν
413 2296 471 2330 τε
503 2278 836 2348 εὐεργεσιῶν
868 2279 1031 2348 τιμὰς
1081 2277 1354 2347 φέρονται,
1387 2274 1526 2327 κατὰ
1569 2273 1664 2342 τὴν

116 2367 240 2430 ἀξίαν
262 2369 482 2430 ἕκαστος
503 2386 515 2397 ·
554 2369 604 2421 οἳ
631 2369 674 2419 δ’
703 2368 766 2421 άν
789 2368 1008 2431 δόξωσιν
1041 2367 1271 2428 ἀνιάτως
1305 2365 1446 2434 ἔχειν
1481 2362 1568 2414 διὰ
1598 2363 1665 2415 τα

122 2461 285 2531 μεγέθη
325 2461 429 2511 τῶν
456 2461 898 2531 ἁμαρτημάτων,
1008 2457 1308 2528 ἱεροσυλίας
1340 2454 1539 2517 πολλάς
1574 2455 1667 2505 καὶ

122 2550 339 2617 μεγάλας,
371 2549 402 2620 ἢ
431 2552 630 2619 ςιόνους
663 2550 881 2611 ἀδίκους
923 2548 1015 2600 καὶ
1061 2547 1408 2618 παρανόμους
1443 2543 1668 2604 πολλοὺς

119 2642 506 2711 ἐξειργασμένοι,
540 2642 576 2710 ἦ
624 2642 758 2693 ἄλλα
801 2642 899 2692 ὅσα
941 2639 1164 2692 τοιαῦτα
1209 2637 1466 2706 τυγχάνει
1509 2634 1663 2686 ὄντα·

119 2733 299 2796 τούτους
326 2735 381 2786 δὲ
410 2737 442 2804 ἡ
479 2734 836 2803 προσήκουσα
871 2734 1035 2801 μοῖρα
1080 2731 1259 2800 ῥίπτει
1294 2730 1372 2790 εἰς
1405 2729 1494 2779 τὸν
1529 2727 1673 2796 Τάρ-

123 2841 267 2894 ταρον,
288 2827 402 2878 ὃθεν
431 2825 635 2878 οὖπστε
664 2823 1000 2875 ἐκϐαίνουσιν
1021 2839 1034 2850 ·
1065 2821 1112 2873 οἳ
1163 2822 1209 2873 δ’
1233 2819 1298 2872 ἂν
1334 2819 1524 2887 ἰάσιμα
1550 2817 1669 2887 μὲν,

124 2917 294 2984 μεγάλα
339 2919 391 2970 δὲ
431 2919 661 2984 δόξωσιν
705 2914 1085 2986 ἡμαρτηκέναι
1134 2913 1526 2983 ἁμαρτήματα,
1560 2903 1668 2962 οἷον

124 3012 227 3079 πρὸς
261 3012 461 3082 πατέρα
493 3011 526 3080 ἢ
574 3010 781 3080 μητέρα
812 3009 901 3060 ὑπ’
935 3006 1104 3076 ὀργῆς
1151 3005 1323 3074 βίαιόν
1357 3022 1410 3056 τι
1441 3001 1677 3071 πράξαν-

121 3118 206 3162 τις,
246 3103 330 3154 καὶ
371 3101 685 3171 μεταμέλον
733 3100 914 3161 αὐτοῖς
959 3098 1050 3150 τὸν
1101 3097 1259 3151 ἄλλον
1299 3095 1412 3166 βίον
1462 3093 1670 3164 βιῶσιν,

122 3190 147 3253 ἦ
177 3192 268 3261 (57)
293 3191 633 3262 ἀνδροφόνοι,
665 3191 696 3258 ἢ
728 3188 950 3258 τοιούτῳ
987 3187 1172 3256 τρόπῳ
1202 3185 1346 3256 ἄλλῳ
1375 3185 1669 3253 γένωνται⁹

123 3282 304 3347 τούτους
342 3285 385 3337 δ’
431 3285 701 3354 ἐμπεσεῖν
734 3282 831 3352 μὲν
872 3284 950 3345 εἰς
985 3282 1075 3335 τὸν
1120 3277 1402 3350 Τάρταρον
1436 3278 1672 3347 ἀνάγκη,

123 3375 419 3444 ἐμπεσόντας
447 3376 505 3428 δὲ
536 3375 755 3436 αὐτοὺς,
789 3373 881 3425 καὶ
916 3371 1159 3425 ἐνιαυτὸν
1203 3372 1320 3423 ἐκεῖ
1352 3370 1675 3439 γενομένους

124 3468 330 3522 ἑκὸάλλει
361 3469 420 3522 τὸ
457 3467 641 3538 κῦμα,
692 3465 818 3528 τοὺς
863 3466 957 3535 μὲν
1002 3464 1375 3534 ἀνδροεςόνους,
1411 3461 1550 3514 κατὰ
1587 3461 1680 3513 τὸν

125 3562 362 3622 κωκυτὸν,
391 3562 520 3624 τοὺς
571 3560 628 3612 δὲ
679 3557 1006 3629 πατραλῲας
1048 3558 1140 3610 καὶ
1181 3553 1504 3626 μητραλῴας
1539 3552 1679 3606 κατὰ

123 3652 673 3723 τὸνΠυριιρλεγέθοντα
692 3666 704 3677 ·
734 3649 952 3701 ἐπειδάν
984 3649 1038 3701 δὲ
1063 3648 1381 3717 φλεγόμενοι
1415 3646 1680 3713 γένωνται

127 3744 239 3796 κατὰ
284 3744 376 3814 τὴν
427 3745 632 3813 λίμνην
676 3741 775 3811 τὴν
814 3741 1218 3812 ’Λχερουσιάδα,
1259 3739 1486 3792 ἐνταῦθα
1516 3739 1678 3808 βοῶσί

126 3849 171 3887 ιι
206 3837 286 3889 καὶ
329 3837 611 3897 καλοῦσιν,
663 3836 711 3887 οἱ
757 3833 852 3903 μὲν
897 3832 990 3895 οὓς
1037 3833 1380 3896 ἀπέκτειναν,
1414 3833 1463 3883 οἱ
1501 3831 1555 3884 δὲ
1589 3830 1680 3894 οὓς

128 3924 345 3997 ὒῷισαν·
381 3929 718 3989 καλέσαντες
741 3926 797 3977 δὲ
828 3923 1146 3986 ἱκετεύουσι,
1174 3924 1267 3975 καὶ
1292 3923 1500 3976 δέονται
1524 3923 1681 3974 ἐάσαι

131 4021 243 4084 σφᾶς
273 4022 496 4092 ἐκϐῆναι
533 4023 614 4081 εἰς
646 4017 742 4087 τὴν
772 4016 986 4085 λίμνην,
1016 4015 1108 4067 καὶ
1139 4014 1412 4077 δέξασθαι.
1446 4013 1556 4066 Καὶ
1588 4012 1681 4064 ἐὰν

132 4112 208 4179 μὲν
229 4113 499 4173 πείσωσιν,
529 4109 843 4162 ἐκϐαίνουσί
875 4124 932 4160 τε
965 4108 1057 4159 καί
1084 4106 1309 4175 λήγουσι
1335 4105 1440 4157 τῶν
1470 4104 1679 4157 κακῶν·

130 4205 165 4253 εί
187 4203 233 4256 δὲ
260 4204 347 4275 μὴ,
380 4203 642 4274 φέρονται
670 4195 825 4261 αὖθις
864 4199 944 4259 εἰς
975 4197 1065 4249 τὸν
1100 4197 1401 4267 Τάρταρον,
1433 4193 1684 4248 κακεῖθεν

130 4295 260 4348 πάλιν
291 4298 368 4359 είς
401 4299 528 4357 τοὺς
576 4291 886 4361 ποταμούς·
935 4290 1028 4342 καὶ
1069 4288 1241 4341 ταῦτα
1289 4287 1586 4356 πάσχοντες
1621 4286 1684 4337 ού

131 4388 357 4460 τῷτερον
391 4388 680 4450 παύονται,
717 4385 847 4455 πρὶν
876 4383 940 4436 ἂν
967 4383 1226 4435 πείσωσιν
1264 4379 1357 4443 οὓς
1384 4379 1645 4449 ἠδίκησαν
1665 4395 1678 4407 ’

129 4481 238 4550 αὕτη
263 4481 365 4553 γὰρ
398 4484 432 4553 ὴ
467 4481 595 4550 δίκη
626 4478 730 4530 ὑπὸ
781 4477 889 4530 τῶν
927 4474 1196 4530 δικαστῶν
1247 4473 1427 4533 αὐτοῖς
1459 4468 1680 4540 ἐτάχθη.

132 4572 180 4622 Ui
217 4572 265 4625 δὲ
317 4573 380 4643 δὴ
430 4573 496 4626 ἂν
551 4570 741 4635 δόξωσι
791 4567 1157 4639 διαφερόντως
1210 4562 1345 4633 πρὸς
1399 4562 1459 4615 τὺ
1526 4560 1686 4623 ὁσίως

134 4660 326 4726 βιῶναι,
369 4656 518 4714 οὗτοί
575 4662 711 4712 εἰσιν
764 4661 811 4710 οἱ
859 4657 1024 4709 τῶνδε
1072 4655 1170 4725 μὲν
1209 4653 1316 4705 τῶν
1351 4651 1530 4704 τόπων
1576 4649 1685 4701 τῶν

133 4753 178 4802 ἐν
213 4757 268 4822 τῇ
312 4758 379 4825 γῇ
435 4749 877 4824 ἐλευθερούμενοί
929 4767 986 4800 τε
1035 4749 1129 4800 καὶ
1183 4744 1644 4812 ἀπαλλαττόμενοι
1670 4781 1684 4804 ,

133 4841 292 4916 ὣσπερ
327 4845 738 4915 δεσμωτηρίων,
764 4842 876 4896 ἄνω
911 4841 966 4894 δὲ
996 4843 1074 4902 εἰς
1125 4839 1222 4909 τὴν
1265 4835 1510 4908 καοαρὰν
1536 4834 1687 4904 οἴκη-

136 4950 203 4988 σιν
230 4938 633 5008 ἀφικνούμενοι,
666 4936 758 4988 καὶ
795 4935 884 4986 ἐπὶ
905 4934 1001 5004 τῆς
1034 4931 1139 5001 γῆς
1172 4929 1518 4998 οἰκιζόμενοι.
1553 4928 1689 4980 Τού-

135 5043 222 5080 των
273 5028 323 5081 όὲ
379 5028 561 5081 αὐτῶν
621 5029 668 5079 oi
723 5025 1008 5095 φιλοσοφία
1057 5023 1252 5085 ἱκανῶς
1318 5020 1688 5093 καθηράμενοι

137 5117 242 5169 ἄνευ
268 5136 323 5171 τε
347 5121 614 5190 καμάτων
639 5119 745 5188 (58}
767 5117 899 5180 ζῶσι
930 5113 1254 5184 τοπαράπαν
1275 5113 1354 5175 εἰς
1383 5112 1472 5164 τὸν
1501 5110 1690 5163 ἔπειτα

137 5211 318 5279 χρόνον,
347 5215 442 5267 καὶ
473 5215 554 5276 εἰς
610 5214 849 5281 οἰκήσεις
897 5208 975 5260 ἔτι
1021 5208 1224 5260 τούτων
1281 5204 1533 5267 καλλίους
1559 5205 1688 5270 ἀφι-

140 5303 380 5370 κνοῦνται,
443 5305 512 5369 ἃς
556 5303 680 5356 οὔτε
728 5302 904 5373 ῥᾴδιον
953 5299 1212 5371 δηλῶσαι,
1261 5296 1383 5351 οὔτε
1430 5300 1458 5350 ὁ
1502 5297 1693 5367 χρόνος

201 5485 299 5552 (⁵6)
333 5488 510 5547 Nam,
541 5487 762 5539 τούτων.

203 5557 302 5616 ίῗιῖι
342 5557 516 5612 Plato.
545 5575 649 5610 om.

205 5628 302 5678 (38)
340 5627 646 5678 Καιιάτων.
728 5629 740 5655 ’

205 5628 302 5694 (38)
340 5627 646 5696 [ἰαμάτων.
705 5620 879 5690 l’lato,
922 5624 1204 5696 σωμάτων.
1253 5620 1488 5696 Omnino
1527 5620 1694 5671 Euse-

149 5690 263 5750 iius
281 5690 535 5770 καμάτων
565 5700 708 5768 legit,
734 5690 1190 5767 quemadmodum
1223 5703 1271 5747 et
1297 5690 1689 5756 Theodorctus,

1767 1837 1877 1892 quo
1903 1822 2113 1876 daemon
2149 1838 2422 1892 quemque
2457 1823 2618 1892 rapit,
2665 1823 2930 1892 judicium
2983 1835 3108 1877 ante
3155 1824 3340 1877 omnia

1769 1915 2022 1980 subeunt,
2058 1923 2172 1968 tum
2208 1916 2301 1984 qui
2360 1916 2518 1979 bene,
2567 1924 2754 1970 sancte
2783 1916 3035 1985 justeque
3069 1917 3341 1977 vixerunt,

1768 2019 1881 2060 tum
1915 2008 2006 2076 qui
2059 2023 2236 2062 secus.
2271 2007 2419 2070 Inde,
2472 2008 2563 2078 qui
2600 2008 2831 2061 mediam
2868 2008 3005 2062 inter
3054 2017 3344 2080 utramque

1766 2097 1890 2149 vita:
1942 2097 2208 2150 rationem
2262 2099 2500 2152 tenuisse
2548 2099 2852 2158 videantur,
2899 2098 2933 2151 ii
2980 2099 3344 2152 Acheruntem

1768 2195 2035 2255 petentes,
2066 2189 2384 2242 conscensis
2421 2189 2530 2243 illic
2562 2190 2678 2242 suis
2712 2189 2916 2258 quique
2944 2189 3229 2251 vehiculis,
3276 2191 3343 2241 ait

1769 2278 2017 2347 paludem
2059 2295 2232 2347 usque
2267 2279 2603 2334 deferuntur.
2639 2279 2715 2334 lbi
2771 2281 2972 2348 degunt
3005 2281 3341 2350 aliquandiu,

1770 2373 1943 2426 donec
1974 2387 2199 2440 prorsus
2246 2373 2468 2440 cxpiati,
2503 2374 2791 2442 pinnisque
2830 2375 3120 2426 criminum
3159 2388 3346 2442 perso-

1769 2461 1920 2525 lutis,
1956 2461 2218 2530 quidquid
2249 2471 2372 2514 ante
2404 2464 2764 2531 peccaverint,
2793 2464 3182 2517 absolvuntur:
3211 2465 3342 2534 quin

1771 2552 1931 2604 etiam
1983 2552 2372 2606 beneficiorum
2425 2569 2643 2623 quoque
2689 2570 2915 2609 suorum
2965 2557 3206 2625 praemia,
3247 2570 3348 2626 pro

1773 2659 1870 2699 sua
1903 2645 2107 2713 quique
2141 2645 2404 2714 dignitate
2431 2644 2628 2700 ferunt.
2663 2649 2731 2700 At
2762 2649 2879 2717 qui,
2926 2657 3146 2717 propter
3179 2650 3348 2704 scele-

1775 2755 1895 2792 rum
1927 2740 2293 2804 atrocitatem,
2324 2739 2503 2792 locum
2534 2740 2775 2792 remedio
2817 2740 3024 2792 nullum
3063 2740 3350 2808 reliquisse

1774 2823 2080 2888 videantur,
2125 2833 2307 2892 utpote
2339 2823 2545 2877 crebris
2573 2832 2624 2876 ct
2658 2823 2990 2878 immanibus
3025 2825 3346 2894 sacrilegiis.

1777 2923 1870 2967 aut
1895 2914 2145 2983 plurimis
2179 2915 2416 2968 caedibus
2449 2914 2653 2968 nefarie
2677 2923 2730 2968 ct
2762 2924 2950 2968 contra
2985 2915 3128 2984 leges
3160 2931 3350 2970 omnes

1780 3007 2126 3075 perpetratis,
2163 3017 2214 3060 et
2244 3008 2364 3060 aliis
2390 3007 2660 3074 ejusmodi
2697 3007 2925 3076 piaculis
2957 3007 3175 3078 obligati
3205 3027 3218 3061 :
3251 3009 3352 3062 hos

1780 3113 1908 3151 vero
1945 3099 2106 3167 digna
2141 3099 2300 3168 plane
2333 3115 2454 3154 sors
2483 3100 2535 3152 in
2564 3097 2879 3165 Tartarum,
2909 3101 3052 3152 unde
3076 3115 3351 3168 nunquam

1775 3201 2076 3258 emergant,
2120 3192 2421 3261 praecipites
2468 3191 2598 3261 agit.
2647 3190 2767 3244 .lam
2806 3205 2944 3260 quos
2990 3207 3052 3244 ea
3099 3207 3355 3260 peccasse

1777 3284 2102 3350 constiterit,
2145 3301 2261 3352 quae
2309 3293 2367 3336 ut
2409 3284 2754 3338 curationem
2804 3283 3116 3346 admittant,
3169 3284 3354 3354 gravia

1779 3383 1958 3428 tamen
2013 3390 2108 3444 per
2141 3391 2261 3429 sese
2311 3377 2464 3441 sint;
2521 3384 2580 3429 ut
2626 3377 2669 3428 si
2711 3376 2974 3429 adversus
3021 3385 3227 3445 patrem
3261 3387 3356 3428 aut

1780 3478 2008 3522 matrem
2056 3469 2338 3537 indignum
2373 3468 2651 3538 quidpiam
2713 3467 2992 3522 iracundia
3041 3465 3356 3520 stimulante

1780 3558 2176 3624 commiserint,
2201 3573 2405 3629 eosque
2439 3559 2644 3628 reliqua
2678 3559 2931 3627 deinceps
2957 3558 3066 3612 vita
3097 3556 3358 3626 paenitue-

1784 3639 1895 3706 Iit;
1937 3652 2028 3698 aut
2068 3647 2112 3700 si
2154 3650 2259 3706 alis
2312 3661 2643 3718 quocunque
2683 3649 2846 3702 modo
2895 3648 3058 3702 caedis
3104 3648 3358 3701 humanm

1780 3739 1858 3794 rei
1889 3738 2126 3793 fuerint:
2157 3755 2251 3794 eos
2275 3739 2492 3809 quidem
2519 3741 2572 3794 in
2600 3739 2890 3794 Tartarum
2911 3739 3105 3795 cadere
3136 3755 3358 3795 necesse

1781 3847 1886 3897 εει,
1920 3836 2012 3888 sed
2049 3845 2227 3888 tamen
2256 3846 2448 3888 exacto
2473 3836 2600 3889 anui
2632 3836 2793 3891 unius
2822 3835 3116 3901 curriculo,
3137 3835 3356 3890 eosdem

1785 3927 1982 3982 fluctus
2011 3927 2178 3996 ejicit,
2214 3937 2268 3981 et
2315 3929 2616 3983 homicidas
2645 3929 2864 3998 quidem
2897 3938 3122 3983 eteteros
3154 3928 3208 3981 in
3253 3925 3358 3981 Co-

1784 4030 1987 4090 cytum,
2041 4021 2340 4088 parricidas
2375 4031 2554 4075 autem
2593 4021 2674 4074 Vrl
2724 4021 3040 4076 mata-iridas
3091 4021 3144 4074 in
3197 4018 3358 4089 Pyri-

1785 4110 2250 4179 phlegethoutem.
2291 4110 2354 4162 lli
2389 4120 2676 4180 postquam
2716 4111 2781 4165 ad
2815 4112 3170 4167 Acherusiam
3206 4110 3362 4180 paluv

1787 4204 1907 4255 dem
1935 4202 2097 4256 delati
2135 4203 2354 4269 fuerint,
2395 4214 2506 4257 tum
2545 4205 2750 4275 ingenti
2791 4206 3031 4259 clamore
3066 4204 3359 4272 appellant,

1788 4294 1902 4348 sive
1927 4310 2068 4360 quos
2102 4294 2498 4361 interfecerint,
2529 4297 2642 4350 sive
2671 4297 2870 4366 quibus
2915 4295 3172 4365 injuriam
3220 4293 3361 4348 fece-

1715 4415 1758 4468 D
1789 4382 1920 4446 rint,
1956 4383 2247 4437 obsecrant
2279 4384 2474 4438 deinde
2507 4394 2670 4454 atque
2708 4385 3067 4450 obtestantur,
3103 4384 3180 4438 uti
3217 4401 3275 4438 se
3308 4385 3360 4438 in

1792 4490 1912 4528 cam
1941 4475 2189 4544 paludem
2221 4477 2426 4542 subire,
2456 4477 2640 4546 ibique
2671 4477 2836 4547 recipi
2878 4477 3176 4546 patiantur.
3207 4476 3359 4544 Quod

1790 4567 2008 4636 quidem
2043 4566 2334 4637 impetrare
2364 4569 2407 4623 si
2449 4571 2678 4636 possint,
2715 4578 2826 4623 tum
2861 4585 2926 4622 eo
2960 4569 3216 4631 subeunt,
3251 4586 3363 4622 ma-

1790 4659 2077 4729 lorumque
2113 4676 2337 4714 suorum
2385 4661 2544 4714 finem
2592 4662 2884 4730 accipiunt.
2918 4661 3012 4714 Sin
3065 4660 3268 4723 minus,
3308 4662 3361 4713 in

1790 4749 2076 4805 Tartarum
2126 4751 2360 4821 indeque
2410 4766 2606 4804 rursus
2655 4750 2708 4804 iu
2759 4750 2980 4804 flumina
3031 4750 3360 4805 referuntur.

1789 4839 1911 4906 Quo
1964 4839 2214 4908 supplicii
2261 4855 2456 4910 genere
2509 4854 2617 4892 non
2657 4847 2779 4892 ante
2830 4838 3152 4904 liberantur,
3199 4853 3365 4906 quam

1789 4950 1883 4988 eos
1915 4933 2118 5003 quibus
2151 4931 2400 5001 iujuriosi
2455 4931 2678 4995 fuerint,
2723 4932 3036 4984 exorarint:
3066 4930 3184 4984 haec
3219 4929 3367 4982 enim

1791 5025 1898 5079 illis
1925 5041 1953 5078 a
1994 5024 2276 5093 judicibus
2295 5023 2590 5078 constituta
2619 5035 2779 5092 pmna
2806 5031 2906 5076 est.
2940 5019 3245 5084 Postremo,
3273 5017 3370 5088 qui

1790 5116 2337 5186 excellentiquadam
2370 5127 2424 5170 et
2453 5115 2653 5170 eximia
2681 5115 2803 5169 vitae
2838 5113 3200 5169 sanctimonia
3229 5127 3371 5184 prae-

1791 5209 2156 5264 stitissevidea
2166 5220 2257 5262 ntu
2267 5209 2356 5271 r,ii
2371 5210 2488 5262 dem
2499 5225 2528 5261 ιι
2539 5224 2588 5262 m
2603 5224 2666 5262 ex
2685 5208 2914 5262 terrenis
2932 5206 3372 5275 hiscelocis,qui-

1792 5303 2019 5358 busdam
2039 5301 2208 5374 569
2235 5302 2393 5372 quasi
2410 5301 2722 5356 carceribus
2739 5300 2915 5355 educti
2933 5307 3096 5370 atque
3133 5297 3346 5354 liberati

1795 5491 1855 5554 ut
1876 5489 2092 5554 constat
2117 5496 2180 5534 ex
2213 5481 2386 5548 primo
2415 5496 2570 5554 versu
2607 5480 2798 5534 littera:
2823 5478 2886 5546 Ι),
2936 5480 3074 5535 infra
3117 5481 3219 5536 hac
3244 5497 3370 5554 pag.

1796 5553 1886 5624 ubi
1921 5552 2108 5605 eadem
2143 5567 2241 5624 vox
2274 5563 2325 5605 et
2364 5553 2644 5622 repetitur,
2677 5563 2729 5606 ct
2764 5567 2886 5606 cum
2924 5555 3210 5624 scriptura:
3244 5552 3370 5610 vcr-

1797 5623 1879 5678 bis
1907 5623 2268 5692 componitur.
