3840 6370
524 378 633 436 955

1162 371 1437 430 EUSEBII
1476 368 1960 426 CESAIUENSIS
1997 366 2151 424 OPP.
2195 365 2376 422 PARS
2413 366 2476 420 ll.
2517 397 2588 406 —
2626 363 3134 423 APOLOGETICA.
3630 370 3707 424 956

524 491 899 564 superioribus
929 505 960 545 a
1013 488 1171 545 nobis
1219 487 1684 559 disputationibus
1742 486 2090 540 constitutum

2200 481 2510 554 ἔμπροσθεν
2540 480 2730 548 λόγους
2763 479 3074 546 διεξελθεῖν,
3107 479 3184 544 ὼς
3211 478 3316 550 ἄρα
3374 482 3426 532 αἱ
3458 482 3550 533 τῶν
3576 484 3694 537 τελε-δ

525 585 580 640 id
630 586 838 647 fuisse.
890 581 1272 638 defunctorum
1331 581 1567 644 animos,
1624 586 1978 649 pesteaquam
2035 590 2102 628 ex

524 692 755 744 corpore
787 673 1164 742 tnigraverint,
1204 688 1384 726 rerum
1437 673 1800 725 humanarum
1831 683 2017 723 curam
2051 665 2098 718 vi

523 769 756 836 quadam
796 766 1011 834 pr0pria
1048 764 1349 833 suscipere.
1400 761 1456 816 Id
1492 761 1635 828 quod
1667 759 1971 814 rationibus
2007 774 2098 810 ve-

524 862 600 915 ris
655 861 761 914 illis
811 859 1071 928 quidem,
1128 858 1222 912 sed
1276 857 1612 926 longioribus
1669 852 1885 924 probari
1939 852 2095 906 solet.

524 953 724 1008 Verum
764 954 864 1006 hoc
915 951 968 1005 in
1019 966 1234 1018 genere,
1287 966 1410 1004 cum
1442 949 1565 1003 aliis
1617 964 1738 1018 qua:
1778 947 1879 1001 hac
1927 946 1994 1000 de
2040 961 2100 1001 re

523 1062 630 1099 non
667 1045 828 1114 vulgo
878 1052 1090 1096 tantum
1141 1051 1195 1096 et
1233 1042 1459 1112 passim,
1498 1040 1591 1096 sed
1632 1039 1794 1093 etiam
1846 1054 1912 1093 ex
1947 1038 2096 1092 omni

523 1135 783 1188 memoria
837 1133 1205 1198 celebrantur,
1257 1127 1731 1196 habenda'lides;
1784 1139 1896 1184 tum
1930 1128 2094 1184 etiam

520 1226 921 1298 legislatoribus
981 1225 1056 1279 ita
1115 1224 1522 1287 statuentihus,
1591 1223 1694 1278 nisi
1763 1231 1942 1276 tamen
2002 1235 2096 1276 eos

519 1328 764 1373 amentes
793 1317 1019 1371 omnino
1051 1315 1222 1371 fuisse
1257 1316 1409 1370 velis.
1455 1334 1475 1367 ι
1526 1312 1650 1369 Haec
1681 1314 1855 1367 Plato.
1907 1311 2092 1382 Atqui,

517 1407 950 1462 Machabmorum
1003 1407 1164 1462 etiam
1206 1407 1261 1461 in
1298 1407 1455 1469 libro,
1493 1406 1646 1460 visus
1709 1404 1973 1460 Jeremias
2011 1404 2094 1458 di-

518 1501 682 1560 citur.
714 1515 839 1554 eum
885 1501 1001 1555 vita
1032 1500 1143 1570 jam
1197 1499 1416 1554 functus
1459 1508 1624 1562 esset,
1665 1513 1823 1553 orare
1869 1512 1966 1568 pro
1997 1512 2098 1566 po-

518 1593 650 1663 pulo
671 1592 765 1654 ‘1’,
799 1592 957 1662 quasi
998 1593 1277 1646 hominum
1306 1593 1485 1646 adhuc
1508 1593 1560 1644 in
1592 1591 1750 1646 terris
1782 1589 2090 1659 degentium

516 1685 680 1740 saluti
713 1686 1068 1754 prospiceret.
1114 1684 1324 1752 Quibus
1356 1684 1508 1738 Plato
1538 1685 1696 1739 (idem
1727 1683 2092 1738 adhibendam

515 1792 638 1832 esse
665 1778 1000 1848 pronuntiat.

1129 1890 1358 1947 CAPUT
1392 1891 1478 1948 IV.

516 1999 850 2056 F'abularum
916 2005 1104 2073 specie.
1146 2021 1428 2072 puerorum
1482 2007 1688 2058 animos
1721 2007 1904 2065 primis
1956 2021 2096 2074 pra:-

583 2074 908 2146 ceptionibus
937 2076 1349 2144 informandus,
1420 2092 1485 2130 ea:
1529 2077 1757 2130 secundo
1820 2075 1891 2129 De
1935 2091 2097 2146 repu-

584 2144 745 2200 blica.

588 2275 607 2307 ι
636 2254 955 2312 Orationum
990 2273 1174 2328 porro,
1193 2259 1367 2329 inquit
1398 2258 1561 2325 idem,
1584 2275 1782 2331 genera
1807 2261 1916 2316 duo
1943 2269 2092 2328 sunt,

512 2361 700 2400 verum
733 2355 788 2401 et
821 2346 1035 2402 falsum.
1081 2347 1160 2402 Ita
1194 2359 1295 2402 est.
1333 2349 1399 2402 Et
1448 2358 1677 2418 utroque
1712 2364 1849 2418 puer
1886 2349 1967 2404 sic
2011 2350 2094 2403 in-

512 2433 833 2489 formandus
878 2436 998 2497 erit.
1039 2445 1096 2490 nt
1140 2436 1353 2490 initium
1408 2451 1438 2490 a
1475 2434 1613 2490 falso
1661 2437 1913 2492 ducatur.
1951 2436 2093 2504 Quid

515 2525 651 2579 velis
681 2525 930 2594 equidem
962 2542 1067 2579 non
1101 2526 1236 2580 satis
1266 2525 1525 2595 intelligo.
1558 2525 1638 2580 Tu
1663 2543 1811 2591 vero,
1845 2527 2090 2598 inquam,

513 2631 621 2668 non
653 2616 907 2685 intelligis
934 2617 1144 2672 fabulas
1173 2633 1202 2672 a
1235 2619 1392 2673 nobis
1431 2619 1666 2686 primum
1693 2619 1855 2691 5'76
1880 2623 2089 2675 narrari

511 2708 697 2776 pueris
727 2709 900 2764 solere
931 2727 944 2765 :
977 2709 1120 2779 quod
1150 2725 1279 2764 sane
1308 2726 1498 2780 genus,
1526 2720 1576 2765 ut
1606 2713 1852 2766 universe
1879 2714 2089 2780 loquar,

512 2797 568 2850 in
602 2796 738 2853 falso
760 2814 925 2868 prope
954 2811 1217 2864 versatur,
1253 2803 1464 2856 tametsi
1490 2800 1619 2856 huic
1648 2802 1757 2856 reri
1793 2803 1955 2856 etiam
1990 2803 2091 2857 ali-

511 2889 642 2958 quid
681 2905 964 2959 aspersum
996 2900 1099 2946 est.
1133 2891 1340 2947 Pueros
1370 2901 1550 2946 autem
1582 2893 1634 2947 in
1670 2893 1869 2948 fabulis
1915 2895 2089 2964 prius,

517 2992 681 3045 quam
709 2980 762 3031 in
800 2981 1100 3051 gymnasiis
1139 2996 1478 3035 exercemus.
1531 2981 1692 3035 Sane.
1735 3001 1752 3034 ι
1783 2982 1862 3036 Ita
1913 2982 2085 3037 Plato.

515 3067 776 3125 Similiter
835 3069 1076 3128 Hebraeis
1131 3072 1183 3127 id
1239 3074 1409 3127 moris
1458 3083 1582 3140 est,
1649 3083 1709 3128 ut
1771 3075 2087 3132 hominibus

2204 575 2485 644 τησάντων
2508 573 2679 644 ψυχαὶ
2706 571 2936 643 δύναμιν
2986 572 3169 643 ἔχουσί
3222 590 3341 627 τινα
3376 572 3714 646 τελευτήσασαι,

2206 664 2301 718 καὶ
2332 663 2440 716 τῶν
2469 665 2588 716 κατ’
2623 662 2732 733 (44)
2769 661 3090 735 ἀνθρώπους
3114 663 3442 734 πραγμάτων
3468 663 3702 734 ὲπιμελοῦν

2205 771 2315 805 ται.
2352 751 2536 806 Ταῦτα
2569 751 2791 824 ἀληθεῖς
2829 752 2946 823 μὲν,
2980 753 3180 825 μακροὶ
3218 752 3274 804 δέ
3307 755 3406 805 εἱσι
3438 753 3714 823 περιέχοντες

2205 844 2373 912 λόγοι.
2401 843 2684 897 Πιστεύειν
2709 843 2764 896 δὲ
2793 845 2915 906 ταῖς
2931 861 2989 896 τε
3017 843 3206 906 ἄλλαις
3234 844 3435 913 φήμαις
3454 842 3606 912 χρεὼν
3622 846 3714 915 περὶ

2202 935 2272 989 τὰ
2302 936 2545 998 τοιαῦτα,
2580 936 2722 989 οὓτω
2785 935 3007 998 πολλαῖς
3055 935 3148 988 καὶ
3183 935 3382 1007 σφόδρα
3413 935 3633 999 παλαιαῖς
3653 937 3716 988 οὖα

2207 1045 2346 1092 σαις·
2384 1027 2656 1081 πιστεύειν
2684 1028 2739 1081 δὲ
2770 1029 3000 1092 καὶτοῖς
3039 1026 3386 1098 νομοθετοῦσι
3431 1024 3565 1080 ταῦθ’
3591 1026 3717 1091 οὓτως

2202 1119 2365 1191 ἔχειν,
2402 1121 2575 1191 ἄνπερ
2618 1119 2692 1192 μὴ
2745 1120 3090 1174 παντάπασιν
3119 1118 3349 1188 ἄφρονες
3405 1118 3712 1187 φαίνωνται.»

2203 1215 2311 1269 Καὶ
2334 1216 2391 1267 ὲν
2422 1216 2489 1284 τῇ
2524 1211 2689 1284 βίϐλῳ
2721 1212 2776 1266 δὲ
2805 1212 2915 1266 τῶν
2949 1210 3322 1267 Μακκαόαίων
3372 1209 3564 1279 λέγεται
3594 1206 3716 1282 Ἱερεο

2204 1306 2331 1377 μίας
2355 1307 2383 1358 ὁ
2414 1307 2699 1379 προφήτης
2733 1303 2870 1376 μετά
2900 1303 2998 1375 τὴν
3041 1302 3360 1375 ἀπαλλαγὴν
3389 1303 3476 1356 τού
3515 1302 3611 1373 βίου
3652 1304 3716 1356 εὑο

2200 1397 2424 1468 χόμενος
2446 1396 2673 1471 ὁρᾶσθαι
2707 1398 2847 1468 ὑπὲρ
2896 1396 2991 1450 τοῦ
3018 1395 3170 1460 λαοῦ,
3206 1396 3282 1460 ὡς
3317 1394 3553 1465 φροντίδα
3579 1394 3715 1448 ποιού-

2204 1507 2360 1559 μενος
2390 1488 2497 1541 τῶν
2539 1490 2629 1542 ἐπὶ
2680 1488 2783 1559 γῆς
2840 1486 3158 1558 ἀνθρώπων.
3214 1489 3306 1540 Δεῖ
3338 1486 3412 1550 δὲ,
3443 1486 3563 1557 φησι
3586 1488 3660 1540 καὶ
3693 1489 3714 1540 ὁ

2201 1582 2443 1646 Πλάτων,
2467 1582 2670 1644 τούτοις
2700 1581 2992 1634 πιστεύειν.

2743 1892 3137 1947 ΚΕΦΛΑΑΙΟΝ
3165 1895 3240 1946 Δ’.

2200 2005 2324 2058 Ὀτι
2353 2002 2557 2071 δεήσει
2584 2005 2654 2057 ἐν
2675 2004 2940 2072 σχήματι
2972 2005 3179 2072 μύθων
3213 2001 3327 2068 τὰς
3353 2001 3715 2072 πρώταςίεισοο

2267 2075 2460 2144 τωγὰς
2485 2074 2609 2138 τοῖς
2635 2071 2804 2128 παισὶ
2839 2071 3246 2144 παραδιδόναι,
3283 2072 3400 2128 ἀπὸ
3453 2073 3547 2128 τοῦ
3565 2071 3714 2126 deuts-

2263 2163 2377 2215 pov
2414 2144 2526 2214 τῆς
2564 2145 2864 2208 Πολιτείας.

2275 2277 2294 2310 ι
2335 2256 2523 2327 Λόγων
2552 2256 2608 2309 δὲ
2637 2255 2745 2326 (45)
2781 2256 2955 2310 διττὸν
2983 2252 3141 2320 εἶδοςο
3176 2256 3239 2310 τὸ
3264 2257 3362 2327 μὲν
3385 2253 3584 2326 ἀληθὲς,
3609 2251 3715 2306 τὸδὲ

2193 2352 2402 2422 ψευδές.
2462 2383 2528 2392 --
2556 2350 2683 2402 Ναί.
2717 2381 2787 2390 —
2820 2349 3145 2402 Παιδευτέον
3199 2348 3257 2402 δὲ
3311 2350 3370 2400 ὲν
3430 2344 3713 2418 ἀμφοτέροις’

2196 2444 2457 2515 πρότερον
2485 2442 2543 2494 δὲ
2574 2443 2630 2493 ὲν
2661 2443 2773 2500 τοῖς
2804 2438 3071 2509 ψευδέσιν.
3107 2439 3181 2490 Ub
3207 2437 3478 2508 μανθάνω,
3506 2436 3612 2504 ἔφη,
3632 2432 3715 2492 πῶς

2193 2535 2390 2604 λέγεις.
2420 2534 2494 2587 Οὐ
2533 2531 2841 2603 μανθάνεις,
2904 2527 2972 2601 ἦν
3005 2531 3050 2583 δ’
3089 2528 3219 2598 ἐγὼ,
3273 2529 3356 2582 ὃτι
3423 2525 3609 2598 πρῶτον
3635 2524 3715 2584 τοῖς

2196 2626 2423 2688 παιδίοις
2455 2624 2651 2695 μύθους
2677 2623 2906 2692 λέγομεν
2931 2639 2944 2685 ;
2981 2622 3156 2674 Τοῦτο
3183 2620 3242 2672 δέ
3277 2637 3407 2681 που,
3438 2618 3508 2679 t'o;
3558 2616 3609 2668 τὸ
3628 2614 3716 2667 ὅλον

2193 2720 2386 2777 εἰπεῖν,
2410 2715 2604 2784 ψεῦδος
2668 2712 2747 2765 ἔνι
2789 2711 2884 2765 καὶ
2927 2710 3123 2782 ἀληθῆ.
3159 2711 3433 2781 Πρότερον
3476 2707 3528 2760 δὲ
3575 2705 3715 2776 μύθοις

2195 2806 2329 2877 πρὸς
2360 2805 2429 2858 τὰ
2450 2804 2634 2858 παιδία
2663 2804 2696 2874 ἢ
2727 2801 3046 2873 γυμνασίοις
3063 2801 3346 2874 χρώμεθα.
3374 2797 3710 2853 Ἕστιταῦτα.»

2193 2895 2378 2951 Ταῦτα
2410 2898 2438 2950 ὁ
2471 2894 2717 2948 Πλάτων.
2771 2895 2880 2946 Καὶ
2934 2892 3064 2962 παρ’
3121 2890 3397 2961 Ἑϐραίοις
3438 2889 3494 2943 δὲ
3539 2885 3621 2949 τὰς
3642 2884 3715 2952 τῆς

2192 2989 2375 3043 ἐνθέου
2426 2986 2651 3058 Γραφῆς
2704 2985 2944 3058 ἱστορίας
3000 2987 3115 3048 τοῖς
3167 2982 3386 3054 νηπίοις
3444 2982 3534 3046 τὰς
3584 2975 3713 3046 ψυχὰς

2193 3077 2578 3148 ἁπλούστερον,
2609 3076 2798 3147 ὥσπερ
2847 3075 2998 3138 τινάς
3032 3074 3255 3147 μύθους,
3299 3074 3419 3138 ἔθος
3450 3073 3554 3127 ἐστὶ
3581 3085 3713 3142 παρα-

513 3161 698 3216 animo
749 3163 928 3219 adhuc
981 3163 1304 3225 infantibus,
1359 3164 1557 3219 divina:
1591 3164 1886 3234 Scriptura:
1918 3167 2090 3222 histo-

2200 3167 2404 3221 5ιδόναι’
2439 3169 2551 3230 τοῖς
2600 3165 2644 3219 δ’
2680 3165 3212 3236 ὲγγεγυμνασμένοις
3243 3165 3346 3237 τὴν
3401 3166 3508 3230 ἕξιν
3527 3165 3610 3226 τὰς
3637 3162 3713 3214 τῶν

510 3253 641 3318 rius,
676 3251 982 3308 fabularum
1013 3257 1374 3325 quarumdam
1429 3257 1620 3316 instar.
1654 3258 1956 3326 simplicius
1984 3276 2085 3312 nu-

510 3345 742 3415 diusque
775 3349 1030 3414 tradant;
1068 3349 1134 3402 iis
1185 3363 1332 3410 vero,
1369 3349 1569 3416 quibus
1621 3350 1816 3403 mentis
1867 3351 2085 3406 habitus

511 3435 675 3491 fuerit
699 3439 1085 3493 exercitatione
1119 3439 1410 3503 robustior,
1441 3440 1601 3494 altius
1641 3440 1769 3494 illud
1799 3441 2085 3497 doctrinm-

2188 3258 2360 3326 λόγων
2397 3255 2694 3336 βαθυτέρας
2722 3259 2816 3309 καὶ
2872 3255 3205 3327 δογματικὰς
3239 3255 3490 3327 θεωρίας,
3537 3253 3609 3307 διὰ
3643 3250 3713 3317 τῆς

2189 3350 2528 3420 καλουμένης
2578 3347 2974 3420 δευτερὼσεως,
3025 3350 3120 3402 καὶ
3168 3349 3466 3422 σαφηνείας
3514 3347 3605 3401 τῶν
3625 3346 3713 3397 λαν-

2193 3441 2459 3497 θανόντων
2486 3439 2611 3502 τοὺς
2635 3440 2860 3504 πολλοὺς
2886 3440 3191 3510 νοημάτων.

510 3541 616 3596 quc
658 3529 872 3595 plenum
930 3529 1398 3597 contemplationis
1455 3545 1625 3598 genus
1690 3542 1924 3590 tractare
1985 3537 2309 3594 concedunt,
2356 3529 2503 3599 quod
2572 3529 2687 3597 illa,
2735 3546 2898 3600 quam
2951 3540 3170 3596 vocant,
3222 3531 3513 3596 deuterosi,
3555 3529 3712 3584 etillu-

510 3620 704 3675 striore
733 3623 964 3691 quadam
993 3623 1298 3693 ignotorum
1330 3623 1489 3692 vulgo
1518 3640 1806 3682 sensorum
1837 3629 2202 3699 explicatione
2236 3626 2572 3681 continetur.

1131 3711 1359 3766 CAPUT
1399 3712 1459 3768 V.

512 3799 754 3856 Fabula:
809 3803 987 3872 pueris
1042 3822 1145 3858 non
1187 3808 1511 3873 perniciosas
1552 3807 1715 3873 ullas,
1745 3810 1836 3864 sed
1878 3820 2084 3866 tantum

971 3874 1121 3928 utiles
1155 3892 1205 3929 οι
1220 3877 1465 3930 cinaedus
1496 3894 1625 3932 esse.

590 3981 610 4015 ι
647 3962 798 4017 Nosti
827 3979 972 4025 vero.
1005 3966 1179 4035 inquit
1210 3965 1384 4034 Plato,
1415 3969 1638 4023 maximi
1681 3973 1941 4028 momenti
1966 3988 2087 4030 esse

515 4055 698 4124 operis
747 4056 1009 4126 cujusque
1041 4059 1393 4129 principium,
1447 4076 1511 4114 ac
1558 4063 1853 4130 praesertim
1899 4065 1950 4119 in
1994 4067 2088 4135 ju-

513 4157 649 4197 vene
697 4147 938 4214 quolibet
988 4157 1173 4202 tenero
1229 4148 1410 4205 adhuc
1460 4160 1623 4221 atque
1672 4150 1934 4210 ﬂexibili:
1971 4165 2082 4212 tum

514 4235 656 4289 enim
687 4253 748 4291 ea
778 4238 1033 4306 maxime,
1062 4255 1225 4309 quam
1259 4242 1576 4311 impressam
1601 4244 1797 4314 cuique
1825 4246 2081 4310 volueris.

513 4323 735 4394 fingitur
761 4327 1116 4398 induiturque
1142 4327 1337 4385 forma.
1375 4329 1608 4388 Prorsus
1643 4333 1694 4386 id
1725 4335 1966 4404 quidem.
1998 4337 2084 4391 An

516 4416 682 4486 igitur
706 4433 924 4487 pueros,
971 4434 1162 4476 omnes
1197 4424 1505 4492 prorniscue
1531 4424 1764 4490 fabulas,
1814 4437 1863 4481 et
1891 4442 1918 4483 ο
1947 4443 2084 4498 quo-

2714 3713 3113 3768 ΚΕΦΑΛΑΙΟΝ
3163 3714 3240 3770 E'.

2190 3809 2321 3862 ’Ότι
2347 3804 2433 3876 μὴ
2461 3805 2603 3872 τοὺς
2625 3805 2966 3871 ἐπιϐλαϐεῒς
3007 3807 3241 3875 μύθους
3271 3809 3398 3874 τοῖς
3430 3807 3600 3869 παισί,
3631 3805 3709 3872 μό·

2260 3895 2408 3941 νους
2429 3877 2496 3929 δὲ
2532 3877 2676 3942 τοὺς
2710 3877 3051 3946 ὠφελίμους
3080 3876 3289 3943 δεήσει
3324 3877 3658 3945 κατεπᾴδων.

2264 3989 2282 4022 ι
2317 3969 2526 4023 Ούκοῦν
2557 3966 2690 4022 οἷσθ’
2731 3968 2867 4038 (46),
2917 3968 2999 4021 ὅτι
3042 3969 3186 4040 ἀρχὴ
3231 3970 3433 4033 παντὸς
3469 3970 3608 4040 ἔργον

2189 4077 2394 4131 γιστον,
2425 4060 2598 4124 άλλως
2631 4077 2692 4112 τε
2737 4059 2801 4131 δὴ
2860 4060 2955 4113 καὶ
3007 4059 3112 4130 νέῳ
3145 4060 3239 4113 καὶ
3289 4060 3479 4130 ἁπαλῷ
3524 4054 3706 4129 ὁτῳοῦν,

2196 4154 2430 4226 μάλιστα
2456 4152 2565 4224 γὰρ
2600 4152 2662 4223 δὴ
2689 4151 2810 4205 τότε
2847 4151 3142 4206 πλάττεται
3195 4154 3291 4207 καὶ
3320 4153 3546 4206 ἐνδύεται
3568 4148 3706 4208 «om.

2189 4247 2247 4300 ὃν
2275 4247 2340 4301 ἄν
2389 4263 2473 4309 τις
2526 4243 2780 4315 βούληται
2834 4244 3238 4316 ἐνσημήνασθαι
3287 4247 3513 4315 ἑκάστῳ.
3552 4238 3706 4312 Κομιδῇ

2193 4336 2292 4408 μὲν
2307 4331 2552 4407 οὗν.ΤΑρ’
2575 4331 2666 4389 οὖν
2700 4335 2897 4406 ῥαδίως
2926 4335 3067 4389 οὕτω
3091 4338 3411 4408 παρήσομεν
3434 4336 3546 4398 τοὺς
3573 4335 3708 4386 trari-

2189 4429 2382 4499 χὸντας
2416 4427 2619 4498 μύθους
2652 4427 2991 4491 πλασθέντας
3032 4428 3252 4482 ἀκούειν
3277 4429 3403 4493 τοὺς
3431 4425 3616 4488 παῖδας,
3641 4420 3706 4475 καὶ

514 4527 732 4584 cunque
778 4513 930 4569 [ictas
974 4516 1185 4580 audire,
1239 4517 1511 4588 simulque
1543 4519 1728 4574 animo
1777 4524 2083 4576 contrarias

2200 4520 2483 4592 λαμϐάνειν
2517 4521 2573 4572 ἐν
2600 4521 2716 4582 ταῖς
2739 4517 2936 4589 ψυχαῖς
2965 4519 3040 4583 ὡς
3066 4519 3361 4573 ὲπιτοπολὺ
3402 4518 3618 4579 ἐναντίας
3643 4513 3701 4565 δό-

515 4613 576 4661 ut
622 4606 914 4675 plurimum
951 4607 1020 4663 iis
1057 4609 1364 4678 opiniones.
1415 4626 1552 4680 quas
1606 4613 1698 4666 ubi
1757 4616 2088 4672 maturiores

515 4697 740 4764 fuerint,
770 4700 967 4754 habere
997 4701 1118 4756 illos
1150 4703 1401 4768 velimus,
1447 4712 1645 4757 temere
1674 4719 1738 4759 ac
1770 4707 1958 4760 leviter
1988 4708 2090 4761 im-

517 4791 703 4846 bibere
760 4793 1072 4860 patiemur?
1121 4792 1179 4846 Id
1233 4809 1363 4848 vero
1427 4796 1736 4851 nullatenus
1799 4800 2086 4866 patiemur.

529 4881 772 4936 Primum
826 4899 958 4953 ergo
1009 4884 1186 4946 nobis,
1221 4885 1482 4951 utrideo,
1516 4886 1568 4940 in
1627 4889 1747 4943 illos
1785 4889 2089 4946 fabularum

518 4975 755 5029 artiﬁces
798 4975 1085 5045 diligenter
1135 4976 1522 5047 inquirendum
1570 4981 1784 5044 erit,'ut
1815 4997 1954 5049 quas
1985 4983 2088 5053 ipsi

524 5074 665 5120 recte
712 5075 918 5119 etcum
973 5067 1236 5136 dignitate
1267 5070 1649 5132 conﬂuxet-int,
1691 5071 1984 5142 seligamus
2027 5088 2091 5129 ac

519 5158 811 5225 probemus
840 5176 852 5212 :
896 5173 1032 5227 quas
1069 5161 1248 5213 minus
1280 5161 1524 5225 honeste,
1561 5162 1946 5230 repudiemus:
1977 5173 2088 5218 tum

519 5250 761 5318 probatae
791 5266 912 5319 quae
952 5250 1173 5316 fuerint,
1235 5253 1376 5320 apud
1435 5253 1675 5307 nutriet-3
1724 5267 1788 5307 ac
1842 5264 2092 5322 parentes

519 5338 858 5393 ciiiciendum
901 5341 1026 5404 erit,
1075 5349 1134 5394 ut
1185 5357 1279 5395 eas
1334 5343 1517 5410 pueris
1569 5343 1799 5397 subinde
1848 5356 2090 5411 narrent,

521 5431 721 5498 quibus
757 5446 947 5485 eorum
978 5431 1190 5484 animos
1242 5433 1412 5487 multo
1441 5434 1613 5502 magis
1665 5435 1886 5501 fingant,
1926 5451 2091 5504 quam

523 5537 752 5589 corpora
789 5523 1062 5578 manibus.
1095 5522 1244 5588 Quas
1271 5535 1452 5579 autem
1495 5525 1602 5581 illis
1633 5543 1776 5582 nunc
1812 5529 2090 5595 occinunt,

557 5607 626 5644 ’σί
666 5613 706 5665 Il
739 5613 911 5667 Much.
953 5629 1045 5677 xv.
1082 5615 1166 5675 19η
1205 5616 1289 5672 “-

595 5702 706 5783 (μ)
743 5704 854 5758 Καὶ
888 5705 1006 5759 τῶν
1034 5705 1205 5761 κατά.
1248 5708 1430 5771 Plato,
1528 5709 1840 5783 τῶνκατιζ,
1868 5712 2088 5767 rectius.

524 5767 704 5858 Mu'li‘ni
739 5785 916 5830 tamen
952 5787 1238 5847 utramque
1288 5767 1756 5838 roccmuadbiberi
1787 5767 1954 5855 ᾗκαὶ
1986 5783 2092 5838 τῶν

527 5861 685 5897 κατα.

2192 4613 2286 4677 ξας
2314 4612 2567 4675 ἐκείναις,
2604 4609 2670 4673 ἃς
2702 4610 2923 4664 ἐπειδὰν
2981 4611 3367 4677 τελειωθῶσιν,
3419 4612 3550 4682 ἔχειν
3572 4603 3705 4676 οἰησό-

2193 4697 2330 4768 μεθα
2350 4699 2458 4751 δεῖν
2476 4697 2669 4762 αύτούς
2685 4714 2699 4764 ;
2717 4699 2839 4750 Οὐδ’
2862 4699 3166 4752 ὁπωστιοῦν
3184 4702 3517 4772 παρήσομεν.
3535 4695 3704 4770 Πρῶτον

2194 4790 2291 4857 μὲν
2326 4789 2390 4859 δὴ
2424 4791 2575 4860 ἡμῖν,
2611 4789 2687 4852 ὡς
2717 4789 2910 4856 ἔοικεν,
2947 4792 3262 4846 ἐπιστατέον
3293 4799 3405 4858 τοῖς
3433 4789 3702 4864 μυθοωιάςο

2189 4881 2284 4934 καὶ
2312 4881 2370 4934 ὃν
2402 4881 2502 4952 μὲν
2545 4881 2611 4936 ἂν
2641 4882 2827 4935 καλὸν.
2868 4882 3037 4953 μῦθον
3097 4887 3418 4956 ποιήσωσιν,
3463 4881 3700 4954 ἐγκριτέον

2190 4973 2248 5025 ὃν
2306 4972 2351 5026 δ’
2394 4973 2460 5026 ἂν
2496 4972 2590 5045 μὴ,
2629 4975 2972 5048 ἀποκριτέον.
3009 4979 3146 5042 Τοὺς
3189 4980 3235 5032 δ’
3265 4978 3590 5051 ἐγκριθέντας
3620 4970 3703 5026 πεί·

2193 5080 2358 5135 σομεν
2385 5065 2484 5128 τάς
2505 5066 2711 5137 τροφάς
2758 5085 2818 5120 τε
2852 5071 2946 5122 καὶ
2974 5071 3216 5143 μητέρας
3237 5072 3411 5139 λέγειν
3442 5075 3543 5134 τοῖς
3569 5063 3701 5126 παισὶν

2193 5156 2285 5209 καὶ
2314 5157 2564 5210 πλάττειν
2607 5159 2705 5223 τὰς
2757 5159 2935 5231 ψυχὰς
2991 5163 3171 5216 αὐτῶν
3221 5167 3334 5228 τοῖς
3393 5163 3566 5236 μύθοις
3603 5155 3700 5210 ποὶῦ

2197 5246 2394 5317 μᾶλλον
2423 5247 2550 5318 aea:
2585 5248 2811 5319 σώματα
2853 5255 2976 5316 ταῖς
3028 5255 3234 5326 χερσίν.
3288 5249 3386 5308 Ὧν
3415 5255 3469 5308 δὲ
3521 5252 3600 5306 νῦν
3638 5246 3701 5304 ἴέ-

2193 5336 2494 5403 γουσι-τοῦς
2515 5337 2740 5401 πολλοὺς
2761 5340 3071 5411 ἐκϐλητέον.
3105 5362 3124 5394 ι
3174 5345 3282 5398 Καὶ
3324 5343 3483 5398 ταῦτα
3529 5337 3617 5411 πρὸ
3632 5330 3700 5388 τοῖ’

2195 5427 2477 5489 Πλάτωνος
2501 5426 2813 5497 πεφύλακτο
2839 5432 2968 5499 παρ’
3014 5431 3301 5504 Ἑϐραίοις.
3329 5431 3509 5504 Οί.γάρ
3537 5429 3701 5498 ἔχοντες

2196 5517 2416 5588 Πνεῦμα
2436 5517 2600 5581 θεῖον,
2624 5518 2960 5591 διακριτικὸν
2984 5523 3328 5594 πνευμάτων,
3353 5519 3634 5593 ἐδοκίμαζον
3654 5511 3700 5566 τὲ

2195 5714 2622 5838 ωξέὄὲπίιέἰῇζων
2669 5717 2758 5772 δέ.
2809 5719 2980 5788 Plato,
3017 5724 3110 5778 lib.
3146 5741 3184 5780 lt
3220 5726 3289 5781 De
3313 5721 3522 5794 republ.,
3550 5709 3698 5791 ρ.ιῦ

2269 5853 2377 5924 (i6)
2424 5855 2660 5911 Οὐκοῦν
2689 5854 2861 5917 οἷς-0⁸.
2900 5863 3071 5929 Plato,
3105 5865 3232 5920 ibid.
