3840 6370
135 285 210 340 961
1221 284 1543 339 Pii/[PAR
1589 283 1836 340 EVANC.
1880 283 2008 340 LIB.
2048 283 2163 338 XII.

3225 283 3333 341 962

134 403 289 473 πιίηκε
310 402 421 464 τοὺς
444 402 497 454 ἐν
532 401 654 473 ᾅδου
679 402 769 455 τὸν
814 402 903 456 ἀεὶ
946 403 1135 474 χρόνον
1188 407 1651 478 τιμωρουμένους,

1763 407 1912 459 nullo
1947 403 2053 461 utin
2089 417 2326 474 tempore
2355 403 2714 459 subeuntibus
2746 409 3112 472 spectaculum
3139 419 3202 458 ac
3229 422 3342 459 mo-

131 495 374 555 Ίὲνταλον,
412 495 498 547 καὶ
527 496 781 564 Σίσυφον,
818 498 911 550 καὶ
938 499 981 550 Τ
987 498 1152 554 ιτυόν.
1186 497 1450 572 Θερσίτην
1473 499 1655 562 (τέ-,καὶ

129 590 256 651 εττις
299 588 438 651 ἄλλος
492 588 722 659 πονηρὸς
767 583 834 658 ἦν
869 587 1106 659 ἰδιώτης,
1160 591 1334 653 οὐδεὶς
1387 591 1655 661 πεποίηκε

131 681 349 752 μεγάλαις
394 679 680 751 τιμωρίαις
731 680 1084 751 συνεχόμενον
1141 680 1216 744 ὡς
1284 682 1520 736 ἀνίατον.
1579 682 1654 734 Οὐ

128 770 404 844 γὲρ,οἷμαι,
444 773 568 843 ἐξῆν
591 772 760 842 αὐτῷ’
810 773 892 826 διὸ
925 775 1017 826 καὶ
1064 775 1543 846 εὐδαιμονέστερος
1587 771 1656 847 ἦν

127 861 240 934 ῆοῖς
261 865 391 934 ἐξῆν.
438 863 596 918 Ἀλλὰ
646 865 778 935 γὰρ,
819 859 864 918 ὦ
892 864 1233 930 Καλλίκλεις,
1267 869 1330 919 ἐκ
1362 867 1470 920 τῶν
1499 868 1655 922 δυνα-

129 956 267 1026 μένων
288 959 382 1009 εἰσὶ
414 956 504 1010 καὶ
535 959 583 1009 οἱ
615 957 819 1028 σφόδρα
851 959 1077 1029 πονηροὶ
1108 959 1418 1029 γιγνόμενοι
1442 960 1653 1030 ἅνθρω-

127 1065 195 1101 ποι
223 1048 327 1100 οὐδέ
357 1047 457 1117 μὴν
487 1047 683 1100 κωλύει
713 1049 806 1102 καὶ
835 1051 892 1102 ἐν
920 1049 1127 1114 τούτοις
1167 1051 1403 1118 ἀγαθοὺς
1453 1052 1650 1123 ἄνδρας

126 1136 436 1205 ἐγγίγνεσθαι.
465 1138 574 1190 Καὶ
618 1138 822 1209 σφόδρα
877 1156 939 1207 γε
971 1139 1119 1203 ἄξιον
1169 1140 1405 1208 ἄγασθαι
1431 1141 1539 1194 τῶν
1570 1159 1656 1210 γι-

124 1229 369 1297 γνομὲνων·
400 1228 633 1297 χαλεπὸν
670 1228 780 1298 γὰρ
809 1223 1005 1299 (55),ῶ
1040 1230 1381 1293 Καλλίκλεις,
1411 1234 1504 1286 καὶ
1529 1233 1656 1284 πολ-

123 1320 191 1372 λοῦ
219 1322 417 1373 ἐπαίνου
443 1321 614 1386 ἄξιον,
649 1324 706 1374 ἐν
736 1313 946 1394 μεγάλῃ
975 1322 1191 1394 ἐξουσία
1224 1323 1514 1395 γενόμενον
1560 1325 1652 1378 τοῦ

121 1414 281 1466 ἀδικεῖν
307 1414 517 1478 δικαίως
565 1415 871 1469 διαϐιῶναι.
930 1416 1127 1484 Ὀλίγοι
1175 1417 1232 1470 δὲ
1287 1418 1563 1486 γίγνονται
1601 1422 1651 1472 οἱ

121 1503 321 1557 τοιοῦτοι·
372 1507 491 1559 ἐπεὶ
561 1507 653 1559 καὶ
712 1506 900 1561 ἐνθάδε
965 1508 1057 1561 καὶ
1109 1508 1291 1562 ἄλλοθι
1344 1510 1652 1578 γεγόνασιν,

119 1592 234 1664 οἶμαι
262 1597 310 1649 δὲ
338 1597 542 1652 ἔσονται
575 1600 667 1652 καὶ
694 1598 841 1653 ἄλλοι
893 1599 1088 1668 ἁγαθοὶ
1142 1601 1342 1671 ταύτην
1388 1602 1487 1672 τὴν
1517 1604 1651 1674 ἁρε-

120 1690 191 1756 τὴν
233 1689 312 1741 τοῦ
375 1690 601 1754 δικαίως
667 1691 1015 1762 διαχειρίζειν
1060 1691 1096 1745 ἆ
1146 1693 1210 1746 ἄν
1241 1711 1325 1756 τις
1359 1694 1650 1766 ἐπιτρέπῃ·

1760 500 1932 553 nitum
1968 501 2220 568 suspensi
2253 499 2562 552 videantur.
2605 496 2726 564 Quo
2771 497 2991 566 quidem
3027 512 3056 551 e
3087 513 3334 564 numero,

1758 591 1802 644 si
1855 607 2042 643 verum
2095 589 2255 644 Polus
2309 599 2516 654 narrat,
2565 598 2620 643 et
2660 587 3011 653 Archelaum,
3058 598 3114 642 et
3168 589 3338 645 alium

1758 682 2009 751 quemvis
2044 682 2278 736 similem
2329 683 2377 736 ei
2414 679 2984 753 tyrannum'futurum
3019 682 3334 748 pronuntio.

1758 772 1923 842 579
1950 773 2088 838 Quin
2113 774 2274 827 etiam
2300 783 2559 844 tyrannos
2583 788 2680 842 ego
2701 773 3158 844 quamplurimas,
3183 788 3338 844 reges

1759 867 1884 922 item
1916 882 1978 919 ac
2006 867 2298 935 principes,
2344 867 2548 936 quique
2583 867 2636 920 in
2672 867 3204 936 rerumpublicarum
3239 867 3338 922 ad-

1758 958 2160 1012 ministratione
2207 958 2403 1013 versati
2453 960 2581 1022 sint,
2635 959 2906 1027 ejusmodi
2947 960 3195 1029 exemplo
3221 960 3336 1028 jam

1758 1065 1904 1104 nunc
1936 1065 2058 1103 esse
2084 1050 2342 1103 existimo
2374 1068 2386 1102 :
2414 1050 2559 1119 quod
2594 1049 2628 1102 ii
2659 1049 2794 1114 fere,
2822 1049 2951 1103 dum
2984 1065 3082 1104 sua
3115 1051 3203 1104 illa
3235 1066 3338 1120 po-

1757 1150 1953 1196 testate
1985 1142 2303 1204 abutuntur,
2337 1143 2716 1210 indignissima
2753 1157 2981 1212 quzeque
3025 1158 3088 1196 ac
3126 1143 3339 1198 teterri-

1757 1250 1843 1288 ma
1891 1244 2105 1303 patrare
2143 1237 2543 1288 consueverint.
2589 1234 2762 1303 Cujus
2797 1251 2928 1289 sane
2959 1236 3035 1288 rei
3067 1233 3338 1290 Homerus

1756 1327 1918 1380 etiam
1952 1328 2108 1380 testis
2139 1336 2241 1391 est,
2283 1327 2411 1380 dum
2447 1343 2604 1398 reges
2634 1327 2757 1382 illos
2789 1342 2852 1381 ac
2887 1328 3161 1397 principes
3193 1327 3336 1382 'l‘an-

1759 1422 1951 1485 talum,
1986 1419 2304 1498 Sisyphum,
2351 1420 2588 1490 'l'ityum,
2627 1420 2719 1490 qui
2757 1422 2936 1490 pmnis
2962 1421 3102 1490 apud
3133 1418 3338 1476 inferos

1760 1511 2108 1581 sempiternis
2141 1513 2472 1576 crucientur,
2523 1527 2622 1565 sua
2667 1512 2720 1565 in
2765 1512 2914 1582 poesi
2963 1521 3336 1580 reprmsentat.

1759 1603 1893 1658 Nam
1923 1603 2223 1658 Thersitem
2274 1605 2515 1674 quidem,
2569 1614 2663 1658 aut
2716 1605 2763 1659 si
2817 1605 2942 1675 quis
2994 1622 3061 1660 ex
3110 1606 3340 1674 privatis

1760 1697 1901 1749 alius
1943 1697 2223 1765 improbus
2256 1695 2440 1756 fuerit,
2472 1711 2631 1749 nemo
2668 1696 2845 1749 adhuc
2878 1706 3135 1764 tanquam
3185 1696 3338 1750 iusa-

117 1773 176 1842 εἷς
202 1781 246 1834 δὲ
275 1787 358 1834 καὶ
391 1784 529 1836 πάνυ
555 1783 837 1854 ἐλλόγιμος
881 1784 1069 1852 γέγονε
1093 1785 1181 1837 καὶ
1215 1786 1294 1847 εἰς
1313 1787 1437 1846 τοὺς
1462 1786 1655 1849 ἄλλους

1764 1789 1999 1842 nabilem
2041 1787 2384 1857 gravioribus
2436 1788 2718 1856 suppliciis
2767 1787 3011 1857 illigavit.
3053 1785 3164 1842 Nec
3189 1786 3339 1842 enim

119 1873 352 1943 Ἕλληνας,
388 1876 729 1948 Ἀριστείδης
765 1882 794 1931 ὁ
844 1879 1180 1948 Λυσιμάχου.
1207 1880 1268 1931 Οἱ
1293 1879 1348 1932 δὲ
1377 1879 1580 1940 πολλοὶ,
1612 1876 1656 1934 ᾧ

116 1967 281 2035 ἄριστε,
314 1970 467 2021 κακοὶ
495 1970 740 2038 γίνονται
773 1971 912 2040 (56),
946 1970 1054 2024 τῶν
1083 1972 1140 2024 δὲ
1163 1972 1458 2026 δυναστῶν.
1480 1975 1657 2045 Ὅπερ

115 2053 184 2110 οὗν
208 2060 386 2127 ἔλεγον,
421 2063 648 2115 ἐπειδὰν
680 2066 706 2116 ὁ
760 2063 1135 2134 Ῥαδάμανθυς
1185 2067 1390 2128 ἐκεῖνος
1417 2066 1657 2120 τοιοῦτόν

115 2169 204 2204 τινα
228 2153 370 2226 λάῧῃ,
402 2155 531 2208 ἄλλο
569 2156 664 2225 μὲν
684 2157 809 2226 περὶ
842 2156 1006 2209 αὐτοῦ
1035 2157 1136 2208 οὐκ
1171 2151 1310 2209 οἶδεν
1347 2157 1518 2220 οὐδὲν,
1548 2159 1655 2211 οὐδ’

114 2244 243 2306 ὅστις,
273 2244 375 2296 οὗθ’
423 2239 689 2309 ὧντινων,
725 2248 805 2299 ὅτι
851 2247 907 2299 δέ
960 2247 1199 2317 πονηρός
1241 2265 1343 2310 τις·
1377 2249 1471 2301 καὶ
1503 2249 1659 2302 τοῦτο

115 2334 315 2396 1:11:66»,
346 2337 678 2407 ἀπέπεμψεν
716 2340 793 2400 εἰς
821 2339 1102 2409 Τάρταρον
1153 2339 1654 2409 ἐπισημηνάμενος,

113 2426 182 2476 ὲάν
207 2444 255 2478 τε
299 2429 530 2499 ἰάσιμος,
562 2431 656 2482 ἐάν
690 2447 749 2482 τε
803 2429 1021 2491 ἀνίατος
1079 2428 1208 2499 δοκῇ
1246 2424 1404 2482 εἶναι.
1480 2431 1536 2482 Ὀ
1579 2430 1654 2494 δὲ,

114 2516 251 2568 ἐκεῖσε
296 2519 650 2589 άᾳικὸμενος,
678 2521 745 2573 τά
777 2523 1121 2593 προσήκοντα
1178 2521 1398 2591 πάσχει.
1458 2522 1656 2574 Ἐνίοτε

112 2605 331 2677 ἐὲ,5.λλην
367 2611 588 2662 εἰσιδὼν
644 2613 805 2671 ὁσίως
875 2612 1202 2678 βεϐιωκυῖαν
1237 2615 1331 2665 καὶ
1375 2616 1490 2683 μετ’
1528 2614 1659 2684 ἀλη-

114 2694 241 2760 θείας,
275 2700 456 2770 ἁνδρδς
487 2698 702 2751 ἰδιώτου
736 2700 766 2768 ἣ
805 2698 963 2752 ἄλλου
994 2699 1138 2762 τινὸς
1167 2700 1365 2770 ψυχήν·
1403 2703 1658 2771 μάλιστα

115 2789 263 2856 μὲνιῖκ
293 2790 393 2859 ἐγώ
427 2810 601 2863 φημι,
633 2785 676 2843 ὦ
711 2791 1051 2855 Καλλίκλεις,
1084 2791 1374 2861 φιλοσόφου
1403 2793 1470 2846 τά
1496 2793 1657 2846 αὑτοῦ

115 2889 385 2957 πράξαντος,
414 2892 509 2943 καὶ
545 2891 609 2943 οὐ
651 2890 1280 2962 πολυπραγμονήσαντος
1329 2892 1386 2942 ἐν
1419 2890 1496 2960 τῷ
1535 2889 1655 2963 βίῳ)

113 2983 280 3054 ἠγάσθη
313 3003 366 3037 τε
389 2986 482 3038 καὶ
503 2987 590 3046 εἰς
620 2985 877 3054 μακάρων
907 2984 1104 3053 νήσους
1137 2982 1449 3051 ἀπέπεμψε.
1476 2982 1659 3035 Ταῦτα

112 3073 151 3123 δὲ
176 3075 321 3128 ταῦτα
380 3080 474 3131 καὶ
517 3077 742 3138 Αἰακὸς·
795 3077 1086 3147 Ἐκάτερος
1119 3076 1174 3128 δὲ
1223 3075 1427 3127 τούτων
1463 3075 1656 3146 ῥάϐδον

111 3165 217 3232 ἔχων
238 3169 453 3232 δικάζει.
485 3171 548 3222 Ὀ
573 3169 627 3220 δέ
653 3169 838 3231 Μίνως
871 3167 1182 3220 ἐπισκοπῶν
1219 3167 1471 3236 κάθηται,
1495 3167 1654 3237 μόνος

112 3255 216 3324 ἔχων
263 3261 484 3331 ίρὺσεον
541 3261 858 3330 σκῆπτρον,
920 3259 994 3322 ῶς
1055 3277 1216 3328 φησιν
1284 3259 1571 3321 Ὀδυσσεὺς
1626 3260 1653 3311 ὁ

119 3347 314 3419 Ὀμήρου
343 3353 468 3406 ἰδεῖν
497 3352 686 3415 αὐτὸν,

1763 1880 1899 1948 ipse.
1931 1880 2150 1949 opinor,
2181 1879 2304 1932 talis
2338 1894 2462 1933 esse
2504 1887 2734 1948 poterat,
2786 1889 2936 1932 tanto
2991 1879 3210 1948 quidem
3269 1879 3339 1932 iis

1762 1971 1990 2033 felicior,
2024 1971 2229 2040 quibus
2260 1972 2309 2025 id
2336 1971 2551 2025 licebat.
2586 1970 2934 2039 Quanquam,
2963 1972 3033 2023 mi
3063 1971 3336 2032 Callicles,

1758 2078 1822 2116 ex
1861 2078 1926 2116 eo
1960 2064 2178 2132 quidem
2220 2064 2583 2130 potentiorum
2620 2077 2848 2114 numero
2884 2061 3341 2116 sceleratissimos

1757 2171 1879 2210 esse
1917 2165 2167 2218 constat;
2201 2157 2292 2210 sed
2328 2167 2504 2210 tamen
2544 2155 2681 2209 nihil
2743 2164 2888 2208 vetat
2924 2155 3222 2224 quominus
3255 2155 3341 2208 in-

1761 2256 1839 2301 ter
1885 2263 1980 2302 eos
2016 2249 2168 2316 probi
2210 2251 2375 2302 etiam
2429 2250 2694 2304 exsistant
2726 2249 2915 2316 aliqui,
2953 2263 3092 2317 quos
3145 2247 3340 2301 merito

1760 2353 1891 2391 sane
1936 2339 2196 2406 majorem
2228 2340 2282 2393 in
2316 2340 2536 2392 modum
2584 2339 2858 2416 suscipere
2885 2339 3198 2392 debeamus.
3235 2338 3341 2391 Res

1758 2431 1903 2482 cnim
1937 2429 2267 2497 perdifﬁcilis
2295 2438 2398 2491 est,
2435 2432 2507 2484 mi
2543 2430 2812 2498 Callicles,
2851 2442 2904 2484 et
2930 2447 3140 2486 summa
3181 2431 3342 2484 laude

1761 2523 1946 2594 digna,
1988 2539 2111 2578 cum
2163 2526 2459 2578 maximam
2492 2513 2696 2578 habeas
2738 2525 2994 2593 peccandi
3037 2525 3340 2586 licentiam,

1755 2616 1903 2685 juste
1941 2617 2142 2670 vivere.
2177 2616 2377 2682 Quales
2411 2617 2599 2687 utique
2647 2617 2802 2686 pauci
2837 2617 3057 2686 quidam
3110 2617 3340 2672 subindo

1760 2711 2034 2765 exsistunt
2063 2730 2075 2764 :
2111 2727 2234 2765 nam
2264 2722 2318 2766 et
2349 2713 2457 2773 hic.
2488 2722 2540 2766 et
2578 2713 2704 2768 alibi
2747 2711 2992 2764 nonnulli
3018 2710 3130 2779 jam
3167 2709 3338 2772 fuere,

1760 2808 1814 2852 et
1846 2799 1935 2852 alii
1964 2802 2214 2868 posthac,
2247 2803 2461 2870 Opinor,
2492 2804 2654 2857 etiam
2688 2801 2855 2856 futuri
2889 2812 3018 2856 sunt
3050 2817 3106 2855 ea
3141 2801 3341 2854 virtute

1760 2899 2100 2959 praestantes,
2136 2892 2242 2961 qua
2275 2910 2360 2946 res
2395 2895 2514 2947 lidei
2543 2909 2655 2947 sua:
2685 2893 2990 2946 commissae
3015 2907 3139 2944 cum
3168 2890 3339 2959 aequi-

1761 2990 1871 3035 tate
1919 2993 2243 3038 tractantur.
2283 2983 2430 3051 Quos
2481 2986 2620 3039 inter
2675 2999 2816 3038 unus
2868 2984 2955 3037 ille
2997 2983 3341 3036 clarissimus

1765 3070 1886 3136 fuit,
1918 3082 2080 3143 atque
2110 3075 2340 3128 aliorqu
2380 3077 2540 3130 etiam
2579 3077 2891 3130 Crzecorum
2928 3074 3068 3127 fama
3100 3073 3340 3128 celeber-

1764 3165 1960 3230 rimus,
2011 3167 2306 3229 Aristides,
2350 3167 2661 3238 Lysimachi
2714 3169 2878 3222 (ilius.
2911 3165 2986 3221 Ut
3041 3166 3337 3236 plurimum

1764 3265 1943 3310 tamen
2004 3260 2270 3320 virorum,
2309 3261 2532 3328 optime,
2566 3261 2903 3328 potentiores
2934 3258 3165 3327 improbi
3215 3271 3339 3312 esse

1762 3348 1959 3401 solent.
1991 3349 2258 3403 Caeterum
2303 3351 2448 3420 quod
2503 3351 2614 3419 jam
2671 3363 2794 3404 ante
2823 3351 2957 3413 dixi,
2991 3349 3342 3403 Rhadaman-

113 3440 206 3492 thus
242 3447 336 3504 ille.
397 3447 490 3500 ubi
537 3446 807 3515 ejusmodi
848 3446 1044 3516 aliquis
1083 3461 1213 3504 suas
1269 3445 1321 3497 in
1376 3460 1570 3499 manus
1626 3443 1857 3507 venerit,
1921 3457 2020 3496 nec
2074 3444 2321 3512 quisnam
2368 3444 2455 3496 ille
2505 3446 2594 3509 sit,
2656 3460 2753 3498 nec
2787 3445 2986 3513 quibus
3036 3452 3194 3497 natus
3244 3458 3340 3511 pa-

111 3534 323 3603 tentibus,
393 3554 495 3594 nec
563 3538 708 3592 aliud
767 3539 992 3592 omnino
1042 3538 1336 3607 quidquam
1403 3538 1468 3590 de
1528 3537 1645 3607 ipso
1706 3536 1895 3600 novit;
1949 3552 2116 3589 unum
2176 3539 2276 3591 hoc
2335 3538 2534 3607 quippe
2585 3539 2752 3601 novit,
2827 3538 3130 3606 improbum
3186 3537 3339 3591 illum

109 3629 311 3682 essezid
344 3633 486 3700 quod
555 3632 643 3684 ubi
699 3632 992 3700 perspexit,
1049 3632 1100 3684 in
1163 3629 1451 3684 Tartarum
1519 3631 1776 3683 amandat
1816 3629 1978 3692 illico,
2033 3629 2304 3698 simulque
2339 3631 2630 3700 signiﬁcat,
2699 3642 2880 3684 utrum
2935 3631 3217 3696 sanabilis,
3268 3646 3338 3684 an

109 3717 382 3776 insanabilis
415 3739 546 3778 esse
590 3724 854 3776 videatur.
893 3724 1013 3789 Quo
1049 3724 1135 3778 ille
1169 3721 1463 3793 profectus,
1494 3720 1644 3788 justo
1683 3721 1949 3791 supplicio
1979 3723 2270 3775 cruciatur.
2323 3723 2465 3777 Idem
2517 3724 2681 3775 alium
2728 3722 3017 3791 quemdam
3066 3723 3336 3788 animum,

109 3815 178 3879 (ιιιί
229 3828 400 3871 sancte
453 3819 776 3887 integreque
832 3817 1044 3872 vixerit.
1097 3817 1388 3887 aliquando
1439 3815 1856 3878 contemplatus,
1913 3831 2006 3868 seu
2055 3816 2270 3883 privati,
2333 3832 2427 3870 seu
2486 3816 2708 3869 alterius
2749 3815 3122 3884 CllthSCUquuc
3174 3814 3338 3869 fuerit

109 3908 338 3973 tqualem,
374 3909 448 3962 mi
479 3909 753 3970 Callicles,
784 3907 1361 3977 philowphiequidem
1423 3905 1667 3958 animum
1708 3922 1829 3961 esse
1889 3907 2174 3972 confirmo,
2218 3909 2332 3977 qui,
2375 3924 2461 3963 res
2495 3924 2624 3963 suas
2655 3925 2841 3978 agens.
2879 3910 3009 3963 nihil
3043 3912 3333 3965 admodum

109 3996 254 4053 hacin
285 4003 384 4055 vita
421 4017 551 4056 sese
594 3999 784 4052 alienis
825 3997 1190 4067 immisceat),
1246 3996 1519 4049 laudatum
1579 4011 1704 4049 eum
1743 3995 2091 4051 vehementer
2137 3997 2201 4051 ad
2268 4000 2549 4052 beatorum
2590 3999 2798 4053 insulas
2837 4001 3172 4055 transmittit.
3212 4001 3338 4056 llaec

105 4091 254 4144 radem
320 4094 454 4148 tiunt
504 4093 578 4147 ab
629 4091 820 4146 Aiace.
875 4091 976 4156 Qui
1049 4102 1274 4158 uterque
1340 4089 1546 4159 virgam
1614 4105 1776 4142 manu
1819 4100 2042 4157 tenens,
2102 4092 2205 4144 hoc
2243 4092 2508 4160 judicium
2565 4103 2798 4146 exercet.
2859 4094 2926 4145 At
2974 4109 3103 4147 vero
3161 4094 3338 4149 Minos

107 4190 320 4252 tanquam
348 4203 603 4240 summus
638 4185 901 4254 tognittir,
933 4185 1078 4238 solus
1113 4199 1336 4237 aureum
1370 4191 1644 4253 sceptrum
1686 4183 1979 4252 praeferens
2039 4187 2289 4240 considet
2341 4205 2354 4240 :

107 4281 222 4334 ricus
251 4298 368 4335 eum
406 4297 531 4336 sese
561 4279 762 4334 vidisse
789 4288 1041 4343 testatur,

2417 4185 2690 4255 quomodo
2739 4183 2960 4256 Ulysses
3001 4185 3089 4239 ille
3137 4183 3337 4241 llome-

106 4393 333 4459 Χρύσεον
380 4396 703 4464 σκῆπτρον
769 4396 1020 4464 ἔχοντα,
1084 4392 1508 4464 θεμιστεύοντα
1566 4389 1655 4444 νέ-

1840 4394 2046 4448 Ααναιυ
2074 4394 2128 4446 in
2169 4401 2372 4461 sceptro
2414 4391 2676 4459 defunctis
2709 4406 2898 4458 ponere
2916 4390 3066 4458 jura.

1351 4461 1362 4528 Ι
1376 4477 1616 4514 mecm“.

114 4575 228 4645 Ἐγὼ
253 4580 344 4648 μὲν
372 4574 491 4642 οὖν,
527 4574 572 4632 ὦ
601 4578 944 4640 Καλλίκλεις,
977 4578 1082 4630 ὑπὸ
1117 4576 1320 4628 τούτων
1344 4575 1451 4627 τῶν
1485 4575 1657 4642 λόγων

107 4669 392 4742 πέπεισμαι,
445 4673 546 4725 καὶ
585 4671 771 4723 σκοπῶ
809 4671 957 4731 ὅπως
983 4668 1094 4737 (57)
1143 4665 1525 4734 ἀποφανοῦμαι
1581 4663 1658 4733 τῷ

108 4763 328 4832 κριτῇὼς
359 4763 692 4832 ὑγιεστάτην
747 4761 884 4830 ἔχων
931 4761 1030 4828 τὴν
1058 4759 1261 4828 ψυχήν.
1291 4757 1516 4827 Χαίρειν
1564 4751 1656 4807 οὖν

105 4851 239 4916 ἐάσας
276 4856 368 4918 τὰς
415 4854 585 4924 τιμὰς
639 4853 746 4921 (38)
775 4851 882 4904 τῶν
946 4849 1154 4901 πολλῶν
1203 4847 1524 4919 ἀνθρώπων,
1557 4846 1657 4915 τὴν

107 4943 324 5015 ὀλήῦειαν
348 4946 539 5000 ἀσκῶν
586 4944 916 5015 πειράσομαι
950 4941 1026 5010 τῷ
1072 4940 1206 5002 ὄντι,
1241 4939 1315 5002 ὡς
1375 4937 1440 4991 ἂν
1492 4937 1659 4989 δύνω-

109 5051 204 5102 μαι,
240 5036 512 5106 βέλτιστος
538 5035 633 5099 ῶν,
657 5036 750 5088 καὶ⁸
789 5035 908 5103 ζῇν,
945 5033 1040 5085 καὶ
1065 5030 1281 5084 ἐπειδὰν
1304 5029 1653 5100 ἀποθνήσκω,

107 5125 456 5198 ἀποθνήσκειν.
492 5124 804 5198 Παρακαλῶ
831 5125 886 5177 δὲ
921 5123 1014 5176 καὶ
1053 5124 1178 5184 τοὺς
1217 5121 1409 5182 ἄλλους
1449 5120 1655 5181 πάντας

108 5216 412 5287 ἀνθρώπους,
450 5217 576 5272 καθ’
603 5219 726 5271 ὅσον
775 5215 1030 5285 δύναμαι·
1059 5213 1154 5266 καὶ
1191 5213 1253 5282 δὴ
1293 5212 1386 5266 καὶ
1414 5211 1472 5264 σὲ
1513 5212 1660 5263 ἀντι-

109 5313 399 5378 παρακαλῶ,
440 5313 540 5364 ἐπὶ
575 5310 762 5362 τοῦτον
803 5307 895 5362 σὺν
947 5307 1060 5376 βίον
1084 5305 1177 5359 καὶ
1205 5306 1297 5358 τὸν
1328 5305 1514 5372 ἀγῶνα
1536 5302 1657 5356 τοῦ-

169 5444 266 5511 (55‘)
311 5445 586 5500 Χαλεπὸν
610 5445 740 5514 γάρ.
768 5445 1022 5499 Clemens
1056 5441 1406 5514 Alexandrtn.
1435 5438 1658 5514 in_Pro-

113 5508 337 5580 "mite,
374 5518 464 5570 tibi
505 5517 571 5569 de
607 5508 958 5584 imperatore,
1005 5515 1098 5582 qui
1151 5513 1443 5584 Antinoum
1471 5508 1656 5584 Cauy-

114 5587 292 5638 medem
325 5603 486 5640 suum
527 5580 830 5639 ronsecrari
863 5580 1122 5652 jusserat,
1155 5584 1216 5634 οὐ
1251 5581 1357 5650 γὰρ
1390 5580 1655 5632 κωλύεται

116 5653 284 5720 ῥαδίως
323 5657 608 5725 ἐπιθυμία,
646 5656 805 5722 ῳδδον
831 5656 928 5706 οὐκ
969 5655 1178 5725 ἔχουσα.

181 5725 276 5788 (ῧσ)
318 5720 503 5779 Καχοῖ
526 5720 842 5794 γίγνονται.
882 5720 1032 5792 Apud
1066 5723 1366 5785 Platonem,
1395 5721 1539 5794 hunc
1571 5720 1654 5794 lo-

118 5807 220 5846 cum
254 5798 319 5850 ita
343 5790 662 5866 court-ptum
705 5797 875 5865 leges,
908 5790 1064 5847 κακοὶ
1111 5793 1386 5863 γίγνονται
1435 5790 1541 5843 τῶν
1567 5791 1656 5842 δυ-

1832 4554 2007 4622 llujus
2050 4567 2150 4623 ego
2198 4548 2528 4604 narrationis
2576 4548 2626 4600 vi
2661 4555 2822 4615 atque
2862 4547 3181 4600 auctoritate
3214 4564 3335 4617 per—

1772 4656 1988 4706 suasus,
2019 4645 2346 4702 oCallicles.
2377 4643 2535 4695 video
2585 4640 2748 4692 etiam
2799 4649 2961 4709 atque
3014 4641 3200 4706 etiam,
3241 4656 3333 4710 qut

1760 4740 1978 4795 tandem
2016 4740 2254 4792 animum
2297 4735 2471 4805 judici
2523 4749 2686 4802 quam
2743 4732 3151 4801 integerrimum
3184 4735 3336 4786 exhi-

1759 4836 1938 4890 beam.
1977 4832 2140 4902 580
2166 4830 2345 4896 Quare
2373 4830 2629 4882 omnibus
2653 4827 2799 4897 vulgi
2830 4827 3130 4881 honoribus
3157 4829 3336 4880 valere

1753 4927 1944 4996 jussis,
1978 4926 2141 4978 unius
2190 4925 2242 4976 in
2296 4922 2541 4976 veritatis
2595 4920 2916 4974 tractatione
2966 4919 3244 4981 assiduus,
3285 4919 3332 4971 id

1759 5017 1985 5071 omnino
2014 5030 2192 5084 agam,
2231 5020 2495 5081 quantum
2529 5011 2582 5063 in
2622 5025 2708 5064 me
2739 5009 2863 5072 erit,
2905 5008 2982 5061 uti
3017 5017 3070 5062 et
3098 5009 3337 5077 optimus

1757 5112 1959 5172 vivam,
2007 5118 2059 5162 et
2100 5107 2440 5160 moriendum
2475 5119 2596 5159 eum
2642 5103 2766 5167 erit,
2819 5102 3023 5155 moriar
3072 5101 3333 5169 optimus.

1762 5203 1904 5270 Quin
1938 5203 2074 5256 alios
2105 5201 2267 5255 etiam
2310 5214 2499 5252 omnes
2533 5212 2628 5266 pro
2665 5211 2779 5248 mea
2837 5192 3090 5248 facultate
3123 5193 3332 5260 hortor,

1763 5307 1921 5365 teque
1951 5296 2086 5348 adeo
2120 5293 2380 5361 majorem
2432 5288 2485 5341 in
2526 5287 2745 5341 modum
2782 5286 3048 5351 obtestor,
3083 5283 3161 5338 uti
3193 5283 3335 5342 han-2

1759 5431 1987 5485 ναστῶν.
2019 5431 2194 5492 Ὅπερ
2221 5422 2312 5479 οὖν
2343 5424 2548 5492 ἔλεγον,
2576 5420 2816 5492 ἐπειδάν,
2844 5428 2948 5473 etc.

1835 5481 1956 5570 (377),
1977 5481 2198 5553 Σκοπῶ
2250 5497 2408 5561 ὅπως
2503 5481 2628 5570 etc._
2658 5491 2770 5570 Vox
2806 5481 3009 5558 tutique
3037 5487 3334 5544 Christiani

1765 5564 2004 5626 hominis
2047 5586 2140 5622 ore
2183 5581 2455 5634 sensuque
2484 5564 2802 5629 dignissima
2825 5603 2838 5621 .
2871 5576 3101 5634 quaeque
3150 5576 3336 5634 vecor-

1763 5645 1884 5696 dem
1922 5659 1984 5695 ae.
2018 5640 2268 5694 stolidam
2300 5628 2683 5690 nonnullorum
2731 5628 3077 5687 securitatem
3109 5639 3162 5686 et
3195 5628 3336 5686 ﬁdlb

1763 5717 1904 5765 ciam
1933 5713 2164 5780 jugulat.

1836 5777 1947 5855 (58}
1991 5781 2138 5834 Plato
2173 5778 2314 5833 aridi!
2346 5777 2466 5840 τάςε
