3840 6370
625 298 735 355 967

1297 296 1564 355 EUSEBH
1603 295 2076 352 CESARIENSIS
2109 296 2256 352 OPP.
2310 297 2487 354 PARS
2525 298 2587 355 ll.
2628 330 2698 340 —
2723 299 3231 365 APOLOGETICA.
3665 310 3742 367 ab:

609 416 789 472 omnis
816 423 919 480 est,
941 415 1033 484 qui
1061 414 1252 469 ducem
1304 415 1425 471 vita:
1460 426 1730 470 rationem
1772 426 2069 486 sequatur;
2103 417 2172 470 ita

2277 417 2609 492 διαφυλάξῃς
2658 419 2719 473 τὸ
2774 437 2851 492 μη
2911 420 3234 485 σπουδάζειν
3283 435 3371 472 επι
3420 438 3516 484 τοις
3558 428 3745 494 cuipam,

608 507 861 578 quisquis
901 508 1060 562 etiam
1103 506 1377 572 caruerit,
1411 508 1456 562 is
1486 517 1541 562 et
1584 507 1803 562 familiae
1834 523 1945 562 suae
1978 519 2182 577 pestem

608 598 834 661 creabit,
865 612 964 652 nec
990 598 1096 651 ullo
1124 596 1284 650 modo
1325 598 1460 667 reip.
1493 598 1643 653 utilis
1672 613 1794 653 esse
1823 598 2039 666 poterit.
2073 597 2167 651 sed

2289 503 2682 577 πλουσιώτερος
2751 507 2832 569 είς
2893 505 2954 559 τὸ
3020 507 3198 579 γῆρας
3262 508 3547 581 ἀναφανήσῃ
3606 516 3748 584 φωνή.

2274 611 2430 658 σεως.
2469 613 2487 646 ι

607 691 788 764 potius
831 690 973 758 quod
1019 690 1087 744 ab
1149 691 1253 745 hoc
1297 690 1629 760 cognitionis
1692 705 1889 761 genere
1953 690 2250 757 imparatus
2286 687 2378 750 sit,
2437 685 2492 741 in
2532 686 2804 757 plerisque
2851 686 3106 743 omnibus
3157 688 3353 744 damno
3397 705 3455 745 ac
3504 691 3751 748 detrimento

607 782 733 834 erit.
779 800 798 833 ι
848 780 971 837 llaec
1009 783 1124 851 ipse
1156 782 1210 835 in
1234 779 1480 853 Legibus.
1534 780 1788 850 Idemque
1820 782 1872 835 in
1925 780 2176 845 Politico,
2217 778 2310 833 ubi
2360 793 2554 847 parum
2583 779 2871 834 admodum
2903 795 3006 835 nos
3046 780 3114 835 de
3146 781 3325 835 verbis
3360 797 3420 836 ac
3462 785 3651 840 vocibus
3691 803 3751 842 so-

607 872 788 929 licitos
826 889 948 929 esse
998 874 1197 943 jubet:
1253 891 1272 926 ι
1323 870 1510 936 Recte,
1548 873 1746 944 inquit,
1783 872 1857 926 mi
1902 869 2194 925 Sor-rates:
2233 868 2397 938 quisi
2444 868 2770 940 exquisitam
2802 870 3095 924 verborum
3142 885 3329 925 curam
3380 869 3632 942 defugeris,
3674 892 3753 931 ma.

602 965 756 1035 jores
771 965 1074 1034 prudentia:
1095 965 1313 1021 divitias
1337 965 1605 1020 senectuti
1638 976 1742 1020 ture
1762 962 2125 1034 comparabis.
2158 981 2176 1013 ι

1200 1054 1432 1111 CAPUT
1462 1055 1559 1112 IX.

604 1169 958 1243 Defugiendos
1012 1186 1122 1227 esse
1166 1174 1525 1295 magiitlratus.
1557 1170 1642 1225 Ea:
1668 1171 1837 1240 primo
1894 1165 1971 1223 De
2018 1181 2176 1236 repn-

1326 1258 1331 1259 '
1372 1256 1470 1294 ica.

1326 1256 1470 1294 mea.

683 1332 945 1387 Hebraica
972 1332 1129 1387 docet
1149 1331 1377 1386 historia
1406 1329 1643 1399 primum
1667 1328 1905 1384 omnium
1934 1328 2169 1384 Movsem

603 1422 792 1492 populi
849 1420 1211 1491 principatum
1265 1420 1611 1475 deprecatum
1662 1435 1821 1485 esse,
1870 1419 1959 1474 ubi
2012 1436 2170 1475 suum

605 1511 758 1564 illum
808 1518 865 1565 et
896 1510 1240 1563 oraculorum
1284 1516 1337 1562 et
1380 1507 1737 1562 consiliorum
1780 1518 2054 1562 auctorem
2102 1508 2175 1560 ita

605 1595 937 1665 compellat:
978 1613 995 1645 ι
1044 1592 1305 1656 Obsecro,
1355 1591 1604 1656 Domine,
1634 1592 1841 1664 produc
1868 1593 2035 1646 alium
2082 1592 2172 1649 oui

605 1685 658 1740 id
691 1686 883 1756 possit,
936 1700 1099 1755 quem
1138 1684 1410 1739 missurus
1442 1685 1519 1740 sis
1541 1684 1615 1742 ⁸⁸.
1654 1703 1672 1735 ι
1717 1683 1922 1738 Deinde
1953 1682 2170 1738 Sautem

603 1757 821 1849 quoque
849 1778 1084 1832 latebras
1106 1776 1509 1846 qumritantem,
1553 1793 1622 1832 ne.
1664 1792 1890 1848 regnum
1934 1780 2175 1848 suscipe-

601 1881 706 1931 ret.
743 1886 807 1924 ac
832 1868 1149 1938 prophetam
1181 1865 1473 1923 Jeremiam
1502 1884 1703 1923 munus
1732 1870 2044 1938 impositum
2076 1870 2169 1924 dc-

602 1964 852 2019 trectanti
895 1962 1127 2017 similem
1181 1961 1328 2016 facit.
1369 1961 1525 2028 Quod
1578 1961 1930 2031 magisrratus
1979 1963 2167 2033 depre-

601 2056 759 2112 candi
809 2055 1119 2117 consilium,
1171 2054 1300 2108 audi
1352 2053 1815 2124 quemadmodum
1864 2054 2017 2109 Plato
2051 2063 2174 2108 tan-

602 2160 766 2213 quam
821 2160 1037 2214 aequum
1097 2143 1497 2213 honestumque
1553 2144 1752 2197 laudet.
1819 2163 1837 2193 ι
1892 2142 2172 2198 Manifeste

605 2235 793 2305 igitur,
832 2235 1027 2304 inquit,
1059 2234 1369 2290 conlectum
1411 2236 1463 2290 id
1494 2245 1596 2301 est,
1642 2236 1716 2289 mi
1746 2236 2170 2306 Thrasymache,

600 2338 771 2383 artem
805 2328 1033 2393 nullam,
1058 2328 1544 2397 magistratumqne
1576 2328 1785 2383 nullum
1818 2343 1929 2383 sua:
1953 2327 2170 2381 utilitati

599 2420 838 2476 servire:
885 2422 978 2475 sed
1026 2421 1228 2490 potius,
1262 2420 1407 2489 quod
1458 2419 1569 2488 jam
1614 2434 1643 2470 a
1677 2418 1833 2472 nobis
1863 2426 2013 2471 tanto
2045 2425 2171 2470 ante

598 2514 803 2568 dictum
846 2521 951 2579 est,
980 2513 1030 2565 id
1080 2528 1246 2566 unum
1283 2511 1426 2582 quod
1467 2509 1697 2566 subditis
1728 2511 2017 2564 co’mmodo
2049 2522 2172 2564 esse

598 2605 793 2674 possit,
823 2620 931 2658 non
972 2619 1289 2673 comparare
1317 2602 1500 2666 modo,
1539 2603 1631 2658 sed
1664 2602 1828 2657 etiam
1879 2602 2168 2670 imperare,

602 2697 677 2750 ita
710 2704 768 2750 ut
797 2695 1072 2751 inferioris
1103 2710 1338 2764 semper,
1380 2710 1487 2749 non
1519 2704 1699 2748 autem
1734 2693 2031 2762 superioris
2078 2707 2169 2746 ra-

598 2785 839 2839 tionibus
869 2788 1137 2840 consulat.
1188 2784 1532 2854 Quapropter
1575 2785 1678 2837 ltoc
1711 2783 1896 2844 etiam,
1933 2781 2169 2849 Thrasy-

602 2877 797 2931 maclie
825 2875 1171 2940 suavissime,
1210 2876 1434 2945 jamjam
1470 2875 1565 2932 abs
1608 2888 1692 2927 me
1724 2874 2042 2934 addebatur,
2075 2886 2171 2925 ne-

600 2968 807 3020 minem
856 2983 952 3021 sua
989 2975 1179 3036 sponte
1212 2982 1277 3020 ac
1323 2967 1589 3020 volentem
1627 2965 1916 3036 imperare,
1967 2964 2172 3018 alieno-

598 3075 832 3129 rumque
883 3060 1148 3113 malorum
1200 3059 1536 3112 curationem
1571 3059 1867 3127 suscipere,
1899 3058 1992 3112 sed
2023 3072 2171 3111 mer-

600 3152 789 3207 cedem
840 3141 1127 3222 ﬂagitare:
1166 3149 1307 3219 quod
1340 3151 1386 3203 is
1423 3150 1515 3219 qui
1565 3158 1681 3202 arte
1728 3150 1862 3204 bene
1896 3148 1973 3201 uti
2009 3149 2171 3210 volet,

611 3259 727 3298 suae
764 3259 1063 3313 nunquam,
1121 3243 1167 3295 si
1214 3244 1377 3295 modo
1408 3242 1541 3294 artis
1586 3241 1806 3294 ductum
1861 3239 2177 3308 imperando

2801 1047 3198 1101 ΚΕΦΑΛΑῘΟΝ
3240 1047 3319 1101 Θ’.

2282 1163 2411 1216 Ὅτι
2440 1151 2563 1215 deor
2589 1125 2830 1228 φεύγειν
2878 1156 3243 1239 ’τὰς’-ἀρχάς.
3304 1158 3435 1213 Ἀπὸ
3460 1158 3552 1213 τοῦ
3588 1160 3753 1228 πρώτου

2850 1228 2959 1297 τῆς
2991 1227 3288 1291 Πολιτείας.

2349 1322 2459 1394 Τῆς
2512 1323 2641 1395 παρ’
2682 1320 2953 1392 Ἑϐραίοις
3000 1320 3218 1392 γραφῆς
3253 1320 3459 1393 πρῶτον
3512 1322 3755 1392 εἰσαγούσης

2277 1414 2513 1468 Μωῦσέα
2542 1412 2973 1484 παραιτούμενον
2998 1411 3096 1481 τὴν
3127 1410 3221 1465 τοῦ
3265 1411 3393 1465 λαοῦ
3422 1414 3698 1483 προστασίαν
3715 1414 3758 1467 δι’

2280 1499 2355 1558 ὧν
2396 1504 2529 1577 πρὸς
2561 1504 2651 1557 τὸν
2698 1503 3105 1576 χρηματίζοντα
3142 1501 3334 1574 ἔφησε,
3374 1505 3605 1574 (Δέομαι,
3623 1504 3756 1576 Κύριε,

2278 1598 2622 1669 προχειρισαι
2651 1596 2807 1650 ἄλλον
2837 1596 2929 1649 τὸν
2972 1595 3292 1665 δυνάμενον,
3340 1595 3397 1649 ὃν
3428 1597 3714 1660 ἀποστελεῖς·
3744 1616 3755 1647 ι

2276 1688 2509 1742 κᾶπειτα
2538 1688 2628 1740 τὸν
2659 1686 2832 1740 Σαοὺλ
2862 1684 3328 1758 κρυπταζόμενον,
3357 1686 3485 1758 πρὸς
3513 1686 3564 1739 τὸ
3589 1687 3648 1757 μὴ
3671 1690 3760 1739 ἀνα·

2275 1778 2528 1844 δέξασθαι
2558 1778 2653 1850 τὴν
2682 1776 2977 1849 βασιλείαν,
3004 1778 3097 1830 καὶ
3123 1777 3210 1830 τὸν
3264 1779 3534 1850 προφήτην
3568 1776 3760 1850 Ἱερεμίαν

2278 1870 2648 1942 ὑποπαραιτού
2658 1886 2834 1941 μενον·
2865 1870 3172 1922 ὑπάκουσον
3200 1870 3350 1932 ὃπως
3374 1869 3465 1923 καὶ
3482 1872 3507 1922 ὁ
3530 1869 3706 1922 Πλάτων
3723 1869 3762 1919 τὸ

2271 1960 2488 2028 εὔλογον
2515 1958 2616 2029 τῆς
2666 1960 3045 2030 παραιτήσεως
3098 1956 3399 2028 συνίστησι,
3451 1957 3602 2026 λέγων
3626 1956 3760 2019 οὕτως·

2277 2073 2296 2104 ι
2335 2051 2563 2115 Οὐκοῦν,
2595 2045 2641 2104 ὧ
2667 2050 2997 2123 Θρασύμαχε
3043 2050 3175 2121 (64),
3210 2050 3369 2104 τοῦτο
3397 2050 3490 2121 ἤδη
3522 2048 3667 2118 δῆλον,

2269 2145 2496 2216 οὐδεμία
2530 2144 2690 2215 τέχνη
2746 2144 2867 2197 οὐδὲ
2897 2143 3038 2215 ἀρχὴ
3083 2143 3143 2197 τὸ
3175 2143 3314 2215 αὐτῇ
3363 2142 3609 2212 ὠφέλιμον
3644 2158 3765 2209 περι·

2275 2234 2551 2298 σκευάζει,
2588 2233 2722 2299 ἀλλ’,
2745 2234 2879 2306 ὅπερ
2919 2234 3084 2288 πάλαι
3143 2234 3424 2305 ἐλέγομεν,
3465 2235 3520 2286 τὸ
3560 2233 3623 2303 τῷ
3651 2234 3765 2304 ἀρχο-

2278 2326 2423 2397 μένῳ
2456 2326 2551 2379 καὶ
2576 2326 3000 2396 παρασκευάζει,
3061 2328 3155 2381 καὶ
3208 2328 3501 2387 ἐπιτάττει,
3542 2327 3594 2379 τὸ
3619 2325 3768 2379 ἐκείνου

2272 2412 2549 2487 συμφέρον
2580 2416 2861 2482 ἐλάττονος
2912 2418 3063 2483 ὄντος
3092 2419 3395 2484 σκοποῦσα,
3428 2420 3532 2473 ἀλλ’
3561 2420 3612 2472 ού
3628 2418 3676 2470 τὸ
3708 2416 3772 2468 τοῦ

2270 2507 2599 2581 κρείττονος.
2629 2509 2727 2563 Διά
2748 2510 2810 2581 δὴ
2837 2510 3009 2564 ταῦτα
3039 2511 3235 2581 ἔγωγε,
3273 2507 3318 2566 ὦ
3351 2512 3469 2581 φίλε
3493 2510 3770 2583 Θρασύμαχε,

2272 2600 2365 2653 καὶ
2400 2600 2523 2672 άρτι
2552 2599 2735 2669 ἔλεγον
2770 2601 2970 2672 μηδένα
3010 2602 3215 2652 ἐθέλειν
3256 2604 3453 2653 ἑκόντα
3500 2605 3677 2672 ἄρχειν.
3710 2602 3772 2650 καί

2270 2690 2341 2740 ’τὰ
2375 2690 2629 2759 ἀλλότρια
2689 2688 2835 2741 κακὰ
2892 2689 3368 2761 μεταχειρίζεσθαι
3419 2689 3769 2757 ἑπανορθοῦντα.

2271 2778 2409 2833 ἀλλὰ
2468 2778 2658 2850 μισθὸν
2687 2780 2879 2845 αἰτεῖν,
2906 2780 2988 2833 ὃτι
3019 2782 3048 2832 ὁ
3102 2780 3313 2851 μέλλων
3370 2782 3543 2845 καλῶς
3583 2784 3638 2851 τῇ
3659 2781 3772 2849 τέχνῃ

2276 2871 2521 2943 πράξειν,
2556 2870 2796 2925 οὐδέποθ’
2828 2872 3004 2942 ἑαυτῷ
3034 2872 3094 2925 τὸ
3120 2872 3397 2942 βέλτιστον
3440 2876 3659 2945 πράττει,
3675 2872 3772 2924 κατὰ

2275 2962 2472 3032 τέχνην
2498 2961 2820 3026 ἐπιτάττων,
2848 2961 2981 3015 ἀλλὰ
3006 2962 3082 3034 τῷ
3112 2963 3420 3036 ἀρχομένῳ.
3466 2960 3557 3018 Ὧν
3582 2964 3636 3035 δὴ
3662 2963 3775 3015 ἕνεκα

2282 3051 2491 3122 μισθὸν,
2533 3052 2608 3115 ὡς
2641 3051 2802 3116 ἔοικε,
2831 3053 2913 3105 δεῖ
2932 3054 3194 3124 ὑπάρχειν
3230 3057 3345 3120 τοῖς
3371 3057 3629 3127 μέλλουσιν
3650 3053 3776 3119 ἐθελή-

2283 3161 2395 3197 σειν
2438 3143 2643 3213 ἄρχειν,
2679 3145 3016 3217 ἣάργύριον,
3049 3145 3082 3216 ἣ
3121 3148 3307 3217 τιμήν·
3344 3148 3379 3219 ἢ
3406 3148 3611 3219 ζημίαν,
3636 3142 3776 3213 Emittit

2282 3237 2509 3309 ἄρχωσι.
2525 3254 2544 3285 ι
3408 3233 3427 3255 ⁸

600 3343 879 3399 sequetur,
925 3335 1014 3390 sed
1064 3332 1339 3388 inferioris
1386 3333 1670 3394 duntaxat,
1720 3332 1936 3386 utilitati
1967 3331 2275 3400 prospiciet.
2315 3331 2394 3384 Ac
2425 3346 2706 3406 propterea
2752 3348 2892 3404 quos
2940 3333 3196 3389 libentius
3229 3334 3502 3404 imperare
3541 3331 3683 3389 voles,
3716 3325 3776 3385 iiS.

598 3442 809 3496 opinor,
846 3439 936 3480 aut
962 3426 1180 3495 aliquod
1212 3426 1327 3481 sive
1364 3425 1591 3492 argenti,
1647 3425 1762 3479 sive
1789 3423 2013 3479 honoris
2042 3423 2326 3495 prtemium
2373 3429 2594 3483 omnino
2642 3426 3051 3498 proponendum
3098 3427 3223 3492 erit,
3272 3438 3373 3482 aut
3420 3438 3559 3483 certe
3608 3421 3777 3479 inferen-

598 3521 701 3575 dus
732 3533 906 3588 pretim
938 3528 1133 3583 metus,
1167 3518 1222 3570 ni
1263 3526 1549 3587 capessant
1579 3516 1885 3586 imperium.
1926 3535 1945 3568 ι

1116 3609 1277 3679 533
1309 3607 1540 3663 CAPUT
1593 3608 1661 3662 x.

954 3701 1028 3754 De
1058 3702 1227 3769 justo,
1255 3718 1318 3755 ea:
1354 3712 1520 3755 mente
1560 3701 1822 3755 Platonis.

673 3789 1023 3845 Hebraeorum
1052 3807 1118 3844 ex
1143 3791 1381 3845 oraculis
1408 3790 1781 3859 intelligimus,
1808 3805 1930 3845 cum
1955 3791 2171 3844 illorum

597 3884 916 3955 prophetas,
953 3893 1066 3937 tum
1122 3884 1259 3937 alios
1288 3884 1452 3937 etiam
1501 3883 1807 3953 integritate
1835 3892 2173 3953 praestantes,

601 3973 1014 4044 indignissimus
1043 3988 1290 4043 quasque
1340 3973 1569 4042 injurias
1599 3982 1762 4044 atque
1794 3975 2173 4039 contumelias,

603 4064 927 4131 nullumque
959 4077 1065 4115 non
1114 4063 1413 4131 periculum
1451 4062 1661 4119 fortiter
1703 4066 2009 4135 pertulisse.
2059 4063 2176 4130 Quo

602 4155 656 4208 iu
692 4169 908 4222 genere,
943 4170 1105 4223 quam
1146 4154 1353 4208 Platoni
1390 4170 1511 4209 cum
1559 4155 1694 4224 ipsis
1722 4158 1934 4225 egregie
1980 4170 2177 4211 conve-

602 4249 738 4312 niat,
765 4264 830 4302 ex
862 4248 928 4303 iis
958 4263 1078 4316 qua:
1109 4249 1351 4303 secundo
1389 4248 1465 4303 De
1512 4248 1777 4319 republica
1808 4250 2045 4318 scripsit,
2092 4249 2176 4303 in-

601 4341 830 4410 telliges.
871 4358 889 4391 ι
927 4338 1082 4392 Nunc’
1108 4338 1292 4409 igitur,
1319 4339 1514 4408 inquit,
1543 4340 1833 4394 constituta
1861 4341 1959 4395 hac
1985 4342 2173 4411 injusti

601 4432 841 4487 hominis
874 4431 1083 4501 specie,
1139 4431 1367 4484 alterum
1416 4446 1539 4484 cum
1571 4447 1638 4487 eo
1664 4433 1871 4501 justum
1930 4435 2174 4489 oratione

602 4534 783 4580 nostra
808 4524 1174 4590 conferamus,
1198 4523 1375 4577 virum
1413 4524 1713 4593 simplicem
1738 4540 1802 4579 ac
1825 4540 2170 4594 generosum,

599 4617 821 4686 quique,
858 4624 916 4668 ut
952 4615 1247 4687 Aﬁschylus
1282 4615 1376 4681 ait,
1434 4615 1635 4684 probus
1663 4630 1816 4680 esse,
1866 4632 1972 4671 non
2005 4616 2174 4671 videri

599 4706 746 4758 velit.
785 4705 847 4757 Et
881 4704 1120 4774 quidem,
1163 4705 1491 4760 removenda
1531 4705 1686 4761 nobis
1719 4707 1789 4760 ab
1820 4721 1888 4762 eo
1915 4707 2015 4761 viri
2045 4707 2174 4761 boni

602 4797 810 4867 species
854 4797 1034 4850 omnis
1075 4806 1181 4852 est.
1212 4794 1346 4850 Nam
1392 4798 1437 4851 si
1468 4797 1655 4867 justus
1701 4813 1821 4855 esse
1874 4799 2170 4864 videbitur,

605 4902 725 4939 eam
776 4888 1088 4956 opinionem
1122 4888 1355 4944 honores
1395 4892 1656 4944 continuo
1705 4906 2041 4962 muneraque
2088 4908 2173 4947 sc-

595 4986 857 5048 quentur.
894 4979 974 5032 Ita
1023 4979 1259 5033 dubitari
1304 4981 1497 5035 merito
1529 4981 1743 5050 poterit,
1792 4993 1973 5037 utrum
2005 4984 2174 5055 tequi-

596 5071 732 5126 tatis
791 5070 1014 5137 studio,
1062 5087 1130 5125 an
1188 5087 1472 5125 munerum
1523 5083 1684 5143 atque
1730 5075 1998 5129 honorum
2053 5092 2169 5147 spe,

597 5161 764 5213 talem
795 5161 915 5214 vita:
942 5160 1204 5214 rationem
1245 5161 1409 5215 ineat.
1463 5162 1646 5218 Rebus
1692 5165 1855 5234 igitur
1893 5168 2169 5234 omnibus,

596 5263 960 5322 prmterquam
994 5253 1230 5323 iustitia.
1256 5254 1575 5323 spoliandus
1607 5257 1730 5323 erit,
1764 5257 1923 5327 eique
1953 5269 2171 5313 contra-

594 5346 718 5399 rius
767 5347 992 5399 omnino
1035 5347 1203 5416 priori
1258 5347 1334 5401 illi
1371 5363 1590 5416 sensus,
1619 5366 2019 5421 successusque
2070 5354 2171 5406 tri-

669 5524 717 5558 ”
746 5525 914 5582 Exod.
948 5542 1022 5594 Iv,
1057 5529 1141 5584 i3.

2820 3629 3118 3682 ΚΕΦΛΛΑΙ
3123 3629 3215 3682 ΟΝ
3246 3630 3309 3683 l'.

2524 3718 2660 3789 Περὶ
2704 3719 2809 3773 τοῦ
2845 3718 2993 3773 κατὰ
3021 3718 3321 3774 Πλάτωνα
3356 3720 3599 3776 δικαίου.

2349 3808 2471 3864 Τῶν
2496 3811 2625 3882 παρ’
2669 3810 2936 3881 Ἑϐραίοις
2968 3810 3162 3878 λογίων
3196 3811 3332 3876 τοὺς
3368 3814 3496 3884 παρ’
3514 3811 3669 3871 nimi;
3690 3821 3780 3877 πρθο

2278 3908 2475 3975 φήτας,
2500 3902 2593 3958 καὶ⁸
2620 3903 2861 3967 δικαίους
2894 3904 3093 3976 ἄνδρας
3118 3903 3312 3975 ὕϐρεις
3345 3906 3571 3977 ἐσχάτας
3593 3902 3671 3956 καὶ
3689 3914 3780 3969 τρι-

2276 3995 2678 4066 πηλακισμοὺς,
2705 3994 2882 4047 πάντα
2901 4011 2959 4047 τε
2993 3994 3231 4048 κίνδυνον
3252 3995 3541 4067 εὐθαρσῶς
3565 3990 3781 4059 empsim

2274 4086 2651 4149 διδασκόντων,
2678 4085 2745 4139 τὰ
2786 4084 2993 4156 συνῳδὰ
3017 4086 3114 4155 τῆς
3138 4085 3437 4151 Πλάτωνος
3463 4086 3552 4140 καὶ
3573 4087 3678 4154 περὶ
3697 4078 3782 4132 cei-

2275 4192 2366 4231 του
2392 4176 2549 4247 δόξης
2583 4175 2771 4247 μάθοις
2805 4176 2868 4230 ἂν
2894 4175 3001 4229 ἀπὸ
3025 4176 3189 4230 τῶνδε
3223 4177 3396 4231 αὑτοῦ
3429 4178 3532 4231 τῶν
3558 4172 3781 4245 φωνὼνβς

2275 4266 2438 4338 ἐντῷ
2487 4265 2723 4337 δευτέρῳ
2771 4265 3005 4319 τέθειται
3057 4267 3154 4337 τῆς
3206 4270 3545 4333 Πολιτείας.
3600 4264 3718 4318 «Τὸν
3749 4259 3780 4312 δ’

2275 4353 2367 4411 οὗν
2402 4357 2515 4427 (65)
2543 4357 2781 4410 τοιοῦτον
2814 4357 3016 4422 θέντες,
3050 4358 3140 4411 τὸν
3192 4358 3411 4413 δίκαιον
3440 4356 3503 4414 αὖ
3539 4353 3780 4427 παράΰτδν

2277 4450 2512 4519 ἱστῶμεν
2542 4450 2618 4520 τῷ
2650 4449 2813 4521 λόγῳ,
2838 4449 3005 4521 ἄνδρα
3038 4449 3242 4504 ἁπλοῦν
3272 4454 3373 4506 καὶ
3425 4453 3664 4521 γενναῖον,
3700 4442 3778 4497 m’

2275 4538 2556 4609 Αἰσχύλον,
2609 4540 2669 4592 ού
2725 4540 2922 4601 δοκεῖν,
2985 4541 3096 4593 ἀλλ’
3126 4536 3267 4595 εἶναι
3314 4544 3521 4612 ἀγαθὸν
3576 4541 3777 4594 ἐθέλοντα.

2289 4630 2634 4702 Ἀφαιρετέον
2655 4631 2711 4683 δὲ
2738 4630 2798 4683 τὸ
2829 4631 3023 4684 δοκεῖν.
3054 4632 3116 4684 Et
3153 4632 3259 4704 γάρ
3286 4632 3435 4697 δόξει
3465 4634 3646 4694 δίκαιος
3666 4624 3779 4685 εἷνιιν

2274 4722 2487 4775 ἔσονται
2529 4722 2675 4793 αύτῷ
2723 4724 2878 4793 τιμαὶ
2930 4722 3027 4776 καὶ
3074 4723 3294 4795 δωρεαὶ,
3353 4725 3589 4779 δοκοῦντι
3619 4720 3782 4784 τοιαύτῃ

2276 4810 2433 4867 εἶναι.
2472 4813 2696 4883 Ἀδηλον
2725 4809 2817 4867 οὖν
2841 4811 2951 4865 εἴτε
2989 4812 3081 4867 τοῦ
3108 4814 3344 4878 δικαίου,
3372 4815 3484 4868 εἴτε
3506 4814 3603 4869 τῶν
3623 4804 3782 4881 δωρεῶν

2274 4919 2334 4956 τε
2362 4902 2456 4957 καὶ
2487 4901 2661 4975 τιμῶν
2686 4903 2849 4957 ἕνεκα
2879 4903 3115 4968 τοιοῦτος
3161 4905 3265 4976 εἴη.
3301 4904 3674 4981 Γυμνωτέοςδὴ
3695 4899 3786 4951 πᾶν·

2276 5011 2383 5048 των
2412 4994 2548 5065 πλὴν
2585 4995 2946 5067 δικαιοσύνης,
2983 4998 3077 5050 καὶ
3122 4998 3379 5068 ποιητέος
3436 4997 3666 5056 ἐναντίως
3701 4991 3783 5042 διεδ

2278 5087 2527 5157 κείμενος
2554 5087 2631 5159 τῷ
2651 5088 2917 5161 προτέρῳ.
2937 5088 3117 5159 Μηδὲν
3146 5088 3254 5160 γὰρ
3278 5090 3489 5143 ἀδικῶν
3511 5091 3649 5155 δόξαν
3664 5084 3786 5153 ἐχέτω

2275 5178 2377 5249 τῆς
2427 5179 2687 5250 μεγίστης
2740 5178 2968 5244 ἀδικίας,
3034 5180 3120 5233 ἵνα
3182 5172 3689 5253 βεϐασανισμένοςῇ
3729 5172 3784 5229 εἰς

2275 5266 2637 5339 δικαιοσύνην,
2670 5267 2746 5340 τῷ
2783 5268 2856 5340 μὴ
2889 5269 3178 5338 τέγγεσθαι
3218 5271 3327 5324 ὑπὸ
3371 5270 3691 5334 κακοδοξίας,⁸
3722 5259 3788 5314 αἱ

2278 5356 2386 5410 τῶν
2410 5357 2502 5409 ἀπ’
2537 5358 2705 5428 αὐτῆς
2731 5358 3083 5429 γιγνομένων.
3127 5358 3260 5413 Ἀλλ’
3286 5360 3434 5415 ἔστω
3486 5358 3789 5432 ἀμετάσταπί

672 5635 761 5705 (64
826 5640 1077 5704 οὐκοῦν,
1107 5634 1154 5693 ὦ
1192 5644 1234 5693 6
1271 5644 1564 5714 ασύμαχε.
1601 5644 1776 5707 Plato,
1811 5645 1906 5699 liii.
1944 5663 1953 5691 σ
1988 5646 2059 5700 De
2083 5662 2171 5706 rep

674 5635 784 5775 (05%
829 5707 937 5762 Τὸν
968 5708 1016 5762 δ’
1057 5706 1187 5764 οὖν.
1229 5660 1409 5775 βίοιο,
1452 5731 1489 5768 ιι
1525 5714 1597 5768 De
1635 5716 1855 5775 republ..
1895 5732 2009 5775 pag.
2040 5717 2169 5772 ωδ.

2276 5687 2309 5716 .,
2336 5665 2457 5721 pag.
2482 5651 2584 5706 “7
2615 5650 2808 5708 Ficini.

674 5702 784 5775 (65)
829 5707 937 5762 Τὸν
968 5708 1016 5762 δ’
1057 5702 1187 5764 οὖν.
1229 5702 1409 5777 Ριειο,
1452 5702 1597 5768 ιῗϋε
1635 5702 1855 5784 νεριιίιί..
1895 5732 2009 5786 pag.
2040 5702 2169 5772 ηδ’.
