3840 6370
132 328 213 382 9m
1216 322 1559 401 ιιιιΕιδιιῐι.⁵
1590 321 1648 375 E‘

1808 324 1840 378 :.
1885 323 2013 378 LIB.
2058 325 2168 379 xu.
2688 294 2689 297 ί
3220 327 3324 383 970

135 450 265 518 μέχρι
294 444 523 506 θανάτου,
554 444 725 497 δοκῶν
754 447 849 515 μὲν
880 443 1018 499 εἶναι
1050 447 1230 508 ἄδικος
1279 446 1366 499 διὰ
1404 446 1542 515 βίου,
1571 444 1648 496 ὢν

1808 447 2021 501 rendus.
2076 448 2220 501 Idem
2257 448 2488 503 enimet
2532 448 2678 502 omni
2724 460 2903 502 careat
2949 449 3237 519 iujustitia,
3270 458 3324 503 et

131 537 367 597 δὲὸίκαιος
388 536 543 605 (66).»
569 536 677 587 Καὶ
702 537 837 605 μετὰ
864 535 1069 607 βραχέα
1094 536 1353 602 ἐπιλέγει·
1380 553 1397 586 ι
1420 535 1647 587 Λεκτέον

1806 554 1983 592 tmma:
2036 546 2215 593 tamen
2256 539 2537 609 iujustitia:
2576 558 2702 597 reus
2757 543 3058 609 habeatur;
3106 552 3165 596 ut
3218 542 3322 595 hoc

128 626 335 683 05mm
386 628 467 698 δὴ,
522 627 622 680 κᾶν
677 628 1078 700 ἀγροικοτέρως
1130 627 1375 698 λέγηται,
1443 627 1515 698 μὴ
1550 627 1644 696 ἐμὲ

1808 627 1911 681 tasi
1960 629 2244 696 probatam
2272 645 2336 685 ac
2363 638 2613 687 testatam
2655 632 2905 686 examina:
2929 632 3195 701 justitiam
3229 631 3324 684 ha-

125 723 211 773 οἵου
235 720 409 787 λέγειν,
430 714 474 771 ὦ
500 717 804 789 Σώκρατες,
837 719 971 772 ἀλλά
1000 721 1125 783 τοὺς
1158 718 1513 781 ἐπαινοῦντας
1544 719 1641 788 πρὸ

1804 728 1893 780 rat,
1935 718 2061 772 dum
2094 722 2244 775 nullo
2288 722 2449 778 modo
2477 723 2557 778 vel
2594 724 2839 788 infamia,
2870 725 2954 777 vel
2984 725 3051 778 iis
3082 739 3203 793 qua:
3235 724 3320 776 in-

122 809 411 879 δικαιοσύνης
439 808 669 863 ἀδικίαν.
712 809 926 880 Ἐροῦσι
950 810 1007 862 δὲ
1032 810 1175 863 τάδε·
1213 811 1333 863 Ὅτι
1364 808 1507 863 οὓτω
1533 810 1638 862 δια-

1809 812 1972 865 miam
2007 812 2162 883 sequi
2205 814 2399 878 solent,
2455 815 2791 879 movebitur,
2830 816 2922 870 sed
2962 816 3318 872 inconcussus

122 900 368 969 κείμενοςό
390 899 591 963 δίκαιος
627 901 1059 971 μαστιγώσεται,
1108 902 1526 975 πρεὸλώσεται,
1558 904 1638 955 δε-

1804 901 1814 955 |
1865 911 2095 957 mortem
2134 917 2308 972 usque
2338 904 2615 973 persistet,
2661 904 2731 958 ita
2762 904 3004 973 quidem,
3043 915 3102 959 ut
3142 920 3320 975 quan-

118 992 311 1062 δήσεται,
338 992 695 1063 ἐκκοπήσεται
723 992 801 1046 τὼ
825 992 1106 1065 ὀφθαλμώ·
1151 995 1433 1061 τελευτῶν,
1468 998 1634 1050 πάντα

1808 1008 1838 1045 ιι
1872 993 2087 1056 vixerit,
2138 1002 2192 1047 et
2214 994 2484 1062 justitiam
2529 995 2691 1059 colat,
2733 1004 2786 1050 et
2836 996 3070 1064 injustus
3093 1011 3215 1051 esse
3241 996 3319 1049 vi-

116 1086 226 1137 γακὲ
248 1083 435 1147 παθὼν,
459 1086 1094 1157 ἀνασχινδυλευθήσεται,
1122 1088 1215 1140 καὶ
1235 1086 1525 1155 γνώσεται,
1560 1089 1632 1141 ὅτε

1804 1095 1958 1141 :atur.
2014 1104 2032 1138 ι
2071 1084 2282 1153 Quibus
2311 1087 2473 1157 paulo
2528 1097 2652 1157 post
2682 1088 2785 1143 ista
2817 1089 3137 1159 subjuugit:
3174 1108 3191 1139 ι
3230 1088 3320 1142 Di—

112 1177 187 1228 οὖκ
226 1172 344 1230 εἶναι
375 1176 599 1235 δίκαιον.
643 1177 779 1230 ἀλλά
830 1178 1006 1232 δοκεῖν
1045 1179 1127 1232 δεῖ
1169 1178 1425 1233 ἐθέλειν.)
1459 1180 1628 1235 Ταῦτο

1802 1176 1975 1231 τιιᾱιιιιι
2014 1177 2195 1246 igitur.
2230 1176 2286 1231 ln
2319 1193 2428 1248 quo
2461 1178 2507 1234 si
2534 1179 2665 1249 quid
2698 1179 2802 1236 erit
2845 1180 3121 1235 horridius
3148 1219 3163 1245 ,
3202 1181 3318 1235 exi-

112 1270 293 1336 ὶόγοιςὸ
318 1268 553 1320 Πλάτων.
586 1269 805 1338 Ἔργοις
847 1268 904 1321 δὲ
960 1269 1091 1323 πολὺ
1138 1270 1398 1342 πρότερον
1425 1272 1474 1324 οἱ
1510 1290 1623 1343 παρ

1799 1268 1931 1322 imes
1983 1267 2169 1332 velim,
2225 1268 2298 1322 mi
2354 1268 2630 1333 Socrates,
2683 1270 2734 1325 id
2766 1284 2874 1324 non
2924 1279 3031 1325 tam
3074 1271 3172 1327 abs
3207 1286 3315 1333 me,

120 1361 340 1431 Ἐὁραίοις
365 1360 559 1414 δίκαιοι
611 1360 705 1412 καὶ
752 1362 1027 1433 προφῆται
1086 1361 1516 1432 μνημονεύονται
1572 1362 1641 1415 τὰ
1742 1367 1905 1422 quam
1957 1352 2025 1405 ab
2057 1352 2123 1407 iis
2170 1353 2298 1420 ἀίείν
2350 1354 2699 1424 (Ιυίίυδῑῖίίω
2742 1355 3063 1423 ίηίυδίίίίθηι
3098 1365 3317 1425 διιῑθρο⁴

110 1450 323 1521 εἰρημένα
351 1451 523 1502 πάντα
557 1449 901 1503 πεπονθέναι·
935 1472 953 1501 ι
988 1450 1041 1503 οἶ
1061 1467 1146 1518 γε,
1181 1452 1508 1505 δικαιότατοι
1547 1452 1626 1504 δν-

1798 1454 1901 1500 mt.
1955 1446 2229 1503 Ρυιιιτιιιιι,
2253 1446 2451 1515 quippe
2503 1447 2851 1513 dictitabuut,
2908 1456 2967 1501 ut
3002 1448 3184 1517 justus
3227 1448 3314 1502 ille

108 1558 190 1604 τες,
222 1541 286 1605 t'o;
329 1541 648 1595 ἀδικώτατοι
693 1542 1076 1613 ἐλιθάσθησαν,
1145 1544 1520 1616 ἐπρίσθησαν,
1580 1547 1624 1597 ἐκ

1799 1554 1821 1593 c
1868 1538 2052 1593 animo
2086 1545 2458 1607 comparatus,
2494 1539 2755 1603 cazdatur,
2809 1550 3151 1609 torqueatur,
3198 1540 3315 1593 vin-

107 1635 218 1705 φόνῳ
240 1637 498 1707 μαχαίρας
526 1635 819 1699 ἀπέθανον,
877 1635 1168 1706 περιῆλθον
1210 1639 1268 1689 ὲν
1320 1638 1623 1708 μηλωταῖς1

1798 1640 1918 1685 atur
1952 1671 1967 1696 ,
2001 1641 2325 1695 excazcetur,
2365 1632 2505 1685 mala
2544 1633 2778 1703 denique
2810 1649 3102 1703 perpessus
3133 1636 3314 1689 omnia

106 1728 177 1779 καὶ
218 1728 420 1795 αἰγείοις
465 1727 765 1800 δέρμασιν,
836 1728 1243 1800 ὑστερούμενοι,
1303 1727 1622 1800 θλιϐόμενοι

1824 1739 2043 1778 crucem
2074 1733 2288 1794 agatur,
2324 1725 2509 1794 sicque
2538 1724 2759 1781 demum
2812 1739 3094 1797 agnoscat,
3130 1730 3181 1784 id
3213 1729 3313 1783 bo-

105 1820 491 1889 κακονχούμενοι,
530 1822 589 1872 έν
621 1820 878 1891 ἐρημίαις
932 1819 1294 1891 πλανώμενοι,
1349 1822 1442 1875 καὶ
1486 1822 1621 1895 ὄρεσι

1799 1818 1873 1871 ini
1906 1818 2269 1887 expetendum
2322 1832 2463 1882 esse,
2501 1835 2608 1873 non
2649 1820 2831 1888 justus
2856 1796 2932 1875 fut
2971 1822 3061 1887 sit,
3108 1824 3203 1877 sed
3256 1834 3314 1878 ut

104 1912 173 1962 καὶ
195 1911 469 1980 σπηλαίοις,
512 1913 609 1965 καὶ
657 1915 778 1976 ταῖς
824 1913 985 1976 ὀπαῖς
1012 1913 1113 1983 τῆς
1158 1914 1282 1985 γῆς,
1335 1932 1409 1968 ων
1434 1916 1535 1969 οὐκ
1566 1913 1620 1989 ἧι

1799 1925 1856 1965 se
1909 1911 2177 1965 videatur.
2238 1930 2256 1963 ι
2315 1909 2439 1966 llaec
2490 1910 2643 1967 Plato
2694 1914 2934 1983 quidem,
2986 1915 3078 1970 sed
3134 1918 3313 1973 verbis

103 2004 523 2075 ἄξιοςόκόσμος.»
564 2006 673 2058 Καὶ
732 2006 781 2057 οἱ
819 2005 1105 2059 ἀπόστολοι
1147 2006 1205 2059 δὲ
1256 2007 1347 2061 τοῦ
1385 2010 1619 2081 Σωτῆρος

1794 2019 1916 2057 uus.
1949 2005 2081 2069 Quae
2128 2004 2270 2074 apud
2302 2003 2579 2069 Hebraeos,
2620 2006 2802 2060 omnia
2837 2006 2994 2077 longe
3024 2017 3149 2063 ante
3186 2024 3310 2063 cum

103 2097 347 2168 ήμών,τὴν
390 2098 654 2152 ἀνωτάτω
690 2098 1037 2171 δικαιοσύνην
1100 2117 1159 2153 τε
1205 2101 1296 2153 καὶ
1351 2101 1619 2156 εὑσέόειαι

1797 2095 1824 2147 ii
1857 2096 2101 2166 plerique
2124 2096 2282 2166 justi,
2314 2104 2429 2151 tum
2456 2097 2619 2151 etiam
2655 2098 2931 2167 prephetze
2988 2099 3162 2169 reipsa
3197 2116 3313 2169 per-

103 2189 341 2255 μετιόντες,
375 2190 534 2254 δόξαν
561 2189 617 2242 δὲ
647 2189 862 2255 ἀδικίας
895 2191 1045 2262 παρὰ
1083 2194 1195 2255 τοῖς
1231 2192 1448 2257 πολλοῖς
1487 2210 1619 2265 περι

1798 2182 1927 2236 lisse
1979 2195 2393 2241 memorantur:
2447 2186 2646 2255 quippe
2705 2188 2797 2255 qui
2848 2188 3138 2257 justissimi
3187 2206 3310 2243 cum

102 2278 380 2349 ϐαλλόμενοι,
410 2284 576 2335 ὁποῖα
597 2280 857 2351 ἔπασχον,
896 2281 1074 2335 αὐτῶν
1113 2282 1378 2354 πάρεστιν
1399 2286 1618 2339 ἐπακοῦ-

1801 2284 1942 2337 sent,
1976 2284 2238 2347 tanquam
2276 2278 2648 2348 injustissimi,
2690 2298 2706 2329 ι
2744 2280 2962 2350 lapidali
2999 2290 3147 2345 sunt,
3180 2283 3314 2337 secti

105 2387 173 2422 σαι
202 2372 465 2439 λεγόντων·
508 2392 528 2425 ι
563 2372 799 2445 Θέατρον
828 2374 1165 2445 ἐγενήθημεν
1193 2374 1273 2446 τῷ
1303 2377 1512 2448 κόσμῳ,
1536 2378 1621 2431 καῖ

1804 2374 1884 2427 nt,
1926 2366 1980 2419 in
2014 2368 2291 2423 occisione
2347 2370 2511 2439 gladii
2546 2371 2745 2424 mortui
2790 2381 2939 2435 sunt,
2982 2373 3314 2429 circuierunt

100 2464 320 2530 ἀγγέλοις,
382 2468 476 2520 καὶ⁹
515 2465 881 2537 ἀνθρώποις.»
927 2468 1057 2532 Καὶ,
1096 2487 1113 2519 t
1156 2469 1334 2542 Μέχρι
1371 2471 1470 2541 τῆς
1502 2472 1616 2543 ἄρτι

1820 2461 2038 2515 melotis
2066 2469 2121 2516 et
2152 2462 2389 2531 pellibus
2426 2463 2685 2532 caprinis,
2718 2474 2958 2534 egentes,
2995 2468 3312 2537 angustiati,

99 2554 209 2626 ὧρας
243 2558 325 2612 καὶ
355 2559 655 2629 πεινῶμεν,
696 2559 787 2612 καὶ
838 2558 1100 2629 διψῶμεν,
1154 2560 1247 2613 καὶ
1286 2562 1615 2633 γυμνητεύο-

1798 2550 1937 2617 licti,
1989 2552 2046 2607 in
2097 2554 2482 2609 solitudinibus
2515 2563 2783 2622 errantes,
2825 2556 2877 2609 in
2933 2559 3212 2615 montibus
3260 2572 3314 2616 et

90 2664 189 2715 μεν,
212 2651 290 2702 καὶ
315 2650 742 2722 κολαφιζόμεθα,
768 2651 860 2704 καὶ
889 2653 1250 2724 ἀστατοῦμεν.
1271 2655 1525 2726 Λοιδορού
1536 2674 1601 2727 με

1795 2644 2035 2707 eluucis,
2062 2654 2115 2699 et
2147 2644 2508 2701 foraminibus
2542 2656 2717 2710 terrae,
2741 2648 2941 2717 quibus
2974 2649 3172 2719 dignus
3202 2668 3311 2707 non

97 2755 155 2790 νοι
181 2740 504 2811 εὐλογοῦμεν,
534 2742 853 2812 διωκόμενοι
880 2742 1204 2813 ἀνεχόμεθα,
1242 2745 1613 2817 δυσφημούμε-

1797 2745 1850 2790 at
1879 2738 2116 2792 mundus
2147 2738 2215 2792 ⁸⁸.
2259 2758 2276 2789 ι
2344 2736 2484 2803 Quin
2531 2747 2582 2791 et
2611 2739 2784 2793 nostri
2837 2755 3055 2810 quoque
3118 2742 3313 2797 Serva-

98 2845 155 2878 νοι
205 2830 635 2901 παρακαλοῦμεν·
672 2831 747 2894 ὡς
788 2832 1248 2903 περικαθάρματα
1284 2834 1378 2888 τοῦ
1421 2837 1614 2907 κόσμοι

1797 2828 1865 2882 ris
1920 2831 2197 2899 apostoli,
2252 2829 2383 2884 dum
2440 2831 2715 2884 cwlestem
2768 2830 2913 2883 illam
2961 2832 3313 2904 divinamque

97 2922 422 2995 ἐγενήθημεν.»
472 2924 640 2979 Ἀλλά
670 2926 763 2979 καὶ
794 2927 963 2980 εἰσέτι
989 2927 1148 3000 δεῦρο
1172 2930 1220 2981 οί
1260 2933 1495 2997 γενναῖοι
1533 2932 1613 2985 τοῐ

1794 2920 2019 2986 stitiam,
2050 2920 2214 2993 584
2245 2931 2408 2991 atque
2432 2922 2747 2992 religionem
2779 2932 3071 2990 sectantes.
3104 2924 3310 2995 impro-

96 3014 294 3087 Σωτῆρος
317 3018 474 3089 ἡμῶν
515 3018 816 3091 μάρτυρες,
843 3020 964 3073 καθ’
1005 3021 1133 3093 ὅλης
1154 3022 1254 3093 τῆς
1282 3022 1390 3077 τῶν
1416 3023 1612 3096 ἀνθρὼ-

1793 3014 1921 3069 tatis
1978 3014 2236 3083 opinione
2285 3014 2488 3083 passim
2541 3014 2873 3077 laborarent,
2909 3032 3071 3085 quam
3120 3019 3306 3089 gravia

96 3109 507 3182 πωνοίκουμένης
550 3111 610 3164 οὑ
637 3111 697 3163 τὸ
726 3111 923 3174 δοκεῖν,
970 3112 1105 3165 ἀλλὰ
1140 3114 1201 3167 τὸ
1244 3111 1380 3170 εἶναι
1429 3115 1605 3170 δίκαιο

1791 3106 2117 3173 ιειίηιιει·ἱιιι,
2159 3122 2226 3160 ex
2262 3107 2364 3161 hac
2403 3106 2644 3177 ipsorum
2687 3122 2819 3163 voce
2848 3119 3102 3165 constare
3150 3111 3307 3167 nobis

94 3215 133 3250 τε
177 3203 253 3254 καὶ
296 3205 540 3268 εὐσεϐεῖς
609 3204 926 3269 ἀσκοῦντες,
978 3206 1077 3259 ὅσα
1139 3207 1203 3278 δὴ
1279 3208 1610 3275 κατέλεξενί

1790 3198 1933 3255 ιῑθτὶι
1963 3213 1977 3251 ι
2018 3217 2036 3249 ι
2082 3199 2463 3270 Spectaculum
2504 3197 2629 3252 facti
2660 3214 2850 3254 sumus
2880 3201 3102 3265 mundo,
3126 3211 3179 3257 et
3208 3219 3306 3256 an-

95 3291 283 3359 Πλάτων,
304 3296 657 3349 πεπόνθασιν·
689 3296 811 3349 ἐπεὶ
842 3296 936 3349 καὶ
958 3296 1437 3367 ὲμαστιγώθησαν,
1454 3298 1611 3369 δεσμὸ

1790 3294 1887 3357 :lis,
1918 3301 1974 3348 et
2026 3291 2339 3346 hominibus
2362 3290 2426 3346 δ’.
2470 3310 2488 3343 ι
2521 3289 2608 3359 Et,
2649 3309 2667 3341 ι
2717 3306 2891 3360 usque
2921 3293 2975 3345 in
3018 3294 3159 3348 hanc
3207 3294 3306 3347 ho-

91 3399 132 3433 τε
150 3386 224 3436 καὶ
252 3388 507 3457 στρέϐλας
552 3387 870 3458 ὑπέμειναν,
898 3388 991 3440 καὶ
1018 3389 1125 3460 μὴν
1168 3390 1263 3441 καὶ
1290 3388 1607 3460 ὲξεκόπησα·

1796 3402 1871 3452 m,
1922 3394 1976 3439 et
2017 3385 2315 3449 esurimus,
2371 3392 2426 3439 et
2460 3382 2697 3447 sitimus,
2740 3393 2795 3437 et
2850 3384 2979 3437 nudi
3007 3399 3219 3444 sumus,
3251 3395 3305 3438 et

89 3475 144 3527 τὼ
162 3478 411 3551 ὀφθαλμὼ,
452 3482 555 3535 καὶ
592 3481 742 3543 τέλος
792 3481 969 3534 πάντα
1029 3482 1099 3535 τὰ
1134 3481 1283 3536 δεινά
1334 3481 1596 3546 παθόντες

1790 3474 1974 3543 νιορὶιίε
2021 3473 2318 3538 czedimur,
2352 3482 2404 3528 et
2448 3472 2729 3527 instabiles
2761 3489 2972 3528 sumus.
3028 3473 3306 3529 Maledici-

88 3569 612 3643 ἁνεσκινδυλεύθησαν.
640 3567 740 3625 Ὧν
769 3572 960 3627 οὐδένα
994 3575 1123 3643 παρ’
1153 3573 1409 3645 Ἕλλησιν
1438 3575 1604 3644 ὲπιζη·

1790 3581 1890 3628 ur,
1938 3573 1993 3618 et
2026 3564 2440 3631 benedicimus;
2494 3573 2923 3633 persecutionem
2960 3566 3219 3635 patimur,
3252 3577 3305 3621 et

87 3661 216 3729 τῆτες
254 3666 428 3735 ὅμοιον
454 3666 523 3720 ἂν
554 3665 755 3737 εὕροις·
785 3666 863 3730 ὡς
890 3666 1115 3730 εἰκότως
1156 3666 1278 3721 τινὰ
1323 3667 1508 3736 φάναι,
1533 3668 1603 3721 τὸ·

1788 3655 2065 3711 ιειίιιθιιιιιε
2095 3673 2109 3722 ;
2143 3655 2608 3725 blasphemamur,
2643 3664 2697 3710 et
2741 3657 3093 3712 obsecramus
3124 3676 3137 3724 ;
3184 3669 3304 3713 tan-

86 3753 316 3825 φιλόσοφον
348 3758 501 3811 οὐδὲν
532 3758 720 3830 ἕτερον
757 3759 791 3830 ἢ
822 3757 1074 3812 θεσπίσαι
1106 3757 1194 3812 διὰ
1244 3758 1449 3813 τούτων
1498 3778 1601 3830 περ

1779 3764 1891 3802 tam
1924 3756 2281 3818 purgamenta
2331 3747 2496 3817 hujus
2550 3750 2737 3803 mundi
2792 3750 2920 3804 facti
2948 3766 3140 3807 sumus
3164 3752 3232 3809 ".
3278 3772 3295 3803 ι

85 3845 166 3897 τῶν
190 3851 301 3921 παρ’
336 3853 466 3922 ἡμῖν
495 3850 913 3923 διαπρεπόντων
949 3853 1006 3904 ὲν
1035 3850 1287 3923 εὐσεϐείᾳ
1311 3851 1405 3904 καὶ
1436 3852 1601 3921 ἀληθε

1785 3851 1794 3896 L
1856 3844 1965 3898 huc
2021 3858 2195 3911 usque
2247 3842 2526 3912 profecto,
2592 3844 2800 3898 strenui
2853 3843 2929 3897 illi
2997 3845 3301 3901 Servatoris

84 3937 357 4017 δικαιοσύνῃ.

1784 3939 1899 3995 )Sll‘i
1929 3946 2196 4008 martyres
2246 3936 2444 4006 ubique
2498 3936 2741 3991 locorum
2778 3947 2832 3992 et
2878 3938 3139 4006 gentium,
3170 3938 3300 3994 dum

84 4029 120 4083 id
154 4036 536 4095 studiosissime
590 4048 834 4110 agerent,
875 4047 935 4093 ut
974 4038 1106 4108 justi
1162 4054 1227 4093 ac
1274 4039 1512 4108 religiosi
1566 4054 1674 4093 non
1714 4037 2047 4095 viderentur.
2107 4036 2201 4088 sed
2230 4041 2436 4097 essent,
2475 4047 2539 4087 ea
2574 4049 2695 4103 qua:
2716 4032 2871 4088 Plato
2912 4043 3304 4089 commemorat

82 4131 223 4188 omnia
248 4136 553 4192 subierunt.
586 4134 720 4190 Nam
752 4136 902 4199 caesi,
931 4136 1118 4200 vincti,
1148 4136 1297 4201 torti,
1323 4139 1599 4202 exczecati,
1641 4136 1825 4207 gravia
1853 4134 2086 4201 denique
2111 4131 2350 4201 perpessi
2378 4132 2583 4195 omnia,
2638 4140 2914 4200 postremo
2972 4132 3027 4185 in
3080 4146 3299 4185 crucem

80 4222 207 4279 etiam
251 4230 347 4284 acti
404 4239 561 4286 sunt.
613 4228 858 4295 Quorum
910 4229 1183 4284 nemiuem
1225 4229 1367 4299 apud
1415 4228 1633 4283 Graecos
1688 4228 1921 4281 similem
1968 4225 2255 4294 reperias;
2320 4228 2423 4279 hoc
2466 4233 2526 4277 ut
2563 4225 2757 4279 merito
2806 4224 2913 4280 dici
2960 4233 3141 4295 queat,
3171 4225 3297 4294 phi-

80 4316 314 4388 losophum
347 4323 453 4378 hoc
483 4324 752 4380 orationis
799 4338 995 4395 genere
1043 4322 1195 4377 aliud
1258 4323 1434 4392 egisse
1487 4323 1639 4386 nihil,
1681 4336 1845 4391 quam
1880 4330 1937 4373 ut
1985 4328 2203 4372 nostros
2259 4318 2535 4387 quondam
2577 4319 2718 4382 illos,
2757 4318 3034 4388 religionis
3064 4332 3129 4371 ac
3158 4332 3300 4371 vera:

79 4407 260 4474 iustitia:
282 4416 439 4471 laude
468 4416 815 4471 clarissimos
842 4414 1183 4485 praediceret.

552 4507 947 4562 ΚΕΦΑΛΛΙΟΝ
990 4507 1094 4559 lA'.
1650 4506 1693 4559 D

1650 4506 1693 4559 ι)
2320 4493 2549 4551 CAPUT
2589 4493 2677 4547 xu.

216 4600 339 4669 Περὶ
379 4601 491 4655 τοῦ
538 4600 689 4654 κατὰ
714 4598 973 4653 Μωῦσέα
1006 4598 1399 4668 παραδείσου.

1284 4613 1399 4651 rov.
2191 4589 2267 4642 De
2313 4587 2509 4657 Moysis
2530 4586 2800 4655 paradiso.

129 4689 374 4756 Μωῦσέως
408 4694 555 4747 κατά
580 4708 733 4757 τινας
762 4693 1113 4763 ἀπορῤήτους
1147 4691 1337 4759 λόγους
1386 4692 1442 4741 έν
1472 4690 1612 4759 ἀρχῇ

1797 4686 1912 4741 Sub
1947 4685 2063 4754 ipsa
2094 4682 2297 4737 conditi
2328 4680 2516 4734 mundi
2546 4678 2839 4742 cunabula,
2865 4676 2957 4731 Dei
2984 4681 3293 4748 paradisum

78 4775 151 4844 τῆς
182 4781 261 4833 τοῦ
300 4784 510 4854 κόσμου
558 4782 890 4847 συστάσεως,
930 4782 1065 4835 Θεοῦ
1114 4799 1234 4834 τινα
1287 4779 1594 4850 παράδεισο·

1780 4781 1959 4849 iquem
1988 4775 2287 4840 exstitisse,
2321 4771 2411 4826 ubi
2440 4771 2603 4825 homo
2638 4785 2668 4823 a
2698 4779 2946 4840 serpente
2974 4785 3068 4841 per
3100 4772 3296 4827 mulie—

78 4872 310 4934 γεγονέναι
355 4876 581 4943 φάντος,
611 4875 713 4927 κάν
765 4874 942 4944 τούτῳ
964 4874 1057 4926 τὸν
1084 4872 1371 4943 ἄνθρωπον
1398 4872 1580 4941 ἡπατῆ

1779 4886 1838 4925 ειη
1890 4870 1944 4923 in
1993 4867 2241 4921 fraudem
2283 4864 2538 4918 inductus
2589 4860 2791 4926 fuerit,
2842 4860 3054 4934 Moyses
3098 4878 3295 4919 arcana

81 4960 177 5015 σθαι
227 4966 308 5021 διὰ
346 4970 447 5041 τῆς
487 4969 745 5037 γυναικὸς
804 4967 944 5039 πρὸς
973 4966 1069 5022 τοῦ
1113 4967 1311 5037 ὄφεως·
1353 4965 1597 5036 ἄντικρυς

1778 4960 1961 5014 tadam
1996 4958 2243 5013 oratione
2278 4962 2691 5009 commemorat.
2722 4952 2896 5023 Hujus
2924 4953 3084 5008 verba
3115 4954 3294 5023 palam

83 5062 316 5129 μονονουχὶ
351 5061 421 5115 τὰ
461 5063 682 5134 ῥήματα
723 5063 1091 5133 μεταποιήσας
1129 5063 1158 5114 ό
1206 5060 1452 5120 Πλάτων,
1482 5058 1599 5112 ena-

1781 5061 1932 5107 ntum
1963 5059 2017 5107 et
2050 5058 2237 5120 aperte
2268 5064 2375 5102 non
2428 5047 2733 5109 immutata,
2763 5046 2888 5099 audi
2920 5046 2996 5101 sis
3035 5048 3297 5117 quemad-

80 5159 236 5199 κουσον
290 5146 374 5205 οἷα
433 5154 494 5205 ὲν
548 5152 870 5221 Συμποσίῳ
925 5153 1019 5204 καὶ
1059 5149 1223 5211 αὐτὸς
1297 5147 1596 5218 ἀλληγορῶπ

1778 5145 1941 5200 odum
1986 5144 2040 5198 in
2091 5141 2368 5213 Symposio
2401 5138 2689 5209 allegorice
2740 5136 2891 5192 Plato
2940 5139 3291 5207 expresserit.

79 5238 296 5295 τέθεικεν·
333 5245 455 5297 ἀντὶ
500 5244 597 5315 μὲν
626 5244 718 5297 τοῦ
754 5243 1077 5313 παραδείσου
1117 5240 1209 5293 τοῦ
1239 5238 1396 5301 Θεοῦ,
1438 5238 1595 5305 κῆποι

1779 5252 1894 5292 uem
1935 5236 2081 5291 enim
2127 5234 2219 5288 ille
2262 5233 2357 5288 Dei
2403 5230 2741 5301 paradisum,
2782 5228 2931 5285 Jovis
2961 5229 3050 5284 hic
3076 5229 3295 5284 hortum

79 5329 175 5393 M3;
196 5334 474 5405 ὀνομάσας·
522 5336 640 5389 ἀντὶ
666 5335 723 5390 δὲ
758 5335 851 5389 τοῦ
878 5335 1053 5403 ὅφεως
1095 5332 1189 5387 καὶ
1220 5332 1319 5402 τῆς
1346 5330 1482 5401 πρὸς
1516 5330 1595 5382 αὑ-

1779 5328 2042 5397 ιροὶιιινὶι;
2070 5326 2349 5395 Serpentis
2384 5338 2447 5378 ac
2480 5324 2688 5378 fraudis
2704 5338 2800 5391 per
2813 5337 2937 5376 eum
2956 5324 3295 5376 concinnata:

81 5419 153 5471 τοῦ
186 5428 465 5498 γενομένης
496 5427 729 5498 ἀπάτης,
763 5426 959 5480 Πενίαν
998 5423 1449 5478 ἐπιϐουλεύουσαν
1480 5422 1597 5472 ὑπο-

1776 5435 1858 5485 co,
1909 5420 2257 5475 insidiantem
2312 5415 2696 5487 Paupertatem
2734 5413 3073 5469 introduxit:
3130 5414 3288 5484 primi

84 5508 285 5579 θέμενος·
319 5519 439 5571 ἀντὶ
464 5518 525 5570 δὲ
561 5516 653 5571 τοῦ
698 5516 913 5587 πρώτου
946 5515 1160 5587 ἀνδρὸς,
1182 5513 1241 5566 ὃν
1270 5515 1304 5583 ὴ
1336 5509 1429 5563 τοῦ
1476 5508 1600 5563 Θεοὶ

1772 5512 1957 5565 )minis
1986 5512 2118 5577 vice,
2155 5525 2315 5579 quem
2348 5509 2436 5563 Dei
2470 5507 2768 5575 consilium
2819 5523 2883 5562 ac
2933 5506 3288 5577 providentia,

139 5648 339 5709 “Hebr.
372 5671 451 5719 ιι,
478 5654 674 5717 57,38.
754 5653 797 5686 δ’
828 5655 848 5706 ι
882 5652 1009 5706 Cor.
1052 5665 1125 5715 Iv,
1149 5649 1204 5705 9.
1278 5648 1323 5679 '°
1358 5647 1487 5702 ibid.
1528 5646 1713 5701 11-13.

142 5768 233 5841 (65)
273 5774 372 5826 Ὠν
408 5771 476 5823 δὲ
502 5770 743 5835 δίκαιος.
772 5766 947 5823 Verba
972 5768 1109 5833 huic,
1142 5782 1170 5821 a
1202 5764 1440 5821 librariis
1473 5760 1857 5833 przetermissa,
1888 5774 1951 5814 ex
1976 5756 2199 5811 Platone
2226 5750 2614 5823 supplevimus.

364 5865 636 5927 Panos.
668 5863 785 5925 Litt.
824 5860 997 5920 XXI.
2954 5840 3026 5902 31
