3840 6370
475 224 575 279 9⁸⁷1

1119 223 1387 282 EUSEBII
1426 223 1912 280 CASSARIENSIS
1956 223 2106 278 OPP.
2153 221 2331 280 PARS
2380 223 2445 279 ll.
2488 251 2557 267 —
2598 222 3102 282 APOLOGETICA.

3622 232 3712 288 972

472 351 733 412 tanquam
793 342 966 397 lilium
1017 342 1182 412 paulo
1247 352 1375 396 ante
1419 352 1607 397 natum
1677 342 2046 412 produxerat,

2160 339 2322 414 μῆτίς
2347 359 2404 395 τε
2439 339 2528 396 καὶ
2558 342 2781 415 πρόνοια
2822 343 2936 396 υἱὸν
2985 341 3175 413 ὥσπερ
3213 342 3472 414 ἀρτιγενῆ
3511 347 3716 416 προύδὲ-

460 433 670 488 Porum
703 434 992 504 quemdam
1026 433 1272 500 Metidos,
1323 434 1426 488 hoc
1463 443 1548 488 est
1595 434 1826 500 consilii,
1875 436 2046 490 ﬁlium

472 524 745 596 subjecit:
796 539 896 596 pro
931 540 996 580 eo
1050 525 1306 595 denique,
1361 536 1419 580 ut
1465 526 1668 581 conditi
1721 527 1910 583 mundi
1947 527 2050 582 sub

473 618 742 674 cunabula
767 618 991 686 diceret,
1021 618 1122 674 sub
1147 617 1378 674 Veneris
1417 628 1598 674 ortum
1629 621 1809 676 dicere
1837 622 2047 688 maluit,

472 718 534 762 ιιι
559 703 663 763 hoc
689 708 960 779 allegoria:
991 723 1190 777 genere
1221 711 1410 765 mundi
1450 711 1685 780 speciem
1718 726 1782 766 ac
1808 711 2050 780 pulchri-

472 801 720 854 tudinem
776 800 1146 854 adumbraret.
1199 800 1290 857 Sic
1338 802 1503 871 igitur
1547 803 1613 857 ad
1662 804 1886 858 verbum
1935 805 2050 874 ipse

475 892 748 960 loquitur:
787 911 805 944 ι
829 890 1152 946 NataVenus
1181 909 1302 947 cum
1330 904 1491 957 esset,
1511 893 1672 966 585
1698 895 1891 966 inquit,
1913 911 2047 950 con-

477 985 682 1038 vivium
713 983 789 1038 dii
823 984 1188 1045 celebrarunt.
1208 999 1346 1054 quos
1374 985 1516 1040 inter
1553 985 1726 1042 Porus
1754 988 1916 1041 etiam
1941 987 2049 1042 Me-

473 1077 599 1130 tidis
632 1077 776 1131 ﬁlius
816 1076 1110 1131 discubuit.
1140 1075 1324 1132 Cumae
1351 1077 1454 1133 sub
1493 1078 1720 1139 exitum,
1749 1077 2048 1149 Paupertas

471 1184 560 1233 eo,
591 1177 777 1238 utpote
801 1168 1011 1222 lautum
1041 1169 1107 1223 ad
1135 1170 1377 1239 epulum,
1408 1169 1612 1239 aliquid
1641 1169 2045 1224 emendicatura

470 1277 592 1317 sese
651 1259 992 1327 contulerat,
1057 1262 1402 1332 haerebatque
1432 1263 1485 1315 in
1546 1261 1856 1318 vestibulo:
1921 1279 2044 1318 cum

469 1351 667 1415 Porus,
698 1361 918 1406 nectare
951 1352 1160 1417 ebrius,
1210 1353 1439 1408 necdum
1474 1355 1618 1409 enim
1653 1354 1836 1408 vinum
1877 1355 2044 1409 ullum

474 1453 614 1508 erat,
650 1440 802 1497 Jovis
842 1442 894 1495 in
930 1443 1146 1497 hortum
1189 1443 1489 1513 ingressus,
1545 1443 1656 1497 alto
1701 1457 1897 1497 somno
1925 1457 2047 1496 cor-

479 1537 697 1606 ripitur.
736 1533 833 1589 Hic
885 1533 1184 1605 Paupertas
1232 1536 1445 1590 occulte
1478 1550 1542 1589 ac
1589 1550 1686 1604 per
1737 1535 1962 1589 insidias
1993 1535 2044 1588 id

474 1644 663 1699 agens,
689 1638 748 1682 ut
777 1628 970 1696 inopia:
993 1627 1336 1682 sublevandas
1358 1643 1544 1690 causa,
1573 1627 1779 1698 prolem
1808 1643 1874 1682 ex
1904 1626 2045 1682 Poro

2156 433 2340 506 ϐλητο,
2377 436 2492 487 υἱὸν
2517 433 2755 506 Μήτιδος
2793 435 2964 505 Πόρον
3003 433 3370 497 ἀποκαλέσας·
3397 435 3515 487 ἀντὶ
3551 436 3600 488 δὲ
3637 441 3715 492 τοῦ

2157 525 2351 596 φάναι,
2410 525 2678 598 Ὀπηνίκα
2748 526 3034 578 συνίστατο
3086 525 3173 578 ὅδε
3235 527 3264 578 6
3328 525 3563 595 κόσμος,
3604 529 3716 582 Ὅτε

2157 617 2426 689 ὲγένετοή
2477 617 2787 690 Ἀφροδίτη,
2819 615 3010 679 εἰπὼν,
3077 617 3218 671 οὕτω
3275 617 3368 670 τὸν
3401 619 3597 688 κόσμον
3633 622 3718 674 ἀλ-

2156 708 2486 781 ληγορήσας,
2548 708 2641 762 τοῦ
2688 710 2816 780 περὶ
2863 708 3024 762 αὑτὸν
3077 708 3310 772 κάλλους
3343 710 3524 764 ἓνεκα.
3576 713 3718 778 Λέγει

2155 803 2199 856 δ’
2233 798 2324 856 οὖν
2349 803 2534 867 αὐτοῖς
2573 804 2814 874 ῥήμασιν
2860 794 2983 855 ὧδε’
3033 821 3050 852 ι
3109 802 3240 855 Ὅτε
3300 802 3516 870 ἐγένετο
3553 803 3655 874 (67)
3690 809 3718 876 ή

2169 891 2478 964 ’Δφροδίτη,
2515 891 2795 945 εἱστιῶντο
2829 894 2877 944 οἱ
2913 890 3044 953 θεοὶ,
3086 891 3140 943 οἳ
3174 906 3235 943 τε
3274 891 3425 945 ἄλλοι
3459 893 3551 945 καὶ
3578 896 3605 946 6
3635 896 3720 963 τῆς

2155 984 2390 1055 Μήτιδος
2420 985 2533 1047 υἱὸς
2575 985 2767 1054 Πόρος.
2809 983 3028 1054 Ἐπειδὴ
3057 983 3112 1036 δὲ
3141 983 3487 1054 ἐδείπνησαν,
3517 1003 3723 1055 προσαι-

2154 1076 2413 1146 τήσουσα,
2449 1073 2537 1131 οἷα
2563 1077 2624 1149 δὴ
2653 1078 2885 1147 εὐωχίας
2906 1075 3096 1146 οὔσης,
3123 1077 3350 1146 ἀφίκετο
3380 1079 3411 1148 ή
3441 1079 3622 1142 Πενία,
3640 1081 3722 1133 καὶ

2152 1162 2219 1237 ἦν
2257 1169 2385 1240 περὶ
2435 1169 2533 1233 τὰς
2586 1168 2775 1240 θύρας.
2827 1170 2887 1222 '0
2949 1165 3042 1222 οὖν
3090 1168 3262 1240 Πόρος
3311 1170 3593 1241 μεθυσθεὶς
3638 1171 3722 1225 τοῦ

2153 1260 2442 1333 νέκταρος,
2474 1257 2616 1325 οἶνος
2637 1264 2748 1334 γὰρ
2774 1262 2927 1316 οὔπω
2958 1258 3047 1333 ἦν,
3101 1263 3179 1325 εἰς
3209 1263 3302 1314 τὸν
3349 1261 3444 1314 τοῦ
3487 1264 3603 1327 Διὸς
3638 1264 3726 1335 κῆρ

2155 1371 2255 1406 πον
2281 1352 2557 1418 εἰσελθὼν,
2628 1351 2998 1426 βεϐαρημένος
3053 1348 3225 1406 εἶιδεν.
3282 1354 3346 1406 Ἦ
3406 1349 3498 1407 οὖν
3547 1354 3720 1416 Πενία,

2153 1445 2584 1500 ἐπιϐουλεύουσα
2620 1446 2708 1500 διὰ
2737 1448 2834 1518 τὴν
2873 1444 3041 1514 αὐτῆς
3072 1444 3306 1516 ἀπορίαν
3338 1446 3546 1498 παιδίον
3578 1450 3722 1517 ποιή-

2155 1537 2349 1590 σασθαι
2375 1539 2439 1591 ὲκ
2467 1538 2562 1592 τοῦ
2603 1539 2802 1610 Πόρου,
2860 1536 3244 1592 κατακλίνεταί
3273 1553 3332 1588 τε
3398 1538 3525 1606 παρ’
3553 1538 3721 1607 αὐτῷ,

2153 1630 2246 1682 καὶ
2271 1629 2468 1701 ἐκύησε
2501 1631 2592 1683 τὸν
2643 1632 2881 1702 Ἔρωτα.
2928 1651 2945 1682 ι
2971 1629 3206 1683 Τοιαῦτα
3256 1628 3352 1699 μὲν
3379 1627 3441 1701 δή
3499 1646 3615 1683 τινα
3641 1633 3723 1683 καὶ

473 1721 792 1791 susciperet,
824 1719 980 1789 juxta
1011 1719 1162 1773 illum
1194 1719 1469 1786 accubuit,
1523 1721 1889 1790 Amoremque
1916 1735 2046 1774 con-

2156 1723 2208 1775 ὲν
2242 1723 2447 1788 τούτοις
2501 1725 2530 1777 6
2579 1724 2800 1777 Πλάτων
2831 1725 3085 1795 ἐμφερῶς
3149 1723 3372 1776 Μωῦσεῖ
3421 1721 3720 1795 ὑπῃνίξατο.

470 1819 630 1888 cepit.
695 1837 714 1870 ι
769 1816 893 1871 Haec
947 1816 1098 1885 ipse,
1167 1816 1368 1885 quibus
1411 1832 1541 1871 sane
1601 1827 1836 1871 mentem
1894 1815 2040 1870 illam
2079 1815 2302 1888 Moysis,
2352 1820 2688 1874 subobscure
2713 1821 2856 1884 licet,
2899 1822 3186 1892 expressit.

1069 1909 1299 1966 CAPUT
1330 1907 1444 1963 Xll.

473 2009 550 2062 Ab
584 2018 801 2077 utroque
834 2007 1030 2068 doceri,
1067 2003 1336 2056 mulierem
1381 2017 1445 2054 ex
1469 2002 1578 2055 viro
1617 2009 1878 2070 sumptam
1914 2015 2044 2054 esse.

542 2102 807 2156 Praeterea
839 2099 982 2168 quod
1015 2099 1090 2151 ait
1118 2095 1352 2167 Moyses,
1406 2113 1423 2144 ι
1455 2093 1584 2148 Ade:
1619 2107 1747 2146 vero
1797 2107 1904 2145 non
1931 2101 2049 2146 erat

473 2195 689 2263 adjutor
712 2191 906 2246 similis
937 2190 1075 2259 ejus.
1116 2187 1180 2243 Et
1229 2187 1454 2242 immisit
1511 2185 1654 2240 Deus
1699 2185 1959 2241 exstasim
1992 2187 2046 2240 in

475 2289 686 2357 ipsum,
743 2292 796 2338 et
851 2282 1048 2352 sopivit
1072 2297 1238 2336 eum:
1291 2280 1522 2349 tulitque
1556 2295 1720 2333 unam
1767 2279 1834 2333 de
1879 2279 2046 2334 costis

476 2381 616 2448 ejus,
647 2387 699 2432 et
741 2376 967 2447 replevit
997 2390 1214 2429 carnem
1265 2387 1363 2442 pro
1397 2387 1480 2426 ea.
1529 2370 1595 2426 Et
1626 2370 1912 2426 aediﬁcavit
1941 2372 2046 2425 Do-

476 2470 657 2524 minus
701 2466 845 2523 Deus
891 2475 1120 2528 costam,
1172 2479 1336 2533 quam
1386 2464 1582 2517 tulerat
1629 2461 1697 2516 de
1741 2462 1935 2528 Adam,
1989 2463 2043 2515 in

475 2560 875 2615 mulierem“.i
911 2558 964 2612 ιιι
995 2556 1166 2620 Plato,
1211 2555 1333 2609 licet
1361 2569 1470 2624 quo
1499 2569 1663 2608 sensu
1690 2553 1893 2608 dictmn
1928 2551 2045 2607 fue-

472 2653 566 2718 rit,
597 2654 890 2722 ignoraret,
921 2650 1019 2703 abs
1045 2662 1164 2702 sese
1192 2656 1368 2700 tamen
1397 2643 1641 2700 auditqu
1672 2643 1842 2700 fuisse
1865 2643 2041 2714 palam

473 2745 726 2800 ostendit.
786 2731 1107 2812 Quanquam
1145 2737 1534 2808 Aristophani,
1566 2737 1682 2808 qui,
1729 2743 1917 2806 utpote
1957 2751 2051 2790 co-

478 2837 801 2891 Inmdiarum
832 2835 1083 2903 scriptor,
1114 2848 1202 2887 res
1235 2833 1398 2886 etiam
1426 2828 1782 2901 gravissimas
1809 2827 2055 2883 deridere

475 2941 873 2993 consueverat,
931 2928 1079 2981 hunc
1134 2937 1442 2980 sermonem
1494 2920 1705 2976 tribuit.
1761 2917 1853 2974 Sic
1908 2919 2052 2974 enim

477 3023 628 3075 illum
660 3021 714 3073 in
764 3019 1011 3074 Convivia
1063 3016 1373 3084 loquentem
1427 3011 1574 3066 facit.
1630 3030 1649 3062 ι
1689 3010 1768 3064 Ac
1813 3011 2051 3080 primum

474 3115 715 3185 quidem,
757 3112 973 3182 inquit,
1013 3115 1264 3163 naturam
1314 3107 1611 3160 humanam
1644 3103 1873 3174 ejusque
1919 3120 2049 3159 con-
2075 3089 2117 3146 (ἶ

473 3209 704 3262 ultiones
738 3219 898 3259 nosse
930 3217 1027 3256 vos
1058 3208 1288 3270 oportet.
1323 3195 1510 3267 Neque
1538 3195 1682 3251 enim
1711 3195 1900 3250 eadem
1930 3211 2052 3264 quae

476 3313 621 3353 nunc
655 3303 758 3358 est,
810 3302 1004 3346 natura
1054 3290 1183 3345 olim
1221 3295 1408 3342 nostra
1441 3285 1561 3348 fuit,
1612 3285 1705 3340 sed
1755 3285 1913 3354 longe
1961 3285 2049 3338 di-

475 3404 654 3442 versa.
713 3384 954 3438 Primum
1024 3381 1169 3434 enim
1232 3393 1428 3448 genera
1495 3375 1775 3431 hominum
1834 3375 2052 3430 fuerunt

479 3478 704 3531 numine
732 3475 854 3538 tria,
908 3486 1014 3526 non
1051 3471 1160 3524 duo
1209 3479 1442 3530 tantum,
1495 3468 1572 3520 uti
1606 3476 1733 3521 sunt
1774 3466 1878 3520 hoc
1911 3475 2048 3520 tem-

478 3586 626 3642 pore,
653 3584 773 3623 mas
795 3583 860 3622 ac
891 3566 1088 3619 femina
1118 3583 1130 3618 :
1163 3562 1254 3617 sed
1285 3562 1501 3615 tertium
1531 3561 1752 3630 insuper
1777 3569 1893 3613 erat
1924 3575 2046 3612 cum

479 3673 712 3731 utroque
749 3673 1080 3720 commune;
1121 3656 1267 3725 quod
1315 3654 1462 3707 nudo
1488 3660 1698 3708 tantum
1728 3651 1918 3706 relicto
1947 3667 2048 3705 no-

479 3756 646 3817 mine,
680 3768 906 3822 prorsus
929 3749 1166 3804 evanuit.
1196 3748 1333 3803 Tum
1361 3748 1504 3802 enim
1536 3746 1910 3815 androgynum
1933 3754 2051 3799 erat

478 3858 587 3899 tam
621 3845 816 3908 forma,
872 3859 1036 3912 quam
1087 3842 1328 3903 nomine,
1383 3856 1448 3894 ex
1506 3850 1736 3909 utroque
1788 3840 1955 3895 maris
1985 3853 2050 3893 ac

481 3939 694 3993 (culina:
729 3951 858 3990 sexu
905 3934 1221 3989 conﬂatum.
1267 3952 1285 3983 ι
1328 3933 1588 4002 Deinceps
1623 3947 1775 3987 more
1826 3946 1926 3988 suo
1957 3945 2049 3986 ca-

475 4027 853 4093 villatus,ha2c
885 4025 1064 4079 addit:
1100 4045 1117 4076 4
1160 4023 1388 4078 Huncin
1413 4024 1633 4078 modum
1663 4023 1878 4079 locutus
1905 4022 2048 4092 apud

475 4137 600 4176 eum
635 4119 864 4190 Jupiter,
900 4117 1152 4172 bifariam
1199 4117 1446 4170 homines
1497 4115 1702 4178 secuit.
1747 4125 1808 4170 ut
1841 4116 1934 4186 qui
1965 4114 2048 4170 vel

482 4213 759 4268 auriculas
809 4209 1100 4267 condiendi
1149 4209 1334 4262 animo
1379 4208 1738 4272 abscinderet,
1789 4209 1872 4263 vel
1923 4207 2047 4278 pilis

476 4321 576 4359 ova
609 4305 889 4358 divideret.
922 4303 1100 4370 Atque
1138 4300 1184 4354 is
1220 4309 1279 4352 ut
1317 4313 1586 4367 quemque
1617 4306 1888 4363 secuerat,
1921 4299 2047 4354 huic

477 4393 779 4462 Apollinem
807 4391 1052 4460 jnbebat,
1097 4389 1306 4442 vultum
1357 4390 1697 4459 cervicisque
1733 4389 2042 4454 dimidium,
2080 4439 2120 4492 ὓ

477 4498 597 4537 eam
632 4485 684 4537 in
715 4493 919 4553 partem
950 4498 1056 4552 qua
1085 4489 1267 4536 sectus
1289 4490 1436 4538 esset
1480 4491 1815 4546 convertere,
1846 4490 1906 4536 ut
1933 4497 2046 4537 sua:

479 4575 642 4644 hujus
699 4575 957 4630 sectionis
1008 4583 1266 4644 aspectu,
1320 4573 1619 4628 modestior
1663 4573 1829 4628 homo
1876 4574 2044 4629 ﬁeret.

475 4662 615 4718 Tum
649 4664 860 4718 caeteris
887 4679 1008 4717 eum
1033 4678 1251 4734 quoque
1281 4664 1484 4718 mederi
1510 4663 1699 4734 jussit.
1735 4683 1753 4717 ι

547 4780 587 4812 ⁵³
629 4779 762 4836 Ceu.
795 4796 849 4842 ιι,
891 4779 1085 4832 20-22.

549 4871 658 4943 (67)
701 4871 826 4924 Ὅτε
875 4871 1128 4942 ἐγένετο.
1179 4870 1334 4924 Plato
1362 4871 1423 4943 Ain
1460 4870 1728 4937 Convivia,
1763 4872 2042 4943 paga598.

475 4941 648 4996 Porro
685 4943 888 5012 fabulae
922 4943 1083 5012 hujus
1123 4941 1536 5012 explicationem
1591 4943 1732 5010 apud
1772 4941 2042 4997 Plotinum

477 5015 643 5080 leges,
672 5011 914 5066 Ennead.
947 5011 1068 5073 III,
1101 5011 1299 5075 lib.’vi,
1337 5029 1369 5066 a
1401 5013 1576 5080 capite
1611 5012 1678 5066 ad
1708 5013 1828 5066 libri
1857 5012 2041 5066 ﬁlium.

476 5084 702 5137 Summa
739 5092 842 5137 est.
875 5082 1136 5137 Venerem
1183 5082 1280 5152 τὴν
1328 5083 1504 5152 ψυχήν
1551 5098 1670 5137 esse
1704 5084 1862 5136 doet-t
1891 5098 1903 5134 ε
1937 5081 2044 5135 Po-

475 5170 630 5219 rum,
674 5153 784 5207 τῶν
834 5153 1049 5206 πάντων
1083 5151 1276 5221 λόγον,
1318 5151 1504 5206 Jovem
1555 5153 1828 5223 βασιλικὸν
1877 5153 2040 5206 Νοῦν.

474 5223 598 5279 Pori
626 5225 939 5279 ebrietatem
966 5223 1121 5294 λόγον
1147 5225 1255 5276 ἀπὸ
1284 5223 1588 5294 κρείττονος
1611 5224 1786 5294 ἀρχῆς
1813 5223 2045 5279 πεσόντα

471 5295 542 5349 τὰ
571 5298 652 5359 είς
677 5294 959 5348 ἐλάττον’
986 5293 1136 5349 Jovis
1168 5297 1384 5348 hortum
1411 5332 1427 5362 ,
1459 5294 1602 5362 quod
1643 5293 1832 5348 hortus
1865 5295 2043 5349 omnis

474 5366 752 5435 ἀγλάϊσμα
785 5366 874 5432 sit,
900 5365 993 5418 καὶ
1019 5365 1245 5435 πλούτου
1272 5361 1718 5435 ἐγκαλλώπισμα,
1754 5363 1900 5435 aliud
1924 5379 2044 5419 esse

475 5432 609 5506 nihil
654 5432 818 5504 quam
861 5435 930 5488 τὰ
959 5437 1126 5506 παρὰ)
1151 5433 1244 5488 τού
1289 5433 1380 5487 νοῦ
1414 5433 1578 5506 αὐτού
1616 5432 1696 5497 εἰς
1726 5432 1824 5504 τὴν
1866 5433 2042 5506 ψυχὴν

477 5503 698 5576 ἐλθόντα
730 5503 1095 5576 ἀγλαῖσματα,
1117 5505 1221 5559 hoc
1248 5514 1350 5570 est,
1370 5504 1497 5566 τοὺς
1522 5503 1733 5576 λόγους,
1764 5503 1889 5568 τοὺς
1911 5503 2041 5576 παρ’

477 5575 639 5627 αὖτοῦ
674 5575 1236 5644 ῥυένταςέΑηιοτθω,
1270 5576 1445 5644 ipsum
1465 5575 1671 5644 anima:
1707 5575 2038 5629 desiderium

480 5645 615 5716 πρὸς
654 5642 716 5696 τὸ
761 5648 1024 5714 κρεῖττον,
1075 5642 1328 5716 είινΡοτρ
1368 5654 1421 5716 et
1464 5642 2036 5716 Pauper-latenatum,

479 5710 604 5787 quia
640 5710 854 5785 μετέχει
894 5716 993 5787 μὲν
1038 5715 1270 5781 ἐνδείας,
1363 5710 1697 5786 πληροῦσθαι
1734 5713 1906 5782 θέλει,
1940 5718 2038 5769 οὐκ

2680 1911 3073 1965 ΚΕΦΑΛΑΙΟΝ
3109 1912 3205 1964 lB’.

2166 2000 2259 2066 Ὠς
2286 2002 2355 2055 ἐκ
2394 2001 2502 2056 τοῦ
2532 2001 2752 2070 ἀνδρός
2775 2019 2966 2072 φασιν
2989 2003 3268 2072 εἰλῆφθαι
3317 2003 3433 2069 τὴν
3461 2003 3722 2073 γυναῖκα.

2225 2095 2394 2148 Πάλιν
2421 2096 2703 2167 εἰρηκότος
2738 2097 3034 2159 Μωῦσέως,
3077 2115 3094 2146 ε
3127 2095 3216 2166 Τῷ
3246 2097 3302 2148 δὲ
3339 2097 3510 2166 Ἀδὰμ
3535 2097 3631 2149 οὒκ

2159 2185 2350 2257 βοηθὸς
2395 2187 2577 2257 ὅμοιος
2603 2185 2765 2255 αὐτῷ.
2805 2186 2914 2239 Καὶ
2943 2186 3207 2239 ἐπέϐαλεν
3247 2189 3274 2239 6
3320 2188 3453 2252 Θεὸς
3481 2189 3725 2241 ἔκστασιν

2151 2279 2238 2332 ἐπ’
2291 2280 2478 2343 αύτον,
2531 2280 2627 2332 καὶ
2681 2282 3008 2348 ἀφυπνωσε,
3059 2280 3154 2332 καὶ
3220 2280 3378 2333 ἔλαϐε
3444 2282 3572 2350 μίαν
3627 2281 3726 2333 τὼν

2151 2372 2400 2444 πλευρῶν
2428 2372 2612 2436 αὐτοῦ,
2643 2373 2736 2425 καὶ
2767 2373 3118 2443 ἀνεπλήρωσε
3159 2373 3335 2444 σάρκα
3391 2376 3506 2426 ἀντ’
3540 2375 3723 2443 σῆς.

2150 2464 2262 2517 Καὶ
2289 2464 2606 2535 ᾠκοδόμησε
2655 2465 2855 2536 Κύριος
2875 2467 2902 2518 6
2928 2465 3060 2524 Θεὸς
3088 2466 3185 2537 τὴν
3223 2466 3482 2537 πλευρὰν,
3523 2469 3590 2536 ἣν
3616 2467 3729 2520 ἔλα-

2150 2559 2242 2610 ϐεν
2281 2559 2387 2611 ἀπὸ
2416 2558 2511 2611 τοῦ
2558 2559 2746 2628 Ἀδὰμ,
2789 2560 2869 2620 εἰς
2907 2562 3195 2627 γυναῖκαη
3231 2559 3304 2631 μὴ
3338 2561 3518 2622 συνεὶς
3543 2563 3571 2613 6
3602 2560 3728 2613 Πλά⁴

2150 2668 2256 2703 των
2317 2650 2476 2723 ὁποίᾳ
2520 2652 2734 2723 εἴρηται
2792 2650 3020 2721 διανοίᾳ,
3070 2651 3230 2721 δῆλος
3280 2653 3379 2722 μὲν
3431 2652 3582 2706 ἔστιν
3637 2653 3727 2705 οὐκ

2149 2743 2421 2812 ἀγνοήσας
2447 2742 2538 2795 τὸν
2582 2742 2756 2810 λόγον’
2795 2743 3168 2812 Ἀριστοφάνει
3211 2743 3255 2796 δ’
3285 2744 3468 2806 αὑτὸν,
3501 2739 3590 2796 οἷα
3631 2762 3728 2796 κω-

2153 2834 2315 2905 μῳδῷ
2339 2835 2620 2905 χλευάζειν
2651 2834 2860 2888 εἰωθότι
2890 2837 2982 2888 καὶ
3039 2835 3104 2888 τὰ
3133 2853 3187 2888 σε
3199 2836 3304 2905 μνά
3343 2835 3453 2889 τῶν
3480 2836 3728 2905 πραγμά-

2149 2944 2279 2991 των,
2311 2927 2648 2998 ἁνατίθησιν,
2674 2930 2732 2980 έν
2779 2930 3102 2997 Συμποσίῳ
3128 2930 3252 2982 τάδε
3305 2927 3536 2995 λέγοντα
3573 2929 3725 2980 ain-iv

2151 3020 2404 3089 εἰσάγων·
2464 3039 2483 3070 ι
2515 3023 2605 3073 Δεῖ
2659 3021 2715 3074 δὲ
2766 3021 2980 3092 πρῶτον
3019 3020 3128 3091 (68)
3186 3022 3330 3089 ὑμᾶς
3389 3020 3582 3090 μαθεῖν
3637 3021 3726 3090 τὴν

2151 3114 2497 3186 ἀνθρωπίνην
2537 3114 2696 3184 φύσιν
2729 3116 2825 3168 καὶ
2857 3116 2924 3169 τά
2963 3116 3260 3186 παθήματα
3294 3117 3485 3186 αὐτῆς.
3530 3117 3595 3169 Ἡ
3628 3117 3726 3185 γὰρ

2153 3205 2498 3276 πάλαιήμῶν
2547 3207 2707 3276 φύσις
2757 3207 2855 3276 οὐχ
2910 3208 2942 3277 ἡ
3000 3207 3135 3276 αὑτὴ
3162 3203 3396 3278 ἦτιερ
3449 3208 3566 3270 νῦν,
3602 3208 3726 3260 ἀλλὰ

2151 3297 2283 3368 ἄλλη
2321 3298 2451 3368 (69).
2519 3297 2740 3369 Πρῶτον
2774 3298 2870 3368 μὲν
2903 3297 3011 3368 γάρ
3038 3299 3162 3369 τρία
3220 3295 3290 3369 ἦν
3325 3298 3394 3350 τὰ
3435 3299 3569 3368 γένη

2149 3386 2472 3458 ἀνθρώπων,
2515 3389 2613 3458 οὐχ
2655 3386 2845 3458 ὥσπερ
2901 3387 2999 3441 νῦν
3054 3387 3170 3452 δύο,
3214 3390 3382 3458 ἄρρεν
3424 3392 3520 3441 καὶ
3576 3390 3722 3460 θῆλυ.

2150 3476 2288 3530 ἀλλά
2335 3477 2518 3549 τρίτον
2576 3482 2823 3550 προσῆν,
2887 3477 3062 3531 κοινὸν
3125 3479 3452 3549 ἀμφοτέρων
3505 3481 3724 3540 τούτων,

2148 3563 2222 3623 ὧν
2259 3567 2371 3640 (70)
2394 3569 2487 3622 νῦν
2518 3569 2686 3640 ὄνομα
2737 3570 2940 3634 λοιπὸν,
2976 3571 3106 3623 αὐτὸ
3157 3571 3214 3623 δὲ
3261 3573 3579 3639 ἠφάνισται.
3619 3573 3727 3625 Ἀν-

2149 3659 2403 3731 δρόγυνον
2445 3659 2553 3732 γὰρ
2581 3659 2699 3713 τότε
2728 3660 2826 3730 μὲν
2852 3656 2939 3730 ἦν,
2977 3661 3069 3714 καὶ
3122 3656 3280 3723 εἶδος,
3325 3663 3418 3714 καὶ
3460 3663 3635 3733 ὗνομα
3670 3661 3727 3726 ἐξ

2149 3751 2470 3822 ἀμφοτέρων
2501 3751 2698 3817 κοινὸν,
2734 3751 2828 3805 τοῦ
2858 3770 2917 3805 τε
2953 3755 3176 3824 ἄρρενος
3199 3753 3292 3806 καὶ
3321 3753 3415 3806 τοῦ
3450 3755 3660 3824 θήλεος.
3701 3773 3720 3804 ι

2150 3839 2260 3896 Εἴθ’
2285 3842 2411 3913 ἑξῆς
2439 3843 2702 3915 διασύρας
2735 3843 2804 3897 τὰ
2831 3843 2980 3914 αὐτῷ
3004 3843 3228 3915 συνήθη,
3261 3843 3513 3914 ἐπιφέρει
3533 3844 3721 3913 λέγων·

2155 3954 2173 3986 ι
2215 3933 2376 3988 Ταῦτ’
2398 3934 2565 3988 εἰπὼν
2591 3937 2619 3988 6
2673 3935 2801 4008 παρ’
2829 3936 2976 4006 αὐτῷ
3029 3938 3182 3999 Ζεὺς,
3251 3935 3440 4005 ἔτεμνε
3475 3938 3605 4000 τοὺς
3635 3937 3723 3989 ἁν-

2151 4026 2400 4101 θρώπους
2420 4029 2563 4099 δίχα,
2592 4028 2780 4099 ὥσπερ
2811 4031 2859 4082 οἱ
2895 4028 2963 4082 τὰ
3016 4023 3131 4082 ὦτα
3163 4029 3272 4098 (71)
3320 4029 3613 4095 τέμνοντες
3639 4028 3723 4079 καὶ

2153 4120 2436 4190 μέλλοντες
2457 4121 2784 4191 ταριχεύειν,
2814 4120 2847 4190 ἢ
2877 4120 3068 4191 ὥσπερ
3095 4121 3144 4173 οἱ
3175 4121 3239 4173 τὰ
3273 4120 3355 4172 ὼά
3383 4123 3501 4182 ταῖς
3529 4119 3720 4191 Θριξίν.

2141 4212 2371 4264 “Ov-uva
2431 4212 2488 4264 δὲ
2547 4211 2724 4282 τέμοι,
2771 4210 2862 4264 τὸν
2926 4210 3233 4264 Ἀπόλλωνα
3281 4210 3504 4264 ἐκέλευε
3551 4211 3618 4262 τό
3667 4226 3721 4262 τε

2142 4304 2434 4374 ’πρόσωπον
2472 4307 2864 4375 μεταστρέφειν
2914 4305 3008 4357 καὶ
3051 4303 3111 4356 τὸ
3153 4302 3248 4355 τοῦ
3297 4302 3525 4372 αὐχένος
3553 4304 3724 4372 ἣμισυ

2150 4395 2283 4465 πρὸς
2310 4395 2408 4466 τὴν
2433 4394 2603 4466 τομὴν
2629 4395 2862 4464 (72),ἴνα
2896 4394 3163 4465 θεώμενος
3189 4395 3287 4465 τὴν
3310 4393 3477 4446 αὑτοῦ
3503 4395 3719 4464 τμῆσιν,

2153 4485 2516 4558 κοσμιώτερος
2575 4489 2660 4558 εἴη
2698 4489 2726 4540 6
2760 4486 3063 4558 ἄνθρωπος·
3101 4503 3195 4540 και
3225 4485 3292 4538 τά
3346 4484 3483 4540 ἄλλα
3546 4485 3723 4540 ἰᾶσθαι

2150 4578 2448 4630 ἐκέλευεν.»

2146 4869 2370 4940 ἄμοιρον
2398 4869 2442 4922 δ’
2460 4868 2718 4941 εύπορίας
2744 4869 2912 4941 ἐστὶν,
2997 4863 3057 4923 οὗ
3080 4868 3189 4939 ἔχει
3206 4870 3268 4921 τὸ
3288 4869 3532 4941 ἐλλεῖπον
3547 4867 3717 4941 ζητεῖ.

2218 4937 2328 5009 (68)
2369 4941 2461 4993 Δεῖ
2493 4938 2560 4992 δὲ
2601 4937 2855 5008 πρῶτον.
2890 4937 3044 4995 Plato
3090 4937 3144 4993 in
3191 4952 3382 4994 eodem
3436 4937 3716 5005 Convicio,

2146 5026 2264 5080 pag.
2295 5009 2398 5080 5‘22
2430 5009 2620 5064 Ficini.

2216 5079 2326 5152 (eo)
2370 5079 2541 5152 [’lato.
2574 5080 2780 5152 ἀλλοία.

2218 5147 2328 5219 (70)
2364 5149 2540 5219 Plato,
2571 5147 2650 5204 οὗ.

2215 5216 2326 5293 (71)
2360 5216 2524 5275 Ὦτα.
2546 5220 2856 5293 ,Ριειιοιώὼ
2889 5220 2982 5293 sed
3014 5222 3154 5277 linea
3181 5229 3466 5293 sequente,
3488 5221 3716 5293 habetur

2143 5289 2244 5345 ὠά.
2281 5290 2420 5346 Sunt
2447 5291 2646 5362 quibus
2669 5291 2827 5363 ζῶα,
2867 5292 2949 5346 vel
2987 5293 3131 5346 νῶτα
3156 5289 3384 5363 placeat.
3431 5289 3543 5361 Ego
3584 5292 3712 5363 nitnl

2143 5361 2473 5417 mutandum
2497 5361 2714 5432 putavi,
2757 5378 2864 5416 non
2892 5363 3036 5431 quod
3065 5361 3224 5418 aures
3258 5363 3508 5417 bifariam
3537 5362 3712 5416 secari

2141 5433 2357 5502 dixerit,
2382 5432 2476 5488 sed
2503 5433 2649 5502 quod
2681 5434 2868 5487 eadem
2895 5433 3157 5488 facilitate
3191 5443 3398 5502 partem
3426 5447 3712 5500 utramque

2140 5501 2348 5573 Jupiter
2393 5501 2669 5574 diviserit,
2717 5517 2822 5570 qua
2874 5505 3100 5573 gemime
3151 5501 3312 5558 aures
3363 5505 3711 5574 postmodum

2140 5573 2454 5629 condienda
2483 5581 2815 5627 secarentur.

2211 5643 2322 5715 (72)
2357 5641 2582 5715 Tamir.
2632 5641 2709 5697 Ita
2756 5642 2945 5715 l-‘lato,
2967 5652 3021 5696 et
3065 5652 3245 5710 recte,
3279 5644 3445 5715 τιμήν
3476 5643 3632 5698 τοίω
3656 5642 3711 5696 in

2141 5715 2212 5770 al.
2237 5713 2473 5770 editione
2504 5729 2781 5784 perperam
2822 5713 3109 5784 legebatur.
