3840 6370
1078 435 1308 491 CAPUT
1347 435 1463 490 XV.

653 531 1107 600 Quemadmodum
1139 531 1291 582 ambo
1322 528 1508 580 diluvii
1543 527 1892 580 meminerint.

552 624 764 695 Moyses
796 636 918 676 cum
953 620 1008 674 in
1040 618 1220 688 legum
1244 615 1557 670 hominibus
1580 613 1925 669 ferendarum
1958 627 2055 665 co-

480 716 742 786 gitatione
774 720 1102 773 versaretur,
1140 724 1322 764 rerum
1371 707 1472 762 sibi
1508 706 1856 777 antiquarum
1905 719 2057 760 com-

481 805 948 866 memorationem,
1006 802 1126 872 ipso
1180 800 1362 855 statim
1416 799 1642 854 exordio
1692 796 2059 852 necessariam

480 898 709 968 putavit.
775 895 1018 950 Primum
1067 894 1250 963 itaque
1303 891 1531 956 diluvii,
1585 901 1747 961 atque
1778 889 2057 945 hominum

479 991 573 1060 qui
603 991 670 1044 ab
706 1004 770 1044 eo
805 988 1153 1050 exstiterunt,
1178 986 1301 1040 vita:
1324 984 1604 1051 meminit;
1640 992 1752 1038 tum
1787 982 2060 1052 antiquio—

479 1098 600 1136 rum
646 1082 809 1136 etiam
859 1080 1232 1143 llebrasorum,
1286 1093 1381 1133 seu
1427 1092 1566 1146 quos
1598 1075 1870 1146 praecipuo
1919 1073 2061 1128 Deus

477 1189 664 1228 amore
686 1171 966 1236 dilexerat,
985 1186 1085 1226 seu
1108 1185 1246 1240 quos
1272 1169 1589 1239 improbitas
1607 1177 1764 1224 notos
1793 1166 2062 1236 insignes-

476 1280 584 1336 que
612 1263 836 1331 fecerat,
886 1278 1070 1318 mores
1111 1262 1384 1332 exposuit,
1433 1271 1582 1314 ratus
1617 1258 1969 1328 coniunctum
2004 1256 2058 1310 in

473 1357 668 1428 primis
699 1371 823 1411 cum
851 1354 942 1422 iis,
971 1369 1107 1424 quas
1140 1369 1250 1424 pra:
1283 1352 1537 1406 manibus
1571 1350 1802 1405 habebat
1828 1349 2058 1419 legibus,

473 1451 579 1506 hoc
621 1449 866 1520 historiae
893 1462 1064 1518 genus
1102 1446 1368 1508 futurum.
1441 1444 1596 1497 Plato
1627 1442 1902 1506 similiter,
1933 1455 2058 1496 cum

473 1541 718 1596 animum
753 1539 818 1594 ad
863 1537 1184 1594 scribendas
1233 1537 1379 1607 leges
1423 1533 1678 1604 appellit,
1715 1531 1959 1586 eamdem
1996 1547 2060 1586 ac

472 1631 686 1702 Moyses
715 1630 860 1683 viam
886 1629 1000 1698 ipse
1029 1642 1095 1682 ac
1121 1625 1389 1680 rationem
1421 1624 1729 1678 aemulatur.
1765 1622 1906 1677 Audi
1931 1637 2060 1692 ergo

472 1723 937 1795 quemadmodum
982 1721 1102 1790 ipso
1150 1717 1348 1789 Legum
1397 1732 1621 1771 suarum
1675 1715 1946 1785 principio
1975 1715 2058 1768 lo-

1081 317 1354 375 EUSEBII
1395 312 1879 372 CESARIENSIS
1910 311 2062 366 OPP.
2106 311 2288 367 PARS
2327 314 2390 367 ll.
2431 345 2502 353 —
2538 312 3042 369 APOLOGETICA.

3621 311 3713 362 976

2695 432 3094 486 ΚΕΦΑΛΑΙΟΝ
3127 431 3228 484 lE‘.

2287 526 2487 592 ’Ὀπως
2517 526 2645 594 περὶ
2688 525 2794 579 τοῦ
2824 522 3255 590 κατακλυσμοῦ
3293 520 3629 589 μέμνηνται.

2232 618 2506 688 Μωῡσῆς,
2543 616 2863 687 νομοθεσίαν
2907 613 3212 686 ἀνθρώποις
3250 609 3719 678 καταϐεϐλημένος,

2161 711 2410 781 ἐνόμισεν
2442 709 2592 780 αὐτῷ
2623 710 2735 762 δεῖν
2767 706 3150 778 ἀρχαιολογίας
3183 707 3240 756 ἐν
3271 705 3387 765 τοῖς
3423 700 3717 771 προοιμίοις.

2157 803 2505 878 Μνημονεύει
2534 803 2590 856 δὲ
2614 801 2708 854 τοῦ
2739 797 3123 869 κατακλυσμοῦ
3172 798 3267 850 καὶ
3294 795 3388 848 τοῦ
3431 796 3541 864 μετ’
3581 794 3718 847 αὑτὸν

2163 898 2279 970 βίου
2334 895 2443 950 τῶν
2491 893 2827 966 ἀνθρώπων·
2860 893 3050 944 ἔπειτα
3103 889 3349 944 παλαιῶν
3381 886 3582 958 ἀνδρῶν
3627 886 3718 938 τῶν

2162 989 2292 1061 παρ’
2334 989 2605 1060 Ἑϐραίοις
2635 984 2916 1056 θεοφιλῶν,
2942 984 3036 1037 καὶ
3064 983 3173 1036 τῶν
3205 982 3262 1034 δὲ
3288 979 3461 1041 ἄλλως
3484 979 3539 1029 ὲν
3564 978 3717 1048 πλημ-

2165 1081 2408 1152 μελείαις
2437 1079 2822 1151 ὲξητασμένων
2855 1077 2952 1148 τὴν
2978 1074 3260 1130 πολιτείαν
3296 1074 3600 1143 ὑφηγεῖται,
3636 1088 3719 1123 και

2162 1173 2423 1243 τάλληλον
2449 1169 2869 1243 οἷςοὲνομοθέτει
2904 1169 3002 1240 τὴν
3047 1169 3175 1240 περὶ
3207 1166 3413 1219 τούτων
3461 1163 3718 1235 ἡγησάμε-

2163 1283 2251 1330 νος
2278 1265 2518 1337 ἱστορίαν
2547 1263 2787 1317 ἔσεσθαι.
2809 1263 2920 1316 Καὶ
2943 1262 2972 1312 ὁ
3000 1261 3225 1314 Πλάτων
3248 1259 3306 1312 δὲ
3329 1257 3604 1318 ὡσαύτως,
3631 1273 3720 1309 πα-

2165 1356 2367 1431 ρελθὼν
2406 1358 2498 1410 ἐπὶ
2544 1357 2641 1427 τὴν
2673 1356 2781 1408 τῶν
2821 1355 3033 1423 Νόμων
3060 1351 3308 1423 γραφὴν,
3352 1349 3442 1402 τὸν
3481 1349 3633 1402 αὑτὸν
3654 1348 3720 1417 τῷ

2161 1450 2368 1518 Μωῦσῇ
2396 1447 2548 1516 ζηλοῖ
2572 1447 2792 1518 τρόπον.
2810 1446 2897 1498 Ἐν
2915 1443 3220 1516 προοιμίοις
3242 1441 3372 1512 γοῦν
3405 1438 3512 1493 τῶν
3537 1441 3722 1509 Νόμων

2162 1542 2466 1594 ἐπάκουσον
2515 1540 2551 1593 ἆ
2589 1556 2752 1610 φησιν
2773 1555 2790 1570 ο
2823 1558 2841 1589 ι
2875 1535 2998 1609 'Ap‘
3047 1534 3139 1590 οὖν
3165 1535 3276 1606 (79)
3307 1537 3356 1588 οἱ
3394 1534 3610 1586 παλαιοὶ
3651 1532 3723 1585 λό-

2162 1652 2247 1704 γοι
2283 1635 2411 1705 ὑμῖν
2444 1631 2699 1698 ἀλήθειάν
2733 1648 2857 1684 τινα
2893 1630 3038 1699 ἔχειν
3065 1626 3316 1692 δοκοῦσι;
3363 1659 3433 1667 —
3463 1626 3607 1678 Ποῐοι
3633 1624 3720 1693 δήὲ

2163 1759 2232 1769 —--
2257 1727 2330 1778 Τὸ
2360 1724 2559 1788 πολλάς
2591 1721 2893 1794 ἀνθρώπων
2922 1719 3126 1791 φθορὰς
3158 1717 3444 1787 γεγονέναι
3477 1715 3724 1771 κατακλυ-

468 1825 692 1887 quatur.
743 1833 762 1866 ι
802 1815 883 1868 An
914 1812 1098 1882 igitur,
1135 1787 1332 1881 inquit,
1385 1809 1593 1880 priscas
1633 1808 1754 1863 illas
1786 1807 2053 1862 narratio-

2164 1821 2320 1890 σμοῖς
2342 1835 2402 1870 τε
2437 1787 2548 1870 και
2569 1787 2743 1876 νόσοις
2768 1813 2863 1867 καὶ
2893 1787 3074 1876 ἄλλοίς
3111 1811 3353 1874 πολλοῖς,
3385 1811 3443 1862 ὲν
3469 1804 3551 1871 οἷς
3573 1807 3720 1880 βραχύ

467 1925 570 1965 ares
600 1923 759 1964 veras
790 1904 1116 1961 arbitraris?
1149 1933 1213 1945 —
1258 1901 1407 1969 Quas
1436 1900 1780 1956 tandcm?-—
1822 1898 2054 1955 Crebros

472 2001 602 2054 olim
627 1998 913 2053 hominum
941 1996 1216 2059 interitus,
1250 1995 1492 2057 diluviis,
1530 1992 1755 2057 morbis,
1801 2007 1866 2046 ac
1893 1998 2056 2046 caete-

470 2095 549 2148 ris
579 2092 633 2147 id
659 2108 831 2162 gcnus
859 2091 1154 2155 exstitisse,
1209 2105 1276 2144 ex
1321 2089 1521 2158 quibus
1552 2089 1708 2158 pauci
1760 2087 2054 2142 admodum

470 2187 722 2241 homines
771 2184 1062 2241 evaserint.
1108 2213 1178 2223 —
1218 2181 1413 2236 Totum
1466 2181 1518 2236 id
1569 2181 1790 2252 quidem
1851 2180 2058 2238 nemini

470 2294 735 2351 perquam
769 2276 1065 2332 verisimile
1089 2291 1195 2329 non
1230 2273 1696 2343 videatur.—Age
1716 2287 1865 2340 vero,
1886 2287 2060 2326 unum

469 2375 624 2428 illum
655 2387 721 2426 ex
755 2370 1025 2441 pluribus,
1055 2383 1218 2438 quem
1250 2366 1516 2421 diluvium
1549 2367 1886 2436 importavit,
1920 2381 2055 2421 con-

469 2467 794 2522 sideremus.
833 2492 904 2504 —-
947 2461 1088 2528 Quid
1135 2473 1301 2531 porro
1332 2473 1363 2512 a
1400 2458 1560 2514 nobis
1609 2460 1664 2512 in
1709 2472 1776 2514 eo
1828 2458 2054 2530 cogitari

469 2557 552 2610 vis
573 2553 783 2620 ?—Qui
819 2562 932 2607 tum
963 2550 1276 2605 vastitatem
1312 2549 1460 2603 illam
1491 2547 1731 2619 effugere
1758 2549 2056 2618 potuerint,

470 2656 760 2702 montanos
812 2647 1078 2699 duntaxat
1127 2651 1375 2713 pastores
1433 2641 1645 2711 aliquot
1707 2639 1914 2709 fuisse,
1965 2643 2057 2711 qui

468 2739 700 2794 summis
724 2738 777 2791 iu
805 2735 1222 2799 cacuminibus,
1266 2742 1528 2804 tanquam
1578 2733 1772 2805 exigua
1807 2733 2058 2804 quaedam

468 2831 684 2903 generis
719 2829 941 2883 humani
973 2826 1207 2888 semina.
1236 2825 1415 2881 relicti
1446 2826 1762 2896 servatique
1795 2825 2060 2881 constite-

468 2926 598 2978 rint.
622 2947 692 2964 —-
711 2921 1070 2990 Perspicuum
1104 2918 1157 2972 id
1184 2918 1427 2988 quidem.
1445 2948 1511 2957 --
1539 2916 1675 2973 Istos
1702 2933 1890 2988 porro,
1927 2919 2059 2973 tales

467 3031 594 3069 cum
662 3023 866 3079 essent,
931 3028 1056 3067 cum
1124 3011 1192 3065 ah
1243 3009 1454 3065 caneris
1513 3010 1724 3065 artibus
1762 3011 2060 3080 imparatos

2153 1928 2208 1964 τι
2229 1912 2336 1963 τῶν
2365 1906 2669 1978 ἀνθρώπων
2696 1906 2977 1959 λείπεσθαι
3003 1905 3179 1973 γένος.
3214 1935 3282 1944 -
3317 1903 3468 1956 Πάνυ
3507 1902 3602 1971 μὲν
3643 1896 3720 1954 οὖν

2156 2001 2377 2056 πιθανὸν
2414 2001 2474 2055 τὺ
2493 1999 2733 2053 τοιοῦτον
2763 2001 2872 2052 πᾶν
2897 1997 3077 2052 παντί.
3095 2027 3164 2035 -
3181 1997 3319 2069 Φέρε
3350 1995 3438 2066 δὴ,
3461 1996 3720 2065 νοήσωμεν

2159 2095 2286 2166 μίαν
2317 2094 2425 2148 τῶν
2459 2093 2668 2148 πολλῶν
2696 2091 2923 2162 ταύτην,
2958 2091 3056 2162 τὴν
3100 2090 3178 2161 τῷ
3223 2086 3594 2158 κατακλυσμῷ
3626 2085 3719 2154 (80)

2157 2188 2472 2259 γενομένην.
2490 2219 2561 2229 -
2592 2185 2666 2238 Τὸ
2696 2187 2846 2238 ποῖον
2876 2183 2941 2255 δὴ
2967 2183 3097 2255 περὶ
3127 2182 3297 2252 αὐτῆς
3331 2180 3718 2252 διανοηθέντες

2156 2307 2226 2320 -—
2263 2281 2350 2344 Ὠς
2403 2281 2451 2332 οἱ
2500 2279 2621 2332 τότε
2685 2277 3084 2350 περιφυγόντες
3133 2275 3231 2346 τὴν
3291 2273 3503 2344 φθορὰν
3567 2272 3723 2342 σχεδον

2157 2373 2325 2446 ὄρειοί
2351 2390 2494 2438 τινες
2526 2371 2592 2426 ἂν
2627 2367 2737 2424 εἷεν
2764 2372 2972 2441 νομεῖς,
3004 2370 3061 2421 ἐν
3085 2369 3350 2439 κορυφαῖς
3407 2383 3512 2417 που
3543 2363 3723 2435 σμικρά

2159 2466 2387 2539 ζώπυρα
2421 2465 2515 2518 τοῦ
2541 2464 2649 2518 τῶν
2683 2462 2985 2534 ἀνθρώπων
3013 2459 3428 2529 διασεσωσμένοι
3453 2455 3722 2525 γένους.-
3767 2503 3774 2510 .

2160 2559 2347 2630 Δῆλον.
2378 2587 2447 2597 —
2477 2559 2588 2611 Καὶ
2609 2557 2673 2629 δὴ
2699 2557 2824 2619 τοὺς
2854 2554 3128 2616 τοιούτους
3164 2569 3228 2622 γε
3259 2551 3476 2620 ἀνάγκη
3508 2567 3605 2602 που
3633 2546 3724 2599 τῶν

2159 2652 2332 2706 ἄλλων
2351 2651 2610 2722 ἀπείρους
2633 2643 2773 2702 εἶναι
2800 2646 3026 2718 τεχνῶν,
3061 2645 3155 2698 καὶ
3186 2644 3295 2697 τῶν
3332 2643 3390 2695 ὲν
3422 2645 3534 2704 τοῖς
3561 2643 3723 2695 ἄστεσι

2160 2743 2295 2816 πρὸς
2321 2743 2583 2814 ἀλλήλους
2618 2739 2898 2812 μηχανῶν,
2924 2738 3003 2802 εἷς
3028 2754 3088 2790 τε
3122 2735 3435 2799 πλεονεξίας
3453 2775 3470 2798 ,
3518 2734 3607 2786 καὶ
3646 2750 3724 2801 φι-

2159 2834 2450 2899 λονεικίας,
2487 2835 2581 2887 καὶ
2615 2833 2790 2887 ὁπόσα
2817 2830 2952 2884 ἄλλα
3002 2829 3441 2899 κακουργήματα
3485 2827 3618 2896 πρὸς
3646 2824 3725 2877 άλ-

2159 2927 2353 2997 λήλους
2385 2924 2712 2978 ἐπινοοῦσιν,
2748 2953 2812 2963 -——
2842 2923 3004 2986 Εἰκὸς
3035 2920 3186 2990 γοῦν.
3223 2951 3292 2960 --
3322 2918 3519 2989 Θῶμεν
3546 2919 3607 2989 δὴ
3638 2916 3722 2978 τὰς

2159 3021 2218 3073 ὲν
2244 3023 2357 3083 τοῖς
2391 3019 2594 3083 πεδίοις
2625 3016 2830 3081 πόλεις,
2871 3015 2966 3068 καὶ
2992 3015 3129 3085 προς
3172 3013 3411 3082 θαλάττῃ
3454 3010 3722 3064 κατοικού-

467 3106 639 3160 fuisse
675 3118 899 3159 necesse
930 3115 1033 3168 est,
1059 3113 1173 3156 tum
1203 3102 1269 3156 ab
1299 3102 1540 3157 iisetiam
1563 3100 1849 3157 fraudibus
1878 3112 1932 3158 et
1963 3118 2053 3158 ca-

2162 3129 2280 3178 σας,
2304 3109 2473 3183 ἄρδην
2498 3109 2556 3164 ὲν
2588 3107 2667 3180 τῷ
2694 3108 2815 3162 τότε
2843 3107 3021 3178 χρόνῳ
3047 3104 3481 3176 διαφθείρεσθαι.
3522 3136 3586 3145 -—
3622 3102 3722 3156 Θῶ·

466 3197 692 3251 Inmuiis
722 3197 928 3252 alienos
947 3237 962 3261 ,
991 3195 1193 3265 quibus
1223 3209 1345 3250 sese
1377 3194 1546 3265 588
1574 3194 1781 3264 passim
1810 3197 1864 3250 in
1896 3195 2048 3250 urbi-

468 3291 592 3355 bus,
623 3289 886 3356 avaritiae,
924 3287 1308 3353 contentionis,
1328 3301 1392 3341 ac
1423 3287 1760 3356 reliquorum
1790 3288 1843 3343 id
1878 3305 2051 3359 genus

468 3380 858 3436 maleficiorum
890 3388 1027 3434 aestu
1056 3377 1288 3448 abrepti,
1337 3377 1478 3432 alios
1521 3377 1613 3432 alii
1659 3387 1902 3434 evertere
1933 3394 2054 3434 mo-

467 3472 692 3524 liuntur.
715 3497 786 3508 ——
807 3467 872 3522 Et
891 3469 994 3524 hoc
1018 3467 1180 3538 plane
1211 3475 1662 3523 consentaneum.
1688 3499 1757 3510 ——
1777 3467 2052 3525 Ponamus

468 3564 633 3634 igitur
663 3569 998 3632 campestres
1024 3560 1189 3616 simul
1215 3575 1280 3616 ac
1302 3561 1608 3618 maritimas
1636 3562 1801 3618 urbes
1828 3577 1893 3617 eo
1918 3572 2053 3618 tem-

470 3671 599 3725 pore
655 3653 901 3709 funditus
956 3652 1204 3723 periisse.
1238 3677 1312 3693 --
1343 3653 1639 3709 Ponamus.
1669 3682 1741 3693 —
1775 3651 2010 3708 Proinde
2033 3695 2048 3721 ,

467 3748 730 3820 quidquid
747 3747 911 3801 etiam
929 3747 1417 3802 instrumentorum
1435 3745 1896 3818 fuerat,quidquid
1916 3747 2050 3804 artis

470 3843 634 3896 ullius
651 3839 953 3912 proprium,
969 3855 1065 3895 seu
1088 3839 1286 3905 civilis,
1308 3854 1403 3894 seu
1430 3840 1656 3896 alterius
1673 3840 2050 3911 cujuscunque

466 3933 753 4004 peritiae,id
791 3940 964 3987 totum
1006 3932 1196 3987 eadem
1229 3932 1389 3986 ruina
1423 3932 1587 3988 simul
1620 3949 1684 3989 ac
1713 3934 1881 3990 semel
1913 3934 2051 3988 hau-

465 4035 608 4078 stum
661 4040 726 4079 ac
764 4024 1036 4094 sepultum
1086 4022 1258 4079 fuisse
1305 4025 1597 4080 dicendum
1645 4037 1747 4082 est.
1787 4045 1805 4079 ι
1843 4027 2048 4084 Deinde

462 4119 670 4189 aliquot
699 4117 996 4188 interiectis
1033 4135 1046 4171 :
1080 4135 1099 4170 α
1137 4117 1352 4173 Maneat
1389 4118 1573 4188 igitur,
1599 4118 1798 4189 inquit,
1830 4120 1901 4174 ita
1930 4137 2049 4178 sese

465 4217 562 4280 per
591 4209 862 4280 ejusmodi
907 4209 1118 4265 cladem
1168 4225 1258 4265 res
1296 4210 1575 4265 hominum
1630 4211 1924 4281 habuisse;
1957 4229 2049 4267 va-

464 4313 602 4357 stam
628 4304 829 4374 quippe
852 4302 1281 4374 horribilemque
1310 4302 1681 4372 solitudinem,
1725 4305 1945 4377 vimque
1971 4305 2050 4362 fe-

463 4396 919 4450 cundissimarum
981 4404 1251 4449 terrarum
1315 4396 1636 4452 immensam
1675 4399 1970 4455 exstitisse.
2021 4418 2042 4454 ι

2161 3220 2278 3276 μεν.
2309 3235 2378 3244 --
2407 3199 2616 3255 Οὐκοῦν
2644 3201 2850 3272 ὄργανά
2871 3217 2930 3252 τε
2964 3201 3140 3253 πάντα
3167 3197 3525 3262 ἀπόλλυσθαι,
3555 3196 3641 3249 καὶ
3683 3195 3726 3246 εί

2155 3314 2209 3348 τι
2239 3294 2434 3366 τέχνης
2458 3289 2526 3365 ἦν
2553 3293 2811 3365 ἐχόμενον
2846 3290 3149 3353 σπουδαίως
3195 3289 3305 3359 (81)
3345 3289 3639 3361 εὑρημένον
3658 3286 3720 3354 ,ἦ

2157 3385 2459 3457 πολιτικῆς,
2493 3385 2525 3456 ἦ
2553 3384 2646 3438 καὶ
2671 3384 2864 3454 σοφίας
2890 3382 3037 3447 τινὸς
3069 3383 3281 3455 ἑτέρας,
3320 3383 3499 3435 πάντα
3539 3381 3716 3451 ἓῤῥειν.

2154 3510 2226 3520 —
2253 3477 2435 3531 Ταῦτα
2483 3479 2540 3530 ὲν
2571 3475 2650 3548 τῷ
2702 3476 2824 3530 τότε
2858 3475 3035 3547 χρόνῳ
3084 3477 3350 3547 φήσομεν.
3389 3496 3407 3526 ι
3470 3476 3578 3527 Καὶ
3620 3471 3719 3531 μεθ’

2155 3571 2320 3642 ἕτερά
2353 3587 2516 3640 φησιν
2537 3587 2550 3601 ·
2588 3589 2607 3622 ι
2646 3568 2854 3624 Οὐκοῦν
2883 3568 3024 3623 οὕτω
3045 3568 3110 3640 δὴ
3138 3568 3386 3638 λέγωμεν
3419 3567 3562 3637 ἔχειν
3594 3567 3719 3624 τότε,

2154 3664 2243 3716 ὅτε
2272 3663 2488 3732 ἐγένετο
2516 3665 2549 3735 η
2580 3662 2773 3735 φθορὰ,
2809 3662 2879 3716 τά
2924 3663 3053 3730 περὶ
3081 3663 3208 3725 τοὺς
3238 3660 3557 3731 ἀνθρώπους
3600 3659 3720 3729 πρά-

2159 3773 2364 3828 γματα,
2422 3756 2624 3828 μυρίαν
2674 3755 2772 3827 μέν
2797 3772 2918 3809 τινα
2944 3754 3180 3826 φοϐεράν
3205 3753 3441 3824 ἐρημίαν
3466 3795 3482 3816 ,
3536 3751 3637 3820 γῆς
3672 3749 3718 3801 δὲ

2153 3847 2383 3916 ἀφθόνου
2413 3847 2614 3915 πλῆθος
2635 3847 2916 3918 πάμπολυ.
2940 3865 2958 3899 ι
2989 3845 3172 3900 Ταῦτα
3207 3847 3302 3900 καὶ
3329 3845 3552 3899 τοιαῦτα
3575 3845 3718 3914 ἕτερα

2153 3940 2343 4004 εἰπὼν,
2378 3939 2729 4010 ἐπεξέρχεται
2756 3940 2904 4011 βίους
2932 3940 3041 3993 τῶν
3073 3939 3209 4010 μετὰ
3229 3938 3322 3991 τὸν
3350 3935 3714 4004 κατακλυσμὸν

2151 4033 2249 4087 ἀνθ
2259 4031 2473 4105 ρώπων.
2500 4027 2615 4084 Εἶθ’
2638 4031 2826 4104 ὥσπερ
2850 4031 3092 4101 Μωῦσῆς
3112 4032 3210 4102 τὴν
3232 4030 3341 4083 τῶν
3365 4031 3530 4083 πάλαι
3555 4029 3714 4096 θεοφι-

2151 4124 2259 4178 λῶν
2319 4123 2586 4196 Ἐιὸραίων
2639 4123 2914 4177 πολιτείαν
2969 4123 3322 4176 ὲπισυνάπτει
3353 4127 3420 4194 τῇ
3460 4121 3591 4194 μετὰ
3638 4120 3712 4170 τὸν

2151 4217 2536 4288 κατακλυσμὸν
2569 4217 2860 4286 mmmam,
2893 4217 2987 4268 καὶ
3010 4217 3037 4268 ὁ
3065 4215 3288 4269 Πλάτων
3315 4215 3539 4285 ὁμοίως,
3597 4212 3714 4282 μετὰ

2149 4309 2275 4372 τοὺς
2310 4308 2456 4380 βίους
2489 4308 2598 4360 τῶν
2634 4306 2771 4378 μετὰ
2822 4309 2910 4360 τὸν
2939 4307 3324 4378 κατακλυσμὸν
3350 4306 3420 4361 τὰ
3454 4303 3714 4376 Ἐλληνιώ

2152 4402 2408 4474 πειρᾶται.
2429 4399 2823 4470 ἀρχαιολογεῖν,
2849 4399 2924 4463 ὡς
2953 4401 3159 4462 ἐκεῖνος
3187 4398 3255 4451 τὰ
3297 4399 3582 4469 Ἐϐραίων.
3613 4395 3712 4449 Τῶν

465 4486 590 4541 llaec
614 4488 703 4542 ille
738 4488 1049 4558 similiaque
1081 4489 1361 4558 praefatus,
1417 4489 1700 4545 hominum
1729 4501 1918 4547 eorum
1954 4493 2049 4548 de-

2159 4512 2210 4548 τε
2243 4494 2334 4546 ἐπὶ
2357 4492 2558 4564 Τροίας
2589 4491 2942 4564 μνημονεύει,
2966 4492 3060 4545 καὶ
3095 4491 3191 4562 τῆς
3213 4491 3436 4562 πρώτης
3462 4494 3520 4543 ὲν
3562 4491 3711 4542 Λακε-

463 4580 671 4650 inceps,
705 4579 801 4649 qui
837 4587 961 4649 post
985 4579 1252 4634 diluvium
1281 4579 1486 4643 vixere,
1533 4595 1714 4637 mores
1763 4584 2046 4654 persequi-

465 4681 570 4727 tur.
616 4670 764 4737 lnde,
800 4670 1002 4742 Moysis
1031 4670 1299 4742 exemplo,
1323 4673 1417 4743 qui
1446 4688 1626 4728 rerum
1655 4690 1687 4729 a
1717 4675 1922 4731 diluvio
1956 4695 2049 4750 ge-

463 4775 671 4818 starum
709 4762 950 4818 historia:
996 4761 1331 4818 sanctiorum
1384 4762 1513 4818 olim
1563 4763 1911 4822 Hebraeorum
1965 4769 2049 4822 in-

462 4859 653 4915 stituta
686 4857 1001 4927 subjungit;
1031 4866 1155 4927 post
1182 4871 1370 4912 eorum
1401 4857 1492 4928 qui
1516 4859 1762 4928 proxime
1782 4859 2046 4919 diluvium

2152 4586 2365 4657 δαίμονι
2395 4584 2690 4647 πολιτείας,
2718 4584 2942 4655 Περσῶν
2976 4601 3033 4636 τε
3068 4583 3163 4636 καὶ
3191 4583 3298 4636 τῶν
3328 4583 3481 4654 παρὰ
3504 4583 3709 4641 τούτοις,

2153 4679 2249 4732 εἴτ’
2279 4677 2475 4749 ὀρθῶς,
2504 4676 2613 4730 εἴτε
2648 4676 2739 4730 καὶ
2788 4675 2862 4748 μὴ
2893 4673 3249 4745 βεϐιωκότων.
3298 4671 3433 4729 Εἶτα
3471 4676 3604 4746 μετὰ
3630 4671 3709 4739 τὴν

2150 4771 2352 4825 τούτων
2399 4769 2670 4839 ἱστορίαν,
2707 4768 3013 4839 ἀπάρχεται
3051 4766 3153 4837 τῆς
3185 4767 3293 4819 τῶν
3326 4768 3540 4836 Νόμων
3579 4763 3709 4819 ἐκθέ-

2155 4881 2310 4927 σεως,
2345 4863 2445 4915 κάν
2473 4859 2648 4930 τούτῳ
2672 4861 2896 4915 Μωῦσεῖ
2924 4859 3423 4930 κατακολουθήσας.

462 4952 638 5007 secuti
668 4959 794 5006 sunt
824 4950 988 5004 vitam
1014 4988 1028 5013 ,
1076 4963 1166 5004 res
1215 4946 1560 5019 Graecorum,
1595 4957 1654 5005 ut
1682 4947 2034 5010 Hebraeorum
2075 4956 2311 5028 Moyses,
2361 4954 2429 5008 ad
2464 4952 2903 5022 antiquissimam
2933 4961 3078 5007 retro
3119 4954 3441 5006 memoriam
3473 4962 3704 5007 revocare

462 5054 709 5101 conatur.
768 5042 909 5110 Quin
960 5042 1122 5096 etiam
1162 5040 1564 5113 Troianorum,
1625 5042 1926 5116 primaeque
1967 5046 2511 5106 Lacedaemoniorum
2562 5045 2908 5114 reipublicae,
2956 5060 3020 5101 ac
3061 5043 3350 5100 Persarum
3399 5047 3702 5099 mentionem

465 5135 616 5200 facit.
645 5151 948 5206 eorumque
974 5135 1160 5199 siml”.
1210 5135 1304 5205 qui
1331 5135 1474 5204 apud
1506 5148 1600 5189 €05
1627 5149 1722 5189 seu
1749 5135 1906 5201 b63119,
1950 5156 2046 5196 seu
2082 5140 2223 5195 male
2247 5137 2532 5192 vixissent.
2576 5135 2754 5209 Atque
2799 5137 2904 5194 hac
2954 5135 3272 5209 perfunctus
3307 5136 3532 5192 historia
3607 5146 3702 5190 tum

461 5235 678 5288 demum
727 5247 856 5287 suas
901 5231 1018 5302 ipse
1057 5231 1202 5302 leges
1230 5230 1469 5285 scribere
1511 5229 1846 5299 auspicatur,
1881 5231 1934 5287 in
1970 5250 2035 5290 eo
2071 5249 2290 5307 quoque
2320 5232 2558 5304 Moysem
2586 5233 2893 5289 aemulatus.

457 5370 646 5497 si???
688 5366 806 5439 Ἆρ’
858 5365 991 5427 ὤν’
1048 5368 1234 5436 Ρ¹³ίθν
1290 5368 1384 5425 ηδ·
1432 5385 1494 5427 ¹¹¹
1546 5369 1715 5442 ιεθο,
1767 5389 1888 5446 pag.
1935 5375 2039 5431 585

2218 5373 2330 5443 (80)
2373 5373 2523 5427 Plato
2557 5375 2681 5428 add.
2713 5377 2866 5432 ποτέ.

2220 5445 2330 5517 (Si)
2370 5445 2543 5513 Plato,
2577 5447 2893 5511 σπουδαίας.
