3872 6368
517 355 624 415 979
1118 355 1390 412 EUSEBII
1425 357 1906 414 CaESARlENSlS
1933 356 2083 414 OPP.
2128 358 2307 414 PARS
2347 359 2413 414 ll.
2452 389 2524 401 --
2563 359 3068 420 APOLOGETICA.
3661 372 3740 427 νει

516 474 684 536 tibus,
721 475 805 528 vel
835 474 1116 528 amoribus
1168 472 1482 543 indulgeant
1534 474 1764 528 solerter
1808 474 2095 544 explorans

2207 475 2383 530 πάντα
2424 476 2598 531 ταῦτα
2637 476 2902 550 ξυνδήσας
2927 480 2956 532 ό
2987 479 3111 544 νοῦς
3137 522 3151 545 ,
3183 481 3431 553 ἑπόμενα
3467 486 3743 558 σωφροσύνῃ

516 578 680 641 atque
713 571 1031 634 observans,
1084 568 1239 633 suis,
1283 577 1341 624 ut
1385 583 1484 640 par
1515 578 1618 632 est,
1671 567 1881 638 legibus
1930 583 2095 638 prava

2207 569 2294 620 καὶ
2316 568 2631 642 δικαιοσύνῃ
2660 571 2936 643 ἀποφήνῃ,
2965 572 3100 627 ἀλλὰ
3126 573 3201 645 μὴ
3229 573 3447 645 πλούτῳ
3477 574 3606 645 μηδὲ
3631 575 3743 645 φιλο-

516 661 698 716 omnia
748 661 1126 730 reprehendet,
1175 661 1531 731 laudabitque
1586 659 1884 715 contraria.
1920 678 1939 710 ι
1970 657 2095 714 llaec

2207 660 2375 730 τιμία.
2411 660 2599 724 Οὕτως
2620 700 2635 723 ,
2675 655 2721 712 ὦ
2753 660 2914 726 ξένοι,
2951 663 3128 732 ἔγωγε
3155 664 3348 736 ἤθελον
3377 666 3445 719 ἂν
3475 667 3631 736 ὑμᾶς,
3675 669 3744 721 καὶ

516 752 689 818 Plato,
728 754 821 822 qui
873 754 1063 822 paucis
1113 753 1432 822 interjectis,
1481 768 1674 808 rursus
1706 751 1780 806 ita
1812 751 2095 822 prosequi-

2207 749 2279 801 ἔτι
2333 748 2428 803 νῦν
2478 749 2740 820 βούλομαι
2773 749 3084 816 διεξελθεῖν,
3116 754 3235 817 πῶς
3285 756 3344 808 ἐν
3375 757 3491 818 τοῖς
3537 755 3622 808 τοῦ
3652 756 3744 821 Διὸς

516 857 626 902 tur.
667 865 686 897 ι
723 846 819 901 llis
843 846 1121 917 legislator
1154 847 1397 902 studiose
1423 846 1680 917 provisis,
1713 861 1809 902 eos
1844 846 2093 902 omnium

2207 841 2510 912 λεγομένοις
2549 842 2754 913 νόμοις,
2780 847 2892 907 τοῖς
2924 861 2984 896 τε
3033 845 3130 898 τοῦ
3174 846 3376 900 Πυθίου
3431 848 3744 913 Ἀπόλλωνος,

515 937 767 992 custodes
796 953 861 992 ac
887 935 1171 1006 praefectos
1199 936 1418 1008 deliget,
1454 952 1595 1007 quos
1633 937 1830 1007 partim
1860 937 2095 1007 pruden-

2207 930 2293 994 οὓς
2316 930 2500 996 Μίνως
2521 948 2582 984 τε
2615 932 2710 985 καὶ
2735 933 3051 1004 Λυκοῦργος
3080 935 3292 1008 ἐθέτην,
3326 937 3502 990 ἔνεστί
3522 956 3577 992 τε
3602 941 3744 993 πάντα

515 1030 622 1092 tim,
655 1027 851 1096 partim
887 1041 1029 1081 verae
1063 1026 1244 1081 laudis
1271 1026 1416 1081 viam
1452 1026 1717 1081 institisse
1740 1027 2094 1097 cognoverit:

2207 1023 2392 1089 ταῦτα,
2450 1025 2545 1078 καὶ
2577 1025 2683 1097 ὅπη
2744 1025 2854 1096 (89)
2889 1025 3042 1091 τάξιν
3097 1028 3358 1098 εἰληφότα
3418 1029 3524 1101 (90)
3561 1031 3746 1103 διάδηλά

512 1127 574 1170 ut
599 1131 660 1170 ea
694 1131 846 1170 mens
868 1116 1119 1170 universa
1145 1116 1257 1184 jam
1285 1125 1410 1185 apta
1431 1130 1495 1169 ex
1524 1131 1644 1170 sese
1664 1126 1825 1184 atque
1849 1131 2095 1171 connexa

2207 1115 2315 1166 εστι
2359 1112 2438 1184 τῷ
2484 1115 2612 1185 περὶ
2666 1115 2846 1186 νόμων
2895 1117 3164 1188 ἐμπείρῳ,
3195 1119 3358 1190 τέχνῃ
3413 1137 3475 1172 τε
3508 1122 3595 1174 καί
3638 1141 3746 1176 τισιν

512 1205 783 1274 ejusmodi
812 1205 1035 1269 elﬁciat,
1070 1220 1191 1274 quae
1223 1205 1594 1274 temperantia:
1625 1204 1804 1274 potius
1827 1214 1989 1275 atque
2015 1205 2095 1275 jn-

2207 1205 2343 1259 ἔθεσι
2365 1221 2380 1236 ο
2411 1208 2522 1269 τοῖς
2549 1207 2604 1259 δὲ
2628 1206 2808 1271 ἄλλοις
2843 1210 2974 1279 ἡμῖν
3008 1209 3120 1279 (91)
3155 1211 3409 1280 οὐδαμῶς
3452 1215 3564 1265 ἐστι
3612 1232 3749 1268 κατα-

513 1299 696 1363 stitiae,
725 1312 889 1368 quam
927 1297 1240 1352 divitiarum
1278 1307 1372 1350 aut
1405 1297 1722 1351 ambitionis
1760 1296 1982 1350 ductum
2012 1312 2095 1350 se-

2207 1297 2366 1366 Ῥανῆ·
2411 1317 2428 1347 ³
2463 1296 2572 1350 καὶ
2603 1299 2733 1370 παρ’
2784 1301 2914 1370 ἡμῖν
2947 1299 3002 1352 δὲ
3037 1300 3283 1372 εἴρηται·
3324 1321 3342 1352 ι
3383 1305 3597 1374 Ζητείτε
3630 1306 3748 1376 πρῶ-

511 1400 772 1460 quantur.
809 1387 970 1459 590
999 1388 1076 1441 En
1102 1426 1115 1451 ,
1147 1389 1388 1458 hospites
1434 1386 1787 1451 suavissimi,
1838 1388 2095 1458 quemad-

2207 1407 2288 1441 τον
2311 1390 2410 1460 τὴν
2444 1389 2738 1460 βασιλείαν,
2767 1391 2861 1444 καὶ
2889 1391 3234 1464 δικαιοσύνην
3285 1393 3395 1464 (99)
3421 1435 3437 1458 ,
3469 1397 3558 1448 καὶ
3603 1398 3750 1452 πάντα

512 1483 736 1536 modum
785 1496 882 1536 vos
911 1482 1094 1551 etjam
1129 1492 1254 1535 ante
1283 1482 1604 1545 voluissem,
1656 1490 1710 1536 et
1759 1496 1904 1534 nunc
1933 1480 2095 1533 etiam

2207 1480 2369 1533 ταῦτα
2403 1481 2830 1552 προστεθήσεται
2854 1483 3002 1554 ὑμῖν.
3029 1504 3046 1534 ι
3083 1484 3241 1537 Ἀλλά
3264 1486 3356 1538 καὶ
3376 1487 3612 1557 Μωῡσῆς
3645 1489 3747 1541 πολὺ

511 1572 740 1626 omnino
775 1572 930 1626 velim
964 1587 1257 1641 exponere,
1288 1582 1347 1626 ut
1377 1572 1429 1624 in
1456 1571 1544 1635 iis,
1573 1586 1710 1641 quas
1750 1577 1967 1632 vocant,
2003 1567 2095 1622 Jo-

2207 1571 2484 1642 πρότερον,
2515 1571 2623 1624 άπὸ
2649 1572 2746 1641 τῆς
2776 1574 2902 1644 περὶ
2926 1574 3062 1627 Θεοῦ
3095 1575 3445 1640 διδασκαλίας
3478 1577 3572 1648 τὴν
3607 1581 3748 1650 ἀρχὴν

511 1665 595 1719 vis
625 1672 679 1718 et
712 1662 892 1734 Pythii
942 1663 1211 1732 Apollinis
1246 1663 1460 1732 legibus
1481 1703 1496 1729 ,
1532 1678 1670 1732 quas
1713 1661 1889 1715 Minos
1913 1671 1965 1715 et
1994 1660 2095 1731 Ly-

2207 1663 2586 1733 πεποιημένος,
2623 1663 2748 1734 ἑξῆς
2779 1681 2837 1717 τε
2872 1666 3190 1739 ἐφαρμόσας
3219 1668 3315 1738 τὴν
3342 1671 3461 1722 κατ’
3497 1672 3655 1724 αὑτὸν
3679 1689 3751 1724 πο-

513 1771 714 1826 curgus
766 1755 1151 1817 condiderunt,
1208 1756 1322 1810 haec
1368 1756 1553 1809 omnia
1581 1755 1763 1809 locum
1815 1754 2092 1808 habeant:

2207 1753 2422 1818 λιτεξαν,
2484 1753 2675 1806 καὶτὰ
2724 1756 2854 1824 περὶ
2884 1756 3225 1827 συμϐολαίων
3270 1761 3364 1812 καὶ
3411 1760 3480 1813 τά
3535 1764 3658 1833 περὶ
3681 1763 3749 1814 τοῦ

513 1847 698 1913 simul,
737 1858 795 1902 ut
827 1847 873 1902 is
906 1848 1070 1901 modo
1100 1849 1192 1917 qui
1228 1847 1310 1902 vel
1341 1857 1478 1911 arte,
1505 1847 1588 1901 vel
1619 1862 1722 1902 usu
1751 1845 1988 1915 quodam
2017 1845 2095 1898 le-

2207 1843 2378 1897 κοινοῦ
2414 1843 2526 1902 βίου
2557 1845 2783 1916 νόμιμα,
2817 1850 2930 1910 τοῖς
2963 1849 3128 1901 πᾶσιν
3161 1848 3428 1920 ἄρχοντας
3467 1853 3558 1904 καὶ
3610 1854 3750 1922 φύλα-

512 1957 638 2009 gum
674 1940 920 2011 peritiam
973 1941 1199 2009 adeptus
1243 1940 1436 2006 fuerit,
1499 1941 1644 1994 hunc
1679 1939 1734 1992 in
1770 1937 1904 2008 ipsis
1931 1951 2093 2007 quem

2207 1953 2306 1998 κας
2326 1935 2613 2007 καθίστησι
2640 1939 2767 2001 τοὺς
2795 1937 2873 2008 τῷ
2905 1939 3024 2009 Θεῷ
3058 1941 3421 2012 ἱερωμένους,
3454 1945 3530 2008 ὡς
3572 1947 3662 1998 καὶ
3700 1947 3751 1998 τὰ

510 2035 855 2104 postulamus
884 2034 1133 2089 ordinem
1165 2033 1327 2090 facile
1370 2034 1760 2104 deprehendat,
1792 2046 1954 2102 quem
1995 2045 2095 2083 nos

2207 2027 2359 2096 λόγια
2380 2027 2640 2093 διδάσκει,
2678 2029 2872 2100 ἄνδρας
2920 2031 3190 2098 δικαίους,
3249 2035 3541 2104 μισοῦντας
3578 2039 3754 2108 ὑπερησ

513 2136 694 2179 tamen
729 2141 1024 2196 agnoscere
1055 2125 1202 2179 nulla
1239 2127 1448 2180 ratione
1497 2125 1795 2194 possimus.
1835 2143 1852 2174 ι
1904 2120 2095 2174 Hacte-

2207 2119 2431 2186 φανείας
2452 2159 2465 2182 ,
2515 2119 2641 2182 τοὺς
2679 2121 2776 2188 μὲν
2811 2120 2898 2173 διὰ
2936 2124 3273 2193 φρονήσεως,
3307 2126 3433 2190 τοὺς
3464 2125 3520 2178 δὲ
3551 2126 3621 2179 δι’
3652 2127 3752 2195 ἁλη-

513 2233 618 2272 nus
666 2217 774 2272 ille.
829 2215 936 2272 Nec
966 2217 1217 2284 absimile
1265 2217 1483 2287 quidem
1511 2228 1593 2273 est
1623 2216 1769 2287 quod
1822 2214 1964 2284 apud
1997 2227 2095 2265 nos

2207 2209 2332 2272 θοῦς
2355 2209 2510 2279 δόξης
2543 2210 2737 2274 ἰόντας.

513 2310 776 2379 scriptum
807 2309 1069 2374 habetur,
1109 2327 1128 2360 ε
1164 2309 1398 2375 Quaerite
1444 2311 1681 2380 primum
1715 2322 1942 2378 regnum
1980 2303 2097 2369 Dei,
2137 2303 2477 2372 etjustitiam
2501 2303 2642 2372 ejus,
2669 2311 2724 2358 et
2759 2305 2873 2359 haec
2907 2308 3091 2362 omnia
3141 2308 3468 2377 adjiciantur
3496 2311 3648 2366 vobis
3671 2310 3749 2364 ".i

512 2399 654 2466 Quin
701 2410 756 2457 et
799 2401 917 2474 ipse
955 2417 1171 2472 quoque
1214 2401 1428 2472 Moyses
1473 2411 1622 2457 tanto
1667 2411 1792 2456 ante
1852 2401 1922 2455 ab
1966 2415 2030 2454 ea
2085 2397 2331 2453 doctrina
2378 2413 2500 2467 quae
2546 2397 2716 2452 Deum
2772 2400 2948 2468 ipsum
2999 2401 3321 2471 praedicaret
3371 2419 3631 2469 exorsus,
3681 2406 3756 2458 ubi

513 2511 626 2552 suae
667 2495 924 2568 deinceps
973 2497 1284 2566 reipublicae
1318 2497 1573 2562 formam,
1617 2505 1673 2552 et
1719 2495 1983 2568 quidquid
2014 2493 2099 2548 vel
2137 2492 2205 2548 ad
2249 2501 2562 2548 contractus
2596 2497 2857 2558 mutuos,
2903 2494 2985 2549 vel
3032 2495 3100 2549 ad
3137 2497 3446 2552 communis
3511 2497 3635 2551 vitae
3683 2512 3755 2550 ra-

512 2588 688 2643 tiones
737 2598 791 2644 et
841 2589 1089 2643 instituta
1122 2589 1460 2658 pertinebat,
1493 2591 1558 2644 ad
1597 2589 1728 2644 illud
1764 2589 2095 2660 principium
2137 2594 2261 2658 apte
2312 2593 2786 2655 consentaneeque
2829 2585 3078 2657 digessit,
3133 2596 3250 2642 tum
3300 2590 3547 2644 omnium
3601 2600 3757 2646 custo—

511 2680 608 2735 des
643 2681 1035 2752 praefectosque
1085 2691 1254 2747 creat,
1292 2683 1439 2737 viros
1472 2693 1524 2738 et
1587 2683 1691 2753 ipsi
1720 2682 1833 2737 Deo
1867 2689 2242 2745 consecratos,
2277 2687 2334 2734 et
2359 2677 2818 2749 quemadmodum
2866 2678 3146 2750 Scriptura
3193 2690 3446 2746 testatur,
3510 2694 3572 2737 ut
3615 2684 3759 2752 aequi-

513 2782 622 2828 tate
670 2781 1009 2845 praestantes,
1067 2774 1148 2830 sic
1195 2776 1263 2829 ab
1316 2776 1463 2830 omni
1513 2777 1822 2848 arrogantia
1870 2792 2098 2849 prorsus
2165 2775 2410 2841 alienos,
2464 2790 2712 2846 quosque
2757 2777 2954 2844 partim
3008 2777 3330 2847 prudentiae,
3384 2781 3588 2850 partim
3641 2794 3760 2834 vet:

513 2866 690 2922 laudis
719 2867 862 2923 viam
893 2869 1157 2925 institisse
1183 2880 1529 2940 cOgnoverat.

1084 2961 1313 3018 CAPUT
1361 2964 1526 3019 XVII.

514 3055 686 3123 Quam
723 3055 1040 3126 prwclarum
1075 3058 1145 3108 sit
1191 3072 1378 3124 pueros
1428 3076 1460 3110 a
1516 3059 1690 3126 prium
1728 3060 1910 3112 statim
1936 3067 2093 3112 wtale

728 3126 828 3194 piis
861 3125 1218 3196 religiosisque
1251 3129 1482 3181 moribus
1518 3125 1879 3198 assuefacere.

591 3235 608 3265 ‹
646 3215 907 3286 Equidem
930 3258 945 3283 ,
980 3218 1157 3287 inquit
1183 3217 1366 3284 Plato,
1406 3220 1484 3274 sic
1517 3229 1716 3285 statuo,
1768 3235 2096 3290 quacunque

514 3325 573 3364 re
601 3318 857 3379 praestare
889 3310 1012 3380 quis
1046 3311 1174 3363 olim
1209 3321 1261 3365 et
1286 3313 1551 3366 excellere
1583 3313 1834 3376 voluerit,
1871 3313 1922 3365 in
1954 3312 2096 3366 hanc

514 3403 618 3471 ipsi
645 3402 757 3471 jam
782 3400 907 3456 inde
937 3416 968 3454 a
997 3401 1182 3470 pueris
1210 3401 1632 3456 incumbendum
1665 3417 1809 3464 esse,
1846 3412 2010 3473 atque
2039 3405 2094 3456 in

515 3493 584 3547 iis
611 3509 731 3563 qua:
752 3507 875 3546 cum
901 3492 989 3546 illa
1015 3492 1304 3562 conjuncta
1330 3502 1477 3555 sunt,
1507 3503 1618 3546 tum
1654 3493 1948 3560 lusitando,
1980 3505 2094 3549 tum

516 3587 661 3641 serio
691 3585 1042 3656 studioseque
1068 3587 1416 3641 versandum.
1451 3585 1661 3656 Quippe
1688 3587 1780 3657 qui
1813 3586 1896 3642 vel
1919 3587 2095 3643 bonus

516 3676 776 3747 agricola,
803 3678 884 3731 vel
922 3677 1129 3747 peritus
1161 3678 1493 3734 architectus
1521 3693 1645 3735 esse
1669 3679 1834 3745 volet,
1868 3680 2014 3735 hunc
2040 3681 2094 3734 in

513 3767 815 3838 puerilibus
862 3769 1188 3838 quibusdam
1232 3769 1506 3835 aediculis,
1557 3771 1708 3826 illum
1759 3771 1812 3826 in
1867 3773 2095 3828 colendo

516 3874 650 3930 agro
685 3859 872 3915 ludere
898 3861 1190 3930 oportebit,
1226 3877 1363 3931 quos
1400 3863 1626 3932 proinde
1654 3863 1748 3933 qui
1782 3864 2096 3921 educandos

517 3950 978 4021 susceperit,eum
1011 3965 1108 4006 sua
1131 3952 1328 4023 cuique
1353 3953 1476 4008 licet
1505 3954 1701 4024 exigua
1734 3957 1982 4025 quaedam
2014 3958 2098 4011 in-

517 4051 840 4108 strumenta,
871 4058 994 4112 quae
1023 4060 1148 4098 vera
1182 4045 1270 4098 illa
1307 4044 1588 4100 imitentur
1612 4089 1626 4112 ,
1655 4063 1974 4117 comparare
2002 4066 2096 4105 ne-

515 4152 670 4192 cesse
701 4137 824 4191 erit.
889 4135 1154 4192 Praeterea
1175 4177 1189 4203 ,
1227 4139 1492 4210 quidquid
1526 4155 1651 4194 eum
1698 4140 1753 4194 in
1781 4144 1942 4195 linem
1972 4151 2098 4197 ante

517 4230 658 4285 scire
687 4246 825 4300 opus
854 4241 957 4296 est,
989 4232 1142 4302 prius
1176 4233 1400 4288 omnino
1433 4234 1848 4300 perdiscendum
1887 4253 1902 4290 :
1930 4244 1990 4290 ut
2016 4235 2100 4290 fa-

516 4322 618 4378 bro
649 4338 920 4378 mensurae
969 4325 1319 4395 amussisque
1348 4326 1588 4381 rationes
1634 4329 1904 4394 tenendae,
1937 4329 2095 4384 militi

516 4429 665 4468 nunc
707 4415 835 4470 ludo
867 4416 1220 4485 equitandnm
1250 4455 1265 4480 ,
1320 4433 1466 4472 nunc
1501 4418 1552 4471 id
1588 4434 1757 4489 genus
1789 4421 1937 4475 aliud
1966 4421 2096 4491 quid

2715 2956 3110 3010 ΚΕΦΑΛΑΙΟΝ
3157 2959 3254 3011 ΙΖ’.

2203 3053 2332 3105 ’Ὅτι
2354 3050 2546 3106 καλὸν
2575 3049 2645 3114 ἐξ
2673 3049 2759 3103 ἔτι
2781 3049 2924 3113 νέας
2950 3031 3192 3114 fiduciac-
3225 3050 3368 3114 τοὺς
3404 3049 3630 3115 παῖδας
3659 3049 3764 3112 τοῖς

2419 3120 2530 3190 τῆς
2558 3120 2901 3184 θεοσεϐείας
2930 3119 3135 3176 ἔθεσιν
3161 3120 3573 3190 ἐγγυμνάζΞ-ῖιν.

2273 3234 2290 3265 ι
2333 3214 2491 3282 Λέγω
2517 3209 2609 3267 οῦν
2637 3212 2748 3284 (95)
2777 3213 2868 3264 καί
2899 3230 3039 3284 φημι
3065 3211 3155 3264 τὸν
3179 3213 3356 3266 ὁτιοῦν
3381 3213 3593 3281 ἀγαθὸν
3622 3212 3766 3280 ἄνδρα

2201 3306 2460 3378 μέλλοντα
2482 3304 2722 3368 ἔσεσθαι,
2755 3304 2900 3358 τοῦτ’
2934 3305 3065 3358 αὐτὸ
3096 3307 3160 3358 ἐκ
3194 3305 3402 3359 παίδων
3436 3305 3605 3368 εὐθὺς
3632 3305 3763 3374 μελε-

2199 3401 2318 3470 τᾷν,
2354 3398 2621 3461 παίζοντά
2645 3415 2705 3450 τε
2744 3398 2836 3451 καὶ
2859 3398 3226 3462 σπουδάζοντα
3254 3399 3310 3451 ὲν
3349 3403 3466 3463 τοῖς
3509 3399 3606 3452 τοῦ
3650 3399 3768 3468 πρά-

2197 3509 2232 3559 γ
2246 3507 2412 3561 ματος
2438 3488 2666 3543 ἑκάστου
2692 3489 3080 3560 προσήκουσιν.
3104 3486 3227 3542 Οἴον
3243 3490 3331 3542 τὸν
3351 3492 3623 3562 μέλλοντα
3651 3493 3766 3558 ira:

2199 3581 2288 3636 θὸν
2311 3581 2530 3635 ἔσεσθαι
2564 3581 2828 3653 γεωργὸν,
2859 3583 2892 3652 ἥ
2925 3599 3045 3634 τινα
3073 3583 3354 3651 οἰκοδόμον
3375 3601 3388 3612 ο
3431 3585 3530 3637 τὸν
3574 3585 3670 3655 μὲν
3706 3585 3769 3634 εἰ·

2200 3671 2533 3743 κοδομοῦντά
2559 3689 2612 3724 τι
2635 3671 2744 3724 τῶν
2779 3671 3046 3725 παιδικῶν
3078 3671 3540 3743 οἰκοδομημάτων
3577 3673 3768 3734 παίζειν

2198 3764 2337 3835 χρή·
2367 3763 2460 3818 τὸν
2489 3763 2534 3816 δ’
2581 3759 2648 3818 αὖ
2676 3764 3025 3835 γεωργοῦντα
3048 3780 3062 3794 ο
3118 3766 3211 3818 καὶ
3265 3765 3482 3835 ὄργανα
3545 3764 3771 3834 ἐκατέρῳ

2201 3853 2409 3928 σμικρὰ
2430 3856 2537 3908 τῶν
2560 3854 2829 3924 ἀληθινῶν
2870 3855 3162 3926 μιμήματα
3203 3859 3654 3924 παρασκευάζειν
3694 3857 3770 3906 τὸν

2198 3946 2464 4020 τρέφοντα
2487 3945 2663 3998 αὐτῶν
2691 3945 2971 4018 ἑκάτερον.
3005 3947 3113 3998 Καὶ
3135 3947 3199 4017 δὴ
3228 3947 3324 4001 καὶ
3358 3947 3474 4000 τῶν
3530 3948 3772 4020 μαθημά-

2198 4055 2305 4091 των
2357 4040 2456 4094 ὂσα
2487 4041 2758 4107 ἀναγκαῖα
2793 4038 3297 4110 προμεμαθηκέναι,
3335 4042 3771 4112 προμανθάνειν·

2197 4125 2309 4182 οἷον
2339 4129 2564 4186 τέκτονα
2589 4131 2826 4201 μετρεῖν,
2864 4129 2895 4200 ἢ
2932 4129 3304 4199 σταθμᾶσθαι,
3356 4131 3454 4184 καὶ
3493 4130 3777 4201 πολεμικὶν

2201 4221 2449 4275 ἱππεύειν
2483 4222 2762 4286 παίζοντα,
2793 4224 2827 4292 ἦ
2855 4239 2906 4274 τι
2954 4222 3061 4273 τῶν
3103 4221 3362 4275 τοιούτων
3401 4223 3542 4276 ἄλλο
3579 4221 3777 4274 ποιοῦν-

2198 4331 2264 4367 τα
2293 4315 2403 4386 (94)
2427 4333 2441 4345 ο
2467 4315 2563 4371 καὶ
2595 4314 2885 4386 πειρᾶσθαι
2913 4313 3001 4367 διὰ
3048 4314 3155 4367 τῶν
3189 4315 3417 4368 παιδιῶν
3452 4318 3640 4371 ἐκεῖσε
3667 4315 3778 4384 τρέε

2203 4423 2325 4458 πειν
2350 4405 2450 4470 τὰς
2483 4406 2676 4476 ἡδονάς
2714 4407 2809 4458 καὶ
2834 4405 3129 4476 ἐπιθυμίας
3160 4405 3266 4459 τῶν
3295 4407 3512 4460 παξδων
3539 4448 3556 4471 ,
3591 4402 3646 4460 οἷ
3669 4408 3780 4473 άξε-

517 4507 854 4562 actitandum
887 4525 900 4562 ι
932 4524 1178 4578 prorsus,
1213 4518 1274 4563 ut
1297 4510 1418 4580 ipso
1442 4527 1662 4582 quoque
1696 4514 1851 4569 lusus
1877 4530 2092 4584 genere,

2207 4495 2465 4565 κομένους
2502 4495 2697 4559 αὐτοὺς
2721 4495 2802 4548 δεῖ
2824 4495 2976 4559 τέλος
2999 4496 3160 4566 ἔχειν.
3201 4498 3524 4566 Κεφάλαιον
3560 4499 3620 4551 δὲ
3669 4513 3781 4549 παι-

515 4601 824 4670 voluptates
855 4615 921 4656 eo
952 4602 1389 4673 cupiditatesque
1423 4621 1714 4674 puerorum
1753 4595 1971 4663 flectere
1999 4624 2095 4664 co-

517 4709 732 4757 nemur,
765 4709 875 4764 quo
905 4696 1123 4759 tandem
1155 4711 1250 4752 eos
1280 4704 1540 4768 tanquam
1571 4699 1636 4754 ad
1668 4702 1828 4754 linem
1855 4702 2098 4771 aspirare

590 4833 638 4864 ³³
678 4833 871 4890 Matth.
905 4851 980 4902 vr,
1015 4836 1104 4890 35.

518 4947 735 5017 opinor,
763 4948 933 5017 gloria
963 4959 1070 5011 est,
1121 4951 1291 5006 multa
1335 4953 1480 5006 enim
1511 4951 1665 5006 Plato
1693 4953 1759 5008 de
1806 4954 1964 5009 laude
1997 4955 2095 5009 bo—

519 5020 690 5094 uestis
729 5020 1038 5074 actionibus
1081 5021 1367 5094 tribuenda
1406 5023 1812 5093 disputaverat,
1853 5027 2096 5094 adeoque

517 5090 766 5156 proxime
805 5099 930 5145 ante
977 5091 1245 5157 κατιδών,
1308 5091 1362 5146 in
1416 5090 1799 5163 eo’prawipue
1847 5090 2096 5150 versatus

517 5169 653 5212 erat.

591 5229 702 5298 (89)
743 5229 895 5285 Plato
921 5231 1044 5286 add.
1080 5231 1222 5284 τινά.

591 5301 702 5375 (90)
749 5300 926 5365 Τάξιν
957 5304 1266 5375 εἰληφότα.
1318 5301 1486 5375 F_i_cin.
1509 5343 1524 5369 ,
1556 5315 1605 5359 et
1640 5321 1872 5375 quonam
1911 5306 2095 5359 ordine

518 5373 690 5439 posita
745 5383 960 5438 pateant
1021 5372 1133 5435 illi,
1176 5382 1280 5428 etc.
1339 5372 1562 5440 Vereor,
1626 5372 1686 5429 ut
1745 5373 1985 5432 Platonis
2027 5393 2094 5430 ex

521 5450 719 5514 inelite.
749 5441 870 5496 Haec
895 5442 1038 5496 enim
1065 5459 1132 5499 ex
1163 5444 1540 5512 superioribus
1559 5446 1908 5514 intelligenda
1941 5457 2090 5511 sunt,

523 5511 610 5562 ubi
643 5510 711 5563 de
749 5514 974 5575 ordine,
1006 5529 1114 5582 quo
1147 5510 1312 5569 statui
1343 5514 1486 5584 leges
1515 5510 1821 5584 oporteret,
1851 5510 2094 5580 disputa-

521 5591 634 5653 tum
685 5592 842 5653 erat:
879 5598 1041 5652 quem
1092 5584 1208 5653 ipse
1259 5584 1504 5640 ordinem
1547 5587 1599 5639 in
1649 5586 1991 5641 Cretensium
2041 5596 2096 5642 et

522 5648 1058 5707 Lacedmmoniorum
1104 5648 1314 5727 legibus
1342 5656 1538 5724 aperiri
1567 5656 1753 5727 vellet,
1786 5659 1880 5725 qui
1905 5657 2093 5727 peritis

523 5728 684 5798 notus
728 5738 792 5776 ac
832 5734 1147 5792 perspectus
1195 5725 1518 5794 haberetur,
1568 5726 1692 5784 aliis
1741 5725 1919 5784 tamen
1962 5742 2090 5798 per-

521 5793 788 5848 obscurus
813 5805 974 5848 esset.

2197 4583 2344 4647 δείας
2398 4583 2627 4654 λέγομεν
2672 4584 2772 4655 τὴν
2830 4584 2994 4656 ὀρθὴν
3026 4585 3231 4657 τροφὴν
3255 4626 3270 4649 ,
3297 4588 3330 4656 ἢ
3364 4587 3466 4640 τοῦ
3504 4589 3781 4652 παίζοντος

2197 4673 2294 4746 τὴν
2329 4673 2508 4746 ψυχὴν
2537 4676 2616 4738 εἰς
2648 4674 2825 4746 ἔρωτα
2846 4675 2925 4727 ὅτι
2949 4674 3180 4745 μάλιστα
3203 4675 3320 4742 ἄξει
3356 4675 3585 4742 τούτου,
3623 4677 3651 4730 ὃ
3672 4675 3781 4744 δεή-

2270 4957 2383 5029 (91)
2427 4959 2678 5029 Ἀλλοις
2715 4956 2874 5026 ἡμῖν.
2911 4956 3176 5022 Prorsus,
3220 4967 3277 5012 ut
3317 4971 3421 5010 nos
3468 4957 3783 5029 vernacule.

2197 5030 2231 5081 ὰ
2257 5026 2388 5081 unus
2416 5037 2616 5082 autres.
2646 5026 2819 5092 Quem
2853 5031 3015 5082 etiam
3041 5029 3374 5098 idiotismum
3406 5029 3571 5098 apud
3602 5027 3786 5078 Demo-

2199 5101 2445 5154 sthenem
2482 5112 2590 5152 non
2621 5100 2789 5152 semel
2819 5099 2982 5167 leges,
3016 5108 3073 5152 ut
3105 5099 3160 5151 in
3198 5096 3478 5161 Mediana,
3513 5099 3631 5150 τῶν
3663 5100 3786 5149 ἴσων

2197 5170 2257 5220 οὐ
2307 5170 2521 5240 μετεῖχε
2552 5169 2663 5240 τοῖς
2693 5168 2871 5232 ἄλλοις
2905 5171 3054 5240 ἡμῖν.
3090 5168 3166 5240 Μ.
3196 5167 3349 5240 Plato
3391 5167 3450 5220 in
3508 5167 3785 5240 Thaletem,

2197 5237 2409 5309 ήμίνδὲ
2434 5240 2546 5300 τοῖς
2581 5237 2782 5302 ἄλλοις,
2827 5237 2956 5309 περὶ
2983 5240 3080 5309 τῆς
3115 5239 3214 5309 σῆς
3250 5237 3532 5309 κρίσεως,
3565 5239 3786 5308 πότερον

2197 5308 2296 5361 οὐκ
2318 5308 2432 5362 ἐστι
2457 5311 2672 5379 κριταῖς
2699 5308 2948 5376 γενέσθαι
2969 5325 2983 5375 ;

2270 5379 2381 5450 (92)
2409 5377 2546 5450 ,Τὴν
2585 5379 2944 5450 βασιλείαν,
2989 5377 3581 5450 καὶᾲδικαιοσιξνην.
3633 5378 3793 5450 Addi-

2196 5447 2370 5575 rkllisset'
2397 5447 2574 5574 ῆασιλ.
2624 5447 2716 5503 τοῦ
2760 5447 2916 5514 Θεοῦ,
2963 5449 3058 5503 καὶ
3099 5448 3208 5503 δικ.
3254 5447 3456 5514 αὑτοῦ,
3500 5461 3566 5505 ut
3613 5462 3700 5506 est
3741 5448 3791 5504 in

2245 5536 2415 5575 vanae
2440 5534 2514 5572 ιο.

2227 5521 2514 5574 lvanaelio.

2197 5536 2514 5590 Mangeno.

2432 5587 2598 5657 Λέγω
2642 5583 2778 5645 οὖν.
2817 5587 3006 5659 Plato,
3061 5589 3158 5648 lib.
3212 5605 3227 5644 ι
3274 5585 3441 5659 ch.,
3510 5606 3644 5664 pag.
3694 5589 3792 5644 572

2243 5676 2392 5715 ICIIII.

2268 5730 2381 5785 t9.“
2419 5727 2597 5799 Plato,
2634 5731 2824 5794 ποιεῖς.
