3872 6368
141 295 233 352 981

1288 300 1617 358 PREPAR.
1660 301 1911 364 EVANG.
1955 307 2082 365 LIB.
2124 308 2237 364 XII.

3314 306 3418 361 982

142 434 221 471 σει
251 416 548 489 γενόμενον
571 417 741 490 ἄνδρα
774 421 934 475 αὐτὸν
958 420 1161 476 τέλειον
1189 417 1326 477 εἶναι
1352 423 1452 493 τῆς
1476 425 1570 478 τοῦ
1594 426 1725 497 πρά-

1841 429 2136 500 cupiamus.
2195 427 2373 501 Caput
2421 432 2565 488 enim
2616 426 2919 498 disciplinze
2976 424 3158 478 omnis
3213 431 3415 475 rectam

138 528 346 583 γματος
366 511 591 583 ἀρετῆς.
623 533 641 565 ι
664 514 775 567 Καὶ
792 513 950 568 τοῦτο
968 514 1256 588 προλαϐὼν
1277 517 1537 589 Μωῦσῆς,
1556 519 1725 589 ὲνομο

1841 523 2218 579 educationem
2264 541 2388 581 esse
2440 525 2824 587 defendimus,
2879 534 3001 591 quae
3053 518 3136 571 vel
3182 515 3419 569 ludentis

140 602 368 673 θέτησεν
397 602 638 674 είρηκώς
661 621 674 633 ·
706 624 724 655 ι
759 606 867 659 Καὶ
898 604 1049 659 ἔσται
1079 607 1146 660 τὰ
1178 608 1402 678 ῥήματα
1428 607 1603 662 ταῦτα
1632 610 1734 663 ὅσα

139 692 249 762 ἐγὼ
276 693 596 765 ἐντέλλομαί
624 712 705 749 σοι
733 698 993 768 σήμερον,
1023 700 1080 751 ὲν
1107 702 1173 769 τῇ
1198 699 1395 772 καρδίᾳ
1429 717 1523 753 σου
1559 702 1652 754 καὶ
1674 701 1733 753 ὲν

138 787 203 856 τῇ
235 785 385 857 ψυχῇ
430 802 545 850 σου,
582 789 677 841 καὶ
703 788 1056 859 προϐιϐἀσεις
1085 791 1223 845 αὐτὰ
1254 795 1367 856 τοῖς
1397 793 1533 856 υἱοῖς
1559 810 1673 847 σου.
1704 813 1725 849 ι

145 879 209 929 ’0
230 876 297 947 δὴ
324 877 422 930 καὶ
445 879 705 949 πράττειν
728 879 955 951 σύνηθες
979 883 1166 935 παισὶν
1200 883 1488 956 Ἐϐραίων,
1506 884 1565 951 ἐξ
1590 886 1730 939 ἁπα-

137 972 234 1043 λῆς
261 972 482 1042 ἡλικίας
504 974 627 1036 τοὺς
655 973 807 1037 νέους
829 975 1073 1039 ἃπαντας
1110 978 1223 1039 τοῖς
1270 976 1371 1046 τῆς
1418 976 1729 1040 θεοσεϐείας

140 1064 510 1135 παιδεύμασιν
551 1066 934 1136 ἀνατρέψουσι.
988 1067 1158 1121 Τοῦτο
1209 1068 1264 1121 δὲ
1293 1069 1387 1123 καὶ
1434 1072 1514 1134 είς
1548 1070 1727 1141 δεῦρο,

138 1159 281 1212 κατά
310 1177 366 1212 τι
400 1159 627 1230 πάτριον
650 1158 789 1223 ἔθος,
814 1158 967 1231 παρὰ
996 1160 1074 1231 τῷ
1115 1162 1383 1218 Ἰουδαίων
1408 1164 1550 1218 ἔθνει
1568 1181 1731 1218 σπου-

136 1268 381 1315 οαςεται.

1838 616 2078 670 animum
2132 618 2185 670 in
2226 616 2346 687 ejus
2375 620 2451 672 rei
2481 633 2725 673 amorem
2763 615 3018 671 facillime
3048 611 3324 682 perducet,
3362 608 3418 661 in

1836 723 1943 778 qua
1965 708 2143 762 virum
2176 710 2306 763 olim
2338 725 2553 765 summa
2586 726 2708 766 cum
2735 708 2992 778 facultate
3022 720 3086 759 ac
3116 702 3272 757 laude
3298 716 3417 753 vcr-

1836 777 1946 852 sari
1985 799 2307 867 oportebit.)
2358 799 2516 871 591
2554 800 2633 856 Ita
2661 777 2834 855 Plato.
2905 797 3057 864 Quod
3098 796 3275 865 ipsum
3303 792 3416 862 jam

1836 900 1963 943 ante
1990 888 2206 962 Moyses
2249 900 2631 962 occupaverat,
2659 907 2782 947 cum
2823 890 2897 945 ita
2927 886 3207 957 conceptis
3235 883 3416 938 verbis

1838 960 2097 1035 statuerit
2126 998 2142 1036 :
2184 1000 2202 1033 ι
2239 960 2522 1053 Ετιιηὶιιυέ
2554 984 2718 1038 verba
2751 984 2887 1048 haec,
2918 995 3040 1051 qum
3084 992 3184 1049 ego
3228 975 3419 1046 praeci-

1837 1073 1928 1143 pio
1959 1073 2055 1127 tibi
2100 1074 2284 1141 hodie,
2318 1076 2372 1130 in
2405 1076 2570 1132 corde
2596 1084 2723 1144 tuo,
2774 1085 2828 1130 et
2869 1076 2922 1128 in
2960 1072 3139 1127 anima
3185 1079 3312 1132 tua,
3364 1077 3418 1123 et

1836 1164 2090 1221 narrabis
2116 1183 2178 1222 ea
2202 1167 2328 1222 filiis
2360 1168 2469 1224 tuis
2495 1168 2563 1221 “.
2592 1186 2609 1219 ι
2634 1167 2804 1233 Quem
2838 1182 2969 1222 sane
3007 1180 3211 1219 morem
3234 1161 3418 1233 junio-

1832 1272 1922 1312 res
1971 1274 2162 1315 omnes
2210 1260 2427 1330 pietatis
2479 1276 2542 1314 ac
2588 1260 2867 1331 religionis
2908 1257 3192 1328 praeceptis
3246 1252 3416 1310 infor-

138 1346 346 1411 mandi,
377 1345 561 1413 etiam
589 1345 716 1399 olim
750 1343 960 1400 Hebraei
1010 1354 1322 1410 tenuerunt,
1378 1359 1431 1403 et
1491 1348 1774 1417 hucusque
1814 1356 2071 1420 tauquam
2122 1354 2357 1421 patrium
2413 1354 2631 1424 aliquod
2680 1354 2986 1407 institutum
3029 1348 3213 1403 Iudaea
3270 1347 3417 1400 natio

142 1455 357 1495 summa
393 1440 673 1510 diligentia
703 1440 992 1509 studioque
1025 1452 1335 1498 conservat.

653 1532 1049 1585 ΚΕΦΛΛΑΙΟΝ
1103 1534 1211 1585 IH'.

146 1622 269 1696 Ὀτι
300 1624 585 1696 παιδείαν
616 1624 735 1693 χρὴ
768 1624 1264 1696 μόνην-ἡγεῖσθαι
1306 1626 1421 1695 τὴν
1463 1630 1551 1691 εἰς
1590 1627 1723 1696 ἀρε-

207 1695 321 1768 ζὴν
351 1694 773 1768 προάγουσαν·
801 1695 1030 1768 ames
1056 1696 1172 1768 τῂν
1189 1700 1277 1761 είς
1302 1694 1724 1768 χρηματισμὸν

190 1766 246 1834 ἢ
279 1782 414 1819 τινα
436 1764 904 1834 βιοπορίστικὴν
933 1764 1344 1833 ἐπιτήδευσικῖ

218 1945 235 1976 ι
260 1926 350 1997 Μὴ
377 1926 561 1978 τοίνυν
580 1927 689 1993 (95)
719 1928 899 1999 μηδὲὸ
928 1927 1162 2000 λέγομεν
1184 1927 1320 1983 εἶναι
1339 1932 1607 1996 παιδείαν,
1626 1932 1720 1986 ἀό-

150 2033 319 2090 ριστον
337 2020 588 2091 γένηται.
620 2020 733 2073 Νῦν
766 2022 873 2093 γὰρ
900 2021 1247 2088 ὀνειδίζοντες
1274 2024 1623 2089 ἐπαινοῦντές
1664 2043 1722 2078 τε

148 2112 384 2165 ἑκάστων
415 2112 516 2173 τὰς
533 2112 759 2182 τροφὰς,
792 2114 1042 2186 λέγομεν,
1069 2115 1144 2178 ὠς
1166 2117 1257 2169 τὸν
1305 2117 1403 2188 μὲν
1428 2118 1713 2172 πεπαιδευ-

151 2204 299 2272 μένον
319 2203 482 2274 ἡμῶν
508 2204 616 2273 (96)
646 2206 775 2258 δντα
796 2207 937 2271 τινὰ,
969 2207 1061 2260 τὸν
1085 2208 1140 2261 δὲ
1166 2209 1487 2263 ἀπαίδευτον
1505 2250 1519 2273 ,
1552 2212 1721 2264 ἐνίοτε

148 2293 220 2356 είς
238 2294 347 2364 (97)
380 2312 440 2347 τε
466 2294 566 2358 τὰς
586 2297 911 2368 καπηλείας,
938 2300 1030 2351 καὶ
1053 2300 1405 2372 ναυκληρίας,
1432 2303 1525 2355 καὶ
1548 2303 1724 2357 ἄλλων

149 2386 299 2438 τινῶν
323 2386 581 2441 τοιούτων
614 2388 847 2459 μάλιστα
888 2390 998 2461 (98)
1030 2392 1474 2462 πεπαιδευμένων
1519 2394 1722 2464 σφόδρα

148 2478 463 2549 ἀνθρώπων.
490 2480 565 2532 Ού
593 2480 702 2551 γάρ
723 2480 894 2535 ταῦτα
914 2483 1249 2553 ἡγουμένων,
1268 2483 1343 2547 ὡς
1362 2484 1557 2547 ἔοικεν,
1586 2480 1723 2538 εἶναι

149 2570 393 2623 staﬁda-1
421 2570 531 2639 (99)
553 2574 581 2625 ό
605 2572 697 2625 νῦν
720 2573 876 2642 λόγος
902 2573 966 2626 ἂν
989 2575 1073 2646 εἴη
1100 2592 1111 2604 ·
1135 2576 1233 2646 τὴν
1265 2576 1321 2629 δὲ
1350 2577 1486 2648 πρὸς
1521 2578 1723 2650 ἀρετὴν

148 2664 205 2715 ἐκ
251 2665 462 2718 παίδων
504 2664 772 2727 παιδείαν,
835 2666 1091 2720 ποιοῦσαν
1144 2669 1486 2741 ἐπιθυμητήν
1538 2688 1595 2722 τε
1631 2671 1725 2723 κα)⁸

149 2755 379 2827 ἐραστὴν
410 2758 507 2811 τοῦ
530 2758 751 2831 πολίτην
773 2760 1024 2828 γενέσθαι
1050 2761 1230 2815 τέλεον
1250 2802 1264 2824 ,
1302 2763 1488 2833 ἄρχειν
1530 2780 1588 2815 τε
1631 2763 1725 2815 καὶ

150 2850 405 2920 ἄρχεσθαι
429 2852 788 2921 ἐπιστάμενον
812 2855 948 2923 μετά
965 2855 1137 2925 δίκης.
1162 2855 1380 2926 Ταύτην
1398 2855 1495 2927 τὴν
1517 2857 1724 2928 τροφὴν

150 2941 546 3013 ἀσορισάμενος
576 2946 605 2996 ὁ
646 2945 802 3014 λόγος
844 2938 1016 3009 οὗτος,
1042 2946 1116 3011 ὡς
1164 2948 1287 3017 ἐμοὶ
1327 2948 1573 3016 φαίνεται
1620 2949 1719 3018 (1),

150 3032 239 3087 νῦν
274 3034 504 3104 βούλοιτ’
534 3037 599 3089 ἂν
628 3038 794 3108 μόνην
819 3039 1067 3093 παιδείαν
1104 3040 1534 3112 προσαγορεύειν
1555 3058 1568 3071 ο
1624 3041 1722 3113 τὴν

150 3128 202 3180 δὲ
225 3130 303 3189 εἰς
336 3128 599 3197 χρήματα
628 3128 924 3193 τείνουσαν,
949 3131 983 3201 ῆ
1011 3148 1132 3184 τινα
1159 3132 1293 3203 πρὸς
1341 3134 1510 3203 ἰσχὺν,
1556 3132 1589 3205 ἢ
1628 3133 1723 3187 καὶ

152 3221 280 3291 πρδς
304 3221 473 3288 ἀλλην
496 3220 613 3272 τι·ιά
638 3221 826 3289 σοφίαν
859 3223 985 3276 ἄνευ
1010 3222 1100 3276 νοῦ
1124 3226 1217 3277 καὶ
1243 3226 1418 3297 δίκης,
1460 3226 1724 3296 βάναυσόν

149 3329 203 3364 τε
233 3308 375 3367 εἶναι
399 3314 494 3365 καὶ
522 3313 899 3384 ἀνελεύθερον,
944 3317 1038 3368 καὶ
1080 3317 1179 3370 οίρκ
1214 3317 1371 3382 ἀξίαν
1403 3321 1725 3389 τοπαράπαν

150 3406 395 3458 παιδείαν
416 3405 711 3461 καλεῖσθαι.
759 3408 947 3479 Ἡμεῖς
984 3408 1040 3461 δὲ
1085 3410 1249 3479 μηδὲν
1293 3412 1514 3484 ὀνόματι
1541 3413 1726 3483 διαιρε-

149 3495 367 3568 ρώμεθα
392 3499 595 3563 αὐτοῖς,
618 3499 731 3554 ἀλλ’
757 3501 785 3552 ὁ
809 3499 903 3554 νῦν
930 3500 991 3571 δὴ
1018 3501 1175 3571 λόγος
1210 3506 1340 3574 ἡμῖν
1375 3506 1727 3577 ὁμολογηθεὶς

150 3590 353 3658 μενέτω
373 3607 389 3618 °
416 3591 493 3654 ὠς
518 3592 571 3643 οἵ
597 3610 659 3660 γε
691 3593 867 3664 ὀρθῶς
908 3597 1330 3666 πεπαιδευμένοι
1366 3598 1549 3668 σχεδὸν
1590 3600 1727 3667 ἀγα-

147 3679 226 3733 θοὶ
247 3681 510 3749 γίνονται.
536 3684 644 3736 Καὶ
659 3684 739 3737 δεῖ
756 3686 819 3756 δὴ
841 3688 938 3757 τὴν
968 3688 1214 3740 παιδείαν
1245 3689 1493 3760 μηδαμοῦ
1531 3690 1727 3761 ἀτιμά-

148 3769 277 3837 ζειν,
304 3773 385 3836 ὡς
410 3773 627 3846 πρῶτον
646 3775 754 3828 τῶν
775 3777 1073 3831 καλλίστων
1094 3783 1207 3843 τοῖς
1230 3780 1473 3852 ἀρίστοις
1503 3782 1727 3855 ἀνδράσι

150 3868 649 3938 παραγιγνόμενον*
682 3870 774 3923 καὶ
809 3870 1011 3924 εἴποτε
1050 3872 1328 3943 ἐξέρχεται
1350 3914 1365 3938 ,
1407 3875 1631 3929 δυνατὸν
1669 3876 1727 3929 δέ

147 3961 259 4012 ἐστι
280 3961 423 4012 κατά
442 3960 669 4031 δύναμιν
701 3961 775 4029 (2)
812 3963 1263 4036 ἐπανορθοῦσθαι,
1301 3984 1460 4020 τουτο
1486 3968 1569 4021 ἀεὶ
1599 3968 1727 4041 δρα-

150 4050 299 4103 στέον
326 4050 414 4103 διὰ
442 4050 559 4120 βίου
594 4054 755 4105 παντὶ
784 4054 925 4107 κατὰ
944 4054 1193 4127 δύναμιν,
1234 4076 1250 4107 ι
1284 4058 1394 4111 Καὶ
1416 4060 1474 4111 ὲν
1500 4059 1577 4131 τῷ
1604 4061 1725 4115 δευ-

147 4138 285 4209 τέρῳ
302 4140 361 4193 δὲ
388 4140 496 4193 τῶν
518 4142 727 4210 Νόμων
753 4145 992 4213 ἐπιλέγει
1013 4163 1026 4176 ο
1068 4166 1085 4198 ι
1116 4148 1371 4202 Παιδείαν
1398 4150 1472 4222 (3)
1494 4151 1556 4222 δὴ
1586 4152 1729 4222 λέγω

148 4230 242 4299 τὴν
283 4232 730 4304 παραγινομένην
766 4236 978 4305 πρῶτον
1012 4239 1198 4293 παισὶν
1248 4241 1471 4313 ἀρετήν.
1534 4245 1727 4316 Ἡδονὴ

149 4320 223 4385 δὲ,
245 4327 341 4378 καὶ
374 4325 544 4395 φιλία,
575 4328 667 4379 καὶ
687 4326 853 4398 λύπη,
888 4328 979 4383 καὶ
1010 4333 1161 4401 μῖσος
1194 4332 1288 4384 ἐὰν
1319 4333 1495 4403 ὀρθῶς
1530 4336 1588 4388 ὲν
1627 4336 1727 4406 ψυ-

150 4420 264 4485 χαῖς
306 4419 690 4487 ἐγγίγνωνται,
750 4421 915 4491 μήπω
951 4421 1262 4492 δυναμένων
1315 4423 1473 4493 λόγον
1520 4425 1727 4497 λαμϐά-

2397 1534 2627 1590 CAPUT
2666 1533 2850 1588 XVIII.

1832 1622 1971 1679 Eam
2006 1628 2175 1681 solum
2209 1630 2465 1683 doctrina:
2499 1628 2612 1682 loco
2641 1628 2996 1685 statuendam,
3032 1640 3149 1693 quw
3179 1625 3313 1676 viam
3347 1621 3415 1674 ad

1905 1698 2151 1752 virtutem
2180 1702 2425 1764 muniat;
2453 1716 2554 1751 non
2587 1709 2761 1751 auten:
2794 1713 2930 1759 eam,
2967 1713 3083 1766 qua:
3118 1694 3193 1748 vel
3222 1710 3416 1766 augen-

1900 1766 1983 1849 da:
2006 1770 2259 1837 pecunia,
2299 1772 2376 1825 vel
2400 1769 2641 1838 parando
2671 1768 2831 1823 victui
2861 1765 3066 1839 quoquo
3108 1765 3263 1819 modo
3305 1780 3417 1816 ser-

1900 1848 2029 1893 viat.

1908 1950 1926 1983 ι
1965 1931 2279 1990 Cavendum
2310 1935 2363 1989 id
2390 1949 2552 2005 porro
2586 1932 2764 1997 nobis,
2792 1932 2969 2001 inquit
2998 1929 3197 1984 ibidem
3233 1926 3409 1992 Plato,

1832 2044 1899 2083 ne
1932 2026 2235 2096 disciplina:
2278 2040 2475 2081 nomen
2509 2025 2783 2080 infinitum
2818 2022 2950 2093 quid
2984 2036 3206 2075 manere
3235 2018 3413 2089 patia—

1831 2136 1975 2174 mur.
2033 2115 2189 2175 Nunc
2222 2119 2391 2184 enim,
2446 2118 2575 2172 dum
2624 2118 2894 2188 cujusque
2918 2123 3011 2169 aut
3042 2114 3413 2182 vituperamus

1830 2211 2234 2274 educationem,
2268 2220 2361 2263 aut
2392 2209 2681 2264 laudamus
2702 2252 2718 2275 ,
2750 2210 2824 2263 ita
2857 2207 3005 2276 loqui
3042 2205 3317 2265 solemus,
3358 2211 3416 2255 ut

1831 2303 1999 2357 alium
2039 2302 2321 2372 disciplina
2345 2301 2909 2372 excultum,ejusdem
2938 2308 3214 2367 expertem
3247 2294 3413 2348 alium

1832 2408 1954 2448 esse
1988 2393 2259 2458 dicamus,
2298 2394 2513 2448 tametsi
2563 2410 2627 2448 ex
2658 2408 2850 2448 eorum
2880 2391 3150 2446 interdum
3186 2402 3415 2443 numero

1832 2487 1923 2549 sit,
1958 2486 2051 2555 qui
2089 2486 2167 2540 vel
2199 2487 2568 2556 cauponariae,
2597 2486 2679 2540 vel
2707 2484 3076 2549 naviculariaz,
3108 2488 3191 2537 vel
3217 2481 3413 2536 similis

1833 2579 2056 2633 alterius
2086 2579 2222 2633 artis
2262 2578 2579 2646 peritissimi
2619 2577 2943 2631 habeantur.
2994 2574 3285 2628 Enimvero
3314 2571 3409 2630 ita.

1832 2686 1955 2725 meo
1977 2670 2183 2741 judicio
2205 2711 2219 2736 ,
2257 2670 2406 2740 loqui
2436 2671 2707 2732 solemus,
2749 2669 2895 2739 quod
2928 2684 3035 2722 non
3069 2667 3277 2721 artibus
3307 2665 3413 2719 illis

1832 2760 2134 2830 disciplina:
2167 2774 2364 2813 nomen
2390 2758 2734 2813 tribuendum
2764 2764 3038 2827 putemus,
3071 2754 3164 2809 sed
3196 2754 3245 2807 ei
3273 2753 3412 2811 duu-

1832 2860 2001 2920 taxat,
2031 2867 2153 2921 qua:
2184 2866 2307 2906 cum
2334 2850 2610 2905 hominem
2639 2864 2668 2903 a
2702 2848 2885 2919 pueris
2907 2846 2973 2901 ad
2996 2846 3250 2899 virtutem
3280 2859 3409 2898 eru-

1831 2945 1966 3010 diat,
2004 2953 2114 2999 tum
2150 2944 2345 2999 elliciat
2395 2944 2510 3013 ipsa
2542 2956 2760 3012 quoque
2792 2949 2851 2993 ut
2896 2940 3036 2993 idem
3063 2948 3117 2992 et
3142 2934 3414 3007 perfectus

1830 3034 1962 3091 olim
1993 3036 2129 3090 civis
2174 3034 2404 3089 evadere
2435 3033 2638 3103 cupiat,
2668 3039 2723 3086 et
2766 3046 2889 3085 cum
2922 3029 3177 3099 aequitate
3202 3026 3283 3082 vel
3310 3027 3414 3079 im-

1829 3142 2022 3199 perare
2065 3127 2149 3182 vel
2190 3140 2382 3197 parere
2413 3126 2642 3180 noverit.
2700 3121 2814 3177 Hoc
2846 3119 3184 3177 educationis
3215 3133 3407 3189 genus,

1828 3231 1890 3275 ut
1911 3218 2043 3273 mihi
2073 3219 2291 3289 quidem
2327 3218 2661 3288 persuadeo,
2693 3213 2999 3270 communis
3030 3213 3131 3267 iste
3156 3209 3410 3281 loquendi

1829 3314 2025 3369 modus
2082 3314 2302 3384 proprie
2351 3312 2631 3383 designat,
2678 3310 2837 3380 eique
2875 3318 3081 3362 tantum
3116 3307 3209 3361 uni
3242 3305 3409 3359 disci-

1828 3406 1989 3477 plinas
2029 3407 2445 3477 appellationem
2485 3403 2735 3460 attribuit
2769 3421 2782 3456 :
2820 3416 2940 3471 qua:
2981 3411 3161 3454 autem
3201 3399 3286 3453 vel
3315 3412 3412 3469 pa-

1829 3500 2013 3555 randae
2040 3502 2316 3570 pecunia,
2366 3500 2451 3555 vel
2498 3498 2761 3570 augendis
2795 3497 3036 3562 viribus,
3065 3496 3149 3549 vel
3192 3493 3429 3548 cuilibet.

1830 3592 1920 3648 alii
1947 3594 2158 3663 peritiae
2190 3609 2220 3647 a
2256 3593 2455 3647 mentis
2500 3602 2557 3647 et
2585 3591 2859 3661 aequitatis
2889 3589 3166 3645 consortio
3199 3588 3413 3656 disjun-

1828 3695 1929 3741 ctae
1958 3686 2180 3749 serviat,
2218 3685 2481 3756 plebeiam
2510 3694 2565 3740 et
2600 3686 2941 3749 illiberalem,
2975 3685 3218 3753 adeoque
3249 3682 3415 3737 disci-

1830 3780 1993 3851 plina:
2023 3779 2243 3833 nomine
2268 3794 2496 3848 prorsus
2523 3779 2799 3849 indignam
2826 3793 2947 3833 esse
2971 3777 3180 3832 statuit.
3212 3774 3414 3830 Verum

1831 3889 1933 3927 nos
1967 3888 2101 3929 sane
2147 3872 2353 3927 nullam
2388 3871 2457 3926 iis
2488 3871 2914 3927 controversiam
2964 3870 3203 3925 nominis
3250 3869 3417 3938 hujus

1832 3980 1998 4021 causa
2032 3979 2390 4021 moveamus:
2428 3974 2645 4018 maneat
2676 3965 2727 4019 id
2756 3963 2915 4019 modo
2943 3973 3128 4018 nostra
3167 3962 3414 4016 omnium

1832 4057 2179 4114 confessione
2208 4067 2440 4120 certum,
2464 4058 2558 4128 qui
2593 4066 2737 4112 recte
2765 4056 2979 4111 educati
3011 4074 3039 4110 a
3062 4056 3234 4126 prima
3259 4064 3416 4109 aetate

1832 4150 2076 4216 fuerint,
2129 4162 2226 4204 eos
2278 4157 2337 4203 ut
2378 4147 2673 4217 plurimum
2731 4147 2881 4202 viros
2932 4146 3107 4200 bonos
3160 4145 3408 4199 evadere.

1831 4244 2010 4312 Quare
2033 4242 2341 4297 nullatenus
2373 4255 2614 4309 unquam
2641 4238 2956 4310 negligenda
2979 4236 3261 4306 disciplina
3294 4236 3412 4291 fue-

1831 4339 1936 4403 rit,
1972 4352 2095 4393 cum
2129 4350 2196 4391 ex
2244 4334 2393 4389 omni
2446 4349 2628 4387 rerum
2684 4332 3257 4402 praestantissimarum
3309 4346 3411 4385 nu-

1831 4442 2004 4496 mero,
2037 4422 2211 4499 prima
2238 4426 2324 4481 illa
2362 4425 2494 4480 viris
2522 4425 2745 4495 optimis
2781 4432 2978 4493 praesto
3018 4422 3108 4488 sit,
3157 4437 3411 4493 operam-

150 4525 257 4561 νειν
282 4509 360 4579 (4)
385 4528 399 4539 ·
428 4509 697 4565 λαϐόντων
738 4511 793 4564 δὲ
842 4513 933 4565 τὸν
978 4512 1155 4581 λόγον,
1204 4518 1611 4589 συμφωνήσωσι
1649 4520 1725 4591 τῷ

1841 4536 1936 4592 que
1966 4528 2152 4576 navet.
2207 4516 2338 4589 Quae
2386 4517 2431 4573 si
2472 4516 2692 4590 quando
2725 4524 3037 4579 exerraret,
3072 4514 3165 4569 sed
3210 4512 3411 4583 corrigi

150 4602 285 4673 λόγῳ
308 4603 385 4672 (5)
418 4602 592 4675 ὀρθῶς
616 4604 847 4657 εἰθίσθαι
881 4604 985 4658 ὑπὸ
1004 4605 1111 4661 τῶν
1136 4609 1525 4679 προσηκόντων
1564 4610 1727 4677 ἐθῶν,

150 4690 282 4764 αῦτη
309 4694 389 4763 ((5)
420 4695 531 4747 ἔσθ’
558 4696 591 4766 ἡ
621 4697 906 4766 συμφωνία
934 4696 1195 4767 σύμπασα
1218 4699 1315 4767 μὲν
1346 4701 1537 4773 ἀρετὴ,
1573 4703 1635 4756 τὸ
1669 4704 1725 4757 δὲ

152 4784 274 4855 περὶ
287 4784 392 4848 τὰς
411 4785 603 4857 ἡδονὰς
620 4788 710 4840 καὶ
730 4787 905 4850 λύπας
923 4788 1300 4860 τεθραμμένον
1331 4790 1407 4861 (7)
1458 4794 1629 4866 αὐτῆς
1645 4797 1728 4871 ὀρ-

217 4902 263 4933 ”
296 4902 458 4957 Deut.
498 4919 573 4970 vt,
601 4903 656 4965 6,
677 4903 731 4957 7.

215 5018 332 5085 (95)
374 5018 470 5087 Μὴ
498 5020 725 5076 τοίνυν.
759 5019 935 5088 Plato,
971 5021 1129 5090 ibid.,
1159 5022 1224 5078 G.

216 5090 333 5159 (96)
376 5090 537 5144 Forte
568 5093 717 5162 ἡμῖν.

216 5162 332 5229 (97)
386 5162 614 5215 Ἔνίοτε
641 5166 747 5229 εἰς.
775 5162 987 5218 Mallem
1017 5165 1184 5221 ἐνίοτε
1215 5166 1323 5220 τῶν
1348 5168 1446 5231 είς.

215 5232 332 5305 (98)
372 5231 651 5305 Μάλιστα
674 5276 687 5297 ,
724 5244 831 5290 etc.
860 5234 1013 5290 Plato
1045 5238 1124 5293 sic
1146 5278 1160 5300 ,
1199 5238 1342 5305 μάλα
1376 5240 1597 5293 πεπαιδ.
1639 5239 1729 5293 ἀν-

149 5303 387 5378 opem
417 5304 641 5378 σφόδρα,
678 5306 823 5378 quod
859 5310 1031 5378 magis
1060 5303 1251 5376 probo.

216 5375 335 5451 (99)
376 5371 564 5429 Εἶναί
589 5371 880 5451 παιδείαν.
918 5371 1074 5444 ρῖιιιί
1094 5389 1404 5451 sequuntur
1436 5381 1578 5451 apud
1614 5380 1728 5436 Eu-

148 5445 388 5508 sebium.
409 5461 600 5522 usque
626 5447 694 5501 ad
730 5448 959 5503 alterum
984 5445 1253 5517 παιδείαν,
1281 5452 1423 5522 apud
1444 5445 1723 5508 Platonem

148 5518 462 5587 reponenda
502 5526 650 5571 sunt.

219 5590 299 5659 (l)
354 5587 448 5653 Ὡς
484 5588 615 5659 ἐμοὶ
661 5590 979 5659 patratae.“
998 5591 1065 5646 Et
1109 5592 1214 5647 hoc
1258 5593 1464 5650 rectius
1513 5593 1728 5651 videtur

150 5655 315 5733 quam
356 5655 828 5733 apmlPlatoucm,
856 5662 913 5729 ἐξ
945 5655 1020 5717 ὧν
1049 5662 1317 5733 φαίνεται.

223 5730 300 5794 (2)
358 5730 522 5784 Κατὰ
571 5728 844 5809 δύναμιν.
900 5728 1088 5790 Verba
1139 5734 1445 5806 superflua,
1497 5752 1727 5809 qumque

152 5797 307 5856 Plato
344 5818 452 5856 non
484 5797 732 5873 agnoscit

1831 4623 2011 4671 tamen
2039 4608 2427 4681 emendarique
2455 4617 2639 4680 posset
2658 4649 2685 4677 ,,
2716 4608 2769 4663 id
2799 4623 2928 4663 vero
2965 4606 3203 4673 nemini,
3236 4621 3412 4676 quan-

1828 4708 1923 4763 diu
1947 4705 2174 4773 viveret,
2198 4720 2307 4759 non
2352 4718 2453 4776 pro
2481 4702 2689 4758 viribus
2714 4702 2984 4773 agendum
3014 4708 3178 4756 esset.
3211 4719 3230 4752 ι
3261 4699 3411 4753 ldem

1832 4798 2027 4871 Legum
2055 4796 2543 4867 secundo,.paucis
2565 4796 2617 4851 id
2647 4795 2828 4867 ipsum
2861 4804 3145 4865 repetens,
3183 4810 3203 4843 ι
3235 4791 3409 4846 Disci-

1902 5024 2323 5150 (3)Fﬂaté‘siar.
2363 5023 2509 5081 Idem
2543 5026 2696 5081 Plato
2727 5026 2821 5080 lib.
2867 5041 2902 5079 ll
2947 5023 3178 5094 Legum,
3231 5020 3409 5087 initio,

1865 5114 1951 5153 32.
1990 5114 2049 5151 Γ.

1828 5115 2200 5239 Ρᾶῗλῖίίόγον
2220 5168 2569 5237 λαμϐάνειν.
2603 5166 2655 5239 Ill
2684 5167 3052 5239 malimquam
3086 5164 3227 5239 λόγῳ
3250 5163 3407 5239 λαμ.,

1828 5234 2078 5310 sequitur
2100 5234 2253 5310 enim
2273 5234 2596 5303 ,λαϐόντων
2627 5236 2683 5291 δὲ
2712 5238 2805 5291 τὸν
2833 5234 2989 5306 λόγον
3008 5277 3025 5303 ,
3064 5234 3209 5305 quod
3241 5234 3407 5288 etiam

1827 5309 2141 5380 agnoscitur
2170 5327 2200 5365 a
2228 5309 2476 5364 Platone.

1900 5382 1976 5453 (5)
2017 5380 2474 5451 Συμφωνήσωσι
2500 5381 2582 5445 τῷ
2608 5381 2792 5451 λόγῳ,
2832 5389 2937 5453 etc.
2966 5379 3163 5443 Ficiu.,
3198 5377 3410 5431 Rationi

1828 5450 2193 5517 comentiant,
2251 5462 2467 5522 propter
2513 5450 2835 5522 superibrem
2887 5450 3143 5522 bonorum
3204 5465 3411 5522 morum

1827 5520 2292 5593 consuetudinem,
2332 5520 2505 5593 quasi
2533 5532 2679 5577 esset
2718 5520 2795 5593 τῷ
2829 5521 3039 5593 ὀρθῶς,
3092 5522 3177 5575 vel
3222 5520 3310 5574 διὰ
3349 5520 3411 5573 τὸ

1827 5594 2023 5668 ὸρθῷς.
2062 5592 2196 5668 \(ide
2234 5592 2363 5668 num
2402 5592 2637 5668 ii_l_Plalo
2662 5592 2810 5648 velit.

1899 5666 1977 5738 (6)
2017 5665 2200 5738 Αῦτῃ.
2230 5663 2384 5738 _llinc
2426 5664 2707 5719 Platonem
2745 5663 3025 5734 corrigas,
3061 5662 3203 5733 apud
3246 5676 3409 5733 quem

1828 5735 1991 5799 male,
2028 5735 2198 5803 αὐτῆς
2224 5735 2270 5787 θ’
2299 5738 2331 5803 ἡ
2369 5752 2541 5806 συμφί.

1904 5808 1978 5871 (7)
2025 5803 2451 5871 Τεθραμμένονζ
2483 5803 2674 5863 Nescio
2706 5816 3002 5871 quo.pact0
3027 5804 3078 5859 in
3109 5804 3414 5867 marginem.
