3872 6368
496 346 600 404 985
1141 343 1404 402 EUSEBII
1439 337 1646 404 CAESA
1657 345 1928 402 RIENSIS
1963 345 2025 402 Ol

2167 345 2336 401 PARS
2376 346 2438 400 ιι.
2475 377 2545 388 -
2578 345 3095 410 APOLOGETICA.
3127 323 3136 326 ”
3612 355 3696 410 ιιι

492 448 951 534 νιίιιιιιιΐ,;ιη‹ιιιὶι,
979 470 1236 518 vzrtutem
1265 462 1412 517 illam
1444 465 1676 532 appello,
1725 480 1887 534 quam
1915 481 2016 534 pue

2169 463 2296 527 θῶς,
2345 463 2486 517 ὥστε
2546 467 2722 536 μισεῖν
2759 465 2856 536 μὲν
2889 464 2924 519 ἃ.
2967 466 3074 537 χρὴ
3113 465 3286 536 μισεῖν
3311 462 3463 527 εὐθὺς
3483 465 3535 532 ἐξ
3558 467 3697 540 ἀρχῆς

492 544 736 612 omnium
757 555 987 626 primam
1002 553 1581 625 nanciscuntur.592
1592 553 1850 626 Voluptas
1867 565 2021 612 auten

2175 555 2301 627 ἄχρι
2319 555 2531 621 τέλους,
2559 557 2810 627 στέργειν
2829 556 2885 610 δὲ
2910 555 2946 611 ἃ
2968 557 3074 629 χρὴ
3115 557 3358 627 στέργειν
3380 595 3395 618 ,
3434 557 3564 611 τοῦτ’
3597 563 3699 614 αὐτὸ

493 645 753 716 amicitia,
783 648 940 703 dolor
965 657 1018 703 et
1045 649 1253 716 odium,
1288 648 1333 703 si
1363 657 1418 703 et
1441 663 1630 704 eorum
1651 649 2022 721 mentibus,qt

2173 647 2465 718 ἀποτεμὼν
2506 647 2585 719 τῷ
2628 649 2774 719 λόγῳ
2799 688 2813 712 ,
2863 649 2956 703 καὶ
3008 648 3257 704 παιδείαν
3309 651 3698 722 προσαγορεύων,

493 748 739 808 tempore
788 741 1019 797 necdum
1072 741 1150 795 uti
1209 740 1422 796 ratione
1450 748 1704 810 possunt,
1752 740 1832 796 uti
1868 755 2020 811 pare

2175 738 2316 792 κατά
2369 756 2433 808 γε
2468 738 2567 810 τὴν
2603 741 2678 810 (8)
2732 740 2872 812 ἐμὴν
2917 741 3092 812 ὀρθῶς
3143 741 3209 796 ἂν
3241 743 3650 813 προσαγορεύοις.
3685 767 3696 797 ι

491 832 843 898 inserentur;
899 841 954 886 et
981 848 1104 888 (ιιιιιι
1150 847 1212 888 ea
1240 831 1477 901 primum
1525 832 1604 886 uti
1634 833 1917 902 cmperint,
1947 847 2020 888 cu

2174 831 2360 886 Ταῦτα
2379 832 2409 883 ὁ
2433 831 2683 887 Πλάτων.
2714 832 3008 905 Προλαϐὼν
3025 833 3082 887 δὲ
3102 833 3264 886 αὑτὸν
3282 835 3311 887 ό
3335 834 3490 887 Δαϐὶδ
3514 838 3564 888 ὲν
3588 837 3703 890 Ψαλ-

489 925 678 980 eadem
713 941 824 979 uno
857 926 1020 982 veluti
1054 940 1347 991 consensu,
1377 925 1479 981 rite
1501 926 1951 982 convenientibus
1977 940 2018 980 (ιι

2174 923 2426 995 μῳδίαις,
2469 928 2648 996 μισεῖν
2671 925 2708 981 ἃ
2746 926 2828 980 δεῖ
2859 929 3060 996 μισεῖν,
3102 927 3198 981 καὶ
3230 928 3701 1000 στέργεινδιδάσιιων

489 1017 736 1074 moribus
768 1015 1093 1073 informatos
1123 1030 1178 1072 et
1205 1019 1445 1074 imbutos
1489 1018 1661 1076 fuisse
1705 1019 2013 1088 testabuntu

2172 1019 2210 1074 ἃ
2238 1020 2320 1074 δεῖ
2343 1024 2612 1093 στεργεῖν,
2647 1021 2774 1076 τάδε
2807 1022 2940 1093 φησί
2963 1038 2978 1053 °
3009 1043 3027 1074 ε
3053 1021 3240 1088 Δεῦτε,
3266 1023 3451 1088 τέκνα,
3482 1025 3701 1079 ἀκούσατέ

487 1108 663 1164 virtus
694 1108 912 1184 quidem
944 1110 1048 1164 erit
1103 1111 1312 1182 integra
1343 1111 1432 1166 illa
1465 1109 1814 1182 perfectaque
1843 1126 2016 1166 consel

2176 1129 2301 1186 μου,
2329 1113 2492 1183 φόϐον
2524 1114 2731 1186 Κυρίου
2764 1114 2962 1180 διδάξω
3004 1116 3171 1187 ὑμᾶς.
3228 1115 3325 1180 Τίς
3363 1119 3503 1170 ἐστιν
3537 1119 3705 1190 ἄνθρω-

486 1203 590 1268 sio;
616 1203 760 1275 quod
787 1212 968 1259 autem
998 1220 1066 1260 ex
1091 1220 1154 1260 ea
1186 1205 1238 1260 in
1269 1215 1473 1262 rectam
1505 1205 1801 1276 voluptatis
1831 1204 2015 1260 dolori:

2175 1221 2274 1268 πος
2309 1207 2338 1258 ό
2382 1204 2550 1259 θέλων
2597 1205 2764 1276 ζωὴν,
2797 1207 3028 1286 ἀγαπῶν
3068 1207 3283 1280 ἡμέρας
3323 1209 3451 1262 ἰδεῖν
3501 1210 3704 1278 ἀγαοάςς

484 1311 592 1364 que
638 1292 1068 1350 moderationem
1115 1295 1419 1352 derivatum
1461 1297 1585 1364 erit,
1632 1303 1693 1351 ut
1739 1296 1901 1352 simul
1949 1311 2013 1365 qu

2176 1294 2388 1349 Παῦσον
2413 1296 2510 1368 τήν
2536 1296 2788 1366 γλῶσσάν
2820 1315 2915 1350 σου
2952 1297 3062 1352 ἀπὸ
3099 1298 3295 1362 κακοῦ,
3340 1300 3432 1352 καὶ
3465 1301 3602 1372 χείλη
3636 1319 3705 1354 σου

483 1387 611 1441 odio
641 1386 804 1458 digna
838 1395 988 1454 sunt,
1018 1387 1086 1442 ab
1121 1388 1278 1444 initio
1308 1389 1375 1444 ad
1403 1389 1564 1444 tinem
1601 1403 1776 1458 usque
1807 1397 2012 1443 constat

2176 1386 2264 1441 τοῦ
2299 1388 2374 1459 μὴ
2407 1387 2639 1458 λαλῆσαι
2700 1388 2870 1444 δόλον.
2911 1389 3198 1444 Ἐκκλινον
3242 1391 3354 1444 ἀπὸ
3414 1391 3571 1445 κακοῦ
3593 1431 3606 1454 ,
3635 1395 3705 1446 καὶ

487 1489 569 1534 ter
595 1480 830 1543 oderint,
881 1488 1174 1550 amentque
1221 1479 1534 1546 contraria;
1570 1480 1621 1535 id
1657 1489 1713 1534 tu
1743 1479 1788 1535 si
1817 1479 1886 1534 ab
1913 1488 2016 1534 eaet

2172 1477 2397 1549 ποίησον
2413 1480 2614 1548 ἀγαθόν
2633 1496 2645 1510 ·
2683 1478 2916 1553 ζήτησον
2938 1481 3182 1553 εἰρήνην,
3210 1482 3304 1536 καὶ
3321 1481 3505 1548 δίωξον
3521 1485 3701 1554 αύτήν.ι

487 1585 674 1624 rorum
722 1571 1011 1641 complexu
1060 1571 1440 1628 ratiocinando
1486 1572 1772 1644 sejunges,
1829 1571 2012 1642 propri

2176 1573 2280 1626 Καὶ
2333 1575 2362 1627 ὁ
2412 1573 2664 1644 Σολομῶν
2721 1575 2943 1644 ὁμοίως·
2990 1592 3010 1626 ‹
3046 1574 3362 1644 Ἀκούσατε,
3421 1577 3564 1647 φησι,
3612 1578 3705 1628 παῖ-

485 1679 605 1717 mea
651 1663 869 1734 quidem
925 1665 1226 1729 sententia,
1285 1664 1629 1734 disciplinam
1684 1663 2003 1734 appellabis.

2176 1665 2280 1729 δες,
2313 1664 2562 1719 παιδείαν
2602 1666 2827 1738 πατρός.
2878 1665 3062 1738 Δῶρον
3091 1667 3201 1738 γὰρ
3239 1667 3445 1737 ἀγαθὸν
3479 1669 3705 1742 δωροῦμαι

485 1755 611 1812 llaec
638 1757 811 1814 Plato.
849 1755 1022 1824 Quem
1054 1765 1236 1814 tamen
1267 1757 1437 1813 David
1469 1756 1523 1812 in
1555 1755 1788 1812 Psalmis
1817 1767 2010 1812 anteve

2177 1757 2331 1829 ὑμῖν
2366 1757 2476 1812 τῶν
2514 1757 2664 1829 ὲμιῖιν
2721 1758 2903 1830 νόμων
2949 1757 3026 1830 μὴ
3078 1759 3528 1830 ὲπιλανθάνησθε.
3574 1780 3590 1811 ι
3625 1763 3706 1814 Καὶ

483 1851 568 1915 tit,
603 1851 692 1905 ubi
717 1865 898 1905 rerum
927 1851 1056 1906 odio
1077 1852 1160 1906 vel
1184 1865 1370 1906 amore
1392 1849 1681 1920 dignarum
1703 1849 1888 1904 odium
1914 1863 2012 1904 amt

2178 1850 2356 1905 πάλιν·
2392 1870 2411 1903 ι
2467 1850 2685 1922 Κτῆσαι
2727 1849 2956 1921 σοφίαν,
3015 1852 3216 1923 κτῆσαι
3255 1851 3497 1916 σύνεσιν,
3527 1852 3593 1923 μή
3616 1855 3707 1905 ἐπι-

482 1959 704 2016 remque
736 1945 894 2000 docet
927 1943 1012 2000 his
1039 1943 1220 2000 verbis
1259 1962 1272 1997 :
1315 1961 1334 1995 ι
1363 1943 1573 2006 Venite,
1608 1943 1722 2008 lilii,
1745 1942 1929 1998 audite
1955 1957 2005 1996 m

2177 1944 2329 2017 λάθῃ.
2365 1964 2384 1997 ι
2413 1944 2542 1998 Καί⁸
2590 1963 2610 1998 r
2646 1939 2813 1998 Εἶπον
2835 1945 2935 2016 τὴν
2958 1945 3148 2014 σοφίαν
3172 1944 3273 2016 σὴν
3315 1945 3542 2016 ἀδελφὴν
3583 1941 3706 2009 εἶναι,

480 2037 737 2091 timorem
782 2035 1000 2092 Domini
1049 2035 1258 2091 docebo
1304 2049 1422 2091 vos.
1472 2032 1607 2100 Quis
1633 2044 1716 2089 est
1748 2033 1934 2097 homo,
1969 2048 2003 2102 q

2175 2037 2268 2109 τὴν
2304 2036 2361 2091 δὲ
2413 2037 2674 2109 φρόνησιν
2726 2035 3005 2108 γνώριμον
3059 2039 3421 2109 περιποίησαι
3467 2038 3704 2108 σεαυτῷ.»

480 2129 596 2183 vult
620 2129 808 2193 vitam,
857 2127 1033 2200 diligit
1072 2127 1190 2183 dies
1230 2127 1414 2182 videre
1438 2127 1647 2182 bonos?
1697 2123 2009 2180 Prohibe-lit

2179 2131 2297 2183 Kat'
2335 2149 2354 2182 (
2408 2130 2592 2195 Ὁδοὺς
2633 2129 2846 2185 ἀσεϐῶν
2886 2129 2960 2201 μὴ
3015 2130 3285 2203 ἐπέλθῃς,
3340 2131 3472 2202 μηδὲ
3507 2130 3708 2202 ζηλώσῃς

479 2237 638 2293 guam
666 2231 812 2276 tuam
842 2237 874 2276 a
899 2222 1062 2288 malo,
1097 2232 1153 2276 et
1191 2221 1331 2276 labia
1364 2229 1478 2285 tua,
1523 2236 1592 2276 ne
1643 2221 1938 2290 loquantur
1964 2219 2008 2273 ιιι

2180 2225 2320 2289 Ξδοίις
2369 2225 2724 2295 παρανόμων.
2770 2243 2788 2275 ι
2834 2222 3019 2294 Μυρία
3055 2222 3099 2276 δ’
3147 2223 3215 2276 ἂν
3262 2221 3448 2296 εὕροις
3492 2223 3610 2276 ἄλλα
3633 2240 3709 2275 τοι-

478 2312 612 2367 lum.
647 2313 860 2368 Diverte
893 2328 920 2368 a
951 2314 1117 2380 malo,
1153 2322 1206 2370 et
1237 2311 1323 2369 lae
1344 2313 1570 2377 bonum,
1607 2311 1822 2382 inquire
1848 2325 2007 2382 pacen

2177 2317 2310 2370 αῦτα
2349 2318 2406 2369 ὲν
2434 2318 2548 2380 τοῖς
2582 2315 2848 2386 Ἐϐραίων
2890 2313 3204 2388 γράμμασι,
3251 2314 3567 2368 παιδευτικά
3604 2313 3706 2385 πρὸς

477 2415 530 2458 et
557 2421 882 2476 persequere
909 2420 1028 2461 eam
1059 2407 1162 2459 ⁸⁸.»
1194 2404 1565 2476 Similiterque
1599 2402 1891 2458 Salomon:
1920 2404 2006 2455 «Αι

2180 2409 2450 2473 εὐσεϐείας
2495 2407 2568 2480 (9)
2597 2409 2690 2462 καὶ
2722 2407 2990 2479 ἀνάληψιν
3023 2407 3249 2479 ἀρετῆς,
3293 2407 3436 2471 νέοις
3477 2405 3597 2478 ὁμοῦ
3640 2406 3709 2459 καὶ

475 2496 633 2564 dite,
708 2498 928 2570 inquit,
999 2497 1130 2567 ﬁlii,
1179 2498 1524 2569 disciplinam
1583 2495 2000 2568 patris.|Donu

1633 2497 1771 2552 ttris.
1797 2495 1822 2568 Ι
1846 2495 2059 2550 Donum
2168 2496 2394 2561 τελείοις
2418 2496 2514 2569 τὴν
2546 2496 2764 2568 ἡλικίαν
2804 2500 3162 2570 προσήκοντα.

474 2589 620 2644 enim
671 2590 875 2648 bonum
924 2591 1160 2646 tribuam
1211 2591 1365 2648 vobis
1399 2610 1412 2645 :
1443 2591 1615 2662 legem
1653 2604 1828 2645 meam
1860 2605 1929 2646 ne
1962 2589 2355 2662 dcrelinquatis
2377 2590 2444 2644 ⁸⁸.
2486 2607 2506 2642 ι
2544 2591 2722 2662 Atque
2761 2591 2990 2658 iterum,
3054 2609 3073 2642 ι
3128 2589 3364 2648 Posside
3411 2589 3708 2662 sapientiam,

474 2685 696 2754 posside
746 2687 1121 2757 prudentiam;
1169 2703 1237 2743 ne
1283 2687 1628 2743 obliviscaris
1655 2686 1724 2739 ⁸⁷.
1764 2704 1782 2737 ι
1818 2684 2101 2756 Itemque:
2147 2705 2166 2737 ι
2203 2685 2296 2742 Dic
2355 2685 2681 2757 sapientiam
2713 2701 2956 2741 sororem
2989 2697 3138 2742 tuam
3177 2701 3307 2742 esse
3357 2705 3370 2741 :
3423 2695 3477 2740 et
3516 2685 3707 2755 pruden-

473 2782 604 2834 tiam
637 2779 955 2836 familiarem
990 2781 1084 2836 tibi
1113 2781 1277 2836 redde
1299 2782 1398 2834 ⁸⁸.»
1438 2779 1525 2842 Ει.
1567 2800 1584 2833 ι
1613 2779 1742 2838 Vias
1775 2782 2066 2852 impiorum
2107 2793 2176 2835 ne
2217 2778 2462 2847 insistas,
2494 2795 2594 2836 nec
2622 2780 2717 2835 tibi
2752 2780 3002 2850 placeant
3030 2779 3306 2835 malorum
3330 2780 3434 2836 via:
3454 2777 3539 2834 ⁸³⁵.
3571 2796 3587 2829 ι
3613 2773 3710 2830 Hac

471 2873 688 2943 aliaque
732 2874 784 2929 id
835 2891 1006 2944 genus
1044 2874 1396 2929 llebrmorum
1448 2875 1500 2928 in
1555 2875 1752 2931 litteris
1795 2876 2063 2942 invenias,
2102 2888 2225 2945 qua:
2252 2873 2319 2928 ad
2346 2873 2628 2944 religionis
2661 2889 2726 2929 ac
2751 2873 2972 2930 virtutis
2998 2874 3178 2929 omnis
3200 2873 3383 2931 oilicia
3409 2873 3656 2935 erudiunt,

471 2983 573 3022 nec
602 2966 1036 3022 adolescentibus
1070 2967 1252 3033 modo,
1298 2965 1392 3020 sed
1438 2966 1599 3020 etiam
1645 2975 1802 3022 relate
1827 2967 2058 3026 maturis
2096 2966 2342 3037 apprime
2375 2965 2729 3021 conveniunt.

1051 3060 1282 3118 CAPUT
1324 3063 1465 3118 ΧΙΧ.

2691 3058 3083 3114 ΚΕΦΔΛΑῙΟΝ
3124 3059 3226 3112 ΙΘ⁹.

472 3155 538 3209 In
567 3172 629 3208 ea
652 3171 769 3208 cum
808 3154 1047 3209 llebra’is
1083 3156 1343 3210 sententia
1366 3152 1646 3209 Platonem
1680 3155 1862 3222 fuisse,
1889 3165 1945 3208 ut
1977 3172 2001 3207 r

2174 3151 2290 3205 Ὀτι
2334 3151 2775 3222 παραπλησίως
2829 3151 3114 3222 Ἑϐραίοις
3144 3149 3267 3222 goat
3296 3152 3332 3222 ὁ
3353 3149 3614 3222 ⁸Πλάτων
3643 3150 3703 3202 εί-

541 3227 818 3294 inferiores
851 3226 1173 3279 diviniorum
1203 3225 1458 3294 imagines
1493 3241 1604 3279 esse
1636 3216 1985 3280 eiistin'taret.

2302 3216 2452 3275 κόνᾶ
2481 3216 2789 3290 θειοτέρων
2828 3216 3074 3290 tri—nios
3110 3216 3267 3274 εἶναι
3306 3219 3593 3286 ἐδόξαζεν.

462 3313 467 3334 ί
543 3316 640 3372 llis
660 3318 788 3372 olim
812 3317 990 3372 verbis
1005 3315 1244 3388 Moysen]
1260 3318 1541 3372 oraculum
1558 3329 1845 3374 monuerat
1867 3339 1910 3374 ε(
1924 3318 1986 3373 Vi

2232 3333 2337 3386 Τοῦ
2370 3333 2514 3389 θείου
2548 3333 2798 3407 χρησμοῦ
2827 3337 3094 3408 φήσαντος
3127 3337 3366 3408 Μωῦσῇ,
3391 3356 3409 3387 ε
3431 3337 3564 3407 Ὅρα
3588 3334 3704 3404 ποιή-

469 3419 530 3465 ιιι
558 3409 727 3466 facias
752 3409 936 3465 omnia
991 3409 1294 3464 secundum
1345 3411 1647 3480 exemplar,
1696 3413 1841 3482 quod
1874 3413 1970 3468 tibi

2175 3444 2261 3502 της
2290 3428 2469 3482 πάντα
2504 3430 2649 3483 κατά
2679 3430 2770 3483 τὸν
2800 3429 2969 3484 τύπον
3011 3430 3102 3484 τὸν
3139 3430 3429 3501 δειχθέντα
3458 3447 3534 3482 σοι
3569 3433 3619 3482 ὲν
3648 3428 3704 3495 τῷ

469 3513 654 3559 monte
694 3511 1057 3558 monstratum
1091 3513 1174 3557 est
1204 3503 1270 3557 '9.
1303 3521 1322 3555 ›
1379 3503 1534 3569 Quod
1563 3503 1742 3572 ipsum
1774 3505 1998 3562 illustrat

2178 3522 2276 3593 ἱρει
2299 3535 2314 3550 ·
2351 3541 2370 3572 ι
2398 3521 2491 3576 τοῦ
2509 3540 2567 3576 τε
2594 3522 2741 3595 ἱεροῦ
2773 3522 2930 3591 λόγου
2957 3521 3294 3595 σαφέστερον
3317 3524 3577 3586 εἰπόντος,
3602 3541 3616 3572 ι
3641 3519 3707 3572 Oi-

469 3593 792 3662 Apostulus:
829 3610 848 3643 ι
878 3591 982 3658 Qui
1023 3592 1318 3663 exemplari
1351 3604 1406 3649 et
1446 3595 1672 3661 umbras,
1714 3595 1911 3667 inquit,
1963 3597 1996 3652 d

2177 3631 2302 3678 τινες
2331 3613 2692 3686 ὑποδείγματι
2731 3613 2827 3667 καὶ
2875 3615 3002 3686 σκιᾷ
3027 3613 3324 3686 ὲλάτρευον
3368 3615 3477 3668 τῶν
3513 3615 3706 3680 ἐπουρι-

469 3685 717 3740 serviunt
764 3683 1067 3740 cmlestium
1096 3685 1164 3738 ⁸ο.
1201 3704 1219 3737 ι
1275 3683 1487 3752 Quibus
1530 3701 1662 3743 sane
1714 3689 1918 3756 verbis,
1967 3707 1998 3744 re

2177 3707 2308 3770 νίων,
2345 3725 2364 3757 ι
2399 3707 2584 3760 εἰκόνα
2615 3724 2676 3760 τε
2692 3707 2949 3778 ἄντικρυς
2971 3706 3079 3759 τῶν
3108 3708 3166 3760 ἐν
3203 3710 3426 3778 νοητοῖς
3465 3705 3706 3774 θειοτέρων

468 3779 591 3834 illas
640 3779 961 3847 diviniores,
999 3795 1123 3851 quae
1165 3779 1495 3850 spiritalium
1544 3783 1715 3852 gradu
1761 3791 1816 3838 et
1861 3784 1997 3840 ordii

2175 3799 2224 3852 τὰ
2249 3799 2400 3871 παρά
2419 3801 2626 3870 Μωῦσῇ
2659 3798 2902 3870 σύμϐολα
2934 3798 3211 3870 περιέχειν
3231 3797 3586 3859 διδάσκοντος·
3603 3795 3704 3847 ἐπᾶ-

467 3872 838 3936 continentur,
875 3871 943 3926 iis
987 3887 1110 3943 quae
1151 3873 1291 3942 apud
1325 3872 1486 3945 593
1518 3872 1758 3946 Moysem
1796 3877 1996 3947 legimu

2175 3909 2352 3947 ιουσον
2373 3894 2521 3956 ὅπως
2559 3891 2654 3946 καὶ
2681 3893 2710 3944 ὁ
2741 3892 2965 3946 Πλάτων
3007 3890 3076 3944 τά
3115 3891 3280 3961 ὃμοια
3313 3888 3640 3962 διερμηνεύει
3662 3887 3704 3937 ἐν

467 3974 728 4034 tanquam
765 3965 1030 4036 symbolis
1054 3965 1381 4035 quibusdam
1417 3981 1481 4021 ac
1508 3967 1651 4023 notis
1676 3966 1898 4032 involvi,
1933 3985 1996 4025 [ιιι

2175 3985 2300 4053 ἱκτῳ
2331 3983 2431 4053 τῆς
2451 3984 2762 4050 Πολιτείας
2788 3977 2890 4037 ὧδε
2917 3984 3172 4055 γράφων·
3200 4001 3219 4033 ι
3251 3982 3378 4053 Θεῷ
3407 3983 3470 4054 δὴ
3509 3981 3608 4054 (l0)
3635 3979 3704 4031 καὶ

467 4056 664 4112 nil'este
697 4056 874 4112 docet.
927 4056 1069 4112 Audi
1111 4072 1241 4112 vero
1269 4073 1433 4126 quam
1469 4058 1534 4113 iis
1563 4057 1745 4113 aﬂinia
1774 4059 1928 4115 Plato
1956 4078 1996 4132 ει

2174 4074 2345 4146 ιόσμῳ
2374 4076 2484 4144 ὅγε
2518 4075 2806 4146 φιλόσοφος
2833 4075 3056 4147 ὁμιλῶν,
3092 4075 3324 4146 κόσμιός
3367 4092 3427 4128 τε
3470 4075 3556 4127 καὶ
3597 4070 3703 4129 θεῖος

465 4150 726 4220 minaque
760 4149 1198 4220 philosophetur,
1233 4148 1362 4204 dum
1387 4149 1440 4203 in
1473 4161 1629 4206 sexto
1656 4151 1731 4206 De
1760 4152 1990 4223 republic

2174 4167 2237 4230 Li;
2263 4167 2324 4220 τὸ
2350 4166 2573 4221 δυνατὸν
2601 4167 2874 4239 ἀνθρώπῳ
2903 4168 3133 4236 γίνεται.
3157 4167 3398 4238 Διαϐολή
3426 4167 3479 4220 δὲ
3508 4168 3561 4218 ὲν
3602 4165 3703 4215 πᾶσι

466 4241 612 4296 hunc
639 4241 690 4295 in
719 4241 942 4297 modum
971 4241 1160 4297 scribit
1213 4261 1226 4296 ε
1283 4261 1300 4292 ι
1330 4240 1697 4313 PhiloSOphus
1727 4245 1928 4316 igitur,
1967 4248 1995 4302 il

2170 4257 2348 4329 πολλή.
2371 4290 2443 4300 -
2463 4261 2786 4314 Παντάπασι
2813 4261 2912 4332 μὲν
2941 4255 3054 4314 οὖν.
3081 4290 3148 4299 --
3171 4262 3270 4314 Ἂν
3298 4256 3398 4314 οὖν
3433 4277 3533 4322 τις,
3567 4251 3699 4314 εἷπον,

464 4334 584 4404 quit
611 4333 722 4400 ille,
760 4339 820 4387 ut
844 4348 1058 4388 summa
1088 4331 1181 4387 Dei
1211 4347 1274 4388 ac
1302 4333 1730 4403 pulchritudinis
1767 4337 1940 4408 ipsius
1966 4338 1993 4393 f:

2171 4349 2302 4420 ιιύτῷ
2322 4350 2536 4420 ἀνάγκη
2556 4351 2782 4422 γένηται
2813 4351 2848 4406 ἃ
2886 4353 3003 4404 ἐκεῖ
3027 4353 3150 4423 ὁρᾷ,
3204 4351 3505 4422 μελετῆσαι
3542 4349 3610 4409 εἰς
3631 4346 3700 4396 ἁκ-

462 4426 780 4481 miliaritate
822 4427 1015 4493 utitur,
1066 4426 1140 4480 ita
1171 4425 1476 4481 divinitatis
1508 4443 1573 4483 ac
1599 4429 1991 4499 pulchritudini

2170 4439 2388 4513 ὶρὼπων
2417 4441 2544 4513 ἤθη,
2586 4444 2680 4496 καὶ
2711 4443 2815 4515 ἰδίᾳ.
2863 4444 2957 4499 καὶ
2994 4444 3231 4515 δημοσίᾳ
3268 4443 3502 4503 τιθέναι,
3532 4439 3614 4493 καὶ
3645 4437 3699 4506 μὴ

463 4528 729 4589 quantum
769 4518 980 4574 homini
1029 4519 1115 4575 fas
1165 4529 1266 4585 est,
1301 4497 1881 4593 particepsiel‘ticitur.
1943 4525 1992 4581 Sc

2192 4497 2204 4513 ο
2437 4497 2449 4513 l
2507 4497 2543 4513 ι’
2790 4499 2802 4515 ι
2907 4497 2929 4499 ν
3045 4497 3078 4515 Ι.
3205 4501 3216 4515 ⁸
3489 4497 3500 4503 ⁷
3645 4497 3656 4506 ”
3691 4497 3700 4502 ⁷

2172 4533 2319 4587 ιόνον
2366 4534 2556 4588 ἑαυτὸν
2611 4535 2867 4590 πλάττειν
2893 4553 2905 4566 °
2957 4532 3070 4609 ἆρα
3108 4536 3277 4590 κακὸν
3319 4535 3387 4606 δή
3417 4528 3701 4606 any-€09.97)”

463 4610 738 4664 calumnia
798 4609 1048 4666 videlicet
1092 4611 1297 4684 ubique
1355 4624 1564 4684 regnat.
1617 4645 1686 4655 —
1743 4613 1820 4669 ita
1867 4615 1992 4686 prof

2169 4626 2315 4680 ιιύτὸν
2333 4627 2436 4680 οἴει
2452 4629 2778 4700 γενήσεσθαι
2802 4629 3156 4701 σωφροσύνης
3178 4646 3238 4682 τε
3257 4630 3356 4682 καὶ
3374 4625 3698 4688 δικαιοσύνης,

465 4713 556 4756 eto
615 4709 720 4756 est.
778 4730 847 4743 -—
906 4699 1063 4758 Hunc
1122 4711 1180 4757 tu
1236 4702 1433 4775 igitur,
1495 4704 1759 4775 inquam,
1820 4707 1866 4761 si
1931 4724 1994 4778 qu

2170 4719 2249 4771 ιαὶ
2295 4718 2586 4792 ξυμπάσης
2647 4722 2745 4792 τῆς
2796 4699 3376 4793 δημοτικῆςίάρετῆς
3408 4750 3476 4758 —
3506 4713 3699 4770 'mei

461 4792 576 4847 illic
630 4792 1050 4863 contemplatur,
1082 4793 1151 4849 ad
1199 4794 1562 4851 instituendos
1618 4797 1900 4852 hominum
1933 4815 1983 4853 m

2168 4828 2240 4880 τε,
2261 4809 2297 4886 ἦ
2317 4813 2360 4866 δ“
2390 4814 2467 4876 ὃς.
2488 4813 2624 4866 Ἀλλ’
2647 4813 2743 4868 ἐὰν
2762 4813 2824 4885 δὴ
2843 4812 3137 4867 αἴσθωνται
3153 4815 3203 4866 οἱ
3228 4812 3437 4875 πολλοὶ,
3460 4813 3536 4865 ὅτι
3561 4805 3697 4875 ἀληθή

461 4900 553 4940 res
606 4885 930 4941 necessitate
983 4886 1218 4956 quadam
1265 4901 1546 4952 revocare,
1589 4889 1990 4963 privatimque:

2166 4909 2288 4980 περὶ
2311 4907 2478 4962 αὑτοῦ
2499 4908 2758 4978 λέγομεν,
2788 4906 3154 4977 χαλεπανοῦσι
3180 4905 3246 4978 δὴ
3265 4909 3383 4968 τοῖς
3410 4903 3695 4976 φιλοσόφοιςι

461 4976 574 5031 mul
607 4992 674 5033 ac
722 4977 941 5048 publice
981 4993 1322 5048 proponere,
1373 4996 1474 5036 nec
1520 4997 1641 5037 sese
1689 4993 1899 5040 tantum
1946 4987 1990 5042 ίίι

2167 5002 2253 5054 καὶ
2281 5001 2673 5071 ἀπιστήσουσιν
2705 5001 2835 5071 ἡμῖν
2860 4999 3128 5068 λέγουσιν,
3171 4998 3246 5062 ὡς
3275 4999 3381 5050 οῦκ
3408 4997 3475 5050 ἄν
3501 5009 3613 5048 mra

462 5085 586 5138 gere
613 5069 1068 5142 conformareque
1109 5070 1391 5136 debuerit;
1439 5088 1506 5128 an
1551 5075 1776 5131 stultum
1807 5079 1990 5150 alique

2168 5097 2262 5157 tu);
2297 5092 2702 5162 εὐδαιμονήσειε
2750 5090 2934 5154 πόλις,
2976 5091 3024 5142 εί
3076 5089 3150 5160 μὴ
3184 5087 3355 5160 αὐτὴν
3384 5084 3697 5157 διαγράψειαν

463 5164 855 5233 temperantiae,
884 5165 1155 5236 aequitatis
1177 5206 1194 5232 ,
1235 5165 1524 5237 omnisque
1551 5168 1686 5224 adeo
1717 5169 1935 5228 virtutis
1967 5189 1992 5228 (ε

2165 5183 2204 5235 οἱ
2228 5179 2304 5253 τῷ
2327 5179 2457 5251 θείῳ
2499 5181 2903 5252 παραδείγματι
2924 5177 3196 5251 χρώμενοι
3228 5176 3510 5249 ζωγράφοι
3533 5193 3547 5242 ;
3569 5203 3626 5214 --
3640 5168 3694 5222 Οὐ

531 5277 577 5360 1'
606 5275 752 5360 Psal.
782 5294 981 5360 xxxiii,
1011 5278 1231 5360 ΕΞ,
1290 5279 1337 5311 ⁵⁸
1370 5279 1530 5360 Prov.
1560 5300 1631 5350 tv,
1664 5287 1720 5353 1,
1742 5287 1796 5342 2.
1868 5290 1913 5322 ⁵⁷
1947 5291 2055 5347 ibid

2164 5335 2172 5350 .
2252 5296 2297 5328 ⁵⁸
2338 5296 2495 5351 Prov.
2529 5313 2627 5360 \'.ll,
2653 5297 2706 5350 ι.
2779 5297 2847 5328 ⁵⁸·
2881 5295 3023 5350 Εεριί
3053 5312 3132 5357 ιι,
3161 5292 3450 5360 2‘2;Prov.
3513 5306 3579 5357 Iv,
3629 5287 3693 5340 ll.

460 5346 696 5404 "Exod.
736 5365 862 5415 xxv,
892 5349 980 5405 40.
1065 5349 1110 5382 ⁶⁰
1137 5350 1300 5406 Hebr.
1338 5367 1458 5418 vm,
1499 5354 1552 5408 5.

460 5440 742 5522 irrepserit
767 5480 782 5505 ,
834 5442 982 5522 quod
1014 5443 1365 5522 ibinnotatur,
1401 5445 1546 5515 apud
1579 5446 1874 5522 Platonem
1925 5463 2046 5503 esse
2225 5453 2301 5522 (8)
2343 5451 2496 5509 Plato
2526 5453 2650 5507 add.
2679 5453 2856 5521 δόξαν.

459 5511 1042 5595 pugnipugni/{Apud
1068 5515 1223 5570 illum
1247 5515 1417 5595 enim,
1438 5511 1558 5595 tam
1579 5517 1632 5571 in
1659 5517 1852 5595 Ficini,
1879 5535 1983 5595 qua

2222 5511 2299 5594 ('93
2334 5527 2678 5590 Εὑσεόείας.
2719 5511 3026 5593 [Ῑεςυιιιίιιιιι
3072 5527 3391 5592 εὐσέϐειαν,
3441 5534 3531 5580 aut
3575 5528 3694 5578 certe

460 5584 514 5636 in
551 5584 1078 5668 Serranheditione,
1110 5585 1667 5668 quemadmodu‘tuet
1701 5588 1756 5643 in
1788 5584 1989 5644 omnibu

1567 5599 1667 5668 ret
1701 5588 1756 5643 in
1788 5584 2043 5645 omnibus
2149 5584 2430 5668 εὐσεϐείας
2461 5597 2559 5668 καὶ,
2588 5584 3096 5668 ἀρετῆς“ἆνά).ηψιν.

463 5613 514 5636 ΙΙΙ
551 5613 774 5638 πιιαιιι
817 5613 1078 5649 curuuuc,
1110 5613 1575 5654 ιιυυιιιδυιιιυυυιιι
1613 5613 1667 5643 ει
1701 5613 1756 5643 ΙΙΙ
1788 5613 1990 5644 υΙΙΙΙΙΙυΙ

461 5667 740 5738 nianuser.
790 5654 1019 5739 habetur
1059 5655 1635 5739 ⁸τεθριιιμμένονικΜίιιί
1687 5669 1900 5739 tamen,
1950 5677 1990 5739 τι

2161 5613 2430 5658 ευσεοειας
2461 5613 2550 5675 και
2588 5613 2786 5668 αρετης
2811 5613 3097 5720 ἀναληῧιν.
3589 5665 3596 5672 ἑ

2191 5667 2328 5739 ,(10)
2361 5668 2497 5739 ,Θεῳ
2529 5665 2631 5739 δή.
2660 5666 2848 5739 Plato,
2892 5685 2939 5720 νι
3029 5684 3064 5739 εί
3086 5668 3281 5738 republ.
3305 5708 3319 5733 ,
3352 5685 3475 5739 pag.
3505 5666 3615 5728 $7.3,
3637 5659 3690 5719 (ἓ.

461 5722 774 5810 τραμμένον
813 5727 993 5810 aptius
1024 5722 1326 5810 videi-"etuti;
1362 5729 1494 5810 quid
1523 5729 1669 5810 enim
1707 5739 1790 5786 est
1838 5730 1898 5784 τὸ
1944 5733 1990 5783 τί

1600 5729 1669 5786 im
1707 5739 1790 5786 est
1838 5730 1898 5784 τὸ
1944 5733 2040 5802 τῆς
2148 5722 2241 5794 ubi
2273 5722 2488 5810 legitur,
2521 5722 2652 5810 θείῳ
2688 5737 2753 5810 δὴ
2781 5722 2872 5793 καὶ
2901 5738 3129 5810 κοσμίῳ.

460 5795 660 5865 αρετῆς
686 5795 1058 5868 τεθραμμένον
1092 5801 1217 5871 περὶ
1251 5798 1348 5864 τὰς
1382 5795 1594 5872 ἧδονάς.
