3872 6368
140 338 223 395 985
1245 327 1571 385 PlUEPAR.
1614 329 1661 384 Ε

1767 328 1864 384 KG.
1908 327 2036 381 LIB.
2080 324 2192 381 Xll.

3246 321 3351 380 εδδ

137 444 505 523 χαλεπανοῦσιν,
532 438 569 515 ἦ
606 443 649 495 δ’
680 442 758 506 ὃς,
793 442 997 515 ἐάνπερ
1031 442 1349 498 αἴσθωνται.
1405 442 1561 495 Ἀλλὰ
1596 443 1660 513 δὴ

1767 442 1885 496 vilis
1908 441 2174 496 artificem
2225 439 2472 494 futurum
2502 437 2788 494 arbitraris
2805 440 2829 490 ?
2849 469 2922 479 —
2945 437 3165 494 Minime
3198 458 3347 502 vero.

136 544 231 598 τίνα
252 541 409 607 λέγεις
433 537 630 607 τρόπον
650 537 749 605 τῆς
779 536 1085 607 διαγραφῆς
1106 554 1119 599 ;
1140 565 1208 573 -
1222 534 1514 599 Λαῦόντες,
1541 530 1609 604 ἦν
1626 532 1669 586 δ’

136 637 242 706 ἐγὼ,
264 634 434 701 ὥσπερ
462 631 687 691 πίνακα,
740 629 894 682 πόλιν
922 645 985 681 τε
1032 628 1126 681 καὶ
1177 627 1281 698 ἢθη
1324 625 1626 698 ἀνθρώπων
1653 667 1669 691 ,

138 726 311 800 πρῶτον
344 725 433 794 μὲν
452 722 697 792 καθαρὰν
722 722 1003 792 ποιήσειαν
1034 720 1121 786 ἂν,
1163 719 1192 772 ὃ
1214 720 1275 772 οὐ
1304 719 1443 773 πάνυ
1470 718 1667 790 ῥᾴδιον.

144 820 256 873 Ἀλλ’
281 813 362 870 οὖν
388 810 520 868 οἷσθ’
561 814 671 885 (ll)
710 816 791 867 ὅτι
840 814 1015 884 τούτῳ
1058 812 1124 865 ἂν
1154 811 1320 875 εὐθὺς
1360 810 1469 865 τῶν
1495 810 1669 863 ἄλλων

137 909 415 977 διε-ιέγκαιεν
440 906 575 974 (12),
605 906 685 976 τῷ
718 907 854 977 μήτε
882 903 1118 968 ἰδιώτου,
1151 906 1290 974 μήτε
1318 903 1526 966 πόλεως
1553 902 1670 956 ἐθε-

138 1004 265 1072 λῆσαι
292 1000 351 1053 ἂν
376 999 481 1069 (15)
521 997 760 1068 ἅψασθαι
781 1038 795 1060 ,
836 998 969 1068 μηδὲ
1002 997 1235 1068 γράφειν
1270 996 1469 1066 νόμους
1494 1035 1508 1059 ,
1539 996 1667 1065 πρὶν

136 1092 422 1165 παραλαῦεῖν
444 1090 713 1162 καθαρὴν,
745 1090 953 1159 ἧαὺτοὶ
988 1091 1228 1160 ποιῆσαι.
1258 1118 1329 1128 -—
1348 1090 1454 1141 Καὶ
1491 1087 1667 1159 ὀρθῶς

134 1185 395 1252 γε,ἒν,ςη.-
417 1180 626 1235 Οὐκοῦν
664 1182 799 1251 μετὰ
826 1180 997 1234 ταῦτα
1015 1179 1116 1233 οῖει
1158 1178 1575 1249 ὑπογράψασθαι
1602 1178 1666 1231 ἂν

134 1280 179 1331 τὸ
198 1279 354 1348 σχῆμα
376 1276 469 1347 τῆς
490 1275 767 1337 πολιτείας
786 1291 801 1339 ;
825 1272 970 1324 -Τί
999 1273 1105 1343 μήν
1123 1272 1470 1337 ;-Ἕπειτα,
1487 1266 1662 1334 οἶμαι,

134 1366 554 1441 ἀπεργαζόμενοι,
600 1366 783 1421 πυκνὰ
817 1365 882 1418 ἂν
916 1364 1221 1435 ἑκατέρωσε
1283 1363 1661 1425 ἀποϐλέποιεν,

135 1466 240 1532 πρός
270 1479 323 1515 τε
350 1464 407 1515 τὸ
436 1461 596 1530 φύσει
624 1460 831 1513 δίκαιον
872 1458 965 1511 καὶ
985 1456 1149 1510 καλὸν
1177 1457 1271 1511 καὶ
1302 1455 1538 1527 σῶφρον,
1570 1456 1663 1508 καὶ

135 1556 269 1608 πάντα
292 1555 352 1609 τὰ
372 1553 600 1608 τοιαῦτα
622 1570 633 1580 ·
668 1555 762 1606 καὶ
796 1553 933 1624 πρὸς
956 1554 1135 1605 ὲκείνο
1161 1548 1251 1614 αὖ,
1275 1551 1303 1603 ὃ
1332 1552 1389 1603 ἐν
1422 1554 1534 1613 τοῖς
1566 1550 1661 1602 ἁν-

136 1648 325 1717 θρὼποις
343 1650 637 1717 ἐμποιοῖεν,
674 1644 1074 1716 ξυμμιγνύντες
1097 1660 1157 1695 τε
1188 1644 1279 1696 καὶ
1307 1642 1661 1712 κεραννύντες

134 1740 183 1791 ἐκ
204 1738 293 1791 τῶν
320 1738 781 1810 ἐπιτηδευμάτων,
808 1737 868 1790 τὸ
916 1734 1278 1807 ἀνδρείκελον,
1332 1735 1425 1787 ἀπ’
1453 1734 1658 1787 ἐκείνου

1774 531 1969 601 inquit.
1996 561 2066 571 -—
2092 528 2159 583 Et
2190 529 2505 593 multitudo,
2535 530 2779 599 inquam,
2814 529 2862 583 si
2905 528 3073 584 semel
3103 545 3289 584 verum
3318 547 3349 585 a

1772 624 1931 679 nobis
1955 623 2135 677 hocin
2164 637 2361 693 genere
2389 622 2497 678 dici
2530 620 2879 691 cognoverit,
2927 621 3141 675 ultraue
3167 621 3348 689 philo-

1770 718 1958 786 sophis
2008 716 2374 781 succensebit,
2420 730 2485 770 ac
2530 714 2691 769 ﬁdem
2720 714 2879 769 nobis
2920 713 3190 777 detrahet,
3218 713 3351 768 dum

1771 810 2161 879 rempublicam
2217 810 2376 863 aliter
2404 808 2615 863 felicem
2641 807 2880 861 futuram
2907 821 3192 877 negamus,
3242 807 3350 863 nisi

1768 920 1888 958 eam
1939 904 2175 973 pictores
2224 902 2301 956 illi
2353 901 2601 956 divinum
2650 900 2928 970 exemplar
2961 899 3232 954 intuentes
3267 900 3352 953 iii-

1769 996 2161 1052 formaverint?
2180 994 2539 1066 -—Nunquam
2572 995 2773 1053 hercle,
2798 994 2852 1048 id
2877 995 2923 1048 si
2958 994 3121 1047 modo
3148 1007 3351 1063 cogito--

1771 1089 1923 1143 verit.
1999 1087 2140 1155 Sed,
2190 1088 2466 1158 quodnam
2508 1089 2680 1151 istuc,
2715 1088 2980 1152 obsecro,
3018 1085 3349 1140 informandi

1768 1196 1938 1251 genus
1972 1180 2232 1250 intelligis
2252 1180 2351 1234 ?—
2384 1178 2605 1249 Nempe,
2637 1178 2931 1243 civitatem,
2957 1178 3199 1250 inquam,
3231 1191 3351 1231 mo-

1766 1288 1962 1341 resque
1984 1271 2291 1338 hominum,
2323 1271 2481 1341 quasi
2513 1270 2754 1325 tabu‘am
2799 1270 3038 1340 aliquam
3071 1271 3124 1323 in
3152 1285 3349 1324 manus

1765 1374 2065 1430 sumentes,
2098 1364 2167 1417 ab
2192 1363 2343 1418 omni
2388 1363 2625 1433 primum
2657 1362 2777 1416 labe
2807 1363 3137 1433 purgabunt.
3193 1362 3349 1427 Quod

1766 1456 1985 1525 quidem
2012 1472 2121 1510 non
2153 1456 2448 1511 admodum
2477 1454 2635 1510 facile
2669 1461 2773 1509 est.
2830 1454 2934 1509 Sed
2963 1454 3066 1509 hoc
3089 1455 3348 1509 nimirum

1764 1549 1932 1618 probe
1962 1550 2126 1613 nosti,
2162 1549 2247 1603 vel
2276 1549 2380 1604 hoc
2428 1549 2666 1603 maxime
2690 1548 2916 1619 reliquis
2945 1548 3200 1603 omnibus
3229 1547 3350 1616 phi-

1762 1641 2025 1710 losophos
2049 1641 2279 1706 anteire,
2314 1640 2460 1710 quod
2493 1656 2668 1711 neque
2694 1642 2967 1711 privatum
2995 1657 3346 1711 quemquam,

1763 1743 1859 1787 aut
1890 1732 2283 1803 rempublicam
2310 1734 2474 1787 ullam
2508 1734 2798 1803 attingere,
2826 1750 2925 1789 nec
2956 1735 3099 1805 leges
3125 1733 3348 1787 omnino

134 1809 519 1904 τεκμαιρόμενοι,
562 1832 591 1885 ὃ
622 1831 687 1904 δὴ
725 1831 836 1901 (14)
890 1831 985 1885 καὶ
1020 1831 1267 1901 Ὅμηρος
1313 1828 1570 1881 ἐκάλεσεν
1602 1828 1661 1880 ἐν

1767 1825 1909 1881 ferre
1944 1826 2134 1891 velint,
2166 1826 2274 1881 nisi
2308 1834 2606 1895 utrumque
2636 1827 2787 1896 prius
2815 1827 2898 1881 vel
2937 1834 3224 1896 purgatum
3259 1842 3350 1879 ac-

136 1926 217 1988 roi;
246 1923 531 1995 ἀνθρώποις
562 1923 951 1992 ἐγγιγνόμενον
999 1920 1228 1984 θεοειδές
1270 1937 1329 1972 τε
1365 1920 1459 1972 καὶ
1493 1918 1661 1971 θεοεί-

1767 1918 2031 1989 ceperint,
2059 1918 2143 1973 vel
2175 1918 2392 1988 ipsimct
2420 1918 2871 1990 purgaverint.—
2885 1916 2950 1973 Et
2975 1918 3169 1972 merito
3196 1932 3346 1985 sane,

137 2013 344 2066 κελον.-
367 2011 589 2083 Ὀρθῶς,
617 2010 742 2081 ἔφη.
776 2040 841 2049 -
865 2010 974 2063 Καὶ
1005 2008 1065 2061 τὸ
1096 2009 1193 2079 μὲν
1234 2007 1320 2071 ἂν,
1345 2004 1516 2079 οἶμαι,
1541 2007 1661 2072 ἐξα-

1767 2010 1961 2082 inquit.
1988 2042 2058 2051 —
2088 2009 2285 2066 Postea
2318 2026 2467 2071 vero.
2500 2026 2611 2065 non
2648 2020 2703 2065 tu
2736 2025 2831 2065 eos
2879 2010 3137 2080 optimam
3166 2011 3349 2079 reipu-

136 2103 335 2171 λείφοιεν,
359 2103 488 2156 τὸδὲ
522 2102 689 2156 πάλιν
709 2102 1057 2171 ἐγγράφοιεν,
1087 2098 1191 2162 ’ἐως
1222 2098 1288 2152 ἂν
1318 2100 1397 2151 ὃτι
1430 2097 1661 2167 μάλιστα

1767 2103 1916 2157 blicae
1946 2102 2180 2157 formam
2209 2102 2583 2173 descripturos
2615 2104 2935 2159 existimas?
2958 2133 3025 2145 —-
3059 2104 3341 2174 Equidem.

134 2196 184 2248 ri
206 2197 484 2268 ἀνθρώπεια
511 2196 643 2268 ἤθη,
674 2197 753 2257 εἰς
786 2195 908 2247 ὅσον
932 2192 1225 2262 ἐνδέχεται,
1257 2189 1479 2261 θεοφιλῆ
1502 2191 1661 2262 ποιή-

1767 2224 1830 2234 --
1862 2193 1999 2249 Tum
2025 2209 2185 2261 vero,
2220 2194 2348 2249 dum
2386 2197 2439 2250 in
2470 2212 2609 2265 opus
2641 2197 2990 2263 incumbent,
3027 2212 3198 2266 saepe,
3233 2196 3348 2266 Opi-

135 2306 263 2342 σειαν.
303 2310 318 2341 ι
1761 2300 1882 2351 nor,
1901 2285 1967 2339 ad
2001 2297 2292 2353 utrumque
2322 2286 2636 2355 respicient,
2658 2288 2761 2341 hoc
2790 2294 2871 2340 est
2894 2287 3060 2340 modo
3090 2286 3155 2339 ad
3189 2286 3344 2349 illud,

135 2381 247 2448 quod
289 2390 471 2451 suapte
529 2390 729 2435 natura
762 2379 997 2450 justum,
1023 2377 1332 2447 pulchrum,
1361 2375 1699 2430 moderatum
1737 2384 1840 2438 est,
1888 2384 2191 2445 caateraque
2228 2376 2280 2429 id
2307 2392 2475 2446 genus
2506 2375 2724 2441 omnia;
2772 2376 2934 2429 modo
2968 2376 3033 2429 ad
3066 2375 3169 2430 hoc
3210 2376 3345 2429 alte-

133 2487 251 2534 rum,
307 2472 441 2542 quod
476 2474 626 2527 inter
655 2472 903 2526 homines
961 2470 1262 2532 elaborent,
1334 2468 1634 2522 humanum
1703 2468 2054 2523 simulacrum
2088 2467 2161 2522 ita
2188 2467 2305 2523 suis
2336 2483 2400 2522 ex
2450 2468 2757 2523 studiorum
2804 2467 3223 2537 officiorumque
3258 2482 3345 2521 ra-

134 2565 320 2620 tionibus
347 2565 634 2620 conﬂando
680 2576 843 2634 atque
874 2563 1248 2634 temperando,
1301 2573 1359 2617 ut
1423 2561 1552 2615 illud
1594 2576 1807 2630 semper
1850 2561 2149 2624 imitentur,
2186 2561 2333 2631 quod
2386 2560 2656 2617 Homerus
2702 2559 2818 2631 ipse
2855 2575 3073 2629 quoque
3119 2558 3341 2612 insitam

134 2657 505 2727 impressamque
552 2657 873 2711 hominibus
915 2657 1155 2710 divinam
1195 2654 1431 2724 speciem
1490 2662 1545 2706 et
1577 2652 1866 2721 imaginem
1897 2652 2206 2722 appellavit.
2260 2684 2330 2693 —
2359 2653 2644 2719 Praeclare,
2678 2652 2875 2723 inquit.
2916 2682 2987 2693 —-
3019 2651 3085 2706 Et
3115 2652 3348 2710 subinde

133 2750 333 2817 quidem,
380 2751 618 2820 opinor,
675 2750 906 2805 deleturi
964 2750 1163 2812 modo,
1230 2748 1392 2802 modo
1440 2745 1786 2801 informaturi
1824 2756 1986 2815 sunt,
2031 2746 2208 2801 donec
2252 2747 2522 2803 humanos
2576 2748 2681 2816 ipsi
2732 2763 2950 2815 mores,
3007 2765 3173 2819 quam
3229 2766 3349 2805 ma-

132 2844 241 2896 xime
263 2844 373 2899 ﬁeri
416 2852 619 2914 potest,
673 2841 783 2896 Deo
822 2859 981 2897 caros
1015 2851 1376 2913 acceptosque
1431 2839 1781 2894 reddiderint.
1814 2856 1835 2891 ι

606 2934 999 2987 ΚΕΦΑΛΛΙΟΝ
1038 2934 1124 2989 κ’.

2243 2931 2406 3004 594
2461 2931 2689 2987 CAPUT
2750 2932 2869 2990 xx.

247 3047 347 3115 χρὴ
367 3048 528 3137 ’τοίζςφ
551 3046 734 3137 νέονυς
764 3048 848 3137 ’δι’
889 3049 1274 3137 ξηιιξθήςεως
1316 3049 1520 3119 ὕμνων
1564 3051 1658 3119 ὀρ-

1767 3063 2012 3120 Jumores
2041 3066 2270 3137 honestis
2308 3065 2627 3135 quibusdam
2671 3066 2876 3135 hymnis
2906 3068 3121 3137 odiaque
3155 3086 3348 3123 memo-

183 3115 279 3169 θῶν
295 3119 380 3191 χιιι
407 3118 581 3191 (poor
615 3121 701 3191 εις
745 3115 966 3191 ἀρετῆςί
998 3115 1309 3191 ἀνάληψιν
1351 3115 1662 3191 ῖπροπαρῖτ-
1689 3115 1732 3172 C

183 3187 470 3248 σκευάζειν.
514 3188 654 3242 Ἀπὸ
689 3189 793 3242 τοῦ
831 3189 1112 3259 δευτέρου
1138 3190 1256 3243 τῶν
1288 3187 1506 3262 Νόμων.

190 3318 203 3350 ι
239 3302 376 3354 Δοκεῖ
422 3319 512 3372 μοι
554 3301 670 3371 (15)
713 3302 895 3373 τρίτον
930 3304 962 3374 ἢ
995 3304 1253 3375 τέταρτον
1311 3306 1341 3357 ὁ
1397 3304 1553 3372 λόγος
1581 3306 1661 3368 εἰς

132 3393 746 3467 ταὺτδνῖπεριφερόμενος
801 3397 979 3467 ἥκειν,
1010 3397 1086 3461 ὡς
1140 3398 1248 3468 ἄρα
1296 3398 1515 3452 παιδεία.
1561 3400 1660 3470 μὲν

133 3482 213 3535 ἔσθ’
234 3488 261 3556 ἠ
282 3487 473 3542 παίδων
501 3489 638 3557 ὁλκή
672 3506 730 3541 τε
766 3489 858 3541 καὶ
884 3490 1074 3559 ἀγωγὴ
1121 3490 1256 3561 πρὸς
1296 3490 1387 3543 τὸν
1419 3490 1524 3543 ὑπὸ
1564 3490 1658 3543 τοῦ

132 3574 256 3644 νόμου
296 3576 440 3646 λόγον
476 3577 639 3650 ὀρθὸν
667 3579 973 3649 εἰρημένον,
1033 3581 1128 3633 καὶ
1170 3583 1282 3643 τοῖς
1313 3582 1659 3637 ἐπιεικεπά-

132 3681 213 3727 τοις
237 3667 317 3719 καὶ
364 3668 760 3739 πρεσϐυτάτοις
806 3668 872 3721 δι’
903 3670 1197 3741 ἐμπειρίαν
1221 3671 1656 3744 ξυνδεδογμένον,

132 3753 188 3816 ὡς
214 3756 355 3821 ὅντως
379 3759 534 3829 ὀρθός
561 3762 732 3812 ἐστιν.
770 3760 868 3812 "lv’
895 3755 1039 3832 οἶνή
1071 3761 1216 3832 ψυχὴ
1244 3762 1339 3815 τοῦ
1372 3764 1555 3828 παιδὸς
1581 3765 1657 3836 μὴ

133 3843 297 3902 ἐναντία
321 3851 524 3922 χαίρειν
559 3852 656 3905 καὶ
681 3851 967 3905 λυπεῖσθαι
1000 3852 1247 3923 ἐθίζηται
1272 3855 1350 3922 τῷ
1383 3856 1532 3927 νόμῳ
1566 3858 1659 3910 καὶ

132 3936 213 3996 mi;
236 3936 322 3989 ὑπὸ
346 3938 433 3991 τοῦ
458 3940 629 4010 νόμον
659 3940 992 4010 τεθειμένοις
1025 3943 1134 4014 (16)
1156 3984 1171 4007 ,
1196 3944 1332 3998 ἀλλὰ
1364 3946 1657 4017 ξυνέπηται

133 4026 343 4096 χαίρουσά
368 4049 424 4086 τε
454 4036 549 4086 καὶ
581 4033 891 4105 λυπουμένη
918 4038 1029 4099 τοῖς
1058 4037 1260 4104 αὐτοῖς,
1286 4033 1481 4109 οἷσπερ
1512 4041 1539 4092 ό
1567 4038 1659 4107 γὲ-

135 4133 243 4184 puw'
278 4124 463 4177 τούτων
504 4125 670 4178 ἕνεκα
707 4126 773 4189 ἂς
808 4126 949 4197 ᾠδὰς
988 4128 1261 4200 καλοῦμεν
1304 4130 1411 4201 (l7)
1457 4132 1659 4203 (ὅντως

135 4212 206 4279 μὲν
230 4217 409 4287 ἐπῳδαὶ
446 4223 568 4283 ταῖς
613 4220 813 4290 ψυχαῖς
858 4214 1018 4274 αὗται
1053 4222 1147 4275 νῦν
1174 4224 1451 4291 γεγονέναι
1477 4266 1491 4288 ,
1521 4224 1658 4295 πρὸς

132 4305 203 4374 τὴν
222 4309 450 4382 τοιαύτην
473 4353 487 4375 ,
526 4313 596 4383 ἢν
630 4312 860 4382 λέγομεν
892 4313 1211 4382 συμφωνίαν
1236 4354 1250 4377 ,
1284 4315 1656 4385 ἐσπουδασμέ-

132 4412 219 4446 ναι·
258 4399 336 4453 διὰ
374 4402 428 4455 δὲ
449 4404 508 4456 τὸ
543 4403 777 4474 σπουδὴν
809 4403 883 4475 μὴ
915 4404 1173 4457 δύνασθαι
1201 4404 1387 4473 φέρειν
1421 4406 1520 4468 τὰς
1546 4404 1655 4457 τῶν

132 4486 424 4563 νὲωνψυχὰς,
448 4494 658 4548 παιδιαί
689 4512 745 4548 τε
775 4495 866 4548 καὶ
891 4495 1025 4566 ᾠδαὶ
1053 4496 1332 4550 καλεῖσθαι
1362 4498 1455 4550 καὶ
1486 4497 1655 4568 πράτ-

132 4580 311 4653 τεσθαι)
363 4587 612 4659 καθάπερ
662 4590 774 4651 τοῖς
824 4588 1091 4658 κάμνουσί
1142 4606 1202 4641 τε
1270 4588 1363 4642 καὶ
1413 4588 1655 4652 ἀσθενῶς

135 4671 271 4740 έχουσι
295 4679 357 4733 τὰ
397 4682 645 4752 σώματα,
685 4683 742 4734 ἐν
789 4682 939 4753 ἡδέσι
972 4681 1033 4734 τέ
1074 4698 1183 4735 τισι
1214 4681 1402 4745 σιτίοις
1430 4682 1525 4735 καὶ
1560 4681 1657 4733 πό-

191 4850 278 4932 (ll)
323 4856 466 4932 Ἀλλ’
495 4854 611 4932 οὖν
640 4856 812 4913 οἷσθ’.
850 4858 973 4913 Hmc
1008 4859 1232 4932 Ficinus
1266 4876 1388 4915 cum
1424 4859 1657 4915 interro-

137 4928 305 5037 faliune
323 4930 615 5001 conjungit,
648 4932 848 4995 minus,
872 4931 1086 5000 Opinor.
1105 4928 1345 4985 Platonis
1366 4947 1433 4983 ex
1466 4947 1651 4988 sensu.

156 4990 247 5037 dum
282 4998 409 5037 anim
441 5011 519 5037 ρει
608 5003 697 5037 ...ιι
746 5018 868 5037 οη...
914 5002 964 5037 ῑιι
1013 5001 1174 5037 ησὶιιιη
1217 5000 1487 5037 ιΙίΠῖυἰΙίηα
1536 5020 1651 5037 μη..

156 4990 247 5072 fletu
282 4990 551 5072 enini’estv,
603 4990 698 5071 qui
746 4990 868 5055 cum
910 4990 965 5054 id
1013 5001 1174 5069 paulo
1217 5000 1489 5055 difﬁcilius
1536 5020 1657 5056 esse

138 5060 335 5142 dixisset,
366 5060 699 5142 philosophis
732 5080 910 5125 tamen
947 5060 1106 5141 longe
1136 5072 1348 5126 facilius
1378 5088 1502 5126 esse
1531 5089 1656 5127 con-

143 5130 299 5189 ﬁrmat.

194 5202 283 5282 (ίῇ)
316 5210 692 5282 Διῶέέχκαιεν.
756 5212 810 5266 Id
866 5212 1052 5267 malim
1110 5228 1274 5282 quam
1327 5213 1655 5281 διενεγκεῖν,

141 5274 421 5358 (lup-{luatur}
465 5274 743 5358 Platonem
774 5284 1001 5358 legitur,
1030 5274 1271 5358 cunia'rr
1296 5274 1654 5358 praecesserit.

158 5342 282 5423 εἴη)
326 5342 631 5420 Ἕθελῆσαι
682 5355 778 5409 ἄν.
825 5342 1081 5408 Ὁιιιιιίιιο
1133 5354 1212 5407 sic
1262 5342 1542 5423 legendum
1591 5372 1655 5409 ex

139 5406 323 5532 gaigne
368 5432 417 5474 et
463 5406 775 5492 m'anuscr.;
828 5426 1023 5479 vitiosa
1080 5424 1225 5477 enim
1275 5406 1424 5493 prior
1468 5425 1653 5492 editio,

188 5498 206 5531 Ξ
254 5503 399 5532 ,σαιριι

188 5498 259 5545 εΑη
266 5503 418 5545 σαιεν.

573 5566 646 5621 ita
695 5572 836 5621 recte
871 5564 1059 5630 Plato,
1103 5578 1210 5619 non
1246 5564 1308 5617 τὸ
1344 5564 1445 5637 δή,
1494 5575 1552 5621 ιιι
1602 5566 1656 5620 in

142 5630 277 5685 priori
311 5630 551 5690 editione.

158 5692 286 5785 L295)
320 5702 479 5758 Δοκεῖ
510 5724 629 5785 μοι.
666 5705 853 5775 Plato,
897 5706 991 5761 lib.
1022 5722 1060 5761 ii
1099 5704 1247 5776 Lrg.,
1281 5722 1399 5778 pag.
1439 5707 1564 5773 578,
1591 5708 1653 5764 E.

144 5756 246 5817 ἱὶρὶ.

1839 3138 1937 3190 ria:
1966 3136 2415 3206 cqmmendandis,
2450 3142 2518 3189 ad
2561 3138 2922 3204 suaripiendos
2956 3136 3165 3193 virtutis
3196 3152 3344 3196 satus

1831 3208 2208 3277 praeparandos
2238 3224 2366 3261 esse.
2409 3206 2493 3260 Ea:
2519 3208 2744 3261 secundo
2769 3209 2993 3279 Legum.

1836 3339 1855 3369 ι
1891 3319 2013 3376 Jam
2041 3322 2173 3381 mihi
2198 3321 2415 3377 tertium
2441 3332 2535 3376 aut
2566 3333 2848 3392 quartum,
2878 3324 3056 3393 inquit
3088 3323 3250 3387 idem,
3280 3340 3345 3377 eo

1758 3412 1916 3467 nobis
1950 3414 2195 3469 revoluta
2244 3414 2456 3470 videtur
2496 3416 2709 3481 oratio,
2743 3428 2801 3471 ut
2823 3417 3166 3486 disciplinam
3200 3418 3345 3473 aliud

1757 3504 2009 3561 dicamus
2044 3522 2165 3561 esse
2212 3508 2385 3572 nihil,
2417 3524 2582 3577 quam
2629 3524 2921 3577 puerorum
2968 3510 3345 3564 educationem

1757 3597 2052 3667 ejusmodi,
2088 3614 2192 3668 qua
2224 3600 2292 3654 ad
2328 3616 2447 3654 eam
2500 3602 2624 3655 vita:
2674 3602 2939 3657 rationem
2982 3604 3343 3671 adducantur,

1756 3689 1917 3759 cujus
1956 3690 2245 3761 integritas
2290 3701 2344 3747 et
2394 3693 2531 3765 legis
2564 3709 2659 3748 ore
2688 3697 3122 3759 commendetur.
3159 3709 3215 3751 et
3248 3698 3347 3750 lio—

1757 3783 1967 3837 minum
2004 3793 2112 3838 tam
2144 3784 2401 3854 mquitate
2430 3788 2827 3856 praestantium,
2852 3804 3015 3858 quam
3046 3798 3201 3843 aztate
3229 3805 3347 3842 ma-

1758 3883 2008 3931 turorum
2057 3878 2384 3934 auctoritate
2436 3886 2601 3947 atque
2657 3880 2990 3950 experientia
3024 3881 3347 3950 comprobe-

1756 3973 1866 4023 tur.
1891 3964 1963 4022 Ut
1982 3982 2112 4038 ergo
2127 3968 2282 4039 pueri
2311 3967 2530 4023 animus
2557 3983 2668 4023 non
2699 3970 2822 4026 aliis
2850 3970 2916 4025 de
2947 3971 3150 4035 causis,
3180 3988 3342 4041 quam

1757 4073 1879 4128 quae
1907 4058 2008 4129 legi
2041 4060 2227 4123 simul,
2273 4068 2328 4115 et
2375 4060 2440 4116 iis
2495 4076 2617 4130 quae
2651 4076 2680 4114 a
2713 4061 2831 4131 lege
2876 4062 3085 4117 sancita
3122 4061 3342 4121 fuerint.

1756 4154 2105 4219 conveniant,
2152 4162 2246 4206 aut
2273 4152 2459 4209 dolere
2488 4162 2583 4208 aut
2621 4154 2792 4208 laetari
2837 4162 3141 4216 assuescat,
3178 4155 3343 4209 adeo-

1756 4258 1862 4313 que
1884 4245 2118 4300 senioris
2145 4246 2371 4300 ductum
2400 4256 2667 4317 sequatur
2698 4247 2752 4301 in
2779 4248 2926 4301 omni
2957 4247 3191 4301 tristitiae
3213 4262 3345 4316 gau—

1755 4337 1941 4407 diique
1973 4353 2135 4393 sensu
2184 4357 2199 4393 :
2237 4349 2543 4409 propterea,
2580 4355 2718 4409 quas
2747 4340 2949 4409 passim
2996 4339 3130 4395 odas
3177 4356 3341 4394 voca-

1758 4447 1882 4484 nius
1908 4430 2146 4502 (tametsi
2190 4432 2336 4486 enim
2388 4433 2602 4488 animos
2647 4448 2771 4488 vere
2818 4434 3137 4486 cantionum
3170 4433 3343 4487 instar

1760 4536 1905 4576 nunc
1932 4522 2149 4592 quidem
2181 4522 2437 4587 alliciant,
2466 4531 2649 4590 utpote
2673 4523 2737 4576 ad
2775 4538 2898 4576 cum
2927 4521 2993 4576 de
3024 4538 3133 4593 quo
3161 4523 3341 4592 loqui-

1759 4629 1880 4668 mur
1909 4623 2232 4668 concentum
2257 4614 2595 4670 clliciendum
2624 4615 2915 4669 elaboratae
2939 4633 2952 4682 ;
2983 4616 3125 4685 quod
3160 4625 3339 4670 tamen

1753 4707 2036 4777 juniorum
2069 4707 2238 4761 animi
2257 4708 2459 4762 seriqu
2482 4709 2617 4762 nihil
2648 4718 2702 4763 et
2729 4719 3013 4763 actuosum
3049 4708 3189 4764 ferre
3217 4725 3343 4778 pus-

1830 4862 1938 4933 (16)
1988 4862 2364 4931 Τεθειμένοις.
2417 4863 2605 4925 Plato,
2642 4860 3067 4931 πεπεισμένοις,
3099 4862 3241 4930 quod
3278 4877 3343 4914 eo

1759 4934 1933 5002 magis
1982 4934 2322 5002 probandum
2358 4934 2528 4988 videri
2577 4933 2786 5002 possit,
2833 4932 2978 5000 quod
3018 4933 3178 4999 paulo
3220 4942 3342 5000 post

1758 4998 2036 5075 sequatur,
2068 4998 2264 5075 οἷσπερ
2288 5006 2315 5075 ό
2340 5004 2538 5075 γέρων,
2574 4998 2731 5075 quasi
2770 4998 2909 5057 unus
2933 4998 3109 5057 sithic
3136 4998 3339 5067 senior,

1759 5073 1962 5144 cxpillis
1996 5073 2102 5126 ὑπὸ
2130 5073 2224 5144 τοῦ
2256 5073 2421 5144 νόμου
2453 5073 2857 5144 πεπεισμένοις.

1830 5142 1942 5211 (l7)
1989 5146 2084 5210 Ἃς
2116 5142 2274 5210 ᾠδὰς
2324 5142 2667 5213 καλοῦμεν.
2712 5143 2902 5197 lliulca
2961 5143 3236 5211 pendens,
3286 5152 3341 5196 ct

1758 5213 1959 5278 Attico,
1996 5217 2339 5284 maximeque
2377 5216 2656 5269 Platonico
2689 5229 2838 5268 more
2869 5214 3120 5267 intricata
3176 5215 3341 5267 simul

1758 5283 2062 5354 ctitrajecta
2094 5288 2291 5340 oratio.
2330 5284 2462 5339 Nam
2493 5286 2623 5338 illud
2657 5285 2911 5354 quidem,
2971 5284 3039 5348 at;
3065 5284 3207 5353 ᾠδὰς
3238 5303 3339 5337 κα-

1757 5352 1976 5439 λούμεν,
2006 5357 2233 5439 ριηυὶιιο
2262 5357 2496 5439 Ρρηιξει..
2521 5357 2652 5439 Qua:
2676 5352 3019 5439 sequuntur,
3066 5352 3237 5436 usque
3269 5356 3338 5438 ad

1759 5425 2131 5495 πράττεσθαι,
2188 5428 2498 5494 parenthesi
2570 5425 2867 5480 claudentia
2923 5426 3212 5491 existimo,
3267 5429 3339 5480 ita

1737 5496 2000 5565 .quidem,
2028 5504 2087 5549 ut
2118 5496 2418 5563 γεγονέναι,
2447 5496 2745 5567 καλεῖσθαι,
2779 5496 3133 5567 πράττεσθαι,
3164 5499 3339 5565 posita

1708 5562 2013 5639 .Ἰ.Γι;θῐ·ἱιιι,
2042 5562 2396 5639 μισ-γένοιντ’
2434 5568 2520 5629 ἂν,
2567 5562 2847 5629 καλοῖντο,
2884 5562 3225 5639 πράττοιντο,
3258 5567 3340 5639 yol

1760 5636 1928 5710 (quod
1949 5634 2193 5710 Platoni,
2226 5636 2592 5710 Demostheni,
2621 5648 2675 5693 et
2701 5639 2820 5692 aliis
2844 5634 3228 5710 ἁττικωτέροις
3258 5637 3341 5691 fa-

1761 5706 2195 5779 miliarissimum
2229 5710 2348 5779 est)
2381 5724 2477 5775 pro
2512 5709 2844 5777 imperativis
2878 5706 3155 5779 usurpata.
3191 5709 3339 5764 Con-

1768 5780 1903 5842 sule,
1937 5779 1981 5832 si
2012 5778 2207 5848 plutei,
2241 5776 2409 5835 Ficini
2446 5776 2771 5835 vei-siutirm.
