3994 6384
249 357 359 413 980
1466 359 1785 417 PILEPAR.
1828 360 2082 417 EVANG.
2120 359 2247 415 LIB.
2292 359 2401 415 XII.
3470 358 3574 415 990

250 470 684 544 αἰσθάνεσθαι,
744 477 835 532 xui
882 478 943 532 τὸ
984 479 1241 549 παράπαν
1298 479 1416 551 ζῇν,
1474 480 1727 551 μέγιστον
1785 480 1885 554 μὲν

2009 479 2166 534 nnnis
2192 479 2448 534 cumulus
2476 476 2803 541 habetur,ut
2828 476 3064 546 primum
3101 477 3217 532 haec
3234 478 3417 533 omnia
3446 495 3575 534 con-

253 567 431 619 κακὸν
456 567 563 621 τὸν
610 569 916 643 ξύμπαντα
950 571 1138 644 χρόνον
1168 572 1438 626 ἀθάνατον
1482 573 1615 627 ὄντα
1661 576 1756 628 xui
1802 593 1892 629 κε-

2009 580 2215 628 ιοοιιιιιε
2264 570 2413 635 eris,
2465 569 2728 625 continuo
2779 568 3140 625 immortalem
3188 572 3435 626 evadere.
3506 573 3577 625 At

253 660 553 731 κτημένον
598 665 795 719 πάντα
827 666 895 719 τὰ
917 666 1183 737 λεγόμενα
1216 665 1413 734 ἀγαθὰ,
1449 666 1590 737 πλὴν
1617 667 1892 721 δικαιοσύ-

2009 661 2264 732 ajusmodi
2312 676 2437 717 cum
2488 669 2690 725 vester,
2738 659 2955 729 opinor,
3001 667 3117 715 tum
3162 675 3317 716 meus
3357 676 3577 732 quoque

252 772 355 826 νης
390 772 457 807 τε
492 757 604 810 καὶ
634 759 850 830 ἀρετῆς
876 758 1125 829 ἁπάσης·
1155 758 1374 812 ἔλαττον
1403 759 1482 821 δὲ,
1504 760 1599 812 ἐὰν
1622 760 1697 824 ὡς
1719 761 1892 830 ὀλίγι-

2009 770 2190 810 ιειιειιε
2215 762 2320 816 est.
2340 753 2474 807 viris
2505 751 2729 822 quidem
2753 750 2917 820 justis
2943 766 3008 805 ac
3033 751 3137 821 piis
3167 753 3426 823 optimam
3453 768 3577 809 esse

255 862 386 899 στον
420 848 453 899 6
510 850 787 913 τοιοῦτος
843 851 1036 921 χρόνον
1070 851 1300 923 ἐπιζῴῃ.
1363 851 1548 905 Ταῦτα
1601 852 1665 923 δὴ
1714 853 1892 921 λέγειν

2009 862 2177 902 ‘erum
2212 846 2441 901 istarum
2473 844 2720 899 omnium
2754 843 3158 912 possessionem
3182 884 3197 911 ,
3230 853 3284 898 at
3314 845 3576 915 improbis

254 934 416 1009 οἶμαι
444 941 592 1004 τοὺς
622 942 765 1013 παρ’
795 944 922 1012 ὑμῖν
948 943 1195 1014 ποιητὰς,
1222 944 1367 1015 ἆπερ
1394 943 1524 1012 ἐγὼ,
1548 945 1765 997 πείσετε
1797 946 1891 999 xui

2016 954 2153 1011 onge
2193 937 2514 1009 pessimam,
2565 937 2722 991 initio
2750 937 2819 990 ab
2851 938 3084 1005 ipsainet
3127 936 3361 991 sanitate
3386 936 3572 991 ducto.

255 1028 639 1097 ἀναγκάσετε
665 1073 684 1097 ,
725 1033 806 1085 ἔτι
836 1032 1046 1097 τούτοις
1094 1034 1396 1105 ἑπομένους
1437 1035 1678 1107 ῥυθμούς
1707 1054 1765 1089 τε
1797 1037 1892 1090 xui

2009 1030 2130 1086 Nam
2158 1032 2363 1095 videre,
2412 1030 2625 1097 audire,
2664 1030 2885 1095 sentire,
2919 1030 3252 1099 omninoque
3281 1030 3482 1094 vivere,
3518 1039 3579 1084 ut

256 1120 547 1192 ἁρμονίας
583 1124 919 1189 ἀποδόντας,
946 1126 1221 1180 παιδεύειν
1241 1125 1384 1179 οὕτω
1398 1128 1525 1189 τοὺς
1544 1130 1698 1191 νέους
1714 1128 1888 1199 ὑμῶν.

2009 1122 2293 1176 maximum
2344 1121 2393 1175 ei
2434 1120 2639 1175 malum
2689 1119 2869 1182 fuerit,
2920 1119 3013 1189 qui
3058 1119 3174 1173 haec
3220 1120 3427 1182 omnia,
3457 1134 3579 1189 quze

254 1208 335 1267 Ἦ
365 1213 489 1285 γὰρ
517 1217 706 1287 ὁρᾶτε
735 1217 847 1286 (25)
875 1234 888 1281 ;
934 1217 1074 1285 Ἐγὼ
1097 1217 1196 1289 μὲν
1244 1216 1353 1289 γὰρ
1385 1218 1529 1286 λέγω
1571 1220 1777 1289 σαφῶς,
1824 1222 1892 1275 τὰ

2009 1215 2157 1284 vulgo
2188 1214 2331 1268 bona
2358 1212 2635 1277 dicuntur,
2663 1211 2995 1281 sempiterno
3025 1219 3267 1280 tempore
3292 1211 3578 1265 immorta~

260 1306 364 1377 μὲν
387 1307 556 1362 κακὰ
592 1308 874 1381 λεγόμενα
904 1310 1084 1379 ἁγαθά
1112 1314 1223 1373 τοῖς
1253 1310 1456 1374 ἀδίκοις
1484 1306 1621 1364 εἶναι
1646 1353 1659 1377 ,
1696 1316 1807 1377 τοῖς
1837 1313 1892 1366 δὲ

2009 1306 2062 1361 κίε
2094 1304 2404 1375 possideat,
2439 1319 2470 1358 a
2513 1302 2724 1374 justitia
2778 1312 2831 1357 et
2872 1303 3070 1358 virtute
3107 1302 3384 1371 sejuncta;
3418 1304 3497 1357 sic
3528 1304 3578 1357 ei

255 1398 511 1462 δικαίοις
536 1400 736 1453 κακά’
769 1402 839 1455 τὰ
860 1400 915 1453 δὲ
946 1400 1146 1468 ἀγαθὰ,
1174 1403 1285 1464 τοῖς
1315 1402 1411 1471 μὲν
1456 1402 1681 1470 ἀγαθοῖς
1725 1404 1892 1467 ὅντως

2009 1417 2155 1472 ιοιιεθ
2192 1402 2394 1465 minus,
2432 1400 2523 1469 qui
2560 1400 2681 1455 talis
2732 1414 2856 1453 cum
2903 1407 3068 1465 esset,
3103 1398 3324 1453 nonnisi
3372 1398 3580 1451 brevis-

261 1488 481 1557 ἁγαθὰ,
520 1494 654 1556 τοῖς
680 1492 737 1546 δὲ
764 1495 954 1555 κακοῖς
982 1492 1144 1545 κακά.
1176 1494 1353 1563 Ὅπερ
1386 1488 1478 1545 οὖν
1516 1494 1751 1565 ἠρόμην,
1783 1490 1892 1564 ἆρα

2009 1496 2137 1551 simo
2171 1504 2414 1563 tempore
2444 1494 2661 1547 vixerit.
2732 1490 2859 1547 Haec
2892 1491 3079 1561 utique
3124 1493 3289 1547 vestri
3326 1501 3385 1546 ut
3411 1502 3581 1561 poeta:

261 1583 700 1656 ξυμφωνοῦμεν
721 1584 832 1655 ἐγώ
858 1603 917 1639 τε
951 1588 1045 1639 xui
1071 1589 1249 1658 ὑμεῖς,
1303 1588 1335 1657 ἢ
1366 1586 1513 1651 πῶς;
1545 1606 1562 1637 ι
1598 1586 1672 1640 Ού
1704 1587 1892 1659 πάρρω

2009 1595 2216 1653 :anant,
2231 1587 2315 1640 vel
2332 1586 2711 1655 impetrabitis,
2725 1585 2809 1640 vel
2834 1585 3251 1655 extorquebitis,
3268 1601 3369 1640 nec
3389 1602 3493 1638 non
3524 1594 3582 1639 nt

264 1673 446 1729 ταῦτα
491 1679 775 1749 τυγχάνει
817 1678 925 1733 τῶν
952 1679 1046 1732 τοῦ
1077 1678 1240 1732 Δαϐὶδ
1264 1678 1531 1750 Ψαλμῶν,
1567 1678 1657 1742 οὒς
1688 1679 1892 1751 προλα-

2009 1688 2181 1750 ιριιιιη
2233 1678 2300 1734 iis
2331 1686 2385 1731 et
2432 1676 2715 1732 cohaerens
2765 1691 3117 1729 numerorum
3175 1686 3580 1743 concentusque

265 1764 378 1817 ϐὼν
408 1764 558 1837 θείῳ
589 1767 866 1839 πνεύματι
896 1768 1151 1832 συνέταξε
1176 1767 1243 1819 δι’
1266 1767 1419 1837 ᾠδῶν
1442 1767 1538 1821 καὶ
1568 1767 1774 1838 ὓμνων,
1808 1770 1892 1833 τίς

2009 1787 2167 1843 genus
2215 1770 2546 1834 adhibeant,
2591 1768 2739 1839 quod
2785 1768 3098 1823 erudiendis
3144 1768 3581 1822 adolescentibus

271 1857 371 1926 μὲν
406 1860 438 1910 6
496 1858 733 1930 ἀληθῶς
793 1859 1080 1931 μακάριος,
1118 1858 1204 1921 τίς
1255 1858 1312 1910 δὲ
1341 1860 1369 1911 6
1417 1857 1591 1929 τούτῳ
1625 1859 1889 1923 ἐναντίος,

2009 1864 2196 1919 vestris
2230 1873 2596 1933 opportunum
2628 1862 2700 1916 sit
2729 1860 2992 1917 futurum.
3064 1860 3254 1916 Utrum
3303 1856 3446 1915 enim
3480 1862 3581 1915 hoc

270 1949 618 2013 παιδεύσας.
681 1950 960 2005 Ἐντεῦθεν
1002 1949 1131 2019 γοῦν
1169 1942 1319 2020 αὐτῷ
1352 1951 1445 2004 xui
1496 1951 1886 2022 κατάρχεταιὴ

273 2041 460 2111 βίϐλος
485 2042 739 2111 φήσαντι
766 2059 777 2071 ·
805 2061 822 2093 ι
852 2044 1139 2114 Μακάριος
1168 2042 1306 2114 ἀνὴρ
1329 2042 1387 2105 δς
1402 2043 1501 2095 οὐκ
1532 2043 1802 2115 ἐπορεύθη
1833 2044 1890 2096 ἐν

275 2134 445 2204 βουλῇ
482 2134 745 2188 ἀσεϐῶν·
788 2156 806 2188 ι
852 2136 947 2188 xui
995 2136 1063 2188 τὰ
1095 2136 1275 2205 ὅμοια.
1310 2135 1378 2187 Ἀ
1405 2134 1469 2205 δὴ
1506 2134 1825 2205 μεταϐαλὼν
1861 2136 1889 2187 6

275 2226 543 2291 Πλάτων,
586 2227 723 2299 φησὶ
775 2227 885 2280 δεῖν
932 2228 1058 2291 τοὺς
1094 2225 1324 2295 ποιητὰς
1369 2226 1569 2294 λέγειν,
1630 2227 1704 2291 ὡς
1734 2230 1761 2280 ὁ
1793 2227 1889 2297 μὲν

274 2318 492 2385 ἀγαθὸς
526 2319 696 2390 ἀνὴρ,
732 2318 964 2391 σώφρων
985 2319 1059 2372 ῶν
1094 2320 1187 2373 xui
1215 2318 1445 2382 δίκαιος,
1481 2319 1752 2389 εὐδαίμων
1776 2321 1893 2373 ἐστι

275 2411 375 2465 xui.
414 2412 738 2483 μακάριος*
790 2411 884 2465 ἐὰν
914 2412 971 2464 δὲ
1026 2413 1136 2484 ἄρα
1190 2413 1417 2485 πλουτῇ,
1570 2413 1627 2466 δὲ
1686 2414 1890 2477 ἄδικος,

278 2504 472 2568 ἄθλιός
516 2507 694 2558 ἔστιν.
736 2505 802 2557 Ὃ
835 2505 930 2557 καὶ
964 2504 1095 2557 αὐτὸ
1148 2504 1312 2559 πάλιν
1352 2506 1380 2557 6
1410 2505 1573 2557 Au6i6
1619 2498 1721 2558 ὧδέ
1776 2523 1892 2569 πως

279 2597 524 2662 ἐξέδωκε
555 2598 649 2652 διὰ
674 2597 783 2652 τῶν
811 2598 1058 2668 Ψαλμῶν
1087 2596 1257 2651 εἰπών
1280 2615 1294 2627 ·
1332 2617 1349 2649 ι
1383 2597 1618 2661 Πλοῦτος
1644 2598 1737 2651 ἐὰν
1770 2599 1887 2669 ῥέῃ,

286 2693 363 2763 μὴ
396 2690 771 2762 προστίθεσθε
803 2690 1029 2761 καρδίαν
1055 2706 1066 2718 ·
1109 2710 1127 2742 ι
1163 2692 1255 2743 καὶ
1278 2691 1439 2743 πάλιν
1464 2708 1477 2721 ·
1522 2709 1539 2741 ι
1573 2690 1663 2761 Μὴ
1698 2690 1887 2759 φοϐοῦ,

282 2785 415 2839 ὅταν
446 2784 736 2855 πλουτήσῃ
762 2782 1049 2853 ἄνθρωπος
1074 2822 1089 2847 ,
1127 2784 1159 2855 ἢ
1196 2784 1325 2835 ὅταν
1362 2781 1639 2853 πληθυνθῇ
1686 2784 1718 2852 ἡ
1766 2782 1895 2846 δόξα

286 2878 381 2931 τοῦ
411 2880 573 2931 οἴκου
602 2877 787 2931 αὑτοῦ.
824 2895 842 2927 ι
896 2876 1017 2929 Ἐπὶ
1054 2877 1248 2947 σχολῆς
1279 2875 1321 2928 δ’
1368 2875 1434 2928 ἂν
1476 2872 1659 2945 εὕροις
1689 2874 1894 2927 ἕκαστα

285 2972 396 3025 τῶν
426 2972 745 3043 εἰρημένων
773 2972 853 3043 τῷ
883 2970 1179 3040 φιλοσόφῳ,
1209 2970 1347 3041 πρὸς
1376 2967 1523 3033 λέξιν
1568 2968 1799 3039 κείμενα
1825 2968 1891 3021 δι’

288 3064 420 3135 ὅλης
447 3065 560 3135 τῆς
581 3066 731 3137 ἱερᾶς
756 3065 865 3117 τῶν
894 3062 1139 3133 Ψαλμῶν
1166 3062 1404 3133 γραφῆς.

1995 1954 2276 2010 advertitis
2293 1952 2652 2023 ?——Equidem
2687 1952 2737 2006 id
2773 1952 2917 2006 clare
2938 1953 3251 2021 pronuntio,
3284 1968 3405 2021 qua:
3440 1953 3581 2006 mala

1995 2046 2273 2109 dicuntur,
2293 2046 2513 2116 injustis
2540 2048 2862 2111 bonaymala
2886 2046 3052 2115 justis
3077 2060 3230 2109 esse;
3266 2060 3386 2114 quae
3417 2045 3580 2108 bona,

1996 2139 2154 2193 bonis
2185 2153 2309 2193 vere
2340 2138 2501 2203 bona,
2525 2139 2684 2193 malis
2709 2148 2888 2193 autem
2920 2136 3361 2193 mala.——Utrum
3394 2138 3581 2206 igitur,

1996 2231 2049 2283 in
2075 2244 2140 2283 eo
2172 2228 2317 2299 quod
2346 2230 2627 2298 rogabam,
2688 2231 2829 2285 inter
2855 2245 2955 2284 nos
2988 2230 3362 2292 convenimus,
3396 2244 3461 2281 an
3497 2245 3583 2283 se—

1995 2322 2129 2377 cus?
2163 2342 2180 2373 ι
2215 2322 2501 2377 Platonica
2551 2323 2657 2377 ista
2690 2339 2796 2377 non
2823 2322 3116 2377 admodum
3150 2338 3179 2375 a
3214 2320 3446 2375 Psalmis
3483 2322 3587 2375 Da-

1993 2416 2135 2471 vidis
2163 2416 2400 2481 absunt,
2445 2431 2587 2485 quos
2620 2415 2839 2485 quidem
2869 2416 2985 2485 ipse
3018 2415 3204 2469 divino
3238 2414 3447 2467 amatus
3478 2413 3585 2467 Nu-

1996 2511 2142 2564 mine
2172 2519 2323 2565 tanto
2370 2520 2495 2564 ante
2524 2525 2589 2564 ex
2621 2512 2874 2564 cantibus
2906 2509 3233 2580 hymnisque
3280 2510 3581 2573 contexuit,

1997 2602 2251 2671 quisnam
2278 2617 2404 2656 vere
2432 2611 2525 2655 aut
2550 2602 2763 2664 beatus,
2791 2610 2885 2655 aut
2910 2602 3077 2656 miser
3100 2610 3580 2670 esset,exponens.

2000 2692 2066 2746 Et
2090 2693 2309 2762 quidem
2342 2707 2501 2747 suum
2550 2692 2664 2761 ipse
2690 2692 2886 2744 librum
2914 2691 3038 2745 inde
3071 2691 3384 2760 auspicatur
3405 2734 3418 2755 ,
3454 2693 3582 2745 dum

2000 2784 2114 2839 ait:
2154 2803 2171 2834 ι
2206 2783 2406 2839 Beatus
2437 2784 2541 2849 vir,
2591 2783 2685 2853 qui
2736 2800 2841 2837 non
2892 2782 3056 2854 596
3103 2784 3236 2837 abiit
3268 2784 3320 2837 in
3355 2786 3585 2838 consilio

2001 2877 2291 2947 impiorum
2320 2877 2362 2908 ⁶¹
2389 2894 2436 2943 ;›
2475 2890 2527 2932 et
2554 2876 2775 2941 similia,
2812 2878 3012 2945 quibus
3043 2878 3290 2932 nonnihil
3325 2879 3584 2931 immuta-

2000 2968 2093 3036 tis,
2122 2967 2278 3023 Plato
2308 2968 2451 3023 hane
2474 2968 2650 3038 poetis
2680 2968 3055 3022 necessitatem
3088 2968 3350 3038 imponit,
3402 2971 3475 3022 uti
3506 2969 3584 3021 vi-

2004 3077 2125 3115 rum
2178 3060 2422 3126 bonum,
2478 3060 2556 3116 vel
2608 3059 2889 3125 hocipso,
2926 3075 3035 3129 quo
3086 3060 3499 3129 temperantiam
3532 3068 3586 3114 et

289 3158 615 3225 aequitatem
662 3158 840 3221 colat,
873 3156 1084 3211 felicem
1129 3155 1457 3225 beatumque
1488 3155 1883 3225 pronuntient;
1926 3154 2234 3223 improbum
2278 3164 2484 3217 autem,
2537 3164 2595 3208 ut
2633 3153 2838 3207 divitiis
2891 3153 3257 3218 circumﬂuat,
3322 3154 3582 3208 miserum

290 3249 618 3318 praedicent.
661 3248 815 3316 Quod
848 3250 1024 3318 ipsum
1083 3246 1252 3302 David
1284 3248 1340 3301 in
1375 3248 1491 3303 suis
1542 3263 1761 3317 quoque
1789 3246 2023 3302 Psalmis
2055 3246 2346 3316 expressit,
2395 3248 2481 3302 his
2505 3247 2685 3301 verbis
2720 3265 2733 3299 :
2789 3267 2805 3296 ι
2840 3245 3050 3301 Divitiae
3096 3246 3141 3300 si
3198 3246 3438 3308 atlluant,
3488 3264 3586 3299 no-

293 3340 387 3395 lite
429 3356 535 3396 cor
579 3355 848 3410 apponere
874 3340 941 3394 “.
976 3359 995 3392 ι
1032 3342 1210 3410 Atque
1246 3341 1465 3406 iterum,
1500 3358 1519 3391 ι
1554 3339 1630 3395 Ne
1674 3342 1889 3404 timeas,
1931 3356 2056 3395 cum
2080 3341 2235 3396 dives
2264 3340 2442 3397 factus
2469 3341 2632 3396 fuerit
2666 3342 2850 3405 homo,
2897 3349 2991 3393 aut
3052 3355 3175 3394 cum
3232 3340 3585 3408 multiplicata

293 3432 462 3489 fuerit
495 3434 667 3505 gloria
693 3432 890 3488 domus
924 3432 1061 3501 ejus.
1094 3434 1159 3488 ⁸³.
1198 3453 1216 3485 ι
1254 3432 1395 3499 Quin
1428 3436 1590 3489 etiam
1618 3433 1885 3504 quidquid
1925 3449 1992 3489 eo
2022 3435 2143 3489 loco
2173 3436 2379 3491 dictum
2413 3452 2442 3489 a
2484 3436 2811 3506 philosopho
2846 3444 2964 3501 est,
3018 3434 3072 3489 id
3130 3446 3185 3491 tu
3215 3452 3376 3491 omne
3433 3438 3584 3508 sigil-

294 3525 482 3591 latim,
532 3527 589 3581 in
631 3540 789 3581 sacro
820 3524 1161 3579 Psalmorum
1207 3525 1519 3587 volumine,
1556 3525 1622 3579 ad
1662 3526 1885 3580 verbum
1929 3541 2277 3596 expressum,
2314 3526 2522 3597 majore
2548 3528 2660 3581 otio
2689 3527 2947 3595 reperies.

817 3618 1213 3693 REPAAAION
1250 3618 1377 3669 KB'.

2568 3617 2799 3673 CAPUT
2841 3617 3007 3671 XXII.

298 3712 422 3764 Ὅτι
459 3714 534 3765 οὑ
566 3708 809 3762 πάντων
836 3709 967 3762 ἐστὶ
1002 3709 1109 3772 τὰς
1138 3708 1315 3775 ὅρθὰς
1343 3707 1499 3771 ᾠδὰς
1525 3707 1620 3779 καὶ
1648 3706 1719 3779 τὰ
1742 3707 1892 3779 μέλη

2009 3710 2129 3766 Non
2159 3710 2392 3779 cujusvis
2440 3728 2551 3765 esse
2597 3710 2892 3763 laudabiles
2935 3712 3065 3764 odas
3093 3720 3142 3763 et
3172 3711 3412 3765 carmina
3453 3715 3587 3765 scri-

368 3784 671 3835 δύνασθαι
705 3779 917 3846 ποιεῖν,
959 3780 1096 3833 ἀλλ’
1131 3779 1168 3847 ἢ
1210 3779 1405 3848 μόνου
1453 3777 1623 3843 Θεοῦ,
1658 3777 1695 3845 ἢ
1736 3778 1902 3832 θείου

374 3853 543 3916 τινὸς
574 3850 813 3919 ἀνδρός.

380 3963 399 3994 ι
433 3940 803 4013 Νομοθετικὸν
833 3940 944 4012 (24)
968 3940 1067 4011 μὲν
1095 3934 1188 3992 οὖν
1204 3939 1299 3992 xui
1315 3938 1590 3992 πολιτικὸν
1618 3938 1893 4009 ὑπερϐαλ-

303 4036 531 4099 λόντως.
569 4033 709 4089 Ἀλλ’
736 4035 899 4105 ἕτερα
932 4033 1110 4102 φαῦλα
1140 4033 1208 4086 ἂν
1257 4033 1438 4105 ε’ύροις
1471 4032 1659 4086 αὐτόθι
1686 4050 1698 4063 ·
1735 4032 1894 4085 τοῦτο

303 4128 350 4183 δ’
385 4124 485 4182 οὖν
536 4126 598 4179 τὸ
642 4126 769 4197 περὶ
822 4126 1085 4197 μουσικὴν
1128 4124 1327 4193 ἀληθές
1364 4142 1424 4177 τε
1475 4126 1570 4177 καὶ
1628 4123 1776 4187 ἄξιον
1806 4125 1894 4176 ὲν-

304 4224 457 4287 νοίας
476 4238 492 4253 ⁸
520 4224 601 4277 ὅτι
631 4222 853 4275 δυνατὸν
880 4222 986 4291 ἄρα
1029 4215 1097 4291 ἦν
1145 4220 1274 4291 περὶ
1304 4218 1412 4271 τῶν
1444 4218 1700 4271 τοιούτων
1744 4236 1896 4287 νομο-

307 4314 602 4379 θετεῖσθαι,
627 4313 859 4384 βεϐαίως
881 4312 1209 4383 θαρροῦντα,
1246 4310 1383 4381 μέλη
1408 4310 1476 4364 τὰ
1497 4310 1596 4380 τὴν
1626 4309 1897 4381 ὀρθότητα

310 4407 476 4476 φύσει
509 4404 880 4475 παρεχόμενα.
916 4401 1087 4455 Τοῦτο
1124 4400 1180 4453 δὲ
1208 4399 1344 4452 Θεοῦ
1385 4400 1418 4471 ἢ
1451 4398 1593 4453 θείου
1620 4399 1766 4463 τινὸς
1803 4401 1897 4452 ἁν-

310 4500 439 4572 δρδς
470 4498 535 4552 ἂν
564 4498 669 4567 εἴη.
703 4516 721 4548 ι
758 4495 995 4557 Εἰκότως
1021 4494 1127 4564 ἄρα
1156 4494 1249 4546 xui
1276 4495 1405 4564 παρ’
1450 4492 1718 4562 Ἑϐραίοις
1749 4508 1895 4544 νενο-

314 4591 600 4663 μοθέτητω
668 4588 800 4660 μηδὲ
838 4587 1028 4649 ἄλλους
1091 4586 1294 4657 ὕμνους
1329 4588 1422 4639 xui
1455 4586 1598 4656 ᾠδάς
1660 4588 1717 4638 ἐν
1775 4590 1894 4650 ταῖς

2071 3781 2225 3863 bere,
2256 3784 2347 3835 sed
2389 3782 2465 3835 vel
2508 3783 2663 3835 unius
2702 3781 2822 3846 Dei,
2855 3783 2931 3835 vel
2982 3782 3147 3835 divini
3182 3783 3459 3850 cujusdam
3494 3786 3585 3835 Iw-

2073 3869 2253 3906 mmts.

2078 3963 2095 3996 ι
2130 3946 2268 4011 lmo,
2296 3945 2440 4014 quod
2467 3944 2665 3999 summi
2692 3960 2918 4014 prorsus
2951 3944 3129 4015 inquit
3157 3944 3330 4009 Plato,
3376 3961 3497 3999 cum
3532 3946 3582 3998 in

2000 4034 2210 4107 legibus
2241 4036 2634 4103 ierendis,tum
2674 4038 2727 4091 in
2756 4037 3139 4092 constituenda
3165 4037 3439 4106 republica
3472 4054 3586 4089 nm-

2001 4129 2171 4184 menti
2204 4129 2296 4185 sit.
2336 4126 2472 4182 Nam
2506 4138 2564 4183 ut
2589 4128 2695 4182 alia
2719 4129 2966 4198 quaedam
2998 4132 3136 4198 apud
3165 4144 3260 4183 eos
3288 4128 3583 4182 leviusrula

2000 4220 2275 4289 reperias;
2307 4220 2411 4274 hoc
2444 4235 2576 4275 sane
2605 4221 2750 4290 quod
2782 4223 2834 4273 in
2863 4220 3074 4273 musica
3121 4228 3388 4278 statuunt,
3418 4228 3471 4271 et
3496 4234 3584 4269 ve-

1998 4327 2143 4378 rum,
2163 4320 2217 4368 et
2248 4311 2631 4366 observatione
2656 4313 2879 4382 dignum
2906 4321 2987 4366 est
3020 4329 3032 4363 :
3064 4312 3175 4366 ﬁeri
3204 4311 3456 4365 nimirum
3490 4328 3585 4380 pn-

1998 4405 2206 4470 tuisse,
2238 4413 2297 4459 ut
2346 4405 2451 4460 hoc
2491 4406 2656 4459 etiam
2709 4407 2763 4459 in
2808 4421 3005 4477 genere
3040 4406 3340 4475 legislator,
3376 4406 3421 4459 si
3452 4420 3583 4457 con-

2002 4506 2211 4550 stanter
2243 4496 2469 4551 auderet
2499 4497 2682 4563 modo,
2728 4506 3033 4552 concentus
3056 4513 3152 4551 eos
3182 4498 3296 4566 lege
3322 4496 3578 4556 sanciret,

1999 4586 2093 4656 qui
2121 4602 2214 4656 per
2243 4602 2364 4642 sese
2389 4588 2731 4643 honestatem
2776 4598 2985 4642 natura:
3024 4604 3087 4641 ac
3129 4589 3451 4657 probitatem
3483 4586 3578 4638 atl-

311 4683 484 4746 θείαις
510 4680 877 4743 διδασκαλίαις
910 4678 1268 4750 ἀποδέχεσθαι
1301 4678 1334 4750 ἦ
1360 4679 1459 4741 τὰς
1484 4678 1590 4730 ὑπὸ
1621 4678 1713 4731 τοῦ
1747 4679 1892 4732 θείου

2009 4679 2306 4747 iungerent.
2344 4677 2615 4733 (la-terum
2646 4679 2700 4733 id
2728 4682 2808 4735 vel
2836 4681 2954 4748 Dei,
2989 4682 3072 4736 vel
3101 4681 3267 4735 divini
3299 4678 3579 4749 cujusdam

313 4774 630 4844 Πνεύματος
691 4772 778 4825 διὰ
808 4771 915 4824 τῶν
944 4771 1103 4825 θείων
1156 4771 1251 4825 καὶ
1300 4769 1653 4843 προφητικῶν
1681 4770 1890 4842 ἀνδρῶν

314 4867 707 4938 πεποιημένας,
763 4867 833 4920 τά
890 4881 948 4919 τε
991 4863 1200 4925 τούτοις
1259 4861 1571 4932 κατάλληλα
1622 4861 1777 4933 μέλη,
1813 4860 1890 4933 τῷ

315 4956 537 5027 συνήθει
568 4958 696 5028 παρ’
730 4957 911 5019 αὐτοῖς
942 4953 1177 5026 ᾀδόμενα
1197 4952 1404 5024 τρόπῳ.

1999 4767 2239 4823 hominis
2267 4770 2547 4839 pr0prium
2583 4771 2770 4825 fuerit.
2812 4791 2830 4823 ι
2868 4771 3001 4827 Jure
3024 4787 3153 4843 ergo
3182 4782 3402 4827 cautum
3438 4771 3581 4839 apud

1998 4856 2251 4914 Hebraeos
2280 4858 2416 4924 fuit,
2453 4871 2514 4915 ut
2540 4876 2608 4914 ne
2639 4861 2729 4914 alii
2761 4862 2962 4916 divinis
3001 4862 3055 4915 in
3096 4861 3360 4915 doctrinis
3396 4858 3578 4929 hymni

1997 4961 2301 5021 cantusque
2333 4952 2516 5006 locum
2546 4952 2833 5018 haberent,
2858 4970 3022 5023 quam
3048 4968 3188 5022 quos
3224 4951 3441 5005 divinus
3469 4950 3582 5018 ipse

315 5051 552 5121 Spiritus
608 5051 941 5106 divinorum‘
977 5066 1041 5105 ac
1102 5047 1545 5118 propheticorum
1607 5044 1891 5099 hominum
1952 5059 2048 5100 ore
2109 5045 2360 5111 fudisset,
2413 5061 2588 5118 eoque
2637 5057 2898 5119 prmterea
2950 5046 3295 5102 modulorum
3362 5057 3579 5114 geneie,

312 5145 458 5217 quod
485 5160 540 5201 et
567 5160 694 5201 cum
740 5143 874 5214 ipsis
920 5142 1238 5206 colmreret,
1283 5149 1335 5193 et
1372 5138 1600 5193 solemni
1631 5138 1770 5207 apud
1804 5154 1899 5193 eos
1936 5148 2267 5211 receptoque
2292 5156 2445 5195 more
2471 5151 2779 5196 caneretur.

818 5233 1214 5287 ΚΕΦΑΛΔΙΟΝ
1248 5232 1376 5287 Kl".

315 5330 453 5399 Περὶ
483 5327 601 5383 τῶν
632 5324 966 5397 δοκιμάζειν
988 5326 1129 5399 οἵων
1160 5341 1223 5399 τε
1252 5322 1363 5399 τᾲς
1408 5322 1559 5377 κατὰ
1608 5321 1757 5376 Θεὸν
1789 5335 1894 5376 πε-

838 5396 1166 5465 ποιημένας
1193 5394 1371 5463 ᾠδάς.

394 5512 411 5544 ι
441 5489 717 5562 Συγχωρῶ
759 5489 869 5560 (25)
897 5505 961 5556 γε
986 5488 1047 5541 τό
1078 5505 1141 5556 γε
1173 5488 1425 5541 τοσοῦτον
1477 5487 1571 5540 καὶ
1625 5485 1736 5555 ἐγὼ
1783 5488 1897 5549 τοῖς

388 5587 427 5618 ⁶¹
467 5586 613 5641 Psal.
652 5600 693 5647 ι,
728 5584 778 5637 I.
860 5585 903 5615 ⁸³
934 5582 1077 5639 Psal.
1115 5599 1227 5647 ut,
1261 5584 1348 5636 ll.

388 5680 499 5747 (‘23)
539 5676 613 5734 Ἦ
643 5679 752 5748 γὰρ
782 5676 975 5747 ὁρᾶτε.
1013 5676 1357 5739 Familiaris,
1409 5686 1469 5731 ut
1528 5678 1581 5731 in
1628 5677 1895 5747 dialogis.

319 5750 683 5818 compellatio,
713 5764 812 5803 nec
851 5748 1154 5803 vernacular.
1181 5758 1379 5802 nostum
1410 5748 1695 5805 dissimilis
1718 5786 1733 5814 ,
1765 5748 1893 5815 Car,
1995 5761 2062 5817 pa

322 5836 633 5891 reyez-vous
676 5820 812 5876 hicn.
849 5818 1010 5885 Mais,
1044 5834 1346 5888 t‘oyez-vous
1375 5818 1511 5874 hicn.

1430 5583 1473 5613 ⁸³
1500 5581 1647 5637 Psal.
1674 5597 1865 5646 XLVIII,
1907 5580 1990 5635 Π.

2563 5232 2795 5291 CAPUT
2831 5233 3019 5289 XXIII.

2088 5322 2166 5379 De
2197 5325 2262 5379 iis
2293 5326 2383 5395 qui
2411 5326 2617 5380 divinos
2648 5328 2770 5382 illo:
2806 5337 2992 5381 cantus
3017 5326 3241 5396 probare
3269 5328 3492 5396 possint.

2077 5501 2095 5537 ι
2132 5484 2246 5555 Ego
2278 5501 2430 5553 vero,
2464 5486 2642 5556 inquit
2683 5485 2861 5553 Plato,
2912 5487 2964 5543 id
3013 5485 3348 5542 multitudini
3382 5500 3579 5541 conec-

2067 5676 2640 5803 (ιῖόὲἹΙξοιίρθετικόν.
2707 5677 2894 5745 Plato,
2947 5678 3137 5734 eodem
3196 5678 3290 5735 lib.
3343 5692 3383 5735 ιι
3425 5677 3580 5751 ιιιςη

2067 5764 2541 5891 ῗρεῗὲιρζῖέωρῶ.
2574 5818 2650 5877 ld.
2686 5820 2842 5889 ibid.,
2870 5838 2990 5895 pag.
3023 5820 3149 5888 578,
3176 5820 3242 5877 c.
