3994 6384
383 340 486 402 991

1017 339 1289 396 EUSEBll
1329 335 1813 396 CAESARIENSIS
1850 325 1994 393 OPP.
2049 336 2230 392 PARS
2262 334 2328 393 ll.
2363 368 2437 379 —-
2473 334 2998 393 APOLOGETICA.

3666 321 3770 380 992

385 460 511 516 dam
543 459 659 529 ipse
684 473 902 529 quoque
921 498 937 524 ,
972 459 1238 512 musicam
1283 457 1558 525 voluptate
1587 455 1765 511 metiri
1793 471 1958 525 opor-

2088 454 2298 520 πολλοῖς,
2328 455 2438 508 δεῖν
2464 455 2565 525 τὴν
2599 452 2866 524 μουσικὴν
2891 447 3091 524 ἡδονῇ
3112 439 3455 515 κρίνεσθαι
3480 453 3498 469 ⁸
3535 439 3616 509 μὴ
3642 442 3768 529 μέν-

387 557 536 616 tere,
586 551 666 606 sic
719 558 936 615 tamen,
969 557 1029 603 ut
1058 563 1168 602 non
1203 548 1259 602 in
1289 548 1625 617 plebeiorum
1675 547 1957 602 hominum

385 641 661 709 voluptate
701 641 1139 709 acquiescamus,
1179 639 1275 694 sed
1309 639 1572 708 optimam
1602 637 1714 693 fere
1747 654 1958 693 musam

387 731 534 785 illam
584 747 705 786 esse
750 740 1091 798 statuamus,
1147 745 1270 800 quae
1318 729 1554 800 optimos
1609 738 1772 800 atque
1800 729 1959 801 597

386 818 590 888 Optime
619 819 922 884 institutos,
957 821 1192 875 maxime
1219 835 1346 875 vero
1385 835 1508 889 qua:
1537 835 1704 874 unum
1727 821 1962 890 aliquem

387 910 589 965 virtute
633 912 991 982 doctrinaque
1033 919 1382 982 praestantem
1417 912 1729 967 delecmbit.
1785 913 1964 979 Quare

391 1004 646 1060 virtutem
679 1004 734 1058 in
764 1005 954 1074 primis
985 1005 1292 1060 carminum
1323 1005 1538 1059 illorum
1562 1005 1838 1075 judicibus
1871 1020 1966 1058 ne-

388 1096 683 1152 cessariam
728 1111 849 1152 esse
891 1095 1256 1162 defendimus,
1292 1112 1416 1152 cum
1458 1096 1494 1150 ii
1532 1111 1642 1150 non
1677 1095 1964 1166 prudentia

389 1189 572 1251 modo,
595 1204 782 1243 verum
811 1189 976 1244 etiam
1002 1190 1309 1244 constantia
1329 1189 1540 1259 praediti
1568 1203 1689 1244 esse
1710 1187 1962 1242 debeant.

389 1277 500 1334 Nec
533 1279 677 1332 enim
723 1278 968 1347 profecto
994 1278 1203 1344 deceat,
1240 1287 1301 1334 ut
1340 1293 1531 1349 aequus
1569 1293 1840 1349 verusque
1872 1277 1966 1347 ju-

389 1370 514 1434 dex,
540 1379 634 1424 aut
663 1369 732 1424 ab
759 1370 994 1440 ipsomet
1019 1370 1234 1424 theatro
1252 1372 1502 1437 edoctus,
1527 1379 1579 1426 et
1604 1370 1798 1440 partim
1827 1371 1969 1424 tnui.

390 1462 639 1516 titudinis
673 1463 925 1533 strepitu,
961 1463 1162 1533 partim
1196 1462 1425 1518 stultitia
1455 1463 1675 1533 propria
1722 1461 1968 1532 stupefa-

390 1552 800 1621 ctusjudicium
837 1554 1006 1620 ferat;
1042 1564 1134 1609 aut
1165 1555 1295 1609 dum
1323 1556 1490 1609 etiam
1532 1555 1649 1626 ipse
1687 1557 1969 1611 veritatem

391 1645 672 1714 agnoscit,
710 1645 924 1715 ignavia
974 1655 1155 1701 tamen
1205 1647 1520 1702 debilitatus
1559 1663 1644 1704 ac-
1672 1657 1842 1714 metu,
1878 1649 1971 1704 illo

390 1735 509 1802 ipso
535 1748 651 1802 ore,
686 1750 795 1803 quo
820 1737 982 1803 paulo
1014 1745 1140 1790 ante
1167 1752 1293 1792 cum
1330 1736 1397 1791 ad
1422 1737 1778 1806 iudicandum
1812 1754 1971 1796 accc-

2062 566 2145 602 τοι
2190 547 2301 600 τῶν
2326 564 2389 617 γε
2417 546 2806 615 ἐπιτυχόντων,
2847 542 2996 596 ἀλλὰ
3057 534 3292 608 σχεδὸν
3324 529 3576 600 ἐκείνην
3633 525 3769 587 εἶναι

2065 635 2288 689 Μοῦσαν
2321 635 2635 704 καλλίστην,
2666 635 2788 706 ἥτις
2816 633 2942 696 τοὺς
2973 627 3370 701 βελτίστους
3409 622 3519 675 καί
3569 623 3769 686 ἱκανῶς

2067 727 2534 798 πεπαιδευμένους
2583 726 2813 797 τέρπει,
2877 725 3153 796 μάλιστα
3206 717 3278 770 δὲ
3345 715 3491 785 ἣτις
3546 713 3648 767 ἕνα
3681 715 3769 768 τόν

2067 822 2236 892 ἀρετῇ
2271 837 2330 872 τε
2353 819 2446 873 καὶ
2479 819 2700 888 παιδείᾳ
2735 817 3112 889 διαφέροντα.
3153 809 3277 864 Διὰ
3309 806 3513 860 ταῦτα
3543 807 3605 859 δὲ
3636 811 3767 878 ἀρε-

2067 914 2168 984 τῆς
2195 929 2374 984 φαμεν
2397 911 2602 965 δεῖσθαι
2636 912 2763 975 τοὺς
2806 911 3016 965 τούτων
3062 905 3337 979 κριτὰς,
3396 904 3494 955 δτι
3547 901 3657 972 τῆς
3710 920 3766 957 τε

2069 1004 2235 1075 ἄλλης
2270 1004 2530 1074 μετόχους
2551 1003 2748 1065 αὐτοὺς
2775 997 2914 1055 εῖναι
2946 1002 3038 1055 δεῖ
3087 997 3481 1071 φρονήσεως
3502 1037 3519 1058 ,
3569 997 3670 1048 καὶ
3703 997 3764 1068 δὴ

2071 1096 2165 1148 καὶ
2184 1095 2283 1164 τῆς
2316 1094 2585 1165 ἀνδρείας.
2617 1093 2755 1146 Οὔτε
2781 1092 2891 1164 γὰρ
2937 1092 3114 1164 παρὰ
3179 1089 3460 1158 θατέρου
3517 1085 3641 1157 (26)
3687 1087 3766 1141 δεῖ

2069 1187 2160 1240 τόν
2182 1202 2245 1254 γε
2274 1185 2447 1256 ἀληθῆ
2466 1185 2658 1257 κριτὴν
2683 1186 2890 1256 κρίνειν
2923 1184 3358 1256 μανθάνοντα,
3383 1179 3494 1232 καὶ
3519 1179 3762 1249 ἐκπλητ-

2071 1279 2298 1349 τόμενον
2327 1277 2434 1331 ὑπὸ
2455 1277 2550 1330 τοῦ
2581 1277 2810 1349 θορύϐου
2838 1278 2948 1333 τῶν
2974 1276 3251 1339 πολλῶν,
3291 1275 3408 1327 καὶ
3443 1271 3559 1341 τῆς
3596 1271 3762 1327 αὑτοῦ

2073 1370 2462 1433 ἀπαιδευσίας,
2517 1368 2628 1422 οὔτ’
2655 1365 2723 1423 αὖ
2763 1368 3191 1439 γιγνώσκοντα,
3265 1365 3349 1418 δι’
3417 1363 3758 1434 ἀνανδρείαν

2075 1461 2170 1514 καὶ
2201 1459 2418 1524 δειλίαν,
2451 1463 2516 1513 ἐκ
2538 1460 2630 1512 τοῦ
2653 1461 2814 1514 αὑτοῦ
2842 1461 3157 1533 στόματος,
3190 1451 3403 1529 οὗπερ
3428 1456 3572 1518 τοὺς
3603 1454 3758 1519 θεοὺς

2074 1551 2461 1615 ἐπεκαλέσατο,
2495 1550 2702 1620 μέλλων
2730 1551 2958 1623 κρίνειν,
2999 1553 3064 1604 ἐκ
3114 1547 3353 1602 τούτου
3405 1544 3752 1616 ψευδόμενον

2075 1642 2470 1712 ἀποφαίνεσθαι
2506 1643 2767 1714 ῥᾳθύμως
2788 1644 2888 1715 τὴν
2916 1643 3128 1714 κρίσιν.
3172 1640 3268 1693 Οὐ
3304 1639 3437 1708 γὰρ
3465 1637 3751 1708 μαθητὴς,

2077 1735 2215 1791 ἀλλὰ
2239 1735 2578 1799 διδάσκαλος,
2615 1736 2675 1799 ὃς
2709 1735 2821 1806 (27)
2853 1752 2917 1804 γε
2949 1735 3013 1788 τὸ
3041 1735 3315 1796 δίκαιον,
3355 1728 3592 1783 Θεατῶν
3614 1731 3751 1800 μᾶλ-

390 1826 563 1888 derct,
598 1835 766 1881 testes
797 1827 1087 1897 appellavit
1109 1828 1262 1892 deos,
1294 1827 1488 1883 falsam
1521 1845 1828 1900 vanamque
1852 1847 1977 1886 sen-

2088 1828 2169 1880 λον
2196 1826 2226 1877 ό
2254 1825 2448 1896 κριτὴς
2498 1824 2732 1890 καθίζει,
2778 1827 2872 1879 καὶ
2905 1824 3426 1895 ἐναντιωσόμενος
3482 1823 3606 1883 τοῖς
3653 1822 3748 1890 τὴν

391 1917 616 1972 tentiam
653 1919 870 1991 indigne
899 1920 1232 1990 pronuntiet.
1264 1918 1375 1976 Nec
1401 1921 1547 1976 enim
1573 1921 1689 1992 ipse
1714 1932 1972 1994 tanquam

390 2008 719 2078 discipulus,
762 2013 856 2066 sed
903 2023 1160 2084 tanquam
1207 2023 1607 2086 spectatorum,
1639 2015 1718 2071 uti
1747 2032 1844 2086 par
1867 2027 1972 2086 est,

393 2103 656 2172 magister
695 2103 936 2168 futurus,
966 2106 1182 2176 illisque
1214 2109 1371 2174 adeo,
1413 2109 1460 2164 si
1491 2109 1824 2179 voluptatem
1854 2125 1978 2179 per-

393 2208 580 2262 peram
617 2203 671 2248 et
701 2195 882 2250 alieno
916 2197 1038 2252 loco
1072 2213 1184 2267 pne
1217 2211 1276 2254 se
1306 2197 1516 2265 ferent,
1548 2205 1863 2252 constanter
1889 2213 1980 2252 re-

395 2297 738 2354 pugnaturus
763 2287 934 2343 sedet.
968 2307 988 2340 ι
1033 2287 1236 2344 Eodem
1292 2289 1452 2359 plane
1503 2289 1698 2355 modo,
1744 2304 1852 2344 non
1895 2288 1980 2341 in-

394 2377 537 2431 firme
563 2379 837 2447 quondam
871 2381 1014 2450 apud
1038 2379 1295 2436 Hebraaos
1321 2380 1688 2436 multitudinis
1718 2389 1856 2445 erat,
1884 2388 1978 2435 aut

393 2467 463 2522 de
511 2468 574 2524 iis
608 2470 700 2540 qui
743 2480 1002 2541 tanquam
1043 2473 1230 2528 divino
1261 2471 1464 2543 Spiritu
1496 2473 1660 2528 amati
1706 2473 1976 2543 produce-

395 2569 603 2626 rentur,
637 2570 732 2616 aut
771 2561 840 2616 de
887 2563 1087 2619 divinis
1135 2565 1269 2634 ipsis
1317 2565 1650 2620 carminibus
1683 2573 1920 2620 statuere
1958 2583 1972 2619 :

2081 1917 2272 1989 ἡδονὴν
2300 1917 2374 1989 μὴ
2404 1918 2790 1988 προσηκόντως
2815 1917 2966 1988 ,μηδὲ
2999 1916 3194 1990 ὀρθῶς
3225 1912 3590 1969 ἀποδιδοῦσι
3623 1911 3746 1968 θεα-

2077 2011 2220 2074 ταῖς.
2257 2029 2277 2062 ι
2311 2009 2423 2063 Καὶ¹
2473 2011 2602 2082 παρ’
2646 2009 2918 2081 Ἑϐραίοις
2945 2009 3006 2062 τὸ
3055 2008 3331 2064 παλαιὸν
3359 2007 3431 2060 ού
3471 2005 3578 2058 τοῦ
3605 2007 3743 2077 πλή-

2080 2103 2206 2168 θους
2227 2098 2296 2175 ἦν
2325 2103 2387 2157 τὸ
2414 2102 2622 2176 κρίνειν
2653 2104 2780 2166 τοὺς
2812 2105 2877 2162 ἐκ
2922 2104 3066 2157 θείου
3103 2101 3272 2157 Πνεύ
3283 2116 3485 2172 ματος
3528 2115 3738 2170 προφε-

2082 2197 2364 2268 ρομένους,
2394 2197 2611 2261 καὶτὰς
2637 2196 2855 2260 ἐνθέους
2881 2197 3027 2268 ᾠδὰς
3045 2239 3062 2262 ,
3104 2195 3244 2250 ἀλλ’
3276 2190 3444 2266 ἦσαν
3505 2192 3735 2264 βραχεῖς

2080 2291 2176 2343 καὶ
2207 2289 2421 2342 σπάνιοι
2448 2289 2665 2361 μέτοχοι
2696 2289 2789 2344 καὶ
2833 2290 2987 2343 αὐτοὶ
3030 2289 3182 2343 θείου
3227 2286 3596 2356 Πνεύματος
3621 2285 3734 2337 δια-

2085 2383 2330 2455 κριτικοῦ
2359 2383 2468 2436 τῶν
2497 2384 2826 2455 λεγομένων,
2856 2378 2939 2448 οἷς
2968 2384 3063 2438 κα)⁵
3091 2384 3301 2455 μόνοις
3345 2379 3495 2450 ἐξῆν
3532 2378 3725 2448 ἐγκρί-

2083 2491 2215 2538 νειν,
2246 2473 2342 2527 καὶ
2372 2474 2437 2545 δὴ
2469 2473 2728 2546 ἁφιεροῦν
2755 2474 2854 2538 τὰς
2887 2475 3191 2546 προφητῶν
3229 2473 3508 2545 βίϐλους,
3544 2469 3648 2532 τὰς
3670 2468 3726 2522 δὲ

2082 2564 2189 2619 τῶν
2221 2565 2295 2635 μὴ
2325 2563 2580 2618 τοιούτων
2607 2565 3050 2637 ἀποδοκιμάζειν.

393 2651 488 2706 sed
516 2654 670 2722 pauci
701 2664 890 2720 erant,
924 2657 1110 2713 divino
1153 2657 1398 2729 Spiritu,
1437 2657 1596 2728 cujus
1638 2659 1854 2728 propria
1885 2658 1973 2712 illa
2012 2657 2352 2713 describendi
2386 2659 2472 2713 vis
2505 2669 2608 2727 est,
2650 2658 2812 2714 alllati
2842 2660 2942 2730 ipsi
3002 2674 3231 2730 quoque
3282 2657 3514 2729 quibus
3549 2655 3714 2710 etiam

396 2746 521 2800 unis
557 2763 619 2802 ea
649 2749 716 2803 de
744 2765 803 2804 re
827 2760 1090 2817 statuere,
1124 2753 1382 2824 ipsosque
1411 2755 1548 2809 adeo
1591 2755 1980 2824 pr0phetarum
2020 2754 2191 2809 libros
2238 2770 2586 2820 consecrare,
2651 2765 2881 2810 caeteros
2927 2770 3057 2810 vero
3095 2765 3386 2825 tanquam
3436 2749 3708 2806 adulterio

395 2854 498 2895 nos
531 2855 595 2895 ac
623 2843 842 2911 spurios
877 2845 1196 2916 abjudicare
1225 2848 1429 2903 liceret.

959 2943 1188 2999 CAPUT
1224 2945 1416 3001 XXIV.

398 3047 600 3104 Cantus
642 3053 810 3128 etiam
836 3056 890 3108 in
919 3057 1165 3128 conviviis
1184 3097 1198 3118 ,
1229 3067 1479 3128 tanquam
1509 3057 1800 3113 convivales
1828 3074 1982 3128 quas-

776 3125 900 3178 dam
925 3126 1080 3195 leges,
1113 3125 1437 3196 recipieudos
1460 3146 1589 3183 esse.

476 3234 495 3266 ι
524 3215 818 3281 Caeterum,
855 3218 1030 3288 inquit
1075 3218 1249 3284 Plato,
1298 3221 1444 3290 quod
1477 3239 1507 3276 a
1531 3223 1690 3277 nobis
1729 3231 1980 3292 suscepta

400 3308 638 3376 primum
689 3310 992 3380 disputatio
1027 3313 1377 3381 sequebatur,
1415 3325 1474 3369 ut
1516 3315 1638 3384 opis
1673 3316 1876 3385 aliquid
1913 3316 1981 3370 ad

400 3397 599 3456 Baccbl
621 3403 850 3457 chorum
881 3405 1051 3473 probe
1077 3406 1472 3461 instituendum
1502 3407 1739 3472 all‘erret,
1772 3409 1824 3461 id
1854 3411 1984 3462 liac-

402 3500 562 3548 tenus
611 3510 710 3565 pro
746 3495 1007 3551 facultate
1041 3508 1228 3553 nostra
1261 3499 1642 3554 disseruimus.
1676 3497 1830 3554 Nunc
1851 3516 1982 3570 ergo

403 3592 687 3648 videamus
721 3603 904 3647 utrum
933 3609 963 3648 a
994 3592 1153 3648 nobis
1185 3593 1488 3665 perfectum
1520 3595 1570 3648 id
1601 3593 1786 3649 fuerit.
1840 3595 1984 3649 Sane

402 3691 726 3738 conventum
753 3684 1022 3750 ejusmodi
1051 3700 1277 3741 necesse
1295 3686 1700 3756 quodammodo
1719 3694 1820 3749 est,
1851 3687 1981 3740 dum

404 3775 739 3845 compotatio
762 3777 936 3846 magis
971 3792 1188 3848 semper
1221 3779 1504 3849 magisque
1540 3777 1730 3845 fervet,
1786 3780 1982 3836 turbu-

403 3867 688 3922 lentiorem
722 3869 984 3937 evadere;
1019 3870 1165 3941 quod
1201 3871 1364 3925 etiam
1405 3871 1474 3924 ab
1512 3871 1668 3924 initio
1701 3872 1787 3927 his
1819 3873 1870 3925 in
1900 3888 1985 3926 re-

405 3957 542 4025 bus,
579 3959 646 4015 de
676 3960 877 4031 quibus
924 3977 1070 4016 nunc
1116 3962 1331 4031 agitur,
1382 3963 1703 4018 necessitate
1747 3965 1984 4035 quadam

403 4051 622 4107 evenire
655 4053 961 4122 posuimus.
993 4083 1066 4093 —-
1099 4055 1333 4110 Necesse
1380 4056 1431 4109 id
1481 4056 1721 4126 quidem.
1749 4088 1818 4107 .—
1845 4056 1981 4111 Tum

406 4159 535 4198 vero
566 4144 800 4214 quisque
840 4146 1003 4200 solito
1047 4146 1221 4201 levior
1256 4147 1500 4217 indulget
1530 4149 1658 4213 sibi,
1690 4165 1753 4204 ac
1799 4151 1984 4205 laetitia

407 4235 619 4291 solutus
653 4245 713 4290 ut
758 4237 984 4292 liberius
1011 4237 1350 4308 ell‘usiusque
1393 4239 1655 4308 loquitur,
1703 4240 1776 4294 ita
1809 4243 1984 4295 nemi-

407 4343 530 4382 nem
562 4329 776 4383 interim
800 4345 866 4383 ex
886 4329 1081 4384 vicinis
1109 4331 1282 4393 audit,
1295 4330 1386 4386 sed
1417 4333 1600 4400 potius
1629 4332 1858 4388 idoneus
1881 4333 1983 4389 sibi

407 4419 650 4488 quidam,
699 4430 753 4475 et
779 4420 884 4488 sui,
927 4430 980 4475 et
1008 4431 1328 4477 czetcrorum
1378 4426 1623 4478 omnium
1674 4423 1986 4479 moderator

407 4511 638 4566 videtur.
671 4542 741 4550 ——
764 4508 991 4582 Quippe.
1015 4540 1085 4548 —-—
1109 4510 1220 4568 Nos
1258 4529 1386 4568 vero
1425 4514 1690 4579 diximus,
1739 4516 1829 4568 ubi
1870 4515 1985 4570 haec

405 4602 686 4667 eveniunt,
703 4603 1003 4659 bibentium
1024 4605 1258 4667 animos,
1282 4615 1633 4676 posteaquam
1653 4607 1831 4678 ignem
1853 4605 1984 4660 ferri

407 4709 559 4770 more
591 4695 1138 4766 conceperint,598
1157 4697 1434 4753 molliores
1464 4715 1527 4753 ac
1552 4700 1801 4768 juniores
1829 4699 1940 4752 fieri
1968 4717 1983 4767 ;

407 4784 706 4854 utperinde
737 4786 962 4840 omnino
993 4803 1056 4840 ac
1080 4788 1209 4841 dum
1239 4789 1538 4844 teneriores
1570 4789 1746 4844 adhuc
1781 4799 1984 4855 essent,

406 4874 455 4927 ei
490 4875 582 4943 qui
613 4875 749 4929 alios
777 4876 994 4930 erudire
1029 4893 1092 4932 ac
1121 4878 1524 4950 ﬁngcrcpossit
1549 4895 1613 4934 ac
1645 4881 1876 4944 noverit,
1915 4880 1988 4934 fa-

409 4965 626 5019 ciliores
651 4981 770 5021 sese
803 4975 918 5020 tum
945 4984 1007 5023 ac
1040 4969 1437 5024 tractabiliores
1471 4970 1764 5038 praebeant.
1802 4969 1985 5023 Ficto-

413 5076 524 5114 rem
559 5076 718 5130 porro
750 5062 1044 5117 statuimus
1093 5063 1249 5118 illum
1297 5064 1496 5134 ipsum,
1525 5065 1619 5133 qui
1666 5075 1781 5117 tum
1809 5063 1987 5119 bonus

410 5153 574 5207 etiam
607 5153 767 5207 nobis
795 5153 1074 5224 legislator
1108 5166 1246 5212 erat.
1302 5154 1401 5210 llic
1432 5156 1744 5210 convivales
1768 5172 1986 5226 quoque

409 5246 557 5315 leges
583 5247 876 5313 describet,
913 5248 1114 5317 quibus
1147 5249 1479 5318 petulantior
1527 5247 1632 5303 ista
1663 5248 1986 5304 conﬁdentis

411 5349 464 5392 et
489 5338 742 5392 audaculi
773 5339 1032 5405 hominis,
1068 5341 1161 5410 qui
1191 5339 1401 5394 nullum
1423 5339 1535 5408 jam
1566 5339 1837 5402 ordinem,
1861 5338 1984 5391 nul-

413 5432 492 5486 las
523 5431 718 5486 silendi
746 5447 810 5486 ac
838 5431 1120 5502 loquendi.
1164 5433 1342 5488 nullas
1388 5430 1606 5487 bibendi
1648 5430 1988 5500 canendique

485 5565 598 5636 (26)
641 5566 920 5634 Θιιτέρου.
954 5566 1030 5621 lta
1059 5566 1223 5622 ctiam
1267 5565 1455 5631 Plato;
1507 5563 1604 5620 sed
1645 5563 1869 5620 omnino
1898 5577 1989 5618 re-

417 5638 722 5709 ponendum
758 5637 1006 5709 θεὰτρου.
1033 5653 1097 5709 ex
1133 5639 1228 5692 alt.
1259 5650 1538 5692 manuscr.

487 5709 597 5777 (‘27)
638 5707 792 5759 Plato
817 5720 867 5760 et
892 5707 1020 5769 ins.,
1049 5707 1144 5772 ὥς.

489 5780 600 5850 de)
642 5777 750 5832 Καὶ
782 5778 946 5847 ὅπερ.
981 5779 1138 5849 lbid.,
1176 5795 1297 5849 pag.
1330 5778 1457 5844 585,
1486 5777 1550 5832 C.

2588 2942 2986 2996 ΚΕΦΑΛΛῙΟΝ
3025 2943 3150 2996 KA'.

2089 3059 2211 3111 Ὅτι
2261 3057 2358 3110 καὶ
2394 3056 2464 3110 ἐν
2518 3057 2644 3122 τοῖς
2689 3057 3056 3125 συμποσίοις
3101 3053 3563 3124 παραληπτέον
3595 3053 3700 3117 τὰς

2208 3127 2384 3196 ᾠδὰς,
2407 3127 2610 3196 ὥσπερ
2643 3128 2811 3193 τινὰς
2840 3130 3068 3197 νόμους
3101 3127 3562 3196 συμποτικούς.

2163 3242 2180 3274 ι
2223 3223 2333 3276 Καὶ
2364 3223 2500 3292 ὅπερ
2529 3221 2640 3293 (28)
2673 3221 2701 3273 ὁ
2733 3221 2889 3289 λόγος
2922 3221 2980 3274 ἐν
3010 3222 3208 3292 ἀρχαῖς
3238 3219 3562 3290 ἐϐουλήθη,
3595 3217 3690 3287 τὴν

2083 3314 2160 3385 τῷ
2185 3314 2276 3368 τοῦ
2308 3313 2562 3368 Διονύσου
2589 3311 2736 3384 χορῷ
2770 3312 3021 3383 βοήθειαν
3052 3311 3328 3378 ἐπιδεῖξαι
3379 3309 3572 3372 καλῶς
3606 3307 3686 3360 λε-

2084 3405 2340 3478 γομένην,
2373 3408 2452 3470 είς
2479 3405 2706 3475 δύναμιν
2729 3403 2940 3476 εἴρηκε.
2978 3405 3324 3475 Σκοπώμεθα
3354 3403 3424 3474 δὴ
3462 3404 3512 3455 εί
3541 3401 3681 3455 τοῦθ’

2083 3499 2225 3552 οὕτω
2249 3499 2460 3567 γέγονε,
2486 3496 2792 3570 θορυϐώδης
2822 3497 2920 3567 μέν
2946 3515 3047 3550 που
3079 3500 3108 3550 ό
3139 3496 3404 3567 ξύλλογος
3438 3499 3468 3549 ό
3511 3492 3678 3548 τοιοῦ-

2084 3609 2176 3656 τος
2225 3591 2285 3655 ἐξ
2333 3573 2617 3659 ἀνάγκης,
2653 3587 2946 3658 προϊούσης
2994 3588 3092 3658 τῆς
3142 3590 3360 3651 πόσεως
3410 3587 3494 3639 ἔτι
3545 3585 3675 3656 μᾶλ-

2085 3685 2178 3738 λον
2210 3683 2321 3754 (29)
2356 3684 2443 3737 ἀεὶ
2471 3684 2605 3754 (50),
2641 3681 2927 3751 ξυμϐαίνει
2952 3681 3262 3750 γενόμενος,
3301 3683 3448 3752 ὅπερ
3482 3677 3673 3732 ὑπεθέ-

2089 3776 2224 3848 μεθα
2255 3776 2373 3829 κατ’
2405 3775 2579 3845 ἀρχὰς
2607 3775 2901 3842 ἀναγκαῖον
2935 3769 3071 3826 εἶναι
3113 3773 3363 3842 γίνεσθαι
3398 3771 3530 3842 περὶ
3569 3770 3672 3822 τῶν

2085 3867 2181 3921 νῦν
2210 3867 2513 3937 λεγομένων
2537 3865 2756 3935 (5l).-—
2786 3864 3044 3934 Ἀνάγκη.
3074 3894 3143 3903 -—
3177 3865 3294 3927 Πᾶς
3325 3863 3388 3917 δέ
3423 3879 3490 3930 γε
3518 3861 3672 3922 αὐτός

2085 3959 2250 4014 αὑτοῦ
2285 3960 2609 4030 κουφότερος
2631 3957 2864 4032 αἴρεται,
2884 3958 2976 4011 καὶ
3003 3955 3203 4026 γέγηθέ
3224 3973 3283 4008 τε
3322 3955 3423 4009 καὶ
3461 3955 3665 4025 παῤῥη-

2089 4054 2208 4116 σίας
2263 4052 2666 4124 ἐμπίμπλαται,
2719 4053 2814 4105 καὶ
2841 4050 3203 4122 ἀνηκουστίας
3234 4051 3291 4102 ἐν
3323 4048 3407 4121 τῷ
3447 4046 3667 4114 τοιούτῳ

2085 4147 2193 4200 τῶν
2231 4146 2416 4209 πέλας,
2440 4146 2622 4216 ἄρχων
2645 4144 2689 4197 δ’
2722 4143 2903 4206 ἱκανὸς
2932 4142 3073 4208 ἀξιοί
3116 4141 3280 4196 αὑτοῦ
3325 4160 3385 4195 τε
3441 4139 3532 4195 καί
3561 4137 3659 4190 τῶν

2087 4239 2262 4292 ἄλλων
2289 4238 2589 4307 γεγονέναι.
2619 4267 2687 4278 -
2706 4234 2772 4288 Τί
2799 4237 2903 4307 μήν
2929 4253 2944 4301 ;
2977 4266 3046 4274 -
3072 4235 3279 4287 Ούκοῦν
3308 4235 3519 4305 ἔφαμεν
3543 4231 3661 4284 ὅταν

2087 4330 2302 4400 γίνηται
2329 4329 2522 4392 ταῦτα,
2545 4327 2798 4399 καθάπερ
2824 4326 2946 4380 τινὰ
2972 4325 3206 4396 σίδηρον,
3231 4327 3330 4390 τὰς
3352 4324 3530 4396 ψυχὰς
3557 4321 3654 4376 τῶν

2091 4421 2351 4476 πινόντων
2405 4418 2702 4491 διαπύρους
2752 4419 3072 4490 γενομένας,
3131 4417 3524 4488 μαλακωτέρας
3555 4412 3652 4481 (3‘2)

2088 4511 2332 4581 γίνεσθαι
2362 4511 2455 4564 καὶ
2471 4511 2760 4582 νεωτέρας,
2778 4510 2905 4563 ὥστ’
2922 4508 3234 4577 εὐαγώγους
3259 4509 3571 4578 ξυμϐαίνειν

2086 4602 2370 4672 δυναμένῳ
2396 4619 2453 4654 τε
2483 4602 2576 4654 καὶ
2610 4600 2955 4671 ἐπισταμένῳ
2978 4599 3250 4653 παιδεύειν
3277 4616 3340 4652 τε
3377 4602 3470 4652 καὶ
3494 4597 3649 4650 πλάτ-

2086 4713 2219 4758 τειν,
2255 4695 2505 4765 καθάπερ
2526 4696 2600 4748 ὅτ’
2633 4691 2772 4765 ἦσαν
2801 4695 2945 4746 νέαι·
2967 4693 3154 4746 τοῦτον
3183 4693 3237 4745 δὲ
3260 4688 3399 4745 εἶναι
3425 4694 3511 4745 τὸν
3540 4689 3648 4742 πλά-

2089 4805 2218 4858 στην
2246 4788 2336 4840 τὸν
2361 4787 2542 4851 αὐτὸν,
2569 4789 2738 4858 ὅνπερ
2769 4787 2889 4838 τότε
2941 4786 3032 4838 τὸν
3079 4785 3277 4853 ἀγαθὸν
3332 4784 3610 4855 νομοθέτην
3629 4797 3642 4809 ·

2085 4872 2146 4931 οὗ
2187 4879 2385 4949 νόμους
2432 4875 2570 4931 εἶναι
2620 4878 2702 4930 δεῖ
2751 4879 3140 4947 συμποτικοὺς,
3190 4877 3517 4947 δυναμένους
3565 4873 3646 4925 τὸν

2087 4970 2304 5023 εὔελπιν
2339 4970 2431 5022 καὶ
2463 4969 2760 5041 θαρραλέον
2790 4971 2994 5023 ἐκεῖνον
3024 4969 3342 5039 γινόμενον,
3371 4971 3464 5022 καὶ
3508 4971 3642 5022 ἀναι-

2089 5064 2441 5135 σχυντότερον
2469 5061 2564 5114 τοῦ
2592 5062 2822 5125 δέοντος,
2852 5063 2945 5115 κα).
2973 5063 3034 5114 ού
3061 5062 3282 5116 θέλοντα
3323 5063 3474 5128 τάξιν
3495 5102 3508 5122 ,
3563 5057 3644 5112 καὶ

2086 5153 2146 5205 τὸ
2179 5153 2318 5206 κατὰ
2348 5152 2512 5223 μέρος
2539 5151 2696 5220 σιγῆς
2721 5152 2815 5204 καὶ
2840 5150 3020 5219 λόγου,
3054 5152 3147 5203 κα)⁴
3179 5152 3386 5215 πόσεως
3414 5151 3505 5203 καὶ
3531 5147 3632 5220 μούσ

2090 5260 2188 5314 σης
2222 5244 2532 5314 ὑπομένειν,
2564 5241 2768 5295 ἐθέλειν
2801 5245 2973 5296 ποιεῖν
3006 5244 3179 5296 πάντα
3223 5243 3431 5306 τούτοις
3471 5244 3642 5296 τάναν-

2087 5337 2204 5390 τίαο
2234 5337 2327 5390 καὶ
2355 5336 2573 5388 εἰσιόντι
2603 5333 2680 5405 τῷ
2717 5334 2792 5406 μὴ
2834 5335 2986 5406 καλῷ
3017 5335 3206 5406 θάρρει
3240 5335 3329 5389 τὸν
3379 5337 3638 5392 κάλλιστον

2086 5429 2482 5501 διαμαχόμενον
2517 5428 2677 5497 φόϐον
2706 5427 3055 5498 εἰσπέμπειν,
3079 5428 3220 5493 οἴους
3257 5446 3316 5481 τε
3342 5425 3480 5482 εἶναι
3524 5424 3641 5499 μετὰ

2161 5563 2272 5634 (29)
2318 5563 2444 5616 Ἔτι
2478 5560 2732 5634 μᾶλλον.
2764 5559 2984 5634 Prmstal
3031 5561 3124 5634 ἐπ).
3148 5561 3392 5634 μᾶλλον,
3427 5577 3490 5615 ex
3523 5559 3637 5613 Plat.

2159 5632 2270 5704 (50)
2314 5634 2450 5704 :Asl.
2484 5633 2675 5686 Melius
2703 5647 2866 5704 quam
2897 5633 2944 5684 εἰ
2978 5632 3119 5702 apud
3148 5632 3450 5688 Platonem.

2162 5701 2272 5772 (3i)
2313 5702 2488 5769 Plato,
2515 5701 2870 5772 γιγνομένων.

2164 5777 2274 5846 (5⁸2)
2317 5776 2490 5841 Plato,
2525 5771 2971 5844 μαλθακωτέρας.
