3994 6384
161 328 272 384 993

162 443 358 514 δίκης,
394 445 464 500 ὃν
504 449 672 505 αίδῶ
694 470 750 508 τε
786 458 880 510 καὶ
931 460 1192 534 αἰσχύνην
1222 463 1361 522 θεῖον
1394 471 1560 539 φόϐον
1599 473 1818 549 ὠνομά-

161 551 380 605 καμεν.
401 566 482 578 -—
506 541 696 598 Ἔστι
715 546 1202 609 ταῦτα.-Τούτων
1213 556 1270 610 δέ
1286 575 1348 624 γε
1367 561 1473 615 τῶν
1489 563 1818 634 νόμονεῘναι

159 629 601 698 νομοφύλακας
632 638 730 690 καὶ
762 641 1223 718 συνδημιουργοὺς
1241 651 1424 717 αὐτοῖς
1446 629 1570 720 τοὺς
1613 659 1818 732 ἀθορύ-

161 719 299 781 ϐους
363 723 472 776 καὶ
538 730 852 798 νήφοντας.
891 754 910 787 ι
941 736 1180 803 Εἰκότως
1225 745 1516 817 τοιγαροῦν
1555 719 1654 802 καὶ
1682 719 1814 824 ἡμῖν

158 812 358 876 αὐτοῖς
391 817 459 868 ὲν
499 824 638 884 τοῖς
685 827 1008 895 συμποσίοις
1039 831 1184 902 ᾠδὰς
1209 837 1299 889 καὶ
1323 812 1524 909 ὕμνους
1566 844 1647 907 εἰς
1680 812 1813 899 ὀξὺν

160 913 632 983 πεποιημένους
668 919 815 991 ᾄδειν
853 925 1256 995 παραδέδοται,
1293 931 1385 985 τοῦ
1439 937 1811 1006 προσήκοντος

159 1004 382 1074 κόσμου
408 1008 540 1062 τῶν
573 1015 716 1084 παρ’
749 1016 882 1084 ἡμῖν
913 1017 1167 1086 φυλάκων
1200 1004 1630 1096 ἐπιμελομένων.

158 1094 272 1150 illis
303 1112 568 1166 operam
614 1116 918 1170 navarent,
969 1107 1188 1178 quietos
1221 1094 1471 1170 homines
1501 1133 1567 1175 ac
1595 1119 1812 1178 sobrios

157 1295 222 1335 ac
255 1279 585 1338 modestiae
638 1288 810 1342 nostri
844 1305 1064 1359 quoque
1106 1295 1482 1355 moderatores
1515 1299 1799 1373 invigilant

727 1383 1126 1439 ΚΕΦΑΛΑΙΟΝ
1165 1389 1291 1443 KE’.

158 1511 281 1566 Ὅτι
310 1515 392 1567 οὐ
427 1514 651 1572 πᾶσιν
673 1519 1060 1588 ἐπιτρεπτέον
1093 1525 1208 1593 τὴν
1237 1527 1346 1583 τοῦ
1383 1530 1553 1585 οἴνου
1592 1535 1794 1592 πόσιν.

233 1643 254 1675 ι
297 1627 367 1679 Et
399 1629 521 1697 μέν
553 1647 648 1694 τις
689 1631 804 1702 (55)
859 1633 1044 1699 πόλις,
1081 1636 1156 1701 ὡς
1188 1638 1355 1713 οὔσης
1408 1647 1664 1718 σπουδῆς,
1718 1649 1797 1720 τῷ

158 1719 598 1792 ἐπιτηδεύματι
633 1722 713 1794 τῷ
737 1723 833 1777 νῦν
851 1727 1125 1800 εἰρημένῳ
1150 1733 1412 1803 χρήσεται
1449 1738 1586 1808 μετὰ
1614 1719 1794 1812 νόμων

158 1817 254 1868 καὶ
293 1815 558 1883 τάξεως,
589 1818 666 1883 ὠς
691 1818 785 1873 τοῦ
810 1827 1106 1894 σωφρονεῖν
1131 1826 1241 1896 (54)
1267 1828 1450 1884 εἵνεκα
1471 1832 1667 1908 μελέτῃ
1683 1837 1791 1908 (55)

159 1909 463 1980 χρωμένη,
499 1913 611 1966 καὶ
644 1913 753 1966 τῶν
782 1914 956 1969 ἄλλων
990 1917 1193 1988 ἡδονῶν
1219 1919 1294 1991 μὴ
1323 1922 1582 1991 ἀφέξεται
1610 1926 1793 1981 ὡσαύ-

156 2018 268 2064 τως
303 2004 406 2055 καὶ
455 2005 618 2058 κατὰ
653 2007 746 2060 τὸν
783 2007 947 2062 αὑτὸν
979 2009 1158 2078 λόγον,
1210 2011 1304 2065 τοῦ
1354 2018 1576 2086 κρατεῖν
1615 2019 1792 2074 αὐτῶν

157 2093 326 2146 ἓνεκα
367 2098 767 2172 μηχανωμένη
791 2139 804 2162 ,
836 2101 1024 2155 τοῦτον
1060 2102 1162 2173 μὲν
1221 2104 1312 2158 τὸν
1364 2108 1568 2178 τρόπον
1617 2111 1790 2166 ἅπασι

159 2185 378 2247 τούτοις
411 2191 703 2258 χρηστέον
723 2207 737 2221 ο
760 2193 807 2244 εἰ
834 2191 878 2245 δ’
902 2191 980 2256 ὡς
1005 2193 1193 2266 παιδιᾷ
1220 2213 1278 2248 τε
1318 2199 1412 2252 καὶ
1450 2199 1665 2264 ἐξέσται
1711 2204 1790 2275 τῷ

163 2275 518 2350 βουλομένῳ,
557 2281 657 2334 καὶ
686 2282 814 2337 ὅταν
850 2283 1129 2354 βούληται,
1158 2287 1251 2340 καὶ
1289 2288 1408 2358 μεθ’
1451 2285 1526 2344 ὧν
1566 2291 1633 2346 ἂν
1666 2293 1790 2365 βού-

163 2369 344 2439 ληται,
384 2373 585 2427 πίνειν
619 2375 738 2446 μετ’
761 2377 1210 2448 ἐπιτηδευμάτων
1233 2379 1568 2438 ὡντινωνοῦν
1589 2385 1782 2440 ἄλλωνο

161 2463 259 2515 οὐκ
289 2464 357 2515 ἂν
387 2463 663 2537 τιθείμην
691 2466 893 2537 ταύτην
919 2466 1016 2539 τὴν
1040 2468 1241 2540 ψῆφον,
1271 2471 1347 2536 ὡς
1370 2472 1453 2525 δεῖ
1478 2491 1609 2528 ποτε
1644 2477 1784 2551 μέθῃ

164 2555 406 2626 χρῆσθαι
449 2557 673 2628 ταύτην
705 2559 804 2632 τὴν
830 2559 985 2612 πόλιν
1018 2561 1051 2632 ἦ
1086 2561 1274 2615 τοῦτον
1297 2565 1387 2618 τὸν
1423 2567 1613 2637 ἄνδρα,
1665 2570 1782 2623 ἀλλ’

162 2648 239 2700 ἔτι
277 2649 498 2719 μᾶλλον
531 2650 639 2721 τῆς
676 2651 912 2722 Κρητῶν
962 2653 1056 2705 καὶ
1099 2655 1541 2728 Λακεδαιμονίων
1592 2661 1781 2732 χρείας

165 2742 524 2813 προσθείμην
551 2744 620 2797 ἂν
650 2743 728 2815 τῷ
746 2744 1134 2816 Καρχηδονίων
1169 2747 1348 2820 νόμῳ,
1379 2752 1648 2823 μηδέποτε
1676 2773 1780 2826 μη-

162 2830 282 2884 δένα
309 2834 409 2886 ἐπὶ
440 2835 820 2909 στρατοπέδου
855 2835 1113 2904 γεύεσθαι
1152 2839 1342 2895 τούτου
1375 2843 1468 2896 τοῦ
1513 2844 1774 2916 πόματος,

165 2925 275 2976 ἀλλ’
328 2926 699 2998 ὑδροποσίαις
761 2930 1109 2998 συγγίνεσθαι
1177 2932 1367 2987 τοῦτον
1434 2935 1526 2988 τὸν
1584 2937 1775 3008 χρόνον

165 3018 414 3074 ἅπαντα·
464 3021 572 3075 καὶ
603 3022 745 3076 κατὰ
793 3023 969 3091 πόλιν,
1001 3028 1141 3098 μήτε
1178 3026 1363 3081 δοῦλον
1414 3030 1550 3101 μήτε
1581 3029 1774 3104 δούλην

167 3107 426 3175 γεύεσθαι
460 3111 762 3182 μηδέποτε,
791 3115 925 3185 μηδὲ
948 3117 1214 3188 ἄρχοντας
1242 3118 1429 3171 τοῦτον
1460 3119 1551 3172 τὸν
1594 3121 1774 3174 ἐνιαυ-

163 3201 250 3253 tow
275 3203 335 3254 ὃν
370 3204 442 3258 ἂν
479 3207 716 3277 ἄρχωσι,
750 3208 875 3281 μηδ’
897 3205 964 3263 αὖ
1006 3209 1348 3283 κυϐερνήτας
1372 3251 1387 3276 ,
1444 3213 1578 3284 μηδὲ
1620 3213 1771 3267 δικα-

167 3296 294 3359 στὰς
324 3298 600 3370 ἐνεργοὺς
640 3301 800 3366 ὂντας
821 3341 837 3368 ,
870 3303 1013 3356 οἴνου
1059 3303 1313 3372 γεύεσθαι
1362 3305 1424 3359 τὸ
1467 3307 1725 3377 παράπαν
1749 3324 1762 3337 ·

165 3387 296 3458 μηδὲ
329 3390 490 3455 ὅστις
526 3391 945 3465 βουλευσόμενος
992 3396 1074 3460 εἰς
1107 3396 1304 3469 βουλὴν
1342 3397 1495 3462 ἀξίαν
1525 3397 1647 3452 τινὰ
1680 3398 1767 3451 λό-

164 3493 258 3547 γου
294 3483 659 3555 συνέρχεται·
693 3487 827 3558 μηδέ
857 3504 919 3556 γε
953 3489 1070 3559 μεθ’
1095 3491 1308 3562 ἡμέραν
1337 3489 1539 3562 μηδένα
1563 3490 1623 3544 τὺ
1661 3508 1766 3544 πα-

165 3569 362 3642 ράπαν,
391 3578 442 3628 εί
479 3576 556 3648 μὴ
590 3579 912 3650 σωμασκίας
939 3581 972 3653 ἢ
997 3582 1164 3636 νόσων
1194 3583 1374 3636 ἕνεκα·
1408 3583 1532 3655 μηδ’
1581 3579 1646 3637 αὖ
1672 3583 1764 3639 νύ-

163 3681 308 3737 κτωρ
359 3668 501 3722 ὅταν
543 3673 730 3744 ἐπινοῇ
765 3691 850 3736 τις
895 3675 1090 3739 παῖδας
1118 3675 1386 3729 ποιεῖσθαι
1419 3676 1558 3747 ἀνὴρ
1591 3676 1623 3747 ἢ
1667 3676 1760 3731 καὶ

164 3761 318 3830 γυνή.
356 3763 476 3816 Καὶ
509 3764 646 3819 ἄλλα
671 3765 726 3819 δὲ
759 3767 1052 3839 πάμπολλα
1085 3768 1149 3821 ἄν
1195 3787 1278 3833 τις
1321 3769 1491 3838 λέγοι,
1538 3769 1613 3836 ὼς
1645 3774 1759 3836 τοῖς

164 3851 283 3904 νοῦν
320 3871 380 3906 τε
407 3857 506 3909 καὶ
557 3858 720 3928 νόμον
765 3859 979 3930 ἔχουσιν
1039 3859 1197 3933 ὀρθὸν
1252 3861 1310 3914 οὐ
1343 3862 1536 3926 ποτέος
1592 3857 1752 3925 οἶνος.

166 3940 322 3996 Ὥστε
377 3948 526 4002 κατὰ
558 3949 648 4002 τὸν
680 3949 837 4020 λόγον
883 3951 1071 4008 τοῦτον
1132 3953 1240 4007 οὐδ’
1297 3953 1634 4025 ἀμπελώνων
1688 3953 1754 4006 ἂν

163 4035 370 4090 πολλῶν
391 4040 506 4094 δέοι
537 4041 596 4094 οὐ
623 4041 685 4113 δή
713 4059 818 4096 τινι
841 4043 952 4114 (56)
981 4044 1168 4099 πόλει·
1202 4045 1377 4099 τακτὰ
1403 4045 1460 4099 δὲ
1492 4045 1658 4100 τᾶλλα
1685 4045 1752 4100 ἂν

163 4127 242 4198 εἴη
274 4135 676 4204 γεωργήματα,
705 4135 800 4188 καὶ
829 4137 1033 4209 πᾶσαὴ
1064 4138 1259 4191 δίαιτα.
1301 4156 1320 4188 ι
1367 4138 1476 4192 Καὶ
1509 4139 1749 4209 Μωῦσῆς

161 4218 232 4281 δὲ,
271 4224 564 4294 προλαϐὼν
605 4227 680 4299 μὴ
711 4228 820 4281 δεῖν
848 4230 974 4293 τοὺς
999 4229 1178 4301 ἱερέας
1211 4229 1354 4283 οἴνου
1381 4229 1748 4300 ἀπογεύεσθαι

165 4313 297 4366 κατὰ
325 4317 420 4368 τὸν
449 4317 551 4387 τῆς
583 4318 891 4390 ἱερουργίας
937 4321 1128 4392 καιρὸν
1165 4321 1446 4391 νομοθετεῖ
1486 4324 1710 4391 φάσκων
1730 4341 1743 4355 °

169 4419 186 4452 ι
215 4403 318 4458 Καὶ
343 4392 808 4484 ἐλάλησεΚύριος
833 4412 910 4484 τῷ
946 4413 1156 4486 Ἀαρὼν
1180 4456 1195 4480 ,
1229 4414 1403 4484 λέγων
1423 4433 1436 4445 ·
1467 4410 1608 4468 οἶνον
1652 4416 1746 4469 καί

165 4494 347 4569 σίκερα
368 4502 432 4555 οὐ
467 4500 682 4556 πίεσθαι
705 4505 769 4558 σὺ
797 4506 892 4559 καὶ
919 4507 969 4559 οἱ
1003 4507 1109 4560 υἱοί
1134 4524 1227 4560 σου
1255 4507 1391 4578 μετὰ
1433 4507 1548 4570 σοῦ,
1581 4508 1743 4579 ⁹ἡνίκα

160 4583 222 4638 ἂν
273 4593 656 4668 εἰσπορεύησο’
690 4598 770 4661 είς
805 4598 905 4670 τὴν
949 4601 1154 4671 σκηνὴν
1190 4599 1284 4651 τοῦ
1323 4601 1645 4671 μαρτυρίου,
1703 4600 1734 4672 ἢ
1772 4593 1814 4648 Ῑ)

163 4688 678 4758 προσπορευομένων
724 4689 876 4760 ὑμῶν
901 4690 1040 4762 πρὸς
1082 4691 1143 4744 τὸ
1177 4690 1597 4764 θυσιαστήριον,
1643 4694 1736 4745 καὶ

159 4772 214 4823 οὐ
267 4776 339 4848 μὴ
359 4847 372 4854 ί
393 4780 702 4853 ἀποθάνητε
728 4801 742 4814 ο
777 4783 1006 4854 νόμιμον
1053 4785 1268 4838 αἰώνιον
1301 4787 1380 4848 είς
1413 4785 1511 4848 τὰς
1543 4785 1735 4854 γενεὰς

163 4863 324 4934 ὑμῶν.
435 4874 492 4926 ὐ
515 4874 572 4928 δὲ
609 4874 771 4939 αὐτὸς
802 4877 896 4930 καὶ
926 4879 1037 4940 τοῖς
1082 4876 1244 4949 εὐχὴν
1282 4877 1596 4948 εὐχομένοις
1621 4957 1623 4960 ,
1644 4895 1732 4931 ν⁰’

163 4959 366 5025 μοθετεῖ
397 4966 570 5034 λέγων
590 4985 603 4999 ο
647 4988 665 5018 ι
714 4968 874 5041 Ἀνὴρ
901 4969 934 5040 ἢ
960 4971 1116 5042 γυνὴ,
1153 4970 1212 5034 ὃς
1250 4970 1316 5025 ἂν
1363 4970 1615 5042 μεγάλως
1643 4969 1734 5024 εὖ·

162 5048 304 5118 ξηται
330 5058 514 5130 εὐχὴν,
548 5060 949 5129 ἀφαγνίσασθαι
975 5063 1196 5130 ἁγνείαν
1219 5065 1430 5135 Κυρίῳ,
1453 5062 1561 5117 ἀπὸ
1586 5064 1728 5115 οῐνου

160 5145 245 5198 καὶ
269 5149 458 5222 σίκερα
489 5153 876 5222 ἀγνισθήσεται
899 5173 910 5182 ·
938 5156 1032 5208 καὶ
1070 5154 1189 5220 ὅξος
1221 5155 1280 5220 ἐξ
1299 5157 1440 5209 οἴνου
1475 5157 1570 5209 καὶ
1608 5155 1728 5222 ὅξος

161 5233 218 5287 ὲκ
249 5241 434 5313 σίκερα
467 5247 526 5298 οὐ
555 5247 760 5302 πίεται.
799 5267 816 5298 ι
861 5247 1020 5301 Ἀλλὰ
1043 5248 1136 5300 καὶ
1165 5246 1414 5318 Σολομὼν
1455 5251 1580 5312 τοὺς
1624 5248 1722 5320 ἄρ’

160 5343 337 5397 χοντας
367 5339 458 5390 καὶ
493 5341 619 5403 τοὺς
637 5339 896 5406 δικαστὰς
918 5342 1208 5412 είργειτῆς
1236 5343 1506 5412 χρήσεως,
1527 5340 1720 5406 λέγων·
1782 5372 1785 5373 ν

165 5437 182 5469 ι
216 5423 360 5480 Μετὰ
395 5428 586 5502 βουλῆς
618 5432 798 5486 πάντα
829 5433 991 5497 ποίει,
1021 5433 1160 5505 μετὰ
1196 5433 1388 5504 βουλῆς
1432 5431 1720 5486 οἰνοπότει-

159 5509 215 5563 Οἱ
274 5517 522 5577 δυνάσται
561 5523 828 5595 θυμώδεις
871 5526 1030 5594 εἰσιν,
1079 5520 1242 5581 οἶνον¹
1257 5527 1334 5598 μὴ
1393 5524 1719 5592 πινέτωσανν

219 5623 261 5656 ⁸⁸
288 5627 455 5688 Levit.
489 5651 545 5693 ι.
583 5634 638 5690 9.

357 5726 425 5812 lii
446 5723 562 5806 μέν
593 5745 704 5793 τις.
738 5728 998 5812 PlatoLtr
1030 5729 1178 5799 ιδῃ..
1207 5730 1419 5812 ῥηξὸί,
1454 5729 1516 5784 D.
1681 5801 1705 5812 η

219 5788 321 5856 (5i)
369 5788 474 5850 Τοῧ
505 5788 856 5867 σωφρονεῖν.
898 5800 1033 5858 Male
1077 5788 1219 5871 apud
1251 5788 1592 5867 'Platonetn.
1638 5801 1716 5872 τῷ

164 5868 312 5931 σιυξρ,

1343 320 1350 326 ’
1421 351 1744 412 summa.
1787 358 2039 418 EVANG.
2084 361 2209 420 LIB.
2253 365 2363 423 xu.

3402 400 3508 457 994

1848 493 1893 548 Α
1923 482 2072 538 vices
2119 483 2264 542 ferre
2308 489 2501 558 possit,
2540 491 2873 563 impudentia
2911 503 2978 557 ad
3020 512 3310 567 contrariae
3338 516 3511 574 boue-

1922 574 2077 630 statis
2103 587 2158 631 et
2183 579 2464 636 modestia:
2495 583 2671 641 oﬂicia
2700 602 2989 649 revocetur
3019 614 3034 651 :
3067 609 3231 671 atque
3257 605 3332 660 ita
3367 611 3502 664 sub-

1919 667 2068 719 eunti
2114 670 2373 737 paulatim
2405 673 2767 749 gliscentique
2812 689 3119 758 protervize,
3142 667 3508 759 adversarius

1921 770 2229 825 opponatur
2265 763 2688 826 honestissimus
2737 773 2829 830 ille
2863 789 3062 846 melus,
3096 785 3352 860 idemque
3377 809 3506 852 cum

1918 852 2174 920 aequitate
2230 859 2580 929 eonjnctus,
2631 882 2793 937 quem
2850 875 3114 943 pudorem
3147 897 3211 937 ac
3238 901 3504 944 verecun-

1916 942 2086 1010 diam,
2116 945 2366 1004 divinum
2393 953 2583 1025 utique
2605 967 2832 1030 metum,
2857 942 3279 1036 appellavimus.
3309 942 3387 1018 —ﬂ

1914 1044 2019 1092 εει.

1847 1139 1971 1181 esse
2027 1146 2056 1181 ν

1836 1319 2001 1379 atque

2487 1418 2718 1476 CAPUT
2750 1423 2918 1482 XXV.

2044 1501 2170 1558 Vini
2194 1506 2407 1564 bibendi
2429 1514 2638 1599 co'piqm
2671 1533 2785 1599 lnou
2810 1525 3051 1581 omnibus
3075 1535 3372 1599 promiscue

2470 1585 2771 1652 faciendam
2799 1607 2930 1648 esse.

1981 1682 1999 1716 ι
2044 1665 2100 1721 Si
2128 1683 2251 1738 quae
2281 1671 2495 1742 civitas,
2527 1677 2707 1749 inquit
2728 1681 2906 1753 Plato,
2936 1698 2995 1744 ut
3025 1690 3076 1746 in
3110 1709 3168 1749 re
3200 1700 3341 1756 seria
3372 1703 3491 1762 ﬁeri

1902 1755 2058 1826 solet,
2114 1760 2260 1818 hunc
2311 1780 2542 1834 morem,
2577 1782 2742 1840 prout
2784 1774 2961 1847 legum
2995 1783 3315 1858 ordinisque
3348 1797 3489 1851 ratio

1899 1850 2214 1920 postulabit,
2256 1869 2525 1928 usurpare
2570 1863 2734 1931 volet,
2787 1870 3014 1937 perinde
3049 1889 3113 1930 ac
3151 1877 3195 1931 si
3226 1850 3486 1949 paranda:

1899 1946 2273 2012 temperantia}
2299 1951 2494 2020 gratia,
2527 1956 2916 2018 exercitatione
2937 1967 3171 2034 quadam
3200 1946 3481 2034 uteretur:

1895 2029 2136 2102 itemque
2187 2036 2236 2091 si
2267 2039 2338 2094 ab
2377 2041 2500 2099 aliis
2533 2045 2786 2105 similiter
2837 2029 3230 2128 voluptatibus,
3284 2070 3478 2124 eodem

1893 2125 2145 2194 consilio,
2175 2143 2285 2184 non
2319 2132 2634 2204 abstinebit,
2667 2150 2724 2196 ut
2758 2158 2949 2202 earum
2971 2125 3088 2206 bac
3115 2154 3332 2212 tandem
3363 2174 3481 2218 arte

1891 2210 2085 2270 victrix
2121 2233 2242 2275 esse
2280 2236 2444 2292 queat
2474 2245 2486 2280 :
2520 2229 2624 2285 hoc
2653 2247 2787 2290 sane
2809 2241 2974 2294 modo
3004 2243 3167 2301 rebus
3200 2248 3268 2304 iis
3301 2255 3480 2308 omni-

1887 2304 1990 2360 bus
2018 2323 2116 2377 per
2144 2327 2232 2367 me
2261 2323 2447 2372 utatur
2475 2318 2620 2376 licet.
2656 2322 2752 2381 Sin
2795 2337 2978 2386 autem
3021 2334 3075 2388 id
3113 2345 3285 2396 totum
3315 2304 3487 2401 ludus

1887 2399 2115 2466 quidam
2142 2406 2268 2473 erit,
2323 2409 2370 2465 si
2417 2419 2472 2466 et
2517 2414 2721 2473 volenti
2751 2421 2993 2491 cuilibet,
3029 2439 3082 2483 et
3108 2431 3222 2496 ubi,
3256 2449 3320 2490 ac
3351 2439 3476 2508 qui-

1885 2491 2116 2550 buscum
2157 2497 2274 2567 ipse
2320 2501 2578 2573 voluerit,
2633 2507 2705 2563 ita
2755 2512 2943 2571 bibere
3002 2491 3384 2594 permittetur:
3414 2538 3475 2586 ut

1883 2598 1983 2654 pro
2031 2585 2260 2644 arbitrio
2316 2592 2464 2650 aliud
2517 2597 2683 2653 simul
2731 2585 3017 2671 quodlibet
3063 2585 3478 2676 exercitationis-

1882 2692 2054 2745 genus
2088 2679 2389 2754 adjungat;
2433 2701 2712 2760 nunquam
2747 2696 2996 2765 equidem
3027 2713 3216 2758 auctor
3248 2706 3475 2780 fuerim,

1881 2780 1942 2824 ut
1975 2773 2243 2843 ejusmodi
2289 2778 2372 2834 vel
2414 2781 2549 2850 reip.
2582 2784 2665 2839 vel
2699 2785 2908 2843 homini
2940 2790 3269 2863 largioribus
3297 2773 3470 2870 pecu;

1879 2863 1948 2919 li‘s
1989 2864 2275 2935 indulgere
2321 2871 2504 2928 liceat.
2539 2872 2681 2932 Tum
2727 2880 3007 2937 enimvero
3047 2884 3468 2960 Carthaginien-

1877 2955 2020 3010 sium
2061 2958 2233 3030 legem
2278 2963 2453 3020 multo
2500 2968 2698 3039 magis,
2750 2986 2912 3041 quam
2950 2987 3043 3030 aut
3092 2955 3461 3052 Cretensium,

1876 3060 1969 3103 aut
2000 3048 2539 3113 Lacedaemoniorum
2571 3063 3021 3121 consuetudinem
3053 3072 3354 3141 probarim,
3380 3079 3460 3133 uti

1874 3159 2036 3199 nemo
2099 3161 2339 3218 unquam
2393 3151 2448 3206 in
2500 3155 2743 3211 exercitu
2797 3173 2970 3229 genus
3031 3161 3136 3218 hoc
3185 3169 3456 3236 poculenti

1796 3250 1838 3309 (ς
1873 3245 2073 3308 gustet,
2138 3240 2233 3295 sed
2286 3251 2404 3297 toto
2454 3245 2663 3304 militia:
2721 3256 2966 3320 tempore
3018 3268 3216 3325 aquam
3271 3259 3460 3318 bibere

1869 3339 2240 3388 consuescat:
2278 3333 2428 3389 domi
2480 3351 2630 3404 vero,
2668 3336 2978 3398 ne‘servus
3017 3346 3307 3417 quisquam
3361 3361 3457 3407 aut

1867 3422 2061 3477 ancilla
2087 3425 2272 3480 vinum
2302 3427 2532 3500 attingat
2553 3447 2795 3503 unquam
2823 3453 2837 3489 :
2862 3449 2930 3490 ne
2955 3437 3304 3508 magistratus
3340 3453 3455 3499 toto

1867 3511 1964 3567 illo
2001 3528 2299 3588 anno,quo
2329 3522 2720 3592 rempublicam
2750 3537 2956 3598 gerent,
2985 3545 3053 3585 ne
3081 3533 3462 3594 moderatores

1866 3614 1957 3659 aut
1980 3604 2216 3676 judices,
2247 3609 2413 3684 599
2443 3615 2688 3684 quandiu
2717 3617 2925 3688 judicia
2955 3625 3306 3693 exerccbunt,
3343 3645 3448 3684 neu

1860 3698 2154 3769 quisquam
2204 3704 2272 3759 de
2308 3721 2365 3760 re
2413 3707 2648 3779 alicujus
2694 3715 2956 3768 momenti
3005 3719 3332 3775 sententiam
3387 3720 3445 3776 in

1860 3795 2097 3850 concilio
2123 3796 2374 3854 dicturus
2400 3817 2414 3866 ;
2446 3800 2556 3855 imo
2582 3803 2746 3858 etiam
2774 3807 2980 3862 nemini
3019 3825 3248 3880 prorsus
3276 3815 3446 3872 inter-

1858 3886 1974 3951 diu,
2003 3888 2134 3944 vino
2174 3890 2253 3944 uti
2281 3895 2669 3964 concesserim,
2702 3897 2811 3954 nisi
2860 3902 2942 3956 vel
2972 3904 3288 3962 exercitatio
3320 3926 3453 3966 cor-

1855 3979 2026 4047 poris,
2053 3981 2138 4036 vel
2167 3983 2343 4038 morbi
2374 3984 2514 4041 ratio
2546 3989 2884 4059 postulabit;
2913 4007 3089 4064 neque
3123 4007 3308 4066 noctu,
3340 4016 3438 4056 seu

1853 4070 1959 4138 vir,
2001 4089 2098 4129 seu
2130 4076 2327 4132 mulier
2358 4077 2542 4144 fuerit,
2578 4081 2626 4138 si
2655 4097 2876 4153 operam
2911 4086 3096 4144 liberis
3126 4090 3256 4147 dare
3283 4095 3437 4166 cogi—

1853 4164 2010 4219 tabit.
2051 4165 2178 4223 Haec
2210 4177 2264 4224 et
2301 4170 2408 4226 alia
2449 4172 2711 4245 pleraque
2743 4175 2924 4231 afferri
2971 4181 3204 4250 possint,
3237 4164 3433 4254 quam-

1850 4253 2039 4310 obrem
2067 4257 2196 4313 vino
2225 4260 2501 4318 abstinere
2528 4263 2783 4333 debeant,
2813 4269 2908 4338 qui
2936 4280 2990 4324 et
3017 4253 3432 4345 maturi-iudicii

1847 4361 1902 4404 et
1934 4359 2094 4404 recta:
2132 4351 2268 4421 legis
2312 4352 2536 4409 ductum
2579 4368 2899 4427 sequantur.
2938 4360 3015 4416 Ex
3047 4380 3158 4434 quo
3206 4383 3337 4423 sane
3375 4370 3429 4424 id

1846 4439 2110 4510 eﬂicitur,
2147 4443 2295 4499 nulla
2341 4456 2401 4501 ut
2437 4448 2632 4504 civitas
2681 4451 2869 4508 multis
2916 4454 3209 4512 admodum
3256 4461 3437 4518 vineis-

1846 4534 2085 4604 indigeat
2119 4552 2132 4588 :
2171 4537 2262 4593 sed
2295 4539 2498 4608 potius,
2529 4551 2586 4596 ut
2607 4557 2732 4598 cum
2770 4545 3016 4616 reliquus
3043 4550 3222 4606 omnis
3263 4567 3424 4624 agro-

1844 4641 1964 4679 rum
1991 4627 2203 4693 cultus,
2253 4638 2368 4684 tum
2418 4633 2581 4687 etiam
2616 4635 2754 4690 ratio
2797 4636 2973 4694 victus
3016 4640 3271 4697 universa
3311 4662 3426 4700 mo-

1838 4715 1975 4770 dicis
2002 4718 2228 4774 omnino
2269 4720 2469 4798 tinibus
2501 4723 2834 4782 includatur.
2870 4746 2888 4779 ι
2925 4728 3000 4782 Ita
3037 4728 3210 4787 Plato.
3246 4732 3418 4801 Quem

1836 4818 1960 4861 ante
1977 4806 2090 4877 jam
2113 4809 2326 4882 Moyses
2346 4827 2722 4885 occupaverat,
2741 4833 2865 4873 cum
2891 4823 3286 4892 sacerdotibus,
3308 4844 3419 4897 quo
3436 4833 3450 4849 ‘

1834 4905 2079 4968 tempore
2127 4903 2299 4958 sacris
2328 4907 2667 4974 operandum
2704 4917 2843 4975 erat,
2875 4912 3005 4967 vino
3049 4912 3413 4983 interdiceret,

1835 4987 1920 5044 bis
1943 4991 2158 5046 verbis:
2195 5011 2213 5044 ι
2248 4991 2392 5049 Dixit
2426 5011 2647 5066 quoque
2671 4997 2937 5058 Dominus
2975 5003 3042 5057 ad
3069 5003 3248 5060 Aaron
3274 5025 3289 5062 :
3320 5007 3416 5063 Vi-

1831 5097 1962 5137 num
1994 5096 2046 5140 et
2065 5101 2225 5143 omne
2253 5090 2398 5159 quod
2440 5091 2712 5169 inebriare
2740 5105 2935 5163 potest,
2967 5114 3074 5154 non
3106 5100 3320 5167 bibetis,
3354 5113 3412 5160 tu

1829 5184 1883 5230 et
1930 5176 2022 5231 lilii
2050 5180 2127 5233 tui
2171 5187 2370 5246 tecum,
2400 5185 2622 5253 quando
2658 5186 2873 5244 intratis
2906 5190 2959 5244 in
2994 5191 3409 5252 tabernaculum

1828 5270 2146 5337 testimonii,
2179 5283 2273 5328 aut
2302 5291 2428 5331 cum
2472 5279 2732 5335 acceditis
2761 5281 2829 5336 ad
2870 5283 3060 5350 altare,
3104 5301 3170 5339 ne
3208 5289 3410 5343 moria-

1827 5360 1961 5415 mini
1992 5380 2006 5416 :
2042 5362 2340 5433 legitimum
2385 5370 2778 5439 sempiternum
2811 5374 2865 5428 in
2907 5378 3287 5444 generationes
3318 5396 3408 5435 ve‘

1826 5460 1968 5510 stras
1999 5454 2062 5508 “.
2108 5475 2126 5508 ι
2177 5458 2319 5513 Idem
2370 5461 2500 5516 viris
2552 5465 2756 5532 pariter
2798 5481 2864 5520 ac
2912 5466 3230 5523 mulieribus
3277 5478 3403 5524 vota

1823 5551 2285 5619 nuncupantibus,
2306 5553 2446 5609 hanc
2477 5553 2645 5626 legem
2673 5555 2802 5611 dicit
2827 5574 2839 5610 :
2872 5577 2889 5607 σ
2911 5555 3026 5623 Vir,
3049 5559 3161 5616 sive
3183 5561 3402 5627 mulier,

1892 5727 2002 5796 (35)
2041 5729 2297 5805 Μελέτη.
2353 5731 2425 5785 lta
2459 5734 2806 5805 reposuimus
2840 5752 2903 5790 ex
2935 5754 3235 5805 manuscr.,
3271 5740 3403 5798 licet

1818 5801 1978 5853 etiam
2007 5804 2145 5877 apud
2174 5801 2448 5877 Platonem
2483 5803 2711 5877 μελέτης
2753 5809 3063 5865 haberetur.

1889 5871 2001 5941 (36)
2043 5871 2214 5940 Plato,
2320 5872 2361 5924 δ’
2393 5869 2453 5927 οἶ)
2484 5868 2614 5932 τινι.
