3872 6368
510 304 614 361 995
1178 302 1445 361 EUSEBII
1478 300 1966 359 CIESARIENSIS
2004 299 2156 357 OPP.
2193 299 2374 358 PARS
2414 301 2477 358 ll.
2522 333 2588 346 -—
2621 302 3123 361 APOLOGETICA.
3645 312 3727 367 996

509 440 634 480 cum
660 439 911 496 magnum
935 423 1064 479 illud
1088 431 1271 477 votum
1299 422 1525 478 fecerint
1546 438 1667 479 sese
1690 422 1921 478 Domino
1942 438 2068 480 con-

2189 423 2275 477 ἵνα
2311 423 2386 495 μὴ
2414 424 2630 489 πιόντες
2663 424 3027 479 ἐπιλάθωνται
3048 425 3149 497 τῆς
3178 426 3370 497 σοφίας
3399 429 3493 482 καὶ
3537 429 3634 485 τῶν
3656 434 3734 485 πό-

507 514 777 580 secrandi,
801 532 831 570 a
858 516 985 571 vino
1008 523 1061 570 et
1086 516 1233 571 omni
1261 515 1406 585 quod
1448 515 1716 569 inebriare
1741 523 1919 585 potest
1951 515 2068 570 abs-

2186 535 2311 572 νων.
2352 536 2370 568 ι
2402 506 2569 571 Καὶό
2614 519 2937 584 Ἀπόστολος
2967 519 3025 573 δὲ
3062 519 3234 574 νόσων
3280 521 3445 575 ἕνεκα
3487 524 3733 593 ἐπιτρέπει

507 610 791 675 tinebunt;
841 618 894 664 et
928 618 1141 664 acetum
1186 623 1253 662 ex
1291 608 1440 670 vino,
1489 617 1545 662 et
1586 608 1939 678 ex-qualibet
1978 608 2068 663 ali:

2186 608 2455 679 Τιμοθέῳ,
2492 609 2703 678 λέγων’
2748 630 2767 662 ι
2814 612 3013 683 Ὀλίγῳ
3058 611 3187 684 οἴνῳ
3238 613 3352 685 χρῶ
3389 612 3477 667 διὰ
3516 615 3602 669 τὸν
3639 620 3716 671 στό

505 698 746 767 potione,
772 713 879 767 qua
915 697 1170 752 inebriari
1195 698 1319 766 quis
1346 704 1544 766 potest,
1570 711 1678 751 non
1719 697 1935 752 hibetur
1956 697 2021 751 ⁸⁸.
2058 717 2068 750 ι

2189 701 2360 772 μαχόν
2388 718 2481 757 σου
2510 702 2605 757 καὶ
2632 702 2731 767 τὰς
2761 704 2975 769 πυκνάς
3008 722 3100 759 σου
3124 705 3435 772 ἀσθενείας.

510 788 767 843 Salomon
814 802 1033 858 quoque
1077 787 1349 858 principes
1399 786 1562 842 simul
1605 796 1660 841 et
1702 786 1914 857 judices
1957 787 2084 843 vino
2120 790 2396 848 abstinere
2434 792 2610 864 jubet,
2656 794 2786 849 dum
2829 795 2907 850 ait
2949 814 2963 851 ι
3013 814 3031 848 ι
3082 794 3277 851 Omnia
3318 812 3444 852 cum
3486 798 3737 868 prudentia

506 884 627 946 fac,
675 889 730 935 et
768 898 893 936 cum
940 879 1221 951 prudentia
1275 881 1462 934 vinum
1518 879 1661 935 bibe.
1720 878 1983 937 Proceres
2022 882 2268 938 iracundi
2312 892 2461 950 sunt,
2520 885 2711 941 vinum
2756 886 2796 941 ii
2851 901 2921 941 ne
2963 886 3170 954 bibant,
3238 904 3307 944 ne
3349 888 3592 946 bibentes
3628 892 3739 946 obii.

504 976 783 1030 viscantur
843 970 1121 1040 sapientiae
1174 978 1226 1023 et
1269 970 1514 1024 laborum
1553 970 1624 1021 ⁸⁸.
1706 988 1725 1022 ι
1785 968 1928 1036 Quin
1967 972 2134 1026 etiam
2172 974 2467 1042 Apostolus
2515 974 2835 1042 Timotheo,
2885 978 3200 1033 morborum
3251 994 3452 1044 causa,
3522 983 3644 1038 vino
3677 969 3735 1038 uti

503 1070 824 1143 permittens
855 1087 868 1122 :
912 1087 929 1118 ι
964 1066 1198 1131 Modico,
1232 1066 1440 1135 inquit,
1472 1065 1598 1120 vino
1644 1074 1797 1120 utere
1818 1104 1833 1131 ,
1865 1074 2085 1137 propter
2122 1070 2467 1147 stomachum
2499 1082 2651 1128 tuum
2684 1072 2752 1138 ⁸⁷,
2778 1083 2834 1128 ει
2858 1072 3173 1144 frequentes
3200 1088 3322 1131 tuas
3348 1077 3733 1136 inﬁrmitates.»

1069 1158 1297 1215 CAPUT
1335 1158 1526 1213 XXVI.

509 1251 589 1305 Ne
622 1251 901 1306 Platonem
930 1236 1138 1322 quidem
1173 1252 1345 1322 ipsum
1375 1252 1663 1322 ignorasse,
1692 1267 1808 1320 qua:
1847 1250 1940 1305 abs
1971 1246 2081 1307 sese

575 1323 709 1392 leges
758 1320 1136 1386 conderentur,
1190 1323 1255 1375 iis
1300 1320 1551 1374 barbaros
1590 1322 1847 1390 quosdam
1884 1324 1994 1376 suis
2028 1325 2081 1376 in

575 1395 725 1446 rebus
753 1394 976 1463 publicis
1007 1395 1193 1446 vivere.

580 1503 598 1535 ‹
642 1483 834 1539 Utrum
858 1526 872 1549 ,
924 1484 1137 1555 inquit,
1185 1484 1318 1538 viris
1353 1484 1406 1537 in
1444 1484 1784 1554 philosophia
1821 1487 2079 1541 versatis—

503 1574 657 1630 simis
691 1576 1039 1630 instituenda:
1063 1574 1372 1643 reipublicae
1398 1574 1721 1639 necessitas,
1752 1584 1847 1629 aut
1873 1576 2079 1630 ultimis

500 1666 607 1720 illis
640 1667 1148 1736 antiquissimisque
1182 1666 1517 1735 temporibus
1547 1664 1732 1730 fuerit,
1766 1674 1862 1720 aut
1890 1668 2079 1722 hodie-

472 1774 604 1827 que
636 1760 707 1813 sit
738 1761 878 1829 apud
922 1759 1215 1814 barbarum
1263 1758 1498 1827 aliquem
1550 1760 1835 1828 populum,
1871 1768 1927 1814 et
1959 1760 2080 1814 lon-

2688 1168 3085 1221 ΚΕΦΑΛΑΙΟΝ
3116 1172 3261 1239 κσο.

2189 1260 2311 1313 Ὅτι
2335 1261 2445 1334 οὐκ
2476 1260 2679 1329 ἠγνόει
2708 1263 2740 1334 ο
2777 1259 3045 1334 Πλάτων
3069 1262 3143 1334 τὰ
3170 1262 3272 1316 ὑπ’
3305 1264 3497 1317 αὑτοῦ
3530 1268 3736 1334 νομοθε-

2281 1332 2539 1400 τούμενα
2565 1329 2726 1399 παρά
2748 1345 2870 1385 τισι
2889 1332 3216 1401 βαρϐάροις
3240 1329 3674 1392 πολιτεύεσθαι.

2260 1506 2276 1537 ι
2313 1488 2373 1539 Εἰ
2401 1488 2578 1540 τοίνυν
2614 1488 2723 1559 (57)
2753 1488 2942 1560 ἄκροις
2965 1490 3047 1553 εἰς
3084 1490 3403 1561 φιλοσοφίαν
3453 1492 3652 1557 πόλεώς
3678 1512 3737 1556 τις

2180 1580 2393 1651 ἀνάγκη
2419 1579 2856 1652 ἐπιμεληθῆναι,
2893 1582 2926 1653 ἦ
2962 1583 3184 1653 γέγονεν
3220 1586 3279 1637 ἐν
3311 1585 3389 1656 τῷ
3440 1586 3648 1657 ἀπείρῳ
3684 1588 3739 1655 τῷ

2182 1669 2579 1741 παρεληλυθότι
2607 1671 2861 1742 χρόνῳ,ἢ
2896 1673 2990 1726 καὶ
3020 1674 3115 1728 νῦν
3142 1677 3290 1729 ἐστιν
3322 1676 3381 1729 ἐν
3413 1694 3522 1730 τινι
3568 1676 3737 1748 βαρϐα-

2186 1756 2322 1827 ρικῷ
2360 1757 2529 1829 τόπῳ,
2569 1760 2760 1831 πόρῤω
2811 1779 2913 1815 που
2962 1764 3120 1827 ἐκτὸς
3182 1766 3297 1819 ὖντι
3350 1766 3453 1838 τῆς
3496 1769 3738 1838 ἡμετέρας

497 1853 717 1921 gis-sime
751 1854 952 1908 nostris
1002 1853 1075 1929 ab.
1111 1852 1283 1905 oculis
1317 1858 1723 1920 conspectuque
1775 1861 2068 1913 semotum,

2182 1846 2378 1917 ὄψεως,
2418 1848 2451 1919 ἢ
2500 1848 2595 1901 καὶ
2624 1849 2810 1903 ἔπειτα
2848 1853 3136 1924 γενήσεται
3162 1870 3175 1883 ⁸
3223 1858 3353 1928 περὶ
3395 1857 3587 1910 τούτου
3628 1859 3737 1909 ἕτοι-

499 1956 589 1998 aut
623 1947 786 2000 etiam
834 1946 1015 1999 futura
1054 1945 1125 1999 sit
1156 1943 1452 2013 aliquando
1486 1960 1499 1995 :
1548 1942 1637 1996 hic
1671 1957 1798 1997 vero
1847 1951 2075 1996 conten-

499 2039 626 2091 tiosi
671 2038 967 2093 admodum
1015 2053 1136 2092 esse
1180 2037 1439 2099 nolimus,
1477 2044 1535 2088 ut
1584 2050 1755 2104 genus
1783 2035 1947 2105 600
1976 2036 2078 2090 hoc

497 2132 709 2200 reipub.
760 2140 810 2185 et
864 2130 1139 2185 exstitisse
1166 2130 1279 2198 jam
1320 2129 1470 2189 olim,
1499 2137 1552 2181 et
1593 2129 1892 2183 etiamnum
1929 2127 2076 2181 exsi-

496 2234 660 2285 stere,
696 2233 809 2277 tum
842 2232 989 2277 certe
1021 2221 1264 2275 futurum
1296 2235 1429 2303 esse.
1460 2235 1763 2291 pugnemus
1793 2234 1916 2273 cum
1962 2220 2065 2273 rci-

2189 1957 2279 2011 μοι
2307 1939 2421 2010 (38)
2447 1941 2525 2012 τῷ
2563 1940 2702 2012 λόγῳ
2739 1943 3137 2015 διαμάχεσθαι,
3189 1946 3265 2011 ὡς
3299 1948 3580 2021 γέγονενή
3618 1952 3739 2021 εἰρη-

2186 2032 2320 2103 μένη
2356 2032 2620 2097 πολιτεία,
2653 2034 2747 2086 xal.
2769 2034 2904 2097 ἔστι,
2933 2038 3026 2088 καὶ
3054 2039 3342 2107 γενήσεται
3370 2057 3460 2107 γε,
3482 2041 3610 2093 ὅταν
3630 2039 3739 2110 αὑτὴ

2179 2128 2212 2195 ἡ
2246 2124 2436 2178 Μοῦσα
2472 2126 2678 2190 πόλεως
2713 2128 2987 2199 ἐγκρατὴς
3014 2132 3259 2201 γένηται.
3308 2134 3375 2185 Ἃ
3419 2132 3533 2205 γάρ
3580 2135 3738 2187 ἀδύνιιο

2183 2236 2272 2272 τον
2305 2217 2414 2287 (59)
2441 2217 2714 2285 γενέσθαι,
2734 2220 2841 2272 οὐδ’
2870 2223 3030 2292 ἡμεῖς
3057 2225 3296 2279 ἀδύνατα
3315 2225 3572 2296 λέγομεν.
3608 2246 3625 2277 ι

498 2317 732 2387 publicae
777 2314 1142 2384 principatum
1174 2314 1287 2383 ipsa
1341 2313 1443 2367 sibi
1489 2313 1639 2367 Musa
1670 2311 1975 2366 vindicarit.
2020 2311 2155 2366 Nam
2196 2326 2318 2366 alia:
2356 2311 2471 2365 ﬁeri
2498 2327 2593 2381 per
2624 2326 2745 2367 sese
2773 2324 3022 2382 possunt,
3055 2318 3241 2371 eadem
3282 2332 3405 2372 esse
3431 2333 3599 2388 posse
3630 2334 3738 2372 nun-

495 2426 659 2481 quam
689 2408 1029 2478 negabimus.
1062 2427 1080 2457 ›

1043 2500 1272 2558 CAPUT
1310 2500 1523 2555 XXVII.

494 2597 701 2653 Bellum
733 2596 1000 2650 nobiscum
1042 2611 1151 2648 esse
1192 2594 1338 2647 nobis
1359 2634 1373 2655 ,
1406 2604 1453 2645 et
1484 2610 1599 2646 cum
1632 2593 1828 2646 nostris
1861 2591 2072 2661 cupidi-

722 2670 915 2721 tatibus
943 2684 1004 2719 ac
1041 2664 1526 2735 perturbationibus
1556 2664 1858 2733 gerendum.

570 2779 588 2810 ‹
626 2759 772 2813 Idem
820 2766 1023 2822 autem,
1073 2756 1280 2825 inquit,
1326 2771 1455 2810 num
1496 2754 1659 2809 etiam
1706 2755 1772 2808 de
1826 2769 1885 2807 se
1933 2753 2072 2823 ipso,

496 2862 754 2920 tauquam
786 2850 853 2904 de
898 2850 1054 2902 hoste
1089 2848 1328 2917 cogitare
1363 2847 1557 2911 debet,
1596 2861 1664 2899 an
1714 2844 1907 2899 secus?
1932 2874 2001 2883 -—
2031 2842 2075 2897 0

498 2947 697 3012 hospes
738 2941 1086 2995 Atheniensis
1122 2940 1243 3007 (nec
1288 2938 1433 2993 enim
1468 2937 1707 2991 Atticum
1742 2947 1793 2992 te
1822 2937 2071 3000 dixerim,

494 3038 636 3107 quod
676 3034 808 3088 mihi
856 3041 1219 3103 cognomento
1267 3047 1331 3085 ex
1384 3029 1475 3084 Dei
1530 3031 1749 3084 nomine
1792 3028 1957 3099 petito
1990 3030 2072 3083 di-

496 3129 654 3199 gnior
702 3124 1006 3194 videaris),
1052 3123 1237 3193 utique
1284 3122 1705 3191 diSpulatiouem
1756 3122 1900 3175 hanc
1942 3121 2069 3176 dum
2102 3143 2146 3202 ρ

494 3221 771 3290 sapienter
806 3219 870 3273 ad
916 3217 1243 3287 principium
1292 3215 1469 3286 ipsum
1508 3231 1766 3279 revocas,
1810 3215 2074 3269 illustrio-

496 3334 610 3372 rem
646 3316 833 3371 cilicis.
868 3314 940 3367 lta
973 3314 1188 3369 facilius
1215 3313 1380 3368 ctiam
1412 3314 1699 3383 intelliges,
1731 3329 1896 3382 quam
1929 3325 2074 3369 recte

492 3411 697 3465 dictum
736 3425 764 3463 a
795 3410 952 3462 nobis
981 3407 1146 3478 paulo
1174 3416 1298 3461 ante
1332 3405 1516 3467 fuerit,
1545 3422 1667 3461 cum
1709 3406 1924 3475 publice
1952 3409 2076 3460 uni-

490 3500 665 3553 versis
699 3499 1007 3561 universos,
1045 3507 1158 3551 tum
1189 3497 1291 3551 sibi
1328 3497 1579 3566 privatim
1619 3511 1683 3552 ac
1717 3497 1933 3567 proprie
1960 3499 2076 3553 sin-

493 3590 650 3659 gulos
681 3587 869 3641 hostes
908 3597 1069 3657 atque
1118 3587 1347 3642 infestos
1390 3603 1531 3643 esse.
1565 3619 1634 3628 —-
1661 3588 1792 3654 Qua:
1824 3598 1915 3643 tua
1959 3588 2075 3643 lucc

491 3682 669 3735 oratio
694 3690 796 3746 est,
828 3679 909 3733 vir
940 3681 1211 3734 maxime?
1235 3711 1306 3720 -—
1336 3678 1450 3735 lloc
1475 3682 1529 3735 in
1555 3680 1717 3745 bello,
1746 3681 1821 3735 mi
1852 3683 2071 3751 hospes,

492 3775 568 3827 uti
615 3790 671 3829 se
716 3775 895 3843 ipsum
931 3774 1182 3839 vincere,
1214 3774 1569 3829 victoriarum
1621 3775 1867 3829 omnium
1920 3774 2071 3844 prin-

490 3883 617 3936 ceps
645 3878 805 3936 atque
837 3866 1042 3935 optima
1073 3874 1155 3920 est
1188 3881 1199 3916 :
1238 3866 1317 3919 sic
1340 3882 1369 3919 a
1394 3881 1451 3920 se
1483 3864 1603 3935 ipso
1635 3864 1798 3929 vinci,
1825 3865 2070 3919 omnium

490 3960 650 4030 longe
701 3960 1081 4029 turpissimum
1150 3973 1213 4013 ac
1262 3958 1558 4026 pessimum
1610 3956 1792 4013 fuerit.
1862 3957 2073 4026 Quippe

490 4070 660 4122 genus
690 4053 792 4107 hoc
826 4051 1112 4116 orationis,
1146 4064 1305 4104 suum
1338 4049 1537 4119 cuique
1573 4059 1847 4117 nostrum,
1881 4064 1943 4102 ac
1977 4063 2066 4103 se-

489 4162 613 4200 cum
664 4146 782 4215 ipso
818 4142 1015 4198 bellum
1048 4144 1320 4212 quoddam
1372 4142 1689 4197 intestinum
1739 4156 1859 4195 esse
1900 4140 2070 4210 signi-

488 4238 665 4293 ﬁcat.»
694 4236 832 4291 Tum
860 4236 983 4289 aliis
1016 4236 1289 4305 plerisque
1325 4234 1644 4304 interiectis,
1678 4232 1750 4286 ita
1782 4232 2071 4302 prosequi-

489 4339 595 4385 tur.
618 4350 636 4382 ί
663 4330 801 4385 Num
831 4330 996 4400 igitur
1022 4337 1268 4383 nostrum
1306 4327 1601 4396 quemlibet
1629 4342 1799 4380 unum
1827 4324 2068 4395 aliquem

487 4439 610 4477 esse
654 4422 984 4479 statuimus?
1013 4452 1082 4461 -—
1116 4418 1336 4491 Utique.
1369 4450 1439 4459 —
1474 4417 1580 4473 Sed
1632 4418 1705 4473 ita
1761 4433 1931 4472 unum
1956 4460 1970 4485 ,
2010 4428 2071 4473 ut

2701 2498 3097 2554 ΚΕΦΑΛΑῙΟΝ
3126 2500 3250 2552 ΚΖ’.
3285 2494 3289 2497 ’

2183 2589 2310 2642 Ὅτι
2334 2593 2597 2659 πόλεμος
2622 2590 2766 2660 ἡμῖν
2786 2591 2915 2644 ἐστι
2937 2589 3265 2660 πρὸςοήμᾶς
3301 2594 3531 2660 αὐτοὺς
3575 2597 3663 2650 καὶ
3685 2594 3743 2648 τὰ

2761 2662 2827 2714 ἐν
2853 2662 2995 2730 ἡμῖν
3016 2662 3197 2729 πάθη.

2255 2767 2273 2800 ι
2306 2749 2467 2821 Αὐτῷ
2501 2749 2557 2803 δὲ
2588 2749 2697 2821 (40)
2732 2750 2870 2822 πρὸς
2903 2752 3094 2805 ἑαυτὸν
3143 2752 3373 2825 πότερον
3418 2754 3496 2818 ὡς
3529 2755 3743 2827 πολεμίῳ

2176 2840 2312 2911 πρὸς
2342 2842 2596 2912 πολέμιον
2627 2843 2957 2915 διανοητέον,
2997 2844 3031 2915 ἢ
3056 2843 3173 2908 πῶς
3202 2845 3281 2899 ἔτι
3310 2845 3584 2918 λέγομεν;
3613 2844 3742 2900 -Ὧ

2177 2932 2291 2999 ξένε
2359 2934 2630 3007 Ἀθηναῖε,
2684 2936 2772 3007 (οὐ
2819 2938 2927 3009 γάρ
2976 2955 3035 2990 σε
3106 2937 3348 2993 Ἀττικὸν
3410 2942 3642 3013 ἐθέλοιμ’
3690 2942 3743 2994 ἂν

2178 3028 2635 3099 προσαγορεύειν’
2670 3029 2847 3092 δοκεῖς
2870 3032 2977 3101 γάρ
3004 3049 3092 3102 μοι
3133 3033 3232 3103 τῆς
3282 3034 3419 3087 Θεοῦ
3451 3036 3743 3106 ἐπωνυμίας

2179 3120 2325 3185 ἄξιος
2359 3118 2497 3174 εἶναι
2548 3122 2747 3192 μᾶλλον
2770 3123 3202 3195 ἐπονομάζεσθαι
3228 3128 3278 3198 ·)
3322 3128 3417 3181 τὸν
3457 3130 3573 3200 γὰρ
3612 3130 3743 3196 λόγον

2180 3215 2266 3265 ἐπ’
2296 3215 2471 3285 ἀρχὴν
2511 3213 2686 3285 ὀρθῶς
2719 3213 3043 3284 ἀναγαγὼν,
3090 3219 3424 3291 σαφέστερον
3472 3224 3742 3293 ἐποίησας·

2178 3308 2316 3361 ὥστε
2378 3309 2506 3377 ῥᾷον
2537 3308 2602 3360 ἂν
2645 3309 2899 3379 εὑρήσεις
2932 3311 3068 3382 (41),
3097 3314 3179 3366 ὅτι
3212 3313 3305 3367 νῦν
3342 3314 3408 3387 δὴ
3469 3315 3645 3389 ὀρθῶς
3670 3316 3745 3386 ὑφ’

2183 3400 2339 3471 ἡμῶν
2364 3398 2565 3471 ἐρρέθη
2599 3400 2660 3452 τὸ
2700 3401 2987 3472 πολεμίους
3016 3402 3156 3458 εἶναι
3188 3408 3397 3470 πάντας
3430 3411 3573 3461 πᾶσι
3603 3411 3748 3479 δημο-

2179 3496 2271 3566 σίᾳ.
2302 3512 2360 3547 τε
2398 3494 2492 3547 καὶ
2520 3494 2900 3564 ἰδίᾳὲκάστους
2928 3498 3121 3562 αὐτοὺς
3151 3497 3329 3567 σφίσιν
3358 3501 3748 3566 αὐτοῖς.-11ῶς

2177 3586 2423 3658 εἴρηκας,
2460 3578 2505 3638 ῶ
2531 3585 2916 3655 θαυμάσιε;--
2933 3590 3247 3652 Κάνταῦθα,
3281 3584 3326 3645 ὢ
3349 3592 3497 3659 ξένε,
3530 3595 3594 3648 τὸ
3618 3595 3750 3662 νικᾷν

2177 3678 2336 3732 αὐτὸν
2367 3676 2557 3730 ἑαυτὸν
2592 3677 2777 3731 πασῶν
2809 3680 2974 3734 νικῶν
3001 3682 3188 3754 πρώτη
3230 3702 3291 3737 τε
3334 3687 3432 3738 καὶ
3470 3688 3667 3759 ἀρίστη
3700 3682 3751 3736 τὸ

2175 3770 2230 3822 δὲ
2269 3766 2531 3840 ἡττᾶσθαι
2570 3768 2731 3821 αὑτὸν
2755 3771 2847 3839 ὑφ’
2876 3773 3069 3827 ἑαυτοῦ
3100 3775 3315 3828 πάντων
3366 3778 3651 3849 αἴσχιστόν
3702 3794 3750 3828 τε

2176 3863 2292 3933 ἅμα
2321 3864 2414 3917 καὶ
2446 3859 2723 3915 κάκιστον.
2757 3864 2940 3917 Ταῦτα
2988 3866 3118 3938 γὰρ,
3142 3868 3218 3931 ὡς
3248 3868 3493 3940 πολέμου
3541 3874 3599 3924 ὲν
3636 3870 3749 3923 ἑκά-

2178 3972 2321 4020 στοις
2354 3959 2509 4028 ημῶν
2532 3958 2681 4017 ὄντος
2708 3955 2840 4025 πρὸς
2870 3959 3016 4027 ἡμᾶς
3043 3960 3259 4022 αὐτοὺς,
3292 3962 3581 4031 σημαίνει.
3621 3982 3638 4012 ι
3660 3960 3753 4012 Κτὶ

2178 4048 2295 4117 μεθ’
2361 4052 2522 4123 ἕτερα
2598 4052 2807 4116 τούτοις
2868 4050 3189 4122 προστίθησι
3210 4049 3423 4119 λέγων·
3490 4075 3510 4106 ι
3562 4053 3753 4107 Οὐκοῦν

2172 4139 2268 4193 ἕνα
2302 4141 2413 4211 (42)
2457 4142 2555 4213 μὲν
2594 4144 2751 4215 ἡμῶν
2781 4145 3010 4196 ἕκαστον
3033 4143 3193 4195 αὑτὸν
3223 4144 3471 4215 τιθῶμεν
3498 4164 3513 4211 ;
3544 4177 3615 4185 —
3638 4144 3753 4198 Nai.

2172 4234 2359 4286 -Δύο
2386 4234 2442 4287 δὲ
2459 4237 2794 4307 κεκτημένον
2828 4239 2885 4290 ἐν
2915 4236 3063 4305 αὐτῷ
3102 4234 3411 4305 ξυμϐούλω,
3453 4240 3683 4291 eum.»
3703 4252 3753 4288 τε

2173 4327 2267 4378 καὶ
2293 4326 2515 4397 ἄφρονε,
2549 4328 2594 4381 ὦ
2626 4327 3101 4400 προσαγορεύομεν
3125 4328 3319 4399 ἡδονὴν
3351 4330 3448 4381 καὶ
3484 4330 3665 4399 λύπην
3680 4347 3759 4391 ;—-

2177 4421 2331 4472 Ἔστι
2358 4421 2631 4475 ταῦτα.-
2647 4422 2791 4493 Πρὸς
2816 4421 2873 4473 δὲ
2897 4420 3107 4473 τούτοιν
3140 4422 3344 4492 ἀμφοῖν
3364 4417 3431 4476 αὖ
3464 4422 3629 4487 δόξας

488 4516 627 4572 duos
670 4516 810 4586 apud
859 4531 918 4571 se
949 4512 1294 4571 consiliarios
1338 4513 1538 4567 habeat
1574 4512 1961 4567 dissentientes
2002 4527 2067 4566 ac

2182 4510 2395 4573 ἡκόντων,
2428 4505 2509 4564 οἶν
2542 4511 2725 4565 κοινὸν
2761 4511 2859 4582 μὲν
2889 4510 3057 4583 ὄνομα
3086 4509 3261 4575 ἐλπὶς,
3317 4512 3451 4566 ἴδιον
3510 4514 3574 4568 δὲ
3608 4512 3757 4583 φόὸος

484 4607 737 4672 stolidos,
773 4607 970 4677 quibus
996 4604 1291 4676 voluptatis
1316 4612 1370 4659 et
1397 4603 1603 4658 doloris
1634 4618 1833 4657 nomen
1865 4602 2062 4657 tribui-

486 4714 633 4754 mus.
656 4728 726 4739 —
757 4699 847 4753 Sic
876 4706 979 4754 est.
1004 4728 1076 4739 —
1100 4696 1327 4767 Utrique
1359 4712 1540 4751 rerum
1567 4697 1731 4752 etiam
1762 4696 2062 4751 futurarum

2178 4598 2298 4669 μὲν,
2333 4603 2366 4671 ἡ
2395 4600 2499 4670 πρὸ
2517 4601 2693 4673 λύπης
2716 4602 2889 4665 ἐλπὶς,
2915 4602 3113 4675 θάρῤος
3140 4604 3195 4657 δὲ
3244 4606 3277 4674 ἡ
3320 4604 3428 4676 πρὸ
3470 4606 3573 4660 τοῦ
3612 4606 3754 4659 ἔναν-

2173 4693 2310 4746 τίου.
2354 4694 2477 4747 Ἐπὶ
2504 4693 2559 4747 δὲ
2586 4696 2719 4748 πᾶσι
2739 4693 2946 4759 τούτοις
2974 4694 3229 4767 λογισμὸς
3254 4696 3281 4750 ὅ
3314 4715 3369 4749 τι
3421 4698 3551 4753 ποτ’
3592 4695 3759 4753 αὐτῶν

562 4821 611 4852 ⁸⁸
634 4817 794 4875 Num.
825 4835 901 4886 vr,
960 4817 1015 4881 2,
1047 4816 1100 4870 ’5.
1177 4816 1222 4848 ⁸⁸
1257 4813 1415 4871 Prov.
1445 4831 1527 4879 lit,
1568 4814 1628 4881 7;
1661 4830 1813 4879 mu,
1835 4814 1887 4869 4.
1966 4814 2009 4845 ⁵⁷
2042 4812 2061 4866 1

2182 4829 2240 4867 n.
2275 4829 2327 4877 v,
2354 4812 2443 4867 23.

563 4937 674 5007 (57)
713 4939 784 4991 Et
813 4936 1041 4990 τοίνυν.
1084 4932 1237 4989 Exile
1278 4933 1383 4987 hoc
1420 4930 1781 5002 fragmentum
1825 4947 1934 4987 non
1975 4947 2061 4987 re-

488 5010 626 5080 peri,
657 5023 758 5080 nec
783 5007 915 5061 tanti
941 5015 1043 5080 est.

562 5078 674 5150 (58)
716 5079 1001 5152 ’Ἑτοιμοι.
1036 5073 1440 5152 Praemittenrla,
1494 5072 1676 5152 credo,
1710 5072 1924 5152 negatio
1955 5082 2059 5152 est,

494 5143 729 5219 itemque
764 5143 1110 5219 paulo_post,
1157 5154 1281 5219 ante
1316 5144 1565 5219 γέγονενς
1602 5143 1693 5197 vix
1740 5143 1885 5195 enim
1927 5144 2061 5197 mihi

490 5213 854 5283 persuaserim
880 5260 896 5283 ,
929 5213 1203 5271 Platonem
1241 5216 1342 5270 hoc
1370 5213 1663 5268 admodum
1696 5228 1937 5283 pugnare
1967 5228 2062 5267 vo-

926 5265 1074 5343 illud'
1084 5265 1224 5361 reip.
1242 5265 1564 5361 Midan}
1609 5265 1751 5338 inter
1772 5265 2059 5339 ubarbaros

489 5354 766 5417 exstitisse
795 5376 808 5411 :
842 5360 976 5415 satis
1001 5367 1104 5421 est,
1137 5354 1186 5411 si
1218 5370 1415 5426 negare
1442 5354 1629 5409 nollet.

561 5433 671 5502 (59)
723 5430 1072 5502 Ἀδύνατονᾷ
1111 5423 1319 5502 Sensus
1369 5425 1593 5480 omnino
1623 5424 1860 5494 postulat
1899 5423 2058 5477 δυνα-

488 5498 579 5555 τόν
604 5544 618 5566 ,
648 5498 818 5570 caque
848 5516 1000 5555 mens
1032 5498 1279 5553 Eusebii.

559 5563 669 5641 (40)
710 5563 1005 5641 Aeneae.
1056 5571 1226 5628 Plato,
1276 5567 1371 5641 lib.
1400 5563 1601 5641 t_ch.,
1637 5581 1760 5641 pag.
1810 5564 1934 5627 565,

490 5634 662 5697 Porro
683 5634 863 5697 locum
890 5640 1036 5696 hunc
1060 5639 1375 5695 insinuabat
1406 5634 1762 5697 Themistius,
1794 5647 1934 5689 erat.
1967 5635 2052 5697 10,

489 5730 611 5782 pag.
643 5713 750 5765 229
770 5751 785 5773 ,
807 5727 954 5782 cum
994 5712 1070 5782 ita
1124 5713 1477 5782 loqueretur;
1504 5708 1611 5759 Καὶ
1638 5702 1915 5782 τοῦτολοιῧν
1946 5706 2055 5773 ἐγὼ

487 5777 769 5845 Πλάτωνος
800 5779 1091 5852 θαυμάζω,
1125 5781 1217 5834 καὶ
1248 5780 1324 5832 ἔτι
1357 5778 1588 5849 μᾶλλον,
1634 5778 1759 5830 ὅταν
1797 5777 2051 5848 διδάσκῃ,

3556 4992 3567 5005 Δ

2171 5001 2386 5090 πρῶτόν
2412 4996 2547 5090 ἐςτι.
2578 5003 2687 5090 Καὶ
2707 4996 2995 5090 ὅστίςόἷός
3013 4996 3243 5090 *τεπρδς
3254 5005 3477 5090 νεξαιξςτὸν
3510 4996 3668 5090 ἄξειν
3692 4996 3737 5055 ἔξ

2208 5067 2361 5154 ἠνῃν,
2410 5067 2565 5154 οὗῖος
2586 5068 2704 5154 ρ’ῖός
2731 5090 2790 5125 τε
2815 5072 2909 5154 ξιᾳὶ
2932 5071 3068 5154 πρὸς
3095 5067 3218 5154 τοῦς
3251 5074 3453 5139 ἔξωθεν
3490 5067 3761 5143 πολέμους

2208 5090 2361 5143 ηνην,
2410 5090 2565 5135 ουτος
2593 5090 2704 5136 oro;
2731 5090 2790 5125 τε
2815 5090 2909 5126 και
2932 5090 3068 5154 προς
3095 5090 3218 5136 τους
3251 5090 3453 5139 εςωυεν
3490 5090 3760 5143 πολεμιους

2167 5090 2375 5214 (Οιηίιιὶιῃ
2404 5141 2713 5214 πολεμίούς,
2743 5143 2871 5213 quid
2905 5159 3048 5197 euun
3079 5154 3160 5196 est
3184 5145 3337 5210 ἄγειν
3365 5147 3609 5214 εἰρήνην
3636 5146 3760 5214 πρὸς

2163 5190 2254 5303 τόν
2286 5212 2519 5303 πόλεμον
2539 5190 2590 5283 )
2627 5190 3053 5303 ⁷δὲιέιδύνατξος
3085 5215 3115 5283 ἡ
3145 5190 3515 5303 κἑαυτὸέ
3556 5190 3759 5303 imis;

2167 5228 2254 5266 τον
2286 5228 2519 5335 πολεμον
2539 5228 2553 5277 ;
2574 5228 2590 5283 )
2633 5228 2677 5280 ῳ
2709 5228 2764 5266 οε
2793 5228 3053 5276 αουνατος
3085 5228 3115 5283 η
3145 5228 3279 5285 προς
3308 5228 3515 5268 actutm
3556 5228 3759 5303 εκεχξι-

2167 5284 2259 5356 ρία
2279 5323 2293 5346 ν
2329 5300 2424 5356 σχο
2523 5285 2640 5356 πὲτί
2670 5283 2735 5337 ἂν
2757 5277 2911 5356 οὗτος
2936 5282 3034 5346 τὰς
3063 5284 3199 5356 ,πρὸς
3226 5285 3497 5356 ἀλλήλους
3531 5288 3760 5346 atavo};

2167 5349 2522 5428 άῖαπάοξειεν.
2563 5349 2715 5428 Ιίξξναι
2746 5355 2946 5428 γάρτι
2989 5355 3082 5407 καὶ
3223 5349 3440 5428 ἑκάστῳ
3477 5358 3759 5428 βάρῦαρον

2164 5424 2350 5493 φῦλον,
2384 5423 2505 5495 λίαν
2537 5422 2768 5489 αὔθαδες
2800 5422 2893 5478 ιὲαὶ
2916 5424 3198 5486 δυσπειθὲς
3221 5465 3236 5488 ,
3264 5426 3357 5478 τὸν
3383 5422 3445 5480 Ou
3459 5422 3572 5495 μὸν
3601 5422 3758 5495 lifts.

2164 5496 2257 5568 καὶ
2286 5495 2394 5568 τὰς
2416 5493 2726 5568 ἀπλήστους
2756 5495 3067 5568 ἐπιθυμίας,
3086 5493 3504 5568 ἀντικπθήμενα
3528 5493 3759 5568 γένητῷ

2163 5564 2444 5638 λογισμῷ,
2491 5560 2749 5638 *κάθάπερ
2798 5560 3054 5638 Ῥωμαῖοι
3122 5560 3369 5634 (malini
3418 5560 3757 5638 Ῥωμαίοις)

2166 5636 2512 5706 Σκύθαιεκαὶ
2539 5636 2827 5706 Γερμανοί,
2861 5645 2963 5690 etc.

2235 5706 2345 5777 (Η)
2385 5705 2557 5777 Plato.
2586 5705 2927 5777 ἀνευρήσεις.

2234 5776 2345 5849 (5‘2)
2374 5776 2612 5832 Οὐκοῦν
2641 5775 2974 5842 ἓνᾱζΡιιιὶο,
3010 5777 3165 5844 ibid.,
3194 5793 3316 5848 pag.
3346 5778 3476 5841 573,
3512 5779 3582 5843 Β,
3606 5779 3672 5843 C,
3698 5779 3754 5833 D.

2170 4930 2520 5007 δτι,πτέλέμου
2564 4932 3230 5007 δεᾳὶ,εέρήνης,ςπέρμαῖα
3273 4934 3330 5007 ἐν
3362 4935 3583 5007 ἑκάστῃ
3625 4935 3759 5003 ψυχῇ
