3994 6384
132 297 231 354 997
1326 292 1650 348 Pii/BPAR.
1694 293 1763 350 El

1870 291 1947 348 lG.
1989 290 2116 346 LIB.
2162 291 2272 348 XII.
3340 297 3444 354 998

133 399 350 468 ἄμεινον
400 394 435 465 ἦ
464 396 694 466 χεῖρον,
737 396 815 460 ὃς,
847 395 1139 465 γενόμενος
1177 392 1352 463 δόγμα
1396 390 1604 452 πόλεως
1643 407 1757 444 κοι-

1870 389 2148 459 opiniones
2201 387 2473 459 adjuncta:
2516 389 2671 455 dum,
2721 405 2844 461 qnta
2887 405 3178 446 commune
3225 392 3442 462 quidem

134 489 237 551 νὺν,
261 486 431 558 νόμος
461 488 895 558 ἐπωνόμασται.
939 506 956 537 ι
1004 486 1114 538 Καὶ
1144 485 1269 554 ἑξῆς
1317 500 1512 553 φησιν·
1555 503 1572 532 ‹
1617 481 1748 534 Τὸδε

1870 481 1970 550 ιι)θί
2008 497 2204 536 nomen
2235 481 2442 536 sortita;
2468 491 2629 549 sunt;
2681 482 2774 537 sed
2805 493 2984 538 tamen
3035 500 3158 554 spes
3200 485 3290 540 illa
3323 504 3445 558 qua:

133 586 175 637 δ’
204 584 386 651 ἴσμεν,
425 581 515 633 ὅτι
545 581 739 635 ταῦτα
777 581 844 634 τὰ
881 580 1025 651 πάθη
1073 581 1130 631 ἐν
1157 581 1323 649 ἡμῖν,
1370 570 1482 630 οἷον
1511 574 1678 647 νεῦρα
1716 574 1749 646 ἢ

1870 575 2102 629 iolorcm
2139 575 2534 645 antegreditur.
2578 561 2758 630 metus
2788 594 2802 625 :
2838 591 2961 645 qua:
2986 578 3316 634 contrariam
3348 595 3445 634 vo-

138 671 388 747 μήρινθοί
409 688 568 735 τινες
609 673 856 736 ὲνοῦσαι,
887 670 1064 724 σπῶσί
1095 687 1154 722 τε
1186 670 1332 739 ἡμᾶς
1367 667 1462 720 καὶ
1494 665 1752 737 ἀλλήλαις

1870 667 2123 735 lnptatetn
2157 667 2448 732 antecedit,
2480 666 2678 722 ﬁducia
2715 668 2935 737 proprie
2964 669 3299 734 nominatur.
3348 669 3446 727 His

135 765 494 821 ἀνθέλκουσιν
531 766 789 818 ἐναντίαι
819 760 974 818 οὖσαι
1009 763 1094 816 ἐπ’
1128 761 1376 825 ἐναντίας
1417 758 1665 834 πράξεις,
1691 751 1752 812 οὗ

1870 757 2115 812 omnibus
2150 758 2382 813 rationis
2414 766 2608 827 praeest
2633 758 2946 823 consilium,
2983 775 3094 830 quo
3120 761 3250 830 quid
3283 762 3445 817 exiis

135 863 196 932 δὴ
223 860 333 932 (45)
355 859 722 931 διωρισμένη
757 857 927 929 ἀρετὴ
948 856 1042 910 καὶ
1071 855 1241 908 κακία
1270 855 1466 908 κεῖται.
1502 853 1616 922 Μιᾷ
1647 850 1754 921 γάρ

1870 849 1942 902 vel
1975 848 2171 904 ntelius
2199 850 2290 914 sit,
2310 849 2392 905 vel
2425 849 2666 905 deterius
2692 852 3035 921 exploratur;
3070 853 3323 924 quodque
3351 854 3444 910 ubi

139 970 295 1023 φησιν
327 953 356 1004 ὁ
378 950 553 1018 λόγος
571 950 694 1003 δεῖν
722 949 831 1002 τῶν
863 947 1059 1014 ἕλξεων
1101 944 1460 1014 ξυνεπόμενον
1493 942 1601 1005 ἀεὶ,
1663 941 1756 993 καὶ⁹

1870 955 2152 995 commune
2201 943 2368 997 totius
2412 942 2546 1012 reip.
2597 942 2875 997 decretum
2921 942 3120 1006 fuerit,
3165 956 3278 1000 tum
3314 962 3446 1001 vero

143 1045 359 1119 μηδαμῆ
396 1043 858 1115 ἀπολειπόμενον
881 1040 1117 1110 ἐκείνης.
1139 1037 1418 1091 ἀνθέλκειν
1438 1039 1549 1099 τοῖς
1577 1033 1756 1097 ἄλλοις

1870 1035 1945 1089 lex
1973 1035 2231 1103 appellari
2263 1036 2425 1090 solet.
2472 1055 2492 1087 ι
2527 1034 2590 1090 Ει
2624 1037 2788 1106 paulo
2828 1047 2947 1106 post
2980 1056 2994 1092 :
3023 1056 3042 1089 ‹
3076 1036 3210 1102 Hoc,
3245 1039 3441 1108 inquit,

140 1131 345 1200 νεύροις
373 1130 634 1183 ἕκαστον
664 1147 679 1161 ·
715 1128 919 1198 ταύτην
959 1128 1003 1180 δ’
1037 1121 1177 1180 εἶναι
1223 1125 1319 1196 τὴν
1356 1125 1451 1178 τοῦ
1493 1122 1754 1194 λογισμοῦ

1870 1131 2238 1201 intelligimus,
2268 1132 2709 1203 perturbationes
2753 1132 2893 1198 illas,
2932 1148 3223 1189 nervorum
3258 1136 3310 1189 in
3342 1151 3444 1191 no-

142 1224 359 1294 ἁγωγὴν
384 1223 618 1294 χρυσῆν
658 1223 749 1276 καὶ
781 1221 954 1293 ἱερὰν,
1003 1221 1100 1291 τῆς
1137 1219 1345 1282 πόλεως
1387 1218 1564 1272 κοινὸν
1595 1218 1756 1288 νόμον

1870 1225 1947 1280 bis
1979 1239 2042 1280 ac
2069 1223 2280 1280 funium
2307 1226 2668 1296 quorumdam
2698 1226 2873 1280 instar
2895 1241 3039 1291 esse,
3072 1243 3103 1281 a
3133 1227 3355 1298 quibus,
3385 1237 3446 1284 ut

144 1314 627 1384 ἐπικαλουμένην,
678 1315 842 1375 ἄλλας
869 1313 926 1366 δὲ
961 1307 1200 1383 σκληρὰς
1232 1311 1326 1363 καὶ
1352 1310 1598 1382 σιδηρᾶς,
1658 1309 1757 1380 τὴν

1870 1319 1986 1373 aliis
2015 1319 2106 1373 alii
2136 1316 2399 1372 contrarii
2428 1324 2578 1378 sunt.
2613 1315 2687 1370 ita
2729 1319 2998 1372 contraria
3032 1316 3083 1370 in
3126 1318 3303 1372 studia
3333 1329 3444 1372 tra-

143 1409 196 1461 δὲ
225 1407 488 1477 μαλακὴν
524 1407 721 1460 ἄνεσιν
755 1405 961 1478 χρυσῆν
988 1401 1173 1458 οὖσανο
1199 1403 1298 1466 τὰς
1334 1402 1390 1455 δὲ
1429 1402 1592 1466 ἄλλας
1624 1420 1759 1454 παν-

1870 1409 2066 1473 Itimur,
2098 1407 2187 1461 ubi
2227 1406 2404 1460 virtus
2451 1414 2506 1460 et
2552 1406 2766 1472 vitium,
2813 1407 2930 1462 suis
2959 1408 3119 1462 ambo
3156 1408 3354 1464 Iinibus
3380 1424 3446 1465 ac

145 1500 395 1561 τοδαποῖς
421 1497 642 1551 εἴδεσιν
675 1498 864 1568 ὁμοίας
890 1495 1017 1566 (Μ)-
1039 1496 1148 1549 δεῖν
1171 1496 1226 1549 δὲ
1250 1499 1314 1567 τῇ
1347 1495 1607 1569 καλλίστῃ
1622 1496 1762 1564 ἀγω-

146 1594 212 1661 γῇ
244 1589 336 1642 τοῦ
363 1590 546 1658 νόμου
588 1588 680 1642 ἀεὶ
713 1587 1108 1660 ξυλλαμϐάνειν
1131 1605 1144 1616 ’
1188 1588 1282 1641 ἆτε
1318 1587 1426 1659 γὰρ
1465 1587 1560 1640 τοῦ
1610 1587 1758 1655 λογι-

152 1680 282 1755 σμοῦ
309 1680 488 1734 καλοῦ
531 1683 640 1752 μὲν
665 1681 817 1743 ὄντος
841 1722 855 1744 ,
897 1679 1074 1752 πράου
1103 1697 1162 1732 τε
1187 1681 1278 1733 καὶ
1325 1680 1385 1732 οὐ
1424 1679 1619 1750 βιαίου,
1651 1679 1758 1733 δεῖ·

1864 1500 2183 1570 regioniltus
2228 1498 2646 1568 circumscripta
2689 1508 2999 1554 versantur.
3045 1499 3204 1554 Ratio
3245 1501 3445 1571 quippe

1865 1592 2046 1656 docet,
2079 1591 2249 1646 motui
2279 1591 2546 1645 duntaxat
2581 1591 2734 1645 alteri
2770 1591 2849 1646 sic
2884 1591 3294 1662 obsequendum
3327 1596 3446 1649 cui»
3493 1663 3497 1670 ι

1867 1701 1972 1755 que
1987 1694 2282 1753 perpetuo,
2316 1692 2374 1737 ut
2404 1699 2684 1752 nunquam
2732 1683 2801 1736 ab
2829 1699 2894 1739 eo
2925 1685 3233 1750 discedens,
3270 1702 3443 1758 oppo-

151 1775 267 1827 σθαι
296 1772 615 1843 ὑπηρετῶν
648 1771 809 1826 αὑτοῦ
831 1771 928 1842 τὴν
960 1771 1213 1842 ἀγωγὴν,
1250 1758 1399 1835 ὅπως
1428 1772 1494 1824 ἂν
1529 1771 1586 1825 ἐν
1625 1773 1755 1842 ἡμῖν

1870 1779 1981 1832 sitis
2013 1776 2237 1830 funibus
2291 1784 2608 1829 constanter
2647 1775 2936 1830 renitatur.
2966 1777 3144 1846 Atque
3171 1777 3316 1832 hunc
3349 1793 3443 1832 sa-

151 1865 208 1920 τδ
232 1865 476 1936 χρυσοῦν
505 1865 674 1932 γένος
690 1867 815 1936 νικᾷ
840 1863 909 1917 τὰ
928 1864 1061 1919 ἄλλα
1089 1865 1242 1934 γένη.
1263 1864 1373 1916 Καὶ
1393 1862 1533 1916 οὕτω
1559 1864 1622 1934 δὴ
1647 1864 1758 1933 (45)

154 1959 278 2028 περὶ
303 1957 622 2027 θαυμάτων
656 1956 731 2019 ὡς
755 1956 926 2008 ὄντων
964 1953 1122 2026 ἡμῶν
1165 1954 1193 2006 ὁ
1229 1953 1396 2024 μῦθος
1438 1954 1641 2024 ἀρετῆς
1675 1970 1760 2005 σε-

156 2047 434 2119 σωσμένος
470 2047 543 2101 ἂν
591 2049 678 2121 εἴη
701 2090 714 2112 ,
746 2047 924 2102 καὶτὸ
974 2047 1206 2120 κρείττω
1240 2045 1434 2098 ἑαυτοῦ
1469 2046 1564 2098 καὶ
1613 2046 1760 2116 ἥττω

158 2138 286 2195 εἶναι
323 2143 542 2215 τρόπον
568 2143 693 2197 τινὰ
721 2142 951 2215 φανερὸν
984 2141 1050 2195 ἂν
1079 2140 1289 2210 γένοιτο
1325 2138 1523 2210 μᾶλλον
1557 2138 1586 2190 ὃ
1620 2142 1754 2192 νοεῖ⁶

159 2239 246 2288 καὶ
277 2235 358 2288 ὅτι
387 2236 556 2288 πόλιν
584 2237 679 2290 καὶ
707 2233 942 2305 ἰδιώτην,
976 2233 1066 2286 τὸν
1109 2232 1208 2302 μὲν
1239 2231 1398 2300 λόγον
1449 2231 1622 2302 ἀληθῆ
1667 2230 1761 2283 λα-

163 2325 316 2378 δόντα
347 2327 406 2377 ὲν
440 2325 634 2396 ἑαυτῷ
656 2323 915 2397 περὶτῶν
941 2322 1156 2388 ἕλξεων,
1186 2321 1360 2392 τούτῳ
1389 2321 1654 2392 ἑπόμενον
1683 2321 1764 2374 δεῖ

164 2419 275 2488 ζῇν,
304 2418 466 2471 πόλιν
489 2417 551 2471 δὲ
583 2419 618 2488 ἢ
655 2417 806 2488 παρὰ
834 2416 968 2469 θεῶν
994 2432 1138 2478 τινος
1163 2415 1195 2485 ἢ
1227 2414 1356 2484 παρ’
1377 2412 1540 2466 αὐτοῦ
1570 2413 1759 2466 τούτου

167 2513 378 2578 γνιιντος
411 2510 598 2564 ταῦτα
638 2510 796 2579 λόγον
823 2505 1268 2581 παραλαΰοῦσαν,
1296 2505 1456 2576 νόμον
1506 2505 1758 2576 θεμένην,

170 2598 298 2669 αὐτῇ
328 2616 388 2651 τε
418 2597 640 2668 ὁμιλεῖν
670 2598 762 2651 καὶ
783 2600 902 2660 ταῖς
935 2595 1124 2659 ἄλλαις
1149 2594 1387 2648 πόλεσιν.
1415 2593 1570 2646 Οὕτω
1596 2594 1762 2647 κακία

170 2687 227 2757 δὴ
256 2687 348 2740 καὶ
369 2687 553 2760 ἀρετὴ
580 2687 912 2758 σαφέστερον
939 2689 1066 2756 ἡμῖν
1099 2683 1506 2757 διηρθρωμένον
1529 2685 1593 2738 ἂν
1615 2685 1720 2754 εἴη.
1737 2704 1755 2735 ι

173 2780 273 2832 Καὶ
302 2783 433 2851 παρ’
465 2783 608 2852 ἡμῖν
632 2783 660 2832 ὁ
688 2779 827 2842 θεῖος
845 2781 913 2834 τὰ
949 2782 1110 2850 ὃμοια
1148 2778 1388 2831 διδάσκει
1429 2777 1585 2846 λόγος
1611 2819 1625 2842 ,
1655 2778 1762 2846 φάη

176 2887 338 2922 σκωνο
383 2892 398 2920 t
445 2872 760 2942 Συνηδομαι
793 2869 870 2941 τῷ
899 2869 1047 2940 νόμῳ
1072 2869 1164 2922 τοῦ
1194 2867 1329 2921 Θεοῦ
1361 2868 1502 2920 κατὰ
1535 2867 1625 2920 τὸν
1655 2867 1764 2920 ἔσω

175 2958 454 3031 ἄνθρωπον
471 2977 484 2988 ·
526 2961 710 3030 βλέπω
734 2962 790 3014 δὲ
823 2960 1008 3029 ἕτερον
1035 2959 1199 3029 νόμον
1228 2959 1286 3010 ἐν
1309 2959 1420 3020 τοῖς
1446 2957 1631 3027 μέλεσί
1661 2973 1762 3028 μου

177 3054 727 3125 ἀντιστρατευόμενον
775 3052 854 3122 τῷ
904 3052 1054 3122 νόμῳ
1105 3050 1199 3102 τοῦ
1245 3050 1362 3113 νοός
1433 3067 1566 3120 μου’
1604 3068 1621 3100 ι
1650 3049 1761 3103 Καὶ

177 3144 327 3195 πάλιν
353 3161 366 3174 ·
401 3165 419 3194 ι
449 3145 676 3209 Μεταξὺ
703 3143 944 3213 ἀλλήλων
971 3142 1079 3193 τῶν
1104 3140 1376 3211 λογισμῶν
1393 3130 1761 3211 κατηγορούν-

177 3236 355 3306 turni}
396 3239 495 3290 καὶ
533 3235 1014 3306 ἀπολογουμένων·
1058 3252 1076 3285 t
1112 3235 1212 3286 ὅσα
1258 3249 1318 3284 τε
1374 3231 1507 3285 ἄλλα
1551 3232 1761 3296 τούτοις

180 3329 561 3401 παραπλήσια.

1864 1866 2062 1935 pientis
2110 1863 2326 1919 consilii
2379 1877 2604 1918 aureum
2649 1879 2770 1920 esse
2821 1879 3150 1936 sacrumque
3192 1867 3441 1932 ductum,

1862 1973 2025 2028 quam
2058 1956 2331 2026 publicam
2359 1964 2413 2010 et
2438 1969 2786 2010 communem
2812 1956 3048 2012 civitatis
3082 1957 3251 2026 legem
3279 1959 3438 2030 θοι

1863 2048 2200 2119 appellamus
2230 2063 2243 2099 :
2273 2046 2514 2115 reliquos
2546 2045 2692 2099 enim
2723 2055 2925 2113 motus,
2957 2046 3208 2102 duriores
3241 2063 3305 2104 ac
3334 2050 3444 2103 fer-

1864 2157 2010 2200 reos.
2040 2140 2262 2194 ductum
2295 2138 2442 2192 hunc
2469 2153 2662 2200 unum,
2696 2138 2842 2208 quod
2877 2154 3078 2194 aureus
3105 2139 3196 2204 sit,
3225 2139 3439 2196 facilem

1861 2232 2023 2287 etiam
2073 2246 2137 2286 ac
2163 2245 2382 2286 suavem
2429 2244 2580 2293 esse;
2615 2244 2850 2300 cumque
2885 2232 3064 2286 caeteri
3105 2246 3298 2288 omnes
3332 2242 3441 2288 tam

1862 2322 1997 2375 varii
2028 2321 2136 2376 sint
2167 2330 2389 2391 tamque
2423 2320 2774 2390 multiplices,
2809 2322 2955 2378 hunc
2983 2323 3194 2378 vultum
3227 2341 3443 2395 semper

1866 2429 2033 2468 unum
2069 2415 2428 2482 eamdemque
2459 2411 2690 2466 formam
2718 2413 3042 2468 retinere.Et
3070 2430 3198 2470 vero
3221 2415 3444 2472 dttctum

1867 2505 2012 2560 hunc
2042 2504 2174 2574 legis
2204 2512 2462 2571 tanquam
2495 2504 2785 2572 optimum,
2813 2519 3029 2574 semper
3052 2507 3209 2561 nobis
3239 2523 3303 2563 ac
3330 2518 3448 2564 stu-

1865 2596 2018 2650 diose
2059 2595 2492 2664 promovendum
2539 2609 2680 2648 esse.
2714 2592 2849 2649 Nam
2884 2611 3008 2650 cum
3057 2599 3187 2654 illttd
3216 2601 3447 2656 rationis

1865 2687 2158 2742 consilium
2187 2686 2258 2740 ita
2289 2686 2490 2740 bonum
2527 2696 2691 2755 atque
2729 2686 3021 2743 honestum
3055 2690 3144 2755 sit,
3174 2701 3234 2746 ut
3264 2700 3443 2747 tamen

1868 2779 2134 2833 suavitate
2161 2777 2346 2840 ducat,
2379 2791 2486 2829 non
2522 2776 2572 2829 vi
2606 2784 2803 2845 cogat;
2843 2777 2988 2832 hunc
3021 2779 3192 2849 ipsius
3221 2782 3446 2837 ductum

1866 2870 2309 2924 administratum
2361 2869 2725 2939 quorumdam
2779 2885 2942 2941 opera
2994 2874 3232 2943 indigere
3277 2884 3336 2929 ttt
3392 2875 3449 2930 in

1868 2961 2026 3016 nobis
2061 2977 2285 3015 aureum
2323 2960 2488 3016 hocce
2537 2976 2728 3030 genus,
2777 2972 3026 3017 catteram
3078 2965 3224 3018 illatn
3271 2967 3447 3020 natio-

1867 3069 1989 3109 nem
2026 3054 2347 3123 turbamque
2393 3055 2616 3109 domane
2657 3059 2852 3124 possit.
2888 3055 3065 3126 Atque
3111 3058 3180 3112 ita
3224 3057 3444 3113 demunt

1866 3143 2086 3197 virtutis
2115 3144 2226 3205 illa,
2259 3158 2380 3212 qua:
2408 3143 2475 3198 de
2504 3144 2659 3198 nobis
2691 3152 2951 3215 tanquam
2994 3148 3242 3203 miraculi
3288 3150 3446 3204 simi-

1870 3237 2012 3291 libus
2047 3236 2354 3290 celebratur
2391 3234 2596 3302 fabula,
2629 3238 2887 3307 explicari
2938 3237 3094 3294 Iacile
3123 3239 3448 3311 defendique

1869 3326 2100 3396 poterit;
2134 3332 2248 3378 tum
2297 3324 2501 3379 clarius
2534 3325 2698 3379 simul
2742 3326 3118 3396 illustriusque
3151 3330 3444 3396 constabit,

181 3432 279 3472 non
318 3423 486 3475 modo
521 3421 648 3490 quid
686 3419 814 3473 illud
844 3417 1130 3488 signiticet,
1160 3416 1435 3470 hominem
1490 3417 1670 3486 seipso
1705 3432 1894 3482 unum,
1928 3417 2088 3471 modo
2138 3416 2497 3485 superiorem,
2531 3416 2693 3471 modo
2728 3414 3183 3476 inferiorem'esse
3213 3438 3225 3475 :
3258 3438 3447 3479 verum

182 3497 337 3568 etiam
372 3516 650 3586 ejusmodi
679 3532 802 3570 cum
839 3515 1051 3585 privato
1079 3513 1297 3581 cuique,
1327 3521 1440 3565 tum
1474 3511 1576 3582 ipsi
1605 3526 1824 3581 quoque
1869 3511 2004 3580 reip.
2041 3511 2351 3565 cautionem
2385 3524 2507 3564 esse
2537 3511 2926 3573 necessariam,
2963 3519 3022 3564 ttt
3047 3513 3292 3580 privatus
3321 3529 3447 3577 vera

181 3619 230 3660 et
262 3611 485 3679 propria
520 3623 766 3665 motuum
801 3611 1018 3664 illorum
1048 3611 1100 3663 in
1132 3624 1254 3665 sese
1289 3611 1497 3664 ratione
1527 3617 1810 3680 perspecta
1832 3651 1846 3676 ,
1879 3609 2043 3663 vitam
2078 3609 2166 3663 illa
2215 3608 2497 3678 diligenter
2531 3608 2812 3676 instituat;
2844 3613 3056 3674 civitas,
3091 3623 3449 3685 posteaquam

184 3707 258 3760 vel
291 3707 359 3761 ab
385 3709 575 3778 aliquo
615 3711 855 3775 numine,
897 3709 980 3763 vel
1005 3718 1150 3763 certe
1185 3708 1252 3762 ab
1282 3723 1347 3762 eo
1385 3708 1497 3779 jam
1529 3710 1809 3778 explorata
1839 3708 1929 3762 illa
1961 3707 2090 3771 sint,
2119 3705 2364 3760 eamdem
2395 3705 2760 3775 cognitionem
2797 3706 3058 3767 hauserit,
3094 3705 3240 3760 illam
3271 3708 3448 3777 ipsam

187 3798 311 3868 legis
357 3801 487 3855 loco
519 3801 700 3856 haberi
732 3801 940 3871 jubeat,
971 3817 1134 3872 quam
1177 3802 1450 3871 deinceps,
1484 3811 1538 3857 et
1568 3818 1755 3858 secum
1803 3802 1920 3874 ipsa
1948 3812 2005 3857 et
2045 3817 2169 3856 cum
2217 3801 2338 3856 aliis
2369 3802 2680 3856 civitatibus
2716 3804 2925 3872 agendo
2954 3812 3234 3874 sequatur.
3270 3804 3450 3873 Atque

187 3893 253 3945 ita
294 3895 513 3962 planius
552 3908 714 3965 atque
761 3897 1073 3953 distinctius
1116 3897 1230 3952 vitii
1266 3897 1587 3968 virtutisque
1632 3899 1871 3954 rationes
1919 3913 2337 3968 cognoscemus.
2387 3916 2405 3948 ι
2455 3895 2726 3952 Hactenus
2762 3893 2932 3950 Plato.
2977 3893 3077 3949 Cui
3117 3910 3248 3950 sane
3277 3909 3445 3966 quam

188 3987 357 4042 all‘mia
391 3990 589 4044 litterae
622 4007 720 4046 nos
753 3992 948 4049 divinre
976 3995 1190 4049 docent.
1231 3997 1308 4048 Ita
1348 3995 1492 4049 enim
1523 3997 1816 4066 Apostolus
1845 4015 1859 4050 :
1891 4016 1908 4047 ‹
1945 3994 2322 4056 Condelector,
2365 3993 2561 4064 inquit,
2603 3993 2705 4064 legi
2756 3993 2847 4047 Dei
2880 3973 3180 4048 secundum
3223 3992 3448 4046 interio-

190 4095 294 4134 rem
332 4083 612 4137 hominem
647 4101 660 4136 :
703 4087 857 4141 video
891 4099 1072 4144 autem
1099 4091 1258 4144 aliam
1287 4090 1458 4159 legem
1489 4091 1541 4146 in
1574 4093 1832 4147 membris
1867 4094 2024 4156 meis,
2046 4101 2436 4162 repugnantem
2462 4091 2561 4161 legi
2594 4089 2796 4144 mentis
2831 4101 2962 4141 mea:
2991 4086 3056 4140 ⁸⁸.
3101 4105 3119 4137 ι
3161 4085 3401 4155 ιιεωίιιιθ
3430 4103 3446 4141 ³

193 4189 212 4223 ι
251 4171 392 4230 Inter
422 4191 544 4230 sese
572 4176 799 4232 invicem
834 4181 1254 4248 cogitationibus
1282 4183 1688 4247 accusantibus.
1718 4194 1812 4239 aut
1841 4187 2002 4239 etiam
2033 4182 2448 4239 defendentibus
2478 4183 2536 4235 ".
2579 4203 2596 4234 ι
2632 4183 2695 4235 Ει
2723 4190 2916 4236 caetera
2945 4177 2997 4232 id
3025 4193 3216 4249 genus.

678 4272 1073 4325 KE¢AAA10N
1124 4274 1261 4331 κη’.

191 4354 305 4414 ὀτι
328 4364 404 4416 οὐ
432 4361 500 4414 τὸ
522 4360 713 4440 (rigua,
738 4364 874 4440 4.1.?
901 4367 938 4440 ἡ
962 4363 1134 4435 ψυχὴ
1158 4366 1325 4440 αἰτίαΔ
1343 4367 1623 4436 τυγχάνει
1646 4364 1764 4421 τῶν

457 4433 654 4498 κακῶς
686 4435 784 4502 ὑφ’
823 4433 992 4504 ἡμῶν
1029 4433 1468 4504 πραττομένωῆ

263 4545 281 4578 ι
313 4526 656 4598 Μεμνήμεθά
702 4525 812 4596 (46)
852 4544 914 4595 γε
950 4530 1054 4600 μὴν
1094 4529 1525 4599 ὁμολογήσαντες
1555 4531 1613 4582 ἐν
1654 4532 1770 4593 τοῖς

196 4618 444 4686 πρόσθεν,
469 4617 565 4681 ὡς,
587 4618 634 4669 εί
653 4617 797 4687 ψυχὴ
826 4619 1018 4688 φανείη
1041 4619 1385 4691 πρεσϐυτέρα
1406 4619 1497 4672 τοῦ
1518 4619 1770 4690 σώματος

196 4705 341 4775 οὖσα,
375 4711 471 4764 καὶ
500 4709 571 4762 τὰ
601 4708 776 4778 ψυχῆς
803 4707 911 4761 τῶν
942 4708 1032 4762 τοῦ
1056 4710 1305 4781 σώματος
1333 4711 1504 4763 ἔσοιτο
1531 4710 1771 4780 πρεσϐύ-

198 4818 341 4873 τερα.
388 4833 452 4844 --
484 4802 629 4856 Πάνυ
667 4799 765 4870 μὲν
797 4795 910 4852 οῦν.
958 4803 1240 4874 -Τρόποι
1291 4803 1347 4856 δὲ
1384 4803 1472 4855 καὶ
1507 4801 1632 4872 ἢθη,
1679 4804 1772 4855 καὶ

201 4892 490 4968 βουλήσεις,
527 4894 619 4950 καὶ
641 4894 909 4970 λογισμοὶ,
961 4896 1054 4949 καὶ
1107 4895 1252 4962 δόξαι
1303 4894 1541 4965 ἀληθεῖς,
1579 4893 1773 4964 ἐπιμέ-

267 4983 310 5016 ⁶⁸
338 4988 497 5041 Rom.
545 5005 638 5046 vn.
682 4990 875 5044 22-25.
954 4987 1000 5020 ”
1028 4986 1185 5041 Rom.
1212 5002 1272 5049 ll,
1310 4984 1395 5038 15.

271 5074 378 5147 (85)
422 5075 503 5132 Οὗ
543 5079 638 5145 δή.
678 5079 752 5134 Ita
797 5079 1141 5148 reposuimus
1182 5093 1245 5132 ex
1286 5075 1512 5129 Platone
1558 5083 1613 5130 et
1656 5089 1770 5130 ma-

206 5159 382 5220 nuscr.
418 5165 518 5220 pro
541 5151 602 5202 οὑ
628 5151 690 5220 δή
710 5193 724 5212 ,
756 5156 901 5219 quod
931 5150 1186 5204 vitiosum
1217 5156 1350 5220 erat.

274 5218 380 5288 (44)
420 5215 918 5288 Εἵὸεσινῦμὸάς.
949 5219 1100 5273 Plato
1125 5229 1244 5288 post
1268 5218 1461 5288 ὁμοίας
1500 5215 1770 5288 minorem

209 5284 597 5345 distinctionem
638 5284 890 5351 adhibet,
933 5291 1062 5344 dum
1104 5284 1257 5359 legit,
1303 5284 1412 5341 δεῖν
1464 5288 1530 5359 τῇ
1582 5285 1770 5359 καλλί-

207 5369 300 5429 στῃ
319 5401 333 5418 .
361 5369 488 5422 etc.,
507 5363 624 5415 sine
647 5361 723 5414 δέ.
752 5357 1177 5431 ΕεοίΕυεθὺίιιηὶ
1201 5361 1357 5431 sequi
1382 5358 1545 5431 malo,
1578 5357 1768 5411 vellem

212 5427 382 5500 tamen
422 5441 547 5484 ante
595 5432 694 5495 τὰς
737 5427 1000 5500 δὲ’ἄλλας
1047 5430 1250 5500 aliquid
1289 5427 1537 5500 praemii,
1611 5441 1768 5500 v._c.,

209 5497 296 5550 καὶ
321 5501 416 5570 τὴν
449 5502 546 5570 μὲν
577 5501 824 5572 μονοειδῆ
867 5497 1041 5566 εἶναι,
1092 5497 1153 5572 ut
1197 5497 1384 5572 magis
1419 5497 1772 5572 sequentibus

209 5566 590 5637 opponeretur,
620 5587 758 5643 quas
790 5566 865 5626 ait
912 5571 1268 5643 παντοδαποῖς
1291 5566 1507 5643 ίεῖδεσιν
1538 5566 1730 5643 ὁμοίας
1755 5605 1768 5628 ,

211 5638 670 5712 Quemadmodum
692 5643 827 5697 alias
855 5644 1072 5711 quidem
1108 5641 1348 5712 σκληρὰς
1389 5639 1482 5692 καὶ
1512 5638 1734 5710 σιδηρᾶς
1752 5676 1766 5701 ν

212 5703 490 5786 Ιδηιιενεω
520 5713 769 5786 μαλακὴν
793 5703 886 5786 καί
911 5703 1262 5786 χρυσῆν-οεεὶξ
1293 5703 1524 5786 dixerat.

280 5730 342 5763 "C
365 5730 490 5766 Ver"
517 5730 769 5836 ἓιαΑακην
793 5730 885 5764 και
911 5731 1114 5786 χρυσην
1142 5730 1262 5768 esse
1293 5730 1524 5765 (ΙΙΧεΓὶιι.

278 5780 386 5852 ιδδ)
425 5785 512 5837 Ka
582 5785 734 5839 οὕτω
791 5781 903 5848 δή,
938 5795 1043 5841 etc.
1099 5783 1226 5840 Vide
1259 5797 1388 5838 num
1426 5779 1602 5836 Ficini
1635 5791 1768 5834 con-

2402 4270 2630 4332 CAPUT
2681 4271 2918 4328 XXVIII.

1876 4367 1994 4422 Non
2025 4370 2080 4423 in
2123 4386 2346 4438 corpus,
2382 4369 2472 4424 sed
2503 4369 2556 4421 in
2595 4367 2853 4428 animum,
2883 4364 3299 4438 cttlpam_eorttm
3333 4376 3452 4431 qua

2093 4458 2125 4494 a
2162 4431 2310 4495 nobis
2333 4431 2646 4509 peccantur,
2681 4452 2790 4490 esse
2823 4431 3212 4502 conferendam.

1944 4551 1961 4582 ι
2002 4530 2120 4585 Jam
2151 4547 2279 4586 vero
2302 4530 2675 4590 meminimus,
2704 4526 2879 4596 inquit
2906 4524 3078 4588 I’Iato,
3107 4523 3212 4577 hoc
3231 4537 3262 4577 a
3290 4521 3454 4578 nobis

1874 4624 2124 4693 superius
2170 4638 2293 4678 esse
2332 4629 2676 4683 concessum,
2727 4619 2771 4672 si
2809 4629 3035 4685 corpore
3083 4612 3450 4682 antiquiorem

1873 4717 2112 4770 animum
2146 4729 2267 4770 esse
2288 4722 2583 4776 conStaret,
2631 4709 2894 4782 quidquid
2937 4711 3099 4762 etiam
3127 4705 3294 4760 animi
3325 4719 3452 4775 pro-

1874 4810 2052 4877 prium
2095 4817 2273 4874 esset,
2314 4807 2368 4862 id
2398 4821 2560 4861 omne
2595 4805 2756 4859 rebus
2795 4801 2859 4856 ad
2902 4798 3150 4869 corporis
3193 4805 3448 4852 naturam

1874 4899 2266 4968 pertinentibus
2296 4898 2575 4968 antiquius
2623 4895 2888 4952 futurum.
2912 4921 2984 4932 —
3010 4890 3173 4958 Sane,
3199 4889 3449 4946 memini-

1873 5081 2031 5142 gruat
2079 5074 2449 5144 interpretatio
2477 5091 2492 5128 :
2525 5073 2592 5126 Et
2631 5075 2707 5129 sic
2752 5072 2968 5144 fabula,
3002 5070 3126 5144 quia
3159 5069 3295 5144 inira
3327 5085 3444 5144 res,

1872 5138 2026 5198 I'tomo
2045 5161 2155 5198 esse
2183 5138 2456 5210 narratur,
2483 5146 2670 5199 virtute
2691 5138 3298 5210 servabitur.'Equidem
3329 5140 3469 5194 haec.

1873 5229 1980 5268 non
2009 5215 2269 5285 intelligo.
2298 5209 2451 5279 γυιι,
2481 5216 2694 5284 opinor,
2724 5211 3078 5285 philosophus
3098 5249 3112 5271 ,
3139 5224 3204 5285 ea
3225 5209 3445 5285 demum

1873 5286 2083 5358 ratione
2105 5325 2120 5347 ,
2154 5278 2344 5358 quam;
2373 5278 2675 5358 prmscribi_t
2694 5327 2707 5347 ,
2725 5278 2738 5282 ⁷
2764 5278 3089 5358 intellectum
3144 5278 3206 5332 iri
3233 5320 3274 5358 ,.
3298 5280 3444 5358 quod

1871 5356 2143 5428 plerisque
2172 5349 2528 5428 'Ialtulo'sum
2571 5354 2857 5428 videatur,
2920 5349 3171 5405 homines
3226 5349 3444 5428 virtutis

1873 5417 2150 5480 studiosos
2198 5427 2444 5481 miraculi
2489 5426 2695 5480 similes
2725 5437 2846 5478 esse
2875 5438 2887 5474 :
2918 5435 3143 5491 prorsus
3173 5419 3316 5473 enim
3348 5417 3446 5472 ad-

1873 5496 2120 5570 mirabile
2153 5496 2411 5564 quiddam
2441 5495 2667 5570 est_,_-in
2705 5492 3097 5570 lt0tnine__uno_,
3133 5497 3335 5570 tantam
3377 5503 3442 5570 ac

1873 5567 2146 5638 assiduam
2173 5560 2300 5621 esse
2335 5583 2458 5620 cum
2496 5566 2637 5638 vitiis
2678 5573 2731 5616 et
2779 5560 3163 5638 cupiditatibus
3213 5560 3442 5638 rationis

1873 5636 2194 5704 virtutisque
2226 5653 2494 5706 pugnant,
2549 5636 2600 5689 in
2641 5649 2747 5704 qua
2782 5633 2959 5687 vincat
2993 5631 3189 5700 sacpius
3250 5631 3445 5681 trium-

1874 5706 2106 5775 phetque
2140 5707 2332 5760 virtus.

1947 5766 2056 5846 (46')
2092 5775 2470 5847 Μεμνήμεθα.
2504 5772 2676 5839 Plato,
2707 5774 2801 5828 lib.
2837 5791 2866 5829 ι
2893 5772 3038 5842 ιφ..
3071 5786 3191 5844 pag.
3213 5766 3340 5834 θὶς),
3369 5775 3443 5824 Δ»
