3994 6384
575 311 680 368 999
1212 310 2016 409 EUSEBIbC/ESARIENSAS
2056 313 2204 369 OPP.
2247 312 2429 368 PARS
2463 313 2525 367 ll.
2571 343 2639 354 —-
2676 313 3188 370 APOLOGETICA.
3678 326 3795 384 1000

566 443 712 482 mus.
740 455 808 465 —
837 427 1016 484 Mores
1063 430 1246 500 igitur,
1275 430 1609 498 aliectiones,
1638 431 1969 494 voluntates,
1999 431 2135 500 judi-

2245 433 2384 486 λειαί
2404 450 2463 486 τε
2495 434 2586 485 καὶ
2619 434 2856 503 μνῆμαι,
2896 421 3142 506 πρότερα
3173 434 3391 505 μήκους
3418 437 3671 508 σωμάτων
3692 485 3704 505 ,
3730 453 3804 502 καὶ

567 522 676 586 cia,
712 537 853 576 verae
885 523 1192 592 Opiniones,
1223 539 1369 578 cura:
1389 564 1404 588 ,
1431 525 1870 588 'recordationes,
1904 526 2135 591 proceri-

2250 525 2508 588 πλάτους,
2560 526 2655 578 καὶ
2691 524 2909 594 βάθους,
2956 527 3051 579 καὶ
3097 524 3304 598 ῥώμης
3337 527 3422 599 εἴη
3471 533 3709 598 γεγονότα
3735 540 3804 607 ἂν,

567 623 695 679 tate,
743 614 1045 678 latitudine,
1094 615 1256 680 mole,
1297 615 1614 686 viribusque
1647 617 1893 686 corporis
1938 617 2135 686 priores

2251 617 2410 688 εἴπερ
2439 617 2532 670 καὶ
2559 616 2705 687 ψυχὴ
2736 616 3009 687 σώματος.
3031 649 3100 659 —-
3136 617 3410 689 Ἀνάγκη.
3432 616 3618 694 —'Ap’
3643 623 3724 681 οὖν
3759 637 3806 688 τὸ

567 706 698 772 sint,
743 721 965 761 necesse
1002 716 1104 772 est,
1140 707 1184 762 si
1215 708 1458 761 animum
1496 723 1722 778 corpore
1758 709 1992 778 priorem
2027 723 2150 764 esse

566 800 940 855 concedimus.
969 830 1040 840 —
1074 799 1304 855 Necesse
1335 800 1387 854 id
1416 800 1658 870 quidem.
1687 831 1756 840 —
1779 803 1940 872 602
1981 800 2145 872 Ergo,

564 892 713 962 quod
765 892 1002 946 indidem
1053 892 1330 962 sequitur,
1378 909 1485 948 non
1529 893 1580 947 id
1635 893 1796 948 etiam
1844 894 2000 948 fateri
2047 910 2147 950 nos

565 993 811 1055 oportet,
858 984 1145 1048 bonorum,
1179 984 1342 1038 simul
1383 994 1438 1038 et
1479 985 1746 1039 malorum
1791 985 2144 1040 honestorum

565 1075 691 1129 item
728 1089 792 1128 ac
837 1075 1096 1144 turpium,
1119 1075 1394 1143 justorum
1426 1084 1480 1128 et
1518 1075 1870 1145 injusterum,
1900 1074 2146 1144 adeoque

563 1169 964 1222 contrariorum
1013 1167 1258 1222 omnium
1306 1182 1530 1222 causam
1577 1168 1820 1223 animum
1865 1182 2024 1233 esse;
2068 1171 2146 1223 si-

561 1259 778 1328 quidem
810 1259 910 1329 ipsi
943 1259 1188 1313 omnium
1224 1258 1450 1313 omnino
1495 1275 1716 1314 causam
1753 1258 2138 1331 assignandam

560 1365 682 1405 esse
711 1351 996 1404 volumus?
1027 1369 1045 1403 ι
1075 1350 1252 1420 Atque
1289 1351 1401 1406 haec
1424 1367 1487 1406 ex
1518 1350 1712 1422 Legum
1746 1349 1978 1404 decimo.
2004 1347 2142 1415 Qui-

560 1441 664 1495 bus
691 1441 903 1512 Moyses
932 1451 1296 1497 consentanee
1328 1442 1585 1513 loquitur,
1613 1443 1742 1497 dum
1783 1442 1914 1497 illud
1945 1442 2060 1498 suis
2085 1441 2140 1495 in

2254 707 2392 778 μετὰ
2451 707 2610 761 τοῦτο
2653 707 2939 786 ὁμολογεῖν
2993 710 3328 778 ἀναγκαῖον,
3383 710 3492 763 τῶν
3521 730 3578 765 τε
3624 717 3807 786 ἀγαθῶν

2250 799 2429 854 αἰτίαν
2457 794 2597 853 εἶναι
2626 798 2804 870 ψυχὴν
2837 800 2932 854 καὶ
2963 799 3072 853 τῶν
3104 801 3326 866 κακῶν,
3370 803 3465 854 καὶ
3505 805 3690 873 καλῶν,
3733 818 3808 870 καὶ

2250 891 2492 964 αἰσχρῶν
2515 932 2532 959 ,
2579 890 2803 945 δικαίων
2857 908 2916 944 τε
2945 893 3040 944 καὶ
3069 893 3304 958 ἀδίκων,
3365 896 3460 947 καὶ
3486 897 3688 953 πάντων
3725 907 3809 959 τῶν

2247 984 2527 1047 ἐναντίων,
2553 983 2710 1055 εἴπερ
2742 983 2853 1037 τῶν
2907 984 3126 1038 πάντων
3162 1003 3232 1054 γε
3281 986 3458 1059 αὐτὴν
3496 987 3712 1062 θήσομεν
3747 999 3811 1050 αξ-

2245 1073 2402 1139 τίαν;
2432 1094 2450 1126 ι
2502 1076 2610 1128 Καὶ
2656 1073 2830 1130 ταῦτα
2856 1075 2914 1128 δὲ
2941 1076 3051 1129 ἀπὸ
3089 1076 3185 1130 τοῦ
3239 1078 3475 1132 δεκάτου
3506 1081 3612 1134 τῶν
3639 1087 3812 1154 Νόμων

2246 1166 2576 1238 προκείσθω.
2609 1167 2832 1238 Συνᾴδει
2867 1167 2927 1222 δὲ
2955 1168 3139 1231 αὐτοῖς
3173 1172 3205 1222 ὁ
3235 1171 3487 1240 Μωῦσῆς
3513 1174 3746 1243 πολλάκις
3769 1182 3812 1232 ἐν

2248 1262 2359 1323 τοῖς
2400 1261 2586 1331 νόμοις
2638 1258 2844 1324 εἰπὼν,
2887 1279 2907 1311 ι
2947 1261 3057 1314 Ka‘t
3125 1261 3226 1314 ἐὰν
3269 1260 3423 1333 ψυχὴ
3485 1265 3694 1339 ἁμάρτῃ
3740 1273 3813 1323 καὶ

2248 1351 2450 1424 ποιήσῃ
2508 1351 2922 1423 πλημμέλημα·
2970 1371 2989 1403 ι
3046 1352 3141 1406 καὶ
3172 1354 3282 1406 ὅσα
3334 1353 3548 1418 τούτοις
3596 1358 3812 1431 ἐμφερῶς

2246 1440 2460 1512 εἴρηται
2487 1443 2620 1514 παρ’
2641 1441 2811 1512 αὐτῷ.

560 1536 770 1605 legibus
802 1536 1112 1606 frequenter
1136 1537 1412 1592 inculcat:
1452 1554 1470 1587 ι
1503 1533 1561 1589 Si
1592 1535 1774 1590 anima
1808 1534 2134 1606 peccaverit,
2173 1542 2228 1588 et
2261 1531 2452 1589 fecerit
2473 1533 2840 1604 iniquitatem,
2876 1553 2895 1587 ι
2924 1542 2979 1590 et
3033 1542 3236 1591 ca2tera
3266 1551 3397 1605 quae
3435 1538 3615 1604 abillo
3639 1544 3807 1611 passim

559 1625 806 1681 eamdem
839 1624 895 1680 in
928 1626 1249 1681 sententiam
1281 1625 1600 1680 aﬂeruntur.

1119 1716 1349 1772 CAPUT
1390 1715 1584 1770 XXIX.

2763 1709 3167 1764 ΚΕΦΑΛΑΙΟΝ
3199 1709 3317 1762 ΚΘ
3326 1751 3340 1762 .

637 1828 716 1882 De
759 1844 819 1883 eo
849 1827 938 1897 qui
969 1827 1168 1881 sincere
1203 1827 1504 1899 integreque
1533 1826 1944 1899 philosophetur.
1988 1825 2073 1880 Ea:

2244 1825 2385 1895 Περὶ
2446 1824 2553 1879 τοῦ
2611 1820 2885 1892 καθαρῶς
2902 1825 3461 1899 φιλοσοφοῦντος.
3539 1827 3662 1882 Ἀπὸ
3723 1826 3809 1890 τοῦ

1201 1897 1496 1953 Theaeteto.

635 1990 875 2047 Hebraeae
903 1992 1097 2047 litterae
1125 1991 1192 2046 de
1221 2006 1286 2046 eo
1329 1991 1422 2062 qui
1458 1994 1603 2047 serio
1630 2005 1866 2061 vereque
1895 1991 2141 2061 philoso-

557 2084 777 2153 phetur,
829 2083 902 2138 ita
942 2083 1343 2154 praenuntiant,
1383 2100 1401 2132 ι
1451 2081 1664 2137 Bonum
1709 2092 1793 2139 est
1828 2083 1974 2149 viro,
2014 2098 2138 2137 cum

558 2176 856 2247 portaverit
875 2175 1067 2246 jugum
1097 2175 1167 2230 ab
1195 2174 1559 2230 adolescentia
1584 2190 1682 2230 sua
1721 2192 1736 2229 :
1767 2165 1979 2228 sedebit
2009 2173 2142 2228 soli-

559 2267 752 2331 larius,
771 2276 824 2322 et
846 2267 1062 2330 tacebit,
1091 2267 1217 2337 quia
1247 2267 1447 2322 levavit
1474 2282 1638 2337 super
1664 2282 1724 2322 se
1743 2267 1809 2320 ⁷ο.
1846 2285 1864 2319 ι
1901 2263 2142 2336 Itemque

556 2359 624 2413 de
663 2357 940 2428 prophetis
971 2356 1082 2412 Deo
1125 2356 1485 2424 charissimis,
1519 2372 1614 2414 eos
1658 2367 1718 2413 ut
1761 2372 2036 2413 summum
2072 2356 2141 2411 ad

556 2450 915 2521 philosophia:
957 2451 1170 2505 culmen
1217 2450 1558 2520 aspirarent,
1617 2451 1674 2504 in
1730 2449 2136 2513 solitudinibus,

557 2543 834 2598 montibus
885 2559 948 2598 ac
991 2543 1265 2613 speluncis
1304 2551 1548 2599 versatos
1609 2558 1734 2599 esse
1797 2542 1989 2609 docet,
2044 2542 2137 2597 ubi

556 2639 793 2684 mentem
828 2630 1090 2685 haberent
1121 2631 1173 2684 in
1209 2631 1376 2686 unius
1399 2630 1494 2687 Dei
1523 2632 1853 2703 cogitatione
1881 2633 2132 2688 deﬁxam.

554 2719 695 2774 Audi
723 2728 779 2774 tu
810 2734 962 2786 vero,
990 2721 1448 2790 quemadmodum
1477 2738 1647 2793 genus
1673 2721 1806 2777 illud
1835 2723 1959 2778 vita:
1985 2722 2138 2778 Plato

555 2807 753 2863 divinis
804 2823 1023 2879 quoque
1071 2809 1326 2868 laudibus
1377 2812 1659 2880 extulerit,
1697 2813 1788 2868 ubi
1835 2813 1901 2868 de
1943 2829 2009 2870 eo
2043 2815 2136 2885 qui

556 2915 828 2956 summam
888 2901 1034 2956 illam
1105 2903 1524 2974 philosophandi
1582 2905 1799 2961 laudem
1853 2916 2134 2977 sequatur,

556 2990 671 3044 liaac
706 2991 866 3045 habet
909 3010 922 3046 :
961 3009 980 3042 ‹
1019 2990 1277 3048 Dicamus
1314 2993 1498 3064 igitur,
1545 2994 1744 3065 inquit,
1777 2995 1855 3051 uti
1900 3012 1999 3068 par
2030 3006 2133 3065 est,

553 3083 772 3151 quando
816 3083 888 3136 ita
937 3083 1030 3136 tibi
1080 3083 1325 3148 videtur,
1363 3085 1430 3140 de
1471 3087 1702 3142 summis
1741 3087 1848 3144 illis
1889 3088 2135 3158 philoso-

555 3150 755 3242 phandi
798 3173 1171 3243 principibus:
1200 3175 1349 3245 (quid
1385 3176 1528 3230 enim
1556 3193 1652 3232 eos
1698 3150 1995 3245 moremur,
2040 3183 2134 3252 qui
2164 3150 2206 3207 Ο

553 3265 913 3335 philosophiae
939 3266 1120 3321 studio
1143 3283 1429 3337 perperam
1461 3270 1818 3342 abutuntur?)
1875 3272 1954 3327 llli
1988 3273 2135 3330 vide-

553 3359 679 3416 licet
702 3360 814 3430 jam
839 3375 1012 3430 usque
1033 3359 1101 3414 ab
1124 3360 1510 3425 adolescentia,
1542 3361 1682 3416 viam
1717 3379 1838 3433 quae
1868 3364 1920 3418 in
1954 3364 2131 3420 forum

551 3453 716 3507 ducat
764 3453 1012 3522 ignorant
1059 3469 1072 3506 :
1111 3451 1204 3505 ubi
1257 3453 1342 3507 vel
1388 3462 1749 3508 exerceantur
1773 3454 2014 3525 judicia,
2048 3457 2132 3512 vel

551 3555 796 3609 senatus,
833 3544 914 3599 vel
945 3543 1223 3614 publicum
1263 3545 1410 3600 aliud
1442 3545 1676 3602 civitatis
1710 3547 2002 3602 concilium
2035 3549 2133 3604 ha-

551 3637 761 3701 beatur,
801 3638 1049 3692 nesciunt
1086 3657 1099 3692 :
1135 3636 1282 3708 leges
1323 3653 1386 3693 ac
1433 3637 1747 3709 plebiscita,
1784 3654 1960 3710 neque
2002 3639 2130 3696 dum

551 3730 967 3800 promulgantur
1013 3730 1261 3797 audiunt,
1296 3745 1472 3800 neque
1503 3731 1805 3802 perscripta
1854 3747 1978 3786 cum
2011 3731 2130 3788 fue-

552 3819 661 3874 rint
696 3820 919 3874 omnino
968 3821 1172 3876 vident.
1228 3820 1614 3876 Sodalitiorum
1661 3822 1729 3876 ad
1777 3823 2130 3893 magistratus

552 3913 837 3978 creandos,
871 3911 1154 3980 factiones,
1188 3923 1511 3982 conventus,
1554 3929 1744 3979 coenas,
1775 3916 2131 3971 comessatio-

551 4020 649 4059 nes
681 4020 805 4058 cum
843 4004 1102 4070 tibicinis,
1129 4005 1324 4060 horum
1356 4006 1487 4076 ipsis
1519 4006 1818 4077 quidquam
1854 4005 2126 4072 factitare,

551 4113 617 4152 ne
661 4114 756 4168 per
805 4098 1078 4154 somnium
1114 4099 1332 4169 quidem
1374 4100 1428 4154 in
1463 4108 1696 4154 mentem
1732 4099 1901 4155 venit.
1933 4097 2126 4155 Recte-

552 4206 620 4243 ne
660 4205 728 4243 an
761 4205 916 4244 secus
948 4188 1152 4245 factum
1197 4190 1252 4244 in
1298 4190 1516 4245 civitate
1564 4190 1695 4260 quid
1741 4189 1944 4259 fuerit;
1996 4207 2126 4245 num

548 4284 784 4354 cuipiam
822 4299 850 4337 a
883 4282 1212 4352 majoribus,
1246 4297 1343 4338 seu
1384 4291 1612 4352 paterno
1655 4298 1752 4338 seu
1785 4291 2033 4340 materno
2061 4299 2124 4338 ex

550 4391 776 4446 genere,
830 4375 957 4429 mali
1005 4375 1136 4444 quid
1187 4375 1500 4442 obvenerit,
1550 4375 1724 4446 magis
1779 4375 1928 4446 ipsos
1972 4375 2123 4440 latet,

548 4483 713 4536 quam
744 4481 1026 4530 numerus,
1058 4465 1207 4536 quod
1236 4466 1412 4534 aiunt,
1449 4482 1762 4522 arenarum.
1807 4467 1984 4538 Atque
2013 4469 2129 4524 haec

550 4559 641 4614 ille
671 4557 854 4613 omnia
884 4558 964 4612 sic
998 4558 1233 4628 ignorat,
1263 4569 1322 4612 ut
1360 4559 1549 4614 eadem
1593 4558 1692 4614 abs
1732 4574 1856 4614 sese
1889 4558 2129 4631 ignorari

549 4651 775 4707 nesciat.
807 4648 1016 4721 Quippe
1051 4665 1152 4706 nec
1181 4651 1327 4705 enim
1371 4651 1549 4705 laudis
1595 4651 1932 4722 aucupandze
1963 4667 2128 4708 causa

551 4744 620 4798 ab
651 4759 838 4798 earum
886 4757 1007 4797 sese
1043 4758 1228 4798 rerum
1270 4742 1656 4799 communione
1697 4753 1946 4814 segregat
1979 4762 1991 4797 :
2034 4745 2128 4799 sed

552 4851 735 4890 revera
780 4835 955 4890 solum
1013 4833 1131 4904 ejus
1175 4849 1372 4904 corpus
1410 4835 1464 4888 in
1517 4834 1732 4890 civitate
1784 4841 2032 4888 versatur
2075 4843 2131 4889 et

549 4926 788 4990 habitat;
836 4941 991 4980 mens
1038 4941 1168 4981 vero
1213 4926 1341 4981 dum
1390 4926 1641 4982 universa
1686 4927 1788 4981 ista
1837 4927 2129 4984 humiliora

546 5017 846 5080 existimat,
879 5015 1122 5086 nihilque
1148 5017 1301 5076 facit.
1335 5016 1538 5087 passim
1574 5017 1783 5072 interea
1829 5019 2016 5073 volitat
2046 5021 2130 5088 (ut

547 5109 748 5164 cecinit
794 5107 1119 5179 Pindarus),
1159 5110 1322 5182 603
1359 5125 1481 5180 quae
1522 5110 1623 5164 sub
1674 5110 1856 5174 terris,
1902 5126 2132 5181 quaeque

552 5218 717 5273 supra
748 5211 918 5261 terras
957 5203 1266 5268 dimet‘iens,
1300 5217 1590 5272 rerumque
1620 5203 1924 5257 caalestium
1963 5203 2130 5257 ratio-

554 5308 652 5350 nes
700 5295 1048 5350 astronomiae
1096 5295 1149 5349 vi
1204 5293 1530 5359 enucleans,
1577 5303 1857 5366 totamque
1906 5295 2131 5351 omnino

624 5407 670 5438 "°
703 5405 905 5462 Tltren.
943 5422 1026 5471 ut,
1066 5406 1156 5472 27,
1189 5405 1280 5460 28.

626 5496 1416 5570 (41)Λέγωμενδή,28.ῐηιιιο
1451 5495 1504 5570 in
1533 5493 1813 5570 Thewtelo,
1839 5493 2037 5564 p.127,
2061 5492 2122 5548 E.

556 5565 658 5635 Qui
686 5565 853 5625 locus
873 5565 1027 5640 plane
1053 5565 1281 5640 insignis
1304 5581 1358 5623 et
1381 5567 1616 5640 eximius
1644 5574 1745 5640 est.

628 5587 658 5622 ιι
687 5587 837 5625 locus
910 5587 1027 5625 lane
1053 5587 1281 5640 tnsngnls
1304 5587 1358 5623 et
1381 5587 1616 5623 eximus
1644 5587 1745 5620 est.

628 5640 737 5714 (48)
780 5587 1102 5712 Οὺὲὲόναρ
1129 5639 1442 5714 πράττεινῖ.
1465 5633 1815 5714 Subaudi‘sa.
1844 5633 2083 5687 «τοιαῦτα
2107 5675 2121 5694 ,

558 5707 834 5780 superiora
865 5713 1008 5766 enim
1044 5707 1096 5765 in
1130 5708 1445 5781 nominandi
1491 5723 1622 5763 casu
1644 5746 1657 5769 ,
1710 5707 1890 5781 Attico
1913 5721 2118 5781 _mo_rc_,

558 5775 812 5850 pendent.
861 5782 933 5836 lta
981 5783 1142 5837 etiam
1174 5781 1337 5856 vulgo
1368 5779 1673 5837 diceremus
1695 5819 1708 5845 ,
1766 5775 1872 5831 Car
1906 5776 1977 5830 [cs
2013 5776 2122 5828 bri-

2895 1893 3220 1965 Θεαιτήτου.

2317 1985 2430 2056 Τῆς
2483 1984 2613 2056 παρ’
2695 1983 2970 2055 Ἑϐραίοις
3030 1987 3255 2056 γραφῆς
3309 1986 3446 2058 περὶ
3499 1985 3590 2040 τοῦ
3639 1991 3805 2062 σπουδῇ

2244 2075 2662 2147 φιλοσοφοῦντος
2690 2076 3029 2147 φασκούσης,
3061 2096 3078 2128 ι
3118 2075 3357 2146 Ἀγαθὸν
3387 2076 3565 2149 ἀνδρὶ,
3589 2079 3704 2132 ὅταν
3721 2082 3807 2154 ἄρῃ

2244 2167 2408 2237 ζυγὸν
2459 2169 2524 2220 ὲκ
2584 2167 2840 2238 νεότητος
2879 2167 3073 2222 αὐτοῦ’
3141 2169 3456 2240 καθήσεται
3514 2173 3803 2242 καταμόνας,

2242 2259 2337 2313 καὶ
2367 2259 2722 2330 σιωπήσεται,
2757 2259 2840 2312 ὅτι
2887 2255 3022 2331 ἦρεν
3049 2261 3133 2330 ἐφ’
3166 2260 3378 2332 ἑαυτῷ,
3410 2279 3429 2313 ι
3468 2264 3562 2316 καὶ
3587 2265 3805 2335 περὶτῶν

2241 2350 2504 2421 θεοφιλῶν
2538 2350 2854 2423 προφητῶν,
2882 2351 2957 2416 ὡς
2976 2350 3086 2425 ἄρα
3107 2353 3175 2405 δι’
3203 2353 3498 2425 ἀκρότητα
3527 2355 3804 2426 φιλοσοφίας

2241 2445 2300 2496 ὲν
2331 2442 2617 2515 ἐρημίαις,
2646 2444 2739 2497 καὶ
2768 2444 2940 2513 ὄρεσι,
2975 2445 3069 2498 καὶ
3104 2445 3404 2516 σπηλαίοις
3437 2446 3640 2516 διῆγον,
3694 2451 3804 2520 πρὸς

2244 2535 2392 2606 μόνῳ
2413 2535 2492 2606 τῷ
2519 2534 2637 2606 Θεῷ
2660 2534 2758 2607 τὴν
2814 2535 3056 2589 διάνοιαν
3094 2535 3319 2607 ἔχοντες
3343 2555 3357 2568 ο
3403 2538 3694 2593 ἐπάκουσον
3728 2542 3802 2593 τοῦ

2240 2627 2548 2692 Πλάτωνος,
2578 2628 2727 2690 ὅπως
2760 2628 2852 2680 καὶ
2881 2627 3044 2691 αὐτὸς
3077 2628 3168 2682 τὸν
3199 2629 3412 2682 τοιόνδε
3436 2630 3530 2683 τοῦ
3565 2631 3670 2700 βίου
3703 2635 3804 2704 τρό-

2240 2736 2340 2773 πον
2363 2718 2654 2783 ὲκθειάξει,
2681 2711 2784 2772 ὧδέ
2813 2736 2890 2789 πη
2916 2719 3044 2792 περὶ
3070 2719 3166 2772 τοῦ
3204 2721 3400 2794 ἄκρως
3424 2722 3802 2792 φιλοσοφοῦντος

2236 2810 2472 2876 διεξιώνο
2514 2829 2533 2863 ι
2573 2811 2834 2882 Λέγωμεν
2863 2811 2928 2882 δὴ
2959 2811 3096 2883 (47),
3130 2812 3207 2877 ὡς
3248 2813 3470 2879 ἔοικεν,
3492 2810 3621 2866 ’ἐπεί
3655 2815 3799 2884 σοίγε

2239 2902 2405 2965 δοκεῖ,
2437 2903 2565 2975 περὶ
2591 2901 2700 2953 τῶν
2732 2900 3046 2974 κορυφαίων
3070 2917 3083 2931 ·
3112 2901 3198 2973 (τί
3225 2903 3338 2976 γὰρ
3377 2904 3445 2958 ἄν
3495 2921 3579 2966 τις
3611 2903 3722 2966 τούς
3748 2921 3798 2971 γε

2239 2994 2455 3065 φαύλως
2478 2993 2853 3066 διατρίϐοντας
2882 2996 2940 3047 ὲν
2967 2992 3262 3066 φιλοσοφίᾳ
3310 2994 3464 3063 λέγοι
3485 3011 3498 3059 ;
3523 2994 3539 3064 )
3588 2988 3718 3046 οὗτοι
3749 2994 3795 3046 δέ

2241 3106 2341 3140 που
2381 3089 2446 3140 ὲκ
2492 3086 2628 3140 νέων
2676 3087 2892 3158 πρῶτον
2925 3086 3023 3158 μὲν
3055 3087 3136 3150 είς
3185 3086 3402 3159 ἀγοράν
3430 3087 3532 3140 οὐκ
3560 3086 3694 3140 ἴσασι
3715 3087 3795 3157 τὴν

2240 3180 2380 3245 ὁδὸν,
2431 3178 2550 3232 οὐδὲ
2607 3179 2740 3231 ὅπου
2778 3177 3148 3249 δικαστήριον,
3198 3179 3231 3250 ἢ
3262 3178 3661 3251 βουλευτήριον,
3697 3179 3794 3248 ﬁt:

2242 3271 2416 3326 κοινὸν
2464 3270 2593 3326 ἄλλο
2621 3270 2720 3341 τῆς
2752 3270 2960 3334 πόλεως
3008 3271 3316 3342 συνέδριον·
3381 3271 3583 3342 νόμους
3627 3268 3676 3322 δὲ
3720 3270 3796 3322 καὶ

2239 3362 2564 3435 ψηφίσματα
2596 3361 2912 3436 λεγόμενα,
2953 3363 2985 3434 ἢ
3029 3362 3400 3435 γεγραμμένα
3419 3361 3533 3414 οὔθ’
3588 3359 3790 3432 ὁρῶσιν,

2239 3455 2350 3509 οὔτ’
2385 3457 2666 3510 ἀκούουσι.
2709 3454 2946 3507 Σπουδαὶ
2983 3453 3040 3506 δὲ
3079 3452 3340 3526 ἑταιριῶν
3377 3454 3466 3505 ἐπ’
3497 3450 3679 3522 ἀρχάς,
3716 3450 3791 3501 καὶ

2243 3547 2470 3610 σύνοδοι,
2494 3549 2588 3601 καὶ¹
2607 3548 2816 3613 δεῖπνα,
2840 3546 2934 3600 καὶ
2975 3547 3071 3600 σὺν
3116 3546 3410 3618 αὐλητρίσι
3459 3545 3648 3614 κῶμοι,
3693 3542 3788 3594 οὐδὲ

2239 3642 2371 3714 ὄναρ
2401 3641 2660 3713 πράττειν
2693 3639 2802 3711 (48)
2833 3638 3192 3710 προσίσταται
3225 3640 3434 3701 αὐτοῖς.
3476 3633 3549 3690 Εὖ
3581 3637 3633 3689 δὲ
3657 3636 3686 3705 ἢ
3711 3651 3789 3686 κα-

2239 3735 2349 3798 κῶς
2373 3752 2424 3787 τι
2448 3733 2667 3803 γέγονεν
2690 3732 2747 3785 ὲν
2779 3730 2952 3795 πόλει,
2992 3730 3025 3801 ἦ
3051 3731 3103 3783 τί
3133 3749 3210 3802 τῳ
3237 3731 3408 3784 κακόν
3428 3732 3574 3783 ἐστιν
3607 3728 3664 3779 ἐκ
3681 3742 3788 3796 προ-

2238 3827 2410 3895 γόνων
2436 3823 2676 3894 γεγονὸς,
2701 3823 2735 3896 ἢ
2761 3823 2896 3893 πρὸς
2935 3822 3162 3894 ἀνδρῶν,
3198 3821 3232 3893 ἢ
3278 3821 3580 3890 γυναικῶν,
3618 3817 3785 3890 μᾶλλον

2237 3921 2399 3974 αὐτὸν
2424 3919 2532 3990 (49)
2551 3917 2794 3988 λέληθεν,
2820 3915 2852 3987 ἢ
2876 3917 3033 3986 οἱτῆς
3057 3915 3333 3985 θαλάσσης
3349 3914 3633 3983 λεγόμενοι
3666 3910 3783 3980 χόες.

2235 4012 2348 4064 Καὶ
2385 4010 2558 4064 ταῦτα
2595 4010 2772 4063 πάντα
2799 4007 2903 4060 οὐδ’
2940 4009 3019 4060 ὅτι
3042 4007 3142 4059 οὐκ
3166 4003 3324 4071 οἶδεν,
3359 4002 3525 4059 οἶδεν.
3564 4002 3684 4056 Οὐδὲ
3699 4001 3786 4069 γὰρ

2235 4101 2415 4155 αὐτῶν
2447 4101 2708 4172 ἀπέχεται
2745 4097 2837 4152 τοῦ
2871 4097 3172 4168 εὐδοκιμεῖν
3199 4100 3359 4167 χάριν
3381 4114 3398 4129 ο
3434 4095 3566 4150 ἀλλά
3600 4093 3668 4162 τῷ
3695 4092 3785 4144 ὄντι

2235 4195 2294 4248 τὺ
2328 4194 2487 4265 σῶμα
2523 4194 2682 4265 μόνον
2712 4194 2769 4245 ὲν
2794 4194 2859 4262 τῇ
2893 4190 3041 4243 πόλει
3075 4193 3247 4242 κεῖται
3273 4190 3464 4255 αὑτοῦ,
3501 4188 3592 4242 καὶ
3627 4183 3784 4251 ἐπιδη-

2238 4290 2358 4358 μεῖ·
2400 4289 2433 4358 ἡ
2466 4286 2522 4338 δὲ
2558 4285 2784 4348 διάνοια,
2806 4283 2976 4336 ταῦτα
3011 4282 3189 4334 πάντα
3212 4283 3540 4354 ἡγησαμένη
3585 4274 3781 4349 σμικρὰ,

2235 4378 2329 4431 καὶ
2363 4376 2513 4428 οὐδὲν
2539 4375 2874 4444 ἀτιμάσασα,
2900 4371 3147 4442 πανταχῆ
3178 4373 3431 4435 πέταται,
3457 4367 3591 4424 κατὰ
3623 4365 3781 4420 Πίνδα-

2239 4487 2352 4541 ρον,
2384 4469 2454 4522 τά
2486 4485 2545 4520 τε
2586 4469 2689 4536 γᾶς
2720 4463 3003 4537 ὑπένερθε,
3045 4465 3138 4517 καὶ
3166 4462 3234 4516 τά
3269 4462 3564 4534 ὲπίπερθεν
3603 4471 3781 4527 γεωμε-

2234 4559 2459 4633 τροῦσα,
2493 4557 2726 4630 οὐρανοῦ
2757 4574 2816 4609 τε
2859 4556 2997 4628 ὕπερ
3029 4555 3439 4626 ἀστρονομοῦσα
3459 4593 3482 4617 τ
3509 4551 3599 4606 καὶ
3629 4550 3776 4602 πᾶσαν

2237 4651 2411 4724 πάντη
2443 4649 2602 4721 φύσιν
2648 4648 2991 4720 ὲρευνωμένη
3024 4647 3132 4698 τῶν
3183 4646 3351 4699 ὄντων
3381 4647 3607 4700 ἑκάστου
3656 4639 3774 4701 ὅλου,

2234 4744 2317 4807 εἷς
2354 4761 2408 4796 τι
2437 4743 2543 4797 τῶν
2581 4743 2748 4811 ἐγγὺς
2787 4739 2936 4792 οὐδὲν
2960 4738 3155 4809 ἑαυτὴν
3178 4737 3550 4805 συγκαθιεῖσα.
3587 4761 3648 4772 -ο-
3675 4728 3776 4788 Πῶς

2234 4837 2392 4890 τοῦτο
2438 4835 2618 4905 λέγεις
2645 4873 2660 4897 ,
2715 4827 2759 4886 ὦ
2800 4830 3117 4902 Σώκρατες;
3154 4830 3448 4899 -Ὧσπερ
3494 4827 3583 4906 κα).
3626 4820 3775 4888 Θαλῆν

2238 4927 2697 5000 ἀστρονομοῦντα,
2720 4919 2764 4978 ὦ
2797 4923 3058 4995 Θεόδωρε,
3103 4923 3197 4975 καὶ
3230 4921 3341 4976 ἄνω
3369 4921 3654 4992 βλέποντα,
3697 4928 3772 4965 πε-

2235 5021 2396 5073 σόντα
2436 5021 2516 5083 εἰς
2534 5019 2708 5091 φρέαρ
2737 5017 2955 5088 Θρᾷττά
2999 5034 3082 5079 τις
3114 5014 3355 5085 ἐμμελὴς
3408 5014 3502 5066 καὶ
3539 5005 3772 5091 χαρίεσσα

2234 5112 2553 5183 θεραπαινὶς
2576 5109 2905 5178 ἀποσκίυψαι
2930 5108 3166 5175 λέγεται,
3187 5105 3262 5168 ὼς
3289 5107 3353 5156 τὰ
3383 5105 3480 5174 μὲν
3507 5104 3560 5153 ἐν
3589 5089 3772 5166 οὐρανῷ

2235 5181 2572 5273 προθυμοῖτο
2605 5201 2821 5263 εἰδέναι,
2861 5198 2928 5252 τὰ
2950 5198 3007 5250 δὲ
3028 5196 3332 5268 ἔμπροσθεν
3349 5192 3510 5247 αὑτοῦ
3532 5189 3618 5243 καὶ
3646 5181 3771 5273 παρᾷ

2235 5271 2402 5357 ποδας
2420 5271 2676 5348 λανθάνοι
2710 5291 2890 5347 αὐτόν.
2934 5290 3140 5344 Ταύτδν
3173 5289 3228 5341 δὲ
3262 5289 3420 5358 ἀρχεῖ
3445 5283 3667 5353 σκῶμμα
3696 5271 3771 5327 ἐπὶ

2235 5515 2378 5568 gues.
2409 5507 2537 5556 etc..
2573 5499 2636 5550 ila
2665 5500 2748 5568 n‘y
2784 5505 3127 5568 songent_pas
3158 5497 3339 5568 ntéme.

2453 5551 2960 5623 Mitlcraairtoi-r.
3010 5551 3113 5639 [iro
3157 5566 3372 5628 αὐτούς.
3422 5560 3611 5618 Crebra

2232 5630 2373 5710 apud
2395 5630 2632 5710 'Atticos,
2665 5640 3007 5706 maximeque
3036 5637 3335 5710 Platonem,
3365 5645 3584 5691 casuum
3612 5630 3764 5681 muta-

2232 5707 2340 5781 tio;
2379 5710 2520 5780 apud
2552 5707 2808 5766 Hebraeos
2842 5710 2997 5779 longe
3029 5707 3374 5763 creberrima.
