3994 6384
171 327 330 381 ιεξοι

1342 308 1956 371 ΡΗἉΕΡΑΒΪΕΥΔΝΟ.
1994 310 2122 366 LIB.
2158 310 2273 366 XII.

3314 316 3452 370 100?.

168 444 405 504 πάντας
444 445 560 495 ὅσοι
586 442 643 492 ὲν
667 436 951 508 φιλοσοφίᾳ
976 436 1242 503 διάγουσι.
1276 434 1367 504 Τῷ
1392 434 1500 505 γάρ
1521 435 1635 487 ὄντι
1682 434 1772 485 τὸν

1890 445 2061 484 rerum
2109 428 2482 498 singularum,
2530 439 2667 494 quas
2713 426 2879 497 hujus
2926 426 3166 482 universi
3212 429 3454 486 ambitus

166 535 438 588 τοιοῦτον
490 534 519 585 ό
555 534 653 602 μὲν
710 530 934 599 πλησίον
976 530 1128 581 καὶὸ
1160 528 1357 595 γείτων
1415 526 1659 597 λέληθεν,
1711 526 1773 579 οὐ

1890 520 2256 589 :omplectitur
2287 526 2538 572 naturam
2568 517 2649 573 sic
2676 518 2987 587 explorans,
3031 526 3088 572 ut
3113 526 3294 574 tamen
3327 522 3451 575 nul-

171 626 355 696 μόνον
387 626 421 677 δ
465 640 517 675 τι
553 622 820 693 πράττει,
856 618 970 672 ἀλλ’
1028 618 1208 686 ὀλίγου
1251 618 1345 671 καὶ
1396 619 1444 670 εί
1492 616 1777 687 ἅνθρωπός

1890 628 1984 665 ram
2012 611 2079 665 ad
2103 625 2294 665 earum
2324 624 2464 678 quas
2488 608 2770 678 propiores
2798 608 2961 663 habet
2990 625 3111 665 sese
3140 610 3458 680 abjiciat.-—

170 721 365 780 ἐστιν,
396 718 435 788 ἦ
462 734 511 769 τι
534 714 661 767 ἀλλο
692 712 943 784 θρέμμα·
978 710 1030 763 τί
1058 709 1113 763 δέ
1141 712 1259 763 ποτ’
1290 710 1436 761 ἐστὶν
1467 708 1773 779 ἄνθρωπος,

172 810 279 863 καὶ
308 811 365 861 τί
396 812 463 878 τῇ
498 807 723 878 τοιαύτῃ
756 804 915 873 φύσει
944 802 1208 873 προσήκει
1236 801 1491 871 διάφορον
1534 798 1641 851 τῶν
1684 798 1778 851 ἄλ-

170 903 295 954 λων
324 903 564 972 ποιεῖνῆ
596 900 846 969 πάσχειν,
882 896 1037 969 ζητεί
1072 913 1154 958 τε,
1184 896 1277 948 καὶ
1320 894 1621 966 πράγματα
1666 892 1777 962 ἔχει

172 996 641 1066 διερευνώμενος.
703 990 1011 1053 Μανθάνεις
1063 990 1173 1059 γάρ
1209 1006 1333 1052 που,
1362 982 1408 1041 ὧ
1447 986 1707 1057 Θεόδωρε,
1742 985 1775 1055 ἦ

173 1085 285 1149 οὓς
318 1116 394 1125 --
424 1087 671 1153 Ἔγωγε·
711 1082 804 1137 καὶ
839 1081 1011 1152 ἀληθῆ
1053 1080 1249 1149 λέγεις.
1285 1111 1354 1119 -
1379 1078 1685 1149 Τοιγάρτοι,
1735 1069 1781 1127 ὦ

176 1179 340 1248 φίλε,
374 1178 480 1251 ἰδίᾳ
507 1194 564 1230 τε
590 1176 973 1246 συγγινόμενος
996 1177 1025 1227 ὁ
1044 1173 1283 1237 τοιοῦτος
1307 1172 1541 1242 ἑκάστῳ,
1577 1170 1671 1223 καὶ
1687 1170 1780 1241 δη-

182 1270 390 1340 μοσία,
420 1270 560 1339 ὅπερ
580 1268 882 1338 ἀρχόμενος
908 1266 1113 1334 ἔλεγον,
1153 1265 1278 1317 ὃταν
1306 1265 1362 1315 ὲν
1384 1261 1715 1333 δικαστηρίῳ
1745 1263 1779 1333 ἡ

180 1379 299 1415 που
331 1361 518 1416 ἄλλοθι
542 1360 859 1430 ἀναγκασθῇ
892 1360 1021 1430 περὶ
1049 1357 1157 1411 τῶν
1178 1356 1327 1430 παρά
1361 1357 1527 1419 πόδας
1549 1357 1642 1410 καὶ
1673 1356 1781 1409 τῶν

184 1458 249 1509 ὲν
287 1455 594 1523 ὀφθαλμοῖς
617 1452 978 1521 διαλέγεσθαι,
1002 1451 1217 1520 γέλωτα
1252 1451 1481 1523 παρέχει
1523 1450 1582 1503 οὐ
1623 1450 1783 1520 μόνον

183 1545 496 1617 Θράτταις,
521 1544 657 1598 ἀλλά
680 1544 774 1597 καὶ¹
797 1542 876 1613 τῷ
897 1542 1041 1613 ἀλλῳ
1068 1542 1229 1613 ὄχλῳ,
1261 1545 1341 1606 εἰς
1370 1542 1583 1614 φρέατά
1609 1560 1668 1595 τε
1691 1544 1785 1595 καὶ

184 1641 382 1692 πᾶσαν
409 1638 641 1709 ἀπορίαν
672 1636 960 1705 ἐμπίπτων
984 1635 1092 1688 ὑπὸ
1118 1634 1371 1705 ἀπειρίας
1389 1652 1401 1664 ’
1429 1635 1523 1688 καὶ
1556 1634 1589 1704 ἡ
1617 1635 1787 1705 ἀσχη-

188 1730 413 1801 μοσύνη
446 1729 593 1800 δεινὴ
624 1728 782 1792 δόξαν
809 1727 1135 1799 ἀϐελτηρίας
1167 1727 1536 1798 παρεχομένη.
1584 1729 1681 1779 Ἐν
1720 1744 1782 1795 γε

1878 702 1997 769 Quo
2032 712 2087 756 tu
2121 716 2287 757 sensu
2330 701 2432 755 hoc
2462 700 2544 753 ais
2564 740 2577 761 ,
2608 714 2641 753 ο
2683 698 2973 755 Socrates?
2996 731 3065 741 —
3095 699 3348 769 Prorsus,
3378 705 3453 757 mi

1880 790 2185 854 Theodore,
2214 806 2323 861 quo
2351 792 2514 845 modo
2541 789 2819 845 Thaletem
2850 791 3165 862 aliquando,
3196 793 3290 862 qui
3323 792 3453 847 dum

1878 884 2053 939 oculis
2083 883 2137 938 in
2169 884 2366 939 cadum
2411 883 2601 939 deﬁxis
2637 892 2781 938 astra
2817 885 3293 954 contemplaretur,
3331 902 3455 955 pro-

1878 976 2086 1031 ximum
2160 976 2215 1029 in
2279 985 2497 1043 puteum
2565 975 2880 1039 deciderat,
2942 976 3137 1030 ancilla
3206 976 3452 1045 quaedam

1881 1068 2141 1131 Thressa,
2191 1068 2410 1137 elegans
2448 1077 2503 1121 et
2544 1068 2751 1121 urbana
2800 1068 2905 1122 hoc
2939 1067 3066 1136 joco
3088 1069 3406 1137 perstrinxit
3434 1085 3452 1119 :

1882 1158 1986 1224 Qui
2019 1174 2108 1213 res
2138 1158 2387 1212 ctelestes
2423 1172 2584 1211 nosse
2608 1157 2988 1223 contenderet,
3018 1173 3143 1212 eum
3183 1174 3305 1228 qua:
3336 1174 3459 1227 pro-

1884 1252 2029 1304 xima
2054 1250 2281 1320 pedibus
2310 1260 2511 1309 essent,
2540 1264 2646 1302 non
2679 1250 2879 1303 videre.
2908 1249 3063 1316 Quod
3089 1266 3224 1306 sane
3247 1252 3452 1307 dictum

1883 1342 1939 1395 in
1985 1357 2079 1396 eos
2115 1356 2304 1395 omnes
2352 1341 2643 1393 convenire
2692 1342 2902 1410 possit,
2960 1342 3053 1411 qui
3103 1343 3454 1413 philosophiae

1885 1433 2064 1487 studio
2113 1447 2233 1486 sese
2283 1431 2504 1485 dedunt.
2570 1429 2847 1500 Siquidem
2902 1434 3117 1502 reipsa,
3150 1434 3297 1488 natio
3346 1437 3461 1488 haec

1887 1524 2204 1586 hominum,
2257 1537 2363 1576 non
2415 1522 2576 1575 modo
2628 1523 2755 1591 quid
2806 1524 3087 1591 proximus
3139 1539 3203 1577 ac
3246 1525 3460 1580 vicinus

1886 1623 2030 1683 agat,
2062 1628 2252 1666 verum
2297 1613 2459 1666 etiam
2506 1613 2737 1666 homone
2773 1614 2861 1667 ille
2889 1614 2977 1680 sit,
3010 1630 3078 1669 an
3108 1616 3254 1671 aliud
3288 1619 3460 1688 quod-

1886 1705 2009 1759 dam
2054 1705 2346 1759 animantis
2396 1720 2601 1770 genus,
2645 1706 3035 1774 propemodum
3074 1707 3331 1779 ignorat:
3362 1726 3459 1765 eae

187 1788 310 1895 γὰρ
338 1788 458 1885 ταὶς
491 1788 777 1891 λοιδορίαις
811 1819 940 1873 ἴδιον
972 1788 1082 1890 ἔχει
1106 1788 1263 1872 οὐδὲν
1285 1788 1476 1873 οἶδένα
1502 1788 1779 1889 λοιδορεῖν,

1890 1796 2010 1850 dem
2059 1807 2240 1850 tamen
2281 1796 2409 1865 quid
2458 1797 2621 1849 homo
2669 1798 2784 1865 ipse
2818 1798 2916 1860 sit,
2958 1798 3157 1867 quidve
3208 1814 3463 1857 naturam

192 1917 297 1969 ᾶτε
318 1912 592 1976 οὖκείδὼς
615 1912 781 1965 κακὸν
809 1911 959 1964 οὐδὲν
975 1912 1188 1975 οὐδενὸς
1235 1911 1300 1964 ὲκ
1329 1910 1421 1964 τοῦ
1444 1910 1519 1982 μὴ
1552 1911 1781 1982 μεμελε-

190 2006 453 2075 τηκέναι,
477 2003 699 2074 ἀπορῶν
719 1999 814 2057 οὖν
830 2003 1033 2071 γελοῖος
1057 2004 1326 2073 φαίνεται·
1352 2002 1408 2055 ἐν
1423 2021 1483 2056 τε
1502 2006 1614 2066 τοῖς
1631 2003 1787 2056 ἐπαί-

192 2116 310 2161 νοις
323 2098 553 2158 καὶτοῖς
569 2094 677 2148 τῶν
687 2094 859 2149 ἀλλων
880 2093 1291 2164 μεγαλαυχίαις,
1305 2094 1365 2147 οὐ
1383 2088 1783 2165 προσποιητῶς,

190 2192 333 2245 ἀλλά
348 2190 429 2261 τῷ
445 2190 559 2243 ὄντι
576 2187 750 2257 γελῶν
772 2186 990 2257 ἔνδηλος
1005 2188 1343 2257 γιγνόμενος,
1370 2188 1435 2259 λη
1446 2187 1620 2259 ρώδης
1639 2187 1788 2241 δοκεῖ

193 2280 361 2339 εἶναι.
379 2282 657 2355 Τύραννόν
671 2299 729 2335 τε
750 2280 909 2352 γάρῆ
929 2280 1154 2351 βασιλέα
1178 2280 1677 2351 ἐγκωμιαζόμενον,
1691 2280 1789 2334 ἕνα

192 2376 305 2431 τῶν
327 2376 563 2446 νομέων,
581 2368 691 2427 οἷον
712 2372 985 2443 συϐώτην,
1007 2373 1041 2443 ἦ
1065 2373 1320 2443 ποιμένα,
1345 2373 1377 2443 ἦ
1402 2389 1522 2425 τινα
1538 2371 1789 2441 βουκόλον

192 2471 418 2539 ἡγεῖται
434 2468 653 2523 ἀκούειν
673 2464 1171 2537 εὐδαιμονιζόμενον
1201 2465 1339 2518 πολὺ
1362 2463 1649 2534 βδάλλοντα
1670 2481 1682 2493 ·
1700 2462 1790 2515 δυ-

199 2561 439 2616 σκολώτε
448 2578 535 2633 ρον
551 2560 609 2615 δὲ
632 2560 853 2613 ἐκείνων
872 2558 1007 2623 ζῶον
1023 2558 1115 2613 καὶ
1126 2557 1433 2611 ὲπιϐουλότε
1441 2573 1552 2626 ρον,
1569 2573 1660 2608 ποι
1668 2572 1740 2625 μα
1748 2554 1790 2607 ί-

196 2662 279 2701 νει
295 2648 411 2721 (50)
426 2666 483 2702 τε
501 2650 593 2701 καὶ
612 2647 852 2717 βδάλλειν
867 2648 1075 2719 νομίζει
1096 2646 1609 2717 αὐτούς.“Λγροικον
1623 2645 1679 2699 δὲ
1694 2645 1790 2698 καὶ

198 2738 528 2791 ἀπαίδευτον
560 2736 665 2791 ὑπὸ
688 2736 944 2807 ἀσχολίας
971 2736 1120 2789 οὐδὲν
1142 2730 1300 2806 ἧττον
1333 2734 1441 2787 τῶν
1465 2735 1676 2804 νομέων
1697 2733 1790 2787 τὸν

199 2830 444 2883 τοιοῦτον
501 2831 796 2899 ἀναγκαῖον
819 2827 1088 2898 γίνεσθαι,
1113 2828 1279 2899 σηκὸν
1306 2829 1362 2879 ὲν
1390 2827 1505 2897 ὄρει
1530 2826 1590 2878 τὸ
1613 2828 1789 2895 τεῖχος

200 2920 689 2991 περιϐεϐλημένον.
719 2920 828 2989 Γῆς
855 2920 911 2973 δὲ
937 2920 1065 2972 ὅταν
1097 2918 1263 2989 μυρία
1282 2918 1390 2987 (51)
1416 2915 1621 2983 πλέθρα
1643 2915 1676 2985 ἢ
1708 2916 1787 2969 ἔτι

203 3003 377 3065 πλείω
405 3011 784 3085 ἀκούσῃ,δστις
809 3010 919 3081 ἄρα
937 3008 1270 3079 κεκτημένος
1298 3005 1585 3077 θαυμαστά
1608 3004 1785 3075 πλήθη

202 3102 489 3173 κέκτηται,
528 3102 667 3156 πάνυ
721 3100 928 3172 σμικρά
958 3100 1106 3154 δοκεῖ
1157 3096 1395 3162 ἀκούειν,
1439 3101 1518 3161 εἰς
1569 3098 1785 3151 ἃπασαν
1814 3133 1857 3189 C

201 3193 411 3257 εἰωθὼς
440 3195 537 3266 τὴν
569 3194 670 3264 γῆν
699 3192 937 3264 βλέπειν.
970 3190 1051 3244 Τά
1074 3192 1131 3245 δὲ
1163 3191 1226 3261 δὴ
1248 3191 1379 3260 γένη
1410 3191 1521 3259 (5'2)
1553 3188 1784 3260 ὑμνούν-

200 3301 334 3349 των,
369 3285 445 3348 ὡς
470 3285 714 3353 γενναῖός
744 3302 826 3348 τις
854 3283 992 3337 έπτά
1023 3283 1279 3347 πάππους
1327 3282 1614 3343 πλουσίους
1649 3281 1787 3350 ἔχων

203 3376 507 3446 ἀποφῆναι,
537 3377 882 3429 παντάπασιν
912 3373 1091 3443 ἀμϐλὺ
1112 3375 1206 3426 καὶ
1235 3374 1326 3426 ἐπὶ
1356 3372 1585 3443 σμικρὸν
1617 3371 1786 3442 ὁρών-

205 3486 315 3520 των
343 3470 554 3537 ὴγεῖται
574 3468 666 3520 τὸν
701 3468 943 3529 ἔπαινον,
972 3468 1077 3520 ὑπὸ
1102 3466 1454 3527 ἀπαιδευσίας
1475 3464 1536 3515 οὺ
1557 3462 1788 3531 δυναμέ-

207 3579 315 3613 νων
350 3562 430 3623 ei;
485 3561 547 3613 τὸ
589 3562 695 3612 πᾶν
748 3561 833 3613 ἀεὶ
888 3560 1127 3631 βλέπειν,
1177 3558 1295 3611 οὐδὲ
1350 3555 1655 3621 λογίζεσθαι
1708 3555 1789 3607 ὅτι

208 3653 452 3708 πάππων
479 3653 570 3704 καὶ
604 3652 883 3722 προγόνων
910 3651 1019 3721 (55)
1047 3651 1260 3720 ἑκάστῳ
1288 3648 1543 3720 μυριάδες
1571 3646 1791 3716 γεγόνα-

210 3760 296 3797 σιν
325 3744 711 3815 ἀναρίθμητοι,
754 3747 813 3797 ὲν
836 3742 923 3807 αἷς
949 3744 1193 3797 πλούσιοι
1226 3743 1320 3795 καὶ
1364 3740 1603 3808 πτωχοὶ,
1642 3737 1791 3806 βασι-

208 3836 322 3899 λεῖς
352 3839 448 3890 καὶ
497 3836 693 3903 δοῦλοι,
728 3836 992 3908 βάρϐαροί
1029 3853 1088 3889 τε
1124 3835 1217 3888 καὶ
1248 3832 1506 3903 Ἕλληνες
1532 3829 1790 3891 πολλάκις

212 3930 398 4000 μυρίοι
420 3931 708 3997 γεγόνασιν
731 3928 933 4000 ὁτῳοῦν
953 3946 966 3959 ·
994 3930 1106 3982 ἀλλ’
1150 3928 1242 3981 ἐπὶ
1274 3927 1434 3979 πέντε
1474 3925 1569 3978 καὶ
1618 3923 1790 3977 εἴκοσι

209 4022 497 4092 καταλόγῳ
523 4022 801 4094 προγόνων
828 4021 1238 4091 σεμνυνομένων
1283 4018 1315 4089 ἦ
1350 4019 1444 4071 καὶ
1490 4015 1791 4086 ἀναφερόνο

208 4130 317 4168 των
365 4117 445 4177 εις
500 4113 773 4185 Ἠρακλέα
803 4114 895 4166 τὸν
939 4111 1367 4183 Ἀμφιτρύωνος.
1424 4109 1598 4162 ἄτοπα
1641 4108 1790 4163 αὑτῶ

282 4249 435 4320 (50)
504 4236 850 4320 Ποιμαίνει.’
889 4251 1279 4320 Reponendum
1331 4265 1396 4302 ex
1450 4246 1675 4301 Platone
1739 4257 1793 4300 et

210 4335 493 4375 manuscr.
532 4322 858 4391 ποιμαίνειν.

286 4391 398 4461 (51)
427 4388 641 4459 Μυρίαζ
674 4392 749 4445 Ita
778 4391 995 4461 quidem
1031 4406 1241 4461 omnes.
1265 4388 1579 4461 Legendum
1594 4396 1790 4461 tamen

212 4458 303 4514 est
324 4458 663 4531 pu’ptmeum
689 4458 1025 4532 sequatur,lj
1057 4461 1137 4515 ἔτι
1169 4459 1358 4523 πλείω,
1385 4459 1529 4528 quod
1558 4458 1791 4513 absurde
1825 4474 1869 4528 Ῑ)

214 4541 339 4599 post
372 4532 538 4601 μυρία
572 4541 909 4601 sequeretur.

215 4597 231 4599 “
287 4597 399 4681 (5.2)
433 4597 519 4724 ιΤὰ
543 4601 611 4653 δὲ
637 4600 713 4668 δὴ
738 4601 900 4671 γένη.
931 4600 1049 4656 Huc
1081 4610 1262 4671 satyra
1291 4597 1572 4653 Juvenalis
1603 4606 1791 4652 octava

214 4683 426 4739 per-une
467 4713 482 4734 ,

438 4760 730 4815 Stemmata
759 4762 885 4832 quid
913 4762 1157 4831 faciunt?

216 4854 440 4910 Persius
495 4856 622 4910 item
678 4866 781 4912 sat.
826 4858 859 4910 5
902 4858 1062 4910 inane
1114 4855 1214 4909 hoc
1254 4854 1309 4908 in
1344 4852 1602 4908 Romanis
1692 4854 1793 4907 do-

218 4927 550 4981 !eseentihus
580 4926 802 4997 αὔχημα
827 4926 1147 4997 castigabat.

288 5040 371 5093 An
398 5040 574 5093 deceat
600 5042 897 5109 pulmonem
928 5059 1167 5109 rumpere
1193 5043 1381 5102 ventis,

291 5109 579 5164 Stemmate
601 5107 741 5181 quod
779 5111 944 5165 Tusco
978 5107 1185 5166 ramum
1211 5110 1488 5163 millesime
1522 5107 1725 5161 ducas?

220 5201 318 5254 Adi
354 5210 417 5272 et
437 5200 697 5272 Senecam
728 5203 884 5272 epist.
914 5204 982 5257 44
1011 5222 1024 5257 :
1060 5202 1264 5257 Iterum
1284 5241 1301 5264 ,
1334 5200 1549 5269 inquit,
1580 5208 1636 5252 tu
1666 5200 1794 5272 mihi

223 5280 269 5323 te
300 5270 577 5343 pusillum,
596 5272 729 5340 facis
750 5270 775 5335 ,⁷
804 5283 853 5326 et
884 5275 1019 5327 dicis
1040 5315 1055 5339 ,
1094 5272 1379 5343 malignius
1424 5280 1593 5343 tecum
1630 5271 1795 5343 egisse

221 5351 470 5412 naturam
498 5342 665 5406 prius,
692 5343 876 5397 deinde
906 5345 1176 5412 fortunam
1204 5340 1373 5396 {cum
1397 5340 1567 5412 possis
1600 5349 1648 5391 te
1677 5342 1793 5393 exi-

221 5428 360 5464 mere
383 5410 555 5481 vulgo,
574 5423 623 5465 et
652 5413 719 5464 ad
737 5410 1045 5481 felicitatem
1065 5414 1299 5467 omnium
1321 5411 1609 5481 maximam
1630 5425 1797 5462 emer-

222 5478 452 5553 gere.'Si
477 5478 607 5550 quid
644 5478 798 5536 aliud
820 5493 896 5537 est
934 5487 989 5537 in
1015 5483 1348 5553 philosophia
1387 5479 1671 5553 bonikhoc
1694 5490 1792 5553 est.

220 5548 360 5615 quod
382 5548 602 5605 stemma
628 5569 730 5606 non
756 5554 989 5622 inspicit.
1016 5548 1194 5621 Quam
1223 5548 1326 5608 hoc
1352 5550 1524 5606 nostri
1553 5548 1795 5604 Platonis

222 5636 289 5675 ex
320 5622 525 5688 genio?

295 5690 417 5766 (53)-
448 5690 716 5766 mier
746 5695 842 5747 καὶ
884 5697 1211 5766 προγόνων.
1242 5694 1447 5766 Seneca
1468 5688 1672 5766 ,__ibid.,
1697 5704 1796 5766 _a_u-

224 5762 335 5816 reis
368 5762 527 5816 olane
551 5762 728 5818 verbis
768 5760 938 5833 atque
961 5760 1249 5821 sententiis
1282 5783 1295 5819 :
1335 5761 1591 5818 Omnibus
1623 5760 1793 5827 nobis,

546 5861 735 5921 Pun.
775 5861 889 5923 Gn.
925 5861 1100 5926 XXI.

1888 1888 2178 1957 ejusmodi,
2223 1898 2417 1957 praeter
2482 1888 2712 1941 aliarum
2763 1889 3129 1944 conditionem
3182 1893 3265 1947 vel
3304 1908 3463 1964 agere

1887 1982 1973 2034 vel
2016 1980 2125 2049 pati
2170 1980 2386 2046 deceat,
2416 1996 2538 2034 cum
2575 1980 2805 2033 rimatur
2856 1981 3120 2046 studiose,
3166 1993 3276 2037 tum
3309 1985 3364 2039 in
3395 2001 3461 2041 ea

1888 2087 2019 2128 cura
2073 2072 2278 2126 laboris
2342 2071 2636 2141 plurimum
2694 2086 2759 2124 ac
2807 2070 3137 2127 dillicultatis
3187 2075 3458 2131 exhaurit.

1886 2162 2079 2218 Jamne
2112 2164 2389 2233 intelligis,
2427 2164 2499 2217 mi
2549 2162 2865 2217 Theodore?
2902 2179 2972 2217 an
3024 2166 3165 2217 non?
3192 2196 3261 2210 --
3296 2165 3459 2222 Intel-

1889 2256 1997 2325 ligo
2038 2255 2310 2322 equidem.
2352 2254 2419 2310 Et
2452 2271 2578 2309 vera
2625 2272 2758 2311 sane
2802 2256 3060 2327 loqueris.
3100 2287 3168 2296 —
3193 2255 3462 2313 Nimirum

1889 2362 2039 2416 ergo,
2071 2347 2163 2416 qui
2212 2347 2480 2416 ejusmodi
2519 2346 2699 2413 fuerit,
2735 2347 3041 2412 Theodore,
3079 2348 3126 2402 is
3155 2363 3251 2403 seu
3284 2350 3466 2419 priva-

1894 2443 1987 2495 tim
2016 2456 2138 2495 cum
2176 2454 2507 2509 quocunque
2536 2440 2864 2503 versabitur,
2889 2455 2983 2495 seu
3014 2442 3249 2509 publice,
3281 2458 3467 2512 quem-

1890 2534 2184 2588 admodum
2218 2531 2373 2585 initio
2401 2532 2534 2598 dixi,
2571 2532 2652 2587 vel
2700 2532 2752 2586 in
2775 2531 3015 2601 judicio,
3051 2534 3132 2587 vel
3156 2534 3247 2588 ubi
3274 2534 3365 2588 ubi
3399 2534 3468 2590 de

1891 2625 2055 2679 rebus
2084 2638 2223 2693 quas
2266 2631 2390 2677 ante
2430 2622 2593 2692 pedes
2648 2632 2811 2693 atque
2855 2622 2909 2676 in
2939 2623 3112 2677 oculis
3144 2624 3358 2689 habeat,
3384 2625 3471 2681 di-

1893 2731 2015 2772 cere
2045 2715 2299 2785 bogetur,
2337 2728 2444 2767 non
2482 2711 2736 2768 Thressis
2778 2714 2940 2769 modo
2978 2715 3335 2781 mulierculis,
3370 2716 3467 2773 sed

1893 2808 2058 2863 etiam
2093 2806 2317 2875 reliquae
2358 2806 2690 2861 multitudini
2720 2807 2887 2859 risum
2924 2809 3181 2874 movebit,
3216 2823 3364 2872 cum,
3394 2810 3466 2863 ob

1891 2915 2075 2955 rerum
2116 2898 2465 2966 imperitiam,
2501 2898 2555 2951 in
2586 2907 2971 2974 puteosatque
3013 2900 3067 2952 in
3101 2900 3280 2953 omnis
3306 2899 3468 2955 dubi-

1893 2990 2110 3045 tationis
2133 2998 2323 3043 aestum
2352 2989 2620 3043 inciderit.
2645 2987 2712 3043 Et
2735 2974 2952 3058 quidem
2982 3005 3143 3059 grave
3171 2989 3464 3045 admodum

1892 3081 2131 3153 stuporis
2165 3096 2335 3151 genus
2364 3080 2691 3150 ineptiarum
2722 3091 2825 3145 est,
2860 3082 3007 3152 quod
3030 3085 3220 3141 all‘erat
3248 3085 3464 3153 opinio-

1891 3190 2013 3229 nem
2043 3173 2304 3229 stultitias.
2346 3170 2480 3226 Nam
2514 3182 2571 3227 ut
2609 3173 2841 3227 aliorum
2874 3174 3137 3231 conviciis
3170 3177 3462 3247 appetitus,

1890 3263 2036 3335 quod
2093 3263 2374 3333 proprium
2430 3263 2545 3331 ipse
2597 3263 2731 3316 nihil
2776 3263 3002 3327 habeat,
3058 3280 3167 3333 quo
3220 3265 3462 3320 vicissim

1890 3359 2027 3412 alios
2058 3355 2365 3410 remordeat
2403 3354 2622 3425 (quippe
2656 3356 2749 3424 qui
2781 3356 2988 3410 nullum
3032 3357 3354 3427 cujusquam
3385 3357 3467 3411 vi-

1891 3451 2027 3504 tium
2062 3448 2291 3514 noverit,
2327 3448 2514 3517 procul
2539 3448 2607 3502 ab
2637 3450 2801 3503 simili
2824 3450 3151 3520 COgitatione
3177 3454 3468 3519 semotus).

1893 3542 1962 3596 ob
1994 3540 2355 3595 hmsitantiam
2383 3539 2646 3594 ridiculus
2675 3556 2795 3596 esse
2824 3542 2965 3595 solet
2998 3558 3011 3593 :
3045 3543 3125 3596 sic
3148 3542 3202 3596 in
3233 3544 3469 3601 aliorum

1892 3634 2055 3689 etiam
2100 3632 2375 3695 laudibus,
2408 3640 2461 3685 et
2510 3632 2763 3686 insolenti
2795 3619 2977 3688 viarum
3006 3648 3228 3688 suarum
3253 3633 3470 3702 jactan-

1894 3727 1989 3791 tia,
2024 3725 2153 3779 dum
2192 3724 2334 3778 idem
2386 3738 2493 3777 non
2526 3723 2815 3787 simulate,
2866 3724 2961 3778 sed
3011 3739 3139 3780 vere
3183 3726 3475 3796 palamque

1893 3817 2056 3880 ridet,
2087 3815 2290 3870 bardus
2315 3829 2380 3869 ac
2404 3814 2609 3869 delirus
2636 3815 2868 3869 videtur.
2901 3813 3038 3871 Nam
3065 3827 3355 3888 tyrannum
3379 3828 3475 3873 aut

1893 3924 2075 3979 regem
2112 3906 2323 3962 laudari
2374 3906 2421 3960 si
2461 3907 2667 3971 audiet,
2708 3910 3023 3977 pecuarium
3070 3910 3173 3964 sibi
3212 3910 3471 3981 aliquem,

1894 4001 2183 4056 subulcum
2220 4008 2367 4068 puta,
2400 3998 2483 4053 vel
2509 4007 2807 4067 pastorem,
2855 4000 2937 4053 vel
2968 4001 3288 4063 bubulcum,
3324 4003 3473 4072 quod

1893 4092 2097 4147 affatim
2152 4092 2425 4159 mulgeat,
2478 4090 2694 4144 beatum
2754 4090 3014 4148 celebrari
3081 4093 3469 4161 persuadebit:

1896 4275 2112 4345 totidem
2135 4284 2373 4345 anteAnos
2402 4283 2522 4345 sunt
2545 4290 2561 4327 :
2583 4274 2781 4326 nullius
2814 4291 2915 4326 non
2937 4276 3083 4345 origo
3105 4275 3248 4329 ultra
3276 4291 3475 4329 memo-

1896 4346 2032 4397 riam
2054 4344 2218 4413 jacet.
2253 4343 2408 4395 Plato
2443 4343 2519 4395 ait
2552 4345 2759 4413 (utique
2791 4344 2893 4397 hoc
2926 4343 3044 4413 ipso
3089 4346 3229 4407 loco,
3262 4346 3354 4414 qui
3384 4344 3474 4399 Li-

1896 4416 2015 4484 psio
2036 4414 2407 4483 πολυμνήμονι
2438 4429 2542 4465 non
2578 4416 2822 4487 veniebat
2851 4416 3187 4487 in'mentetn)
3215 4416 3474 4468 neminem

1898 4500 2065 4554 regem
2087 4500 2187 4536 non
2214 4496 2277 4535 ex
2307 4486 2466 4536 servis
2491 4498 2599 4536 esse
2621 4486 2930 4544 oriundum,
2953 4486 3211 4539 neminem
3242 4502 3342 4537 non
3367 4501 3473 4538 ser-

1898 4572 2016 4608 vum
2036 4571 2100 4607 ex
2126 4554 2351 4622 regibus.
2382 4555 2573 4607 Omnia
2596 4555 2698 4606 ista
2729 4555 2882 4623 longa
2911 4556 3137 4608 varietas
3171 4556 3403 4617 miscuit,
3423 4565 3472 4607 et

1897 4641 2107 4677 sursum
2132 4625 2377 4695 deorsum
2420 4624 2630 4691 fortuna
2664 4628 2905 4678 versavit.
2949 4626 3079 4689 (luis
3108 4641 3228 4695 ergo
3255 4640 3471 4695 galero-

1896 4712 1983 4748 sus
2001 4698 2024 4747 1’
2062 4694 2144 4747 Ad
2188 4695 2432 4746 virtutem
2474 4696 2595 4745 bene
2643 4711 2675 4746 a
2718 4704 2912 4746 natura
2974 4691 3312 4761 compositus.
3358 4691 3473 4747 lloc

1897 4780 2060 4817 unum
2094 4774 2170 4817 est
2193 4764 2523 4817 intuendum.
2558 4764 2801 4832 Alioqui,
2842 4766 2886 4817 si
2918 4768 2985 4815 ad
3034 4777 3203 4819 vetera
3238 4781 3471 4824 revocas.

1898 4851 2047 4888 nemo
2089 4851 2192 4887 non
2232 4834 2352 4886 inde
2389 4842 2515 4905 est,
2548 4844 2669 4905 ante
2709 4835 2848 4904 quod
2890 4834 3025 4887 nihil
3064 4846 3163 4889 est.
3211 4836 3256 4888 Α
3302 4836 3474 4905 primo

1896 4905 2082 4956 mundi
2111 4913 2229 4957 ortu
2251 4944 2266 4968 ,
2303 4919 2465 4970 usque
2500 4904 2555 4956 in
2594 4904 2688 4956 hoc
2721 4918 2922 4972 tempus
2944 4942 2959 4964 ,
2992 4905 3237 4973 perduxit
3278 4904 3372 4958 nos
3409 4918 3475 4958 ea:

1896 4974 2182 5041 splendidis
2214 4974 2547 5042 sordidisque
2576 4973 2840 5025 alternata
2871 4975 3051 5028 series.
3090 4975 3229 5028 Audi
3276 4986 3328 5028 et
3380 4973 3475 5025 Ju-

1896 5045 2143 5098 venaletn
2159 5059 2283 5097 eum
2322 5044 2557 5113 satyrico
2583 5044 2728 5100 sale:

1970 5201 2039 5272 Et
2072 5211 2267 5265 tamen,
2302 5210 2358 5254 ut
2389 5203 2541 5271 longe
2564 5214 2787 5271 repetas,
2820 5203 3070 5272 longeque
3098 5202 3332 5257 revolvas

1970 5270 2198 5342 Nomen,
2232 5272 2296 5325 ab
2324 5270 2514 5340 infami
2536 5270 2736 5342 gentem
2767 5270 2990 5326 deducis
3014 5274 3186 5341 asylo.

1971 5341 2239 5407 Maiorum
2262 5342 2486 5409 primus,
2522 5341 2759 5411 quisquis
2786 5344 2887 5411 fuit
2921 5342 3011 5395 ille
3045 5353 3279 5403 tuorum,

1967 5411 2075 5465 Aut
2110 5421 2296 5481 pastor
2319 5412 2443 5481 fuit,
2476 5422 2568 5465 aut
2593 5412 2726 5464 illud
2750 5413 2890 5481 quod
2921 5413 3092 5465 dicere
3117 5413 3262 5467 nolo.

1896 5547 2005 5619 Qui,
2028 5547 2223 5603 famem
2254 5558 2399 5604 tuam
2428 5549 2631 5618 expleri
2655 5550 2757 5603 hoc
2776 5550 2899 5604 cibo
2919 5549 3480 5619 voles,Tiraquellum

1898 5618 2538 5702 perlegcgvivamuillam
2577 5635 2642 5675 ac
2665 5620 2961 5700 spirantem
2992 5618 3400 5702 bibliothecam,
3427 5622 3480 5674 in

1896 5687 2070 5811 opere
2107 5687 2184 5744 De
2232 5692 2526 5753 nobilitate,
2564 5687 2914 5762 maximeque
2930 5701 3063 5761 'cap.
3094 5690 3167 5744 ‘22
3192 5732 3208 5755 ,
3253 5706 3408 5745 num.

1898 5773 1927 5813 e
1978 5773 2094 5827 seq.

3090 5858 3168 5917 32
