3872 6368
528 327 551 380 1
562 327 665 380 003

1132 327 1401 383 EUSEBil
1435 324 1917 384 CESARIENSIS
1955 327 2107 384 OPP.
2146 302 2325 385 ΡΑΒὲ
2363 328 2427 385 ll.
2470 362 2537 371 —
2576 329 3076 389 APOLOGETICA.

3617 342 3732 396 iﬁlli

528 445 632 500 nisi
677 446 820 515 quod
876 446 972 500 abs
1008 445 1249 514 tyrannis
1313 460 1376 499 ac
1445 444 1662 514 regibus
1720 444 1989 500 diﬂieilius
2033 463 2096 500 ac

2200 448 2587 516 καταφαίνεται
2652 447 3038 519 σμικρολογίας
3096 447 3229 519 (54).
3279 449 3399 502 Ὀτι
3449 450 3536 503 γα).
3586 454 3613 505 ὁ
3650 457 3735 507 ἀπ’

527 538 702 607 magis
734 538 1052 595 insidiosum
1102 536 1395 591 animantis
1430 551 1622 605 genus,
1655 550 1817 605 quam
1867 536 1934 590 ab
1976 538 2097 591 aliis

525 630 675 696 pasci
706 645 769 684 ac
793 631 1020 700 mulgeri
1052 629 1342 683 existimat.
1376 626 1669 682 Enimvero
1713 628 2095 697 philosophum

525 732 711 787 Istum,
739 724 880 793 quod
908 738 1087 777 rerum
1119 738 1218 778 usu
1258 722 1405 775 nullo
1431 721 1521 786 sit,
1552 721 1905 775 nihilominus
1931 738 2096 791 quam

530 826 776 870 oastores
802 816 949 884 ipsos
980 816 1244 870 rusticum
1272 830 1335 869 ac
1372 813 1562 869 rudem
1583 829 1704 869 esse
1735 829 1958 870 necesse
1990 823 2094 881 est,

526 905 623 973 qui
654 905 929 962 moenibus
954 905 1005 958 in
1035 906 1190 969 urbe,
1216 920 1323 959 non
1357 920 1513 959 secus
1544 919 1607 959 ac
1636 905 1810 960 caulis
1834 906 1888 959 in
1916 914 2098 959 monte

526 995 793 1065 cingatur.
817 994 980 1066 604
1022 995 1169 1049 idem
1218 995 1261 1049 si
1300 994 1438 1049 forte
1472 994 1658 1049 decem
1692 995 1943 1064 jugerum
1972 994 2097 1048 mil-

524 1087 618 1153 lia,
649 1089 733 1142 vel
764 1088 925 1142 etiam
954 1089 1105 1157 plura
1142 1088 1558 1142 commemorari
1587 1088 1841 1151 audierit,
1871 1087 2096 1156 perinde

519 1192 588 1231 ac
642 1177 688 1231 si
736 1192 924 1231 eorum
977 1192 1262 1246 possessor
1305 1176 1415 1230 vim
1472 1191 1728 1246 agrorum
1775 1178 2096 1230 immensam

522 1268 857 1337 possideret;
884 1271 1140 1339 exiguum
1172 1269 1274 1323 sibi
1302 1269 1559 1339 quiddam
1592 1269 1782 1323 audire
1804 1267 2094 1332 videbitur,

522 1363 667 1431 quod
701 1364 888 1417 orbem
928 1372 1197 1418 terrarum
1243 1354 1559 1417 universum
1594 1363 1778 1416 animo
1814 1361 2096 1431 complecti

523 1455 715 1509 soleat.
738 1452 856 1508 Jam
890 1455 982 1525 qui
1016 1456 1081 1510 ad
1109 1455 1437 1510 elfcrendam
1480 1454 1694 1523 generis
1735 1453 1966 1524 alicujus
2002 1469 2099 1508 an-

521 1546 826 1615 tiquitatem
853 1587 867 1610 ,
901 1561 1032 1601 avos
1072 1546 1140 1600 ab
1175 1547 1265 1600 illo
1307 1555 1535 1615 septem,
1563 1560 1768 1616 eosque
1806 1546 2099 1616 locupletes

522 1637 793 1690 nominari
837 1651 998 1706 posse
1037 1635 1322 1701 dictitant,
1351 1651 1521 1707 genus
1553 1635 1658 1690 hoc
1700 1636 1896 1703 laudis,
1922 1637 2100 1691 homi-

522 1744 653 1785 num
690 1744 812 1784 esse
849 1730 1027 1783 obtusi
1060 1729 1350 1783 admodum
1394 1729 1723 1797 angustique
1760 1729 1911 1783 visus
1948 1729 2097 1783 arbi-

522 1827 716 1883 tratur,
757 1818 849 1888 qui
886 1818 1126 1873 stultitiae
1161 1833 1274 1873 suae
1298 1817 1432 1871 vitio
1472 1794 1654 1871 rerum
1691 1817 2094 1872 universitatem
2136 1794 2174 1847 Β

520 1918 785 1979 perpetuo
826 1908 1243 1978 circumspicere
1280 1924 1390 1962 non
1432 1907 1680 1977 possint,
1724 1923 1825 1963 nec
1873 1907 2097 1962 omnino

525 2000 785 2070 cogitare,
839 1999 1291 2053 innumerabilem
1336 2000 1535 2069 cuique
1569 2014 1795 2054 avorum
1835 2013 1957 2055 esse
1983 2013 2099 2053 ma-

522 2089 814 2160 iorumque
861 2090 1284 2155 multitudinem,
1333 2090 1388 2144 in
1439 2105 1549 2159 qua
1583 2104 1725 2160 saepe
1773 2089 2001 2145 divitum
2045 2097 2099 2145 et

518 2181 768 2252 inopum,
794 2196 984 2252 regum
1012 2191 1066 2236 et
1093 2197 1396 2247 servorum,
1426 2182 1781 2237 barbarorum
1806 2188 1859 2235 et
1884 2180 2099 2235 Graeco-

526 2288 646 2325 rum
698 2273 865 2327 series
900 2273 1109 2327 inﬁnita
1143 2273 1394 2329 ducatur.
1428 2272 1532 2339 Qui
1565 2275 1611 2328 si
1653 2273 1896 2343 quinque
1923 2286 1987 2327 ac
2014 2273 2097 2327 vi-

524 2365 657 2435 ginti
699 2366 966 2435 majorum
995 2374 1277 2420 stemmate
1307 2366 1628 2436 glorientur,
1650 2374 1746 2420 aut
1768 2380 1927 2421 suum
1955 2379 2097 2434 quo-

524 2474 631 2528 que
660 2474 829 2529 genus
870 2459 936 2513 ad
983 2457 1263 2513 Herculem
1308 2458 1718 2529 Amphitryonis
1756 2456 1924 2511 ﬁlium
1960 2455 2098 2511 refe-

523 2560 668 2615 rant,
693 2549 798 2604 vile
833 2550 998 2617 nimis
1044 2566 1109 2605 ac
1136 2550 1381 2620 putidum
1423 2550 1699 2620 iactantia:
1740 2564 1910 2618 genus
1952 2549 2097 2602 arbi-

524 2654 719 2698 tratur.
752 2641 887 2696 Nam
918 2642 1063 2713 quod
1094 2644 1236 2698 alius
1267 2655 1412 2697 retro
1454 2646 1678 2713 quintus
1710 2657 1773 2696 ac
1807 2641 2099 2695 vicesimus

525 2736 593 2789 ah
624 2735 1036 2806 Amphitryone,
1073 2736 1213 2791 alius
1258 2736 1326 2789 ab
1368 2735 1556 2789 eodem
1590 2732 2098 2805 quinquagesimus,

526 2842 592 2882 eo
626 2837 783 2882 natus
813 2835 1041 2897 uterque
1075 2828 1194 2882 loco
1225 2827 1313 2894 sit,
1340 2842 1500 2897 quem
1535 2841 1633 2880 sua
1664 2828 1861 2895 cuique
1884 2824 2098 2879 fortuna

526 2919 797 2984 statuerit,
838 2919 1010 2974 risum
1055 2929 1235 2973 tenere
1276 2934 1382 2973 non
1431 2928 1627 2987 potest,
1657 2932 1781 2971 cum
1826 2917 1963 2973 istos
2001 2931 2100 2971 nec

525 3025 710 3066 secum
744 3011 794 3064 id
834 3012 1092 3081 cogitare,
1128 3026 1227 3064 nec
1262 3009 1473 3065 stolidae
1520 3009 1715 3064 mentis
1746 3009 1975 3078 ineptias
2008 3024 2101 3062 ex-

523 3111 710 3159 cutere
730 3118 896 3173 posse
925 3103 1328 3157 animadvertit.
1368 3101 1508 3156 Idem
1544 3116 1673 3155 vero
1708 3100 1760 3154 in
1804 3102 1886 3155 his
1920 3101 2097 3155 omni-
2126 3143 2166 3200 Ο

522 3195 627 3249 bus
652 3195 721 3249 ab
753 3196 1033 3248 hominum
1064 3195 1223 3265 vulgo
1253 3194 1550 3257 deridetur,
1588 3193 1785 3262 partim
1820 3192 1961 3261 quod
1994 3207 2097 3246 cae-

523 3296 671 3342 teros
713 3296 1032 3358 arroganter
1075 3287 1351 3357 despicere
1393 3287 1675 3350 videatur,
1711 3284 1907 3353 partim
1952 3282 2097 3353 quod

522 3379 576 3433 in
610 3380 784 3433 obviis
816 3379 1125 3449 quibusque
1162 3378 1408 3433 excutiat
1439 3392 1503 3431 ac
1530 3376 1742 3430 titubet.
1772 3404 1841 3413 —
1867 3374 2099 3429 Prorsus

521 3470 598 3523 uti
640 3485 725 3524 res
758 3478 840 3523 est
871 3470 1129 3537 loqueris,
1150 3470 1232 3523 mi
1260 3468 1534 3523 Socrates.
1560 3497 1628 3507 —
1652 3466 1720 3521 At
1746 3480 1896 3532 vero,
1929 3463 2100 3518 Theo-

524 3562 675 3623 dore,
707 3560 750 3613 si
782 3576 942 3627 quem
977 3560 1216 3614 vicissim
1242 3574 1307 3614 ex
1338 3558 1456 3613 istis
1484 3572 1703 3613 sursum
1743 3555 2096 3628 philosophus

523 3653 778 3717 traxerit,
808 3667 1040 3720 eumque
1072 3650 1373 3722 angustiori
1416 3651 1517 3705 hac
1545 3650 1845 3720 quaestione
1886 3648 2095 3712 relicta,

504 3739 639 3809 Qua
678 3742 729 3794 in
763 3758 820 3796 re
850 3742 929 3796 vel
958 3756 1058 3813 ego
1083 3751 1155 3805 te,
1186 3742 1270 3797 vel
1295 3751 1353 3795 tu
1384 3756 1469 3796 me
1498 3740 1613 3811 ipse
1637 3740 1862 3803 laeseris,
1892 3740 1957 3793 ad
1991 3739 2101 3807 ple-

522 3848 649 3886 nam
681 3834 827 3887 illam
858 3842 912 3888 et
942 3834 1205 3902 integram
1233 3833 1299 3887 de
1318 3831 1526 3902 iustitia
1554 3839 1608 3885 et
1632 3830 1896 3900 injustitia
1919 3829 2099 3899 dispu-

522 3922 777 3976 tationem
822 3923 1098 3985 accedere,
1128 3921 1257 3992 quid
1299 3933 1391 3989 per
1424 3936 1543 3975 sese
1577 3930 1808 3989 utraque
1840 3920 1928 3982 sit,
1969 3917 2098 3989 quid

526 4012 607 4067 vel
644 4013 817 4068 ambae
847 4028 876 4066 a
907 4013 1116 4068 caeteris
1161 4012 1434 4075 omnibus,
1463 4011 1548 4065 vel
1576 4011 1745 4064 altera
1788 4009 1997 4064 dill‘erat
2030 4010 2099 4065 ab

520 4106 706 4170 altera,
755 4105 1039 4159 enucleare
1075 4104 1347 4174 jusserit:
1381 4111 1473 4173 aut
1520 4100 1564 4157 si
1610 4101 1857 4155 eumdem
1890 4102 1957 4154 ah
2008 4100 2098 4155 illo

521 4194 750 4263 vulgari,
782 4191 975 4247 Utrum
1006 4193 1312 4247 fortunatus
1341 4207 1436 4245 rex
1477 4191 1565 4245 ille
1591 4192 1680 4251 sit,
1721 4191 1811 4259 qui
1848 4204 2096 4260 magnam

522 4283 641 4336 auri
674 4282 782 4336 vim
834 4282 1127 4351 possideat,
1171 4281 1239 4335 ad
1291 4281 1599 4334 universam
1636 4279 1789 4349 regni
1856 4279 2098 4348 adeoque

524 4374 689 4428 totius
724 4374 976 4427 humanae
1025 4372 1297 4427 felicitatis
1344 4379 1438 4424 aut
1486 4370 1718 4423 miseriae
1764 4369 2097 4438 contempla-

2210 539 2615 610 Ἀμφιτρύωνος
2661 543 2739 603 εἰς
2788 540 2847 592 τὸ
2878 539 2989 593 ἄνω
3014 543 3510 607 πεντεκαιεικοστὸς
3533 547 3737 611 τοιοῦτος

2198 627 2284 701 ἦν,
2308 631 2392 682 οἵα
2418 630 2728 683 συνέϐαινεν
2753 631 2901 700 αὑτῷ
2929 632 3086 703 τύχῃ,
3115 632 3209 685 καὶ
3235 635 3263 686 ὁ
3286 636 3630 705 πεντηκοστὸς
3657 639 3738 691 ἀπ’

2198 718 2383 780 αὐτοῦ,
2425 719 2580 788 γελᾷ,
2614 719 2672 787 οὐ
2703 718 3013 788 δυναμένων
3045 714 3352 787 λογίζεσθαί
3381 740 3439 774 τε
3471 726 3558 776 καὶ
3577 727 3739 794 χαυνό-

2198 829 2335 882 τητα
2363 812 2591 882 ἀνοήτου
2614 811 2790 881 ψυχῆς
2819 810 3199 865 ἀπαλλάττειν.
3245 815 3333 868 Ἐν
3359 815 3529 868 ἅπασι
3555 817 3605 869 δὲ
3638 819 3737 870 τού-

2197 920 2309 964 τοις
2344 904 2372 954 ὁ
2400 902 2640 965 τοιοῦτος
2666 903 2769 955 ὑπὸ
2790 903 2895 955 τῶν
2924 903 3132 956 πολλῶν
3164 906 3547 974 καταγελᾶται,
3569 908 3629 960 τὰ
3660 910 3738 977 μὲν

2199 995 2563 1064 ὑπερηφάνως
2594 993 2729 1063 ἔχων
2757 994 2833 1057 ὡς
2883 994 3064 1057 δοκεῖ,
3097 995 3166 1047 τά
3204 995 3247 1047 δ’
3278 997 3335 1049 ἐν
3371 996 3525 1049 ποσὶν
3569 998 3739 1064 ἀγνοῶν

2198 1104 2255 1139 τε
2279 1088 2372 1140 καὶ
2398 1088 2455 1139 ἐν
2492 1087 2742 1150 ἑκάστοις
2770 1087 3008 1156 ἀπορῶν.
3043 1116 3109 1124 --
3139 1088 3460 1142 Παντάπασι
3492 1088 3558 1140 τὰ
3598 1090 3741 1156 γιγνόο

2203 1196 2338 1250 μενα
2368 1178 2543 1247 λέγεις
2562 1219 2575 1242 ,
2608 1173 2652 1231 ὦ
2690 1177 2995 1249 Σώκρατες.
3024 1208 3097 1218 —-
3128 1179 3296 1232 Ὅταν
3325 1179 3383 1233 δέ
3412 1179 3473 1248 γέ
3529 1197 3640 1232 τινα
3663 1182 3739 1232 αὒ-

2199 1272 2289 1335 τὸς
2311 1271 2441 1341 (55),
2470 1265 2514 1322 ὦ
2546 1272 2687 1339 φίλε,
2728 1270 2937 1341 ἐλκύσῃ
2980 1272 3111 1335 ἀνω,
3140 1272 3235 1326 καὶ
3290 1272 3523 1344 ἐθελήσῃ
3552 1290 3628 1335 τις
3666 1274 3739 1327 αὖ·

2199 1364 2305 1415 τῶν
2334 1362 2444 1432 (56)
2475 1362 2699 1431 ἐκϐῆναι
2723 1362 2787 1413 ἐκ
2815 1361 2931 1425 τοῦ,
2960 1363 3024 1415 Τί
3052 1361 3162 1431 ἐγώ
3202 1379 3257 1417 σε
3285 1363 3457 1416 ἀδικῶ
3486 1363 3520 1433 ἢ
3566 1364 3624 1416 σὺ
3647 1364 3738 1433 ἐμὲ,

2200 1455 2279 1517 είς
2307 1453 2498 1523 σκέψιν
2522 1448 2587 1506 αὖ
2615 1452 2962 1523 δικαιοσύνης
2989 1470 3047 1505 τε
3074 1454 3169 1506 καὶ
3196 1452 3443 1516 ἀδικίας,
3474 1453 3529 1506 τί
3559 1471 3613 1506 τε
3642 1454 3742 1507 ἐκά·

2199 1562 2357 1617 τερον
2385 1545 2591 1608 αὐτοῖν,
2628 1545 2720 1597 καὶ
2755 1544 2807 1597 τί
2837 1543 2944 1596 τῶν
2977 1545 3193 1598 πάντων
3238 1544 3270 1615 ἢ
3316 1544 3563 1613 ἀλλήλων
3597 1544 3743 1615 διαφέ-

2202 1656 2384 1710 ρετον·
2413 1640 2444 1710 ἢ
2472 1640 2536 1691 ὲκ
2556 1637 2670 1699 τοῦ,
2689 1638 2751 1689 Εἰ
2782 1636 3038 1707 βασιλεὺς
3064 1636 3333 1706 εὐδαίμων
3360 1637 3676 1708 κεκτημένος
3698 1656 3742 1691 τε

2201 1728 2267 1783 αὖ
2301 1729 2432 1783 πολὺ
2464 1728 2703 1800 χρυσίον,
2733 1730 2812 1792 εἰς
2840 1728 3117 1798 βασιλείας
3151 1727 3279 1797 πέρι
3306 1730 3400 1781 κα).
3438 1727 3741 1799 ἀνθρωπίνης

2200 1819 2335 1882 ὅλως
2368 1818 2714 1889 εὐδαιμονίας
2744 1818 2838 1870 καὶ
2864 1816 3181 1887 ἀθλιότητος
3204 1815 3516 1885 ἐπίσκεψιν,
3546 1817 3674 1870 ποίω
3699 1818 3742 1868 τὲ

2198 1912 2310 1964 τινέ
2342 1913 2495 1963 ἐστον
2514 1953 2527 1975 ,
2570 1911 2665 1964 καὶ
2693 1911 2814 1962 τίνα
2844 1909 3043 1980 τρόπον
3099 1906 3389 1979 ἀνθρώπου
3422 1907 3581 1977 φύσει
3608 1925 3742 1978 apo:-

2200 2006 2322 2076 ήκει
2351 2004 2411 2057 τὸ
2438 2004 2535 2074 μὲν
2565 2004 2870 2075 κτήσασθαι
2898 2003 3103 2065 αὐτοῖν,
3129 2001 3188 2053 τὸ
3209 2001 3264 2054 δὲ
3288 2003 3587 2071 ἀποφυγεῖν
3606 2018 3619 2032 ·
3644 2000 3743 2069 περὲ

2200 2097 2413 2149 πάντων
2437 2095 2641 2148 τούτων
2670 2096 2798 2148 ὅταν
2824 2088 2889 2147 αὖ
2910 2093 3018 2147 δέοι
3046 2093 3202 2161 λόγον
3223 2092 3419 2145 διδόναι
3436 2093 3529 2145 τὸν
3558 2091 3747 2162 σμικρὸν

2200 2191 2405 2242 ἐκεῖνον
2439 2188 2536 2260 τὴν
2564 2187 2763 2259 ψυχὴν,
2793 2188 2885 2240 κα).
2915 2187 3135 2257 δριμὺν,
3164 2187 3257 2239 καὶ
3283 2186 3577 2247 δικανικὸν,
3617 2184 3746 2236 πάλιν

2200 2278 2267 2334 αὖ
2294 2281 2622 2354 ἀντίστροφα
2650 2279 2975 2334 ἀποδίδωσιν
2994 2293 3010 2309 ⁸
3050 2277 3295 2347 ἰλιγγιῶν
3324 2295 3383 2332 τε
3417 2278 3527 2349 γὰρ
3558 2277 3644 2329 καὶ
3665 2277 3747 2328 ἀπὸ

2201 2372 2405 2444 ὑψηλοῦ
2458 2372 2808 2444 κρεμασθεὶς,
2861 2371 2955 2424 καί⁸
2988 2368 3199 2439 βλέπων
3253 2369 3530 2441 μετέωρος
3577 2367 3747 2422 ἀνωθεν

2200 2465 2305 2518 ὑπὸ
2361 2464 2618 2535 ἀληθείας
2649 2462 2759 2535 (57)
2790 2462 3074 2534 ἀδημονῶν
3104 2479 3163 2515 τε
3183 2503 3197 2525 ,
3247 2462 3341 2514 καὶ
3391 2461 3611 2530 ἀπορῶν
3633 2500 3647 2521 ,
3676 2462 3749 2509 κεί

2203 2555 2568 2628 βαρϐαρίζων,
2602 2555 2810 2624 γέλωτα
2834 2552 3105 2624 Θράτταις
3133 2552 3232 2622 μὲν
3255 2552 3315 2604 ού
3354 2552 3618 2622 παρέχει,
3660 2548 3747 2600 οὐδ’

2201 2646 2347 2716 ἄλλῳ
2379 2645 2689 2715 ἀπαιδεύτῳ
2712 2645 2905 2710 οὐδενὶ,
2938 2646 2998 2697 οὑ
3032 2643 3141 2713 γὰρ
3183 2642 3563 2711 αἰσθάνονται·
3598 2644 3696 2702 toi;
3716 2639 3749 2689 δ’

2200 2738 2541 2809 ἐναντίως,ῆ
2598 2737 2673 2801 ὡς
2701 2736 3052 2807 ἀνδραπόδοις
3085 2737 3338 2809 τραφεῖσι
3380 2735 3568 2786 πᾶσιν.
3612 2726 3751 2791 Οὗτος

2201 2831 2265 2901 δὴ
2300 2830 2559 2901 ἐκατέρου
2591 2828 2810 2899 τρόπος,
2842 2822 2885 2880 ὦ
2930 2826 3195 2894 Θεόδωρε.
3234 2825 3290 2877 '0
3319 2825 3439 2895 μὲν,
3478 2824 3557 2894 τῷ
3583 2825 3684 2876 ὁντι
3708 2826 3755 2872 ἐν

2207 2923 2493 2994 ἐλευθερίᾳ
2531 2939 2589 2974 τε
2616 2921 2709 2974 καὶ
2738 2920 2899 2991 σχολῇ
2922 2917 3393 2990 τεθραμμένου.ὃν
3417 2917 3483 2986 δὴ
3501 2915 3755 2984 φιλόσοφον

2204 3015 2408 3077 καλεῖς,
2436 3007 2480 3081 ᾧ
2508 3015 2841 3084 ἀνεμέσητον
2871 3012 3055 3082 εὐήθει
3078 3012 3267 3096 δοκεῖν-
3280 3010 3377 3083 καὶ
3408 3003 3754 3072 οὐδενὶβίῧιαι,

2205 3108 2435 3171 “uel;
2462 3102 3349 3178 ⁵δοιῡιωιςὶ-ἐὲμαπέσῃ’διακονήματα,
3390 3099 3506 3158 οἷον
3537 3119 3758 3176 στρωμα-

2200 3198 2456 3268 τόδεσμον
2496 3197 2570 3268 μὴ
2597 3198 2954 3266 ἐπιστάμενος
2982 3196 3446 3259 συσκευάσασθαι,
3488 3198 3617 3267 μηδὲ
3647 3196 3759 3265 ὄψον

2198 3289 2386 3360 ἡδῦναι
2416 3330 2430 3355 ,
2462 3288 2495 3359 ἦ
2553 3288 2739 3350 θῶπας
2768 3288 2959 3355 λόγους
2980 3305 2991 3318 ·
3027 3286 3056 3337 ὁ
3081 3287 3124 3339 δ’
3154 3283 3243 3352 αὖ,
3296 3286 3367 3339 τὰ
3412 3288 3511 3357 μὲν
3563 3286 3756 3339 τοιαῦτα

2201 3378 2376 3431 πάντα
2400 3377 2694 3447 δυναμένου
2732 3376 2906 3447 τορῶς
2945 3393 3002 3429 τε
3035 3378 3129 3429 καὶ
3154 3374 3319 3440 ὀξέως
3342 3377 3631 3440 διακονεῖν,
3656 3378 3761 3429 ἀνα-

2201 3469 2486 3523 ϐάλλεσθαι
2520 3469 2577 3521 δὲ
2606 3470 2705 3521 οὐκ
2734 3468 3101 3539 ἐπισταμένου
3130 3469 3223 3521 ἐπὶ
3262 3467 3411 3533 δεξιά
3461 3468 3757 3540 ἐλευθέρως,

2198 3561 2306 3614 οὐδ’
2337 3562 2600 3633 ἁρμονίαν
2631 3560 2743 3631 (58)
2773 3560 2947 3629 λόγων
2998 3561 3251 3624 λαϐόντος
3307 3561 3487 3633 ὀρθῶς
3545 3561 3761 3632 ὑμνῆσαι

2200 3653 2337 3706 θεῶν
2364 3672 2423 3707 τε
2462 3653 2556 3707 καὶ
2599 3652 2807 3726 ἀνδρῶν
2861 3652 3193 3724 εὐδαιμόνων
3223 3653 3338 3723 βίον
3382 3654 3583 3725 ἀληθῆ.
3615 3682 3681 3694 -
3709 3652 3760 3703 Εἰ

2200 3746 2426 3809 πάντας,
2455 3739 2500 3799 ὦ
2535 3744 2840 3816 Σώκρατες,
2880 3745 3085 3809 πείθοις
3123 3745 3158 3799 ἀ
3198 3745 3378 3814 λέγεις
3418 3746 3612 3817 ὥσπερ
3657 3743 3761 3812 ita.

2200 3837 2400 3891 πλείων
2431 3838 2496 3891 ἂν
2545 3838 2733 3909 εἰρήνη
2761 3837 2856 3890 καὶ
2879 3836 3025 3891 κακά
3050 3836 3258 3891 ἐλάττω
3296 3838 3419 3890 κατ’
3462 3835 3761 3907 ἀνθρώπους

2199 3930 2307 4001 εἴη.
2339 3960 2406 3970 --
2444 3930 2583 3983 Ἀλλ’
2636 3929 2747 3982 οὔτ’
2780 3928 3075 3983 ἀπολέσθαι
3130 3928 3200 3982 τά
3259 3928 3409 3983 κακά
3458 3928 3700 3989 δυνατὸν,
3726 3919 3765 3976 ὦ

2200 4021 2441 4092 Θεόδωρε
2485 4021 2841 4088 (ὑπεναντίον
2883 4020 2995 4092 γάρ
3048 4019 3205 4090 τιτῷ
3249 4020 3443 4091 ἀγαθῷ
3495 4022 3606 4075 αἰεὶ
3644 4014 3764 4072 εἶναι

2199 4110 2472 4181 ἀνάγκη),
2501 4110 2615 4164 οὔτ’
2643 4113 2699 4165 ἐν
2731 4110 2873 4174 θεοῖς
2896 4109 3035 4165 αὑτά
3066 4108 3331 4180 ἰδρύσθαι.
3364 4110 3478 4182 Τὴν
3495 4112 3555 4164 δὲ
3583 4110 3766 4182 θνητὴν

2200 4205 2361 4274 φύσιν
2388 4205 2482 4256 καὶ
2508 4202 2657 4255 τόνδε
2682 4202 2772 4255 τὸν
2804 4202 2965 4254 τόπον
2987 4199 3272 4271 περιπολεῖ
3293 4201 3356 4264 ἐξ
3387 4203 3658 4271 ἀνάγκης.
3687 4200 3767 4252 Διὸ

2198 4295 2291 4349 καὶ
2319 4293 2609 4367 πειρᾶσθαι
2631 4293 2734 4365 χρὴ
2763 4292 2970 4345 ἐνθένδε
2989 4294 3166 4344 ἐκεῖσε
3186 4290 3405 4359 φεύγειν
3427 4293 3509 4345 ὅτι
3531 4295 3763 4364 τάχιστα,

2199 4388 2345 4459 Φυγὴ
2367 4387 2423 4440 δὲ
2456 4387 2713 4458 ὁμοίωσις
2736 4384 2855 4455 Θεῷ
2888 4384 3028 4438 κατά
3051 4385 3113 4437 τὸ
3137 4383 3363 4437 δυνατόν
3383 4402 3396 4415 ⁶
3440 4386 3697 4455 ὁμοίωσις
3719 4384 3768 4435 δέ

522 4470 726 4523 tionem
760 4467 1080 4529 traduxerit,
1117 4475 1177 4519 ut
1205 4472 1425 4527 statuat,
1457 4472 1566 4516 tum
1597 4478 1845 4531 quaenam
1874 4465 2089 4533 propria

2200 4476 2311 4527 ἐστι
2361 4474 2565 4528 δίκαιον
2619 4474 2712 4525 καὶ
2744 4473 2886 4526 ὅσιον
2935 4471 3073 4542 μετά
3128 4474 3446 4544 φρονήσεως
3505 4474 3763 4543 γενέσθαι.

522 4561 593 4614 sit
636 4561 919 4629 utriusque
955 4558 1126 4624 ratio,
1159 4568 1271 4612 tum
1316 4554 1775 4626 quemadmodum
1811 4564 2093 4627 utramque

521 4652 604 4706 vel
642 4652 917 4720 suspicere
952 4650 1033 4703 vel
1079 4649 1350 4704 declinare
1384 4646 1621 4699 hominis
1657 4654 1864 4699 natura:
1894 4659 2091 4700 conve-

522 4743 654 4797 niat.
687 4742 762 4797 De
796 4742 879 4796 his
908 4741 1159 4797 omnibus
1184 4755 1306 4797 cum
1336 4746 1524 4793 nostro
1559 4737 1683 4791 huic
1711 4746 1818 4790 tam
1853 4747 2096 4807 angustae

520 4835 751 4899 mentis,
783 4849 943 4904 quam
987 4834 1099 4887 acri
1147 4849 1211 4887 ac
1258 4832 1563 4886 vehementi
1605 4828 1807 4883 rabula:
1857 4844 2096 4897 pronun-

522 4926 767 4982 tiandum
808 4926 943 4987 erit,
995 4933 1111 4978 tum
1144 4924 1418 4978 enimvero
1458 4920 1750 4990 quamdam
1794 4920 1957 4973 veluti
2018 4930 2097 4974 ta-

523 5018 684 5072 lienis
730 5018 901 5087 legem
939 5016 1160 5070 subibit.
1197 5013 1331 5068 Nam
1376 5029 1405 5067 e
1433 5011 1710 5080 superiore
1742 5011 1859 5065 loco
1890 5011 2095 5080 pendu-

522 5108 630 5169 lus,
662 5116 714 5161 et
745 5105 1002 5159 inferiora
1035 5105 1338 5174 despiciens
1363 5142 1376 5166 ,
1424 5101 1712 5155 insolentia
1750 5102 1829 5153 rei
1882 5102 2091 5171 vertigi-

524 5212 645 5250 nem
693 5197 873 5251 subito
909 5196 1160 5265 patietur,
1207 5204 1262 5250 et
1309 5194 1502 5264 partim
1541 5192 1843 5255 aestuando,
1896 5193 2092 5261 partim

599 5332 710 5403 (54)
735 5334 1184 5401 Σμικρολογιάς.
1214 5330 1354 5400 Lege
1384 5328 1481 5397 τῆς
1510 5326 1757 5396 σμικρολ.
1782 5344 1847 5381 ex
1871 5325 2093 5382 Platone

523 5413 577 5457 et
609 5405 997 5457 manuscrinto.

594 5472 705 5552 (55)
746 5466 956 5552 Αὐτός.
1002 5474 1201 5552 llecte,
1251 5485 1354 5552 non
1397 5466 1696 5552 a.516V,Lul
1846 5466 2088 5549 Platone.

521 5536 785 5609 Deinceps
812 5536 955 5596 enim
983 5544 1047 5596 de
1079 5541 1398 5609 philosopho
1428 5541 1564 5609 ipso
1591 5536 1850 5609 loquitur,
1880 5539 1972 5607 qui
2008 5540 2091 5590 vi-

522 5614 704 5666 cissim
726 5605 735 5609 ⁷
754 5612 1024 5666 hominem
1079 5605 1398 5679 ἀφιλόσοφον
1420 5605 1458 5669 ,θ
1485 5605 1577 5658 καὶ
1628 5605 1881 5677 ἀγοραῖόν
1901 5605 1910 5607 ⁷
1933 5625 2051 5659 τινα
2074 5647 2088 5669 ,

523 5681 788 5742 traducat,
826 5683 1217 5749 ridendnntque
1244 5688 1524 5748 proponet.

594 5752 705 5823 (56)
754 5751 843 5816 Τίς
870 5752 1082 5805 αὐτῶν.
1115 5750 1323 5804 Mallem
1357 5752 1484 5803 abes
1519 5764 1545 5802 ί)
1584 5752 1661 5814 τις
1683 5791 1695 5813 ,
1744 5759 1793 5803 (ἰ
1825 5750 2000 5804 αὐτῶν
2036 5751 2087 5807 in

2211 4564 2369 4617 Ἀλλά
2395 4565 2523 4635 γὰρ,
2559 4560 2603 4618 ὧ
2628 4566 2835 4635 ἄριστε,
2880 4565 2940 4616 οὐ
2976 4564 3116 4616 πάνυ
3147 4581 3199 4617 τι
3232 4566 3413 4636 ῥᾴδιον
3466 4570 3676 4630 πεῖσαι,
3704 4566 3769 4625 ὡς

2196 4657 2301 4727 ἄρα
2327 4657 2424 4727 οὐχ
2476 4653 2550 4709 ὧν
2601 4657 2759 4709 ἓνεκα
2782 4658 2829 4708 οἰ
2864 4655 3044 4707 πολλοί
3073 4673 3200 4723 φασι
3244 4656 3352 4709 δεῖν
3383 4660 3654 4729 πονηρίαν
3684 4657 3768 4727 μὲν

2196 4744 2438 4813 φεύγειν,
2502 4743 2699 4816 ἀρετὴν
2738 4744 2793 4797 δὲ
2824 4742 3060 4807 διώκειν,
3112 4743 3316 4798 τούτων
3371 4747 3541 4815 χάριν
3590 4748 3650 4798 τὸ
3684 4747 3768 4817 μὲν

2196 4833 2591 4903 ἐπιτηδευτέον,
2618 4832 2678 4885 τὸ
2702 4832 2745 4885 δ’
2772 4830 2854 4893 οὒ,
2884 4833 2970 4885 ἵνα
2996 4832 3051 4884 δὲ
3095 4832 3204 4901 (59)
3236 4832 3308 4903 μὴ
3343 4833 3544 4898 κακὸς,
3569 4836 3663 4887 καὶ
3695 4835 3769 4885 ἵνα

2197 4924 2396 4992 ἀγαθὸς
2431 4924 2558 4995 δοκῇ
2585 4919 2744 4977 εἶναι.
2780 4922 2967 4976 Ταῦτα
2994 4924 3091 4993 μὲν
3114 4924 3221 4993 γάρ
3246 4926 3393 4977 ἐστιν
3421 4925 3453 4976 ὁ
3489 4925 3773 4995 λεγόμενοε

2196 5013 2379 5084 γραῶν
2428 5013 2602 5075 ὕθλος,
2647 5014 2721 5076 ὡς
2749 5012 2870 5083 ἐμοὶ
2906 5012 3187 5081 φαίνεται’
3221 5012 3279 5066 τὸ
3320 5014 3376 5067 δὲ
3432 5015 3642 5085 ἀληθὲς
3681 5009 3770 5067 ὦδε

2196 5106 2461 5175 λέγομεν.’
2483 5105 2614 5167 Θεὸς
2650 5104 2860 5174 οὐδαμῆ
2881 5104 3131 5174 οὐδαμῶς
3151 5103 3354 5165 ἄδικος,
3568 5107 3645 5169 ὡς
3674 5100 3771 5157 οἷον

2194 5213 2252 5248 τε
2277 5196 2609 5258 δικαιότατος
2630 5212 2642 5225 ο
2686 5196 2777 5248 καὶ
2805 5195 2903 5247 οὐκ
2930 5194 3076 5248 ἔστιν
3108 5193 3255 5263 αὐτῷ
3284 5196 3611 5267 ὁμοιότερον
3634 5196 3773 5248 οὐδὲν

2194 5333 2356 5385 αὐτόν
2403 5333 2639 5396 mutari,
2671 5348 2833 5387 sensu
2876 5331 3220 5396 clarissimo,
3252 5331 3345 5401 qui
3388 5331 3611 5401 alioqui
3658 5347 3771 5401 per-

2194 5404 2745 5542 οὒῗὲἓιῖυξίληθείας,
2779 5470 3191 5542 Βοροιιεηὸιιιῐι,
3227 5486 3290 5526 ex
3315 5468 3553 5526 Platone
3577 5480 3633 5526 et
3666 5487 3773 5525 rna-

2194 5544 2509 5609 nuscriptis,
2542 5543 2784 5611 ἀηθείας.

2265 5612 2374 5680 (58)
2420 5612 2555 5664 Οὐδ’
2590 5609 2899 5681 ἁρμονίαν,
2929 5611 3119 5667 Melius
3165 5627 3231 5666 ex
3276 5609 3535 5678 Platone,
3565 5611 3687 5667 οὐδὲ
3715 5624 3777 5681 τι

2263 5700 2373 5822 (g9)
2418 5754 2537 5807 "Im
2571 5752 2656 5808 δέ.
2690 5752 2827 5823 Lege
2858 5752 2942 5805 ἵνα
2970 5752 3057 5823 δή,
3089 5762 3148 5807 ιιι
3179 5751 3319 5820 apud
3344 5751 3674 5808 Platonem.
