3994 6384
197 383 325 437 ιυθὸ

1372 381 1697 439 ΡῐὶᾸίΡΑῐζ.
1741 385 1992 442 EVANG.
2038 387 2162 442 LIB.
2206 385 2321 446 XII.

3327 400 3460 454 l006

191 502 225 561 ἢ
243 500 301 562 ὃς
329 498 396 551 ἂν
421 498 591 568 ἡμῶν
620 494 692 553 αὖ
729 497 948 569 γένηται
973 499 1054 552 ὅτι
1091 498 1450 563 δικαιότατος.
1506 503 1638 572 Περὶ
1667 502 1775 555 τοῦ-

1884 505 2205 572 ιιωείιιιιιιιο,
2234 508 2431 576 partim
2477 507 2768 565 barbarum
2804 514 2984 568 nescio
3013 515 3144 584 quid
3189 529 3464 570 commur-

189 609 274 646 τον
325 589 437 661 (60)
498 591 600 642 καὶ
707 592 779 655 ὡς
815 591 1029 661 ἀληθῶς
1059 592 1298 661 δεινότης
1344 593 1535 663 ἀνδρὸς
1559 635 1573 658 ,
1611 594 1703 646 καὶ
1751 596 1784 665 ἡ

189 682 435 753 εὐγένειά
466 701 554 744 τε,
595 687 699 737 καὶ
735 687 766 754 ἡ
799 684 1038 752 ἀνδρεία.
1075 685 1138 736 ’Π
1175 685 1272 754 μὲν
1297 684 1405 755 γὰρ
1433 684 1618 738 τούτου
1647 686 1786 754 γνῶ-

192 795 287 841 σις,
317 775 482 845 σοφία
511 778 616 829 καὶ
658 777 827 847 ἀρετὴ
878 774 1103 847 ἀληθινή
1126 793 1139 807 ·
1177 778 1210 846 ἡ
1238 777 1293 830 δὲ
1333 779 1544 846 ἄγνοια,
1574 779 1784 849 ἀμαθία

190 871 275 924 καὶ
303 869 472 921 κακία
499 870 771 940 ἐναργής.
800 870 864 920 Ai
891 869 935 922 δ’
967 869 1123 922 ἄλλαι
1150 867 1454 940 δεινότητές
1490 887 1550 923 τε
1594 871 1783 924 δοκοῦ-

191 978 272 1013 σαι
308 959 404 1012 καὶ
433 959 658 1026 σοφίαι,
688 961 744 1012 ἐν
774 960 871 1030 μὲν
901 959 1202 1023 πολιτικαῖς
1227 960 1564 1025 δυναστείαις
1599 963 1783 1031 γιγνό-

191 1067 362 1121 μεναι,
427 1051 724 1122 φορτικαὶ,
778 1054 835 1104 ὲν
864 1052 920 1104 δὲ
973 1052 1201 1123 τέχναις,
1251 1053 1524 1122 βάναυσοι.
1568 1054 1657 1124 Τῷ
1693 1051 1784 1108 οὖν

191 1141 455 1197 ἀδικοῦντι
530 1145 628 1200 καὶ
687 1145 876 1198 ἀνόσια
908 1143 1118 1214 λέγοντι
1163 1146 1197 1218 ἢ
1243 1146 1534 1215 πράττοντι
1587 1147 1783 1218 μακρῷ

188 1237 354 1305 ἄριστ’
390 1236 509 1305 ἔχει
546 1237 612 1289 τὸ
643 1237 716 1308 μὴ
752 1240 1053 1310 συγχωρεῖν
1084 1237 1196 1307 (61)
1225 1237 1383 1308 δεινῷ
1408 1239 1513 1291 ὑπὸ
1543 1257 1782 1310 πανουρ-

189 1327 304 1394 γίας
338 1321 506 1378 εἶναι.
549 1328 905 1395 Ἀγόιλλονται
944 1328 1050 1399 γὰρ
1088 1327 1167 1398 τῷ
1197 1328 1418 1394 ὀνείδει,
1461 1331 1552 1383 καὶ
1584 1332 1782 1386 οἴονται

189 1419 422 1482 ἀκούειν,
455 1420 541 1472 ὅτι
571 1422 638 1472 οὐ
667 1420 819 1490 λῆροί
847 1421 973 1481 είσι,
1007 1419 1108 1489 γῆς
1142 1418 1316 1484 ἄλλως
1347 1421 1519 1492 ἄχθη,
1551 1422 1664 1475 ἀλλ’
1686 1423 1781 1476 ἄν-

190 1510 304 1580 δρες
331 1509 480 1572 οἴους
511 1508 600 1561 δεῖ
623 1511 684 1562 ἐν
707 1510 858 1564 πόλει
892 1514 1017 1575 τοὺς
1063 1512 1498 1583 σωθησομένους.
1551 1515 1782 1567 Λεκτέον

191 1597 274 1653 οὖν
307 1601 573 1671 τάληθὲς,
605 1603 686 1655 ὅτι
711 1604 948 1675 τοσούτῳ
976 1605 1179 1677 μᾶλλόν
1212 1607 1346 1659 εἰσιν
1380 1599 1479 1657 οἷοι
1506 1606 1605 1658 οὐκ
1646 1607 1782 1658 οίον-

190 1711 292 1759 ται,
319 1695 400 1746 ὅτι
427 1695 562 1764 οὐχὶ
597 1698 819 1750 οἴονται.
859 1699 1137 1767 Ἀγνοοῦσι
1164 1699 1272 1770 γὰρ
1304 1699 1506 1770 ζημίαν
1544 1699 1778 1763 ἀδικίας,

192 1787 253 1855 ἣν
298 1787 378 1838 δεῖ
412 1787 625 1856 ἥκιστα
684 1792 916 1860 ἀγνοεῖν.
978 1792 1051 1846 Οὐ
1104 1791 1212 1862 γάρ
1239 1793 1407 1856 ἐστιν,
1453 1793 1519 1863 ἢν
1544 1792 1776 1854 δοκοῦσι,

193 1874 388 1945 πληγαί
415 1892 474 1927 τε
502 1879 604 1930 καὶ
627 1877 864 1945 Θάνατοι,
889 1873 966 1934 ὧν
994 1880 1164 1934 ἐνίοτε
1197 1881 1497 1953 πάσχουσιν
1529 1881 1641 1950 (6.9.)
1685 1883 1775 1934 οὐ-

191 1965 274 2018 δὲν
300 1966 648 2032 ἀδικοῦντες,
676 1969 810 2023 ἀλλὰ
837 1973 903 2042 ἥν
937 1971 1196 2026 ἀδύνατον
1229 1975 1507 2042 ἐκφυγεῖν.
1549 2002 1616 2011 -—-
1647 1975 1778 2026 Τίνα

193 2055 252 2127 δὴ
279 2057 460 2125 λέγεις
483 2076 498 2123 ;
526 2093 601 2100 —
629 2063 1119 2134 Παραδειγμάτων,
1168 2059 1212 2117 ὦ
1248 2065 1367 2134 φίλε
1389 2105 1402 2128 ,
1451 2067 1507 2117 ἐν
1564 2066 1642 2135 τῷ
1665 2067 1778 2118 ὄντι

195 2149 457 2214 ἑστώτων,
526 2153 627 2206 τοῦ
663 2155 760 2226 μὲν
795 2155 940 2209 θείου
998 2157 1506 2228 εὐδαιμονεστάτου,
1575 2157 1670 2210 τοῦ
1723 2158 1778 2210 δὲ

195 2240 345 2295 ἀθέου
384 2244 732 2300 ἀθλιωτάτου
757 2265 769 2277 ·
795 2249 895 2319 οὐχ
936 2250 1170 2320 ὁρῶντες
1197 2251 1280 2303 ὅτι
1309 2249 1480 2313 οὕτως
1511 2250 1643 2319 ἔχει,
1676 2250 1780 2303 ὑπὸ

195 2331 528 2405 ἠλιθιότητός
564 2354 623 2390 τε
656 2337 746 2390 καὶ
786 2339 881 2410 τῆς
921 2340 1157 2410 ἐσχάτης
1196 2340 1407 2403 ἀνοίας,
1461 2339 1777 2395 λανθάνουσι

193 2424 264 2495 τῷ
307 2426 404 2496 μὲν
447 2429 800 2498 ὁμοιούμενοι
849 2430 938 2485 διὰ
985 2430 1084 2495 τὰς
1108 2433 1326 2495 ἀδίκους
1356 2432 1601 2503 πράξεις,
1623 2433 1700 2504 τῷ
1723 2433 1780 2486 δὲ

197 2523 607 2594 ἀνομοιούμενοι
625 2543 638 2556 ·
658 2518 718 2578 οὗ
745 2526 808 2597 δὴ
834 2525 1038 2580 τίνουσι
1057 2526 1233 2598 δίκην,
1263 2525 1461 2591 ζῶντες
1475 2526 1566 2580 τὸν
1595 2527 1780 2580 εἰκότα

197 2612 302 2682 βίον
395 2616 737 2686 δμοισῦνται.
760 2619 854 2670 Ἀν
876 2619 933 2672 δὲ
963 2618 1228 2690 εἴπωμεν,
1269 2620 1371 2682 ὅτι,
1411 2618 1478 2672 ἂν
1504 2619 1578 2690 μὴ
1604 2618 1778 2672 ἀπαλ-

195 2705 391 2773 λιγῶσι
445 2709 558 2778 τῆς
596 2709 917 2780 δεινότητος,
953 2710 1046 2763 καὶ
1108 2709 1540 2781 τελευτήσαντας
1583 2713 1780 2774 αὐτοὺς

198 2796 392 2860 ἐκεῖνος
429 2799 534 2868 μὲν
569 2802 596 2852 ὁ
621 2799 729 2854 τῶν
760 2799 946 2852 κακῶν
981 2799 1221 2872 καθαρὸς
1259 2801 1424 2865 τόπος
1449 2803 1510 2854 οὐ
1547 2801 1774 2867 δέξεται,

199 2888 372 2943 nosse
401 2891 459 2944 δὲ
487 2891 593 2962 τὴν
625 2891 806 2956 αὐτοῖς
831 2892 1126 2963 ὁμοιότητα
1158 2893 1432 2964 διαγωγῆς
1462 2894 1549 2946 ἀεὶ
1577 2893 1775 2961 ἕξουσι,

197 2983 346 3034 κακοὶ
378 2985 578 3046 κακοῖς
603 2983 872 3048 συνόντες,
891 2984 1064 3038 ταῦτα
1095 2985 1160 3056 δὴ
1187 2986 1282 3040 καὶ
1319 2985 1663 3039 παντάπασιν
1703 2987 1778 3052 ὡς

195 3071 345 3124 δεινοὶ
370 3073 467 3126 καὶ
503 3073 804 3146 πανοῦργοι
842 3075 1083 3147 ἀνοήτων
1121 3076 1282 3128 τινῶν
1329 3075 1672 3131 ἀκούσονται.
1705 3107 1780 3117 -

198 3162 298 3214 Καὶ
326 3164 472 3233 μάλα
511 3165 594 3235 δὴ,
625 3159 671 3217 ὦ
702 3164 1008 3237 Σώκρατες.
1050 3198 1119 3207 -
1145 3163 1278 3222 Οἶδά
1315 3185 1430 3231 τοι,
1477 3162 1522 3220 ὦ
1573 3170 1774 3242 ἑταῖρε.

1884 3162 2016 3228 Quae
2049 3163 2266 3231 quidem
2301 3162 2425 3232 fuga
2456 3163 2590 3218 nihil
2621 3174 2706 3219 est
2748 3165 2917 3232 aliud,
2947 3183 3111 3236 quam
3158 3170 3459 3226 similitudo

199 3252 287 3305 Ἐν
320 3255 593 3325 μέντοιτι
642 3258 825 3322 αὐτοῖς
879 3259 1244 3331 συμϐέϐηκεν,
1278 3261 1405 3313 ὅταν
1467 3261 1571 3332 ἰδίᾳ
1618 3261 1775 3330 λόγον

196 3345 282 3417 δέῃ
303 3347 514 3414 δοῦναι,
551 3350 646 3404 καὶ
674 3350 949 3419 δέξασθαι,
992 3354 1120 3424 περὶ
1137 3346 1212 3406 ὧν
1242 3352 1467 3421 ψέγουσι
1491 3393 1506 3417 ,
1535 3354 1629 3406 καὶ
1685 3354 1775 3406 Θε-

199 3437 426 3510 λήσωσιν
465 3443 744 3514 ἀνδρικῶς
779 3442 944 3498 πολὺν
969 3445 1160 3515 χρόνον
1197 3446 1519 3514 ὑπομεῖναι,
1567 3446 1664 3498 καὶ
1701 3445 1774 3515 μὴ

201 3532 470 3606 ἀνάνδρως
514 3540 736 3606 φυγεῖνο
792 3537 913 3590 τότε
940 3538 1179 3604 ἀτόπως,
1227 3531 1271 3590 ὦ
1300 3537 1564 3606 δαιμόνιε,
1595 3537 1775 3590 τελευ-

198 3623 389 3690 τῶντες
422 3629 526 3682 οὐκ
575 3629 903 3700 ἀρέσκουσιν
948 3630 1102 3683 αὐτοὶ
1153 3631 1367 3694 αὐτοῖς,
1425 3631 1554 3702 περὶ
1587 3623 1662 3682 ὧν
1692 3629 1778 3681 λέ-

200 3731 368 3784 γουσι,
396 3721 493 3774 καὶ
522 3721 554 3791 ἡ
584 3721 846 3794 ῥητορικὴ
877 3721 1100 3774 ἐκείνων
1146 3738 1264 3785 πως
1312 3721 1772 3792 ἀπομαραίνεται,

201 3803 330 3860 ὥστε
362 3811 572 3864 παίδων
598 3810 761 3882 μηδὲν
783 3811 957 3864 δοκεῖν
979 3811 1276 3884 διαφέρειν.
1325 3831 1343 3862 ι

1887 598 2176 665 murando,
2213 601 2384 653 risum
2435 598 2712 666 vicissim,
2751 619 2856 657 non
2897 603 3009 672 jam
3061 603 3312 660 Thressis
3340 608 3465 676 qui-

1886 685 2138 751 busdam,
2165 699 2260 744 aut
2281 690 2450 744 bardo
2469 693 2706 762 cuipiam
2729 710 2792 750 ac
2815 696 3051 765 stupido,
3075 699 3168 766 qui
3195 698 3461 766 ejusmoli

1884 782 2022 834 nihil
2080 784 2281 837 sentire
2329 783 2546 854 possit;
2592 797 2646 840 at
2672 786 2740 842 iis
2783 787 3000 842 demum
3049 791 3141 859 qui
3195 791 3350 846 aliter
3402 810 3492 877 ac.

1887 874 2156 943 mancipia
2203 875 2414 930 educati
2451 875 2674 942 fuerint,
2707 880 2962 934 omnibus
2993 882 3271 936 excitabit.
3317 881 3463 939 Talis

1885 973 1998 1027 est,
2055 966 2128 1019 mi
2190 964 2514 1033 Theodore,
2567 970 2805 1025 hominis
2868 973 3152 1041 utriusque
3202 975 3460 1030 conditio.

1883 1054 2046 1125 605
2081 1055 2261 1109 Altera
2315 1057 2532 1125 quidem
2566 1058 2707 1127 ejus,
2741 1059 2835 1128 qui
2886 1059 3065 1128 reipsa
3121 1060 3172 1113 in
3220 1060 3464 1114 libertate

1885 1157 1939 1199 et
1963 1147 2073 1200 otio
2101 1146 2362 1202 educatus
2391 1147 2576 1214 fuerit,
2595 1166 2756 1220 quem
2783 1161 2838 1203 tu
2865 1151 3250 1221 philosophum
3276 1167 3461 1207 vocas.

1887 1237 2024 1293 lluic
2051 1239 2196 1294 enim
2247 1240 2468 1310 impune
2511 1257 2579 1297 ac
2629 1244 2748 1298 sine
2782 1244 2984 1312 probro
3034 1243 3214 1309 liccat,
3246 1260 3370 1299 cum
3409 1246 3463 1299 in

1884 1330 2080 1386 servile
2136 1331 2422 1387 ministerii
2477 1350 2648 1404 genus
2715 1335 3005 1400 inciderit,
3058 1335 3358 1405 simplicem
3410 1346 3466 1390 et

1884 1422 2124 1489 ineptum
2155 1421 2344 1480 videri.
2379 1423 2624 1494 adeoque
2651 1425 2861 1478 nullum
2911 1441 3052 1491 esse,
3094 1427 3186 1496 qui
3231 1429 3462 1498 exempli

1884 1524 2047 1564 causa
2078 1526 2175 1565 nec
2207 1512 2446 1582 stragula
2486 1529 2833 1584 componere,
2881 1531 2977 1571 nec
3011 1516 3161 1571 cibos
3193 1516 3459 1584 obsoniis,

1883 1616 1983 1654 nec
2029 1601 2308 1657 blanditiis
2361 1606 2657 1659 orationem
2716 1608 2938 1661 condire
2993 1609 3226 1664 noverit.
3279 1610 3461 1664 Altera

1882 1707 2010 1746 vero
2064 1693 2181 1762 ejus
2228 1705 2332 1759 est,
2385 1699 2477 1764 qui
2525 1713 2647 1750 curn
2701 1708 2976 1753 strenuam
3033 1700 3152 1754 istis
3208 1703 3462 1755 omnibus

1883 1799 2104 1852 operam
2141 1784 2412 1853 eleganter
2445 1797 2498 1840 et
2523 1788 2770 1856 expedite
2801 1804 3000 1843 navare
3022 1790 3214 1860 possit,
3245 1791 3459 1861 ingenui

1883 1883 2062 1928 tamen
2095 1891 2159 1930 ac
2197 1877 2440 1931 liberalis
2486 1877 2638 1931 chori
2690 1879 2769 1932 vel
2815 1880 3186 1948 prolusionem
3237 1883 3466 1938 solerter

1882 1966 2164 2022 instituere
2189 1984 2298 2022 non
2335 1981 2529 2039 potest,
2568 1970 2764 2024 nedum
2805 1975 3167 2036 ut,orationis
3193 1987 3460 2030 concentu

1883 2055 2089 2125 integre
2139 2067 2502 2127 accurateque
2549 2069 2836 2128 percepto,
2885 2078 3064 2116 veram
3102 2075 3194 2117 aut
3232 2065 3459 2119 deorum

1881 2157 1974 2200 aut
2007 2147 2286 2203 beatorum
2320 2151 2602 2205 hominum
2625 2153 2787 2207 vitam
2808 2155 3082 2208 celebrare
3121 2167 3381 2226 queat.——
3401 2155 3461 2212 Si

1883 2238 2065 2304 fidem,
2093 2256 2124 2293 ο
2156 2240 2434 2307 Socrates,
2469 2245 2537 2297 ab
2569 2245 2691 2300 aliis
2723 2247 2980 2302 omnibus
3010 2250 3236 2318 perinde
3269 2260 3327 2305 ut
3360 2253 3462 2314 abs

1886 2347 1969 2385 me
2005 2331 2105 2386 hoc
2152 2333 2206 2386 in
2255 2350 2454 2404 genere
2496 2336 2840 2406 impetrares,
2875 2339 3050 2408 major
3100 2357 3232 2397 sane
3279 2343 3458 2414 quies,

1883 2425 2262 2498 malorumque
2304 2429 2486 2484 minus
2524 2430 2578 2482 in
2623 2430 2860 2485 humana
2889 2433 2997 2486 vita
3031 2445 3358 2506 versaretur.
3392 2469 3462 2480 -

1882 2518 2044 2587 Atqui
2094 2519 2230 2583 fieri,
2265 2521 2336 2573 mi
2374 2515 2678 2588 Theodore,
2705 2540 2810 2577 non
2850 2535 3056 2594 potest,
3085 2528 3159 2581 uti
3207 2528 3350 2583 mala
3377 2532 3462 2586 vel

1883 2610 2106 2664 omnino
2136 2610 2396 2667 tollantur
2421 2612 2566 2683 (cum
2599 2615 2802 2684 aliquid
2833 2631 3044 2686 semper
3074 2618 3218 2674 bono
3243 2631 3462 2678 contra-

1882 2699 2022 2753 rihm
2075 2716 2362 2770 superesse
2405 2717 2626 2757 necesse
2665 2704 2776 2772 sit).
2813 2706 2894 2759 vel
2928 2707 3066 2776 apud
3117 2708 3247 2764 deos
3276 2710 3459 2766 locum

1883 2793 2134 2848 habeant.
2170 2795 2238 2848 At
2266 2794 2410 2848 circa
2441 2797 2723 2850 mortalem
2767 2806 3039 2861 naturam,
3071 2808 3124 2854 et
3150 2801 3457 2859 inferiorem

1883 2883 2024 2938 hanc
2084 2885 2357 2953 regionem
2421 2887 2638 2942 assidue
2701 2889 3121 2960 necessarioque
3171 2905 3455 2962 vagantur.

1883 2974 2246 3040 Quamobrem
2277 2977 2589 3032 enitendum
2627 2979 2898 3049 pratcipue
2932 2983 3112 3048 nobis,
3143 2998 3202 3039 ut
3238 2987 3363 3040 hinc
3395 3004 3458 3042 ea

1883 3068 2165 3123 celeritate
2216 3078 2419 3139 quanta
2473 3069 2590 3124 fieri
2645 3071 2844 3139 poterit
2879 3073 3116 3128 maxima
3163 3073 3454 3147 fugiamus.

1886 3269 2008 3307 cum
2062 3252 2203 3316 Deo,
2258 3263 2528 3323 quatenus
2570 3256 2636 3310 ad
2685 3272 2804 3310 eam
2857 3260 3102 3328 aspirare
3152 3261 3293 3317 licet.
3344 3262 3458 3320 Hoc

1884 3359 2050 3414 porro
2088 3343 2462 3398 similitudinis
2499 3360 2669 3415 genus
2705 3346 2756 3400 in
2792 3349 3066 3417 aequitate,
3098 3353 3454 3414 sanctimonia

1886 3437 2283 3506 prudentiaque
2316 3437 2587 3491 consistit.
2623 3436 2728 3491 Sed
2766 3440 2947 3504 enim,
2983 3443 3066 3497 vir
3097 3445 3329 3514 optime,
3358 3463 3455 3501 us-

1882 3544 1990 3598 que
2023 3529 2160 3582 adeo
2188 3528 2345 3581 facile
2377 3528 2693 3597 persuaderi
2727 3545 2834 3582 non
2867 3543 3060 3600 potest,
3097 3551 3203 3589 non
3237 3553 3304 3592 eo
3335 3554 3458 3593 con-

1878 3620 2004 3675 silio
2031 3621 2176 3689 quod
2217 3620 2500 3673 hominum
2534 3620 2714 3691 vulgo,
2754 3637 2878 3675 cum
2925 3625 2978 3677 in
3012 3627 3142 3680 vitio
3177 3627 3454 3699 fugiendo,

1879 3723 1991 3768 tum
2029 3716 2082 3767 in
2117 3711 2492 3782 persequenda
2525 3712 2726 3766 virtute
2768 3718 3104 3784 propositum
3139 3735 3262 3775 esse
3297 3722 3454 3786 solet,

1876 3805 2300 3861 incumbcndum
2332 3804 2386 3858 in
2421 3804 2650 3858 alterum
2683 3821 2804 3861 esse
2824 3847 2838 3872 ,
2869 3808 2936 3862 ab
2966 3809 3137 3866 altero
3171 3812 3423 3868 disceden

203 3900 346 3967 dum,
380 3905 486 3960 hoc
515 3916 618 3971 est,
663 3923 729 3960 ne
778 3907 977 3972 malus,
1011 3907 1106 3962 sed
1149 3907 1332 3976 potius
1361 3915 1424 3962 ut
1462 3907 1639 3962 bonus
1670 3921 1792 3961 esse
1825 3903 2079 3959 videaris.
2114 3899 2206 3956 lla:
2232 3901 2432 3971 quippe
2463 3910 2615 3969 sunt,
2659 3911 2716 3956 ut
2764 3902 2895 3958 mihi
2929 3904 3147 3975 quidem
3181 3907 3452 3974 videntur,

203 3993 365 4050 aniles
393 4013 536 4067 quas
565 4008 761 4052 vocant
807 3997 1019 4053 fabulze.
1054 3998 1348 4063 Caeterum,
1391 4002 1534 4069 quod
1574 3999 1799 4052 omnino
1842 3985 2030 4050 verum
2074 4004 2177 4054 est,
2215 3993 2288 4048 ita
2340 3993 2651 4049 statuimus.
2709 3994 2852 4050 Deus
2901 3996 3053 4051 nullo
3081 3997 3243 4066 plane
3291 4001 3456 4054 modo

206 4086 432 4156 injustus
461 4101 565 4155 est,
597 4092 688 4145 sed
721 4092 828 4144 vim
863 4107 1077 4145 omnem
1103 4091 1331 4160 justitiae
1365 4090 1861 4160 perfectionemque
1908 4087 2261 4157 coruplews;
2301 4101 2400 4140 nec
2431 4084 2665 4139 similius
2707 4085 2754 4137 ei
2782 4087 3080 4157 quidquam
3107 4105 3228 4144 esse
3257 4092 3451 4159 possit.

203 4192 355 4246 quam
383 4182 480 4251 qui
523 4181 859 4250 justissimus
888 4184 1049 4237 etiam
1085 4184 1225 4238 inter
1273 4183 1520 4238 homines
1569 4183 1748 4237 fuerit.
1806 4181 1918 4236 Hac
1953 4197 2057 4234 una
2113 4195 2169 4233 re
2200 4181 2282 4232 vis
2322 4179 2504 4232 omnis
2549 4179 2924 4248 industriaque
2961 4182 3217 4246 hominis,
3259 4185 3450 4239 inertia

205 4273 356 4329 simul
386 4287 441 4331 et
474 4277 818 4332 imbecillitas
850 4279 1108 4334 wstimari
1154 4280 1329 4334 debet.
1380 4277 1515 4333 Nam
1562 4287 1622 4333 ut
1663 4278 1785 4347 ejus
1815 4276 2053 4345 cognitio
2085 4290 2211 4329 vera
2246 4284 2329 4327 est
2377 4288 2500 4326 cum
2541 4272 2739 4326 virtute
2772 4272 3069 4340 sapientia;
3099 4275 3178 4328 sie
3207 4275 3452 4343 ejusdem

206 4369 487 4437 ignoratio,
521 4374 823 4430 certissima
856 4389 982 4428 cum
1011 4374 1248 4442 inscitia,
1289 4384 1403 4429 tum
1456 4374 1777 4444 improbitas
1808 4381 1913 4428 est.
1945 4373 2151 4426 Canera
2181 4385 2304 4438 quae
2331 4369 2492 4435 vulgo
2518 4367 2769 4421 videntur
2808 4367 3083 4422 facultatis
3116 4384 3180 4424 ac
3221 4370 3453 4425 solertize

207 4481 413 4535 genera,
449 4477 502 4523 et
535 4472 585 4522 in
617 4470 758 4524 civili
785 4471 1258 4527 administratione
1286 4471 1471 4541 gravia
1503 4480 1632 4525 sunt
1657 4485 1721 4524 ac
1753 4469 2003 4534 molesta,
2035 4477 2089 4522 et
2135 4469 2188 4520 in
2231 4468 2428 4519 artium
2455 4463 2630 4518 classe
2663 4459 2968 4516 illiberalia.
2999 4458 3259 4529 Quisquis
3288 4460 3454 4530 igitur

205 4562 317 4618 aliis
343 4565 642 4636 injuriosus
673 4576 774 4635 est,
802 4584 996 4639 resque
1022 4569 1272 4640 indignas
1315 4579 1410 4624 aut.
1445 4569 1708 4638 loquitur,
1741 4577 1835 4621 aut
1869 4565 2111 4630 molitur,
2142 4564 2189 4617 ei
2221 4578 2352 4616 sane
2393 4577 2556 4631 quam
2584 4561 2846 4629 optimum
2885 4557 3063 4622 fuerit,
3096 4557 3140 4609 si
3175 4573 3452 4625 nunquam

207 4660 254 4714 id
284 4662 378 4732 ipsi
414 4665 794 4729 concedamus,
832 4673 889 4719 ut
915 4666 1112 4720 astutia
1144 4666 1323 4721 valere
1350 4666 1585 4721 dicatur.
1622 4663 1873 4719 Gaudent
1901 4661 2049 4717 enim
2085 4660 2189 4714 hoc
2223 4658 2403 4727 probri
2440 4671 2656 4727 genere,
2693 4655 2908 4724 sibique
2934 4653 3282 4723 persuadent,
3306 4653 3450 4708 aliud

206 4754 488 4824 significari
525 4756 679 4819 nihil,
711 4771 874 4826 quam
909 4769 1029 4811 sese
1053 4770 1161 4810 non
1187 4754 1402 4824 stipites
1431 4753 1698 4824 quosdam
1733 4767 1875 4816 esse,
1914 4760 2008 4805 aut
2037 4749 2250 4804 inutilia
2282 4757 2438 4803 terra:
2464 4747 2724 4817 pondera,
2757 4744 2849 4799 sed
2884 4745 3132 4798 homines
3160 4745 3450 4812 ejusmodi,

205 4848 380 4914 quales
405 4864 500 4903 eos
526 4863 666 4908 esse.
694 4848 788 4918 qui
826 4849 878 4901 in
911 4845 1098 4916 repub.
1132 4847 1368 4900 maxime
1405 4845 1765 4909 retineantur,
1799 4851 2066 4912 oporteat.
2100 4839 2302 4894 Verum
2344 4853 2474 4909 ergo
2523 4839 2697 4907 palam
2730 4849 2783 4893 et
2817 4850 3000 4910 aperte
3027 4840 3314 4894 dicendum
3345 4850 3450 4905 est,

203 4938 356 5012 606
379 4957 474 4997 eos
503 4940 782 5007 nimirum,
812 4944 1000 5012 quales
1044 4944 1267 4998 minime
1314 4943 1668 5002 arbitrantur.
1703 4943 1806 4996 hoc
1837 4951 1921 4996 est
1963 4941 2166 5012 magis,
2211 4952 2321 5008 quo
2356 4937 2538 4991 minus
2590 4936 2944 4992 arbitrantur.
2978 4936 3170 4992 Veram
3207 4939 3352 4992 enim
3388 4954 3452 4993 ac

206 5035 468 5103 Propriam
506 5038 870 5109 improbitatis
916 5058 1132 5112 poenam
1183 5043 1456 5114 ignorant,
1501 5057 1668 5112 quam
1705 5041 1930 5095 minime
1980 5037 2224 5094 omnium
2272 5035 2523 5106 ignorare
2566 5033 2883 5086 debuerant.
2935 5028 3042 5084 Nec
3069 5031 3214 5083 enim
3251 5029 3360 5086 illa.
3395 5031 3448 5084 in

272 5168 375 5240 (60)
414 5174 552 5246 Περί
586 5175 832 5246 τοῦτον,
868 5187 970 5232 etc.
1007 5179 1160 5246 Apud
1208 5177 1485 5233 Platonem
1536 5177 1652 5233 hac
1687 5179 1757 5232 ita

209 5237 465 5319 leguntur,
490 5237 629 5319 Περὶ
651 5237 844 5319 τούτου
873 5249 967 5301 καὶ
993 5251 1026 5318 ἡ
1057 5237 1132 5312 ὣς
1166 5248 1379 5319 ἀληθῶς
1407 5248 1646 5319 δεινότης
1671 5249 1762 5319 ἀντ

205 5307 338 5390 δρὸς,
365 5314 457 5366 κα)⁸
488 5307 700 5390 οῷδενία
726 5333 806 5377 τε,
840 5319 936 5370 καί
963 5307 1400 5390 ἀῦανδρίαδρηεὶι
1443 5307 1757 5390 Ιεοιὶο’ἰῐιίίιί

206 5385 270 5432 ob
291 5385 585 5458 sequentia
602 5385 946 5458 vehementer
979 5385 1255 5458 probatur,
1289 5385 1340 5443 in
1376 5389 1574 5456 quibus
1601 5389 1760 5457 σοφία

209 5459 256 5530 et
280 5452 441 5522 ἀρετή
469 5456 548 5530 ab
567 5455 776 5530 ἀμαθίᾳ
801 5466 855 5510 et
890 5452 1058 5529 κακίᾳ
1089 5452 1517 5530 distinguuntur.
1551 5452 1758 5513 Mallem

209 5527 374 5600 tamen
433 5526 559 5594 περὶ
604 5525 762 5578 τοῦτο
808 5543 970 5596 quam
1031 5525 1158 5600 5:392
1213 5525 1424 5588 τόύτου,
1487 5538 1581 5582 aut
1636 5530 1760 5597 περὶ

206 5603 380 5646 τουτον
387 5635 400 5646 .

271 5661 378 5736 (61)
405 5663 480 5718 Τὸ
504 5666 590 5733 μὴ
613 5667 962 5736 συγχωρεῖν,
985 5678 1089 5723 etc.
1113 5667 1334 5723 Ficinus
1362 5668 1542 5731 vertit,
1563 5669 1607 5721 si
1632 5668 1762 5720 nihil

209 5731 408 5808 ttafritie
436 5731 631 5808 possit,
678 5731 769 5808 nec
804 5731 1005 5791 ortibus
1041 5738 1194 5791 malis
1227 5749 1441 5791 utamur
1471 5737 1608 5808 [lege
1629 5747 1761 5808 utn-

211 5799 332 5872 tur].
375 5799 445 5858 At
473 5806 825 5875 philosophus
865 5817 1073 5862 tantum
1108 5810 1257 5874 vult,
1287 5799 1500 5864 etiaitisi
1547 5799 1672 5863 talis
1710 5825 1765 5860 re

1869 5177 1984 5247 ipsa
2047 5174 2150 5238 sit,
2200 5171 2467 5245 agendum
2497 5185 2615 5226 esse
2651 5179 2855 5235 tamen,
2890 5182 2956 5221 ne
2980 5167 3140 5220 talem
3173 5181 3231 5219 se
3264 5166 3448 5221 haberi

1867 5247 2088 5302 sentiat.

1897 5265 2426 5388 Θῗέἓιτῦνὲἐνίοτε
2456 5311 2846 5388 πάσχουσιν..
2879 5307 2934 5361 Si
2975 5307 3127 5388 οὐδέν
3169 5322 3292 5363 cum
3347 5307 3452 5388 πά-

1871 5377 2057 5458 σχὸυσι
2101 5382 2486 5458 conjungatur,
2543 5377 2738 5458 sensus
2770 5379 2894 5444 erit,
2944 5395 3072 5458 cunt
3105 5379 3294 5432 horum
3341 5377 3446 5430 ali-

1867 5446 2078 5529 qiiandp
2104 5446 2238 5509 nihil
2261 5446 2482 5507 su'beant
2506 5492 2520 5515 ,
2555 5451 2645 5521 qui
2678 5459 2981 5518 peccaram.
3009 5446 3113 5529 .Sin
3142 5464 3292 5529 vero,
3305 5464 3446 5529 eum

1871 5516 2436 5597 d5:xoﬁveeq,_sensus
2463 5529 2546 5576 est
2567 5516 2748 5590 'quem
2779 5519 3272 5597 expressitn_us..At
3305 5516 3449 5597 Fici-

1874 5613 1996 5659 nus,
2033 5594 2385 5669 posteriorem
2416 5594 2559 5669 hunc
2589 5587 2810 5669 secutus
2829 5587 2863 5669 ,ς
2882 5598 3000 5669 post
3029 5587 3340 5669 ἀδικοῦντες
3353 5589 3448 5669 le-

1871 5659 2294 5739 εἱεεειίἧιιοιιις,
2336 5661 2678 5739 ἐκφεύγουσι
2711 5660 2769 5713 δὲ
2817 5659 3257 5739 οἱηάδικοῦντες,
3299 5660 3450 5739 addit

1872 5728 2050 5797 Enim,
2101 5745 2150 5788 et
2185 5735 2371 5802 iujusti
2402 5728 2536 5803 sirpe
2564 5731 2818 5785 devitant.
2857 5728 2956 5783 Cui
2993 5729 3208 5786 lectioni
3259 5728 3450 5784 adino-

1876 5809 2001 5863 dum
2033 5806 2208 5860 faveo.
