3994 6384
546 320 684 371 1007
1187 319 1455 376 EUSEBII
1491 318 1967 375 CIESARIENSIS
2004 318 2153 373 OPP.
2194 317 2377 375 PARS
2416 319 2479 374 II.
2521 350 2589 359 —
2629 317 3141 375 APOLOGETICA.‘
3665 331 3777 389 l008

546 433 739 503 plagis,
774 442 829 487 ut
857 434 1189 496 existimant,
1228 443 1320 488 aut
1348 444 1521 489 morte
1546 435 1812 498 consistit,
1852 450 1975 489 cum
2006 434 2109 489 ista
2140 449 2510 505 saepenumero
2539 435 2773 490 subeant
2800 435 2875 488 illi
2906 449 3146 504 quoque,
3184 436 3283 505 qui
3312 436 3451 491 nihil
3478 453 3776 514 peccaram;

545 532 638 586 sed
666 533 757 585 illa
790 532 1005 586 demum
1030 542 1132 596 est,
1164 547 1326 600 quam
1356 532 1590 603 effugere
1615 534 1893 602 improbus
1924 548 2082 587 nemo
2109 533 2298 603 possit.
2323 562 2395 572 —-
2418 530 2594 597 Quam
2630 540 2684 586 tu
2716 545 2935 601 poenam
2965 530 3265 599 intelligis?
3288 562 3359 571 —
3382 530 3520 586 Cum
3543 536 3594 588 in
3627 552 3779 598 rerum

544 632 761 687 natura,
793 625 863 677 mi
903 624 1208 690 Theodore,
1240 622 1572 692 exemplaria
1613 622 1721 677 duo
1752 623 1879 688 sint,
1915 623 2159 676 divinum
2206 622 2463 685 alterum,
2510 622 2761 691 idemque
2804 620 3224 685 beatissimum,
3273 622 3504 678 alterum
3566 626 3781 703 impium,

528 720 794 790 .idernque
820 721 1188 776 miserrimum
1219 738 1231 773 :
1259 718 1335 773 illi
1384 720 1514 774 dum
1564 720 1637 774 ita
1684 736 1797 774 rem
1848 720 2048 775 habere
2097 735 2202 774 non
2234 719 2439 787 vident,
2469 734 2578 789 quo
2622 728 2843 787 stupore
2884 725 3012 772 sunt
3046 724 3216 785 atque
3254 715 3552 780 dementia,
3578 720 3785 781 alteriso

544 809 761 879 ﬂagitiis
792 826 853 864 ac
881 811 1177 865 sceleribus
1212 810 1538 878 persimiles,
1566 811 1721 865 alteri
1754 810 2151 866 dissimillimos
2179 810 2292 864 ﬁeri
2320 826 2429 863 non
2460 807 2726 864 sentiunt.
2760 805 2932 876 Cujus
2956 822 3086 861 sane
3108 804 3304 859 delicti
3337 804 3445 859 hoc
3474 806 3589 877 ipso
3618 824 3784 878 poenas

542 897 717 961 luunt,
750 913 859 967 quo
892 896 1058 951 vitam
1092 902 1279 966 agunt,
1311 898 1360 951 ei
1390 898 1548 967 cujus
1575 898 1783 953 similes
1816 898 2143 962 ciliciuntur,
2176 898 2414 951 maxime
2458 904 2901 952 consentaneam.
2935 893 3148 959 Quibus
3197 893 3246 948 si
3284 892 3528 948 futurum
3556 909 3780 965 praeterea

541 986 961 1054 comminemur,
992 992 1099 1047 nisi
1127 991 1195 1045 ab
1228 990 1329 1043 ista
1359 989 1615 1057 nequitiae
1642 990 1694 1044 vi
1726 988 2101 1052 discesserint,
2131 989 2209 1042 uti
2240 1004 2349 1042 non
2378 986 2492 1057 jam
2524 1002 2619 1042 eos
2650 994 2773 1057 post
2803 985 3013 1039 obitum
3048 985 3209 1039 locus
3241 983 3338 1038 ille
3366 984 3437 1039 ab
3464 986 3605 1041 omni
3638 992 3782 1047 scele-

542 1097 780 1141 ratorum
812 1090 1134 1156 contagione
1162 1092 1403 1142 semotus
1436 1085 1689 1155 excipiat,
1720 1086 1816 1140 sed
1851 1085 2029 1153 potius
2072 1092 2133 1137 ut
2173 1083 2296 1138 istic
2323 1082 2427 1138 sibi
2460 1081 2815 1150 moribusque
2847 1078 2964 1134 suis
3008 1076 3351 1147 persimilem
3395 1077 3519 1132 vitae
3551 1082 3780 1138 rationem

541 1189 803 1248 perpetuo
828 1180 1081 1241 habeant,
1115 1179 1217 1233 hoc
1247 1189 1331 1235 est
1357 1162 1417 1235 ut
1440 1157 1567 1234 cuni
1600 1180 1863 1250 improbis
1890 1179 2121 1250 improbi
2158 1178 2366 1234 versari
2395 1186 2691 1249 cogantur;
2730 1175 2781 1231 id
2818 1175 3097 1230 enimvero
3140 1187 3257 1228 non
3299 1187 3462 1227 secus
3493 1188 3554 1229 ac
3582 1174 3784 1233 deliran-

540 1271 675 1323 tium
703 1270 1067 1338 quorumdam
1094 1272 1391 1337 somnium,
1425 1272 1674 1327 homines
1710 1273 1855 1343 plani
1890 1288 1954 1327 ac
1992 1271 2305 1341 versipelles
2351 1270 2662 1325 exaudient.
2687 1298 2756 1310 -—
2780 1268 2856 1323 Ita
2890 1280 3139 1339 prorsus,
3176 1279 3213 1319 ο
3247 1261 3524 1319 Socrates.
3553 1295 3618 1305 —
3642 1266 3779 1337 Equi-

535 1366 657 1419 dem
688 1365 741 1419 id
770 1367 939 1436 probe
975 1368 1121 1435 novi,
1149 1367 1450 1425 Theodore.
1484 1369 1589 1423 Sed
1635 1379 1816 1424 tamen
1856 1369 1957 1423 hoc
1986 1369 2051 1423 iis
2081 1368 2271 1422 saltem
2317 1383 2422 1422 usu
2460 1366 2627 1432 venit,
2658 1373 2720 1420 ut
2751 1365 2797 1421 si
2833 1364 3053 1434 quando
3087 1360 3377 1430 privatim,
3408 1375 3589 1414 rerum
3620 1376 3780 1420 earum

535 1471 677 1524 quas
706 1456 985 1526 despicere
1012 1473 1074 1512 ac
1099 1458 1345 1513 deridere
1373 1459 1569 1522 solent,
1600 1458 1741 1512 ultro
1775 1458 2022 1526 citroque
2071 1456 2310 1509 rationes
2341 1455 2643 1524 expendere
2684 1452 3006 1522 oportuerit,
3036 1462 3202 1522 atque
3229 1452 3337 1505 hac
3368 1452 3423 1505 in
3455 1452 3781 1527 disputatione

538 1548 771 1617 gradum
797 1549 960 1618 paulo
988 1550 1195 1606 diutius
1223 1560 1277 1605 et
1309 1552 1651 1608 constantius
1686 1538 1869 1620 figere,
1906 1565 2014 1604 non
2047 1549 2276 1618 turpiter
2308 1547 2492 1617 fugere
2515 1545 2791 1600 voluerint
2826 1563 2840 1600 :
2870 1552 2986 1599 tum
3020 1560 3151 1599 vero
3184 1560 3257 1599 ne
3300 1544 3408 1598 sibi
3441 1545 3649 1613 quidem
3672 1547 3781 1617 ipsis

539 1638 591 1691 in
625 1641 869 1695 oratione
898 1656 995 1695 sua
1023 1641 1289 1711 placeant,
1327 1660 1535 1713 suaque
1562 1644 1666 1699 sibi
1707 1642 1977 1698 rhetorica
2008 1642 2194 1697 nescio
2220 1654 2329 1710 quo
2375 1646 2534 1709 pacto
2579 1637 2961 1704 contabescat;
2994 1652 3248 1707 prorsus,
3287 1634 3427 1689 nihil
3460 1642 3519 1690 ut
3568 1652 3597 1689 a
3622 1640 3779 1707 pueris

541 1730 756 1787 differre
783 1730 1091 1786 videantur.
1131 1751 1148 1782 ι

1102 1823 1332 1879 CAPUT
1372 1825 1540 1881 XXX.

540 1914 613 1967 De
649 1923 758 1965 toto
806 1913 899 1966 illo
934 1914 1237 1982 sophisticae
1284 1932 1503 1984 genere,
1534 1914 1670 1985 quod
1718 1915 1851 1969 inter
1882 1914 2115 1966 homines

1126 1986 1349 2053 reperiri
1384 1988 1533 2039 solet.

610 2093 665 2146 ln
715 2095 914 2149 nostris
960 2110 1179 2165 quoque
1225 2096 1381 2152 libris
1424 2098 1489 2151 de
1533 2106 1646 2151 toto
1682 2095 1774 2149 illo
1804 2093 2119 2164 sophistica:

537 2199 754 2254 genere,
787 2188 931 2255 quod
981 2188 1264 2243 hominum
1317 2191 1530 2243 animos
1578 2188 1893 2258 occupavit,
1945 2186 2117 2241 multa

536 2276 834 2331 dicuntur:
870 2297 888 2329 ‹
932 2277 1209 2349 Sapientia
1255 2282 1400 2335 enim
1447 2281 1611 2349 hujus
1646 2280 1832 2334 mundi
1888 2278 2116 2334 stultitia

538 2376 623 2420 est
689 2366 831 2437 apud
887 2365 1078 2423 Deum.
1140 2369 1410 2440 Scriptum
1470 2380 1553 2424 est
1611 2370 1754 2423 enim
1818 2387 1831 2423 :
1886 2367 2116 2423 Perdam

536 2458 859 2527 sapientiam
902 2461 1253 2529 sapientium,
1287 2473 1339 2516 et
1382 2460 1724 2532 prudentiam
1767 2459 2115 2531 prudentium

534 2551 849 2619 reprobabo.
887 2550 984 2605 Ubi
1011 2554 1268 2622 sapiens?
1294 2553 1383 2607 ubi
1413 2553 1631 2607 scriba?
1661 2553 1750 2606 ubi
1778 2552 2117 2622 conquisitor

534 2643 696 2711 hujus
725 2646 909 2699 saeculi
936 2646 1004 2677 Μ
1027 2646 1050 2699 ?
1072 2665 1091 2696 ι
1128 2643 1390 2700 Similiter
1410 2646 1477 2700 ab
1509 2646 1577 2700 iis
1604 2645 1694 2716 qui
1730 2645 1966 2699 divinam
1994 2645 2115 2716 phi-

532 2732 840 2802 losophiam
874 2735 1112 2805 profiteri
1148 2736 1352 2802 velint,
1388 2736 1593 2790 humile
1621 2735 2000 2805 abjectumque
2031 2736 2115 2790 ni-

533 2825 611 2879 hil
642 2827 991 2895 cogitandum
1030 2843 1152 2882 esse
1204 2828 1290 2883 his
1332 2828 1514 2883 verbis
1555 2828 1882 2883 edocemur:
1920 2845 1940 2879 ‹
1971 2828 2111 2883 Con-

530 2912 899 2969 siderantihns
936 2916 1092 2970 nobis
1139 2931 1249 2969 non
1277 2931 1397 2984 qua:
1421 2916 1690 2979 videntur,
1723 2915 1815 2971 sed
1844 2929 1965 2985 qua:
2001 2929 2111 2969 non

531 3004 784 3059 videntur
818 3022 829 3057 :
868 3005 1000 3072 Qua:
1046 3008 1192 3061 enim
1228 3006 1502 3073 videntur,
1544 3014 1924 3061 momentanea
1952 3015 2107 3072 sunt;

530 3113 655 3167 qua:
695 3112 825 3151 vero
878 3113 983 3153 non
1028 3099 1313 3163 videntur,
1340 3109 1559 3154 mterna.
1593 3117 1611 3150 ι
1645 3098 1806 3170 607
1846 3097 2108 3152 Praeterea

2147 1831 2195 1886 Δ

2744 1818 3142 1872 ΚΕΦΑΛΑΙΟΝ
3186 1818 3275 1872 Λ’.

2326 1909 2467 1979 Περὶ
2494 1908 2698 1978 πάσης
2721 1909 2834 1979 τῆς
2852 1911 2923 1964 ἐν
2959 1908 3301 1978 ἀνθρώποις
3328 1910 3687 1977 σοφιστείας.

2290 2090 2399 2141 Καὶ
2448 2088 2577 2160 παρ’
2620 2090 2753 2159 ἡμῖν
2783 2089 2911 2160 περὶ
2941 2090 3122 2161 πάσης
3155 2089 3258 2160 τῆς
3285 2092 3345 2142 ὲν
3377 2088 3671 2159 ἀνθρώποις
3704 2108 3773 2143 σο-

2218 2180 2463 2249 φιστείας
2488 2178 2704 2250 εἴρηται
2724 2195 2738 2209 ’
2774 2196 2793 2230 ‹
2848 2178 2911 2232 Ἦ
2939 2180 3047 2251 γὰρ
3082 2179 3244 2248 σοφία
3269 2177 3363 2232 τοῦ
3392 2178 3592 2250 κόσμου
3616 2179 3771 2235 τούτου

2221 2272 2402 2343 μωρία
2452 2270 2604 2342 παρὰ
2628 2270 2705 2341 τῷ
2731 2270 2849 2341 Θεῷ
2889 2273 3023 2325 ἐστι.
3056 2271 3383 2344 Γέγραπται
3417 2271 3543 2343 γὰρ,
3590 2272 3769 2327 Ἀπολῶ

2216 2365 2318 2436 τὴν
2351 2364 2541 2433 σοφίαν
2575 2362 2684 2417 τῶν
2703 2362 2901 2432 σοφῶν,
2930 2363 3026 2417 καὶ
3055 2362 3154 2434 τὴν
3188 2363 3412 2417 σύνεσιν
3433 2362 3540 2415 τῶν
3571 2363 3770 2417 συνετῶν

2217 2456 2487 2527 ἀθετήσω.
2525 2453 2637 2508 Ποῦ
2667 2454 2868 2524 σοφ6ς;
2904 2454 3006 2509 ποῦ
3048 2454 3454 2527 γραμματεύς,
3494 2454 3590 2508 ποῦ
3628 2455 3765 2526 συζη-

2215 2548 2382 2619 τητὴς
2417 2546 2511 2600 τοῦ
2546 2545 2739 2609 αἰῶνος
2762 2546 2984 2611 τούτου;
3021 2564 3039 2598 ι
3083 2546 3244 2600 Ἀλλὰ
3282 2546 3380 2600 καὶ
3418 2545 3655 2616 περὶτοῦ
3678 2545 3766 2599 δεῖν

2219 2642 2384 2713 μηδὲν
2438 2641 2795 2713 σμικρολόγον
2826 2644 3043 2714 φρονεῖν
3076 2643 3201 2704 τοὺς
3232 2641 3380 2695 κατὰ
3412 2642 3544 2694 Θεὸν
3580 2640 3764 2710 φιλοσο-

2217 2733 2450 2803 φοῦντας
2492 2731 2856 2803 διδασκόμεθα
2882 2735 2940 2784 ὲν
2959 2727 3041 2795 οἷς
3072 2733 3290 2804 εἴρηται
3313 2749 3326 2760 ·
3379 2751 3397 2783 ι
3451 2731 3766 2785 Σκοπούντων

2215 2823 2370 2894 ἡμῶν
2392 2824 2452 2876 ού
2486 2823 2553 2876 τὰ
2585 2822 2913 2893 βλεπόμενα,
2944 2822 3079 2876 ἀλλὰ
3123 2823 3192 2876 τὰ
3229 2822 3306 2893 μὴ
3344 2823 3639 2893 βλεπόμενα
3659 2839 3671 2851 '
3697 2822 3765 2875 ra.

2215 2914 2323 2985 γὰρ
2355 2913 2660 2984 βλεπόμενα
2690 2914 3020 2986 πρόσκαιρα,
3047 2913 3113 2966 τὰ
3146 2914 3201 2966 δὲ
3233 2914 3308 2985 μὴ
3341 2914 3638 2984 βλεπόμενα
3660 2910 3765 2965 αίώ-

2213 3023 2321 3060 νια.
2364 3025 2382 3057 ι
2416 3007 2529 3059 Καὶ⁸
2578 3006 2705 3076 περὶ⁵
2738 3006 2832 3057 τοῦ
2859 3004 2957 3076 τὴν
2986 3006 3185 3059 κακίαν
3246 3007 3378 3077 περὶ
3426 3005 3526 3076 γῆν
3576 3001 3761 3057 καὶτὸν

2216 3097 2405 3167 Θνητδν
2430 3098 2541 3167 βίον
2565 3096 2807 3168 είλῆσθαί
2836 3096 2969 3168 φησί
3000 3114 3099 3151 που
3132 3100 3160 3152 ὁ
3185 3097 3330 3161 θεῖος
3357 3097 3546 3166 Λόγος·
3582 3115 3598 3147 ι
3636 3094 3763 3159 Ἐξα-

534 3190 935 3257 improbitatem
968 3189 1111 3243 circa
1154 3198 1353 3244 terram
1384 3190 1662 3258 vitamque
1697 3189 1982 3243 mortalem
2010 3201 2108 3241 vo-

2216 3189 2571 3260 γοραζόμενοι
2601 3189 2692 3243 τὸν
2718 3189 3030 3260 καιρὸν,ὅτι
3052 3193 3106 3243 αἱ
3134 3190 3343 3261 ἡμέραι
3371 3187 3597 3259 πονηραί
3620 3188 3752 3239 είσιυι

529 3281 717 3348 iutari,
746 3282 955 3351 aliquot
991 3281 1285 3349 Scriptura:
1314 3282 1510 3336 divinae
1536 3281 1668 3336 locis
1702 3282 2059 3335 admonemur
2090 3297 2105 3333 :

530 3383 590 3426 ut
634 3387 761 3425 cum
803 3371 917 3426 ait:
957 3389 976 3421 ι
1030 3370 1375 3427 Redimentes
1423 3381 1656 3441 tempus,
1690 3371 1950 3440 quoniam
1994 3370 2109 3426 dies

530 3462 656 3515 mali
703 3470 830 3517 sunt
876 3462 936 3527 ³;
972 3481 989 3511 ι
1045 3462 1282 3530 itemque
1335 3478 1346 3511 :
1392 3479 1409 3510 ι
1462 3460 1704 3516 Suiiiciat
1751 3460 1859 3515 diei
1905 3460 2111 3514 malitia

532 3569 631 3609 sua
659 3553 703 3606 ⁸.
738 3572 755 3605 ι
784 3552 927 3619 Quin
955 3554 1118 3607 etiam
1162 3554 1420 3622 propheta
1452 3572 1464 3606 :
1503 3572 1521 3604 ι
1550 3552 1883 3620 Exsecratio,
1913 3552 2110 3622 inquit,

527 3657 582 3699 et
616 3645 852 3709 furtum,
886 3654 940 3700 et
979 3645 1302 3699 adulterium
1324 3687 1337 3711 ,
1366 3654 1418 3700 et
1448 3646 1620 3700 caedes
1646 3645 1817 3701 effusa
1861 3654 1987 3700 sunt
2019 3660 2113 3700 su-

526 3753 623 3808 per
654 3746 877 3801 terram,
910 3747 965 3790 et
1010 3736 1304 3804 sanguines
1354 3737 1713 3805 sanguinibus
1748 3737 1979 3793 miscent
2002 3737 2046 3789 ⁶.
2086 3754 2104 3787 ι

527 3827 665 3883 Hinc
693 3830 857 3882 etiam
888 3829 953 3881 ad
979 3827 1147 3883 Deum
1181 3829 1335 3883 nobis
1366 3827 1785 3898 confugiendum
1808 3843 1931 3883 esse
1962 3826 2110 3898 Moy-

527 3932 617 3973 ses
649 3918 869 3972 edicens
900 3936 913 3971 :
945 3936 961 3969 ι
992 3916 1121 3972 Post
1158 3917 1447 3972 Dominum
1483 3916 1653 3972 Deum
1678 3927 1830 3972 tuum
1857 3919 2107 3972 ambula»

533 4012 638 4077 his,
673 4018 728 4065 et
760 4011 863 4080 ipsi
900 4010 1204 4065 adhzerebis
1244 4011 1283 4063 °.
1323 4029 1341 4061 ›
1377 4010 1489 4063 lmo
1534 4009 1701 4064 Deum
1744 4011 1922 4079 ipsum
1952 4010 2107 4064 nobis

529 4101 851 4155 imitandum
888 4117 1010 4156 esse
1053 4101 1211 4155 docet
1260 4101 1347 4155 his
1390 4101 1572 4156 verbis
1604 4116 1614 4149 :
1648 4122 1667 4152 ι
1707 4101 1892 4156 Sancti
1920 4101 2106 4169 eritis,

529 4193 787 4261 quoniam
837 4191 1102 4247 Dominus
1152 4191 1297 4248 Deus
1349 4200 1527 4247 vester
1576 4202 1802 4248 sanctus
1850 4201 1935 4247 est
1984 4193 2027 4246 τ.
2082 4213 2101 4245 ι

526 4282 770 4355 itemque
804 4284 992 4349 David,
1022 4300 1147 4337 cum
1171 4283 1380 4353 justum
1404 4298 1525 4338 esse
1556 4283 1726 4338 Deum
1759 4285 2101 4354 intelligeret,

528 4391 740 4445 nosque
770 4376 837 4429 ad
870 4376 989 4445 ejus
1025 4375 1381 4429 imitationem
1406 4376 1785 4430 cohortaretur
1816 4393 1828 4429 :
1866 4396 1883 4428 ‹
1917 4376 2107 4433 Justus

2221 3283 2336 3335 καί·
2373 3300 2392 3334 ι
2445 3282 2696 3352 Ἀρκετδν
2722 3284 2788 3352 τῇ
2825 3283 3058 3355 ήμέρᾳή
3086 3284 3253 3337 κακία
3272 3284 3466 3355 αὐτῆς.
3498 3302 3517 3333 ι
3552 3282 3693 3349 Λέγει
3711 3279 3757 3331 δὲ

2215 3372 2313 3425 καὶ
2340 3372 2369 3423 ὁ
2398 3373 2680 3442 προφήτης
2701 3387 2712 3399 ·
2758 3390 2777 3422 ι
2821 3370 2973 3442 Ἀρὰ,
3002 3373 3096 3426 καὶ
3151 3372 3329 3444 κλοπὴ
3356 3413 3372 3437 ,
3409 3372 3502 3425 καὶ
3552 3368 3753 3441 μοιχεία,

2215 3464 2307 3516 καὶ
2340 3463 2498 3531 φόνος
2530 3462 2753 3532 κέχυται
2783 3464 2875 3516 ἐπὶ
2905 3463 3003 3533 τῆς
3030 3465 3153 3534 γῆς,
3196 3466 3291 3518 καὶ
3321 3466 3526 3536 αἵματα
3570 3463 3644 3529 ἐφ’
3688 3461 3756 3512 αἴ-

2218 3571 2348 3625 μασι
2375 3554 2652 3625 μίσγουσι.
2685 3572 2703 3605 ι
2736 3555 2871 3625 Περὶ
2896 3555 2953 3607 δὲ
2990 3554 3086 3607 τοῦ
3127 3556 3352 3624 φεύγειν
3386 3553 3585 3607 ἐνθένδε
3632 3550 3756 3621 παρὰ

2212 3647 2305 3699 τὸν
2331 3646 2461 3699 Θεόν
2495 3663 2656 3718 φησιν
2684 3648 2712 3698 δ
2740 3647 2977 3717 Μωῦσῆς
3003 3664 3015 3676 ·
3041 3666 3059 3697 ι
3084 3647 3297 3701 Ὀπίσω·
3318 3648 3520 3719 Κυρίου
3534 3638 3620 3699 τοῦ
3641 3639 3753 3696 Θεοῦ

2216 3756 2308 3791 σου
2347 3737 2607 3808 πορεύσῃ,
2646 3739 2740 3791 καὶ
2768 3738 2906 3809 πρὸς
2931 3738 3093 3791 αὐτὸν
3116 3740 3448 3811 κολληθήσῃ.
3470 3758 3486 3790 ι
3535 3739 3589 3790 '0
3616 3736 3654 3787 δ’
3675 3733 3753 3786 αύ-

2209 3829 2300 3891 τὸς
2333 3828 2617 3899 μιμεῖσθαι
2643 3830 2734 3883 τὸν
2766 3830 2897 3896 Θεὸν
2934 3829 3170 3883 διδάσκει
3200 3831 3399 3899 λέγων’
3430 3830 3629 3897 «Ἀγιοι
3655 3827 3751 3879 ἐσε-

2214 3917 2329 3979 σθε,
2363 3919 2442 3970 ὅτι
2485 3917 2688 3988 Κύριος
2734 3919 2763 3970 δ
2792 3917 2924 3981 Θεὸς
2959 3918 3113 3988 ὑμῶν
3141 3918 3296 3987 ἅγιός
3323 3920 3463 3972 ἐστι.
3513 3935 3530 3968 ι
3568 3914 3755 3968 Δίκαιον

2209 4009 2265 4062 δὲ
2291 4010 2385 4062 καὶ
2419 4012 2446 4062 ὁ
2472 4009 2630 4063 Δαυῖδ
2650 4011 2740 4062 τὸν
2766 4009 2896 4062 Θεὸν
2926 4010 3097 4075 εἰδὼς,
3130 4012 3275 4081 ἡμᾶς
3308 4027 3366 4063 τε
3399 4010 3586 4070 αὐτοὺς
3607 4020 3749 4076 μιμητ

2210 4101 2306 4162 τὰς
2326 4100 2577 4169 γενέσθαι
2610 4102 2907 4174 παρορμῶν
2931 4118 3061 4172 φησι
3080 4121 3093 4133 ο
3132 4120 3150 4152 ι
3174 4102 3396 4167 Δίκαιος
3419 4101 3609 4169 Κύριος
3629 4136 3642 4161 ,
3672 4096 3749 4149 καὶ

2209 4193 2554 4256 δικαιοσύνας
2596 4195 2900 4263 ἠγάπησεν.
2947 4213 2965 4244 ι
3019 4194 3074 4246 Ὀ
3094 4193 3138 4246 δ’
3170 4195 3332 4259 αὐτὸς
3356 4192 3578 4247 πλούτου
3602 4204 3745 4242 κατα-
3792 4210 3797 4215 υ

2211 4288 2425 4356 φρονεῖν
2465 4286 2773 4349 ἐπαίδευσε,
2823 4286 2993 4353 λέγων
3017 4302 3030 4316 ο
3074 4305 3091 4335 ι
3126 4286 3359 4351 Πλοῦτος
3411 4287 3502 4340 ἐὰν
3549 4283 3656 4356 ῥέῃ,
3684 4278 3745 4350 μὴ

2211 4378 2562 4449 προστίθεσθε
2592 4379 2819 4449 καρδίαν
2840 4397 2851 4409 ’
2880 4399 2896 4427 ι
2936 4380 3050 4432 καί⁸
3070 4400 3089 4431 ‹
3124 4381 3211 4451 Μὴ
3243 4380 3430 4449 φοϐοῦ,
3460 4380 3579 4432 ὅταν
3604 4374 3742 4426 πλου-

528 4471 826 4535 Dominus,
858 4469 1169 4539 inquiebat,
1211 4478 1265 4523 et
1309 4468 1551 4538 justitias
1597 4469 1785 4524 dilexit
1826 4470 1869 4525 ⁸.
1911 4490 1928 4522 ι
1960 4469 2105 4526 Idem

2213 4472 2331 4542 τίσῃ
2362 4471 2644 4542 ἄνθρωπος
2665 4513 2679 4536 ,
2714 4473 2746 4544 ἢ
2779 4474 2905 4525 ὅταν
2938 4474 3211 4545 πληθυνθῇ
3253 4478 3284 4545 ἡ
3332 4474 3458 4540 δόξα
3496 4471 3583 4525 τοῦ
3617 4469 3743 4521 οἴκου

527 4571 898 4631 contemptum
956 4561 1266 4615 divitiarum
1335 4561 1438 4615 hoc
1505 4560 1666 4615 modo
1701 4561 2103 4630 praecipiebat:

532 4675 551 4706 ι
593 4654 805 4710 Divitiae
853 4656 900 4709 si
948 4655 1190 4717 aﬂluant,
1245 4652 1407 4710 nolite
1455 4668 1552 4708 cor
1595 4668 1863 4723 apponere
1899 4656 1951 4715 9;
1989 4672 2007 4704 ›
2052 4662 2105 4707 et

525 4765 721 4804 rursus
757 4769 769 4803 :
806 4768 824 4800 ‹
864 4746 943 4802 Ne
972 4748 1166 4803 timeas
1188 4762 1313 4802 cum
1340 4745 1494 4801 dives
1524 4745 1700 4802 factus
1727 4743 1889 4799 fuerit
1916 4746 2100 4809 homo,

526 4847 623 4894 aut
669 4855 792 4895 cum
844 4840 1201 4909 multiplicata
1250 4836 1416 4892 fuerit
1464 4838 1637 4908 gloria
1689 4837 1886 4892 domus
1933 4836 2099 4907 ejus:

524 4933 806 5002 quoniam,
839 4947 962 4987 cum
999 4940 1244 4986 mortuus
1302 4928 1502 4996 fuerit,
1546 4944 1655 4984 non
1691 4938 1867 4985 sumet
1899 4928 2102 4993 omnia,

527 5040 704 5094 neque
745 5024 1033 5079 descendet
1059 5004 1182 5079 cuin
1228 5037 1295 5077 eo
1344 5023 1514 5093 gloria
1547 5022 1666 5092 ejus
1696 5023 1764 5075 ¹⁰.
1805 5040 1823 5071 ι
1861 5018 2104 5074 llonores

527 5118 691 5169 etiam
745 5127 799 5169 et
843 5115 1195 5185 magistratus
1257 5115 1528 5169 humanos
1589 5113 1744 5167 nihili
1805 5110 2094 5165 admodum

528 5207 878 5262 aastimandos
899 5222 1021 5262 esse
1046 5206 1252 5274 docuit,
1289 5207 1409 5263 (lum
1439 5205 1514 5259 ait
1539 5223 1553 5259 :
1584 5223 1601 5255 ι
1634 5202 1807 5258 Nolite
1828 5202 2099 5257 confidere

2210 4561 2407 4615 αὑτοῦ·
2442 4564 2657 4616 ὅτιούκ
2686 4565 2742 4615 ὲν
2788 4564 2858 4634 τῷ
2908 4566 3266 4637 ἀποθνήσκειν
3313 4567 3473 4619 αὐτὸν
3548 4560 3740 4632 λήψεται

2208 4657 2277 4711 τὰ
2309 4656 2505 4717 πάντα,
2533 4656 2651 4709 οὐδὲ
2672 4660 3141 4730 συγκαταϐήσεται
3172 4658 3318 4729 αύτῷ
3341 4661 3373 4728 ἡ
3400 4657 3521 4724 δόξα
3550 4650 3736 4709 αὑτοῦ.)

2222 4746 2380 4800 Ἀλλὰ
2411 4748 2543 4818 μηδὲ
2568 4748 2667 4810 τὰς
2692 4750 2749 4801 ὲν
2783 4749 3088 4819 ἀνθρώποις
3131 4749 3299 4820 ἀρχὰς
3347 4746 3627 4820 Θαυμάζειν
3660 4740 3738 4794 ἐδί-

2205 4837 2401 4891 δασκεν
2432 4841 2489 4891 ὲν
2542 4839 2780 4904 τούτοις·
2828 4860 2845 4891 ι
2886 4842 2975 4910 Μὴ
3018 4841 3312 4894 πεποίθατε
3369 4843 3457 4894 ἐπ’
3487 4841 3735 4911 ἄρχοντας,

2207 4930 2292 4997 ἐφ’
2320 4929 2467 4991 υἱοὺς
2490 4929 2791 4999 ἀνθρώπων
2810 4972 2824 4997 ,
2855 4925 2937 4994 οἷς
2969 4932 3068 4984 ούκ
3098 4931 3207 4984 ἔστι
3227 4932 3486 5003 σωτηρία.
3530 4922 3733 4991 Ἐξελεύ-

2207 5036 2356 5072 σεται
2386 5019 2446 5071 τὸ
2471 5020 2685 5091 πνεῦμα
2712 5021 2897 5086 αὐτοῦ,
2917 5024 3010 5077 καὶ
3040 5022 3397 5076 ἀπελεύσεται
3426 5026 3502 5086 εἰς
3527 5019 3614 5089 τὴν
3649 5014 3734 5084 γῆν

2204 5109 2389 5163 αὐτοῦ·
2434 5111 2520 5163 Ἐν
2546 5112 2731 5185 ἐκείνῃ
2775 5115 2840 5184 τῇ
2894 5114 3073 5185 ἡμέρᾳ
3132 5113 3450 5168 ἀπολοῦνται
3489 5112 3666 5169 πάντες
3693 5102 3733 5155 οἶ

2205 5201 2543 5273 διαλογισμοὶ
2577 5204 2764 5258 αὐτοῦ.
2799 5224 2817 5256 ›

529 5305 582 5357 in
605 5303 959 5372 principibus,
1013 5303 1065 5357 in
1114 5303 1237 5357 (iliis
1306 5301 1620 5365 hominum,
1651 5299 1707 5353 in
1754 5299 1953 5369 quibus
1989 5313 2095 5352 non
2132 5308 2216 5352 est
2247 5298 2416 5353 salus.
2466 5296 2649 5354 Exibit
2690 5302 2913 5371 spiritus
2963 5301 3102 5371 ejus,
3133 5309 3187 5357 et
3221 5311 3513 5357 revertetur
3571 5295 3616 5349 in
3644 5301 3733 5345 ter-

533 5412 645 5449 ram
678 5412 831 5451 suam
863 5416 875 5451 :
909 5395 967 5450 In
1023 5396 1111 5451 illa
1162 5396 1248 5451 die
1283 5396 1536 5450 peribunt
1603 5408 1793 5448 omnes
1852 5392 2203 5462 cogitationes
2243 5390 2362 5459 ejus
2390 5393 2453 5443 “.
2492 5411 2509 5442 ι

606 5680 861 5733 1"lCor.
895 5695 931 5740 I,
968 5680 1172 5745 18-20;
1208 5678 1309 5733 Isa.
1357 5697 1507 5741 xxn‘,
1547 5680 1629 5733 14-

527 5751 547 5782 ⁷
572 5750 741 5804 Levii.
772 5766 846 5815 χι,
872 5749 960 5804 45.
1035 5751 1055 5782 ⁸
1082 5750 1225 5805 Psal.
1257 5767 1311 5817 κ,
1337 5751 1388 5804 8.
1468 5754 1487 5781 ⁹
1518 5751 1663 5803 Psal.
1694 5766 1803 5817 LXI,
1844 5752 1930 5805 il.

1727 5680 1747 5710 ³
1789 5679 1986 5747 Ephes.
2048 5698 2099 5737 ν.
2145 5681 2228 5735 16.

2010 5754 2051 5783 ¹⁰
2084 5751 2228 5806 Psal.
2264 5766 2448 5815 xu'tn,
2480 5750 2672 5814 l7,18.
2753 5754 2792 5784 ¹¹
2824 5751 2965 5805 Psal.
3003 5767 3159 5817 chv,
3190 5749 3313 5803 2-4.

2366 5680 2385 5710 ι
2416 5677 2602 5732 Matth.
2640 5696 2715 5746 vi,
2749 5681 2836 5733 δή.
2933 5682 2951 5711 ⁸
2979 5679 3104 5735 Ose.
3134 5695 3205 5739 iv,
3233 5680 3286 5732 2.
3366 5682 3386 5711 ε
3411 5678 3554 5735 Deut,
3583 5688 3630 5736 ιι,
3653 5662 3727 5719 είλ
