3994 6384
155 356 307 417 (NQ

743 479 1134 535 ΚΕΦΑΛΑΙΟΝ
1174 479 1294 531 AA'.

159 590 295 651 Ὀτι
328 595 571 663 δεήσει
606 597 766 653 ποτὲ
786 595 866 662 τῷ
896 596 1105 665 ψεύδει
1136 595 1268 650 ἀντὶ
1305 592 1618 663 φαρμάκου
1662 592 1807 661 χρῆ-

229 670 387 791 σθὲιι
417 669 533 721 ἐπὶ
572 669 849 738 ὠφελείᾳ
893 666 1002 721 τῶν
1044 667 1340 737 δεομένων
1386 665 1492 719 τοῦ
1533 665 1805 717 τοιούτου

229 755 306 807 rp
348 754 513 792 που.

237 868 257 899 ι
298 848 677 921 Νομοθέτης
701 848 809 922 (65)
849 849 907 903 δὲ
934 843 995 904 οὗ
1021 866 1074 901 τι
1099 848 1193 901 καὶ
1230 845 1459 917 σμικρὸν
1491 844 1681 913 ὄφελος
1701 884 1715 909 ,
1758 845 1806 897 εἰ

162 947 259 1001 καὶ
295 945 378 1017 μὴ
406 945 600 999 τοῦτο
626 943 701 1020 ἦν
728 947 900 1010 οὕτως
929 945 1085 1016 ἔχων,
1119 944 1195 1007 ὡς
1224 942 1318 997 καὶ
1342 942 1436 996 νῦν
1469 941 1603 995 αὐτὸ
1642 941 1805 1013 ᾕρηχ’

160 1041 189 1090 ὁ
218 1037 391 1103 λόγος
434 1036 637 1106 ἔχειν,
678 1038 835 1107 εἴπερ
866 1053 918 1088 τι
958 1037 1053 1088 καὶ
1102 1034 1229 1089 ἄλλο
1262 1033 1561 1102 ἐτόλμησεν
1617 1032 1682 1085 ἂν
1718 1032 1805 1083 ἐπ’

162 1129 363 1201 ἁγαθῷ
415 1129 747 1199 ψεύδεσθαι
792 1132 925 1203 πρὸς
970 1132 1096 1193 τοὺς
1130 1130 1303 1193 νέους,
1336 1130 1534 1184 ἐστινὸ
1580 1148 1635 1185 τι
1695 1128 1805 1201 (64)

162 1223 364 1275 τούτου
397 1222 633 1291 ψεῦδος
657 1223 1093 1295 λυσιτελέστερον
1125 1222 1190 1276 ἂν
1212 1222 1475 1292 ἐψεύσατό
1513 1239 1663 1284 ποτε,
1713 1220 1808 1274 καὶ

164 1317 492 1388 δυνάμενον
533 1319 752 1389 μᾶλλον
782 1321 952 1372 ποιεῖν
989 1318 1063 1389 μὴ
1120 1318 1232 1388 βίᾳ,
1278 1317 1388 1371 ἀλλ’
1423 1317 1645 1378 ἑκόντας
1673 1315 1809 1369 πάν-

165 1428 269 1473 τας
301 1410 507 1464 πάντα
529 1412 612 1465 τὰ
646 1412 827 1465 δίκαια
856 1411 1002 1481 (6ἒί);
1039 1410 1218 1464 Καλὸν
1265 1410 1363 1479 μὲν
1403 1411 1436 1479 ἡ
1467 1408 1717 1479 ἀλήθεια,
1762 1401 1807 1460 ὧ

172 1501 316 1567 ξένε,
342 1504 453 1555 καὶ
482 1504 739 1574 μόνιμον
760 1521 773 1534 ο
802 1503 943 1557 ἔοικε
965 1503 1072 1574 μὴν
1087 1520 1147 1555 ου
1176 1503 1355 1574 ῥᾴδιον
1378 1496 1515 1555 εἶναι
1541 1500 1768 1554 πείθειν.
1784 1520 1800 1551 ι

172 1594 373 1664 Μυρία
404 1594 455 1646 δ’
492 1594 570 1647 ἂν
602 1596 855 1667 εὑρήσεις
877 1593 1103 1647 τοιαῦτα
1139 1594 1232 1647 καὶ
1266 1595 1323 1646 ὲν
1378 1592 1643 1663 Ἐϐραίων
1672 1608 1808 1663 γρα-

175 1687 331 1754 φαῖς,
376 1684 465 1748 ὡς
514 1685 594 1738 ἂν
630 1686 757 1757 περὶ
800 1684 934 1738 Θεοῦ
970 1683 1341 1756 ζηλοῦντος,ἥ
1401 1684 1715 1746 ὑπνοῦντος,
1773 1682 1804 1753 ἢ

178 1776 601 1847 ὀργιζομένου,
639 1777 838 1847 ἧτισιν
868 1776 1048 1840 ἄλλοις
1090 1775 1576 1848 ἀνθρωποπαθέσιν
1625 1777 1806 1845 ὲνεχο-
1838 1816 1878 1874 Β

182 1868 350 1940 μένου
383 1869 483 1920 ἐπ’
516 1869 768 1941 ὠφελείᾳ
791 1869 898 1923 τῶν
925 1869 1191 1941 δεομένων
1221 1868 1313 1922 τοῦ
1346 1868 1548 1921 τοιοῦδε
1597 1868 1797 1939 τρόπου

182 1961 673 2033 παρειλημμένα.

737 2137 1130 2193 ΚΕΦΑΛΑΙΟΝ
1167 2137 1287 2189 ΛΒ’.

188 2233 309 2287 Ὀτι
338 2234 433 2301 μὴ
485 2233 697 2301 μόνον
734 2230 974 2301 ἄνδρας,
1016 2227 1299 2301 ἀλλὰκαὶ
1342 2230 1649 2301 γυναικας,
1698 2245 1797 2301 teat

254 2298 387 2358 πᾶὶο
414 2298 616 2373 γένος
645 2300 967 2373 ἀνθρώπων
999 2300 1353 2367 προσίεσθαι
1389 2299 1504 2367 χρὴ
1559 2302 1646 2365 εἰς
1684 2298 1799 2366 τὴν

256 2371 729 2442 προειρημένην
753 2371 1047 2425 παιδείαν.

265 2482 285 2514 ι
321 2462 463 2535 ⁷Αρ’
501 2460 609 2517 οὖν
641 2466 770 2533 ἡμῖν
805 2462 914 2533 (66)
950 2462 1019 2514 τά
1048 2477 1105 2513 τε
1141 2460 1250 2529 (67)
1270 2458 1575 2530 ἔμπροσθεν
1610 2459 1797 2528 ὁμολο-

194 2557 404 2623 γεῖταις
442 2557 591 2626 περὶ
618 2555 710 2608 τοῦ
739 2555 847 2607 δεῖν
870 2554 978 2623 (68)
1021 2553 1197 2605 πάντα
1226 2553 1425 2623 ἄνδρα,
1481 2551 1574 2604 καὶ
1607 2551 1792 2614 παῖδα,

195 2646 517 2719 ἐλεύθερον,
552 2648 649 2701 κα)⁵
671 2646 878 2707 δοῦλον,
902 2644 1064 2716 Θῆλύν
1094 2662 1153 2697 τε
1184 2644 1278 2697 καὶ
1310 2646 1535 2715 ἄρρενα,
1563 2645 1655 2696 καὶ
1698 2643 1795 2714 ὅλῃ

200 2741 263 2809 τῇ
290 2738 451 2792 πόλει
488 2739 629 2810 ὅλην
648 2740 745 2809 τὴν
776 2737 930 2791 πόλιν
958 2738 1125 2807 αὐτὴν
1168 2738 1333 2807 ἑαυτῇ
1378 2736 1679 2807 ἐπᾴδουσαν
1719 2737 1793 2807 μὴ

198 2828 482 2882 παύεσθαί
520 2846 658 2881 ποτε
709 2827 882 2880 ταῦτα
914 2826 949 2880 ἃ.
990 2825 1408 2897 διεληλύθαμεν,
1450 2827 1793 2896 ἀμωσγέπως

202 2918 287 2971 ἀεὶ
312 2918 796 2989 μεταϐαλλόμενα,
826 2919 919 2971 καὶ
944 2918 1140 2981 παντὸς
1166 2917 1255 2988 (69
1263 2931 1276 2985 )
1302 2919 1648 2989 »παρεχόμενα
1678 2936 1796 2971 ποι-

203 3007 402 3073 κιλίαν,
431 3008 576 3062 ὥστ’
606 3009 907 3080 ἀπληστίαν
960 3004 1097 3063 εἷναί
1139 3026 1261 3062 τινα
1290 3008 1398 3061 τῶν
1450 3009 1631 3079 ὓμνων
1682 3012 1794 3073 τοῖς

204 3095 389 3167 ᾅδουσι
428 3098 542 3151 καὶ⁵
587 3099 801 3169 ἡδονήν.
829 3129 895 3138 -
919 3098 1042 3161 Πῶς
1076 3097 1120 3150 δ’
1155 3099 1253 3151 οὑκ
1308 3098 1374 3151 ἂν
1402 3098 1699 3169 ὁμολογοῖτ’
1728 3098 1793 3152 ἂν

1456 356 1775 413 PRIEPAR.
1815 355 2064 415 EVANG.
2090 357 2215 414 LIB.
2242 358 2359 413 XII.

1834 482 1881 538 Α

3340 361 3487 414 1010-

2459 475 2686 532 CAPUT
2727 476 2920 530 XXXI.

1909 589 1959 643 F
1961 591 2074 644 also
2104 604 2499 661 nonnunquam,
2529 589 2688 661 ueluti
2712 590 3019 661 pharmace,
3056 588 3124 640 ad
3151 603 3330 661 eorum
3365 591 3475 642 uti-

1977 661 2216 728 litatem,
2264 658 2352 730 qui
2387 661 2483 713 hoc
2529 659 2772 722 loquendi
2818 675 2996 718 aenere
3038 674 3165 712 onus
3216 658 3474 725 habeant,

1978 733 2229 785 utendum
2256 748 2385 785 esse.

1985 861 2003 893 ‹
2046 841 2365 913 Legislator,
2394 841 2568 911 inquit
2596 841 2780 904 Plato,
2810 840 2903 910 qui
2937 839 3185 905 nonnihil
3219 840 3479 910 prodesse

1907 930 2158 991 voluerit,
2191 930 2405 984 etiamsi
2449 946 2556 984 non
2584 946 2649 987 eo
2676 945 2735 984 se
2776 928 2939 983 modo
2969 945 3056 985 res
3096 931 3337 993 haberet,
3369 946 3481 999 quo

1908 1035 2027 1074 sese
2061 1020 2260 1073 habere
2289 1018 2403 1088 jam
2448 1017 2743 1080 evictuus,
2778 1019 2825 1071 si
2869 1017 3000 1087 quid
3048 1032 3290 1087 unquam
3336 1017 3477 1085 apud

1903 1111 2149 1179 juniores
2186 1110 2437 1165 utilitatis
2483 1124 2649 1165 causa
2676 1108 2817 1165 Jalsi
2869 1109 3047 1163 dicere
3087 1109 3280 1179 potuit,
3326 1119 3481 1164 estne

1908 1200 2054 1271 quod
2085 1200 2272 1255 utilius
2305 1215 2543 1270 unquam
2588 1199 2842 1269 potuerit,
2871 1208 2966 1253 aut
2987 1214 3096 1268 quo
3124 1198 3338 1254 facilius
3368 1198 3483 1253 eili-

1908 1294 2037 1357 ciat,
2076 1303 2134 1346 ut
2166 1308 2354 1349 omnes
2387 1294 2451 1347 ad
2487 1294 2670 1347 omnia
2714 1292 2986 1363 aequitatis
3025 1291 3221 1356 oiiicia,
3258 1307 3365 1346 non
3400 1291 3476 1355 vi,

1908 1386 2002 1441 sed
2047 1387 2191 1440 ultro
2238 1401 2301 1441 ac
2339 1394 2532 1455 sponte
2578 1384 2949 1439 adducantur?
2980 1384 3191 1438 Veritas
3235 1383 3473 1452 quidem,

1907 1476 1983 1529 mi
2018 1480 2238 1545 hospes,
2282 1476 2559 1547 egregium
2608 1476 2737 1545 quid
2770 1490 2835 1531 ac
2878 1475 3071 1531 stabile
3116 1484 3218 1541 est,
3255 1482 3311 1528 at
3355 1489 3474 1528 eam

1910 1570 2251 1638 persuadere,
2306 1585 2415 1624 non
2469 1570 2541 1623 ita
2589 1578 2919 1639 promptum.
2974 1586 2994 1620 ι
3048 1566 3144 1623 His
3191 1576 3249 1622 tu
3296 1566 3473 1621 ailinia

1908 1662 2256 1717 llebrzeorum
2316 1663 2370 1717 in
2430 1663 2625 1718 litteris
2679 1672 2929 1717 sexcenta
2978 1662 3255 1733 reperies,
3304 1662 3476 1732 608

1907 1755 2106 1825 quibus
2153 1753 2321 1808 Deum
2371 1755 2535 1809 modo
2582 1753 2848 1819 aemulari,
2884 1754 3047 1808 modo
3088 1753 3172 1809 vel
3214 1754 3472 1823 sapitum,

1910 1845 1991 1899 vel
2021 1845 2242 1910 iratum,
2269 1854 2361 1899 aut
2386 1844 2506 1897 aliis
2543 1844 2867 1914 quibusdam
2902 1845 3157 1899 humanis
3194 1844 3478 1915 perturba—

1908 1934 2146 1989 tionibus
2178 1934 2473 1988 obnoxinm
2518 1932 2745 1997 iaciunt,
2789 1936 2917 1989 dum
2958 1950 3150 1989 eorum
3182 1935 3477 1989 consulunt

1907 2027 2229 2092 rationibus,
2253 2027 2345 2096 qui
2378 2026 2479 2080 hoc
2505 2026 2759 2095 loquendi
2788 2042 2982 2096 genere
3009 2042 3147 2097 opus
3182 2027 3399 2082 habent.

2450 2116 2676 2172 CAPUT
2714 2117 2929 2173 XXXII.

1907 2213 2028 2268 Non
2060 2214 2232 2267 solum
2257 2216 2416 2280 viros,
2445 2214 2535 2268 sed
2564 2216 2725 2269 etiam
2761 2214 3024 2285 mulieres,
3058 2213 3289 2285 adeoque
3312 2229 3472 2285 genus

1973 2285 2243 2337 hominum
2292 2286 2620 2351 universum,
2681 2284 2837 2353 hujus
2886 2286 2941 2337 in
2994 2284 3475 2354 disciplinaz'com-

1973 2360 2275 2407 ntunionem
2303 2354 2595 2409 vocandum
2618 2371 2747 2408 esse.

1980 2463 1998 2496 ι
2035 2445 2117 2498 An
2152 2444 2293 2500 inter
2317 2460 2441 2507 nos,
2468 2446 2646 2515 inquit
2666 2444 2840 2511 Plato,
2865 2445 2930 2499 de
2960 2444 3336 2515 superioribus
3368 2444 3473 2500 illis

1903 2533 2187 2590 convenit?
2213 2562 2285 2574 —
2314 2532 2573 2599 Quaenam
2618 2535 2747 2589 illa?
2774 2565 2844 2574 —
2883 2533 3144 2603 Oportere
3188 2535 3472 2600 videlicet,

1902 2627 1981 2681 uti
2010 2642 2201 2682 omnes
2236 2635 2344 2681 tam
2376 2626 2481 2681 viri
2525 2642 2689 2696 quam
2728 2627 2916 2697 pueri,
2961 2636 3071 2681 tam
3112 2627 3269 2683 liberi
3307 2643 3470 2699 quam

1901 2718 2063 2784 servi,
2100 2727 2210 2772 tam
2252 2716 2466 2773 feminae
2494 2734 2656 2789 quam
2692 2733 2889 2785 mares,
2928 2727 3148 2788 totaque
3195 2720 3330 2775 adeo
3358 2736 3473 2774 res—

1900 2811 2117 2882 publica
2140 2812 2240 2866 toti
2276 2812 2606 2882 reipublicae,
2633 2826 2753 2881 qua:
2787 2811 3140 2881 praecepimus
3165 2813 3471 2866 carminum

1900 2918 2098 2974 genera
2146 2919 2426 2973 nunquam
2472 2902 2717 2958 accinere
2755 2903 2987 2969 desinat,
3034 2918 3248 2972 semper
3290 2912 3475 2957 tamen

1900 2996 2187 3050 immutata
2234 2994 2506 3059 nonnihil,
2554 3004 2717 3065 atque
2750 2992 2898 3049 omni
2950 2994 3180 3050 subinde
3213 2993 3475 3050 varietate

1901 3096 2224 3159 temperata,
2255 3095 2318 3143 ut
2348 3088 2672 3159 hymnorum
2706 3088 2934 3143 istorum
2975 3087 3225 3157 voluptas
3264 3088 3470 3141 nullam

203 3190 312 3243 δεῖν
339 3191 535 3246 ταῦτα
558 3192 697 3246 οὕτω
720 3189 1085 3264 πράττεσθαις
1129 3210 1147 3242 t
1180 3192 1293 3244 Καὶ
1345 3192 1403 3244 ὲν
1446 3190 1524 3262 τῷ
1560 3192 1795 3263 πέμπτῳ

1902 3196 2139 3251 unquam
2180 3180 2297 3237 suis
2337 3179 2771 3235 modulatoribus
2821 3179 3007 3236 aﬂerat
3042 3180 3366 3236 satietatem.
3399 3208 3472 3221 -—

204 3281 261 3337 ἃ
285 3285 388 3356 τῆς
424 3285 751 3350 Πολιτείας
778 3285 937 3353 ὃμοια
963 3283 1172 3346 τούτοις
1194 3283 1414 3355 γράφει,
1449 3282 1573 3335 τάδε
1602 3283 1792 3351 λέγων·

216 3394 235 3427 ι
270 3372 446 3429 Οῐσθά
477 3393 539 3429 τι
573 3376 683 3445 (70)
714 3371 805 3429 οὖν
830 3376 921 3427 ὑπ’
955 3374 1254 3446 ἀνθρώπων
1299 3373 1699 3446 μελετώμενον,
1740 3377 1797 3429 ὲν

214 3460 257 3534 ᾧ
278 3467 339 3520 οὐ
364 3469 554 3523 πάντα
582 3468 752 3521 ταῦτα
786 3469 899 3538 (71)
932 3468 994 3520 τὸ
1018 3468 1125 3521 τῶν
1157 3467 1364 3537 ἀνδρῶν
1419 3468 1573 3537 γένος
1612 3469 1798 3539 διαφε-

220 3559 421 3628 ρόντως
445 3560 563 3631 ἔχει
595 3560 623 3630 ἣ
658 3560 718 3613 τὸ
754 3560 859 3613 τῶν
884 3558 1155 3629 γυναικῶν
1185 3578 1199 3626 ;
1236 3561 1307 3612 Ἢ
1349 3560 1794 3634 μακρολογῶμεν,

214 3650 312 3719 τήν
340 3668 400 3703 τε
433 3650 737 3721 ὑφαντικὴν
765 3651 1032 3719 λέγοντες,
1068 3653 1160 3705 καὶ
1192 3652 1291 3723 τὴν
1322 3652 1430 3705 τῶν
1454 3652 1708 3707 ποπάνων
1738 3670 1797 3707 τε

220 3741 310 3793 καὶ
334 3742 638 3813 ἑψημάτων
675 3742 1001 3813 θεραπείαν;
1035 3745 1092 3795 ὲν
1126 3737 1206 3806 οἷς
1238 3743 1299 3813 δή
1332 3761 1385 3795 τι
1419 3742 1566 3797 δοκεί
1608 3745 1668 3797 τὸ
1700 3762 1797 3813 γυ-

220 3836 454 3887 ναικεῖον
484 3834 643 3903 γένος
667 3830 822 3899 εἶναι,
855 3828 917 3887 οὗ
958 3835 1051 3887 καὶ
1099 3835 1631 3903 καταγελαστότατόν
1676 3840 1797 3891 ἐστι

224 3920 480 3992 πάμπολυ
526 3922 852 3995 ἡττώμενον.
899 3924 1119 3995 Ἀληθῆ,
1147 3924 1300 3995 .έφη,
1334 3925 1532 3994 λέγεις,
1578 3928 1657 3979 ὄτι
1703 3930 1797 3981 κα).

222 4014 352 4065 πολὺ
380 4018 663 4087 κρατεῖται
696 4018 755 4068 ὲν
785 4017 1006 4081 ἅπασιν,
1032 4016 1108 4080 ὡς
1140 4016 1271 4079 ἔπος
1299 4018 1471 4070 εἰπεῖν
1492 4058 1506 4081 ,
1550 4019 1611 4071 τὸ
1641 4019 1795 4087 γένος

225 4104 314 4157 τοῦ
338 4106 553 4174 γένους.
587 4108 846 4171 Γυναῖκες
893 4108 1074 4178 μέντοι
1112 4108 1302 4161 πολλαὶ
1345 4110 1551 4163 πολλῶν
1588 4111 1796 4181 ἀνδρῶν

227 4190 461 4262 βελτίους
496 4200 576 4261 εἰς
610 4197 812 4251 πολλάο
842 4198 903 4250 τὸ
940 4198 998 4251 δὲ
1035 4198 1153 4251 ὅλον
1203 4198 1314 4268 ἔχει
1359 4200 1435 4263 ὡς
1484 4202 1548 4254 σὺ
1595 4201 1793 4269 λέγεις.

160 4285 174 4302 ⁵
228 4286 385 4341 Οὐδὲν
411 4290 523 4361 ἄρα
549 4291 717 4355 ἐστὶν,
751 4285 795 4344 ὦ
826 4290 967 4360 φίλε,
996 4291 1328 4362 ἐπιτήδευμα
1350 4293 1458 4346 τῶν
1487 4294 1640 4347 πόλιν
1670 4294 1797 4347 διοι-

227 4377 481 4448 κούντων,
543 4383 816 4450 γυναικὸς,
851 4382 983 4435 διότι
1014 4383 1171 4453 γυνὴ,
1222 4384 1330 4436 οὐδ’
1381 4384 1607 4455 ἀνδρὸς,
1664 4386 1795 4438 διότι

229 4468 389 4542 ἀνήρ’
424 4473 753 4544 ἀλλ’όμοίως
781 4474 1249 4545 διεσπαρμέναιαὶ
1277 4475 1467 4545 φύσεις
1508 4480 1565 4529 ἐν
1590 4478 1791 4547 ἀμφοῖν
1822 4508 1868 4566 Β

228 4565 332 4615 τοῖν
362 4562 519 4629 ζὼοιν
538 4582 552 4595 ⁸
588 4567 681 4619 καὶ
719 4568 932 4620 πάντων
967 4568 1064 4637 μὲν
1092 4569 1305 4638 μετέχει
1339 4568 1473 4639 γυνὴ
1504 4570 1787 4640 ἐπιτηδευ-

234 4654 406 4723 μάτων
432 4658 571 4711 κατὰ
604 4659 784 4729 φύσιν,
841 4660 1056 4713 πάντων
1106 4660 1162 4712 δὲ
1192 4661 1364 4731 ἀνήρ’
1400 4661 1494 4714 ἐπὶ
1542 4662 1673 4712 πᾶσι
1731 4661 1787 4713 δὲ

232 4744 604 4822 ἀσθενέστερον
653 4750 787 4821 γυνὴ
839 4750 1046 4822 ἀνδρός.
1075 4779 1145 4789 -
1175 4750 1323 4804 Πάνυ
1376 4769 1459 4820 γε.
1495 4783 1563 4791 -
1593 4747 1670 4805 Ἦ
1696 4748 1787 4805 οὖν

230 4838 444 4912 ἀνδράσι
493 4843 671 4896 πάντα
712 4841 1107 4913 προστάξομεν,
1154 4844 1375 4911 γυναικὶ
1418 4844 1475 4897 δὲ
1503 4843 1689 4909 οὐδέν;
1720 4874 1787 4882 -

234 4928 335 4983 Καὶ
365 4933 508 4999 πῶς
536 4965 607 4974 -
638 4933 775 4986 Ἀλλ’
810 4934 923 4987 ἔστι
948 4934 1077 5007 γὰρ,
1105 4932 1275 5004 οἶμαι,
1304 4935 1379 4999 ὡς
1412 4936 1675 5006 φήσομεν,
1695 4937 1786 4990 καὶ

318 5064 401 5139 (ii)
441 5066 795 5139 Νομοθέτης.
832 5066 1002 5135 Plato,
1028 5085 1075 5139 tt
1118 5067 1265 5139 Leg.,
1300 5083 1421 5137 pag.
1452 5066 1576 5129 580,
1612 5068 1674 5122 (Σ.

283 5134 401 5214 ,(64)
446 5134 657 5214 ἐστιν
685 5136 821 5214 ὅτι,
866 5134 993 5193 etc.
1022 5138 1094 5214 ita
1138 5134 1423 5214 Pl'ato',__et
1468 5148 1649 5203 recte;
1691 5139 1781 5208 qui

233 5208 381 5277 ctiam
414 5208 693 5277 periodum
727 5208 1145 5277 interrogatione
1177 5209 1395 5261 claudit.

302 5274 425 5346 (65),
452 5277 526 5330 Τὰ
553 5276 769 5331 δίκαια.
823 5274 980 5333 Deest
1010 5279 1262 5340 verbum,
1316 5287 1439 5345 puta
1488 5278 1746 5346 πράττειν
1766 5320 1780 5343 ,

237 5349 511 5416 προτιμᾷν,
546 5347 785 5409 ἑλέσθαι,
817 5350 1156 5418 προελέσθαι,
1188 5358 1281 5401 aut
1303 5348 1371 5401 al.
1402 5347 1579 5401 simile
1612 5367 1624 5400 :
1658 5366 1781 5402 nam

236 5419 413 5479 ποιεῖν,
458 5418 601 5486 quod
647 5419 894 5487 praecedit
926 5460 941 5485 ,
989 5435 1112 5474 cum
1158 5418 1441 5487 participio
1487 5418 1783 5487 δυνάμενον

238 5488 571 5542 construitur.

302 5555 407 5628 (66)
444 5554 563 5625 Ἆρ’
586 5555 700 5611 οὖν
726 5556 885 5627 ἡμῖν.
914 5557 1068 5613 Plato
1089 5597 1102 5621 ,
1149 5575 1183 5611 n
1214 5559 1338 5628 Leg.
1359 5596 1374 5620 ,
1402 5572 1536 5628 pag.
1556 5558 1679 5623 580,
1716 5558 1778 5613 ll.

236 5619 427 5697 Quibus
478 5619 583 5682 n'on
646 5619 914 5682 absimilia
991 5619 1366 5697 disputantur
1402 5619 1435 5681 Ξι
1473 5619 1783 5681 'Clemente

239 5690 608 5770 élexattdritto,
639 5697 833 5770 Stront.
855 5699 964 5770 lib.
996 5690 1221 5770 tvfpag.
1246 5698 1371 5762 565,
1402 5698 1490 5770 ubi
1518 5698 1680 5770 etiam
1714 5716 1779 5752 ex

240 5758 437 5832 Epicuri
483 5758 693 5833 mente,
734 5768 863 5823 nulli
900 5779 993 5823 aut
1022 5758 1292 5824 aetativaut
1326 5758 1625 5824 conditioni
1658 5785 1781 5838 pro-

1897 3272 2000 3339 Qui
2029 3272 2247 3327 tandem
2274 3272 2457 3343 negari
2490 3280 2674 3343 posset
2724 3272 2854 3341 quin
2884 3271 2956 3325 ita
2986 3271 3101 3326 ﬂeri
3126 3271 3407 3341 Oporteat?
3446 3290 3462 3322 ι

1898 3363 1995 3421 [lis
2063 3364 2276 3435 gemina
2344 3372 2499 3431 sunt,
2546 3378 2668 3434 quae
2720 3362 2863 3417 idem
2907 3362 3064 3416 Plato
3144 3360 3466 3432 Reipublicae

1898 3455 2090 3524 quinto
2119 3454 2275 3510 docet
2310 3454 2396 3509 his
2422 3453 2600 3508 verbis
2628 3472 2641 3508 :
2672 3471 2691 3505 ι
2724 3450 2865 3507 Num
2902 3461 2959 3507 tu
2992 3453 3196 3523 aliquid
3225 3453 3337 3523 ipse
3369 3470 3469 3508 no-

1898 3547 1989 3614 sti,
2021 3547 2165 3618 quod
2198 3548 2268 3603 ab
2298 3546 2611 3602 hominibus
2639 3547 2860 3602 tractari
2894 3547 3084 3611 soleat,
3131 3547 3185 3601 in
3213 3562 3321 3615 quo
3358 3562 3477 3601 non.

1896 3640 2141 3694 virorum
2176 3654 2346 3711 genus
2392 3638 2641 3694 muliebri
2674 3640 2926 3694 omnibus
2959 3638 3108 3693 hisce
3137 3649 3345 3693 naturae
3372 3638 3470 3693 do-

1897 3730 2044 3785 tibus
2093 3730 2421 3785 antecellat?
2471 3729 2555 3783 An
2608 3728 2857 3799 pluribus
2902 3729 3061 3784 nobis
3109 3728 3164 3782 in
3218 3730 3466 3795 texendi,

1896 3822 2173 3892 placentas
2212 3831 2266 3876 et
2311 3821 2538 3877 obsonia
2578 3821 2898 3877 conﬁciendi
2947 3820 3199 3889 artificio,
3241 3835 3304 3876 ac
3363 3837 3469 3875 ca:-

1898 3914 2028 3968 teris
2062 3913 2114 3967 id
2146 3929 2315 3984 genus
2352 3912 2697 3969 recensendis
2727 3912 3153 3979 immorandum,
3187 3912 3243 3967 in
3271 3913 3470 3982 quibus

1897 4021 2028 4061 sane
2062 4004 2389 4061 feminarum
2425 4020 2596 4076 genus
2636 4018 2758 4060 esse
2801 4005 3005 4076 aliquid
3047 4005 3279 4069 videtur,
3308 4013 3361 4059 et
3389 4013 3469 4057 ta-

1897 4113 2020 4153 men
2050 4097 2195 4152 vinci
2239 4096 2623 4151 :erridiculum
2651 4098 2863 4152 est?—
2894 4096 3033 4152 Vera
3078 4098 3337 4167 loqueris,
3386 4096 3469 4149 in-

1897 4191 2031 4261 quit.
2064 4221 2133 4231 —-
2158 4188 2292 4243 Nam
2326 4199 2379 4244 et
2407 4189 2461 4243 in
2486 4189 2761 4256 omnibus,
2795 4198 2855 4244 ut
2900 4192 2971 4244 ita
3000 4190 3207 4255 dicam,
3236 4205 3406 4261 genus
3436 4206 3468 4244 a

1897 4296 2089 4353 genere
2119 4281 2414 4350 plurimum
2446 4288 2756 4349 superatur,
2787 4290 2841 4334 et
2882 4289 3063 4335 tamen
3106 4279 3241 4335 viris
3273 4281 3467 4350 pleris-

1896 4386 2002 4441 que
2029 4370 2211 4424 multae
2256 4383 2396 4439 szepe
2437 4370 2692 4425 mulieres
2721 4370 2970 4440 pluribus
3011 4371 3063 4425 in
3113 4371 3275 4426 rebus
3311 4383 3466 4426 ante-

1896 4461 2115 4517 cellunt.
2148 4459 2414 4514 Caeterum
2456 4460 2709 4516 universe
2752 4461 2827 4516 ita
2870 4478 2958 4517 res
2992 4462 3151 4517 habet
3192 4463 3271 4516 uti
3304 4464 3462 4518 dicis.

1892 4551 2086 4606 Munus
2128 4551 2313 4621 igitur,
2348 4566 2381 4605 ο
2406 4552 2600 4617 amice,
2632 4551 2771 4607 inter
2812 4568 2907 4608 eos
2940 4555 3031 4623 qui
3073 4556 3462 4625 rempublicam

1890 4650 2103 4712 gerunt,
2139 4641 2349 4696 nullum
2396 4651 2512 4707 est,
2549 4642 2695 4712 quod
2742 4653 2837 4698 aut
2885 4640 3463 4715 tuulieris,'quatenus

1888 4736 2117 4800 mulier,
2149 4745 2243 4791 aut
2274 4736 2407 4800 viri,
2435 4744 2707 4805 quatenus
2746 4736 2830 4789 vir
2867 4746 2983 4809 est,
3020 4738 3297 4807 proprium
3346 4741 3416 4793 sit
3445 4756 3459 4792 :

1888 4830 1980 4883 sed
2013 4829 2065 4882 in
2104 4836 2334 4896 utroque
2378 4842 2512 4881 sexu
2554 4827 2718 4883 simili
2762 4828 3166 4897 quodammodo
3199 4832 3463 4899 prosemi-

1888 4928 2031 4973 natae
2061 4926 2189 4974 sunt
2220 4927 2428 4971 naturae
2461 4917 2633 4980 dotes,
2665 4918 2738 4971 ita
2785 4926 2845 4971 ut
2882 4918 2981 4971 viri
3031 4918 3192 4973 simul
3231 4934 3295 4974 ac
3341 4935 3462 4974 mu-

1888 5068 2155 5122 ltihendus
2187 5076 2269 5121 est
2298 5067 2362 5120 ad
2398 5066 2796 5135 philosophiam
2831 5066 3029 5123 aditus.

1958 5137 2070 5208 (67)
2116 5136 2194 5189 Τά
2219 5154 2301 5189 τε.
2339 5135 2530 5208 Melius
2561 5137 2629 5189 τά
2650 5146 2829 5208 γε,-υι
2858 5136 3033 5189 Plato.

1958 5205 2068 5278 (68)
2108 5208 2244 5274 Περὶ
2276 5205 2383 5278 tot?
2409 5207 2556 5268 δεῖν,
2586 5216 2689 5260 etc.
2741 5206 2967 5261 Etiamsi
3002 5208 3116 5262 haec
3138 5208 3315 5262 oratio
3340 5209 3453 5260 vitii

1886 5276 2021 5332 nihil
2051 5276 2293 5342 habeat,
2341 5276 2549 5332 Platoni
2594 5286 2769 5330 tamen
2806 5278 3010 5332 haerere
3058 5278 3261 5341 malui,
3313 5279 3458 5346 apud

1885 5363 2045 5417 quem
2073 5347 2163 5400 τοῦ
2201 5338 2361 5418 πέρι;
2398 5363 2520 5401 cum
2558 5347 2980 5418 interrogatione
3015 5338 3320 5418 legitur,'et
3346 5338 3458 5401 Uli-

1886 5416 1989 5473 nia:
2042 5416 2316 5471 tribuitur.
2358 5416 2657 5486 Sequentia
2696 5416 2785 5468 ita
2812 5416 3216 5486 concipiuntur,
3247 5418 3305 5470 τὸ
3346 5419 3458 5472 δεῖν

1886 5490 2083 5551 πάντα,
2110 5495 2238 5551 etc.,
2271 5505 2390 5556 quae
2419 5488 2487 5540 ab
2514 5486 2830 5539 Atheniensi
2862 5488 3281 5556 respondentur.

1957 5558 2068 5628 (69)
2110 5559 2362 5628 Πᾳντός.
2400 5556 2572 5621 Plato,
2604 5556 2837 5628 πάντως.

1957 5625 2068 5700 (70)
2113 5625 2299 5700 OTo'tId
2322 5646 2393 5700 tt.
2433 5628 2605 5700 Plato,
2638 5644 2678 5700 VA
2701 5626 2776 5679 De
2811 5628 3032 5696 republ.,
3074 5643 3193 5700 pag.
3232 5629 3363 5697 458,
3390 5626 3459 5685 F.

1955 5699 2065 5767 (7i)
2113 5698 2319 5754 Ταῦτα.
2349 5698 2554 5753 Mallem
2590 5698 2780 5752 ταύτά.
