3872 6368
562 294 694 354 ml‘l

1223 291 1493 349 EUSEBH
1527 290 2004 347 CESABIENSIS
2036 292 2184 346 OPP'.
2229 293 2406 348 PARS
2446 295 2505 348 ll.
2545 326 2612 336 —
2651 295 3145 356 APOLOGETICA.

3587 306 3689 364 10"!

558 398 719 476 lieres
760 417 812 470 in
849 413 1161 470 earumdem
1201 412 1506 468 studiorum
1553 414 1991 468 communionem
2037 430 2122 466 v0-

2233 414 2366 485 γυνὴ
2404 416 2638 487 ἰατρικὴ,
2687 419 2718 487 ἡ
2778 418 2822 470 δ’
2866 417 2960 471 οὕ’
2990 419 3084 472 καὶ
3114 420 3357 492 μουσικὴ,
3405 422 3491 492 ἡδ’
3518 423 3694 494 inane;

557 522 769 574 centur,
803 508 926 562 licet
952 508 1006 560 in
1030 503 1284 560 erunibus
1325 505 1520 558 mulier
1547 504 1662 558 viro
1689 504 1846 573 longe
1878 505 1949 560 sit
1979 505 2130 558 inﬁr—

557 601 868 658 mior.-—-lta
896 597 1353 670 prorsus.——Quid
1371 599 1569 667 igitur?
1595 600 1858 654 Omniane
1872 599 2002 653 viris
2025 599 2129 652 im-

558 693 887 762 perabimus,
923 688 1520 744 mulierinihil?-—Cur
1552 688 1882 744 enim?—Ex
1912 689 2129 744 feminis

553 786 776 853 utique,
810 783 982 845 alias,
1030 789 1086 834 ut
1130 791 1315 850 postea
1361 781 1639 847 dicemus,
1688 781 1756 835 ad
1803 781 2125 836 medicinam

553 885 706 945 aptas
754 872 1034 942 reperies,
1085 873 1220 926 alias
1275 872 1499 926 minime
1545 887 1558 923 :
1604 873 1840 941 itemque
1872 872 2006 926 alias
2057 873 2124 925 ad

555 967 822 1020 musicam
858 982 886 1019 a
920 973 1112 1019 natura
1157 972 1520 1031 comparatas,
1552 963 1688 1016 alias
1714 963 1782 1016 ab
1813 961 2000 1016 eadem
2030 977 2126 1031 per

553 1074 675 1114 sese
720 1058 1096 1112 abhorrentes.
1125 1086 1193 1096 ——
1234 1055 1544 1109 Enimvero.
1578 1085 1640 1093 —
1679 1053 1828 1108 Alias
1870 1062 2126 1123 praeterea

552 1166 676 1204 cum
707 1149 1191 1203 exercitationibus
1222 1147 1477 1217 publicis,
1513 1159 1624 1200 tum
1657 1146 1818 1201 etiam
1855 1145 1995 1199 bello
2038 1162 2127 1214 ge-

549 1241 719 1295 rendo
745 1241 970 1295 idoneas
991 1282 1006 1306 ,
1034 1241 1246 1310 ineptas
1282 1239 1350 1293 ad
1381 1249 1675 1307 utrumque
1706 1239 1858 1293 alias.
1981 1237 2122 1291 Idem

549 1335 714 1406 609
749 1335 882 1388 mihi
932 1336 1162 1389 videtur.
1190 1364 1261 1376 —
1299 1332 1440 1400 Quid
1476 1349 1639 1404 porro
1681 1335 1965 1404 sapientia,
2016 1349 2124 1388 non

549 1441 670 1480 eam
700 1425 949 1480 similiter
977 1426 1095 1478 alia:
1125 1425 1329 1487 studio,
1377 1425 1493 1478 aliae
1530 1424 1655 1479 odio
1684 1423 2128 1492 prosequuntur?

548 1534 660 1572 non
689 1518 808 1570 alia:
836 1532 1029 1571 rursus
1052 1515 1345 1571 ferociores
1371 1516 1570 1570 habent
1600 1515 1843 1584 spiritus,
1871 1514 1990 1568 alia:
2025 1514 2126 1568 hu-

550 1607 830 1661 miliores?
879 1635 940 1646 —
981 1605 1046 1660 Et
1100 1607 1200 1660 hoc
1248 1605 1342 1659 tibi
1399 1604 1686 1659 assentior.
1728 1634 1796 1644 —
1843 1601 2128 1659 Nonnullae

550 1707 680 1753 sunt
727 1699 887 1752 etiam
916 1699 981 1751 ad
1012 1697 1424 1752 custodiendum
1467 1705 1622 1765 apta),
1663 1695 1781 1750 aliae
1823 1710 1930 1748 non
1973 1695 2122 1748 item.

2232 507 2423 576 φύσει·
2450 508 2514 559 Τί
2538 510 2673 580 μήν;
2703 511 2813 563 Kal.
2845 511 3187 582 γυμναστικὴ
3211 511 3266 564 δὲ
3289 513 3387 584 ἄρα
3411 513 3510 567 οὐδὲ
3530 516 3695 586 πολεμι-

2231 600 2299 669 κή
2327 599 2437 668 (7'2)
2463 616 2475 628 ·
2514 601 2546 671 ἡ
2599 600 2654 652 δὲ
2704 601 3007 672 ἀπόλεμος,
3045 606 3139 658 καὶ
3189 606 3249 658 ού
3306 604 3693 678 φιλογυμναστική.

2227 721 2297 730 ——
2328 686 2491 760 Οἶμαι
2521 691 2715 760 ἔγωγε.
2749 724 2816 732 —-
2843 693 2908 745 Τί
2937 694 3014 757 δὲ,
3049 695 3406 763 φιλόσοφόςτε
3433 696 3512 748 καὶ
3538 698 3696 765 μισόσο-

2230 800 2360 852 φος;
2396 783 2490 836 καὶ
2519 782 2824 854 θυμοειδὴς,
2872 786 2904 854 ή
2936 784 2992 836 δὲ
3031 784 3235 855 ἄθυμός
3263 787 3370 836 ἐστι
3401 785 3598 854 (73);—
3621 789 3700 840 Kal.

2227 873 2418 926 ταῦτα.
2452 903 2518 912 -·
2550 874 2734 926 Ἔστιν
2757 875 2864 946 ἄρα
2896 876 2990 927 καὶ
3026 875 3297 946 φυλακικὴ
3319 877 3469 944 γυνὴ,
3509 876 3594 947 ἡδ’
3629 877 3699 940 οὖ;

2231 966 2299 1017 Ἣ
2322 965 2382 1016 ού
2410 963 2668 1034 τοιαύτην
2693 964 2789 1016 καὶ
2813 964 2920 1016 τῶν
2939 964 3145 1035 ἀνδρῶν
3171 965 3276 1020 τῶν
3301 965 3569 1033 φυλακικῶν
3587 966 3724 1034 φύσιν⁸

2228 1054 2622 1124 ἐξελεξάμεθαὲ
2647 1085 2714 1093 -
2741 1055 3007 1126 Τοιαύτην
3043 1056 3139 1126 μὲν
3171 1053 3282 1112 οὖν.
3313 1088 3375 1095 -
3400 1058 3498 1109 Kal.
3515 1058 3703 1124 TUMth

2230 1150 2336 1220 ἄρα
2359 1149 2452 1201 καὶ
2491 1146 2680 1218 ἀνδρὸς
2703 1149 2738 1218 ἡ
2761 1147 2899 1218 αὐτὴ
2951 1146 3111 1215 φύσις
3139 1149 3219 1210 εἰς
3269 1147 3491 1216 φυλακὴν
3537 1148 3701 1210 πόλεως,

2228 1236 2367 1307 πλὴν
2411 1237 2520 1308 ὅσῳ
2568 1235 2952 1307 ἀσθενεστέρα,
2994 1239 3025 1309 ἡ
3077 1237 3134 1290 δὲ
3185 1238 3485 1308 ἰσχυροτέρα
3535 1239 3706 1290 ἐστί.-

2226 1325 2506 1379 Φαίνεται..
2532 1357 2601 1365 -
2628 1326 2738 1378 Καὶ
2762 1330 3014 1394 γυναῖκες
3043 1328 3150 1397 ἄρα
3181 1329 3237 1381 αἱ
3269 1327 3494 1380 τοιαῦται
3523 1331 3612 1389 toi;
3631 1345 3704 1378 τοι·

2227 1418 2402 1481 ούτοις
2436 1418 2693 1489 ἀνδράσιν
2727 1418 3005 1472 ἐκλεκτέαι
3038 1422 3301 1472 συνοικεῖν
3331 1437 3385 1472 τε
3434 1420 3517 1472 καὶ
3559 1420 3709 1488 Euago-

2227 1511 2460 1573 λάττειν,
2489 1510 2719 1582 ἐπείπερ
2758 1513 2893 1563 εἰσιν
2929 1511 3110 1563 ἱκαναὶ
3159 1511 3252 1563 καὶ
3286 1511 3536 1579 ξυγγενεῖς
3580 1511 3708 1572 me

2227 1605 2323 1675 τὴν
2347 1603 2529 1673 φύσιν.
2562 1623 2579 1654 ι
2618 1603 2855 1666 Εἰκότως
2884 1603 2991 1674 ἄρα
3014 1603 3109 1655 καὶ
3129 1604 3157 1654 ὀ
3179 1602 3306 1671 παρ’
3337 1604 3456 1674 ἡμῖν
3476 1601 3712 1670 1670;51:0-

2225 1697 2437 1766 δέχεται
2474 1697 2579 1748 πᾶν
2607 1695 2759 1763 γένος
2813 1696 2872 1747 ού
2907 1695 3065 1764 μόνον
3096 1695 3338 1765 ἀνδρῶν,
3376 1693 3496 1746 ἀλλὰ
3527 1693 3601 1746 καὶ
3643 1710 3710 1758 γν-

548 1787 805 1858 Nunquid
840 1790 983 1844 enim
1025 1789 1292 1859 ejusmodi
1319 1789 1554 1857 aliquam
1599 1788 1840 1842 virorum
1872 1787 2121 1841 idoneam

2227 1787 2449 1848 ναικῶν,
2495 1787 2601 1840 οὐδ’
2641 1786 2940 1858 ἐλευθέρων
2970 1785 3063 1838 καὶ
3100 1785 3299 1839 δούλων
3328 1786 3491 1855 μόνον,
3521 1783 3629 1836 ἀλλὰ
3648 1783 3714 1835 καὶ

549 1881 810 1938 custodiae
836 1893 1085 1936 naturam
1113 1882 1444 1937 secrevimus
1465 1882 1489 1935 ?
1512 1912 1581 1921 —
1599 1880 1742 1936 Sane
1773 1881 2124 1936 secrevimus.

549 2005 619 2014 —
648 1974 847 2028 Eadem
879 1987 1008 2042 ergo
1058 1981 1168 2026 tam
1206 1972 1306 2025 viri
1335 1987 1498 2042 quam
1541 1973 1786 2028 mulieris
1838 1971 1905 2025 ad
1948 1971 2127 2042 reipu-

2230 1882 2517 1954 βαρϐἀρων
2549 1884 2642 1936 καὶ
2681 1883 2965 1954 Ἑλλήνων,
3003 1884 3080 1945 είς
3102 1881 3199 1953 τὴν
3233 1882 3371 1935 κατὰ
3388 1882 3508 1934 Θεδν
3533 1879 3713 1933 παιδείαν

2229 1989 2288 2025 τε
2322 1972 2414 2024 καὶ
2443 1971 2776 2041 φιλοσοφίαν.

549 2068 705 2123 blicaa
747 2067 1048 2122 custodiam
1094 2075 1289 2120 natura
1322 2076 1425 2133 est,
1473 2067 1578 2122 nisi
1610 2069 1755 2137 quod
1803 2067 2070 2122 inﬁrmior
2118 2066 2282 2136 hujus
2316 2075 2400 2120 est
2421 2107 2435 2131 ,
2485 2066 2632 2119 illius
2663 2063 2958 2120 robustior.
2981 2093 3051 2102 —
3081 2060 3302 2117 Eadem.
3328 2093 3396 2103 —-
3429 2059 3576 2114 Erunt
3602 2060 3716 2129 igitur

551 2172 675 2210 cum
709 2154 978 2224 ejusmodi
1011 2155 1165 2218 viris,
1216 2153 1422 2223 aliquot
1455 2156 1618 2209 etiam
1671 2158 1722 2210 id
1769 2171 1938 2226 genus
1984 2156 2239 2210 mulieres
2289 2154 2605 2225 seligendaz,
2643 2166 2700 2208 ut
2731 2169 2853 2208 cum
2901 2153 2968 2207 iis
3000 2153 3272 2208 civitatem
3313 2153 3536 2207 incolant
3557 2151 3714 2221 peritu,

550 2249 862 2317 pariterque
926 2246 1258 2312 custodiant,
1285 2261 1411 2300 cum
1442 2256 1494 2300 et
1526 2246 1628 2301 hoc
1655 2246 1718 2300 ad
1752 2245 1996 2300 muneris
2026 2260 2197 2316 genus
2227 2243 2435 2298 idoneze
2479 2243 2608 2306 sint,
2645 2252 2697 2296 et
2729 2255 2851 2295 cum
2885 2240 3014 2294 viris
3050 2250 3258 2295 natura:
3289 2241 3624 2309 cognationem
3649 2238 3717 2290 ha-

551 2341 734 2395 beant.
778 2359 796 2390 ι
833 2339 906 2392 Ita
937 2337 1113 2392 Plato.
1139 2335 1269 2392 Jure
1304 2337 1468 2406 igitur
1496 2353 1559 2392 ac
1593 2338 1785 2393 merito
1814 2339 1958 2407 leges
1997 2351 2210 2407 quoque
2243 2341 2460 2397 nostra,
2495 2347 2665 2402 genus
2689 2346 2850 2386 omne
2881 2339 2986 2384 tam
3018 2332 3306 2386 mulierum
3339 2347 3491 2402 quam
3520 2331 3715 2388 virorum.

551 2448 659 2490 tam
696 2451 972 2490 servorum
1020 2449 1183 2504 quam
1231 2433 1547 2498 liberorum,
1593 2442 1700 2486 tam
1741 2431 2096 2486 barbarorum
2153 2442 2313 2496 quam
2350 2425 2686 2488 Grazcorum,
2725 2424 2778 2476 in
2824 2423 3016 2478 divina:
3044 2423 3307 2478 doctrina:
3343 2439 3405 2478 ac
3443 2421 3719 2494 philosophia:

546 2527 985 2586 communionem
1021 2529 1274 2584 admittit.

1071 2619 1298 2676 CAPUT
1355 2617 1593 2674 XXXIII.

551 2733 749 2786 Eorum
800 2751 958 2787 causa
978 2776 991 2798 ,
1024 2735 1113 2805 qui
1143 2734 1314 2786 minus
1345 2733 1483 2805 apud
1509 2749 1601 2786 nos
1637 2748 1719 2805 ετ
1740 2732 1961 2784 rationis
1987 2745 2123 2799 prmo

618 2806 812 2872 scripto
843 2803 1043 2867 vivunt,
1071 2821 1228 2874 genus
1263 2804 1561 2858 universum
1600 2803 1981 2856 traducendum
2021 2819 2121 2854 non

618 2891 748 2928 esse.

631 3005 649 3038 ‹
678 2988 852 3057 Atque
883 2988 988 3043 hoc
1021 2988 1074 3041 in
1109 3003 1304 3058 genere
1356 2988 1426 3041 ita
1455 2986 1922 3057 phil050phemur,
1948 2984 2125 3054 inquit

549 3077 722 3134 Plato.
758 3082 889 3150 Age,
934 3081 992 3135 Si
1030 3082 1155 3150 quis
1197 3096 1390 3149 capras
1428 3082 1592 3145 alere,
1637 3080 1880 3147 adeoque
1908 3078 2122 3148 pecoris

549 3176 653 3229 hoc
699 3183 752 3227 ct
797 3174 1162 3247 possessionis
1211 3189 1415 3243 genus,
1468 3181 1727 3241 tanquam
1780 3172 2119 3225 fructuosum

551 3268 795 3322 laudares
829 3286 841 3320 :
879 3267 1020 3320 alius
1063 3276 1284 3328 contra,
1316 3265 1462 3335 quod
1499 3264 1637 3320 forte
1672 3278 1867 3332 capras
1901 3261 2120 3322 alicubi,

549 3360 677 3412 dum
703 3359 820 3413 sine
843 3357 1092 3426 caprario
1113 3366 1420 3427 pascerent,
1441 3356 1603 3411 cultis
1631 3355 1955 3425 quibusdam
1977 3357 2123 3424 agris

550 3451 811 3502 damnum
865 3445 1065 3500 inferre
1110 3445 1368 3509 vidisset,
1414 3446 1745 3516 improbaret
1787 3461 1799 3495 :
1848 3444 2123 3513 semelque

550 3556 766 3610 gregem
795 3541 1108 3594 universum
1139 3548 1232 3593 aut
1257 3539 1376 3594 sine
1409 3547 1647 3609 pastore,
1674 3548 1769 3592 aut
1807 3555 1930 3592 cum
1965 3539 2123 3592 malis

550 3631 863 3700 pastoribus
895 3630 1149 3697 intuitus,
1171 3631 1433 3686 continuo
1463 3646 1577 3684 rem
1612 3639 1778 3686 totam
1810 3631 2120 3696 vellicaret;

551 3739 748 3778 eumne
783 3733 1064 3792 propterea
1088 3739 1223 3778 sano
1251 3732 1574 3792 maturoque
1603 3725 1810 3794 judicio
1844 3726 2124 3794 quodlibet

551 3815 697 3868 aliud
738 3815 950 3884 pecoris
1006 3830 1177 3884 genus
1222 3815 1633 3884 repudiaturum
1663 3817 2031 3870 arbitramur?
2056 3847 2123 3855 —

550 3903 661 3958 Cur
692 3905 909 3958 autem?
944 3925 962 3955 ι
996 3904 1062 3958 Et
1109 3906 1298 3974 paucis
1339 3906 1636 3975 interjectis
1668 3925 1682 3961 :
1725 3927 1743 3959 ι
1773 3907 1911 3973 Quid
1956 3923 2122 3977 porro

553 3995 831 4050 societatis
854 3994 1231 4064 cujuscunque
1254 4012 1348 4051 seu
1374 3996 1709 4052 laudatorem
1732 4039 1746 4060 ,
1783 4015 1877 4052 seu
1909 3999 2120 4067 vitupe-

553 4093 824 4150 ratorem,
866 4102 986 4156 quae
1016 4103 1140 4142 cum
1190 4103 1283 4157 per
1323 4103 1380 4143 se
1416 4089 1742 4144 moderatori
1788 4106 1976 4159 parere
2023 4093 2118 4143 de-

558 4178 697 4242 beat,
727 4187 840 4231 tum
871 4178 1032 4232 etiam
1064 4195 1187 4234 cum
1229 4195 1294 4233 eo
1327 4181 1614 4250 conjuncta
1647 4183 1938 4252 plurimum
1968 4183 2123 4237 all'ert

555 4269 842 4326 utilitatis?
874 4271 930 4325 Si
965 4287 1239 4341 nunquam
1271 4273 1417 4326 illam
1460 4273 1686 4336 viderit,
1728 4290 1912 4328 secum
1947 4276 2116 4344 ipsam

2733 2605 3126 2659 ΚΕΦΑΛΑΙΟΝ
3175 2605 3298 2658 AI".

2227 2741 2345 2795 "Ott
2381 2739 2467 2810 μὴ
2504 2737 2620 2806 χρὴ
2649 2738 2718 2790 ἐκ
2773 2735 2891 2810 τῶν
2905 2739 3026 2810 Αοῠη
3047 2735 3197 2790 κατὰ
3230 2737 3436 2810 λόγον
3459 2809 3463 2810 ί
3486 2734 3597 2803 παρ’

2428 2804 2728 2875 βιοῦντωιν
2754 2806 2818 2862 τὸ
2847 2805 2969 2863 πᾶν
2996 2807 3172 2873 ἔθνος
3218 2804 3554 2861 διαϐάλλειν

2299 3028 2318 3061 ι
2350 3006 2684 3078 Σκεψώμεθα
2716 3007 2772 3061 δέ
2802 3025 2876 3079 πη
2895 3007 3041 3078 τῇδε.
3073 3007 3232 3078 Φέρε,
3267 3008 3322 3059 εἴ
3353 3025 3435 3070 τις
3474 3005 3618 3074 αἰγῶν
3637 3020 3728 3075 spo-

2224 3098 2349 3170 φὴν,
2380 3099 2474 3152 καὶ
2499 3100 2557 3152 τὸ
2584 3099 2741 3164 ζῶον,
2764 3099 2861 3152 καὶ
2903 3094 2968 3152 αὖ
2999 3098 3058 3152 τὸ
3087 3099 3298 3169 κτῆμα,
3353 3100 3426 3162 ὡς
3455 3099 3556 3152 ἐστι
3592 3095 3728 3156 καλὸν,

2222 3190 2448 3252 ἐπαινοῖ,
2484 3189 2638 3252 ἄλλος
2665 3189 2721 3241 δέ
2746 3205 2848 3253 ⁸τις,
2880 3187 3136 3259 ἑωρακὼς
3174 3185 3339 3259 αἶγας
3380 3191 3536 3260 χωρὶς
3563 3185 3731 3257 νεμομέ-

2222 3297 2317 3342 νας
2335 3279 2580 3344 αἰπόλου,
2605 3281 2661 3331 ἐν
2679 3280 2993 3351 ἐργασίμοις
3015 3281 3238 3351 χωρίοις
3263 3283 3380 3352 (74)
3395 3279 3586 3352 δρώσας
3605 3277 3727 3337 uti.

2221 3371 2493 3440 διαψέγοι·
2522 3373 2614 3424 καὶ
2654 3373 2760 3424 πᾶν
2799 3371 3025 3442 θρέμμα
3051 3372 3310 3442 ἄναρχον,
3347 3373 3381 3444 ἢ
3444 3372 3568 3443 μετὰ
3593 3368 3728 3423 κακῶν

2223 3465 2497 3534 ἀρχόντων
2535 3463 2676 3526 ἰδὼν,
2713 3463 2855 3516 οὕτω
2888 3465 3185 3534 μέμφοιτο·
3248 3466 3395 3519 κατὰ
3422 3467 3506 3517 τὸν
3551 3461 3730 3516 τοιοῦτον

2224 3553 2378 3622 λόγον
2405 3552 2688 3624 ἡγούμεθα
2719 3554 2866 3620 ὑγιὲς
2895 3553 2958 3606 ἄν
2990 3570 3119 3606 ποτε
3153 3553 3319 3623 ψέξαι
3355 3557 3446 3608 καὶ
3490 3553 3664 3613 ὁτιοῦνς
3683 3576 3733 3589 --

2225 3645 2333 3698 Καὶ
2363 3643 2476 3706 πῶς
2499 3659 2513 3708 ;
2556 3644 2712 3697 ι’Καὶ
2744 3645 2858 3714 μετ’
2886 3643 3059 3710 ὀλίγα·
3085 3663 3103 3694 ι
3139 3645 3205 3697 Τί
3229 3646 3287 3698 δὲ
3315 3646 3587 3714 ἐπαινέτην
3612 3644 3637 3713 ἦ
3665 3640 3736 3709 ψέ-

2223 3751 2357 3804 κτην
2388 3735 2667 3798 κοινωνίας
2695 3735 3029 3806 ἡστινοσοῦν,
3055 3732 3123 3807 ἦς
3156 3738 3379 3806 πέφυκέ
3421 3755 3478 3790 τε
3517 3733 3630 3788 εἶναι
3662 3735 3733 3801 ἄρα

2223 3844 2354 3894 χων,
2392 3827 2507 3894 μετ’
2537 3825 2742 3878 ἐκείνου
2781 3844 2839 3879 τε
2877 3826 3150 3898 ὠφέλιμός
3173 3829 3326 3880 ἐστιν
3352 3869 3366 3891 ,
3395 3831 3422 3880 ὁ
3450 3828 3502 3880 δὲ
3529 3828 3639 3896 μήτε
3664 3824 3734 3874 ἐω-

2228 3913 2407 3984 ρακὼς
2441 3915 2524 3984 εἴη
2550 3917 2677 3968 ποτὲ
2709 3915 2883 3986 ὀρθῶς
2898 3917 3067 3988 αὐτὴν
3095 3919 3267 3990 ἑαυτῇ
3290 3917 3625 3972 κοινωνοῦσαν
3650 3913 3734 3984 μετ’

2223 4006 2497 4074 ἄρχοντος,
2531 4006 2617 4058 ἀεὶ
2647 4006 2702 4059 δὲ
2727 4007 2960 4077 ἄναρχον
2983 4047 2998 4069 ,
3029 4008 3060 4078 ἢ
3115 4009 3256 4078 μετὰ
3295 4010 3481 4062 κακῶν
3521 4006 3723 4076 ἀρχόντων1

2225 4096 2521 4161 ξυνοῦσαν;
2560 4097 2783 4168 οἰόμεθα
2814 4098 2875 4169 δή
2909 4116 3038 4151 ποτε
3083 4101 3208 4163 τοὺς
3250 4099 3524 4162 τοιούτους
3557 4092 3735 4164 θεωροὺς

2222 4188 2329 4240 τῶν
2358 4189 2613 4241 τοιούτων
2650 4191 2959 4254 κοινωνιῶν,
2981 4191 3231 4262 χρηστῶς
3263 4210 3319 4246 τι
3356 4192 3534 4260 ψέγειν
3567 4190 3594 4258 ἦ
3621 4189 3735 4237 tanta

2223 4279 2425 4331 νεῖσθαι
2450 4296 2546 4343 ;-
2565 4279 2686 4342 Πῶς
2712 4280 2755 4332 δ’
2791 4281 2856 4334 ἄν
2881 4297 2895 4346 ;
2930 4300 2949 4332 ι
2976 4280 3052 4335 Ού
3085 4281 3146 4353 δὴ
3179 4281 3286 4353 χρὴ
3322 4283 3418 4336 καὶ
3440 4281 3556 4352 παρ’
3579 4279 3679 4348 ἡμῖν
3702 4270 3736 4322 εἰ

554 4370 606 4413 ιιι
633 4375 758 4414 cum
787 4376 886 4415 suo
911 4361 1254 4416 moderatore
1282 4362 1489 4416 versari
1534 4363 1628 4417 sed
1659 4364 1841 4432 potius
1864 4373 1956 4417 aut
1981 4381 2119 4418 sem-

2225 4387 2367 4434 τινες
2392 4371 2661 4440 φαίνοιντο
2687 4372 2810 4442 δίχα
2833 4372 3131 4445 προστάτου
3154 4374 3248 4426 καὶ
3275 4376 3547 4445 ἄρχοντος,
3571 4369 3598 4436 ἦ
3635 4363 3733 4436 μετά

550 4467 645 4520 per
701 4455 852 4507 omni
909 4454 1230 4524 magistratu
1283 4469 1500 4521 carere,
1543 4464 1636 4508 aut
1683 4471 1804 4509 cum
1856 4457 2114 4526 improlzis

551 4547 759 4595 tantum
785 4542 1195 4612 magistratibus
1220 4559 1606 4609 consuescere;
1634 4559 1701 4597 an
1722 4545 1875 4610 istos,
1898 4548 2113 4612 amabo,

549 4633 870 4688 societatum
905 4635 1172 4704 ejusmodi
1219 4646 1587 4700 spectatores,
1637 4647 1784 4693 recte
1817 4640 2114 4708 quidquam

2221 4460 2402 4512 κακῶν
2421 4460 2692 4532 ἀρχόντων
2717 4462 2947 4532 δρῶντες
2967 4462 3110 4516 κακὰ
3131 4463 3321 4532 ψέγειν
3345 4464 3409 4516 τὸ
3435 4457 3668 4531 πᾶνήμῶν
3687 4454 3737 4506 δι’

2222 4551 2536 4605 δασκαλεῖον
2561 4569 2572 4582 ·
2608 4553 2807 4622 μᾶλλον
2840 4553 2896 4605 δὲ
2922 4553 3028 4606 ἀπὸ
3066 4554 3173 4607 τῶν
3193 4555 3375 4626 ὀρθῶς
3425 4552 3677 4625 μετιόντων
3696 4545 3735 4596 τὲ

2225 4641 2472 4704 θεοσεϐὲς
2503 4643 2803 4714 πολίτευμα
2844 4644 3160 4715 θαυμάζειν.

547 4736 641 4780 aut
667 4727 976 4795 vituperare
1006 4743 1160 4794 posse
1187 4735 1281 4781 aut
1312 4728 1530 4783 laudare
1561 4729 2114 4798 putabimus?—Nam
2153 4733 2282 4801 qui?
2313 4753 2331 4784 ι
2368 4731 2493 4788 llam
2547 4734 2656 4788 ille.
2686 4733 2882 4789 Verum
2915 4750 3043 4804 ergo
3109 4735 3368 4790 similiter
3398 4752 3505 4791 non
3536 4731 3735 4792 luerit,sa

547 4835 686 4891 quos
733 4819 965 4875 fortasse
1015 4822 1156 4890 apud
1211 4837 1342 4888 nos,
1384 4832 1479 4877 aut
1525 4825 1642 4879 sine
1687 4826 2028 4880 moderatore
2061 4843 2124 4882 ac
2161 4829 2427 4898 principe,
2461 4839 2555 4885 aut
2596 4847 2719 4884 cum
2757 4831 2937 4900 pravis
2963 4831 3477 4901 magistratibus,se
3516 4838 3736 4901 perperam

547 4929 734 4986 gerere
761 4916 1106 4983 constiterit,
1153 4917 1295 4973 illico
1322 4927 1496 4973 totum
1542 4920 1645 4975 hoc
1711 4921 2023 4976 scholarum
2075 4932 2387 4978 nostrarum
2430 4940 2601 4995 genus
2661 4926 3090 4995 reprehendere:
3123 4925 3216 4980 sed
3254 4927 3444 4995 potius
3488 4939 3549 4977 ex
3594 4932 3735 4975 eorum

547 5003 638 5070 qui
665 5011 810 5057 recte
841 5002 894 5055 in
927 5003 992 5059 iis
1018 5006 1294 5075 probeque
1328 5018 1631 5073 versentur,
1675 5011 1920 5066 moribus
1941 5052 1956 5077 ,
1990 5013 2302 5086 religiosum
2338 5031 2402 5069 ac
2432 5017 2578 5085 pium
2617 5017 2927 5085 reipublicae
2962 5019 3270 5072 institutum
3306 5015 3576 5073 admirari.

623 5206 734 5283 (‘72:)
779 5207 929 5260 Οὑδὲ
971 5208 1282 5283 ειοίῖεμική.
1330 5209 1638 5283 Lege-udum
1687 5213 1781 5265 καὶ
1828 5213 2117 5283 πολεμική.

550 5273 686 5355 diale
714 5273 838 5355 item
870 5280 1010 5355 apud
1041 5273 1339 5355 Platonem,
1381 5273 1472 5332 καὶ
1501 5284 1882 5355 γυμναστικὴ,
1907 5273 1988 5353 ἧδ’
2011 5273 2120 5355 ἄρα

544 5344 607 5420 9ῧ
630 5344 1118 5420 ’,οὐδὲλπολεμικῄ
1170 5348 1441 5414 Quorsum
1477 5344 1621 5403 enim
1666 5344 1898 5420 sequens
1931 5344 2121 5406 ταύτο-

547 5414 722 5494 invia,
748 5414 1170 5494 ﬂ__6_é-¢7ié).£jd.0§
1187 5461 1201 5482 ,
1218 5421 1327 5494 καὶ
1359 5414 1912 5494 ού-φιλογυμνοίστική
1935 5441 1948 5487 ;

619 5487 744 5563 (75)-
958 5487 1186 5563 ᾶιιυμός
1205 5489 1389 5563 eam;
1425 5487 1604 5563 Malim
1625 5487 1733 5555 {ut
1761 5487 1912 5563 apud
1941 5494 2121 5548 Plato-

549 5568 691 5628 μου),
716 5558 755 5628 ¹ἡ
776 5557 831 5609 δὲ
857 5559 1098 5628 ἄθυμο;;
1125 5561 1278 5612 Ἔστι
1312 5562 1405 5613 καὶ
1430 5562 1617 5614 ταῦτα.

620 5624 752 5692 (74)
786 5624 1165 5706 ’ῌργ-ιιονίμοις
1203 5631 1459 5706 χωρίοις.
1485 5633 1638 5706 Culta
1669 5633 1789 5688 loca
1828 5634 2111 5706 ittlclligil,

547 5700 668 5753 ‘tua:
701 5700 996 5764 smpissime
1033 5715 1140 5753 uno
1171 5703 1332 5756 verbo
1369 5701 1505 5771 ἔργα
1555 5702 1828 5760 dicuntur.
1863 5700 2112 5773 chdph.

2221 5219 2420 5290 passim
2447 5258 2461 5281 ,
2492 5228 2551 5273 ut
2579 5221 2630 5290 in
2662 5223 2972 5290 Kanon-em
3005 5217 3085 5290 Τὰ
3125 5219 3221 5288 μὲν
3249 5218 3359 5290 ὅρη
3384 5212 3506 5290 οἶόν
3544 5217 3642 5269 ἐστι
3673 5210 3739 5290 καὶ

2224 5282 2484 5357 ἰχνεύειν,
2511 5289 2613 5359 καὶ
2645 5282 2895 5359 μεταθεῖν
2934 5282 3219 5359 καθαρῶς·
3253 5282 3430 5341 τᾶ’δὲ
3465 5290 3616 5359 ἔργα.
3652 5282 3738 5354 οὔῆ·

2221 5359 2380 5428 έτερα
2401 5398 2415 5422 ν
2447 5358 2533 5412 διά
2563 5358 2687 5422 TOU;
2708 5358 2994 5430 τριμμούςτ
3035 5358 3088 5409 Id
3123 5366 3235 5424 est,
3263 5369 3469 5411 montes
3503 5369 3547 5410 et
3576 5358 3731 5406 int-csu-

2217 5431 2331 5496 gari
2359 5438 2408 5482 et
2441 5429 2750 5482 transcurri'
2772 5431 2883 5482 sine
2917 5429 3200 5496 oﬂ'ensioue
3226 5439 3487 5497 possunt,
3515 5437 3738 5497 ανταᾼζιεει-

2223 5492 2360 5550 trum
2385 5499 2681 5568 patiuntur,
2712 5504 2774 5552 ob
2801 5492 3037 5552 tramites
3068 5492 3369 5567 limitesque
3395 5500 3607 5551 crebros.
3632 5492 3738 5568 (ἐρεί-

2221 5576 2302 5621 tra
2334 5561 2502 5641 ὀργὰς
2527 5609 2540 5633 ,
2587 5570 2742 5634 ἅδος,
2793 5571 2844 5623 id
2889 5580 2970 5624 est
3005 5569 3188 5632 ἄνετος
3227 5561 3340 5637 γῆ,
3381 5581 3518 5623 terra
3553 5561 3741 5620 inculta.

2221 5639 2395 5707 qualis
2423 5650 2505 5695 est
2543 5641 2729 5695 saltus.
