3994 6384
124 331 285 387 1013

758 452 1150 508 ΚΕΦᾹΛΔΙΟΝ
1208 452 1325 505 ΛΔ’.

126 540 370 608 Ὅπως
393 541 801 611 μετέϐαλεν
822 547 854 597 ό
876 541 1129 597 Πλάτων
1177 541 1273 594 ἐπὶ
1304 538 1383 606 τῷ
1426 538 1836 610 Ἑλληνικώτε-

553 632 711 681 ρον
732 614 804 668 τὰ
825 614 894 666 ἐν
919 612 1265 681 Παροιμίαις
1287 612 1480 680 λόγια.

228 704 332 757 Ἐν
368 708 519 769 ταῖς
559 707 923 780 Παροιμίαις
977 706 1319 776 Σολομῶντος
1360 705 1639 776 συντόμως
1678 722 1835 775 φερο-

143 797 328 867 μένου
366 798 513 851 τοῦο
567 819 593 851 ο
645 802 864 872 Μνήμη
903 800 1126 854 δικαίων
1170 802 1283 870 μετ’
1310 800 1621 869 ἐγκωμίων,
1664 798 1836 869 ὄνομα

138 886 205 939 δὲ
232 886 491 939 ἀσεϐῶν
534 890 911 944 σϐέννυται-ι
934 889 1029 943 καὶ
1052 888 1211 942 πάλιν
1240 887 1527 959 εἰρημένου
1550 886 1664 940 τοῦ·
1696 907 1712 937 ι
1742 888 1832 960 Μὴ

148 979 520 1051 μακαρίσῃς
561 981 758 1053 ἄνδρα
798 982 904 1053 πρὸ
933 979 1187 1049 τελευτῆς
1238 978 1421 1033 αὑτοῦ·
1464 997 1481 1030 ι
1532 979 1834 1032 ἐπάκουσον

144 1070 309 1132 ὅπως
348 1072 473 1140 τὴν
519 1071 796 1127 διάνοιαν
823 1070 1111 1145 ἐρμηνεύει
1135 1070 1311 1139 λέγων
1346 1072 1374 1123 ὁ
1401 1070 1627 1124 Πλάτων
1661 1071 1718 1124 ἐν
1754 1070 1834 1141 τῷ

147 1163 394 1235 ἑϐδόμῳ
427 1163 570 1217 τῶν
609 1166 853 1235 Νόμων
888 1182 907 1216 ι
936 1164 1055 1217 Τῶν
1086 1162 1316 1217 πολιτῶν
1342 1162 1451 1233 (75)
1472 1163 1657 1215 ὀπόσοι
1680 1161 1834 1227 τέλος

150 1256 345 1326 ἔχοιεν
374 1255 493 1309 τοῦ
549 1256 717 1327 βίου,
748 1256 890 1311 κατὰ
922 1256 1170 1327 σώματα,
1207 1254 1241 1326 ἢ
1272 1254 1413 1309 κατὰ
1451 1254 1629 1326 ψυχὰς
1659 1255 1833 1327 ἐξειρ-

153 1349 463 1421 γασμένοι
489 1350 671 1423 ἔργα
699 1350 838 1404 καλὰ
866 1350 961 1403 καὶ
984 1350 1238 1413 ἐπίπονα,
1264 1348 1360 1402 καὶ
1387 1350 1499 1412 τοῖς
1527 1349 1712 1420 νόμοις
1740 1350 1833 1401 εὐ-

154 1442 394 1506 πειθεῖς
434 1444 795 1513 γεγονότες,
818 1441 1111 1512 ἐγκωμίων
1149 1441 1350 1504 αὐτοὺς
1388 1441 1676 1511 τυγχάνειν
1698 1439 1832 1513 πρέ-

162 1551 269 1587 πον
297 1533 377 1589 ἂν
400 1533 536 1606 εἴη.
570 1566 659 1576 —
685 1534 812 1598 Πῶς
843 1533 887 1586 δ’
909 1530 969 1587 οὗ
997 1531 1261 1598 ;-Τούς
1288 1549 1352 1601 γε
1378 1531 1485 1604 μὴν
1506 1533 1587 1586 ἐτι
1620 1532 1831 1597 ζῶντας

158 1627 509 1696 ἐγκωμίοις
567 1644 644 1681 τε
685 1628 776 1681 καὶ
822 1625 1011 1697 ὕμνοις
1042 1626 1209 1697 τιμᾷν
1255 1626 1356 1680 οὐκ
1407 1624 1667 1693 ἀσφαλὲς,
1701 1624 1833 1696 πρὶν

166 1720 236 1772 ἂν
273 1718 537 1772 ’ἅπαντά
570 1736 670 1783 τις
691 1717 783 1772 τὸν
832 1717 944 1789 βίον
974 1716 1308 1789 διαδραμὼν,
1353 1718 1505 1781 τέλος
1534 1718 1829 1788 ἐπιστήση-

1376 328 1704 385 PRASPAR.
1737 327 1987 384 EVANG.
2032 327 2159 383 LIB.
2206 329 2315 384 ΧΗ.

1859 451 1910 513 Α

3380 338 3515 391 "It

2293 451 2458 524 θιο
2497 451 2724 507 eam
2764 452 3001 508 xxxrv.

1939 540 2394 607 Quemadmodum
2420 542 2575 597 Plato
2601 544 2844 608 quwdam
2865 562 2929 599 ea:
2956 545 3249 600 Proverbiis
3275 550 3517 609 oracula,

2022 612 2208 668 erca
2239 614 2468 667 dictione
2489 616 2673 683 purius
2704 625 2753 668 et
2779 617 3069 685 elegantius
3100 622 3433 686 expresserit.

2006 702 2062 757 ln
2114 705 2425 761 Salomonis
2490 706 2802 763 Proverbiis
2865 710 2935 763 ita
2995 709 3235 765 breviter
3284 712 3515 782 legitur:

1941 812 1961 845 ‹
2009 793 2269 849 Memoria
2313 796 2589 865 jnstorum
2646 813 2771 852 cum
2816 798 3101 866 laudibus,
3150 816 3345 854 nomen
3392 817 3519 858 vero

1936 885 2227 955 impiorum
2274 887 2701 956 exstinguitur‘.
2739 907 2757 940 ι
2798 887 3038 959 Itemque
3074 913 3084 945 :
3127 908 3144 941 ι
3175 889 3252 946 Νε
3294 892 3518 947 beatum

1934 977 2139 1032 dixeris
2186 977 2364 1030 virum
2416 989 2540 1033 ante
2588 989 2816 1033 mortem
2870 980 3051 1049 ejus'.
3117 999 3135 1033 ι
3192 982 3334 1035 Audi
3390 998 3517 1038 vero

1934 1069 2396 1140 quemadmodum
2426 1071 2530 1127 loci
2561 1072 2848 1141 utriusque
2874 1072 3197 1128 sententiam
3231 1072 3385 1129 Plato
3412 1074 3515 1128 Le-

1934 1179 2057 1233 gum
2112 1162 2345 1232 septimo
2390 1164 2691 1219 reddiderit
2722 1180 2733 1216 :
2777 1183 2794 1215 ι
2828 1163 2869 1216 Ε
2900 1165 3144 1229 civibus,
3181 1166 3358 1235 inquit
3392 1167 3515 1233 ille,

1931 1255 2024 1325 qui
2071 1258 2233 1309 linem
2278 1256 2492 1311 vivendi
2542 1256 2811 1323 fecerint,
2842 1272 2972 1323 eos,
3009 1258 3054 1313 si
3092 1259 3253 1313 modo
3287 1275 3517 1329 corpore

1932 1348 2015 1401 vel
2047 1347 2232 1401 animo
2257 1348 2517 1417 praeclare
2545 1364 2610 1404 ac
2639 1358 2859 1405 strenue
2888 1366 2947 1405 se
2972 1352 3258 1420 gesserint,
3282 1352 3519 1423 legibus-

1931 1454 2039 1507 que
2086 1441 2368 1508 paruerint
2395 1479 2411 1504 ,
2449 1440 2705 1496 laudibus
2735 1442 2997 1497 celebrari
3026 1459 3213 1498 verum
3242 1443 3426 1499 fuerit.
3446 1474 3518 1486 ——

1931 1529 2129 1596 Quidni
2161 1532 2320 1587 ante?
2339 1563 2409 1572 --
2435 1532 2503 1586 At
2527 1532 2657 1587 dum
2690 1534 2868 1591 adhuc
2893 1536 3114 1600 vivunt,
3156 1536 3261 1590 hoc
3282 1550 3374 1590 eos
3401 1536 3512 1590 lau-

1931 1622 2217 1678 dationum
2248 1633 2303 1678 et
2331 1635 2593 1679 cantuum
2644 1642 2842 1695 genere
2874 1629 3169 1697 prosequi,
3204 1629 3388 1683 minus
3429 1644 3516 1683 se-

1931 1729 2156 1778 curum,
2187 1716 2525 1785 omninoque
2574 1717 2892 1787 priusquam
2950 1720 3181 1775 decurso
3231 1720 3355 1790 quis
3401 1730 3514 1776 toto

161 1826 261 1861 ται
295 1808 519 1862 καλόν.
555 1809 755 1862 Ταῦτα
779 1809 835 1862 δὲ
860 1809 1036 1863 πάντα
1068 1810 1200 1881 ἡμῖν
1224 1808 1365 1863 ἔστω
1386 1807 1563 1873 κοινὰ,
1600 1808 1822 1880 ἀνδράσι

1936 1806 2055 1861 vita
2097 1807 2295 1877 spatio,
2351 1807 2615 1863 laudabili
2649 1826 2767 1864 eam
2795 1812 2942 1866 exitu
2975 1812 3300 1866 terminarit.
3340 1812 3515 1883 Atque

168 1917 235 1955 τε
284 1901 396 1953 καὶ
470 1900 770 1968 γυναιξὶν,
827 1900 1051 1969 ἀγαθοῖς
1114 1901 1210 1955 καὶ
1266 1901 1497 1969 ἀγαθαῖς
1558 1898 1831 1969 διαφανῶς

173 1993 554 2063 γενομένοις.
574 2012 598 2045 ι

747 2176 1142 2231 ΚΕΦΑΛΑῘΟΝ
1187 2174 1311 2232 AE'.

588 2271 727 2339 Περὶ
780 2273 1047 2325 πλούτου
1094 2271 1193 2325 καὶ
1241 2270 1472 2335 πενίας.

262 2380 283 2413 ι
319 2359 598 2415 Πλοῦτον
633 2362 690 2415 δὲ
740 2364 833 2416 καὶ
861 2363 1049 2415 πενίαν
1084 2364 1157 2434 μή
1209 2380 1297 2433 μοι
1330 2361 1457 2431 δῷς,
1490 2379 1508 2412 ι
1553 2360 1648 2414 τοῦ
1678 2361 1827 2414 Σολο-

191 2450 420 2520 μῶντος
459 2454 755 2523 φήσαντος
781 2454 838 2505 ὲν
862 2454 1211 2525 Παροιμίαις,
1239 2454 1267 2505 ὁ
1296 2452 1520 2505 Πλάτων
1569 2453 1627 2505 ἐν
1658 2453 1825 2524 τρίτῳ

189 2544 543 2610 Πολιτείας
573 2544 686 2614 (76)
726 2544 911 2615 φησὶνο
972 2563 991 2597 ι
1022 2545 1228 2616 Ἕτερα
1257 2544 1338 2609 δὲ,
1387 2543 1464 2607 ὼς
1495 2543 1659 2608 ἔοικε,
1712 2547 1825 2609 τοῖς

193 2633 441 2702 φύλαξιν
482 2637 835 2708 εὑρήκαμεν,
856 2636 892 2690 ἃ
925 2637 1087 2690 παντὶ
1115 2637 1299 2708 τρόπῳ
1331 2634 1653 2705 φυλακτέον,
1676 2636 1823 2699 ὅπως

201 2727 277 2796 μή
312 2744 457 2780 ποτε
495 2728 706 2792 αὐτοὺς
734 2728 875 2802 λήσῃ
922 2731 1000 2793 είς
1051 2730 1151 2801 τὴν
1196 2728 1351 2782 πόλιν
1383 2726 1714 2800 παραδύντα.
1755 2759 1824 2768 -—

197 2817 282 2871 τὰ
306 2822 446 2873 ποῖα
471 2821 662 2875 ταῦτα
687 2839 701 2887 ;
728 2851 798 2864 --
821 2823 1055 2887 Πλοῦτος
1078 2841 1158 2887 τε,
1182 2819 1249 2895 ἧν
1273 2824 1318 2877 δ’
1346 2822 1478 2892 ἐγὼ,
1510 2824 1602 2876 καὶ
1640 2822 1818 2877 πενία·

201 2908 278 2973 ὼς
332 2910 437 2964 τοῦ
504 2913 611 2983 μὲν
643 2915 875 2985 τρυφὴν,
907 2914 1003 2968 καλ¹
1044 2914 1263 2986 ἀργίαν,
1311 2915 1405 2967 καὶ
1462 2912 1822 2983 νεωτερισμὸν

202 3003 609 3071 ἐμποιοῦντος,
665 3006 764 3077 τῆς
808 3007 851 3060 δ’
878 3006 1279 3079 ἀνελευθερίαν,
1331 3006 1427 3060 καὶ
1488 3005 1820 3076 κακοεργίαν

206 3090 344 3162 πρὸς
371 3091 458 3163 τῷ
490 3095 871 3167 νεωτερισμῷ.
920 3097 1239 3169 Κακοεργία
1272 3095 1329 3149 δέ
1356 3097 1472 3149 ἐστι
1503 3097 1653 3150 πᾶσα
1681 3098 1820 3167 πρᾶ-

207 3180 291 3249 ξις
319 3184 559 3258 ἄτιμος.
574 3207 592 3239 ι

733 3368 1128 3421 ΚΕΦΑΑΑιοΝ
1183 3370 1321 3434 Αςν.

718 3458 858 3527 Περὶ
902 3458 1125 3528 γονέων
1154 3457 1351 3528 τιμῆς.

292 3552 471 3607 Πάλιν
498 3554 781 3617 Μωῦσέως
823 3555 881 3607 ἐν
905 3559 1015 3617 τοῖς
1044 3554 1229 3626 νόμοις
1277 3554 1496 3625 φάντος,
1527 3556 1825 3618 (Ἕκαστος

221 3649 443 3720 πατέρα
483 3649 648 3703 αὑτοῦ
682 3650 774 3702 καὶ
800 3650 1011 3721 μητέρα
1058 3648 1347 3719 φοϐείσθωο
1388 3668 1407 3700 ι
1463 3649 1580 3713 καὶ,
1627 3668 1647 3700 ι
1680 3650 1827 3721 Τίμα

226 3738 316 3792 τδν
347 3742 570 3813 πατέρα
598 3758 690 3794 σου
713 3743 806 3794 καὶ
850 3742 949 3814 τὴν
999 3742 1211 3813 μητέρα
1241 3758 1355 3805 σου,
1389 3742 1474 3795 ἵνα
1507 3738 1565 3796 εὗ
1603 3739 1762 3817 σοι
1802 3763 1820 3794 ι

226 3834 321 3885 καὶ
351 3836 381 3887 ὁ
434 3834 667 3887 Πλάτων
723 3833 922 3905 ὁμοίως
952 3837 1158 3905 Μωῦσῇ
1207 3837 1368 3906 τιμᾷν
1399 3835 1493 3888 καὶ
1549 3835 1826 3905 φοϐεῖσθαι

229 3917 328 3979 ὦδέ
358 3927 479 3992 πώς
509 3945 672 4000 φησιν
704 3930 761 3981 ἐν
782 3932 890 3991 τοῖς
939 3931 1174 3999 Νόμοις’
1219 3948 1236 3980 ι
1286 3930 1400 3993 Πᾶς
1426 3928 1481 3982 δὲ
1524 3930 1648 3983 νοῦν
1688 3930 1826 4000 ἔχων

231 4016 341 4087 (77)
374 4019 625 4088 φοϐεῖται
659 4022 750 4075 καὶ
776 4024 911 4093 τιμᾷ
944 4022 1146 4091 γονέων
1176 4023 1363 4093 εὐχὰς,
1411 4022 1569 4088 εἰδὼς
1614 4022 1826 4087 πολλοῖς

235 4112 326 4164 καὶ
354 4114 617 4179 πολλάκις
658 4115 925 4179 ἐπιτελεῖς
976 4115 1324 4186 γενομένας.»
1385 4117 1496 4170 Καὶ
1542 4116 1704 4169 πάλιν
1770 4117 1826 4167 ἐν

234 4204 403 4277 ἑτέρῳ
428 4206 585 4279 φησί’
629 4224 647 4257 ι
682 4208 797 4273 Πᾶς
853 4209 983 4279 ἡμῖν
1030 4208 1281 4262 αἰδείσθω
1329 4208 1440 4279 (78)
1484 4209 1576 4263 τὸν
1629 4208 1823 4261 ἑαυτοῦ

238 4298 605 4369 πρεσϐύτερον
652 4297 797 4371 ἔργῳ
834 4316 892 4351 τε
943 4300 1036 4353 καὶ
1068 4299 1230 4371 λόγῳ.
1277 4299 1381 4353 Τὸν
1428 4300 1485 4352 δὲ
1525 4299 1824 4371 προέχοντα

238 4387 437 4443 εἴκοσιν
462 4390 679 4462 ἡλικίας
712 4390 889 4444 ἐτεσιν
916 4392 1120 4464 ἄρρενα
1166 4391 1200 4464 ἢ
1235 4392 1423 4462 θῆλυν,
1460 4391 1695 4459 νομίζων
1749 4392 1823 4455 ὡς

242 4483 450 4554 ωτὲρα
479 4482 511 4553 ἢ
538 4483 749 4554 μητέρα
772 4482 1177 4537 διευλαϐείσθω.
1194 4503 1212 4535 ι

725 4762 733 4811 ῐ
754 4760 1149 4813 ΚΕΦᾹΛΑΙΟΝ
1176 4760 1296 4813 AZ'.

659 4852 800 4920 Περὶ
831 4852 1102 4918 κτήσεως
1121 4852 1386 4906 οἰκετῶν.

309 4943 437 4996 Maii)
447 4944 581 5007 σέως
596 4945 654 4997 ἐν
676 4949 786 5009 τοῖς
821 4945 1004 5015 νόμοις
1025 4944 1523 5015 ἀπαγορεύσαντος,
1552 4942 1819 5015 Ἑϐραίοις

256 5033 532 5106 Ἐϐραίους
560 5036 851 5101 δουλεύειν,
886 5039 980 5091 καὶ
1016 5038 1307 5109 φήσαντος,
1381 5056 1399 5089 ι
1456 5034 1581 5089 Ἐὰν
1642 5038 1821 5109 κτήσῃ

248 5129 400 5183 παῖδα
437 5129 703 5202 Ἐϐραῑον,
732 5130 791 5197 ἓξ
816 5130 907 5202 ἔτη
938 5131 1211 5183 δουλεύσει
1251 5147 1352 5182 σοι’
1412 5128 1491 5198 τῷ
1527 5129 1584 5181 δὲ
1612 5128 1822 5199 ἑϐδόμῳ

313 5295 327 5324 ¹
365 5294 526 5348 Prov.
557 5311 611 5359 κ,
644 5293 699 5347 7.
775 5298 795 5326 ³
837 5293 1004 5350 Eccli.
1046 5296 1138 5366 xi',
1168 5294 1258 5349 50.
1339 5294 1358 5325 ³
1398 5292 1573 5347 Exod.
1606 5309 1696 5360 xx,
1736 5293 1822 5350 12.

312 5435 420 5577 γῆς
448 5436 569 5490 Τῶν
599 5435 876 5489 πολιτῶν.
904 5435 1078 5497 Plato.
1106 5438 1201 5493 lib.
1234 5454 1306 5493 vn
1343 5437 1493 5507 Leg.,
1523 5454 1573 5506 p.
1607 5437 1731 5501 659.,
1760 5440 1819 5492 Α.

335 5506 398 5560 76
471 5507 573 5577 Ἑν
618 5508 1023 5577 γηολιτείας.
1066 5508 1181 5563 lmo
1234 5508 1327 5563 lib.
1381 5523 1431 5562 Iv
1464 5508 1539 5562 De
1582 5509 1819 5577 republ.,

335 5506 423 5580 76)
449 5507 573 5580 ξβν
618 5508 1023 5577 γηολιτείας.
1066 5508 1181 5563 imo
1234 5508 1327 5563 lib.
1381 5506 1433 5562 Iv
1464 5508 1539 5562 De
1582 5509 1820 5580 republ.,

256 5576 587 5731 iii-iiiis
612 5648 679 5731 es
713 5650 864 5731 r251:
895 5650 1074 5730 έκφν·
1116 5648 1417 5731 anm“.
1451 5648 1817 5731 ρθε-Ρεῗέιέἕς

257 5716 332 5771 ubi
367 5720 473 5783 πᾶς
503 5720 588 5791 δή.
629 5719 706 5774 Ib.
740 5718 801 5774 F.
842 5716 962 5777 hae
988 5721 1102 5788 ipsa
1129 5716 1209 5773 de'
1240 5722 1400 5791 reita
1430 5716 1640 5781 scribit,
1672 5720 1817 5791 om.

254 5802 415 5854 mag,
470 5789 681 5861 inquit,
738 5791 1094 5863 ἀτιμασθεὶς,
1161 5789 1424 5856 ἐπεύξατο
1486 5794 1598 5854 τοῖς
1652 5790 1817 5845 αὐτοῦ

1931 1900 2047 1953 ι]ωο
2077 1898 2262 1955 omnia
2295 1899 2453 1957 nobis
2482 1916 2550 1956 ex
2574 1916 2732 1971 atquo
2764 1912 2873 1958 tam
2900 1904 3221 1959 mulieribus
3249 1921 3413 1975 quam
3443 1903 3518 1960 fe-

1932 1990 2100 2048 minis
2123 2031 2138 2056 ,
2170 1991 2265 2062 qui
2302 1994 2467 2049 modo
2497 1994 2697 2049 eximia
2729 1995 3001 2065 probitate
3031 1995 3333 2062 fuerimus,
3366 2011 3518 2052 com-

1931 2082 2118 2138 omnia
2150 2092 2334 2139 sunto.
2362 2104 2380 2137 ι

2469 2177 2700 2234 CAPUT
2765 2179 2981 2234 XXXV.

2389 2272 2469 2326 De
2520 2275 2703 2343 opibus
2754 2284 2803 2328 et
2851 2275 3053 2343 inopia.

2001 2361 2315 2418 Salomonis
2348 2366 2399 2417 in
2426 2363 2739 2421 Proverbiis
2772 2367 2885 2420 haec
2911 2366 3156 2436 precatio
3177 2376 3281 2431 est,
3316 2386 3335 2418 ι
3364 2365 3517 2423 Divi-

1927 2454 2031 2509 tias
2063 2464 2117 2509 ει
2144 2465 2522 2524 paupertatem
2558 2473 2625 2512 ne
2659 2458 2875 2513 dederis
2908 2460 3062 2514 mihi.
3086 2479 3106 2512 ι
3143 2457 3300 2513 Plato
3331 2470 3510 2515 autem

1924 2543 2242 2614 Reipublicaz
2281 2547 2480 2603 tertio:
2523 2567 2541 2598 ‹
2572 2547 2713 2619 Ergo
2742 2549 2845 2603 alia
2882 2550 3129 2619 quaedam
3156 2591 3170 2614 ,
3204 2550 3417 2620 inquit,
3459 2552 3515 2604 ni

1925 2636 2085 2693 fallor
2106 2680 2119 2705 ,
2148 2644 2455 2709 reperimus
2478 2680 2493 2705 ,
2529 2656 2651 2710 quze
2695 2657 2760 2695 ne
2792 2642 2844 2695 in
2877 2642 3152 2696 civitatem
3185 2642 3372 2696 furtim
3409 2658 3515 2695 un-

1924 2748 2087 2801 quam
2116 2740 2168 2785 et
2207 2734 2419 2787 occulte
2472 2733 2747 2799 subeant,
2798 2734 2866 2788 ab
2912 2735 3032 2801 ejus
3077 2734 3517 2790 moderatoribus

1923 2824 2070 2877 omni
2102 2824 2413 2892 provisione
2435 2825 2739 2878 cavendum
2768 2825 2969 2879 erit.—
2985 2824 3248 2890 Qumnam
3283 2826 3414 2879 illa?
3443 2856 3518 2867 —

1924 2914 2085 2984 Opes,
2118 2915 2364 2985 inquam,
2394 2925 2448 2971 et
2483 2917 2664 2986 inopia
2692 2917 2874 2986 :quod
2903 2917 3007 2971 illa:
3040 2918 3261 2987 quidem
3291 2916 3510 2978 luxum,

1926 3007 2220 3075 ignaviam,
2256 3023 2555 3077 rerumque
2585 3023 2847 3062 novarum
2874 3008 3208 3064 molitionem
3233 3009 3513 3072 invebant,

1924 3099 2037 3153 haec
2054 3114 2183 3152 vero
2196 3109 2389 3169 przeter
2413 3100 2701 3167 factiones,
2725 3101 3142 3156 illiberalitatem
3161 3101 3325 3157 simul
3353 3111 3516 3173 atque

1930 3190 2217 3246 malitiam.
2272 3190 2488 3245 Malitim
2531 3202 2711 3247 autem
2748 3194 2972 3247 nomine
3012 3193 3295 3263 indignum
3351 3209 3514 3250 omne

1930 3280 2147 3336 facinus
2176 3284 2505 3337 continuatur.
2544 3304 2561 3334 ι

2495 3376 2747 3431 CAPUT.
2804 3377 3046 3432 XXXVI.

2182 3469 2255 3523 De
2289 3481 2567 3539 parentum
2599 3472 2793 3524 honore
2821 3479 2869 3524 et
2891 3471 3243 3525 observantia.

2002 3561 2209 3633 lloysis
2232 3564 2336 3617 hoc
2366 3563 2419 3616 in
2450 3562 2567 3617 suis
2598 3562 2809 3632 legibus
2844 3572 3177 3633 praeceptum
3205 3573 3320 3617 est:
3356 3562 3518 3629 «Qui-

1930 3656 2061 3710 libet
2102 3665 2307 3724 patrem
2355 3670 2516 3710 suum
2563 3665 2616 3710 et
2649 3664 2877 3710 matrem
2927 3656 3133 3714 timeat.
3173 3675 3191 3706 ι
3230 3654 3515 3725 Itemque:

1931 3745 2147 3800 llonora
2178 3756 2383 3815 patrem
2412 3757 2566 3801 tuum
2599 3757 2653 3800 et
2682 3759 2909 3801 matrem
2948 3754 3121 3810 tuam,
3160 3755 3216 3799 ut
3244 3746 3383 3799 bene
3417 3744 3516 3799 tibi

1931 3841 2055 3893 sit“.
2074 3859 2089 3889 ι
2120 3839 2232 3892 line
2260 3849 2437 3893 metus
2468 3840 2803 3907 honorisque
2828 3854 2997 3907 genus
3012 3837 3165 3891 Plato
3188 3837 3439 3892 similiter
3462 3838 3518 3891 in

1930 3930 2151 4000 Legibus
2172 3931 2242 3983 ita
2263 3930 2471 3985 sanxit:
2495 3948 2511 3979 ι
2534 3928 2857 3997 Quicunque
2874 3929 3070 3984 mentis
3083 3944 3309 3999 compos
3327 3927 3513 3993 fuerit,

1932 4024 2127 4093 inquit,
2155 4025 2200 4078 is
2228 4031 2515 4093 parentum
2553 4037 2779 4077 suorum
2809 4037 2998 4092 preces
3026 4037 3091 4075 ac
3125 4031 3249 4076 vota
3288 4031 3515 4085 metuet,

1928 4116 2089 4188 611
2137 4114 2471 4184 plurimique
2506 4096 2707 4176 faciet,
2733 4112 2879 4182 quod
2921 4113 2973 4164 in
3014 4112 3202 4166 multis
3233 4118 3287 4164 et
3318 4112 3517 4179 sapius

1929 4205 2222 4261 commissa
2251 4205 2341 4259 illa
2368 4214 2421 4260 et
2443 4206 2691 4261 convicta
2719 4220 2840 4259 esse
2865 4206 3098 4259 noverit.
3139 4224 3156 4256 ι
3195 4203 3518 4274 Rursusque

1930 4300 2037 4353 alio
2070 4299 2210 4353 libro
2239 4317 2251 4351 :
2283 4317 2302 4349 ι
2332 4297 2505 4353 Nemo
2544 4315 2654 4352 non
2701 4298 2843 4367 apud
2872 4313 2973 4352 nos
3000 4313 3124 4352 eum
3154 4313 3183 4349 a
3217 4313 3326 4367 quo
3359 4304 3517 4351 aetate

1929 4392 2301 4460 superabitur,
2331 4398 2441 4445 tam
2477 4405 2640 4460 opere
2670 4405 2836 4459 quam
2866 4389 3047 4445 verbis
3070 4389 3379 4444 observato.
3412 4388 3515 4454 Qui

1859 4488 1903 4541 D
1933 4494 2113 4538 autem
2148 4500 2208 4539 se
2252 4483 2412 4537 annis
2441 4483 2629 4553 viginti
2670 4481 2981 4545 antecedet,
3018 4497 3115 4536 seu
3153 4482 3237 4535 vir
3265 4480 3388 4542 ille.
3419 4496 3514 4536 seu

1928 4574 2131 4629 femina
2164 4573 2363 4638 fuerit,
2397 4573 2545 4628 hunc
2590 4574 2644 4627 in
2701 4573 2872 4644 patris
2920 4582 3013 4628 aut
3041 4573 3235 4628 matris
3261 4572 3381 4628 loco
3417 4572 3517 4626 ba-

1929 4665 2086 4731 bens,
2118 4673 2426 4719 venerator.
2462 4682 2481 4715 ι

2450 4753 2680 4810 CAPUT
2720 4754 2991 4810 XXXVII.

2346 4848 2419 4901 De
2446 4850 2773 4918 possessione
2801 4865 3092 4903 servorum.

2000 4942 2183 4997 Vetuit
2213 4940 2423 5011 Moyses
2454 4942 2506 4996 in
2542 4942 2773 5012 legibus,
2806 4958 2874 4997 ne
2900 4938 3141 4994 liebra2is
3163 4936 3371 4993 Hebraei
3402 4952 3517 4990 ser.-

1930 5036 2113 5097 viant,
2160 5034 2507 5103 addiditque,
2566 5051 2584 5083 ι
2618 5034 2673 5086 Si
2702 5034 2903 5087 emeris
2933 5047 3151 5087 servum
3188 5028 3474 5085 Hebraeum
3497 5068 3514 5094 ,

1932 5142 2026 5181 sex
2056 5142 2231 5181 annos
2264 5126 2460 5180 serviet
2493 5125 2588 5180 tibi
2617 5142 2630 5176 :
2661 5110 2896 5196 septimo
2934 5134 3114 5180 autem
3151 5137 3297 5177 anno
3331 5121 3516 5176 dimit-

1931 5436 2171 5499 τέκνοις.
2201 5435 2235 5489 ἃ
2270 5436 2335 5504 δὴ
2369 5436 2459 5489 καὶ
2490 5437 2595 5496 πᾶς
2629 5436 2789 5504 ὑμνεῖ
2821 5432 2981 5509 τέλεσι
3004 5431 3097 5509 καὶ
3123 5432 3337 5509 ἐπήκοα
3360 5428 3515 5509 γενέ;

1933 5508 2056 5561 σθαι
2093 5507 2242 5578 παρὰ
2287 5500 2470 5578 θεων-ξ
2509 5500 2816 5578 Ἀμύντορά
2858 5521 2923 5578 τε
2952 5500 3273 5578 εφοίνικι.τῷ
3302 5500 3511 5578 Δἑαυτοῦ

1928 5570 2237 5646 ἐπαρᾶσθαι
2274 5575 2423 5629 παιδὶ
2451 5570 2769 5646 θυμωθέντα
2792 5617 2806 5638 ,
2845 5574 2936 5646 καὶ
2971 5570 3270 5646 Ἱππολύτῳ
3295 5570 3477 5646 Θησέα
3492 5607 3517 5633 ,ν

1928 5595 2033 5630 επα
2078 5595 2237 5630 ασυαι
2274 5595 2423 5629 παιοι
2451 5595 2769 5646 υυμωυεντα
2792 5617 2806 5638 ,
2845 5595 2936 5626 και
2990 5595 3270 5642 ιπποΑυτῳ
3295 5595 3477 5640 σησεα
3492 5607 3517 5633 ,ν

1927 5651 2017 5701 καὶ
2038 5595 2455 5720 ἵτέρουςκάλλοις
2481 5647 2704 5720 μυρίους
2727 5644 2951 5720 *μυρίοις
2977 5660 2989 5673 ⁸
3009 5636 3091 5720 div
3110 5643 3299 5720 γέγονε
3319 5641 3519 5710 σαφὲς,

1924 5712 2193 5786 ἐπηκόους
2228 5713 2365 5771 εἶναι
2398 5712 2614 5786 γονεῦσι
2645 5712 2781 5786 προς
2807 5712 2969 5769 τέκνα
3004 5712 3179 5786 θεούς.

2038 5737 2193 5782 κοους
2228 5737 2365 5771 ειναι
2398 5737 2614 5786 γονευσι
2645 5737 2781 5786 προς
2807 5737 2969 5769 τεκνα
3004 5737 3179 5777 υεους.

1997 5737 2108 5861 δε)
2146 5788 2269 5857 Πᾶς
2292 5787 2429 5857 ἡμῖν
2457 5788 2753 5842 αἰδείσθω.
2775 5786 2893 5842 Lib.
2915 5802 2967 5839 ιι
2996 5784 3212 5855 Legum,
3236 5779 3522 5855 p.662,F-
