3994 6384
191 337 329 391 1017
1391 332 1711 387 PR/EPAR.
1753 330 1786 384 Ε

1889 328 2007 385 NG.
2050 327 2178 384 LIB.
2222 328 2336 385 XII.
3365 337 3504 392 1018

182 458 279 513 ἐὰν
332 456 696 513 λωποδύτην
771 458 1107 530 ἀμυνόμενοί
1182 458 1513 528 ἀποκτείνῃ,
1589 454 1786 526 καθαρὶ

1889 455 2231 523 ,ιεῐΐεεειείι,
2277 456 2544 511 innocens
2585 464 2722 512 esto.
2778 456 3042 513 Similiter
3079 460 3172 529 qui
3226 474 3503 531 grassato-

180 550 346 600 ἔστω.
376 566 396 597 ι
1926 563 2064 615 rem,
2089 548 2219 603 dum
2241 547 2350 603 vim
2375 548 2425 603 vi
2454 549 2695 619 repellit,
2720 549 3001 617 occiderit,
3035 550 3299 607 innocens
3322 563 3494 607 esto.»

2500 637 2728 694 CAPUT
2768 637 2929 693 XLII.

2526 730 2604 783 De
2617 730 2879 799 jumento.

2002 839 2021 872 ι
2051 820 2107 875 Si
2138 820 2468 891 iumentum,
2498 821 2675 891 inquit
2702 821 2877 890 Plato,
2909 832 3001 878 aut
3027 824 3173 878 aliud
3202 825 3498 880 animantis

1922 928 2094 982 genus
2126 914 2437 982 quempiam
2468 913 2823 979 interfecerit,
2865 915 2971 969 nisi
3004 924 3183 970 tamen
3215 918 3283 970 ab
3313 917 3497 985 aliquo

1920 1020 1987 1060 ex
2017 1005 2084 1061 iis
2112 1020 2232 1075 qua:
2255 1006 2321 1059 ad
2352 1006 2601 1074 publicos
2628 1007 3008 1077 solemnesque
3040 1009 3199 1063 ludos
3233 1009 3497 1064 adhiben-

1922 1105 2029 1159 tur,
2068 1098 2119 1150 in
2156 1098 2276 1165 ipso
2304 1099 2618 1153 certaminis
2657 1108 2790 1153 aestu
2839 1099 2891 1152 id
2935 1101 3118 1166 fieret,
3151 1101 3312 1156 caedis
3338 1118 3490 1156 reum

1920 1189 1989 1242 ab
2031 1187 2300 1243 interfecti
2344 1190 2666 1259 propinquis
2714 1201 3022 1261 peragatur.
3076 1191 3193 1257 Qua
3229 1194 3296 1247 de
3326 1209 3490 1248 causa

1918 1290 2251 1350 cognoscant
2280 1297 2535 1351 agrorum
2572 1293 2854 1338 curatores
2888 1284 2948 1347 ii,
2976 1285 3176 1353 quibus
3208 1302 3237 1339 a
3270 1288 3490 1357 propin-

1916 1388 2026 1443 quo
2069 1374 2383 1427 mandatum
2446 1378 2719 1444 negotium
2752 1378 2873 1429 erit.
2923 1376 2961 1429 Ii
3007 1392 3137 1431 vero
3170 1378 3485 1431 damnatum

192 1464 250 1517 Ὅ
278 1463 339 1517 δὲ
366 1464 648 1534 Μωῦσῆς
680 1464 964 1536 προλαϐών
998 1481 1181 1535 φησιν’
1222 1484 1239 1515 ι
1276 1462 1401 1516 Ἑάν
1440 1463 1496 1515 δὲ
1554 1464 1786 1535 κερατίσ

1912 1465 2242 1535 iumentum,
2275 1467 2366 1520 ubi
2408 1477 2583 1521 morte
2627 1469 2995 1532 multaverint.
3023 1486 3087 1525 ex
3124 1472 3269 1527 illius
3318 1474 3491 1543 regio-

181 1556 388 1628 ταῦρος
428 1556 629 1629 ἄνδρα
676 1558 709 1629 ἢ
740 1561 993 1626 γυναῖκα,
1047 1558 1142 1610 καὶ
1174 1556 1439 1627 ἀποθάνῃ,
1478 1556 1645 1622 λίθοις
1674 1555 1786 1607 λιθο

1915 1557 2000 1611 nis
2031 1557 2228 1611 linibus
2253 1558 2492 1626 ejiciant.
2518 1578 2535 1611 ι
2571 1559 2694 1615 Ilmc
2721 1561 2890 1615 Plato.
2923 1564 3060 1615 Ante
3089 1579 3248 1632 quem
3274 1564 3485 1635 Moyses

183 1648 574 1719 δοληθήσεται
606 1651 641 1702 6
672 1650 893 1721 ταῦρος,
923 1650 1015 1702 καὶ
1042 1649 1102 1701 οὑ
1131 1648 1468 1720 βρωθήσεται
1496 1648 1565 1700 τά
1609 1648 1786 1719 κρέατι

1914 1647 1985 1701 ita
2010 1646 2145 1716 jam.
2179 1649 2284 1702 hoc
2317 1648 2369 1701 in
2404 1665 2598 1718 genere
2627 1660 2911 1714 statuerat,
2948 1670 2966 1703 ι
3000 1652 3055 1707 Si
3084 1663 3274 1709 taurus
3305 1657 3480 1709 virum

184 1740 374 1795 αὐτοῦ’
420 1742 454 1794 6
506 1741 574 1795 δὲ
614 1742 809 1816 κύριος
831 1741 923 1795 τοῦ
945 1740 1145 1811 ταύρου
1173 1739 1350 1804 ἀθῶος
1371 1740 1541 1794 ἔσται.
1574 1758 1592 1791 ι

1914 1748 2007 1791 aut
2032 1738 2193 1809 613
2219 1739 2500 1793 mulierem
2525 1756 2695 1795 cornu
2728 1745 3082 1810 percusserit,
3114 1745 3158 1799 si
3191 1761 3484 1813 percussus

1911 1839 2163 1884 mortuus
2194 1829 2394 1897 fuerit;
2424 1832 2982 1902 lapidabiturtaurus.
3008 1852 3107 1890 nec
3128 1840 3485 1895 comedentur

752 642 1143 697 ΚΕΦΔΛΑΙΟΝ
1184 642 1317 696 ΜΒ’.

772 732 913 801 Περὶ
965 732 1306 801 ὑποζυγίου.

256 842 274 874 ι
334 824 474 877 Ἐὰν
532 824 601 878 δὲ
660 826 779 896 ἄρα
832 825 943 895 (84)
999 823 1293 893 ὑποζύγιον
1340 824 1373 895 ἢ
1417 822 1552 887 ζῶον
1596 823 1723 877 ἄλλο
1771 841 1825 875 τι

180 914 431 987 φονεύσῃ
466 916 633 983 τινὰ,
666 918 818 987 πλὴν
860 917 968 969 τῶν
1017 918 1117 969 ὅσα
1147 918 1204 968 ὲν
1235 916 1408 984 ἀγῶνι
1450 914 1559 970 τῶν
1586 914 1823 986 δημοσίᾳ

178 1007 493 1078 τιθεμένων
529 1008 859 1067 ἀθλεύοντά
890 1027 939 1062 τι
970 1008 1207 1061 τοιοῦτον
1260 1007 1453 1079 δράσῃ,
1490 1006 1822 1073 ἐπεξίτωσαν

183 1098 281 1168 μὲν
306 1098 359 1149 οἱ
390 1100 805 1170 προσήκοντες
838 1099 931 1152 τοῦ
964 1099 1127 1169 φόνου
1151 1098 1228 1169 τῷ
1253 1097 1542 1151 κτείναντι·
1582 1097 1821 1150 διαδικα-

179 1189 386 1254 ζόντων
414 1188 480 1241 δὲ
510 1190 637 1242 τῶν
672 1191 1018 1262 ἀγρονόμων,
1044 1184 1183 1243 οἷσιν
1204 1188 1269 1243 ἂν
1298 1189 1394 1241 καὶ
1420 1188 1638 1251 ὁπόσοις
1660 1205 1821 1260 προσ-

179 1278 319 1351 τάξῃ
347 1280 380 1331 6
422 1282 779 1351 προσήκων.
843 1280 915 1333 Τὸ
952 1280 1009 1332 δὲ
1038 1279 1199 1349 δφλον
1255 1278 1359 1345 ἔξω
1409 1278 1517 1331 τῶν
1549 1279 1689 1350 ὅρων
1718 1279 1819 1349 τῆς

181 1372 369 1443 χώρας
392 1370 863 1435 ἀποκτείναντας
911 1370 1163 1441 διορίσαι.
1204 1389 1222 1423 ι
1283 1369 1468 1423 Ταῦτα
1516 1372 1544 1422 6
1571 1369 1813 1423 Πλάτων.

721 2017 1113 2075 ΚΕΦΑΛΑῙΟΝ
1181 2017 1312 2069 Ml".

217 2135 316 2187 οτι
332 2130 470 2197 τοῖς
497 2132 724 2195 αὐτοῖς
742 2130 1056 2195 dimittor,
1076 2125 1166 2195 οἷς
1186 2130 1285 2184 καὶ
1301 2131 1339 2198 ἠ
1360 2129 1496 2199 παρ’
1525 2128 1806 2199 Ἑϐραίοις

443 2204 688 2272 γραφὴ,
738 2200 1019 2272 κέχρηται
1060 2200 1555 2270 παραδείγμασιν.

252 2294 368 2364 Τῆς
424 2294 797 2364 πφφητικῆς
859 2292 1075 2364 γραφῆς
1132 2291 1397 2362 λεγούσης
1431 2307 1443 2319 ’
1517 2310 1535 2342 ι
1585 2290 1681 2343 Υἱὲ
1708 2291 1801 2344 ἀν-

188 2384 408 2455 θρώπου
431 2403 445 2415 ·
488 2385 614 2438 ίδοὺ
668 2384 926 2454 γεγόνασί
976 2401 1065 2454 μοι
1094 2386 1121 2436 6
1160 2379 1307 2447 οἶκος
1348 2382 1565 2455 Ἰσραὴλ
1590 2384 1798 2453 ἀναμε-

193 2478 451 2548 μιγμένοι
479 2476 696 2541 πάντες
730 2476 916 2547 χαλκῷ
940 2478 1032 2531 καὶ
1065 2477 1393 2547 κασσιτέρῳ,
1423 2476 1517 2529 καὶ
1572 2477 1795 2548 σιδήρῳ,

189 2570 276 2623 καὶ
312 2568 609 2640 μολύϐδῳ.
649 2570 735 2621 Ἐν
786 2568 934 2640 μέσῳ
986 2569 1214 2640 καμίνου
1274 2570 1538 2641 ἀργυρίου
1594 2570 1799 2639 ἀναμε-

194 2660 450 2731 μιγμένοι
479 2662 619 2714 εἰσί.
654 2660 753 2713 Διὰ
802 2660 959 2716 τοῦτο
1000 2662 1139 2714 είπέ·
1183 2662 1319 2715 Τάδε
1364 2661 1510 2730 λέγει
1570 2661 1792 2733 Κύριος·

202 2751 337 2805 ’Δνθ’
371 2745 453 2807 ὧν
506 2753 769 2821 ἐγένεσθε
810 2754 1007 2816 πάντες
1056 2754 1136 2816 εἰς
1187 2754 1481 2824 σύγκρασιν
1530 2753 1679 2822 μίαν,
1709 2752 1794 2805 διὰ

188 2840 344 2895 τοῦτο
372 2842 497 2911 ἐγὼ
532 2842 845 2913 εἰσδέξομαι
884 2844 1049 2913 ὑμᾶς,
1097 2843 1278 2907 καθὼς
1300 2844 1599 2913 εἰσδέχεται
1624 2844 1794 2914 ἄργυ-

193 2951 300 3005 ρος,
336 2936 438 2989 καὶ
476 2937 709 3007 χαλκὸς,
739 2938 834 2991 καὶ
869 2937 1103 3008 σίδηρος,
1130 2937 1221 2989 καὶ
1256 2935 1531 3005 μόλυϐδος,
1558 2936 1651 2987 καὶ
1668 2952 1795 2988 κασ-

191 3025 401 3098 σίτερος
432 3030 522 3093 εἰς
577 3029 738 3098 μέσον
779 3030 1029 3100 καμίνου,
1080 3028 1172 3083 τοῦ
1218 3028 1532 3099 ἐμφυσῆσαι
1569 3030 1648 3092 εἰς
1694 3028 1792 3083 αὑ-

191 3120 313 3183 τοὺς
352 3119 494 3192 πῦρ,
536 3121 630 3175 τοῦ
660 3122 1013 3193 χωνευθῆναι.
1055 3141 1072 3174 ›
1123 3121 1234 3174 Καὶ
1288 3122 1317 3173 ό
1358 3120 1581 3174 Πλάτων
1608 3118 1789 3172 ὡσαύ-
1817 3142 1858 3198 c

187 3227 292 3274 τως
313 3212 640 3267 ἐπάκουσον
666 3213 702 3268 ἆ
734 3231 917 3285 φησιν·
952 3234 968 3264 ι
1000 3213 1207 3267 υὺκοῦν
1233 3211 1457 3267 ἀκούετε
1487 3213 1671 3266 λοιπὸν
1695 3211 1787 3265 τοῦ

197 3303 384 3375 μύθου.
431 3306 645 3377 Ἐσμὲν
694 3306 802 3378 γὰρ
854 3306 917 3377 δὴ
943 3306 1053 3375 (85)
1091 3306 1289 3369 πάντες
1327 3307 1375 3357 οἱ
1422 3307 1480 3358 έν
1520 3308 1583 3376 τῇ
1636 3305 1786 3358 πόλει

194 3394 435 3465 ἀδελφοὶ,
473 3397 557 3463 ὡς
614 3400 856 3469 φήσομεν
902 3398 1035 3470 πρὸς
1081 3399 1276 3460 αὑτοὺς
1344 3396 1783 3467 μυθολογοῦντες.

210 3488 369 3552 Ἀλλ’,
410 3490 491 3554 ὣς
516 3509 711 3560 φασιν,
746 3494 774 3545 ὁ
824 3492 955 3555 Θεὸς
998 3491 1264 3553 πλάττων,
1306 3492 1420 3544 ὅσοι
1486 3491 1582 3561 μὲν
1630 3491 1785 3562 ήμῶν

200 3580 371 3636 ἱκανοὶ
404 3583 624 3655 ἄρχειν,
650 3586 847 3655 χρυσὸν
893 3586 950 3639 ὲν
1004 3588 1069 3655 τῇ
1104 3585 1317 3653 γενέσει
1343 3584 1661 3654 ξυνέμισγεν
1689 3584 1785 3636 αὑ-

200 3675 324 3737 τοῖς,
362 3675 1022 3746 διότιτιμιώτατοίείσινο
1054 3677 1165 3728 ὅσοι
1215 3676 1257 3727 δ’
1280 3674 1578 3745 ἐπίκουροι,
1614 3674 1784 3747 ἄργυ-

203 3780 308 3832 ρον·
352 3766 577 3839 σίδηρον
616 3767 671 3819 δὲ
706 3768 799 3819 καὶ
846 3766 1043 3835 χαλκὸν
1082 3768 1192 3828 τοῖς
1222 3767 1506 3835 γεωργοῖς,
1536 3765 1627 3818 καὶ
1668 3767 1782 3829 τοῖς

204 3852 375 3918 ἄλλοις
397 3856 774 3927 δημιουργοῖς.
811 3856 939 3908 "Ars
984 3851 1076 3909 οὖν
1117 3855 1393 3924 ξυγγενεῖς
1436 3855 1587 3917 ὄντες
1610 3856 1781 3909 ἃπαν-

201 3961 306 4009 τες,
334 3948 395 3999 τὸ
428 3948 531 4019 μὲν
556 3946 687 4000 πολὺ
721 3946 938 4016 ὁμοίους
983 3947 1048 4000 ἂν
1090 3950 1221 4017 ἡμῖν
1274 3946 1454 4009 αὑτοῖς
1481 3944 1767 4017 γεννῶμεν

202 4034 309 4088 ἐστι
338 4037 382 4089 δ’
430 4039 523 4091 ὅτε
564 4040 628 4090 ἐκ
664 4038 863 4108 χρυσοῦ
897 4038 1183 4110 γεννηθείη
1228 4038 1293 4092 ἂν
1337 4038 1631 4109 ἀργυροῦν,
1682 4039 1777 4092 καὶ

202 4126 255 4193 ἐξ
282 4130 528 4203 ἀργυροῦ
587 4130 821 4201 χρυσοῦν
868 4131 1107 4200 ἔγγονον,
1164 4131 1257 4185 καὶ
1297 4131 1462 4185 τᾶλλα
1515 4132 1691 4184 πάντα
1718 4132 1774 4195 ἐξ

203 4220 439 4292 ἀλλήλων
471 4222 663 4287 οὑτως.
722 4225 847 4287 Τοῖς
896 4220 985 4278 οὖν
1038 4225 1265 4295 ἄρχουσι
1291 4225 1384 4275 κα)⁸
1417 4222 1630 4293 πρῶτον
1684 4223 1775 4275 καὶ

206 4310 431 4379 μάλιστα
472 4314 837 4383 παραγγέλλει
892 4316 920 4367 6
958 4314 1109 4377 Θεὸς,
1158 4316 1304 4377 ὅπως
1356 4313 1579 4385 μηδενὸς
1632 4313 1773 4366 οὑτω

203 4401 433 4469 φύλακες
467 4404 661 4473 ἀγαθοὶ
684 4405 965 4473 γένωνται,
1001 4404 1121 4477 μηδ’
1158 4404 1299 4457 οῦτω
1356 4403 1557 4475 σφόδρα
1598 4402 1769 4472 φυλά-

1908 1934 2102 1975 carnes
2130 1921 2552 1990 ejuszdominus
2574 1940 2702 1978 vero
2731 1926 2871 1979 tauri
2906 1927 3170 1983 innocens
3198 1930 3303 1983 erit
3325 1932 3399 1983 ³.,

2466 2013 2694 2068 CAPUT
2731 2016 2914 2071 XLIII.

1902 2119 2181 2176 Platonem
2206 2124 2413 2191 iisdem,
2432 2126 2618 2191 quibus
2638 2126 2977 2182 Ilebrworum
3002 2130 3193 2186 litterw
3225 2122 3477 2189 {imilitu-

2456 2196 2626 2250 inibus
2660 2215 2813 2251 usum
2843 2216 2974 2253 esse.

1972 2283 2255 2355 Pr0phetae
2300 2300 2405 2339 vox
2448 2289 2608 2342 est”:
2658 2307 2676 2339 ι
2721 2288 2820 2343 Fili
2878 2290 3115 2347 hominis
3145 2308 3159 2345 :
3188 2308 3313 2349 ecce
3350 2294 3475 2351 facti

1900 2385 2029 2431 sunt
2064 2378 2197 2430 mihi
2227 2377 2423 2432 domus
2456 2376 2655 2445 Israel,
2701 2381 2947 2449 permisti
3006 2398 3197 2439 omnes
3238 2401 3376 2453 mre,
3422 2398 3476 2442 et

1898 2476 2119 2534 staano,
2166 2476 2217 2522 et
2244 2466 2424 2533 ferro,
2453 2478 2507 2524 et
2535 2470 2779 2539 plumbo.
2816 2473 2873 2526 ln
2906 2475 3085 2528 medio
3120 2475 3359 2533 fornacis
3387 2495 3476 2533 ar-

1897 2557 2039 2627 genti
2078 2558 2322 2626 permisti
2373 2567 2520 2613 sunt.
2557 2559 2849 2629 Pmpterea
2890 2563 3013 2618 dic:
3051 2565 3174 2621 Haec
3203 2568 3338 2623 dicit
3367 2568 3475 2625 Do-

1896 2646 2079 2701 minus
2112 2644 2258 2700 :Pro
2303 2662 2367 2701 eo
2405 2649 2548 2717 quod
2595 2648 2720 2704 laeti
2754 2653 2889 2706 estis
2924 2670 3114 2710 omnes
3150 2658 3203 2710 in
3232 2674 3470 2716 massam

1896 2755 2081 2803 unam,
2110 2749 2392 2809 propterea
2421 2757 2521 2811 ego
2545 2744 2839 2813 suscipiam
2872 2761 2990 2811 vos,
3010 2750 3468 2816 quemadmodum

1894 2830 2189 2899 suscipitur
2219 2840 2525 2901 argentum,
2549 2841 2602 2886 et
2624 2849 2719 2899 ms,
2745 2844 2799 2889 et
2825 2834 3051 2903 ferrum,
3081 2850 3133 2892 et
3163 2841 3468 2911 plumbum,

1893 2933 1947 2979 et
1986 2934 2243 2979 stannum
2276 2926 2330 2980 in
2366 2928 2545 2982 medio
2577 2928 2837 2995 fornacis,
2868 2940 2926 2985 ut
2955 2932 3260 2987 insul’ﬂetur
3289 2935 3342 2988 in
3373 2952 3469 2991 eos

1892 3016 2055 3087 ignis,
2090 3018 2300 3088 ipsique
2338 3020 2661 3075 coullentur.
2696 3041 2714 3072 ι
2750 3021 2869 3075 Jam
2926 3024 3132 3080 audisis
3164 3042 3327 3091 quam
3359 3027 3468 3082 alli-

1893 3109 1981 3162 nia
2032 3109 2283 3180 loquatur
2315 3110 2469 3165 Plato
2504 3131 2516 3165 :
2558 3132 2576 3163 ι
2608 3112 2825 3167 Fabula:
2848 3114 3040 3185 igitur,
3072 3117 3279 3186 inquit,
3319 3120 3465 3187 quod

1890 3212 2137 3271 superest
2184 3204 2442 3257 auditote.
2499 3203 2790 3260 Enimvero
2830 3217 3096 3277 quotquot
3144 3210 3195 3263 in
3249 3210 3465 3265 civitate

1888 3312 2175 3350 versamur
2214 3296 2317 3366 (sic
2343 3297 2487 3351 enim
2532 3298 2673 3353 hanc
2700 3299 2767 3354 iis
2796 3299 3036 3353 fabulam
3072 3305 3460 3374 pertexemus),

1888 3390 2083 3447 fratres
2114 3408 2304 3447 sumus
2331 3409 2543 3453 omnes.
2592 3393 2793 3450 Verum
2841 3398 2997 3453 lictor
3046 3400 3136 3454 ille
3189 3399 3362 3465 Deus,
3403 3412 3463 3457 ut

1887 3484 2061 3549 aiunt,
2086 3484 2179 3554 qui
2210 3500 2276 3538 ex
2305 3485 2463 3541 nobis
2493 3488 2557 3541 ad
2589 3488 2965 3557 imperandum
2996 3492 3104 3558 apti
3128 3500 3333 3557 essent,
3359 3508 3459 3545 anu

1886 3592 2007 3630 rum
2040 3577 2105 3631 iis
2135 3577 2263 3630 dum
2294 3593 2715 3647 procrearentur
2746 3580 3061 3647 admiscuit,
3102 3599 3167 3637 ex
3201 3600 3309 3653 quo
3339 3584 3461 3655 plu-

1882 3669 2081 3723 rimum
2113 3669 2394 3739 dignitatis
2427 3673 2704 3726 consecuti
2739 3682 2885 3726 sunt.
2920 3672 3021 3739 Qui
3054 3689 3183 3729 vero
3227 3675 3292 3729 ad
3330 3691 3462 3744 ope-

1882 3776 1999 3814 ram
2039 3761 2161 3816 aliis
2214 3761 2517 3815 navandam
2556 3764 2735 3817 idonei
2778 3764 2994 3831 forent,
3051 3766 3136 3821 his
3170 3774 3454 3837 argentum

1881 3853 2157 3922 aspersit:
2190 3854 2444 3924 agricolis
2493 3855 2727 3924 denique
2776 3872 2839 3910 ac
2890 3858 3099 3913 caeteris
3145 3858 3453 3928 opillcibus,

1880 3943 2083 3998 ferrum
2120 3955 2282 4014 atque
2337 3960 2412 3999 αδδ
2458 3945 2674 4000 infudit.
2718 3946 2859 4017 Ergo
2910 3964 3032 4003 cum
3070 3957 3218 4005 tanta
3264 3966 3454 4008 omnes

1879 4036 2204 4105 cognatione
2244 4037 2523 4107 conjuncti
2554 4038 2729 4092 simus
2750 4080 2763 4103 ,
2794 4039 2949 4094 nobis
2988 4041 3208 4111 quidem
3246 4052 3306 4096 ut
3336 4044 3455 4114 plu-

1879 4126 2077 4181 rimutn
2130 4127 2338 4181 similes
2383 4144 2735 4197 procreamus
2764 4148 2776 4182 :
2810 4131 2903 4183 sed
2960 4142 3139 4185 tamen
3191 4135 3452 4204 contingit

1876 4216 2187 4287 aliquando,
2222 4227 2281 4272 ut
2306 4234 2370 4273 ex
2400 4235 2565 4274 aureo
2594 4231 2909 4290 argenteum
2938 4263 2952 4286 ,
2987 4222 3070 4277 vel
3089 4239 3160 4302 ἐκ
3193 4234 3449 4294 argenteo

1876 4325 2142 4376 aureum,
2178 4321 2481 4381 caeteraque
2529 4313 2775 4368 vicissim
2833 4316 3016 4369 omnia
3054 4333 3120 4371 ex
3175 4317 3297 4373 aliis
3342 4320 3448 4374 alia

1876 4410 2221 4469 generentur.
2289 4400 2635 4473 Principibus
2694 4405 2858 4475 igitur
2917 4422 2982 4461 ac
3044 4410 3447 4478 magistratibus

203 4489 325 4556 ξωσι
370 4495 559 4567 μηδὲν,
589 4496 664 4559 ὡς
694 4497 820 4561 τοὺς
848 4497 1124 4566 ἐγγόνους,
1157 4496 1253 4548 ὅτι
1287 4494 1469 4557 αὐτοῖς
1496 4493 1696 4547 τούτων
1716 4494 1772 4547 ἐν

1889 4494 2110 4548 orimum
2171 4496 2275 4549 hoc
2321 4495 2464 4552 Deus
2504 4514 2567 4552 ac
2598 4499 2871 4568 praecipue
2903 4502 3124 4557 mandat
3148 4544 3162 4567 ,
3204 4504 3280 4558 uti
3312 4504 3447 4558 nihil

201 4586 311 4644 ταῖς
339 4587 537 4659 ψυχαῖς
581 4588 1017 4659 παραμέμικται.
1069 4587 1179 4641 Καὶ
1236 4586 1329 4639 ὲάν
1374 4587 1631 4655 σφέτερος
1676 4586 1767 4654 ἔγ-

202 4692 347 4744 γονος
402 4682 708 4753 ὑπόχαλκος
771 4683 804 4754 ἢ
858 4682 1183 4754 ὑποσίδηρος
1240 4682 1504 4751 γένηται,
1580 4682 1765 4753 μηδενὶ

200 4772 379 4844 τρόπῳ
436 4774 856 4844 κατελεήσωσιν,
903 4773 1038 4827 ἀλλά
1072 4774 1171 4844 τὴν
1230 4776 1295 4843 τῇ
1350 4772 1506 4841 φύσει
1561 4774 1765 4843 προσή-

202 4880 389 4919 κουσαν
414 4867 579 4937 τιμὴν
611 4866 971 4930 ἀποδιδόντες,
1016 4865 1091 4929 ὡς
1128 4859 1299 4929 οὖσιν,
1344 4864 1375 4935 ἦ
1410 4866 1484 4928 ὡς
1514 4865 1765 4938 δημιουρ-

199 4956 337 5021 γοὺς,
365 4958 399 5027 ἦ
442 4958 739 5028 γεωργούς.
795 4958 905 5010 Καὶ
972 4956 1066 5009 ἐὰν
1093 4952 1160 5011 αὖ
1203 4944 1285 5009 εἰ
1305 4957 1508 5010 τούτων
1552 4957 1584 5028 ἦ
1639 4958 1762 5011 ὑπό-

201 5055 388 5112 κρυσος
411 5042 444 5113 ἢ
473 5041 787 5112 ὑπάργυρος
819 5044 925 5111 φυῇ
978 5059 1082 5107 τις,
1129 5043 1456 5112 τιμήσαντες
1506 5042 1760 5109 ἀνάξουσι

198 5134 313 5197 τοὺς
342 5135 438 5206 μὲν
488 5137 567 5197 είς
594 5134 861 5205 φυλακὴν,
906 5136 1033 5196 τοὺς
1082 5133 1126 5186 δ’
1167 5136 1247 5196 είς
1294 5134 1634 5203 ἐπικουρίαψ
1688 5134 1763 5196 ὡς

199 5224 453 5295 χρησίμου
483 5225 633 5286 ὄντος
671 5225 790 5277 τότε
845 5225 942 5295 τὴν
992 5225 1147 5279 πόλιν
1200 5225 1584 5296 διαφθαρῆναι,
1633 5226 1760 5280 ὅταν

195 5312 350 5386 αὑτὴν
394 5319 423 5370 6
468 5315 719 5388 σιδηροῦς
797 5317 971 5385 φύλαξ
1015 5317 1113 5389 ἢὸ
1156 5316 1388 5388 χαλκοῦς
1439 5318 1756 5390 διαφυλάξῃ.

196 5405 383 5462 Τοῦτον
413 5406 503 5463 οὖν
525 5410 613 5464 τὸν
649 5410 815 5481 μῦθον
849 5412 998 5474 ὅπως
1020 5410 1087 5464 ἂν
1128 5410 1423 5475 πεισθεῖεν,
1459 5410 1602 5481 ἔχεις
1636 5412 1758 5464 τινά

197 5503 463 5573 μηιαηιήνς
490 5521 508 5553 ι

264 5612 280 5642 ¹
319 5612 491 5668 Exod.
523 5630 637 5675 xxi,
670 5614 759 5668 28.
838 5617 857 5645 ²
899 5615 1093 5669 Ezech.
1126 5632 1274 5679 χχιι,
1313 5617 1402 5671 IS.

254 5700 340 5763 (84
412 5703 549 5757 Ἐὰν
575 5704 644 5757 δὲ
679 5704 1003 5771 dpaJ’lato,
1044 5705 1197 5770 ibid.,
1230 5704 1291 5760 C.

256 5703 361 5843 (ssi
414 5774 626 5843 Ἑσμὲν
654 5776 763 5843 γὰρ
792 5775 887 5843 δή.
924 5775 1105 5843 Plato,
1148 5776 1239 5833 lib.
1288 5794 1291 5833 λ

1872 4599 2025 4653 atque
2057 4585 2345 4655 diligenter
2376 4603 2439 4642 ac
2467 4591 2709 4645 studiose
2748 4593 3056 4646 curandum
3102 4594 3203 4648 sibi
3236 4610 3300 4649 ac
3327 4611 3448 4664 pro-

1872 4675 2163 4729 videndum
2200 4677 2544 4744 existiment,
2579 4698 2743 4750 quam
2780 4693 2835 4737 ut
2863 4700 2927 4738 ex
2956 4684 3024 4739 iis
3052 4686 3285 4742 metallis
3315 4688 3449 4757 quid

1870 4768 2066 4837 cuique
2117 4770 2409 4825 liberorum
2458 4783 2825 4844 nepotumque
2858 4792 3078 4832 suorum
3128 4780 3309 4835 animo
3348 4780 3445 4835 ad-

1871 4860 2096 4914 mistum
2139 4862 2255 4925 'sit,
2292 4863 2620 4937 intelligant.
2671 4868 2819 4935 Quos
2869 4886 3031 4939 porro
3078 4887 3142 4924 ex
3196 4872 3302 4928 illis
3347 4887 3447 4930 aut

1869 4951 2167 5016 subasreos,
2193 4964 2287 5007 aut
2310 4956 2619 5013 subferreos
2648 4976 2768 5014 esse
2799 4964 3173 5029 cognoverint,
3209 4966 3273 5018 iis
3304 4967 3439 5020 nihil

1866 5059 2092 5112 prorsus
2134 5045 2484 5116 indulgeant,
2537 5054 2629 5105 sed
2682 5053 2803 5106 illos
2856 5065 3017 5122 prout
3068 5066 3273 5111 natura:
3324 5075 3438 5112 suae

1865 5137 2105 5190 conditio
2150 5140 2481 5207 postulabit,
2537 5143 2589 5196 in
2634 5146 2886 5214 Opiﬁcum
2942 5156 3036 5199 aut
3072 5150 3434 5217 agricolarum

1863 5228 2092 5285 classem
2124 5231 2479 5302 ordinemque
2531 5238 2917 5293 transcribunt.
2966 5238 3245 5303 Similiter,
3300 5258 3451 5310 quos,

1861 5322 1946 5377 vel
1990 5323 2323 5389 subaureos,
2377 5326 2463 5379 vel
2516 5327 2903 5397 subargenteos
2955 5346 2983 5383 a
3018 5342 3209 5385 natura
3260 5332 3443 5393 factos,

1860 5428 1981 5467 esse
2006 5414 2459 5482 deprehenderint
2484 5456 2499 5480 ,
2545 5433 2638 5472 eos
2684 5435 2781 5488 pro
2813 5436 2911 5474 sua
2943 5437 3213 5491 quemque
3253 5424 3431 5493 digni-

1862 5512 2003 5571 tate,
2035 5505 2103 5559 ad
2131 5508 2527 5578 rempublicam
2556 5510 2638 5564 vel
2666 5513 2991 5581 gerendam,
3026 5516 3105 5569 vel
3131 5516 3425 5585 juvandam

414 5774 626 5844 Ἑσμὲν
654 5776 763 5845 γὰρ
792 5775 887 5844 δή.
924 5775 1105 5845 Plato,
1148 5776 1239 5833 lib.
1288 5792 1347 5833 ut
1395 5776 1470 5834 De
1501 5779 1721 5849 republ.,
1764 5797 1885 5853 pag.
1920 5783 2040 5852 445,
2069 5781 2133 5839 Ii.
