3994 6384
557 282 696 340 1619

1194 282 1465 339 EUSEBll
1504 282 1981 340 CASSARIENSIS
2013 284 2158 339 ΟΡΡ.
2201 285 2376 342 PARS
2412 289 2471 343 ll.
2513 321 2583 331 —
2620 290 3122 347 APOLOGETICA.

3706 300 3869 355 i020

551 400 898 455 admoveant.
926 399 1061 453 Tum
1096 398 1240 453 enim
1273 401 1462 468 utique
1492 398 1881 468 rempublicam
1909 400 2127 454 interire
2167 404 2453 471 oportebit,
2507 421 2631 461 cum
2664 407 2784 475 ejus
2831 408 3381 464 administrationem
3423 410 3656 468 ferreus
3691 419 3870 483 quis-

550 493 697 562 piam
727 493 969 547 aereusve
1004 499 1192 545 custos
1223 488 1541 558 susceperit.
1566 489 1731 561 614
1757 489 1892 545 Num
1923 500 1981 546 tu
2036 507 2162 546 vero
2200 500 2367 548 artem
2429 496 2665 566 aliquam
2710 505 2871 565 atque
2916 498 3193 552 rationem
3245 498 3299 551 in
3336 512 3615 571 promptu
3678 503 3869 560 habes

550 602 659 659 qua
693 588 810 643 ha>c
845 587 913 642 iis
945 584 1130 640 fabula
1166 584 1481 653 persuaderi
1510 584 1721 653 possit?
1756 602 1776 636 ι

1100 674 1330 731 CAPUT
1372 674 1555 729 XLIV.

1023 766 1102 820 De
1137 766 1323 820 iisdem
1360 765 1639 819 similibus.

620 859 739 913 Alia
788 858 1037 928 quaedam
1073 858 1214 927 apud
1255 856 1510 912 Hebraeos
1549 858 1830 927 prophetia
1870 868 1983 925 est,
2013 874 2120 929 qua

544 950 730 1020 populi
779 949 1051 1018 principes
1098 949 1170 1002 ita
1224 948 1617 1017 compellantur
1669 967 1738 1003 ε(
1782 947 1825 1003 0
1872 960 2120 1019 pastores

545 1039 734 1101 Israel,
766 1040 1011 1108 nunquid
1037 1049 1281 1108 pastores
1305 1038 1627 1106 semetipsos
1654 1040 1916 1107 pascunt?
1942 1055 2120 1094 nonne

544 1139 796 1201 pastores
830 1146 959 1185 oves
994 1146 1122 1185 suas
1154 1131 1418 1200 pascunt?
1453 1129 1589 1183 Ecce
1619 1129 1703 1183 lac
1735 1130 2037 1191 comeditis,
2066 1140 2120 1185 et

544 1221 690 1289 quod
725 1236 969 1275 crassum
997 1230 1077 1274 cst
1108 1219 1391 1287 jugulatis,
1418 1228 1469 1271 et
1492 1217 1630 1271 lanis
1657 1218 1967 1286 operimini,
1991 1234 2119 1273 oves

543 1320 726 1363 autem
760 1324 909 1363 meas
938 1325 1043 1363 non
1076 1310 1297 1376 pascitis
1327 1324 1340 1359 :
1379 1308 1521 1376 quod
1558 1307 1794 1376 perierat
1821 1323 1925 1361 non
1964 1324 2116 1377 quae-

545 1400 737 1462 siistis,
770 1409 821 1452 et
854 1398 998 1466 quod
1030 1397 1369 1452 confractum
1406 1404 1522 1449 erat
1570 1411 1675 1448 non
1726 1394 2022 1463 alligastis,
2065 1401 2121 1448 et

543 1491 691 1560 quod
740 1497 1017 1542 erraverat
1050 1503 1156 1541 non
1186 1485 1538 1541 reduxistis‘.
1578 1503 1595 1535 ι
1631 1482 1751 1549 Quo
1781 1483 1944 1536 etiam
1986 1482 2118 1536 illud

544 1581 800 1636 salutaris
828 1578 1100 1647 Evangelii
1129 1578 1378 1646 pertinet,
1412 1593 1431 1626 ι
1463 1574 1645 1628 Bonus
1668 1580 1855 1642 pastor
1880 1571 2117 1625 animam

544 1689 699 1729 suam
730 1673 880 1741 ponit
928 1687 1023 1741 pro
1057 1672 1250 1725 ovibus
1299 1669 1415 1723 suis
1449 1683 1462 1719 :
1499 1666 1868 1721 mercenarius
1900 1672 2077 1719 autem
2100 1705 2114 1729 ,

543 1775 599 1821 et
627 1766 718 1835 qui
750 1780 855 1818 non
888 1774 971 1817 est
1003 1771 1207 1832 pastor,
1240 1760 1396 1829 cujus
1420 1773 1527 1813 non
1556 1766 1683 1812 sunt
1705 1772 1835 1811 oves
1863 1756 2116 1827 propriae,

543 1857 770 1910 dimittit
829 1856 977 1909 eas’.
1010 1874 1028 1905 ι
1062 1854 1178 1908 Jam
1209 1867 1335 1907 vero
1360 1851 1639 1905 Platonem
1675 1849 1822 1914 audi,
1856 1848 2118 1917 quemad-

547 1950 770 2003 modum
817 1949 906 2002 illa
939 1949 1055 2016 ipsa
1085 1947 1259 2016 primo
1304 1944 1379 1997 De
1404 1943 1666 2013 republica
1707 1942 2112 2011 interpretetur.

549 2062 569 2094 ι
602 2040 969 2097 Νυηθθυῐειη
992 2079 1006 2102 ,
1052 2039 1252 2107 inquit,
1280 2037 1455 2101 vides,
1485 2035 1557 2088 mi
1589 2033 1995 2105 Thrasymache
2033 2032 2114 2103 (ut

2722 676 3125 729 ΚΕΦΑΛΑΙΟΝ
3159 678 3296 731 MA’.

2404 766 2534 817 Ἔτι
2572 764 2704 833 περὶ
2745 764 2862 817 τῶν
2906 768 3128 835 ὁμοίων
3161 768 3663 839 ὑποδειγμάτων.

2289 852 2402 922 Τῆς
2434 854 2562 924 παρ’
2604 854 2873 924 Ἑϐραίοις
2917 860 3263 926 προφητείας
3304 861 3648 932 φασκούσης
3715 865 3865 934 πρὸς

2218 944 2343 1006 τοὺς
2364 943 2707 1015 προεστῶτας
2734 943 2823 996 τοῦ
2844 944 3100 1015 πλήθους·
3136 945 3239 1000 ιὮ
3281 951 3551 1020 ποιμένες
3588 954 3840 1025 Ἰσραὴλ

2223 1034 2296 1103 μὴ
2352 1033 2603 1102 βόσκουσι
2658 1034 2914 1104 ποιμένες
2968 1036 3249 1103 ὲαυτούς;
3304 1039 3368 1091 οὐ
3430 1040 3503 1093 τὰ
3580 1042 3848 1112 πρόϐατε

2224 1123 2505 1193 βόσκουσιν
2533 1124 2582 1176 οί
2606 1123 2901 1193 ποιμένες;
2953 1126 3062 1179 ἰδοὺ
3096 1127 3160 1179 τὸ
3181 1128 3326 1196 γάλα
3360 1132 3732 1197 κατεσθίετε,
3756 1135 3858 1187 καὶ

2218 1213 2278 1265 τὸ
2308 1215 2451 1284 παχὺ
2488 1213 2741 1283 σφάζετε,
2778 1214 2873 1267 καὶ
2916 1216 2983 1269 τὰ
3014 1216 3139 1286 ἔρια
3168 1218 3606 1289 περιϐάλλεσθε,
3634 1226 3747 1276 καὶ
3784 1227 3858 1279 τὰ

2220 1304 2467 1376 πρόϐατά
2492 1322 2589 1374 μου
2620 1306 2678 1357 οὑ
2709 1305 2949 1375 βόσκετε·
2983 1309 3075 1361 καὶ
3099 1309 3161 1360 τὸ
3184 1309 3472 1375 ἀπολωλὸς
3498 1313 3608 1366 οὐκ
3630 1316 3855 1387 ἐζητή-

2222 1413 2367 1457 σατε,
2403 1396 2494 1447 καὶ
2526 1396 2587 1447 τὸ
2621 1398 3081 1467 συντετριμμένον
3109 1400 3170 1451 οὐ
3200 1401 3577 1472 κατεδήσατε,
3631 1407 3744 1458 καὶ
3786 1410 3851 1461 τὸ

2219 1489 2564 1560 πλανώμενον
2591 1491 2688 1542 οὐκ
2715 1491 3114 1562 ἐπεστρέψατε
3167 1513 3186 1544 ι
3213 1495 3353 1547 ἀλλὰ
3380 1498 3479 1549 καὶ
3503 1498 3604 1551 τοῦ
3645 1517 3848 1571 σωτηο

2220 1583 2336 1653 ρίου
2370 1582 2528 1650 λόγου
2561 1581 2878 1650 φάσκοντος,
2909 1602 2927 1634 ι
2978 1584 3034 1636 '0
3062 1587 3267 1654 ποιμὴν
3306 1589 3336 1639 ὁ
3370 1588 3545 1651 καλὸς
3566 1591 3674 1661 τὴν
3731 1593 3846 1661 ψυ-

2217 1671 2315 1742 χὴν
2346 1669 2537 1724 ἑαυτοῦ
2565 1670 2775 1739 τίθησιν
2805 1671 2945 1741 ὑπὲρ
2978 1670 3084 1723 τῶν
3114 1672 3433 1741 προϐάτωψ
3454 1676 3481 1727 ὁ
3512 1675 3576 1727 δὲ
3614 1678 3847 1746 μισθω-

2216 1763 2326 1825 τὸς,
2361 1762 2453 1815 καὶ
2476 1761 2573 1813 οὐκ
2597 1759 2671 1813 ῶν
2710 1761 2934 1831 ποιμὴν,
2969 1755 3029 1814 οὗ
3080 1762 3182 1814 οὐκ
3221 1761 3371 1817 ἐστιν
3415 1765 3529 1818 ἴδια
3568 1767 3643 1819 τὰ
3698 1770 3843 1839 πρό-

2218 1852 2376 1911 ϐατα,
2408 1851 2723 1906 καταλείπει
2754 1851 2947 1904 αὑτάοι
2976 1852 3284 1907 ἐπάκουσον
3315 1856 3414 1909 καὶ
3456 1856 3558 1908 τοῦ
3590 1858 3839 1913 Πλάτωο

2218 1960 2327 2006 νος,
2364 1944 2420 1995 ὲν
2447 1941 2523 2011 τῷ
2553 1940 2753 2013 πρώτῳ
2784 1941 2884 2011 τῆς
2926 1944 3240 2008 Πολιτείας
3270 1945 3424 2008 ὅπως
3478 1950 3614 2001 ποτὲ
3645 1949 3838 2003 ταῦτα

2214 2031 2576 2101 διερμηνεύει.
2605 2049 2623 2081 ‹
2664 2030 2778 2082 Νῦν
2807 2029 2864 2082 δὲ
2895 2031 3027 2101 ὁρᾷς
3054 2030 3187 2101 (86),
3229 2028 3273 2086 ὦ
3322 2034 3675 2109 Θρασύμαχε
3728 2042 3837 2108 (ὅτι

541 2133 820 2202 superiora
852 2131 941 2184 illa
972 2129 1151 2183 denuo
1187 2127 1539 2196 repetamus),
1565 2132 1637 2188 te,
1670 2125 1762 2193 qui
1788 2138 1976 2178 verum
2002 2138 2113 2177 me-

2224 2122 2322 2193 γὰρ
2351 2122 2420 2175 τὰ
2449 2122 2752 2193 ἔμπροσθεν
2807 2123 3277 2194 ἐπισκεψώμεθα),
3304 2127 3386 2179 ὅτι
3420 2128 3515 2180 τὸν
3574 2129 3655 2193 ὡς
3689 2132 3835 2203 ἀλη-

536 2226 722 2278 dicum
773 2221 1037 2291 principio
1095 2218 1410 2284 deﬁnieris,
1463 2218 1716 2284 deinceps
1773 2226 1952 2270 tamen
1999 2216 2113 2270 veri

538 2313 777 2384 pastoris
804 2326 923 2367 esse
954 2311 1212 2373 noluisse,
1233 2309 1515 2379 diligenter
1539 2323 1602 2361 ac
1632 2306 1873 2362 studiose
1898 2322 2110 2377 gregem

537 2404 854 2467 custodire,
913 2404 1005 2457 sed
1041 2401 1221 2470 potius
1253 2414 1412 2463 eum,
1454 2407 1723 2467 quatenus
1772 2404 1957 2466 pastor
1999 2406 2110 2459 est,

541 2496 622 2550 sic
647 2510 779 2549 oves
810 2508 937 2548 suas
968 2505 1226 2561 pascere,
1261 2499 1319 2543 ut
1352 2506 1456 2543 non
1484 2490 1595 2559 jam
1627 2488 1721 2557 qui
1749 2502 1878 2542 oves
1912 2487 2114 2557 Optime

543 2586 797 2645 habeant,
814 2584 907 2639 sed
930 2581 1179 2652 epulonis
1202 2580 1485 2649 cujusdam
1504 2578 1813 2634 convivium
1837 2578 2113 2632 instruen-

540 2677 611 2732 tis
656 2691 839 2739 more,
867 2675 960 2744 qui
995 2675 1141 2728 laute
1171 2674 1429 2727 convivas
1459 2686 1590 2727 suos
1619 2671 1874 2740 excipiat,
1912 2677 2114 2723 attente

536 2769 845 2823 consideret
876 2784 890 2833 ;
932 2767 1013 2820 vel
1050 2780 1181 2821 sane
1211 2765 1664 2835 quemadmodum
1705 2779 1819 2826 eas,
1854 2772 2111 2830 tanquam

534 2866 838 2912 :eruscator
867 2855 1086 2924 aliquis,
1121 2870 1226 2909 non
1261 2862 1519 2923 tanquam
1556 2862 1761 2921 pastor,
1820 2866 1920 2906 suo
1957 2865 2113 2905 com-

538 2948 737 3017 pendio
768 2946 986 3001 vendat.
1021 2946 1135 2999 Λινιὶ
1173 2961 1304 2999 sane
1335 2945 1592 3014 pastorali
1623 2959 1769 2998 cura:
1803 2943 1949 2998 aliud
1978 2944 2113 2997 nihil

535 3051 651 3097 cst.
685 3056 847 3110 quam
887 3047 947 3094 ut
978 3038 1197 3094 creditis
1244 3037 1346 3091 sibi
1396 3036 1813 3105 commissisque
1859 3036 2113 3107 gregibus

535 3132 740 3202 optima
768 3146 996 3200 qumque
1030 3147 1092 3186 ac
1121 3128 1478 3185 saluberrima
1514 3126 1811 3196 provideat.
1844 3126 1980 3180 Nam
2020 3141 2112 3179 ar-

540 3228 648 3277 tem
697 3221 868 3290 ipsam
918 3221 1061 3289 quod
1093 3221 1311 3284 attinet,
1347 3218 1583 3282 abunde,
1617 3218 1673 3271 ni
1724 3217 1901 3283 fallor,
1950 3219 2113 3273 rebus

538 3326 634 3381 per
660 3326 779 3366 sese
812 3311 1089 3372 omnibus,
1125 3319 1182 3363 ut
1212 3310 1413 3379 optima
1450 3309 1539 3363 illa
1563 3325 1797 3378 vereque
1824 3310 2112 3379 pastoralis

538 3402 767 3456 omnino
798 3402 891 3465 sit,
926 3402 1253 3456 necessariis
1282 3401 1547 3455 instructa
1584 3410 1687 3455 est.
1719 3399 1795 3453 lta
1826 3415 1971 3453 nunc
1994 3400 2113 3468 qui-

534 3494 656 3548 dem
721 3493 875 3548 fateri
923 3510 1145 3550 necesse
1194 3509 1316 3549 esse
1365 3492 1693 3554 arbitrabar,
1743 3492 2109 3561 principatum

533 3601 789 3649 onmem,
822 3594 1091 3655 quatenus
1130 3585 1465 3656 principatus
1498 3594 1578 3638 est
1602 3624 1616 3648 ,
1649 3583 1916 3653 ejusmodi
1952 3598 2106 3647 esse,

532 3676 629 3746 qui
689 3676 845 3729 alteri
909 3678 1154 3741 nemini,
1203 3692 1364 3747 quam
1411 3674 1666 3744 potestati
1720 3691 1834 3729 suae
1880 3674 2111 3744 ﬁdeique

2216 2213 2323 2276 θῶς
2364 2214 2544 2285 ίατρὸν
2579 2213 2688 2284 (87)
2713 2213 2772 2266 τὸ
2796 2214 3010 2285 πρῶτον
3038 2215 3376 2287 ὁριζόμενος,
3425 2221 3523 2273 τὸν
3564 2223 3647 2286 ὡς
3694 2226 3837 2298 ἄλη-

2216 2304 2322 2367 θῶς
2345 2304 2577 2375 ποιμένα
2607 2305 2789 2357 οὐκέτι
2818 2303 2925 2375 ῷου
2964 2306 3076 2358 δεῖν
3101 2305 3330 2379 ὕστερον
3356 2311 3606 2383 ἀκριϐῶς
3640 2316 3829 2382 φυλὰ-

2217 2396 2326 2460 ξαιο
2352 2395 2487 2449 ἀλλὰ
2546 2396 2856 2466 ποιμαίνειν
2899 2396 3014 2469 (88)
3052 2398 3152 2451 οἴει
3192 2400 3355 2453 αὑτὸν
3409 2402 3483 2455 τὰ
3536 2407 3830 2476 πρόϐατα,

2214 2488 2445 2542 καθόσον
2498 2490 2702 2559 ποιμήν
2754 2490 2924 2552 ἐστιν,
2985 2489 3046 2541 οὐ
3078 2490 3216 2561 πρὸς
3244 2492 3303 2543 τὸ
3346 2493 3458 2547 τῶν
3519 2498 3831 2566 προϐάτων

2216 2580 2488 2652 βέλτιστον
2529 2580 2813 2650 βλέποντα,
2850 2580 2962 2633 ἀλλ’
2989 2581 3179 2652 ῶσπερ
3206 2582 3507 2654 δαιτυμόνα
3539 2589 3695 2653 τινὰ,
3730 2594 3831 2645 καὶ

2219 2670 2481 2742 μέλλοντα
2520 2670 2896 2735 ἐστιάσασθαι,
2930 2672 3069 2742 πρὸς
3095 2672 3193 2742 τὴν
3216 2673 3475 2743 εὐωχίαψ
3506 2678 3539 2747 ἦ
3568 2676 3642 2733 αὖ
3680 2681 3829 2753 πρὸς

2214 2760 2274 2813 τὸ
2297 2761 2609 2824 ἀποδόσθαι,
2640 2761 2827 2833 ῶσπερ
2872 2763 3271 2834 χρηματιστὴν,
3306 2764 3423 2817 ἀλλ’
3454 2768 3515 2821 οὐ
3546 2771 3823 2841 ποιμένα.

2214 2853 2257 2904 Τ
2261 2856 2294 2924 ᾖ
2325 2856 2610 2924 ποιμενικῇ
2645 2854 2687 2906 δ’
2711 2854 2771 2906 οὐ
2808 2853 2979 2923 δήπου
3036 2854 3195 2908 ἄλλου
3225 2873 3319 2909 του
3377 2858 3551 2928 μέλει,
3586 2861 3623 2931 ἦ
3660 2864 3755 2930 ἐφ’
3781 2856 3827 2931 ᾧ

2212 2945 2491 3009 τέτακται,
2543 2944 2692 3007 ὅπως
2732 2945 2905 3016 τούτῳ
2932 2947 2994 2999 τὸ
3058 2947 3334 3017 βέλτιστον
3378 2951 3657 3023 ὲκποριεῖ·
3695 2957 3828 3010 ἐπὶ

2213 3038 2283 3090 τά
2339 3055 2401 3106 γε
2429 3038 2618 3108 αὐτῆς,
2656 3036 2782 3090 ὥστ’
2839 3034 2977 3091 εἶναι
3030 3038 3316 3110 βελτίστη,
3373 3042 3573 3105 ἱκανῶς
3640 3044 3825 3115 signa:

2216 3130 2627 3200 ἐκπεπόρισται,
2661 3129 2766 3191 ἕως
2802 3145 2865 3197 γε
2897 3129 2961 3183 ἂν
3000 3130 3161 3200 μηδὲν
3209 3131 3361 3203 ἐνδέῃ
3382 3132 3475 3185 τοῦ
3510 3140 3823 3208 ποιμενικὴ

2217 3215 2372 3271 εἶναι.
2414 3218 2566 3272 Οὕτω
2597 3218 2660 3289 δὴ
2690 3217 2848 3289 ᾤμην
2879 3219 3053 3287 ἔγωγε
3098 3220 3192 3273 νῦν
3234 3221 3297 3293 δὴ
3338 3225 3645 3290 ἀναγκαῖον
3674 3224 3825 3282 εἶναι

2218 3313 2348 3381 ἡμῖν
2371 3311 2670 3381 ὁμολογεῖν,
2707 3312 2885 3363 πᾶσαν
2921 3310 3116 3381 ἀρχὴν,
3149 3312 3378 3366 καθόσον
3406 3314 3571 3385 ἁρχὴ,
3613 3318 3825 3387 μηδενὶ

2218 3402 2362 3471 ἄλλῳ
2388 3402 2448 3454 τὸ
2477 3401 2748 3473 βέλτιστον
2779 3402 3101 3455 σκοπεῖσθαι
3133 3402 3165 3473 ἢ
3191 3404 3381 3474 ἐκείνῳ
3407 3406 3483 3476 τῷ
3512 3408 3825 3481 ἀρχομένῳ

2216 3512 2275 3547 τε
2301 3494 2394 3547 καὶ
2428 3492 2867 3564 θεραπευομένῳ,
2885 3496 2942 3547 ἐν
2966 3494 3215 3567 πολιτικῇ
3244 3499 3339 3550 καὶ
3363 3499 3608 3571 ἰδιωτικῇ
3639 3503 3815 3574 ἀρχῇ.

2218 3584 2289 3636 Σὺ
2328 3582 2384 3635 δὲ
2418 3584 2539 3645 τοὺς
2573 3583 2840 3653 ἄρχοντας
2867 3585 2924 3637 ὲν
2951 3588 3070 3647 ταῖς
3100 3586 3308 3653 πόλεσι,
3339 3592 3463 3654 τοὺς
3479 3591 3557 3655 ὡς
3582 3593 3816 3664 ἀληθῶς

2217 3675 2501 3746 ἄρχοντας,
2544 3675 2765 3737 ἑκόντας
2789 3678 2887 3729 οἴει
2918 3679 3142 3750 ἄρχειν;
3175 3700 3194 3733 ι

533 3770 1090 3841 commissis,optima
1122 3785 1351 3840 quaeque
1382 3768 1701 3838 prospiciat,
1734 3783 1825 3821 seu
1889 3768 2139 3837 publicus
2175 3768 2262 3821 ille
2315 3769 2431 3834 sit,
2480 3783 2572 3820 seu
2625 3767 2869 3835 privatus
2933 3772 3096 3825 etiam
3151 3772 3508 3842 principatus.
3538 3773 3627 3830 Tu
3678 3792 3813 3834 vero

534 3863 1069 3933 rerumpublicarum
1102 3862 1393 3932 principes,
1431 3860 1476 3915 si
1503 3875 1629 3915 vere
1658 3859 1820 3914 modo
1845 3857 2115 3928 principes
2158 3857 2376 3920 fuerint,
2408 3858 2764 3927 principatum
2799 3858 2941 3912 ultro
2974 3875 3158 3928 gerere
3184 3862 3503 3919 arbitraris?
3535 3884 3555 3917 ι

924 3980 1087 4052 615
1138 3978 1366 4036 CAPUT
1419 3977 1583 4033 XLV.

1168 4072 1244 4126 De
1268 4071 1473 4125 iisdem.

604 4162 844 4217 Alterius
877 4164 1019 4232 apud
1065 4162 1321 4217 Hebraeos
1354 4162 1629 4232 prophetae
1663 4177 1767 4216 vox
1798 4171 1882 4218 est
1923 4182 1935 4217 :
1978 4182 1995 4214 ι
2032 4161 2109 4216 Ex

2730 3970 3127 4028 ΚΕΦΑΛΑῘΟΝ
3152 3978 3283 4030 ME'.

2693 4066 2819 4118 Ἔτι
2847 4066 2977 4136 περὶ
3004 4067 3108 4123 τοῦ
3136 4070 3343 4124 αὑτοῦ.

2291 4172 2308 4205 ι
2350 4153 2461 4223 Τῆς
2495 4158 2625 4226 παρ’
2668 4156 2936 4227 Ἑϐραίοις
2969 4161 3305 4231 προφητείας
3329 4163 3611 4237 λεγούσηςο
3653 4189 3673 4222 ‹
3712 4172 3807 4226 Ἐκ

534 4253 730 4306 timore
756 4263 871 4317 tuo,
907 4254 1157 4319 Domine,
1197 4257 1249 4309 in
1295 4264 1452 4309 utero
1493 4255 1863 4325 concepimus,
1895 4263 1949 4309 et
1984 4271 2109 4324 par-

2224 4245 2306 4299 τοῦ
2339 4246 2501 4315 φόϐου
2539 4264 2654 4310 σου,
2696 4248 2888 4320 Κύριε,
2913 4251 2970 4303 ὲν
2993 4256 3192 4324 γαστρὶ
3220 4254 3480 4326 ἐλάϐομεν
3500 4297 3515 4322 ,
3546 4262 3645 4313 καὶ
3678 4263 3808 4317 ὠδι-

533 4346 847 4408 turivimus,
877 4354 928 4400 et
959 4348 1270 4417 peperimus
1316 4347 1566 4416 spiritum
1612 4346 1869 4403 salutis’.
1904 4365 1922 4398 ι
1958 4346 2110 4400 Plato

536 4452 715 4492 autem
755 4439 807 4491 in
833 4437 1092 4493 Thewlelo
1126 4440 1403 4494 Socratem
1436 4440 1509 4493 ita
1531 4441 1843 4511 loquentem
1867 4440 2107 4496 inducit:

541 4548 561 4581 ‹
595 4528 697 4596 Qui
732 4532 1125 4587 consuetudine
1178 4550 1297 4589 mea
1330 4546 1578 4599 utuntur,
1605 4534 1802 4604 inquit,
1833 4534 1870 4587 ii
1898 4532 2112 4589 feminis

536 4623 873 4693 parientibus
918 4626 1225 4693 persimiles
1276 4637 1424 4684 sunt.
1467 4629 1785 4682 Parturiunt
1832 4628 1909 4681 illi
1938 4627 2110 4696 siqu-i-

536 4717 679 4778 dem,
709 4725 762 4769 et
795 4726 979 4772 noctes
1003 4729 1166 4789 atque
1192 4720 1308 4776 dies
1334 4724 1469 4792 ipsis
1514 4725 1675 4778 etiam
1707 4721 1986 4791 puerperis
2016 4734 2110 4773 ve—

538 4806 845 4862 hementius
895 4811 1019 4879 angi
1065 4812 1261 4867 solent.
1294 4813 1449 4871 Hunc
1480 4831 1607 4870 vero
1649 4823 1835 4884 partus
1869 4813 2111 4867 dolorem

537 4897 670 4951 artis
698 4914 830 4953 meae
869 4901 1072 4956 vicum
1104 4905 1345 4960 excitare
1393 4908 1526 4977 ipse,
1559 4916 1673 4961 tum
1730 4906 1895 4961 etiam
1933 4905 2113 4960 levare

539 5003 783 5055 possum.
818 5011 836 5041 ι

615 5142 844 5198 ¹Εωε1ι.
878 5162 1063 5211 xxxiv,
1094 5150 1148 5203 2.
1226 5149 1418 5205 ’Joan.
1449 5170 1505 5222 χ,
1541 5156 1625 5209 l-l.
1687 5156 1996 5223 8lsa.x1tvt,
2023 5157 2107 5212 l8.

1014 5286 1191 5376 ὁρᾷς..
1216 5289 1397 5376 [ξι-ἰηιο
1431 5294 1508 5349 De
1549 5296 1774 5376 repuhl.,
1803 5314 1856 5368 p.
1888 5298 2015 5376 41],

614 5355 725 5435 (8?)
774 5357 1011 5441 Ἰατρόν,
1045 5355 1198 5441 l’dst
1245 5362 1385 5441 hanc
1430 5355 1616 5441 vocem
1672 5355 1860 5423 deesse
1907 5355 2109 5441 aliquid

544 5429 814 5507 suspicor,
852 5429 902 5483 id
957 5430 1214 5507 nimirum
1238 5434 1389 5507 quod
1420 5437 1689 5491 medicum
1725 5454 1845 5492 esse
1893 5429 2109 5503 definit,

548 5514 600 5551 ν.
641 5500 853 5577 θητῶν
886 5500 1589 5577 καμνόντωνβθεραπευτήν.
1620 5507 1708 5577 ita
1738 5500 2112 5577 enim'supra,

546 5584 666 5638 pag.
696 5568 800 5623 415
820 5608 834 5632 ,
886 5570 942 5623 Ὀ
966 5568 1041 5641 τῷ
1064 5571 1281 5644 ἀκριϐεῖ
1300 5568 1455 5646 ’λόγῳ
1492 5568 1691 5644 ἰατρὸς,
1730 5578 1955 5650 πότερον
1983 5568 2115 5651 ἀρτιέ-

2214 4339 2474 4408 νήσαμεν,
2502 4339 2595 4390 καὶ
2628 4339 2886 4410 ὲτέκομεν
2914 4343 3129 4413 πνεῦμα
3156 4348 3479 4417 σωτηρίας»
3513 4349 3542 4399 ὁ
3571 4350 3806 4409 Πλάτων

2215 4430 2271 4482 ὲν
2294 4427 2584 4495 Θεαιτήτῳ
2610 4429 2734 4483 τάδε
2752 4430 2980 4499 λέγοντα
2991 4435 3286 4507 Σωκράτην
3304 4441 3463 4490 ποιεῖ·
3487 4458 3504 4489 ι
3520 4440 3804 4513 Πάσχουσι

2214 4521 2278 4594 δὴ
2306 4524 2353 4576 oi
2419 4523 2542 4593 ἐμοὶ
2599 4522 2975 4593 συγγινόμενοι
3032 4528 3225 4581 ταύτὸν
3285 4532 3404 4592 ταῖς
3463 4533 3800 4600 τικτούσαις.

2231 4613 2487 4668 Ὠδίνουσι
2520 4613 2649 4686 γὰρ,
2705 4615 2799 4667 κα)⁵
2852 4616 3083 4687 ἀπορίας
3113 4618 3476 4688 ἐμπίπλανται
3508 4623 3711 4689 νύκτας
3741 4646 3799 4681 τε

2220 4710 2313 4762 καὶ
2340 4710 2568 4781 ἡμέρας,
2602 4709 2734 4762 πολὺ
2776 4710 2976 4781 μᾶλλον
3007 4712 3039 4784 ἣ
3075 4715 3296 4768 ἐκεῖναι.
3353 4718 3566 4789 Ταύτην
3602 4720 3668 4791 δὴ
3698 4724 3797 4791 τὴν

2219 4800 2383 4855 ὠδῖνα
2430 4802 2663 4874 ἐγείρειν
2706 4819 2766 4855 τε
2798 4803 2893 4856 καὶ
2950 4803 3253 4859 ἁποπαύειν
3296 4808 3465 4878 ἠέμὴ
3498 4808 3664 4881 τέχνη
3706 4812 3819 4865 δύον

2222 4908 2398 4947 ναται.
2438 4912 2459 4945 1

2270 5310 2489 5391 ατιστῄς
2524 5311 2689 5391 ὲησῖιν,
2794 5310 2902 5391 τῶν
2930 5312 3246 5391 καμνόνῖων
3272 5312 3613 5391 θεραπευτής
3636 5319 3797 5391 λΚαὶ

2223 5380 2345 5449 λέγε
2384 5380 2473 5433 τὸν
2495 5380 2572 5449 τῷ
2601 5380 2710 5433 ὄντι
2743 5381 2922 5453 ίατρὸν
2955 5380 3101 5437 tam.
3141 5383 3261 5437 Τῶν
3295 5380 3793 5459 καμνόντων,’ἒφη,

2223 5450 2580 5522 Θεραπευτής.
2645 5521 2651 5522 γ
2834 5520 2876 5522 Α

2295 5522 2406 5595 (88)
2441 5520 2798 5591 Ποιμαίνειν.
2829 5520 2956 5591 Ms.,
2981 5522 3237 5594 πιαίνειν,
3254 5525 3397 5597 quod
3425 5526 3573 5582 valde
3593 5529 3797 5597 probo.
