3872 6368
140 309 242 363 1021

575 415 972 472 ιιεψΑλΑιοΝ
1010 417 1162 484 Μετ’.

511 509 641 563 Ἔτι
700 509 830 578 περί
879 509 988 563 τοῦ
1052 509 1258 564 αὑτοῦ.

187 603 275 661 Τοῦ
296 603 553 675 προφήτου
609 601 862 670 Ἰεζεκιὴλ
898 602 1168 671 φήσαντος
1193 618 1204 631 ·
1248 621 1266 653 ι
1308 603 1417 656 Καὶ
1445 603 1662 672 ἐγένετο

131 697 307 768 saepe
355 696 468 764 χεὶρ
506 694 738 765 Κυρίου,
789 695 882 747 καὶ
928 689 1086 757 εἶδον,
1144 695 1240 747 καὶ
1286 693 1393 747 ἰδοὺ
1441 695 1660 766 πνεῦμα

131 791 304 861 ὲξαῖρον
329 788 515 858 ἤρχετο
543 787 654 838 ἀπὸ
686 786 922 858 Βορῤᾶη
955 787 1048 838 καὶ
1076 785 1204 855 ἑξῆς
1227 787 1493 851 εἰπόντος,
1520 790 1659 843 (Καὶ

129 885 173 935 ὲν
197 880 259 950 τῷ
288 879 442 949 μέσῳ,
501 877 576 940 ὡς
623 876 876 948 ὁμοίωμα
932 877 1216 949 τεσσάρων
1249 877 1421 943 ζώων.
1481 881 1590 933 Καὶ
1623 883 1655 952 ή

127 977 282 1045 ὅρασις
305 969 490 1024 αὐτῶν·
520 969 597 1032 ὡς
620 969 870 1040 ὁμοίωμα
901 969 1191 1040 ἀνθρώπου
1223 971 1310 1024 ἐπ’
1337 972 1537 1035 αὐτοῖς,
1565 972 1657 1025 καὶ

129 1068 346 1136 πρόσωπα
367 1062 604 1132 τέσσαρα
633 1060 710 1131 τῷ
736 1061 834 1116 ἑνί.
887 1061 1000 1114 Καὶ
1028 1061 1287 1132 ὁμοίωσις
1307 1063 1414 1115 τῶν
1444 1064 1656 1133 προσώ-

118 1176 216 1210 πων
255 1154 435 1213 αὐτῶν,
492 1155 786 1226 πρόσωπον
842 1153 1128 1226 ἀνθρώπου
1201 1156 1296 1208 καὶ
1364 1158 1654 1228 πρόσωπον

125 1244 292 1309 λέοντος
305 1247 361 1297 ὲκ
381 1245 566 1310 δεξιῶν
591 1248 705 1308 τοῖς
720 1245 1003 1317 τέσσαρσι,
1029 1247 1123 1299 καὶ
1146 1247 1434 1317 πρόσωπον
1455 1248 1652 1320 μόσχου

125 1339 169 1402 ἐξ
201 1337 468 1408 ἀριστερῶν
524 1340 639 1400 τοῖς
688 1337 968 1407 τέσσαρσι.
1026 1339 1136 1391 Καὶ
1175 1339 1463 1410 πρόσωπον
1493 1341 1651 1394 ἀετοῦ

124 1433 207 1492 τοῖς
228 1430 512 1500 τέσσαρσι-ι
545 1429 642 1481 καὶ
699 1431 728 1481 6
777 1428 1003 1481 Πλάτων
1060 1431 1285 1500 ὁμοίως,
1315 1431 1566 1494 ἄκουσον,
1617 1433 1653 1486 ἆ

127 1519 427 1590 ςησιοιΝῦν
479 1519 559 1584 δ’,
638 1520 777 1590 ἔφην
841 1521 950 1591 (89)
1012 1522 1178 1592 αὐτῷ’
1241 1523 1648 1594 Διαλεγώμεθα,

123 1614 266 1682 ἐπειδὴ
287 1611 820 1684 διωμολογησάμεθα,
849 1613 908 1665 τό
941 1630 1002 1665 τε
1025 1614 1231 1667 ἀδικεῖν
1259 1617 1352 1667 καὶ
1383 1615 1442 1667 τὸ
1467 1615 1649 1669 δίκαια

122 1705 346 1773 πράττειν,
381 1705 443 1773 ἣν
471 1703 736 1774 ἑκάτερον
762 1703 874 1773 ἔχει
919 1703 1166 1774 δύναμιν,
1229 1705 1386 1769 Πῶς;
1431 1705 1556 1776 ἔφη.
1581 1738 1649 1747 -

1283 299 1606 358 PRA'LPAR.
1665 301 1916 360 EVANG.
1959 302 2088 358 LIB.
2127 301 2236 356 XII.

1687 425 1740 484 Δ

2336 417 2567 475 CAPUT
2595 418 2782 475 XLVI.

2392 508 2469 564 De
2499 509 2706 565 iisdem.

1844 601 2148 659 Ezechielis
2177 603 2457 675 prophetae
2483 611 2569 658 est
2597 605 2742 673 quod
2785 605 3033 674 sequitur
3071 624 3084 660 :
3125 625 3145 659 ι
3177 605 3243 662 Et
3270 604 3352 661 fa-

1767 702 1854 748 cta
1899 701 1984 748 est
2030 708 2194 761 super
2239 707 2328 746 me
2379 707 2577 746 manus
2617 691 2854 757 Domini,
2887 705 2941 749 et
2982 695 3112 761 vidi,
3140 705 3194 750 et
3221 711 3349 751 ecce

1765 794 1963 841 ventus
2011 785 2247 839 turbinis
2275 785 2529 839 veniebat
2557 785 2627 839 ab
2659 786 2928 854 Aquilone
2950 789 2965 817 ¹
3000 805 3013 842 :
3044 807 3060 837 ι
3095 797 3149 841 et
3184 788 3348 857 paulo

1765 887 1885 948 post
1915 895 1928 931 :
1965 896 1982 927 ι
2014 876 2077 931 Et
2104 877 2159 931 in
2191 877 2392 940 medio,
2425 877 2585 946 quasi
2621 877 2923 932 similitudo
2958 886 3196 948 quatuor
3225 879 3347 934 ani—

1764 969 2012 1022 malium.
2043 966 2109 1021 Et
2159 968 2246 1021 hic
2290 978 2545 1043 aspectus
2593 983 2805 1024 eorum.
2837 968 3002 1033 Quasi
3042 969 3345 1024 similitudo

1763 1061 2003 1114 hominis
2049 1061 2104 1114 in
2155 1061 2257 1125 eis,
2289 1071 2343 1115 et
2393 1071 2630 1130 quatuor
2686 1060 2853 1116 facies
2883 1062 2996 1114 uni.
3032 1061 3344 1116 Similitudo

1761 1164 1942 1209 autem
2009 1154 2247 1206 vultuum
2305 1169 2518 1215 eorum,
2565 1153 2733 1208 facies
2787 1155 3045 1217 hominis,
3075 1165 3128 1207 et
3176 1154 3342 1209 facies

1761 1247 1938 1302 leonis
1995 1261 2025 1300 a
2079 1246 2288 1300 dextris
2334 1247 2578 1315 ipsorum
2635 1256 2900 1315 quatuor;
2941 1245 3108 1301 facies
3156 1257 3336 1300 autem

1759 1336 1915 1393 vituli
1944 1354 1975 1392 a
2007 1335 2244 1390 sinistris
2281 1338 2522 1404 ipsorum
2561 1346 2817 1404 quatuor.
2854 1335 2917 1389 Et
2949 1335 3115 1389 facies
3144 1335 3341 1404 aquila:

1761 1431 2006 1499 ipsorum
2055 1430 2354 1497 quatuor”.
2394 1447 2412 1478 ›
2469 1425 2622 1479 Nunc
2671 1427 2880 1481 audisis
2929 1442 3092 1496 quam
3140 1427 3336 1480 similia

1758 1522 1908 1575 Plato
1927 1522 2200 1590 loquatur.
2233 1539 2249 1570 ι
2275 1519 2394 1573 Jam
2429 1536 2556 1572 vero
2581 1520 2677 1589 (sic
2708 1520 2772 1573 ad
2801 1519 2978 1588 ipsum
3009 1520 3245 1588 egojbac
3270 1521 3338 1574 de

1758 1632 1815 1669 re
1836 1613 2304 1684 philosophemur,
2335 1611 2778 1680 quandoquidem
2821 1612 2962 1665 inter
3003 1626 3102 1664 nos
3136 1627 3338 1666 conve-

1756 1708 1856 1771 nit,
1891 1705 2106 1776 qualem
2135 1703 2336 1772 injuste
2365 1719 2428 1757 ac
2452 1703 2598 1771 juste
2629 1719 2687 1756 se
2721 1717 2907 1771 gerere
2943 1703 3048 1755 vim
3077 1712 3132 1756 et
3161 1703 3335 1757 ratio-—

121 1793 272 1848 Εἰκόνα
295 1795 587 1859 πλάσαντες
625 1796 722 1865 τῆς
747 1796 925 1866 ψυχῆς
955 1797 1115 1867 λόγῳ,
1143 1798 1229 1851 ἵνα
1271 1798 1384 1869 εἰδῇ
1417 1799 1445 1850 6
1471 1801 1641 1852 ἐκεῖνα

1756 1814 1878 1853 nem
1902 1794 2499 1860 haheat.——Quomodo,
2526 1793 2724 1861 inquit,
2745 1794 3114 1862 philosophari
3137 1794 3334 1862 placet?

119 1884 266 1954 Zr'ng,
289 1887 393 1939 οἷαν
425 1887 680 1956 ἐλεγε.--
701 1887 864 1942 Ποίαν
888 1889 1036 1952 τινά;
1068 1885 1148 1960 ἧδ’
1166 1891 1317 1952 63;.—
1338 1891 1456 1942 Τῶν
1479 1889 1652 1943 τοιού-

120 1995 197 2030 των
223 1975 340 2037 τινὰ,
369 1972 431 2046 ἦν
456 1975 500 2028 δ’
529 1975 665 2045 ἐγὼ,
692 1970 801 2029 οἷαι
831 1975 1252 2046 μυθολογοῦνται
1291 1977 1515 2030 παλαιαὶ
1555 1995 1650 2046 γε-

120 2050 258 2118 νέσθαι
285 2065 480 2133 φύσεις,
531 2067 567 2136 ἦ
603 2084 664 2118 τε
719 2065 1018 2138 Χιμαίρας,
1050 2066 1144 2119 καὶ
1185 2068 1219 2138 ὴ
1265 2065 1525 2138 Σκύλλης,
1556 2067 1649 2120 καὶ

119 2159 359 2230 Κερϐέρου,
407 2160 500 2212 καὶ
560 2158 720 2213 ἄλλαι
763 2159 906 2217 τινὲς
958 2160 1150 2230 συχναὶ
1211 2157 1459 2228 λέγονται
1510 2176 1648 2229 συμ-

118 2253 354 2316 πεφυκυῖαι
376 2249 506 2302 ἰδέαι
524 2249 718 2302 πολλαί
734 2250 812 2312 εἰς
831 2249 886 2302 ἓν
901 2249 1504 2318 γενέσθαι.-Λὲγονται
1517 2249 1645 2320 γὰρ,

116 2338 207 2409 ἔφη.
233 2373 290 2382 -
320 2341 521 2394 Πλάττε
569 2342 754 2394 τοίνυν
782 2341 909 2412 μίαν
940 2341 1036 2412 μὲν
1072 2341 1212 2394 ἰδέαν
1252 2342 1441 2411 θηρίου
1472 2343 1650 2394 ποικί-

116 2431 182 2483 λου
205 2433 281 2485 καὶ
302 2434 696 2503 πολυκεφάλου,
752 2433 975 2504 ἡμέρων
1000 2433 1056 2485 δὲ
1081 2433 1284 2504 Θηρίων
1307 2433 1526 2503 ἔχοντας
1553 2450 1646 2486 κε-

116 2524 246 2592 φαλὰς
276 2525 445 2598 κύκλῳ
474 2529 570 2581 καὶ
604 2525 832 2598 ἀγρίων,
881 2527 976 2579 καὶ
1017 2526 1242 2578 δυνατοῦ
1290 2525 1646 2597 μεταϐάλλειν

116 2616 182 2667 κοί
208 2616 336 2684 φύειν
374 2619 430 2684 ἐξ
457 2617 630 2674 αὑτοῦ
655 2617 826 2670 ταῦτα
861 2620 1054 2671 πάντα.
1075 2649 1143 2660 -
1163 2619 1346 2672 Δεινοῦ
1379 2619 1642 2683 πλάστου,

115 2705 207 2776 ἔστι,
249 2709 301 2761 τὸ
334 2708 507 2779 ἔργον·
549 2710 704 2780 ὅμως
759 2707 947 2779 ἐπειδὴ
1001 2709 1429 2780 εὐπλαστότερον
1471 2709 1643 2782 κηροῦ

115 2798 182 2849 καὶ
214 2798 302 2850 τῶν
333 2801 590 2852 τοιούτων
617 2801 646 2851 6
700 2799 876 2866 λόγος,
932 2799 1247 2854 πεπλάσθω.
1287 2832 1352 2840 -
1388 2801 1530 2855 Μίαν
1580 2801 1644 2873 δὴ

114 2890 247 2943 τοίνυν
291 2891 444 2964 ἄλλην
473 2893 620 2945 ἰδέαν
646 2892 878 2958 λέοντος,
915 2893 1046 2962 μίαν
1077 2893 1133 2945 δὲ
1163 2891 1474 2964 ἀνθρώπουθ
1506 2893 1642 2946 πολὺ

112 2981 150 3033 δὲ
181 2984 402 3052 μέγιστον
425 2987 571 3039 ἔστω
621 2987 679 3039 τὸ
712 2986 946 3058 πρῶτον,
990 2988 1083 3040 καὶ
1128 2987 1377 3059 δεύτερον
1430 2987 1492 3040 τὸ
1520 2987 1640 3041 δεύ-

112 3078 487 3146 τερον-Ταῦτ’,
524 3079 658 3148 ἔφη,
697 3081 815 3149 ῥᾴω
848 3081 942 3132 καὶ
978 3079 1638 3133 πέπλασται,-Σύναπτε

113 3167 244 3220 τοίνυν
272 3171 398 3224 αύτά
421 3174 499 3235 εἰς
531 3171 616 3234 ἒν,
635 3172 760 3243 τρία
787 3172 936 3234 ὄντα,
959 3171 1100 3224 ὥστε
1125 3190 1198 3242 πη
1232 3169 1642 3242 ξυμπεφυκέναι

113 3258 325 3330 ἀλλήλοις.
348 3291 416 3303 --
444 3255 750 3335 Ξυνῆπται,
792 3264 987 3334 έφη.-
1005 3264 1346 3334 Περίπλασον
1383 3264 1440 3317 δὲ
1463 3266 1642 3330 αὐτοῖς

114 3351 262 3416 ἔξωθεν
289 3356 395 3419 ἐνὸς
417 3357 625 3421 εἰκόνα,
656 3356 754 3427 τὴν
789 3357 882 3409 τοῦ
938 3356 1247 3427 ἀνθρώπου,
1274 3357 1412 3411 ῶστε
1463 3358 1540 3428 τῷ
1567 3358 1640 3428 μὴ

111 3444 334 3519 δυναμένῳ
362 3450 424 3502 τά
461 3450 616 3513 ἐντὸς
641 3451 792 3521 όρᾷν,
843 3449 977 3502 ἀλλά
1011 3449 1070 3502 τὸ
1097 3449 1200 3514 ἔξω
1247 3452 1402 3521 μόνον
1423 3451 1641 3521 ἔλυτρον

111 3535 329 3603 ὁρῶντιὲν
345 3540 475 3604 ζῶον
489 3539 779 3610 φαίνεσθαι
794 3537 885 3591 ἄνθ
894 3555 1163 3610 ρωπον.--
1176 3539 1247 3590 Πε
1258 3539 1615 3610 ριπέπλασται
1625 3578 1638 3604 ,

112 3625 202 3695 ἔφη.
221 3661 278 3670 —-
300 3632 560 3703 Λέγωμεν
587 3633 652 3703 δη
680 3631 757 3702 τῷ
805 3631 1037 3700 λέγοντι,
1070 3631 1144 3693 ὡς
1177 3631 1442 3684 λυσιτελεῖ
1467 3631 1640 3701 τούτῳ

113 3718 270 3774 ἀδικεῖν
293 3723 363 3793 τῷ
392 3724 692 3796 ἀνθρώπῳ,
741 3724 923 3778 δίκαια
957 3725 1012 3777 δὲ
1056 3725 1314 3796 πράττειν
1336 3723 1397 3777 ού
1433 3723 1641 3796 ξυμφέ-

117 3826 190 3877 ρει,
212 3813 326 3866 διότι
353 3816 500 3868 οὐδὲν
560 3815 688 3869 ἄλλο
749 3818 910 3886 φήσει
944 3817 976 3888 ἢ
1011 3815 1310 3868 λυσιτελεῖν
1355 3815 1524 3887 αύτῷ,
1579 3817 1640 3868 τὸ

114 3905 390 3961 παντοδαπὸν
442 3909 634 3980 Θηρίον
678 3908 990 3979 εὐωχοῦντι,
1056 3912 1228 3962 ποιεῖν
1282 3909 1500 3980 ἰσχυρὸν
1549 3909 1638 3962 τὸν

113 3992 256 4049 λέοντα
282 4001 368 4052 καὶ
401 4003 467 4055 τὰ
531 4002 659 4074 περὶ
697 4001 788 4054 τὸν
841 4001 1049 4054 λέοντα·
1105 4001 1194 4054 τὸν
1247 4000 1302 4054 δὲ
1353 4002 1639 4074 ἄνθρωπον

113 4085 411 4157 λιμοκτονεῖν,
445 4097 543 4148 καὶ
574 4097 746 4146 ποιεῖν
787 4094 1011 4162 ἀσθενῆ,
1051 4092 1191 4147 ὥστε
1251 4094 1502 4148 ἕλκεσθαι
1530 4095 1636 4167 ὅπη

114 4177 162 4229 ἂν
181 4183 372 4237 ἐκείνων
414 4187 678 4257 ὁπότερον
723 4186 851 4258 ἄγῃε
905 4187 999 4240 καὶ
1041 4187 1205 4256 μηδὲν
1251 4185 1434 4257 ἓτερον
1468 4186 1638 4257 ἑτέρῳ

114 4268 371 4340 ξυνεθίζειν,
406 4279 541 4348 μηδὲ
570 4277 722 4347 φίλον
749 4280 941 4338 ποιεῖν,
989 4277 1103 4330 ἀλλ’
1139 4280 1232 4348 ὲᾷν
1274 4277 1412 4330 αὐτὰ
1452 4280 1510 4330 ὲν
1543 4279 1638 4330 αύ-

112 4367 192 4428 τοῖς
235 4367 501 4423 δάκνεσθαί
560 4387 620 4422 τε
677 4371 772 4422 καὶ
821 4371 1103 4441 μαχόμενα
1165 4369 1364 4424 ἐσθίειν
1413 4369 1633 4442 ἄλληλα.

1751 1919 1821 1928 ——
1851 1887 1927 1941 ita
1957 1887 2239 1950 nimirum,
2274 1885 2516 1953 inquam,
2548 1893 2607 1937 ut
2629 1885 2916 1953 imaginem
2943 1884 3110 1937 animi
3139 1900 3334 1954 quam-

1750 1979 1874 2032 dam
1904 1979 2152 2032 oratione
2189 1976 2476 2042 fingamus,
2512 1983 2568 2028 ut
2594 1975 2842 2044 quisquis
2874 1975 2960 2027 illa
2993 1989 3332 2029 commemo-

1753 2066 1912 2126 rahit,
1949 2081 2060 2134 quo
2089 2065 2156 2118 de
2182 2072 2438 2133 loquatur
2489 2062 2770 2133 intelligat.
2799 2093 2864 2103 —
2901 2063 3332 2133 Quantoporro?

1751 2159 1928 2228 inquit
1967 2158 2074 2211 ille.
2104 2187 2174 2196 -ο
2203 2156 2304 2210 Cui
2354 2171 2473 2223 ego.
2509 2157 2760 2223 Aliquam
2805 2157 3094 2225 ejusmodi,
3138 2160 3328 2227 quales

1750 2263 1974 2304 naturas
2027 2251 2154 2302 olim
2196 2249 2499 2312 Chimaerae,
2551 2248 2761 2319 Scylla),
2806 2250 3050 2310 Cerberi.
3083 2251 3328 2318 aliasque

1748 2363 1858 2400 non
1911 2362 2114 2416 paucas
2170 2343 2340 2399 fuisse
2371 2344 2705 2406 fabulantur,
2742 2359 2973 2412 quarum
3000 2345 3328 2414 multiplices

1748 2438 1939 2493 formae
1964 2438 2108 2490 inter
2152 2452 2271 2491 sese
2317 2437 2637 2505 complexa,
2668 2451 2837 2490 unum
2873 2437 2925 2489 in
2961 2437 3167 2506 aliquid
3202 2447 3326 2492 ortu

1747 2531 1866 2600 ipso
1916 2529 2305 2584 coalescerent.
2337 2560 2402 2569 ——
2441 2528 2604 2591 Sane,
2654 2528 2852 2596 inquit,
2901 2527 3172 2597 ejusmodi
3228 2529 3328 2582 ali-

1747 2637 1887 2692 quas
1921 2621 2200 2676 exstitisse
2233 2620 2436 2675 ferunt.
2465 2649 2524 2660 —-
2553 2620 2666 2687 Age
2699 2635 2848 2688 ergo,
2894 2619 3140 2689 inquam,
3185 2619 3326 2689 finge

1746 2712 1886 2766 mihi
1919 2712 2082 2765 varia:
2105 2711 2390 2778 cujusdam
2424 2726 2486 2764 ac
2511 2711 2848 2779 multicipitis
2881 2712 3178 2765 animantis
3201 2727 3327 2780 spe-

1745 2805 1881 2860 ciem
1916 2821 2082 2859 unam
2142 2804 2288 2856 illam
2339 2804 2584 2873 quidem,
2639 2804 2732 2857 sed
2791 2813 2968 2858 tamen
3027 2803 3321 2872 ejusmodi,

1743 2914 1866 2968 qua:
1913 2898 2108 2968 partim
2161 2898 2431 2960 cicurum,
2469 2897 2665 2966 partim
2696 2896 2934 2950 ferarum
2968 2897 3237 2965 capitibus
3267 2897 3325 2951 in

1743 2990 1929 3045 orbem
1963 2989 2214 3060 pluribus
2244 2991 2533 3053 instructa,
2573 2989 2761 3044 eadem
2807 3005 2915 3043 non
2967 2998 3179 3042 mutare
3207 3003 3316 3044 mo-

1743 3083 1834 3149 do,
1865 3083 1960 3138 sed
2006 3083 2167 3136 etiam
2221 3081 2524 3151 producere
2565 3082 2748 3136 omnia
2777 3097 2843 3136 ex
2878 3097 2996 3136 sese
3029 3083 3222 3151 possit.
3251 3107 3323 3122 -~

1747 3174 1999 3239 Fictoris,
2031 3175 2229 3244 inquit,
2266 3189 2403 3244 opus
2441 3189 2631 3226 narras
2691 3174 2889 3243 oppido
2942 3190 3102 3243 quam
3148 3174 3320 3228 soler-

1747 3268 1817 3322 tis
1846 3286 1857 3319 :
1892 3267 1984 3320 sed
2019 3276 2218 3331 tamen,
2245 3264 2464 3334 quando
2495 3265 2610 3318 istis
2640 3265 2803 3318 etiam
2831 3269 2895 3319 de
2923 3267 3084 3318 rebus
3116 3266 3198 3318 vel
3231 3281 3324 3320 ce—

1745 3375 1802 3412 ra
1836 3359 1952 3426 ipsa
1985 3356 2196 3410 facilior
2227 3373 2289 3410 ac
2321 3357 2534 3411 mollior
2563 3357 2628 3411 ad
2658 3358 2965 3427 fingendum
3007 3357 3185 3411 oratiu
3217 3368 3319 3422 cst,

1746 3449 1979 3518 ﬁngatur
2033 3449 2162 3502 illud
2210 3463 2361 3502 sane.
2400 3477 2468 3485 —
2497 3445 2659 3510 Tum,
2692 3447 2854 3501 aliam
2891 3447 3020 3500 mihi
3069 3447 3321 3517 deinceps

1744 3541 1917 3594 leonis
1966 3540 2200 3610 speciem
2251 3540 2412 3608 tinge,
2445 3539 2683 3608 itemque
2730 3538 2970 3592 hominis
3001 3537 3160 3592 aliam
3195 3556 3208 3591 :
3247 3538 3320 3591 ita

1743 3634 1960 3703 quidem
2018 3642 2074 3686 ut
2128 3634 2279 3702 prior
2312 3633 2402 3685 ille
2440 3632 2597 3701 longe
2634 3631 2872 3684 maxima
2919 3630 3010 3689 sit.
3054 3630 3322 3700 posterior

1742 3739 1872 3778 vero
1920 3723 2292 3792 magnitudine
2322 3738 2542 3794 quoque
2572 3723 2858 3791 posterior.
2893 3753 2956 3761 —-—
2981 3721 3105 3777 ilzec
3147 3739 3274 3776 vero
3303 3763 3318 3786 ,

1744 3815 1962 3885 inquit,
2015 3815 2178 3868 etiam
2236 3814 2480 3868 faciliora
2529 3824 2702 3875 sunt,
2749 3815 2934 3883 itaque
2983 3814 3105 3868 ficta
3156 3815 3324 3886 616

1739 3908 1850 3977 jam
1891 3915 2040 3961 sunt.
2075 3937 2145 3948 —
2182 3906 2302 3960 iam
2352 3922 2518 3960 unum
2570 3906 2621 3959 in
2678 3905 2883 3976 aliquid
2921 3907 3022 3960 tria
3056 3908 3157 3960 ista
3190 3922 3320 3960 eon-

1741 4001 1890 4066 ilato,
1924 4002 2083 4072 quasi
2116 4001 2219 4056 sub
2250 4009 2431 4054 ortum
2463 4000 2604 4053 inter
2632 4015 2752 4053 sese
2784 3999 3322 4054 coaluerint.—Con-

1742 4096 1865 4149 flata
1897 4105 2044 4159 sunt,
2079 4094 2274 4163 inquit.
2304 4123 2376 4135 -—
2402 4092 2470 4147 lis
2503 4104 2556 4146 tu
2591 4108 2755 4162 porro
2789 4093 3133 4146 extrinsecus
3166 4106 3319 4144 com-

1741 4204 1963 4242 munem
2019 4187 2203 4250 unius,
2237 4185 2330 4240 sed
2387 4185 2625 4240 hominis
2675 4184 2925 4254 efﬁgiem,
2958 4182 3318 4247 circumdato,

1743 4281 1942 4350 utqui,
1979 4280 2123 4349 quod
2175 4277 2487 4332 interiorem
2554 4277 2699 4330 illam
2752 4277 2987 4346 speciem
3038 4275 3319 4343 perviderc

1741 4390 1847 4427 non
1905 4373 2094 4442 possit,
2149 4379 2434 4426 externum
2490 4371 2592 4424 hoc
2637 4369 2904 4423 duntaxat
2973 4368 3315 4420 involucrum

113 4484 161 4495 --
184 4458 472 4517 Παντάπασι
500 4464 630 4536 γὰρ,
660 4463 787 4534 ἔφη,
824 4463 974 4517 ταῦτ’
1014 4463 1079 4517 ἂν
1112 4463 1259 4532 λέγοι
1278 4466 1306 4516 6
1343 4463 1403 4515 τὸ
1433 4462 1638 4517 ἀδικεῖν

1748 4466 1993 4536 aspiciet,
2011 4466 2136 4519 huic
2166 4480 2333 4518 unum
2369 4463 2588 4533 aliquod
2621 4463 2846 4525 animal,
2869 4459 3316 4528 homo,inquam,

112 4547 318 4608 ἐπαινῶν.
351 4588 415 4596 -
443 4556 653 4610 Οὐκοῦν
681 4553 748 4610 αὖ
773 4558 800 4608 6
826 4556 893 4610 τὰ
925 4556 1108 4609 δίκαια
1135 4555 1308 4624 λέγων
1339 4554 1637 4608 λυσιτελεῖν

113 4641 212 4711 φαίη
236 4643 292 4697 ἂν
321 4648 424 4701 δεῖν
452 4648 627 4702 ταῦτα
667 4649 944 4720 πράττειν,
985 4647 1078 4700 καί
1103 4646 1274 4700 ταῦτα
1306 4645 1636 4714 λέγειν,ὅθεν

110 4726 180 4781 τοῦ
196 4733 452 4806 ἀνθρώπου
499 4742 530 4792 6
573 4740 722 4802 ἐντὸς
754 4739 1036 4810 ἄνθρωπος
1068 4739 1220 4792 ἔσται
1270 4738 1636 4809 ἐγκρατέστα-

111 4835 195 4884 τος
218 4828 298 4878 καὶ
337 4830 425 4883 τοῦ
451 4831 830 4900 πολυκεφάλου
877 4831 1193 4904 θρέμματος
1223 4829 1632 4901 ἐπιμελήσεται,

110 4911 258 4986 ὦσπρ
282 4925 534 4993 γεωργὸς,
597 4924 665 4977 τὰ
712 4924 808 4994 μὲν
835 4925 1018 4994 ἦμερα
1067 4923 1282 4996 τρέφων
1317 4923 1410 4976 καὶ
1453 4921 1635 4976 τιθασ-

114 5003 263 5074 σεύων,
288 5013 350 5064 τὰ
375 5014 430 5067 δὲ
456 5015 624 5082 ἄγρια
672 5014 1006 5068 ἀποκωλύων
1059 5013 1310 5084 φύεσθαι,
1349 5013 1634 5086 ξύμμαχον

170 5139 376 5198 ‘Ezech.
417 5163 452 5211 ι,
481 5148 536 5201 4.
612 5150 632 5178 ¹
662 5147 796 5212 ibid,
826 5148 878 5202 5ο

164 5249 409 5326 (θεὴ-Νῦν
451 5257 502 5310 δ’
549 5257 722 5326 ἔφην.
771 5257 958 5321 Plato,
1013 5257 1107 5312 lib.
1163 5276 1212 5312 ιχ
1271 5258 1348 5312 De
1388 5258 1629 5325 republ.,

111 5331 204 5399 pag.
235 5321 356 5399 Silii,
483 5328 552 5380 At
582 5321 660 5381 'in'
694 5328 921 5382 Pltwdro
942 5368 954 5389 ,
1004 5345 1123 5399 pag.
1173 5329 1278 5383 544
1302 5371 1316 5394 ,
1357 5327 1402 5399 _E
1423 5321 1452 5392 ,⁷
1473 5321 1632 5398 longe

111 5389 407 5467 aliatnanimi
441 5399 786 5467 huminisqtte
811 5389 1044 5466 speciem
1077 5389 1316 5455 Exhibet.
1349 5389 1440 5453 Sic
1483 5389 1628 5453 enim

112 5459 194 5521 Ille,
226 5464 385 5518 Ἐοικε
510 5459 878 5539 1fj§ull<pt§1tp
907 5468 1131 5539 δυνάμει
1160 5469 1466 5539 ὑποπτέρου
1502 5469 1627 5534 ζεύ-

109 5544 296 5614 ῖεδςῃτε
328 5537 720 5614 τκαζὴνῐόχοῦ.
793 5537 858 5614 Et
903 5537 1240 5614 quibusdam
1255 5537 1578 5614 _inte_rjec_tis
1611 5556 1623 5592 :

112 5597 174 5668 Πῆ
212 5600 382 5681 cii-05v
405 5597 718 5681 _0v'q16v_“fcs
761 5611 852 5681 καὶ
901 5597 1166 5662 ἀθάνατον
1205 5609 1349 5681 ,ζῶον
1388 5597 1623 5681 ἐκλήθη,

110 5673 347 5750 πεξρατέον
375 5673 562 5750 εἰπεῖν.
603 5678 666 5750 Ἡ
695 5680 840 5748 ψυχὴ
877 5681 1028 5734 πᾶσα
1060 5679 1259 5743 παντὸς
1290 5673 1627 5750 ἐπιμελεῖται

111 5741 180 5788 τοί
217 5741 419 5813 ἀψύχου,
447 5749 619 5802 πάντα
651 5741 966 5821 adigam
999 5741 1306 5821 περιπολεῖ,
1343 5741 1527 5805 ἄλλοτε
1569 5752 1624 5804 ὲν

1741 4575 1884 4612 unus
1937 4569 2220 4627 appareat.
2252 4588 2321 4596 —
2349 4556 2763 4610 Circumdatam
2818 4563 2968 4623 puta,
3019 4551 3217 4620 inquit.
3251 4579 3318 4590 —-

1738 4649 1893 4704 Nunc
1942 4650 1990 4703 ei
2041 4651 2282 4714 demum,
2323 4649 2415 4718 qui
2470 4647 2670 4716 injuste
2732 4661 2892 4714 agere
2933 4644 3058 4698 huic
3109 4643 3314 4696 homini

1740 4743 2046 4798 conducere
2089 4742 2236 4806 velit,
2268 4742 2415 4810 justc
2462 4740 2604 4793 idem
2649 4739 2907 4807 prodesse
2959 4743 3136 4803 neget,
3167 4734 3315 4788 aliud

1735 4848 1860 4887 eum
1891 4833 2024 4886 nihil
2059 4833 2240 4888 dicere
2271 4846 2634 4900 opponamus,
2669 4843 2833 4898 quam
2887 4827 2937 4880 id
2975 4826 3074 4896 ipsi
3105 4825 3312 4880 condu~

1736 4939 1878 4988 cere,
1914 4924 1991 4977 uti
2023 4923 2151 4977 dum
2201 4922 2430 4976 bestiam
2483 4921 2628 4974 illam
2669 4919 2840 4989 pascit
2878 4919 3014 4972 adeo
3057 4917 3318 4986 multipli-

1735 5034 1874 5079 cem,
1917 5018 2127 5071 leonem
2166 5016 2385 5085 quidem
2431 5015 2714 5083 lcouisque
2761 5021 2942 5082 partes
2980 5011 3186 5065 viribus
3225 5025 3318 5064 au-

1733 5259 1912 5319 ἆλλοις
1958 5257 2123 5310 εἴδεσι
2164 5257 2482 5325 γιγνομένη.
2519 5253 2656 5325 Tum
2699 5253 2766 5305 de
2813 5249 3088 5325 perfecta“,
3143 5247 3314 5325 Τελέᾳ

1736 5331 1835 5414 μὲν
1865 5327 1957 5384 οὖν
1989 5325 2123 5381 οὖσα
2153 5320 2247 5380 καῖ
2277 5320 2652 5396 ἐπτερωμένη,
2681 5320 3075 5414 μετεωροτξολεῐ
3100 5336 3203 5414 τεύ
3222 5320 3314 5414 καὶ

2016 5401 2029 5414 .
2155 5400 2165 5414 ,
2344 5398 2407 5414 ,ί
2470 5399 2530 5414 η,
2595 5397 2647 5414 Α,
2773 5393 3080 5414 ,ΨΜ-’.ηιμ
3142 5390 3154 5405 .

1733 5389 1950 5454 ἅπαντα
1980 5401 2072 5452 τὸν
2107 5400 2311 5468 κόσμον
2339 5389 2546 5468 διοικεῖ,
2584 5389 2744 5468 Αἰᾼᾶθ
2773 5389 3106 5468 imperfecta,
3231 5389 3310 5450 δὲ,

1732 5471 2192 5544 πτεροῤῥυήῖασα
2212 5459 2469 5544 ἰρι-ἐρέται,
2520 5465 2624 5528 ἕως
2657 5464 2722 5544 διν
2757 5460 2974 5544 στερεοῦ
3002 5475 3147 5544 τινος
3175 5459 3316 5538 ἀντι-

1731 5530 1993 5612 λάόὴταὶ·
2033 5530 2094 5592 οῦ
2142 5530 2576 5612 κατοικισθεῖσα,
2611 5530 3000 5612 ,σῶμα-γήινον
3039 5530 3310 5612 λαόοῦσα.

1731 5600 1868 5664 αὺτῦ
1902 5611 2034 5666 αὐτὸ
2071 5608 2260 5662 δοκοῦν
2304 5609 2472 5660 κινεῖν
2495 5648 2508 5670 ,
2549 5600 2772 5677 5td1ﬁv-
2799 5600 3011 5677 ἐκείνης
3048 5600 3274 5677 δύναμιν
3295 5637 3310 5659 .

1733 5682 1868 5744 ζῶον
1904 5685 1962 5737 τὸ
1989 5680 2207 5753 ξύμπαν
2237 5678 2457 5749 ἐκλήθη,
2485 5671 2750 5748 ψυχὴκαῖ
2782 5673 2939 5743 σῶμα
2962 5671 3136 5742 παγέν
3163 5684 3176 5702 ³
3202 5680 3309 5724 etc.
