3872 6368
138 261 242 360 ιὼς

1105 296 1423 351 ΡΒίΕΡΑΒ.
1475 294 1724 350 EV’ANG.
1770 295 1894 350 LIB.
1937 295 2050 350 XII.

3199 305 3339 360 1026

135 420 282 491 Σχεδὸν
321 414 506 475 οὐδενὸς
540 414 770 485 ἐπιδεὴς
791 442 860 453 -
881 412 1080 466 Γείτων
1104 413 1160 466 δὲ
1207 415 1346 485 αὐτῇ
1371 411 1523 476 πόλις
1555 407 1623 484 ἇρ

1745 411 1987 466 nulla.—
2004 410 2278 467 Urbemne
2305 413 2543 482 aliquam
2563 413 2796 468 vicinam
2815 414 3011 469 habet?
3035 415 3341 473 -—Nullam

134 516 248 566 ἔσται
293 527 362 572 τις
391 507 632 579 πλησίον;
665 539 732 546 —
763 507 836 559 Οὐ
876 508 1036 560 πάνυ’
1074 505 1153 560 διὸ
1189 506 1284 559 καὶ
1329 505 1635 569 κατοικίζε-

131 623 214 659 ται.
244 601 422 656 Παλαιά
451 599 552 670 γάρ
583 616 665 661 τις
690 598 967 670 ἐξοίκησις
1024 600 1082 650 ὲν
1120 597 1198 667 τῷ
1222 597 1374 668 τόπῳ
1405 597 1632 667 γενομὲο

129 716 193 768 νη,
225 697 302 764 τὴν
321 695 482 765 χώραν
503 694 700 763 ταύτην
738 693 944 763 ἔρημον
991 691 1380 761 ἀπείργασται,
1447 690 1638 762 χρόνον

128 789 344 857 ἀμήχανον
368 786 499 837 ὅσον.
532 814 600 824 -—
648 783 711 836 Τί
763 784 806 836 δ’
841 777 907 837 αὖ
940 782 1138 836 πεδίων
1201 800 1283 848 τε,
1338 783 1435 836 καὶ
1469 780 1634 854 ὀρῶν,

128 881 196 932 ui
220 878 340 946 ὕλης,
371 875 476 937 πῶς
509 874 672 946 μέρος
705 874 952 928 ἑκάστων
981 876 1111 946 ἡμῖν
1147 874 1328 946 εἴληχε
1356 875 1638 945 ς-Προσ-

126 971 231 1023 ἐοικε
256 971 308 1038 τῇ
335 968 418 1037 τῆς
449 965 610 1036 ἄλλης
637 967 859 1038 Κρήτης
887 966 1046 1036 φύσει
1073 967 1191 1039 ὅλῃ.
1209 966 1634 1038 -Τραχυτέραν

126 1061 248 1130 αὐτὴν
270 1061 295 1129 ἢ
319 1058 658 1129 πεδινωτέραν
693 1059 758 1112 ἂν
786 1059 1003 1128 λέγοις;
1035 1059 1270 1112 -Πάνυ
1306 1059 1405 1130 μὲν
1445 1054 1634 1115 οὖν.-

127 1156 180 1208 Οὐ
204 1153 348 1206 τοίνυν
381 1151 581 1212 ἀνίατος
607 1150 672 1204 ἂν
705 1151 788 1223 εἴη
814 1152 950 1224 πρὸς
980 1153 1181 1224 ἀρετῆς
1203 1152 1417 1222 κτῆσιν.
1442 1153 1504 1204 Εἰ
1533 1153 1634 1224 μὲν

126 1245 202 1316 γὰρ
232 1243 547 1296 ἐπιθαλαττία
576 1259 635 1294 τε
655 1241 879 1312 ἔμελλεν
912 1238 1052 1296 εἶναι
1089 1244 1182 1297 καὶ
1213 1244 1514 1313 εὐλίμενος,
1541 1241 1633 1294 καὶ

126 1339 177 1407 μὴ
199 1337 458 1406 πάμφορος,
499 1335 615 1390 ἀλλ’
650 1335 870 1404 ἐπιδεὴς
924 1334 1156 1399 πολλῶν,
1219 1335 1454 1406 μεγάλου
1487 1335 1632 1398 τινὸς

123 1430 197 1482 ἔδει
222 1429 426 1501 σωτῆρός
453 1445 514 1497 γε
540 1428 701 1498 αὐτῇ,
741 1428 836 1480 καὶ
868 1427 1174 1498 νομοθετῶν
1230 1427 1389 1480 θείων
1446 1425 1629 1491 τινῶν,

123 1523 154 1573 εί
175 1522 229 1590 μὴ
257 1520 403 1574 πολλά
428 1537 484 1572 τε
514 1519 741 1591 ἔμελλεν
793 1519 901 1590 ἤθη
942 1520 1036 1574 καὶ
1079 1519 1302 1573 ποικίλα
1329 1519 1424 1573 καὶ
1451 1518 1632 1589 φαῦλα

121 1612 236 1677 ἕξειν,
262 1614 457 1684 τοιαύτη
490 1614 650 1683 φύσει
701 1611 991 1682 γενομένη·
1051 1611 1146 1665 νῦν
1175 1613 1233 1666 δὲ
1282 1612 1630 1684 παραμύθιον

119 1708 199 1777 ἔχει
223 1707 270 1759 τὸ
286 1707 378 1759 τῶν
403 1707 728 1778 ὀγδοήκοντα
765 1705 1014 1760 σταδίων.
1062 1704 1388 1777 Ἐγγύτερον
1446 1705 1628 1775 μέντοι

119 1799 183 1851 τοῦ
211 1800 386 1862 δέοντος
415 1802 589 1852 κεῖται
623 1801 723 1870 τῆς
767 1799 1039 1868 θαλάττης
1070 1798 1278 1868 σχεδὸν,
1318 1798 1442 1850 ὅσον
1487 1797 1630 1874 εὐλιτ

120 1890 355 1957 μενωτέραν
386 1890 485 1961 φὴς
519 1890 688 1961 αὐτὴν
741 1885 899 1943 εἶναι’
943 1891 1093 1959 ὅμως
1124 1888 1181 1942 δὲ
1213 1889 1498 1960 ἀγαπητὸν
1535 1889 1631 1942 καὶ

114 1980 239 2034 τοῦτο.
290 1981 569 2053 Πρὸσοικος
609 1982 718 2053 γὰρ
757 1981 994 2035 Θάλαττα
1033 1977 1209 2052 χώρᾳ,
1249 1979 1312 2032 τὸ
1371 1979 1470 2050 μὲν
1498 1980 1628 2052 παρ’

117 2072 289 2142 ἑκάστην
325 2074 528 2145 ἡμέραν
591 2075 707 2146 ἡδὺ,
740 2074 885 2144 μάλα
941 2089 1005 2141 γε
1045 2070 1151 2143 μὴν
1189 2071 1358 2135 ὅντως
1386 2071 1630 2144 ἁλμυρὸν

115 2165 178 2214 καὶ
200 2166 358 2235 πικρὸν
406 2167 725 2236 γειτόνημα.
781 2165 1084 2237 Ἐμπορίας
1123 2163 1233 2238 γὰρ
1286 2165 1381 2218 καὶ
1415 2184 1631 2237 χρημα-

113 2256 252 2325 τισμοῦ
278 2258 355 2311 διὰ
407 2259 714 2331 καπηλείας
777 2257 1101 2329 ὲμπιπλᾶσα
1131 2258 1352 2329 ἑαυτὴν,
1387 2258 1493 2329 ἢθη
1527 2276 1630 2313 πα-

110 2345 280 2416 λίμδολα
299 2350 383 2403 καὶ
415 2351 624 2404 ἄπιστα
651 2353 772 2414 ταῖς
809 2351 1012 2422 ψυχαῖς
1062 2350 1406 2416 ἐντίκτουσα,
1457 2351 1629 2420 αὑτήν

110 2454 149 2490 τε
170 2441 274 2511 πρὸς
292 2445 446 2515 αὐτὴν
477 2444 581 2516 τὴν
619 2445 772 2499 πόλιν
808 2444 1037 2499 ἄπιστον
1084 2445 1181 2499 καὶ⁴
1234 2443 1426 2514 ἄφιλον
1461 2447 1624 2508 ποιεῖ,

108 2530 300 2602 uim;
338 2536 456 2599 τοὺς
491 2537 690 2601 ἄλλους
716 2536 1034 2610 ἀνθρώπους
1053 2538 1337 2602 ὡσαύτωςο
1373 2539 1628 2610 παραμύ-

108 2619 186 2676 Θιον
205 2624 249 2677 δὲ
273 2627 326 2698 δὴ
349 2628 478 2699 πρὸς
504 2629 687 2684 ταῦτα
714 2630 809 2684 καὶ
840 2629 903 2683 τὸ
933 2629 1224 2701 πάμφορος
1254 2627 1395 2683 εἶναι
1424 2630 1626 2702 κέκτη-

106 2719 410 2791 ται.,Τραχεῖα
442 2722 497 2775 δὲ
528 2719 691 2786 οὖσα,
725 2723 903 2794 δῆλον,
931 2723 1006 2787 ὡς
1035 2725 1136 2777 οὐκ
1163 2723 1228 2777 ἃν
1255 2723 1558 2794 πολύφορός
1578 2725 1626 2777 τ’

106 2807 163 2876 εἴη
183 2811 254 2862 καὶ
282 2813 554 2888 πάμφορος
587 2815 724 2886 ἅμα.
783 2815 954 2868 Τοῦτο
984 2812 1094 2887 γὰρ
1150 2815 1370 2886 ἔχουσα,
1424 2813 1626 2885 πολλὴν

105 2898 316 2975 ἐξαγωγὴν
341 2907 401 2958 ἂν
429 2888 805 2979 παρεξίομένη,
863 2907 1201 2979 νομίσματος
1254 2907 1496 2980 ἀργυροῦ
1530 2909 1625 2961 καὶ

103 2995 248 3060 χρυσοῦ
272 2997 416 3051 πάλιν
450 2998 853 3069 ἁντεπίμπλατ’
886 2999 972 3053 ἄν·
1011 2993 1071 3053 οὗ
1104 2999 1288 3070 μεῖζον
1322 2999 1509 3066 κακὸν,
1549 2998 1624 3063 ὠς

1739 504 2028 558 admodum
2061 519 2208 576 :quo
2238 504 2321 571 fit,
2354 515 2410 559 ut
2444 521 2510 560 eo
2540 506 2722 560 coloni
2757 507 3028 578 hodieque
3057 508 3342 565 deducan-

1739 605 1846 650 tur.
1877 594 2186 650 lncolarum
2215 597 2384 662 enim,
2409 612 2534 667 qua:
2571 599 2687 668 jam
2737 598 2868 652 olim
2911 601 3162 673 contigit,
3207 601 3277 657 iis
3307 617 3341 657 e

1738 687 1960 744 sedibus
2015 687 2272 758 migratio
2298 687 2353 741 in
2375 703 2542 744 causa
2571 688 2692 755 fuit,
2717 691 3074 760 quamobrem
3102 701 3215 749 tota
3247 695 3336 750 illa

1737 779 1890 850 regio
1933 778 2228 835 solitudine
2263 780 2456 848 perdiu
2497 779 2780 836 laborarit.
2811 813 2880 820 —
2908 783 3146 854 Campos
3179 800 3334 853 vero,

1738 881 1950 928 montes
1999 872 2273 942 silvasque
2324 870 2472 942 quod
2520 873 2732 939 attinet,
2792 875 2971 944 qualis
3001 892 3065 930 ea
3108 876 3333 932 tandem

1736 963 2122 1030 est?—Qualis
2152 964 2266 1018 fere
2297 976 2406 1018 tota
2442 964 2720 1020 Cretensis
2743 983 2838 1021 ora
2870 967 3144 1039 ~Nempe
3169 986 3330 1041 aspe-

1736 1057 1936 1113 riorem
1969 1059 2114 1112 illam
2142 1059 2347 1128 potius,
2367 1074 2531 1128 quam
2563 1061 2864 1128 planiorem
2897 1065 3149 1120 universe
3173 1065 3328 1121 dixe-

1736 1150 1912 1205 ris.—
1930 1147 2150 1220 Utique.
2181 1179 2244 1188 -
2279 1148 2482 1206 Salutis
2522 1167 2653 1222 ergo
2683 1168 2792 1206 non
2827 1163 2910 1206 est
2936 1154 3010 1208 ita
3041 1155 3325 1224 deposita,

1735 1249 1794 1294 ut
1822 1240 2042 1295 virtutis
2072 1240 2413 1295 curationem
2443 1255 2660 1296 omnem
2700 1257 2764 1296 ac
2792 1243 3196 1311 possessionem
3230 1261 3328 1300 ex-

1734 1335 1938 1390 cludat.
1968 1332 2104 1388 Nam
2158 1334 2203 1389 si
2256 1336 2532 1389 maritima
2568 1337 2734 1391 simul
2767 1353 2830 1390 ac
2858 1348 3121 1407 portuosa
3156 1351 3323 1405 esset,

1734 1441 1834 1480 nec
1863 1426 2028 1480 rebus
2057 1425 2363 1480 abundaret
2389 1427 2669 1493 omnibus,
2702 1428 2798 1482 sed
2834 1430 3082 1498 pluribus
3116 1431 3328 1502 indige-

1733 1526 1846 1582 ret;
1875 1532 2134 1587 magnum
2169 1515 2416 1587 proiecto
2446 1529 2804 1585 servatorem,
2834 1538 2898 1575 ac
2923 1522 3142 1578 divinos
3165 1525 3328 1594 plane

1732 1607 2072 1676 lcgislatores
2099 1608 2458 1675 desideraret,
2491 1628 2725 1680 quorum
2762 1614 3054 1680 industria,
3092 1633 3215 1686 qua:
3246 1620 3326 1673 si-

1733 1706 1848 1752 tum
1893 1699 2114 1756 haberet
2147 1701 2321 1768 illum,
2360 1704 2651 1758 immanem
2683 1707 2976 1775 quamdam
3021 1709 3325 1766 alienorum

1736 1809 2143 1866 pravorumque
2172 1797 2374 1850 rituum
2401 1799 2692 1854 colluviem
2719 1802 2996 1872 ellugeret.
3020 1803 3177 1861 Nunc
3192 1823 3326 1863 vero

1737 1885 1989 1940 nonnihil
2025 1887 2153 1942 huic
2182 1889 2428 1957 periculo
2461 1891 2709 1945 medetur
2740 1893 3086 1950 intervallum
3121 1913 3151 1951 a
3186 1901 3325 1955 mari

1733 1976 2038 2032 stadiorum
2079 1980 2380 2048 octoginta.
2412 1978 2652 2037 Tametsi
2697 1983 2866 2049 enim,
2913 2003 3013 2055 pro
3058 2004 3125 2044 eo
3173 1993 3324 2061 quod

1733 2085 1907 2139 usque
1936 2069 2074 2124 adeo
2106 2079 2426 2139 portuosam
2461 2073 2608 2127 illam
2638 2090 2762 2130 esse
2788 2077 2893 2143 ais,
2928 2080 3210 2150 aliquanto
3251 2085 3326 2141 sit

1730 2178 1894 2232 quam
1923 2177 2021 2232 par
2045 2172 2211 2230 esset,
2241 2164 2380 2218 mari
2413 2165 2794 2236 pr0pinquior,
2823 2175 3110 2229 commoda
3141 2185 3323 2232 tamen

1731 2261 1814 2308 est
1839 2253 1923 2307 vel
1953 2267 2018 2306 ea
2047 2253 2325 2308 distantia:
2371 2255 2535 2310 ratio.
2586 2255 2734 2313 Mare
2786 2260 2930 2314 enim
2971 2263 3059 2317 cui
3111 2266 3321 2335 regioni

1730 2342 2039 2411 proximum
2073 2355 2178 2411 est,
2211 2345 2341 2400 huic
2373 2349 2559 2403 suavis
2589 2351 2810 2420 quidem
2843 2353 3010 2408 sedin
3038 2355 3204 2424 diem,
3237 2375 3324 2415 re-

1731 2431 1845 2500 ipsa
1891 2447 2019 2488 vero
2039 2435 2186 2490 salsa
2208 2436 2453 2506 profecto
2485 2441 2648 2495 nimis
2677 2451 2728 2496 et
2755 2445 2952 2500 acerba
2983 2447 3180 2504 vicinia
3212 2458 3316 2506 est.

1726 2525 1893 2596 618
1923 2523 2062 2580 Dum
2099 2527 2244 2581 enim
2274 2528 2366 2582 illa
2397 2545 2517 2584 sese
2545 2535 2907 2602 cauponando
2939 2540 3216 2596 mercibus
3254 2559 3322 2598 ac

1727 2616 1976 2685 prcuniis
2010 2618 2219 2687 implet,
2255 2619 2530 2689 simulque
2563 2625 2922 2680 vetcratorios
2965 2628 3321 2709 inﬁdelesquc

1734 2727 1917 2766 mores
1951 2713 2235 2767 hominum
2263 2715 2546 2770 mentibus
2595 2716 2809 2784 inserit,
2841 2719 3005 2776 elIicit
3032 2726 3318 2793 continuo,

1732 2803 1812 2857 uti
1859 2819 2035 2874 neque
2083 2819 2272 2860 secum
2323 2806 2462 2876 ipsa,
2497 2822 2674 2878 neque
2708 2825 2830 2864 cum
2887 2812 3011 2867 aliis
3061 2815 3320 2871 similiter

1727 2896 1947 2965 populis
1975 2895 2087 2951 ullo
2117 2897 2352 2968 amplius
2373 2899 2499 2953 ﬁdei
2529 2914 2593 2954 ac
2623 2901 2906 2956 societatis
2937 2904 3156 2960 vinculo
3184 2921 3319 2962 con-

1722 2989 1913 3061 juncta
1942 2998 2207 3046 teneatur.
2228 2990 2326 3044 Cui
2351 2991 2514 3045 etiam
2549 2993 2694 3046 malo
2723 2994 3047 3050 medicinam
3075 2997 3318 3068 aliquam

103 3082 377 3153 ἔπιιςείπείν,
406 3091 560 3144 πόλει
593 3090 710 3145 ἀνθ’
743 3091 860 3154 ἑνὸς
886 3091 944 3144 ἒν
983 3091 1135 3144 οὐδὲν
1169 3092 1235 3146 ἂν
1275 3093 1507 3160 γένοιτο,
1541 3093 1623 3155 είς

1731 3083 1880 3149 facit,
1909 3097 2010 3138 sua
2039 3082 2131 3136 illa
2175 3097 2357 3136 rerum
2404 3084 2650 3138 omnium
2686 3083 3014 3144 fecunditas.
3044 3089 3181 3144 Nam
3212 3108 3316 3163 pro

103 3176 300 3237 γενναίων
345 3181 434 3233 καὶ
480 3181 710 3235 δικαίων
773 3180 922 3250 ἠθῶν
963 3181 1178 3252 κτῆσιν.
1216 3201 1234 3232 ›
1303 3181 1465 3235 Ἀλλὰ
1512 3181 1622 3252 γὰρ

103 3266 302 3322 τοσούτων
326 3271 448 3342 ἡμῖν
481 3274 578 3326 καὶ
610 3273 768 3344 μέχρι
789 3271 941 3325 τοῦδε
975 3272 1464 3343 ἀποδεδειγμένων,
1493 3289 1621 3325 σκε-

100 3353 271 3426 ψώμεθα
298 3363 434 3429 ὅπως
460 3365 553 3418 τὸν
603 3366 701 3436 τῆς
757 3366 887 3438 παρ’
922 3363 1194 3436 Ἑϐραίοις
1223 3364 1470 3428 παιδείας
1497 3365 1624 3436 τρό-

101 3463 186 3516 πον,
204 3451 258 3505 δι’
279 3447 343 3510 ὧν
363 3459 667 3530 εἰρήκαμεν
719 3457 1145 3528 ἀποδεξάμενος,
1176 3458 1270 3512 τὸν
1309 3457 1620 3530 Ἑλληνικὸν

101 3550 407 3614 παραιτεῖται,
440 3552 675 3622 γράφων
727 3551 787 3604 ὲν
834 3549 914 3620 τῷ
941 3549 1154 3622 δεκάτῳ
1185 3551 1284 3622 τῆς
1303 3551 1621 3615 Πολιτείας

98 3623 186 3691 ὧδε.

1727 3190 1794 3229 eo
1830 3182 1996 3243 atque
2043 3172 2292 3242 asperior
2323 3180 2429 3236 est,
2461 3173 2624 3227 simul
2651 3173 2871 3242 quidem
2917 3184 2973 3230 et
3026 3177 3165 3232 nihil
3206 3195 3315 3236 non

1726 3265 1890 3330 ferre,
1943 3273 1999 3320 et
2050 3264 2266 3319 abunde
2314 3265 2496 3318 omnia
2551 3264 2694 3319 ferre
2741 3280 2849 3319 non
2909 3277 3108 3337 potest.
3155 3269 3316 3338 Quod

1727 3365 2024 3425 utrumque
2056 3355 2104 3409 si
2137 3355 2381 3421 haberet,
2416 3365 2476 3409 ut
2507 3371 2692 3410 rerum
2727 3358 2852 3412 inde
2890 3360 3187 3417 multarum
3218 3379 3317 3420 ex-

1726 3452 1964 3521 portatio
1995 3451 2171 3517 ﬁeret,
2213 3450 2289 3505 ita
2323 3465 2521 3522 magna
2559 3451 2802 3508 vicissim
2838 3456 3050 3525 argenti
3089 3457 3317 3528 aurique

1728 3543 1883 3612 copia
1937 3543 2241 3611 repleretur
2280 3560 2294 3595 :
2327 3557 2439 3612 quo
2486 3542 2706 3612 quidem
2747 3546 2916 3613 malo,
2945 3547 2993 3603 si
3041 3551 3313 3608 malorum

1727 3635 2072 3706 singulorum
2127 3634 2462 3690 instituenda
2513 3638 2794 3694 contentio
2837 3649 2942 3708 est,
2982 3643 3217 3711 nullum,
3256 3656 3317 3700 ut

100 3729 218 3783 sei-el
269 3733 450 3801 dicam,
525 3735 654 3791 urbi
721 3737 964 3806 gravius,
1024 3735 1282 3808 quodque
1327 3734 1503 3805 magis
1559 3732 1820 3787 honestos
1895 3728 2272 3798 ingenuosque
2323 3742 2506 3782 mores
2561 3729 2840 3816 impediat.
2889 3747 3012 3789 esse
3052 3738 3246 3806 possit.
3291 3756 3312 3789 ι

100 3815 308 3879 Hactenus
353 3825 522 3883 Plato.
592 3826 705 3884 Nos
753 3843 905 3894 vero.
947 3828 1209 3899 quoniam
1261 3827 1440 3881 adhuc
1499 3838 1663 3896 quam
1699 3814 1974 3875 'Hebrazis
2025 3819 2207 3875 aﬂinia
2260 3819 2533 3887 statuerit,
2569 3814 2703 3878 satis
2756 3839 3029 3896 superque
3074 3830 3316 3885 ostendi—

99 3924 207 3977 mus;
247 3919 510 3976 videamus
540 3922 825 3992 deinceps,
861 3924 955 3994 qui
991 3922 1272 3978 Hebraica:
1303 3921 1607 3991 disciplinae
1645 3918 1912 3973 rationem
1960 3925 2245 3985 tantopere
2283 3917 2618 3986 probaverit,
2665 3919 2912 3975 Graecam
2954 3923 3100 3978 idem
3127 3940 3315 3996 quem-

98 4003 322 4065 admodum
353 4017 624 4086 repudiet.
658 4015 713 4070 ld
739 4018 883 4087 quod
914 4033 981 4072 ex
1001 4017 1087 4072 his
1113 4017 1312 4072 decimi
1337 4016 1414 4070 De
1445 4015 1626 4083 repub.
1669 4012 1851 4068 verbis
1890 4011 2164 4082 intelliges

518 4108 822 4161 ΚΕΦΛΛΑῙ
830 4109 920 4162 UN
952 4109 1065 4162 ΜΘ¹
1073 4149 1088 4164 .

99 4182 240 4268 ’Ὀζείας
275 4196 306 4247 ὁ
357 4197 612 4251 Πλάτων
652 4200 726 4252 τὰ
783 4199 894 4267 τῆς
953 4197 1318 4268 Ἑλληνικῆς
1359 4212 1612 4266 προπαι-

383 4269 461 4334 ὠς
545 4256 1316 4340 ἐπιϐλαϐἥὶυγχάνῶτά,
1395 4256 1610 4338 Empul-

193 4350 303 4386 ιαι.

150 4439 161 4469 ι
199 4423 268 4488 Ὡς
291 4429 382 4498 μὲν
412 4432 548 4503 πρὸς
581 4433 723 4504 ὑμᾶς
759 4433 867 4504 (95)
920 4432 1158 4505 εἰρήσθω
1214 4432 1348 4504 (96),
1377 4433 1458 4504 (Οὐ
1503 4431 1614 4504 γάρ

2248 4104 2254 4111 ’
2279 4101 2511 4158 CAPUT
2549 4103 2736 4158 XLIX.

1722 4194 2177 4261 Quemadmodum
2213 4193 2376 4249 Plato
2419 4197 2649 4270 primum
2680 4197 2854 4270 illam,
2887 4217 3006 4270 quc
3035 4219 3070 4256 α
3107 4201 3308 4268 (irasci:

1790 4269 2189 4343 usttrquatur,
2237 4283 2521 4343 puerorum
2571 4269 2995 4338 institutionem,
3056 4282 3308 4343 tanquam

1793 4338 2140 4405 perniciosam
2174 4337 2401 4405 rejiciat.

1798 4447 1816 4478 ι
1854 4428 2009 4494 Quod
2051 4428 2192 4498 apud
2227 4444 2346 4495 vos,
2390 4429 2567 4500 inquit
2599 4430 2785 4496 Plato,
2823 4433 3028 4489 dictum
3052 4434 3122 4489 sit
3183 4435 3308 4504 (nec

97 4526 167 4576 μου
192 4525 441 4592 κατερεῖτε
501 4525 641 4596 πρὸς
674 4528 799 4590 τοὺς
842 4527 940 4596 τῆς
990 4525 1296 4597 τραγῳδίας
1362 4525 1609 4595 ποιητὰς,

1731 4521 1860 4574 anim
1901 4537 1985 4575 me
2016 4537 2196 4576 coram
2223 4521 2444 4593 tragicis
2478 4532 2572 4578 aut
2603 4524 2727 4580 aliis
2754 4525 3086 4595 quibuslibet
3101 4500 3303 4596 poetis,

94 4607 287 4676 καὶτοὺς
325 4613 510 4681 ἄλλους
569 4619 776 4681 πάντας
836 4620 964 4682 τοὺς
1021 4617 1396 4690 μιμητικούς)⁶
1462 4617 1610 4689 λώϐη

95 4694 222 4750 ἔοικεν
242 4699 362 4757 εἶναι
386 4705 563 4760 πάντα
590 4708 654 4761 τὰ
680 4706 902 4762 τοιαῦτα
920 4707 1018 4778 τῆς
1052 4707 1159 4760 τῶν
1182 4708 1487 4760 ἀκουόντων
1501 4707 1610 4778 (97)

92 4784 292 4859 διανοίας,
319 4797 426 4851 ὅσοι
459 4799 532 4870 μὴ
569 4799 752 4869 ἔχουσι
778 4799 1068 4870 φάρμακον
1115 4799 1176 4851 τὸ
1205 4797 1400 4850 ειδέναι
1450 4797 1610 4860 αὐτὰ,

93 4871 157 4929 οἷα
177 4887 398 4954 τυγχάνει
422 4889 741 4959 ὄντι-Βῆ
757 4890 833 4955 δὲ,
855 4891 980 4961 ἔφη,
1003 4890 1384 4960 διανοούμενος
1399 4891 1576 4958 λέγεις
1592 4907 1607 4954 ;

93 4973 350 5045 -Ῥητὲον,
374 4977 440 5054 ἦν
463 4983 508 5035 δ’
536 4982 669 5051 ἐγὼ,
690 4983 868 5036 καίτοι
893 4982 1045 5051 φιλία
1064 4983 1128 5051 γέ
1151 4983 1234 5046 τίς
1254 5000 1320 5053 με
1336 4985 1431 5036 καὶ
1447 4982 1610 5046 αἰδὼς

94 5060 138 5112 ἐκ
160 5067 315 5132 παιδὸς
332 5071 525 5141 ἔχουσα
576 5074 703 5146 περὶ
747 5075 985 5146 Ὁμήρου
1037 5073 1347 5127 ἀποκωλύει
1405 5073 1606 5144 λέγειν.

95 5152 235 5211 Ἐοικε
259 5162 354 5234 γὰρ
379 5165 488 5220 τῶν
526 5164 706 5218 καλῶν
757 5166 1010 5219 ἁπάντων
1044 5164 1248 5218 τούτων
1272 5164 1380 5218 τῶν
1416 5181 1610 5236 τραγι-

91 5245 174 5299 κῶν
220 5254 412 5323 πρῶτος
475 5257 795 5322 διδάσκαλός
848 5274 908 5310 τε
941 5257 1033 5310 καὶ
1057 5257 1278 5328 ἡγεμὼν
1331 5257 1606 5327 γενέσθαιο

101 5334 204 5391 Ἀλλ’
229 5345 280 5396 οὐ
308 5348 408 5419 γὰρ
442 5351 550 5422 πρό
598 5367 661 5419 γε
716 5350 814 5419 τῆς
845 5350 1101 5421 ἀληθείας
1146 5349 1400 5421 τιμητέος
1446 5350 1605 5421 ἀνήρ.

101 5425 247 5487 Ἀλϊδ
269 5437 400 5508 λέγω
427 5442 866 5513 ῥητέον.-Πάνυ
898 5442 996 5513 μὲν
1022 5438 1136 5508 οὖν,
1168 5441 1288 5514 ἔφη.
1305 5460 1323 5494 t
1346 5437 1459 5494 Εἴθ’
1483 5440 1609 5511 ἑξῆς

264 5639 349 5706 Ὧς
366 5643 480 5710 μὲν
506 5642 652 5712 πρὸς
680 5642 858 5714 ὑμᾶς.
888 5644 1063 5713 Plato,
1085 5645 1182 5702 lib.
1209 5661 1241 5700 ι
1271 5645 1348 5701 De
1378 5645 1604 5710 reoubl.,

143 5769 232 5844 l9“)
267 5781 543 5851 Εὶρήσθω.
570 5784 1040 5868 ,Ριιιιο,ηείρῆσθαι.

1715 4614 1808 4684 qui
1839 4616 1890 4667 in
1923 4613 2228 4668 imitatione
2257 4623 2566 4678 versantur,
2601 4617 2952 4689 accusabitis)
2981 4637 2993 4673 :
3029 4621 3304 4688 ejusmodi

1715 4720 1835 4766 res,
1872 4704 2040 4774 pestis
2068 4703 2318 4773 quaedam
2344 4706 2545 4760 mentis
2573 4707 2882 4760 auditorum
2917 4708 3130 4763 videtur
3156 4719 3303 4776 esse,

1715 4795 1915 4864 quibus
1947 4795 1999 4848 in
2032 4805 2283 4865 promptu
2320 4796 2620 4850 remedium
2650 4797 2781 4852 illud
2815 4814 2921 4852 non
2960 4800 3052 4864 sit,
3081 4811 3142 4875 ut
3163 4817 3302 4872 qua-

1713 4886 1792 4942 les
1813 4901 1889 4941 θαι
1911 4902 2036 4940 vere
2061 4887 2189 4949 sint,
2225 4888 2973 4960 intelligant.—Quotandem
3001 4894 3184 4949 animo
3218 4895 3302 4951 sic

1715 4979 1956 5048 loqueris
1972 4979 2387 5047 ?—Dicendum,
2409 4983 2652 5050 inquam,
2669 4985 2884 5039 tametsi
2902 5000 3057 5039 amor
3072 4987 3299 5056 quidam

1713 5071 2167 5141 observantiaque
2203 5087 2356 5137 mea,
2410 5089 2574 5143 quam
2623 5075 2885 5130 adversus
2931 5077 3231 5132 Homerum
3264 5097 3296 5135 a

1711 5174 1883 5229 puero
1920 5159 2098 5228 hausi,
2132 5162 2426 5231 quominus
2458 5163 2512 5216 id
2561 5163 2763 5228 dicam,
2798 5164 3084 5235 impediat.
3135 5167 3296 5223 Vide-

1712 5258 1803 5303 tur
1830 5249 1974 5304 enim
2016 5251 2229 5321 primus
2273 5252 2360 5308 ille
2391 5253 2622 5308 istorum
2665 5256 2911 5310 omnium
2945 5259 3293 5328 egregiorum

1713 5342 2046 5412 tragicorum
2080 5343 2339 5415 magister
2368 5354 2423 5401 et
2443 5346 2553 5400 dux
2578 5345 2768 5402 fuisse.
2810 5348 2881 5401 At
2904 5349 3166 5403 nimirum
3193 5351 3294 5418 ho-

1710 5431 1915 5487 minem
1945 5433 2173 5489 veritate
2197 5436 2463 5504 potiorem
2499 5436 2699 5492 habere
2725 5453 2832 5492 non
2864 5439 3160 5508 debemus;
3197 5441 3298 5497 sed

1781 5645 1893 5727 (9.7)
1924 5647 2036 5716 Τῆς
2051 5649 2168 5727 τῷν
2182 5650 2687 5727 ἀκουόντωιτ-Ηαιο
2707 5669 2880 5722 usque
2902 5654 2968 5709 ad
2999 5655 3138 5710 αὐτά
3159 5672 3292 5727 sup-

1708 5715 2062 5790 plevimnsex
2085 5720 2326 5781 Platone,
2352 5737 2472 5790 quae
2503 5715 2855 5778 librariorum
2883 5727 3058 5784 oculis
3091 5715 3291 5784 vocu'tn

1707 5787 1930 5841 τοιαῦτα
1961 5798 2014 5846 et
2042 5790 2179 5846 αὑτά
2208 5787 2507 5849 similitudo
2541 5794 2896 5850 subduxerat.
