3994 6384
641 350 775 405 Ιοὲτ

637 463 812 532 potius
840 463 1120 516 dicendum
1150 460 1203 512 in
1231 459 1512 528 praesentia
1542 459 1683 527 quod
1719 455 2189 528 agimus—Sane,
2220 461 2265 517 Α

636 558 828 622 .nquit.
857 572 876 603 ο
899 551 1032 605 Tum
1063 549 1383 620 quibusdam
1420 548 1710 617 interjectis
1734 567 1778 602 ε(
1803 549 1878 603 Ac
1906 548 1971 602 de
1995 547 2200 601 caeteris

635 645 850 714 quidem
881 645 1061 704 rebus,
1095 643 1286 710 inquit,
1319 639 1521 692 nullam
1551 640 1632 692 vel
1657 641 1723 693 ab
1756 639 2100 703 Homero,vel
2133 640 2200 692 ab

636 737 741 789 alio
789 735 980 804 quovis
1030 743 1182 802 poeta
1231 735 1494 786 rationem
1547 732 1829 798 exigamus
1890 747 1906 784 :
1959 731 2199 798 adeoque

635 827 912 880 mittamus
957 839 1214 893 quzerere,
1271 833 1450 876 utrum
1501 837 1565 875 ex
1615 822 1680 875 iis
1731 821 1972 873 medicus
2004 820 2198 887 aliquis

635 917 816 978 fuerit,
854 932 959 968 non
989 916 1208 968 medica:
1248 924 1454 968 tantum
1490 912 1753 965 orationis
1781 912 2040 964 imitator.
2097 909 2200 963 Ec-

633 1022 770 1075 quos
810 1007 952 1059 enim
1000 1007 1140 1058 ullus
1179 1019 1415 1072 unquam
1446 1011 1624 1070 poeta,
1672 1017 1764 1054 seu
1795 999 2073 1064 vetustior,
2101 1014 2193 1052 seu

634 1096 920 1158 recentior,
967 1097 1042 1148 uti
1091 1093 1436 1161 [Esculapius
1471 1094 1616 1157 fecit,
1672 1091 1861 1144 morbo
1909 1089 2195 1143 liberavit?

631 1187 779 1252 Quos
809 1188 1046 1247 tandem,
1075 1195 1131 1238 ut
1159 1185 1322 1256 619
1350 1197 1592 1252 posteros
1624 1183 1711 1236 ille
1741 1197 1892 1244 suos,
1915 1181 2195 1235 medicina:

630 1279 924 1345 discipulos
951 1277 1202 1344 reliquit?
1237 1277 1496 1328 Similiter
1518 1276 1584 1328 de
1611 1275 1819 1326 artibus
1843 1273 2050 1327 casteris
2076 1273 2194 1325 nul-

629 1368 739 1419 lum
790 1384 819 1420 a
865 1368 1019 1421 nobis
1052 1368 1272 1420 verbum
1329 1369 1438 1418 liat.
1492 1365 1559 1416 At
1605 1380 1730 1417 vero
1759 1364 1993 1416 maxima
2025 1364 2110 1416 illa
2141 1373 2192 1416 et

628 1459 1074 1526 przestantissima
1117 1459 1258 1526 quod
1303 1459 1512 1519 attinet,
1544 1472 1776 1525 quorum
1813 1455 2189 1508 tractationem

627 1551 892 1605 Homerus
925 1552 1158 1619 attingit,
1181 1549 1336 1612 bella,
1365 1549 1606 1618 inquam,
1629 1549 1960 1616 imperiaque
1989 1548 2190 1598 milita-

628 1644 730 1702 ria,
751 1643 1268 1710 rermnpublirarum
1299 1641 1815 1700 administrationes,
1846 1650 1897 1692 et
1929 1649 2187 1706 praecepta

629 1735 938 1788 hominibus
973 1732 1332 1786 informandis
1365 1741 1517 1801 apta;
1554 1748 1735 1785 verum
1767 1747 1897 1785 sane
1927 1730 2087 1783 fuerit
2116 1731 2186 1782 ita

626 1825 737 1879 fere
783 1826 1052 1877 hominem
1089 1823 1454 1892 compellare:
1500 1823 1590 1875 Dic
1609 1824 1786 1886 sodes,
1824 1821 1896 1875 mi
1937 1819 2185 1883 Homere,

625 1916 668 1969 si
703 1917 892 1969 tertius
923 1915 1119 1982 aliquis
1147 1931 1174 1966 a
1203 1916 1426 1968 veritate
1470 1930 1577 1967 non
1625 1930 1704 1979 es,
1749 1915 1838 1983 qui
1873 1913 2086 1966 virtutis
2112 1913 2186 1966 si-

623 2008 923 2061 mulacrum
957 2007 1123 2074 lingas
1148 2006 1329 2076 (quem
1363 2017 1518 2057 antea
1558 2007 1878 2057 imitatorem
1909 2019 2029 2057 esse
2057 2003 2189 2057 dixi-

623 2102 789 2165 mus),
835 2097 926 2150 sed
974 2096 1152 2164 potius
1184 2095 1251 2148 ab
1277 2095 1464 2148 eadem
1519 2095 1808 2155 secundus,
1856 2102 2014 2160 atque
2043 2093 2187 2161 ejus-

622 2189 790 2251 modi,
825 2187 916 2257 qui
961 2187 1162 2256 optime
1193 2186 1431 2250 noveris,
1478 2186 1674 2254 quibus
1707 2184 1899 2238 studiis
1941 2184 2184 2237 homines

621 2288 716 2332 aut
740 2279 989 2331 meliores
1013 2316 1026 2339 ,
1065 2289 1156 2330 aut
1183 2277 1480 2330 deteriores
1511 2285 1617 2328 tam
1653 2275 1862 2344 publice
1888 2290 2048 2343 quam
2079 2274 2184 2342 pri-

621 2369 785 2422 vatim
823 2368 952 2421 ﬁant
997 2387 1010 2420 :
1061 2368 1147 2421 dic
1173 2367 1362 2428 nobis,
1394 2366 1646 2434 inquam,
1679 2381 1805 2417 nom
1840 2380 1960 2433 quae
1993 2379 2178 2432 respu-

623 2459 760 2512 bliea
795 2458 986 2511 melius
1018 2472 1110 2525 per
1141 2467 1190 2510 te
1217 2457 1462 2509 instituta
1497 2455 1656 2509 fuerit
1677 2495 1690 2519 ,
1723 2458 1799 2509 uti
1831 2455 2181 2509 Lacedmmon

620 2564 716 2617 per
747 2548 1073 2617 Lycurgum,
1123 2562 1186 2600 ac
1218 2561 1311 2614 per
1339 2546 1475 2599 alios
1516 2546 1821 2614 plerosque,
1874 2547 2180 2613 complures

621 2637 747 2690 item
776 2637 894 2688 alia:
920 2647 1026 2688 tam
1075 2635 1327 2704 majores,
1364 2649 1523 2702 quam
1576 2634 1848 2688 minores?
1915 2633 1990 2686 Te
2033 2649 2177 2696 vero,

619 2739 740 2794 quae
783 2725 998 2778 tandem
1043 2725 1232 2779 civitas
1280 2723 1483 2776 bonum
1532 2723 1891 2792 legislatorem
1929 2724 2176 2791 appellat,

619 2826 714 2872 aut
742 2817 932 2870 merita
965 2832 1090 2886 erga
1118 2833 1175 2871 se
1205 2828 1292 2870 tua
1324 2816 1749 2871 commemorat?
1782 2815 1914 2868 Nam
1944 2814 2187 2869 Charon-

618 2906 740 2958 dam
776 2904 924 2958 ltalia
957 2906 1120 2958 simul
1154 2915 1314 2974 atque
1346 2905 1552 2969 Sicilia,
1606 2921 1705 2959 nos
1737 2904 1987 2959 Solonem
2013 2919 2180 2973 agno-

618 2994 840 3049 scimus.
858 2994 932 3048 Te
960 3003 1340 3064 autemecqua:
1363 2993 1934 3058 celebrabit?—Nulla,
1966 2995 2175 3062 opinor,

619 3085 794 3154 inquit
821 3085 1193 3141 Glauco—Ac
1237 3101 1302 3139 ne
1338 3086 1406 3138 ab
1441 3085 1572 3153 ipsis
1620 3086 1834 3154 quidem
1881 3083 2178 3141 Homericis
2205 3105 2246 3161 ο

617 3176 883 3246 ejusmodi
923 3177 1216 3244 quidquam
1247 3176 1455 3228 audias.
1487 3173 1626 3228 Num
1657 3177 1800 3244 quod
1828 3190 1954 3234 vero
1975 3177 2172 3231 bellum

619 3266 836 3321 Homeri
867 3267 1199 3334 temporibus
1227 3265 1542 3326 excitatum,
1577 3280 1641 3318 eo
1665 3267 1742 3319 vel
1768 3267 1924 3332 duce,
1967 3269 2051 3320 vel
2083 3283 2175 3322 au-

616 3365 762 3409 ctore
795 3355 1019 3408 feliciter
1053 3364 1259 3422 gestum
1309 3363 1639 3406 memoratur
1657 3355 1750 3405 ?-—
1767 3353 2170 3411 Nullum—An

617 3447 805 3502 saltem
833 3447 1063 3515 plurima
1090 3447 1334 3514 quaedam
1361 3446 1500 3513 ejus,
1535 3455 1789 3513 tanquam
1817 3447 2051 3501 hominis
2080 3464 2174 3516 ap-

617 3538 787 3605 trlmc
811 3552 991 3590 rerum
1013 3537 1206 3604 periti,
1245 3538 1326 3590 vcl
1358 3537 1411 3589 in
1438 3537 1642 3590 artibus
1662 3577 1676 3600 ,
1705 3537 1785 3590 vel
1813 3538 1865 3590 in
1894 3539 2014 3593 aliis
2048 3541 2172 3608 qui-

617 3628 847 3681 buslibet
891 3629 1011 3682 vita:
1063 3627 1285 3691 ollieiis,
1324 3627 1601 3682 industriae
1645 3629 1984 3698 solertimque
2017 3631 2171 3700 plena

619 3719 832 3772 ivventa
865 3719 1236 3772 celebrantur?
1281 3717 1586 3786 cujusmodi
1626 3732 1757 3772 sane
1807 3718 1888 3772 vel
1935 3717 2170 3774 Thaletis

617 3808 830 3873 Milesii,
863 3809 947 3862 vel
985 3809 1314 3863 Anacharsis
1356 3809 1500 3862 illius
1541 3808 1754 3879 Scytha:
1802 3809 1970 3863 multa
2003 3809 2193 3865 fuisse'

615 3899 996 3955 tlidieimus.—
1009 3899 1178 3954 AiIine
1204 3914 1426 3968 prorsus
1460 3901 1688 3954 nihil.—-—
1703 3900 1771 3955 At
1799 3901 1843 3956 si
1871 3901 2049 3958 minus
2073 3919 2170 3972 pu-

616 3991 772 4057 blice,
807 3993 1056 4060 privatim
1089 3991 1305 4060 quidem
1351 3991 1549 4060 ipsum,
1605 3993 1731 4045 dum
1768 3995 1990 4058 viveret,
2039 4011 2169 4049 num

614 4081 707 4150 qui
738 4081 1031 4149 disciplinae
1051 4095 1162 4133 sua:
1186 4081 1376 4135 ducem
1402 4081 1663 4146 habuere,
1700 4084 1793 4151 qui
1822 4092 1874 4137 et
1901 4085 2018 4153 ejus
2040 4101 2168 4140 con-

614 4172 955 4225 suetudinem
982 4171 1306 4239 adamarint,
1329 4182 1381 4226 et
1406 4174 1634 4240 posteris
1657 4174 1757 4242 ipsi
1787 4177 1898 4231 suis
1927 4176 2168 4233 Homeri-

613 4277 736 4316 cum
767 4262 986 4332 aliquod
1016 4263 1137 4316 vita:
1162 4277 1331 4332 genus
1366 4264 1700 4333 formamque
1729 4269 2168 4324 transmiserint?

683 4419 794 4490 (98)
841 4416 1094 4490 Τῶν-μὲν
1126 4417 1350 4490 τοίτςυν.
1391 4413 1716 4490 Βιδιαμε.
1913 4415 1972 4468 F.

684 4483 795 4557 (99)
831 4483 1188 4557 Κρεώφιλος.
1234 4485 1308 4538 Ita
1342 4485 1504 4538 etiam
1533 4483 1704 4557 Plato.
1735 4485 1802 4537 At
1833 4484 2164 4557 Eustathius,

616 4552 804 4622 ιιίιιιιξ,
831 4552 890 4619 Β,
925 4552 1042 4625 pag.
1072 4555 1174 4625 550
1199 4561 1461 4625 extrema,
1494 4563 1547 4625 et
1571 4553 1786 4625 suidas,
1813 4552 2168 4625 Κρεώφμλον

614 4627 892 4687 scribunt,
921 4623 1014 4693 per
1043 4643 1111 4694 υ,
1133 4624 1323 4694 Suidtg
1338 4624 1567 4694 Astyclis
1595 4624 1760 4694 (ilius,
1799 4625 1971 4694 patria
1997 4623 2166 4694 Chius

613 4706 706 4748 aut
751 4691 967 4748 Samius
1011 4693 1208 4746 dicitur
1239 4711 1250 4746 :
1286 4691 1570 4746 Eustathio
1620 4691 1833 4746 Samius
1880 4693 2168 4762 διωρισμέ-

613 4781 736 4825 νως.
795 4762 842 4816 ls
874 4762 1167 4816 Homerum
1221 4763 1454 4829 hospitio
1483 4777 1603 4815 cum
1634 4762 1962 4828 excepisset,
1984 4761 1990 4762 ⁷
2011 4761 2166 4813 ἔλαϐε

613 4830 1062 4910 δῦζρονοὲς-αὺτοῦ
1094 4830 1190 4910 τῂν
1214 4830 1643 4910 ἐπιγραφὴν.τοιῖ
1674 4832 1993 4910 ποιήματος,
2065 4847 2166 4910 κα,-

614 4899 1088 4970 λοῦσιννΟἱχαλίας
1131 4899 1358 4970 ἄλωσινδ
1391 4899 1982 4970 τουτέστιν,λεσχενεὶς
2023 4899 2168 4970 ἀντί-

611 4969 754 5050 δοσιν
775 4967 1128 5050 ἐξῄύμῄρουν,
1151 4969 1212 5020 τὸ
1247 4967 1320 5050 μὴ
1347 4969 1639 5050 ἐπιγραψαι
1661 4967 1722 5020 τὸ
1749 4967 1947 5050 ptem);
1970 4969 2164 5050 ἐαυτῷ,

614 5039 748 5092 ἀλλὰ
791 5039 867 5109 τῷ
901 5038 1037 5108 φίλῳ
1070 5038 1399 5108 Κρεωφύλῳ.
1447 5039 1549 5090 Alii
1599 5041 1862 5106 poematis
1893 5043 2163 5109 auctorem

616 5105 974 5178 Creophylu‘m
1006 5105 1178 5173 ipsum
1215 5105 1532 5178 agnoscunt,
1557 5109 1698 5178 quod
1732 5117 1908 5161 tamen
1935 5105 2165 5178 Homero

618 5175 845 5245 propter
875 5177 1090 5244 hospitii
1124 5175 1586 5246 necessitudinem
1615 5177 1991 5246 inscripserit,
2016 5175 2166 5230 Unde

614 5247 978 5300 Callimachus
1013 5247 1152 5299 hanc
1185 5245 1269 5299 isti
1300 5247 1531 5314 poemati
1560 5260 1742 5299 vocem
1779 5245 2041 5309 attribuit,

2199 4451 2242 4504 D

620 5359 730 5413 Τοῦ
769 5360 987 5426 Σαμίου
1025 5361 1206 5424 πόνος
1230 5360 1363 5427 είμὶ.
1392 5357 1546 5426 δόμῳ
1579 5357 1720 5410 ποτὲ
1739 5359 1895 5412 θεῖον
1917 5359 2166 5427 Ὅμηρον

615 5427 945 5496 Δεξαμένου
967 5445 979 5456 ·
1022 5429 1313 5496 ὐμήρείον
1335 5427 1401 5480 δὲ
1430 5427 1714 5496 καλεῐψαι

618 5497 894 5564 Γράμμιι“
926 5500 1276 5566 Κρεωφύλῳ,
1313 5497 1423 5550 Ζεῦ
1451 5499 1606 5564 φίλε,
1641 5498 1813 5551 τοῦτο
1839 5497 2009 5567 μέγα.

617 5587 816 5659 Trunci
846 5604 1053 5659 versus.
1081 5588 1213 5642 Nam
1243 5589 1766 5659 secundus_,ropinor,
1798 5591 2160 5659 πεντάμετρος

617 5673 735 5730 esse
776 5658 1212 5730 debuit,__tertius
1245 5660 1436 5711 iterum
1468 5656 1781 5730 ἑξάμετρος,
1813 5656 2038 5730 quartus
2062 5656 2162 5730 Δἐςει

614 5728 843 5794 integer.
887 5726 1028 5780 Nihil
1075 5737 1250 5781 tamen
1298 5743 1362 5780 ex
1415 5726 1577 5781 sensu
1623 5726 1939 5782 detractum.
1997 5727 2158 5780 Addit

1331 349 1416 404 EU
1429 346 1594 401 SEBlI
1636 344 2105 400 CA‘LSARIENSIS
2139 344 2286 400 OPP.

2311 344 2488 398 PARS
2524 342 2586 396 ll.
2601 374 2670 383 —
2691 342 3185 402 APOLOGETlCA.
3707 358 3818 414 {09.3

2293 455 2551 522 ἐπιλέγει*
2574 473 2591 506 ι
2626 456 2744 508 Τῶν
2781 457 2880 526 μὲν
2903 457 3080 511 τοίνυν
3115 457 3221 526 (98)
3251 456 3425 512 ἄλλων
3464 458 3581 529 πέρι
3607 462 3673 534 μὴ
3689 466 3818 521 Trita:-

2301 546 2479 615 τῶμεν
2526 546 2677 613 λόγον
2718 548 2961 618 ’Όμηρον
2981 589 2995 611 ,
3050 549 3180 618 μηδὲ
3222 547 3380 604 ἄλλον
3445 553 3697 607 ὁντιναοῦν
3735 559 3819 612 τῶν

2301 635 2559 703 ποιητῶν,
2590 635 2916 705 ἐρωτῶντες,
2949 637 2997 687 εί
3031 636 3206 706 ἰατρός
3254 654 3342 699 τις
3369 631 3436 706 ἦν
3486 637 3670 704 αὐτῶν,
3714 643 3820 700 ἀλλὰ

2303 723 2377 793 μὴ
2404 725 2647 793 μιμητὴς
2679 726 2934 795 ἰατρικῶν
2961 726 3132 792 λόγων
3164 728 3342 796 μόνον.
3373 727 3532 790 Τίνας
3564 731 3664 801 γὰρ
3682 734 3820 801 ὑγιεῖς

2298 815 2524 884 ποιητής
2553 831 2636 877 τις
2671 815 2776 867 τῶν
2821 817 3064 868 παλαιῶν
3096 817 3127 886 ἢ
3167 817 3272 869 τῶν
3333 818 3466 869 νέων
3499 819 3697 886 λέγεται
3742 842 3821 879 πε.

2297 906 2598 974 ποιηκέναι,
2653 905 2841 977 ὥσπερ
2879 908 3270 976 .Ἀσκληπιὸς;
3317 909 3350 978 ἢ
3417 910 3560 972 τίνας
3615 913 3820 983 μαθητὰς

2301 998 2545 1067 ἰατρικῆς
2570 998 2906 1060 κατελίπετο,
2936 999 3120 1070 ὥσπερ
3177 1001 3384 1062 ἐκεῖνος
3416 1002 3538 1062 τοὺς
3569 1004 3817 1072 ὲγγόνουςς

2299 1087 2420 1157 μηδ’
2453 1084 2516 1140 αὖ
2546 1090 2670 1159 περὶ
2694 1089 2792 1150 τὰς
2820 1083 2982 1152 ἄλλας
3011 1091 3201 1159 τέχνας
3239 1090 3403 1142 αὑτὸν
3427 1092 3702 1162 ἐρωτῶμεν
3729 1098 3818 1151 ἀλλ’

2294 1174 2488 1245 ἐῶμεν.
2515 1178 2648 1248 Περὶ
2665 1178 2722 1229 δὲ
2762 1179 2866 1230 τῶν
2911 1179 3179 1248 μεγίστων
3222 1198 3280 1232 τε
3310 1182 3406 1233 καὶ
3453 1183 3745 1248 καλλίστων,
3762 1168 3820 1241 ὧν

2296 1267 2559 1338 ἐπιχειρεῖ
2607 1268 2780 1336 λέγειν
2811 1270 3077 1340 Ὄμηρος,
3114 1270 3365 1341 πολέμων
3410 1274 3535 1342 πέρι
3570 1276 3655 1328 καὶ
3689 1295 3818 1348 στρα-

2291 1358 2514 1426 τηγιῶν,
2552 1360 2644 1411 καὶ
2676 1359 2987 1426 διοικήσεων
3032 1361 3253 1424 πόλεων,
3307 1363 3406 1413 καὶ
3461 1364 3691 1427 παιδείας
3721 1369 3818 1439 πέρι

2291 1447 2609 1518 ἀνθρώπων,
2669 1449 2873 1502 δίκαιόν
2935 1469 3036 1503 που
3072 1453 3276 1522 ἐρωτᾷν
3303 1452 3468 1504 αὐτὸν
3530 1455 3814 1526 πυνθανομέ-

2291 1556 2435 1602 νουςο
2468 1536 2537 1591 ’Ὦ
2584 1540 2702 1607 φίλε
2758 1541 2991 1611 Ὅμηρε,
3029 1541 3186 1612 εἴπερ
3242 1543 3316 1612 μὴ
3366 1544 3548 1613 τρίτος
3596 1547 3692 1598 ἀπὸ
3738 1549 3817 1618 τῆς

2288 1629 2543 1699 ἀληθείας
2569 1626 2620 1682 εἷ
2644 1632 2842 1702 ἀρετῆς
2900 1632 3024 1702 πέρι
3057 1631 3271 1685 εἰδώλου
3331 1633 3395 1703 δη
3405 1634 3671 1711 μιουργδς,
3696 1637 3744 1688 ὃν
3765 1635 3814 1711 δὴ

2289 1719 2380 1770 καὶ
2419 1720 2659 1789 μιμητὴν
2711 1721 3048 1790 ὡρισάμεθα,
3105 1721 3237 1774 ἀλλὰ
3291 1723 3387 1774 καὶ
3449 1710 3700 1793 δεύτερος,

2287 1805 2392 1872 οἷός
2424 1828 2480 1862 τε
2509 1805 2651 1879 ἦσθα
2671 1809 2955 1877 γινώσκειν
3008 1813 3131 1864 ποῖα
3166 1812 3568 1882 ἐπιτηδεύματα
3615 1813 3812 1881 βελτίους

2287 1900 2319 1970 ἦ
2371 1901 2582 1970 χείρους
2611 1901 2927 1971 ἀνθρώπους
2955 1906 3098 1954 ποιεῖ
3136 1904 3240 1973 ἰδίᾳ
3291 1906 3386 1956 καὶ
3440 1905 3682 1976 δημοσίᾳ·
3715 1907 3810 1975 λέγι

2287 1993 2434 2060 ἡμῖν,
2461 1993 2543 2054 τίς
2570 1992 2676 2045 τῶν
2717 1993 2918 2044 πόλεων
2955 1994 3041 2045 διὰ
3065 1995 3121 2046 σὲ
3163 1994 3369 2063 βέλτιον
3403 1995 3811 2070 ῷκησεν,ῶσπερ

2283 2081 2369 2134 διὰ
2399 2082 2708 2154 Λυκοῦργον
2753 2084 3129 2154 Λακεδαίμων,
3179 2087 3272 2138 καὶ
3309 2087 3377 2138 δι’
3413 2087 3600 2151 ἄλλους
3627 2090 3810 2154 πολλοὺς

2284 2174 2471 2225 πολλαὶ
2513 2174 2743 2243 μεγάλαι
2774 2193 2830 2227 τε
2866 2177 2958 2228 καὶ
2982 2179 3244 2248 σμικραί;
3289 2180 3360 2231 Σὲ
3390 2179 3447 2231 δὲ
3481 2179 3562 2242 τίς
3615 2183 3810 2239 αἰτιᾶται

2285 2266 2433 2328 πόλις
2465 2267 2664 2334 ἀγαθὸν
2696 2269 2986 2338 νομοθέτην
3021 2270 3318 2338 γεγονέναι,
3359 2271 3455 2323 καί
3479 2289 3612 2340 σφας
3635 2274 3808 2347 ὠφελη-

2283 2357 2469 2419 κέναι;
2512 2358 2803 2428 Χαρώνδαν
2833 2359 2933 2426 μὲν
2970 2360 3074 2431 γὰρ
3119 2362 3316 2416 Ἰταλία
3360 2363 3455 2415 κιαι)⁸
3497 2365 3714 2432 Σικελία,
3738 2370 3809 2423 καὶ

2281 2450 2439 2517 ἡμεῖς
2467 2450 2692 2503 Σόλωνα·
2733 2452 2791 2504 σὲ
2818 2452 2874 2505 δὲ
2921 2453 3002 2515 τίς
3054 2452 3162 2517 ἕξει
3200 2454 3320 2505 τινὰ
3380 2457 3588 2518 εἰπεῖνς
3637 2488 3695 2496 -
3719 2460 3808 2515 Οὐκ

2281 2540 2477 2608 οἴομαι,
2515 2539 2615 2609 ἔφη
2665 2542 2692 2591 ὁ
2723 2542 2997 2595 Γλαύκων.
3048 2575 3114 2584 --
3136 2542 3346 2595 Οὔκουν
3405 2544 3615 2611 λέγεταί
3641 2564 3693 2614 γε
3723 2549 3805 2601 οὐδ’

2282 2631 2370 2682 ὑπ’
2412 2631 2587 2683 αὐτῶν
2632 2633 2951 2704 Ὁμηριδῶν.
3017 2634 3174 2685 Ἀλλὰ
3227 2633 3290 2704 δὴ
3334 2634 3419 2697 τίς
3478 2636 3696 2706 πόλεμος
3736 2640 3806 2691 ἐπὶ

2291 2720 2526 2792 Ὀμήρου
2559 2723 2648 2774 ὑπ’
2688 2725 2896 2776 ἐκείνου
2929 2725 3183 2795 ἄρχοντος
3303 2724 3737 2794 συμϐουλεύοντος
3759 2726 3805 2782 εὗ

2279 2816 2600 2886 πολεμηθεὶς
2647 2817 3085 2888 ,μνημονεύεταω
3143 2817 3354 2881 Οὐδείς.
3391 2847 3460 2858 --
3497 2818 3627 2870 Ἀλλ’
3661 2817 3734 2872 οἷα
3755 2822 3805 2892 δὴ

2279 2906 2357 2967 εἰς
2389 2905 2454 2957 τὰ
2494 2906 2627 2976 ἔργα
2660 2907 2824 2975 σοφοῦ
2850 2907 3059 2978 ἀνδρὸς,
3101 2907 3291 2960 πολλαὶ
3341 2908 3574 2961 ἐπίνοιαι
3619 2911 3701 2962 καὶ
3738 2914 3806 2962 εὑ-

2283 2996 2505 3066 μήχανοι
2531 2999 2610 3059 εἰς
2640 2998 2829 3066 τέχνας
2854 2999 2886 3067 ἦ
2916 3015 3066 3060 τινας
3097 2998 3260 3060 ἄλλας
3308 2999 3538 3068 πράξεις
3576 2998 3803 3067 λέγονται,

2278 3085 2461 3159 ὥσπερ
2491 3083 2555 3140 αὖ
2579 3087 2760 3140 Θάλεώ
2787 3105 2844 3140 τε
2868 3087 2993 3157 πέρι
3021 3086 3112 3140 τοῦ
3143 3090 3435 3160 Μιλησίου,
3461 3091 3552 3143 καὶ
3593 3091 3806 3162 Ἀναχάρ-

2281 3176 2422 3239 σιδος
2470 3177 2563 3230 τοῦ
2622 3177 2862 3242 Σκύθου;
2893 3211 2960 3219 -
2997 3179 3258 3248 Οὐδαμῶς
3306 3180 3550 3232 τοιοῦτον
3585 3181 3806 3232 οὐδέν.-

2291 3267 2446 3319 Ἀλλὰ
2476 3267 2558 3338 δὴ,
2583 3270 2630 3320 εί
2663 3268 2736 3339 μὴ
2755 3269 3006 3340 δημοσίᾳ,
3037 3271 3138 3340 ἰδίᾳ
3167 3271 3309 3322 τισὶν
3335 3271 3561 3340 ἡγεμών
3595 3273 3801 3338 παιδείας

2278 3360 2437 3423 αὐτὸς
2465 3360 2561 3430 ζῇν
2585 3361 2798 3430 λέγεται
2829 3363 3071 3433 ’Όμηρος
3099 3361 3370 3430 γενέσθαι,
3395 3364 3447 3415 οἳ
3479 3363 3669 3415 ἐκεῖνον
3695 3364 3806 3430 ἠγά-

2278 3467 2392 3504 πων
2429 3452 2520 3503 ἐπὶ
2546 3452 2815 3522 συνουσίᾳ,
2845 3453 2935 3505 καὶ
2976 3455 3083 3516 τοῖς
3112 3453 3334 3524 ὕστερον
3375 3454 3496 3506 ὁδόν
3526 3471 3639 3507 τινα
3662 3454 3802 3524 παρέ-

2275 3543 2433 3595 δοσαν
2461 3542 2575 3612 βίου
2620 3521 2954 3614 Ὀμηρικήν;
2989 3542 3182 3616 ,ὥσπερ
3233 3521 3555 3615 ΪΪυθαγόρας
3593 3521 3800 3607 αὑτός-τε

2275 3630 2631 3701 διαφερόντως
2655 3632 2745 3684 ἐπὶ
2765 3632 2937 3701 τούτῳ
2960 3632 3240 3702 ἠγαπήθη,
3281 3634 3370 3685 καὶ
3415 3636 3462 3685 οξ
3500 3634 3711 3706 ὕστεροι,
3737 3634 3798 3684 ἑτι

2277 3721 2368 3773 καὶ
2389 3720 2479 3772 νῦν
2506 3721 2868 3792 Πυθαγόρειον
2901 3722 3097 3792 τρόπον
3131 3723 3561 3791 ἐπονομάζοντες
3589 3725 3672 3776 τοῦ
3686 3724 3794 3792 βίον,

2275 3811 2549 3880 διαφανεῖς
2574 3829 2649 3882 πη
2676 3812 2918 3865 δοκοῦσιν
2941 3808 3079 3864 εἶναι
3103 3813 3160 3864 ὲν
3186 3815 3298 3875 τοῖς
3323 3813 3704 3876 ἄλλοις-Οὐδ’
3725 3807 3792 3868 αὖ.

2275 3902 2398 3972 ἔφη,
2426 3903 2659 3956 τοιοῦτον
2687 3903 2834 3956 οὐδὲν
2860 3903 3095 3969 λέγεται.
3139 3904 3195 3954 Ὀ
3227 3902 3332 3973 γὰρ
3359 3904 3660 3974 Κρεώφιλος
3687 3905 3792 3971 (99),

2273 3987 2316 4045 ὦ
2345 3991 2647 4061 Σώκρατες,
2707 3995 2735 4045 ὁ
2782 3993 2873 4044 τοῦ
2923 3994 3159 4064 Ὀμήρου
3189 3996 3422 4064 ἑταῖρος,
3461 3995 3552 4048 τοῦ
3574 3995 3794 4064 ὀνόματος

2274 4083 2339 4135 ἂν
2369 4070 2696 4152 γελοιότερος
2721 4083 2955 4154 ἔτι’πρὸς
2981 4083 3223 4136 παιδείαν
3259 4086 3476 4155 φανείη,
3503 4086 3548 4136 εί
3573 4084 3635 4135 τὰ
3672 4082 3792 4148 λεγϐ-

2276 4191 2408 4242 μενα
2433 4174 2558 4244 περὶ
2603 4174 2835 4243 Ὀμήρου
2873 4173 3044 4242 ἀληθῆ
3079 4175 3212 4226 ἐστι.
3268 4175 3501 4241 Λέγεται
3551 4174 3649 4243 γάρ
3689 4189 3788 4234 που,

2269 4262 2344 4324 ὡς
2360 4263 2527 4332 πολλὴ
2556 4264 2781 4332 ἀμέλεια
2807 4263 2881 4333 (l)
2907 4267 3033 4334 περὶ
3055 4265 3213 4317 αὐτὸν
3267 4261 3334 4334 ἦν
3365 4267 3452 4317 ἐπ’
3474 4265 3630 4317 αὑτοῦ
3671 4261 3789 4314 ἐκεί·

2271 4416 2583 4472 Eustathius
2633 4419 2922 4472 nonnullos
2964 4419 3322 4486 CreOphylum
3375 4418 3539 4472 istum
3603 4413 3785 4469 Homeri

2268 4497 2644 4555 prmeeptorem
2698 4487 3013 4555 appellasse.
3075 4488 3140 4540 At
3170 4486 3376 4540 Platoni
3411 4488 3514 4540 hoc
3554 4486 3663 4539 loco
3701 4497 3785 4536 n0n

2270 4565 2473 4609 tantum
2502 4557 2738 4618 nomine,
2769 4557 2861 4609 sed
2890 4557 3048 4608 etiam
3080 4557 3415 4610 institutione
3435 4555 3681 4609 ridiculus
3700 4559 3782 4610 est,

2266 4626 2408 4692 quod
2441 4627 2492 4676 in
2527 4624 2751 4678 Homeri
2794 4634 3174 4693 praeceptorem
3220 4626 3393 4679 cadat.
3430 4623 3496 4677 Et
3527 4623 3785 4693 subobscu-

2268 4691 2392 4766 rum
2417 4703 2517 4755 est,
2551 4691 2989 4766 qu_od__insinuat.
3022 4711 3182 4762 quam
3211 4695 3469 4766 ridiculus
3498 4695 3604 4766 ipse
3625 4691 3782 4766 luerit:

2265 4777 2338 4831 ex,
2362 4762 2426 4815 iis
2452 4779 2571 4831 quae
2601 4763 2666 4816 de
2692 4762 2924 4816 Homero
2960 4767 3265 4828 traduntur,
3294 4763 3555 4831 intelligi;
3588 4762 3680 4814 nisi
3708 4762 3781 4810 τοῦ

2265 4829 2484 4902 γελοίουί
2501 4847 2718 4885 causam
2744 4831 2867 4885 inde
2901 4842 3098 4897 sumat,
3123 4834 3264 4902 quod
3289 4832 3336 4884 ei
3365 4829 3590 4902 carmini
3615 4841 3779 4882 nomen

2267 4914 2423 4952 suum
2474 4901 2696 4956 inscribi
2749 4911 3053 4969 pateretur.
3104 4898 3260 4972 cujus
3306 4915 3503 4969 parens
3551 4898 3782 4952 Homerus

2265 4977 2427 5022 εδεθῐ.

2337 5036 2427 5158 (l)i
2448 5038 2648 5106 Πολλὴ
2687 5039 2946 5109 ἀμέλεια.
2981 5038 3248 5093 Incertum
3295 5051 3377 5095 est
3410 5047 3582 5092 utrum
3620 5034 3780 5090 advero

2337 5123 2359 5158 s
2433 5123 2672 5158 omerum
2703 5109 3064 5158 Creonhvlus.
3115 5124 3181 5158 an
3215 5109 3477 5158 Homerus
3499 5121 3614 5158 erga
3642 5103 3779 5158 Creo-

2266 5103 2672 5178 sus'AHomerum
2703 5103 3064 5178 Creophylus,
3115 5124 3181 5161 an
3215 5109 3477 5163 Homerus
3499 5121 3614 5178 erga
3642 5103 3779 5158 Creo-

2265 5176 2482 5247 phylum
2513 5176 2864 5246 negligentior
2894 5176 3084 5240 fuerit;
3119 5194 3186 5230 an
3216 5181 3445 5247 denique
3474 5176 3722 5247 neglectus
3748 5183 3774 5222 ι

2266 5245 2378 5316 suis
2421 5245 2800 5316 Creophylus,
2850 5250 3009 5301 etiam
3059 5249 3184 5301 dum
3251 5245 3513 5316 Homerus
3552 5245 3771 5316 ’rviverel.

2265 5313 2518 5368 Eamdem
2564 5313 2615 5367 in
2657 5313 2901 5370 versione
2942 5318 3341 5384 ambiguitatem
3385 5315 3627 5376 retinuit,
3671 5322 3773 5384 con:

2267 5392 2523 5452 templum
2558 5385 2770 5452 quidem
2815 5386 2962 5438 illum
3009 5387 3059 5438 in
3089 5375 3443 5454 Creophylum
3477 5375 3769 5454 cadere,_ye|

2264 5467 2326 5506 eo
2353 5444 2624 5521 probabile
2656 5455 2712 5507 lit
2735 5456 2874 5523 quod
2910 5454 3168 5508 ridiculus
3197 5444 3400 5507 Platoni
3429 5454 3645 5506 dicatur.
3681 5444 3768 5498 Nec

2264 5537 2374 5574 veri
2405 5533 2579 5575 tamen
2611 5524 2871 5586 absimile,
2896 5524 3021 5590 quin
3054 5524 3282 5576 Homero
3310 5523 3604 5580 conveniat,
3634 5526 3768 5591 qut?!“

2264 5592 2343 5642 sui
2376 5607 2562 5662 omnes
2581 5633 2593 5654 ,
2634 5604 2689 5644 ut
2737 5593 2898 5660 paulo
2922 5604 3041 5662 post
3067 5594 3362 5662 signiﬁcat,
3393 5607 3570 5644 errare
3598 5594 3768 5657 passm!

2262 5669 2314 5713 et
2339 5661 2518 5727 vagari
2553 5670 2874 5728 paterentur.
