  <div class='ocr_page' id='page_1' title='image "/cluster/home/n/w/nwhite01/storage/ocr_20150623/21/hvd.32044073501165/528.png"; bbox 0 0 3872 6368; ppageno 0'>
   <div class='ocr_carea' id='block_1_1' title="bbox 136 427 246 483">
    <p class='ocr_par' dir='ltr' id='par_1_1' title="bbox 136 427 246 483">
     <span class='ocr_line' id='line_1_1' title="bbox 136 427 246 483; baseline -0.018 -1"><span class='ocrx_word' id='word_1_1' title='bbox 136 427 246 483; x_wconf 73' lang='grc'><strong>1029</strong></span> 
     </span>
    </p>
   </div>
   <div class='ocr_carea' id='block_1_2' title="bbox 1224 411 2167 470">
    <p class='ocr_par' dir='ltr' id='par_1_2' title="bbox 1224 411 2167 470">
     <span class='ocr_line' id='line_1_2' title="bbox 1224 411 2167 470; baseline -0.006 0"><span class='ocrx_word' id='word_1_2' title='bbox 1224 414 1549 470; x_wconf 72' lang='grc' dir='ltr'>ΡΠᾸΞΡΑΠ.</span> <span class='ocrx_word' id='word_1_3' title='bbox 1592 411 1845 467; x_wconf 67' lang='lat' dir='ltr'><strong>EVA&#39;NG.</strong></span> <span class='ocrx_word' id='word_1_4' title='bbox 1888 412 2013 467; x_wconf 83' lang='lat' dir='ltr'><strong>LIB.</strong></span> <span class='ocrx_word' id='word_1_5' title='bbox 2054 411 2167 466; x_wconf 75' lang='lat' dir='ltr'><strong>XII.</strong></span> 
     </span>
    </p>
   </div>
   <div class='ocr_carea' id='block_1_3' title="bbox 3176 414 3314 467">
    <p class='ocr_par' dir='ltr' id='par_1_3' title="bbox 3176 414 3314 467">
     <span class='ocr_line' id='line_1_3' title="bbox 3176 414 3314 467; baseline 0.014 -2"><span class='ocrx_word' id='word_1_6' title='bbox 3176 414 3314 467; x_wconf 73' lang='lat'><strong>1050</strong></span> 
     </span>
    </p>
   </div>
   <div class='ocr_carea' id='block_1_4' title="bbox 129 530 1623 613">
    <p class='ocr_par' dir='ltr' id='par_1_4' title="bbox 129 535 1623 613">
     <span class='ocr_line' id='line_1_4' title="bbox 129 535 1623 613; baseline -0.009 -13"><span class='ocrx_word' id='word_1_7' title='bbox 129 566 217 608; x_wconf 69' lang='grc' dir='ltr'>νον,</span> <span class='ocrx_word' id='word_1_8' title='bbox 232 546 305 597; x_wconf 81' lang='grc' dir='ltr'><strong>ὅτε</strong></span> <span class='ocrx_word' id='word_1_9' title='bbox 323 542 497 613; x_wconf 75' lang='grc' dir='ltr'>ἔζη.-</span> <span class='ocrx_word' id='word_1_10' title='bbox 514 543 741 610; x_wconf 81' lang='grc' dir='ltr'><strong>Λέγεται</strong></span> <span class='ocrx_word' id='word_1_11' title='bbox 771 540 878 612; x_wconf 73' lang='grc' dir='ltr'><strong>γὰρ</strong></span> <span class='ocrx_word' id='word_1_12' title='bbox 894 536 1004 603; x_wconf 75' lang='grc' dir='ltr'>οὖν,</span> <span class='ocrx_word' id='word_1_13' title='bbox 1024 536 1089 608; x_wconf 78' lang='grc' dir='ltr'>ἦν</span> <span class='ocrx_word' id='word_1_14' title='bbox 1116 539 1156 590; x_wconf 80' lang='grc' dir='ltr'>δ’</span> <span class='ocrx_word' id='word_1_15' title='bbox 1188 540 1317 607; x_wconf 81' lang='grc' dir='ltr'>ἐγώ.</span> <span class='ocrx_word' id='word_1_16' title='bbox 1353 537 1491 591; x_wconf 79' lang='grc' dir='ltr'>Ἀλλ’</span> <span class='ocrx_word' id='word_1_17' title='bbox 1508 535 1623 601; x_wconf 74' lang='grc' dir='ltr'>οἴει,</span> 
     </span>
    </p>
   </div>
   <div class='ocr_carea' id='block_1_5' title="bbox 1735 530 3314 613">
    <p class='ocr_par' dir='ltr' id='par_1_5' title="bbox 1735 530 3314 605">
     <span class='ocr_line' id='line_1_5' title="bbox 1735 530 3314 605; baseline -0.004 -17"><span class='ocrx_word' id='word_1_18' title='bbox 1735 534 2189 605; x_wconf 83' lang='lat' dir='ltr'><strong>quemadmodum</strong></span> <span class='ocrx_word' id='word_1_19' title='bbox 2224 531 2579 602; x_wconf 58' lang='lat' dir='ltr'><strong>Pythagoras,</strong></span> <span class='ocrx_word' id='word_1_20' title='bbox 2618 545 2739 584; x_wconf 84' lang='lat' dir='ltr'><strong>cum</strong></span> <span class='ocrx_word' id='word_1_21' title='bbox 2777 531 2893 601; x_wconf 79' lang='lat' dir='ltr'><strong>ipse</strong></span> <span class='ocrx_word' id='word_1_22' title='bbox 2928 545 3031 599; x_wconf 81' lang='lat' dir='ltr'><strong>per</strong></span> <span class='ocrx_word' id='word_1_23' title='bbox 3067 544 3124 583; x_wconf 88' lang='lat' dir='ltr'><strong>se</strong></span> <span class='ocrx_word' id='word_1_24' title='bbox 3173 530 3314 582; x_wconf 83' lang='lat' dir='ltr'><strong>inul-</strong></span> 
     </span>
    </p>
   </div>
   <div class='ocr_carea' id='block_1_6' title="bbox 129 622 1631 700">
    <p class='ocr_par' dir='ltr' id='par_1_6' title="bbox 129 622 1631 700">
     <span class='ocr_line' id='line_1_6' title="bbox 129 622 1631 700; baseline -0.009 -14"><span class='ocrx_word' id='word_1_25' title='bbox 129 632 161 688; x_wconf 76' lang='grc' dir='ltr'>ὦ</span> <span class='ocrx_word' id='word_1_26' title='bbox 187 632 423 691; x_wconf 76' lang='grc' dir='ltr'>Γλαύκων,</span> <span class='ocrx_word' id='word_1_27' title='bbox 446 632 490 683; x_wconf 87' lang='grc' dir='ltr'><strong>εί</strong></span> <span class='ocrx_word' id='word_1_28' title='bbox 521 629 596 700; x_wconf 82' lang='grc' dir='ltr'>τῷ</span> <span class='ocrx_word' id='word_1_29' title='bbox 624 630 735 682; x_wconf 76' lang='grc' dir='ltr'>ὄντι</span> <span class='ocrx_word' id='word_1_30' title='bbox 765 624 874 691; x_wconf 74' lang='grc' dir='ltr'>οἷός</span> <span class='ocrx_word' id='word_1_31' title='bbox 924 645 982 680; x_wconf 90' lang='grc' dir='ltr'><strong>τε</strong></span> <span class='ocrx_word' id='word_1_32' title='bbox 1010 624 1076 697; x_wconf 83' lang='grc' dir='ltr'>ἦν</span> <span class='ocrx_word' id='word_1_33' title='bbox 1122 625 1396 678; x_wconf 79' lang='grc' dir='ltr'>παιδεύειν</span> <span class='ocrx_word' id='word_1_34' title='bbox 1425 622 1631 693; x_wconf 84' lang='grc' dir='ltr'>ἀνθρώ-</span> 
     </span>
    </p>
   </div>
   <div class='ocr_carea' id='block_1_7' title="bbox 127 718 1631 792">
    <p class='ocr_par' dir='ltr' id='par_1_7' title="bbox 127 718 1631 792">
     <span class='ocr_line' id='line_1_7' title="bbox 127 718 1631 792; baseline -0.008 -13"><span class='ocrx_word' id='word_1_35' title='bbox 127 744 232 789; x_wconf 77' lang='grc' dir='ltr'>πους</span> <span class='ocrx_word' id='word_1_36' title='bbox 253 726 331 777; x_wconf 71' lang='grc' dir='ltr'><strong>καὶ</strong></span> <span class='ocrx_word' id='word_1_37' title='bbox 353 723 577 792; x_wconf 79' lang='grc' dir='ltr'>βελτίους</span> <span class='ocrx_word' id='word_1_38' title='bbox 625 719 1029 791; x_wconf 75' lang='grc' dir='ltr'><strong>ἀπεργάζεσθαι</strong></span> <span class='ocrx_word' id='word_1_39' title='bbox 1064 721 1327 789; x_wconf 76' lang='grc' dir='ltr'>Ὅμηρος,</span> <span class='ocrx_word' id='word_1_40' title='bbox 1378 718 1469 771; x_wconf 78' lang='grc' dir='ltr'>ἆτε</span> <span class='ocrx_word' id='word_1_41' title='bbox 1505 718 1631 786; x_wconf 82' lang='grc' dir='ltr'>περὶ</span> 
     </span>
    </p>
   </div>
   <div class='ocr_carea' id='block_1_8' title="bbox 125 810 1631 885">
    <p class='ocr_par' dir='ltr' id='par_1_8' title="bbox 125 810 1631 885">
     <span class='ocr_line' id='line_1_8' title="bbox 125 810 1631 885; baseline -0.008 -12"><span class='ocrx_word' id='word_1_42' title='bbox 125 819 284 873; x_wconf 73' lang='grc' dir='ltr'>τοότων</span> <span class='ocrx_word' id='word_1_43' title='bbox 304 817 356 869; x_wconf 81' lang='grc' dir='ltr'>οὐ</span> <span class='ocrx_word' id='word_1_44' title='bbox 390 814 686 885; x_wconf 78' lang='grc' dir='ltr'>μιμεῖσθαι,</span> <span class='ocrx_word' id='word_1_45' title='bbox 709 814 844 867; x_wconf 82' lang='grc' dir='ltr'>ἀλλὰ</span> <span class='ocrx_word' id='word_1_46' title='bbox 874 814 1161 882; x_wconf 85' lang='grc' dir='ltr'>γινώσκειν</span> <span class='ocrx_word' id='word_1_47' title='bbox 1188 812 1501 880; x_wconf 85' lang='grc' dir='ltr'>δυνάμενος,</span> <span class='ocrx_word' id='word_1_48' title='bbox 1531 810 1631 861; x_wconf 74' lang='grc' dir='ltr'><strong>οὐκ</strong></span> 
     </span>
    </p>
   </div>
   <div class='ocr_carea' id='block_1_9' title="bbox 124 901 1629 979">
    <p class='ocr_par' dir='ltr' id='par_1_9' title="bbox 124 901 1629 979">
     <span class='ocr_line' id='line_1_9' title="bbox 124 901 1629 979; baseline -0.009 -15"><span class='ocrx_word' id='word_1_49' title='bbox 124 908 260 979; x_wconf 78' lang='grc' dir='ltr'>ἀρ’ἃν</span> <span class='ocrx_word' id='word_1_50' title='bbox 287 905 490 968; x_wconf 80' lang='grc' dir='ltr'>πολλοὺς</span> <span class='ocrx_word' id='word_1_51' title='bbox 517 904 763 973; x_wconf 79' lang='grc' dir='ltr'>ἑταίρους</span> <span class='ocrx_word' id='word_1_52' title='bbox 794 905 1103 974; x_wconf 76' lang='grc' dir='ltr'>ἐποιήσατο,</span> <span class='ocrx_word' id='word_1_53' title='bbox 1135 902 1227 953; x_wconf 73' lang='grc' dir='ltr'>καὶ</span> <span class='ocrx_word' id='word_1_54' title='bbox 1264 902 1509 971; x_wconf 76' lang='grc' dir='ltr'><strong>ἐτιμᾶτο,</strong></span> <span class='ocrx_word' id='word_1_55' title='bbox 1538 901 1629 952; x_wconf 69' lang='grc' dir='ltr'><strong>καὶ</strong></span> 
     </span>
    </p>
   </div>
   <div class='ocr_carea' id='block_1_10' title="bbox 124 991 1630 1069">
    <p class='ocr_par' dir='ltr' id='par_1_10' title="bbox 124 991 1630 1069">
     <span class='ocr_line' id='line_1_10' title="bbox 124 991 1630 1069; baseline -0.011 -17"><span class='ocrx_word' id='word_1_56' title='bbox 124 1001 323 1069; x_wconf 74' lang='grc' dir='ltr'>ἠγαπᾶτο</span> <span class='ocrx_word' id='word_1_57' title='bbox 353 998 436 1050; x_wconf 76' lang='grc' dir='ltr'><strong>ὑπ’</strong></span> <span class='ocrx_word' id='word_1_58' title='bbox 466 996 669 1060; x_wconf 86' lang='grc' dir='ltr'>αὑτῶν;</span> <span class='ocrx_word' id='word_1_59' title='bbox 714 996 866 1048; x_wconf 80' lang='grc' dir='ltr'>Ἀλλὰ</span> <span class='ocrx_word' id='word_1_60' title='bbox 893 994 1259 1065; x_wconf 81' lang='grc' dir='ltr'><strong>Πρωταγόρας</strong></span> <span class='ocrx_word' id='word_1_61' title='bbox 1285 992 1359 1061; x_wconf 75' lang='grc'><strong>(2)</strong></span> <span class='ocrx_word' id='word_1_62' title='bbox 1394 991 1491 1061; x_wconf 84' lang='grc' dir='ltr'><strong>μὲν</strong></span> <span class='ocrx_word' id='word_1_63' title='bbox 1524 992 1630 1062; x_wconf 74' lang='grc' dir='ltr'>ἄρα</span> 
     </span>
    </p>
   </div>
   <div class='ocr_carea' id='block_1_11' title="bbox 121 1082 1633 1158">
    <p class='ocr_par' dir='ltr' id='par_1_11' title="bbox 121 1082 1633 1158">
     <span class='ocr_line' id='line_1_11' title="bbox 121 1082 1633 1158; baseline -0.005 -17"><span class='ocrx_word' id='word_1_64' title='bbox 121 1094 142 1141; x_wconf 87' lang='grc' dir='ltr'><strong>ὸ</strong></span> <span class='ocrx_word' id='word_1_65' title='bbox 176 1087 469 1158; x_wconf 70' lang='grc' dir='ltr'>Ἀϐδηρίτης,</span> <span class='ocrx_word' id='word_1_66' title='bbox 503 1088 595 1140; x_wconf 76' lang='grc' dir='ltr'>καὶ</span> <span class='ocrx_word' id='word_1_67' title='bbox 632 1086 888 1157; x_wconf 83' lang='grc' dir='ltr'><strong>Πρόδικος</strong></span> <span class='ocrx_word' id='word_1_68' title='bbox 914 1088 941 1137; x_wconf 90' lang='grc' dir='ltr'>ὁ</span> <span class='ocrx_word' id='word_1_69' title='bbox 970 1086 1147 1147; x_wconf 78' lang='grc' dir='ltr'>Κεῖος,</span> <span class='ocrx_word' id='word_1_70' title='bbox 1187 1085 1280 1135; x_wconf 74' lang='grc' dir='ltr'><strong>καὶ</strong></span> <span class='ocrx_word' id='word_1_71' title='bbox 1311 1082 1457 1136; x_wconf 83' lang='grc' dir='ltr'>ἄλλοι</span> <span class='ocrx_word' id='word_1_72' title='bbox 1487 1083 1633 1151; x_wconf 86' lang='grc' dir='ltr'>πάμ-</span> 
     </span>
    </p>
   </div>
   <div class='ocr_carea' id='block_1_12' title="bbox 122 1174 1629 1245">
    <p class='ocr_par' dir='ltr' id='par_1_12' title="bbox 122 1174 1629 1245">
     <span class='ocr_line' id='line_1_12' title="bbox 122 1174 1629 1245; baseline -0.005 -12"><span class='ocrx_word' id='word_1_73' title='bbox 122 1180 262 1233; x_wconf 73' lang='grc' dir='ltr'>πολλοι</span> <span class='ocrx_word' id='word_1_74' title='bbox 302 1178 538 1233; x_wconf 80' lang='grc' dir='ltr'>δύνανται</span> <span class='ocrx_word' id='word_1_75' title='bbox 595 1180 704 1241; x_wconf 86' lang='grc' dir='ltr'>τοῖς</span> <span class='ocrx_word' id='word_1_76' title='bbox 765 1178 849 1245; x_wconf 80' lang='grc' dir='ltr'><strong>ἐφ’</strong></span> <span class='ocrx_word' id='word_1_77' title='bbox 901 1175 1106 1228; x_wconf 83' lang='grc' dir='ltr'>ὲαυτῶν</span> <span class='ocrx_word' id='word_1_78' title='bbox 1175 1174 1509 1245; x_wconf 80' lang='grc' dir='ltr'>παρεστάναι</span> <span class='ocrx_word' id='word_1_79' title='bbox 1554 1174 1629 1241; x_wconf 78' lang='grc'><strong>(5)</strong></span> 
     </span>
    </p>
   </div>
   <div class='ocr_carea' id='block_1_13' title="bbox 122 1263 1630 1339">
    <p class='ocr_par' dir='ltr' id='par_1_13' title="bbox 122 1263 1630 1339">
     <span class='ocr_line' id='line_1_13' title="bbox 122 1263 1630 1339; baseline -0.003 -19"><span class='ocrx_word' id='word_1_80' title='bbox 122 1270 202 1339; x_wconf 73' lang='grc' dir='ltr'>ἰδίᾳ</span> <span class='ocrx_word' id='word_1_81' title='bbox 226 1269 596 1338; x_wconf 84' lang='grc' dir='ltr'>συγγινόμενοι,</span> <span class='ocrx_word' id='word_1_82' title='bbox 624 1267 699 1330; x_wconf 83' lang='grc' dir='ltr'><strong>ὡς</strong></span> <span class='ocrx_word' id='word_1_83' title='bbox 723 1266 846 1319; x_wconf 73' lang='grc' dir='ltr'>οὔτε</span> <span class='ocrx_word' id='word_1_84' title='bbox 879 1266 1055 1319; x_wconf 81' lang='grc' dir='ltr'>οἰκίαν</span> <span class='ocrx_word' id='word_1_85' title='bbox 1076 1264 1196 1317; x_wconf 74' lang='grc' dir='ltr'>οὔτε</span> <span class='ocrx_word' id='word_1_86' title='bbox 1232 1264 1384 1318; x_wconf 84' lang='grc' dir='ltr'>πόλιν</span> <span class='ocrx_word' id='word_1_87' title='bbox 1408 1263 1503 1334; x_wconf 79' lang='grc' dir='ltr'>τὴν</span> <span class='ocrx_word' id='word_1_88' title='bbox 1532 1265 1630 1316; x_wconf 81' lang='grc' dir='ltr'>αὐ-</span> 
     </span>
    </p>
   </div>
   <div class='ocr_carea' id='block_1_14' title="bbox 118 1354 1630 1429">
    <p class='ocr_par' dir='ltr' id='par_1_14' title="bbox 118 1354 1630 1429">
     <span class='ocr_line' id='line_1_14' title="bbox 118 1354 1630 1429; baseline -0.002 -17"><span class='ocrx_word' id='word_1_89' title='bbox 118 1360 199 1412; x_wconf 78' lang='grc' dir='ltr'><strong>τῶν</strong></span> <span class='ocrx_word' id='word_1_90' title='bbox 218 1361 363 1412; x_wconf 86' lang='grc' dir='ltr'>οίκεῖν</span> <span class='ocrx_word' id='word_1_91' title='bbox 392 1360 463 1429; x_wconf 75' lang='grc'>(4)</span> <span class='ocrx_word' id='word_1_92' title='bbox 492 1354 594 1411; x_wconf 79' lang='grc' dir='ltr'>οἷοί</span> <span class='ocrx_word' id='word_1_93' title='bbox 626 1376 686 1411; x_wconf 88' lang='grc' dir='ltr'><strong>τε</strong></span> <span class='ocrx_word' id='word_1_94' title='bbox 737 1357 970 1420; x_wconf 77' lang='grc' dir='ltr'>ἔσονται,</span> <span class='ocrx_word' id='word_1_95' title='bbox 1018 1356 1110 1410; x_wconf 73' lang='grc' dir='ltr'>ἐὰν</span> <span class='ocrx_word' id='word_1_96' title='bbox 1150 1358 1223 1427; x_wconf 86' lang='grc' dir='ltr'>μὴ</span> <span class='ocrx_word' id='word_1_97' title='bbox 1282 1357 1421 1424; x_wconf 75' lang='grc' dir='ltr'>σφᾶς</span> <span class='ocrx_word' id='word_1_98' title='bbox 1453 1356 1630 1409; x_wconf 72' lang='grc' dir='ltr'>αὐτῶν</span> 
     </span>
    </p>
   </div>
   <div class='ocr_carea' id='block_1_15' title="bbox 118 1448 1631 1521">
    <p class='ocr_par' dir='ltr' id='par_1_15' title="bbox 118 1448 1631 1521">
     <span class='ocr_line' id='line_1_15' title="bbox 118 1448 1631 1521; baseline -0.002 -18"><span class='ocrx_word' id='word_1_99' title='bbox 118 1452 193 1513; x_wconf 78' lang='grc' dir='ltr'>τῆς</span> <span class='ocrx_word' id='word_1_100' title='bbox 218 1449 436 1513; x_wconf 79' lang='grc' dir='ltr'>παιδείας</span> <span class='ocrx_word' id='word_1_101' title='bbox 456 1450 881 1520; x_wconf 82' lang='grc' dir='ltr'>ὲπιστατὴσωσι,</span> <span class='ocrx_word' id='word_1_102' title='bbox 909 1449 1002 1502; x_wconf 73' lang='grc' dir='ltr'><strong>καὶ</strong></span> <span class='ocrx_word' id='word_1_103' title='bbox 1050 1449 1146 1501; x_wconf 79' lang='grc' dir='ltr'>ἐπὶ</span> <span class='ocrx_word' id='word_1_104' title='bbox 1164 1448 1337 1521; x_wconf 83' lang='grc' dir='ltr'>ταύτῃ</span> <span class='ocrx_word' id='word_1_105' title='bbox 1366 1451 1432 1519; x_wconf 83' lang='grc' dir='ltr'>τῇ</span> <span class='ocrx_word' id='word_1_106' title='bbox 1472 1450 1631 1519; x_wconf 75' lang='grc' dir='ltr'>σοφία</span> 
     </span>
    </p>
   </div>
   <div class='ocr_carea' id='block_1_16' title="bbox 118 1540 1633 1611">
    <p class='ocr_par' dir='ltr' id='par_1_16' title="bbox 118 1540 1633 1611">
     <span class='ocr_line' id='line_1_16' title="bbox 118 1540 1633 1611; baseline -0.003 -15"><span class='ocrx_word' id='word_1_107' title='bbox 118 1542 223 1596; x_wconf 64' lang='grc' dir='ltr'>οὕτω</span> <span class='ocrx_word' id='word_1_108' title='bbox 250 1542 434 1611; x_wconf 80' lang='grc' dir='ltr'>σφόδρα</span> <span class='ocrx_word' id='word_1_109' title='bbox 458 1540 757 1609; x_wconf 80' lang='grc' dir='ltr'>φιλοῦνται,</span> <span class='ocrx_word' id='word_1_110' title='bbox 785 1540 923 1592; x_wconf 83' lang='grc' dir='ltr'>ὥστε</span> <span class='ocrx_word' id='word_1_111' title='bbox 950 1540 1109 1610; x_wconf 86' lang='grc' dir='ltr'>μόνον</span> <span class='ocrx_word' id='word_1_112' title='bbox 1144 1541 1241 1593; x_wconf 76' lang='grc' dir='ltr'><strong>ουκ</strong></span> <span class='ocrx_word' id='word_1_113' title='bbox 1275 1540 1367 1593; x_wconf 76' lang='grc' dir='ltr'>ἐπὶ</span> <span class='ocrx_word' id='word_1_114' title='bbox 1399 1542 1516 1603; x_wconf 86' lang='grc' dir='ltr'>ταῖς</span> <span class='ocrx_word' id='word_1_115' title='bbox 1541 1558 1633 1592; x_wconf 89' lang='grc' dir='ltr'>κε-</span> 
     </span>
    </p>
   </div>
   <div class='ocr_carea' id='block_1_17' title="bbox 119 1630 1630 1703">
    <p class='ocr_par' dir='ltr' id='par_1_17' title="bbox 119 1630 1630 1703">
     <span class='ocr_line' id='line_1_17' title="bbox 119 1630 1630 1703; baseline -0.001 -18"><span class='ocrx_word' id='word_1_116' title='bbox 119 1634 265 1703; x_wconf 61' lang='grc' dir='ltr'>φαλαῖς</span> <span class='ocrx_word' id='word_1_117' title='bbox 288 1632 657 1703; x_wconf 77' lang='grc' dir='ltr'>περιφέρουσιν</span> <span class='ocrx_word' id='word_1_118' title='bbox 704 1630 898 1693; x_wconf 78' lang='grc' dir='ltr'>αὐτοὺς</span> <span class='ocrx_word' id='word_1_119' title='bbox 944 1632 990 1683; x_wconf 90' lang='grc' dir='ltr'><strong>οί</strong></span> <span class='ocrx_word' id='word_1_120' title='bbox 1037 1632 1261 1701; x_wconf 81' lang='grc' dir='ltr'>ἑταῖροι·</span> <span class='ocrx_word' id='word_1_121' title='bbox 1302 1633 1547 1702; x_wconf 79' lang='grc' dir='ltr'>Ὅμηρον</span> <span class='ocrx_word' id='word_1_122' title='bbox 1575 1632 1630 1685; x_wconf 86' lang='grc' dir='ltr'>δὲ</span> 
     </span>
    </p>
   </div>
   <div class='ocr_carea' id='block_1_18' title="bbox 116 1718 1635 1795">
    <p class='ocr_par' dir='ltr' id='par_1_18' title="bbox 116 1718 1635 1795">
     <span class='ocr_line' id='line_1_18' title="bbox 116 1718 1635 1795; baseline -0.001 -18"><span class='ocrx_word' id='word_1_123' title='bbox 116 1728 193 1795; x_wconf 72' lang='grc' dir='ltr'>ἄρα</span> <span class='ocrx_word' id='word_1_124' title='bbox 214 1727 252 1777; x_wconf 81' lang='lat' dir='ltr'><strong>oi</strong></span> <span class='ocrx_word' id='word_1_125' title='bbox 280 1724 357 1776; x_wconf 76' lang='grc' dir='ltr'><strong>ἐπ’</strong></span> <span class='ocrx_word' id='word_1_126' title='bbox 384 1724 612 1785; x_wconf 79' lang='grc' dir='ltr'>ἐκείνου,</span> <span class='ocrx_word' id='word_1_127' title='bbox 648 1723 801 1792; x_wconf 77' lang='grc' dir='ltr'>εἴπερ</span> <span class='ocrx_word' id='word_1_128' title='bbox 835 1718 943 1786; x_wconf 74' lang='grc' dir='ltr'>οἷός</span> <span class='ocrx_word' id='word_1_129' title='bbox 972 1739 1030 1775; x_wconf 88' lang='grc' dir='ltr'><strong>τε</strong></span> <span class='ocrx_word' id='word_1_130' title='bbox 1054 1718 1120 1793; x_wconf 77' lang='grc' dir='ltr'>ἦν</span> <span class='ocrx_word' id='word_1_131' title='bbox 1145 1724 1280 1791; x_wconf 79' lang='grc' dir='ltr'>πρὸς</span> <span class='ocrx_word' id='word_1_132' title='bbox 1307 1723 1505 1793; x_wconf 84' lang='grc' dir='ltr'>ἀρετὴν</span> <span class='ocrx_word' id='word_1_133' title='bbox 1530 1725 1635 1776; x_wconf 87' lang='grc' dir='ltr'>όνι-</span> 
     </span>
    </p>
   </div>
   <div class='ocr_carea' id='block_1_19' title="bbox 116 1812 1631 1883">
    <p class='ocr_par' dir='ltr' id='par_1_19' title="bbox 116 1812 1631 1883">
     <span class='ocr_line' id='line_1_19' title="bbox 116 1812 1631 1883; baseline -0.001 -16"><span class='ocrx_word' id='word_1_134' title='bbox 116 1815 232 1869; x_wconf 75' lang='grc' dir='ltr'>νάναι</span> <span class='ocrx_word' id='word_1_135' title='bbox 250 1812 565 1882; x_wconf 74' lang='grc' dir='ltr'>ἀνθρώπους,</span> <span class='ocrx_word' id='word_1_136' title='bbox 591 1813 622 1881; x_wconf 85' lang='grc' dir='ltr'><strong>ἧ</strong></span> <span class='ocrx_word' id='word_1_137' title='bbox 662 1812 920 1876; x_wconf 80' lang='grc' dir='ltr'>Ἡσίοδον,</span> <span class='ocrx_word' id='word_1_138' title='bbox 954 1812 1212 1882; x_wconf 76' lang='grc' dir='ltr'>ῥαψῳδεῖν</span> <span class='ocrx_word' id='word_1_139' title='bbox 1237 1812 1300 1866; x_wconf 87' lang='grc' dir='ltr'>ἂν</span> <span class='ocrx_word' id='word_1_140' title='bbox 1328 1813 1631 1883; x_wconf 85' lang='grc' dir='ltr'>περιιόντας</span> 
     </span>
    </p>
   </div>
   <div class='ocr_carea' id='block_1_20' title="bbox 115 1904 1626 1975">
    <p class='ocr_par' dir='ltr' id='par_1_20' title="bbox 115 1904 1626 1975">
     <span class='ocr_line' id='line_1_20' title="bbox 115 1904 1626 1975; baseline 0.002 -19"><span class='ocrx_word' id='word_1_141' title='bbox 115 1908 223 1969; x_wconf 86' lang='grc' dir='ltr'>εἴων,</span> <span class='ocrx_word' id='word_1_142' title='bbox 249 1906 329 1958; x_wconf 71' lang='grc' dir='ltr'><strong>καὶ</strong></span> <span class='ocrx_word' id='word_1_143' title='bbox 377 1904 494 1974; x_wconf 74' lang='grc' dir='ltr'>οὐχὶ</span> <span class='ocrx_word' id='word_1_144' title='bbox 527 1905 725 1975; x_wconf 80' lang='grc' dir='ltr'>μᾶλλον</span> <span class='ocrx_word' id='word_1_145' title='bbox 776 1904 841 1958; x_wconf 82' lang='grc' dir='ltr'><strong>ἂν</strong></span> <span class='ocrx_word' id='word_1_146' title='bbox 882 1904 1059 1959; x_wconf 76' lang='grc' dir='ltr'>αὐτῶν</span> <span class='ocrx_word' id='word_1_147' title='bbox 1111 1905 1417 1975; x_wconf 83' lang='grc' dir='ltr'>ἀντείχοντο</span> <span class='ocrx_word' id='word_1_148' title='bbox 1457 1905 1489 1975; x_wconf 80' lang='grc' dir='ltr'><strong>ἢ</strong></span> <span class='ocrx_word' id='word_1_149' title='bbox 1534 1907 1626 1959; x_wconf 88' lang='grc' dir='ltr'><strong>τοῦ</strong></span> 
     </span>
    </p>
   </div>
   <div class='ocr_carea' id='block_1_21' title="bbox 115 1994 1625 2069">
    <p class='ocr_par' dir='ltr' id='par_1_21' title="bbox 115 1994 1625 2069">
     <span class='ocr_line' id='line_1_21' title="bbox 115 1994 1625 2069; baseline 0.001 -22"><span class='ocrx_word' id='word_1_150' title='bbox 115 1995 284 2066; x_wconf 69' lang='grc' dir='ltr'>χρυσοῦ,</span> <span class='ocrx_word' id='word_1_151' title='bbox 314 1998 397 2048; x_wconf 81' lang='grc' dir='ltr'><strong>καὶ</strong></span> <span class='ocrx_word' id='word_1_152' title='bbox 427 1995 734 2066; x_wconf 71' lang='grc' dir='ltr'>ἠνάγκαζον</span> <span class='ocrx_word' id='word_1_153' title='bbox 777 1997 927 2069; x_wconf 71' lang='grc' dir='ltr'>παρὰ</span> <span class='ocrx_word' id='word_1_154' title='bbox 956 1998 1134 2065; x_wconf 74' lang='grc' dir='ltr'>σφίσιν</span> <span class='ocrx_word' id='word_1_155' title='bbox 1180 1996 1317 2049; x_wconf 79' lang='grc' dir='ltr'>οἴκοι</span> <span class='ocrx_word' id='word_1_156' title='bbox 1354 1997 1429 2067; x_wconf 83' lang='lat'><strong>(5)</strong></span> <span class='ocrx_word' id='word_1_157' title='bbox 1458 1994 1625 2063; x_wconf 83' lang='grc' dir='ltr'>εἴναι;</span> 
     </span>
    </p>
   </div>
   <div class='ocr_carea' id='block_1_22' title="bbox 115 2088 1625 2159">
    <p class='ocr_par' dir='ltr' id='par_1_22' title="bbox 115 2088 1625 2159">
     <span class='ocr_line' id='line_1_22' title="bbox 115 2088 1625 2159; baseline 0.003 -21"><span class='ocrx_word' id='word_1_158' title='bbox 115 2088 138 2154; x_wconf 80' lang='grc' dir='ltr'>ἢ</span> <span class='ocrx_word' id='word_1_159' title='bbox 160 2091 195 2139; x_wconf 74' lang='grc' dir='ltr'><strong>εί</strong></span> <span class='ocrx_word' id='word_1_160' title='bbox 217 2090 276 2159; x_wconf 76' lang='grc' dir='ltr'>μὴ</span> <span class='ocrx_word' id='word_1_161' title='bbox 298 2088 521 2150; x_wconf 73' lang='grc' dir='ltr'>ἔπειθον,</span> <span class='ocrx_word' id='word_1_162' title='bbox 547 2090 700 2141; x_wconf 64' lang='grc' dir='ltr'>αὐτοὶ</span> <span class='ocrx_word' id='word_1_163' title='bbox 725 2089 789 2142; x_wconf 84' lang='grc' dir='ltr'>ἂν</span> <span class='ocrx_word' id='word_1_164' title='bbox 813 2088 1243 2157; x_wconf 77' lang='grc' dir='ltr'>ἐπαιδαγώγουν,</span> <span class='ocrx_word' id='word_1_165' title='bbox 1307 2090 1413 2159; x_wconf 81' lang='grc' dir='ltr'>ὃτι-η</span> <span class='ocrx_word' id='word_1_166' title='bbox 1437 2090 1625 2159; x_wconf 76' lang='grc' dir='ltr'>ᾔεσαν,</span> 
     </span>
    </p>
   </div>
   <div class='ocr_carea' id='block_1_23' title="bbox 114 2178 1624 2251">
    <p class='ocr_par' dir='ltr' id='par_1_23' title="bbox 114 2178 1624 2251">
     <span class='ocr_line' id='line_1_23' title="bbox 114 2178 1624 2251; baseline 0.001 -21"><span class='ocrx_word' id='word_1_167' title='bbox 114 2181 188 2242; x_wconf 80' lang='grc' dir='ltr'><strong>ἕως</strong></span> <span class='ocrx_word' id='word_1_168' title='bbox 201 2178 368 2243; x_wconf 72' lang='grc' dir='ltr'>ἱκανῶς</span> <span class='ocrx_word' id='word_1_169' title='bbox 380 2179 626 2243; x_wconf 81' lang='grc' dir='ltr'>παιδείας</span> <span class='ocrx_word' id='word_1_170' title='bbox 641 2180 985 2251; x_wconf 78' lang='grc' dir='ltr'>μεταλάϐοιεν</span> <span class='ocrx_word' id='word_1_171' title='bbox 1007 2198 1095 2245; x_wconf 89' lang='lat'><strong>;—</strong></span> <span class='ocrx_word' id='word_1_172' title='bbox 1113 2180 1481 2243; x_wconf 88' lang='grc' dir='ltr'>Παντάπασιν,</span> <span class='ocrx_word' id='word_1_173' title='bbox 1501 2181 1624 2251; x_wconf 76' lang='grc' dir='ltr'>ἔφη,</span> 
     </span>
    </p>
   </div>
   <div class='ocr_carea' id='block_1_24' title="bbox 111 2267 1629 2344">
    <p class='ocr_par' dir='ltr' id='par_1_24' title="bbox 111 2267 1629 2344">
     <span class='ocr_line' id='line_1_24' title="bbox 111 2267 1629 2344; baseline 0.001 -21"><span class='ocrx_word' id='word_1_174' title='bbox 111 2272 240 2335; x_wconf 80' lang='grc' dir='ltr'>δοκεῖς</span> <span class='ocrx_word' id='word_1_175' title='bbox 264 2292 361 2342; x_wconf 87' lang='grc' dir='ltr'>μοι,</span> <span class='ocrx_word' id='word_1_176' title='bbox 378 2267 419 2325; x_wconf 78' lang='grc' dir='ltr'><strong>ὦ</strong></span> <span class='ocrx_word' id='word_1_177' title='bbox 435 2272 742 2344; x_wconf 85' lang='grc' dir='ltr'>Σώκρατες,</span> <span class='ocrx_word' id='word_1_178' title='bbox 764 2272 933 2343; x_wconf 81' lang='grc' dir='ltr'><strong>ἀληθῆ</strong></span> <span class='ocrx_word' id='word_1_179' title='bbox 958 2272 1441 2341; x_wconf 76' lang='grc' dir='ltr'>λέγειν.-υὺκοῦν</span> <span class='ocrx_word' id='word_1_180' title='bbox 1469 2272 1629 2325; x_wconf 87' lang='grc' dir='ltr'>τιθῶ-</span> 
     </span>
    </p>
   </div>
   <div class='ocr_carea' id='block_1_25' title="bbox 113 2364 1630 2437">
    <p class='ocr_par' dir='ltr' id='par_1_25' title="bbox 113 2364 1630 2437">
     <span class='ocr_line' id='line_1_25' title="bbox 113 2364 1630 2437; baseline 0.002 -20"><span class='ocrx_word' id='word_1_181' title='bbox 113 2365 311 2433; x_wconf 54' lang='grc' dir='ltr'>διεκάτώ</span> <span class='ocrx_word' id='word_1_182' title='bbox 352 2366 586 2436; x_wconf 77' lang='grc' dir='ltr'>Ὀμήρου</span> <span class='ocrx_word' id='word_1_183' title='bbox 647 2364 961 2435; x_wconf 81' lang='grc' dir='ltr'>ἀρξάμενοι,</span> <span class='ocrx_word' id='word_1_184' title='bbox 1016 2366 1222 2429; x_wconf 86' lang='grc' dir='ltr'>πάντας</span> <span class='ocrx_word' id='word_1_185' title='bbox 1256 2368 1380 2430; x_wconf 78' lang='grc' dir='ltr'>τοὺς</span> <span class='ocrx_word' id='word_1_186' title='bbox 1422 2385 1630 2437; x_wconf 86' lang='grc' dir='ltr'>ποιητι-</span> 
     </span>
    </p>
   </div>
   <div class='ocr_carea' id='block_1_26' title="bbox 112 2453 1628 2527">
    <p class='ocr_par' dir='ltr' id='par_1_26' title="bbox 112 2453 1628 2527">
     <span class='ocr_line' id='line_1_26' title="bbox 112 2453 1628 2527; baseline 0.003 -20"><span class='ocrx_word' id='word_1_187' title='bbox 112 2457 204 2518; x_wconf 62' lang='grc' dir='ltr'>κοὺς</span> <span class='ocrx_word' id='word_1_188' title='bbox 229 2456 447 2527; x_wconf 73' lang='grc' dir='ltr'>μιμητὰς</span> <span class='ocrx_word' id='word_1_189' title='bbox 480 2456 715 2509; x_wconf 84' lang='grc' dir='ltr'>εἰδώλων</span> <span class='ocrx_word' id='word_1_190' title='bbox 749 2458 949 2527; x_wconf 83' lang='grc' dir='ltr'>ἀρετῆς</span> <span class='ocrx_word' id='word_1_191' title='bbox 990 2453 1152 2525; x_wconf 78' lang='grc' dir='ltr'>εἶναι,</span> <span class='ocrx_word' id='word_1_192' title='bbox 1185 2458 1406 2511; x_wconf 73' lang='grc' dir='ltr'>καὶτῶν</span> <span class='ocrx_word' id='word_1_193' title='bbox 1454 2458 1628 2512; x_wconf 81' lang='grc' dir='ltr'>ἄλλων</span> 
     </span>
    </p>
   </div>
   <div class='ocr_carea' id='block_1_27' title="bbox 111 2542 1625 2623">
    <p class='ocr_par' dir='ltr' id='par_1_27' title="bbox 111 2542 1625 2623">
     <span class='ocr_line' id='line_1_27' title="bbox 111 2542 1625 2623; baseline 0.004 -24"><span class='ocrx_word' id='word_1_194' title='bbox 111 2550 204 2618; x_wconf 66' lang='grc' dir='ltr'>περὶ</span> <span class='ocrx_word' id='word_1_195' title='bbox 226 2542 287 2601; x_wconf 81' lang='grc' dir='ltr'>ὧν</span> <span class='ocrx_word' id='word_1_196' title='bbox 310 2550 534 2611; x_wconf 81' lang='grc' dir='ltr'>ποιοῦσι,</span> <span class='ocrx_word' id='word_1_197' title='bbox 569 2552 670 2621; x_wconf 84' lang='grc' dir='ltr'><strong>τῆς</strong></span> <span class='ocrx_word' id='word_1_198' title='bbox 696 2550 740 2601; x_wconf 79' lang='grc' dir='ltr'>δ’</span> <span class='ocrx_word' id='word_1_199' title='bbox 761 2549 1015 2621; x_wconf 82' lang='grc' dir='ltr'>ἀληθείας</span> <span class='ocrx_word' id='word_1_200' title='bbox 1046 2552 1142 2623; x_wconf 78' lang='grc' dir='ltr'>οὐχ</span> <span class='ocrx_word' id='word_1_201' title='bbox 1172 2551 1457 2605; x_wconf 75' lang='grc' dir='ltr'>ἅπτεσθαι·</span> <span class='ocrx_word' id='word_1_202' title='bbox 1490 2552 1625 2618; x_wconf 81' lang='grc' dir='ltr'>ἀλλ’,</span> 
     </span>
    </p>
   </div>
   <div class='ocr_carea' id='block_1_28' title="bbox 110 2636 1629 2717">
    <p class='ocr_par' dir='ltr' id='par_1_28' title="bbox 110 2636 1629 2717">
     <span class='ocr_line' id='line_1_28' title="bbox 110 2636 1629 2717; baseline 0.004 -25"><span class='ocrx_word' id='word_1_203' title='bbox 110 2639 251 2711; x_wconf 73' lang='grc' dir='ltr'>ὥσπερ</span> <span class='ocrx_word' id='word_1_204' title='bbox 271 2642 354 2694; x_wconf 81' lang='grc' dir='ltr'><strong>νῦν</strong></span> <span class='ocrx_word' id='word_1_205' title='bbox 374 2642 435 2713; x_wconf 83' lang='grc' dir='ltr'>δὴ</span> <span class='ocrx_word' id='word_1_206' title='bbox 462 2636 744 2713; x_wconf 75' lang='grc' dir='ltr'>ἐλέγομεν,</span> <span class='ocrx_word' id='word_1_207' title='bbox 762 2644 789 2694; x_wconf 86' lang='grc' dir='ltr'>ὁ</span> <span class='ocrx_word' id='word_1_208' title='bbox 809 2643 1095 2714; x_wconf 74' lang='grc' dir='ltr'>ζωγράφος</span> <span class='ocrx_word' id='word_1_209' title='bbox 1120 2645 1445 2714; x_wconf 82' lang='grc' dir='ltr'>σκυτοτόμον</span> <span class='ocrx_word' id='word_1_210' title='bbox 1474 2646 1629 2717; x_wconf 87' lang='grc' dir='ltr'>ποιή-</span> 
     </span>
    </p>
   </div>
   <div class='ocr_carea' id='block_1_29' title="bbox 112 2730 1630 2806">
    <p class='ocr_par' dir='ltr' id='par_1_29' title="bbox 112 2730 1630 2806">
     <span class='ocr_line' id='line_1_29' title="bbox 112 2730 1630 2806; baseline 0.005 -24"><span class='ocrx_word' id='word_1_211' title='bbox 112 2747 170 2783; x_wconf 76' lang='grc' dir='ltr'><strong>σει</strong></span> <span class='ocrx_word' id='word_1_212' title='bbox 189 2731 413 2787; x_wconf 77' lang='grc' dir='ltr'>δοκοῦντα</span> <span class='ocrx_word' id='word_1_213' title='bbox 438 2730 602 2797; x_wconf 77' lang='grc' dir='ltr'>εἶναι,</span> <span class='ocrx_word' id='word_1_214' title='bbox 627 2735 783 2796; x_wconf 77' lang='grc' dir='ltr'>αὐτὸς</span> <span class='ocrx_word' id='word_1_215' title='bbox 810 2735 867 2787; x_wconf 80' lang='grc' dir='ltr'>δὲ</span> <span class='ocrx_word' id='word_1_216' title='bbox 905 2735 1002 2787; x_wconf 78' lang='grc' dir='ltr'><strong>οὐκ</strong></span> <span class='ocrx_word' id='word_1_217' title='bbox 1053 2736 1257 2787; x_wconf 76' lang='grc' dir='ltr'>ὲπαῖων</span> <span class='ocrx_word' id='word_1_218' title='bbox 1281 2738 1406 2806; x_wconf 71' lang='grc' dir='ltr'>περὶ</span> <span class='ocrx_word' id='word_1_219' title='bbox 1437 2754 1630 2789; x_wconf 85' lang='grc' dir='ltr'>σκυτο-</span> 
     </span>
    </p>
   </div>
   <div class='ocr_carea' id='block_1_30' title="bbox 110 2824 1629 2899">
    <p class='ocr_par' dir='ltr' id='par_1_30' title="bbox 110 2824 1629 2899">
     <span class='ocr_line' id='line_1_30' title="bbox 110 2824 1629 2899; baseline 0.003 -23"><span class='ocrx_word' id='word_1_220' title='bbox 110 2824 273 2891; x_wconf 77' lang='grc' dir='ltr'>τομίας,</span> <span class='ocrx_word' id='word_1_221' title='bbox 302 2826 387 2878; x_wconf 69' lang='lat' dir='ltr'><strong>xui.</strong></span> <span class='ocrx_word' id='word_1_222' title='bbox 416 2829 532 2890; x_wconf 84' lang='grc' dir='ltr'>τοῖς</span> <span class='ocrx_word' id='word_1_223' title='bbox 572 2826 646 2897; x_wconf 84' lang='grc' dir='ltr'>μὴ</span> <span class='ocrx_word' id='word_1_224' title='bbox 678 2828 978 2889; x_wconf 78' lang='grc' dir='ltr'>ἐπαΐουσιν,</span> <span class='ocrx_word' id='word_1_225' title='bbox 1015 2827 1078 2879; x_wconf 83' lang='grc' dir='ltr'>ἐκ</span> <span class='ocrx_word' id='word_1_226' title='bbox 1103 2828 1210 2880; x_wconf 83' lang='grc' dir='ltr'><strong>τῶν</strong></span> <span class='ocrx_word' id='word_1_227' title='bbox 1238 2829 1543 2899; x_wconf 85' lang='grc' dir='ltr'>χρωμάτων</span> <span class='ocrx_word' id='word_1_228' title='bbox 1572 2830 1629 2882; x_wconf 79' lang='grc' dir='ltr'><strong>δὲ</strong></span> 
     </span>
    </p>
   </div>
   <div class='ocr_carea' id='block_1_31' title="bbox 109 2913 1629 2990">
    <p class='ocr_par' dir='ltr' id='par_1_31' title="bbox 109 2913 1629 2990">
     <span class='ocr_line' id='line_1_31' title="bbox 109 2913 1629 2990; baseline 0.007 -27"><span class='ocrx_word' id='word_1_229' title='bbox 109 2913 177 2964; x_wconf 69' lang='grc' dir='ltr'><strong>καὶ</strong></span> <span class='ocrx_word' id='word_1_230' title='bbox 228 2918 497 2986; x_wconf 62' lang='grc' dir='ltr'>σχημάτων</span> <span class='ocrx_word' id='word_1_231' title='bbox 560 2918 843 2990; x_wconf 74' lang='grc' dir='ltr'>θεωροῦσι.</span> <span class='ocrx_word' id='word_1_232' title='bbox 866 2950 933 2958; x_wconf 91' lang='lat'><strong>-—</strong></span> <span class='ocrx_word' id='word_1_233' title='bbox 954 2920 1100 2972; x_wconf 88' lang='grc' dir='ltr'>Πάνυ</span> <span class='ocrx_word' id='word_1_234' title='bbox 1139 2920 1236 2989; x_wconf 80' lang='grc' dir='ltr'>μὲν</span> <span class='ocrx_word' id='word_1_235' title='bbox 1261 2915 1371 2973; x_wconf 81' lang='grc' dir='ltr'>οὖν.</span> <span class='ocrx_word' id='word_1_236' title='bbox 1391 2950 1459 2960; x_wconf 79' lang='grc'><strong>--</strong></span> <span class='ocrx_word' id='word_1_237' title='bbox 1476 2920 1629 2973; x_wconf 82' lang='grc' dir='ltr'>Οῦτω</span> 
     </span>
    </p>
   </div>
   <div class='ocr_carea' id='block_1_32' title="bbox 108 3002 1629 3083">
    <p class='ocr_par' dir='ltr' id='par_1_32' title="bbox 108 3002 1629 3083">
     <span class='ocr_line' id='line_1_32' title="bbox 108 3002 1629 3083; baseline 0.006 -27"><span class='ocrx_word' id='word_1_238' title='bbox 108 3004 167 3074; x_wconf 69' lang='grc' dir='ltr'><strong>δὴ,</strong></span> <span class='ocrx_word' id='word_1_239' title='bbox 188 3002 334 3077; x_wconf 66' lang='grc' dir='ltr'>οἶμαι,</span> <span class='ocrx_word' id='word_1_240' title='bbox 367 3011 458 3063; x_wconf 78' lang='grc' dir='ltr'>καὶ</span> <span class='ocrx_word' id='word_1_241' title='bbox 485 3011 583 3065; x_wconf 75' lang='grc' dir='ltr'>τὸν</span> <span class='ocrx_word' id='word_1_242' title='bbox 632 3012 913 3082; x_wconf 78' lang='grc' dir='ltr'>ποιητικὸν</span> <span class='ocrx_word' id='word_1_243' title='bbox 941 3012 1181 3082; x_wconf 78' lang='grc' dir='ltr'>φήσομεν</span> <span class='ocrx_word' id='word_1_244' title='bbox 1209 3013 1473 3083; x_wconf 82' lang='grc' dir='ltr'>χρώματα</span> <span class='ocrx_word' id='word_1_245' title='bbox 1494 3014 1629 3067; x_wconf 83' lang='grc' dir='ltr'>ἄττα</span> 
     </span>
    </p>
   </div>
   <div class='ocr_carea' id='block_1_33' title="bbox 106 3098 1629 3177">
    <p class='ocr_par' dir='ltr' id='par_1_33' title="bbox 106 3098 1629 3177">
     <span class='ocr_line' id='line_1_33' title="bbox 106 3098 1629 3177; baseline 0.007 -30"><span class='ocrx_word' id='word_1_246' title='bbox 106 3098 272 3169; x_wconf 75' lang='grc' dir='ltr'>ἑκάστῳ</span> <span class='ocrx_word' id='word_1_247' title='bbox 293 3102 359 3168; x_wconf 83' lang='grc'><strong>(6)</strong></span> <span class='ocrx_word' id='word_1_248' title='bbox 375 3103 479 3157; x_wconf 85' lang='grc' dir='ltr'><strong>τῶν</strong></span> <span class='ocrx_word' id='word_1_249' title='bbox 501 3102 706 3173; x_wconf 84' lang='grc' dir='ltr'>τεχνῶν</span> <span class='ocrx_word' id='word_1_250' title='bbox 731 3106 844 3166; x_wconf 87' lang='grc' dir='ltr'>τοῖς</span> <span class='ocrx_word' id='word_1_251' title='bbox 872 3105 1097 3174; x_wconf 82' lang='grc' dir='ltr'>ὀνόμασι</span> <span class='ocrx_word' id='word_1_252' title='bbox 1132 3104 1225 3157; x_wconf 73' lang='grc' dir='ltr'><strong>καὶ</strong></span> <span class='ocrx_word' id='word_1_253' title='bbox 1252 3106 1489 3177; x_wconf 79' lang='grc' dir='ltr'>ῥήμασιν</span> <span class='ocrx_word' id='word_1_254' title='bbox 1511 3107 1629 3157; x_wconf 84' lang='grc' dir='ltr'>ὲπι-</span> 
     </span>
    </p>
   </div>
   <div class='ocr_carea' id='block_1_34' title="bbox 1734 620 3311 693">
    <p class='ocr_par' dir='ltr' id='par_1_34' title="bbox 1734 620 3311 693">
     <span class='ocr_line' id='line_1_34' title="bbox 1734 620 3311 693; baseline -0.004 -15"><span class='ocrx_word' id='word_1_255' title='bbox 1734 634 1910 678; x_wconf 86' lang='lat' dir='ltr'><strong>tnrnm</strong></span> <span class='ocrx_word' id='word_1_256' title='bbox 1946 626 2049 678; x_wconf 85' lang='lat' dir='ltr'><strong>hoc</strong></span> <span class='ocrx_word' id='word_1_257' title='bbox 2090 625 2144 678; x_wconf 89' lang='lat' dir='ltr'><strong>in</strong></span> <span class='ocrx_word' id='word_1_258' title='bbox 2193 638 2389 693; x_wconf 79' lang='lat' dir='ltr'><strong>genere</strong></span> <span class='ocrx_word' id='word_1_259' title='bbox 2435 621 2880 690; x_wconf 75' lang='lat' dir='ltr'><strong>approbationem</strong></span> <span class='ocrx_word' id='word_1_260' title='bbox 2915 622 3103 676; x_wconf 89' lang='lat' dir='ltr'><strong>habuit</strong></span> <span class='ocrx_word' id='word_1_261' title='bbox 3152 620 3311 689; x_wconf 83' lang='lat' dir='ltr'><strong>plane</strong></span> 
     </span>
    </p>
   </div>
   <div class='ocr_carea' id='block_1_35' title="bbox 1733 711 3315 786">
    <p class='ocr_par' dir='ltr' id='par_1_35' title="bbox 1733 711 3315 786">
     <span class='ocr_line' id='line_1_35' title="bbox 1733 711 3315 786; baseline -0.005 -15"><span class='ocrx_word' id='word_1_262' title='bbox 1733 718 2083 786; x_wconf 82' lang='lat' dir='ltr'><strong>singularem,</strong></span> <span class='ocrx_word' id='word_1_263' title='bbox 2114 726 2225 769; x_wconf 83' lang='lat' dir='ltr'><strong>turn</strong></span> <span class='ocrx_word' id='word_1_264' title='bbox 2265 715 2426 768; x_wconf 85' lang='lat' dir='ltr'><strong>etiam</strong></span> <span class='ocrx_word' id='word_1_265' title='bbox 2473 715 2727 767; x_wconf 82' lang='lat' dir='ltr'><strong>exstitere</strong></span> <span class='ocrx_word' id='word_1_266' title='bbox 2773 714 3049 783; x_wconf 81' lang='lat' dir='ltr'><strong>deinceps,</strong></span> <span class='ocrx_word' id='word_1_267' title='bbox 3086 715 3177 783; x_wconf 86' lang='lat' dir='ltr'><strong>qui</strong></span> <span class='ocrx_word' id='word_1_268' title='bbox 3207 711 3315 782; x_wconf 82' lang='lat' dir='ltr'><strong>Py-</strong></span> 
     </span>
    </p>
   </div>
   <div class='ocr_carea' id='block_1_36' title="bbox 1733 808 3312 876">
    <p class='ocr_par' dir='ltr' id='par_1_36' title="bbox 1733 808 3312 876">
     <span class='ocr_line' id='line_1_36' title="bbox 1733 808 3312 876; baseline -0.002 -15"><span class='ocrx_word' id='word_1_269' title='bbox 1733 810 2072 874; x_wconf 81' lang='lat' dir='ltr'><strong>thagoream,</strong></span> <span class='ocrx_word' id='word_1_270' title='bbox 2111 818 2169 862; x_wconf 89' lang='lat' dir='ltr'><strong>ut</strong></span> <span class='ocrx_word' id='word_1_271' title='bbox 2194 817 2409 869; x_wconf 85' lang='lat' dir='ltr'><strong>voeant,</strong></span> <span class='ocrx_word' id='word_1_272' title='bbox 2439 808 2561 859; x_wconf 61' lang='lat' dir='ltr'><strong>vita:</strong></span> <span class='ocrx_word' id='word_1_273' title='bbox 2591 808 2861 861; x_wconf 89' lang='lat' dir='ltr'><strong>rationem</strong></span> <span class='ocrx_word' id='word_1_274' title='bbox 2894 808 3161 876; x_wconf 80' lang='lat' dir='ltr'><strong>hodieque</strong></span> <span class='ocrx_word' id='word_1_275' title='bbox 3182 822 3312 875; x_wconf 88' lang='lat' dir='ltr'><strong>pro-</strong></span> 
     </span>
    </p>
   </div>
   <div class='ocr_carea' id='block_1_37' title="bbox 1733 898 3313 963">
    <p class='ocr_par' dir='ltr' id='par_1_37' title="bbox 1733 898 3313 963">
     <span class='ocr_line' id='line_1_37' title="bbox 1733 898 3313 963; baseline -0.002 -8"><span class='ocrx_word' id='word_1_276' title='bbox 1733 904 1979 963; x_wconf 84' lang='lat' dir='ltr'><strong>ﬁtentes,</strong></span> <span class='ocrx_word' id='word_1_277' title='bbox 2018 902 2159 956; x_wconf 92' lang='lat' dir='ltr'><strong>inter</strong></span> <span class='ocrx_word' id='word_1_278' title='bbox 2202 913 2426 956; x_wconf 72' lang='lat' dir='ltr'><strong>caeteros</strong></span> <span class='ocrx_word' id='word_1_279' title='bbox 2472 901 2710 955; x_wconf 85' lang='lat' dir='ltr'><strong>eminere</strong></span> <span class='ocrx_word' id='word_1_280' title='bbox 2758 898 3213 955; x_wconf 82' lang='lat' dir='ltr'><strong>videantur.—Ne</strong></span> <span class='ocrx_word' id='word_1_281' title='bbox 3260 898 3313 952; x_wconf 89' lang='lat' dir='ltr'><strong>id</strong></span> 
     </span>
    </p>
   </div>
   <div class='ocr_carea' id='block_1_38' title="bbox 1732 990 3313 1063">
    <p class='ocr_par' dir='ltr' id='par_1_38' title="bbox 1732 990 3313 1063">
     <span class='ocr_line' id='line_1_38' title="bbox 1732 990 3313 1063; baseline -0.003 -17"><span class='ocrx_word' id='word_1_282' title='bbox 1732 994 1975 1062; x_wconf 90' lang='lat' dir='ltr'><strong>quidem.</strong></span> <span class='ocrx_word' id='word_1_283' title='bbox 2036 990 2169 1045; x_wconf 85' lang='lat' dir='ltr'><strong>Nam</strong></span> <span class='ocrx_word' id='word_1_284' title='bbox 2218 992 2539 1061; x_wconf 63' lang='lat' dir='ltr'><strong>Creopllilns</strong></span> <span class='ocrx_word' id='word_1_285' title='bbox 2573 993 2813 1063; x_wconf 83' lang='lat' dir='ltr'><strong>quidem,</strong></span> <span class='ocrx_word' id='word_1_286' title='bbox 2865 1007 2897 1045; x_wconf 90' lang='grc' dir='ltr'><strong>ο</strong></span> <span class='ocrx_word' id='word_1_287' title='bbox 2930 991 3214 1055; x_wconf 75' lang='lat' dir='ltr'><strong>Socrates,</strong></span> <span class='ocrx_word' id='word_1_288' title='bbox 3265 991 3313 1043; x_wconf 87' lang='lat' dir='ltr'><strong>is</strong></span> 
     </span>
    </p>
   </div>
   <div class='ocr_carea' id='block_1_39' title="bbox 1731 1081 3311 1155">
    <p class='ocr_par' dir='ltr' id='par_1_39' title="bbox 1731 1081 3311 1155">
     <span class='ocr_line' id='line_1_39' title="bbox 1731 1081 3311 1155; baseline -0.002 -18"><span class='ocrx_word' id='word_1_289' title='bbox 1731 1086 1826 1155; x_wconf 90' lang='lat' dir='ltr'><strong>qui</strong></span> <span class='ocrx_word' id='word_1_290' title='bbox 1870 1083 2088 1138; x_wconf 81' lang='lat' dir='ltr'><strong>Homeri</strong></span> <span class='ocrx_word' id='word_1_291' title='bbox 2135 1082 2319 1137; x_wconf 90' lang='lat' dir='ltr'><strong>socius</strong></span> <span class='ocrx_word' id='word_1_292' title='bbox 2372 1084 2540 1138; x_wconf 81' lang='lat' dir='ltr'><strong>fuisse</strong></span> <span class='ocrx_word' id='word_1_293' title='bbox 2571 1084 2791 1147; x_wconf 91' lang='lat' dir='ltr'><strong>dicitur,</strong></span> <span class='ocrx_word' id='word_1_294' title='bbox 2835 1083 3123 1151; x_wconf 84' lang='lat' dir='ltr'><strong>disciplina</strong></span> <span class='ocrx_word' id='word_1_295' title='bbox 3174 1081 3311 1134; x_wconf 78' lang='lat' dir='ltr'><strong>forte</strong></span> 
     </span>
    </p>
   </div>
   <div class='ocr_carea' id='block_1_40' title="bbox 1733 1174 3312 1244">
    <p class='ocr_par' dir='ltr' id='par_1_40' title="bbox 1733 1174 3312 1244">
     <span class='ocr_line' id='line_1_40' title="bbox 1733 1174 3312 1244; baseline -0.001 -15"><span class='ocrx_word' id='word_1_296' title='bbox 1733 1175 1948 1243; x_wconf 86' lang='lat' dir='ltr'><strong>magis,</strong></span> <span class='ocrx_word' id='word_1_297' title='bbox 1978 1191 2142 1244; x_wconf 90' lang='lat' dir='ltr'><strong>quam</strong></span> <span class='ocrx_word' id='word_1_298' title='bbox 2195 1175 2415 1229; x_wconf 88' lang='lat' dir='ltr'><strong>nomine</strong></span> <span class='ocrx_word' id='word_1_299' title='bbox 2465 1175 2584 1244; x_wconf 89' lang='lat' dir='ltr'><strong>ipso</strong></span> <span class='ocrx_word' id='word_1_300' title='bbox 2633 1174 2895 1227; x_wconf 79' lang='lat' dir='ltr'><strong>ridiculus</strong></span> <span class='ocrx_word' id='word_1_301' title='bbox 2949 1174 3312 1243; x_wconf 85' lang='lat' dir='ltr'><strong>appareat,si</strong></span> 
     </span>
    </p>
   </div>
   <div class='ocr_carea' id='block_1_41' title="bbox 1733 1265 3309 1335">
    <p class='ocr_par' dir='ltr' id='par_1_41' title="bbox 1733 1265 3309 1335">
     <span class='ocr_line' id='line_1_41' title="bbox 1733 1265 3309 1335; baseline -0.001 -15"><span class='ocrx_word' id='word_1_302' title='bbox 1733 1282 1860 1321; x_wconf 89' lang='lat' dir='ltr'><strong>vera</strong></span> <span class='ocrx_word' id='word_1_303' title='bbox 1912 1266 2075 1319; x_wconf 88' lang='lat' dir='ltr'><strong>modo</strong></span> <span class='ocrx_word' id='word_1_304' title='bbox 2131 1266 2261 1328; x_wconf 89' lang='lat' dir='ltr'><strong>sint,</strong></span> <span class='ocrx_word' id='word_1_305' title='bbox 2318 1282 2439 1335; x_wconf 67' lang='lat' dir='ltr'><strong>quae</strong></span> <span class='ocrx_word' id='word_1_306' title='bbox 2496 1265 2561 1320; x_wconf 89' lang='lat' dir='ltr'><strong>de</strong></span> <span class='ocrx_word' id='word_1_307' title='bbox 2610 1265 2848 1320; x_wconf 81' lang='lat' dir='ltr'><strong>Homero</strong></span> <span class='ocrx_word' id='word_1_308' title='bbox 2898 1266 3309 1320; x_wconf 83' lang='lat' dir='ltr'><strong>circumferunt.</strong></span> 
     </span>
    </p>
   </div>
   <div class='ocr_carea' id='block_1_42' title="bbox 1734 1358 3319 1428">
    <p class='ocr_par' dir='ltr' id='par_1_42' title="bbox 1734 1358 3319 1428">
     <span class='ocr_line' id='line_1_42' title="bbox 1734 1358 3319 1428; baseline 0 -15"><span class='ocrx_word' id='word_1_309' title='bbox 1734 1359 1961 1428; x_wconf 80' lang='lat' dir='ltr'><strong>Quippe,</strong></span> <span class='ocrx_word' id='word_1_310' title='bbox 2024 1359 2172 1412; x_wconf 92' lang='lat' dir='ltr'><strong>illum</strong></span> <span class='ocrx_word' id='word_1_311' title='bbox 2217 1359 2382 1422; x_wconf 89' lang='lat' dir='ltr'><strong>enim,</strong></span> <span class='ocrx_word' id='word_1_312' title='bbox 2437 1358 2599 1412; x_wconf 86' lang='lat' dir='ltr'><strong>etiam</strong></span> <span class='ocrx_word' id='word_1_313' title='bbox 2643 1359 2771 1412; x_wconf 91' lang='lat' dir='ltr'><strong>dum</strong></span> <span class='ocrx_word' id='word_1_314' title='bbox 2816 1359 3040 1423; x_wconf 90' lang='lat' dir='ltr'><strong>viveret,</strong></span> <span class='ocrx_word' id='word_1_315' title='bbox 3077 1359 3145 1412; x_wconf 88' lang='lat' dir='ltr'><strong>ab</strong></span> <span class='ocrx_word' id='word_1_316' title='bbox 3198 1358 3319 1413; x_wconf 83' lang='lat' dir='ltr'><strong>suis</strong></span> 
     </span>
    </p>
   </div>
   <div class='ocr_carea' id='block_1_43' title="bbox 1732 1450 3315 1521">
    <p class='ocr_par' dir='ltr' id='par_1_43' title="bbox 1732 1450 3315 1521">
     <span class='ocr_line' id='line_1_43' title="bbox 1732 1450 3315 1521; baseline -0.003 -16"><span class='ocrx_word' id='word_1_317' title='bbox 1732 1452 2030 1521; x_wconf 63' lang='lat' dir='ltr'><strong>aequalibus</strong></span> <span class='ocrx_word' id='word_1_318' title='bbox 2056 1451 2358 1521; x_wconf 84' lang='lat' dir='ltr'><strong>neglectum</strong></span> <span class='ocrx_word' id='word_1_319' title='bbox 2388 1450 2678 1503; x_wconf 84' lang='lat' dir='ltr'><strong>admodum</strong></span> <span class='ocrx_word' id='word_1_320' title='bbox 2730 1450 2897 1505; x_wconf 83' lang='lat' dir='ltr'><strong>fuisse</strong></span> <span class='ocrx_word' id='word_1_321' title='bbox 2946 1458 3189 1504; x_wconf 85' lang='lat' dir='ltr'><strong>narrant.</strong></span> <span class='ocrx_word' id='word_1_322' title='bbox 3245 1480 3315 1492; x_wconf 90' lang='lat'><strong>--</strong></span> 
     </span>
    </p>
   </div>
   <div class='ocr_carea' id='block_1_44' title="bbox 1730 1539 3290 1609">
    <p class='ocr_par' dir='ltr' id='par_1_44' title="bbox 1730 1539 3290 1609">
     <span class='ocr_line' id='line_1_44' title="bbox 1730 1539 3290 1609; baseline 0.001 -15"><span class='ocrx_word' id='word_1_323' title='bbox 1730 1540 1965 1595; x_wconf 87' lang='lat' dir='ltr'><strong>Narrant</strong></span> <span class='ocrx_word' id='word_1_324' title='bbox 1998 1556 2148 1600; x_wconf 88' lang='lat' dir='ltr'><strong>sane,</strong></span> <span class='ocrx_word' id='word_1_325' title='bbox 2185 1541 2429 1609; x_wconf 85' lang='lat' dir='ltr'><strong>inquam.</strong></span> <span class='ocrx_word' id='word_1_326' title='bbox 2484 1539 2722 1596; x_wconf 83' lang='lat' dir='ltr'><strong>Putasne</strong></span> <span class='ocrx_word' id='word_1_327' title='bbox 2771 1558 2919 1606; x_wconf 89' lang='lat' dir='ltr'><strong>vero,</strong></span> <span class='ocrx_word' id='word_1_328' title='bbox 2961 1543 3031 1594; x_wconf 92' lang='lat' dir='ltr'><strong>mi</strong></span> <span class='ocrx_word' id='word_1_329' title='bbox 3062 1541 3290 1603; x_wconf 86' lang='lat' dir='ltr'><strong>Glauco,</strong></span> 
     </span>
    </p>
   </div>
   <div class='ocr_carea' id='block_1_45' title="bbox 1734 1634 3316 1704">
    <p class='ocr_par' dir='ltr' id='par_1_45' title="bbox 1734 1634 3316 1704">
     <span class='ocr_line' id='line_1_45' title="bbox 1734 1634 3316 1704; baseline 0.002 -20"><span class='ocrx_word' id='word_1_330' title='bbox 1734 1634 2050 1695; x_wconf 84' lang='lat' dir='ltr'><strong>Homerum,</strong></span> <span class='ocrx_word' id='word_1_331' title='bbox 2072 1634 2115 1688; x_wconf 92' lang='lat' dir='ltr'><strong>si</strong></span> <span class='ocrx_word' id='word_1_332' title='bbox 2137 1650 2257 1688; x_wconf 83' lang='lat' dir='ltr'><strong>vere</strong></span> <span class='ocrx_word' id='word_1_333' title='bbox 2280 1634 2798 1702; x_wconf 82' lang='lat' dir='ltr'><strong>hominestanquam</strong></span> <span class='ocrx_word' id='word_1_334' title='bbox 2836 1635 2887 1687; x_wconf 93' lang='lat' dir='ltr'><strong>in</strong></span> <span class='ocrx_word' id='word_1_335' title='bbox 2914 1650 3103 1688; x_wconf 84' lang='lat' dir='ltr'><strong>eorum</strong></span> <span class='ocrx_word' id='word_1_336' title='bbox 3132 1635 3316 1704; x_wconf 84' lang='lat' dir='ltr'><strong>cogni-</strong></span> 
     </span>
    </p>
   </div>
   <div class='ocr_carea' id='block_1_46' title="bbox 1736 1724 3315 1801">
    <p class='ocr_par' dir='ltr' id='par_1_46' title="bbox 1736 1724 3315 1801">
     <span class='ocr_line' id='line_1_46' title="bbox 1736 1724 3315 1801; baseline 0.001 -24"><span class='ocrx_word' id='word_1_337' title='bbox 1736 1724 1880 1778; x_wconf 90' lang='lat' dir='ltr'><strong>tione</strong></span> <span class='ocrx_word' id='word_1_338' title='bbox 1938 1725 2119 1792; x_wconf 86' lang='lat' dir='ltr'><strong>potius</strong></span> <span class='ocrx_word' id='word_1_339' title='bbox 2167 1740 2329 1792; x_wconf 89' lang='lat' dir='ltr'><strong>quam</strong></span> <span class='ocrx_word' id='word_1_340' title='bbox 2380 1725 2680 1779; x_wconf 88' lang='lat' dir='ltr'><strong>imitatione</strong></span> <span class='ocrx_word' id='word_1_341' title='bbox 2725 1736 2993 1801; x_wconf 68' lang='lat' dir='ltr'><strong>versatus,</strong></span> <span class='ocrx_word' id='word_1_342' title='bbox 3031 1728 3315 1781; x_wconf 87' lang='lat' dir='ltr'><strong>instituere</strong></span> 
     </span>
    </p>
   </div>
   <div class='ocr_carea' id='block_1_47' title="bbox 1735 1813 3312 1883">
    <p class='ocr_par' dir='ltr' id='par_1_47' title="bbox 1735 1813 3312 1883">
     <span class='ocr_line' id='line_1_47' title="bbox 1735 1813 3312 1883; baseline 0.001 -15"><span class='ocrx_word' id='word_1_343' title='bbox 1735 1830 1797 1868; x_wconf 93' lang='lat' dir='ltr'><strong>ac</strong></span> <span class='ocrx_word' id='word_1_344' title='bbox 1829 1814 2079 1867; x_wconf 80' lang='lat' dir='ltr'><strong>meliores</strong></span> <span class='ocrx_word' id='word_1_345' title='bbox 2136 1813 2354 1868; x_wconf 82' lang='lat' dir='ltr'><strong>efﬁcere</strong></span> <span class='ocrx_word' id='word_1_346' title='bbox 2385 1815 2670 1883; x_wconf 89' lang='lat' dir='ltr'><strong>potuisset,</strong></span> <span class='ocrx_word' id='word_1_347' title='bbox 2707 1815 2909 1869; x_wconf 87' lang='lat' dir='ltr'><strong>amicos</strong></span> <span class='ocrx_word' id='word_1_348' title='bbox 2943 1816 3045 1869; x_wconf 89' lang='lat' dir='ltr'><strong>sibi</strong></span> <span class='ocrx_word' id='word_1_349' title='bbox 3068 1816 3312 1870; x_wconf 87' lang='lat' dir='ltr'><strong>sodales-</strong></span> 
     </span>
    </p>
   </div>
   <div class='ocr_carea' id='block_1_48' title="bbox 1733 1906 3319 1977">
    <p class='ocr_par' dir='ltr' id='par_1_48' title="bbox 1733 1906 3319 1977">
     <span class='ocr_line' id='line_1_48' title="bbox 1733 1906 3319 1977; baseline 0.001 -19"><span class='ocrx_word' id='word_1_350' title='bbox 1733 1906 2012 1976; x_wconf 79' lang='lat' dir='ltr'><strong>que620</strong></span> <span class='ocrx_word' id='word_1_351' title='bbox 2038 1906 2304 1975; x_wconf 92' lang='lat' dir='ltr'><strong>plurimos</strong></span> <span class='ocrx_word' id='word_1_352' title='bbox 2334 1920 2777 1977; x_wconf 90' lang='lat' dir='ltr'><strong>comparatnrum</strong></span> <span class='ocrx_word' id='word_1_353' title='bbox 2803 1924 2910 1961; x_wconf 94' lang='lat' dir='ltr'><strong>non</strong></span> <span class='ocrx_word' id='word_1_354' title='bbox 2939 1908 3128 1968; x_wconf 82' lang='lat' dir='ltr'><strong>fuisse,</strong></span> <span class='ocrx_word' id='word_1_355' title='bbox 3146 1923 3173 1960; x_wconf 90' lang='lat' dir='ltr'><strong>a</strong></span> <span class='ocrx_word' id='word_1_356' title='bbox 3193 1910 3319 1977; x_wconf 85' lang='lat' dir='ltr'><strong>qui-</strong></span> 
     </span>
    </p>
   </div>
   <div class='ocr_carea' id='block_1_49' title="bbox 1730 1997 3311 2054">
    <p class='ocr_par' dir='ltr' id='par_1_49' title="bbox 1730 1997 3311 2054">
     <span class='ocr_line' id='line_1_49' title="bbox 1730 1997 3311 2054; baseline 0 -3"><span class='ocrx_word' id='word_1_357' title='bbox 1730 1997 1832 2051; x_wconf 89' lang='lat' dir='ltr'><strong>bus</strong></span> <span class='ocrx_word' id='word_1_358' title='bbox 1878 2007 1933 2050; x_wconf 92' lang='lat' dir='ltr'><strong>et</strong></span> <span class='ocrx_word' id='word_1_359' title='bbox 1981 1999 2371 2052; x_wconf 89' lang='lat' dir='ltr'><strong>observaretur</strong></span> <span class='ocrx_word' id='word_1_360' title='bbox 2418 2008 2472 2052; x_wconf 92' lang='lat' dir='ltr'><strong>et</strong></span> <span class='ocrx_word' id='word_1_361' title='bbox 2520 2001 2828 2053; x_wconf 87' lang='lat' dir='ltr'><strong>amaretur?</strong></span> <span class='ocrx_word' id='word_1_362' title='bbox 2871 1999 3161 2054; x_wconf 82' lang='lat' dir='ltr'><strong>Enimvero</strong></span> <span class='ocrx_word' id='word_1_363' title='bbox 3188 2016 3311 2054; x_wconf 85' lang='lat' dir='ltr'><strong>cum</strong></span> 
     </span>
    </p>
   </div>
   <div class='ocr_carea' id='block_1_50' title="bbox 1729 2086 3308 2156">
    <p class='ocr_par' dir='ltr' id='par_1_50' title="bbox 1729 2086 3308 2156">
     <span class='ocr_line' id='line_1_50' title="bbox 1729 2086 3308 2156; baseline 0.001 -15"><span class='ocrx_word' id='word_1_364' title='bbox 1729 2096 1784 2141; x_wconf 91' lang='lat' dir='ltr'><strong>et</strong></span> <span class='ocrx_word' id='word_1_365' title='bbox 1807 2086 2135 2156; x_wconf 82' lang='lat' dir='ltr'><strong>Protagoras</strong></span> <span class='ocrx_word' id='word_1_366' title='bbox 2161 2088 2469 2153; x_wconf 84' lang='lat' dir='ltr'><strong>Abderites,</strong></span> <span class='ocrx_word' id='word_1_367' title='bbox 2495 2099 2548 2145; x_wconf 89' lang='lat' dir='ltr'><strong>et</strong></span> <span class='ocrx_word' id='word_1_368' title='bbox 2577 2089 2839 2145; x_wconf 88' lang='lat' dir='ltr'><strong>Prodicus</strong></span> <span class='ocrx_word' id='word_1_369' title='bbox 2870 2092 2957 2145; x_wconf 90' lang='lat' dir='ltr'><strong>ille</strong></span> <span class='ocrx_word' id='word_1_370' title='bbox 2980 2090 3170 2155; x_wconf 90' lang='lat' dir='ltr'><strong>Chius,</strong></span> <span class='ocrx_word' id='word_1_371' title='bbox 3194 2090 3308 2145; x_wconf 90' lang='lat' dir='ltr'><strong>alii-</strong></span> 
     </span>
    </p>
   </div>
   <div class='ocr_carea' id='block_1_51' title="bbox 1729 2180 3317 2250">
    <p class='ocr_par' dir='ltr' id='par_1_51' title="bbox 1729 2180 3317 2250">
     <span class='ocr_line' id='line_1_51' title="bbox 1729 2180 3317 2250; baseline 0.003 -20"><span class='ocrx_word' id='word_1_372' title='bbox 1729 2194 1835 2247; x_wconf 87' lang='lat' dir='ltr'><strong>que</strong></span> <span class='ocrx_word' id='word_1_373' title='bbox 1871 2180 2162 2247; x_wconf 85' lang='lat' dir='ltr'><strong>permulti,</strong></span> <span class='ocrx_word' id='word_1_374' title='bbox 2217 2182 2520 2249; x_wconf 72' lang='lat' dir='ltr'><strong>tequalibus</strong></span> <span class='ocrx_word' id='word_1_375' title='bbox 2566 2182 2683 2235; x_wconf 91' lang='lat' dir='ltr'><strong>suis</strong></span> <span class='ocrx_word' id='word_1_376' title='bbox 2728 2183 2926 2250; x_wconf 89' lang='lat' dir='ltr'><strong>quibus</strong></span> <span class='ocrx_word' id='word_1_377' title='bbox 2975 2180 3317 2235; x_wconf 81' lang='lat' dir='ltr'><strong>familiariter</strong></span> 
     </span>
    </p>
   </div>
   <div class='ocr_carea' id='block_1_52' title="bbox 1729 2273 3312 2343">
    <p class='ocr_par' dir='ltr' id='par_1_52' title="bbox 1729 2273 3312 2343">
     <span class='ocr_line' id='line_1_52' title="bbox 1729 2273 3312 2343; baseline 0.003 -21"><span class='ocrx_word' id='word_1_378' title='bbox 1729 2280 1975 2337; x_wconf 90' lang='lat' dir='ltr'><strong>utuntur,</strong></span> <span class='ocrx_word' id='word_1_379' title='bbox 2008 2273 2338 2340; x_wconf 86' lang='lat' dir='ltr'><strong>persuadere</strong></span> <span class='ocrx_word' id='word_1_380' title='bbox 2371 2273 2601 2342; x_wconf 84' lang='lat' dir='ltr'><strong>possint,</strong></span> <span class='ocrx_word' id='word_1_381' title='bbox 2648 2274 2892 2328; x_wconf 84' lang='lat' dir='ltr'><strong>futurum</strong></span> <span class='ocrx_word' id='word_1_382' title='bbox 2928 2275 3004 2327; x_wconf 92' lang='lat' dir='ltr'><strong>uti</strong></span> <span class='ocrx_word' id='word_1_383' title='bbox 3034 2290 3312 2343; x_wconf 85' lang='lat' dir='ltr'><strong>nunquam</strong></span> 
     </span>
    </p>
   </div>
   <div class='ocr_carea' id='block_1_53' title="bbox 1729 2361 3341 2433">
    <p class='ocr_par' dir='ltr' id='par_1_53' title="bbox 1729 2361 3341 2433">
     <span class='ocr_line' id='line_1_53' title="bbox 1729 2361 3341 2433; baseline 0.002 -18"><span class='ocrx_word' id='word_1_384' title='bbox 1729 2362 1832 2431; x_wconf 90' lang='lat' dir='ltr'><strong>ipsi</strong></span> <span class='ocrx_word' id='word_1_385' title='bbox 1884 2378 1997 2416; x_wconf 90' lang='lat' dir='ltr'><strong>rem</strong></span> <span class='ocrx_word' id='word_1_386' title='bbox 2055 2361 2378 2417; x_wconf 83' lang='lat' dir='ltr'><strong>familiarem</strong></span> <span class='ocrx_word' id='word_1_387' title='bbox 2435 2372 2531 2417; x_wconf 87' lang='lat' dir='ltr'><strong>aut</strong></span> <span class='ocrx_word' id='word_1_388' title='bbox 2596 2364 2869 2433; x_wconf 84' lang='lat' dir='ltr'><strong>publicam</strong></span> <span class='ocrx_word' id='word_1_389' title='bbox 2926 2364 3341 2418; x_wconf 88' lang='lat' dir='ltr'><strong>administrare‘</strong></span> 
     </span>
    </p>
   </div>
   <div class='ocr_carea' id='block_1_54' title="bbox 1728 2454 3312 2525">
    <p class='ocr_par' dir='ltr' id='par_1_54' title="bbox 1728 2454 3312 2525">
     <span class='ocr_line' id='line_1_54' title="bbox 1728 2454 3312 2525; baseline 0.003 -18"><span class='ocrx_word' id='word_1_390' title='bbox 1728 2463 1931 2524; x_wconf 89' lang='lat' dir='ltr'><strong>queant</strong></span> <span class='ocrx_word' id='word_1_391' title='bbox 1959 2454 2064 2509; x_wconf 84' lang='lat' dir='ltr'><strong>nisi</strong></span> <span class='ocrx_word' id='word_1_392' title='bbox 2093 2471 2282 2510; x_wconf 90' lang='lat' dir='ltr'><strong>eorum</strong></span> <span class='ocrx_word' id='word_1_393' title='bbox 2322 2455 2521 2510; x_wconf 91' lang='lat' dir='ltr'><strong>studiis</strong></span> <span class='ocrx_word' id='word_1_394' title='bbox 2553 2464 2606 2510; x_wconf 92' lang='lat' dir='ltr'><strong>et</strong></span> <span class='ocrx_word' id='word_1_395' title='bbox 2648 2457 2943 2510; x_wconf 89' lang='lat' dir='ltr'><strong>eruditioni</strong></span> <span class='ocrx_word' id='word_1_396' title='bbox 2976 2457 3312 2525; x_wconf 63' lang='lat' dir='ltr'><strong>pratt‘nerint.</strong></span> 
     </span>
    </p>
   </div>
   <div class='ocr_carea' id='block_1_55' title="bbox 1729 2548 3314 2618">
    <p class='ocr_par' dir='ltr' id='par_1_55' title="bbox 1729 2548 3314 2618">
     <span class='ocr_line' id='line_1_55' title="bbox 1729 2548 3314 2618; baseline 0.001 -17"><span class='ocrx_word' id='word_1_397' title='bbox 1729 2548 1955 2618; x_wconf 81' lang='lat' dir='ltr'><strong>ejusque</strong></span> <span class='ocrx_word' id='word_1_398' title='bbox 1988 2548 2267 2617; x_wconf 66' lang='lat' dir='ltr'><strong>sapientia:</strong></span> <span class='ocrx_word' id='word_1_399' title='bbox 2303 2548 2355 2601; x_wconf 89' lang='lat' dir='ltr'><strong>vi</strong></span> <span class='ocrx_word' id='word_1_400' title='bbox 2392 2557 2607 2602; x_wconf 88' lang='lat' dir='ltr'><strong>tantum</strong></span> <span class='ocrx_word' id='word_1_401' title='bbox 2640 2548 2744 2603; x_wconf 88' lang='lat' dir='ltr'><strong>sibi</strong></span> <span class='ocrx_word' id='word_1_402' title='bbox 2776 2556 2997 2617; x_wconf 85' lang='lat' dir='ltr'><strong>tamque</strong></span> <span class='ocrx_word' id='word_1_403' title='bbox 3024 2548 3314 2603; x_wconf 83' lang='lat' dir='ltr'><strong>vehemen-</strong></span> 
     </span>
    </p>
   </div>
   <div class='ocr_carea' id='block_1_56' title="bbox 1729 2640 3325 2703">
    <p class='ocr_par' dir='ltr' id='par_1_56' title="bbox 1729 2640 3325 2703">
     <span class='ocr_line' id='line_1_56' title="bbox 1729 2640 3325 2703; baseline 0.001 -10"><span class='ocrx_word' id='word_1_404' title='bbox 1729 2647 1835 2693; x_wconf 89' lang='lat' dir='ltr'><strong>tem</strong></span> <span class='ocrx_word' id='word_1_405' title='bbox 1863 2647 2193 2694; x_wconf 86' lang='lat' dir='ltr'><strong>sectatorum</strong></span> <span class='ocrx_word' id='word_1_406' title='bbox 2224 2655 2451 2693; x_wconf 89' lang='lat' dir='ltr'><strong>suorum</strong></span> <span class='ocrx_word' id='word_1_407' title='bbox 2480 2655 2723 2693; x_wconf 88' lang='lat' dir='ltr'><strong>amorem</strong></span> <span class='ocrx_word' id='word_1_408' title='bbox 2757 2640 3069 2703; x_wconf 87' lang='lat' dir='ltr'><strong>concilient,</strong></span> <span class='ocrx_word' id='word_1_409' title='bbox 3106 2648 3164 2694; x_wconf 92' lang='lat' dir='ltr'><strong>ut</strong></span> <span class='ocrx_word' id='word_1_410' title='bbox 3195 2650 3325 2695; x_wconf 27' lang='lat' dir='ltr'><strong>tan-A</strong></span> 
     </span>
    </p>
   </div>
   <div class='ocr_carea' id='block_1_57' title="bbox 1730 2730 3318 2800">
    <p class='ocr_par' dir='ltr' id='par_1_57' title="bbox 1730 2730 3318 2800">
     <span class='ocr_line' id='line_1_57' title="bbox 1730 2730 3318 2800; baseline 0.001 -14"><span class='ocrx_word' id='word_1_411' title='bbox 1730 2740 1842 2786; x_wconf 92' lang='lat' dir='ltr'><strong>tum</strong></span> <span class='ocrx_word' id='word_1_412' title='bbox 1876 2746 1981 2785; x_wconf 93' lang='lat' dir='ltr'><strong>non</strong></span> <span class='ocrx_word' id='word_1_413' title='bbox 2005 2731 2058 2784; x_wconf 94' lang='lat' dir='ltr'><strong>in</strong></span> <span class='ocrx_word' id='word_1_414' title='bbox 2092 2732 2267 2800; x_wconf 89' lang='lat' dir='ltr'><strong>capite</strong></span> <span class='ocrx_word' id='word_1_415' title='bbox 2296 2730 2455 2785; x_wconf 85' lang='lat' dir='ltr'><strong>abiis</strong></span> <span class='ocrx_word' id='word_1_416' title='bbox 2490 2730 2737 2786; x_wconf 82' lang='lat' dir='ltr'><strong>ferantur</strong></span> <span class='ocrx_word' id='word_1_417' title='bbox 2769 2750 2782 2786; x_wconf 93' lang='lat'><strong>:</strong></span> <span class='ocrx_word' id='word_1_418' title='bbox 2813 2730 3132 2797; x_wconf 86' lang='lat' dir='ltr'><strong>llomerum,</strong></span> <span class='ocrx_word' id='word_1_419' title='bbox 3157 2733 3318 2788; x_wconf 82' lang='lat' dir='ltr'><strong>obse-</strong></span> 
     </span>
    </p>
   </div>
   <div class='ocr_carea' id='block_1_58' title="bbox 1729 2819 3315 2891">
    <p class='ocr_par' dir='ltr' id='par_1_58' title="bbox 1729 2819 3315 2891">
     <span class='ocr_line' id='line_1_58' title="bbox 1729 2819 3315 2891; baseline 0.001 -16"><span class='ocrx_word' id='word_1_420' title='bbox 1729 2837 1849 2887; x_wconf 91' lang='lat' dir='ltr'><strong>cro,</strong></span> <span class='ocrx_word' id='word_1_421' title='bbox 1889 2820 1970 2875; x_wconf 91' lang='lat' dir='ltr'><strong>vel</strong></span> <span class='ocrx_word' id='word_1_422' title='bbox 1997 2819 2320 2885; x_wconf 84' lang='lat' dir='ltr'><strong>Hesiodum,</strong></span> <span class='ocrx_word' id='word_1_423' title='bbox 2358 2820 2403 2875; x_wconf 90' lang='lat' dir='ltr'><strong>si</strong></span> <span class='ocrx_word' id='word_1_424' title='bbox 2431 2835 2651 2888; x_wconf 83' lang='lat' dir='ltr'><strong>Operam</strong></span> <span class='ocrx_word' id='word_1_425' title='bbox 2685 2820 3002 2875; x_wconf 89' lang='lat' dir='ltr'><strong>hominibus</strong></span> <span class='ocrx_word' id='word_1_426' title='bbox 3033 2821 3099 2876; x_wconf 89' lang='lat' dir='ltr'><strong>ad</strong></span> <span class='ocrx_word' id='word_1_427' title='bbox 3123 2837 3315 2891; x_wconf 87' lang='lat' dir='ltr'><strong>capes-</strong></span> 
     </span>
    </p>
   </div>
   <div class='ocr_carea' id='block_1_59' title="bbox 1730 2914 3316 2983">
    <p class='ocr_par' dir='ltr' id='par_1_59' title="bbox 1730 2914 3316 2983">
     <span class='ocr_line' id='line_1_59' title="bbox 1730 2914 3316 2983; baseline 0.001 -16"><span class='ocrx_word' id='word_1_428' title='bbox 1730 2914 1954 2967; x_wconf 90' lang='lat' dir='ltr'><strong>sendam</strong></span> <span class='ocrx_word' id='word_1_429' title='bbox 1982 2914 2236 2967; x_wconf 87' lang='lat' dir='ltr'><strong>virtutem</strong></span> <span class='ocrx_word' id='word_1_430' title='bbox 2275 2929 2474 2967; x_wconf 89' lang='lat' dir='ltr'><strong>navare</strong></span> <span class='ocrx_word' id='word_1_431' title='bbox 2506 2923 2749 2983; x_wconf 84' lang='lat' dir='ltr'><strong>possent,</strong></span> <span class='ocrx_word' id='word_1_432' title='bbox 2785 2914 2962 2968; x_wconf 55' lang='lat' dir='ltr'><strong>atatis</strong></span> <span class='ocrx_word' id='word_1_433' title='bbox 2998 2929 3111 2968; x_wconf 67' lang='lat' dir='ltr'><strong>sua:</strong></span> <span class='ocrx_word' id='word_1_434' title='bbox 3139 2915 3316 2969; x_wconf 88' lang='lat' dir='ltr'><strong>homi-</strong></span> 
     </span>
    </p>
   </div>
   <div class='ocr_carea' id='block_1_60' title="bbox 1728 3002 3314 3072">
    <p class='ocr_par' dir='ltr' id='par_1_60' title="bbox 1728 3002 3314 3072">
     <span class='ocr_line' id='line_1_60' title="bbox 1728 3002 3314 3072; baseline -0.001 -15"><span class='ocrx_word' id='word_1_435' title='bbox 1728 3017 1827 3057; x_wconf 88' lang='lat' dir='ltr'><strong>nes</strong></span> <span class='ocrx_word' id='word_1_436' title='bbox 1858 3002 2104 3057; x_wconf 87' lang='lat' dir='ltr'><strong>carmina</strong></span> <span class='ocrx_word' id='word_1_437' title='bbox 2130 3018 2227 3056; x_wconf 90' lang='lat' dir='ltr'><strong>sua</strong></span> <span class='ocrx_word' id='word_1_438' title='bbox 2254 3004 2589 3064; x_wconf 86' lang='lat' dir='ltr'><strong>cantitando,</strong></span> <span class='ocrx_word' id='word_1_439' title='bbox 2610 3004 2792 3072; x_wconf 73' lang='lat' dir='ltr'><strong>vagari</strong></span> <span class='ocrx_word' id='word_1_440' title='bbox 2821 3002 3025 3072; x_wconf 85' lang='lat' dir='ltr'><strong>passim</strong></span> <span class='ocrx_word' id='word_1_441' title='bbox 3045 3009 3099 3055; x_wconf 90' lang='lat' dir='ltr'><strong>et</strong></span> <span class='ocrx_word' id='word_1_442' title='bbox 3130 3016 3314 3056; x_wconf 89' lang='lat' dir='ltr'><strong>errare</strong></span> 
     </span>
    </p>
   </div>
   <div class='ocr_carea' id='block_1_61' title="bbox 1728 3096 3313 3167">
    <p class='ocr_par' dir='ltr' id='par_1_61' title="bbox 1728 3096 3313 3167">
     <span class='ocr_line' id='line_1_61' title="bbox 1728 3096 3313 3167; baseline -0.001 -17"><span class='ocrx_word' id='word_1_443' title='bbox 1728 3105 2067 3165; x_wconf 87' lang='lat' dir='ltr'><strong>paterentur,</strong></span> <span class='ocrx_word' id='word_1_444' title='bbox 2107 3112 2171 3152; x_wconf 92' lang='lat' dir='ltr'><strong>ac</strong></span> <span class='ocrx_word' id='word_1_445' title='bbox 2221 3112 2327 3149; x_wconf 93' lang='lat' dir='ltr'><strong>non</strong></span> <span class='ocrx_word' id='word_1_446' title='bbox 2360 3112 2455 3151; x_wconf 86' lang='lat' dir='ltr'><strong>eus</strong></span> <span class='ocrx_word' id='word_1_447' title='bbox 2484 3097 2665 3167; x_wconf 88' lang='lat' dir='ltr'><strong>potius</strong></span> <span class='ocrx_word' id='word_1_448' title='bbox 2706 3111 2842 3150; x_wconf 86' lang='lat' dir='ltr'><strong>auro</strong></span> <span class='ocrx_word' id='word_1_449' title='bbox 2891 3096 3009 3165; x_wconf 89' lang='lat' dir='ltr'><strong>ipso</strong></span> <span class='ocrx_word' id='word_1_450' title='bbox 3034 3096 3313 3150; x_wconf 87' lang='lat' dir='ltr'><strong>chariorcs</strong></span> 
     </span>
    </p>
   </div>
   <div class='ocr_carea' id='block_1_62' title="bbox 107 3187 1623 3287">
    <p class='ocr_par' dir='ltr' id='par_1_62' title="bbox 107 3192 1622 3267">
     <span class='ocr_line' id='line_1_62' title="bbox 107 3192 1622 3267; baseline 0.006 -25"><span class='ocrx_word' id='word_1_451' title='bbox 107 3192 428 3259; x_wconf 76' lang='grc' dir='ltr'>χρωματίζειν,</span> <span class='ocrx_word' id='word_1_452' title='bbox 466 3195 635 3249; x_wconf 74' lang='grc' dir='ltr'>αὐτὸν</span> <span class='ocrx_word' id='word_1_453' title='bbox 676 3196 775 3248; x_wconf 75' lang='grc' dir='ltr'><strong>οὐκ</strong></span> <span class='ocrx_word' id='word_1_454' title='bbox 812 3196 1089 3258; x_wconf 76' lang='grc' dir='ltr'>ἐπαΐοντα,</span> <span class='ocrx_word' id='word_1_455' title='bbox 1120 3195 1291 3267; x_wconf 77' lang='grc' dir='ltr'>ἀλλ’ἢ</span> <span class='ocrx_word' id='word_1_456' title='bbox 1323 3197 1622 3267; x_wconf 86' lang='grc' dir='ltr'>μιμεῖσθαι,</span> 
     </span>
    </p>
   </div>
   <div class='ocr_carea' id='block_1_63' title="bbox 1735 3187 3311 3287">
    <p class='ocr_par' dir='ltr' id='par_1_63' title="bbox 1735 3187 3311 3257">
     <span class='ocr_line' id='line_1_63' title="bbox 1735 3187 3311 3257; baseline 0 -17"><span class='ocrx_word' id='word_1_457' title='bbox 1735 3187 2015 3254; x_wconf 90' lang='lat' dir='ltr'><strong>haberent,</strong></span> <span class='ocrx_word' id='word_1_458' title='bbox 2047 3202 2111 3242; x_wconf 90' lang='lat' dir='ltr'><strong>ac</strong></span> <span class='ocrx_word' id='word_1_459' title='bbox 2131 3189 2215 3242; x_wconf 85' lang='lat' dir='ltr'><strong>vel</strong></span> <span class='ocrx_word' id='word_1_460' title='bbox 2246 3188 2298 3242; x_wconf 92' lang='lat' dir='ltr'><strong>in</strong></span> <span class='ocrx_word' id='word_1_461' title='bbox 2323 3188 2520 3242; x_wconf 73' lang='lat' dir='ltr'><strong>aedium</strong></span> <span class='ocrx_word' id='word_1_462' title='bbox 2542 3203 2765 3241; x_wconf 84' lang='lat' dir='ltr'><strong>suarum</strong></span> <span class='ocrx_word' id='word_1_463' title='bbox 2791 3196 2940 3257; x_wconf 89' lang='lat' dir='ltr'><strong>parte</strong></span> <span class='ocrx_word' id='word_1_464' title='bbox 2963 3188 3311 3249; x_wconf 89' lang='lat' dir='ltr'><strong>collocarent,</strong></span> 
     </span>
    </p>
   </div>
   <div class='ocr_carea' id='block_1_64' title="bbox 107 3274 1622 3359">
    <p class='ocr_par' dir='ltr' id='par_1_64' title="bbox 107 3274 1622 3359">
     <span class='ocr_line' id='line_1_64' title="bbox 107 3274 1622 3359; baseline 0.009 -33"><span class='ocrx_word' id='word_1_465' title='bbox 107 3274 209 3329; x_wconf 70' lang='grc' dir='ltr'>ὥστε</span> <span class='ocrx_word' id='word_1_466' title='bbox 237 3281 421 3351; x_wconf 72' lang='grc' dir='ltr'>ἑτέροις</span> <span class='ocrx_word' id='word_1_467' title='bbox 439 3283 703 3348; x_wconf 82' lang='grc' dir='ltr'>τοιούτοις</span> <span class='ocrx_word' id='word_1_468' title='bbox 731 3287 794 3337; x_wconf 80' lang='grc' dir='ltr'>ἐκ</span> <span class='ocrx_word' id='word_1_469' title='bbox 822 3284 926 3337; x_wconf 87' lang='grc' dir='ltr'><strong>τῶν</strong></span> <span class='ocrx_word' id='word_1_470' title='bbox 956 3284 1127 3352; x_wconf 84' lang='grc' dir='ltr'>λόγων</span> <span class='ocrx_word' id='word_1_471' title='bbox 1151 3285 1412 3359; x_wconf 88' lang='grc' dir='ltr'>θεωροῦσι</span> <span class='ocrx_word' id='word_1_472' title='bbox 1428 3288 1622 3341; x_wconf 79' lang='grc' dir='ltr'><strong>δοκεῖν⁹</strong></span> 
     </span>
    </p>
   </div>
   <div class='ocr_carea' id='block_1_65' title="bbox 105 3367 1628 3451">
    <p class='ocr_par' dir='ltr' id='par_1_65' title="bbox 105 3367 1628 3451">
     <span class='ocr_line' id='line_1_65' title="bbox 105 3367 1628 3451; baseline 0.016 -33"><span class='ocrx_word' id='word_1_473' title='bbox 105 3367 244 3423; x_wconf 71' lang='grc' dir='ltr'>ἐάντε</span> <span class='ocrx_word' id='word_1_474' title='bbox 298 3376 417 3445; x_wconf 72' lang='grc' dir='ltr'>περὶ</span> <span class='ocrx_word' id='word_1_475' title='bbox 472 3378 837 3448; x_wconf 77' lang='grc' dir='ltr'>σκυτοτομίας</span> <span class='ocrx_word' id='word_1_476' title='bbox 888 3396 938 3431; x_wconf 89' lang='grc' dir='ltr'><strong>τι</strong></span> <span class='ocrx_word' id='word_1_477' title='bbox 996 3377 1128 3449; x_wconf 82' lang='grc' dir='ltr'>λέγῃ</span> <span class='ocrx_word' id='word_1_478' title='bbox 1180 3381 1235 3433; x_wconf 83' lang='grc' dir='ltr'>ὲν</span> <span class='ocrx_word' id='word_1_479' title='bbox 1295 3378 1478 3451; x_wconf 76' lang='grc' dir='ltr'>μέτρῳ</span> <span class='ocrx_word' id='word_1_480' title='bbox 1536 3382 1628 3433; x_wconf 57' lang='lat' dir='ltr'><strong>X09-</strong></span> 
     </span>
    </p>
   </div>
   <div class='ocr_carea' id='block_1_66' title="bbox 107 3455 1619 3534">
    <p class='ocr_par' dir='ltr' id='par_1_66' title="bbox 107 3455 1619 3534">
     <span class='ocr_line' id='line_1_66' title="bbox 107 3455 1619 3534; baseline 0.009 -28"><span class='ocrx_word' id='word_1_481' title='bbox 107 3455 251 3526; x_wconf 71' lang='grc' dir='ltr'>ῥυθμῷ</span> <span class='ocrx_word' id='word_1_482' title='bbox 272 3462 355 3512; x_wconf 77' lang='grc' dir='ltr'><strong>καὶ</strong></span> <span class='ocrx_word' id='word_1_483' title='bbox 380 3462 639 3534; x_wconf 78' lang='grc' dir='ltr'>ἁρμονίᾳ,</span> <span class='ocrx_word' id='word_1_484' title='bbox 674 3464 811 3517; x_wconf 82' lang='grc' dir='ltr'>πάνυ</span> <span class='ocrx_word' id='word_1_485' title='bbox 843 3458 901 3516; x_wconf 77' lang='grc' dir='ltr'><strong>εὖ</strong></span> <span class='ocrx_word' id='word_1_486' title='bbox 933 3463 1107 3517; x_wconf 87' lang='grc' dir='ltr'>δοκεῖν</span> <span class='ocrx_word' id='word_1_487' title='bbox 1136 3462 1409 3532; x_wconf 83' lang='grc' dir='ltr'>λέγεσθαι,</span> <span class='ocrx_word' id='word_1_488' title='bbox 1440 3466 1533 3519; x_wconf 82' lang='grc' dir='ltr'><strong>ἐάν</strong></span> <span class='ocrx_word' id='word_1_489' title='bbox 1561 3484 1619 3519; x_wconf 91' lang='grc' dir='ltr'><strong>τε</strong></span> 
     </span>
    </p>
   </div>
   <div class='ocr_carea' id='block_1_67' title="bbox 104 3545 1621 3623">
    <p class='ocr_par' dir='ltr' id='par_1_67' title="bbox 104 3545 1621 3623">
     <span class='ocr_line' id='line_1_67' title="bbox 104 3545 1621 3623; baseline 0.013 -30"><span class='ocrx_word' id='word_1_490' title='bbox 104 3545 198 3613; x_wconf 75' lang='grc' dir='ltr'>περὶ</span> <span class='ocrx_word' id='word_1_491' title='bbox 219 3551 549 3618; x_wconf 79' lang='grc' dir='ltr'>στρατηγίας,</span> <span class='ocrx_word' id='word_1_492' title='bbox 582 3552 687 3604; x_wconf 74' lang='grc' dir='ltr'>’ἐάν</span> <span class='ocrx_word' id='word_1_493' title='bbox 736 3570 796 3604; x_wconf 87' lang='grc' dir='ltr'><strong>τε</strong></span> <span class='ocrx_word' id='word_1_494' title='bbox 831 3552 958 3623; x_wconf 66' lang='grc' dir='ltr'>περ).</span> <span class='ocrx_word' id='word_1_495' title='bbox 983 3553 1141 3607; x_wconf 77' lang='grc' dir='ltr'>ἄλλου</span> <span class='ocrx_word' id='word_1_496' title='bbox 1198 3554 1433 3608; x_wconf 80' lang='grc' dir='ltr'>ὁτουοῦν.</span> <span class='ocrx_word' id='word_1_497' title='bbox 1468 3556 1621 3612; x_wconf 78' lang='grc' dir='ltr'>Οὕτω</span> 
     </span>
    </p>
   </div>
   <div class='ocr_carea' id='block_1_68' title="bbox 105 3634 1628 3719">
    <p class='ocr_par' dir='ltr' id='par_1_68' title="bbox 105 3634 1628 3719">
     <span class='ocr_line' id='line_1_68' title="bbox 105 3634 1628 3719; baseline 0.012 -34"><span class='ocrx_word' id='word_1_498' title='bbox 105 3634 223 3699; x_wconf 67' lang='grc' dir='ltr'>φύσει</span> <span class='ocrx_word' id='word_1_499' title='bbox 256 3640 380 3693; x_wconf 72' lang='grc' dir='ltr'><strong>αὐτά</strong></span> <span class='ocrx_word' id='word_1_500' title='bbox 400 3641 577 3695; x_wconf 80' lang='grc' dir='ltr'>ταῦτα</span> <span class='ocrx_word' id='word_1_501' title='bbox 614 3645 854 3715; x_wconf 86' lang='grc' dir='ltr'>μεγάλην</span> <span class='ocrx_word' id='word_1_502' title='bbox 882 3644 1000 3697; x_wconf 74' lang='grc' dir='ltr'>τινὰ</span> <span class='ocrx_word' id='word_1_503' title='bbox 1023 3646 1250 3717; x_wconf 81' lang='grc' dir='ltr'>κήλησιν</span> <span class='ocrx_word' id='word_1_504' title='bbox 1270 3646 1403 3716; x_wconf 76' lang='grc' dir='ltr'>ἔχει’</span> <span class='ocrx_word' id='word_1_505' title='bbox 1437 3650 1628 3719; x_wconf 84' lang='grc' dir='ltr'>ἐπιγυ-</span> 
     </span>
    </p>
   </div>
   <div class='ocr_carea' id='block_1_69' title="bbox 105 3724 1626 3808">
    <p class='ocr_par' dir='ltr' id='par_1_69' title="bbox 105 3724 1626 3808">
     <span class='ocr_line' id='line_1_69' title="bbox 105 3724 1626 3808; baseline 0.013 -33"><span class='ocrx_word' id='word_1_506' title='bbox 105 3724 326 3789; x_wconf 63' lang='grc' dir='ltr'>μειωθέντα</span> <span class='ocrx_word' id='word_1_507' title='bbox 357 3730 428 3802; x_wconf 85' lang='grc'><strong>(7)</strong></span> <span class='ocrx_word' id='word_1_508' title='bbox 460 3748 523 3799; x_wconf 85' lang='grc' dir='ltr'><strong>γε</strong></span> <span class='ocrx_word' id='word_1_509' title='bbox 556 3732 665 3783; x_wconf 85' lang='grc' dir='ltr'><strong>τῶν</strong></span> <span class='ocrx_word' id='word_1_510' title='bbox 696 3733 795 3803; x_wconf 80' lang='grc' dir='ltr'>τῆς</span> <span class='ocrx_word' id='word_1_511' title='bbox 823 3737 1084 3805; x_wconf 81' lang='grc' dir='ltr'>μουσικῆς</span> <span class='ocrx_word' id='word_1_512' title='bbox 1138 3738 1461 3808; x_wconf 84' lang='grc' dir='ltr'>χρωμάτων,</span> <span class='ocrx_word' id='word_1_513' title='bbox 1502 3742 1626 3795; x_wconf 87' lang='grc' dir='ltr'>τάδε</span> 
     </span>
    </p>
   </div>
   <div class='ocr_carea' id='block_1_70' title="bbox 101 3815 1625 3899">
    <p class='ocr_par' dir='ltr' id='par_1_70' title="bbox 101 3815 1625 3899">
     <span class='ocr_line' id='line_1_70' title="bbox 101 3815 1625 3899; baseline 0.012 -33"><span class='ocrx_word' id='word_1_514' title='bbox 101 3815 180 3867; x_wconf 74' lang='grc' dir='ltr'><strong>τῶν</strong></span> <span class='ocrx_word' id='word_1_515' title='bbox 200 3822 430 3890; x_wconf 80' lang='grc' dir='ltr'>ποιητῶν,</span> <span class='ocrx_word' id='word_1_516' title='bbox 456 3824 600 3876; x_wconf 78' lang='grc' dir='ltr'><strong>αὑτὰ</strong></span> <span class='ocrx_word' id='word_1_517' title='bbox 629 3826 714 3893; x_wconf 72' lang='grc' dir='ltr'><strong>ἐφ’</strong></span> <span class='ocrx_word' id='word_1_518' title='bbox 733 3826 936 3877; x_wconf 80' lang='grc' dir='ltr'>ἑαυτῶν</span> <span class='ocrx_word' id='word_1_519' title='bbox 960 3826 1246 3898; x_wconf 88' lang='grc' dir='ltr'>λεγόμενα,</span> <span class='ocrx_word' id='word_1_520' title='bbox 1275 3824 1427 3899; x_wconf 78' lang='grc' dir='ltr'>οἶμαί</span> <span class='ocrx_word' id='word_1_521' title='bbox 1458 3848 1515 3884; x_wconf 91' lang='grc' dir='ltr'><strong>σε</strong></span> <span class='ocrx_word' id='word_1_522' title='bbox 1547 3835 1625 3885; x_wconf 86' lang='grc' dir='ltr'><strong>εἰ-</strong></span> 
     </span>
    </p>
   </div>
   <div class='ocr_carea' id='block_1_71' title="bbox 100 3904 1625 3993">
    <p class='ocr_par' dir='ltr' id='par_1_71' title="bbox 100 3904 1625 3993">
     <span class='ocr_line' id='line_1_71' title="bbox 100 3904 1625 3993; baseline 0.022 -36"><span class='ocrx_word' id='word_1_523' title='bbox 100 3904 210 3961; x_wconf 66' lang='lat' dir='ltr'><strong>iévat</strong></span> <span class='ocrx_word' id='word_1_524' title='bbox 232 3908 305 3964; x_wconf 74' lang='grc' dir='ltr'>οἷα</span> <span class='ocrx_word' id='word_1_525' title='bbox 343 3916 613 3983; x_wconf 81' lang='grc' dir='ltr'>φαίνεται.</span> <span class='ocrx_word' id='word_1_526' title='bbox 646 3917 913 3973; x_wconf 79' lang='grc' dir='ltr'>Τεθέασαι</span> <span class='ocrx_word' id='word_1_527' title='bbox 951 3920 1078 3990; x_wconf 77' lang='grc' dir='ltr'>γὰρ,</span> <span class='ocrx_word' id='word_1_528' title='bbox 1108 3920 1141 3991; x_wconf 72' lang='grc' dir='ltr'>ἢ</span> <span class='ocrx_word' id='word_1_529' title='bbox 1182 3920 1241 3973; x_wconf 73' lang='grc' dir='ltr'><strong>οὗ</strong></span> <span class='ocrx_word' id='word_1_530' title='bbox 1269 3938 1283 3987; x_wconf 87' lang='grc'><strong>;</strong></span> <span class='ocrx_word' id='word_1_531' title='bbox 1317 3924 1625 3993; x_wconf 78' lang='grc' dir='ltr'><strong>-“Εγωγ’,</strong></span> 
     </span>
    </p>
   </div>
   <div class='ocr_carea' id='block_1_72' title="bbox 101 3998 1625 4086">
    <p class='ocr_par' dir='ltr' id='par_1_72' title="bbox 101 3998 1625 4086">
     <span class='ocr_line' id='line_1_72' title="bbox 101 3998 1625 4086; baseline 0.001 -26"><span class='ocrx_word' id='word_1_532' title='bbox 101 3998 220 4069; x_wconf 63' lang='grc' dir='ltr'>ἔφη.»</span> <span class='ocrx_word' id='word_1_533' title='bbox 247 4006 346 4059; x_wconf 72' lang='grc' dir='ltr'>Καὶ</span> <span class='ocrx_word' id='word_1_534' title='bbox 372 4008 581 4062; x_wconf 74' lang='grc' dir='ltr'>τούτων</span> <span class='ocrx_word' id='word_1_535' title='bbox 614 4009 669 4061; x_wconf 85' lang='grc' dir='ltr'>δὲ</span> <span class='ocrx_word' id='word_1_536' title='bbox 703 4009 875 4073; x_wconf 67' lang='grc' dir='ltr'>οὓτως</span> <span class='ocrx_word' id='word_1_537' title='bbox 920 4012 1171 4082; x_wconf 81' lang='grc' dir='ltr'>ἐχόντων,</span> <span class='ocrx_word' id='word_1_538' title='bbox 1229 4009 1286 4067; x_wconf 82' lang='grc' dir='ltr'>εὖ</span> <span class='ocrx_word' id='word_1_539' title='bbox 1341 4033 1429 4085; x_wconf 88' lang='grc' dir='ltr'><strong>μοι</strong></span> <span class='ocrx_word' id='word_1_540' title='bbox 1484 4016 1625 4086; x_wconf 73' lang='grc' dir='ltr'>ἔχειν</span> 
     </span>
    </p>
   </div>
   <div class='ocr_carea' id='block_1_73' title="bbox 100 4087 1627 4169">
    <p class='ocr_par' dir='ltr' id='par_1_73' title="bbox 100 4087 1627 4169">
     <span class='ocr_line' id='line_1_73' title="bbox 100 4087 1627 4169; baseline 0.014 -29"><span class='ocrx_word' id='word_1_541' title='bbox 100 4087 210 4145; x_wconf 79' lang='grc' dir='ltr'>δοκεῖ</span> <span class='ocrx_word' id='word_1_542' title='bbox 229 4095 413 4169; x_wconf 78' lang='grc' dir='ltr'>βραχέα</span> <span class='ocrx_word' id='word_1_543' title='bbox 452 4101 593 4153; x_wconf 80' lang='grc' dir='ltr'>ἄττα</span> <span class='ocrx_word' id='word_1_544' title='bbox 622 4102 728 4154; x_wconf 86' lang='grc' dir='ltr'><strong>τῶν</strong></span> <span class='ocrx_word' id='word_1_545' title='bbox 756 4101 1039 4165; x_wconf 86' lang='grc' dir='ltr'>Πλάτωνος</span> <span class='ocrx_word' id='word_1_546' title='bbox 1072 4103 1320 4169; x_wconf 84' lang='grc' dir='ltr'>διελθεῖν,</span> <span class='ocrx_word' id='word_1_547' title='bbox 1351 4106 1417 4158; x_wconf 80' lang='grc' dir='ltr'>δι’</span> <span class='ocrx_word' id='word_1_548' title='bbox 1441 4099 1515 4160; x_wconf 83' lang='grc' dir='ltr'>ὧν</span> <span class='ocrx_word' id='word_1_549' title='bbox 1541 4107 1627 4161; x_wconf 88' lang='grc' dir='ltr'>λο-</span> 
     </span>
    </p>
   </div>
   <div class='ocr_carea' id='block_1_74' title="bbox 100 4182 1627 4268">
    <p class='ocr_par' dir='ltr' id='par_1_74' title="bbox 100 4182 1627 4268">
     <span class='ocr_line' id='line_1_74' title="bbox 100 4182 1627 4268; baseline 0.01 -32"><span class='ocrx_word' id='word_1_550' title='bbox 100 4182 341 4259; x_wconf 74' lang='grc' dir='ltr'>γικώτερον</span> <span class='ocrx_word' id='word_1_551' title='bbox 360 4192 447 4243; x_wconf 72' lang='grc' dir='ltr'><strong>τὸν</strong></span> <span class='ocrx_word' id='word_1_552' title='bbox 465 4192 607 4262; x_wconf 47' lang='grc' dir='ltr'>’περὶ</span> <span class='ocrx_word' id='word_1_553' title='bbox 632 4191 767 4246; x_wconf 84' lang='grc' dir='ltr'>Θεοῦ</span> <span class='ocrx_word' id='word_1_554' title='bbox 807 4194 899 4246; x_wconf 74' lang='grc' dir='ltr'><strong>καὶ</strong></span> <span class='ocrx_word' id='word_1_555' title='bbox 925 4195 1183 4265; x_wconf 84' lang='grc' dir='ltr'>προνοίας</span> <span class='ocrx_word' id='word_1_556' title='bbox 1210 4197 1490 4268; x_wconf 85' lang='grc' dir='ltr'>συνίστησι</span> <span class='ocrx_word' id='word_1_557' title='bbox 1544 4198 1627 4251; x_wconf 83' lang='grc' dir='ltr'>λό-</span> 
     </span>
    </p>
   </div>
   <div class='ocr_carea' id='block_1_75' title="bbox 98 4284 1623 4360">
    <p class='ocr_par' dir='ltr' id='par_1_75' title="bbox 98 4284 1623 4360">
     <span class='ocr_line' id='line_1_75' title="bbox 98 4284 1623 4360; baseline 0.012 -36"><span class='ocrx_word' id='word_1_558' title='bbox 98 4288 184 4339; x_wconf 85' lang='grc' dir='ltr'>γον,</span> <span class='ocrx_word' id='word_1_559' title='bbox 210 4284 307 4345; x_wconf 84' lang='grc' dir='ltr'>τοῖς</span> <span class='ocrx_word' id='word_1_560' title='bbox 332 4284 598 4354; x_wconf 74' lang='grc' dir='ltr'>Ἐϐραίων</span> <span class='ocrx_word' id='word_1_561' title='bbox 620 4287 722 4338; x_wconf 85' lang='grc' dir='ltr'><strong>κάν</strong></span> <span class='ocrx_word' id='word_1_562' title='bbox 744 4285 917 4356; x_wconf 83' lang='grc' dir='ltr'>τούτῳ</span> <span class='ocrx_word' id='word_1_563' title='bbox 935 4288 1341 4357; x_wconf 77' lang='grc' dir='ltr'>παριστάμενος</span> <span class='ocrx_word' id='word_1_564' title='bbox 1368 4289 1623 4360; x_wconf 86' lang='grc' dir='ltr'>δόγμασι.</span> 
     </span>
    </p>
   </div>
   <div class='ocr_carea' id='block_1_76' title="bbox 98 4364 1624 4447">
    <p class='ocr_par' dir='ltr' id='par_1_76' title="bbox 98 4364 1624 4447">
     <span class='ocr_line' id='line_1_76' title="bbox 98 4364 1624 4447; baseline 0.01 -26"><span class='ocrx_word' id='word_1_565' title='bbox 98 4364 253 4436; x_wconf 60' lang='lat' dir='ltr'><strong>“prima</strong></span> <span class='ocrx_word' id='word_1_566' title='bbox 288 4373 341 4427; x_wconf 81' lang='grc' dir='ltr'>δὲ</span> <span class='ocrx_word' id='word_1_567' title='bbox 375 4374 721 4447; x_wconf 85' lang='grc' dir='ltr'>θεασώμεθα,</span> <span class='ocrx_word' id='word_1_568' title='bbox 755 4379 902 4441; x_wconf 85' lang='grc' dir='ltr'>ὅπως</span> <span class='ocrx_word' id='word_1_569' title='bbox 958 4378 1057 4441; x_wconf 79' lang='grc' dir='ltr'>τὰς</span> <span class='ocrx_word' id='word_1_570' title='bbox 1094 4378 1250 4443; x_wconf 81' lang='grc' dir='ltr'>δόξας</span> <span class='ocrx_word' id='word_1_571' title='bbox 1300 4379 1406 4433; x_wconf 84' lang='grc' dir='ltr'><strong>τῶν</strong></span> <span class='ocrx_word' id='word_1_572' title='bbox 1448 4381 1624 4437; x_wconf 80' lang='grc' dir='ltr'>ἀθέων</span> 
     </span>
    </p>
   </div>
   <div class='ocr_carea' id='block_1_77' title="bbox 98 4456 313 4533">
    <p class='ocr_par' dir='ltr' id='par_1_77' title="bbox 98 4456 313 4533">
     <span class='ocr_line' id='line_1_77' title="bbox 98 4456 313 4533; baseline 0.023 -27"><span class='ocrx_word' id='word_1_573' title='bbox 98 4456 313 4533; x_wconf 75' lang='grc' dir='ltr'>ἐκτίθησι,</span> 
     </span>
    </p>
   </div>
   <div class='ocr_carea' id='block_1_78' title="bbox 1726 3277 3305 3347">
    <p class='ocr_par' dir='ltr' id='par_1_78' title="bbox 1726 3277 3305 3347">
     <span class='ocr_line' id='line_1_78' title="bbox 1726 3277 3305 3347; baseline -0.003 -14"><span class='ocrx_word' id='word_1_574' title='bbox 1726 3279 1811 3333; x_wconf 87' lang='lat' dir='ltr'><strong>vel</strong></span> <span class='ocrx_word' id='word_1_575' title='bbox 1833 3280 1878 3333; x_wconf 89' lang='lat' dir='ltr'><strong>si</strong></span> <span class='ocrx_word' id='word_1_576' title='bbox 1910 3278 2092 3332; x_wconf 89' lang='lat' dir='ltr'><strong>minus</strong></span> <span class='ocrx_word' id='word_1_577' title='bbox 2119 3279 2223 3333; x_wconf 91' lang='lat' dir='ltr'><strong>hoc</strong></span> <span class='ocrx_word' id='word_1_578' title='bbox 2258 3279 2325 3332; x_wconf 89' lang='lat' dir='ltr'><strong>ab</strong></span> <span class='ocrx_word' id='word_1_579' title='bbox 2350 3278 2415 3332; x_wconf 90' lang='lat' dir='ltr'><strong>iis</strong></span> <span class='ocrx_word' id='word_1_580' title='bbox 2438 3278 2817 3347; x_wconf 85' lang='lat' dir='ltr'><strong>impetrarent,</strong></span> <span class='ocrx_word' id='word_1_581' title='bbox 2850 3279 3039 3331; x_wconf 86' lang='lat' dir='ltr'><strong>tandiu</strong></span> <span class='ocrx_word' id='word_1_582' title='bbox 3062 3286 3210 3333; x_wconf 90' lang='lat' dir='ltr'><strong>certe</strong></span> <span class='ocrx_word' id='word_1_583' title='bbox 3244 3277 3305 3329; x_wconf 87' lang='lat' dir='ltr'><strong>il-</strong></span> 
     </span>
    </p>
   </div>
   <div class='ocr_carea' id='block_1_79' title="bbox 1725 3366 3313 3437">
    <p class='ocr_par' dir='ltr' id='par_1_79' title="bbox 1725 3366 3313 3437">
     <span class='ocr_line' id='line_1_79' title="bbox 1725 3366 3313 3437; baseline -0.001 -16"><span class='ocrx_word' id='word_1_584' title='bbox 1725 3367 1927 3431; x_wconf 85' lang='lat' dir='ltr'><strong>lorum,</strong></span> <span class='ocrx_word' id='word_1_585' title='bbox 1961 3367 2275 3437; x_wconf 88' lang='lat' dir='ltr'><strong>ubicunque</strong></span> <span class='ocrx_word' id='word_1_586' title='bbox 2305 3367 2584 3436; x_wconf 78' lang='lat' dir='ltr'><strong>degerent,</strong></span> <span class='ocrx_word' id='word_1_587' title='bbox 2625 3368 2908 3436; x_wconf 68' lang='lat' dir='ltr'><strong>praeceptis</strong></span> <span class='ocrx_word' id='word_1_588' title='bbox 2942 3366 3313 3421; x_wconf 78' lang='lat' dir='ltr'><strong>inl‘ormaren-</strong></span> 
     </span>
    </p>
   </div>
   <div class='ocr_carea' id='block_1_80' title="bbox 1727 3456 3315 3525">
    <p class='ocr_par' dir='ltr' id='par_1_80' title="bbox 1727 3456 3315 3525">
     <span class='ocr_line' id='line_1_80' title="bbox 1727 3456 3315 3525; baseline -0.001 -14"><span class='ocrx_word' id='word_1_589' title='bbox 1727 3466 1835 3521; x_wconf 91' lang='lat' dir='ltr'><strong>tur,</strong></span> <span class='ocrx_word' id='word_1_590' title='bbox 1869 3456 2000 3510; x_wconf 86' lang='lat' dir='ltr'><strong>dum</strong></span> <span class='ocrx_word' id='word_1_591' title='bbox 2027 3456 2159 3510; x_wconf 90' lang='lat' dir='ltr'><strong>satis</strong></span> <span class='ocrx_word' id='word_1_592' title='bbox 2194 3457 2247 3509; x_wconf 90' lang='lat' dir='ltr'><strong>in</strong></span> <span class='ocrx_word' id='word_1_593' title='bbox 2272 3472 2465 3510; x_wconf 85' lang='lat' dir='ltr'><strong>eorum</strong></span> <span class='ocrx_word' id='word_1_594' title='bbox 2511 3457 2799 3525; x_wconf 84' lang='lat' dir='ltr'><strong>disciplina</strong></span> <span class='ocrx_word' id='word_1_595' title='bbox 2827 3456 3225 3525; x_wconf 84' lang='lat' dir='ltr'><strong>profecissent?</strong></span> <span class='ocrx_word' id='word_1_596' title='bbox 3247 3484 3315 3499; x_wconf 88' lang='lat'><em>--</em></span> 
     </span>
    </p>
   </div>
   <div class='ocr_carea' id='block_1_81' title="bbox 1726 3546 3313 3614">
    <p class='ocr_par' dir='ltr' id='par_1_81' title="bbox 1726 3546 3313 3614">
     <span class='ocr_line' id='line_1_81' title="bbox 1726 3546 3313 3614; baseline -0.002 -11"><span class='ocrx_word' id='word_1_597' title='bbox 1726 3548 2043 3613; x_wconf 75' lang='lat' dir='ltr'><strong>Verissime,</strong></span> <span class='ocrx_word' id='word_1_598' title='bbox 2078 3563 2110 3601; x_wconf 92' lang='grc' dir='ltr'><strong>ο</strong></span> <span class='ocrx_word' id='word_1_599' title='bbox 2142 3546 2413 3614; x_wconf 87' lang='lat' dir='ltr'><strong>Socrates,</strong></span> <span class='ocrx_word' id='word_1_600' title='bbox 2444 3548 2496 3602; x_wconf 92' lang='lat' dir='ltr'><strong>id</strong></span> <span class='ocrx_word' id='word_1_601' title='bbox 2526 3549 2623 3603; x_wconf 88' lang='lat' dir='ltr'><strong>abs</strong></span> <span class='ocrx_word' id='word_1_602' title='bbox 2649 3557 2698 3602; x_wconf 89' lang='lat' dir='ltr'><strong>te</strong></span> <span class='ocrx_word' id='word_1_603' title='bbox 2727 3550 2929 3603; x_wconf 91' lang='lat' dir='ltr'><strong>dictum</strong></span> <span class='ocrx_word' id='word_1_604' title='bbox 2967 3548 3220 3601; x_wconf 89' lang='lat' dir='ltr'><strong>arbitror.</strong></span> <span class='ocrx_word' id='word_1_605' title='bbox 3243 3578 3313 3591; x_wconf 90' lang='lat'><strong><em>—</em></strong></span> 
     </span>
    </p>
   </div>
   <div class='ocr_carea' id='block_1_82' title="bbox 1733 3640 3312 3710">
    <p class='ocr_par' dir='ltr' id='par_1_82' title="bbox 1733 3640 3312 3710">
     <span class='ocr_line' id='line_1_82' title="bbox 1733 3640 3312 3710; baseline -0.001 -15"><span class='ocrx_word' id='word_1_606' title='bbox 1733 3640 1947 3696; x_wconf 81' lang='lat' dir='ltr'><strong>Maneat</strong></span> <span class='ocrx_word' id='word_1_607' title='bbox 1992 3642 2154 3710; x_wconf 77' lang='lat' dir='ltr'><strong>igitur</strong></span> <span class='ocrx_word' id='word_1_608' title='bbox 2198 3650 2385 3710; x_wconf 87' lang='lat' dir='ltr'><strong>poetas</strong></span> <span class='ocrx_word' id='word_1_609' title='bbox 2430 3656 2653 3705; x_wconf 88' lang='lat' dir='ltr'><strong>omnes,</strong></span> <span class='ocrx_word' id='word_1_610' title='bbox 2690 3640 2926 3696; x_wconf 83' lang='lat' dir='ltr'><strong>Homero</strong></span> <span class='ocrx_word' id='word_1_611' title='bbox 2957 3641 3075 3709; x_wconf 90' lang='lat' dir='ltr'><strong>ipso</strong></span> <span class='ocrx_word' id='word_1_612' title='bbox 3118 3656 3312 3709; x_wconf 88' lang='lat' dir='ltr'><strong>agmen</strong></span> 
     </span>
    </p>
   </div>
   <div class='ocr_carea' id='block_1_83' title="bbox 1732 3733 3317 3804">
    <p class='ocr_par' dir='ltr' id='par_1_83' title="bbox 1732 3733 3317 3804">
     <span class='ocr_line' id='line_1_83' title="bbox 1732 3733 3317 3804; baseline -0.003 -15"><span class='ocrx_word' id='word_1_613' title='bbox 1732 3735 1981 3799; x_wconf 90' lang='lat' dir='ltr'><strong>ducente,</strong></span> <span class='ocrx_word' id='word_1_614' title='bbox 2001 3735 2215 3789; x_wconf 92' lang='lat' dir='ltr'><strong>virtutis</strong></span> <span class='ocrx_word' id='word_1_615' title='bbox 2247 3749 2309 3787; x_wconf 90' lang='lat' dir='ltr'><strong>ac</strong></span> <span class='ocrx_word' id='word_1_616' title='bbox 2341 3735 2767 3799; x_wconf 61' lang='lat' dir='ltr'><strong>emterorum,de</strong></span> <span class='ocrx_word' id='word_1_617' title='bbox 2792 3734 2992 3804; x_wconf 90' lang='lat' dir='ltr'><strong>quibus</strong></span> <span class='ocrx_word' id='word_1_618' title='bbox 3021 3733 3317 3803; x_wconf 88' lang='lat' dir='ltr'><strong>aliquando</strong></span> 
     </span>
    </p>
   </div>
   <div class='ocr_carea' id='block_1_84' title="bbox 1732 3826 3308 3894">
    <p class='ocr_par' dir='ltr' id='par_1_84' title="bbox 1732 3826 3308 3894">
     <span class='ocr_line' id='line_1_84' title="bbox 1732 3826 3308 3894; baseline -0.003 -12"><span class='ocrx_word' id='word_1_619' title='bbox 1732 3828 2026 3894; x_wconf 88' lang='lat' dir='ltr'><strong>scribunt,</strong></span> <span class='ocrx_word' id='word_1_620' title='bbox 2106 3827 2397 3881; x_wconf 88' lang='lat' dir='ltr'><strong>simulacra</strong></span> <span class='ocrx_word' id='word_1_621' title='bbox 2456 3834 2667 3881; x_wconf 90' lang='lat' dir='ltr'><strong>tantum</strong></span> <span class='ocrx_word' id='word_1_622' title='bbox 2725 3827 2961 3892; x_wconf 89' lang='lat' dir='ltr'><strong>imitari,</strong></span> <span class='ocrx_word' id='word_1_623' title='bbox 3028 3826 3308 3880; x_wconf 85' lang='lat' dir='ltr'><strong>veritatem</strong></span> 
     </span>
    </p>
   </div>
   <div class='ocr_carea' id='block_1_85' title="bbox 1730 3918 3307 3991">
    <p class='ocr_par' dir='ltr' id='par_1_85' title="bbox 1730 3918 3307 3991">
     <span class='ocr_line' id='line_1_85' title="bbox 1730 3918 3307 3991; baseline -0.002 -17"><span class='ocrx_word' id='word_1_624' title='bbox 1730 3920 1905 3991; x_wconf 87' lang='lat' dir='ltr'><strong>ipsam</strong></span> <span class='ocrx_word' id='word_1_625' title='bbox 1937 3935 2215 3989; x_wconf 88' lang='lat' dir='ltr'><strong>nunquam</strong></span> <span class='ocrx_word' id='word_1_626' title='bbox 2242 3920 2523 3988; x_wconf 80' lang='lat' dir='ltr'><strong>attingere.</strong></span> <span class='ocrx_word' id='word_1_627' title='bbox 2554 3918 3307 3988; x_wconf 82' lang='lat' dir='ltr'><strong>Videlicet,quemadmoduin</strong></span> 
     </span>
    </p>
   </div>
   <div class='ocr_carea' id='block_1_86' title="bbox 1730 4010 3313 4084">
    <p class='ocr_par' dir='ltr' id='par_1_86' title="bbox 1730 4010 3313 4084">
     <span class='ocr_line' id='line_1_86' title="bbox 1730 4010 3313 4084; baseline -0.003 -17"><span class='ocrx_word' id='word_1_628' title='bbox 1730 4014 1892 4084; x_wconf 90' lang='lat' dir='ltr'><strong>paulo</strong></span> <span class='ocrx_word' id='word_1_629' title='bbox 1920 4023 2043 4067; x_wconf 87' lang='lat' dir='ltr'><strong>ante</strong></span> <span class='ocrx_word' id='word_1_630' title='bbox 2073 4013 2409 4076; x_wconf 84' lang='lat' dir='ltr'><strong>dicebamus,</strong></span> <span class='ocrx_word' id='word_1_631' title='bbox 2460 4012 2653 4082; x_wconf 87' lang='lat' dir='ltr'><strong>pictor,</strong></span> <span class='ocrx_word' id='word_1_632' title='bbox 2690 4011 2783 4081; x_wconf 92' lang='lat' dir='ltr'><strong>qui</strong></span> <span class='ocrx_word' id='word_1_633' title='bbox 2822 4012 2886 4065; x_wconf 90' lang='lat' dir='ltr'><strong>de</strong></span> <span class='ocrx_word' id='word_1_634' title='bbox 2918 4019 3032 4064; x_wconf 90' lang='lat' dir='ltr'><strong>arte</strong></span> <span class='ocrx_word' id='word_1_635' title='bbox 3078 4010 3313 4064; x_wconf 82' lang='lat' dir='ltr'><strong>eoriaria</strong></span> 
     </span>
    </p>
   </div>
   <div class='ocr_carea' id='block_1_87' title="bbox 1731 4102 3310 4175">
    <p class='ocr_par' dir='ltr' id='par_1_87' title="bbox 1731 4102 3310 4175">
     <span class='ocr_line' id='line_1_87' title="bbox 1731 4102 3310 4175; baseline -0.003 -16"><span class='ocrx_word' id='word_1_636' title='bbox 1731 4106 1865 4160; x_wconf 88' lang='lat' dir='ltr'><strong>nihil</strong></span> <span class='ocrx_word' id='word_1_637' title='bbox 1893 4122 2129 4175; x_wconf 90' lang='lat' dir='ltr'><strong>unquam</strong></span> <span class='ocrx_word' id='word_1_638' title='bbox 2163 4105 2488 4168; x_wconf 91' lang='lat' dir='ltr'><strong>inaudierit,</strong></span> <span class='ocrx_word' id='word_1_639' title='bbox 2516 4106 2810 4159; x_wconf 90' lang='lat' dir='ltr'><strong>coriarium</strong></span> <span class='ocrx_word' id='word_1_640' title='bbox 2847 4115 3027 4157; x_wconf 69' lang='lat' dir='ltr'><strong>tanien</strong></span> <span class='ocrx_word' id='word_1_641' title='bbox 3054 4103 3134 4158; x_wconf 90' lang='lat' dir='ltr'><strong>sic</strong></span> <span class='ocrx_word' id='word_1_642' title='bbox 3158 4102 3310 4157; x_wconf 78' lang='lat' dir='ltr'><strong>em..-</strong></span> 
     </span>
    </p>
   </div>
   <div class='ocr_carea' id='block_1_88' title="bbox 1732 4182 3397 4268">
    <p class='ocr_par' dir='ltr' id='par_1_88' title="bbox 1732 4182 3397 4268">
     <span class='ocr_line' id='line_1_88' title="bbox 1732 4182 3397 4268; baseline -0.002 -16"><span class='ocrx_word' id='word_1_643' title='bbox 1732 4199 1827 4268; x_wconf 83' lang='lat' dir='ltr'><strong>git,</strong></span> <span class='ocrx_word' id='word_1_644' title='bbox 1856 4208 1912 4251; x_wconf 90' lang='lat' dir='ltr'><strong>ut</strong></span> <span class='ocrx_word' id='word_1_645' title='bbox 1938 4198 2070 4253; x_wconf 84' lang='lat' dir='ltr'><strong>artis</strong></span> <span class='ocrx_word' id='word_1_646' title='bbox 2099 4198 2341 4267; x_wconf 88' lang='lat' dir='ltr'><strong>ejusdem</strong></span> <span class='ocrx_word' id='word_1_647' title='bbox 2377 4199 2848 4268; x_wconf 87' lang='lat' dir='ltr'><strong>imperitis,atque</strong></span> <span class='ocrx_word' id='word_1_648' title='bbox 2870 4212 3031 4251; x_wconf 91' lang='lat' dir='ltr'><strong>unam</strong></span> <span class='ocrx_word' id='word_1_649' title='bbox 3062 4196 3306 4250; x_wconf 89' lang='lat' dir='ltr'><strong>colorum</strong></span> <span class='ocrx_word' id='word_1_650' title='bbox 3390 4182 3397 4187; x_wconf 63' lang='grc'><strong>’</strong></span> 
     </span>
    </p>
   </div>
   <div class='ocr_carea' id='block_1_89' title="bbox 1727 4288 3305 4359">
    <p class='ocr_par' dir='ltr' id='par_1_89' title="bbox 1727 4288 3305 4359">
     <span class='ocr_line' id='line_1_89' title="bbox 1727 4288 3305 4359; baseline -0.003 -15"><span class='ocrx_word' id='word_1_651' title='bbox 1727 4306 1791 4344; x_wconf 86' lang='lat' dir='ltr'><strong>ac</strong></span> <span class='ocrx_word' id='word_1_652' title='bbox 1822 4292 2117 4358; x_wconf 79' lang='lat' dir='ltr'><strong>ﬁgurarum</strong></span> <span class='ocrx_word' id='word_1_653' title='bbox 2152 4291 2385 4359; x_wconf 84' lang='lat' dir='ltr'><strong>speciem</strong></span> <span class='ocrx_word' id='word_1_654' title='bbox 2420 4291 2790 4356; x_wconf 90' lang='lat' dir='ltr'><strong>intuentibus,</strong></span> <span class='ocrx_word' id='word_1_655' title='bbox 2823 4290 3093 4345; x_wconf 88' lang='lat' dir='ltr'><strong>eoriarius</strong></span> <span class='ocrx_word' id='word_1_656' title='bbox 3122 4288 3305 4341; x_wconf 75' lang='lat' dir='ltr'><strong>videa—</strong></span> 
     </span>
    </p>
   </div>
   <div class='ocr_carea' id='block_1_90' title="bbox 1734 4381 3304 4454">
    <p class='ocr_par' dir='ltr' id='par_1_90' title="bbox 1734 4381 3304 4454">
     <span class='ocr_line' id='line_1_90' title="bbox 1734 4381 3304 4454; baseline -0.004 -17"><span class='ocrx_word' id='word_1_657' title='bbox 1734 4382 2421 4454; x_wconf 73' lang='lat' dir='ltr'><strong>tur;—-Utique.—-Eodem</strong></span> <span class='ocrx_word' id='word_1_658' title='bbox 2451 4384 2609 4453; x_wconf 90' lang='lat' dir='ltr'><strong>plane</strong></span> <span class='ocrx_word' id='word_1_659' title='bbox 2640 4386 2801 4438; x_wconf 90' lang='lat' dir='ltr'><strong>modo</strong></span> <span class='ocrx_word' id='word_1_660' title='bbox 2826 4394 3062 4454; x_wconf 90' lang='lat' dir='ltr'><strong>poetam,</strong></span> <span class='ocrx_word' id='word_1_661' title='bbox 3090 4381 3304 4450; x_wconf 90' lang='lat' dir='ltr'><strong>opinor,</strong></span> 
     </span>
    </p>
   </div>
   <div class='ocr_carea' id='block_1_91' title="bbox 1662 4468 3303 4547">
    <p class='ocr_par' dir='ltr' id='par_1_91' title="bbox 1662 4468 3303 4547">
     <span class='ocr_line' id='line_1_91' title="bbox 1662 4468 3303 4547; baseline -0.004 -16"><span class='ocrx_word' id='word_1_662' title='bbox 1662 4468 1706 4522; x_wconf 75' lang='grc' dir='ltr'><strong>Β</strong></span> <span class='ocrx_word' id='word_1_663' title='bbox 1734 4477 2054 4543; x_wconf 82' lang='lat' dir='ltr'><strong>dixerimus,</strong></span> <span class='ocrx_word' id='word_1_664' title='bbox 2101 4478 2368 4546; x_wconf 89' lang='lat' dir='ltr'><strong>hospitem</strong></span> <span class='ocrx_word' id='word_1_665' title='bbox 2395 4477 2598 4547; x_wconf 90' lang='lat' dir='ltr'><strong>alioqui</strong></span> <span class='ocrx_word' id='word_1_666' title='bbox 2628 4491 2691 4531; x_wconf 92' lang='lat' dir='ltr'><strong>ac</strong></span> <span class='ocrx_word' id='word_1_667' title='bbox 2718 4476 3060 4547; x_wconf 82' lang='lat' dir='ltr'><strong>peregrinum</strong></span> <span class='ocrx_word' id='word_1_668' title='bbox 3092 4475 3146 4527; x_wconf 91' lang='lat' dir='ltr'><strong>in</strong></span> <span class='ocrx_word' id='word_1_669' title='bbox 3171 4473 3303 4527; x_wconf 86' lang='lat' dir='ltr'><strong>arti-</strong></span> 
     </span>
    </p>
   </div>
   <div class='ocr_carea' id='block_1_92' title="bbox 96 4546 3305 4647">
    <p class='ocr_par' dir='ltr' id='par_1_92' title="bbox 96 4546 3305 4647">
     <span class='ocr_line' id='line_1_92' title="bbox 96 4546 3305 4647; baseline 0.003 -38"><span class='ocrx_word' id='word_1_670' title='bbox 96 4546 202 4647; x_wconf 47' lang='lat' dir='ltr'><strong>bus,</strong></span> <span class='ocrx_word' id='word_1_671' title='bbox 230 4572 353 4625; x_wconf 88' lang='lat' dir='ltr'><strong>quas</strong></span> <span class='ocrx_word' id='word_1_672' title='bbox 385 4568 597 4615; x_wconf 90' lang='lat' dir='ltr'><strong>tantum</strong></span> <span class='ocrx_word' id='word_1_673' title='bbox 644 4560 843 4616; x_wconf 90' lang='lat' dir='ltr'><strong>imitari</strong></span> <span class='ocrx_word' id='word_1_674' title='bbox 894 4562 1149 4627; x_wconf 88' lang='lat' dir='ltr'><strong>noverit,</strong></span> <span class='ocrx_word' id='word_1_675' title='bbox 1185 4564 1266 4620; x_wconf 90' lang='lat' dir='ltr'><strong>sic</strong></span> <span class='ocrx_word' id='word_1_676' title='bbox 1316 4566 1539 4621; x_wconf 88' lang='lat' dir='ltr'><strong>nomina</strong></span> <span class='ocrx_word' id='word_1_677' title='bbox 1612 4575 1791 4621; x_wconf 90' lang='lat' dir='ltr'><strong>tamen</strong></span> <span class='ocrx_word' id='word_1_678' title='bbox 1839 4576 1891 4622; x_wconf 90' lang='lat' dir='ltr'><strong>et</strong></span> <span class='ocrx_word' id='word_1_679' title='bbox 1958 4568 2220 4622; x_wconf 76' lang='lat' dir='ltr'><strong>vocabula</strong></span> <span class='ocrx_word' id='word_1_680' title='bbox 2272 4546 2613 4637; x_wconf 84' lang='lat' dir='ltr'><strong>singularum</strong></span> <span class='ocrx_word' id='word_1_681' title='bbox 2659 4546 2934 4624; x_wconf 85' lang='lat' dir='ltr'><strong>coloribus</strong></span> <span class='ocrx_word' id='word_1_682' title='bbox 2977 4564 3305 4637; x_wconf 89' lang='lat' dir='ltr'><strong>quibusdam</strong></span> 
     </span>
    </p>
   </div>
   <div class='ocr_carea' id='block_1_93' title="bbox 97 4642 3305 4727">
    <p class='ocr_par' dir='ltr' id='par_1_93' title="bbox 97 4642 3305 4727">
     <span class='ocr_line' id='line_1_93' title="bbox 97 4642 3305 4727; baseline 0.007 -36"><span class='ocrx_word' id='word_1_683' title='bbox 97 4642 325 4715; x_wconf 84' lang='lat' dir='ltr'><strong>inducere,</strong></span> <span class='ocrx_word' id='word_1_684' title='bbox 350 4660 409 4704; x_wconf 90' lang='lat' dir='ltr'><strong>ut</strong></span> <span class='ocrx_word' id='word_1_685' title='bbox 465 4667 582 4706; x_wconf 90' lang='lat' dir='ltr'><strong>rem</strong></span> <span class='ocrx_word' id='word_1_686' title='bbox 616 4652 808 4722; x_wconf 91' lang='lat' dir='ltr'><strong>ipsam.</strong></span> <span class='ocrx_word' id='word_1_687' title='bbox 846 4654 939 4723; x_wconf 91' lang='lat' dir='ltr'><strong>qui</strong></span> <span class='ocrx_word' id='word_1_688' title='bbox 989 4654 1223 4723; x_wconf 91' lang='lat' dir='ltr'><strong>speciem</strong></span> <span class='ocrx_word' id='word_1_689' title='bbox 1257 4672 1421 4710; x_wconf 88' lang='lat' dir='ltr'><strong>unam</strong></span> <span class='ocrx_word' id='word_1_690' title='bbox 1466 4658 1730 4712; x_wconf 90' lang='lat' dir='ltr'><strong>orationis</strong></span> <span class='ocrx_word' id='word_1_691' title='bbox 1796 4658 2101 4727; x_wconf 85' lang='lat' dir='ltr'><strong>attendunt,</strong></span> <span class='ocrx_word' id='word_1_692' title='bbox 2150 4659 2331 4714; x_wconf 91' lang='lat' dir='ltr'><strong>videre</strong></span> <span class='ocrx_word' id='word_1_693' title='bbox 2376 4661 2480 4715; x_wconf 87' lang='lat' dir='ltr'><strong>sibi</strong></span> <span class='ocrx_word' id='word_1_694' title='bbox 2526 4661 2833 4716; x_wconf 90' lang='lat' dir='ltr'><strong>videantur.</strong></span> <span class='ocrx_word' id='word_1_695' title='bbox 2891 4659 3071 4726; x_wconf 85' lang='lat' dir='ltr'><strong>Quare</strong></span> <span class='ocrx_word' id='word_1_696' title='bbox 3097 4658 3209 4713; x_wconf 89' lang='lat' dir='ltr'><strong>sive</strong></span> <span class='ocrx_word' id='word_1_697' title='bbox 3237 4659 3305 4713; x_wconf 90' lang='lat' dir='ltr'><strong>de</strong></span> 
     </span>
    </p>
   </div>
   <div class='ocr_carea' id='block_1_94' title="bbox 96 4739 3315 4827">
    <p class='ocr_par' dir='ltr' id='par_1_94' title="bbox 96 4739 3315 4827">
     <span class='ocr_line' id='line_1_94' title="bbox 96 4739 3315 4827; baseline 0.008 -43"><span class='ocrx_word' id='word_1_698' title='bbox 96 4739 300 4807; x_wconf 81' lang='lat' dir='ltr'><strong>ceriaria,</strong></span> <span class='ocrx_word' id='word_1_699' title='bbox 346 4747 459 4801; x_wconf 86' lang='lat' dir='ltr'><strong>sive</strong></span> <span class='ocrx_word' id='word_1_700' title='bbox 489 4748 557 4801; x_wconf 88' lang='lat' dir='ltr'><strong>de</strong></span> <span class='ocrx_word' id='word_1_701' title='bbox 586 4748 956 4818; x_wconf 84' lang='lat' dir='ltr'><strong>imperatoria,</strong></span> <span class='ocrx_word' id='word_1_702' title='bbox 989 4753 1103 4805; x_wconf 86' lang='lat' dir='ltr'><strong>sive</strong></span> <span class='ocrx_word' id='word_1_703' title='bbox 1136 4750 1203 4805; x_wconf 88' lang='lat' dir='ltr'><strong>de</strong></span> <span class='ocrx_word' id='word_1_704' title='bbox 1264 4754 1505 4822; x_wconf 88' lang='lat' dir='ltr'><strong>qualibet</strong></span> <span class='ocrx_word' id='word_1_705' title='bbox 1549 4741 1654 4809; x_wconf 87' lang='lat' dir='ltr'><strong>alia</strong></span> <span class='ocrx_word' id='word_1_706' title='bbox 1693 4770 1770 4819; x_wconf 92' lang='lat' dir='ltr'><strong>re,</strong></span> <span class='ocrx_word' id='word_1_707' title='bbox 1804 4771 1964 4810; x_wconf 90' lang='lat' dir='ltr'><strong>versu</strong></span> <span class='ocrx_word' id='word_1_708' title='bbox 2002 4771 2292 4811; x_wconf 90' lang='lat' dir='ltr'><strong>numerose</strong></span> <span class='ocrx_word' id='word_1_709' title='bbox 2362 4772 2427 4812; x_wconf 92' lang='lat' dir='ltr'><strong>ac</strong></span> <span class='ocrx_word' id='word_1_710' title='bbox 2465 4757 2739 4813; x_wconf 88' lang='lat' dir='ltr'><strong>modulate</strong></span> <span class='ocrx_word' id='word_1_711' title='bbox 2766 4758 3041 4821; x_wconf 89' lang='lat' dir='ltr'><strong>cecinerit,</strong></span> <span class='ocrx_word' id='word_1_712' title='bbox 3093 4755 3315 4827; x_wconf 61' lang='lat' dir='ltr'><strong>egregia</strong></span> 
     </span>
    </p>
   </div>
   <div class='ocr_carea' id='block_1_95' title="bbox 98 4831 3301 4920">
    <p class='ocr_par' dir='ltr' id='par_1_95' title="bbox 98 4831 3301 4920">
     <span class='ocr_line' id='line_1_95' title="bbox 98 4831 3301 4920; baseline 0.007 -39"><span class='ocrx_word' id='word_1_713' title='bbox 98 4831 336 4892; x_wconf 84' lang='lat' dir='ltr'><strong>admodum</strong></span> <span class='ocrx_word' id='word_1_714' title='bbox 369 4842 587 4897; x_wconf 90' lang='lat' dir='ltr'><strong>locutus</strong></span> <span class='ocrx_word' id='word_1_715' title='bbox 616 4854 855 4912; x_wconf 89' lang='lat' dir='ltr'><strong>putetur.</strong></span> <span class='ocrx_word' id='word_1_716' title='bbox 897 4843 1130 4899; x_wconf 91' lang='lat' dir='ltr'><strong>Tantam</strong></span> <span class='ocrx_word' id='word_1_717' title='bbox 1160 4855 1351 4901; x_wconf 88' lang='lat' dir='ltr'><strong>natura</strong></span> <span class='ocrx_word' id='word_1_718' title='bbox 1397 4864 1495 4903; x_wconf 90' lang='lat' dir='ltr'><strong>sua</strong></span> <span class='ocrx_word' id='word_1_719' title='bbox 1521 4860 1819 4906; x_wconf 87' lang='lat' dir='ltr'><strong>concentus</strong></span> <span class='ocrx_word' id='word_1_720' title='bbox 1875 4851 1964 4905; x_wconf 91' lang='lat' dir='ltr'><strong>ille</strong></span> <span class='ocrx_word' id='word_1_721' title='bbox 2011 4852 2233 4905; x_wconf 89' lang='lat' dir='ltr'><strong>suavior</strong></span> <span class='ocrx_word' id='word_1_722' title='bbox 2259 4851 2601 4907; x_wconf 90' lang='lat' dir='ltr'><strong>demulcendi</strong></span> <span class='ocrx_word' id='word_1_723' title='bbox 2647 4852 2754 4905; x_wconf 90' lang='lat' dir='ltr'><strong>vim</strong></span> <span class='ocrx_word' id='word_1_724' title='bbox 2798 4853 2974 4907; x_wconf 88' lang='lat' dir='ltr'><strong>habet.</strong></span> <span class='ocrx_word' id='word_1_725' title='bbox 3004 4850 3138 4905; x_wconf 87' lang='lat' dir='ltr'><strong>Nam</strong></span> <span class='ocrx_word' id='word_1_726' title='bbox 3168 4865 3301 4920; x_wconf 85' lang='lat' dir='ltr'><strong>poe-</strong></span> 
     </span>
    </p>
   </div>
   <div class='ocr_carea' id='block_1_96' title="bbox 94 4932 3312 5015">
    <p class='ocr_par' dir='ltr' id='par_1_96' title="bbox 94 4932 3312 5015">
     <span class='ocr_line' id='line_1_96' title="bbox 94 4932 3312 5015; baseline 0.005 -36"><span class='ocrx_word' id='word_1_727' title='bbox 94 4932 234 4982; x_wconf 79' lang='lat' dir='ltr'><strong>tarum</strong></span> <span class='ocrx_word' id='word_1_728' title='bbox 264 4948 437 5003; x_wconf 83' lang='lat' dir='ltr'><strong>opera,</strong></span> <span class='ocrx_word' id='word_1_729' title='bbox 474 4936 605 4989; x_wconf 91' lang='lat' dir='ltr'><strong>dum</strong></span> <span class='ocrx_word' id='word_1_730' title='bbox 662 4951 758 5006; x_wconf 90' lang='lat' dir='ltr'><strong>per</strong></span> <span class='ocrx_word' id='word_1_731' title='bbox 788 4952 927 5000; x_wconf 86' lang='lat' dir='ltr'><strong>sese,</strong></span> <span class='ocrx_word' id='word_1_732' title='bbox 954 4945 1117 5008; x_wconf 89' lang='lat' dir='ltr'><strong>atque</strong></span> <span class='ocrx_word' id='word_1_733' title='bbox 1154 4939 1261 4995; x_wconf 90' lang='lat' dir='ltr'><strong>illis</strong></span> <span class='ocrx_word' id='word_1_734' title='bbox 1319 4941 1543 4997; x_wconf 68' lang='lat' dir='ltr'><strong>musica:</strong></span> <span class='ocrx_word' id='word_1_735' title='bbox 1596 4944 1799 4998; x_wconf 86' lang='lat' dir='ltr'><strong>nudata</strong></span> <span class='ocrx_word' id='word_1_736' title='bbox 1856 4942 2133 4998; x_wconf 88' lang='lat' dir='ltr'><strong>coloribus</strong></span> <span class='ocrx_word' id='word_1_737' title='bbox 2189 4944 2508 5011; x_wconf 90' lang='lat' dir='ltr'><strong>audiuntur,</strong></span> <span class='ocrx_word' id='word_1_738' title='bbox 2558 4945 2738 5015; x_wconf 89' lang='lat' dir='ltr'><strong>qualia</strong></span> <span class='ocrx_word' id='word_1_739' title='bbox 2771 4945 2989 4999; x_wconf 91' lang='lat' dir='ltr'><strong>demum</strong></span> <span class='ocrx_word' id='word_1_740' title='bbox 3018 4943 3188 4997; x_wconf 89' lang='lat' dir='ltr'><strong>videri</strong></span> <span class='ocrx_word' id='word_1_741' title='bbox 3213 4958 3312 4997; x_wconf 64' lang='grc' dir='ltr'>δυο</span> 
     </span>
    </p>
   </div>
   <div class='ocr_carea' id='block_1_97' title="bbox 64 5104 1608 5222">
    <p class='ocr_par' dir='ltr' id='par_1_97' title="bbox 64 5104 1608 5222">
     <span class='ocr_line' id='line_1_97' title="bbox 64 5104 1608 5222; baseline 0.014 -36"><span class='ocrx_word' id='word_1_742' title='bbox 64 5104 75 5187; x_wconf 36' lang='grc' dir='ltr'><strong>ί</strong></span> <span class='ocrx_word' id='word_1_743' title='bbox 95 5132 619 5222; x_wconf 16' lang='grc' dir='ltr'>-Διηρῳταγόραιςτ</span> <span class='ocrx_word' id='word_1_744' title='bbox 639 5140 968 5222; x_wconf 83' lang='lat' dir='ltr'><strong>Notissimus</strong></span> <span class='ocrx_word' id='word_1_745' title='bbox 998 5144 1104 5209; x_wconf 90' lang='lat' dir='ltr'><strong>hic,</strong></span> <span class='ocrx_word' id='word_1_746' title='bbox 1123 5146 1204 5222; x_wconf 90' lang='lat' dir='ltr'><strong>ve_l</strong></span> <span class='ocrx_word' id='word_1_747' title='bbox 1229 5148 1608 5222; x_wconf 69' lang='lat' dir='ltr'><strong>philosophus,</strong></span> 
     </span>
    </p>
   </div>
   <div class='ocr_carea' id='block_1_98' title="bbox 95 5201 1612 5282">
    <p class='ocr_par' dir='ltr' id='par_1_98' title="bbox 95 5201 1612 5282">
     <span class='ocr_line' id='line_1_98' title="bbox 95 5201 1612 5282; baseline 0.01 -23"><span class='ocrx_word' id='word_1_748' title='bbox 95 5201 158 5278; x_wconf 52' lang='lat' dir='ltr'><strong>fel</strong></span> <span class='ocrx_word' id='word_1_749' title='bbox 174 5201 522 5282; x_wconf 34' lang='lat' dir='ltr'><strong>“sophista;e’x</strong></span> <span class='ocrx_word' id='word_1_750' title='bbox 555 5201 810 5281; x_wconf 74' lang='lat' dir='ltr'><strong>Diogene,</strong></span> <span class='ocrx_word' id='word_1_751' title='bbox 854 5201 1132 5275; x_wconf 67' lang='lat' dir='ltr'><strong>Athenaeo,</strong></span> <span class='ocrx_word' id='word_1_752' title='bbox 1169 5201 1612 5282; x_wconf 52' lang='lat' dir='ltr'><strong>sdi.ia,’t&gt;13i&amp;ié</strong></span> 
     </span>
    </p>
   </div>
   <div class='ocr_carea' id='block_1_99' title="bbox 94 5271 1611 5357">
    <p class='ocr_par' dir='ltr' id='par_1_99' title="bbox 94 5271 1611 5357">
     <span class='ocr_line' id='line_1_99' title="bbox 94 5271 1611 5357; baseline 0.016 -36"><span class='ocrx_word' id='word_1_753' title='bbox 94 5271 136 5357; x_wconf 73' lang='lat' dir='ltr'><strong>in</strong></span> <span class='ocrx_word' id='word_1_754' title='bbox 166 5271 452 5357; x_wconf 68' lang='lat' dir='ltr'><strong>Protagord,</strong></span> <span class='ocrx_word' id='word_1_755' title='bbox 488 5292 543 5357; x_wconf 71' lang='lat' dir='ltr'><strong>et</strong></span> <span class='ocrx_word' id='word_1_756' title='bbox 566 5271 691 5335; x_wconf 73' lang='lat' dir='ltr'><strong>alibi</strong></span> <span class='ocrx_word' id='word_1_757' title='bbox 728 5271 1033 5357; x_wconf 74' lang='lat' dir='ltr'><strong>passim,et</strong></span> <span class='ocrx_word' id='word_1_758' title='bbox 1068 5271 1138 5339; x_wconf 70' lang='lat' dir='ltr'><strong>al.</strong></span> <span class='ocrx_word' id='word_1_759' title='bbox 1164 5271 1611 5357; x_wconf 78' lang='lat' dir='ltr'><strong>Diogenes</strong></span> 
     </span>
    </p>
   </div>
   <div class='ocr_carea' id='block_1_100' title="bbox 93 5348 1607 5422">
    <p class='ocr_par' dir='ltr' id='par_1_100' title="bbox 93 5348 1607 5422">
     <span class='ocr_line' id='line_1_100' title="bbox 93 5348 1607 5422; baseline 0.015 -30"><span class='ocrx_word' id='word_1_760' title='bbox 93 5348 181 5396; x_wconf 83' lang='lat' dir='ltr'><strong>rios</strong></span> <span class='ocrx_word' id='word_1_761' title='bbox 207 5348 361 5422; x_wconf 71' lang='lat' dir='ltr'><strong>solum</strong></span> <span class='ocrx_word' id='word_1_762' title='bbox 394 5352 657 5418; x_wconf 89' lang='lat' dir='ltr'><strong>nominat,</strong></span> <span class='ocrx_word' id='word_1_763' title='bbox 690 5348 828 5421; x_wconf 81' lang='lat' dir='ltr'><strong>quos</strong></span> <span class='ocrx_word' id='word_1_764' title='bbox 861 5356 1069 5422; x_wconf 83' lang='lat' dir='ltr'><strong>legibus</strong></span> <span class='ocrx_word' id='word_1_765' title='bbox 1101 5348 1393 5412; x_wconf 74' lang='lat' dir='ltr'><strong>instituerit</strong></span> <span class='ocrx_word' id='word_1_766' title='bbox 1422 5379 1434 5412; x_wconf 91' lang='lat'>:</span> <span class='ocrx_word' id='word_1_767' title='bbox 1469 5358 1607 5416; x_wconf 81' lang='lat' dir='ltr'><strong>forte</strong></span> 
     </span>
    </p>
   </div>
   <div class='ocr_carea' id='block_1_101' title="bbox 94 5414 1607 5500">
    <p class='ocr_par' dir='ltr' id='par_1_101' title="bbox 94 5414 1607 5500">
     <span class='ocr_line' id='line_1_101' title="bbox 94 5414 1607 5500; baseline 0.009 -30"><span class='ocrx_word' id='word_1_768' title='bbox 94 5423 190 5500; x_wconf 41' lang='lat' dir='ltr'><strong>flint</strong></span> <span class='ocrx_word' id='word_1_769' title='bbox 215 5414 653 5500; x_wconf 36' lang='lat' dir='ltr'><strong>athenis-pulsus,</strong></span> <span class='ocrx_word' id='word_1_770' title='bbox 672 5414 791 5500; x_wconf 68' lang='lat' dir='ltr'><strong>eam</strong></span> <span class='ocrx_word' id='word_1_771' title='bbox 820 5425 871 5477; x_wconf 93' lang='lat' dir='ltr'><strong>in</strong></span> <span class='ocrx_word' id='word_1_772' title='bbox 904 5414 1064 5500; x_wconf 58' lang='lat' dir='ltr'><strong>[taliae</strong></span> <span class='ocrx_word' id='word_1_773' title='bbox 1090 5441 1265 5500; x_wconf 84' lang='lat' dir='ltr'><strong>oram,</strong></span> <span class='ocrx_word' id='word_1_774' title='bbox 1290 5414 1607 5500; x_wconf 62' lang='lat' dir='ltr'><strong>Pythagorae</strong></span> 
     </span>
    </p>
   </div>
   <div class='ocr_carea' id='block_1_102' title="bbox 91 5482 1607 5569">
    <p class='ocr_par' dir='ltr' id='par_1_102' title="bbox 91 5482 1607 5569">
     <span class='ocr_line' id='line_1_102' title="bbox 91 5482 1607 5569; baseline 0.011 -32"><span class='ocrx_word' id='word_1_775' title='bbox 91 5482 284 5569; x_wconf 42' lang='lat' dir='ltr'><strong>adventu</strong></span> <span class='ocrx_word' id='word_1_776' title='bbox 312 5500 361 5569; x_wconf 71' lang='lat' dir='ltr'><strong>et</strong></span> <span class='ocrx_word' id='word_1_777' title='bbox 387 5482 672 5569; x_wconf 73' lang='lat' dir='ltr'><strong>disciplina</strong></span> <span class='ocrx_word' id='word_1_778' title='bbox 712 5494 822 5569; x_wconf 81' lang='lat' dir='ltr'><strong>jam</strong></span> <span class='ocrx_word' id='word_1_779' title='bbox 845 5496 1121 5569; x_wconf 66' lang='lat' dir='ltr'><strong>celebrem</strong></span> <span class='ocrx_word' id='word_1_780' title='bbox 1157 5482 1607 5569; x_wconf 56' lang='lat' dir='ltr'><strong>migrasset.°Nec</strong></span> 
     </span>
    </p>
   </div>
   <div class='ocr_carea' id='block_1_103' title="bbox 93 5546 1607 5635">
    <p class='ocr_par' dir='ltr' id='par_1_103' title="bbox 93 5546 1607 5635">
     <span class='ocr_line' id='line_1_103' title="bbox 93 5546 1607 5635; baseline 0.015 -33"><span class='ocrx_word' id='word_1_781' title='bbox 93 5546 309 5635; x_wconf 53' lang='lat' dir='ltr'><strong>gredicus</strong></span> <span class='ocrx_word' id='word_1_782' title='bbox 341 5546 599 5635; x_wconf 68' lang='lat' dir='ltr'><strong>ignotior,</strong></span> <span class='ocrx_word' id='word_1_783' title='bbox 619 5546 812 5635; x_wconf 72' lang='lat' dir='ltr'><strong>patria,</strong></span> <span class='ocrx_word' id='word_1_784' title='bbox 844 5546 1282 5629; x_wconf 57' lang='grc' dir='ltr'><strong>ιζὲὲρξζίίὸὲἑξί</strong></span> 
     </span>
    </p>
   </div>
   <div class='ocr_carea' id='block_1_104' title="bbox 93 5616 1603 5703">
    <p class='ocr_par' dir='ltr' id='par_1_104' title="bbox 93 5616 1603 5703">
     <span class='ocr_line' id='line_1_104' title="bbox 93 5616 1603 5703; baseline 0.005 -17"><span class='ocrx_word' id='word_1_785' title='bbox 93 5616 236 5687; x_wconf 69' lang='grc' dir='ltr'><strong>Χιεῖθς,</strong></span> <span class='ocrx_word' id='word_1_786' title='bbox 258 5638 343 5703; x_wconf 80' lang='lat' dir='ltr'><strong>aut</strong></span> <span class='ocrx_word' id='word_1_787' title='bbox 359 5616 491 5694; x_wconf 58' lang='grc' dir='ltr'>’Χῖος</span> <span class='ocrx_word' id='word_1_788' title='bbox 511 5671 525 5696; x_wconf 92' lang='grc'><strong>,</strong></span> <span class='ocrx_word' id='word_1_789' title='bbox 552 5616 603 5687; x_wconf 80' lang='lat' dir='ltr'><strong>id</strong></span> <span class='ocrx_word' id='word_1_790' title='bbox 620 5616 716 5688; x_wconf 43' lang='lat' dir='ltr'><strong>Iest</strong></span> <span class='ocrx_word' id='word_1_791' title='bbox 742 5616 923 5697; x_wconf 71' lang='lat' dir='ltr'><strong>Cliius,</strong></span> <span class='ocrx_word' id='word_1_792' title='bbox 952 5616 1176 5692; x_wconf 34' lang='lat' dir='ltr'><strong>u‘t&#39;b&#39;anc</strong></span> 
     </span>
    </p>
   </div>
   <div class='ocr_carea' id='block_1_105' title="bbox 94 5698 1602 5778">
    <p class='ocr_par' dir='ltr' id='par_1_105' title="bbox 94 5698 1602 5778">
     <span class='ocr_line' id='line_1_105' title="bbox 94 5698 1602 5778; baseline 0.011 -30"><span class='ocrx_word' id='word_1_793' title='bbox 94 5698 505 5778; x_wconf 49' lang='lat' dir='ltr'><strong>Quemadmodum</strong></span> <span class='ocrx_word' id='word_1_794' title='bbox 549 5710 602 5757; x_wconf 87' lang='lat' dir='ltr'><strong>et</strong></span> <span class='ocrx_word' id='word_1_795' title='bbox 664 5704 724 5778; x_wconf 88' lang='lat' dir='ltr'><strong>in_</strong></span> <span class='ocrx_word' id='word_1_796' title='bbox 761 5703 1312 5778; x_wconf 67' lang='lat' dir='ltr'><strong>Ficini_versionem,</strong></span> <span class='ocrx_word' id='word_1_797' title='bbox 1368 5698 1602 5778; x_wconf 66' lang='lat' dir='ltr'><strong>irrepsit.</strong></span> 
     </span>
    </p>
   </div>
   <div class='ocr_carea' id='block_1_106' title="bbox 96 5762 1605 5847">
    <p class='ocr_par' dir='ltr' id='par_1_106' title="bbox 96 5762 1605 5847">
     <span class='ocr_line' id='line_1_106' title="bbox 96 5762 1605 5847; baseline 0.014 -35"><span class='ocrx_word' id='word_1_798' title='bbox 96 5762 276 5847; x_wconf 36' lang='lat' dir='ltr'><strong>pandam</strong></span> <span class='ocrx_word' id='word_1_799' title='bbox 321 5772 728 5847; x_wconf 26' lang='lat' dir='ltr'><strong>e_onsp_leA,_qui</strong></span> <span class='ocrx_word' id='word_1_800' title='bbox 759 5791 882 5847; x_wconf 85' lang='lat' dir='ltr'><strong>eum</strong></span> <span class='ocrx_word' id='word_1_801' title='bbox 928 5774 1239 5847; x_wconf 74' lang='lat' dir='ltr'><strong>Protagora:</strong></span> <span class='ocrx_word' id='word_1_802' title='bbox 1281 5762 1605 5847; x_wconf 45' lang='lat' dir='ltr'><strong>discipulum</strong></span> 
     </span>
    </p>
   </div>
   <div class='ocr_carea' id='block_1_107' title="bbox 94 5825 1605 5920">
    <p class='ocr_par' dir='ltr' id='par_1_107' title="bbox 94 5825 1605 5920">
     <span class='ocr_line' id='line_1_107' title="bbox 94 5825 1605 5920; baseline 0.015 -43"><span class='ocrx_word' id='word_1_803' title='bbox 94 5825 229 5887; x_wconf 85' lang='lat' dir='ltr'><strong>luisse</strong></span> <span class='ocrx_word' id='word_1_804' title='bbox 250 5838 420 5895; x_wconf 85' lang='lat' dir='ltr'><strong>tradit.</strong></span> <span class='ocrx_word' id='word_1_805' title='bbox 456 5825 587 5897; x_wconf 70' lang='lat' dir='ltr'><strong>uuié</strong></span> <span class='ocrx_word' id='word_1_806' title='bbox 606 5825 1605 5920; x_wconf 50' lang='lat' dir='ltr'><strong>irascens;.612};.3;anziﬁ;s‘.&quot;i§i;</strong></span> 
     </span>
    </p>
   </div>
   <div class='ocr_carea' id='block_1_108' title="bbox 1719 5148 3305 5274">
    <p class='ocr_par' dir='ltr' id='par_1_108' title="bbox 1719 5148 3305 5274">
     <span class='ocr_line' id='line_1_108' title="bbox 1719 5148 3305 5274; baseline -0.003 -68"><span class='ocrx_word' id='word_1_807' title='bbox 1719 5166 1858 5274; x_wconf 48' lang='lat' dir='ltr'><strong>qpus</strong></span> <span class='ocrx_word' id='word_1_808' title='bbox 1892 5152 2141 5206; x_wconf 89' lang='lat' dir='ltr'><strong>attribuit</strong></span> <span class='ocrx_word' id='word_1_809' title='bbox 2168 5153 2234 5207; x_wconf 92' lang='lat' dir='ltr'><strong>de</strong></span> <span class='ocrx_word' id='word_1_810' title='bbox 2264 5151 2495 5207; x_wconf 81' lang='lat' dir='ltr'><strong>Hercule</strong></span> <span class='ocrx_word' id='word_1_811' title='bbox 2532 5154 2585 5206; x_wconf 94' lang='lat' dir='ltr'><strong>in</strong></span> <span class='ocrx_word' id='word_1_812' title='bbox 2620 5151 2788 5215; x_wconf 91' lang='lat' dir='ltr'><strong>bivio,</strong></span> <span class='ocrx_word' id='word_1_813' title='bbox 2819 5165 2983 5221; x_wconf 90' lang='lat' dir='ltr'><strong>quem</strong></span> <span class='ocrx_word' id='word_1_814' title='bbox 3014 5151 3142 5205; x_wconf 93' lang='lat' dir='ltr'><strong>hinc</strong></span> <span class='ocrx_word' id='word_1_815' title='bbox 3174 5148 3305 5202; x_wconf 88' lang='lat' dir='ltr'><strong>inde.</strong></span> 
     </span>
     <span class='ocr_line' id='line_1_109' title="bbox 1771 5221 3302 5274; baseline 0 0"><span class='ocrx_word' id='word_1_816' title='bbox 1771 5225 1905 5274; x_wconf 87' lang='lat' dir='ltr'><strong>irtus</strong></span> <span class='ocrx_word' id='word_1_817' title='bbox 1935 5232 1989 5274; x_wconf 92' lang='lat' dir='ltr'><strong>et</strong></span> <span class='ocrx_word' id='word_1_818' title='bbox 2011 5221 2271 5274; x_wconf 79' lang='lat' dir='ltr'><strong>Voluntas</strong></span> <span class='ocrx_word' id='word_1_819' title='bbox 2315 5224 2613 5274; x_wconf 89' lang='lat' dir='ltr'><strong>allicerent.</strong></span> <span class='ocrx_word' id='word_1_820' title='bbox 2669 5221 2800 5274; x_wconf 66' lang='lat' dir='ltr'><strong>Ouae</strong></span> <span class='ocrx_word' id='word_1_821' title='bbox 2842 5222 3033 5274; x_wconf 87' lang='lat' dir='ltr'><strong>civitas</strong></span> <span class='ocrx_word' id='word_1_822' title='bbox 3060 5221 3179 5274; x_wconf 90' lang='lat' dir='ltr'><strong>eius</strong></span> <span class='ocrx_word' id='word_1_823' title='bbox 3208 5230 3302 5274; x_wconf 89' lang='lat' dir='ltr'><strong>aut</strong></span> 
     </span>
    </p>
   </div>
   <div class='ocr_carea' id='block_1_109' title="bbox 1770 5221 3302 5291">
    <p class='ocr_par' dir='ltr' id='par_1_109' title="bbox 1770 5221 3302 5291">
     <span class='ocr_line' id='line_1_110' title="bbox 1770 5221 3302 5291; baseline -0.001 -16"><span class='ocrx_word' id='word_1_824' title='bbox 1770 5225 1905 5276; x_wconf 87' lang='lat' dir='ltr'><strong>irtus</strong></span> <span class='ocrx_word' id='word_1_825' title='bbox 1935 5232 1989 5276; x_wconf 91' lang='lat' dir='ltr'><strong>et</strong></span> <span class='ocrx_word' id='word_1_826' title='bbox 2011 5221 2271 5291; x_wconf 76' lang='lat' dir='ltr'><strong>Voluptas</strong></span> <span class='ocrx_word' id='word_1_827' title='bbox 2315 5224 2613 5277; x_wconf 87' lang='lat' dir='ltr'><strong>allicerent.</strong></span> <span class='ocrx_word' id='word_1_828' title='bbox 2669 5221 2800 5286; x_wconf 68' lang='lat' dir='ltr'><strong>Quae</strong></span> <span class='ocrx_word' id='word_1_829' title='bbox 2842 5222 3033 5275; x_wconf 88' lang='lat' dir='ltr'><strong>civitas</strong></span> <span class='ocrx_word' id='word_1_830' title='bbox 3060 5221 3179 5288; x_wconf 85' lang='lat' dir='ltr'><strong>ejus</strong></span> <span class='ocrx_word' id='word_1_831' title='bbox 3208 5230 3302 5274; x_wconf 90' lang='lat' dir='ltr'><strong>aut</strong></span> 
     </span>
    </p>
   </div>
   <div class='ocr_carea' id='block_1_110' title="bbox 1718 5292 3144 5364">
    <p class='ocr_par' dir='ltr' id='par_1_110' title="bbox 1718 5292 3144 5364">
     <span class='ocr_line' id='line_1_111' title="bbox 1718 5292 3144 5364; baseline -0.002 -18"><span class='ocrx_word' id='word_1_832' title='bbox 1718 5293 2021 5364; x_wconf 69' lang='lat' dir='ltr'><strong>praeceptis,</strong></span> <span class='ocrx_word' id='word_1_833' title='bbox 2054 5294 2388 5364; x_wconf 79' lang='lat' dir='ltr'><strong>autlegibus</strong></span> <span class='ocrx_word' id='word_1_834' title='bbox 2424 5309 2521 5347; x_wconf 91' lang='lat' dir='ltr'><strong>usa</strong></span> <span class='ocrx_word' id='word_1_835' title='bbox 2558 5293 2743 5353; x_wconf 81' lang='lat' dir='ltr'><strong>fuerit.</strong></span> <span class='ocrx_word' id='word_1_836' title='bbox 2778 5307 2881 5364; x_wconf 86' lang='lat' dir='ltr'><strong>non</strong></span> <span class='ocrx_word' id='word_1_837' title='bbox 2912 5292 3144 5364; x_wconf 64' lang='lat' dir='ltr'><strong>reperio.</strong></span> 
     </span>
    </p>
   </div>
   <div class='ocr_carea' id='block_1_111' title="bbox 1786 5360 3294 5495">
    <p class='ocr_par' dir='ltr' id='par_1_111' title="bbox 1786 5360 3294 5495">
     <span class='ocr_line' id='line_1_112' title="bbox 1786 5360 3294 5495; baseline -0.001 -80"><span class='ocrx_word' id='word_1_838' title='bbox 1786 5363 1863 5495; x_wconf 63' lang='grc'><strong>(5)</strong></span> <span class='ocrx_word' id='word_1_839' title='bbox 1897 5360 2300 5429; x_wconf 75' lang='grc' dir='ltr'>Παρεστάνᾱι.</span> <span class='ocrx_word' id='word_1_840' title='bbox 2342 5362 2522 5416; x_wconf 85' lang='lat' dir='ltr'><strong>Malim</strong></span> <span class='ocrx_word' id='word_1_841' title='bbox 2560 5362 2912 5433; x_wconf 81' lang='grc' dir='ltr'>παριστάναι,</span> <span class='ocrx_word' id='word_1_842' title='bbox 2955 5376 3023 5415; x_wconf 77' lang='lat' dir='ltr'><strong>ex</strong></span> <span class='ocrx_word' id='word_1_843' title='bbox 3050 5360 3294 5415; x_wconf 84' lang='lat' dir='ltr'><strong>Platone.</strong></span> 
     </span>
     <span class='ocr_line' id='line_1_113' title="bbox 1810 5432 2619 5495; baseline -0.001 -9"><span class='ocrx_word' id='word_1_844' title='bbox 1810 5434 1863 5495; x_wconf 72' lang='grc'>4)</span> <span class='ocrx_word' id='word_1_845' title='bbox 1910 5432 2123 5487; x_wconf 79' lang='grc' dir='ltr'>Οὶκεῐν.</span> <span class='ocrx_word' id='word_1_846' title='bbox 2165 5432 2339 5495; x_wconf 87' lang='lat' dir='ltr'><strong>Plato,</strong></span> <span class='ocrx_word' id='word_1_847' title='bbox 2378 5434 2619 5486; x_wconf 84' lang='grc' dir='ltr'>διοικεῖν.</span> 
     </span>
    </p>
   </div>
   <div class='ocr_carea' id='block_1_112' title="bbox 1810 5432 2619 5503">
    <p class='ocr_par' dir='ltr' id='par_1_112' title="bbox 1810 5432 2619 5503">
     <span class='ocr_line' id='line_1_114' title="bbox 1810 5432 2619 5503; baseline -0.001 -17"><span class='ocrx_word' id='word_1_848' title='bbox 1810 5434 1863 5503; x_wconf 72' lang='grc'>4)</span> <span class='ocrx_word' id='word_1_849' title='bbox 1910 5432 2137 5503; x_wconf 61' lang='lat' dir='ltr'><strong>Oixsir.</strong></span> <span class='ocrx_word' id='word_1_850' title='bbox 2156 5432 2339 5503; x_wconf 85' lang='lat' dir='ltr'><strong>Plato,</strong></span> <span class='ocrx_word' id='word_1_851' title='bbox 2378 5434 2619 5486; x_wconf 84' lang='grc' dir='ltr'>διοικεῖν.</span> 
     </span>
    </p>
   </div>
   <div class='ocr_carea' id='block_1_113' title="bbox 1812 5502 3131 5572">
    <p class='ocr_par' dir='ltr' id='par_1_113' title="bbox 1812 5502 3131 5572">
     <span class='ocr_line' id='line_1_115' title="bbox 1812 5502 3131 5572; baseline -0.002 -15"><span class='ocrx_word' id='word_1_852' title='bbox 1812 5502 1864 5572; x_wconf 81' lang='grc'>5)</span> <span class='ocrx_word' id='word_1_853' title='bbox 1901 5504 2083 5557; x_wconf 82' lang='grc' dir='ltr'>Οἵκοι.</span> <span class='ocrx_word' id='word_1_854' title='bbox 2126 5502 2275 5557; x_wconf 82' lang='lat' dir='ltr'><strong>Hanc</strong></span> <span class='ocrx_word' id='word_1_855' title='bbox 2308 5519 2495 5558; x_wconf 88' lang='lat' dir='ltr'><strong>vocem</strong></span> <span class='ocrx_word' id='word_1_856' title='bbox 2528 5504 2681 5556; x_wconf 90' lang='lat' dir='ltr'><strong>Plato</strong></span> <span class='ocrx_word' id='word_1_857' title='bbox 2721 5518 2826 5557; x_wconf 93' lang='lat' dir='ltr'><strong>non</strong></span> <span class='ocrx_word' id='word_1_858' title='bbox 2860 5502 3131 5572; x_wconf 82' lang='lat' dir='ltr'><strong>agnoscit.</strong></span> 
     </span>
    </p>
   </div>
   <div class='ocr_carea' id='block_1_114' title="bbox 1809 5568 3297 5643">
    <p class='ocr_par' dir='ltr' id='par_1_114' title="bbox 1809 5568 3297 5643">
     <span class='ocr_line' id='line_1_116' title="bbox 1809 5568 3297 5643; baseline -0.001 -15"><span class='ocrx_word' id='word_1_859' title='bbox 1809 5568 1860 5643; x_wconf 81' lang='lat'><strong>6)</strong></span> <span class='ocrx_word' id='word_1_860' title='bbox 1914 5573 2193 5641; x_wconf 80' lang='grc' dir='ltr'>Ἑκὰστῳ.</span> <span class='ocrx_word' id='word_1_861' title='bbox 2258 5573 2452 5637; x_wconf 87' lang='lat' dir='ltr'><strong>Plato,</strong></span> <span class='ocrx_word' id='word_1_862' title='bbox 2503 5574 2767 5627; x_wconf 80' lang='grc' dir='ltr'>ἑκάστων.</span> <span class='ocrx_word' id='word_1_863' title='bbox 2825 5568 3092 5626; x_wconf 75' lang='lat' dir='ltr'><strong>Neutrum</strong></span> <span class='ocrx_word' id='word_1_864' title='bbox 3158 5568 3297 5627; x_wconf 86' lang='lat' dir='ltr'><strong>satis</strong></span> 
     </span>
    </p>
   </div>
   <div class='ocr_carea' id='block_1_115' title="bbox 1714 5644 2669 5715">
    <p class='ocr_par' dir='ltr' id='par_1_115' title="bbox 1714 5644 2669 5715">
     <span class='ocr_line' id='line_1_117' title="bbox 1714 5644 2669 5715; baseline -0.002 -18"><span class='ocrx_word' id='word_1_865' title='bbox 1714 5644 1850 5715; x_wconf 78' lang='lat' dir='ltr'><strong>mihi</strong></span> <span class='ocrx_word' id='word_1_866' title='bbox 1885 5647 2173 5711; x_wconf 87' lang='lat' dir='ltr'><strong>probatur;</strong></span> <span class='ocrx_word' id='word_1_867' title='bbox 2205 5645 2418 5698; x_wconf 86' lang='lat' dir='ltr'><strong>mallem</strong></span> <span class='ocrx_word' id='word_1_868' title='bbox 2447 5645 2669 5715; x_wconf 73' lang='grc' dir='ltr'>ἑκάστῃ.</span> 
     </span>
    </p>
   </div>
   <div class='ocr_carea' id='block_1_116' title="bbox 1786 5710 3295 5783">
    <p class='ocr_par' dir='ltr' id='par_1_116' title="bbox 1786 5710 3295 5783">
     <span class='ocr_line' id='line_1_118' title="bbox 1786 5710 3295 5783; baseline -0.003 -14"><span class='ocrx_word' id='word_1_869' title='bbox 1786 5713 1862 5783; x_wconf 86' lang='grc'><strong>(7)</strong></span> <span class='ocrx_word' id='word_1_870' title='bbox 1887 5710 2445 5783; x_wconf 28' lang='grc' dir='ltr'>ίῈπιγνμι-ωθέντα.</span> <span class='ocrx_word' id='word_1_871' title='bbox 2490 5710 2684 5769; x_wconf 76' lang='lat' dir='ltr'><strong>Purior</strong></span> <span class='ocrx_word' id='word_1_872' title='bbox 2718 5729 2781 5769; x_wconf 93' lang='lat' dir='ltr'><strong>ac</strong></span> <span class='ocrx_word' id='word_1_873' title='bbox 2809 5712 3007 5769; x_wconf 89' lang='lat' dir='ltr'><strong>tersior</strong></span> <span class='ocrx_word' id='word_1_874' title='bbox 3047 5710 3295 5783; x_wconf 77' lang='lat' dir='ltr'><strong>Platonis</strong></span> 
     </span>
    </p>
   </div>
   <div class='ocr_carea' id='block_1_117' title="bbox 1714 5781 3298 5865">
    <p class='ocr_par' dir='ltr' id='par_1_117' title="bbox 1714 5781 3298 5865">
     <span class='ocr_line' id='line_1_119' title="bbox 1714 5781 3298 5865; baseline -0.002 -29"><span class='ocrx_word' id='word_1_875' title='bbox 1714 5781 1986 5865; x_wconf 40' lang='lat' dir='ltr'><strong>lec&#39;tio~est</strong></span> <span class='ocrx_word' id='word_1_876' title='bbox 2009 5826 2023 5849; x_wconf 92' lang='lat'><strong>,</strong></span> <span class='ocrx_word' id='word_1_877' title='bbox 2056 5781 2177 5837; x_wconf 73' lang='grc' dir='ltr'>ἐπεὶ</span> <span class='ocrx_word' id='word_1_878' title='bbox 2222 5784 2573 5862; x_wconf 62' lang='grc' dir='ltr'>γυμνωθέντα</span> <span class='ocrx_word' id='word_1_879' title='bbox 2606 5801 2669 5853; x_wconf 90' lang='grc' dir='ltr'><strong>γε</strong></span> <span class='ocrx_word' id='word_1_880' title='bbox 2702 5802 2751 5840; x_wconf 86' lang='grc' dir='ltr'><strong>τ.</strong></span> <span class='ocrx_word' id='word_1_881' title='bbox 2790 5801 2841 5836; x_wconf 88' lang='grc' dir='ltr'><strong>τ.</strong></span> <span class='ocrx_word' id='word_1_882' title='bbox 2880 5800 2938 5855; x_wconf 91' lang='grc' dir='ltr'><strong>μ.</strong></span> <span class='ocrx_word' id='word_1_883' title='bbox 2977 5800 3029 5853; x_wconf 85' lang='grc' dir='ltr'><strong>χ.</strong></span> <span class='ocrx_word' id='word_1_884' title='bbox 3078 5782 3145 5835; x_wconf 74' lang='grc' dir='ltr'>τὰ</span> <span class='ocrx_word' id='word_1_885' title='bbox 3184 5781 3298 5834; x_wconf 78' lang='grc' dir='ltr'><strong>τῶν</strong></span> 
     </span>
    </p>
   </div>
   <div class='ocr_carea' id='block_1_118' title="bbox 1716 5864 2108 5921">
    <p class='ocr_par' dir='ltr' id='par_1_118' title="bbox 1716 5864 2108 5921">
     <span class='ocr_line' id='line_1_120' title="bbox 1716 5864 2108 5921; baseline 0 -15"><span class='ocrx_word' id='word_1_886' title='bbox 1716 5864 1974 5921; x_wconf 77' lang='grc' dir='ltr'>ποιητῶν,</span> <span class='ocrx_word' id='word_1_887' title='bbox 2007 5864 2108 5910; x_wconf 83' lang='lat' dir='ltr'><strong>etc.</strong></span> 
     </span>
    </p>
   </div>
  </div>
