3872 6368
551 325 684 381 ιοδι

1215 315 1487 373 EUSEBII
1521 311 2002 369 CrESARlENSIS
2040 310 2192 367 OPP.
2241 311 2420 367 PARS
2457 311 2520 366 ll.
2565 343 2630 353 —
2669 311 3178 368 APOLOGETICA.

3599 327 3698 386 μοι
3795 323 3798 356 έ

546 440 726 504 leant,
777 436 943 500 satis,
995 433 1218 504 opinor,
1272 432 1545 503 intelligis.
1610 433 1693 485 An
1745 441 1799 484 tu
1845 429 1925 486 sic
1978 445 2044 484 ea
2103 430 2395 493 aliquando
2452 429 3165 500 spectasti?—Equidem,
3201 428 3366 500 inquit
3409 431 3499 486 ille.
3532 437 3622 490 »Αι
3642 440 3702 494 his

545 529 620 583 ita
644 526 957 583 constitutis
983 525 1157 594 placet
1178 523 1270 578 hic
1316 523 1482 578 etiam
1524 537 1591 576 ex
1627 520 1854 576 Platone
1895 537 2072 592 pauca
2129 523 2374 592 quaedam
2407 532 2664 584 attexere,
2691 521 2892 592 quibus
2921 519 3080 590 longe
3115 519 3398 590 sapientius
3422 538 3520 578 cum
3547 525 3595 580 de
3616 528 3705 594 Deo,

543 635 664 678 tum
720 623 788 678 de
821 622 1006 677 divina
1052 619 1400 675 Providentia
1462 618 1914 689 philosophatur,
1953 616 2307 674 Hebraeorum
2375 619 2541 674 etiam
2599 619 2705 673 hoc
2739 618 2792 672 in
2839 631 3036 688 genere
3089 616 3385 671 doctrinam
3438 632 3628 676 secutus.
3657 626 3707 681 Ae

542 720 781 790 primum
844 715 1130 771 hominum
1186 714 1481 784 impiorum
1524 729 1591 768 ac
1628 715 1966 770 divinitatem
2031 713 2279 769 funditus
2329 714 2811 770 exterminantium
2848 712 3170 778 sententias,
3234 713 3622 781 quemadmodum
3644 735 3708 774 ex-

545 823 735 885 ponat,
776 812 1079 867 videamus.

1076 902 1234 972 621
1275 897 1504 955 CAPUT
1544 899 1606 954 L.

711 993 782 1046 De
811 995 1083 1046 (ulmorum
1113 995 1373 1047 om'nione.
1415 992 1498 1046 Ea:
1524 994 1729 1062 Legum
1756 992 1974 1050 decimo.

617 1168 634 1200 ι
676 1149 900 1213 Doceut,
954 1149 1131 1220 inquit
1172 1150 1350 1212 Plato,
1380 1148 1649 1215 nonnulli,
1683 1163 1771 1203 res
1812 1162 2004 1202 omnes
2033 1163 2129 1202 seu

539 1258 662 1311 quae
691 1257 838 1296 nunc
868 1241 1006 1294 ﬁunt
1030 1283 1044 1305 ,
1079 1257 1173 1295 seu
1199 1256 1320 1310 qua}
1347 1241 1502 1294 factae
1523 1239 1635 1310 jam
1659 1278 1675 1304 ,
1703 1255 1798 1294 seu
1823 1254 1944 1309 qua:
1978 1239 2130 1292 dein-

541 1347 667 1401 ceps
718 1331 915 1385 futura),
946 1341 1106 1396 sunt,
1159 1333 1242 1386 vel
1290 1341 1518 1396 natura,
1564 1332 1648 1386 vel
1675 1340 1825 1395 arte,
1883 1331 1964 1385 vel
1997 1346 2128 1386 casu

539 1423 675 1477 ﬁeri.
703 1453 772 1463 —
799 1423 1064 1480 Przeclare
1095 1424 1144 1478 id
1173 1425 1415 1495 quidem.
1436 1452 1508 1464 —
1534 1423 1825 1478 Probabile
1855 1437 1985 1477 sane
2012 1423 2131 1477 fue-

539 1519 630 1582 rit,
664 1519 908 1574 eruditos
944 1518 1193 1573 homines
1223 1525 1370 1571 recte
1404 1516 1619 1572 locutos
1642 1531 1782 1571 esse.
1816 1513 1926 1571 Nos
1948 1524 2129 1570 tamen

534 1598 728 1665 eorum
766 1611 1010 1682 vestigiis
1042 1610 1379 1672 insistentes,
1411 1609 1542 1678 quid
1575 1608 1804 1678 ii,porro
1832 1609 2126 1674 senserint,

537 1701 632 1770 qui
664 1717 855 1755 eorum
884 1717 951 1754 ex
981 1700 1269 1770 disciplina
1293 1699 1521 1769 profecti
1547 1710 1695 1762 sunt,
1731 1699 2035 1755 videamus.
2061 1730 2129 1738 —

537 1791 834 1848 Videamus
865 1793 1066 1848 hercle.
1097 1821 1168 1831 —
1200 1790 1466 1846 Videntur
1489 1832 1504 1855 ,
1551 1791 1843 1861 inquiunt,
1889 1792 2127 1846 maxima

537 1898 764 1953 quaeque
806 1899 870 1938 ac
915 1884 1392 1952 praestantissima,
1444 1883 1527 1938 vel
1569 1893 1765 1938 natura
1818 1884 1903 1939 vel
1955 1900 2124 1951 casu;

535 1975 750 2028 minora
780 1989 911 2029 vero
961 1982 1078 2027 arte
1114 1973 1228 2027 ﬁeri
1259 1992 1271 2027 :
1320 1989 1442 2043 qua:
1483 1973 1732 2028 videlicet
1765 1975 2034 2045 majorum
2063 1990 2127 2028 ac

530 2064 846 2136 principum
892 2071 1103 2118 naturae
1150 2078 1379 2134 Operum
1412 2063 1626 2133 copiam
1676 2073 1856 2128 nacta,
1899 2063 2123 2118 minima

534 2157 795 2226 deinceps
829 2155 919 2209 illa
952 2155 1120 2226 lingat
1148 2164 1314 2225 atque
1353 2155 1636 2220 moliatur,
1667 2170 1786 2226 qua:
1828 2155 2123 2210 artiﬁciosa

531 2251 698 2321 vulgo
729 2250 1101 2304 nominamus.
1131 2280 1202 2290 ——
1222 2248 1542 2320 Cujusmodi
1595 2259 1680 2305 est
1719 2249 1865 2320 quod
1909 2249 2031 2304 ais?
2059 2282 2124 2289 -—

2775 892 2954 944 ΚΕΦΑ
2962 891 3167 944 ΛΑΙΟΝ
3204 891 3254 944 Ν
3261 897 3292 942 ⁸.

2161 973 2208 1031 Α
2233 986 2374 1054 Περὶ
2397 983 2510 1054 τῆς
2533 982 2652 1038 τῶν
2673 984 2862 1039 ἀθέων
2881 982 3088 1050 δόξης.
3132 983 3276 1037 Ἀπὸ
3296 982 3394 1036 τοῦ
3417 983 3619 1037 δεκάτου
3635 985 3710 1039 τὼν

2911 1054 3127 1124 Νόμων.

2312 1167 2330 1200 ι
2352 1147 2586 1217 Λέγουσί
2623 1146 2724 1201 πού
2761 1147 2836 1218 (8)
2870 1164 3046 1210 τινες,
3079 1147 3156 1210 ὡς
3190 1145 3360 1200 πάντα
3403 1147 3504 1200 ἐστὶ
3529 1147 3583 1199 τὰ
3619 1149 3710 1217 πρά-

2231 1258 2418 1312 γματα
2443 1240 2767 1310 γιγνόμενα,
2805 1241 2900 1293 καὶ
2927 1239 3050 1308 γενό
3059 1257 3214 1310 μενοι,
3245 1240 3336 1292 καὶ
3356 1240 3649 1311 γενησόμενα,
3671 1241 3714 1294 τὰ

2237 1335 2334 1405 μὲν
2370 1332 2551 1403 φύσει,
2585 1333 2654 1384 τὰ
2673 1333 2730 1386 δὲ
2757 1333 2921 1404 τέχνῃ
2940 1371 2954 1394 ,
2992 1331 3061 1384 τά
3094 1331 3151 1383 δὲ
3179 1330 3267 1384 διὰ
3290 1329 3464 1400 τύχην.
3495 1359 3551 1367 ——
3569 1330 3710 1384 Οὐκοῦν

2229 1425 2431 1489 καλῶς.
2461 1457 2531 1465 -
2559 1425 2718 1487 Εἱκός
2745 1424 2808 1493 γέ
2841 1424 2923 1476 τοί
2956 1440 3058 1476 που
3093 1423 3291 1491 σοφοὺς
3314 1421 3494 1492 ἄνδρας
3511 1419 3646 1492 ὀρθῶς
3659 1420 3715 1474 λέ-

2229 1536 2367 1588 γειν.
2438 1517 2719 1589 Ἐπόμενοί
2752 1534 2814 1586 γε
2849 1517 2924 1587 (9)
2957 1515 3062 1586 μὴν
3087 1514 3304 1578 αὐτοῖς,
3337 1511 3615 1583 σκεψώμεθα
3633 1514 3713 1575 τοὺς

2229 1607 2459 1675 ἐκεῖθεν,
2489 1608 2541 1660 τί
2563 1624 2692 1660 ποτε
2714 1606 2808 1658 καὶ
2828 1603 3157 1674 τυγχάνουσι
3175 1600 3538 1672 διανοούμενοι.
3556 1633 3610 1641 —
3623 1602 3717 1653 Πὰν-

2227 1717 2355 1764 τως.
2383 1731 2453 1740 -
2473 1700 2677 1759 Ἔοικε,
2711 1698 2862 1767 φασὶ,
2885 1696 2954 1749 τά
2977 1696 3075 1767 μὲν
3106 1694 3338 1766 μέγιστα
3361 1692 3518 1746 αὐτῶν
3544 1694 3617 1744 καὶ
3632 1692 3715 1744 κάλ-

2226 1794 2382 1847 λιστα
2415 1789 2824 1863 ἀπεργάζεσθαι
2861 1787 3021 1858 φύσιν
3056 1787 3148 1839 καὶ
3171 1785 3343 1856 τύχην
3363 1825 3377 1847 ,
3408 1784 3469 1837 τὰ
3488 1783 3536 1837 δὲ
3563 1783 3718 1854 σμικῴ-

2225 1897 2362 1951 τερα
2393 1879 2614 1950 τέχνην·
2670 1879 2738 1948 ἢν
2771 1877 2835 1949 δὴ
2870 1876 3022 1950 παρὰ
3061 1876 3276 1946 φύσεως
3309 1875 3637 1947 λαμϐάνουσαν
3655 1873 3716 1941 τήν

2226 1976 2335 2028 τῶν
2359 1975 2610 2046 μεγάλων
2633 1972 2726 2025 καὶ
2750 1970 2983 2043 πρώτων
3007 1971 3222 2039 γένεσιν
3247 1969 3418 2041 ἔργων
3441 1966 3644 2021 πλάττειν
3659 1965 3720 2018 καὶ

2226 2065 2598 2121 τεκταίνεσθαι
2623 2065 2798 2118 πάντα
2819 2063 2890 2116 τά
2917 2063 3281 2136 σμικρότατα,
3306 2062 3341 2117 ἃ
3359 2063 3420 2134 δὴ
3440 2062 3622 2133 τεχνικὰ

2225 2177 2316 2223 τες
2348 2158 2847 2230 προσαγορεύομεν.
2872 2189 2941 2198 -
2969 2155 3092 2219 Πῶς
3119 2156 3334 2224 λέγειςς
3362 2187 3427 2195 -
3455 2149 3568 2207 Ὧδέ
3587 2171 3642 2223 πη
3663 2168 3720 2204 :1-

2229 2253 2490 2325 φέστερον
2519 2252 2649 2323 ἐρῶ.
2674 2251 2812 2320 Πῦρ,
2833 2250 2929 2303 καὶ
2956 2248 3121 2320 ὕδωρ,
3155 2250 3248 2303 καί
3273 2249 3399 2320 γῆν,
3420 2251 3506 2302 καὶ
3524 2247 3645 2318 ἀέρα,
3664 2245 3722 2307 οὐκ

534 2343 672 2396 llem
723 2345 796 2395 ita
845 2341 1050 2397 clarius
1089 2341 1295 2410 accipe.
1340 2341 1544 2412 Ignem,
1580 2357 1800 2412 aquam.
1836 2351 2036 2396 terram
2073 2355 2111 2396 Cl

2231 2363 2313 2409 σει
2341 2345 2521 2399 πάντα
2555 2339 2690 2397 εἶναι
2723 2344 2818 2397 καὶ
2850 2341 2989 2415 τύχῃ
3023 2342 3191 2411 φασὶ,
3231 2341 3401 2414 τέχνῃ
3427 2339 3481 2393 δὲ
3507 2336 3726 2392 οὐδὲντοῦ-

531 2449 737 2498 aerem,
785 2434 865 2488 sic
895 2443 1091 2488 natura
1145 2432 1308 2487 simul
1355 2442 1408 2486 et
1450 2448 1584 2487 casu
1619 2434 1885 2487 exsistere
1915 2434 2124 2496 volunt,

534 2524 672 2578 nihil
707 2533 765 2578 ut
794 2539 986 2579 eorum
1018 2524 1088 2578 ab
1115 2534 1231 2577 arte
1261 2523 1513 2592 pendeat.
1567 2521 1834 2578 Similiter
1860 2539 1982 2595 qua:
2004 2525 2126 2580 loco

530 2625 656 2688 post
678 2631 743 2671 ea
778 2617 1020 2671 secundo
1040 2626 1396 2671 recensentur
1419 2631 1673 2686 corpora,
1695 2616 1802 2672 hoc
1829 2625 1913 2672 est
1941 2633 2124 2673 rerum

529 2710 904 2775 terrestrium,
935 2710 1069 2764 solis
1089 2751 1105 2776 ,
1143 2710 1286 2765 lurue
1307 2751 1322 2774 ,
1361 2710 1714 2779 siderumque
1747 2711 1992 2766 omnium
2013 2751 2028 2777 ,
2055 2727 2123 2768 ex

527 2814 767 2873 quatuor
793 2803 922 2867 illis,
953 2803 1138 2857 anima
1185 2803 1314 2856 licet
1355 2803 1582 2858 omnino
1630 2804 1966 2869 carentibus,
1998 2820 2123 2861 esse

523 2896 761 2950 conﬂata
796 2914 809 2949 :
841 2911 963 2964 quae
984 2895 1180 2950 deinde
1210 2911 1308 2964 pro
1354 2911 1467 2949 sua:
1513 2911 1742 2965 quaeque
1774 2896 1857 2951 vis
1886 2895 2119 2952 faculta-

528 2990 708 3058 tisque
738 2987 961 3042 fortuna
991 2988 1098 3042 huc
1126 2997 1221 3041 aut
1251 2988 1380 3042 illuc
1395 2986 1662 3052 ferantur,
1681 2997 1845 3058 atque
1871 2989 1962 3043 ubi
1986 3003 2120 3044 con-

525 3080 821 3145 currerint,
856 3078 1186 3133 familiarius
1219 3079 1361 3133 inter
1389 3096 1510 3136 sese
1539 3081 1904 3148 conveniant,
1940 3082 2120 3137 calida

526 3187 650 3225 cum
681 3171 916 3242 frigidis,
935 3186 1059 3226 cum
1092 3172 1334 3226 humidis
1362 3173 1535 3239 arida,
1565 3173 1752 3228 mollia
1781 3189 1904 3228 cum
1936 3175 2110 3239 duris,

525 3265 710 3334 itaque
743 3265 810 3319 de
833 3264 1063 3328 caneris,
1101 3255 1224 3334 qua:
1255 3279 1440 3318 rerum
1470 3265 1869 3320 contrariarum
1905 3275 2110 3336 tempe-

524 3355 757 3419 ratione,
805 3369 936 3409 casu
987 3353 1232 3424 quidem,
1263 3355 1357 3409 sed
1395 3364 1574 3410 tamen
1623 3357 1934 3412 necessario
1961 3371 2113 3412 com-

523 3446 848 3500 miscentur.
882 3447 1060 3516 Atque
1091 3445 1195 3501 hoc
1224 3448 1440 3516 penitus
1472 3449 1654 3512 modo,
1685 3461 1737 3504 et
1762 3448 1960 3503 caslum
1989 3449 2112 3504 uni-

523 3553 764 3601 versum,
791 3546 846 3592 et
867 3553 987 3606 qua:
1014 3537 1156 3592 caelo
1185 3538 1534 3593 continentur
1558 3540 1764 3603 omnia,
1799 3540 2109 3596 animantes

522 3627 692 3682 simul
729 3628 1055 3698 plantasque
1103 3642 1316 3684 omnes.
1364 3644 1488 3683 cum
1520 3631 1936 3701 tempestatibus
1977 3633 2106 3688 item

519 3717 800 3782 omnibus,
832 3733 954 3789 qua:
979 3733 1044 3773 ex
1077 3719 1587 3789 superioribus-illis
1616 3722 1900 3786 oriantur,
1935 3724 2107 3778 exsti-

519 3807 673 3874 tisse,
705 3824 815 3863 non
836 3809 952 3880 jam
981 3810 1035 3864 vi
1065 3811 1265 3865 mentis
1289 3819 1386 3866 aut
1411 3812 1679 3876 numinis,
1714 3821 1810 3867 aut
1835 3814 1972 3868 artis
2005 3814 2108 3868 ali-

512 3901 700 3971 cujus,
730 3912 791 3955 ut
815 3900 993 3970 aiunt,
1023 3917 1238 3968 verum,
1269 3903 1348 3958 uti
1370 3904 1483 3975 jam
1509 3904 1846 3972 dicebamus,
1897 3915 2107 3961 naturae

513 3994 695 4049 solum
742 4003 797 4050 et
842 4009 1025 4050 casus.
1065 3995 1254 4053 Artem
1298 4011 1466 4066 porro
1493 3997 1564 4051 ab
1601 3997 1708 4053 illis
1750 3997 1884 4068 ipsis
1911 3998 2106 4054 deinde

517 4097 887 4156 procreatam,
944 4089 1232 4143 mortalem
1293 4104 1360 4144 ex
1418 4091 1761 4159 mortalibus,
1814 4093 2105 4162 nonnullos

510 4187 707 4247 postea
731 4179 886 4234 lusus
919 4181 1220 4250 peperisse,
1242 4181 1336 4252 qui
1361 4196 1554 4252 parum
1579 4182 1872 4238 admodum
1899 4184 2101 4239 verita-

520 4273 590 4327 tis
623 4273 878 4338 habeant,
913 4275 1010 4328 sed
1034 4275 1216 4344 potius
1251 4275 1545 4331 simulacra
1575 4277 1846 4346 quzedam,
1882 4293 2006 4333 cum
2034 4278 2102 4333 iis

515 4378 697 4423 tamen
727 4368 988 4424 afﬁnitate
1012 4368 1308 4439 conjuncta
1334 4369 1650 4437 videantur;
1695 4371 2005 4440 cujusmodi
2035 4386 2098 4426 ea

509 4468 645 4514 sunt
671 4475 794 4529 quae
833 4475 864 4514 a
906 4461 1141 4532 pictura,
1173 4462 1383 4517 musica
1405 4502 1418 4526 ,
1455 4471 1509 4517 et
1539 4463 1661 4518 aliis
1697 4463 1938 4532 ejusdem
1968 4480 2100 4518 con—

513 4548 740 4605 ditionis
767 4551 982 4607 artibus
1015 4551 1458 4621 proﬁciscuntur.
1523 4549 1678 4617 Quod
1723 4553 1770 4606 si
1825 4554 2098 4608 nonnullae

506 4639 788 4695 interdum
833 4651 979 4698 artes
1019 4643 1220 4699 serium
1247 4641 1526 4712 quidpiam
1561 4653 1945 4714 maturumque
1972 4661 2098 4714 pro-

507 4731 733 4800 ducant,
750 4749 843 4788 eas
860 4725 1078 4789 demum
1106 4750 1251 4802 esse,
1279 4751 1401 4806 quae
1427 4737 1534 4790 vim
1567 4751 1690 4790 cum
1721 4747 1915 4792 natura
1938 4755 2094 4794 suam

507 4826 869 4896 conjungant,
893 4828 1083 4896 quales
1113 4828 1407 4891 medicina,
1463 4830 1802 4899 agricultura
1853 4839 1907 4884 et
1939 4848 2093 4902 gym-

507 4918 727 4973 nastica
777 4933 898 4973 esse
941 4920 1170 4990 possint.
1214 4919 1356 4987 Quin
1408 4921 1575 4974 etiam
1610 4921 1686 4975 illi
1733 4922 1947 4976 civilem
1996 4924 2094 4977 do-

502 5009 766 5076 ctrinam,
817 5010 1037 5065 nonuisi
1101 5011 1421 5081 particulam
1471 5012 1765 5081 quamdam
1820 5027 1943 5068 esse
1995 5011 2095 5066 do»

579 5166 654 5242 (ξ)
691 5165 954 5242 derogari
983 5180 1122 5242 που.
1162 5168 1336 5242 Plit-to,
1370 5169 1498 5242 Leg.
1532 5187 1588 5236 τ,
1615 5186 1736 5242 pag.
1771 5167 1904 5236 665,
1942 5169 2009 5226 Η.

578 5237 1025 5310 (9).Ἑπόμενοί
1063 5256 1148 5310 γε.
1213 5237 1769 5296 Εἰοὶιιυε’1ιωοήἱ)ιι
1821 5243 1954 5298 satis
2017 5257 2083 5296 ex

503 5306 815 5378 philusophi
841 5306 1029 5384 pinente
1055 5306 1080 5384 Δε’
1111 5309 1287 5384 Quare
1318 5328 1601 5383 sequamur
1639 5313 1811 5382 ipsos,
1841 5313 2084 5384 inquira-

503 5393 724 5451 musque
761 5381 1014 5451 quidnam
1047 5381 1421 5439 intellexerint.

576 5447 687 5518 (10)
734 5447 1388 5523 Οἶῦτωᾲγεγεννηκέναι.
1439 5453 1579 5520 Quid
1621 5453 1664 5508 si
1712 5453 1882 5517 ὅντως
1922 5467 2086 5523 γεγοο

505 5517 686 5598 νέναι,
716 5530 777 5598 tit
806 5517 968 5590 paulo
994 5517 1138 5598 ante,
1240 5523 1292 5587 5,
1315 5524 1402 5579 διὰ
1422 5517 1623 5598 τούτων
1645 5517 1945 5598 γεγονέναιξ
1971 5517 2086 5580 Nec

504 5589 834 5665 βιιὶιιιηούτω⁸
872 5595 1206 5665 cumcuius?)
1229 5635 1243 5654 .
1277 5604 1330 5649 et
1358 5597 1501 5650 κατὰ
1527 5589 1739 5662 ταύτά,
1774 5597 1893 5651 sine
1930 5596 2080 5654 into-

503 5658 710 5739 le‘rabili
744 5661 1065 5739 ταύτολογία
1106 5658 1363 5739 conjungi
1403 5676 1608 5739 potest;
1661 5658 1762 5722 nec
1811 5682 2079 5739 γεγεννη-

507 5727 792 5804 niveique
824 5727 1112 5804 referatur,
1150 5727 1446 5804 quidquam
1476 5727 1656 5792 habet.

572 5798 987 5870 (Ηγηαιδιάς.
1030 5798 1216 5873 Plato,
1247 5798 1511 5876 παιδείας,
1541 5808 1782 5879 Ficinus,
1818 5825 1919 5866 res.
1959 5808 2078 5892 Ma:
2150 5882 2158 5892 .

2228 2454 2336 2491 των
2356 2454 2368 2468 ο
2395 2437 2490 2491 καὶ
2515 2436 2584 2489 τὰ
2608 2435 2745 2507 μετὰ
2767 2435 2937 2489 ταῦτα
2967 2430 3034 2488 αὖ
3061 2433 3314 2506 σώματα,
3349 2434 3447 2504 γῆς
3465 2449 3517 2484 τε
3535 2432 3610 2485 καὶ
3625 2429 3724 2500 ἡλίου

2229 2529 2321 2582 καὶ
2351 2528 2580 2600 σελήνης
2600 2568 2613 2590 ,
2649 2527 2862 2597 ἄστρων
2890 2543 2947 2579 τε
2981 2525 3128 2597 πέρι,
3159 2525 3249 2578 διὰ
3283 2523 3478 2578 τούτων
3504 2520 3726 2591 γεγονὲιιι,

2228 2617 2505 2680 παντελῶς
2545 2617 2712 2669 ὄντων
2756 2615 2976 2686 ἀψύχων
2997 2631 3010 2643 ·
3047 2614 3185 2685 τύχῃ
3219 2615 3279 2668 δὲ
3312 2613 3568 2686 φερόμενα
3592 2613 3640 2679 τῇ
3665 2608 3729 2675 τῆς

2224 2710 2504 2778 δυνάμεως
2539 2707 2746 2759 ’ἐκαστα
2774 2705 3020 2759 ἑκάστων
3039 2743 3053 2767 ,
3152 2703 3562 2772 συμπέπτωκεν,
3587 2697 3727 2769 apph-

2223 2820 2384 2856 τοντα
2403 2801 2616 2864 οἰκείως
2639 2818 2754 2863 πως
2777 2797 2953 2870 θερμὰ
2978 2797 3224 2868 ψυχροῖς,
3255 2797 3290 2867 ἢ
3321 2795 3460 2867 ξηρά
3482 2790 3726 2865 mlh-37951.

2222 2898 2317 2950 καὶ
2352 2893 2572 2968 μαλακὰ
2602 2893 2735 2966 πρὸς
2767 2891 3007 2964 σκληρὰ,
3043 2893 3138 2944 καὶ
3171 2890 3354 2944 πάντα
3392 2888 3552 2941 ὁπόσα
3585 2880 3728 2955 τῇτῶν

2221 2990 2479 3042 ἐναντίων
2503 2988 2697 3059 κράσει
2721 2985 2862 3039 κατὰ
2883 2985 3053 3055 τύχην
3082 2981 3140 3047 ἐξ
3166 2983 3419 3054 ἀνάγκης
3447 2974 3728 3048 ωνεκράδθη.

2221 3079 2404 3151 Ταύτῃ
2451 3079 2544 3131 καὶ
2577 3076 2720 3130 κατὰ
2751 3075 2924 3129 ταύτὰ
2955 3072 3096 3126 οὕτω
3128 3071 3514 3144 γεγεννηκέναι
3561 3068 3646 3137 (ιο)
3674 3063 3730 3114 τόν

2217 3191 2275 3226 τε
2301 3171 2528 3242 οὐρανὸν
2548 3170 2667 3223 ὅλον
2689 3169 2783 3222 καὶ
2812 3168 2989 3221 πάντα
3010 3166 3184 3218 ὁπόσα
3209 3164 3278 3220 ἂν
3306 3168 3428 3219 κατ’
3447 3161 3656 3235 οὐρανὸν,
3674 3157 3734 3208 καὶ

2217 3263 2332 3328 ζῶα
2359 3259 2424 3316 αὖ
2446 3301 2460 3325 ,
2487 3263 2580 3314 καὶ
2615 3261 2758 3331 φυτὰ
2791 3258 3098 3328 ξύμπαντα,
3122 3258 3284 3330 ὡρῶν
3309 3256 3496 3310 πασῶν
3516 3256 3572 3306 ὲκ
3588 3250 3732 3304 suam

2214 3357 2555 3429 γενομένων,
2590 3356 2650 3408 οὐ
2683 3353 2771 3407 διὰ
2804 3352 2929 3406 νοῦν
2950 3392 2964 3415 ,
3002 3352 3166 3421 φασιν
3190 3393 3204 3415 ,
3251 3352 3376 3406 οὐδὲ
3403 3351 3488 3404 διά
3510 3365 3613 3402 τινα
3637 3345 3732 3402 θεὸν,

2212 3450 2334 3504 οὐδὲ
2384 3447 2474 3502 διὰ
2509 3448 2705 3519 τέχνην
2731 3487 2744 3511 ,
2788 3444 2902 3499 ἀλλ’
2942 3444 2970 3496 ὃ
3008 3445 3239 3515 λέγομεν
3261 3484 3277 3508 ,
3333 3444 3489 3513 φύσει
3521 3441 3601 3494 καὶ
3622 3438 3730 3507 τύχῃ.

2211 3543 2422 3614 Τέχνην
2437 3541 2492 3595 δὲ
2504 3540 2728 3612 ὕστερον
2746 3541 2809 3591 ὲκ
2823 3538 3027 3591 τούτων
3046 3539 3283 3610 ὑστέραν
3301 3538 3606 3608 γενομένην,
3620 3531 3735 3599 αὐτὴν

2213 3633 2412 3704 θνητὴν
2446 3635 2509 3685 ὲκ
2533 3630 2772 3702 θνητῶν,
2802 3630 3003 3702 ὕστερα
3034 3630 3434 3700 γεγεννηκέναι
3462 3624 3733 3686 παιδιάςέΗ)

2208 3709 2362 3787 τινας
2387 3764 2400 3788 ,
2447 3721 2704 3793 ἀληθείας
2745 3723 2806 3774 οὐ
2843 3721 3046 3792 σφόδρα
3087 3720 3459 3792 μετεχούσας,
3489 3719 3592 3774 ἀλλ’
3617 3714 3735 3770 εἴδωλ’

2209 3815 2346 3870 ἄττα
2396 3813 2632 3886 ξυγγενῆ
2667 3815 2875 3868 ἑαυτῶν
2911 3813 3022 3884 (Ιὲ)
3046 3853 3059 3876 ,
3108 3811 3198 3867 οἷα
3233 3814 3487 3886 γραφικὴ
3517 3810 3650 3880 γεννᾷ
3673 3807 3732 3856 καὶ

2212 3905 2445 3977 μουσικὴ
2479 3907 2573 3958 καὶ
2597 3906 2718 3959 ὅσαι
2747 3903 2972 3966 ταύταις
3006 3903 3114 3956 εἰσὶ
3161 3906 3444 3976 συνέριθοι
3478 3904 3652 3974 τέχναι.
3692 3896 3733 3947 Αἷ

2203 3998 2252 4052 δ’
2287 3998 2342 4051 εἴ
2360 4015 2414 4052 τι
2443 3999 2537 4052 καὶ
2566 3997 2853 4050 σπουδαῖον
2879 3996 2988 4069 ἄρα
3014 3996 3247 4067 γεννῶσι
3278 3997 3393 4050 τῶν
3413 3995 3619 4068 τεχνῶν,
3639 3986 3732 4043 εἶναι

2204 4088 2428 4154 ταύτας,
2462 4089 2658 4142 ὁπόσαι
2689 4091 2756 4160 τῇ
2789 4087 2949 4157 φύσει
2980 4088 3282 4142 ἐκοίνωσαν
3311 4088 3416 4161 τὴν
3441 4087 3605 4143 αὐτῶν
3626 4083 3735 4137 δύντ-

2207 4200 2320 4253 μιν,
2344 4177 2455 4237 οἷον
2483 4179 2550 4236 αὖ
2605 4182 2822 4254 ἰατρικὴ
2842 4222 2856 4245 ,
2879 4182 2972 4234 καὶ
2991 4182 3294 4254 γεωργικὴ,
3323 4183 3420 4236 καὶ
3440 4178 3731 4253 γυμναστική-

2204 4275 2314 4329 Καὶ
2339 4273 2402 4346 δὴ
2431 4276 2526 4329 καὶ
2557 4274 2658 4346 τὴν
2686 4273 2966 4345 πολιτικὴν
2999 4274 3230 4346 σμικρόν
3261 4293 3318 4328 τι
3350 4276 3514 4349 μέρος
3537 4270 3650 4328 εἷναί
3669 4285 3736 4338 τοι

2205 4385 2289 4432 σι,
2326 4367 2615 4422 κοινωνοῦν
2648 4367 2838 4438 φύσει,
2874 4367 3038 4438 τέχνῃ
3073 4368 3129 4421 δὲ
3151 4370 3212 4422 τὸ
3237 4369 3404 4424 πολύ.
3442 4369 3584 4424 Ούτω
3608 4363 3733 4418 δὲκαὶ

2200 4461 2298 4532 τὴν
2344 4459 2666 4531 νομοθεσίαν
2701 4461 2881 4512 πᾶσαν
2915 4459 2975 4512 ού
3012 4460 3206 4528 φύσει,
3241 4463 3416 4535 τέχνῃ
3458 4460 3544 4529 δὲ,
3589 4454 3645 4533 ἧς
3668 4456 3735 4510 οὒκ

2200 4551 2421 4624 ἀληθεῖς
2446 4547 2584 4605 εἶναι
2608 4553 2705 4616 τὰς
2733 4551 2928 4616 θέσεις.
2952 4584 3020 4592 -
3037 4552 3162 4617 Πῶς
3191 4554 3412 4624 λέγειςς
3439 4588 3508 4598 -
3529 4541 3731 4615 Θεοὺς,ἔι

2203 4645 2460 4716 μακάριε,
2498 4645 2713 4718 πρῶτον
2746 4641 2884 4700 εἶναι
2918 4665 3081 4717 φασιν
3106 4644 3251 4704 οὗτοι
3285 4650 3494 4724 τέχνῃ,
3524 4649 3578 4703 οὗ
3601 4647 3730 4718 φύσει.

2198 4735 2336 4789 ἀλλά
2362 4753 2471 4790 τισι
2503 4738 2708 4807 νόμοις,
2740 4739 2833 4790 καὶ
2866 4740 3089 4805 τούτους
3113 4741 3308 4805 ἄλλους
3341 4744 3477 4815 ἄλλῃ
3501 4743 3625 4813 (15),

2197 4828 2416 4881 ἕκαστοι
2450 4830 2663 4892 ἑαυτοῖς
2689 4830 3144 4904 συνωμολόγησαν
3175 4835 3620 4906 νομοθετούμενοι
3642 4830 3730 4902 [lil-

2197 4921 2306 4974 Καὶ
2337 4921 2401 4992 δὴ
2432 4921 2525 4974 καὶ
2552 4922 2620 4974 τὰ
2653 4922 2793 4976 καλὰ
2825 4924 2983 4993 φύσει
3022 4927 3118 4996 μὲν
3149 4927 3286 4981 ἄλλα
3321 4923 3506 4991 εἶναι,
3542 4927 3663 4997 νόμῳ
3694 4922 3730 4973 5":

2201 5015 2363 5087 ἕτερα
2384 5033 2396 5045 ·
2431 5015 2502 5068 τὰ
2525 5016 2581 5069 δὲ
2612 5016 2676 5088 δὴ
2704 5017 2887 5072 δίκαια
2915 5019 3020 5072 ούδ“
3055 5016 3194 5073 εἶναι
3218 5022 3282 5074 τὸ
3310 5023 3570 5095 παράπαν
3601 5019 3730 5089 φύσει,

2198 5176 2279 5250 lui
2306 5175 2532 5250 «adita;
2564 5191 2688 5230 cum
2717 5175 2998 5250 Eusebio;
3031 5195 3158 5234 mox
3195 5180 3348 5233 enim
3385 5180 3619 5250 sequitur
3639 5173 3728 5250 κατ’

2189 5245 2593 5324 ανθυποφοράν,
2611 5257 2663 5300 et
2679 5248 2736 5301 αἳ
2749 5248 2866 5324 ’δἐἰ
2883 5267 2934 5302 τι
2952 5251 3045 5303 καὶ
3071 5251 3367 5324 σπουδαῖον
3384 5245 3491 5324 ερά
3510 5249 3728 5324 γεννῶᾷξξι-

2190 5317 2270 5372 Ex
2301 5317 2618 5389 aliisigitur
2643 5319 2860 5383 παιδιάς
2893 5337 3045 5383 τινας
3073 5321 3348 5377 exsistere
3379 5317 3496 5378 vult
3521 5317 3538 5389 ,
3563 5337 3618 5374 ex
3643 5317 3728 5372 aliis

2191 5387 2480 5460 σπουδαῖόν
2499 5404 2551 5439 τι
2586 5389 2734 5460 nasci
2761 5403 3045 5460 utcunque
3074 5393 3351 5446 concedit.

2262 5459 2375 5529 (12)
2427 5457 2702 5513 Ἐαυτῶν.
2744 5455 2988 5526 Quorum
3015 5503 3028 5524 ,
3074 5463 3349 5518 obsecro?
3396 5467 3480 5517 An
3511 5455 3729 5516 εἰδώλαηῖ

2190 5528 2437 5584 Ridicula
2486 5538 2631 5585 esset
2661 5529 2762 5586 ista
2804 5532 3109 5597 sententia,
3142 5533 3250 5588 imo
3291 5534 3471 5588 nulla.
3525 5532 3726 5590 Scribon—

2188 5601 2318 5654 dum
2341 5601 2506 5674 igitur
2529 5599 2727 5674 αὐτῶν,
2755 5611 2817 5674 ut
2841 5601 3106 5657 referatur
3126 5606 3193 5658 ad
3216 5603 3461 5674 θνητῶν,
3491 5617 3579 5662 aut
3601 5599 3728 5667 αὑτῆς

2191 5681 2249 5725 ut
2271 5669 2396 5724 cum
2419 5669 2676 5739 ἀληθείας
2700 5673 3080 5740 conjuugatur.

2259 5739 2371 5808 (15)
2415 5741 2630 5806 Ἀλλῃ.
2674 5739 2846 5804 Plato,
2889 5744 3089 5808 ἄλλοις.

2258 5811 2367 5884 (14)
2406 5813 2926 5882 Νομοθετούμενοι.
2956 5813 3192 5884 Ficinus,
3224 5830 3328 5887 pro
3356 5815 3726 5890 νομοθετοῦντες
