3872 6368
138 406 234 462 MSS

1167 389 1487 443 PRA‘ZPAR.
1531 389 1780 446 EVANG.
1823 391 1946 445 LIB.
1991 390 2100 445 XII.

3148 387 3281 442 1034

131 522 209 579 ἀλλ’
229 513 633 591 ἀμφισϐητοῦντας
660 512 917 566 διατελεῖν
944 510 1190 580 ἀλλήλοις
1210 549 1222 571 ,
1249 508 1342 560 καὶ
1372 524 1591 577 μετατι-

1703 517 1839 570 rent,
1868 523 1987 576 quae
2020 522 2142 560 cum
2189 507 2241 558 in
2277 513 2504 566 naturai,
2539 512 2649 557 tum
2692 503 2744 558 in
2789 504 2920 556 artis
2956 503 3124 556 multo
3166 521 3282 558 ma-

130 613 316 682 θεμένενς
336 609 405 662 ἀεὶ
423 607 599 659 ταῦτα·
621 607 655 660 ἃ
683 606 725 657 δ’
743 605 809 659 ἂν
833 603 1171 674 μετάθωνται
1196 600 1288 653 καὶ
1311 600 1456 658 ὅταν,
1481 598 1597 650 τότε

127 703 241 772 κύρια
264 701 428 752 ἕκαστα
447 693 595 756 εἶναι,
631 695 925 764 γιγνόμενα
953 691 1114 762 τέχνῃ
1142 689 1234 742 καὶ
1257 691 1367 750 τοῖς
1394 687 1598 756 νόμοις,

126 795 204 848 ἀλλ’
223 794 268 845 οὐ
285 792 332 861 δή
360 808 446 843 τινι
475 790 648 860 φύσει.
703 787 864 840 Ταῦτ’
896 787 1042 839 ἐστὶν
1065 826 1078 847 ,
1110 778 1153 835 ὦ
1182 781 1356 850 φίλοι,
1386 780 1600 833 ἅπαντα

123 884 271 954 ἀνδρῶν
306 881 455 950 σοφῶν
493 880 639 951 παρὰ
687 880 825 941 νέοις
858 874 1195 948 ἀνθρώποις,
1234 871 1454 926 ἰδιωτῶν
1489 870 1598 940 (lii)

125 974 474 1045 δέκιὶποιητῶν,
507 974 819 1042 φασκόντων
848 967 984 1023 εἶναι
1015 969 1075 1021 τὸ
1107 966 1462 1027 δικαιότατον,
1497 965 1525 1016 δ
1551 964 1599 1015 τί

121 1086 177 1131 τις
189 1069 236 1120 ἂν
251 1069 352 1137 νικᾷ
370 1066 687 1138 βιαζόμενος.
717 1065 876 1118 Ὅθεν
895 1060 1140 1116 ἀσέϐειαί
1161 1077 1220 1112 τε
1240 1058 1600 1129 ἐμπίπτουσιν

123 1157 346 1229 ἀνθρώποις
384 1158 542 1220 νέοις,
579 1157 654 1220 ὡς
695 1159 795 1210 οὐκ
825 1156 992 1208 ὄντων
1029 1153 1164 1206 θεῶν
1204 1153 1348 1215 οἵους
1380 1152 1408 1202 ὁ
1441 1150 1600 1219 νόμος

117 1253 363 1323 πφστάττει
397 1250 708 1304 διανοεῖσθαι
753 1249 892 1300 δεῖν·
953 1249 1168 1309 στάσεις
1200 1245 1256 1299 δὲ
1289 1244 1377 1298 διά
1408 1243 1599 1308 ταῦτα,

116 1342 308 1394 ἑλκόντων
335 1340 454 1412 πρὸς
483 1340 573 1393 τὺν
607 1339 744 1392 κατὰ
769 1339 928 1408 φύσιν
961 1338 1070 1408 βίον
1100 1337 1278 1408 ὀρθὸν,
1309 1336 1364 1398 ὃς
1395 1337 1509 1388 ἐστι
1535 1336 1598 1405 τῇ

112 1432 277 1502 ἀληθείᾳ
297 1431 575 1503 κρατοῦντα
596 1430 692 1501 ζῇν
720 1431 827 1483 τῶν
855 1430 1047 1494 ἄλλων,
1072 1430 1162 1482 καὶ
1189 1429 1263 1500 μὴ
1285 1428 1601 1481 δουλεύοντα

114 1525 282 1594 ἑτέροισι
305 1524 427 1578 κατᾶ
441 1525 695 1596 νόμον.-
713 1519 834 1579 Οἷον
851 1523 1186 1596 διελήλυθας,
1206 1517 1249 1575 ᾧ
1267 1523 1404 1590 ξένε,
1423 1522 1598 1590 λόγον,

110 1619 173 1668 καὶ
205 1618 308 1686 ὅσην
347 1617 511 1688 λώϐην
558 1615 858 1688 ἀνθρώπων
900 1615 1035 1668 νέων
1063 1615 1296 1686 δημοσίᾳ
1329 1613 1513 1667 πόλεσὶ
1543 1632 1602 1666 τε

109 1710 172 1760 καὶ
208 1709 325 1772 ίδίοις
362 1710 560 1772 οἴκοιςῐ
594 1730 610 1759 ι
661 1710 769 1761 Καὶ
805 1706 920 1779 μεθ’
953 1707 1115 1778 ἕτερά
1149 1724 1345 1778 φησιν·
1388 1726 1405 1757 ι
1443 1706 1602 1758 Ἀλλά

105 1817 146 1866 γε
166 1801 214 1871 δὴ
239 1801 389 1863 πάλιν,
414 1801 534 1869 λέγε
557 1818 666 1871 μοι,
698 1800 940 1861 Κλεινία,
968 1800 1059 1852 καί
1087 1799 1148 1851 σύ
1172 1816 1183 1828 ·
1217 1798 1470 1851 κοινωνὸν
1490 1799 1597 1870 γὰρ

102 1891 157 1942 δεῖ
175 1909 217 1943 σε
236 1888 468 1946 εἶναιτῶν
495 1894 669 1961 λόγων
690 1910 700 1922 ·
729 1892 1027 1946 κινδυνεύει
1048 1891 1156 1962 γὰρ
1181 1892 1207 1942 ὁ
1229 1891 1404 1959 λέγων
1429 1890 1599 1943 ταῦτα

101 1984 192 2055 πῦρ,
207 1987 280 2039 καὶ
296 1986 441 2058 ὕδωρ,
468 1989 564 2040 καὶ
591 1986 714 2057 γῆν,
735 1986 828 2040 καὶ
851 1986 1011 2056 ἀέρα,
1037 1983 1228 2056 πρῶτα
1249 1983 1359 2036 τῶν
1382 1983 1599 2036 πάντων

100 2077 283 2144 ἡγεῖσθαι
307 2076 452 2143 εἶναι,
485 2081 582 2133 καὶ
613 2080 712 2152 τὴν
744 2080 906 2148 φύσιν
933 2077 1217 2148 ὀνομάζειν
1240 2076 1412 2130 ταῦτα
1437 2077 1597 2139 αὐτά,

100 2167 225 2238 ᾦυχήν
245 2169 283 2222 δ’
309 2173 366 2223 ἐκ
396 2169 598 2224 τούτων
629 2171 874 2241 ὕστερον.
926 2170 1110 2222 Ἔοικε
1139 2168 1195 2221 δὲ
1226 2170 1286 2221 οὑ
1322 2166 1598 2220 κινδυνεύ-

97 2277 174 2324 ειν,
207 2260 300 2316 ἀλλ’
327 2263 485 2329 ὅντως
535 2265 822 2335 σημαίνειν
858 2264 1030 2317 ταῦτα
1069 2265 1198 2334 ἡμῖν
1229 2261 1307 2332 τῷ
1334 2262 1495 2332 λόγῳ.
1532 2293 1599 2301 —

95 2350 199 2404 Πάνυ
221 2353 306 2423 μὲν
334 2351 440 2408 οῦν.
459 2352 658 2426 -τΑρ’
679 2351 770 2408 οὖν
801 2356 938 2426 πρὸς
971 2355 1090 2411 Διὸς
1121 2348 1230 2407 οἷον
1262 2355 1442 2424 πηγήν
1478 2370 1598 2406 τινα

91 2445 258 2516 ἀνοήτου
297 2448 440 2520 δόξης
480 2451 866 2520 ἀνευρήκαμεν
894 2447 1228 2518 ἀνθρώπων,
1260 2447 1446 2498 ὁπόσοι
1483 2444 1596 2498 πώ-

90 2551 180 2589 ποτε
206 2539 295 2592 τῶν
335 2543 456 2613 περὶ
489 2541 708 2612 φύσεως
741 2541 1017 2612 ἐφήψαντο
1055 2539 1382 2610 ζητημάτων
1409 2555 1423 2603 ;
1462 2536 1596 2590 Σκό-

89 2644 151 2678 πει
173 2631 317 2684 πάντα
336 2632 487 2700 λόγον
513 2633 785 2697 ἐξετάζων
801 2650 814 2662 ·
843 2633 902 2685 οὐ
926 2632 1032 2703 γὰρ
1059 2630 1291 2702 σμικρόν
1315 2647 1376 2698 γε
1398 2629 1458 2682 τὸ
1485 2629 1598 2682 δια-

88 2717 230 2790 φέρον,
259 2725 301 2775 εί
331 2727 545 2792 φανεῖεν
575 2727 623 2778 οἱ
652 2725 825 2794 λόγων
850 2725 1145 2794 ἁπτόμενοι
1177 2720 1387 2776 ἀσεϐῶν
1421 2721 1597 2784 ἄλλοις

82 2829 122 2864 τε
142 2815 412 2886 ἐξάρχοντες
445 2819 584 2891 μηδὲ
612 2817 670 2873 εὖ
701 2822 810 2883 τοῖς
838 2819 1034 2888 λόγοις,
1070 2817 1183 2871 ἀλλ’
1210 2816 1595 2888 ἐξημαρτημέ-

84 2920 156 2969 νως
173 2909 430 2981 χρώμενοι.
449 2944 516 2954 --
533 2914 694 2964 Δοκεῖ
721 2911 899 2964 τοίνυν
925 2927 1016 2980 μοι
1041 2909 1212 2964 ταῦτα
1233 2910 1406 2973 οὕτως
1429 2908 1592 2980 ἔχειν.

81 2994 129 3050 Εὖ
153 3000 300 3070 λέγεις
319 3046 332 3071 ,
353 3005 465 3058 ἀλλ’
489 3006 601 3075 ὅπη
625 3004 708 3076 δὴ,
733 3003 907 3074 πειρῶ
928 3001 1173 3074 φράζειν.
1197 3035 1266 3042 -
1292 3003 1474 3055 Ἔοικε
1494 3001 1598 3054 τοί-

80 3112 146 3143 νυν
168 3095 482 3170 ἀηθεστέρων
500 3100 708 3152 ἁπτέον
742 3094 881 3150 εἶναι
907 3096 1100 3165 λόγων.
1116 3115 1133 3147 ι
1169 3097 1279 3150 Καὶ
1311 3094 1448 3166 μετὰ
1469 3094 1597 3166 βρα-

77 3186 146 3252 χέα
167 3189 411 3259 ἐπιλέγει·
454 3213 472 3244 ι
499 3189 717 3262 Ψυχὴν,
745 3185 790 3244 ὦ
820 3192 1022 3261 ἑταῖρε,
1057 3189 1386 3259 ἠγνοηκέναι
1419 3188 1597 3241 κινδυσ
1623 3230 1665 3286 C

77 3277 237 3333 νεύουσι
279 3282 370 3352 μὲν
405 3284 592 3352 ὀλίγου
625 3282 932 3353 ξύμπαντες
958 3321 972 3344 9
1010 3275 1120 3333 οἷόν
1144 3299 1204 3334 τε
1234 3281 1292 3334 ὃν
1319 3279 1594 3350 τυγχάνειν

74 3371 139 3420 καί
166 3372 365 3443 δύναμιν
395 3375 463 3445 ἦν
495 3375 614 3445 ἔχει
638 3414 652 3436 ,
699 3373 806 3426 τῶν
847 3389 905 3426 τε
942 3371 1115 3426 ἄλλων
1147 3372 1318 3442 αὐτῆς
1352 3372 1476 3442 πέρι
1508 3372 1600 3424 καὶ

72 3462 114 3532 δὴ
138 3467 211 3518 καὶ
235 3469 490 3534 γενέσεως
533 3471 612 3534 ὡς
645 3472 703 3522 ὲν
746 3467 982 3541 πρώτοις
1009 3468 1160 3531 ἐστὶ,
1196 3465 1463 3536 σωμάτων
1502 3464 1600 3535 ἔμ-

68 3557 247 3624 προτθεν
286 3559 394 3629 (ιο)
449 3563 676 3616 πάντων
723 3562 1025 3632 γενομένην
1073 3559 1168 3612 καὶ
1203 3557 1501 3628 μεταϐολῆς
1540 3573 1598 3608 τε

71 3647 306 3706 αὐτῶνκαὶ
327 3655 800 3725 μετακοσμήσεως
823 3653 1041 3723 ἁπάσης
1064 3651 1219 3722 ἄρχει
1245 3649 1445 3712 παντὸς
1473 3649 1600 3719 μάλ’

66 3737 143 3791 λον.
187 3743 239 3796 Εἰ
267 3745 306 3796 δ’
339 3746 456 3800 ἔστι
486 3746 665 3799 ταῦτα
692 3745 863 3809 οὕτως
887 3786 901 3809 ,
934 3740 1020 3815 ἆρ’
1052 3743 1149 3796 οὐκ
1173 3742 1230 3808 ἐξ
1260 3742 1502 3810 ἀνάγκης
1531 3741 1597 3793 τά

63 3829 197 3901 ψυχῆς
226 3839 452 3908 συγγενῆ
484 3840 732 3909 πρότερα
764 3836 828 3890 ἂν
850 3836 933 3908 εἴη
961 3834 1220 3905 γεγονότα
1253 3833 1360 3887 τῶν
1385 3832 1596 3904 σώματι

62 3928 387 3995 προςηκόντων
414 3970 429 3994 ,
464 3929 639 3999 οὔσης
666 3946 727 3996 γε
753 3929 924 3999 αὐτῆς
950 3927 1324 4000 πρεσϐυτέρας
1349 3927 1381 3997 ἢ
1415 3925 1599 3996 σῶμα·

61 4026 126 4074 τος
141 4031 152 4076 ;
174 4048 229 4057 --
259 4022 518 4093 Ἀνάγκη.
551 4053 621 4064 ρ-
645 4021 782 4086 Δόξα
801 4021 864 4093 δὴ
889 4023 981 4075 καὶ
1003 4021 1305 4092 ἐπιμέλεια,
1331 4021 1425 4073 καὶ
1452 4019 1596 4084 νοῦς,

58 4107 124 4158 καὶ
149 4110 288 4184 τέχνη
315 4154 327 4174 ,
361 4116 469 4192 κῄ
494 4117 696 4186 νόμος,
733 4113 983 4186 σκληρῶν
1004 4155 1018 4179 ,
1050 4115 1142 4167 καλ¹
1173 4113 1430 4185 μαλακῶν
1451 4153 1465 4177 ,
1503 4115 1598 4167 καὶ

59 4195 254 4266 βαρέων,
283 4209 372 4260 καὶ
405 4207 633 4277 κούφων
673 4207 909 4278 πρότερα
937 4206 1002 4260 ἂν
1039 4205 1125 4276 εἴη
1144 4222 1158 4236 ⁸
1193 4207 1287 4260 καὶ
1315 4206 1378 4278 δὴ
1407 4206 1500 4258 καὶ
1531 4206 1596 4258 τὰ

55 4295 221 4359 μεγάλα
240 4301 328 4352 καὶ
351 4300 553 4372 πρῶτα
577 4300 711 4372 ἔργα
733 4300 827 4354 καὶ
849 4299 1076 4370 πράξεις
1094 4300 1286 4369 τέχνης
1307 4298 1372 4352 ἂν
1395 4299 1598 4367 γίγνοι-

55 4397 114 4444 τθ.
139 4387 248 4442 ὄντα
288 4396 344 4446 ὲν
372 4393 643 4465 πρώτοις·
670 4393 738 4446 τὰ
765 4391 821 4444 δὲ
851 4391 1008 4462 φύσει
1042 4392 1136 4445 καὶ
1165 4390 1346 4460 φύσις,
1392 4392 1456 4462 ἣν
1499 4391 1598 4444 οὐκ

52 4470 189 4540 λρθῶς
212 4481 358 4535 αὐτοὶ
385 4483 505 4554 (l7)
546 4481 970 4553 ἐπονομάζουσι,
1007 4483 1196 4535 τούτου
1233 4481 1468 4554 ὕστερα,
1504 4483 1598 4534 καὶ

1704 599 1785 666 gis
1813 599 2254 653 communionem
2280 614 2341 650 ac
2371 596 2682 651 societatem
2715 607 2956 650 vocetur.
2997 596 3160 667 622
3194 597 3285 652 Sic

1705 700 1868 744 totam
1901 691 2059 745 istam
2092 691 2236 762 leges
2260 691 2525 744 condendi
2561 691 2826 743 rationem
2860 689 2928 742 ab
2956 701 3070 743 arte
3099 691 3282 759 potius

1701 799 1865 851 quam
1899 784 1994 838 abs
2036 792 2227 837 natura
2264 782 2555 852 protieisci,
2587 781 2742 851 cujus
2770 782 2932 835 etiam
2971 783 3284 838 sanctiones

1702 887 1864 946 atque
1919 877 2183 946 principia
2235 876 2465 932 veritate
2507 887 2845 932 careant.——
2880 879 2998 943 Quo
3063 886 3118 931 tu
3180 877 3283 933 ista

1704 971 1995 1024 srnsu?—
2021 970 2186 1035 Deus,
2217 971 2298 1023 vir
2330 971 2532 1040 optime
2553 1014 2566 1036 ,
2602 971 2653 1024 in
2694 972 2884 1040 primis
2933 971 3019 1025 isti
3070 972 3279 1036 volunt,

1705 1083 1811 1119 non
1839 1066 1953 1135 jam
1989 1075 2204 1128 natura,
2243 1064 2335 1118 sed
2380 1074 2515 1128 arte,
2561 1066 2660 1118 hoc
2690 1074 2774 1118 est
2818 1064 3026 1133 legibus
3056 1064 3283 1132 quibus-

1702 1158 1826 1210 dam
1858 1158 2143 1219 exsistere,
2164 1157 2412 1226 adeoque
2438 1157 2573 1211 alios
2603 1157 2759 1210 aliter
2786 1172 2844 1210 se
2876 1152 3283 1223 habe-remrem

1705 1249 1844 1302 inter
1876 1265 2014 1313 sese,
2052 1249 2262 1320 legibus
2310 1248 2565 1312 instituti,
2602 1249 2775 1318 magis
2811 1249 3057 1303 minusve
3085 1263 3285 1303 conve-

1703 1345 1874 1396 niant.
1944 1342 2021 1397 Ex
2071 1343 2229 1398 bonis
2276 1342 2564 1404 similiter,
2613 1343 2716 1396 alia
2766 1351 2989 1405 natura,
3029 1343 3146 1412 lege
3173 1343 3283 1399 alia

1703 1435 1839 1489 tieri.
1887 1434 1993 1488 lies
2035 1444 2214 1489 autem
2247 1433 2446 1503 justas,
2481 1443 2687 1488 natura:
2734 1434 2782 1487 vi
2837 1434 3016 1487 nullas
3057 1436 3284 1490 omnino

1701 1545 1852 1596 esse;
1888 1538 1944 1584 at
1986 1529 2040 1583 in
2093 1529 2159 1583 iis
2207 1528 2530 1583 deﬁniendis
2580 1529 2828 1584 homines
2881 1529 2950 1582 ab
2994 1529 3116 1583 aliis
3145 1528 3282 1583 alios

1702 1631 1961 1690 perpetuo
1991 1619 2304 1682 dissentire,
2339 1636 2586 1688 novaque
2609 1620 2840 1675 subinde
2867 1629 3121 1675 statuere.
3149 1619 3284 1686 Quae

1703 1724 1852 1774 vero,
1885 1719 1936 1764 et
1970 1711 2406 1780 quandocunque
2451 1712 2753 1777 sanxerint,
2804 1728 2867 1767 ea
2921 1723 3030 1767 tum
3061 1714 3281 1769 demum

1703 1801 1901 1865 valere,
1933 1818 2041 1856 non
2069 1803 2256 1871 utique
2286 1812 2500 1864 natura,
2552 1803 2645 1857 sed
2676 1815 2791 1858 arte
2821 1821 2884 1859 ac
2917 1805 3126 1876 legibus
3151 1823 3283 1862 con-

1702 1894 1910 1948 stituta.
1945 1892 2068 1949 llzec
2092 1894 2297 1958 omnia,
2329 1910 2362 1948 ο
2390 1895 2580 1960 amici,
2619 1898 2812 1966 partim
2842 1913 2871 1951 a
2898 1898 3071 1953 doctis
3101 1899 3280 1954 homi-

1703 1988 1886 2048 nibus,
1922 1988 2116 2056 partim
2143 1988 2211 2041 ab
2249 1987 2433 2042 idiotis
2458 1998 2512 2042 et
2539 1989 2714 2057 poetis
2738 1991 2879 2058 apud
2908 1991 3158 2060 juniores
3191 2008 3281 2047 ce—

1703 2077 2002 2139 lebrantur,
2031 2095 2262 2148 quorum
2308 2096 2412 2132 vox
2455 2094 2520 2134 ea
2559 2081 2868 2136 communis
2897 2092 2999 2146 est,
3033 2084 3284 2152 atquissi-

1702 2186 1850 2224 mum
1885 2171 1935 2225 id
1973 2187 2094 2226 esse
2121 2173 2261 2232 quod
2294 2189 2385 2242 per
2417 2174 2524 2227 vim
2575 2175 2886 2229 extorseris.
2946 2176 3066 2242 Quo
3101 2178 3192 2239 iit,
3223 2185 3285 2233 ut

1696 2259 1942 2329 iuniores
1972 2261 2045 2316 illi
2076 2278 2197 2316 cum
2229 2264 2556 2332 impietatem
2591 2265 2874 2330 imbibant,
2903 2269 3048 2336 quod
3077 2285 3171 2324 eos
3197 2279 3280 2326 ta-

1703 2356 1780 2410 les
1812 2354 1942 2409 deos
1975 2369 2097 2410 esse
2124 2371 2232 2409 non
2271 2358 2514 2423 credant,
2569 2359 2759 2428 quales
2785 2369 2841 2413 ut
2872 2361 3174 2416 habeantur
3201 2363 3281 2418 le-

1701 2448 1858 2517 gibus
1907 2448 2175 2503 sancitum
2210 2459 2292 2503 est
2343 2469 2354 2503 :
2408 2460 2520 2504 tum
2568 2452 2728 2505 etiam
2762 2452 2968 2506 mutuis
3000 2464 3284 2522 propterea

1699 2539 2134 2595 dissensionibus
2178 2539 2442 2606 laborent,
2490 2542 2618 2595 dum
2647 2542 2714 2596 ad
2746 2553 2947 2596 rectam
2985 2547 3148 2598 vitam
3180 2562 3284 2599 na»

1702 2645 1941 2704 lurazque
1984 2643 2405 2688 consentaneam
2455 2635 2767 2702 pertrahere
2815 2645 3104 2698 conantur,
3161 2654 3284 2708 qum

1699 2729 1914 2798 quidem
1959 2728 2063 2782 alia
2093 2743 2279 2783 revera
2313 2742 2420 2782 non
2469 2728 2572 2792 sit,
2609 2743 2770 2798 quam
2809 2739 2866 2783 ut
2893 2731 3168 2800 quomodo
3192 2747 3283 2787 ve-

1699 2839 1819 2876 rum
1849 2823 1974 2887 erit,
2027 2822 2258 2876 aliorum
2291 2821 2550 2875 dominus
2576 2821 2748 2886 vivas,
2785 2838 2886 2878 nec
2913 2823 3035 2877 aliis
3057 2841 3120 2878 ex
3149 2826 3283 2896 legis

1701 2913 2012 2982 przescripto
2060 2912 2286 2967 servias.
2311 2941 2380 2949 —
2421 2911 2465 2966 0
2491 2927 2654 2981 quam
2687 2922 2743 2967 tu
2779 2928 2888 2967 rem
2910 2957 2924 2980 ,
2957 2916 3029 2968 mi
3060 2916 3280 2986 hospes,

1699 3021 1974 3075 quamque
2016 3021 2234 3075 gravem
2283 3004 2566 3074 juniorum
2597 3013 2825 3073 pestem,
2854 3020 2980 3060 eum
3014 3007 3067 3060 in
3096 3008 3284 3063 civita-

1701 3097 1846 3152 tibus
1870 3098 2232 3166 publice,tum
2260 3097 2510 3168 privatim
2535 3099 2682 3153 domi
2711 3108 3045 3169 grassantem
3068 3101 3285 3170 aperui-

1701 3192 1766 3244 sti
1789 3188 1983 3244 !r—Et
2004 3190 2190 3259 paucis
2210 3191 2535 3260 quibusdam
2561 3193 2854 3261 interjectis
2879 3211 2890 3246 :
2923 3192 3174 3258 «Verum,
3201 3195 3285 3246 in-

1701 3280 1838 3348 quit,
1873 3280 1948 3334 mi
1977 3280 2172 3342 Clinia,
2220 3279 2324 3335 hoc
2371 3295 2589 3337 rursum
2620 3281 2754 3335 mihi
2786 3281 3071 3351 responde,
3104 3292 3283 3337 tecum

1701 3370 1845 3424 enim
1871 3372 2108 3426 rationes
2140 3372 2254 3426 ista:
2279 3371 2675 3426 communicari
2708 3371 2927 3426 debent.
2971 3371 3160 3427 Nonne
3188 3375 3284 3444 qui

1702 3462 1775 3514 ita
1799 3460 2074 3530 loquatur,
2113 3460 2161 3514 is
2185 3469 2422 3530 quatuor
2447 3461 2536 3514 illa
2566 3462 2769 3532 ignem,
2803 3478 3022 3530 aquam,
3055 3473 3281 3532 terram,

1701 3569 1905 3619 aerem,
1932 3555 2178 3608 omnium
2204 3555 2429 3608 omnino
2459 3556 2632 3623 prima
2660 3564 2931 3623 statuere,
2960 3557 3147 3611 eadem
3183 3575 3284 3612 na-

1702 3653 1879 3699 turam
1903 3645 2195 3714 appellare,
2252 3645 2602 3716 animamque
2622 3646 2896 3713 posterius
2921 3663 2989 3701 ex
3015 3647 3123 3703 illis
3151 3647 3284 3718 ipsis

1703 3737 1938 3792 conﬂare
1961 3737 2243 3792 videatur?
2277 3735 2600 3807 Quanquam
2628 3753 2733 3793 non
2760 3741 2970 3794 videtur
2992 3751 3136 3795 certe
3155 3742 3283 3814 qui-

1700 3829 1846 3892 dem,
1884 3845 2069 3884 verum
2101 3829 2259 3884 nobis
2293 3829 2346 3883 id
2377 3829 2535 3898 plane
2565 3830 2667 3885 hoc
2706 3830 2958 3901 loquendi
2991 3848 3186 3902 genere
3209 3835 3288 3889 si-

1699 3920 1938 3991 gniﬁcat.
1968 3949 2036 3958 —
2067 3917 2145 3973 ita
2197 3934 2444 3988 prorsus.
2471 3949 2540 3958 ——
2567 3918 2821 3990 Nunquid
2863 3923 3026 3992 igitur
3075 3924 3286 3978 stolidae

1701 4012 1982 4067 hominum
2019 4025 2205 4065 eorum
2237 4010 2510 4078 opinionis
2533 4012 2822 4080 quemdam
2866 4013 3022 4082 quasi
3077 4012 3283 4068 fontem

1697 4101 2023 4172 reperimus,
2073 4102 2165 4171 qui
2213 4117 2395 4156 rerum
2451 4102 2782 4157 naturalium
2827 4106 3155 4173 qua:stiones
3183 4120 3284 4157 υιι⁴

1700 4210 1864 4264 quam
1898 4195 2204 4264 attigerint?
2255 4194 2333 4248 Ae
2363 4194 2493 4248 mihi
2515 4235 2529 4259 ,
2567 4209 2787 4264 quaeso,
2815 4213 2926 4251 rem
2961 4208 3124 4252 totam
3159 4197 3284 4250 dili-

1699 4288 1912 4357 gentius
1942 4287 2246 4340 considera.
2291 4284 2400 4340 Nec
2429 4286 2575 4340 enim
2609 4303 2800 4356 parum
2835 4289 3080 4352 interest,
3106 4289 3150 4342 si
3186 4290 3281 4358 qui

1698 4384 1753 4430 et
1786 4376 1928 4429 hanc
1952 4375 2246 4445 impietatis
2278 4375 2582 4430 doctrinam
2614 4385 2892 4431 sectantur
2917 4377 3049 4446 ipsi,
3070 4388 3128 4434 et
3159 4379 3282 4433 aliis

1697 4467 1941 4538 ejusdem
1967 4476 2221 4522 auctores
2251 4481 2370 4521 sese
2396 4467 2756 4537 doctoresque
2799 4468 3120 4539 proﬁtentur
3140 4509 3154 4534 ,
3183 4485 3281 4525 eos

49 4562 276 4635 ἀρχόμενα
303 4572 368 4624 ἂν
395 4576 461 4627 ὲκ
491 4574 693 4644 τέχνης
714 4573 799 4644 εἴη
827 4573 922 4627 καὶ
948 4571 1058 4626 νοῦ.
1095 4604 1163 4612 —
1197 4571 1319 4635 Πῶς
1342 4589 1356 4636 ;
1382 4603 1448 4611 --
1483 4573 1594 4624 Οὐκ

1703 4572 1808 4610 non
1835 4567 1979 4612 recte
2021 4557 2137 4612 suis
2170 4558 2277 4613 illis
2304 4559 2671 4628 argumentis,
2706 4568 2760 4612 at
2795 4574 3074 4627 perperam
3106 4560 3280 4624 abuti,

45 4654 184 4722 ὀρθῶς
225 4663 383 4731 φύσιν
431 4666 720 4734 βούλονται
753 4666 929 4734 λέγειν
962 4667 1174 4734 γένεσιν
1227 4667 1323 4738 τὴν
1370 4668 1496 4738 περὶ
1527 4667 1596 4720 τὰ

45 4750 218 4815 πρῶτα.
251 4756 311 4809 El
342 4758 400 4811 δὲ
444 4759 756 4829 φανήσεται
784 4759 930 4828 ψυχὴ
958 4758 1192 4831 πρῶτον,
1224 4760 1284 4812 οὐ
1315 4759 1447 4830 πῦρ,
1475 4760 1594 4812 οὐδὲ

43 4837 152 4909 εΗῖΡν
185 4843 319 4920 ψυχὴ
347 4849 395 4903 δ’
426 4851 489 4903 ἐν
555 4849 792 4920 πρώτοις
825 4851 935 4920 (18)
968 4852 1312 4921 γεγενημένη
1338 4892 1352 4911 ,
1412 4850 1597 4921 σχεδον

39 4930 265 4996 ὀρθότατα
314 4941 524 5008 λέγοιτ’
581 4940 646 4994 ἂν
697 4936 835 4994 εἶναι
867 4941 1232 5012 διαφερόντως
1266 4940 1425 5009 φύσει
1461 4940 1593 5011 (19).

36 5190 296 5273 intellexit;
327 5205 496 5259 vertit
527 5205 673 5258 enim
695 5247 710 5269 ,
752 5214 906 5272 prout
939 5203 1136 5273 singuli
1168 5219 1340 5256 secum
1371 5221 1594 5258 consen-

33 5271 187 5344 tientes
216 5271 322 5342 lege
349 5286 680 5328 sanxerunt.
720 5271 941 5330 Rectius
970 5271 1141 5328 multo
1187 5275 1254 5328 de
1298 5275 1403 5328 diis
1438 5277 1593 5344 ipsis,

35 5347 115 5399 PFO
139 5339 306 5408 legum
335 5345 673 5400 diversitate
699 5346 951 5408 diversis,
989 5344 1279 5413 intelligas.

89 5425 188 5499 (15)
237 5431 535 5488 Ἰὸιωτῶν.
578 5433 756 5500 Quare
790 5431 1013 5489 Ficinus
1059 5432 1275 5495 ἰδιώτας
1315 5433 1594 5500 scriptores

32 5503 243 5564 verterit,
277 5521 392 5559 non
431 5505 623 5559 video.

87 5588 184 5662 (16)
233 5595 550 5665 Σωμάτων
590 5596 946 5664 ἔμπροσθεν.
1011 5592 1124 5648 lloc
1153 5600 1554 5665 argumentum
1579 5633 1593 5652 ,

29 5672 127 5732 {tuo
139 5661 455 5720 animorum
493 5661 964 5720 immortalitatem
1009 5661 1320 5728 concludit,
1373 5664 1597 5717 uberius

30 5729 72 5778 in
98 5729 352 5790 Phcedone
380 5737 766 5806 persequitur.

81 5821 183 5894 (Π)
234 5826 456 5895 Ὀρθῶς
489 5828 699 5890 αὐτοί,
741 5837 846 5882 etc.
877 5824 1030 5880 Plato
1061 5827 1174 5881 haec
1208 5826 1278 5880 ita
1311 5825 1438 5895 legit
1458 5865 1471 5884 ,
1504 5823 1598 5893 dp-

81 5841 120 5888 (ι
142 5841 183 5894 ι)
241 5841 456 5895 υρσως
489 5841 662 5880 αυτοι
684 5867 699 5890 ,
741 5841 846 5882 etc.
877 5841 1030 5880 rtato
1061 5841 1174 5881 haec
1208 5841 1278 5880 Ita
1313 5841 1358 5878 Ie
1401 5841 1471 5884 ιι,
1504 5841 1597 5893 ορ⁴

29 5887 113 5954 θῶς
140 5897 586 5970 ἐπονομάζουσιν
610 5898 737 5950 αὐτὸ
762 5896 938 5961 τοῦτο,
970 5894 1093 5949 iis-.3
1106 5914 1192 5968 ρα,
1214 5907 1318 5951 etc.
1350 5841 1481 5962 igua:
1508 5909 1597 5947 ve-

404 5993 692 6053 PATROL.
734 5990 853 6053 Gn.
895 5996 1061 6052 XXI.

1699 4650 1922 4722 fallique
1957 4651 2280 4706 constiterit.
2312 4681 2370 4692 —
2415 4649 2544 4704 Mihi
2588 4651 2805 4720 quidem
2852 4652 3062 4705 videtur
3093 4652 3166 4706 ita
3195 4668 3282 4709 res

1699 4744 1916 4800 habere.
1960 4743 2026 4798 Et
2068 4744 2199 4798 mihi
2231 4727 2446 4814 quoque
2493 4761 2603 4798 rem
2637 4746 2850 4813 probas.
2926 4743 3030 4800 Sed
3074 4761 3172 4816 age
3203 4755 3282 4800 ta-

1700 4854 1845 4900 men,
1879 4851 2109 4905 eamque
2156 4836 2315 4891 nobis
2369 4835 2571 4890 clarius
2617 4835 2663 4889 si
2708 4844 2860 4902 potes
2901 4835 3179 4904 eloquere.
3211 4865 3280 4874 —

1698 4928 1766 4982 At
1818 4928 2226 4983 insolentiorem
2281 4927 2414 4981 mihi
2473 4928 2897 4997 disputationem
2956 4928 3213 4996 imponis.
3257 4949 3274 4978 ο

1702 5190 1811 5242 rior
1838 5188 1996 5242 lectio
2025 5195 2125 5240 est.
2156 5184 2298 5240 Sane
2329 5186 2470 5254 apud
2506 5183 2798 5239 Eusebium
2830 5182 3021 5236 τούτου
3050 5182 3276 5253 ὕστερα,

1699 5261 1752 5312 in
1776 5258 1980 5311 τούτων
2003 5256 2201 5327 ὕστερα
2231 5257 2554 5310 mutandum
2582 5264 2748 5308 esset.

1770 5371 1882 5442 (18)
1929 5371 2101 5440 Ψυχὴ
2142 5370 2191 5421 δ’
2234 5370 2302 5421 ἐν
2341 5368 2610 5436 πρώτοις.
2655 5363 3276 5442 Platonicaredundan-

1701 5437 1787 5498 tia'
1821 5437 1936 5504 est,
1979 5437 2101 5510 quae
2144 5443 2195 5493 in
2232 5442 2590 5509 sequentibus
2623 5437 2784 5510 etiam
2815 5437 3060 5510 cernitur
3083 5477 3098 5501 ,
3151 5451 3273 5510 cum

1699 5512 1848 5568 addit
1878 5502 1943 5566 ἂν
1972 5502 2148 5582 ψυχήν
2174 5529 2255 5572 τις
2284 5502 2521 5580 ὲῖπιδείξῃ
2555 5506 2931 5582 πρεσϐυτέραν
2962 5502 3129 5582 οὖσαν
3152 5506 3277 5582 -σὼ-

1701 5601 1890 5656 ματος.
1930 5573 2009 5636 Τίι
2033 5573 2124 5647 ,"s't
2161 5585 2376 5651 placet,
2407 5573 2610 5635 Graéca'
2642 5595 2765 5632 eum
2819 5573 2990 5632 Ficini
3026 5577 3275 5631 versione

1699 5669 1985 5724 compone.

1769 5747 1878 5816 (t9)
1917 5748 2318 5815 Atagpspdrtwc
2350 5746 2562 5813 φύσει,
2617 5751 2721 5797 etc.
2771 5738 3138 5816 Corrigendus
3186 5739 3275 5816 ltic

1699 5809 2218 5879 ex‘Platone'locus,
2267 5809 2408 5884 apud
2441 5832 2602 5884 quem
2638 5818 2707 5868 ita
2741 5809 2953 5881 legitur,
2987 5809 3273 5880 διαφερόν·

1700 5905 1808 5951 τως
1829 5925 1844 5950 ,
1875 5889 1956 5941 ὅτι
1987 5887 2144 5955 φύσει
2171 5887 2341 5942 ταῦτά
2365 5885 2474 5939 ἐσθ’
2495 5885 2667 5948 οὕτως
2694 5884 2905 5954 ἕγοντα,
2933 5892 3038 5935 etc.

2935 5974 3014 6032 33
