3872 6368
160 326 262 384 1057

1289 309 1606 370 PBIEPAR.
1652 306 1900 364 EVANG.
1946 306 2073 362 LIB.
2116 305 2229 362 ΧΠ.

3181 309 3320 363 {OB

155 443 488 518 κεχωρισμένῳ.
527 440 558 512 ἢ
606 440 697 494 καὶ
728 440 1019 510 ξυμμιγεῖ,
1063 437 1114 490 τί
1145 453 1270 490 ποτε
1302 436 1546 507 φήσομεν
1581 434 1637 485 ἐν

1744 429 1962 498 inquam
1999 435 2226 492 motum,
2277 425 2371 496 qui
2419 441 2513 496 per
2554 442 2611 482 se
2652 425 2824 496 ipsum
2858 425 3106 487 exsistit,
3139 433 3311 480 muta-

154 540 211 608 τῷ
233 536 413 604 τοιούτῳ
441 532 598 595 πάθος
643 533 870 596 ὲνεῖναι;
902 556 970 572 -ρ
996 528 1127 582 Μῶν
1159 529 1263 598 ἄρα
1296 545 1359 598 με
1403 528 1633 598 ἐρωτᾷς,

153 633 187 684 εξ
208 629 283 698 ζῇν
309 626 420 679 αὐτὸ
446 621 808 695 προσεροῦμεν
835 665 849 688 ,
891 623 1016 675 ὅταν
1045 620 1174 673 αὐτὸ
1207 619 1338 672 αὐτὸ
1373 621 1495 688 κινῇ
1523 634 1536 680 ζ
1572 649 1638 656 ·-··

152 720 252 782 Ναί,
276 718 369 787 ζῇψ
393 714 496 779 πῶς
523 712 629 785 γὰρ
674 710 734 766 οὔ
758 711 934 777 ;-Τί
953 711 1044 776 δέ;
1073 711 1200 763 ὃταν
1223 708 1398 779 ψυχὴν
1417 707 1473 760 ἐν
1498 724 1639 760 τισιν

150 809 335 879 ὁρῶμεν,
361 805 463 877 μῶν
480 803 600 858 ἄλλο
623 802 734 874 (27)
765 803 799 873 ἢ
833 801 1026 862 ταύτὸν
1048 799 1220 870 τούτῳ
1245 798 1343 870 ζῇν
1375 799 1639 870 ὁμολογη-

150 897 448 962 τέονς-Ούκ
472 893 824 963 ἄλλου-Ἔχε
859 892 943 964 δὴ,
979 893 1113 964 πρὸς
1147 892 1286 954 Διὸς·
1322 889 1410 963 ἆρ’
1439 892 1539 944 οὐκ
1573 890 1638 944 ἂν

151 989 300 1049 ἐθέλοις
322 986 430 1057 περὶ
453 985 673 1038 ἕκαστον
705 983 831 1057 τρία
861 983 1034 1053 νοεῖνξ;
1063 1017 1128 1024 -
1162 983 1286 1045 Πῶς
1330 982 1537 1051 λέγεις;
1570 1015 1639 1023 —-

152 1079 219 1130 Ἔν
241 1077 319 1147 μὲν
349 1074 433 1146 τὴν
458 1074 639 1128 οὐσίαν
657 1115 672 1137 ,
719 1073 776 1126 ἒν
804 1073 860 1126 δὲ
884 1074 983 1144 τῆς
1015 1073 1200 1136 οὐσίας
1231 1072 1322 1124 τὸν
1355 1073 1510 1141 λόγον
1533 1113 1545 1133 ,
1579 1073 1638 1125 ἓν

145 1170 185 1222 δὲ
206 1169 250 1221 τὸ
272 1169 444 1238 ὄνομαο
481 1169 570 1220 καὶ
594 1166 656 1237 δὴ
690 1166 783 1219 καὶ
813 1167 1110 1237 ἐρωτήσεις
1153 1163 1290 1220 εἶναι
1327 1167 1454 1237 περὶ
1491 1167 1550 1219 τὸ
1579 1165 1638 1218 ὃν

145 1261 274 1324 ἅπαν,
300 1259 395 1311 δύο.
417 1289 480 1299 -
499 1258 622 1321 Πῶς
654 1258 774 1323 δύο;
819 1288 890 1298 -—
930 1256 1062 1310 Τατὲ
1092 1258 1189 1328 μὲν
1219 1260 1251 1329 ἡ
1261 1258 1375 1328 μῶν
1407 1258 1637 1312 ἕκαστον

144 1351 320 1422 τοῦνομα
343 1351 740 1423 προτεινόμενον
762 1349 892 1403 αὐτὸ
914 1350 1005 1402 τὸν
1025 1349 1183 1418 λόγον
1211 1352 1460 1404 ἀπαιτεῖν
1475 1391 1489 1413 ,
1516 1350 1636 1403 τοτὲ

140 1445 179 1495 δὲ
196 1444 416 1510 τὸνλόγον
441 1443 598 1497 αὐτὸν
619 1442 1031 1513 προτεινόμενον
1055 1443 1265 1514 ἐρωτᾷν
1289 1437 1356 1496 αὖ
1378 1441 1633 1512 τούνομα.

142 1530 249 1605 Ἆρά
261 1551 313 1602 γε
326 1534 376 1587 τὺ
387 1534 567 1587 τοιόνδ’
594 1529 659 1588 αὖ
682 1533 980 1605 βουλόμεθα
1001 1533 1094 1587 νῦν
1109 1533 1286 1602 λέγειν
1303 1551 1317 1596 ;
1335 1565 1402 1574 ——
1423 1533 1496 1586 Τὸ
1518 1535 1634 1585 ποῖ-

139 1643 207 1690 ον;
228 1658 280 1667 -
300 1628 435 1679 Ἐστι
455 1644 554 1679 που
581 1625 702 1697 δίχα
728 1625 1101 1697 διαιρούμενον
1123 1627 1200 1690 είς
1219 1627 1310 1680 ἴσα
1336 1625 1475 1698 μέρη
1504 1625 1634 1696 (‘38),

141 1720 179 1768 ἐν
202 1717 366 1771 ἄλλοισί
395 1737 449 1771 τε
481 1720 576 1772 καὶ¹
609 1721 668 1771 ὲν
697 1717 933 1789 ἀριθμῷ.
965 1717 1151 1789 Τούτῳ
1174 1717 1236 1786 δὴ
1268 1717 1344 1788 τῷ
1371 1719 1489 1770 κατ’
1516 1719 1637 1788 ἀρι-

1747 521 1954 573 tiomun
2003 519 2247 572 omnium
2279 526 2336 573 ut
2365 518 2837 588 antiquissimam,
2875 519 2944 572 ita
2975 520 3314 588 potissimam

1745 626 1809 665 ac
1833 610 2335 680 prmstantissimam
2364 612 2612 665 dicamus
2638 626 2859 665 necesse
2891 621 3001 674 est;
3053 612 3145 682 qui
3191 629 3322 664 vero

1745 704 2084 757 extrinsecus
2114 701 2399 765 inferatur,
2433 701 2646 772 aliaque
2674 714 2906 768 moveat,
2933 706 3174 758 secundo
3203 705 3321 757 loco

1747 795 2159 850 numerandam.
2186 827 2254 836 —
2277 793 2392 849 Non
2427 794 2646 865 potuisti
2678 797 2960 851 verius.-—
2979 794 3155 858 Nunc,
3183 811 3322 865 quo-

1745 887 1890 941 niam
1923 888 2027 940 buc
2057 903 2227 956 usque
2257 887 2598 954 devenimus,
2645 902 2743 956 age
2773 887 2875 943 hoc
2897 887 3056 942 etiam
3091 903 3320 956 respon-

1746 980 2065 1034 deamus.——
2093 977 2230 1045 Quid
2263 979 2478 1034 tandem
2496 980 2588 1034 ?—
2619 977 2676 1033 Si
2700 981 2917 1050 quando
2939 992 3142 1034 motum
3168 982 3317 1034 illum

1745 1071 2065 1140 principem,
2114 1071 2167 1125 in
2215 1087 2274 1126 re
2317 1072 2497 1142 aliqua
2528 1073 2609 1126 vel
2647 1073 2911 1135 terrestri,
2949 1074 3030 1127 vel
3072 1074 3317 1143 aquatili,

1744 1164 1825 1217 vel
1859 1163 2036 1233 ignea,
2065 1179 2159 1218 seu
2188 1165 2415 1233 simplex
2444 1165 2554 1228 illa,
2582 1180 2676 1218 seu
2709 1166 2867 1218 mista
2911 1165 3092 1224 fuerit.
3143 1165 3321 1220 inesse

1744 1255 2046 1318 videamus,
2095 1256 2548 1324 quemadmodum
2578 1256 2820 1310 adi-actam
2855 1257 2998 1310 illam
3030 1273 3150 1312 esse
3175 1259 3320 1312 dice-

1745 1363 1867 1402 mus
1883 1347 1964 1400 ?—
1978 1346 2250 1417 Rogasne,
2270 1358 2449 1402 utrum
2475 1365 2592 1402 eam
2626 1365 2744 1417 qua:
2776 1365 2833 1402 se
2864 1349 3033 1418 ipsam
3064 1349 3319 1415 movebit,

1744 1440 1924 1496 vivere
1958 1441 2300 1494 statuamus?
2326 1469 2390 1478 ——
2423 1440 2519 1502 lla,
2547 1441 2745 1496 vivere.
2788 1441 2926 1507 Quid
2956 1442 3100 1496 enim
3132 1442 3322 1497 aliud?

1742 1532 1999 1586 Animum
2049 1547 2176 1586 vero
2221 1533 2266 1588 si
2317 1534 2548 1600 cuipiam
2587 1533 2762 1587 inesse
2803 1532 3131 1598 viderimus,
3186 1549 3318 1587 num

1743 1625 1890 1679 aliud
1919 1626 2047 1695 quid
2075 1627 2272 1695 ipsum,
2310 1642 2470 1696 quam
2510 1627 2608 1684 hoc
2651 1626 2814 1687 idem,
2848 1625 3046 1690 vivere,
3074 1626 3315 1696 inquam,

1743 1717 2023 1772 dicemus?
2049 1749 2117 1758 —
2145 1719 2299 1773 Aliud
2348 1719 2575 1772 uibil.—
2601 1719 2826 1773 Attende
2869 1734 2962 1788 per
2988 1717 3194 1779 Jovem.
3226 1736 3318 1774 so-

139 1811 234 1879 θμδν
253 1811 397 1880 ὄνομα
420 1812 513 1881 μὲν
536 1798 720 1884 ἄρτιον
740 1830 753 1843 ο
775 1812 929 1879 λόγος
946 1811 1001 1864 δὲ
1025 1810 1254 1882 ἀριθμὸς
1268 1810 1638 1881 διαιρούμενος

1748 1812 1843 1865 des
1878 1829 1889 1863 :
1930 1826 2108 1864 annon
2154 1812 2317 1864 rebus
2362 1812 2413 1863 in
2469 1811 2697 1880 singulis
2749 1812 2850 1863 tria
2897 1811 3113 1880 quidem
3149 1826 3318 1880 agno-

138 1903 194 1961 εἱς
212 1900 279 1952 ἴσα
300 1901 422 1972 μέρη
442 1900 551 1954 δύο.
579 1931 648 1942 -ο
669 1903 795 1955 Ναί.
821 1934 890 1943 —
910 1903 982 1955 Τὸ
1001 1901 1237 1955 τοιοῦτον
1262 1903 1451 1972 φράζω
1466 1918 1478 1931 ⁸
1523 1901 1638 1972 μῶν

135 1984 200 2040 οὖν
211 1989 257 2041 ού
268 1990 437 2042 ταύτὺν
450 1990 726 2061 ἑκατέρως
743 1990 1237 2062 προσαγορεύομεν,
1253 1992 1346 2044 ἐάν
1363 2009 1444 2055 τε,
1459 1991 1546 2044 τὸν
1561 1993 1644 2045 λό-

137 2097 202 2146 γον
213 2081 534 2152 ἐρωτώμενοι,
554 2082 793 2153 τοῦνομα
811 2083 1170 2153 ἀποδιδῶμεν,
1196 2085 1290 2138 ἐάν
1304 2099 1362 2134 τε
1383 2081 1536 2136 τοῦνο
1543 2100 1638 2152 μα,

134 2171 196 2223 τὸν
212 2171 354 2241 λόγον,
379 2172 558 2245 ἄρτιον
582 2173 802 2245 ὀνόματι
824 2174 933 2243 (29)
956 2175 1049 2226 καὶ
1070 2173 1212 2244 λόγῳ
1231 2214 1244 2236 ,
1271 2173 1391 2244 δίχα
1409 2173 1643 2244 διαιρού-

137 2278 252 2328 μενον
271 2263 479 2334 ἀριθμὸν
502 2264 1019 2336 προσαγορεύοντες,
1035 2264 1228 2318 ταύτὸν
1246 2265 1305 2317 ὅν
1322 2281 1416 2329 ;-—-
1429 2265 1640 2318 Παντά-

133 2366 228 2404 πασι
245 2353 325 2422 μὲν
343 2350 446 2407 οὖν.
465 2349 612 2425 -τῼ
635 2354 698 2425 δὴ
715 2353 860 2425 ψυχὴ
876 2354 1132 2425 τοῦνομα,
1154 2354 1237 2417 τίς
1249 2352 1436 2406 τούτου
1453 2354 1606 2422 λόγος
1624 2370 1638 2416 ;

136 2443 317 2512 Ἐχομεν
338 2445 513 2509 ἄλλον,
554 2447 695 2516 πλὴν
727 2447 816 2498 τὸν
851 2445 942 2499 νῦν
975 2446 1038 2518 δὴ
1076 2445 1328 2517 ῥηθέντα,
1357 2445 1455 2516 τὴν
1485 2445 1642 2499 δυναο

131 2533 256 2602 μένην
279 2536 430 2608 αὐτὴν
457 2538 656 2610 ἑαυτὴν
693 2541 861 2592 κινεῖν
897 2539 1147 2609 κίνησιν;
1181 2537 1254 2591 Τὸ
1275 2537 1435 2592 ἑαυτὸ
1473 2541 1641 2590 κινεῖν

131 2626 206 2694 φῇς
221 2627 351 2694 λόγον
370 2629 509 2700 ἔχειν
536 2629 639 2701 τὴν
671 2632 838 2701 αὐτὴν
877 2631 1084 2692 οὐσίαν,
1117 2631 1182 2701 ἢν
1211 2629 1348 2700 πρὸς
1379 2629 1637 2701 τοῠνομα.

128 2715 216 2787 ὃδὴ
241 2720 409 2783 πάντες
433 2719 614 2792 ψυχὴν
637 2721 1112 2794 προσαγορεύομεν
1135 2723 1302 2793 ;-Φη
1313 2721 1370 2792 μί
1401 2738 1487 2789 γε.
1509 2722 1641 2774 -Εί

128 2805 158 2856 δ’
176 2809 267 2861 ἐστὶ
299 2811 444 2865 τοῦτο
459 2812 637 2876 οὕτως
660 2813 800 2883 ἔχον,
830 2809 917 2884 ἆρ’
946 2813 1312 2885 ἔτιποθοῦμεν
1343 2814 1415 2886 μὴ
1445 2814 1641 2879 ἱκανῶς

127 2896 335 2970 δεδεῖχθαι
355 2903 530 2975 ψυχὴν
555 2904 751 2957 ταύτὸν
779 2905 858 2966 ὃν,
899 2906 992 2958 καὶ
1025 2906 1123 2976 τὴν
1152 2905 1374 2976 πρώτην
1405 2905 1638 2977 κίνησιν,

126 2991 194 3041 καὶ
211 2993 397 3058 γένεσιν
425 2997 534 3049 τῶν
557 3013 619 3048 τε
649 2996 837 3060 ὄντων,
862 2998 954 3050 καὶ
983 2999 1300 3067 γεγονότων,
1330 3001 1420 3052 καὶ
1452 2998 1643 3070 ἐσομέ-

125 3099 218 3146 νων,
243 3087 324 3138 καὶ
341 3087 554 3142 πάντων
583 3083 650 3140 αὖ
671 3087 778 3141 τῶν
810 3088 1066 3142 ἐναντίων
1094 3090 1300 3148 τούτοις
1320 3108 1334 3155 ;
1358 3091 1542 3162 ἐπειδή
1577 3109 1639 3161 γε

122 3175 314 3248 ἀνεφάνη
350 3181 654 3252 μεταϐολῆς
697 3198 757 3234 τε
798 3182 891 3235 καὶ
925 3184 1186 3253 κινήσεως
1227 3183 1445 3256 ἁπάσης
1494 3185 1640 3238 αἰτία

124 3265 296 3324 ἅπασιν.
319 3301 383 3311 -
406 3272 539 3327 Οὔκ.
571 3302 640 3313 -—
683 3272 840 3326 Ἀλλὰ
873 3273 1174 3328 ἱκανώτατα
1205 3275 1468 3329 δέδεικται
1496 3275 1639 3346 ψυχὴ

120 3359 200 3410 τῶν
211 3363 401 3418 πάντων
416 3365 794 3438 πρεσϐυτάτη,
810 3367 1078 3437 γενομένη
1105 3384 1164 3419 τε
1181 3367 1323 3438 ἀρχὴ
1349 3370 1636 3439 κινήσεως.

121 3443 214 3519 Ἆρ’
237 3450 316 3509 οὖν
344 3457 440 3528 οὐχ
466 3460 500 3528 ἡ
525 3458 599 3511 δι’
639 3457 823 3530 ἕτερον
871 3459 929 3512 ἐν
954 3457 1096 3529 ἄλλῳ
1123 3458 1381 3530 γινομένη
1409 3459 1639 3530 κίνησις,

119 3542 284 3598 αὑτὸδὲ
306 3547 360 3600 ὲν
391 3549 541 3620 αὐτῷ
583 3549 847 3620 μηδέποτε
889 3550 1206 3621 παρέχουσα
1246 3549 1509 3604 κινεῖσθαι
1541 3567 1643 3622 μη-

118 3629 196 3696 δὲν,
220 3634 425 3709 δευτέρα
450 3657 532 3704 τε,
560 3639 659 3693 καὶ
676 3640 888 3694 ὁπόσων
921 3640 1167 3712 ἀριθμῶν
1191 3639 1429 3710 βούλοιτο
1457 3641 1523 3696 ἄν
1560 3658 1642 3705 τις

116 3721 314 3796 ἀριθμεῖν
337 3731 504 3804 αὐτὴν
526 3731 848 3804 πολλοστὴν,
884 3733 1171 3796 τοσούτων,
1219 3733 1469 3805 σώματος
1506 3731 1640 3790 οὖσα

117 3813 244 3882 ὅντως
268 3822 462 3895 ὼᾷύχου
501 3824 811 3897 μεταϐολή;
861 3855 911 3864 —-
950 3826 1173 3893 Ὀρθῶς.
1198 3859 1262 3870 -υ
1282 3826 1482 3899 Ὀρθῶς
1513 3829 1639 3899 ἄρα,

115 3908 186 3959 καὶ
210 3912 409 3983 κυρίως,
430 3915 782 3987 ἀληθέστατά
808 3935 890 3977 τε,
919 3917 1012 3971 καὶ
1035 3917 1340 3972 τελεώτατα
1361 3921 1642 3990 εἰρηκότες

116 3996 165 4048 ἂν
189 4001 352 4074 εἴημεν
380 4006 561 4079 ψυχὴν
598 4007 693 4076 μὲν
732 4008 1004 4080 προτέραν
1037 4010 1320 4078 γεγονέναι
1366 4010 1638 4081 σώματος,

113 4091 248 4166 ἣμὴ;
288 4097 438 4167 σῶμα
473 4099 530 4152 δὲ
571 4099 822 4170 δεύτερόν
858 4117 918 4154 τε
953 4101 1049 4154 καὶ
1082 4100 1305 4172 ὕστερον
1336 4101 1513 4174 ψυχῆς
1552 4104 1644 4174 ἀρ-

114 4186 269 4257 κούσης
295 4191 598 4261 ἀρχόμενον
633 4191 772 4245 κατά
801 4191 989 4261 φύσιν;
1025 4221 1096 4232 -
1136 4192 1494 4264 ’Λληθέστατα
1545 4195 1642 4264 μὲν

111 4271 194 4330 οὖν.
227 4309 286 4319 -—
311 4280 661 4352 Μεμνήμεθά
706 4299 769 4350 γε
813 4284 918 4354 μὴν
961 4283 1395 4354 ὁμολογήσαντες
1431 4288 1488 4339 ὲν
1531 4289 1642 4349 τοῖς

113 4371 328 4438 πρόσθεν,
372 4378 446 4441 ὡς
473 4381 524 4431 εἰ
573 4377 718 4448 ψυχὴ
755 4376 949 4446 φανείη
1004 4377 1348 4449 πρεσϐυτέρα
1391 4377 1643 4450 σώματος

1668 3135 1709 3191 C

1748 1903 1889 1956 scis?
1911 1934 1976 1943 —
1998 1902 2163 1969 Quae?
2187 1934 2256 1943 —
2275 1902 2540 1967 Primum,
2581 1902 2904 1968 essentiam;
2943 1903 3192 1967 alterum,
3224 1918 3314 1956 ρει

1745 1995 1932 2049 sentia:
1978 1995 2276 2061 rationem;
2315 1996 2530 2050 tertium
2563 1995 2823 2064 denique,
2851 2010 3047 2050 nomen
3095 1995 3312 2066 ipsum;

1743 2088 1958 2155 duoque
1998 2096 2255 2156 praeterea
2301 2085 2368 2140 de
2411 2087 2640 2156 singulis
2672 2087 2840 2158 quazri
2880 2100 3059 2155 posse.
3090 2115 3158 2124 —
3185 2084 3316 2150 Qua:

1742 2177 1890 2231 duo?
1916 2208 1983 2216 -—-
2017 2178 2256 2231 Alterum
2287 2179 2529 2248 quidem,
2556 2179 2683 2234 dum
2708 2178 2928 2233 nomine
2971 2178 3090 2248 ipso
3112 2193 3312 2248 propo-

1743 2271 1869 2333 sito,
1910 2270 2175 2324 rationem
2208 2271 2502 2340 qumrimus
2532 2291 2547 2337 ;
2595 2272 2821 2324 alterum
2853 2286 2978 2324 vero
2999 2311 3012 2334 ,
3063 2269 3192 2324 dum
3227 2284 3316 2324 ra-

1744 2364 1888 2417 tione
1921 2363 2205 2432 producta,
2245 2378 2442 2418 nomen
2514 2379 2790 2434 rogamus.
2849 2361 2988 2416 Num
3035 2378 3163 2417 vero
3210 2362 3317 2416 tale

1743 2455 1869 2524 quid
1896 2455 2070 2524 placet
2094 2455 2255 2508 etiam
2281 2455 2334 2510 in
2363 2457 2646 2525 praesentia
2675 2456 2854 2510 dicere
2870 2454 3232 2548 ilo—Quidnam
3251 2454 3318 2508 il-

1745 2547 1832 2600 lud
1854 2546 1927 2598 ?—
1951 2544 2044 2600 Est
2071 2545 2326 2600 nimirum
2358 2545 2410 2599 in
2439 2546 2650 2601 caeteris
2672 2544 3032 2615 aliquidftum
3064 2545 3228 2601 etiam
3259 2544 3313 2599 in

1743 2652 1989 2701 numero,
2041 2638 2186 2706 quod
2237 2639 2288 2691 in
2325 2647 2504 2706 partes
2547 2638 2782 2708 aequales
2834 2637 3106 2692 dividatur
3156 2638 3313 2694 duas.

1742 2728 1807 2784 Et
1837 2731 1888 2784 in
1916 2746 2146 2785 numero
2175 2732 2392 2802 quidem
2424 2731 2544 2799 ejus
2571 2733 2787 2800 generis
2814 2747 3009 2785 nomen
3037 2739 3140 2795 est,
3175 2746 3313 2800 par;

1743 2825 1881 2878 ratio
1909 2839 2058 2890 vero,
2097 2837 2358 2878 numerus
2387 2826 2522 2892 ipse,
2553 2825 2644 2893 qui
2674 2825 2810 2879 duas
2839 2824 2890 2878 in
2925 2832 3105 2893 partes
3134 2837 3317 2892 :equa—

1741 2915 1820 2970 les
1849 2915 2143 2970 dividatur.
2171 2945 2240 2954 —-
2269 2915 2360 2972 Sic
2410 2925 2514 2970 est.
2550 2946 2613 2957 -—
2643 2914 2758 2986 Ego
2807 2930 2934 2970 vero
2978 2915 3155 2970 simile
3186 2916 3314 2984 quid

1743 3006 1883 3061 dico.
1926 3004 2181 3075 Nunquid
2232 3020 2344 3058 rem
2374 3003 2616 3058 eamdem
2650 3012 2880 3073 utroque
2908 3003 3068 3055 modo
3103 3001 3313 3071 signiﬁ-

1743 3112 1956 3163 camus,
1987 3112 2082 3152 seu
2109 3099 2238 3150 dum
2265 3098 2404 3150 ratio
2437 3095 2717 3166 quaeritur,
2753 3110 2952 3150 nomen
2984 3093 3315 3165 respondea-

1742 3206 1898 3258 mus,
1934 3205 2028 3245 seu
2057 3190 2185 3245 dum
2218 3204 2411 3244 nomen
2433 3232 2447 3254 ,
2494 3189 2800 3243 rationem?
2841 3189 2914 3242 ita
2946 3198 3036 3250 ut,
3075 3197 3183 3241 tam
3219 3201 3317 3240 no-

1741 3282 1908 3348 mine,
1937 3297 2102 3353 quam
2129 3283 2357 3346 ratione,
2391 3296 2576 3351 parem
2622 3296 2790 3336 unum
2823 3281 3177 3350 eumdcmque
3210 3295 3316 3332 nu-

1744 3391 1956 3430 merum
1998 3375 2250 3430 bifariam
2283 3374 2539 3438 divisum,
2599 3373 2966 3444 appellemus?
2987 3405 3057 3414 —
3083 3371 3316 3426 Prorsus

1741 3467 2011 3522 eamdem.
2040 3497 2110 3507 -—
2143 3466 2276 3536 Ejus
2329 3473 2509 3520 autem
2556 3466 2669 3530 rei,
2704 3466 2789 3520 cui
2839 3479 3032 3519 nomen
3079 3464 3315 3530 animus,

1743 3575 1864 3630 quae
1890 3560 2104 3615 tandem
2131 3559 2273 3615 ratio
2322 3561 2443 3615 est?
2469 3559 2632 3631 625
2658 3561 2904 3614 Aliamne
2952 3559 3188 3628 aliquam
3212 3557 3319 3611 ha-

1743 3653 1933 3709 bemus
1980 3667 2142 3723 quam
2175 3668 2295 3706 eam
2320 3693 2335 3716 ,
2365 3668 2470 3723 qua
2499 3653 2565 3707 de
2592 3653 2755 3722 paulo
2780 3661 2904 3706 ante
2925 3691 2939 3714 ,
2969 3661 3198 3715 motum,
3232 3649 3320 3703 in-

1744 3762 1928 3816 quam,
1955 3745 2125 3806 illum,
2155 3744 2358 3815 quiper
2387 3761 2446 3800 se
2471 3745 2646 3814 ipsum
2672 3745 2937 3800 exsistat?
2966 3743 3085 3798 Vin”
3111 3751 3170 3797 tu
3196 3742 3318 3812 ejus

1744 3850 1970 3903 naturae,
2027 3853 2192 3907 quam
2241 3837 2409 3891 animi
2457 3837 2676 3891 nomine
2722 3852 2910 3891 omnes
2960 3835 3316 3906 appellamus,

1744 3931 2017 4002 propriam
2054 3931 2195 3984 hanc
2240 3930 2503 3985 rationem
2535 3945 2678 3996 esse,
2715 3929 2858 4000 quod
2900 3944 2958 3985 se
3001 3930 3172 3998 ipsam
3200 3944 3318 3983 mo-

1745 4022 2128 4086 veat?—V’olo,
2149 4019 2635 4077 enimvero.—Hoe
2664 4031 2843 4081 autem
2877 4022 2924 4075 si
2956 4021 3027 4075 ita
3057 4029 3160 4087 est,
3187 4035 3314 4080 num

1745 4115 1946 4185 aliquid
1975 4123 2233 4185 praeterea
2263 4114 2656 4177 desideramus,
2675 4115 2833 4184 quasi
2863 4113 3038 4168 minus
3064 4112 3314 4166 effectum

1744 4211 1924 4266 adhuc
1979 4210 2376 4281 probatumque
2409 4208 2592 4272 fuerit,
2642 4209 2882 4263 animum
2916 4209 3055 4262 idem
3100 4222 3222 4262 esse
3254 4221 3318 4259 ac

1744 4305 1974 4374 primam
2004 4302 2405 4374 generationem
2441 4309 2758 4371 motumque
2791 4315 2992 4363 rerum,
3022 4315 3127 4352 non
3156 4299 3317 4351 modo

1747 4411 1868 4465 quae
1896 4395 2027 4460 sint,
2073 4409 2257 4449 verum
2286 4393 2448 4448 etiam
2477 4409 2598 4464 qua:
2629 4393 2712 4446 vel
2738 4391 2962 4456 fuerint,
3012 4393 3093 4444 vel
3123 4389 3317 4445 futura:

109 4459 228 4529 οὖσα,
257 4469 342 4522 καὶ
366 4469 433 4522 τὰ
454 4469 637 4540 ψυχῆς
656 4467 765 4521 τῶν
791 4466 886 4520 τοῦ
923 4466 1172 4537 σώματος
1193 4467 1367 4522 ἔσοιτο
1398 4467 1638 4539 πρεσϐύ-

1744 4459 1886 4551 sint;
1935 4487 2172 4556 itemque
2203 4459 2605 4541 contrariarum
2635 4486 2741 4541 illis
2769 4487 3036 4548 omnium,
3069 4484 3317 4556 quando-

109 4570 238 4624 1291;
264 4561 494 4614 -Πάνυ
537 4561 639 4630 μὲν
678 4554 791 4614 οὖν.
823 4589 894 4598 —
923 4558 1126 4630 Τρὸποι
1165 4559 1222 4612 δὲ
1241 4560 1335 4612 καὶ
1371 4558 1500 4629 ἢθη.
1549 4562 1641 4612 καὶ

109 4643 360 4720 βουλήσεις,
393 4653 486 4707 καὶ
531 4651 803 4721 λογισμοὶ,
855 4647 949 4704 καὶ
991 4649 1139 4714 δόξαι
1170 4649 1408 4720 ἀληθεῖς,
1451 4650 1640 4720 ἐπιμέ-

106 4737 216 4791 iisut
235 4759 285 4793 τε
309 4745 401 4796 καὶ
436 4745 688 4815 μνῆμαι,
719 4742 958 4812 πρότερα
997 4743 1202 4812 μήκους
1249 4743 1514 4812 σωμάτων
1545 4743 1640 4796 καὶ

108 4827 319 4898 πλάτους,
344 4837 435 4888 καὶ
467 4833 691 4903 βάθους,
719 4835 809 4886 καὶ
834 4831 1029 4904 ῥώμης
1050 4832 1132 4903 εἴη
1154 4833 1414 4902 γεγονότα
1448 4833 1537 4896 ἂν,
1568 4836 1642 4886 εί-

106 4925 281 4991 περκαὶ
305 4926 446 4996 ψυχὴ
464 4925 813 4999 σώματος.-
827 4921 1230 4994 Ἀνάγκη-*Α
1238 4927 1286 4996 ρ’
1311 4921 1404 4979 οὖν
1423 4925 1484 4978 τὸ
1504 4926 1642 4995 μετὰ

104 5009 219 5064 τοῦθ’
233 5017 503 5086 ὁμολογεῖν
542 5019 859 5086 ἀναγκαῖον,
885 5016 992 5069 τῶν
1018 5033 1078 5068 τε
1107 5015 1329 5084 ἀγαθῶν
1357 5017 1533 5070 αἰτίαν
1567 5013 1641 5069 εἷ-

105 5118 172 5154 ναι
197 5107 354 5178 ψυχὴν
394 5112 488 5164 καὶ
514 5111 623 5164 τῶν
654 5110 856 5173 κακῶν,
887 5109 979 5163 καὶ
1023 5108 1202 5165 καλῶν
1254 5109 1348 5162 καὶ
1373 5109 1637 5180 αἰσχρῶν,

159 5261 254 5335 (97)
289 5265 426 5321 Μῶν
454 5268 646 5330 ἄλλο,
677 5277 779 5322 etc.
809 5265 1062 5328 Ficinus,
1099 5265 1241 5318 Num
1291 5266 1353 5318 ob
1383 5265 1531 5318 aliud
1562 5269 1637 5320 υἰο

104 5345 204 5407 ρετεή
223 5336 401 5407 ipsum,
424 5354 591 5407 quam
623 5339 684 5392 ob
709 5340 804 5391 hoc
831 5338 1133 5407 putabimus
1157 5340 1182 5392 ?
1209 5335 1284 5407 Ob
1316 5338 1412 5388 hoc
1441 5337 1633 5407 ipsum.

103 5395 470 5488 Ifgjt'forte'év
500 5424 630 5488 τινι,
651 5425 791 5488 Διιορ⁸
817 5395 872 5460 ἐν
900 5415 1111 5488 uouet
1132 5405 1306 5488 τούτῳ
1335 5422 1430 5488 pro
1460 5395 1635 5480 ταύτῃ

100 5473 152 5539 τῇ
177 5472 306 5546 ψυχῇ
334 5478 594 5546 sumpsit.
639 5477 707 5532 At
737 5477 888 5532 Plato
916 5477 1154 5532 nondum
1185 5475 1236 5529 id
1266 5472 1394 5546 agit,
1430 5486 1488 5530 ut
1516 5472 1636 5530 cor'l

102 5553 183 5617 pus
205 5548 376 5600 animo
399 5549 586 5601 vivere
612 5549 878 5610 ostendat,
912 5547 1018 5617 sed
1039 5554 1269 5617 tantum,
1307 5549 1366 5600 u't
1392 5547 1633 5617 animum

101 5614 247 5687 ipsum
271 5632 360 5686 per
391 5633 516 5672 sese
537 5619 719 5673 vivere
749 5619 960 5673 doceat.
981 5615 1142 5671 Forte
1160 5614 1317 5669 τοῦτο
1347 5631 1443 5686 pro
1463 5616 1637 5687 τούτῳ

101 5683 284 5754 melius
295 5688 585 5754 legeretur.

158 5751 254 5822 ('23)
291 5751 392 5822 Εἷς
421 5758 529 5810 ἴσα
567 5757 730 5828 μέρη.
765 5755 888 5812 llaec
920 5755 1073 5812 Plato
1101 5772 1210 5812 non
1245 5756 1419 5811 habet.

1744 4580 1960 4652 quidem
2015 4579 2182 4635 semel
2235 4594 2354 4634 eam
2405 4579 2722 4635 mutationis
2771 4594 2836 4634 ac
2879 4589 3062 4634 motus
3115 4579 3314 4642 omnis,

1744 4687 2000 4743 omnibus
2027 4702 2248 4743 causam
2283 4702 2406 4743 esse
2431 4687 2777 4744 constiterit?
2799 4718 2866 4727 —
2895 4687 3040 4743 Nihil
3067 4683 3218 4743 sane.
3246 4714 3320 4727 —

1742 4793 1858 4850 lmo
1898 4795 2139 4851 animum
2180 4804 2235 4850 et
2263 4810 2445 4852 rerum
2478 4794 2915 4866 antiquissimam
2948 4795 3227 4859 omnium,
3264 4804 3320 4848 et

1743 4912 1925 4958 motus
1955 4901 2284 4973 principium
2316 4917 2482 4969 esse,
2509 4902 2643 4957 satis
2672 4915 2945 4971 superque
2971 4899 3315 4954 demonstra-

1743 5020 1858 5065 tum
1883 5019 1984 5066 est.
2027 5006 2218 5064 Nonne
2239 5008 2403 5079 igitur
2432 5009 2732 5078 impressus
2764 5005 2920 5062 alteri
2953 5005 3172 5061 aliunde
3199 5020 3318 5058 mo-

1743 5122 1851 5175 tus,
1875 5111 2079 5184 quique
2108 5125 2384 5180 nunquam
2412 5107 2624 5173 efﬁciat,
2641 5113 2702 5163 ut
2731 5122 2790 5162 se
2815 5106 2992 5177 ipsum
3020 5105 3316 5175 quidquam

1814 5270 1922 5340 (29)
1953 5271 2180 5340 Ἄρτιον
2209 5270 2471 5340 ὀνόματι,
2494 5277 2597 5323 etc.
2631 5266 2852 5340 Fieinus
2883 5265 3040 5334 legit,
3067 5263 3313 5340 ὀνόματι,

1742 5335 1834 5394 καῖ
1871 5335 2024 5411 λόγω
2056 5339 2179 5411 δίχα
2214 5335 2590 5411 διαιρούμενον
2613 5375 2628 5399 ,
2677 5347 2751 5411 ut_
2783 5335 2969 5411 ᾄρτιον
3011 5349 3135 5411 cum
3193 5336 3313 5389 solo

1739 5405 1998 5480 ὀνόματι,
2045 5405 2524 5480 θι”διαιρούμενον
2568 5422 2692 5480 enim
2738 5405 2882 5474 λόγῳ
2928 5405 3310 5480 conjungatnr.

1742 5475 1853 5536 Nec
1885 5480 2132 5549 displicet
2154 5494 2218 5533 ea
2253 5475 2548 5534 i'listinctio.
2573 5475 2883 5549 Utramque
2915 5484 3094 5549 tamen
3122 5476 3316 5549 editio-

1740 5565 1864 5605 nem
1895 5545 2114 5604 secutus
2140 5565 2284 5617 sum,
2310 5549 2454 5617 quod
2490 5549 2541 5600 in
2573 5545 2808 5617 lectione
2833 5545 3008 5617 major
3033 5545 3308 5617 quaedam,

1740 5630 1794 5675 et
1821 5620 1998 5689 qualis
2041 5635 2070 5674 a
2109 5611 2342 5673 Pla'tone'
2375 5619 2700 5687 postulatur,
2747 5611 3007 5688 ὀνόματὸς
3050 5611 3104 5670 et
3149 5615 3315 5686 λόγου

1740 5691 2052 5762 conjunctio
2089 5689 2356 5745 videatur.
