3872 6368
561 330 695 387 1039

1220 318 1492 378 EUSEBll
1531 314 2012 374 CASSARlENSIS
2049 314 2199 372 OPP.
2237 314 2418 370 PARS
2455 312 2519 370 Il.
2560 345 2628 353 —-
2654 313 3131 372 APOLOGETICA

3626 327 3723 384 1040

561 457 793 512 moveat,
842 444 1113 502 secundus
1143 443 1265 512 jure
1300 441 1597 500 habeatur,
1644 447 1806 508 atque
1838 437 1974 492 adeo
2004 452 2135 507 quo-

2246 435 2472 490 δικαίων
2509 452 2567 488 τε
2617 435 2713 489 καὶ
2747 436 2950 489 ἀδίκων
2972 475 2988 500 ,
3022 436 3118 489 καὶ
3164 431 3370 490 πάντων
3391 438 3484 491 τῶν
3518 440 3722 511 simul»,

561 555 647 596 tus
676 542 873 612 cuique
914 539 997 593 vel
1042 535 1362 608 longissime
1406 533 1747 588 numerando
1778 532 2143 602 progredienti

561 636 841 704 placuerit.
864 649 990 689 cum
1014 629 1246 685 inanimi
1273 627 1519 696 corporis
1544 641 1671 680 vere
1702 625 1932 679 mutatio
1957 625 2028 680 sit
2053 626 2146 677 ἳ-

559 729 688 783 .lure
716 725 980 799 profecto.
1002 722 1250 777 -—Recte
1276 722 1441 791 igitur
1462 736 1524 774 ac
1558 719 1793 790 proprie,
1826 719 1935 772 imo
1967 718 2144 773 veris-

562 822 698 875 sime
729 817 1231 890 perfectissimeque
1266 813 1607 879 dixerimus,
1660 827 1867 877 annon,
1902 812 2141 867 animam

560 930 788 983 corpore
813 912 1047 982 priorem
1079 923 1230 975 esse;
1266 923 1466 978 corpus
1487 920 1618 960 vero
1644 906 1965 971 secundum,
1983 913 2145 974 atque

558 1006 829 1075 posterius
852 1049 864 1068 ,
914 1002 1192 1072 animique
1228 1000 1456 1071 imperio
1502 1009 1694 1069 suapte
1726 1007 1919 1052 natura
1955 997 2143 1054 subdi-

562 1099 717 1154 tum?
744 1130 811 1139 —
841 1096 1156 1151 Verissime.
1182 1124 1252 1134 —-
1275 1092 1394 1146 Jam
1426 1106 1586 1157 vero,
1628 1092 1730 1147 hac
1760 1091 1826 1146 de
1856 1106 1914 1145 re
1948 1091 2142 1145 memi-

558 1196 740 1248 nimus
779 1193 918 1246 inter
938 1206 1035 1245 nos
1084 1203 1247 1258 supra
1281 1186 1600 1241 convenisse
1620 1226 1634 1250 ,
1663 1192 1723 1240 ut
1751 1185 1799 1240 si
1830 1184 1991 1240 modo
2018 1185 2137 1238 ani-

559 1303 707 1341 mum
738 1300 970 1356 corpore
1000 1283 1236 1355 priorem
1286 1295 1406 1335 esse
1437 1287 1746 1342 constaret,
1780 1285 1892 1332 tum
1922 1292 2044 1348 qum
2072 1276 2138 1331 ad

562 1381 725 1434 animi
760 1379 1026 1434 rationem
1049 1375 1346 1446 pertinent,
1381 1372 1446 1427 iis
1475 1387 1596 1442 quae
1619 1370 1834 1440 corpori
1889 1369 2140 1424 tribuun-

563 1480 675 1533 tur,
733 1471 912 1539 priora
968 1464 1361 1523 censerentur?
1386 1494 1455 1504 -——
1484 1461 1628 1518 Sane
1678 1463 2047 1519 meminimus.
2072 1495 2142 1503 —

560 1559 737 1616 Mores
767 1562 952 1633 igitur,
1002 1559 1279 1629 animique
1331 1571 1546 1623 sensus,
1578 1557 1905 1621 voluntates,
1933 1557 2140 1628 cogita-

559 1657 757 1720 tiones,
815 1670 957 1710 verte
998 1653 1307 1723 opiniones,
1343 1665 1521 1717 curm,
1552 1649 1978 1713 recordationes,
2017 1665 2139 1705 cor-

561 1763 752 1817 porum
809 1746 1166 1817 proceritatc,
1209 1744 1611 1808 crassitudine,
1642 1743 1927 1798 altitudine
1961 1760 2024 1797 ac
2051 1759 2139 1797 ro—

2246 527 2364 581 εἰπε
2371 547 2403 599 ρ
2427 529 2539 581 τῶν
2576 529 2793 582 πάντων
2816 545 2880 597 γε
2905 528 3072 601 αὐτὴν
3102 527 3334 600 θήσομεν
3357 530 3515 585 αἰτίαν
3536 549 3549 597 ;
3572 564 3624 573 -
3640 536 3724 601 Πῶς

2245 620 2351 690 γὰρ
2389 617 2450 672 οὔ
2471 636 2486 684 ;
2507 650 2579 660 ——
2604 618 2798 690 Ψυχὴν
2839 618 2903 690 δὴ
2942 617 3251 672 διοικοῦσαν
3283 620 3373 672 καὶ
3404 620 3659 677 ἐνοικοῦσαν
3688 629 3723 679 ὲν

2244 710 2416 764 ἆπασι
2444 712 2557 775 τοῖς
2579 711 2753 783 πάντη
2796 709 3158 782 κινουμένοις,
3188 710 3300 781 μῶν
3325 711 3383 767 οὐ
3415 713 3499 766 καὶ
3522 713 3597 767 τὸν
3615 716 3724 787 οὐρα-

2244 805 2331 858 νὸν
2383 806 2595 876 ἀνάγκη
2641 804 2862 860 διοικεῖν
2902 805 3097 874 φάναι;
3124 832 3187 842 —
3216 801 3278 854 Τί
3323 804 3448 874 μήν;
3479 832 3536 842 --
3575 806 3722 878 Μίανῆ

2244 898 2491 963 πλείους;
2545 897 2788 961 Πλείους’
2839 894 2950 965 ἐγὼ
3006 896 3146 967 ὑπὲρ
3201 893 3345 963 σφῶν
3394 896 3722 970 ἀποκρινοῦμαι.

2242 992 2397 1045 Δυοῖν
2429 990 2528 1063 μέν
2551 990 2615 1060 γέ
2646 1008 2747 1044 που
2771 989 2991 1043 ἔλαττον
3021 988 3185 1059 μηδὲν
3224 987 3475 1059 τιθῶμεν,
3497 990 3578 1060 τῆς
3601 1008 3645 1044 τε
3663 994 3721 1045 εὑ.

2241 1083 2537 1154 εργέτιδος,
2569 1083 2663 1136 καὶ
2689 1082 2787 1153 τῆς
2804 1082 3063 1136 τάναντία
3084 1081 3385 1153 δυναμένης
3405 1082 3720 1153 ἐξεργάζεσθαι.

2241 1210 2310 1218 -—
2350 1176 2561 1246 Σφόδρα
2605 1174 2781 1248 ὀρθῶς
2830 1176 3079 1247 εἴρηκας.
3113 1172 3346 1229 -Εἱεν,
3384 1175 3522 1244 Ἀγει
3563 1177 3640 1246 μὲν
3681 1179 3722 1249 δὴ

2240 1269 2386 1343 ψυχὴ
2417 1270 2596 1325 πάντα
2620 1269 2688 1323 τά
2711 1271 2833 1323 κατ’
2864 1268 3113 1340 οὐρανὸν,
3143 1268 3237 1320 καὶ
3264 1267 3488 1339 ﬁliani
3517 1268 3723 1335 θάλατταν,

2240 1366 2358 1427 ταῖς
2389 1363 2559 1434 αὐτῆς
2584 1363 2892 1434 κινήσεσιν,
2922 1358 3009 1426 αἷς
3046 1362 3289 1432 ὀνόματά
3319 1363 3450 1427 ἐστι,
3489 1362 3723 1432 βούλεσθαι,
3778 1366 3783 1371 ’
3816 1364 3817 1434 l

2242 1453 2581 1517 σκοπεῖσθαι,
2612 1453 3012 1526 ἐπιμελεῖσθαι,
3041 1453 3409 1525 βουλεύεσθαι,
3445 1454 3725 1529 δοξάζειν,ίρ-

2241 1545 2368 1610 θῶς,
2387 1544 2754 1616 ἐψευσμένως,
2774 1546 3093 1618 χαίρουσαν,
3105 1545 3467 1618 λυπουμένην,
3480 1545 3724 1619 θαρροῦσαν,

2242 1638 2602 1709 φοϐουμένην,
2633 1638 2898 1707 μισοῦσαν
2918 1679 2932 1701 ,
2964 1638 3320 1710 στέργουσαν,
3350 1638 3442 1693 καὶ
3466 1637 3631 1703 πάσαις
3648 1640 3726 1692 ὅσαι

2240 1732 2444 1786 τούτων
2484 1730 2764 1800 ξυγγενεῖς
2795 1732 2827 1803 ἢ
2860 1734 3206 1805 πρωτουργοὶ
3238 1734 3473 1804 κινήσεις
3495 1732 3579 1796 τὰς
3606 1733 3726 1786 δευτε-

558 1840 688 1895 bore
736 1839 949 1909 priores
994 1838 1198 1894 fuerint
1242 1846 1476 1908 oportet,
1523 1837 1569 1891 si
1615 1837 1864 1891 animum
1913 1851 2135 1906 corpore

2248 1826 2512 1898 ρουργοὺς
2549 1819 2616 1878 αὖ
2662 1804 3188 1897 παραλαμϐάνουσαι
3236 1828 3469 1897 κινήσεις
3508 1825 3727 1897 σωμάτων,

557 1935 792 2003 priorem
830 1934 999 1991 fuisse
1027 1930 1691 2001 concedimus.—-Utique
1714 1946 1937 1986 necesse
1965 1941 2145 1986 est.—

559 2027 695 2082 llinc
718 2042 878 2098 porro
900 2026 1148 2095 nunquid
1174 2025 1484 2080 necessario
1504 2023 1773 2093 sequitur,
1795 2031 1854 2077 ut
1875 2023 2140 2099 animum,

562 2121 605 2174 si
641 2120 885 2174 omnium
933 2134 1155 2173 causam
1206 2117 1353 2171 illam
1402 2132 1523 2172 esse
1548 2116 1823 2180 volumus,
1872 2117 2140 2171 bonorum

558 2214 721 2267 simul
750 2223 805 2267 et
837 2212 1129 2275 malorum,
1176 2211 1530 2266 honestorum
1577 2224 1643 2264 ae
1672 2208 1934 2279 turpium,
1965 2208 2143 2279 justo-

564 2321 680 2360 rum
710 2318 763 2361 et
798 2305 1145 2375 injustorum,
1181 2304 1427 2375 adeoque
1461 2303 1861 2357 contrariorum
1894 2302 2139 2357 omnium

555 2412 775 2451 causam
806 2411 928 2451 esse
957 2396 1320 2452 dicamus?——
1350 2394 1486 2462 Quis
1515 2396 1795 2466 neget?-—
1822 2394 2011 2450 Nonne
2041 2394 2141 2465 igi-

557 2501 645 2544 tur
679 2504 900 2544 necesse
934 2497 1037 2555 est,
1083 2489 1326 2543 animum
1379 2489 1474 2558 qui
1532 2488 1695 2543 rebus
1732 2488 1989 2543 omnibus
2019 2503 2140 2558 quae

557 2598 997 2654 quoquoversum
1035 2591 1355 2646 moventur,
1396 2590 1449 2635 et
1481 2580 1827 2647 moderetur,
1860 2589 1913 2635 et
1963 2580 2017 2634 in
2073 2580 2139 2633 il-

556 2674 623 2728 lis
656 2675 1001 2744 insit,ipsum
1030 2688 1249 2743 quoque
1271 2672 1469 2727 cmlum
1499 2687 1595 2743 per
1624 2686 1745 2728 sese
1762 2672 2031 2726 moderari
2047 2671 2139 2725 ?-——

553 2763 1143 2820 Omuino.—Unumne
1168 2773 1350 2819 autem
1376 2780 1445 2818 an
1472 2763 1693 2834 plures?
1729 2762 1932 2819 Plures
1950 2772 2095 2818 certe
2120 2781 2133 2817 :

555 2873 678 2911 nam
732 2873 831 2928 pro
887 2858 1037 2913 vobis
1088 2857 1416 2926 respondere
1456 2856 1628 2926 juvat.
1689 2854 1799 2911 Nec
1847 2856 2137 2925 pauciores

556 2950 770 3003 duobus
806 2961 949 3005 recte
984 2951 1332 3019 posuerimus
1354 2990 1368 3013 ,
1410 2948 1711 3003 beneﬁcum
1743 2950 2005 3015 alterum,
2055 2949 2136 3003 al—

553 3054 726 3096 terum
760 3040 1228 3098 maleﬁcum—Et
1261 3042 1365 3097 hoc
1393 3043 1523 3097 mihi
1554 3043 1904 3098 vehementer
1936 3042 2133 3112 proba-

554 3132 865 3189 tum—llaec
883 3134 1046 3204 igitur
1069 3150 1192 3189 cum
1222 3134 1293 3189 ita
1310 3134 1424 3189 sint
1452 3152 1463 3188 :
1491 3133 1722 3189 Animus
1748 3143 1894 3190 certe
1911 3135 2131 3204 quidem
2161 3169 2204 3226 ο

557 3227 810 3283 universa
844 3226 951 3291 illa,
973 3242 1095 3297 qua:
1127 3225 1272 3292 caeli,
1294 3235 1584 3291 terrarum,
1604 3225 1948 3297 mariumque
1980 3243 2132 3283 com-

554 3321 747 3391 plcans
775 3321 966 3385 ambit,
995 3321 1111 3376 suis
1133 3320 1246 3390 ipsa
1273 3320 1510 3378 motibus
1536 3322 1649 3392 agit
1670 3337 1734 3377 ac
1763 3333 1967 3388 versat,
1995 3339 2135 3393 quo-

549 3428 670 3468 rum
726 3414 841 3467 ltrec
891 3412 1111 3467 nomina
1159 3421 1307 3476 sunt,
1340 3412 1507 3491 626
1552 3413 1706 3477 velle,
1756 3414 2128 3479 considerare,

551 3514 767 3565 curare,
802 3501 1036 3569 opinari,
1073 3515 1168 3556 seu
1203 3517 1349 3567 vere,
1380 3518 1474 3557 seu
1506 3500 1667 3568 falso,
1696 3503 1886 3567 laetari,
1923 3503 2129 3570 dolere,

550 3592 773 3655 audere,
806 3602 1068 3659 metuere,
1094 3594 1297 3658 odisse,
1332 3595 1586 3664 diligere,
1618 3611 1683 3651 ac
1707 3597 1920 3652 caeteris
1949 3600 2133 3653 omni-

552 3685 688 3747 bus,
738 3685 830 3754 qui
878 3685 960 3739 vel
992 3685 1221 3740 istorum
1270 3686 1457 3742 aliincs
1498 3704 1563 3743 ac
1612 3689 1812 3759 gemini
1842 3699 2013 3755 sunt,
2048 3692 2131 3747 vel

550 3776 796 3844 primarii
851 3775 1137 3848 fontesque
1171 3779 1528 3849 reliquorum,
1561 3782 1860 3851 assumptis
1891 3799 1996 3837 una
2030 3799 2132 3853 po-

552 3867 874 3924 sterioribus
917 3884 1207 3939 corporum
1250 3872 1511 3936 motibus,
1557 3873 1611 3927 in
1656 3876 1911 3930 omnibus
1935 3875 2132 3933 deinde

548 3959 908 4015 aceretionem
943 3944 1036 4014 aut
1069 3961 1484 4018 diminutionem
1513 4005 1527 4029 ,
1577 3966 1854 4023 raritatem
1884 3978 1980 4024 aut
2005 3970 2133 4024 deu-

548 4052 786 4118 sitatem,
819 4069 1048 4124 quaeque
1076 4054 1176 4111 bos
1205 4058 1555 4119 comitantur.
1612 4059 1849 4124 calores,
1900 4060 2125 4131 frigora,

548 4142 862 4211 gravitates,
911 4144 1175 4211 levitates,
1211 4146 1408 4200 durum
1444 4154 1498 4201 et
1535 4147 1715 4213 molle,
1753 4148 1935 4204 album
1968 4161 2022 4205 et
2054 4151 2134 4204 ni-

549 4244 738 4297 grum,
771 4231 1060 4297 acerbum,
1096 4231 1280 4295 dulce,
1317 4249 1563 4288 amarum
1599 4236 1869 4301 efficiunt,
1906 4248 2129 4293 caetera-

546 4336 654 4391 que
679 4338 903 4392 prorsus
937 4325 1153 4390 omnia,
1199 4326 1396 4395 quibus
1424 4327 1641 4382 animus
1682 4327 1813 4384 dum
1845 4330 2045 4396 utitur,
2085 4333 2129 4388 si

553 4413 912 4478 intellectum,
946 4414 1088 4471 Deus
1118 4416 1263 4486 ipse,
1294 4415 1463 4472 Deum
1514 4430 1778 4487 assumat,
1814 4430 2012 4476 cuncta
2044 4439 2130 4476 re-

2244 1918 2434 1988 ἄγουσι
2465 1920 2641 1974 πάντα
2669 1920 2748 1982 εἰς
2774 1918 3021 1990 αὔξησιν,
3048 1920 3142 1973 καὶ
3172 1920 3377 1989 φθίσιν,
3407 1919 3493 1974 καὶ
3517 1921 3726 1991 διάκρισιν,
3816 1912 3817 1969 ἶ

2245 2010 2338 2062 καὶ
2360 2009 2663 2082 σύγκρισιν,
2695 2011 2789 2064 καὶ
2813 2010 3023 2075 τούτοις
3040 2012 3315 2082 ἑπομένας
3343 2010 3729 2084 θερμότηταςψὸ-

2246 2100 2376 2165 ξεις,
2409 2101 2740 2175 βαρύτητας,
2762 2103 3137 2175 κουφότητας,
3174 2105 3411 2178 σκληρὸν
3437 2108 3521 2160 καὶ
3543 2105 3729 2176 μαλακὸν,
3816 2116 3817 2121 “

2242 2192 2432 2247 λευκὸν
2458 2194 2551 2248 καὶ
2587 2194 2774 2266 μέλαν,
2815 2195 3088 2268 αὐστηρὸν
3127 2197 3223 2251 καὶ
3257 2197 3449 2266 γλυκὺ,
3476 2198 3559 2252 καὶ
3582 2198 3728 2269 πικρὸν,

2243 2286 2336 2339 καὶ
2368 2288 2532 2340 πᾶσιν
2565 2282 2648 2351 οἷς
2678 2287 2824 2360 ψυχὴ
2856 2289 3111 2361 χρωμένη
3130 2329 3145 2353 ,
3171 2289 3300 2344 νοῦν
3331 2290 3427 2361 μὲν
3469 2290 3730 2361 προσλαμεάυ
3816 2346 3817 2351 η

2243 2397 2426 2443 νουσα,
2449 2380 2560 2434 αίεὶ
2585 2380 2738 2445 Θεὸν,
2758 2381 2891 2445 Θεὸς
2918 2377 3073 2444 οὖσα,
3101 2382 3239 2454 όρθὰ
3264 2383 3361 2437 καὶ
3388 2382 3635 2453 εὐδαίμονα
3650 2399 3731 2435 τισι-

2241 2473 2477 2542 δαγωγεῖ
2491 2473 2687 2528 πάντα·
2706 2474 2864 2546 ἀνοίᾳ
2874 2474 2930 2529 δὲ
2947 2472 3341 2546 ξυγγενομένη,
3359 2475 3526 2530 πάντα
3535 2470 3589 2529 αὖ
3601 2476 3731 2528 τὰναν·
3816 2544 3817 2549 γ

2240 2566 2328 2619 τία
2349 2564 2562 2629 τούτοις
2584 2566 2976 2638 ἀπεργάζεται.
3000 2564 3255 2638 Τιθῶμεν
3279 2566 3451 2621 ταῦτα
3472 2565 3615 2628 οὕτως
3637 2565 3731 2635 ἔχειν

2238 2657 2271 2728 ἣ
2302 2657 2380 2711 ἔτι
2406 2657 2728 2729 διστάζομεν
2748 2700 2763 2722 ,
2791 2662 2840 2713 εἰ
2865 2659 3066 2731 ἑτέρως
3098 2677 3216 2723 πως
3254 2660 3405 2732 ἔχεις
3435 2692 3497 2701 -
3527 2658 3728 2728 Οὑδαμὼ.

2238 2783 2307 2792 -~
2328 2752 2562 2825 Πότερον
2592 2749 2684 2804 οὖν
2702 2751 2767 2824 δὴ
2790 2751 2967 2824 ψυχῆς
2996 2753 3059 2806 τὸ
3086 2752 3243 2821 γένος
3272 2752 3528 2826 ἐγκρατὲς
3552 2749 3730 2822 οὐρανοὶ

2237 2843 2331 2897 καὶ
2355 2843 2480 2914 γῆς,
2507 2843 2602 2896 καὶ
2622 2840 2803 2916 πάσης
2821 2843 2921 2914 τῆς
2943 2844 3193 2915 περιόδου
3222 2846 3501 2914 γεγονέναι
3523 2843 3683 2915 φῶμεν,
3696 2842 3733 2892 τὸ

2236 2934 2519 3007 φρόνιμον,
2548 2936 2643 2988 καὶ
2671 2936 2873 3007 ἀρετῆς
2894 2935 3119 3008 πλῆρες,
3159 2936 3191 3006 ἢ
3218 2936 3284 2990 τὸ
3316 2935 3566 3009 μηδέτερα
3600 2950 3733 3001 κεκτη·
3816 2942 3817 3007 ξ

2237 3030 2396 3100 μένον
2420 3045 2436 3094 ;
2460 3027 2724 3082 Βούλεσθε
2747 3023 2840 3081 οῦν
2880 3028 3017 3100 πρὸς
3035 3029 3208 3083 ταῦτα
3235 3022 3342 3084 ὧδε
3370 3026 3733 3101 άποκρινιτ›με8.¹ι;

2236 3147 2304 3159 --
2335 3120 2489 3187 Πῶς;
2514 3151 2585 3162 —
2610 3123 2674 3175 Εἰ
2711 3121 2830 3193 μὲν,
2859 3115 2905 3175 ὧ
2928 3121 3218 3195 θαυμάσιε,
3244 3123 3465 3194 φῶμεν,
3491 3125 3521 3192 ή
3548 3121 3734 3190 ξύμπασα
3816 3115 3817 3173 ι

2238 3214 2470 3287 ούρανοῦ
2503 3214 2623 3278 ὁδὸς
2643 3215 2761 3287 ἅμα
2791 3216 2885 3269 καὶ
2925 3216 3070 3289 φορὰ
3088 3257 3103 3282 ,
3128 3218 3223 3271 καὶ
3252 3217 3364 3271 τῶν
3394 3219 3451 3270 ὲν
3476 3215 3603 3286 αὐτῷ
3623 3215 3735 3267 ὖπων
3816 3234 3817 3289 j

2234 3282 2520 3373 ἁπάντων,
2549 3307 2643 3361 νοῦ
2673 3282 2885 3379 κινήσει
3056 3311 3335 3382 περιφορᾷ
3355 3349 3370 3373 ,
3409 3310 3499 3362 καὶ
3533 3282 3737 3376 λογισμοῖς
3816 3282 3817 3309 1

2234 3402 2425 3472 ὁμοίαν
2450 3400 2612 3471 φύσιν
2644 3401 2790 3474 ἔχει,
2832 3401 2926 3455 καὶ
2960 3401 3236 3472 ξυγγενῶς
3272 3402 3507 3474 ἔρχεται,
3535 3399 3660 3469 δῆλον
3688 3396 3737 3457 ὡς
3816 3460 3817 3463 η

2233 3495 2332 3566 τὴν
2355 3495 2585 3567 ἀρίστην
2618 3494 2796 3568 ψυχὴν
2825 3495 3025 3564 φατέον
3063 3495 3446 3566 ἐπιμελεῖσθαι
3470 3492 3554 3548 τοῦ
3592 3491 3733 3559 idem

2235 3587 2458 3651 παντὸς,
2495 3587 2590 3640 καὶ
2621 3586 2777 3656 ἄγειν
2809 3587 2972 3641 αὐτὸν
3004 3586 3103 3657 τὴν
3133 3588 3395 3660 τοιαύτην
3430 3587 3537 3641 όδδν
3568 3584 3735 3651 ἐκείνην.

2232 3710 2302 3718 -
2329 3679 2558 3753 Ὀρθῶς.
2576 3713 2644 3723 -
2668 3681 2732 3734 Et
2759 3680 2817 3734 δὲ
2846 3679 3089 3751 μανικῶς
3104 3696 3163 3734 τε
3184 3680 3284 3734 καὶ
3307 3680 3543 3743 ἀτάκτως
3564 3677 3735 3747 ἔρχεται,

2235 3768 2330 3840 τὴν
2361 3770 2556 3842 κακήν.
2599 3801 2658 3809 -
2680 3771 2789 3825 Καὶ
2811 3770 2963 3825 ταῦτ’
2994 3769 3190 3842 ὀρθῶς.
3229 3803 3305 3812 —
3327 3771 3458 3825 Τίνα
3498 3766 3578 3823 οὖν
3597 3767 3647 3837 δὴ
3674 3763 3735 3817 νοῦ

2235 3861 2445 3933 κίνησις
2470 3861 2630 3931 φύσιν
2647 3861 2780 3933 ἔχει,
2811 3862 2955 3916 τοῦτ’
3001 3862 3101 3935 ήδη
3125 3863 3387 3934 χαλεπὸν,
3417 3858 3462 3917 ὦ
3488 3862 3624 3932 φῦσι,
3649 3854 3737 3928 ὲρὼ-

2234 3970 2383 4025 τημα
2414 3955 2842 4027 ἀποκρινόμενον
2867 3957 3043 4009 εἰπεῖν
3065 3957 3090 4009 ὲ
3099 3957 3377 4027 μφρόνως.
3403 3957 3490 4009 Διὸ
3510 3956 3563 4026 δή
3582 3953 3654 4006 καὶ
3670 3950 3734 4018 ἐμὲ

2232 4049 2333 4117 τῆς
2347 4047 2689 4117 ἀποκρίσεως
2707 4048 2836 4119 ὑμῖν
2855 4047 3061 4103 δίκαιον
3085 4048 3250 4103 τανῦν
3264 4047 3633 4121 προλαμϐάνειν
3645 4041 3733 4113 (5οΡ-

2233 4136 2379 4191 -Εὗ
2411 4137 2782 4212 λέγεις.-Μὴ
2808 4138 2989 4193 τοίνυν
3032 4139 3369 4208 ἐξεναντίας,
3399 4134 3505 4194 οἷον
3536 4140 3602 4201 είς
3632 4134 3736 4205 ἣλιον

2233 4230 2651 4295 ἀποϐλέποντες,
2681 4231 2853 4287 νύκτα
2870 4234 2927 4286 ὲν
2943 4233 3264 4307 μεσημϐρίᾳ
3288 4235 3612 4305 ἐπαγόμενοι,
3625 4244 3734 4295 πηκτ-

2236 4323 2457 4396 σώμεθα
2478 4324 2577 4397 τὴν
2607 4325 2919 4398 ἀπόκρισιν,
2941 4326 3018 4390 ὼς
3042 4326 3167 4381 νοῦν
3184 4346 3319 4382 ποτε
3343 4328 3546 4400 θνητοῖς
3562 4325 3734 4395 ὄμμασιν

2211 4416 2489 4487 ,ὀιῖιόμενοί
2515 4435 2574 4471 τε
2626 4420 2722 4472 καὶ
2752 4420 3082 4492 γνωσόμενοι
3114 4421 3337 4485 ἱκανῶς.
3376 4422 3512 4494 Πρὸς
3536 4419 3582 4472 δὲ
3606 4414 3734 4469 εἰκόνα

546 4512 632 4557 cte
660 4518 723 4557 ac
751 4501 978 4560 feliciter
1009 4504 1357 4568 moderatur;
1399 4507 1482 4561 sin
1510 4516 1693 4563 autem
1723 4524 1846 4564 cum
1895 4513 2131 4566 amentia

2237 4508 2331 4562 τοῦ
2372 4509 2730 4582 ἐρωτωμένου
2765 4511 3083 4580 βλέποντας,
3118 4514 3518 4586 ἀσφαλέστερον
3553 4512 3735 4583 dmin-v-

546 4597 944 4667 conjungatur,
973 4596 1248 4653 contraria
1286 4597 1448 4654 elﬁcit
1473 4599 1679 4656 omnia.
1724 4599 2001 4658 Damusne
2029 4602 2129 4658 ista

548 4691 692 4744 hunc
722 4690 774 4743 in
806 4691 1028 4745 modum
1055 4706 1114 4747 se
1136 4689 1439 4758 habere,an
1467 4692 1647 4748 adhuc
1674 4709 1801 4747 num
1823 4694 1953 4765 quid
1984 4696 2128 4750 aliud

548 4794 876 4847 statuamus,
908 4783 1101 4839 incerti
1132 4785 1425 4840 sumus?-—
1441 4784 1665 4841 Minime
1697 4787 2128 4842 verm—Utrum

548 4876 713 4944 igitur
759 4877 930 4931 animi
980 4891 1151 4947 genus
1173 4917 1190 4941 ,
1224 4877 1348 4933 caeli
1376 4892 1441 4933 ac
1474 4887 1776 4942 terrarum,
1808 4876 1922 4935 imo
1964 4881 2131 4937 totius

545 4969 697 5024 orbis
739 4968 1105 5039 principatum
1156 4978 1339 5025 tenere
1383 4970 1685 5027 volumus?
1732 4972 1936 5027 illudne
1984 4975 2129 5043 quod

546 5061 835 5131 prudentia
861 5070 915 5118 et
936 5062 1139 5118 virtute
1165 5063 1448 5132 praeditum
1481 5073 1584 5130 est,
1617 5080 1685 5119 an
1720 5066 1863 5136 quod
1900 5075 2132 5138 utraque

547 5157 726 5210 caret?
764 5154 904 5211 Num
947 5157 1015 5211 ad
1058 5154 1172 5211 haec
1205 5158 1278 5211 ita
1306 5159 1623 5228 reSponderi
1654 5160 1959 5230 plaeet?--
1982 5159 2131 5226 Quo-

545 5249 744 5303 modo?
793 5280 850 5291 »-
893 5249 968 5304 lta
1003 5250 1274 5306 videlicet.
1314 5251 1371 5305 Si
1410 5252 1665 5307 universa
1694 5253 1818 5308 cmli
1845 5253 1931 5308 via
1967 5263 2131 5325 atque

545 5343 852 5409 conversio,
889 5358 1189 5414 eorumque
1214 5345 1377 5399 simul
1408 5345 1653 5399 omnium
1679 5361 1801 5401 oua:
1829 5346 1970 5402 cmlo
1994 5362 2129 5403 con-

616 5477 725 5599 $50)
766 5478 881 5535 Fic.
910 5489 965 5535 et
993 5496 1123 5546 tns.,~
1154 5482 1619 5552 προσλαμϐάνειν.

639 5548 728 5599 5H
774 5550 897 5599 Τῶν
923 5551 1224 5599 ἁπάντων-
1269 5550 1399 5599 Ρηςῑ
1428 5552 1619 5599 ἁπάντι

586 5548 697 5625 .(51
713 5563 728 5617 )
774 5548 1224 5625 Τῶνᾼάπάντωιέ.
1269 5548 1399 5625 ι)ῳί
1428 5552 1684 5608 ἁπάντων
1710 5553 1912 5625 prioris
1935 5552 2129 5609 editio-

548 5622 632 5695 tris
674 5627 829 5695 turpe
859 5622 1130 5695 glossema
1161 5637 1287 5695 cum
1327 5622 1556 5679 Platone
1584 5622 1948 5689 sustulimus;
1987 5625 2129 5695 lege-

546 5688 897 5767 batur‘enjm,
927 5691 1139 5767 τούτοιν
1170 5694 1235 5765 δὴ
1263 5697 1378 5767 τοῖν
1409 5696 1711 5767 κινήσεσιν.

614 5758 728 5829 (52)
774 5761 892 5829 Τὴν
918 5762 987 5816 ἐν
1018 5764 1106 5817 ἑνὶ
1148 5758 1629 5835 φερομένηνδιιλ
1678 5767 1894 5835 reposui
1939 5782 1999 5822 ex
2030 5765 2124 5822 alt.

2238 4599 2362 4664 Πῶς
2381 4600 2590 4671 λέγεις;
2623 4634 2690 4643 -
2714 4597 2792 4674 τ[ςί
2826 4602 3112 4674 προσέοικε
3141 4606 3356 4677 κινήσει
3391 4604 3511 4667 νοῦς
3535 4601 3622 4656 τῶν
3646 4596 3734 4650 δέκα

2233 4693 2457 4748 ἐκείνων
2473 4695 2763 4765 κινήσεων,
2777 4695 2875 4768 τήν
2890 4696 3074 4750 είκόνα
3094 4696 3369 4768 λάϐωμεν·
3392 4698 3459 4769 ἦν
3477 4705 3734 4762 cnvenit“:

2236 4785 2383 4850 σθεὶς
2410 4786 2540 4858 ὑμῖν
2579 4786 2692 4856 ἐγὼ
2730 4791 2883 4861 κοινῆ
2921 4788 3020 4860 τὴν
3062 4790 3359 4862 ἀπόκρισιν
3400 4791 3668 4862 ποιήσομαι.
3690 4811 3732 4820 —

2233 4878 2508 4933 Κάλλιστα
2542 4877 2610 4934 ἂν
2636 4879 2836 4949 λέγοις.
2854 4911 2924 4921 --
2945 4881 3290 4954 Μεμνήμεθα
3317 4882 3492 4937 τοίνυν
3513 4881 3567 4935 τό
3585 4896 3634 4947 γε
3648 4889 3732 4928 τοῦ·

2231 4972 2388 5026 οῦτον
2421 4972 2529 5026 τῶν
2565 4973 2689 5027 τότε
2717 4973 2819 5038 ἐτι,
2853 4975 2937 5029 ὅτι
2961 4974 3071 5029 τῶν
3096 4976 3356 5030 ἁπάντων
3385 4976 3491 5047 (51)
3511 4973 3571 5026 τά
3592 4971 3667 5041 μὲν
3678 4984 3734 5018 κιο

2232 5069 2473 5133 νεῖσθαι,
2508 5070 2575 5124 τὰ
2607 5070 2664 5125 δὲ
2699 5070 2882 5142 μένειν
2912 5071 3127 5143 ἔθεμεν.
3164 5102 3237 5111 -
3256 5071 3386 5126 Ναί.
3418 5103 3482 5113 -
3510 5065 3665 5123 Tt?th
3688 5054 3730 5114 αὖ

2232 5163 2584 5233 κινουμένων,
2610 5163 2680 5217 τὰ
2709 5162 2806 5235 μὲν
2840 5165 2899 5219 ὲν
2936 5165 3016 5217 ένὶ
3045 5163 3198 5236 τόπῳ
3235 5164 3493 5220 κινεῖσθαι
3514 5203 3527 5225 .
3561 5160 3619 5213 τὰ
3642 5157 3676 5209 δ’
3696 5156 3733 5205 ἐν

2232 5254 2440 5309 πλείοσι
2476 5255 2769 5328 φερόμενα.
2793 5286 2864 5295 -
2890 5256 3045 5310 Ἔστι
3064 5256 3255 5312 ταῦτα.
3273 5257 3569 5313 -Ταύταιν
3589 5253 3639 5324 δή
3652 5249 3733 5302 ταῖν

2232 5350 2505 5421 κινήσεσιν
2537 5350 2637 5420 τὴν
2664 5350 2723 5403 ὲν
2756 5351 2839 5405 ἐνὶ
2871 5352 3178 5424 φερομένην
3209 5351 3324 5424 (52)
3349 5351 3456 5413 ἀεὶ,
3483 5346 3594 5420 περί
3619 5343 3666 5412 τί
3696 5355 3732 5389 τι

2233 5521 2361 5578 ms.,
2407 5520 2530 5559 cum
2575 5515 2632 5560 et
2662 5506 2718 5560 in
2750 5506 2922 5578 priori
2954 5506 3197 5578 editione
3237 5516 3292 5578 et
3336 5506 3474 5578 apud
3516 5502 3732 5557 Platonem

2233 5577 2520 5650 legeretur,
2541 5579 2656 5650 τοῖν
2683 5577 2741 5629 ὲν
2766 5577 2847 5650 ἐνί
2880 5577 3225 5650 φερομένοιν.
3253 5576 3396 5650 Sane
3420 5590 3530 5647 quae
3549 5579 3734 5650 segni":

2232 5640 2341 5708 tur,
2375 5640 2588 5720 αὐτὴν,
2607 5640 2974 5719 οίκειοτάτήν,
3019 5640 3247 5720 όμοίαν,
3289 5649 3413 5705 huic
3437 5640 3734 5703 emendationi

2230 5717 2445 5790 egregie
2476 5715 2865 5789 suffragantur.
