3872 6368
122 420 222 473 ltu’l

1242 408 1559 470 PR.~EPAR.
1597 411 1846 467 EVANG.
1891 411 2016 466 LIB.
2056 411 2168 467 XII.

3204 422 3335 475 10ιέ

116 560 248 611 μεσον
286 542 489 611 ἀνάγκη
538 541 832 605 κινεῖσθαι,
871 540 981 593 τῶν
1024 541 1289 609 ἐντόρνων
1339 535 1503 592 οὖσαν
1534 538 1619 606 (55

1751 535 2011 598 tinentur,
2046 535 2346 592 intellectus
2378 538 2567 601 motui,
2600 541 2936 595 conversioni
2967 553 3018 595 et
3051 545 3336 613 cogitatio-

113 631 302 705 μίμημά
323 650 370 685 τι
400 632 634 695 κύκλων,
663 630 796 686 εἷναί
819 650 877 685 τε
908 633 1078 704 αὐτὴν
1112 636 1177 704 τῇ
1212 631 1306 684 τοῦ
1337 631 1428 684 νοῦ
1459 629 1646 700 περιό-

109 729 166 794 δῳ
188 725 402 789 πάντως,
416 724 490 788 ὡς
520 725 765 792 δυνατὸν,
789 725 1126 796 οἰκειοτάτην
1147 742 1204 776 τε
1232 727 1325 778 καὶ
1352 724 1648 795 ὁμοίαν.-

113 816 210 879 lli);
231 816 500 886 λέγειςς-
522 817 599 869 Τὸ
629 817 767 869 κατὰ
795 816 969 869 ταύτά
1015 816 1209 887 δήπου,
1239 817 1334 869 καὶ
1363 815 1648 880 ὡσαύτως,

113 911 184 960 καὶ
207 910 258 960 ἐν
275 909 344 978 τῷ
365 909 532 979 αὐτῷ,
562 909 656 962 καὶ
684 909 812 980 περὶ
840 909 909 962 τὰ
934 909 1090 972 αὐτὰ,
1113 909 1210 963 καὶ
1232 909 1366 979 πρὸς
1385 907 1456 962 τὰ
1483 909 1642 973 αὐτὰ,

112 999 183 1051 καὶ
226 999 310 1053 ἕνα
353 999 529 1067 λόγον,
583 1002 677 1054 καὶ
707 1000 858 1066 τάξιν
888 1000 1034 1071 μίαν,
1066 999 1233 1070 ἄμφω
1262 999 1526 1053 κινεῖσθαι
1555 999 1641 1051 λέ-

109 1107 275 1156 γοντες,
301 1091 440 1153 νοῦν,
463 1093 566 1161 τήν
591 1109 648 1145 τε
676 1092 733 1145 ἐν
767 1092 846 1144 ἐνὶ
881 1091 1186 1162 φερομένην
1219 1091 1453 1162 κίνησιν,
1485 1091 1642 1159 σφαί-

109 1197 187 1251 ρας
214 1181 439 1252 ἐντόρνου
489 1183 873 1253 ἀπεικασμένα
899 1183 1009 1254 (Si)
1042 1185 1252 1254 φοραῖς,
1274 1184 1374 1234 οὐκ
1404 1182 1468 1236 ἄν
1514 1198 1639 1234 ποτε

109 1276 322 1341 φανεῖμεν
349 1273 543 1340 φαῦλοι
566 1274 886 1346 δημιουργοὶ
914 1275 1056 1345 λόγῳ
1083 1275 1262 1327 καλῶν
1296 1274 1540 1328 εἰκόνων.
1572 1303 1642 1312 --

117 1362 366 1434 Ὀρθὸτατα
378 1363 651 1431 λέγεις.-
670 1365 879 1418 Οὐκοῦν
905 1364 1041 1434 αῦτη
1065 1382 1150 1434 γε,
1180 1367 1211 1435 ἡ
1234 1364 1500 1435 μηδέποτε
1531 1364 1630 1417 ὠσ-

108 1454 263 1520 σὺτως,
285 1455 411 1525 μηδὲ
433 1457 578 1509 κατὰ
611 1457 681 1510 τά
700 1457 858 1521 αὐτὰ,
890 1457 1010 1528 μηδ’
1041 1459 1098 1510 ὲν
1123 1457 1326 1528 ταύτῷ,
1348 1457 1480 1528 μηδὲ
1511 1459 1639 1528 περὶ

105 1547 266 1612 ταύτὰ,
313 1548 443 1618 μηδὲ
484 1549 624 1620 πρὸς
667 1549 735 1604 τὰ
768 1550 933 1615 αὐτὰ,
971 1551 1094 1621 μηδ’
1121 1551 1178 1604 ὲν
1226 1551 1305 1603 ἐνὶ
1340 1551 1634 1621 φερομένη.

108 1640 200 1708 μηδ’
227 1642 275 1693 ἐν
300 1641 504 1712 κόσμῳ,
548 1642 671 1714 μηδ’
713 1644 770 1696 ἐν
805 1644 980 1710 τάξει,
1021 1643 1142 1714 μηδ’
1177 1643 1234 1696 έν
1265 1644 1633 1713 τινιλόγῳκί-

104 1749 236 1802 νησις,
271 1735 445 1799 ἀνοίας
478 1737 546 1790 ἂν
569 1732 635 1789 αὖ
669 1737 848 1807 πάσης
880 1737 964 1808 εἴη
997 1738 1281 1808 ξυγγενὴς·
1306 1767 1374 1775 -
1404 1737 1500 1808 Εἴη
1525 1738 1634 1808 γὰρ

102 1823 150 1876 ἂν
169 1825 574 1896 ἁληθέστατα.--
592 1828 770 1882 Τανῦν
791 1827 854 1900 δὴ
879 1829 1110 1900 χαλεπὸν
1130 1829 1278 1882 οὐδὲν
1308 1829 1387 1882 ἔτι
1403 1831 1627 1902 διαρῤή-

101 1915 172 1983 δην
194 1918 360 1981 εἰπεῖν,
393 1918 498 1985 ὡς,
539 1920 728 1992 ἐπειδὴ
761 1919 904 1992 ψυχὴ
937 1921 1035 1992 μέν
1064 1923 1208 1974 ἐστιν
1235 1924 1268 1994 ἡ
1291 1924 1629 1993 περιάγουσα

101 2003 199 2078 ἡμῖν
218 2010 393 2076 πάντα,
430 2012 532 2082 τὴν
567 2013 628 2065 δὲ
667 2013 896 2084 οὐρανοῦ
949 2013 1250 2086 περιφοράν
1284 2015 1342 2080 ἐξ
1385 2015 1628 2087 ἀνάγκης

102 2102 328 2170 περιάγειν
353 2103 551 2171 φατέον
576 2105 1016 2177 ἐπιμελουμένην
1040 2109 1131 2160 καὶ
1154 2109 1486 2178 κοσμοῦσαν,
1511 2111 1627 2181 ἦτοι

100 2193 169 2260 τὴν
191 2193 393 2266 ἀρίστην
417 2195 626 2267 ψυχὴν,
651 2196 683 2268 ἢ
717 2197 815 2269 τὴν
849 2200 1117 2254 ἐναντίαν.
1151 2231 1220 2241 -
1243 2197 1313 2253 Ὦ
1347 2201 1484 2268 ξένε,
1513 2203 1626 2256 ἀλλ’

99 2280 143 2331 Ex
163 2297 211 2346 γε
243 2283 339 2335 τῶν
366 2284 462 2337 νῦν
492 2287 825 2358 εἰρημένων,
864 2288 973 2342 οὐδ’
1018 2290 1162 2343 ὅσιον
1199 2290 1372 2354 ἄλλως
1401 2291 1567 2362 ἔχειν,
1592 2293 1622 2364 ἢ

101 2373 234 2424 7.53M
261 2375 452 2448 ἀρετὴν
485 2377 721 2448 ἔχουσαν
747 2380 925 2452 ψυχὴν
957 2383 1113 2452 μίαν,
1152 2385 1184 2456 ἢ
1223 2385 1440 2450 πλείους
1473 2406 1626 2458 περι-

99 2463 212 2530 άγειν
241 2469 386 2520 αὐτά.
409 2469 794 2536 -Κάλλιστα,
830 2471 875 2526 ὦ
907 2475 1152 2539 Κλεινία,
1184 2479 1497 2550 ὑπήκουσας
1514 2484 1624 2546 τοῖς

96 2556 248 2623 λόγοις.
284 2560 407 2614 Τόδε
442 2562 500 2614 δὲ
526 2565 975 2634 προσεπάκουσον
1012 2568 1109 2621 ἔτι.
1134 2603 1201 2610 ——
1236 2573 1307 2624 Τὸ
1341 2576 1518 2638 ποῖον;
1553 2607 1619 2615 --

99 2645 256 2711 Ἥλιον,
279 2651 366 2702 καὶ
394 2651 653 2723 σελήνην,
684 2655 777 2706 καὶ
799 2654 867 2708 τὰ
897 2655 1031 2709 ἄλλα
1058 2658 1251 2729 ἄστρα,
1290 2659 1446 2732 εἴπερ
1476 2661 1620 2733 ψυχὴ

96 2741 295 2808 περιάγει
323 2743 520 2804 πάντα,
556 2740 647 2814 ἆρ’
678 2745 737 2797 οὐ
772 2745 864 2799 καὶ
898 2745 954 2798 ἓν
988 2747 1213 2801 ἕκαστον
1241 2767 1253 2814 ;
1284 2778 1350 2788 -—
1385 2753 1449 2804 Ti
1479 2757 1618 2823 μήν;

94 2861 144 2872 -
161 2831 271 2902 Περὶ
295 2835 409 2898 ένὸς
429 2835 494 2906 δὴ
523 2836 881 2908 ποιησώμεθα
904 2839 1112 2908 λόγους,
1143 2842 1192 2894 οἳ
1216 2843 1309 2894 καὶ
1331 2845 1422 2897 ἐπὶ
1447 2845 1622 2900 πάντα

96 2923 396 2991 ἁρμόττοντες
444 2929 582 2997 ἡμῖν
634 2927 701 2980 τὰ
737 2928 914 3000 ἄστρα
951 2931 1262 2998 φανοῦνται.
1314 2963 1382 2972 —
1433 2936 1475 2987 Τ
1482 2936 1618 3001 ίνος;

94 3012 312 3066 -Ἠλίου
340 3017 445 3080 πᾶς
471 3016 766 3088 ἄνθρωπος
796 3018 953 3089 σῶμα
975 3021 1073 3090 μὲν
1095 3023 1214 3093 ὁρᾷ,
1243 3023 1418 3095 ψυχὴν
1447 3027 1502 3078 δὲ
1531 3028 1621 3080 οὐ·

93 3100 185 3164 δείς·
208 3105 312 3158 οὐδὲ
339 3107 446 3179 γὰρ
475 3107 643 3162 ἄλλου
687 3108 936 3180 σώματος
967 3111 1197 3177 οὐδενὸς,
1239 3115 1360 3169 οὔτε
1396 3117 1615 3182 ζῶντος,

1754 628 1915 682 nibus
1944 637 2136 682 natura
2166 631 2360 685 similis
2390 641 2491 695 est,
2526 639 2580 686 et
2603 631 2814 686 aﬂinem
2845 633 2892 687 ei
2923 649 3142 688 cursum
3176 637 3333 690 iusti-

1752 722 1882 786 tuit;
1919 723 2168 792 sequitur
2215 725 2461 790 omnino,
2509 737 2567 779 ut
2610 726 2872 795 optimum
2899 727 3052 782 illum
3086 729 3329 783 animum

1751 816 1918 870 totius
1951 816 2191 870 universi
2233 832 2421 872 curam
2452 833 2636 887 gerere
2659 859 2673 883 ,
2704 828 2869 888 atque
2895 819 3027 875 illud
3058 837 3153 890 per
3187 825 3322 876 hanc

1750 910 1920 978 ipsam
1956 909 2097 962 viam
2135 924 2292 979 agere
2330 909 2616 965 fateamur.
2642 940 2709 955 ε-
2738 909 2899 966 [lecte
2926 913 2976 966 id
3004 914 3329 982 quidem.—

1751 999 1843 1053 Sin
1898 1010 2077 1054 autem
2129 1001 2334 1056 furiose
2385 1019 2450 1055 ac
2498 1003 2810 1071 perturbate
2840 1005 3095 1070 volvitur,
3127 1017 3184 1060 ut
3229 1009 3329 1062 hoc

1747 1092 1889 1146 idem
1921 1091 2062 1146 malo
2099 1094 2283 1146 animo
2330 1095 2796 1150 tribuamus—Et
2823 1099 2965 1152 istud
2995 1115 3213 1169 quoque
3247 1118 3327 1154 re-

1743 1194 1849 1237 cte.
1875 1182 2120 1240 —Nunc
2157 1201 2284 1239 vero
2324 1187 2481 1256 cujus
2531 1189 2747 1243 tandem
2780 1200 2988 1246 natura:
3023 1193 3325 1247 intellectus

1746 1285 1949 1331 motum
1998 1293 2118 1332 esse
2164 1279 2529 1333 arbitramur?
2584 1280 2720 1337 l-luic
2767 1298 2898 1337 sane
2943 1285 3263 1353 quaestioni,
3292 1301 3324 1338 o

1745 1372 1926 1434 amici,
1961 1371 2234 1441 sapienter
2281 1373 2609 1442 respondere
2643 1372 2858 1428 dillieile
2884 1385 2984 1429 est.
3029 1374 3206 1441 Quare
3235 1392 3322 1428 ve-

1743 1482 1862 1518 rum
1898 1464 2059 1519 fuerit
2090 1465 2140 1518 in
2172 1466 2634 1534 praasentiaJianc
2667 1481 2753 1520 me
2774 1467 2927 1522 vobis
2961 1467 3319 1536 respondendi

1739 1571 1926 1610 curam
1966 1557 2261 1626 suscipere.
2306 1588 2375 1597 —
2413 1555 2588 1612 Probe
2619 1557 2877 1627 loqueris.
2909 1591 2978 1598 —
3016 1558 3320 1616 Caveamus

1741 1648 1923 1715 igitur,
1959 1663 2026 1702 ne
2059 1648 2290 1704 adverso
2339 1650 2496 1719 quasi
2531 1651 2676 1705 vultu
2727 1652 2781 1704 in
2826 1652 2994 1707 solem
3026 1652 3316 1717 intuentes,

1738 1740 1962 1808 ipsaque
1989 1739 2214 1795 meridie
2235 1750 2446 1794 noctem
2476 1741 2814 1807 iuducentes,
2847 1744 3068 1812 perinde
3095 1761 3318 1815 respou-

1735 1833 2056 1895 deamus,ut
2090 1833 2133 1886 si
2159 1833 2480 1888 mortalibus
2511 1835 2686 1889 oculis
2718 1837 3018 1891 intellectus
3055 1839 3168 1907 ipse
3199 1856 3316 1908 per-

1734 1924 1902 1978 videri
1941 1925 2234 1994 aliquando
2272 1937 2475 1992 posset,
2512 1929 2838 1999 penitusque
2888 1933 3159 2000 cognosci.
3219 1933 3314 1986 Se-

1731 2017 1918 2072 curius
1941 2017 2122 2087 itaque
2153 2017 2333 2089 fuerit,
2370 2019 2519 2073 illum
2553 2022 2727 2090 ipsum
2761 2023 2935 2076 delixo
2960 2024 3010 2077 iu
3035 2024 3152 2091 ejus
3181 2024 3314 2079 ima-

1729 2115 1907 2182 ginem
1942 2111 2133 2166 obtutu
2166 2113 2541 2182 contemplari.
2570 2145 2639 2155 -—
2661 2113 2948 2180 Quomodo
2980 2117 3081 2173 hoc
3113 2119 3308 2173 intelli-

1729 2204 1846 2274 gis?
1865 2235 1934 2244 —
1956 2204 2122 2273 Cujus
2154 2220 2219 2258 ex
2244 2205 2430 2260 decem
2464 2206 2571 2261 illis
2606 2207 2846 2263 motibus
2873 2209 3102 2263 similior
3157 2211 3311 2265 intel-

1729 2304 1902 2358 lectus
1935 2296 2116 2360 fuerit,
2151 2298 2272 2366 ejus
2322 2309 2381 2352 ut
2428 2299 2716 2370 imaginem
2751 2301 3084 2372 deligamus;
3146 2321 3307 2374 quam

1730 2390 1816 2443 ubi
1851 2389 2003 2444 vobis
2033 2391 2085 2443 in
2109 2390 2426 2444 memoriam
2456 2403 2864 2456 revocaro,tum
2896 2397 3306 2464 responsionem

1728 2481 1969 2534 omnium
2027 2497 2191 2536 causa
2238 2482 2640 2551 subjiciam.—
2687 2484 2899 2554 Optime
2952 2488 3210 2557 loqueris.
3241 2521 3308 2528 —

1726 2572 2156 2643 Principio,illud
2171 2575 2359 2628 saltem
2377 2576 3087 2634 meminimusconstitutum
3104 2597 3131 2634 a
3150 2583 3306 2636 nobis

1728 2664 1914 2731 fuisse,
1934 2682 2000 2720 ex
2028 2667 2176 2720 omni
2197 2683 2378 2722 rerum
2398 2669 2745 2725 multitudine
2777 2675 2979 2728 moveri
2998 2675 3306 2739 alias,alias

1725 2759 2098 2828 quiescere.—
2114 2759 2552 2815 Meminimus.—
2577 2763 2740 2833 627
2765 2764 2963 2820 Deinde
2993 2782 3058 2821 ex
3091 2768 3157 2822 iis
3186 2785 3304 2837 qua:

1727 2861 2030 2915 moventur,
2080 2853 2184 2906 alia
2233 2868 2342 2906 uno
2395 2855 2621 2921 inloco,
2662 2856 2713 2908 in
2746 2857 2990 2926 pluribus
3041 2860 3143 2912 alia
3187 2877 3302 2913 mo-

1726 2946 1857 3000 veri.
1886 2976 1953 2984 —
1981 2945 2072 3001 Sic
2099 2955 2199 3002 est.
2227 2976 2293 2985 —-
2315 2945 2409 3001 llis
2443 2947 2603 3017 igitur
2629 2964 2693 3002 ex
2727 2951 2962 3006 motibus
2984 2994 2997 3016 ,
3047 2969 3168 3007 eum
3209 2955 3300 3022 qui

1725 3053 1834 3090 uno
1874 3052 2088 3106 semper
2139 3037 2192 3090 in
2229 3038 2348 3090 loco
2399 3050 2672 3106 versetur,
2717 3042 2861 3095 circa
2913 3043 3148 3096 medimn
3203 3046 3302 3097 ali-

1725 3127 1890 3197 quod,
1945 3127 2018 3181 uti
2067 3127 2301 3182 circulos
2357 3137 2514 3187 torno
2543 3129 2738 3197 factos,
2790 3132 3036 3188 videmus
3082 3135 3298 3203 agitari,

91 3193 178 3247 οὔτε
205 3199 553 3266 ἀποθανόντος
586 3243 599 3265 ,
643 3204 751 3257 τῶν
793 3204 946 3270 ζώων
982 3207 1214 3271 οὐδενός.
1271 3210 1428 3264 Ἀλλὰ
1467 3215 1619 3287 ἐλπὶς

1728 3229 1888 3288 atque
1920 3218 1984 3274 ad
2020 3219 2324 3274 intellectus
2351 3223 2762 3278 conversionem
2797 3224 3099 3281 imitatione
3133 3243 3196 3283 ac
3222 3231 3298 3282 si-

94 3285 217 3358 πολλὴ
242 3291 364 3360 (55),
395 3295 456 3345 τὺ
480 3294 746 3364 παράπαν
774 3295 834 3347 τὸ
856 3295 1155 3367 γένοςὴμῖν
1184 3299 1340 3354 τοῦτο
1363 3304 1620 3379 ἀναίσθη-

90 3395 154 3430 τιν
181 3383 356 3447 πάσαις
383 3389 504 3448 ταῖς
535 3385 632 3440 τοῦ
669 3387 919 3457 σώματος
947 3389 1226 3460 αἰσθήσεσι
1263 3403 1621 3466 περιπεφυκέ-

90 3487 167 3530 ναι,
191 3477 354 3546 νοητὸν
395 3478 451 3530 δὲ
493 3480 677 3548 μόνον.
715 3478 811 3549 Νῷ
849 3479 912 3552 δὴ
955 3481 1049 3533 καὶ
1083 3484 1311 3554 νοήματι
1367 3487 1617 3562 λάϐωμεν

89 3564 213 3618 αὐτοῦ
244 3571 358 3638 περὶ
388 3571 447 3624 τὸ
479 3570 706 3624 τοιόνδε.
740 3601 808 3610 --
830 3573 1020 3638 Ποῖον;
1051 3604 1122 3612 —
1144 3576 1329 3630 ’Ἥλιον
1363 3583 1409 3633 εξ
1465 3599 1618 3655 περί·

89 3648 341 3728 ἁγειψυχὴ,
369 3659 543 3729 τριῶν
570 3660 736 3731 αὐτὴν
760 3660 816 3714 ἓν
845 3661 1094 3730 λέγοντες
1122 3665 1273 3737 δρᾷν,
1314 3671 1497 3740 σχεδὸν
1517 3675 1614 3728 οὐκ

89 3742 459 3818 ἀποτευξόμεθα.
489 3782 566 3792 ——
591 3752 634 3804 Τ
641 3753 793 3818 ίνων;
828 3785 899 3794 -——
935 3755 1020 3818 Ὠς
1049 3755 1080 3826 ἢ
1123 3757 1320 3813 ἐνοῦσα
1360 3765 1508 3830 ἐντὸς
1539 3767 1614 3836 τῷ

89 3842 318 3909 περιφερεῖ
337 3842 511 3913 τούτῳ
541 3845 851 3915 φαινομένῳ
888 3845 1118 3918 σώματι,
1153 3850 1330 3921 πάντη
1373 3855 1615 3928 διακομί-

89 3921 148 3987 ζει
179 3929 226 3981 τὺ
258 3933 520 3998 τοιοῦτον,
573 3935 823 4007 καθάπερ
873 3940 1018 4008 ἡμᾶς
1055 3943 1086 4008 ἢ
1141 3945 1270 4012 παρ’
1302 3946 1434 4014 ἡμῖν

87 4018 219 4092 πάντη
244 4026 538 4096 περιφέρει·
566 4027 597 4096 ἡ
628 4027 788 4081 ποθεν
813 4028 1008 4093 ἔξωθεν
1039 4031 1196 4102 σῶμα
1223 4036 1358 4106 αὑτῇ
1390 4018 1612 4108 πορισαέ

89 4110 188 4183 μένη
208 4115 358 4186 πυρὸς
385 4119 418 4188 ἦ
451 4135 600 4181 τινος
625 4119 785 4189 ἀέρος
804 4160 818 4184 ,
850 4121 925 4184 ὡς
950 4122 1103 4190 λόγος
1134 4127 1248 4179 ὲστί
1277 4146 1458 4194 τινων,
1484 4132 1614 4187 ὠθεῖ

88 4201 152 4269 βίᾳ
180 4204 367 4275 σώματι
423 4210 622 4279 σῶμα’
661 4210 692 4282 ἢ
736 4213 938 4282 τρίτον,
991 4215 1127 4286 αὑτὴ
1177 4217 1305 4289 ψιλὴ
1363 4221 1609 4292 σώματος

86 4285 201 4356 οἷσα,
227 4297 412 4368 ἔχουσα
428 4301 485 4354 δὲ
501 4303 758 4374 δυνάμεις
779 4303 942 4370 ἄλλας
969 4285 1124 4370 τινὰς
1147 4285 1482 4381 ὑπερῦαλλού
1492 4285 1606 4381 σας,

87 4384 270 4456 θαύματι
315 4394 558 4465 ποδηγεῖ.
599 4428 666 4436 --
698 4397 823 4451 Ναί.
865 4431 932 4439 -
966 4400 1135 4454 Τοῦτο
1200 4405 1298 4474 μὲν
1354 4408 1562 4482 ἀνάγκη
1592 4453 1604 4474 ,

86 4476 242 4571 τούτων
265 4482 320 4536 ἓν
343 4485 405 4553 γέ
432 4504 486 4539 τι
513 4486 724 4557 δρῶσαν
749 4489 927 4560 ψυχὴν
966 4491 1142 4545 πάντα
1175 4495 1382 4564 διάγειν
1422 4476 1562 4571 (36).⁷
1585 4524 1601 4555 ι

1731 3311 2054 3375 militudine,
2087 3327 2248 3381 quam
2284 3314 2528 3381 proxime
2562 3315 2677 3368 fieri
2712 3319 3181 3384 potest,accedere
3208 3337 3301 3375 ne-

1727 3419 1878 3458 cesse
1930 3410 2033 3457 est.
2061 3432 2131 3442 —
2155 3401 2370 3458 Clarius
2419 3405 2596 3470 istud,
2647 3421 2846 3476 qureso.
2876 3439 2944 3447 —
2981 3407 3216 3480 Nempe,
3253 3415 3296 3465 si

1727 3505 2056 3564 utrumque,
2094 3496 2422 3550 intellectum
2445 3536 2458 3559 ,
2498 3497 2713 3566 inquam
2737 3540 2751 3564 ,
2796 3509 2848 3554 et
2880 3510 3086 3555 motum
3120 3503 3294 3565 illum,

1724 3585 1816 3653 qui
1849 3600 1956 3638 uno
1985 3601 2200 3655 semper
2231 3588 2284 3641 in
2316 3588 2434 3641 loco
2461 3598 2728 3652 versatur,
2778 3605 2886 3660 quo
2924 3593 3088 3646 modo
3117 3595 3292 3663 spira:-

1724 3693 1840 3730 ram
1868 3677 2103 3747 aliquam
2131 3679 2268 3733 volvi
2297 3680 2510 3734 solitam
2541 3681 2928 3747 videmus,una
2964 3700 3179 3755 semper
3208 3703 3298 3740 ea-

1722 3769 1955 3838 demque
1986 3771 2216 3839 ratione,
2258 3772 2310 3826 in
2347 3774 2558 3838 eodem,
2605 3775 2748 3829 circa
2779 3777 2990 3841 eadem,
3037 3787 3200 3847 atque
3230 3779 3296 3832 ad

1721 3859 1930 3926 eadem,
1967 3876 2184 3930 unoque
2213 3862 2403 3915 ordine
2437 3865 2678 3918 converti
2708 3865 3037 3935 dixerimus;
3070 3871 3291 3932 nemini,

1721 3949 1934 4018 opinor,
1969 3951 2258 4020 praeclaras
2305 3953 2566 4023 imagines
2591 3956 2967 4012 ratiocinando
3011 3977 3289 4030 perperam

1722 4040 1920 4110 lingere
1976 4043 2168 4096 merito
2201 4043 2499 4098 videamur.
2533 4075 2601 4086 -
2628 4045 2842 4116 Optime
2871 4050 2920 4102 id
2949 4053 3189 4119 quidem.
3224 4085 3292 4095 -—

1722 4131 1858 4203 Ergo
1892 4133 2026 4187 alter
2059 4135 2144 4188 ille
2168 4144 2370 4200 motus,
2418 4139 2508 4206 qui
2547 4156 2825 4209 nunquam
2874 4143 3155 4212 similiter,
3194 4164 3291 4202 nec

1719 4225 2014 4278 secundum
2047 4226 2257 4289 eadem,
2292 4243 2388 4282 nec
2437 4229 2488 4282 in
2533 4230 2743 4294 eodem,
2787 4248 2886 4287 nec
2914 4233 3054 4288 circa
3081 4237 3288 4299 eadem,

1717 4332 1816 4372 nec
1840 4319 1902 4371 ad
1935 4318 2144 4385 eadem,
2175 4336 2273 4374 nec
2306 4335 2416 4374 uno
2446 4321 2498 4374 in
2525 4323 2664 4385 loco,
2695 4341 2793 4379 nec
2818 4334 2943 4395 apto
2976 4329 3210 4396 quodam
3238 4342 3290 4384 et

1717 4411 1946 4481 eleganti
1982 4413 2190 4479 ordine,
2240 4429 2336 4468 nec
2373 4425 2518 4469 certa
2553 4419 2762 4471 ratione
2793 4429 3285 4482 versatur,suimna

1717 4519 1840 4556 cum
1895 4506 2130 4559 amentia
2176 4506 2500 4574 conjunctus
2537 4508 2721 4564 haberi
2769 4510 2944 4565 debet.
2972 4543 3038 4552 —-
3072 4512 3136 4567 Et
3186 4515 3287 4569 hoc

85 4566 224 4623 Ταῦτα
249 4575 342 4641 μὲν
368 4573 460 4630 οὖν
490 4580 551 4630 ὲν
578 4578 656 4649 τῷ
677 4580 887 4651 δεκάτῳ
911 4582 1018 4635 τῶν
1044 4588 1256 4655 MT;ro
1285 4589 1496 4662 εἴρηται
1529 4595 1607 4666 τῷ

1726 4612 1930 4665 quoque
1962 4598 2325 4653 verissimum.
2359 4632 2427 4641 —
2452 4600 2569 4655 Jam
2595 4618 2722 4672 ergo
2754 4605 2928 4673 palam
2963 4608 3201 4676 proliteri
3227 4610 3288 4661 li-

85 4659 324 4735 φιλοσόφῳ.
341 4670 448 4722 Καὶ
487 4672 546 4724 ἐν
568 4670 648 4741 τῷ
677 4673 910 4742 Φιλήϐῳ
928 4675 984 4728 δὲ
1001 4677 1204 4732 ὲπάκου
1214 4697 1323 4745 σον,
1341 4683 1488 4748 ὅπως
1511 4704 1608 4740 κα-

83 4757 350 4822 τασκευάζει
381 4761 641 4814 διάνοιαν.
663 4782 681 4813 ι
707 4764 911 4829 Πάντες
947 4767 1054 4838 γὰρ
1076 4769 1187 4841 (57)
1227 4775 1606 4843 συμφωνοῦσιν

84 4844 120 4894 οἱ
145 4851 288 4917 σοφοὶ,
313 4853 478 4921 ὅντως
503 4856 634 4928 (58)
676 4859 897 4924 ἑαυτοὺς
939 4863 1293 4932 σεμνύνοντες
1315 4907 1326 4928 ,
1357 4868 1432 4931 ὡς
1481 4871 1606 4934 νοῦς

85 4934 170 4988 ἐστι
195 4941 428 5010 βασιλεὺς
455 4950 588 5019 ἡμῖν
627 4950 855 5021 οὐρανοῦ
879 4969 936 5005 τε
973 4955 1066 5007 καὶ
1093 4956 1214 5027 γῆς·
1255 4959 1346 5011 καὶ
1388 4960 1514 5025 ἴσως
1545 4959 1602 5016 εὖ

83 5022 271 5094 λέγουσι.
291 5037 384 5089 Διὰ
401 5041 754 5113 μακροτέρων
776 5043 842 5106 δ’,
861 5046 908 5096 εί
935 5044 1132 5114 βούλει,
1157 5049 1256 5118 τὴν
1280 5049 1472 5119 σκέψιν
1503 5055 1602 5106 αὑ-

83 5120 152 5172 τοῦ
189 5127 268 5180 τοῦ
307 5132 492 5197 γένους
535 5133 908 5206 ποιησώμεθα.
939 5170 999 5178 -
1029 5139 1164 5207 Λέγε
1208 5141 1355 5205 ὅπως
1395 5143 1601 5213 βούλει,

137 5279 238 5369 (Ξξί)¹
264 5288 480 5369 θῦσαιξ.
522 5293 865 5369 Sieomnino
895 5296 1178 5367 legendum
1202 5343 1215 5365 ,
1258 5319 1364 5356 non
1404 5303 1599 5369 οὐσῶν,

95 5349 275 5429 It‘l_’l_a:to
300 5369 344 5412 et
375 5365 522 5429 prior
546 5365 734 5420 editio.

135 5421 228 5505 (54)
270 5421 702 5503 Ἅπὲικασμένα.
745 5435 817 5490 Ita
867 5447 1012 5491 recte
1062 5438 1244 5505 Plato,
1293 5459 1397 5497 non
1447 5447 1601 5500 ἀπει-

89 5493 498 5590 ωξτπμένηχηῳξοά
525 5493 957 5590 pcrperaur‘ante
988 5493 1281 5590 legebant}:

136 5564 227 5642 (55)
271 5564 463 5639 Ἐλπὶς
507 5564 730 5642 ἐτολίῖή.
792 5577 908 5632 Non
949 5564 1109 5634 ver‘iit
1162 5581 1400 5640 Ficinus.
1456 5586 1597 5642 Idem

207 5638 619 5718 aen-xtvauveéu,
652 5638 856 5712 ἔοικεν,
892 5649 1139 5718 φαίνεται
1164 5691 1178 5714 ,
1230 5663 1283 5706 et
1311 5667 1498 5709 c:rtcra
1549 5660 1598 5712 id

86 5713 217 5818 ianus
251 5706 450 5768 Platoni
484 5706 800 5785 familiaria,
830 5706 954 5774 eum
983 5706 1276 5778 verisimile
1309 5728 1441 5794 quid
1477 5746 1598 5784 esse

139 5843 230 5916 (56)
266 5851 495 5923 Διιὶγειν.
540 5857 733 5915 Mirum
777 5870 858 5917 cst
905 5864 1232 5932 praeteritam
1270 5866 1336 5922 ab
1364 5866 1595 5924 Eusebio

769 5987 793 6024 \

1709 4699 1859 4752 ceat,
1930 4690 2369 4762 quandoquidem
2433 4695 2648 4750 animus
2703 4695 2748 4750 is
2803 4707 2920 4760 est,
2960 4701 3051 4767 qui
3110 4711 3288 4754 versat

1709 4787 1914 4850 omnia,
1951 4787 2120 4856 ipsam
2151 4804 2370 4859 quoque
2398 4790 2518 4844 caeli
2550 4793 2955 4847 conversionem
2992 4795 3156 4848 animi
3182 4797 3274 4849 ali-

1708 4879 1888 4948 cujus,
1921 4895 2016 4934 seu
2063 4881 2212 4936 boni.
2252 4900 2346 4936 seu
2393 4884 2650 4937 contrarii
2687 4885 2916 4939 arbitrio
2941 4903 3005 4940 ac
3031 4887 3283 4941 modera-

1710 4972 1857 5033 tione
1887 4971 2596 5039 gubernari.—-Enimvoro,
2631 4975 2701 5027 mi
2735 4976 2952 5045 hospes,
2973 4993 3038 5030 ex
3072 4979 3139 5032 iis
3167 4995 3287 5047 quae

1702 5061 1928 5132 jamjam
1958 5064 2099 5119 dicta
2139 5073 2286 5129 sunt,
2320 5067 2465 5119 aliud
2520 5067 2813 5138 quidquam
2865 5079 3103 5125 statuere
3133 5071 3285 5124 nefas

1706 5154 1810 5220 sit,
1849 5171 2010 5224 quam
2037 5156 2149 5212 sive
2180 5173 2348 5211 unum
2381 5157 2616 5228 aliquem
2660 5161 2925 5229 animum,
2962 5163 3074 5217 sive
3101 5165 3284 5231 plures

1706 5319 2020 5387 sequentem
2048 5313 2352 5382 periodum,
2379 5332 2499 5385 qum
2527 5320 2802 5387 conceptis
2828 5319 3004 5375 verbis
3036 5321 3278 5374 aninnnu

1707 5380 1878 5454 illum,
1909 5380 2074 5454 alium
2117 5400 2220 5454 non
2253 5402 2374 5440 esse
2397 5380 2564 5454 quam
2606 5380 2795 5447 Deum,
2841 5392 2912 5443 ita
2955 5392 3230 5444 concludit
3264 5413 3274 5444 :

1703 5451 1877 5531 ῥυτοῦ
1906 5452 2100 5531 (ἡλίου)
2132 5453 2193 5524 δὴ
2223 5451 2443 5525 ἄμεινον
2481 5458 2685 5524 ταύτην
2715 5459 2810 5531 τὴν
2833 5460 3038 5530 ψυχὴν,
3082 5461 3189 5513 εἴτε
3223 5465 3279 5513 ἐν

1704 5520 2334 5599 ἅρμασιν-ἔχουσαὴμῐν
2364 5527 2512 5599 ἥλιον
2532 5569 2545 5589 ,
2588 5520 2708 5596 ἄγει
2753 5520 2867 5599 φῶς
2897 5520 3007 5592 τοῖς
3029 5520 3034 5523 ’
3053 5532 3276 5596 ἅπασιν,

1704 5593 1800 5673 εἴτ’
1819 5592 2037 5673 ἔξωθεν,
2063 5592 2346 5673 εἴθ’ῥπως,
2381 5592 2646 5673 εἴθ’μὸπη,
2665 5592 2796 5673 Θεὸν
2823 5600 3073 5670 ἡγεῖσθαι
3098 5592 3276 5673 χρεων

1705 5663 1879 5742 πάντα
1922 5665 2090 5735 ἄνδρα
2115 5707 2127 5728 ,
2163 5667 2196 5736 ἢ
2230 5667 2546 5742 πώςς-κσλ,
2595 5663 2682 5722 τόν
2726 5672 2785 5738 γέ
2825 5663 2926 5723 που
2972 5673 3044 5742 μὴ
3096 5663 3189 5727 ἕιξι.
3221 5676 3277 5726 τὸ

1701 5733 1926 5801 ἔσχατον
1957 5733 2253 5805 ἀφιγμένον
2282 5738 2482 5800 ἀνοίας.

1916 5805 2141 5881 βάντες
2170 5807 2498 5881 71(ip_._l‘lato,
2532 5827 2652 5881 pag.
2687 5811 2749 5863 79
2784 5810 2842 5864 Ι).

1773 5876 1883 5945 (58)
1921 5878 2152 5942 Ὄντως.
2192 5877 2380 5935 Melius
2412 5876 2574 5950 quam
2605 5876 2673 5937 ‘ul
2711 5882 2760 5936 in
2799 5883 3039 5950 Platone,
3077 5886 3264 5948 οὕτως.
