3872 6368
598 337 734 396 1043

1258 337 2020 418 EUSEBIlCAESARlENSlS
2057 336 2145 390 oe

2258 337 2432 393 PARS
2475 339 2536 394 ll.
2579 373 2648 383 -—
2698 341 3202 400 APOLOGETICA.

3608 352 3696 406 lilii

595 456 743 511 omni
775 454 984 510 virtutis
1014 470 1206 526 genere
1233 439 1583 524 prmstantes,
1618 470 1916 523 corporum
1944 453 2145 507 illorun

2273 453 2436 522 μηδὲν
2467 455 2639 526 μῆκος
2672 455 3122 527 ὑπολογιζόμενος
3163 459 3304 527 ἡμῖν,
3331 450 3370 510 ὣ
3391 458 3630 529 Σώκρατες,
3653 464 3700 528 ὡς

596 547 942 602 conversioni
971 560 1223 617 praeesse.
1251 576 1319 587 —
1345 547 1602 617 Egregie,
1629 548 1704 600 mi
1725 545 1902 601 Clinia
1921 588 1938 608 ,
1973 545 2171 613 dispu-

597 638 820 693 tationis
845 637 1006 706 hujus
1037 637 1145 690 vim
1177 637 1388 706 cepisti.
1441 635 1544 691 Sed
1583 646 1761 691 tamen
1796 634 2004 690 audisis
2035 634 2169 688 illud

594 744 830 799 quoque.
860 760 930 770 —
971 727 1372 795 Quidnam?—
1418 727 1632 792 Solem,
1682 730 1863 782 lunam
1909 736 2171 797 astraque

593 829 821 883 caetera,
860 819 906 875 si
949 821 1164 874 animus
1208 821 1456 876 universa
1499 819 1852 892 circumagit,
1899 819 2168 889 numquid

594 911 755 963 etiam
787 910 1120 979 singula?—
1141 909 1340 977 Quidni
1361 912 1544 982 enim}?
1567 941 1628 954 -
1666 911 1742 966 De
1767 926 1877 965 uno
1905 912 2071 982 igitur
2098 925 2168 967 ea

594 1002 862 1065 dicamus,
915 1018 1036 1071 quae
1085 1004 1138 1056 in
1187 1005 1451 1072 reliquam
1483 1003 1722 1059 siderum
1759 1002 2165 1059 multitudinem

591 1095 878 1148 convenire
931 1095 1156 1163 possint.
1187 1127 1256 1136 ——
1297 1097 1416 1163 Quo
1441 1097 1506 1151 de
1531 1106 1711 1151 autem
1728 1098 1752 1151 ?
1769 1127 1840 1136 —
1860 1095 2003 1151 Solis
2037 1111 2159 1150 cor-

592 1198 695 1252 pus
724 1200 882 1240 nemo
909 1201 1014 1239 non
1043 1185 1206 1252 videt,
1253 1189 1496 1242 animum
1533 1188 1677 1243 videt
1703 1203 1884 1244 nemo.
1917 1217 1987 1227 -
2018 1187 2158 1254 Quid

593 1271 917 1326 mirum?-—
944 1273 1022 1330 Ne
1055 1275 1220 1331 ullius
1262 1277 1480 1346 quidem
1533 1277 1756 1334 alterius
1798 1277 2155 1333 animantium

591 1364 855 1434 corporis,
886 1380 980 1420 seu
1007 1367 1237 1422 viventis
1259 1367 1457 1431 adhuc,
1501 1383 1594 1422 seu
1624 1368 1736 1438 jam
1765 1370 1985 1424 mortui.
2050 1369 2154 1424 Sed

589 1454 846 1509 nimirum
872 1456 1147 1523 probabile
1169 1457 1460 1513 admodum
1487 1469 1588 1525 est,
1627 1473 1796 1530 genus
1822 1460 1952 1514 illud
1983 1470 2153 1514 totum

588 1546 853 1614 ejusmodi
880 1564 998 1604 esse
1020 1578 1044 1614 ,-
1068 1550 1215 1618 quod
1256 1565 1445 1607 omnes
1472 1551 1718 1620 corporis
1750 1567 1945 1606 sensus
1967 1552 2040 1605 ita
2067 1551 2152 1605 lu—

589 1637 722 1706 giat,
752 1648 810 1692 ut
844 1647 1023 1695 tamen
1060 1641 1428 1712 intelligentia
1452 1642 1502 1696 vi
1532 1643 1796 1713 capiatur.
1852 1641 2027 1698 Mente
2055 1643 2153 1714 igi-

588 1737 677 1783 tur
702 1738 864 1800 atque
891 1731 1264 1803 intelligentia,
1292 1735 1437 1802 quod
1468 1749 1498 1789 a
1529 1735 1686 1790 nobis
1706 1735 1774 1790 de
1797 1735 1890 1789 illo
1915 1735 2149 1803 additur,

2271 547 2368 598 οὐκ
2396 546 2854 617 ἀπεχθησόμενος.
2895 576 2964 586 -—-
2992 548 3185 611 Καλῶς
3210 544 3367 611 εἴπας.
3405 551 3640 622 Ἀρξώμεθα
3664 555 3699 607 δέ

2271 653 2387 700 πως
2422 630 2523 690 ὧδε
2577 637 3046 708 ἐπανερωτῶντες.
3082 668 3150 678 —
3181 638 3298 701 Πῶς
3319 656 3332 703 ;
3353 670 3409 677 —
3434 641 3641 711 Πότερον,
3675 636 3701 695 ὦ

2270 729 2587 802 Πρώταρχε,
2629 731 2696 785 τὰ
2727 731 3014 800 ξύμπαντα
3038 770 3052 794 ,
3096 731 3188 783 καὶ
3230 730 3337 783 τόδε
3379 730 3427 783 τὸ
3471 729 3698 802 καλούμενοι

2266 822 2414 884 ὅλον,
2463 822 2837 893 ἐπιτροπεύειν
2870 822 3057 893 φῶμεν
3097 822 3192 893 τὴν
3229 823 3313 875 τοῦ
3343 822 3504 891 ἀλόγου
3539 823 3703 896 καἲείκῆ

2267 912 2512 983 δύναμιν,
2541 914 2637 967 καὶ
2659 913 2729 967 τὰ
2755 915 2861 982 ὅπη
2890 914 3117 983 ἐτυχεν;
3145 913 3176 985 ἦ
3205 913 3453 978 τάναντία,
3472 914 3654 986 καθάπερ
3673 920 3702 969 οἱ

2268 1003 2498 1074 πρόσθεν
2523 1003 2680 1075 ἡμῶν
2709 1002 2912 1074 ἔλεγον,
2939 1005 3062 1057 νοῦν
3084 1005 3178 1056 καὶ
3200 1003 3432 1075 φρόνησίν
3450 1023 3545 1062 τινα
3566 1004 3705 1075 θαυμα-

2267 1094 2397 1165 στὴν
2426 1095 2820 1152 συντάττουσαν
2842 1094 3202 1168 διακυϐερνᾷν
3225 1095 3450 1161 ς-Οὑδὲν
3472 1096 3555 1148 τῶν
3574 1096 3703 1161 αὐτῶν,

2265 1180 2310 1240 ὧ
2339 1187 2606 1258 θαυμάσιε
2629 1187 2933 1259 Σώκρατες.
2975 1187 3041 1240 Ὅ
3075 1187 3175 1256 μὲν
3202 1186 3306 1258 γὰρ
3335 1186 3392 1257 δὴ
3413 1188 3464 1241 σὺ
3487 1187 3706 1256 λέγεις,νῦν

2263 1280 2371 1332 οὐδ’
2397 1280 2543 1332 ὅσιον
2569 1273 2703 1333 εἷναί
2741 1297 2830 1347 μοι
2871 1279 3123 1350 φαίνεται
3149 1297 3160 1308 ·
3189 1279 3248 1331 τὸ
3269 1279 3322 1331 δὲ
3355 1279 3462 1333 νοῦν
3485 1280 3616 1332 πάντα
3631 1280 3706 1332 διας

2264 1366 2487 1434 κοσμεῖν
2517 1364 2654 1419 αὐτὰ
2681 1366 2877 1435 φάναι,
2903 1367 2997 1420 καὶ
3023 1366 3122 1437 τῆς
3151 1366 3321 1436 ὅψεως
3351 1366 3434 1419 τοῦ
3459 1367 3631 1438 κόσμου,
3649 1368 3709 1421 καὶ

2262 1455 2434 1524 ἡλίου,
2462 1455 2556 1508 καὶ
2591 1455 2838 1526 σελήνης.
2889 1456 2983 1508 καὶ
3020 1454 3252 1526 ἄστρων,
3283 1455 3369 1509 καί
3400 1455 3548 1526 πάσης
3565 1457 3634 1527 τῆς
3652 1474 3710 1508 πε-

2263 1549 2487 1618 ριφορᾶς
2524 1545 2694 1612 ἄξιον,
2722 1549 2815 1602 καὶ
2840 1548 2938 1600 οὐκ
2953 1545 3127 1611 ἄλλως
3152 1544 3312 1616 ἔγωγ’
3333 1546 3391 1600 ἄν
3415 1565 3519 1600 ποτε
3549 1548 3709 1618 τιερῖσῦ-

2261 1639 2371 1695 ετῶν
2393 1641 2622 1710 εἴποιμι,
2653 1640 2766 1692 οὐδ’
2789 1639 2854 1692 ἂν
2870 1637 3358 1710 δόξαιμι.-Βούλει
3387 1638 3502 1708 δῆτα
3525 1641 3593 1692 καὶ
3611 1641 3714 1711 ἡμεῖς

2254 1733 2375 1794 τοῖς
2429 1728 2734 1801 ἔμπροσθεν
2780 1729 3227 1800 ὁμολογουμένοις
3294 1728 3630 1799 ξυμφήσωμεν,
3665 1731 3710 1792 ὡς

588 1818 962 1878 informemus.
989 1853 1059 1862 ——
1090 1822 1230 1890 Quid
1258 1825 1389 1880 illud
1413 1827 1516 1877 ?—
1535 1825 1715 1881 Solem
1740 1828 1787 1882 si
1811 1827 2029 1883 animus
2055 1827 2145 1882 cir-

2255 1822 2412 1876 τσαῦθ’
2441 1799 2611 1886 οὕτως
2633 1822 2772 1893 ἔχει;
2815 1799 2910 1875 καὶ
2949 1821 3022 1892 μὴ
3055 1799 3212 1892 μόνον
3238 1820 3344 1892 (59)
3367 1820 3565 1892 οἰώμεθα
3583 1821 3713 1872 δεῖντᾶ

589 1911 849 1982 cumagit,
905 1929 935 1968 e
984 1914 1157 1970 tribus
1208 1931 1373 1970 unum
1418 1916 1486 1971 ah
1517 1933 1581 1972 eo
1609 1917 1725 1972 tieri
1758 1919 1804 1975 si
1831 1919 2151 1988 dixerimus,

586 2002 750 2068 haud,
774 2004 987 2074 opinor,
1037 2006 1642 2075 aberrabimus—Qua:
1669 2018 1725 2064 tu
1754 2009 1887 2065 mihi
1917 2011 2064 2066 tria?
2086 2043 2156 2051 —

583 2089 889 2160 Nimirum,
925 2104 1020 2150 aut
1067 2097 1336 2152 inclusum
1365 2099 1533 2170 628
1560 2101 1794 2156 rotundo
1840 2101 1964 2166 illo,
2009 2101 2154 2172 quod

583 2183 877 2251 cernimus,
909 2201 1134 2256 corpore
1159 2189 1422 2253 animum,
1461 2191 1589 2246 illud
1613 2207 1828 2247 omnem
1864 2193 1916 2246 in
1943 2203 2152 2262 partem

583 2272 953 2341 circumferre,
987 2277 1064 2331 uti
1094 2293 1530 2348 quoquoversum
1564 2297 1594 2336 a
1621 2293 1811 2338 nostro
1839 2283 1939 2353 ipsi
1965 2284 2148 2339 animo

581 2366 1017 2424 circumferimur
1057 2385 1073 2424 :
1122 2379 1215 2427 aut
1243 2371 1494 2428 eumdem
1538 2375 1726 2431 induto
1763 2377 1866 2432 sibi
1915 2376 2150 2440 aliunde,

581 2457 664 2510 vel
691 2458 872 2529 igneo,
906 2461 988 2516 vel
1021 2463 1169 2517 aerio
1191 2478 1438 2534 corpore,
1464 2466 1608 2536 quod
1641 2469 1889 2524 nonnulli
1919 2468 2148 2534 malunt,

579 2550 825 2618 corporis
857 2551 908 2605 vi
931 2567 1130 2624 corpus
1157 2555 1432 2626 impellere
1469 2576 1481 2610 :
1517 2568 1610 2612 aut
1636 2573 1934 2624 posuemo,
1971 2560 2149 2629 ipsum

581 2640 754 2706 illum,
783 2652 842 2696 ut
874 2658 1100 2713 corpore
1123 2649 1269 2701 omni
1302 2663 1395 2716 per
1426 2664 1545 2704 sese
1576 2661 1776 2715 careat,
1817 2651 1940 2706 aliis
1970 2662 2148 2706 tamen

577 2730 900 2802 eximiisque
929 2735 1136 2792 viribus
1163 2736 1510 2805 instructum,
1570 2741 1873 2796 admirabili
1909 2742 2147 2812 quodam

577 2823 742 2879 modo
773 2826 941 2880 solem
973 2826 1335 2884 deducere.—
1369 2828 1532 2886 Sane.
1567 2863 1633 2870 —
1664 2831 1748 2887 Ab
1780 2832 1985 2897 animo,
2016 2834 2148 2888 dum

574 2919 740 2974 exiis
770 2935 939 2975 unum
981 2922 1187 2992 aliquid
1237 2924 1415 2992 cllicit,
1449 2925 1653 2980 versari
1698 2926 1880 2980 omnia
1927 2927 2146 2997 regique

575 3023 798 3066 necesse
842 3024 944 3068 est.
986 3032 1004 3064 ι
1040 3014 1217 3084 Atque
1261 3016 1376 3071 haec
1423 3015 1777 3085 philosophus
1815 3014 2009 3086 Legum
2052 3015 2146 3070 de-

573 3101 738 3158 cimo.
797 3103 938 3158 Audi
963 3104 1075 3174 jam
1103 3105 1558 3176 quemadmodum
1590 3106 1646 3161 in
1670 3105 1896 3160 Philebo
1926 3116 2144 3161 senten—
2173 3134 2215 3193 ο

576 3189 705 3244 tiam
741 3190 831 3246 ille
860 3208 1014 3246 suam
1048 3202 1277 3248 astruat.
1320 3215 1336 3245 ι
1363 3193 1668 3265 Sapientes,
1697 3195 1894 3265 inquit,
1927 3211 2140 3261 omnes,

573 3281 666 3350 qui
694 3282 860 3337 modo
879 3282 1003 3352 jure
1055 3284 1157 3355 hoc
1201 3286 1420 3341 nomine
1448 3287 1780 3358 gloriantur,
1814 3289 2144 3345 intellectum

573 3372 696 3427 caeli
729 3383 1105 3445 terra-rumque
1138 3391 1313 3444 regem
1339 3392 1459 3433 esse
1487 3379 1858 3434 consentiunt.
1899 3381 1979 3435 Ac
2006 3379 2145 3436 forte

573 3466 792 3535 quidem
837 3479 941 3520 hoc
988 3477 1155 3523 recte.
1197 3468 1306 3524 Nos
1349 3485 1477 3526 vero
1509 3471 1556 3526 si
1587 3475 1792 3542 placet,
1823 3472 2000 3529 {usus
2027 3488 2142 3528 rem

572 3567 738 3611 totam
759 3557 1088 3628 uberiusque
1107 3559 1575 3617 tractemus.—-Tu
1603 3564 1836 3626 vero,uti
1855 3563 2140 3632 videbitur,

571 3664 606 3703 ο
635 3648 910 3717 Socrates,
945 3667 1044 3707 nec
1077 3652 1240 3708 ullam
1273 3655 1376 3711 hoc
1419 3655 1475 3710 in
1526 3671 1721 3726 genere
1748 3655 2141 3728 longitudinem

572 3755 815 3807 vereare,
851 3751 972 3794 cum
1007 3744 1207 3797 nemini
1236 3744 1500 3802 molestus
1527 3747 1602 3802 sis
1628 3746 1865 3804 futurus.
1895 3779 1969 3790 -—
1996 3748 2140 3804 Prat-

571 3836 737 3888 clare.
801 3835 1127 3905 Incipiamus
1193 3837 1358 3908 igitur
1415 3838 1558 3892 hunc
1616 3840 1670 3893 in
1714 3839 1936 3894 modum
1993 3855 2141 3910 qua:-

572 3945 798 3984 rere.—
826 3929 1016 3997 Quem,
1050 3931 1336 3986 sodes?-—
1366 3929 1578 4000 Utrum,
1605 3937 1675 3987 mi
1707 3932 2024 3997 Protarche,
2054 3949 2140 3988 res

570 4037 784 4090 oues,
821 4033 980 4093 atque
1020 4024 1142 4087 hoc,
1181 4025 1257 4077 uti
1302 4039 1583 4090 vocamus,
1631 4027 1943 4082 universum
1977 4043 2140 4082 casus

570 4125 624 4170 et
675 4115 902 4170 fortuna:
949 4115 999 4167 vi
1049 4125 1248 4170 temere
1296 4116 1380 4186 agi
1444 4117 1768 4184 statuimus;
1813 4134 1880 4173 an
1932 4126 2136 4182 contra,

569 4207 1026 4276 quemadmodum
1060 4206 1297 4275 majores
1342 4209 1513 4262 nostri
1564 4191 1801 4272 voluere,
1853 4209 2051 4263 utentis
2077 4224 2142 4264 ac

570 4299 848 4367 sapientiae
878 4297 1160 4367 cujusdam
1193 4298 1530 4354 admirabilis
1559 4300 1787 4356 consilio
1817 4299 2142 4369 gubernari?

567 4414 587 4422 -
616 4414 634 4421 -
656 4384 830 4450 Absit,
865 4400 898 4438 ο
922 4385 1322 4455 sapientissime
1349 4384 1619 4450 Socrates,
1646 4387 1721 4439 uti
1751 4388 1902 4455 prius
1943 4386 2071 4441 illud
2109 4403 2137 4442 a

2258 1917 2515 1986 ἀ)λότρια
2534 1916 2660 1970 ἄνευ
2693 1913 2950 1968 κινδύνων
2995 1913 3172 1982 λέγειν
3197 1954 3211 1978 ,
3241 1911 3373 1966 ἀλλᾶ
3413 1913 3492 1965 καὶ
3519 1910 3712 1978 συγκινδυ-

2261 2007 2509 2074 νειὶωμεν
2529 2043 2543 2067 ,
2576 2001 2668 2057 καὶ
2702 2001 3014 2074 μετέχωμεν
3045 2001 3140 2055 τοῦ
3178 2001 3346 2072 ψόγου
3365 2044 3379 2066 ,
3407 2003 3514 2054 ὅταν
3535 1999 3635 2069 ἀνὴρ
3651 2001 3717 2052 6::-

2255 2099 2340 2163 νὸς
2373 2097 2448 2169 φῇ
2469 2096 2639 2151 ταῦτα
2679 2096 2752 2168 μὴ
2779 2094 2969 2162 οὕτως,
3005 2095 3117 2150 ἀλλ’
3140 2096 3385 2158 ἀτάκτως
3411 2094 3558 2164 ἔχεως
3581 2091 3716 2153 -Πὼς

2253 2191 2360 2264 γὰρ
2401 2191 2505 2244 οὐκ
2540 2188 2604 2242 ἂν
2637 2188 2960 2260 βουλοίμην;
2991 2220 3055 2229 -
3095 2187 3304 2257 Ἴθιδῆ,
3337 2185 3418 2239 τὸν
3446 2184 3620 2238 ἐπιόντα
3639 2184 3717 2251 πρὶ

2251 2283 2456 2338 τούτων
2482 2281 2578 2334 νῦν
2604 2283 2736 2352 ἡμῖν
2774 2279 2928 2348 λόγον
2962 2277 3137 2350 ἄθρει.
3165 2308 3232 2316 -
3269 2279 3402 2345 Λέγε
3439 2277 3586 2347 μόνον.
3604 2305 3649 2314 -
3669 2272 3718 2324 Ti

2255 2378 2385 2447 περὶ
2417 2392 2519 2440 την
2558 2372 2666 2425 τῶν
2715 2371 2983 2442 σωμάτων
3027 2370 3189 2440 φύσιν
3225 2372 3466 2424 ἁπάντων
3491 2367 3576 2420 τῶν
3605 2364 3719 2430 ζώων.

2259 2469 2393 2539 πῦρ,
2419 2469 2513 2521 καλ¹
2537 2464 2704 2537 ὕδωρ,
2730 2464 2820 2517 καὶ
2847 2463 3064 2533 πνεῦμα
3096 2461 3414 2532 καθορῶμέν
3435 2476 3539 2518 που,
3560 2454 3720 2521 καὶγῆν,

2252 2559 2500 2630 καθάπερ
2567 2558 2617 2612 οἱ
2669 2552 3056 2626 χειμαζόμενοί
3128 2569 3291 2622 φασιν
3321 2593 3335 2617 ,
3401 2550 3560 2605 ἐνόντα
3606 2548 3645 2599 ἐν

2253 2649 2552 2715 συστάσει;
2614 2676 2684 2685 ——
2738 2647 2846 2699 Καὶ
2913 2645 3076 2716 μάλα.
3147 2675 3216 2685 —-
3269 2640 3608 2714 Χειμαζὸμεθα
3654 2634 3724 2702 γὰρ

2249 2741 2417 2803 ὅντως
2468 2740 2572 2794 ὑπὸ
2619 2737 2851 2809 ἀπειρίας
2904 2739 2960 2788 ἐν
2993 2735 3106 2799 τοῖς
3170 2735 3269 2788 νῦν
3327 2734 3510 2802 λόγοις.
3555 2729 3656 2797 Φέρε
3683 2723 3725 2792 δὴ

2249 2834 2376 2904 περὶ
2428 2832 2657 2885 ἑκάστου
2707 2830 2816 2884 τῶν
2864 2827 2993 2900 παρ’
3041 2829 3172 2898 ἡμῖν
3216 2827 3350 2880 λάϐε
3394 2825 3450 2878 τὸ
3489 2821 3724 2876 τοιόνδε.-

2252 2927 2408 2979 ῐΙοῖον
2429 2942 2443 2986 ;
2463 2955 2529 2963 -
2547 2925 2668 2976 Ὅτι
2706 2919 2935 2993 σμικρόν
2968 2937 3021 2972 τι
3042 2919 3248 2974 τούτων
3280 2920 3493 2973 ἕκαστον
3520 2914 3621 2984 παρ’
3639 2910 3726 2979 ἡμῖν

2249 3016 2446 3080 ἔνεστι,
2477 3016 2568 3070 καὶ
2611 3014 2833 3084 φαῦλον,
2869 3013 2963 3068 καὶ
2991 3011 3200 3082 οὐδαμῆ
3254 3008 3496 3080 οὐδαμῶς
3524 3001 3729 3070 εἰλικρινὲς

2249 3106 2329 3171 ὃν,
2366 3107 2459 3159 καὶ
2479 3105 2573 3176 τὴν
2598 3104 2826 3174 δύναμιν
2852 3105 2951 3157 οὐκ
2975 3100 3130 3166 αξίαν
3161 3101 3264 3171 τῆς
3297 3099 3498 3169 φύσεως
3536 3095 3644 3164 ἔχον.
3671 3089 3728 3140 Ἐν

2246 3199 2326 3251 ἑνὶ
2358 3197 2415 3250 δὲ
2455 3196 2652 3259 λαϐὼν,
2707 3197 2835 3268 περὶ
2874 3196 3092 3250 πάντων
3139 3193 3250 3245 νόει
3299 3190 3512 3245 ταύτόν·
3540 3181 3627 3239 οἷον
3659 3181 3730 3248 πτέρ

2246 3288 2364 3341 ἐστι
2400 3288 2498 3358 μέν
2527 3305 2629 3341 που
2661 3289 2790 3358 παρ’
2817 3289 2967 3358 ἡμῖν,
3008 3287 3122 3338 ἐστι
3155 3284 3198 3336 δ’
3245 3286 3304 3336 ἐν
3346 3281 3420 3352 τῷ
3457 3269 3731 3332 παντὶ-ατί

2248 3379 2476 3450 μήν;-
2507 3379 2714 3432 Οὐκοῦν
2765 3378 2993 3450 σμικρὸν
3037 3378 3137 3448 μέν
3180 3392 3234 3429 τι
3266 3376 3327 3428 τὸ
3370 3373 3492 3443 παρ’
3531 3362 3732 3438 ἡμῖννκαῖ

2249 3469 2490 3534 ἀσθενὲς,
2528 3471 2621 3524 καὶ
2665 3470 2898 3539 φαῦλον,
2926 3470 2986 3523 τὸ
3029 3469 3074 3521 δ’
3113 3469 3170 3522 ὲν
3213 3468 3296 3538 τῷ
3328 3465 3498 3530 παντὶ,
3523 3457 3729 3529 πλήθειτε

2245 3561 2552 3634 θαυμαστὸν
2586 3564 2679 3616 καὶ
2709 3563 2914 3626 κάλλει,
2947 3562 3038 3615 καὶ
3071 3561 3217 3631 πάσῃ
3253 3561 3474 3629 δυνάμει
3498 3559 3552 3625 τῇ
3581 3550 3676 3619 περὶ
3696 3547 3735 3596 τὸ

2244 3648 2356 3720 πῦρ
2387 3649 2520 3721 οὔσῃ
2543 3667 2644 3715 ;—
2679 3652 2787 3703 Καὶ
2835 3650 2974 3721 μάλα
3006 3649 3202 3720 ἀληθὲς
3248 3649 3276 3702 ὃ
3309 3648 3501 3715 λέγεις.
3528 3638 3651 3692 -Τε

2242 3742 2500 3812 τρέφεται
2529 3742 2618 3795 καὶ⁵
2649 3743 2854 3810 γίνεται
2884 3743 2947 3794 ἐκ
2987 3741 3196 3803 τούτου,
3231 3741 3330 3794 καὶ
3373 3741 3577 3810 ἄρχεται
3612 3730 3655 3783 τὸ
3675 3745 3734 3778 τω

2243 3833 2442 3897 παντὸς
2477 3833 2607 3904 πῦρ,
2642 3832 2746 3886 ὑπὸ
2774 3832 2868 3886 τοῦ
2906 3833 3034 3904 παρ’
3057 3836 3187 3903 ἡμῖν
3213 3834 3408 3905 πυρὸς,
3435 3822 3731 3900 ἢτούνσντέον,

2243 3925 2334 3978 ὑπ’
2360 3926 2567 3977 ἐκείνου
2592 3926 2652 3976 τό
2671 3942 2727 3977 τε
2752 3924 2903 3995 ἐμὸν,
2939 3926 3031 3979 καὶ
3057 3927 3116 3978 τὸ
3147 3926 3263 3988 σὺν,
3301 3927 3394 3979 καὶ
3420 3926 3477 3978 τὸ
3503 3918 3593 3976 τῶν

2241 4017 2416 4082 ζωων,
2449 4018 2639 4071 ἅπαντ’
2675 4016 2813 4088 ἴσχει
2835 4017 3039 4082 ταῦτα;
3065 4050 3133 4058 --
3167 4018 3347 4072 Τοῦτο
3383 4019 3477 4088 μὲν
3516 4013 3614 4067 οὐδὲ
3644 4013 3735 4062 ἀπθ-

2241 4115 2474 4178 κρισεως
2504 4109 2650 4176 ἄξιον
2677 4111 2990 4181 ἐρωτᾷς.--
3025 4110 3251 4182 Ὀρθῶς.
3297 4111 3476 4165 Ταυτὰ
3509 4109 3600 4178 γὰρ
3625 4104 3738 4174 ἐρεῖς.

2241 4207 2410 4274 οἶμαι,
2446 4203 2571 4274 περί
2600 4219 2657 4254 τε
2685 4203 2784 4272 τῆς
2817 4206 2873 4256 ἐν
2905 4205 3017 4265 τοῖς
3043 4201 3200 4266 ζώοις
3227 4204 3336 4274 γῆς
3365 4203 3460 4272 τῆς
3484 4198 3650 4258 ἐνθάδε,
3677 4191 3738 4243 καὶ

2241 4296 2338 4365 τῆς
2370 4297 2428 4348 ἐν
2453 4293 2530 4364 τῷ
2560 4294 2755 4347 παντί·
2799 4295 2892 4347 καὶ
2935 4295 3041 4347 τῶν
3072 4294 3247 4347 ἄλλων
3289 4296 3356 4365 δὴ
3395 4296 3524 4347 ὅτων
3550 4288 3739 4359 ἠρώτησα

2240 4389 2413 4457 ὀλίγον
2447 4386 2777 4459 ἔμπροσθεν,
2813 4386 2985 4448 οὕτως
3008 4387 3389 4458 ἁποκρινῇ.-
3417 4387 3506 4447 Τίς
3534 4383 3620 4451 γὰρ
3647 4381 3736 4430 ἀπῖν

568 4477 725 4532 nobis
743 4478 1136 4546 dicatur,quod
1167 4477 1245 4530 vel
1268 4491 1361 4531 ore
1384 4487 1541 4532 tenus
1569 4478 1798 4547 proferri
1830 4478 1985 4534 net‘as
2015 4495 2135 4535 esse

2246 4481 2554 4550 κρινόμενος
2574 4479 2746 4542 ἄλλως
2771 4477 3024 4547 ὑγιαίνων
3045 4479 3108 4531 ἄν
3142 4497 3274 4533 ποτε
3303 4479 3492 4549 φανείη
3511 4495 3523 4538 ;
3540 4467 3742 4540 -Σχεδῖιν

567 4569 816 4622 dixerim.
858 4569 926 4623 At
959 4585 1088 4625 vero
1119 4571 1283 4625 tuenti
1329 4585 1510 4624 rerum
1541 4570 1918 4625 universarum
1949 4572 2133 4626 mode-

567 4663 832 4717 rationem
880 4663 1181 4731 assignare,
1233 4663 1284 4716 id
1337 4662 1588 4732 equidem
1636 4673 1690 4716 et
1736 4663 1924 4717 mundi
1969 4663 2133 4732 hujus

564 4762 807 4823 aspectu,
838 4763 891 4806 et
925 4753 1076 4815 solis,
1111 4754 1251 4808 luuze
1301 4753 1641 4823 aliorumque
1673 4753 1936 4820 siderum,
1970 4755 2132 4809 adeo-

565 4861 670 4913 que
719 4845 866 4898 omni
923 4845 1022 4899 hac
1064 4845 1418 4900 conversione
1462 4846 1685 4917 dignum
1714 4845 2002 4910 existimo,
2034 4862 2131 4902 nec

563 4937 720 4992 aliter
753 4952 988 5008 unquam
1030 4936 1130 4991 hac
1161 4937 1226 4991 de
1256 4954 1311 4991 re
1343 4946 1437 4991 aut
1464 4937 1657 5006 loquar
1689 4947 1782 4991 aut
1807 4939 2132 4992 sentiam.—

564 5026 660 5082 Vis
692 5027 990 5090 enimvero,
1037 5028 1111 5081 uti
1141 5028 1239 5081 hac
1268 5028 1322 5082 in
1350 5044 1529 5083 rerum
1565 5027 1934 5083 moderatione
1963 5037 2129 5083 statu-

562 5121 720 5178 enda.
757 5121 901 5190 quod
932 5130 1136 5174 veteres
1169 5136 1276 5174 uno
1303 5135 1569 5177 consensu
1617 5121 1846 5190 professi
1891 5130 2038 5187 sunt,
2077 5122 2128 5176 id

566 5211 772 5266 nostris
798 5210 897 5279 ipsi
928 5210 1106 5265 verbis
1141 5212 1557 5280 comprobemus
1577 5253 1591 5276 ,
1625 5228 1724 5267 nec
1751 5214 1981 5266 aliorum
2013 5229 2129 5267 sen-

562 5302 784 5357 tentiam
816 5303 952 5357 citra
999 5304 1294 5372 perieulum
1329 5303 1522 5358 ali‘erre
1569 5305 1831 5369 contenti,
1882 5306 2126 5359 eamdem

561 5412 720 5465 quam
750 5397 852 5467 ipsi
883 5398 1054 5453 aleam
1084 5399 1622 5468 maledictioncmque
1652 5398 1965 5465 subeamus,
2003 5415 2126 5455 cum

564 5497 786 5560 argutus
839 5503 900 5543 ac
961 5491 1248 5547 vehemens
1275 5491 1567 5561 quispiam,
1618 5507 1726 5546 non
1757 5507 1822 5546 eo
1859 5507 1967 5560 quo
1994 5493 2127 5548 diei-

631 5668 988 5745 (59)._Kal_1u‘j
1015 5673 1225 5745 μᾴνον,
1260 5669 1642 5745 οῐυηξίςῐιιιιε,
1674 5687 1765 5723 nec
1808 5670 2125 5745 modoputc-

565 5754 672 5791 mus
709 5737 813 5791 alia
846 5741 951 5792 εἰη(
984 5737 1218 5807 [vhiculo
1268 5737 1490 5808 proferri
1521 5757 1619 5794 non
1650 5757 1818 5809 posse,
1862 5737 2025 5808 nullo,
2066 5750 2124 5796 ut

2240 4573 2347 4626 οὐδ’
2374 4573 2655 4626 ὁστισοῦν·
2697 4571 2832 4625 ἀλλὰ
2875 4571 2936 4624 τὸ
2964 4571 3076 4640 (40)
3102 4572 3250 4642 μετὰ
3286 4573 3447 4625 τοῦτο
3493 4569 3598 4637 ἑῆς
3633 4565 3738 4614 ἕπευ·

2242 4665 2424 4719 Πάντα
2456 4665 2565 4736 γὰρ
2589 4663 2760 4717 ταῦτα
2793 4665 2952 4735 ἡμεῖς
2983 4662 3148 4718 τανῦν
3172 4665 3237 4735 δὴ
3277 4664 3546 4734 λεχθέντα,
3569 4656 3638 4728 ἆρ’
3661 4652 3741 4708 οὖις

2241 4759 2318 4820 εἰς
2351 4754 2408 4808 ἓν
2445 4757 2777 4826 συγκείμενα
2806 4755 3024 4819 ἰδόντες,
3059 4757 3496 4826 ἐπωνομάσαμεν
3526 4752 3742 4817 caluum"

2239 4848 2281 4899 Τ
2288 4847 2302 4897 ἱ
2335 4848 2441 4918 μήν
2461 4845 2768 4910 ;-Ταῦτὸν
2797 4845 2862 4916 δὴ
2889 4846 3016 4898 λάϐε
3054 4847 3147 4899 καὶ
3170 4863 3236 4898 πε
3245 4849 3302 4916 pl
3337 4845 3506 4907 τοῦδε,
3524 4843 3574 4894 ὃν
3600 4837 3745 4903 animum

2238 4941 2465 5009 λέγομεν
2484 4957 2497 4969 °
2524 4938 2610 4992 διὰ
2637 4939 2726 4991 τὸν
2761 4938 2920 4991 αὑτὸν
2945 4937 3050 5009 γὰρ
3076 4939 3279 5008 τρόπον
3304 4939 3370 4991 ἂν
3398 4939 3478 5007 εἴη
3508 4951 3594 4987 που
3616 4929 3741 4994 πῶμεν

2240 5032 2488 5084 σύνθετον
2503 5030 2560 5083 ’ὃν
2577 5031 2640 5083 ἐκ
2657 5030 2762 5082 τῶν
2779 5028 3048 5083 αὑτῶν.-
3066 5030 3365 5104 Ὀρθότατα
3381 5018 3744 5096 λέγεις-Πάτε-

2238 5141 2330 5196 ρον
2355 5119 2446 5176 οὖν
2468 5125 2530 5176 ὲκ
2553 5121 2741 5175 τούτου
2755 5119 2850 5174 τοῦ
2869 5121 3113 5191 σώματος
3131 5121 3253 5174 ὅλου
3263 5122 3329 5174 τὸ
3347 5122 3475 5190 παρ’
3490 5118 3604 5188 ἡμῖν
3617 5111 3742 5174 σῶμα·

2235 5213 2451 5287 ἢὲκτοῦ
2478 5215 2605 5285 παρ’
2631 5215 2760 5284 ἡμῖν
2788 5212 2946 5266 τοῦτο
2975 5213 3234 5285 τρέφεταί
3262 5230 3350 5274 τε,
3381 5213 3477 5266 καὶ.
3498 5210 3587 5264 ὅσα
3611 5201 3684 5256 νῦν
3702 5196 3746 5261 δῆ

2238 5325 2304 5360 πε
2313 5308 2360 5377 ρί
2375 5307 2550 5358 αὐτῶν
2579 5306 2891 5374 ὲπείπομεν,
2909 5304 3094 5374 εἰληφὲ
3107 5321 3166 5357 τε
3190 5307 3284 5357 καὶ
3311 5304 3424 5373 ἔχει
3446 5298 3631 5365 ;-Καὶ
3645 5288 3746 5343 mae.

2234 5401 2440 5473 ἕτερον,
2468 5395 2512 5452 ὦ
2538 5398 2822 5469 Σώκρατες
2840 5438 2854 5461 ,
2885 5398 2982 5450 οὐκ
3011 5397 3158 5460 ἄξιον
3188 5387 3664 5467 ἐρωτήσεωςκ-Τί

2233 5493 2349 5546 τάδε
2392 5487 2500 5562 ἄρα
2534 5490 2678 5557 ἄξιον
2719 5490 3069 5562 ἐρωτήσεως
3104 5488 3265 5558 ἧπῶς
3299 5490 3478 5558 ὲρεῖς;
3502 5480 3686 5543 -Αέγε
3708 5480 3750 5521 τί)

2235 5671 2705 5743 \‘itleturLsensu,_
2725 5679 2815 5726 aut
2838 5672 2994 5743 plane
3022 5669 3316 5725 contrario.

2308 5741 2417 5811 (40)
2454 5741 2610 5796 Forte
2643 5740 2738 5812 τῷ.
