3872 6368
157 337 260 390 .055

1261 334 1578 390 PIL-‘IiPAIi.
1619 335 1871 391 EVA-NG.
1912 336 2036 390 LIB.
2082 335 2192 390 XII.

3219 342 3348 398 IllIG

151 459 284 506 ποῖον.
303 478 360 490 σ-
392 450 456 504 Τὸ
481 451 603 521 παρ’
631 453 760 521 ἡμῖν
807 453 965 524 σῶμα
995 449 1080 524 ἆρ’
1118 455 1176 506 οὐ
1213 455 1388 525 ψυχην
1427 463 1670 524 φήσομεν

1782 473 1898 512 mus
1932 456 2143 520 ordine,
2183 457 2274 512 sed
2306 458 2620 526 perturbate
2650 473 2714 512 ac
2755 466 2954 512 temere
3000 456 3122 512 fcrri
3155 472 3347 514 cuncta

147 549 286 614 ἔχεινς
310 574 370 585 -ο
389 543 578 616 Δῆλον,
603 544 682 595 ὅτι
715 545 976 614 φήσομεν.
1000 575 1066 582 -—
1092 545 1278 610 Πόθεν,
1303 541 1347 599 ὦ
1375 546 1495 614 φίλε
1521 545 1673 616 Πρώ-

149 651 300 705 ταρχε,
330 632 500 690 λαὸὺν,
541 632 697 703 εἴπερ
737 634 811 703 μὴ
844 633 904 685 τό
935 651 998 702 γε
1020 635 1112 688 τοῦ
1147 636 1345 699 παντὸς
1381 636 1541 708 σῶμα
1572 637 1672 706 ἒμ-

144 727 280 793 ψυχον
303 723 354 777 ὃν
395 725 687 793 ἐτύγχανε,
736 727 909 780 ταὺτὰ
936 743 998 794 γε
1049 726 1170 797 ἕχον
1202 727 1374 797 τούτῳ
1399 767 1412 788 ,
1462 728 1555 781 καὶ
1596 729 1672 780 ἔτι

148 817 287 886 πάντη
317 814 555 869 καλλίονα
573 832 587 879 ;
605 845 674 854 ——
704 817 892 887 Δῆλον,
920 817 994 882 ὡς
1023 817 1318 889 οὐδαμόθεν
1352 818 1590 880 ἄλλοθεν,
1628 812 1673 870 ὦ

146 905 571 976 ὣκρατεςμ-υύ
610 907 716 979 γάρ
745 925 845 961 που
880 908 1143 978 δοκοῦμέν
1170 927 1252 976 γε,
1283 903 1328 962 ὧ
1354 909 1670 982 Πρώταρχε,

145 997 414 1068 τὰτέτταρα
449 998 654 1063 ἐκεῖνα,
693 999 886 1070 πέρας,
922 1002 1016 1053 καὶ
1044 1003 1289 1072 ἄπειρον,
1327 1003 1420 1054 καὶ
1470 1003 1668 1069 κοινὸν,

146 1089 296 1143 καὶτὸ
339 1089 431 1160 τῆς
461 1090 641 1155 αἰτίας
683 1090 839 1159 γένος
898 1096 953 1146 ἐν
1008 1093 1177 1147 ἆπασι
1223 1094 1484 1165 τέταρτον
1520 1094 1670 1156 ἐνὸν,

144 1183 256 1236 τοῦτ’
281 1183 332 1235 ἐν
366 1182 459 1252 μὲν
490 1185 605 1247 τοῖς
637 1184 768 1255 παρ’
803 1185 932 1254 ἡμῖν
971 1185 1148 1255 ψυχήν
1191 1203 1251 1238 τε
1285 1186 1540 1258 παρέχον,
1581 1186 1674 1238 καὶ

145 1274 412 1345 σωμασκίαν
443 1274 552 1343 (II)
589 1275 872 1346 ἐμποιοῦν,
915 1278 1014 1329 καὶ
1061 1279 1390 1340 πταίσαντος
1423 1275 1671 1345 σώματος

145 1365 365 1438 ἰατρικὴν,
404 1367 496 1419 καὶ
553 1367 612 1419 ἐν
650 1366 830 1430 ἄλλοις
872 1367 1006 1421 ἄλλα
1045 1368 1293 1422 συντιοὲν
1338 1369 1433 1421 καὶ
1476 1368 1673 1422 ἀσκού-

145 1475 286 1527 μενον,
309 1459 476 1510 πᾶσαν
498 1457 593 1510 καὶ
616 1457 877 1510 παντοίαν
908 1459 1099 1527 σοφίαν
1124 1457 1496 1512 ἐπικαλεῖσθαι
1521 1476 1534 1488 ·
1567 1459 1672 1510 τῶν

140 1550 182 1601 δὲ
209 1548 361 1602 αὐτῶν
381 1548 586 1602 τούτων
620 1549 679 1602 ὲν
703 1549 809 1620 ὅλῳ
829 1567 887 1602 τε
926 1549 1160 1622 οὐρανῷ,
1189 1551 1281 1604 καὶ
1305 1550 1443 1604 κατὰ
1466 1551 1672 1620 μεγάλα

143 1641 269 1710 μέρη,
293 1641 376 1694 καὶ
403 1640 626 1712 προσέτι
648 1640 828 1694 καλῶν
845 1641 939 1694 καὶ
959 1641 1283 1712 εἰλικρινῶν,
1301 1643 1355 1692 ἐν
1374 1641 1583 1702 τούτοις
1615 1641 1670 1693 δὲ

138 1733 212 1783 οὐκ
234 1732 326 1803 ἄρα
348 1732 762 1803 μεμηχανῆσθαι
785 1732 881 1802 τὴν
909 1732 1013 1785 τῶν
1039 1731 1343 1785 καλλίστων
1367 1733 1459 1784 καὶ
1479 1748 1673 1798 τιμιω-

1778 548 2057 619 pugnabit.
2085 579 2145 589 —
2174 547 2370 614 Quidni
2422 550 2565 603 enim
2623 549 2674 604 id
2727 550 2918 605 velim?
3049 554 3157 621 Age
3196 570 3346 627 ergo,

1778 653 1840 693 ac
1890 639 2021 691 mihi
2078 639 2526 708 consequentiam
2565 639 2728 708 hujus
2763 640 3145 710 disputationis
3177 654 3350 698 alti-u-

1776 731 1862 784 de.
1888 760 1955 769 -—-
1980 728 2146 800 Perge
2201 739 2255 786 tu
2300 731 2482 785 modo.
2504 762 2573 772 -—
2599 732 2843 798 Quatuor
2890 733 3010 794 illa,
3043 749 3104 787 ex
3149 735 3348 804 quibus

1778 816 2134 870 animantium
2183 818 2426 871 omnium
2481 832 2768 888 corporum
2823 829 3017 873 natura
3076 821 3345 885 comistit,

1778 907 1987 976 ignem,
2020 921 2250 975 aquam,
2295 909 2544 978 spiritum
2589 924 2649 961 ac.
2700 919 2934 973 terram,
2970 928 3095 966 num
3139 915 3190 966 in
3233 914 3346 982 ipsa

1775 1013 1960 1052 eorum
1990 1001 2332 1054 concretione
2361 1013 2636 1070 utcunque
2681 1003 3047 1071 agnoscimus,
3074 1006 3348 1074 quomodo

1775 1090 2021 1144 vidi-licet
2053 1089 2301 1144 homines
2333 1092 2629 1161 loquuntur
2663 1101 2980 1160 tempestate
3018 1094 3248 1164 jactati?
3279 1127 3346 1134 -—

1778 1180 1940 1234 Sane.
1970 1211 2039 1220 —
2067 1178 2180 1235 IIoc
2212 1181 2356 1234 enim
2391 1183 2443 1235 in
2477 1183 2742 1238 orationis
2781 1199 3009 1252 genere,
3036 1195 3169 1239 testu
3206 1203 3346 1254 quo-

1776 1271 1898 1324 dam
1936 1271 2338 1326 incertitudinis
2366 1288 2492 1326 vere
2530 1272 2820 1342 jactamur.
2862 1273 3030 1346 629
3058 1277 3167 1346 Age
3197 1292 3344 1340 vero,

1775 1376 1837 1414 ac
1862 1361 1928 1416 de
1955 1360 2194 1431 quolibet
2221 1378 2408 1416 eorum
2453 1380 2574 1431 qua:
2616 1365 2776 1417 nobis
2825 1365 3038 1430 insunt,
3075 1367 3342 1434 ejusmodi

1775 1453 1978 1522 aliquid
2022 1455 2226 1524 accipe.
2254 1485 2323 1493 —
2346 1456 2484 1521 Quid
2511 1495 2525 1519 ,
2573 1456 2836 1509 obsecro?
2861 1486 2929 1495 —
2953 1456 3213 1528 Exiguam
3248 1459 3346 1514 ali-

1776 1557 1940 1610 quam
1966 1550 2019 1596 et
2048 1542 2432 1614 despicabilem
2465 1561 2493 1599 e
2543 1545 2769 1614 singulis
2804 1545 3119 1614 particulam
3169 1549 3345 1604 inesse

1778 1633 1955 1697 nobis,
1993 1650 2116 1704 quae
2148 1651 2245 1691 nec
2273 1637 2382 1690 ullo
2411 1637 2570 1690 modo
2599 1653 2729 1706 pura
2757 1640 3075 1710 sinceraque
3105 1645 3171 1697 sit
3195 1687 3206 1707 ,
3245 1661 3344 1699 nee

1776 1727 1888 1779 vin‘f
1910 1736 1963 1780 et
1989 1726 2299 1782 facultatem
2332 1729 2525 1782 habeat
2561 1737 2750 1782 natura
2782 1729 3020 1800 dignam.
3064 1733 3216 1799 Quod
3253 1736 3340 1788 ubi

138 1826 276 1876 -τάτων
288 1824 529 1892 φύσιν.--
548 1824 688 1880 Ἀλλ’
721 1823 971 1894 οὐδαμῶς
1003 1823 1160 1877 τοῦτὸ
1183 1827 1232 1892 γ’
1267 1824 1332 1877 ἂν
1360 1824 1516 1892 λόγον
1533 1823 1665 1892 ἔχοι.

1782 1814 1839 1868 .Ie
1870 1830 1980 1868 uno
2007 1815 2191 1884 aliquo
2237 1817 2516 1883 statuetis,
2548 1827 2656 1870 tum
2693 1819 2758 1872 de
2788 1820 3057 1876 universis
3091 1823 3229 1876 idem
3265 1826 3345 1877 in-

139 1912 365 1968 -Οὒκοῦν
395 1916 439 1966 si
473 1915 548 1985 μὴ
573 1915 752 1979 τοῦτο,
788 1916 902 1986 μετ’
934 1915 1140 1967 ἐκείνου
1167 1914 1257 1967 τοῦ
1281 1915 1438 1981 λόγου
1457 1915 1520 1968 ἂν
1551 1915 1670 1967 ἐπό-

1778 1906 1974 1974 tcllige.
2037 1906 2214 1977 Ignis,
2250 1910 2479 1978 exempli
2532 1925 2732 1972 causa,
2769 1923 3041 1982 utcunque
3085 1915 3138 1968 in
3188 1917 3342 1971 nobis

1775 2006 1877 2060 est,
1908 2005 1988 2050 est
2019 1997 2184 2050 etiam
2236 1999 2287 2050 in
2319 2000 2592 2053 universo.
2634 2029 2693 2038 _
2727 1998 2938 2070 Utique.
2968 2034 3035 2042 —
3063 2003 3196 2057 Cum
3247 2007 3344 2075 igi-

1778 2097 1897 2150 tur,
1933 2088 2026 2156 qui
2072 2089 2124 2141 in
2167 2089 2324 2144 nobis
2351 2099 2466 2155 est,
2504 2091 2550 2145 is
2577 2101 2628 2146 et
2663 2094 2890 2163 exiguus
2936 2094 3258 2161 admodum,
3288 2108 3343 2152 et

1779 2178 2100 2244 imbecillus,
2134 2195 2196 2234 ac
2228 2181 2515 2250 languidus
2545 2184 2632 2250 sit,
2689 2194 2802 2239 tum
2834 2193 2963 2241 Vero
2993 2187 3084 2256 qui
3137 2188 3190 2242 in
3223 2190 3343 2243 nni-

1777 2285 1935 2324 verso
1960 2281 2073 2335 est,
2107 2271 2150 2324 is
2178 2273 2330 2341 copia
2366 2273 2526 2329 simul
2564 2291 2627 2331 ac
2654 2279 3085 2347 pulchritudine,
3121 2293 3344 2338 cuncta-

1777 2375 1882 2428 que
1912 2360 2047 2414 adeo
2083 2363 2155 2424 vi,
2187 2378 2307 2430 qua:
2358 2364 2500 2434 ignis
2531 2371 2748 2438 propria
2781 2381 2884 2434 est,
2923 2373 3080 2440 plane
3108 2375 3343 2429 admira-

1782 2447 1927 2507 bilis.
1956 2485 2021 2494 -—
2056 2453 2355 2513 Verissime
2390 2459 2649 2529 loqueris.
2676 2493 2738 2501 —
2767 2461 2905 2528 Quid
2945 2466 3112 2518 vero?
3153 2462 3342 2518 Utrum

1776 2541 2028 2614 deinceps
2074 2546 2248 2615 ignem
2298 2549 2449 2603 illum
2483 2551 2755 2614 universi,
2793 2553 2859 2608 ab
2885 2569 2950 2608 eo
2977 2555 3070 2624 qui
3102 2556 3154 2608 in
3188 2556 3343 2609 nobis

1775 2648 1874 2704 est,
1920 2638 2012 2703 ali,
2050 2637 2176 2694 duci
2226 2640 2446 2711 regique
2478 2643 2796 2708 arbitraris,
2847 2661 2913 2698 an
2951 2647 3124 2716 potius
3160 2647 3344 2701 abillo

133 2735 296 2799 νεσθαι,
317 2737 400 2791 διὰ
420 2739 520 2810 τὴν
546 2738 648 2809 τῆς
670 2738 849 2800 αἰτίας
873 2737 1100 2806 δύναμιν
1121 2753 1133 2766 ο
1175 2737 1229 2787 ὲν
1253 2733 1308 2786 δὲ
1329 2731 1506 2793 ἄλλοις
1537 2730 1667 2784 ἄλλα

1782 2736 1884 2780 tam
1915 2742 2117 2792 mourn,
2153 2744 2315 2798 quam
2342 2738 2517 2798 tuum,
2547 2748 2610 2787 ac
2633 2744 2950 2790 casterorum
2983 2736 3343 2792 animantium

134 2827 258 2895 καλὰ,
285 2830 464 2884 καθότι
508 2829 668 2899 φίλον
696 2828 969 2892 ἑκάστοις,
1003 2825 1280 2896 λέγεσθαι.

1782 2819 1954 2889 ignem
1981 2819 2093 2873 haec
2119 2820 2303 2875 omnia
2329 2821 2847 2892 suscipere?—Iloe
2872 2841 3000 2881 vero
3031 2843 3097 2882 ne
3127 2842 3346 2899 respon-

133 2919 250 2973 sione
275 2921 482 2990 quidem
512 2921 738 2993 dignum
789 2920 1062 2976 existimo.
1089 2948 1156 2957 —
1187 2916 1248 2970 Et
1312 2916 1505 2970 merito
1531 2930 1682 2972 sane.
1725 2911 1831 2969 Nec
1893 2914 2066 2979 aliter,
2117 2916 2332 2986 opinor,
2367 2933 2488 2972 cum
2523 2919 2588 2972 de
2614 2919 2714 2975 hac
2753 2929 2916 2987 terra,
2953 2937 3073 2991 qua:
3097 2921 3345 2974 animan-

133 3012 244 3081 tibus
268 3012 426 3080 inest,
460 3011 576 3069 tum
607 3013 676 3068 de
706 3013 792 3068 illa
845 3029 966 3084 quae
1020 3012 1073 3067 in
1111 3011 1386 3073 universo,
1419 3010 1685 3080 loquare:
1727 3023 1793 3062 ac
1835 3008 1901 3062 de
1953 3008 2077 3062 aliis
2119 3010 2392 3073 omnibus,
2421 3012 2486 3066 de
2515 3013 2712 3082 quibus
2765 3016 2924 3084 paulo
2970 3025 3093 3070 ante
3134 3031 3343 3085 quzere-

133 3103 252 3170 liam,
289 3104 419 3160 idem
463 3105 692 3160 omnino
740 3103 1088 3174 respondeas.
1145 3130 1213 3142 —
1263 3099 1398 3167 Quis
1456 3099 1631 3161 enim,
1675 3098 1719 3152 si
1778 3097 1938 3152 modo
1981 3113 2148 3154 sanus
2192 3099 2315 3166 erit,
2378 3102 2522 3155 aliud
2602 3118 2839 3173 unquam
2889 3106 3246 3173 respondeat?
3278 3133 3345 3144 —

131 3193 312 3264 Opinor,
365 3214 547 3254 nemo.
591 3196 698 3254 Sed
742 3212 1028 3268 pergamus
1077 3196 1142 3250 ad
1168 3204 1383 3250 caetera.
1437 3191 1690 3261 Nunquid
1731 3191 1818 3244 illa
1877 3202 2128 3261 quatuor,
2197 3193 2285 3248 ubi
2317 3195 2549 3250 conflata
2587 3197 2638 3250 in
2668 3213 2832 3251 imum
2864 3198 3181 3262 coaluerint,
3219 3214 3343 3251 cor-

131 3305 210 3359 pus
244 3293 566 3362 appellamus
587 3320 600 3345 ι
634 3322 700 3331 -
733 3289 832 3344 Ita.
860 3317 927 3328 —-
958 3289 1100 3344 Idem
1154 3287 1320 3358 igitur
1365 3285 1430 3340 de
1479 3299 1545 3339 eo
1595 3298 1756 3352 quem
1799 3284 2062 3338 mundum
2097 3300 2354 3340 vocamus
2418 3287 2669 3357 intellige.
2714 3287 2761 3343 Is
2794 3289 2936 3344 enim
2967 3289 3156 3343 eodem
3187 3289 3345 3358 plane

131 3383 256 3438 modo
279 3399 469 3456 corpus
522 3383 714 3440 haberi
743 3383 925 3450 debet,
955 3397 1081 3438 cum
1112 3397 1176 3435 ex
1205 3379 1396 3435 iisdem
1423 3375 1686 3431 conﬂatus
1725 3376 1814 3430 sit.
1841 3403 1912 3418 σ-
1933 3376 2256 3433 Rectissime
2311 3379 2570 3448 loqueris.
2605 3411 2676 3419 -—-
2705 3377 2896 3434 Utrum
2930 3379 3093 3450 igitur
3128 3379 3196 3434 ab
3221 3381 3343 3434 titti-

132 3487 256 3529 verso
276 3475 361 3531 illo
389 3491 622 3547 corpore
684 3485 929 3534 nostrum
974 3475 1117 3539 hoc,
1153 3489 1220 3528 an
1249 3472 1431 3541 potius
1469 3485 1500 3524 a
1553 3477 1743 3523 nostro
1781 3469 1910 3523 illud
1945 3481 1998 3525 et
2023 3472 2206 3539 alitur,
2255 3481 2307 3528 et
2353 3483 2542 3527 caetera
2579 3489 2698 3542 quae
2751 3472 2972 3542 jamjam
3013 3472 3344 3537 addidimus,

129 3569 625 3642 accipin—Neque
675 3572 778 3626 hoc
832 3571 1084 3634 alterum,
1120 3585 1153 3623 ο
1183 3568 1456 3630 Socrates,
1517 3563 1872 3634 responsione
1920 3566 2142 3637 dignum
2192 3567 2553 3633 est.—Quid
2609 3584 2736 3622 vero
2801 3567 3018 3621 tertium
3071 3567 3207 3622 hoc?
3255 3584 3344 3621 rc-

129 3661 377 3728 sponsione
411 3664 641 3731 dignum
692 3667 817 3727 erit,
868 3677 938 3715 an
993 3660 1186 3715 secus?
1214 3690 1283 3699 —
1307 3656 1495 3713 Profer
1555 3655 1685 3710 illud
1725 3655 1821 3710 sis.
1851 3685 1919 3695 —
1942 3655 2194 3714 Nostrum
2257 3659 2359 3714 hoc
2395 3675 2593 3730 corpus
2629 3660 2880 3714 animone
2914 3659 3196 3728 prredilum
3222 3674 3347 3714 esse

130 3751 844 3811 latebimur?—Fatebimur
899 3751 1386 3824 utique.-——Unde
1418 3762 1596 3806 autem
1656 3751 1804 3807 illum
1871 3752 2132 3817 hauserit,
2198 3753 2272 3806 mi
2325 3751 2640 3816 Protarclie,
2698 3752 2800 3807 nisi
2848 3753 3086 3807 universi
3147 3767 3337 3820 corpus

131 3850 385 3905 animatum
421 3851 610 3917 fuerit,
645 3858 697 3905 et
729 3849 916 3904 iisdem
979 3847 1224 3913 omnino,
1263 3847 1460 3916 quibus
1518 3846 1621 3900 hoc
1683 3856 1951 3910 nostrum,
2002 3847 2269 3916 longeque
2312 3847 2446 3900 adeo
2503 3848 2974 3916 priestantioribus
3020 3850 3344 3901 instructum

131 3935 470 3999 facultatibus?
503 3972 577 3984 —-
617 3940 830 4012 Liquet,
861 3955 895 3995 ο
923 3937 1193 4000 Socrates,
1264 3937 1408 3992 unde
1464 3943 1720 4006 potuerit,
1758 3952 1876 3991 esse
1907 3936 2057 3989 nihil.
2089 3966 2159 3976 —
2191 3934 2500 4000 Enimvero,
2535 3952 2641 3990 non
2687 3937 3036 3999 arbitramur,
3066 3953 3098 3991 ο
3129 3935 3347 3990 Protar-

131 4030 224 4094 che,
251 4044 472 4102 quatuor
543 4033 656 4100 illa,
701 4032 1028 4095 terminum,
1062 4028 1367 4092 inlinitum,
1412 4027 1632 4081 mistum
1685 4042 1748 4080 ex
1793 4038 2052 4096 utroque,
2093 4034 2205 4081 tum
2248 4041 2377 4081 vero
2421 4035 2674 4096 quartum
2721 4025 2875 4085 illud,
2919 4027 3065 4096 quod
3095 4028 3346 4080 omnibus

131 4120 258 4185 inest,
281 4140 451 4180 causae
473 4139 668 4196 genus,
698 4123 842 4192 quod
879 4121 1082 4177 nostris
1145 4129 1197 4174 et
1229 4120 1467 4173 animum
1503 4119 1770 4185 infundat,
1840 4129 1888 4172 et
1956 4120 2196 4189 corporis
2245 4120 2329 4173 vel
2387 4118 2709 4185 exercendi,
2744 4119 2848 4184 vel,
2886 4120 2929 4173 si
2959 4122 3345 4189 quoquomodo

131 4210 443 4280 laboraverit,
486 4215 717 4271 curandi
773 4213 1078 4268 facultatem
1115 4213 1346 4275 tribuat,
1403 4223 1455 4266 et
1497 4211 1548 4263 in
1586 4212 1707 4265 aliis
1745 4221 2030 4281 componat
2075 4213 2215 4274 alia,
2264 4213 2368 4266 alia
2430 4221 2671 4282 reparet;
2709 4227 2935 4265 summa:
2967 4213 3249 4282 cujusdam
3286 4222 3342 4266 et

129 4303 350 4360 absoluta:
378 4305 659 4377 sapientiae
700 4305 921 4358 nomine
970 4303 1190 4372 dignum
1225 4317 1345 4356 esse
1418 4321 1429 4354 :
1489 4299 1652 4370 630
1703 4301 1888 4354 eadem
1919 4317 2038 4354 cum
2074 4311 2126 4355 et
2155 4301 2206 4354 in
2238 4311 2351 4354 toto
2376 4302 2548 4365 (mlo,
2587 4309 2637 4353 ct
2669 4302 2719 4353 in
2764 4300 3060 4370 majoribus
3093 4301 3196 4355 illis
3222 4318 3346 4370 par-

133 4395 246 4451 tibus
284 4398 456 4454 Iocum
495 4399 752 4463 habeant,
802 4413 902 4453 nec
956 4397 1136 4467 specie
1166 4397 1348 4462 modo,
1400 4397 1492 4451 sed
1551 4399 1714 4451 etiam
1759 4394 2064 4465 integritate
2118 4407 2392 4466 prmslcnt,
2446 4396 2532 4449 illa
2585 4406 2764 4450 tamen
2817 4409 2996 4450 rerum
3047 4396 3346 4464 pulcherri-

132 4502 326 4555 marum,
361 4507 424 4548 ac
450 4491 921 4546 nobilissimarum
969 4497 1160 4543 natura
1195 4505 1396 4544 carere.
1430 4520 1497 4529 ——
1529 4487 1736 4559 Quippe
1774 4489 2007 4543 alienum
2051 4490 2100 4543 id
2137 4490 2205 4543 ab
2238 4491 2386 4542 omni
2422 4490 2629 4544 ratione
2661 4488 2840 4543 fuerit.
2875 4519 2944 4529 —
2978 4488 3106 4542 Illud
3140 4504 3268 4559 ergo
3297 4489 3343 4543 si

131 4584 402 4652 rejicimus,
449 4591 734 4654 superest,
771 4591 830 4636 ut
871 4583 1096 4638 rationis
1130 4581 1292 4650 hujus
1325 4582 1432 4635 vim
1463 4582 1654 4646 secuti,
1698 4581 1891 4635 melius
1950 4581 2022 4634 ita
2091 4590 2418 4645 statuamus,
2463 4597 2582 4636 esse
2617 4581 2897 4645 nimirum,
2933 4581 3074 4649 quod
3103 4580 3214 4648 jam
3244 4597 3343 4635 sa:-

131 4693 387 4745 penumero
414 4680 680 4743 diximus,
716 4677 906 4733 hocin
941 4679 1217 4741 universo,
1253 4692 1378 4732 eum
1429 4677 1756 4732 immensum
1817 4677 2072 4746 quiddam
2127 4688 2289 4748 atque
2340 4678 2629 4738 inﬁnitum,
2685 4687 2796 4731 tum
2842 4677 3004 4730 etiam
3049 4678 3343 4732 terminum

129 4771 166 4820 ei
187 4773 597 4837 convenientem,
645 4784 866 4826 causam
919 4771 1142 4839 insuper
1173 4769 1406 4838 aliquam
1442 4784 1550 4823 non
1599 4783 1943 4824 communem
2000 4781 2161 4838 atque
2207 4771 2519 4841 vulgarem,
2557 4784 2677 4838 qua:
2726 4783 2929 4834 annos,
2975 4778 3344 4838 tempestates,

131 4874 412 4934 mensesque
469 4863 718 4933 digerat,
769 4871 931 4931 atque
987 4861 1336 4928 moderetur,
1390 4861 1710 4930 sapientiam
1780 4871 1942 4934 atque
1984 4863 2312 4917 intellectum
2369 4862 2494 4932 jure
2549 4861 2754 4920 Optimo
2809 4862 3346 4930 nuncupandam.—

128 4952 308 5026 Optimo
339 4976 489 5017 sane.
514 4991 584 5003 —
613 4959 888 5030 Sapientia
932 4973 1093 5026 porro
1145 4967 1306 5028 atque
1353 4957 1660 5012 intellectus
1727 4959 1797 5013 ab
1859 4959 2042 5013 animo
2075 4959 2282 5027 sejungi
2330 4973 2436 5012 non
2491 4967 2738 5026 possunt.
2769 4986 2840 4997 ——
2864 4954 3023 5010 Nullo
3062 4957 3244 5016 modo.
3278 4988 3344 5000 -

129 5046 396 5109 Concludas
424 5054 590 5125 igitur
626 5061 872 5123 Oportet,
908 5066 1088 5107 causa:
1136 5051 1298 5120 hujus
1357 5053 1431 5116 vi,
1478 5061 1533 5107 et
1565 5054 1715 5108 Jovis
1756 5063 2029 5117 naturam,
2076 5053 2282 5123 regium
2334 5052 2623 5122 quemdam
2653 5052 2894 5106 animum
2926 5067 2989 5105 ac
3022 5040 3232 5118 regium
3263 5055 3348 5106 iu-

132 5143 360 5201 tellectum
383 5141 769 5218 possiderejet
811 5149 863 5200 in
897 5147 1019 5202 aliis
1043 5147 1303 5216 praeclara
1345 5149 1590 5216 quaedam
1631 5150 1737 5204 alia
1775 5150 2021 5218 reperiri,
2059 5149 2161 5204 hoc
2191 5149 2349 5204 illove
2377 5150 2616 5213 nomine,
2646 5159 2804 5222 prout
2839 5163 2938 5205 sua
2962 5149 3226 5219 cujusque
3261 5166 3349 5203 ra-

135 5235 194 5288 tio
220 5240 459 5307 postulet,
487 5239 824 5310 appellanda.
865 5257 882 5290 ι
920 5237 1191 5292 Hactenus
1218 5237 1394 5293 I’lato.

593 5332 990 5386 ΚΕΦΑΛΑΙΟΝ
1028 5328 1152 5384 NB'.

133 5415 292 5490 ὀπωςῖ
314 5425 441 5494 περὶ
469 5426 575 5481 τοῦ
622 5423 900 5492 προνοεῖν
942 5423 1058 5494 ,τοῦ
1102 5422 1328 5494 παντὸς
1379 5424 1484 5476 τὸν
1522 5425 1669 5478 Θεὸν

306 5491 588 5560 διέξεισιν
609 5491 678 5548 ἐπ
700 5495 780 5560 τῷ
808 5493 1040 5559 δεκάτῳ
1064 5491 1181 5546 τῶν
1213 5493 1430 5563 Νόμων.

192 5584 318 5641 «Τὸν
341 5588 382 5641 δ’
405 5588 700 5658 ἡγούμενον
727 5585 837 5656 (42)
871 5588 968 5656 μὲν
999 5585 1154 5646 θεοὺς
1194 5582 1355 5649 εἶναι,
1397 5586 1472 5657 μὴ
1506 5603 1664 5656 φρον-

140 2025 254 2076 μενοι
285 2007 481 2077 βέλτιον
512 2007 788 2078 λέγοιμεν,
822 2009 896 2071 ὡς
914 2008 1079 2070 ἐστιν,
1105 2007 1140 2061 ἆ
1165 2006 1421 2070 πολλάκις
1449 2009 1668 2077 εἰρήκα-

141 2116 229 2167 μεν,
247 2098 453 2170 ἄπειρόν
476 2117 535 2152 τε
573 2101 633 2154 ἐν
654 2099 733 2170 τῷ
764 2101 923 2153 παντὶ
959 2099 1114 2162 πολὺ,
1143 2099 1236 2151 καὶ
1262 2099 1432 2168 πέρας
1467 2097 1667 2159 ἱκανὸν,

138 2191 204 2243 καί
228 2209 297 2254 τις
317 2193 395 2244 ἐπ’
424 2192 609 2254 αὐτοῖς
641 2190 790 2244 αἰτία
827 2192 886 2243 οὐ
920 2189 1117 2258 φαύλη,
1155 2187 1435 2258 κοσμοῦσά
1474 2205 1534 2240 τε
1577 2188 1670 2240 καὶ

137 2284 445 2338 ominous:
471 2282 756 2346 ἐνιαυτούς
782 2299 838 2334 τε
865 2283 959 2334 καὶ
980 2280 1128 2352 ὥρας
1153 2281 1245 2332 καὶ
1279 2279 1472 2349 μῆνας,
1513 2278 1671 2346 σοφία

134 2373 203 2426 καὶ
217 2374 322 2437 νοῦς
335 2374 600 2446 λεγομένη
615 2375 929 2428 δικαιότατα
946 2373 1426 2426 ἄν.-Δικαιότατα
1446 2371 1671 2441 δῆτα.-

135 2464 263 2532 Σοφία
279 2466 376 2537 μὴν
401 2467 495 2519 καὶ
515 2465 644 2530 νοῦς
664 2465 792 2520 ἄνευ
814 2466 989 2536 ψυχῆς
1010 2467 1110 2518 οὐκ
1132 2464 1195 2518 ἄν
1217 2482 1343 2517 ποτε
1367 2463 1668 2534 γενοίσθην.

136 2553 477 2624 -Οὑγαροῦν.
517 2582 584 2592 —-
617 2552 827 2607 Οὐκοῦν
868 2556 927 2605 ὲν
965 2552 1062 2621 μὲν
1109 2555 1176 2622 τῇ
1223 2550 1316 2604 τοῦ
1353 2549 1474 2612 Διὸς
1527 2551 1667 2620 ἐρεῖς

134 2644 257 2714 φύσει
284 2646 562 2718 βασιλικὴν
611 2647 710 2717 μὲν
738 2645 936 2716 ψυχὴν,
970 2643 1244 2716 βασιλικὸν
1282 2641 1338 2694 δὲ
1365 2639 1488 2693 νοῦν
1517 2638 1667 2708 ἐγγί-

2367 5327 2598 5382 CAPUT
2639 5327 2745 5380 LII.

1779 5425 2234 5490 Quemadmodum
2274 5423 2411 5475 idem
2443 5422 2551 5488 ipse
2593 5420 2755 5490 Deum
2791 5419 3016 5490 universi
3052 5432 3234 5469 curam
3270 5432 3352 5485 ge-

2114 5510 2226 5548 rere
2256 5491 2665 5562 philosophetur.
2707 5488 2911 5558 Legum
2950 5488 3012 5539 Χ.

1849 5605 1865 5635 ‹
1906 5583 2025 5638 Iam
2055 5600 2208 5650 vero,
2253 5582 2430 5653 inquit
2460 5581 2633 5646 Plato,
2667 5580 3023 5649 alloqucndus
3052 5579 3141 5633 ille.
3172 5579 3351 5642 nobis,

1780 5724 2011 5776 animum
2048 5737 2332 5790 corpusque
2363 5719 2584 5790 pra'bet.‘
2612 5719 2737 5773 dum
2762 5718 3043 5790 imprimit
3093 5715 3354 5790 umb_rai_u.

191 5716 287 5781 HI)
314 5723 682 5796 Σωμᾳᾳκίαν.
715 5722 907 5796 _Plat_o,
949 5723 1108 5796 cibum
1128 5762 1140 5785 ,
1175 5723 1331 5796 σκιάν
1354 5762 1368 5785 ,
1399 5723 1664 5791 flagitiose

1782 5724 2011 5776 animum
2048 5737 2332 5790 corpusque
2363 5719 2587 5796 pra'bet._
2612 5719 2737 5773 dum
2762 5718 3043 5796 _impriutit
3093 5716 3224 5796 mnlp

1849 5793 1959 5864 (2‘2)
1982 5796 2089 5846 Τὸν
2193 5783 2542 5860 Ἀίγιηηιῖιξενωκ
2575 5788 2722 5844 I‘Ialo
2750 5783 2869 5856 ch.
2903 5805 2950 5855 χ,
3012 5804 3112 5859 pag
3159 5787 3263 5840 (ﬁll
3293 5783 3355 5836 Il.

133 5796 304 5850 "I‘UI'".
334 5794 422 5851 (tui
461 5792 640 5849 I’icino
665 5793 956 5849 admodum
989 5794 1247 5861 imposuit
1274 5813 1287 5862 ,
1320 5789 1666 5859 γει-ιιιριιιιη,
