3994 6384
488 297 621 354 10ίῖ
1157 297 1425 355 EUSEBII
1460 298 1947 356 CESARIENSiS
1980 300 2113 356 OPP
2171 300 2352 358 PARS
2384 300 2449 358 ll.
2485 302 3076 362 -APOLOGETICA.
3630 306 3756 364 {0&8

487 414 579 484 qui
615 412 747 469 deos
775 428 897 467 esse
930 429 1054 469 eum
1099 414 1393 478 existimet,
1426 416 1493 471 iis
1527 426 1706 473 tamen
1754 434 1933 473 rerum
1964 420 2064 472 hn-

2179 418 2332 484 ιίζειν
2358 420 2413 473 δὲ
2435 421 2633 485 αὐτοὺς
2665 421 2775 476 τῶν
2805 422 3151 494 ἀνθρωπίτέῶν
3187 425 3573 494 πρατμπων,
3596 437 3758 494 παρα-

490 522 776 560 manarum
811 523 999 560 curam
1032 506 1248 576 eripiat.
1287 506 1443 574 Quod
1490 517 1581 576 tu,
1624 513 1705 565 vir
1733 511 1937 582 optime
1972 509 2074 581 (sic

2179 509 2465 583 μυθητέον.
2495 508 2565 565 Ὦ
2594 513 2785 584 ἄριστε
2831 511 2918 584 δὴ,
2949 512 3155 584 φῶμεν,
3201 512 3292 566 ὅτι
3331 510 3436 582 μὲν
3469 512 3578 583 ἡγῇ
3618 511 3760 581 θεοὺς

491 600 634 652 enim
669 601 846 669 ipsum
876 600 1314 670 compellemus),
1348 601 1483 658 deos
1511 618 1632 659 esse
1662 604 1863 669 credis,
1889 603 2071 659 divina

492 690 737 759 quaedam
768 690 1021 754 aﬂinitas,
1060 692 1125 745 ad
1156 703 1445 764 cognatum
1469 694 1562 749 tibi
1590 712 1790 752 numen
1821 706 1874 752 et
1902 712 2073 767 agno-

494 782 751 837 scendum
773 822 787 847 ,
824 793 877 836 et
908 784 1216 848 colendum,
1243 795 1318 850 te,
1348 797 1408 842 ut
1439 789 1685 857 videtur,
1722 790 1962 846 adducit.
2002 794 2070 846 At

496 886 623 928 vero
656 873 1029 943 improborum
1063 887 1115 931 et
1149 877 1476 947 injustorum
1531 881 1812 938 hominum
1861 883 2072 953 privata

495 967 821 1037 publicaque
848 966 1090 1036 fortuna,
1126 988 1249 1035 qua:
1278 990 1401 1029 cum
1438 990 1496 1031 re
1519 976 1634 1045 ipsa
1664 975 1938 1034 felicitatis
1972 978 2072 1033 ha—

493 1058 616 1112 beat
638 1059 806 1126 nihil,
844 1063 991 1134 vulgi
1020 1075 1201 1119 tamen
1234 1066 1493 1135 Opinione
1527 1067 1845 1126 felicissima
1878 1071 2073 1141 praedi-

494 1162 667 1218 catur,
699 1152 948 1225 adeoque
984 1157 1105 1211 talis
1136 1167 1189 1212 et
1221 1159 1579 1224 carminibus,
1603 1170 1656 1216 et
1679 1166 1827 1217 omni
1858 1179 2070 1219 sermo-

496 1258 624 1297 num
655 1259 853 1315 genere
901 1263 1185 1318 perperam
1235 1250 1575 1319 celebratur,
1618 1253 1995 1310 vehementius
2023 1264 2073 1311 te

495 1351 659 1406 quam
702 1340 917 1397 cautius
964 1342 1032 1396 ad
1087 1343 1417 1413 impietatem
1469 1345 1690 1417 abripit.
1753 1346 1863 1402 Aut
1906 1350 2071 1404 etiam

498 1429 667 1494 forte,
703 1430 833 1488 dum
867 1433 1104 1489 nefarios
1151 1437 1404 1493 homines
1447 1437 1515 1492 ad
1559 1447 1855 1494 extremam
1898 1455 2074 1510 usque

497 1530 828 1579 senectutem
859 1528 1141 1597 pervenire
1164 1529 1336 1594 vides,
1364 1529 1674 1601 liberosque
1701 1532 1867 1588 simul
1893 1548 1958 1589 ac
1982 1550 2075 1589 ne-

496 1621 651 1683 potes
678 1617 911 1673 summis
957 1618 1010 1673 in
1054 1619 1356 1678 honoribus
1380 1622 1709 1680 constitutos
1741 1626 2069 1696 relinquere,

2176 602 2463 670 συγγένειά
2494 621 2578 669 τις
2606 604 2735 668 ἴσως
2769 621 2828 656 σε
2877 604 2997 657 θεία
3029 605 3161 675 πρὸς
3196 605 3267 657 τὸ
3326 602 3614 673 ξύμφυτον
3651 605 3762 674 ἄγει

2173 696 2337 765 τιμᾷν
2367 695 2459 749 καὶ
2508 694 2748 767 νομίζειν
2794 690 2966 749 εἶναι·
3007 696 3191 750 κακῶν
3223 696 3289 750 δὲ
3335 692 3648 767 ἀνθρώπων
3679 700 3763 754 καὶ

2172 785 2372 840 ἀδίκων
2398 786 2557 858 τύχαι
2592 788 2696 861 ἰδίᾳ
2728 791 2822 844 καὶ
2855 790 3110 862 δημοσίᾳ,
3132 789 3382 861 ἀληθείᾳ
3419 787 3523 858 μὲν
3544 791 3643 843 ούκ
3687 794 3766 845 εύ-

2172 874 2444 946 δαίμονες,
2474 876 2652 944 δόξαις
2670 878 2726 930 δὲ
2749 878 3259 951 εὐδαιμονιζόμεναι
3292 877 3535 947 σφόδρα,
3553 878 3665 931 ἀλλ’
3677 882 3767 936 οὐκ

2173 967 2448 1038 ἐμμελῶς,
2463 968 2654 1037 ἄγουσί
2686 986 2745 1023 σε
2775 970 2914 1042 πρὸς
2932 971 3205 1036 ἀσέϐειαν,
3230 969 3295 1025 ἔν
3319 986 3383 1023 τε
3423 969 3656 1042 μούσαις
3676 975 3766 1026 οὐκ

2173 1058 2351 1130 ὀρθῶς
2386 1059 2719 1131 ὑμνούμεναι
2767 1061 2882 1132 ἅμα
2917 1064 3009 1116 καὶ
3056 1064 3114 1116 ἐν
3153 1060 3455 1125 παντοίοις
3484 1059 3678 1130 λόγοις.
3704 1065 3766 1119 Ἦ

2174 1149 2266 1204 καὶ¹
2298 1150 2434 1223 πρὸς
2464 1150 2614 1217 τέλος
2645 1152 2774 1218 ἴσως
2800 1155 3045 1219 ἀνοσίους
3067 1153 3407 1227 ἀνθρώπους
3431 1153 3580 1226 ὁρῶν
3606 1154 3769 1209 ἐλθόν-

2172 1260 2272 1306 τας
2300 1245 2582 1315 γηραιοὺς,
2613 1247 2806 1309 παῖδας
2833 1246 3035 1300 παίδων
3062 1246 3484 1309 καταλιπόντας
3510 1246 3570 1299 ἐν
3595 1250 3767 1317 τιμαῖς

2173 1337 2294 1398 ταῖς
2316 1335 2623 1406 μεγίσταις,
2669 1337 2912 1410 ταράττῃ
2943 1338 3107 1393 τανῦν
3132 1340 3279 1411 (έὸ),
3318 1338 3461 1391 ὃταν
3498 1339 3558 1391 ὲν
3610 1338 3766 1395 ἅπασι

2172 1426 2382 1491 τούτοις
2414 1426 2560 1491 ἰδὼν,
2600 1428 2633 1497 ἢ
2663 1429 2731 1482 δι’
2765 1429 2935 1500 ἀκοῆς
2962 1429 3308 1500 αἰσθόμενος,
3334 1429 3372 1500 ἢ
3426 1428 3526 1482 καὶ
3578 1432 3767 1485 παντά-

2175 1534 2340 1574 πασιν
2368 1518 2530 1582 αὐτὸς
2553 1519 2730 1572 αὐτῶν
2754 1538 2860 1574 τινι
2885 1520 3158 1592 αὐτόπτης
3181 1518 3550 1593 προστυχὼν,
3576 1521 3769 1576 πολλῶν

2175 1610 2537 1681 ἀσεϐημάτων
2583 1612 2676 1665 καὶ
2718 1612 2907 1666 δεινῶν
2946 1615 3253 1685 γενομένων
3303 1615 3466 1680 τισὶ,
3515 1613 3585 1668 δι’
3645 1616 3771 1670 αὐτά

496 1706 715 1775 gravius
760 1710 1118 1777 perturberis.
1174 1713 1352 1782 Atque
1396 1715 1490 1781 ita,
1526 1716 1655 1772 dum
1688 1718 1769 1772 vel
1797 1719 2073 1774 auditione

2179 1701 2348 1756 ταῦτα
2391 1702 2525 1774 ὁρᾷς
2570 1704 2634 1756 ἐκ
2685 1703 2932 1777 σμικρῶν
2982 1706 3063 1768 εἰς
3097 1704 3438 1777 τυραννίδας
3479 1720 3541 1757 τε
3587 1705 3678 1758 καὶ
3711 1708 3770 1761 τὰ

497 1798 722 1868 accipis,
756 1799 841 1854 vel
869 1802 1045 1858 oculis
1093 1803 1206 1874 ipse
1251 1805 1359 1863 tuis
1396 1808 1690 1865 nonnullos
1723 1808 1957 1867 fortasse
1989 1811 2073 1864 vi-

498 1889 615 1954 des,
637 1891 727 1961 qui
765 1895 1108 1962 gravissimis
1137 1897 1382 1953 obstricti
1413 1899 1818 1964 sceleribus,ob
1839 1902 1929 1956 illa
1959 1902 2073 1972 ipsa

497 1997 563 2037 ex
597 1983 788 2040 humili
818 1988 1076 2057 tenuique
1106 1986 1324 2046 fortuna
1357 1990 1424 2045 ad
1454 1994 1798 2063 tyrannidem
1835 2009 2075 2065 opesque

402 2061 419 2076 ’
500 2076 768 2135 maximas
796 2080 1097 2137 evebantur
1150 2102 1162 2138 :
1219 2096 1330 2139 tum
1359 2086 1638 2143 enimvero
1671 2087 1801 2143 deos
1831 2088 2072 2158 quidem,

498 2168 658 2235 quasi
693 2184 873 2225 rerum
905 2171 1131 2227 istarum
1181 2185 1457 2243 auctores,
1492 2190 1712 2249 propter
1761 2179 2076 2235 afﬁnitatem

498 2272 624 2313 cum
655 2260 762 2316 illis
792 2269 938 2316 tuam
971 2266 1251 2321 criminari
1287 2283 1394 2324 non
1424 2270 1538 2338 vis;
1587 2269 1679 2325 sed
1712 2272 1902 2341 partim
1931 2287 2075 2327 caeco

500 2349 758 2419 abreptus
803 2363 959 2419 testu,
1010 2358 1207 2425 partim
1262 2360 1329 2413 de
1379 2360 1485 2416 diis
1541 2362 1791 2416 dubitare
1832 2362 2073 2429 nescius,

499 2439 660 2511 631
696 2456 815 2497 eam
852 2443 903 2497 in
930 2446 1130 2501 mentis
1158 2448 1533 2517 aegritudinem
1564 2450 1849 2513 devenisti,
1897 2460 1957 2507 ut
1978 2466 2075 2507 eos

503 2533 721 2601 quidem
749 2549 871 2588 esse
904 2535 1125 2603 fateare,
1163 2548 1416 2594 ca:terum
1453 2540 1523 2595 ab
1548 2541 1739 2597 iisdem
1767 2558 1854 2598 res
1880 2543 2075 2597 huma-

502 2636 604 2676 nas
633 2621 877 2680 funditus
909 2626 1105 2697 negligi
1136 2629 1419 2686 arbitrere.
1462 2631 1852 2698 Quamobrem,
1890 2650 1957 2689 ne
1991 2644 2074 2688 ta-

498 2712 570 2768 lis
603 2714 790 2782 opinio
817 2725 868 2771 te
904 2716 957 2770 in
985 2719 1289 2788 graviorem
1326 2722 1621 2793 impietatis
1670 2735 1872 2794 pestem
1904 2726 2078 2795 conji-

508 2806 635 2873 ciat,
668 2822 712 2862 sn
743 2823 852 2878 quo
885 2810 1047 2865 modo
1068 2827 1211 2877 eam,
1259 2829 1328 2868 ne
1368 2814 1586 2886 longius
1613 2825 1831 2887 serpat,
1863 2818 2075 2873 amoliri

507 2899 708 2966 verbis,
731 2908 784 2956 et
803 2902 960 2972 quasi
1005 2919 1368 2963 averruncare
1406 2909 1726 2978 poterimus,
1759 2922 2075 2981 sequentem

500 2988 945 3059 disputationem,
965 3009 1087 3049 cum
1113 2996 1296 3064 priore
1319 2996 1611 3070 illa,quam
1635 3000 1900 3057 adversus
1925 3019 2070 3068 eum,

2180 1793 2411 1864 μέγιστα
2445 1795 2844 1867 ἀφικομένους,
2877 1796 2997 1849 τότε
3044 1796 3134 1851 διά
3187 1798 3381 1851 πάντα
3428 1797 3503 1849 τά
3560 1796 3769 1850 τοιαῦτα

2174 1884 2329 1956 δῆλος
2360 1882 2412 1938 εἴ
2440 1886 2748 1957 μέμφεσθαι
2784 1887 2882 1958 μὲν
2928 1887 3085 1952 θεοὺς
3109 1888 3183 1953 ὼς
3225 1887 3454 1950 αἰτίους
3486 1887 3648 1950 ὄντας
3673 1888 3767 1942 τῶν

2173 1978 2430 2032 τοιούτων
2453 1977 2541 2032 διά
2572 1978 2887 2048 ξυγγένειαν
2919 1981 3020 2033 οὐκ
3052 1979 3117 2033 ἂν
3148 1980 3382 2045 ἐθέλων,
3424 1980 3695 2051 ἀγόμενος
3720 1980 3766 2034 δὲ

2178 2068 2283 2121 ύπό
2306 2086 2363 2121 τε
2395 2068 2619 2138 ἀλογίας
2664 2070 2781 2140 ἅμα
2808 2071 2902 2124 καὶ
2940 2071 3001 2124 ού
3048 2070 3354 2143 δυνάμενος
3397 2070 3765 2141 δυσχεραίνειν

2177 2160 2353 2225 θεοὺς,
2385 2163 2464 2227 εἰς
2497 2161 2655 2216 τοῦτο
2690 2160 2783 2215 νῦν
2809 2163 2871 2215 τὸ
2892 2163 3088 2233 πάθοςξ
3111 2163 3388 2236 ἐλήλυθας
3414 2202 3433 2228 ,
3470 2162 3603 2216 ὥστ’
3641 2158 3764 2217 εἶναι

2180 2256 2279 2327 μὲν
2306 2256 2480 2310 δοκεῖν
2507 2258 2722 2321 αὐτοὺς,
2757 2259 2864 2312 τῶν
2911 2259 2954 2312 δ’
3003 2258 3370 2331 ἀνθρωπίνων
3412 2260 3765 2330 καταφρονεῖν

2177 2349 2271 2403 καὶ
2301 2347 2519 2419 ἀμελεῖν
2549 2350 2910 2421 πραγμάτοιν.
2938 2351 3058 2403 ἰνα
3081 2346 3173 2404 οὗν
3201 2351 3277 2423 μὴ
3308 2351 3412 2404 ἐπὶ
3442 2349 3631 2420 μεῖζον
3649 2349 3764 2421 ἔλθῃ

2180 2457 2261 2492 σοι
2288 2440 2458 2503 πάθος
2491 2440 2627 2513 πρὸς
2674 2440 2929 2495 ἀσέϐειαν
2974 2440 3035 2494 τὸ
3061 2441 3156 2495 νῦν
3186 2442 3365 2513 παρὸν
3422 2441 3632 2511 δόγμα,
3660 2440 3762 2494 ἀλλ’

2177 2532 2271 2587 ἐάν
2293 2551 2408 2597 πως
2430 2527 2541 2587 οἷον
2560 2534 3142 2605 ἀποδιοπομπήσασθαι
3164 2535 3347 2604 λόγοις
3379 2534 3525 2588 αὐτὸ
3556 2534 3760 2605 προσιὸν

2179 2624 2318 2695 (44)
2378 2623 2664 2696 γενώμεθα
2716 2625 2964 2691 δυνατοὶ,
3008 2625 3368 2698 πειρώμεθα,
3437 2624 3760 2694 συνάψαντες

2177 2715 2268 2769 τὸν
2295 2715 2423 2786 ἑξῆς
2452 2715 2628 2785 λόγον,
2663 2709 2708 2784 ᾧ
2748 2718 2885 2789 πρὸς
2917 2717 3008 2771 τόν
3037 2719 3299 2789 παράπαν
3330 2718 3440 2789 ούχ
3470 2717 3759 2788 ἡγούμενον

2179 2809 2336 2872 θεοὺς
2383 2809 2441 2876 ἐξ
2490 2810 2665 2880 ἀρχῆς
2692 2809 3147 2882 διεπερανάμεθα,
3181 2809 3360 2882 τούτῳ
3396 2810 3573 2863 τανῦν
3606 2827 3758 2881 προσ-

2178 2901 2504 2973 χρήσασθαι.
2535 2902 2606 2955 Σὺ
2633 2898 2699 2964 δ’,
2736 2896 2781 2955 ὦ
2817 2901 3041 2955 Κλεινία
3072 2919 3132 2955 τε
3178 2902 3275 2956 καὶ
3326 2901 3602 2970 Μέγιλλε,
3630 2903 3756 2972 ὑπὲρ

2178 2992 2272 3046 τοῦ
2301 2993 2445 3056 νέου,
2472 2992 2722 3064 καθάπερ
2756 2993 2814 3045 ἐν
2842 2995 2955 3057 τοῖς
2982 2992 3309 3064 ἔμπροσθεν,
3339 2992 3757 3064 ἀποκρινόμενοι

502 3082 595 3152 qui
628 3083 758 3140 deos
802 3099 1032 3155 prorsus
1078 3102 1201 3144 esse
1247 3090 1428 3145 nullos
1456 3091 1712 3161 putabat,
1744 3094 1863 3164 ipso
1893 3095 2073 3150 statim

2179 3083 2505 3155 διαδέχεσθε.
2550 3084 2673 3137 Ἐὰν
2706 3083 2763 3137 δέ
2795 3101 2849 3137 τι
2880 3083 3135 3138 δύσκολον
3163 3084 3496 3155 ἐγγίγνηται
3542 3086 3653 3148 τοῖς
3681 3084 3756 3137 λό-

503 3177 661 3234 initio
682 3180 1078 3248 pertexuimus,
1115 3193 1369 3240 accurate
1408 3199 1471 3240 ac
1498 3187 1742 3241 studiose
1784 3189 2081 3260 coniunga—

502 3286 647 3327 mus.
690 3270 755 3327 Et
780 3287 878 3327 vos
905 3274 1147 3343 quidem,
1181 3291 1213 3329 o
1237 3273 1437 3341 Clinia,
1491 3286 1656 3348 tuque
1682 3277 1913 3349 Megille,
1943 3283 2077 3336 adoo

503 3361 757 3417 lescentis
790 3363 964 3418 vicem
1009 3364 1097 3420 hic
1123 3381 1340 3435 quoque
1374 3367 1689 3433 subeuntes,
1738 3369 1910 3439 ipsius
1938 3382 2076 3439 loco,

501 3452 958 3521 quemadmodum
1016 3454 1130 3523 jam
1203 3465 1327 3511 ante
1389 3456 1617 3525 fecistis,
1678 3462 2074 3530 respondetote.

506 3541 638 3615 Ego,
667 3545 714 3601 si
750 3546 878 3616 quid
918 3547 1188 3601 interdqu
1234 3548 1465 3618 spissius
1492 3549 1761 3609 inciderit.
1798 3567 1896 3605 vos
1927 3562 2080 3608 trans

502 3635 758 3701 fluvium,
812 3636 887 3690 uti
935 3637 1113 3691 adhuc
1164 3636 1299 3701 feci,
1329 3638 1620 3708 trajiciam.
1647 3669 1720 3683 —
1747 3640 1933 3697 Recte.
1971 3643 2080 3698 Far.

504 3728 667 3783 modo
715 3727 860 3796 quod
911 3729 1219 3797 polliceris,
1273 3746 1373 3787 nos
1416 3732 1658 3789 vicissim
1714 3736 1852 3805 quod
1893 3736 2075 3807 jubes,

507 3829 770 3888 quantum
806 3820 860 3874 in
889 3821 1048 3876 nobis
1075 3822 1199 3885 erit,
1236 3820 1523 3880 faciemus.
1543 3850 1610 3865 --
1636 3824 1934 3898 Principio,
1969 3828 2077 3883 dif-

505 3912 666 3978 licile,
694 3913 908 3983 opinor,
949 3915 1000 3969 id
1033 3915 1225 3970 saltem
1246 3916 1531 3974 ostendere
1581 3933 1689 3973 non
1723 3917 1922 3987 fuerit,
1973 3922 2079 3977 diis

504 4020 593 4061 res
632 4019 829 4076 parvas
860 4020 966 4060 non
1012 4006 1192 4061 minus
1232 4021 1379 4063 curae
1405 4023 1526 4065 esse
1568 4025 1732 4080 quam
1788 4012 2076 4069 maximas.

505 4097 808 4153 Audiebam
838 4098 982 4153 enim
1022 4109 1183 4170 atque
1245 4101 1559 4168 intereram,
1608 4118 1732 4158 cum
1763 4106 1925 4174 paulo
1955 4118 2079 4161 ante

504 4187 799 4253 diceretur,
832 4203 925 4242 eos
950 4204 1073 4243 cum
1101 4190 1301 4246 virtute
1328 4192 1476 4246 omni
1512 4193 1766 4260 praeditos
1794 4209 1935 4262 esse,
1961 4202 2076 4250 tum

505 4295 687 4335 rerum
738 4280 1114 4336 universarum
1164 4299 1352 4338 curam
1409 4284 1645 4339 maxime
1690 4288 1965 4357 propriam
2014 4305 2078 4344 ac

502 4371 832 4441 peculiarem
867 4372 1084 4427 habere.
1114 4404 1184 4413 —
1209 4373 1321 4442 Ego
1352 4390 1479 4429 vero
1509 4376 1560 4430 id
1589 4378 1752 4432 etiam
1784 4379 2074 4435 admodum

2181 3194 2319 3246 γοις,
2351 3176 2463 3245 ἐγὼ
2497 3176 2665 3247 σφῶν,
2699 3176 2888 3247 ῶσπερ
2918 3176 3013 3229 νῦν
3044 3175 3139 3249 δὴ,
3177 3175 3502 3248 δεξάμενος,
3545 3176 3757 3230 διαϐιϐῶ

2180 3270 2270 3323 τὸν
2304 3270 2645 3338 ποταμόν.-
2685 3268 2889 3341 Ὀρθῶς
2930 3269 3141 3338 λέγεις,
3175 3272 3270 3323 καὶ
3322 3271 3390 3323 σὺ
3426 3269 3576 3325 οὕτω
3601 3269 3755 3323 ταῦτα

2180 3361 2302 3430 δρᾶ,
2337 3362 2635 3433 ποιήσομέν
2655 3379 2715 3415 τε
2750 3364 2910 3434 ἡμεῖς
2942 3365 3020 3426 εἰς
3054 3362 3111 3416 τὸ
3136 3362 3382 3427 δυνατὸν,
3412 3365 3451 3417 ἀ.
3482 3363 3755 3431 λέγεις.-

2194 3452 2331 3505 Ἀλλ’
2374 3453 2526 3506 οὐδὲν
2552 3453 2671 3524 τάχ’
2714 3453 2780 3507 ἂν
2833 3455 2962 3534 ἴσως
3012 3456 3096 3526 εἴη
3151 3455 3391 3527 χαλεπὸν
3430 3456 3751 3524 ἐνδείξασθαι

2180 3544 2339 3598 τοῦτό
2362 3562 2446 3613 γε,
2477 3546 2553 3610 ὡς
2584 3545 2861 3617 ἐπιμελεῖς
2895 3546 3144 3619 σμικρῶν
3179 3550 3285 3601 εἰσι
3315 3548 3430 3605 θεοὶ
3475 3550 3577 3618 οὐχ
3606 3544 3752 3621 ἦττον

2180 3636 2211 3707 ἢ
2236 3636 2311 3706 τῷ
2336 3636 2552 3707 μεγέθει
2580 3635 3205 3709 διαφερόντων.Ἤκουον
3226 3639 3334 3711 γάρ
3356 3656 3485 3702 που,
3506 3639 3601 3692 καὶ
3623 3654 3750 3709 παρ·

2178 3730 2246 3800 ἧν
2287 3734 2400 3795 τοῖς
2441 3730 2534 3784 νῦν
2565 3729 2629 3802 δὴ
2652 3729 2985 3801 λεγομένοις,
3009 3731 3085 3795 ὡς
3107 3732 3298 3799 ἀγαθοί
3320 3748 3383 3800 γε
3406 3731 3565 3794 ὄντες
3588 3731 3750 3783 πᾶσαν

2180 3821 2399 3894 ἀρετὴν,
2417 3823 2514 3892 τὴν
2529 3822 2638 3875 τῶν
2655 3823 2871 3877 πάντων
2893 3822 3208 3894 ἐπιμέλειαν
3227 3823 3571 3892 οἰκειοτάτην
3593 3820 3750 3874 αὐτῶν

2179 3908 2343 3968 οὖσαν
2376 3913 2686 3984 κέκτηνται.
2712 3944 2781 3954 ——
2804 3914 2912 3966 Καὶ
2956 3914 3160 3986 σφόδρα
3188 3931 3251 3983 γε
3284 3915 3659 3985 ὲπήκουον.-
3686 3910 3750 3962 Τὸ

2184 4004 2322 4076 μετά
2349 4005 2506 4058 τοῦτο
2526 4004 2703 4059 τοίνυν
2731 4008 2883 4077 κοινῇ
2921 4006 3385 4078 συνεξετάζωμεν,
3413 4008 3542 4060 τίνα
3581 4005 3747 4074 λέγον-

2177 4112 2269 4159 τες
2295 4093 2493 4167 ἀρετὴν
2519 4095 2720 4160 αὐτῶν,
2736 4094 3104 4167 ὁμολογοῦμεν
3126 4097 3319 4160 αὐτοὺς
3340 4097 3580 4166 ἀγαθοὺς
3601 4090 3743 4148 εἷναι.

2178 4189 2334 4259 Φέρε,
2354 4189 2415 4241 τὸ
2427 4191 2720 4261 σωφρονεῖν
2741 4189 2862 4242 νοῦν
2889 4207 2945 4242 τε
2982 4188 3300 4259 κεκτῆσθαι,
3330 4188 3513 4259 φαμὲν
3543 4186 3743 4260 ἀρετῆς

2179 4281 2246 4334 τά
2279 4281 2334 4334 δὲ
2357 4282 2593 4345 ἐναντία,
2627 4282 2824 4344 κακίας
2845 4299 2859 4346 ;
2884 4310 2953 4320 —
2989 4282 3190 4353 Φαμὲν.
3215 4310 3281 4319 -
3305 4281 3369 4333 Τί
3415 4280 3533 4346 δαί;
3562 4276 3743 4350 ἀρετῆς

2184 4360 2283 4444 μὲν
2316 4373 2565 4447 ἀνδρείαν
2612 4369 2772 4438 εἶναι,
2807 4373 3007 4427 δειλίαν
3040 4375 3096 4428 δὲ
3126 4374 3358 4436 κακίαςς
3384 4406 3453 4413 ——
3484 4375 3629 4428 Πάνυ
3660 4371 3744 4442 μὲν

502 4460 776 4516 exaudivi.
800 4490 872 4504 —
897 4460 1053 4528 Quod
1099 4478 1228 4532 ergo
1280 4466 1558 4535 sequitur,
1593 4467 1885 4538 conjuncta
1934 4487 2076 4526 nunc

2185 4461 2297 4519 οὖν.
2321 4497 2389 4505 —
2411 4466 2519 4517 Καὶ
2544 4464 2613 4518 τά
2635 4467 2731 4536 μὲν
2757 4467 2959 4537 αἰσχρὰ
2981 4466 3206 4529 τούτων,
3240 4468 3308 4521 τὰ
3328 4467 3384 4520 δὲ
3418 4468 3560 4522 καλά
3592 4468 3743 4537 φήσο-

504 4568 671 4624 opera
714 4554 1016 4619 videamus,
1051 4571 1278 4625 ecquam
1312 4558 1378 4613 iis
1405 4559 1661 4614 virtutem
1705 4562 1940 4617 maxime
1984 4565 2081 4618 tri-

503 4645 757 4709 buamus,
820 4660 944 4699 cum
1000 4661 1097 4700 eos
1146 4647 1320 4702 bonos
1368 4662 1489 4703 esse
1539 4649 1886 4706 conﬁtemur.
1946 4653 2079 4724 Age,

505 4751 685 4791 nonne
720 4739 1101 4807 temperantia,
1156 4749 1211 4793 et
1266 4741 1599 4821 intelligendi
1643 4740 1902 4799 facultate
1946 4760 2082 4813 pra:-

503 4839 668 4895 stare,
722 4829 908 4884 virtuti
960 4832 1329 4900 assignamus,
1361 4835 1604 4904 vitioque
1664 4838 1937 4891 contraria
1962 4838 1986 4890 ?
2013 4868 2082 4876 —

505 4921 669 4986 Sane,
704 4922 1072 4994 assignamus.
1098 4955 1168 4966 —
1193 4924 1333 4991 Quid
1366 4927 1533 4981 vero?
1565 4942 1670 4981 non
1699 4928 1861 4982 etiam
1895 4931 2080 4985 virtuti

503 5012 874 5079 fortitudinem
896 5055 910 5079 ,
948 5015 1290 5071 timiditatem
1348 5018 1512 5073 vitio?
1533 5051 1600 5061 —
1620 5017 1875 5077 Prorsus.
1905 5054 1975 5063 —
2004 5022 2082 5078 Ex

504 5104 697 5161 iisdem
729 5107 973 5177 nunquid
1011 5106 1115 5161 alia
1151 5110 1328 5179 turpia
1350 5150 1364 5173 ,
1395 5110 1625 5167 honesta
1668 5113 1773 5168 alia
1806 5131 1928 5171 esse
1949 5117 2084 5170 dici-

504 5195 673 5253 mus?
700 5229 770 5238 —
800 5196 866 5253 Et
912 5202 1245 5256 necessario.
1276 5231 1329 5241 -—-
1376 5202 1660 5267 Praeterea,
1687 5208 1731 5261 si
1778 5224 1899 5277 quae
1929 5210 1984 5264 in
2016 5210 2084 5266 iis

575 5440 685 5511 (45)
724 5442 986 5515 Ταράττῃ
1014 5444 1224 5515 τανῦν.
1259 5443 1385 5499 llaec
1417 5446 1557 5515 apud
1584 5444 1862 5502 Platonem
1897 5448 1968 5503 ita
2005 5449 2084 5505 le-

503 5528 618 5579 ges,
651 5514 895 5585 ταράττῃ
922 5514 1086 5569 τανῦν
1133 5516 1190 5567 ὲν
1232 5515 1402 5569 ἅπασι
1437 5514 1666 5580 τούτοις*
1706 5517 1827 5571 ίδὼν
1867 5520 1898 5585 ἢ
1938 5521 2002 5572 δι’
2028 5540 2082 5574 α.

505 5600 558 5659 α.
586 5600 642 5653 η.
672 5600 726 5637 κ.
756 5601 813 5659 π.
845 5585 1012 5659 αὐτὸς
1037 5586 1314 5657 αὐτόπτης
1359 5587 1678 5658 προστυχὼν
1700 5631 1713 5652 ,
1741 5599 1843 5644 etc.
1881 5585 1995 5659 Ego
2025 5592 2087 5645 li-

504 5651 691 5726 benter
731 5655 909 5707 αὐτῶν
961 5673 1066 5707 τινι
1111 5651 1491 5725 expunxerini,
1544 5651 1787 5726 scqttitttt'
1830 5651 1973 5713 enim
2021 5663 2089 5715 de

502 5724 751 5792 pluribus
781 5726 1085 5797 γενομένων
1120 5724 1248 5781 τισί.
1278 5730 1342 5782 At
1372 5729 1500 5785 ὅταν
1531 5724 1756 5796 retineo,
1787 5734 2086 5802 praesertim

2187 4573 2320 4627 μεν;
2350 4586 2420 4594 -
2456 4557 2712 4627 Ἀνάγκη.
2734 4587 2804 4596 -
2848 4558 2957 4611 Καὶ
2990 4558 3096 4611 τῶν
3130 4562 3227 4629 μὲν
3273 4562 3575 4632 προσήκειν
3608 4561 3744 4630 ἡμῖν,

2183 4648 2340 4718 εἴπερ
2367 4647 2539 4700 ὁπόσα
2567 4647 2804 4719 φλαῦρα,
2833 4647 2972 4711 θεοῖς
3001 4648 3057 4701 δὲ
3076 4648 3198 4701 οὔτε
3224 4650 3366 4721 μέγα
3383 4650 3505 4704 οὔτε
3537 4648 3745 4722 σμικρὸν

2183 4737 2289 4812 τῶν
2322 4737 2577 4791 τοιούτων
2634 4739 2792 4807 μετὸν
2841 4740 3106 4812 ὲροῦμενς
3136 4772 3203 4780 -
3246 4742 3356 4795 Καὶ
3405 4742 3560 4797 ταῦθ’
3595 4740 3746 4803 οὓτως

2184 4808 2436 4899 ὁμολογοῖ
2464 4830 2570 4893 πᾶς
2605 4830 2831 4884 lim—Ti
2870 4808 2988 4897 δαί,
3023 4831 3287 4903 ἀμέλειάν
3315 4850 3395 4896 τε,
3424 4834 3517 4887 καὶ
3545 4830 3741 4905 ἀργίαν,

2187 4922 2279 4974 καὶ
2310 4922 2538 4993 τρυφὴν,
2573 4923 2653 4986 εἰς
2695 4923 2894 4996 ἀρετὴν
2936 4923 3115 4995 ψυχῆς
3148 4923 3416 4997 θήσομεν;
3448 4926 3482 4997 ἢ
3526 4924 3637 4987 πῶς
3668 4920 3741 4973 λέ-

2186 5030 2333 5081 γεις;
2360 5044 2426 5053 --
2448 5015 2557 5068 Καὶ
2581 5015 2697 5079 πῶς
2719 5031 2733 5080 ;
2757 5045 2825 5053 -
2862 5016 2997 5083 Ἀλλ’
3028 5018 3108 5080 εἰς
3138 5016 3741 5083 τούναντίον;--Ναί.-

2187 5108 2455 5159 Τάναντία
2485 5109 2591 5176 ἄρα
2623 5107 2830 5171 τούτοις
2853 5110 2932 5171 εἰς
2960 5109 3265 5163 τούναντίον
3287 5128 3301 5176 ;
3326 5140 3395 5148 -—
3423 5102 3739 5163 Τούναντίον.

2186 5230 2254 5239 -—
2284 5200 2348 5252 Τί
2398 5195 2525 5265 οὗν;
2587 5198 2805 5270 τρυφῶν
2826 5237 2840 5264 ,
2889 5201 2984 5255 καὶ
3018 5201 3225 5273 ἀμελὴς
3249 5241 3263 5267 ,
3295 5202 3461 5272 ἀργός
3501 5218 3593 5265 τε,
3639 5196 3741 5251 ὃνὸ

2189 5467 2311 5527 cum
2348 5459 2608 5527 sequatur
2640 5451 2779 5527 eri-.5.
2810 5450 2986 5506 Credo
3018 5451 3179 5505 etiam
3206 5449 3329 5504 ἰδὼν
3364 5449 3734 5527 abessc_p0§§€.

2192 5523 2295 5576 nisi
2331 5514 2440 5586 sit,
2476 5521 2651 5586 εἰδὼς,
2698 5524 2838 5575 scire
2873 5533 3051 5577 autem
3091 5530 3286 5592 potest,
3318 5535 3411 5578 seu
3443 5514 3595 5592 quod
3614 5514 3740 5575 vidc-

2191 5593 2280 5651 rit.
2316 5608 2409 5645 seu
2443 5593 2584 5660 quod
2617 5593 2868 5646 audierit.

2264 5664 2375 5731 (illi)
2408 5666 2686 5733 Ιιροσιόν.
2718 5663 2929 5719 Mallem
2962 5665 3164 5736 προϊὸ).
