3872 6368
168 273 280 333 1069

1240 267 1560 326 ΡΒίΕΡΛΒ.
1607 270 1860 326 EVANG.
1892 271 2020 326 LIB.
2064 271 2178 328 XII.

3207 274 3344 328 1050

166 388 351 459 ποιητής
389 385 509 457 (45)
553 385 756 456 κηφῆσι
809 383 1113 455 κοθούροισι
1166 385 1398 456 μάλιστα
1457 386 1664 441 εἴκελον

1773 388 1962 444 vitiosa
1992 397 2141 452 sunt,
2172 405 2235 443 ea
2265 388 2441 443 locum
2474 388 2527 443 in
2568 390 2728 445 nobis
2762 390 2961 445 habere
3011 405 3190 459 posse,
3225 395 3346 443 nul-

166 484 355 553 ἔφασκεν
403 477 561 541 εἶναι,
589 475 810 548 γίγνοιτ’
845 476 910 530 ἂν
960 479 989 530 ὁ
1040 477 1277 541 τοιοῦτος
1334 469 1470 548 (46)~
1507 480 1669 532 πᾶσιν

165 567 361 645 ήμῖνςς-
384 562 661 634 Ὀρθὸτατά
687 579 748 632 γε
775 561 962 616 εἰπών.
987 594 1054 604 -
1081 561 1290 616 Οὐκοῦν
1321 563 1412 616 τόν
1438 581 1501 632 γε
1537 563 1669 618 Θεὸν

161 658 209 710 οὐ
237 657 396 729 ῥητέον
427 655 562 725 ἔχειν
589 651 718 726 ἦθος
735 655 997 720 τοιοῦτον,
1027 657 1054 709 ὃ
1075 655 1139 724 γέ
1170 673 1251 709 τοι
1284 656 1447 720 αὐτὸς
1484 659 1665 727 μισεῖ·

162 747 219 817 τῷ
241 745 287 798 δέ
307 763 352 798 τι
371 743 593 799 τοιοῦτον
622 744 951 814 φθέγγεσθαι
974 746 1295 817 πειρωμένῳ
1316 745 1414 798 οὐκ
1453 747 1671 816 ἐπιτρε-

163 839 298 892 πτέον.
322 868 381 878 -
411 837 482 890 Οὐ
515 835 612 907 μὲν
642 837 740 909 δή·
793 837 911 902 πῶς
943 837 1052 909 γὰρ
1077 838 1142 892 ἄν
1161 854 1176 903 ;
1198 867 1268 876 --
1299 831 1369 909 ᾯ
1400 838 1464 908 δή
1499 855 1667 909 προσ-

161 933 252 1000 ήκει
295 930 380 1000 μὲν
425 931 676 1001 πράττειν
722 932 817 984 καὶ
881 929 1259 1002 ἐπιμελεῖσθαι
1307 930 1672 1002 διαφερόντως

157 1016 290 1079 τινόςσ
338 1018 364 1068 ὀ
394 1015 445 1069 δὲ
500 1017 688 1070 τούτου
736 1017 830 1071 τοῦ
872 1018 1061 1087 γένους
1105 1018 1213 1072 τῶν
1266 1019 1367 1090 μὲν
1421 1019 1669 1090 μεγάλων

157 1109 454 1179 ἐπιμελεῖται,
483 1110 588 1163 τῶν
621 1111 870 1183 σμικρῶν
895 1112 952 1166 δὲ
1004 1112 1215 1183 ἀμελεῖ,
1251 1112 1392 1166 κατά
1432 1113 1552 1166 τίνα
1577 1107 1670 1168 οὖν

155 1200 440 1265 ἐπαινοῦντες
481 1203 570 1254 τὸν
614 1203 855 1259 τοιοῦτον
888 1204 1064 1273 λόγον,
1096 1205 1196 1258 οὐκ
1245 1203 1312 1258 ἂν
1355 1206 1670 1260 παντάπασι

154 1294 528 1365 τλημμελοῖμεν;
548 1295 848 1366 Σκοπῶμεν
865 1296 921 1349 δὲ
943 1290 1196 1367 ὧδε.⁷Δρ’
1209 1295 1269 1350 οὐ
1289 1297 1428 1350 κατά
1447 1296 1540 1350 δύο
1556 1297 1669 1369 εῖδη

151 1387 398 1441 τὸτοιοῦτον
414 1389 675 1459 πράττειὸ
689 1390 962 1461 πράττων,
977 1391 1082 1443 εἴτε
1099 1391 1231 1452 Θεὸς
1242 1392 1348 1444 εἴτε
1363 1391 1668 1463 ἄνθρωπος;

152 1477 331 1548 -ΙΙοίῳ
350 1478 406 1547 δὴ
434 1478 662 1549 λέγομεν
689 1479 829 1550 (47);
851 1481 1002 1532 -Ἦ
1029 1480 1288 1552 διαφέρον
1314 1481 1464 1535 οὐδὲν
1487 1482 1668 1552 οἰόμε-

149 1586 214 1631 νος
233 1563 349 1622 εἶναι
365 1569 435 1640 τῷ
455 1570 582 1640 ὅλῳ,
605 1570 993 1640 ἀμελουμένων
1024 1571 1133 1624 τῶν
1156 1572 1422 1643 σμικρῶν,
1441 1573 1474 1642 ἢ
1503 1574 1667 1644 ρᾳθυ-

151 1660 224 1730 μίᾳ
241 1662 317 1714 καὶ
340 1666 530 1733 τρυφῇ.
550 1665 599 1715 εἰ
625 1663 874 1735 διαφέρει
902 1665 930 1716 ὁ
949 1663 1006 1716 δὲ
1039 1665 1249 1734 ἀμελεῖ·
1275 1665 1306 1737 ἢ
1335 1665 1480 1719 ἔστιν
1496 1666 1670 1732 ἄλλως

1773 479 1882 534 lum
1913 480 1967 535 in
1991 480 2138 535 diis?
2160 513 2231 525 —
2267 479 2342 535 Ne
2375 483 2518 536 istud
2545 483 2764 553 quidem
2797 499 2827 537 a
2863 498 3137 554 quoquam
3182 498 3344 552 nege-

1772 572 2140 638 tur.——Jam,
2190 575 2594 644 negligentiam,
2643 576 2813 629 otium
2890 585 3055 645 atqtte
3100 575 3342 638 delicias,

1771 673 1953 718 utrum
1986 662 2154 718 animi
2196 663 2381 716 virtuti
2415 664 2728 728 tribuimus,
2767 680 2834 718 an
2866 666 3012 718 non?
3062 663 3162 730 Qui
3198 664 3342 718 enim

1772 755 2116 811 tribuamus?
2152 755 2288 810 Num
2323 756 2488 826 igitur
2524 758 2900 811 eontrario?—
2932 756 3184 812 Certe.—
3212 756 3345 824 Qua

1771 858 1899 902 sunt
1929 847 2095 918 igitur
2117 847 2186 903 iis
2211 849 2504 912 contraria,
2530 851 2806 904 contrario
2831 849 3251 920 assignabimus.
3274 878 3345 888 —

1771 935 1846 990 lta
1870 979 1884 1000 ,
1916 939 2212 993 contrario.
2240 968 2310 978 ——
2337 938 2478 1006 Quid
2520 940 2717 1010 igitur?
2765 940 3026 1011 Quisquis
3066 941 3342 1006 deliciose,

1771 1030 2104 1100 negligenter
2144 1043 2198 1086 et
2237 1031 2409 1086 otiose
2440 1032 2602 1098 vivit,
2649 1048 2832 1088 nonne
2862 1033 2908 1089 is
2932 1032 3200 1102 ejusmodi
3232 1049 3348 1088 me-

1772 1122 1879 1177 rito
1905 1137 1934 1176 a
1960 1121 2119 1176 nobis
2163 1123 2422 1177 omnibus
2467 1123 2752 1190 habeatur,
2795 1139 2956 1194 quem
2990 1123 3129 1179 fucis
3158 1124 3346 1178 inerti-

1772 1211 1875 1266 bus
1925 1210 2262 1266 simillimum
2316 1221 2476 1281 poeta
2520 1210 3039 1282 vocat?—Optime
3097 1212 3186 1266 ille
3229 1213 3348 1282 qui-

1771 1303 2012 1357 dem.—
2047 1301 2188 1372 Ergo
2233 1318 2333 1357 nec
2385 1303 2420 1356 ii
2481 1319 2660 1358 mores
2708 1302 2816 1358 Deo
2863 1303 3154 1366 tribuendi,
3205 1318 3348 1373 quos

1772 1396 1998 1466 ipsemet
2031 1395 2226 1461 oderit,
2265 1411 2364 1450 nec
2389 1395 2644 1450 ferendus
2673 1398 2986 1466 quisquam,
3019 1397 3112 1467 qui
3164 1397 3235 1449 ita
3267 1396 3347 1449 lo-

1771 1489 1865 1558 qui
1917 1488 2134 1542 audeat.
2159 1517 2228 1526 ——
2252 1485 2516 1542 Neutrum
2544 1503 2675 1542 sane
2707 1507 2720 1541 :
2759 1488 2852 1558 qui
2877 1489 3020 1542 enirn
3047 1487 3346 1543 deceat?—

1770 1576 1889 1631 Jam
1921 1577 2080 1647 cujus
2108 1577 2181 1632 sit
2204 1577 2407 1646 aliquid
2431 1577 2639 1631 eliieere
2665 1577 2862 1641 simul,
2894 1586 2947 1631 et
2995 1577 3255 1646 majorem
3289 1576 3349 1631 in

1775 1667 1997 1721 modum
2032 1682 2249 1736 curare,
2288 1667 2334 1721 is
2362 1667 2405 1721 si
2439 1682 2501 1720 ex
2531 1681 2595 1720 eo
2625 1683 2820 1738 genere
2856 1668 3063 1735 majora
3111 1667 3347 1734 curabit,

148 1769 232 1817 τως
254 1755 520 1826 γιγνομένη
548 1756 814 1827 ἀμέλεια;
844 1756 918 1810 Οὐ
944 1757 1053 1828 γάρ
1079 1774 1203 1822 που,
1223 1759 1352 1812 ὅταν
1377 1777 1440 1828 γε
1471 1760 1668 1814 ἀδύνα-

1774 1756 2006 1826 negliget
2036 1757 2269 1822 minora,
2329 1772 2435 1826 qua
2467 1757 2678 1810 tandem
2711 1772 2834 1812 eum
2865 1756 3024 1811 laude
3053 1772 3349 1826 proseque-

147 1840 263 1917 τον
288 1845 382 1897 τῶν
413 1847 628 1900 πάντων
663 1848 1060 1918 ἐπιμελεῖσθαι,
1093 1851 1214 1904 τότε
1259 1851 1488 1922 ἀμέλεια
1517 1851 1668 1905 ἔσται

145 1936 223 1989 τῶν
249 1939 471 2010 σμικρῶν
499 1940 530 2011 ἢ
591 1940 871 2010 μεγάλων,
910 1941 984 2013 μὴ
1019 1943 1463 2014 ἐπιμελουμένῳ,
1497 1939 1570 1996 ῶν
1603 1943 1668 1997 ἀν

143 2028 318 2098 δυνάμει
333 2029 478 2094 Θεὸς,
503 2032 535 2103 ἢ
569 2033 774 2102 φαῦλός
799 2051 880 2098 τις
912 2032 986 2086 ῶν
1019 2034 1260 2106 ἐλλιπὴς,
1287 2036 1379 2088 καὶ
1413 2034 1487 2106 μὴ
1512 2035 1669 2089 δυνα-

140 2122 206 2184 τὸς
228 2124 576 2194 ἐπιμελεῖσθαι
615 2125 886 2198 γίγνηται.
927 2157 997 2167 —
1021 2126 1145 2191 Πῶς
1177 2127 1287 2199 γὰρ
1320 2127 1421 2193 ἄν;
1459 2159 1528 2166 —
1555 2127 1666 2180 Νῦν

139 2214 184 2282 δὴ
204 2214 278 2267 δύο
297 2215 435 2280 ὄντες
467 2219 650 2287 τρισὶν
685 2221 816 2290 ἡμῖν
858 2215 1009 2272 οὖσιν
1057 2219 1567 2291 ἀποκρινάσθωσαν,
1617 2222 1665 2272 οῖ

140 2305 254 2369 Θεοὺς
287 2310 373 2378 μὲν
399 2311 704 2382 ἀμφότεροι
737 2310 1125 2382 ὁμολογοῦντες
1189 2308 1350 2376 εἶναι,
1393 2329 1666 2383 παραιτη-

137 2402 228 2462 τοὺς
245 2401 293 2453 δὲ
324 2403 534 2473 ἔτερος,
589 2407 620 2458 ὁ
651 2404 707 2457 δὲ
739 2405 960 2474 ἀμελεῖς
989 2405 1096 2457 τῶν
1132 2405 1398 2477 σμικρῶν.
1447 2405 1668 2476 Πρῶτον

139 2493 210 2560 μὲν
235 2492 369 2560 θεοὺς
398 2497 703 2567 ἀμφότεροί
738 2515 873 2566 φατε
903 2496 1214 2566 γινώσκειν,
1261 2499 1354 2550 καὶ
1387 2498 1542 2568 ὁρᾷν,
1574 2497 1669 2549 καὶ

136 2582 303 2636 ἀκούειν
335 2587 526 2650 πάντα,
559 2587 749 2640 λαθεῖν
780 2589 836 2641 δὲ
868 2589 1066 2652 αὐτοὺς
1094 2588 1247 2642 οὐδὲν
1274 2587 1494 2639 δυνατὸν
1528 2582 1668 2638 εἶναι

136 2673 213 2724 τῶν
245 2677 437 2731 ὁπόσων
492 2680 639 2732 εἰσὶν
688 2681 742 2732 αἱ
781 2681 1061 2752 αἰσθήσεις
1101 2697 1158 2732 τε
1203 2679 1298 2732 καὶ
1345 2679 1664 2748 ἐπιστῆμαι.

134 2767 274 2839 Ταύτῃ
294 2769 345 2822 δέ
375 2789 437 2839 γε
463 2772 658 2841 λέγετε
687 2773 832 2843 ἔχειν
881 2773 1072 2836 ταῦτα,
1107 2773 1139 2843 ἢ
1191 2773 1342 2836 πῶςς
1375 2803 1440 2809 --
1459 2771 1664 2832 Οὕτως-

134 2889 183 2897 —-
204 2861 255 2911 Τί
281 2863 392 2926 δσί;
442 2863 710 2917 δύνασθαι
739 2865 916 2918 πάντα
943 2865 1154 2920 ὁπόσων
1184 2861 1250 2918 αὖ
1283 2864 1509 2935 δύναμίς
1555 2865 1670 2916 ἐστι

131 2953 298 3025 Θνητοῖς
316 2973 368 3010 τε
393 2959 486 3011 καὶ
514 2957 812 3021 ἀθανάτοις
829 2957 1043 3023 ;-Πῶς
1068 2957 1176 3030 γὰρ
1203 2958 1265 3009 οὗ
1291 2959 1672 3029 συγχωρήσον-

131 3059 195 3096 τσι
220 3048 487 3100 καὶταῦτα
511 3049 695 3111 οὕτως
729 3048 902 3118 ἔχειν;
930 3077 1000 3088 --
1031 3048 1141 3099 Καὶ
1187 3048 1294 3118 μὴν
1326 3046 1565 3116 ἀγαθούς
1609 3064 1667 3100 τε

1771 1863 1913 1910 mur,
1940 1846 2070 1916 quin
2107 1854 2221 1900 toto
2252 1847 2392 1902 coelo
2415 1847 2770 1901 aberremus?
2807 1848 3096 1901 Enimvero
3125 1848 3204 1902 sic
3228 1849 3349 1918 phi-

1771 1938 2142 2007 IOSOphemur.
2180 1936 2373 1992 Nonne
2402 1937 2565 2009 632
2590 1937 2680 2007 qui
2717 1937 2919 2007 aliquid
2962 1937 3231 2007 ejusmodi
3267 1938 3348 1992 fa-

1771 2029 1896 2095 ciat,
1935 2031 1980 2084 is
2008 2031 2124 2083 sive
2153 2029 2294 2083 Deus
2327 2029 2513 2093 fuerit,
2546 2030 2659 2084 sive
2709 2029 2892 2094 homo,
2920 2029 3136 2084 duobus
3168 2031 3349 2086 modis

1771 2123 1871 2175 hoc
1905 2119 2129 2176 fecerit?
2159 2151 2225 2159 —
2256 2120 2464 2186 Quibus
2496 2120 2747 2174 tamlem?
2770 2149 2840 2160 —
2860 2118 2988 2182 Aut,
3020 2121 3164 2189 quod
3193 2121 3339 2175 illam

1770 2228 1948 2266 rerum
1977 2213 2248 2267 minorum
2282 2213 2716 2282 despicientiatn,
2737 2213 2902 2267 totius
2937 2213 3175 2268 universi
3210 2214 3345 2267 nihil

1772 2307 2034 2361 interesse
2061 2317 2232 2376 putet,
2279 2319 2374 2361 aut
2403 2307 2446 2361 si
2481 2323 2604 2360 eum
2639 2305 2876 2371 intersit,
2907 2308 3144 2378 negligat
3168 2321 3345 2362 tatnen

1768 2399 1913 2468 quod
1966 2399 2179 2468 pigritia
2228 2400 2550 2469 deliciisque
2608 2399 2900 2454 vincatur:
2939 2401 3042 2454 nisi
3089 2402 3194 2454 alia
3251 2401 3348 2455 tibi

1768 2492 2014 2562 quzedam
2065 2495 2308 2547 occurrit
2354 2493 2692 2563 negligentiae
2741 2495 2898 2548 ratio.
2959 2491 3069 2548 Nec
3115 2493 3261 2548 enim
3302 2494 3348 2547 si

1770 2585 2014 2638 omnium
2053 2585 2276 2638 omnino
2307 2584 2496 2639 haberi
2545 2601 2674 2638 cura
2732 2602 2840 2640 non
2873 2587 3076 2655 possit,
3104 2586 3154 2640 ei
3179 2585 3352 2656 negli-

1770 2677 1964 2747 gentia:
1994 2677 2286 2744 tribuatur,
2339 2679 2432 2748 qui
2479 2694 2661 2732 rerum
2692 2680 2772 2733 vel
2808 2680 3082 2734 minorum
3120 2681 3203 2736 vel
3233 2696 3350 2735 ma—

1766 2770 1948 2838 jorum
1974 2784 2162 2822 curam
2197 2784 2304 2823 non
2349 2769 2609 2840 suscipiat
2631 2809 2646 2834 ,
2675 2771 2876 2839 quibus
2917 2773 3200 2838 curandis,
3233 2775 3350 2830 sive

1771 2863 1935 2930 Deus,
1974 2865 2087 2920 sive
2121 2864 2378 2918 humilior
2407 2865 2703 2934 quispiam,
2735 2875 2952 2935 propter
2977 2865 3341 2920 infirmitatem

1772 2971 1926 3010 suam
1957 2972 2052 3024 par
2074 2970 2194 3009 esse
2221 2970 2328 3008 non
2354 2955 2546 3024 possit.
2577 2985 2649 2994 --
2681 2954 2816 3022 Quis
2839 2957 2982 3009 enim
3018 2955 3068 3008 id
3107 2955 3230 3024 jure
3270 2955 3348 3010 fe—

1773 3048 1946 3104 cerit?
1971 3077 2039 3088 —
2068 3046 2223 3101 Nunc
2267 3046 2430 3116 igitur
2473 3048 2630 3101 nobis
2663 3048 2836 3102 tribus
2861 3048 2968 3102 duo
2995 3047 3082 3101 isti
3118 3062 3348 3116 respon-

130 3136 196 3186 καὶ
213 3139 442 3207 ἀρίστους
462 3137 909 3209 ὡμολογήκαμεν
932 3138 1130 3200 αὐτοὺς
1150 3133 1290 3192 εἶναι
1314 3138 1474 3190 πέντε
1497 3137 1665 3202 ὄντες.

1773 3140 1954 3202 deant,
1989 3139 2081 3209 qui
2111 3154 2234 3192 cum
2268 3139 2430 3192 ambo
2459 3140 2590 3195 deos
2625 3155 2745 3194 esse
2774 3139 3076 3202 fateantur,
3127 3141 3346 3193 eosdem

131 3226 375 3299 -Σςδὸδρα
397 3247 480 3298 γε.
500 3260 574 3268 —-—
602 3226 725 3301 Ἆρ’
761 3226 854 3283 οὖν
884 3232 945 3283 οὐ
980 3229 1220 3302 ῥᾳθυμίᾳ
1252 3231 1350 3302 μὲν
1375 3233 1469 3283 καὶ
1488 3233 1666 3302 τρυφῇ

126 3317 336 3373 ἀδύνατον
367 3325 570 3386 αὐτοὺς
600 3322 882 3394 ὁμολογεῖν
915 3325 1173 3394 πράττειν
1200 3323 1375 3375 ὁτιοῦν
1399 3323 1460 3375 τὸ
1490 3323 1668 3394 παρά-

127 3422 230 3471 πιν,
272 3411 421 3475 ὄντας
449 3429 514 3480 γε
553 3413 704 3475 οἴους
739 3412 1008 3482 λέγομεν;
1055 3412 1264 3474 Δειλίας
1295 3411 1403 3483 γάρ
1454 3412 1671 3481 ἔγγονος

126 3498 166 3551 έν
191 3519 243 3569 γε
267 3505 390 3572 ἡμῖν
428 3506 627 3575 ἀργία,
659 3504 900 3576 ῥᾳθυμία
934 3505 988 3556 δὲ
1020 3503 1218 3574 ἀργίας
1247 3505 1339 3556 καὶ
1365 3504 1673 3575 τρυφῆς.-

136 3592 456 3664 Ἀλήθέστατα
500 3598 708 3664 λέγεις.
734 3626 801 3634 ··-
839 3596 1032 3668 Ἀργίᾳ
1089 3598 1184 3666 μὲν
1214 3597 1278 3666 δὴ
1309 3598 1400 3649 καὶ
1430 3595 1672 3668 ῥᾳθυμίᾳ

125 3689 262 3756 οὐδεὶς
290 3694 478 3764 ἀμελεῖ
513 3694 687 3747 θεῶν·
727 3695 785 3745 οὐ
821 3694 929 3764 γὰρ
960 3695 1207 3763 μέτεστιν
1248 3693 1396 3764 αὐτῷ
1431 3711 1530 3746 που
1561 3695 1670 3747 δει-

127 3780 236 3845 λίας.
269 3817 333 3826 —
381 3787 687 3857 ὐρθότατα
735 3785 933 3853 λέγεις.
976 3818 1043 3825 —
1089 3785 1296 3840 Οὐκοῦν
1349 3785 1409 3838 τὸ
1452 3787 1669 3851 λοιπὸν,

125 3873 245 3946 εἴπερ
272 3878 528 3947 ἀμελοῦσι
554 3877 668 3930 τῶν
699 3878 945 3949 σμικρῶν
976 3878 1068 3954 καὶ
1102 3878 1298 3945 ὀλίγων
1320 3877 1428 3930 τῶν
1461 3879 1589 3948 περὶ
1612 3879 1673 3931 τὸ

127 3968 227 4030 πᾶν,
264 3970 294 4040 ἦ
335 3970 736 4038 γινώσκοντες,
770 3971 844 4033 ὡς
887 3971 948 4022 τὸ
995 3972 1259 4042 παράπαν
1306 3969 1515 4034 οὐδενὸς
1566 3970 1672 4022 τῶν

125 4060 336 4114 τοιούτων
362 4061 748 4134 ἐπιμελεῖσθαι
778 4061 876 4128 δεῖ,
925 4063 1098 4134 δρῷεν
1131 4061 1196 4114 ἂν
1236 4061 1413 4127 τοῦτο,
1456 4063 1488 4133 ῆ
1521 4061 1573 4112 τί
1614 4061 1673 4113 τὸ

124 4149 271 4206 λοιπὸν
293 4156 430 4226 πλὴν
469 4158 569 4210 τοῦ
603 4155 893 4224 γινώσκειν
921 4155 1266 4220 τούναντίον;
1293 4183 1361 4192 -——
1395 4155 1580 4209 Οὐδέν.
1604 4145 1674 4194 έ-

122 4244 317 4318 Πότερον
343 4245 456 4312 οὖν,
495 4243 542 4302 ὦ
574 4249 765 4320 ἄριστε
802 4248 896 4300 καὶ
955 4245 1200 4316 βέλτιστε
1222 4287 1236 4310 ,
1265 4245 1446 4317 θῶμέν
1490 4263 1548 4298 σε
1582 4245 1672 4297 λέ-

127 4353 279 4404 γοντα,
310 4341 384 4406 ὡς
417 4341 756 4410 ἀγνοοῦντάς
813 4357 893 4403 τε,
950 4338 1080 4401 καὶ,
1113 4337 1229 4390 δέον
1275 4338 1672 4408 ἐπιμελεῖσθαι,

121 4429 172 4481 δι’
195 4433 397 4500 ἄγνοιαν
425 4433 792 4506 ἀμελοῦντας,
828 4433 860 4503 ἢ
900 4432 1266 4500 γινώσκοντας
1313 4433 1396 4484 ὅτι
1428 4432 1510 4485 δεῖ
1543 4433 1674 4502 (κα-

122 4519 264 4595 θάπερ
294 4529 340 4578 οἱ
367 4527 702 4595 φαυλότατοι
737 4525 844 4578 τῶν
871 4524 1175 4594 ἀνθρώπων
1198 4524 1448 4593 λέγονται
1475 4526 1669 4586 ποιεῖν,

121 4613 285 4680 εἰδότες
305 4618 434 4672 ἄλλα
458 4615 601 4671 εἶναι
626 4617 819 4688 βελτίω
839 4618 1120 4688 πράττειν,
1140 4610 1214 4671 ὧν
1238 4619 1301 4690 δὴ
1329 4617 1670 4689 πράττουσι),

120 4703 189 4757 διά
207 4725 341 4773 τινας
384 4711 560 4780 ἥττας
594 4709 798 4780 ἡδονῶν
829 4709 862 4780 ἢ
905 4708 1088 4761 λυπῶν
1120 4709 1180 4761 οὐ
1234 4711 1435 4772 ποιεῖν;
1459 4741 1524 4748 -——
1551 4709 1673 4772 Πῶς

120 4797 204 4869 γὰρ
225 4799 283 4853 ἄν
301 4819 386 4860 :——
398 4802 614 4856 Οὐκοῦν
644 4803 708 4871 δὴ
729 4801 800 4856 τά
819 4819 884 4871 γε
910 4801 1226 4873 ἀνθρώπινα
1252 4801 1552 4873 πράγματα
1574 4802 1673 4873 τῆς

117 4907 164 4942 τε
201 4895 429 4964 ἐμψύχου
462 4895 684 4966 μετέχει
717 4894 931 4963 φύσεως
957 4893 1092 4965 ἅμα,
1129 4895 1222 4947 καὶ
1257 4893 1672 4949 θεοσεϐέστατον

118 4983 226 5038 αὐτό
254 4990 360 5041 ἐστι
415 4991 634 5043 πάντων
671 4987 822 5054 ζώων
859 4987 1164 5058 ἄνθρωπος.
1199 5017 1265 5026 --
1303 4989 1484 5042 Ἐοικε
1519 4989 1666 5058 γοῦν.

118 5074 320 5129 -Θεῶν
349 5096 411 5146 γε
461 5079 574 5150 μὴν
608 5078 867 5148 κτήματά
916 5094 1096 5148 φαμεν
1128 5077 1268 5131 εἶναι
1296 5078 1471 5132 πάντα
1499 5081 1671 5133 ὁπόσα

120 5162 262 5237 θνητά
283 5170 393 5235 ζῶα
422 5172 456 5243 ἣ
492 5171 678 5243 νοερὰ,
712 5165 897 5242 ὦνπερ
930 5173 1023 5225 καὶ
1055 5171 1146 5225 τὸν
1178 5173 1404 5243 οὐρανὸν
1435 5174 1573 5227 ὅλον.
1608 5204 1671 5214 --

175 5327 277 5401 (45)
311 5333 365 5384 Ὁ
405 5332 683 5401 ποιητής.
726 5332 1016 5400 Hesiodus,
1043 5333 1202 5403 cujus
1237 5333 1290 5388 in
1336 5334 1491 5402 ’Ἑρ-γ.
1536 5333 1667 5387 illud

116 5409 217 5451 est:

878 5511 893 5524 .
936 5515 948 5526 .
993 5514 1008 5528 .
1052 5474 1151 5540 Ὄς
1179 5491 1284 5528 κεν
1308 5474 1519 5541 ἁεργὺς

161 5540 313 5617 Ζώη,
346 5546 662 5617 κηφήνῃσι
691 5546 998 5614 κοθούροις
1029 5546 1265 5612 εἴκελος
1293 5540 1491 5614 ὁρμήν.

177 5564 313 5613 ιιφη.
346 5564 421 5612 κη
519 5564 646 5615 νησι

119 5602 308 5687 νίψει,
329 5633 380 5671 tv
409 5564 603 5687 (ἓῗένρ.
629 5632 646 5668 ;

180 5683 426 5749 Ignavum
463 5683 613 5753 fucos
640 5704 796 5755 pecus
829 5704 863 5740 a
891 5687 1207 5755 pra’sepibtts
1232 5696 1433 5739 arcent.

180 5705 426 5749 Ignavum
463 5705 613 5753 ιιιεοε
705 5705 796 5741 cus
829 5705 863 5740 a
891 5705 1207 5755 prtesepwus
1232 5705 1433 5739 arcem.

179 5755 278 5825 (4'6)
316 5757 620 5828 Τοιοῦτος.¹
640 5705 863 5813 Ficum:
890 5768 943 5814 et
974 5758 1243 5814 Serranus
1281 5764 1516 5821 vertunt,
1547 5757 1665 5810 odio

1773 3246 1952 3286 tamen
1989 3231 2125 3284 alter
2169 3231 2384 3284 exorari
2416 3230 2595 3294 facile,
2625 3232 2761 3285 alter
2787 3247 2875 3286 res
2911 3231 3151 3285 minores
3179 3232 3349 3301 negli-

1771 3339 1895 3393 gere
1921 3323 2221 3378 contendit.
2282 3321 2594 3393 Prinripio,
2651 3325 2782 3378 deos
2829 3325 2992 3377 ambo
3048 3338 3233 3388 nosse,
3269 3324 3349 3377 vi-

1771 3417 1920 3481 dere,
1957 3415 2148 3471 audire
2177 3416 2361 3470 omnia
2391 3417 2726 3483 conceditis,
2761 3431 2825 3471 ac
2859 3416 2995 3470 nihil
3027 3430 3216 3470 eorum
3254 3429 3348 3483 pe-

1773 3510 1920 3564 nitus
1953 3510 2120 3562 latere
2150 3524 2334 3577 posse,
2365 3525 2488 3577 qu:e
2516 3509 2594 3560 vel
2631 3523 2848 3572 sensus,
2872 3508 2954 3561 vel
2982 3508 3205 3562 scientia
3230 3522 3352 3575 per-

1771 3604 1960 3674 cipiat.
2005 3601 2196 3656 Utrum
2243 3603 2297 3654 in
2328 3617 2392 3653 eo
2426 3603 2802 3668 convenimus,
2827 3618 2894 3655 an
2937 3602 3079 3656 non?
3107 3631 3177 3640 --
3202 3602 3350 3655 Cott-

1774 3698 2041 3751 venimus.
2077 3728 2146 3735 —
2179 3694 2320 3760 Quid
2373 3696 2544 3750 illud?
2597 3712 2725 3749 num
2779 3695 2899 3749 illos
2945 3695 3110 3748 etiam
3166 3693 3349 3746 omnia

1774 3806 1956 3864 posse,
1983 3805 2105 3859 qua:
2135 3788 2188 3841 in
2220 3788 2434 3842 mortali
2481 3797 2576 3842 aut
2606 3787 2900 3841 immortali
2931 3795 3194 3856 potestate
3227 3801 3350 3838 ver—

1775 3881 2207 3939 sentur?—Nam
2236 3880 2359 3951 quis
2387 3881 2489 3936 hoc
2515 3881 2680 3936 etiam
2707 3890 2865 3951 neget
2885 3879 3144 3950 ?-Atqui
3175 3879 3351 3933 bonos

1777 3978 1899 4031 illos
1921 3991 2060 4038 esse,
2091 3975 2336 4045 adeoque
2366 3974 2604 4043 Optimos
2624 4013 2638 4038 ,
2670 3972 2783 4042 jam
2813 3987 2914 4027 nos
2946 3972 3189 4042 quinque
3222 3985 3352 4026 con-

1776 4071 2064 4126 cessimus.
2093 4099 2162 4110 --
2198 4069 2262 4124 Et
2293 4069 2513 4139 quidem
2547 4066 2926 4122 libentissime.
2952 4096 3021 4106 —
3049 4064 3188 4119 Fieri
3221 4077 3352 4128 ergo

1776 4181 1882 4220 non
1910 4174 2106 4234 potest,
2145 4174 2204 4218 ut
2232 4164 2378 4234 quod
2409 4161 2678 4232 ejusmodi
2724 4176 2844 4216 esse
2870 4159 3247 4220 defendimus,
3283 4155 3352 4210 ab

1774 4256 1842 4312 iis
1868 4256 2164 4326 quidquam
2200 4255 2426 4308 omnino
2473 4253 2554 4306 vel
2603 4251 2811 4306 desidia
2863 4251 2946 4304 vel
2986 4247 3209 4303 mollitie
3236 4244 3350 4300 fieri

1775 4349 2025 4402 velimus.
2087 4344 2222 4399 Nam
2260 4353 2314 4398 et
2357 4343 2500 4413 apud
2532 4359 2632 4396 nos
2664 4340 2971 4396 timiditatis
3002 4339 3144 4392 fetus
3178 4340 3349 4391 otium

1776 4450 1894 4504 est,
1929 4437 2137 4493 desidia
2169 4453 2298 4491 vero
2322 4446 2483 4505 atque
2519 4435 2776 4489 mollities
2819 4434 2936 4488 otii.
2959 4462 3033 4473 —
3057 4429 3351 4485 Verissime

1778 4533 1881 4587 hoc
1921 4540 1976 4585 tu
2013 4532 2252 4601 quidem.
2281 4562 2351 4570 ——
2381 4529 2614 4584 Deorum
2665 4541 2796 4596 ergo
2840 4525 3021 4579 nullus
3050 4523 3350 4594 quidquam

1775 4641 1886 4696 prae
1919 4625 2032 4678 otio
2069 4624 2388 4692 desidiaque
2416 4621 2659 4692 negligit,
2692 4633 2817 4674 cum
2851 4616 3111 4671 timiditas
3143 4615 3195 4667 in
3224 4629 3351 4668 eum

1777 4720 1922 4774 nulla
1957 4718 2134 4775 cadat.
2163 4748 2233 4756 —
2263 4716 2328 4771 Et
2359 4716 2502 4770 istud
2535 4729 2698 4784 quam
2730 4712 2952 4782 optime.
2979 4738 3049 4748 ——
3086 4707 3274 4774 Igitur,
3305 4708 3351 4761 si

1776 4831 1958 4870 rerum
1981 4815 2098 4870 'hoc
2128 4814 2179 4868 in
2216 4814 2476 4868 universo
2505 4812 2777 4865 minorum
2813 4823 2876 4862 ac
2913 4807 3221 4862 tenuiorum
3257 4821 3353 4859 cu-

1773 4924 1890 4962 ram
1923 4907 2492 4978 abjiciunt,reliquum
2519 4917 2622 4967 est,
2661 4905 2712 4958 id
2737 4912 2797 4957 ut
2827 4900 3050 4963 faciant,
3081 4908 3174 4953 aut
3207 4898 3352 4967 quod

1773 4999 1911 5053 nihil
1943 5014 2169 5068 prorsus
2195 5013 2386 5052 eorum
2423 4997 2528 5052 sibi
2575 4994 2880 5050 curandum
2914 5007 3037 5046 esse
3065 5000 3348 5054 statuant;

1773 5102 1867 5147 aut
1891 5092 2021 5162 quid
2055 5091 2202 5144 aliud
2229 5097 2500 5160 superest,
2552 5088 2656 5142 nisi
2689 5096 2746 5140 ut
2769 5096 2958 5140 contra
2985 5082 3262 5138 sentiant?
3285 5110 3352 5120 -—

1772 5185 1939 5241 Nihil.
1976 5218 2047 5226 —
2080 5183 2272 5239 Utrum
2302 5182 2489 5254 igitur,
2524 5180 2606 5233 vir
2645 5179 2870 5249 optime,
2906 5177 3039 5232 deos
3068 5174 3352 5232 existimas

1771 5340 2044 5414 Qabeatur.
2076 5338 2208 5414 Qua}
2250 5339 2434 5414 odium
2479 5335 2764 5414 signiticet,
2796 5349 2898 5388 vox
2931 5332 3075 5412 nulla
3101 5339 3217 5414 est;
3253 5327 3348 5414 sed

1769 5411 2044 5465 Platonica
2087 5400 2372 5478 traiectio,
2415 5400 2573 5476 quasi
2620 5406 2833 5478 diceret
2868 5402 3106 5464 τοιοῦτος
3152 5400 3218 5478 ἀν
3260 5400 3348 5466 γί-

1769 5497 1981 5550 γνοιτο,
2016 5480 2074 5533 ὃν
2104 5482 2132 5533 ὁ
2178 5471 2447 5550 ποιητής,
2479 5487 2581 5530 etc.
2630 5473 2906 5530 Articulus
2939 5478 3119 5528 autem
3162 5471 3191 5522 ὁ
3223 5484 3347 5523 cum

1768 5549 2006 5615 τοιοῦτος
2044 5552 2219 5605 Attice
2246 5549 2700 5616 eonjunetusiest.

1839 5622 1950 5692 (47)
1984 5608 2139 5685 flcio)
2165 5621 2242 5687 δὴ
2271 5608 2542 5692 deire-per.
2579 5615 2828 5683 Rectius,
2857 5628 3021 5686 quam
3050 5611 3195 5686 apud
3216 5608 3346 5668 Pla-

1770 5690 1947 5749 loncm
1978 5692 2118 5762 Ποίῳ
2143 5692 2204 5763 δή
2228 5708 2241 5756 ;
2278 5690 2525 5759 λέγομεν.
