3872 6368
557 282 692 340 test
986 356 989 357 ί
1266 283 1534 342 EUSEBII
1567 287 2048 346 CASSARIENSIS
2082 292 2246 347 OPP.‘
2275 287 2454 344 rans
2493 286 2558 344 ιι.
2579 319 2642 328 -
2663 287 3162 347 APOLOGETICA.
3374 278 3390 300 ‘
3583 302 3682 358 ιοδι

559 396 862 466 ignorantia
895 396 1172 460 laborare,
1201 413 1476 468 quamque
1506 400 1574 454 ab
1604 401 1669 456 iis
1699 416 1884 456 curam
1916 404 2088 474 suscir

2283 401 2345 466 ὥς
2371 402 2478 472 γὰρ
2504 400 2564 454 οὔ
2587 418 2602 466 ;
2627 427 2698 440 -
2723 401 2860 470 Ἤδη
2895 403 3072 454 τοίνυν
3105 402 3137 472 ἢ
3172 407 3360 476 σμικρὰ
3391 407 3420 476 ἢ
3447 411 3606 478 μεγάλα
3627 433 3685 480 τις
3811 425 3812 442 ‘

557 496 855 557 oporteret,
907 486 980 542 ob
1027 491 1272 544 eamdem
1326 490 1690 559 ignorantiam
1731 493 1998 562 abjicere;
2035 512 2086 549 at

2235 494 2388 563 φάτω
2415 494 2586 548 ταῦτα
2629 491 2766 548 εἶναι
2796 497 2907 557 τοῖς
2954 493 3093 556 θεοῖς
3115 512 3126 523 ·
3160 496 3262 548 οὐδ’
3305 499 3476 570 ἑτέρως
3503 503 3588 570 (⁸8)
3612 508 3687 578 γὰρ

557 595 683 634 cum
709 593 774 633 ea
803 579 906 634 sibi
935 579 1179 634 curanda
1227 595 1349 636 esse
1401 583 1682 647 noverint,
1732 593 1915 640 tamen
1961 589 2086 656 (quo

2232 591 2343 651 τοῖς
2373 586 2727 657 κεκτημένοις
2748 589 2892 656 ἡμᾶς
2919 587 3134 656 ἀμελεῖν
3155 587 3218 641 ἂν
3241 589 3318 659 εἴη
3349 592 3686 662 προσῆκον,ὲπι.

555 669 810 740 pessimis
851 669 1202 735 hominibus,
1256 687 1358 726 usu
1385 672 1566 727 venire
1609 673 1833 741 dicunt,
1882 676 1974 745 qui
2022 677 2084 731 ali

2235 679 2584 750 μελεστάτοις
2641 695 2699 746 γε
2735 673 2854 730 οὖσι
2902 679 2998 731 καὶ
3029 679 3283 747 ἀρίστοις.
3312 682 3561 753 Σκοπῶμεν
3584 687 3626 738 δὲ
3647 689 3688 758 δὴ

553 777 720 832 quam
752 776 874 831 qua:
918 760 1145 828 faciant,
1180 760 1327 818 factu
1368 765 1589 820 meliora
1626 780 1746 820 esse
1771 766 1902 822 satis
1929 767 2077 822 intell

2231 769 2326 823 καὶ
2352 769 2469 822 τόδε
2513 768 2593 820 ἔτι
2628 767 2764 838 πρὸς
2811 768 3040 830 τούτοις.
3064 799 3130 807 -
3161 768 3233 821 Τὸ
3265 771 3428 835 ποῖον;
3453 803 3510 812 —
3535 773 3688 843 Περίτε

553 853 705 922 gant)
735 866 832 906 seu
863 852 1159 922 voluptate,
1179 867 1272 907 seu
1302 853 1491 909 dolore
1518 856 1692 910 victos
1712 870 1818 910 non
1843 855 2019 910 facere
2033 857 2082 910 ί-

2229 862 2533 933 αίσθήσεως
2563 862 2655 914 καὶ
2678 860 2958 931 δυνάμεως
2980 879 2992 890 ο
3014 856 3101 930 ἆρ’
3123 860 3221 914 οὐκ
3257 862 3483 919 ἐναντίως
3513 865 3690 935 ἀλλήλοιν

552 942 685 1010 Quis
733 942 952 1000 tandem
998 945 1101 1000 hoc
1147 944 1347 1000 illudve
1389 945 1570 1001 dicat?
1597 978 1667 988 —
1699 947 1763 1000 Et
1787 947 2005 1015 quidem
2037 964 2081 1003 re

2232 953 2365 1024 πρὸς
2419 953 2698 1025 ῥᾳστώνην
2743 955 2836 1006 καὶ
2886 953 3226 1023 χαλεπότητά
3265 956 3406 1007 ἐστον
3463 959 3689 1026 meum;

552 1036 807 1092 humana:
847 1052 974 1092 cum
1020 1039 1258 1093 animata
1307 1045 1502 1092 natura
1548 1037 1782 1109 praeditas
1812 1048 1974 1106 sunt,
2009 1050 2081 1093 tm

2228 1077 2298 1086 —
2322 1044 2446 1108 Πῶς
2490 1045 2700 1114 λέγειςς
2733 1076 2801 1086 --
2835 1047 3001 1118 Ὀρᾷν
3045 1046 3146 1116 μέν
3194 1063 3294 1098 που
3339 1049 3422 1100 καὶ
3457 1049 3626 1102 ἀκούειν
3650 1052 3692 1105 τὰ

551 1142 682 1182 vero
717 1128 1088 1188 animantibus
1113 1129 1371 1186 omnibus
1402 1129 1661 1200 religione
1683 1145 1746 1185 ac
1765 1129 1950 1185 divino
1974 1131 2080 1185 cnlt

2229 1135 2436 1208 σμικρὰ
2461 1136 2836 1207 χαλεπώτερον
2869 1136 2904 1207 ἢ
2938 1136 3006 1190 τὰ
3033 1136 3241 1206 μεγάλα
3261 1154 3272 1168 ·
3294 1137 3460 1209 φέρειν
3477 1139 3523 1190 ἃ
3544 1136 3609 1204 αὖ,
3632 1141 3691 1192 καὶ

519 1218 718 1274 ριιοωο
747 1220 1042 1275 antecellit.
1080 1252 1148 1262 ——
1181 1220 1620 1276 Consentaneum
1657 1221 1706 1275 id
1741 1221 1922 1276 hercle
1947 1231 2048 1278 est.

2228 1232 2468 1300 κρατεῖν,
2501 1231 2593 1282 καὶ
2615 1228 2991 1299 ἐπιμελεῖσθαι
3037 1230 3146 1282 τῶν
3181 1229 3413 1301 σμικρῶν
3442 1231 3520 1283 καὶ
3541 1231 3692 1299 ὀλίγων,

553 1311 832 1382 Quidquid
880 1328 1044 1383 porro
1071 1313 1428 1369 animantium
1452 1354 1468 1378 ,
1515 1329 1610 1369 seu
1645 1315 1953 1369 mortalium
1974 1357 1990 1381 ,
2023 1332 2082 1370 se

2227 1323 2391 1375 παντὶ
2428 1324 2556 1393 ῥᾷον
2579 1321 2611 1392 ἦ
2633 1321 2741 1374 τῶν
2781 1321 3058 1375 ἐναντίων.
3095 1353 3162 1361 -
3184 1321 3293 1374 Καὶ
3321 1321 3442 1374 πολύ
3460 1339 3529 1389 γε.
3552 1354 3602 1363 -
3628 1325 3694 1375 1a-

551 1405 882 1475 spiritalium
931 1415 1035 1472 est,
1084 1421 1318 1477 quorum
1351 1407 1404 1462 in
1443 1423 1671 1462 numero
1698 1417 1869 1462 totum
1903 1424 2080 1479 quoqu

2226 1412 2338 1486 τρῷ
2376 1412 2439 1484 δὴ
2503 1411 2978 1482 προστεταγμένον
3005 1412 3125 1465 ὃλον
3170 1429 3220 1465 τι
3250 1413 3540 1483 θεραπεύειν
3568 1415 3695 1484 βουλο-

553 1499 750 1554 εαιιυω
784 1499 1102 1570 reponitur,
1151 1499 1201 1555 id
1249 1515 1410 1555 omne
1439 1500 1663 1555 deorum
1719 1501 2080 1570 possessione:

2229 1506 2375 1577 μένῳ
2431 1505 2522 1558 καὶ
2573 1505 2876 1576 δυναμένῳ,
2936 1503 3045 1558 τῶν
3100 1505 3198 1574 μὲν
3250 1506 3478 1576 μεγάλων
3514 1510 3695 1578 ἐπιμελὲς

486 1621 491 1627 -
551 1605 672 1646 esse
693 1591 1499 1663 concedimus.633-—Quidni
1528 1593 1671 1647 enim
1685 1593 1908 1648 ?——Esto
1933 1593 2015 1664 igil

2227 1598 2378 1651 ἔσται
2409 1597 2542 1668 (49),
2565 1597 2671 1650 τῶν
2698 1597 2899 1668 μορίων
2931 1595 2986 1649 δὲ
3018 1597 3111 1650 καὶ
3145 1598 3384 1669 σμικρῶν
3411 1599 3575 1669 ἀμελές
3595 1600 3694 1669 (ὅθί

552 1683 668 1737 hare
695 1697 725 1736 a
749 1682 854 1739 diis
879 1683 962 1738 vel
985 1684 1147 1739 exilia
1162 1686 1248 1739 vel
1292 1701 1487 1756 magna
1521 1685 1825 1741 habeantur
1857 1701 1871 1739 :
1905 1695 2081 1740 utrum

2224 1685 2326 1742 εἷθ’
2351 1690 2464 1760 (51)
2493 1688 2602 1754 ἔξει
2637 1689 2764 1742 ποτὲ
2789 1689 2966 1753 καλῶς
2993 1689 3124 1741 αὐτὸ
3145 1689 3203 1741 τὸ
3244 1691 3380 1756 «av;
3403 1723 3462 1730 —
3490 1691 3695 1760 Οὐδαμῶς.

551 1774 634 1830 vis
658 1775 804 1829 enim
837 1777 961 1846 quis
993 1777 1211 1842 dixerit,
1241 1794 1518 1848 nunquam
1547 1779 1616 1833 ab
1648 1779 1716 1833 iis
1745 1785 1944 1843 tamen,
1979 1794 2080 1848 quo

2168 1768 2192 1820 3
2218 1811 2286 1819 —
2301 1779 2376 1830 Οὐ
2403 1780 2508 1849 μὴν
2527 1777 2647 1830 οὐδέ
2663 1794 2727 1845 γε
2746 1776 3124 1848 κυϐερνήταις,
3157 1777 3277 1831 οὐδὲ
3311 1782 3605 1847 στρατηγοῖς,
3627 1781 3697 1833 οὐδ’

551 1881 673 1921 rum
708 1867 761 1921 in
789 1870 1136 1938 possessione
1169 1886 1381 1934 sumus,
1404 1887 1527 1926 cum
1561 1870 1721 1926 iidem
1750 1881 1804 1925 et
1831 1870 2080 1940 provideri

2217 1869 2538 1940 οἰκονόμοις,
2555 1869 2662 1922 οὐδ’
2676 1865 2742 1922 αὖ
2759 1886 2866 1921 τισι
2888 1868 3202 1934 πολιτικοῖς,
3221 1869 3328 1922 οὐδ’
3345 1869 3475 1939 άλλῳ
3488 1870 3573 1922 τῶν
3587 1872 3701 1923 τοιού-

551 1958 748 2014 tissimi
778 1969 832 2015 et
857 1962 1045 2030 optimi
1080 1962 1210 2028 sint,
1240 1962 1364 2032 jure
1397 1952 1752 2034 negligamur.
1807 1961 2004 2018 Verum
2034 1964 2080 2017 al

2217 1979 2323 2014 των
2375 1962 2549 2014 οὐδενὶ
2583 1962 2750 2033 χωρὶς
2780 1959 2888 2014 τῶν
2903 1961 3141 2031 ὀλίγωνῆ
3169 1961 3429 2034 σμικρῶν,
3455 1961 3626 2033 πολλὰῆ
3640 1979 3702 2030 με·

555 2057 730 2103 terum
760 2050 865 2106 hoc
896 2061 1154 2122 praeterea
1183 2055 1613 2111 consideremus.
1639 2086 1706 2095 —
1735 2054 2003 2123 Quidnam
2026 2057 2084 2109 ί·-

2217 2053 2376 2122 γάλα·
2397 2054 2516 2107 οὐδὲ
2531 2054 2636 2124 γὰρ
2656 2055 2783 2108 ἄνευ
2798 2053 2906 2106 τῶν
2939 2053 3183 2124 σμικρῶν
3199 2055 3326 2118 τοὺς
3343 2054 3575 2125 μεγάλους
3592 2055 3701 2122 φασὶν

550 2140 742 2198 Nonne
772 2159 966 2200 sensus
1007 2155 1061 2200 et
1105 2146 1346 2216 potentia
1376 2148 1709 2203 contrariam
1743 2163 1773 2203 a
1800 2158 1993 2204 natura
2022 2149 2079 2202 ha

2218 2148 2266 2198 οἱ
2284 2145 2548 2214 λιθολόγοι
2571 2145 2748 2210 λίθους
2770 2141 2826 2199 εὖ
2845 2146 3151 2199 κεῖσθαι.-
3175 2145 3300 2210 Πῶς
3334 2146 3434 2216 γὰρ
3460 2145 3546 2209 ἄν;
3573 2173 3625 2184 ——
3644 2145 3701 2214 lll'rl

551 2233 676 2289 bent
701 2234 980 2292 facilitatis
1013 2253 1079 2294 ac
1099 2238 1429 2296 difficultatis
1459 2239 1766 2295 rationem?
1792 2271 1862 2281 —
1878 2240 2080 2295 Clarius

2218 2237 2396 2290 τοίνυν
2416 2235 2506 2289 τὸν
2538 2235 2670 2289 Θεὸν
2696 2235 3016 2307 ἀξιώσωμέν
3051 2253 3182 2290 ποτε
3218 2236 3424 2308 θνητῶν
3445 2237 3704 2306 δημιουργῶν

548 2326 798 2382 obsecro.
831 2359 902 2369 -——
925 2327 1099 2385 Parva
1131 2331 1390 2387 nimirum
1415 2330 1685 2387 difﬁcilius
1709 2341 1761 2387 et
1798 2333 1984 2389 videre
2013 2350 2073 2390 es

2222 2327 2568 2398 φαυλότερον,
2595 2327 2644 2380 οἳ
2692 2328 2759 2381 τὰ
2792 2327 3134 2399 προσήκοντα
3181 2328 3363 2391 αὐτοῖς
3388 2327 3527 2398 ἔργα,
3551 2327 3704 2396 ὅσῳπερ

549 2425 603 2471 et
635 2418 845 2485 audire,
898 2435 1063 2489 quam
1114 2438 1308 2493 magna
1362 2443 1375 2478 :
1425 2423 1568 2478 ferre
1604 2440 1764 2486 vero,
1793 2435 1885 2480 aut
1914 2436 2078 2481 teneri

2219 2417 2284 2470 ἂν
2316 2417 2568 2487 ἀμείνους
2589 2411 2711 2478 ὦσι,
2738 2417 2878 2487 τόσῳ
2943 2416 3311 2489 ἀκριϐέστερα
3355 2417 3442 2470 καὶ
3485 2417 3707 2487 τελεώτερα

550 2522 646 2567 aut
694 2529 890 2570 curare
921 2531 1088 2586 parva
1133 2517 1310 2587 quivis
1365 2526 1420 2573 et
1464 2519 1626 2573 exilia
1663 2517 1909 2582 facilius,
1955 2534 2079 2588 qua:

2225 2509 2322 2579 μιᾷ
2355 2509 2518 2580 τέχνῃ
2544 2509 2752 2580 σμικρὰ
2785 2509 2878 2562 καὶ
2913 2508 3121 2579 μεγάλα
3151 2510 3561 2580 άπεργάζονταγ
3586 2509 3652 2561 τὸν
3670 2507 3707 2561 δὲ

549 2620 746 2676 magna
800 2609 994 2677 possit.
1019 2640 1088 2650 —
1117 2608 1303 2681 Longe
1352 2609 1617 2680 profecto.
1643 2641 1715 2652 ο-
1739 2611 1822 2665 Αη
1864 2611 1910 2666 si
1958 2611 2077 2666 med

2220 2598 2352 2653 Θεὸν
2382 2599 2510 2652 ὄντα
2540 2617 2600 2653 τε
2635 2598 2962 2668 σοφώτατον,
2991 2600 3317 2670 βουλόμενόν
3339 2619 3397 2654 τε
3421 2600 3709 2672 ἐπιμελεῖσθαι

544 2712 647 2754 cus
676 2699 896 2769 aliquis,
928 2715 1052 2756 cum
1089 2701 1358 2772 integrum
1389 2717 1587 2771 corpus
1616 2701 1735 2756 ﬁdei
1769 2701 2073 2757 commissul

2221 2692 2316 2744 καὶ
2347 2690 2663 2762 δυνάμενον,
2704 2685 2779 2746 ὧν
2814 2693 2909 2763 μὲν
2942 2694 3070 2763 ῥᾷον
3096 2692 3507 2764 ἐπιμεληθῆναι,
3532 2689 3709 2763 σμικρῶν

548 2805 662 2844 suae
689 2806 881 2847 curare
914 2809 1020 2847 non
1053 2794 1211 2850 vellet
1237 2794 1418 2857 modo,
1456 2794 1547 2848 sed
1580 2795 1744 2848 etiam
1776 2802 1983 2864 posset,
2013 2811 2077 2849 m:

2219 2784 2409 2847 ὅντων,
2435 2783 2660 2855 μηδαμῆ
2682 2783 3078 2853 ἐπιμελεῖσθαι,
3105 2784 3358 2856 καθάπερ
3381 2784 3572 2855 ἀργδνῆ
3594 2781 3711 2834 δειλόν

543 2880 758 2950 joribus
789 2891 999 2938 tantum
1029 2885 1273 2955 partibus
1302 2885 1611 2940 mederetur
1630 2925 1646 2952 ,
1691 2885 1933 2941 minores
1966 2894 2072 2942 catt:

2222 2894 2343 2932 τινα
2383 2876 2470 2930 διὰ
2526 2877 2720 2939 πόνους
2781 2876 3148 2948 ῥᾳθυμοῦντα,
3197 2876 3310 2930 τῶν
3334 2875 3391 2928 δὲ
3424 2875 3709 2946 μεγάλων.-

551 2984 640 3024 ras
675 2970 991 3041 negligeret,
1025 2986 1221 3042 corpus
1269 2971 1534 3042 integrum
1564 2972 1665 3027 hac
1695 2972 1816 3042 ejus
1838 2973 2080 3028 curation

2223 2967 2504 3040 Μηδαμῶς
2531 2968 2688 3032 δόξαν
2720 2969 2972 3037 τοιαύτην
2995 2968 3122 3040 περὶ
3147 2968 3310 3034 θεῶν,
3339 2962 3383 3022 ὦ
3419 2967 3543 3034 ξένε,
3573 2966 3711 3021 ἀποδε-

547 3060 842 3130 aliquando
900 3055 1338 3119 convalesceret?
1361 3093 1428 3104 —
1459 3061 1617 3119 Nullo
1662 3079 1793 3119 sane
1836 3065 2016 3121 modo.
2052 3097 2076 3106 -

2184 3107 2188 3158 γ
2225 3058 2448 3130 χώμεθα
2466 3077 2478 3090 ⁸
2507 3059 2715 3130 οὐδαμῇ
2740 3059 2847 3129 γὰρ
2875 3059 2999 3112 οὔτε
3031 3060 3194 3122 ὅσιον,
3221 3058 3336 3112 οὔτ’
3370 3057 3545 3130 ἀληθὲς
3566 3055 3615 3108 τὸ
3637 3055 3713 3106 διε·

546 3153 623 3208 lVe
656 3155 1112 3224 gubernatoribus
1141 3156 1380 3227 quidem,
1417 3157 1858 3226 imperatoribus,
1896 3171 2075 3213 oeconc

2221 3151 2396 3222 νόημα
2451 3150 2776 3221 διανοοίμεθ’
2805 3151 2890 3206 ἄν.
2925 3179 2994 3192 ο-
3018 3150 3296 3222 Δοκοῦμεν
3335 3150 3392 3204 δέ
3439 3166 3519 3222 μοι
3547 3146 3717 3219 (52)νῦν

547 3247 673 3314 mis,
725 3256 821 3304 aut
866 3247 933 3304 iis
976 3248 1070 3318 qui
1107 3248 1160 3302 in
1208 3247 1342 3317 reip.
1395 3247 1866 3303 administratione
1889 3263 2076 3305 versen

2214 3243 2316 3315 ἤδη
2344 3245 2437 3297 καὶ
2475 3244 2684 3315 μεγάλα
2723 3245 2958 3317 μετρίως
2985 3243 3282 3313 διειλέχθαι
3306 3244 3383 3314 τῷ
3413 3243 3628 3313 φιλαιτίῳ
3647 3237 3717 3306 τῆς

547 3348 658 3402 tur,
705 3347 800 3393 aut
846 3337 942 3392 ulli
983 3325 1210 3392 otnnino
1256 3337 1468 3408 generis
1513 3337 1793 3408 ejusdem,
1846 3337 1892 3394 si
1940 3354 2076 3410 pauc

2214 3333 2469 3404 ἀμελείας
2499 3333 2626 3407 πέρι
2648 3334 2817 3400 θεῶν;
2843 3367 2911 3376 -—
2936 3335 3059 3389 Ναί.
3079 3333 3254 3405 -Τῷ
3277 3352 3341 3404 γε
3375 3331 3621 3404 βιάζεσθαι

547 3429 793 3499 quaedam
828 3429 1110 3485 minorave
1142 3429 1551 3498 contempserit,
1587 3429 1822 3500 plurium
1870 3440 1964 3485 aut
1993 3446 2076 3486 ma

2214 3425 2392 3493 λόγοις
2419 3425 2700 3498 ὁμολογεῖν
2733 3427 2896 3481 αὐτὸν
2931 3427 3004 3498 μὴ
3037 3425 3213 3496 λέγειν
3242 3427 3421 3499 ὀρθῶς
3445 3426 3562 3498 (55).
3592 3424 3716 3490 Ἐςιψ-

518 3566 520 3568 .
541 3521 724 3592 jorum
752 3520 981 3577 feliciter
1003 3537 1134 3577 cura
1166 3522 1438 3577 succedat.
1493 3520 1725 3591 Majores
1749 3522 1947 3594 quippe
1973 3523 2047 3594 laj

2213 3517 2318 3572 δῶν
2340 3535 2403 3588 γε
2436 3519 2542 3592 μὴν
2589 3519 2934 3591 προσδεῖσθαί
2978 3536 3067 3590 μοι
3100 3518 3253 3574 δοκεῖ
3295 3519 3473 3590 μύθων
3502 3514 3718 3571 ἕτιτινῶν.

546 3614 644 3670 des
672 3616 790 3670 sine
817 3614 1120 3670 minoribus
1167 3613 1396 3670 firmiter
1425 3613 1700 3669 cohaerere
1745 3627 1904 3684 posse
1934 3615 2075 3670 archi

2214 3641 2282 3651 —-
2297 3609 2492 3673 Ποίων,
2535 3603 2581 3664 ὧ
2599 3609 2770 3678 ἀγαθέ
2793 3626 2895 3676 ;-
2910 3610 3192 3681 Πείσωμεν
3205 3611 3304 3664 τὸν
3335 3611 3536 3664 νεανίαν
3555 3609 3642 3669 τοῖς
3663 3603 3720 3656 λά-

549 3706 677 3761 tecti
705 3715 921 3778 negant.
949 3735 1022 3747 ——
1049 3705 1116 3760 Et
1148 3721 1276 3761 vero
1304 3704 1398 3775 qui
1422 3706 1684 3775 possent?
1711 3736 1777 3746 —
1810 3705 2078 3762 Caveamu

2214 3718 2330 3769 γοις
2365 3700 2499 3773 (54),
2531 3701 2606 3765 ὡς
2638 3701 2716 3772 τῷ
2743 3700 2838 3755 τοῦ
2857 3699 3056 3765 παντὸς
3090 3702 3500 3774 ἐπιμελουμένῳ
3523 3698 3634 3770 πρὸς
3656 3694 3719 3764 τὴν

547 3814 696 3872 ergo,
728 3815 795 3856 ne
829 3798 995 3854 Deum
1029 3798 1352 3853 mortalibus
1377 3812 1616 3867 unquam
1645 3797 1943 3853 artitlcibus
1967 3797 2076 3853 detr

2216 3793 2486 3865 σωτηρίαν
2544 3794 2638 3847 καὶ
2688 3794 2888 3866 ἀρετὴν
2927 3794 3024 3847 τοῦ
3066 3794 3186 3847 ὅλου
3241 3797 3396 3849 πάντ’
3446 3794 3552 3848 ἐστὶ
3586 3804 3717 3842 συντε-

547 3893 745 3950 riorem
790 3902 1041 3963 putemus
1093 3912 1105 3946 :
1155 3901 1216 3947 ut
1266 3908 1389 3947 cum
1423 3893 1499 3948 illi
1537 3895 1754 3963 propria
1785 3893 1888 3948 sibi
1923 3909 2076 3964 opera

2213 3886 2482 3956 ταγμένα,
2533 3879 2608 3939 ὧν
2657 3886 2842 3940 καὶτὸ
2876 3887 3040 3956 μέρος
3092 3887 3171 3948 εἰς
3211 3887 3443 3958 δύναμιν
3481 3877 3721 3939 ἕκαστονώ

548 3993 657 4039 tam
705 3985 917 4040 minora
971 4000 1133 4055 quam
1183 3984 1424 4054 majora,
1480 4000 1590 4056 quo
1641 3985 2044 4055 praestantiores

2215 3979 2488 4050 προσῆκον
2515 3980 2715 4050 πάσχει
2747 3981 2838 4032 καὶ¹
2864 3982 3026 4035 ποιεῖ.
3050 3979 3278 4044 Τούτοις
3292 3981 3348 4033 δέ
3377 3982 3507 4034 είσιν
3529 3979 3720 4047 ἄρχοντες

546 4085 696 4146 sunt,
747 4078 851 4133 hoc
894 4094 1001 4133 una
1029 4078 1327 4148 eademque
1370 4085 1486 4134 arte
1511 4078 1820 4148 diligentius
1854 4093 1918 4133 ac
1941 4077 2075 4148 perfe

2217 4071 2682 4141 προστεταγμένοι
2713 4072 2962 4134 ἑκάστοις
2994 4073 3086 4124 ἐπὶ
3099 4071 3160 4124 τὸ
3181 4073 3540 4144 σμικρότατον
3561 4067 3631 4122 ἀεὶ
3653 4064 3723 4118 τά·

545 4172 690 4226 ctius
716 4171 1024 4237 elaborent;
1061 4170 1204 4226 Deus
1235 4179 1416 4226 tamen
1435 4213 1450 4238 ,
1487 4171 1651 4241 quiet
1681 4170 2074 4239 sapientissimu

2216 4159 2314 4234 θης
2341 4165 2435 4218 καὶ
2484 4164 2756 4235 πράξεως,
2803 4166 2882 4228 είς
2934 4164 3200 4235 μερισμὸν
3244 4167 3340 4220 τὸν
3377 4166 3579 4236 ἔσχατον
3615 4159 3723 4216 τέλος

546 4263 662 4332 ipse
696 4263 786 4329 sit,
838 4272 892 4318 et
937 4279 1161 4334 operum
1198 4279 1424 4320 suorum
1462 4279 1652 4318 curam
1686 4263 1960 4334 suscipere
1990 4263 2068 4319 vel

2214 4256 2647 4327 ἀπειργασμένοι
2667 4271 2680 4285 °
2707 4249 2782 4308 ὧν
2805 4255 2862 4308 ἒν
2890 4257 3063 4309 καὶτὸ
3096 4257 3207 4320 σὺν,
3239 4255 3286 4312 ὦ
3317 4257 3537 4329 σχέτλιε,
3571 4253 3721 4324 μόριον,

549 4355 690 4412 idem
727 4373 791 4412 ac
817 4358 1007 4426 possit,
1041 4357 1255 4412 minora
1290 4356 1490 4428 quibus
1524 4355 1740 4410 facilius
1786 4356 2078 4425 provideret

2216 4347 2296 4410 είς
2321 4348 2382 4400 τὸ
2414 4350 2521 4400 πᾶν
2544 4346 2802 4412 ξυντείνει
2824 4345 3018 4416 βλέπον
3048 4345 3158 4410 ἀεὶ,
3195 4349 3405 4418 καίπερ
3454 4347 3721 4412 πάνσμικρον

547 4451 691 4521 quod
737 4452 946 4506 minora
992 4453 1122 4516 sint,
1165 4462 1426 4522 tanquam
1453 4453 1624 4523 piger,
1667 4466 1730 4506 ac
1753 4452 1932 4508 mollis
1960 4451 2076 4522 quis

2213 4438 2290 4492 ὅν.
2327 4439 2394 4491 Σὲ
2447 4438 2504 4491 δὲ
2553 4437 2740 4507 λέληθε
2770 4437 2878 4506 (55)
2923 4437 3050 4508 περὶ
3091 4436 3252 4489 τοῦτο
3304 4435 3544 4502 αὑτὸ,ὼς
3567 4431 3721 4530 ﬁve-33;

547 4545 690 4614 piam
720 4553 775 4600 et
802 4545 1047 4600 laborum
1078 4544 1450 4615 magnitudine
1478 4545 1683 4600 fractus
1703 4587 1716 4610 ,
1767 4545 1989 4600 omnino
2018 4544 2076 4599 de

2213 4529 2373 4582 ἕνεκα
2423 4527 2630 4581 ἐκείνου
2679 4525 2884 4595 γίνεται
2928 4527 3098 4588 πᾶσα,
3124 4526 3277 4589 ὅπως
3374 4525 3452 4596 τῷ
3469 4523 3558 4576 τοῦ
3581 4523 3724 4574 erati;

545 4637 759 4704 spiciat,
797 4653 906 4692 una
938 4638 992 4691 in
1035 4637 1303 4708 majorum
1350 4637 1742 4708 gubernatione
1783 4637 2011 4693 defixus.
2044 4667 2074 4675 -

2217 4619 2316 4690 βίῳ
2343 4618 2663 4688 ὑπάρχουσα
2693 4616 2963 4687 εὐδαίμων
2993 4616 3174 4680 οὐσία,
3201 4618 3305 4687 οὐχ
3332 4619 3489 4670 ἕνεκα
3520 4616 3596 4666 σοῦ
3620 4621 3721 4676 γινο-

2269 4712 2280 4724 .
2442 4712 2455 4724 ι
2518 4709 2558 4724 με
2590 4710 2611 4724 οι
2781 4711 2792 4724 ο
2881 4710 2891 4724 Ι
3051 4710 3132 4724 ηρ.
3250 4709 3261 4724 ι
3336 4712 3348 4724 ι
3460 4709 3475 4724 ι
3578 4707 3607 4724 Α
3655 4699 3721 4724 -2ι

547 4726 697 4784 Hanc
720 4727 786 4784 de
815 4729 920 4784 diis
953 4729 1285 4800 opinionem,
1321 4731 1394 4785 mi
1425 4730 1651 4800 hospes,
1680 4730 1827 4783 nulla
1859 4745 1927 4784 ex
1959 4735 2076 4798 part

2217 4712 2374 4782 μένη,
2407 4712 2470 4764 σὺ
2515 4709 2558 4763 δ’
2590 4710 2753 4763 ἕνεκα
2778 4710 3007 4762 ἐκείνου.
3051 4710 3166 4772 Πᾶς
3199 4709 3313 4780 γὰρ
3336 4709 3513 4780 ἰατρὸς
3538 4709 3615 4758 καὶ

546 4836 784 4892 unquam
811 4823 1123 4892 probemus.
1156 4821 1250 4877 Est
1272 4822 1416 4876 enim
1449 4822 1562 4876 haec
1592 4836 1698 4875 non
1720 4821 1885 4890 impia
1906 4821 2075 4874 minus

2213 4804 2456 4874 ἔντεχνος
2496 4801 2828 4872 δημιουργὸς
2874 4802 3073 4864 παντὸς
3113 4800 3212 4871 μὲν
3241 4801 3408 4854 ἕνεκα
3441 4800 3598 4852 πάντα
3616 4794 3724 4894 ὲρτξ·

543 4889 709 4982 quam
761 4889 896 4971 falsa
946 4914 1226 4986 cogitatio.
1255 4943 1327 4955 —
1351 4912 1490 4968 Num
1519 4928 1648 4968 vero
1683 4914 1776 4968 tibi
1801 4889 1922 4982 jam
1959 4913 2072 4966 vide

2214 4894 2384 4960 ζεται,
2409 4892 2546 4964 πρὸς
2569 4892 2629 4945 τὸ
2651 4893 2802 4962 κοινῇ
2835 4889 3117 4955 ξυντείνων
3153 4889 3454 4960 βέλτιστον,
3485 4889 3624 4959 μέροι
3654 4889 3726 4950 μὴν

546 5020 670 5060 mur
715 5006 784 5062 de
816 4983 1042 5062 deorum
1091 5004 1453 5077 negligentia,
1485 5020 1586 5077 pro
1615 5005 1694 5062 rei
1745 5005 2075 5076 magnitudin

2211 4987 2374 5042 ἕνεκα
2393 4984 2536 5050 ὅλου,
2558 4984 2653 5037 καὶ
2680 4983 2802 5054 οὐχὶ
2820 4983 2938 5036 ὅλον
2970 4983 3169 5055 μέρους
3194 4983 3283 5035 Eva
3293 5000 3364 5036 κα
3398 4983 3722 5050 ἀπεργάζεται-

615 5221 731 5297 (ιξ)
765 5223 927 5297 Forte
954 5225 1270 5297 οὐδετέρως.
1317 5294 1372 5297 _
1688 5295 1695 5297 _
1841 5295 1849 5297 _

2212 5220 2543 5297 addebatur,
2571 5219 2852 5291 ὁμολογεῖν
2880 5217 3060 5297 ,αὐτὸν
3112 5219 3187 5290 μὴ
3212 5219 3416 5297 ’λέγειν
3460 5202 3724 5297 ὀρθῶς·ιῇ

767 5295 1088 5368 ἶΕπιμετὶὲςᾼ
1103 5280 1292 5368 seu}...
1317 5294 1491 5368 Plato,
1521 5295 1950 5368 ἐπιμελουμένῳ.

2211 5295 2327 5368 haec
2357 5292 2510 5368 Plato
2530 5280 2648 5368 non
2676 5280 2941 5368 agnoscit,
2969 5300 3023 5346 et
3045 5280 3424 5361 superioribus
3455 5280 3517 5342 ei
3540 5280 3727 5337 versibus

766 5359 1233 5439 Egestae—Plato,
1259 5359 1590 5439 άνμελοῦντιη
1619 5359 1631 5368 ’
1652 5432 1719 5439 ___
1787 5359 1798 5367 ’
1903 5359 1913 5366 ’

2211 5364 2468 5439 alienum
2480 5359 2743 5439 in‘locum
2779 5359 3143 5439 irrepsera_nt2_
3336 5431 3349 5439 _
3436 5428 3467 5439 υ

639 5434 727 5504 Si)
757 5427 901 5504 Εἴθ’.
934 5427 1052 5490 Non
1078 5427 1248 5491 habet-
1273 5427 1425 5492 P'lato
1452 5438 1594 5492 istud
1625 5432 1744 5490 εἷθ’.

2237 5503 2240 5504 ν
2281 5433 2393 5504 (55)
2422 5432 2500 5492 Σὲ
2527 5431 2596 5504 δὲ
2623 5429 2870 5504 γῑέιίηᾷ-ε,
2893 5427 2998 5504 etc.
3028 5430 3089 5504 ξ.
3116 5428 3526 5504 Augu_stin._lib.
3554 5439 3568 5477 l
3592 5427 3725 5504 δοκεῖ·

637 5487 726 5570 52⁵
752 5487 913 5560 Forte
935 5487 1052 5561 ὶςὸιῖ
1078 5487 1238 5491 πῂ-
1274 5487 1292 5490 ⁷
1316 5487 1418 5492 Ψ*
1453 5487 1594 5492 φη
1629 5487 1644 5489 ⁷
1661 5487 1695 5489 Π
1733 5487 1743 5490 ⁷
2211 5487 2537 5567 Academia,
2562 5501 2715 5556 initio
2740 5487 2990 5553 :‘Etenim
3015 5487 3262 5568 fortasse,
3281 5500 3477 5570 inquit,
3497 5509 3600 5565 qm?
3618 5487 3725 5570 τιάρα

616 5570 864 5646 (55)ᾲΜὴί
892 5577 1091 5646 λέγειν
1131 5575 1334 5645 ὀρθῶς.
1365 5574 1546 5631 Recte.
1579 5575 1711 5629 Nam
1747 5575 1885 5643 apud
1930 5573 2108 5628 Plato-

2211 5573 2425 5646 fortuna
2467 5572 2793 5633 nuntiantur,
2838 5570 3308 5646 occultoguodam
3346 5570 3687 5646 ordinerrrut‘lﬂ

546 5641 903 5718 ηθιῃλξόρθῷς
937 5641 1496 5718 responilenti’CIinize
1527 5641 1806 5718 perperam
1831 5646 2104 5718 tribuitur.
2210 5643 2445 5712 nihilque
2477 5659 2566 5718 seu
2612 5641 2894 5705 commodi,
2917 5657 3018 5718 seu
3055 5641 3380 5694 incommodi
3437 5641 3657 5718 coming"
3690 5642 3726 5677 ιδ

622 5712 732 5781 (54)
765 5712 891 5782 Τοῖς
933 5712 1154 5784 λόγοις.
1199 5715 1328 5771 [‘ost
1367 5712 1542 5784 λόγοιᾴ
1577 5712 1635 5771 in
1678 5717 1841 5786 priori
1878 5716 2109 5771 editione

2088 5733 2109 5770 [ι
2210 5725 2377 5783 parte,
2410 5713 2545 5783 quod
2574 5729 2674 5766 novt
2716 5713 2985 5766 conveniat
3015 5722 3062 5766 ct
3095 5721 3348 5782 congruat
3381 5712 3617 5765 universo.
