3872 6368
181 390 298 447 1053

1299 387 1614 448 ΡΗέΕΡΑΙῖ.
1659 385 1906 442 ΕνΑΝο.
1952 385 2075 440 LIB.
2112 383 2221 439 XII.

3251 385 3389 443 1051

178 512 237 564 Σὺ
264 510 314 562 δὲ
358 507 693 575 ἀγανακτεῖς,
741 507 952 574 ἀγνοῶν
986 507 1092 580 ὅπη
1116 509 1178 562 τὸ
1216 509 1341 580 περὶ
1378 511 1434 562 σὲ
1461 510 1681 579 ἄριστον

1811 506 2154 561 mediocriter
2189 519 2312 559 cum
2343 503 2568 558 homine
2586 503 2933 558 contentiosa
2963 503 3316 572 disputasso?
3337 536 3387 546 -

175 600 238 672 τῷ
273 599 419 652 παντὶ
460 596 739 668 ξυμϐαίνει
789 599 883 652 καὶ
920 599 1002 652 σοὶ
1043 601 1184 655 κατὰ
1229 601 1461 673 δύναμιν
1492 601 1590 670 τὴν
1612 599 1708 670 τῆς

175 695 328 764 κοινῆς
371 691 648 762 γενέσεως.
700 691 851 744 Ἐπεὶ
880 690 936 744 δὲ
987 693 1073 745 ἀεὶ
1105 693 1252 764 ψυχὴ
1297 693 1706 763 συντεταγμένη

175 786 351 857 σώματι
373 785 486 836 τοτὲ
510 784 607 854 μὲν
627 782 790 853 άλλῳ,
815 785 938 837 τοτὲ
961 784 1004 836 δ’
1033 784 1196 856 ἄλλῳ,
1223 784 1545 856 μεταϐάλλει
1568 801 1707 836 παν-

171 881 292 943 τοίας
315 876 600 950 μεταϐολὰς
627 876 691 930 δι’
717 877 916 948 ἑαυτὴν
948 877 980 948 ἣ
1003 877 1070 930 δι’
1105 881 1296 950 ἑτέραν
1323 877 1521 950 ψυχὴν,
1557 877 1707 930 οὐδὲν

169 972 272 1028 ἄλλο
291 970 435 1042 ἔργον
455 968 532 1040 τῷ
565 971 826 1038 πεττευτῇ
877 968 1122 1024 λείπεται
1157 970 1294 1042 πλὴν
1339 969 1703 1040 μετατιθέναι,

165 1065 214 1118 τὸ
238 1065 322 1134 μὲν
347 1062 562 1133 ἄμεινον
592 1062 876 1132 γινόμενον
900 1057 1035 1131 ἦθος
1059 1063 1137 1125 εἰς
1163 1061 1358 1131 βελτίω
1379 1063 1564 1128 τόπον,
1594 1065 1707 1133 χεῖ-

166 1172 241 1227 ρον
280 1154 328 1207 δὲ
377 1155 454 1216 είς
476 1152 567 1205 τὸν
596 1152 834 1223 χείρονα,
879 1153 1020 1207 κατὰ
1044 1152 1106 1206 τὸ
1129 1152 1339 1222 πρέπον
1364 1152 1542 1207 αὐτῶν
1570 1153 1703 1207 ἔκα-

165 1258 281 1304 στον,
305 1240 385 1294 ἵνα
415 1239 515 1310 τῆς
563 1240 948 1312 προσηκούσης
991 1241 1184 1312 μοίρας
1223 1241 1489 1313 λαγχάνῃ.
1520 1273 1587 1282 -
1617 1243 1700 1312 Πῆ

162 1333 340 1401 λέγεις;
368 1363 434 1374 -—
461 1326 744 1404 ᾞπερσᾶν
773 1333 888 1404 ἔχοι
917 1333 1073 1401 λόγον
1103 1333 1352 1406 ῥᾳστώνη
1386 1333 1704 1405 ἐπιμελείας

162 1425 269 1480 Θεοῦ
297 1425 394 1479 τῶν
425 1425 663 1490 πάντων,
712 1425 889 1500 ταύτῃ
919 1443 1010 1496 μοι
1043 1426 1184 1480 δοκῶ
1231 1426 1478 1498 φράζειν.
1514 1427 1577 1479 Εἰ
1604 1427 1702 1498 μὲν

161 1518 246 1589 γὰρ
273 1518 397 1589 πρὸς
422 1516 480 1569 τὸ
506 1516 626 1570 ὅλον
664 1518 750 1570 ἀεὶ
795 1517 1008 1588 βλέπων
1042 1518 1266 1572 πλάττοι
1294 1535 1398 1582 τις,
1427 1533 1701 1588 μετασχη-

163 1608 362 1682 ματίζων
375 1610 440 1664 τὰ
457 1611 635 1664 πάντα
655 1606 786 1679 (οἷον
808 1614 871 1664 ὲκ
887 1611 1059 1681 πυρὸς
1077 1609 1222 1682 ὕδωρ
1255 1609 1514 1682 ἐμψύχων
1534 1610 1694 1682 [56]),

159 1701 231 1754 καὶ
260 1701 324 1771 μὴ
356 1700 633 1771 ξύμπολλα
661 1701 720 1766 ἐξ
748 1702 864 1766 ἐνὸς
905 1704 937 1774 ἦ
975 1706 1038 1757 ἐκ
1065 1700 1274 1756 πολλῶν
1302 1701 1380 1763 ἓν,
1411 1699 1636 1772 πρώτης
1662 1703 1694 1773 ἢ

157 1789 446 1862 δεύτερας,ῆ
480 1791 576 1844 καὶ
602 1790 794 1864 τρίτης
821 1792 1089 1860 γενέσεως
1141 1787 1524 1860 μετειληφότα,
1558 1787 1694 1858 πλή-

157 1879 272 1930 θεσιν
291 1879 458 1950 ἄπειρ’
491 1877 561 1932 ἂν
591 1881 700 1950 εἴη,
731 1879 831 1950 τῆς
876 1879 1306 1951 μετατιθεμένης
1342 1877 1456 1949 (57)
1499 1878 1696 1948 κοσμή-

158 1988 291 2035 σεως·
317 1971 406 2024 νῦν
439 1972 482 2024 δ’
504 1972 620 2025 ἐστι
667 1972 950 2044 θαυμαστὴ
975 1971 1221 2044 ῥᾳστώνη
1257 1970 1334 2041 τῷ
1358 1969 1453 2023 τοῦ
1495 1969 1693 2031 παντὸς

155 2060 538 2132 ἐπιμελουμένῳ.
568 2092 635 2100 -
669 2062 794 2125 Πῶς
832 2058 898 2115 αὖ
940 2062 1146 2129 λέγεις;
1183 2093 1247 2100 --
1283 2057 1431 2114 τΩδε.
1475 2054 1692 2130 Ἐπειδὴ

152 2153 352 2206 κατεῖδεν
378 2153 535 2224 ἡμῶν
571 2156 600 2207 ὁ
628 2153 883 2225 βασιλεὺς
923 2153 1202 2224 ἐμψύχους
1229 2152 1395 2216 οὔσας
1421 2152 1520 2216 τὰς
1545 2153 1689 2224 πρά-

151 2245 238 2310 ξεις
264 2246 487 2310 ἁπάσας,
532 2246 632 2300 καί
681 2245 882 2317 πολλὴν
915 2246 1013 2315 μὲν
1051 2247 1253 2316 ἀρετὴν
1291 2245 1350 2296 ὲν
1378 2245 1571 2309 αὑταῖς
1599 2239 1690 2298 οὗο

151 2348 244 2395 σαν,
274 2333 458 2404 πολλὴν
486 2334 545 2387 δὲ
590 2334 808 2388 κακίαν·
850 2332 1151 2405 ἀνώλεθρον
1185 2333 1241 2387 δὲ
1271 2333 1330 2387 ὃν
1375 2335 1686 2405 γενόμενον,

148 2427 235 2479 ἀλλ’
257 2427 344 2479 όύκ
370 2425 608 2491 αἰώνιον,
644 2428 824 2499 ψυχὴν
845 2429 939 2480 καὶ
965 2426 1145 2500 σῶμα,
1179 2427 1433 2498 καθάπερ
1470 2429 1519 2482 οἱ
1548 2429 1688 2482 κατὰ

148 2520 275 2591 νόμον
299 2521 440 2586 ὅντες
469 2521 587 2576 θεοί
605 2539 617 2551 ’
653 2521 885 2590 (γένεσις
919 2521 1023 2591 γὰρ
1040 2521 1140 2575 οὐκ
1162 2521 1227 2576 ἄν
1256 2538 1386 2574 ποτε
1412 2516 1479 2593 ἦν
1511 2521 1683 2586 ζώων,

145 2611 436 2682 ἀπολομένου
452 2613 666 2666 τούτοιν
689 2611 920 2683 θατέρου
945 2612 983 2682 ·)
1020 2613 1112 2666 καὶ
1125 2613 1186 2666 τὸ
1220 2613 1318 2684 μὲν
1347 2612 1574 2684 ὠφελεῖν
1599 2615 1686 2667 ἀεὶ

146 2705 342 2772 πεφυκὸς
385 2707 462 2769 ὃν,
518 2705 728 2774 ἀγαθὸν
775 2705 976 2776 ψυχῆς,
1012 2705 1282 2778 διενοήθη,
1321 2705 1384 2760 τό
1412 2707 1468 2760 δὲ
1517 2706 1685 2760 κακὸν

146 2793 359 2863 βλάπτειν
411 2797 523 2869 (58)
549 2815 566 2828 ·
598 2796 772 2852 ταῦτα
813 2799 989 2852 πάντα
1015 2794 1256 2862 ξυνιδὼν,
1305 2799 1686 2870 ἐμηχανήσατο

145 2885 223 2939 ποῦ
260 2888 495 2958 κείμενον
535 2888 778 2942 ἕκαστον
825 2888 934 2941 τῶν
973 2889 1153 2960 μερῶν
1183 2889 1421 2944 νικῶσαν
1461 2891 1681 2963 ἀρετὴν,

144 2980 416 3053 ἡττωμένην
467 2981 524 3034 δὲ
586 2981 782 3034 κακίαν
811 2983 868 3034 ὲν
898 2981 976 3052 τῷ
1008 2983 1170 3035 παντὶ
1207 2983 1436 3054 παρέχοι
1471 2982 1681 3053 μάλιστ’

142 3069 191 3123 ἂν
205 3073 283 3125 καὶ
304 3075 469 3144 ῥᾷστα
498 3075 601 3126 καὶ
628 3074 846 3144 ἄριστα.
886 3076 1287 3146 Μεμηχάνηται
1314 3074 1377 3146 δὴ
1405 3075 1539 3146 πρὸς
1574 3078 1682 3130 πᾶν

1809 596 1986 652 Certe.
2019 627 2090 638 -
2125 595 2328 650 Saltem
2367 603 2426 648 ut
2475 595 2521 649 is
2566 609 2846 665 perperam
2882 610 2941 650 se
2973 597 3216 650 locutum
3266 612 3389 653 esse

1810 691 1964 746 fateri
1991 702 2236 761 cogatur.
2274 690 2343 742 At
2379 704 2525 744 nunc
2558 689 2734 743 eidem
2768 689 3092 758 quibusdam
3129 699 3386 758 praeterea

1808 782 2199 839 verisimilibus
2225 782 2594 853 argumentis,
2631 782 2790 851 quasi
2837 782 3154 836 cantionum
3201 783 3386 836 illece-

1807 876 1919 930 bris
1955 891 2094 946 opus
2120 876 2352 930 videtur.
2383 908 2450 916 —
2475 874 2687 940 Quibus
2729 875 2968 937 tandem,
3008 875 3148 929 bone
3173 875 3256 929 vir
3275 875 3298 928 ?
3315 903 3390 918 -—-

1806 966 2018 1034 Quibus
2070 967 2336 1022 adductus
2377 967 2698 1022 adolescens
2751 969 2852 1023 hoc
2900 967 3000 1022 sibi
3039 968 3385 1038 persuadeat,

1806 1064 1898 1132 qui
1930 1060 2169 1117 universi
2201 1076 2386 1116 curam
2420 1061 2742 1130 susceperit,
2778 1077 2902 1116 eum
2950 1061 3016 1116 ad
3065 1061 3214 1116 illius
3232 1060 3384 1115 salu-

1805 1163 1914 1209 tem
1942 1153 2160 1224 vimque
2210 1153 2642 1209 conservandam
2666 1197 2679 1217 ,
2726 1154 2973 1208 ordinata
3002 1163 3056 1208 et
3085 1155 3382 1210 constituta

1806 1246 2006 1301 habere
2036 1245 2220 1300 omnia
2242 1285 2256 1308 ,
2303 1246 2384 1300 sic
2412 1255 2471 1298 ut
2520 1254 2700 1315 partes
2739 1246 2903 1300 etiam
2931 1245 3190 1316 singulae,
3219 1245 3384 1316 quid-

1803 1338 1932 1407 quid
1965 1337 2034 1392 ad
2067 1353 2162 1392 eas
2188 1339 2457 1408 pertinet,
2482 1353 2579 1407 pro
2603 1338 2718 1392 suis
2749 1339 2960 1394 viribus
2990 1338 3292 1408 patiantur,
3327 1345 3386 1394 et

1803 1443 1983 1504 agant.
2033 1431 2122 1487 Eae
2150 1433 2236 1488 vel
2260 1433 2643 1488 minutissimis
2673 1433 2726 1486 in
2763 1432 2925 1487 rebus
2951 1469 2965 1493 ,
2996 1445 3120 1500 quae
3147 1429 3250 1484 sibi
3285 1437 3384 1484 aut

1803 1525 2096 1581 subeundae
2125 1526 2253 1591 sint,
2289 1535 2383 1580 aut
2413 1524 2734 1595 praestandae
2754 1565 2768 1589 ,
2806 1538 2936 1578 suos
2968 1537 3198 1592 quaeque
3232 1521 3382 1592 prin-

1801 1620 1948 1689 cipes
1975 1634 2038 1675 ac
2072 1617 2356 1689 praefectos
2407 1619 2643 1683 habent,
2691 1619 2783 1689 qui
2820 1617 2981 1672 linem
3027 1617 3094 1672 ad
3132 1615 3379 1670 ultimam

1800 1729 1974 1782 usque
2022 1713 2346 1784 particulam
2398 1715 2605 1784 integre
2656 1721 3015 1782 accurateque
3059 1711 3373 1780 perducant.

1796 1804 1961 1877 634
2004 1803 2045 1858 Ε
2093 1807 2294 1876 quibus
2329 1822 2435 1860 una
2480 1808 2642 1861 etiam
2677 1815 2765 1862 est
2808 1815 2921 1866 tua,
2951 1805 3180 1871 miselle,
3212 1806 3378 1875 parti-

1796 1895 1940 1962 cula,
1972 1911 2094 1966 quae
2119 1896 2334 1951 tametsi
2370 1897 2660 1967 perpusilla
2705 1898 2808 1963 sit,
2843 1897 2908 1952 ad
2937 1897 3247 1951 universum
3281 1906 3378 1952 ta-

1796 2001 1918 2040 men
1955 2003 2049 2057 per
2079 2003 2201 2043 sese
2237 1990 2408 2043 tendit
2436 2005 2650 2059 semper
2683 2005 2748 2044 ac
2781 1989 3020 2060 respicit.
3067 1989 3288 2061 ignoras
3316 1999 3374 2046 tu

1794 2092 1922 2132 vero
1972 2078 2212 2143 interea,
2248 2089 2404 2135 ortus
2449 2095 2632 2135 rerum
2673 2096 2865 2135 omnes
2921 2081 3158 2136 universi
3205 2096 3372 2134 causa

1794 2169 1932 2234 ﬁeri,
1961 2179 2020 2224 ut
2044 2171 2206 2226 vitam
2233 2171 2355 2242 ejus
2385 2173 2666 2243 complexa
2707 2183 2902 2228 natura
2935 2173 2988 2227 in
3018 2189 3230 2229 summa
3259 2173 3376 2228 fcli-

1791 2263 1955 2318 citate
1991 2275 2236 2320 versetur
2270 2284 2283 2319 :
2315 2267 2408 2335 qui
2440 2265 2688 2337 profecto
2720 2267 2867 2322 illius
2892 2266 3061 2336 gratia
3087 2265 3262 2321 factus
3291 2282 3372 2329 es,

1792 2371 1896 2408 non
1934 2354 2024 2409 illa
2057 2357 2156 2412 tui.
2202 2356 2482 2428 Siquidem
2533 2359 2780 2415 medicus
2831 2359 3043 2423 omnis,
3085 2360 3374 2428 omnisque

1789 2447 2001 2516 peritus
2035 2449 2229 2504 artifex
2250 2491 2264 2515 ,
2299 2452 2379 2506 sic
2409 2452 2579 2507 totius
2602 2467 2771 2507 causa
2803 2451 2986 2512 omnia
3015 2451 3224 2522 perﬁcit
3246 2493 3260 2518 ,
3294 2451 3375 2506 sic

1789 2553 1955 2593 unum
1991 2539 2120 2594 illud
2148 2543 2292 2611 (μιοὰ
2324 2545 2691 2599 communiter
2719 2545 2987 2614 Optimum
3011 2546 3083 2601 sit
3104 2545 3376 2632 intuetur,

1789 2641 1846 2685 ut
1872 2633 2039 2687 totius
2062 2649 2224 2688 causa
2250 2644 2479 2705 partem,
2522 2651 2630 2690 non
2657 2644 2830 2690 totum
2864 2636 3034 2706 partis
3057 2652 3223 2692 causa
3255 2651 3374 2691 mo-

1786 2724 1968 2779 liatur.
2012 2725 2092 2780 Tu
2124 2742 2256 2781 vero
2287 2727 2608 2798 indignaris,
2635 2727 2782 2798 quod
2809 2729 3042 2793 nescias,
3067 2729 3118 2782 id
3143 2727 3286 2798 quod
3313 2728 3370 2783 in

1787 2828 1840 2872 te
1870 2820 2135 2889 optimum
2171 2829 2274 2882 est,
2301 2823 2762 2891 quemadmodum
2791 2821 2843 2876 vi
2877 2821 3109 2892 quadam
3133 2837 3370 2882 commn.

1784 2910 1871 2966 nis
1895 2920 2071 2978 ortus,
2108 2913 2366 2969 universo
2408 2915 2616 2980 tibique
2641 2915 2954 2970 conveniat.
3013 2914 3080 2969 Et
3107 2915 3369 2985 quoniam

1784 3001 1999 3058 animus
2032 3019 2157 3059 cum
2204 3019 2436 3075 corpore
2485 3020 2721 3075 semper,
2775 3006 2884 3060 alio
2930 3015 3110 3061 tamen
3151 3006 3370 3074 alioque

1785 3095 2124 3166 complexus,
2153 3097 2362 3150 nullum
2389 3113 2496 3151 non
2517 3099 2838 3153 mutationis
2865 3114 3036 3170 genus
3059 3099 3223 3162 subit,
3241 3115 3370 3154 cum

140 3164 283 3229 τοῦτο,
321 3167 377 3220 τὸ
427 3167 587 3220 ποῖόν
639 3185 690 3220 τι
741 3167 1062 3237 γιγνόμενον
1106 3169 1193 3222 ἀεὶ
1227 3168 1386 3222 ποίαν
1412 3168 1571 3240 ἕδραν
1602 3168 1683 3223 δεῖ

1791 3203 1908 3254 sua,
1941 3197 2054 3243 tum
2081 3190 2307 3244 alterius
2333 3190 2619 3259 cujusdam
2648 3191 2814 3246 animi
2844 3207 3032 3255 causa,
3076 3192 3242 3246 sortis
3271 3206 3370 3246 no-

143 3256 508 3327 μεταὶαμϐἀνον
533 3257 840 3322 οἰκίζεσθαι
871 3259 965 3311 καὶ
986 3259 1137 3322 τίνας
1168 3260 1298 3313 ποτὲ
1327 3262 1527 3326 τόπους
1552 3279 1564 3294 ο
1587 3266 1686 3334 τῆς

137 3347 182 3400 δὲ
207 3349 450 3417 γενέσεως
491 3350 593 3405 τοῦ
629 3351 782 3404 ποίου
824 3351 968 3414 τινὸς
995 3353 1174 3422 άφῆκε
1207 3355 1324 3418 ταῖς
1369 3353 1687 3426 βουλήσεσιν

140 3442 341 3495 ἑκάστων
366 3444 520 3514 ἡμῶν
551 3443 650 3506 τὰς
678 3443 879 3506 αἰτίας.
909 3444 1056 3516 Ὄπη
1084 3444 1192 3515 γὰρ
1213 3445 1278 3498 ἂν
1298 3445 1560 3518 ἐπιθυμῇ,
1592 3448 1688 3502 καὶ

139 3533 282 3598 ὁποῖός
308 3552 388 3598 τις
414 3534 490 3587 ὦν
518 3535 627 3606 τὴν
648 3533 847 3605 ψυχὴν,
877 3537 1048 3607 ταύτῃ
1083 3535 1268 3606 σχεδὸν
1298 3537 1557 3592 ἑκάστοτε
1593 3541 1686 3594 καὶ

137 3625 336 3689 τοιοῦτος
356 3627 608 3694 γίγνεται
636 3625 781 3690 ἄπας
809 3629 841 3697 ἠ
851 3627 987 3696 μῶν,
1016 3627 1091 3690 ὡς
1119 3626 1338 3680 τοπολύ.
1360 3659 1428 3668 -—
1449 3630 1522 3682 Τὸ
1555 3630 1686 3699 γοῦν

137 3714 270 3778 εἰκὸς.
291 3746 354 3759 --
384 3715 732 3770 Μεταὸάλλει
787 3718 888 3788 μὲν
932 3717 1113 3771 τοίνυν
1157 3718 1314 3771 πάνθ’
1349 3720 1450 3774 ὅσα
1482 3722 1686 3793 μέτοχά

137 3803 427 3876 ὲστιψυχῆς,
463 3807 522 3858 ὲν
555 3806 738 3868 αὐτοῖς
770 3807 1084 3877 κεκτημένα
1112 3807 1211 3878 τὴν
1251 3809 1350 3880 τῆς
1378 3811 1685 3884 μεταϐολῆς

137 3895 280 3948 αἰτίαν
298 3913 310 3925 ·
333 3897 739 3968 μεταϐάλλοντα
758 3898 813 3950 δὲ
832 3899 1055 3970 φέρεται
1084 3892 1223 3953 κατὰ
1246 3900 1344 3972 τὴν
1365 3901 1466 3972 τῆς
1491 3905 1684 3976 εἱμαρ-

139 3987 271 4058 μένης
307 3987 452 4056 «egw
513 3992 614 4043 καὶ
659 3991 822 4062 νόμον
843 4007 857 4020 ·
890 3991 1223 4063 σμικρότερα
1269 3993 1368 4063 μὲν
1398 3995 1509 4048 τῶν
1536 3997 1682 4067 ἠθῶν

139 4081 521 4149 μεταῦάλλοντα,
554 4083 763 4136 ἐλάττω
787 4082 925 4152 (59),
957 4083 1094 4136 κατὰ
1131 4083 1190 4136 τὸ
1220 4085 1318 4156 τῆς
1351 4087 1534 4159 χώρας
1563 4090 1682 4143 ἐπί-

136 4173 264 4225 πεδον
291 4175 718 4248 μεταπορεύεται
735 4193 747 4206 ·
772 4175 939 4228 πλείω
957 4175 1012 4228 δὲ
1046 4177 1141 4229 καὶ
1162 4177 1486 4250 ἀδικώτερα,
1513 4199 1680 4251 μετα-

136 4263 330 4317 πεσόντα
355 4268 431 4330 εἰς
454 4267 640 4337 βάθος,
668 4266 738 4320 τά
769 4284 828 4318 τε
863 4268 1012 4321 κάτω
1047 4268 1313 4338 λεγόμενα
1345 4272 1452 4324 τῶν
1479 4275 1676 4340 τόπων,

134 4353 212 4405 ὅσα
236 4354 355 4427 ᾅδην
386 4374 468 4418 τε,
499 4357 593 4410 καὶ
623 4355 692 4408 τὰ
746 4356 952 4408 τούτων
990 4357 1224 4427 ἐχόμενα
1259 4359 1367 4412 τῶν
1400 4362 1678 4432 ὀνομάτων

136 4444 542 4518 ἐπονομάζοντες,
582 4449 785 4521 σφόδρα
825 4449 1114 4517 φοϐοῦνται
1144 4453 1238 4505 καὶ
1276 4454 1676 4526 ὀνειροπολοῦσι

137 4536 328 4605 ζῶντες,
372 4543 714 4607 διαλυθέντες
769 4561 828 4596 τε
891 4543 998 4597 τῶν
1047 4546 1333 4615 σωμάτων.
1382 4549 1568 4612 Μείζω
1616 4549 1680 4621 δὴ
1715 4553 1756 4608 D

135 4628 255 4701 Ψυχὴ
280 4633 382 4704 (60)
411 4637 613 4698 κακίας
659 4635 923 4705 ἤὰρετῆς
981 4636 1183 4689 ὁπόταν
1233 4638 1560 4710 μεταϐάλλῃ,
1595 4639 1682 4693 διὰ

136 4721 215 4791 τὴν
240 4726 394 4796 αὐτῆς
425 4727 677 4798 βούλησίν
708 4744 768 4778 τε
810 4726 903 4780 καὶ
934 4727 1153 4798 ὁμιλίαν
1185 4729 1486 4802 γενομένην
1530 4733 1680 4802 ίσχυ-

137 4810 236 4880 μὲν,
260 4816 448 4870 ὁπόταν
478 4818 578 4887 μὲν
605 4819 772 4890 ἀρετῇ
788 4818 910 4890 θείᾳ
943 4819 1291 4890 προσμίξασα
1321 4821 1538 4893 γίνηται
1559 4823 1675 4876 διαο

136 4905 372 4974 ῳερόντως
423 4909 647 4963 τοιαῦτα.
704 4911 1029 4983 διαφέροντα
1075 4911 1216 4982 (61),
1267 4913 1360 4966 καὶ
1419 4915 1680 4984 μετέϐαλε

195 5077 291 5142 (56)
349 5081 678 5158 Ἐμψύχωις.
727 5081 1028 5158 Legebatnr
1071 5083 1353 5158 ἔμψυχον,
1421 5101 1478 5142 ut
1537 5090 1676 5158 apud

137 5142 414 5224 Platonem:
450 5142 572 5209 sed-
596 5142 829 5224 adnotat
860 5142 1130 5210 Serranus
1157 5142 1306 5212 ἰιΙῖὺί
1339 5142 1522 5212 ἐιίδιη
1575 5142 1678 5224 legi

138 5217 344 5302 ἐμψύχον
368 5239 432 5277 ex
468 5238 589 5302 ψιο⁸
617 5223 878 5302 έμψύχων
926 5224 1106 5302 facere
1139 5227 1341 5293 malui;
1376 5244 1501 5302 vere
1534 5217 1676 5302 enim

137 5302 254 5364 aqua
279 5292 384 5355 illa,
415 5292 537 5363 quia
567 5294 758 5362 frigida
793 5292 946 5364 prius
977 5304 1032 5349 et
1059 5295 1284 5352 immota
1318 5292 1674 5363 consistebat,

138 5357 351 5440 subjecto
378 5357 500 5434 igne
536 5357 892 5440 incalescens
911 5375 976 5440 et_
992 5366 1259 5440 ebulliens
1279 5409 1293 5433 ,
1322 5357 1680 5440 μετασχημαζ

137 5425 427 5516 τίξξῖαιζεεέ
457 5435 844 5516 propemodum
877 5434 1200 5516 ὲμτξύχεται.

196 5498 292 5567 (57)
322 5493 437 5566 ’τῆς
457 5493 940 5574 ’μεξατιθεμένηςὶ
963 5493 1236 5563 naeuus
1276 5516 1329 5563 et
1368 5509 1570 5565 clarius
1598 5509 1678 5564 di-

138 5578 342 5647 “riter.
374 5573 800 5647 μεῖςιτιθεμένὴς
825 5577 923 5645 τῆς
948 5578 1290 5647 κοσμήσεως·

197 5637 296 5710 (58)
329 5637 396 5696 Τὸ
429 5643 497 5720 es
519 5637 728 5710 κακῦν,
750 5637 1068 5709 βλάπτειῆ
1100 5637 1330 5713 Mallem,
1359 5648 1421 5702 τὸ
1456 5649 1515 5702 δὲ
1547 5650 1676 5720 βλά-

140 5720 290 5770 πτειν,
321 5714 502 5767 κακόν.

198 5777 298 5858 (.39)
336 5783 603 5842 Ἑλάττω.
637 5786 815 5848 Forte,
863 5789 1068 5841 ἐλάττω
1097 5789 1196 5861 μὲν
1227 5791 1318 5843 καὶ
1344 5791 1674 5861 δικαιότερα,

143 5857 189 5900 ut
212 5857 268 5903 Iis
297 5867 629 5923 apponanlur
662 5873 778 5928 quae
819 5861 977 5928 paulo
999 5857 1121 5931 post
1149 5860 1314 5915 πλείω
1353 5862 1442 5915 καὶ
1478 5857 1674 5916 ἀδικώ-

1790 3291 1916 3339 stra'
1940 3283 2266 3338 moderatori
2306 3283 2576 3355 reliquum
2605 3285 2710 3341 hoc
2763 3302 2931 3340 unum
2975 3294 3090 3352 est,
3125 3287 3205 3340 uti
3248 3301 3370 3340 mo-

1790 3391 1896 3437 res.
1933 3377 1980 3432 si
2013 3377 2269 3434 meliores
2302 3377 2477 3434 eﬂecti
2505 3388 2688 3444 erunt,
2720 3380 3024 3442 meliorem,
3073 3381 3154 3435 sin
3186 3390 3367 3434 autem

1787 3467 2105 3535 deteriores,
2142 3470 2469 3526 deteriorem
2505 3471 2558 3524 in
2593 3471 2771 3526 locum
2821 3487 2918 3538 pro
2970 3486 3065 3526 sua
3098 3471 3369 3540 cujusque

1787 3559 1998 3614 ratione
2021 3561 2293 3628 traducat,
2327 3571 2384 3616 ut
2411 3561 2595 3618 sedem
2621 3563 2834 3633 singula
2861 3565 3271 3618 convenientem
3302 3579 3390 3622 ac.

1785 3653 2056 3722 propriam
2094 3655 2414 3709 sortiantur.
2434 3686 2505 3697 ——
2523 3654 2736 3711 Clarius
2767 3656 2896 3718 ista,
2926 3656 3180 3711 sodes.—
3202 3654 3366 3726 Equi-

1785 3744 1906 3798 dem
1937 3744 2008 3799 ita
2037 3745 2254 3816 loquor.
2279 3748 2555 3817 quomodo
2587 3763 2676 3804 res
2709 3763 2900 3804 omnes
2940 3747 3049 3803 Deo
3078 3763 3222 3803 curae
3244 3763 3366 3803 esse

1787 3835 2000 3890 facilius
2031 3836 2256 3908 intelligi
2295 3838 2488 3907 possit.
2545 3838 2782 3904 Etenim,
2813 3838 2859 3894 si
2895 3840 3022 3910 quis
3054 3855 3268 3910 semper
3295 3840 3364 3894 ad

1787 3935 1956 3980 totum
1988 3929 2324 3998 respiciens,
2364 3931 2435 3984 ita
2464 3930 2688 3999 lingeret
2739 3945 2804 3987 ac
2854 3931 3138 4002 relingeret
3181 3933 3365 3986 omnia

1785 4019 1867 4088 (ut
1894 4020 1937 4074 si
1969 4035 2165 4090 aquam
2194 4020 2317 4092 igne
2341 4021 2630 4093 animaret)
2655 4063 2670 4085 ,
2701 4031 2878 4077 tamen
2905 4033 2962 4076 ut
2995 4037 3170 4092 neque
3196 4021 3363 4076 multa

1783 4127 1849 4166 ex
1882 4127 2023 4177 uno,
2073 4127 2249 4182 neque
2280 4128 2311 4168 e
2337 4113 2524 4168 multis
2571 4129 2740 4168 unum
2772 4113 2976 4184 aliquid
3007 4112 3269 4174 efﬁceret,
3298 4127 3360 4166 ea

1783 4215 1914 4254 sane
1943 4209 2296 4270 posteaquam
2325 4202 2556 4270 primam
2578 4244 2593 4266 ,
2626 4212 2720 4256 aut
2764 4203 3092 4266 secundam,
3136 4210 3231 4255 aut
3262 4211 3367 4260 ter.

1782 4291 1912 4344 tiam
1947 4292 2349 4361 generationem
2379 4293 2710 4357 subiissent,
2759 4295 2860 4349 ista
2895 4309 3074 4350 rerum
3121 4293 3364 4350 ordinis-

1779 4400 1886 4453 que
1902 4385 2512 4448 mutatione,inlinitum
2540 4395 2804 4456 quantum
2830 4394 3176 4457 augerentur.
3208 4383 3364 4440 Nunc

1779 4493 1930 4540 vero,
1965 4477 2202 4533 universi
2236 4480 2567 4534 moderatori
2621 4479 2853 4534 facilitas
2891 4480 3139 4548 quaedam
3181 4478 3358 4532 admi-

1785 4570 1974 4625 rabilis
2009 4571 2269 4640 suppetit.
2299 4602 2369 4615 —-
2401 4571 2641 4628 Necdum
2673 4572 2816 4627 istud
2854 4571 3112 4640 intelligo.
3132 4570 3360 4625 —Audi

1791 4678 1940 4732 ergo.
1994 4661 2153 4717 Novit
2185 4678 2278 4718 rex
2317 4663 2408 4719 ille
2474 4673 2680 4726 noster,
2730 4664 2972 4719 actiones
3011 4677 3201 4717 omnes
3241 4663 3361 4741 ani-

1783 4765 1956 4809 matas
1979 4757 2356 4818 esse,easdem
2395 4772 2518 4811 cum
2547 4756 2768 4811 virtutis
2801 4756 3016 4817 habere,
3054 4767 3165 4808 tum
3195 4755 3361 4810 etiam

1781 4848 2094 4904 vitiositatis
2125 4848 2416 4918 plurimum
2463 4867 2477 4903 :
2521 4849 2764 4903 animum
2810 4849 2936 4904 item
2965 4856 3019 4903 et
3047 4865 3273 4918 corpus,
3302 4860 3362 4916 ut

1783 4947 1986 5009 pestem
2015 4955 2081 4994 ex
2105 4955 2162 4995 se
2190 4940 2397 4995 nullam
2423 4941 2678 5008 habeant,
2708 4956 2895 4996 carere
2924 4951 3102 4995 tamen
3134 4941 3358 4996 immor-

1780 5110 1969 5245 ἶεῗὲῤ)
2003 5166 2188 5245 Mel-((9
2218 5168 2295 5236 δὴ
2314 5171 2527 5245 ψυχή.Δ
2564 5170 3003 5245 Corruptusuhic
3032 5172 3202 5245 locus
3225 5180 3358 5245 _cst.

1781 5232 1958 5289 Etlitio
2003 5232 2544 5312 FiciniAetLS'ert‘ani
2567 5232 2758 5312 habet;
2790 5241 2991 5312 μείζων
3025 5242 3081 5295 δὲ
3113 5241 3175 5311 δὴ
3301 5258 3356 5296 κ.

1781 5323 1836 5382 ηἶ
1875 5307 2354 5382 αιοημεταλάϐη.
2391 5309 2758 5382 Conjieiebam
2781 5307 2802 5372 ,⁷
2837 5310 3038 5381 μείζων
3067 5312 3132 5382 δὴ
3255 5329 3358 5365 κα-

2022 5374 2188 5450 ἀρετῇ
2233 5374 2337 5450 (vel
2371 5374 2570 5434 κακίαν
2617 5381 2651 5452 ἢ
2683 5374 2904 5453 άρετῆν)
2941 5374 3150 5436 ἠὸπόταν
3175 5374 3358 5454 ’μετα-

1998 5516 2248 5592 ζοιαῦτα
2283 5518 2675 5592 aegri-porta.
2697 5521 2880 5586 Plato,
2910 5520 3128 5592 τοιαύτη
3177 5520 3358 5590 διαφέ-

1785 5586 2288 5662 po~na._Serra_nus
2339 5586 2500 5662 aliam
2561 5590 2844 5662 lectionem
2892 5591 3080 5655 affert,
3118 5586 3355 5662 ’τοιαύτη

1778 5655 2317 5744 διαφερέταςιοᾳΕινερ,
2353 5661 2398 5714 si
2441 5660 2664 5741 τοιαύτη
2712 5655 3358 5744 τειὶηίξιιιυτηρμδιαςρέοξ

1783 5743 1964 5796 ροντα,
2000 5728 2074 5780 vel
2121 5727 2792 5799 διαφέρεται’τοῇίιτὶάιιιικ
2838 5731 3187 5785 obsrmitalis
3224 5727 3357 5787 nihil

1781 5796 2070 5850 admodum
2105 5796 2217 5852 fore
2253 5799 2710 5858 arbitror.—-l.c::i
2747 5817 2904 5858 nosse
2940 5802 3193 5858 opinatur
3231 5804 3358 5858 Hei-

1781 5812 2070 5850 atltnoattln
2105 5812 2217 5852 lore
2253 5812 2710 5866 amarat—Legi
2747 5817 2904 5871 posse
2940 5812 3193 5870 opinatur

1781 5866 1978 5922 nichen
2005 5867 2241 5939 τοιαύτη,
2274 5869 2595 5942 διαφέροντα
2626 5873 2716 5926 καὶ
2747 5871 3025 5943 μετέϐαλε.
3057 5871 3219 5929 Eutr.
