3872 6368
476 353 616 410 1055

1114 354 1382 410 EUSEBII
1428 354 1910 413 (ΖίΕδΑΒιΕΝειΞ
1934 358 2080 416 ΟΡΡ.

2183 364 2306 418 H13
2344 365 2406 420 ll.
2450 397 2519 434 —;-
2553 365 3061 424 APOLOGETICA.

3566 377 3676 432 1056

476 477 717 540 talitate,
753 491 859 546 qua
894 477 1005 532 veri
1034 476 1364 547 legitimique
1413 479 1485 534 dii
1517 479 1866 548 perfruantur
1899 483 2054 551 (alio-

2186 487 2316 540 όπον
2341 490 2494 557 ἅγιον
2509 488 2651 553 ὅλον,
2691 489 3154 559 μετακομισθεῖσα
3169 489 3242 551 είς
3275 488 3468 559 ἀμείνω
3490 493 3591 545 τινὰ
3612 494 3680 546 τί.

477 585 574 639 qut
602 571 746 625 nul-la
780 586 1020 640 unquam
1053 572 1415 625 animantium
1462 573 1741 642 generatio
1774 575 1946 637 tieret.
1981 577 2059 630 al-

478 673 600 718 tero
624 674 798 718 morte
823 662 1060 732 sublato)
1088 680 1102 727 ;
1131 663 1199 718 ad
1227 673 1557 728 extremum,
1584 665 1844 736 quidquid
1869 667 2060 736 juvare

482 771 576 827 per
619 768 739 809 sese
770 757 981 821 potest,
1033 753 1086 808 id
1125 768 1286 810 omne
1325 756 1494 810 animi
1524 756 1730 810 bonum
1751 798 1766 824 ,
1798 759 2060 828 quidquid

483 864 684 904 nocere
716 848 874 914 solet,
905 848 1109 902 malum
1142 863 1265 905 esse
1296 851 1508 906 statuit.
1568 851 1780 918 Quibus
1811 855 2063 910 omnibus

480 941 799 1012 exploratis,
827 941 1052 998 molitus
1075 941 1180 998 boe
1209 941 1427 997 demum
1473 955 1577 1010 est,
1608 947 2062 1016 quemadmodum

457 1016 558 1118 l‘ita
604 1042 789 1102 partes
837 1031 1068 1102 singulae
1109 1033 1601 1098 constituerentur,
1653 1035 1730 1089 uti
1783 1053 1913 1091 eum
1951 1053 2066 1091 ma-

465 1123 649 1189 lxime.
678 1132 794 1179 tum
825 1124 989 1178 etiam
1019 1121 1275 1179 facillime
1306 1133 1470 1194 atque
1502 1126 1734 1195 optime,
1762 1138 1965 1182 certam
2013 1130 2066 1182 in

469 1216 742 1278 universo
767 1215 991 1270 virtutis
1017 1215 1301 1270 victoriam
1327 1215 1590 1283 facerent,
1627 1218 1922 1274 vitiositate
1946 1235 2068 1289 pro-

461 1318 677 1364 .strata.
744 1308 920 1375 Quam
964 1310 1018 1364 in
1070 1326 1184 1365 rem
1237 1311 1478 1366 universi
1529 1313 1670 1369 bono
1715 1316 2065 1386 excogitavit,

485 1418 652 1471 quam
699 1403 956 1472 quodque
999 1403 1182 1458 sedem
1213 1419 1311 1472 pro
1342 1411 1550 1459 natura:
1594 1421 1708 1461 suae
1736 1408 2067 1475 conditione,

485 1509 762 1564 quemque
793 1495 972 1549 locum
1003 1494 1298 1565 aliquando
1327 1495 1509 1550 sortiri
1548 1496 1764 1552 firmum
1809 1515 1873 1554 ac
1903 1500 2070 1554 stabi-

487 1585 596 1642 lem
625 1594 924 1655 oporteret.
968 1587 1035 1640 At
1063 1601 1213 1649 vero,
1255 1596 1315 1640 ut
1344 1587 1468 1643 talis
1494 1587 1730 1659 quisque
1761 1591 1951 1646 talisve
1979 1591 2072 1646 fie-

487 1688 604 1742 ret,
637 1693 837 1734 causas
876 1693 1069 1732 omnes
1115 1692 1318 1732 nosme
1363 1680 1415 1732 in
1467 1679 1763 1736 voluntatis
1809 1690 2074 1751 potestate

490 1771 729 1842 reliquit.
790 1770 979 1837 Qualis
1023 1772 1168 1825 enim
1209 1771 1370 1842 635
1419 1772 1715 1842 cupiditate
1758 1775 1990 1844 quisque
2021 1786 2074 1830 et

2163 598 2261 634 πον
2292 582 2476 653 ἕτερον
2501 597 2513 610 ·
2545 583 2670 635 ὃταν
2699 581 2756 633 δὲ
2785 581 3044 634 τάναντία
3090 582 3182 633 ἐπὶ
3211 582 3455 635 τάναντία
3486 583 3684 654 μεθιδρύ-

2163 687 2293 724 σατο
2323 672 2433 741 (63)
2464 673 2555 726 τὸν
2582 672 2752 742 αὐτῆς
2779 671 2912 740 βίον.
2933 671 3080 741 Αῦτη
3096 688 3174 725 τοι
3196 672 3316 742 δίκη
3353 673 3462 726 ἐστὶ
3495 673 3626 737 θεῶν,
3647 675 3684 731 οἱ

2168 764 2445 834 Ὄλυμπον
2465 764 2698 835 ἔχουσιν,
2723 758 2768 818 ὧ
2797 767 2914 827 παῖ,
2930 764 3298 830 καὶνεανίσκε,
3315 765 3599 835 ἀμελείὠαι
3620 768 3686 822 δο

2165 856 2274 908 κῶν
2294 857 2397 910 ὑπὸ
2415 855 2572 909 θεῶν·
2604 857 2779 910 κακίω
2804 857 2902 926 μὲν
2924 856 3229 927 γινόμενον,
3251 857 3383 927 πρὸς
3403 857 3491 921 τὰς
3511 859 3689 926 κακίους

2164 946 2359 1016 ψυχὰς,
2382 947 2590 1016 ἀμείνω
2607 947 2664 1000 δὲ
2681 946 2814 1020 πρὸς
2836 947 2934 1012 τὰς
2948 947 3201 1018 ἀμείνους
3219 951 3576 1019 πορευόμενον,
3591 953 3634 1004 ἒν
3646 971 3688 1006 τε

2169 1036 2279 1106 ζωῇ
2305 1037 2398 1089 καὶ
2422 1038 2478 1089 ὲν
2509 1038 2643 1090 πᾶσι
2661 1036 2933 1099 θανάτοις,
2953 1038 3184 1107 πάσχειν
3199 1055 3254 1089 τε
3271 1037 3378 1106 (65)
3407 1036 3440 1089 ἀ
3471 1039 3689 1109 προσῆκον

2168 1131 2300 1200 δρᾷν
2336 1130 2452 1181 ἐστι
2476 1132 2589 1192 τοῖς
2621 1130 2924 1201 προσφυέσι
2958 1129 3069 1200 (6-4)
3097 1130 3219 1193 τοὺς
3258 1132 3584 1200 προσφερεῖς,
3623 1135 3692 1184 καί

2171 1223 2362 1274 ποιεῖν·
2393 1221 2608 1291 Ταύτης
2629 1221 2728 1291 τῆς
2751 1221 2906 1292 δίκης
2932 1221 3055 1274 οὔτε
3091 1223 3155 1275 σὺ
3196 1222 3422 1291 μήποτε,
3449 1220 3548 1273 οὒτ’
3576 1221 3692 1287 ἄλλος

2172 1312 2378 1383 ἀτυχὴς
2409 1312 2518 1381 (65)
2543 1312 2829 1383 γενόμενος
2857 1312 3144 1378 ἐπεύξεται
3179 1312 3544 1383 περιγενέσθαι
3572 1313 3691 1366 θεῶν·

2172 1404 2237 1469 ἣν
2266 1401 2456 1456 πασῶν
2485 1401 2642 1472 δίκην
2664 1401 2827 1455 δικῶν
2859 1401 3225 1472 διαφερόντως
3269 1400 3457 1465 ἔταξάν
3481 1419 3532 1454 τε
3559 1404 3597 1453 οἱ
3627 1403 3698 1455 ti-

2173 1491 2383 1558 ξαντες,
2410 1491 2583 1564 χρεών
2607 1510 2665 1545 τε
2696 1492 3100 1558 ἐξευλαϐεῖσθαι
3133 1493 3194 1545 τὸ
3239 1494 3511 1563 παράπαν.
3531 1494 3592 1546 Οὐ
3616 1495 3697 1564 γὰρ

2176 1584 2496 1658 ἀμεληθήσῃ
2531 1585 2661 1638 ποτὲ
2718 1584 2809 1637 ὑπ’
2860 1585 3064 1654 αὐτῆς·
3112 1585 3208 1655 οὐχ
3244 1585 3385 1638 οὕτω
3417 1585 3616 1656 σμικρὶς
3642 1583 3696 1638 ὢν

2177 1678 2313 1752 δύσῃ
2342 1680 2481 1732 κατά
2513 1679 2571 1731 τὸ
2608 1679 2706 1748 τῆς
2751 1678 2852 1748 γῆς
2885 1677 3067 1747 βάθος,
3097 1679 3204 1731 οὐδ’
3241 1679 3440 1748 ὑψηλὸς
3467 1681 3698 1749 γενόμενος

2178 1771 2257 1832 είς
2285 1771 2375 1823 τὸν
2408 1770 2633 1841 οὐρανὸν
2649 1770 2936 1842 ἀναπτήσῃ
2959 1787 2972 1799 ⁸
2997 1770 3166 1832 τίσεις
3188 1769 3245 1822 δὲ
3278 1770 3452 1842 σαυτῴ
3475 1770 3558 1840 τὴν
3575 1786 3699 1840 προσ-

490 1865 674 1920 auimo
701 1863 884 1930 fuerit,
919 1863 1042 1918 talis
1079 1862 1189 1918 fere
1223 1864 1425 1933 passim
1453 1881 1575 1920 esse
1601 1865 1912 1921 solet.—Et
1941 1881 2068 1921 eon-

2183 1863 2416 1930 ἡκουσαν
2439 1861 2708 1932 τιμωρίαν
2733 1861 2827 1914 εἶτ’
2854 1860 3038 1914 ἐνθάδε
3071 1860 3271 1932 μένων,
3303 1861 3412 1914 εἴτε
3438 1863 3524 1914 καὶ
3537 1865 3584 1914 ὲν
3607 1862 3699 1932 ᾅδω

490 1966 812 2014 sentaneum
847 1957 898 2010 id
929 1956 1169 2026 quidem.
1193 1985 1263 1995 —
1291 1959 1642 2027 Quzecunque
1698 1957 1862 2028 igitur
1891 1959 2074 2014 animo

492 2049 718 2118 praedita
767 2056 932 2112 sunt,
980 2056 1264 2102 mutantur
1310 2049 1528 2116 omnia,
1575 2051 1716 2119 quod
1767 2051 1821 2104 in
1853 2067 1910 2106 se
1941 2053 2073 2120 ipsis

492 2155 718 2196 causam
752 2139 1072 2195 mutationis
1102 2140 1356 2195 habeant.
1400 2139 1516 2207 Qua
1544 2142 1597 2196 in
1626 2143 1947 2207 mutatione,
1980 2144 2074 2199 fati

493 2233 871 2303 praescriptum
917 2247 982 2287 ac
1026 2232 1196 2302 legem
1244 2242 1569 2302 sequuntur.
1637 2233 1882 2301 Quorum
1929 2239 2075 2292 enim

493 2327 806 2382 animorum
826 2325 1225 2381 tolerabiliores
1257 2324 1460 2380 fuerint
1483 2325 1934 2397 remissioresque
1958 2345 2077 2382 [IO-

496 2433 606 2483 res,
644 2419 680 2472 ii
714 2418 845 2473 dum
870 2433 934 2472 ea
968 2417 1201 2472 mutatio
1236 2417 1314 2482 ﬁt,
1349 2426 1535 2487 utpote
1560 2418 1812 2486 leviores,
1839 2420 1890 2473 in
1928 2436 2077 2474 sum-

493 2525 644 2565 mum
700 2509 938 2579 regionis
982 2508 1160 2564 solum
1206 2521 1550 2576 commeant;
1607 2525 1839 2580 quorum
1894 2521 2076 2566 autem

494 2602 780 2672 graviores
820 2611 874 2656 et
925 2601 1266 2671 injustiores,
1315 2601 1350 2655 ii
1387 2611 1594 2656 vastam
1627 2602 1681 2656 in
1715 2603 2075 2669 altitudinem,

493 2703 551 2750 et
578 2694 925 2764 depressiora
974 2694 1092 2748 loca
1119 2693 1507 2758 detruduntur,
1535 2709 1657 2764 qua:
1677 2695 1769 2764 qui
1794 2695 1972 2750 adhuc
2002 2696 2081 2749 vi-

496 2796 654 2851 vunt,
685 2788 890 2857 quique
915 2786 1240 2856 corporibus
1270 2787 1433 2841 soluti
1453 2786 1565 2856 jam
1586 2797 1734 2850 sunt,
1756 2786 2077 2849 inferorum,

500 2894 568 2934 ac
602 2879 877 2934 similibus
912 2879 1036 2934 aliis
1071 2879 1385 2933 nominibus
1412 2878 1704 2932 admodum
1728 2879 1981 2941 horrere,
2019 2895 2083 2933 ac

501 2970 704 3040 saepius
738 2971 1011 3026 somniare
1044 2970 1238 3027 solent.
1293 2970 1387 3038 lta,
1421 2970 1580 3040 cujus
1615 2971 1781 3024 animi
1807 2987 1932 3025 eum
1957 2988 2082 3025 sna-

502 3073 590 3132 pte
619 3063 920 3127 voluntate,
969 3071 1083 3116 tum
1129 3063 1243 3116 aeri
1291 3071 1344 3117 et
1383 3063 1741 3116 corroborata
1784 3074 2081 3116 consuetu-

501 3155 630 3210 dine
672 3157 850 3228 major
883 3166 978 3211 attt
1010 3155 1314 3221 vitiositas,
1353 3165 1448 3210 aut
1491 3156 1665 3210 virtus
1698 3155 1985 3219 exstiterit,
2037 3156 2082 3210 is

502 3249 608 3304 sub
653 3249 800 3304 illam
833 3252 1213 3315 mutationem,
1250 3250 1295 3304 si
1327 3249 1566 3304 divinam
1613 3248 1678 3302 ad
1708 3249 1960 3302 virtutem
1988 3248 2082 3300 ad-

505 3340 748 3406 ltaeserit,
777 3343 1006 3411 ejusque
1052 3341 1403 3411 singulariter
1425 3350 1480 3395 et
1517 3340 1714 3394 eximie
1744 3339 1937 3394 similis
1973 3339 2085 3394 fue—

505 3435 600 3498 rit,
625 3435 810 3490 sedem
844 3449 1063 3503 quoque
1091 3449 1246 3488 suam
1273 3433 1476 3502 alioqui
1509 3432 1931 3502 sanctissimam,
1961 3448 2084 3487 eum

501 3526 611 3582 alia
639 3525 873 3596 quadam
899 3527 1079 3580 adhuc
1097 3527 1320 3580 meliore
1337 3533 1654 3580 commutat.
1685 3523 1787 3590 Qui
1807 3538 1933 3579 vero
1956 3539 2086 3578 eon-

508 3619 733 3673 trariam
765 3619 1203 3684 viaminstiterit,
1225 3618 1390 3673 vitam
1418 3632 1636 3687 quoque
1665 3617 1919 3686 deinceps
1954 3632 2085 3671 con—
2121 3609 2129 3621 ’

508 3711 691 3766 trariis
722 3712 775 3764 in
804 3711 958 3776 locis,
986 3720 1040 3766 et
1073 3711 1346 3766 contraria
1378 3716 1525 3765 sorte
1554 3709 1720 3780 degit.
1797 3707 1871 3762 Ea
1897 3709 2083 3778 judieii

506 3800 671 3864 ratio,
698 3802 773 3854 mi
805 3800 1148 3867 adolescens,
1183 3800 1276 3871 qui
1315 3809 1366 3854 te
1405 3816 1436 3854 a
1483 3799 1589 3854 diis
1616 3800 1814 3869 negligi
1855 3799 2088 3854 arbitra-

509 3891 607 3957 ris,
635 3907 666 3947 a
697 3892 803 3947 diis
831 3894 922 3962 qui
953 3893 1006 3948 in
1038 3891 1268 3964 Olympo
1298 3901 1608 3952 versantur,
1636 3890 1931 3946 constituta
1955 3899 2033 3945 est
2070 3911 2082 3944 :

509 3994 567 4039 ut
597 3987 692 4054 qui
721 3985 958 4040 deterior
1009 3985 1194 4048 fuerit,
1241 3987 1306 4040 ad
1355 3985 1716 4050 deteriorum;
1752 3984 1844 4054 qui
1874 3984 2084 4045 melior,

511 4074 579 4128 ad
610 4077 908 4139 meliorum
958 4078 1267 4131 animorum
1297 4078 1614 4132 societatem
1647 4077 1997 4145 commigret;
2035 4085 2090 4130 et

511 4181 636 4222 cum
667 4167 720 4221 in
747 4167 878 4233 vita,
909 4175 1026 4222 tum
1053 4167 1296 4237 quolibet
1319 4166 1514 4223 mortis
1542 4167 1594 4219 in
1627 4179 1845 4236 genere.
1892 4164 2089 4234 quibus

511 4269 546 4312 a
593 4256 865 4312 similibus
912 4257 1119 4311 similes
1167 4256 1304 4312 allici
1356 4258 1582 4320 deceat,
1639 4256 1878 4326 patiatur
1927 4265 2090 4326 atque

513 4358 640 4420 agat
665 4350 869 4404 omnia.
924 4347 1040 4404 Hoc
1081 4349 1350 4419 judicium
1398 4365 1575 4418 neque
1605 4357 1696 4412 tu,
1742 4363 1916 4417 neque
1950 4349 2088 4403 alius

513 4441 804 4511 quisquam
853 4442 1128 4511 defugisse
1173 4459 1252 4507 se,
1286 4453 1450 4512 atque
1479 4442 1552 4496 ita
1583 4443 1716 4497 deos
1759 4443 1905 4510 ipsos
1929 4457 2088 4510 supe-

515 4551 666 4590 rasse
691 4536 1012 4605 gloriabitur
1065 4556 1077 4591 :

515 4627 659 4680 xime
689 4642 798 4695 prae
824 4629 1032 4682 eazteris
1061 4629 1340 4683 omnibus?
1362 4639 1614 4683 sanetum
1644 4644 1766 4684 esse
1797 4628 2085 4693 voluerint,

515 4717 849 4789 omninoque
877 4732 1160 4790 propterea
1193 4721 1364 4775 vereri
1411 4728 1694 4790 Oporteat;
1732 4736 1831 4776 nec
1855 4722 1999 4776 enim
2027 4721 2091 4773 il-

519 4811 608 4864 lud
646 4822 697 4866 te
726 4829 965 4881 unquam
995 4814 1310 4883 praeteribit.
1351 4812 1461 4868 Nec
1494 4823 1599 4867 tam
1627 4813 1858 4882 pusillus
1891 4812 2094 4868 tenuis-

516 4919 624 4974 que
649 4904 765 4971 ties,
789 4914 850 4959 ut
877 4906 946 4960 ab
969 4920 1036 4960 eo
1063 4915 1113 4960 te
1146 4907 1199 4958 in
1230 4906 1442 4960 abditos
1464 4913 1620 4959 terrae
1646 4905 1802 4959 sinus
1832 4904 2096 4958 latebras-

516 5013 624 5068 que
652 4998 928 5053 subducas
960 5017 973 5052 :
1004 5014 1105 5053 nec
1136 5015 1265 5053 vero
1295 5007 1404 5052 tam
1431 4999 1780 5060 sublimis,ut
1806 4998 1859 5050 in
1893 4997 2093 5052 malum

516 5090 718 5144 cvoles.
768 5091 840 5144 At
867 5091 1062 5161 dignas
1109 5091 1334 5146 omnino
1387 5107 1578 5160 pmnas
1607 5092 1837 5147 daturus
1865 5091 1980 5161 ipse
2010 5106 2090 5155 es,

518 5185 634 5239 sive
660 5184 748 5238 hie
773 5200 1020 5249 maneas,
1050 5187 1165 5241 sive
1193 5186 1485 5256 trajiciaris
1517 5188 1582 5240 ad
1613 5186 1838 5250 inferos,
1888 5187 2001 5242 sive
2027 5187 2094 5241 ad

519 5273 699 5331 locum
743 5277 980 5347 aliquem
1044 5278 1113 5334 iis
1163 5279 1346 5348 adhuc,
1395 5279 1756 5335 horridiorem
1808 5279 2091 5334 deferaris.

595 5475 706 5550 (βξ)
737 5477 1163 5550 Μεθιόρύσατο.
1207 5480 1397 5537 Melius
1428 5495 1590 5550 quam
1627 5478 2094 5550 apudPlatonem,

525 5545 924 5669 gssﬁiSpdaaaa,
948 5551 1200 5606 convenit
1232 5555 1376 5606 enim
1420 5545 1544 5605 eum
1578 5545 1906 5620 praecedenti
1969 5567 2098 5620 μετ-

589 5634 628 5669 α
660 5633 706 5669 ε.

589 5633 684 5671 αΑε
693 5658 706 5669 .

601 5687 713 5763 (δβ)
739 5688 1009 5763 Πάσχειν
1037 5709 1118 5763 τε.
1146 5691 1296 5746 Plato
1323 5702 1444 5761 post
1470 5693 1695 5763 πάσχειν
1718 5711 1799 5752 τε.
1832 5690 1981 5747 addit
2006 5693 2099 5744 καὶ

527 5761 722 5831 ποιεῖν,
753 5760 896 5825 quod
932 5761 1019 5815 hic
1044 5762 1096 5814 in
1128 5760 1334 5831 periodi
1371 5764 1528 5818 tinem
1555 5760 1814 5831 rejieitur.

604 5827 716 5899 (64)
743 5831 1107 5900 Προσςρυέσι.
1130 5827 1314 5900 Ῥιιιιο,
1341 5827 1695 5906 προσφερέσι,
1723 5833 1939 5901 melius,
1973 5848 2098 5888 cum

2176 1951 2574 2021 διαπορευθεὶς,
2629 1952 2737 2003 εἴτε
2786 1950 2880 2004 καὶ
2928 1949 3131 2003 τούτων
3167 1952 3249 2014 εἰς
3296 1951 3574 2022 ἀγιὼτερον
3619 1953 3699 2022 (66)

2181 2044 2260 2097 ἔτι
2309 2044 2680 2114 διακομισθεὶς
2725 2044 2909 2098 τόπον.
2954 2045 3012 2096 Ὀ
3049 2045 3213 2108 αὐτὸς
3261 2044 3318 2097 δὲ
3364 2045 3510 2114 λόγος
3543 2047 3700 2098 σοικαὶ

2182 2139 2309 2207 περὶ
2335 2138 2556 2191 ἐκείνων
2580 2138 2645 2191 ἂν
2672 2139 2778 2208 εἴη,
2809 2136 2917 2190 τῶν
2941 2136 3033 2200 οὓς
3068 2137 3130 2189 σὺ
3154 2137 3389 2192 κατιδὼν
3419 2140 3480 2191 ἐκ
3510 2140 3700 2208 σμικρῶν

2181 2231 2446 2302 μεγάλους
2472 2229 2780 2300 γεγονότας,
2807 2230 3358 2303 ἀνοσιουργήσαντας,
3391 2232 3423 2302 ἧ
3454 2249 3501 2283 τι
3518 2231 3704 2285 τοιοῦτον

2181 2326 2511 2398 πράξαντας,
2546 2325 2731 2398 ᾠήθης
2764 2327 2822 2393 ἐξ
2872 2327 3070 2380 ἀθλίων
3099 2329 3425 2400 εὐδαίμονας
3459 2330 3703 2397 γεγονέναι,

2182 2423 2273 2474 καὶ
2310 2422 2386 2485 ὡς
2419 2423 2476 2472 ὲν
2524 2421 2849 2492 κατόπτροις
2897 2421 3075 2474 αὐτῶν
3115 2425 3239 2485 ταῖς
3283 2422 3534 2495 πράξεσιν
3563 2425 3705 2492 ᾐτήσω

2183 2514 2594 2586 καθεωρακέναι
2623 2515 2722 2584 τὴν
2756 2515 2972 2568 πάντων
3003 2515 3266 2586 ἀμέλειαν
3303 2516 3461 2579 θεῶν,
3481 2517 3568 2569 οὐκ
3592 2513 3704 2576 εἰδὼς

2180 2606 2357 2659 αὐτῶν
2387 2605 2483 2677 τὴν
2517 2605 2843 2669 συντέλειαν,
2894 2607 2998 2677 ὅπη
3032 2607 3159 2659 ποτὲ
3176 2606 3256 2676 τῷ
3273 2608 3435 2660 παντὶ
3463 2604 3708 2677 ξυμϐάλλε-

2179 2717 2267 2751 ται
2322 2700 2360 2750 Γ
2366 2697 2614 2751 ινώσκειν
2647 2698 2701 2750 δὲ
2728 2699 2911 2770 αὐτὴν,
2939 2693 2984 2751 ὦ
3013 2700 3229 2753 πάντων
3252 2698 3708 2772 ἀνδρειότατε,πῴ;

2182 2791 2332 2844 οὐδὲν
2356 2791 2530 2853 δοκεῖς
2553 2790 2709 2861 (66⁸),
2737 2792 2803 2860 ἦν
2831 2809 2914 2852 τις
2941 2791 3013 2862 μὴ
3037 2791 3346 2859 γινώσκων,
3380 2792 3482 2844 οὐδ’
3512 2790 3569 2844 ἂν
3583 2791 3709 2842 τύπον

2184 2885 2281 2937 ἴδοι
2319 2885 2464 2946 ποτὲ,
2491 2883 2611 2936 οὐδὲ
2647 2882 2800 2950 λόγον
2831 2883 3230 2954 ξυμϐάλλεσθαι
3258 2902 3324 2937 πε
3335 2886 3386 2953 ρ).
3412 2884 3518 2954 βίου
3540 2883 3709 2945 δυνατὴ

2183 2975 2247 3027 ἂν
2271 2975 2497 3043 γένοιτο,
2521 2977 2601 3038 είς
2639 2975 2982 3045 εὐδαιμονίαν
2999 2993 3056 3027 τε
3085 2976 3176 3028 καὶ
3203 2976 3528 3046 δυσδαίμονα
3559 2974 3705 3044 τύχην.

2185 3067 2371 3122 Ταῦτα
2401 3070 2446 3121 εί
2487 3069 2584 3138 μέν
2637 3085 2695 3120 σε
2731 3068 2905 3122 πείθει
2956 3068 3208 3132 Κλεινίας
3243 3068 3353 3132 ὅδε,
3390 3068 3479 3121 καὶ
3509 3066 3712 3137 ξύμπασα

2185 3160 2339 3231 ἡμῶν
2371 3160 2466 3231 ἥδε
2506 3164 2538 3230 ἡ
2591 3161 2864 3230 γερουσία,
2921 3161 3046 3231 περὶ
3075 3161 3212 3213 θεῶν
3244 3163 3322 3222 ὡς
3360 3162 3459 3214 οὐκ
3485 3156 3711 3213 οἶσθαὸτι

2185 3253 2384 3321 λέγεις,
2407 3252 2585 3316 καλῶς
2639 3254 2702 3307 ἄν
2738 3271 2818 3307 σοι
2846 3255 2977 3318 Θεὸς
2999 3253 3162 3318 αὐτὸς
3199 3253 3585 3324 ξυλλαμϐάνοι·
3610 3253 3651 3304 εί
3673 3251 3710 3302 δ’

2187 3343 2404 3416 ἐπιδεὴς
2437 3343 2516 3396 ἔτι
2541 3343 2699 3413 λόγου
2733 3345 2796 3398 ἂν
2823 3346 2959 3416 εἴης,
2991 3346 3259 3414 λεγόντων
3293 3349 3327 3417 ἡ
3338 3346 3453 3417 μῶν
3500 3345 3617 3417 πρὸς
3650 3342 3714 3394 τίν

2185 3436 2365 3507 τρίτον
2395 3436 2654 3503 ἐπάκουε,
2680 3439 2728 3489 εί
2757 3436 2881 3489 νοῦν
2909 3437 3000 3490 καὶ
3028 3438 3279 3491 ὁπωσοῦν
3302 3439 3464 3510 ἔχεις.
3504 3459 3519 3489 ι
3548 3435 3714 3490 Τούτων

2185 3528 2213 3578 ὁ
2239 3526 2382 3591 νοῦς,
2410 3529 2458 3580 εἰ
2492 3528 2586 3580 καὶ
2620 3527 2693 3598 μὴ
2740 3528 2807 3580 τὰ
2867 3530 3105 3599 ῥήματα,
3142 3529 3197 3580 ὲν
3233 3533 3350 3593 τοῖς
3396 3525 3716 3600 Ἐϐραίωνλοε

2187 3622 2328 3689 γίοις
2365 3619 2897 3692 προκαταὸέϐληται,
2933 3621 3346 3690 συντομώτατα,
3381 3622 3470 3674 καὶ
3492 3622 3552 3672 δι’
3572 3619 3717 3685 ὀλίγων

2186 3711 2284 3782 τῆς
2308 3711 2543 3773 διανοίας
2565 3711 2974 3781 περιεχομένης.
2999 3711 3071 3762 Τό
3091 3727 3148 3762 τε
3171 3711 3336 3782 γὰρ,σ
3361 3713 3469 3781 υύχ
3488 3711 3610 3764 οὕτω
3626 3725 3716 3778 ap:-

2191 3802 2321 3873 κρὸς
2350 3801 2425 3856 ὢν
2484 3802 2617 3874 δύσῃ
2661 3802 2802 3856 κατὰ
2827 3802 2886 3855 τὸ
2931 3804 3030 3872 τῆς
3060 3804 3163 3873 γῆς
3202 3803 3391 3872 βάθος,
3422 3805 3524 3856 οὐδ’
3566 3800 3718 3870 boris;

2194 3896 2482 3966 γενόμενος
2505 3897 2583 3958 είς
2612 3895 2702 3948 τὸν
2737 3896 2965 3966 οὐρανὸν
2989 3897 3300 3967 ἀναπτήσῃ,
3337 3917 3354 3946 ι
3377 3900 3549 3967 ὅμοιον
3569 3895 3622 3946 ἀν
3655 3890 3716 3957 εἵη

2196 3988 2274 4058 τῷ
2297 3989 2448 4059 παρὰ
2481 3986 2556 4058 τῷ
2583 3987 2766 4050 Δαυῖδ,
2791 3987 2978 4040 τοῦτον
3023 3989 3194 4059 ἔχοντι
3222 3990 3318 4042 τὸν
3348 3992 3564 4060 era/mor
3593 4007 3607 4036 ι
3638 3983 3714 4035 Ποῦ

2196 4081 2442 4154 πορευθῶ
2474 4083 2582 4134 ἀπὸ
2613 4081 2918 4151 πνεύματός
2961 4099 3076 4143 σου,
3107 4084 3200 4135 καὶ
3226 4084 3339 4136 ἀπὸ
3364 4083 3453 4136 τοῦ
3486 4080 3718 4151 προσώπου

2194 4191 2284 4226 σου
2314 4173 2415 4227 ποῦ
2442 4174 2636 4242 φύγω;
2683 4173 2807 4226 Ἐὰν
2834 4174 3018 4227 ἀναδῶ
3044 4178 3121 4239 είς
3153 4176 3244 4228 τὸν
3275 4176 3520 4248 οὐρανὸν,
3553 4175 3605 4226 σὺ

2191 4261 2242 4318 εἷ
2263 4282 2278 4297 ο
2304 4265 2398 4319 ὲάν
2433 4265 2656 4319 καταδῶ
2693 4267 2773 4328 είς
2803 4265 2896 4319 τὸν
2930 4265 3081 4337 ᾅδην,
3119 4269 3308 4338 πάρει.
3366 4268 3426 4320 El
3456 4265 3718 4330 ἀντιλάϐοιμι

2193 4356 2486 4429 πτέρυγας,
2540 4359 2632 4411 καὶ
2686 4358 3174 4429 κατασκηνώσαιμι
3222 4361 3304 4423 είς
3339 4360 3406 4412 τὰ
3440 4360 3618 4428 ἔσχατα
3649 4355 3718 4422 τῆς

2194 4447 2465 4518 θαλάσσης
2493 4465 2504 4478 ·
2541 4449 2636 4501 καὶ
2661 4449 2771 4519 γὰρ
2813 4450 2930 4502 ἐκεῖ
2958 4452 2990 4520 ἡ
3043 4452 3163 4520 χείρ
3192 4467 3287 4503 σου
3314 4451 3558 4521 ὁδηγήσει
3589 4463 3673 4516 με·
3705 4467 3716 4494 ι

1133 4538 1334 4607 quippe
1364 4537 1506 4607 quod
1534 4537 1655 4607 ejus
1685 4544 1936 4592 auctores
1971 4551 2080 4590 ma-

2195 4539 2329 4593 ἁλλὰ
2375 4540 2467 4593 καὶ
2500 4542 2560 4594 τό
2585 4559 2597 4571 ·
2636 4560 2654 4591 ι
2686 4543 2750 4595 Οἱ
2788 4542 3007 4614 οὐρανοὶ
3061 4542 3381 4613 διηγοῦνται
3413 4541 3559 4605 δόξαν
3605 4538 3721 4592 Θεοῦ.

2191 4634 2284 4686 καὶ
2315 4634 2530 4704 ποίησιν
2557 4632 2754 4705 χειρῶν
2798 4635 2961 4687 αὐτοῦ
2991 4634 3314 4703 ἀναγγέλλει
3354 4635 3416 4687 τὸ
3439 4633 3719 4703 στερέωμα.)

2192 4725 2300 4778 Καὶ
2327 4725 2487 4779 πάλιν
2521 4726 2575 4777 ὲν
2609 4726 2686 4796 τῷ
2723 4726 2920 4797 Ἡσαΐᾳ
2947 4727 3037 4779 τό·
3071 4748 3087 4776 ι
3129 4727 3491 4796 Ἀναϐλέψατε
3529 4725 3596 4785 εἰς
3630 4719 3724 4787 ῦῷῡς

2191 4819 2318 4882 τοὺς
2346 4818 2654 4889 ὀφθαλμοὺς
2688 4819 2862 4888 ὑμῶν,
2896 4819 2986 4872 καὶ
3011 4819 3170 4881 ἴδετε,
3189 4822 3274 4883 τίς
3307 4820 3570 4882 κατέδειξε
3599 4812 3722 4866 ταῦτε

2195 4910 2411 4964 πάνταο
2472 4931 2488 4961 ι
2544 4911 2636 4963 καὶ
2690 4911 2780 4963 τό·
2829 4931 2846 4961 ι
2896 4912 2990 4964 Ἐκ
3045 4912 3313 4982 μεγέθους
3368 4915 3461 4966 καὶ
3510 4903 3718 4969 καλλονῆτ

2195 5000 2506 5070 κτισμάτων
2566 5001 2844 5069 ἀναλόγως
2891 5003 2920 5052 ὁ
2951 5002 3338 5073 Γενεσιουργὸς
3399 5003 3646 5072 Θεωρεῖτσι
3671 5009 3719 5040 ἰ

2199 5093 2290 5146 καὶ
2313 5094 2372 5146 τό
2396 5111 2408 5122 ·
2441 5112 2458 5142 ι
2522 5094 2602 5146 Τὰ
2650 5095 2758 5166 γὰρ
2794 5095 3001 5166 ἀόρατα
3032 5094 3200 5148 αὑτοῦ
3229 5137 3244 5161 ,
3294 5097 3406 5149 ἀπὸ
3437 5095 3638 5150 κτίσεως
3663 5083 3721 5136 κθ·

2199 5205 2334 5259 σμου
2363 5189 2478 5251 τοῖς
2511 5189 2777 5258 ποιήμασι
2807 5188 3068 5259 νοούμενα
3100 5187 3425 5260 καθορᾶται,
3455 5188 3486 5257 ἦ
3519 5202 3566 5236 τε
3592 5180 3718 5235 ἀίδιος

2198 5279 2364 5333 αὐτοῦ
2389 5278 2618 5349 δύναμις
2651 5280 2744 5332 καὶ
2762 5277 2970 5347 θειότης
2989 5297 3002 5309 ο
3037 5299 3055 5330 ι
3079 5278 3214 5331 ἀλλὰ
3233 5278 3429 5340 καὶτὸ,
3455 5297 3470 5327 ι
3496 5274 3717 5344 Ἐζήλωπ

2199 5489 2457 5548 sequatur
2491 5483 2838 5550 προσφερεῖς.

2420 5549 2687 5636 grex-71¢.
2711 5549 2942 5636 ’Fiei'plu‘s
2969 5550 3117 5632 legit,
3150 5551 3399 5636 εῦτυχής.
3547 5618 3558 5636 Ι
3634 5608 3694 5636 ﬂ:

2270 5618 2381 5691 (66)
2420 5618 2771 5689 Ἀγιώτερον.
2817 5619 2990 5683 Plato.
3031 5618 3399 5692 ἀγριώτερον,
3427 5618 3559 5689 quod
3589 5622 3716 5692 magis

2201 5681 2394 5760 placet,
2424 5681 2505 5745 vel
2533 5681 2897 5761 ἀτοπώτερον.
2938 5681 2992 5746 ut
3039 5681 3200 5747 etiam
3245 5681 3346 5761 légi
3382 5681 3621 5745 Serranus
3646 5681 3714 5736 ad-

2203 5772 2406 5903 miiiis‘)
2449 5830 2587 5901 Lege
2621 5832 2744 5896 Πῶς
2779 5835 2839 5886 “'5’
2873 5833 3002 5890 δεῖν’
