3872 6368
184 352 283 406 1061

1232 343 1550 399 ΡΙῒΑΞΡΑΒ.
1597 342 1841 399 EVANG.
1881 342 2008 399 LIB.
2054 340 2188 397 XIII.

3218 344 3353 399 1062

177 486 314 541 nam
348 468 609 538 προσήκων
646 467 770 535 ἡμῖν
819 465 1012 532 γένοιτ’
1064 466 1128 518 ἂν
1170 466 1423 537 Ἕλλησιν
1456 462 1603 519 οὖσιν
1649 497 1650 500 η

1779 466 2080 521 doctrinam
2135 480 2450 535 sequamur,
2508 480 2633 521 cum
2686 480 2845 522 secus
2896 465 3083 535 utique
3147 462 3347 517 factum

186 558 438 631 Ἐλληνικὸς
480 554 668 626 μᾶλλον
710 556 743 625 ἢ
777 557 805 610 ὁ
846 555 1133 627 βάρϐαρος.
1178 555 1377 608 Ὀκνῶν
1412 556 1467 608 δὲ
1498 557 1671 609 ἁπαν-

174 660 296 726 τῆσαι
325 650 441 721 πρὸς
468 648 632 712 τοῦτο,
664 648 801 700 αἰδοῖ
830 650 894 718 τῇ
941 648 1075 717 πρὸς
1101 647 1191 700 τὸν
1220 648 1521 715 φιλόσοφον,
1550 646 1671 700 τοῦ-

171 764 240 799 τον
266 744 346 814 μὲν
375 742 445 803 εἰς
485 740 702 810 ὕστερον
743 738 1060 808 ἀνατίθεμαι
1094 737 1184 790 τὸν
1212 737 1393 805 λόγον·
1426 737 1494 790 τὰ
1520 737 1575 789 δέ
1606 754 1667 805 γε

171 835 318 904 πρῶτά
343 850 421 902 μοι
450 831 695 901 λεχθέντα
725 830 914 899 πρῶτα
946 830 1322 899 διασκὲψομαι.
1354 828 1546 881 Λαϐὼν
1574 826 1667 881 οὖν

168 923 400 991 ἀνάγνωθι,
432 921 611 974 ὁποίαν
639 924 874 991 ἐπήγετο
902 921 1056 986 δόξαν
1092 924 1121 973 ὁ
1152 920 1375 973 Πλάτων
1404 920 1533 990 περὶ
1557 919 1666 974 τῶν

176 1014 440 1085 Ἑλληνικῶν
483 1013 743 1080 θεολόγων
770 1030 828 1065 τε
860 1013 952 1066 καὶ
986 1012 1243 1081 ποιητῶν,
1270 1013 1415 1076 ὅπως
1457 1030 1514 1066 τε
1556 1012 1661 1064 πά-

166 1123 239 1169 σας
261 1105 344 1167 τὰς
367 1103 611 1174 πατρίους
638 1103 767 1172 περὶ
809 1102 915 1154 τῶν
956 1101 1090 1153 θεῶν
1122 1102 1416 1173 ὑπολήψεις
1460 1102 1662 1171 ὴθέτει,

164 1198 233 1250 καὶ
253 1197 335 1266 τὴν
363 1196 414 1246 ἐν
443 1194 617 1257 αὐτοῖς
645 1194 874 1246 ἀτοπίαν
903 1193 1202 1263 διήλεγχεν.

1777 566 2071 627 oporteret,
2114 558 2259 626 quod
2313 565 2509 627 praeter
2556 559 2867 628 dogmatum
2916 558 3350 624 similitudinem,

1777 650 2063 704 nobiscum
2099 652 2285 715 etiam,
2320 660 2505 720 utpote
2550 648 2773 715 Graecis,
2819 650 3008 706 Graeco
3046 650 3220 719 magis
3251 650 3349 703 ho-

1777 743 1908 795 mini
1956 758 2122 811 quam
2153 743 2388 798 barbaro
2421 743 2759 799 conveniret.
2814 743 2880 798 Et
2914 744 3175 813 quoniam
3224 756 3347 812 ego,

1775 847 1881 900 qua
1911 832 2296 903 philosophum
2330 834 2475 889 hunc
2494 834 2838 890 observantia
2871 849 3193 904 prosequor,
3222 834 3349 887 huic

1774 922 1955 979 adhuc
1995 924 2403 993 reprehensioni
2450 940 2739 983 occurrere
2776 944 2987 993 vereor,
3024 929 3126 983 hac
3154 928 3347 984 tantis-

1771 1028 1866 1081 per
1904 1015 2151 1069 oratione
2180 1016 2369 1080 dilata,
2399 1032 2522 1087 quae
2550 1019 2789 1088 primum
2824 1019 2921 1073 abs
2954 1035 3038 1074 me
3066 1022 3344 1089 proposita

1770 1114 1917 1171 sunt,
1958 1122 2023 1161 ea
2080 1108 2260 1175 primo
2310 1110 2431 1164 loco
2482 1111 2792 1165 discutiam.
2831 1113 2996 1166 Sume
3030 1128 3161 1183 ergo
3210 1112 3343 1165 mihi

1770 1196 2071 1263 Platonem,
2097 1217 2159 1255 ac
2189 1203 2419 1273 perlege,
2450 1203 2668 1272 qualem
2699 1204 2814 1273 ipse
2843 1204 3062 1257 demum
3094 1204 3342 1258 habuerit

160 1289 412 1344 Grecorum
456 1286 826 1356 theologorum
890 1300 953 1339 ac
992 1296 1275 1355 poetarum
1315 1287 1652 1361 Opipionem,
1688 1298 1748 1345 et
1778 1295 2235 1361 quemadmodum
2295 1298 2501 1365 patrias
2553 1312 2744 1353 omnes
2778 1298 2845 1353 de
2882 1299 2987 1352 diis
3044 1298 3344 1354 sententias

165 1381 379 1451 rejecerit,
405 1392 697 1448 earumque
725 1378 956 1447 ineptias
992 1379 1316 1449 coarguerit.

616 1467 1007 1521 ΚΕΦΑΛΑΙΟΝ
1039 1468 1119 1521 A'.

179 1585 337 1647 Ὅπως
382 1584 413 1635 ό
466 1580 715 1635 Πλάτων
771 1581 882 1650 τῆς
920 1581 1278 1652 Ἑλληνικῆς
1315 1583 1625 1652 θεολογίας

254 1651 529 1721 ἀπήλεγχε
559 1652 676 1720 τὴν
702 1652 973 1705 ἀτοπίαν.
1014 1652 1104 1705 Ἐκ
1133 1651 1237 1706 τοῦ
1265 1651 1514 1723 Τιμαίου,

204 1764 219 1795 ι
254 1746 368 1815 Περὶ
393 1746 447 1798 δὲ
486 1744 595 1798 τῶν
628 1746 801 1800 ἄλλων
826 1745 935 1816 (6'7)
974 1745 1243 1815 δαιμόνων
1272 1747 1444 1799 εἰπεῖν
1476 1764 1534 1798 τε
1564 1747 1658 1799 καὶ

148 1839 303 1905 γνῶναι
324 1839 414 1910 τὴν
446 1838 661 1906 γένεσιν
695 1837 878 1909 μεῖζον
904 1838 938 1907 ἢ
970 1837 1090 1889 καθ’
1120 1839 1287 1908 ἡμᾶς.
1336 1838 1658 1890 Πιστευτέον

147 1931 187 1983 δὲ
207 1935 294 1993 τοῖς
314 1931 574 2002 εἰρηκόσιν
614 1931 943 2002 ἔμπροσθεν,
974 1931 1217 1999 ἐκγόνοις
1255 1932 1350 2001 μὲν
1393 1930 1531 1982 θεῶν
1564 1926 1655 1983 ού-

148 2042 223 2086 σιν,
250 2024 311 2088 ὡς
348 2024 565 2093 ἔφασαν,
601 2023 789 2092 σαφῶς
822 2023 877 2075 δέ
925 2041 1027 2076 που
1065 2025 1188 2087 τοὺς
1221 2023 1424 2075 ἑαυτῶν
1455 2026 1655 2096 προγό-

146 2134 235 2178 νους
270 2116 461 2170 εἰδόσιν.
501 2117 786 2169 Ἀδύνατον
832 2112 925 2168 οὖν
972 2114 1109 2168 θεῶν
1152 2115 1339 2167 παισὶν
1387 2117 1654 2179 ἀπιστεῖν,

144 2210 296 2281 καίπερ
322 2211 436 2264 ἄνευ
474 2211 701 2263 εἰκότων
731 2210 825 2263 καὶ
859 2209 1169 2277 ἀναγκαίων
1202 2208 1530 2273 ἀποδείξεων
1576 2209 1657 2261 λέ-

143 2318 309 2367 γουςιν·
340 2302 445 2354 ἀλλ’
477 2302 552 2364 ὼς
581 2303 759 2353 οἰκεῖα
788 2302 1083 2370 φάσκουσιν
1122 2302 1501 2370 ἀπαγγέλλειν,
1529 2304 1656 2355 ἐπο-

142 2391 289 2459 μένους
322 2391 391 2461 τῷ
432 2391 581 2462 νόμῳ
624 2391 959 2444 πιστευτέον.
1002 2390 1187 2454 Οὕτως
1231 2387 1323 2445 οὖν
1364 2393 1484 2445 κατ’
1516 2394 1655 2446 ἐκεί-

140 2500 229 2544 νους
255 2485 365 2552 ἡμῖν
402 2484 432 2553 ἡ
477 2482 694 2551 γένεσις
737 2483 863 2551 περὶ
897 2482 1101 2535 τούτων
1148 2482 1256 2535 τῶν
1292 2482 1429 2535 Θεῶν
1459 2485 1652 2554 ἐχέτω,

140 2573 206 2625 καὶ
234 2572 464 2642 λεγέσθω.
502 2574 610 2644 Γῆς
653 2590 711 2624 τε
754 2574 849 2627 καὶ
900 2574 1142 2643 Οὐρανοῦ
1178 2575 1363 2638 παῖδες
1406 2576 1654 2640 Ὠκεανός

136 2682 177 2716 τε
202 2668 274 2718 καὶ
298 2666 463 2736 Τηθὺς
488 2667 812 2737 ἐγενέσθηνσ
848 2667 1051 2719 τούτων
1088 2667 1147 2720 δὲ
1192 2669 1421 2739 Φόρκυς,
1449 2670 1655 2740 Κρόνος

135 2772 190 2815 τε,
214 2759 288 2810 καί
318 2758 452 2822 Ῥέα,
496 2759 593 2813 καὶ
621 2759 737 2812 ὅσοι
783 2758 919 2829 μετὰ
961 2759 1197 2812 τούτων’
1238 2762 1303 2812 ἐκ
1344 2760 1402 2812 δὲ
1443 2762 1652 2831 Κρόνου

135 2851 201 2903 καὶ
234 2852 388 2914 Ῥέας,
414 2854 567 2915 Ζεὺς,
604 2854 752 2923 Ἥρα
795 2869 877 2916 τε,
927 2852 1021 2905 καὶ
1074 2853 1270 2917 πάντες
1318 2854 1471 2915 ὅσους
1498 2853 1652 2923 ἴσμεν

133 2939 337 3009 ἀδελφοὺς
378 2941 702 3012 λεγομένους
727 2942 924 3005 αὐτῶν,
960 2942 1040 2994 ἐτι
1078 2960 1137 2995 τε
1166 2944 1292 3005 τοὺς
1331 2940 1533 2995 τούτων
1561 2942 1653 2995 ἅλ-

131 3032 221 3097 λους
260 3036 514 3103 ἐγγόνους.
571 3056 590 3088 ι
649 3036 748 3088 Διὰ
796 3035 999 3088 τούτων
1033 3037 1305 3088 πιστεύειν
1361 3039 1473 3099 τοῖς
1524 3038 1651 3109 περὶ

130 3124 231 3178 θεῶν
255 3126 444 3194 μύθοις,
474 3128 567 3180 καὶ
593 3128 779 3191 αὐτοῖς
799 3127 855 3179 δὲ
882 3128 993 3190 τοῖς
1024 3126 1133 3179 τῶν
1167 3127 1348 3197 μύθων
1379 3130 1647 3197 ποιηταῖς,
1678 3147 1720 3202 C

127 3215 180 3277 ὡς
203 3217 253 3288 δὴ
285 3218 407 3271 θεῶν
438 3220 685 3288 ἐγγόνοις
718 3215 835 3272 οὖσι
867 3218 1435 3290 παρακελευσάμενος,
1460 3217 1650 3289 πρῶτα

133 3310 205 3378 μὲν
225 3311 297 3363 διὰ
319 3311 404 3364 τοῖ’)
430 3312 596 3381 φάναι
622 3312 877 3380 ἐγγόνους
901 3306 1038 3364 εἶναι
1062 3311 1169 3362 τῶν
1196 3310 1331 3363 θεῶν
1355 3311 1480 3372 τοὺς
1501 3327 1649 3380 ποιη-

131 3404 204 3467 τὰς
232 3404 487 3474 χλευάζειν
528 3405 627 3477 μοὶ
674 3405 842 3469 δοκεῖ,
876 3400 959 3467 ’ὡς
999 3404 1092 3456 καὶ
1120 3402 1225 3455 τῶν
1260 3402 1398 3455 Θεῶν
1440 3401 1649 3473 ἀνθρὼ-

126 3514 211 3549 πων
244 3500 546 3568 γεγονότων,
596 3500 692 3552 καὶ
740 3500 852 3560 τοῖς
895 3497 1135 3565 ἐγγόνοις
1172 3493 1371 3564 ὁμοίων
1405 3494 1504 3564 τὴν
1549 3494 1647 3562 φύ-

124 3605 207 3641 σιν·
243 3592 495 3647 διαϐάλλει
526 3593 573 3646 δ’
602 3590 729 3659 ἐξῆς
758 3591 1015 3660 ἄντικρυς
1069 3587 1196 3649 τοὺς
1236 3585 1516 3655 θεολόγους
1553 3584 1645 3647 οὓς

122 3682 325 3749 ἐγγόνους
346 3686 539 3756 ἔφησεν
574 3682 714 3736 εἶναι
742 3682 898 3746 θεῶν,
929 3679 995 3733 δι’
1041 3696 1116 3732 ων
1144 3678 1337 3746 ἐπάγει
1377 3677 1601 3745 φάσκων
1626 3694 1641 3707 ο

124 3781 340 3855 ιΚαίπερ
380 3782 506 3835 ἄνευ
550 3780 778 3832 εἰκότων
830 3776 921 3829 καὶ
972 3772 1284 3841 ἀναγκαίων
1319 3769 1644 3835 ἀποδείξεων

121 3866 316 3936 λέγουσι·
354 3891 371 3923 ι
408 3871 472 3923 δι’
523 3863 601 3922 ὧν
652 3885 709 3921 τε
757 3864 1079 3937 προστίθησι
1114 3863 1195 3925 τὸ,
1255 3863 1334 3926 ὡς
1383 3860 1639 3926 ἔφασαν.

122 3961 290 4024 Παίζειν
312 3963 353 4015 δ’
381 3963 521 4016 ἔοικε
551 3960 757 4028 λέγων’
800 3978 817 4010 ι
862 3956 1053 4026 Σαφῶς
1098 3955 1161 4023 γέ
1212 3971 1312 4007 που
1353 3953 1477 4015 τοὺς
1520 3953 1643 4003 ἐαυ-

119 4052 196 4104 τῶν
223 4055 491 4123 προγόνους
537 4053 735 4105 εἰδόσι·
771 4071 787 4102 ι
836 4050 931 4103 καὶ
976 4048 1055 4109 τὸ,
1113 4066 1131 4096 ι
1178 4045 1463 4098 Ἀδύνατον
1505 4043 1641 4097 θεῶν

118 4145 262 4195 παισὶν
298 4148 557 4199 ἀπιστεῖν.
597 4165 617 4195 ι
670 4142 780 4196 Καὶ
814 4141 873 4193 τὸ
922 4138 1074 4211 παρὰ
1115 4136 1342 4207 γνώμην
1373 4136 1429 4188 δὲ
1468 4135 1638 4188 ταῦτα

116 4232 250 4301 λέγειν
281 4238 379 4289 τῶν
410 4239 591 4307 νόμων
629 4236 793 4287 ἓνεκα
824 4232 1122 4304 διαρρήδην
1159 4228 1482 4300 παρίστησιν
1512 4229 1640 4298 ὁμο-

114 4323 316 4396 λογήσας,
337 4330 413 4381 ὅτι
442 4331 551 4382 δέοι
587 4326 887 4397 ἑπομένους
928 4322 1005 4393 τῷ
1038 4322 1187 4391 νόμῳ
1217 4318 1493 4372 πιστεύειν
1536 4319 1635 4371 αὐ-

114 4420 209 4480 τοῖς.
236 4420 342 4473 Ὀτι
372 4422 425 4474 δὲ
454 4420 609 4474 ταῦτ’
636 4419 798 4482 ἐνόει,
828 4416 1129 4469 ἐπάκουσον
1158 4413 1305 4474 ὅπως
1334 4413 1510 4481 γυμνῇ
1543 4411 1637 4463 καὶ

111 4508 490 4584 ἀκατακαλύπτῳ
542 4514 694 4582 φωνῇ
744 4509 870 4571 τοὺς
922 4506 985 4577 δὴ
1040 4503 1326 4569 θεολόγους
1388 4502 1634 4563 ἅπαντας
1668 4508 1712 4563 D

111 4598 346 4670 διαϐάλλει,
388 4607 604 4658 κόπτων
644 4606 703 4656 ἐν
747 4596 1075 4668 Ἐπινομίδι
1123 4593 1331 4657 τούτοις
1367 4592 1479 4656 τοῖς
1528 4594 1627 4664 ῥή-

113 4704 255 4753 μασιν.

110 4777 247 4845 lrgum
274 4798 450 4849 causa,
473 4792 669 4853 praeter
694 4788 931 4834 mentem
967 4777 1084 4847 ipse
1144 4776 1367 4838 dixerit,
1432 4772 1713 4842 perspicue

1689 1786 1731 1840 Β

2396 1477 2625 1533 CAPUT
2666 1478 2706 1533 Ι.

1845 1563 2298 1631 Quemadmodum
2327 1568 2479 1623 Plato
2512 1570 2725 1642 (Iro:er
2742 1572 3013 1642 theologia:
3038 1574 3262 1641 ineptias

2197 1642 2513 1707 coargueril.
2552 1640 2637 1695 Ea:
2669 1641 2893 1696 Timaeo.

1834 1768 1853 1800 ι
1895 1750 2139 1805 Aliorum
2171 1762 2352 1807 autem
2376 1754 2706 1821 daemonum,
2737 1755 2914 1826 inquit
2943 1756 3053 1821 ille,
3083 1772 3337 1827 procrea-

1761 1839 1961 1896 tionem
2020 1844 2103 1897 vel
2154 1844 2446 1915 expliearc,
2488 1846 2572 1900 vel
2626 1861 2809 1911 nosse,
2864 1862 2953 1902 res
3008 1856 3092 1902 est
3150 1858 3336 1902 nostra

1760 1928 2017 1986 facultate
2052 1933 2248 2003 major.
2287 1934 2467 1999 Quare
2499 1935 2605 1990 hoc
2638 1936 2691 1989 in
2727 1950 2945 2005 genere,
2986 1936 3180 2006 priscis
3228 1938 3336 1991 illis

1756 2006 1984 2079 testibus
2015 2025 2324 2079 adhibenda
2375 2025 2551 2089 fides,‘
2576 2026 2670 2095 qui
2718 2036 2776 2079 ut
2808 2026 2993 2089 deum,
3038 2026 3182 2096 quod
3231 2025 3335 2096 ipsi

1755 2113 1928 2181 aiunt,
1990 2126 2218 2183 nepotes
2270 2122 2447 2182 erant,
2502 2116 2573 2169 ita
2626 2116 2862 2185 majores
2920 2132 3049 2171 suos
3098 2116 3336 2171 maxime

1755 2214 1916 2258 notos
1952 2205 2277 2261 habuerunt.
2309 2205 2419 2261 Nec
2452 2206 2565 2261 fieri
2606 2207 2830 2262 omnino
2865 2215 3064 2278 potest,
3111 2216 3168 2262 ut
3201 2208 3335 2262 fides

1754 2312 1943 2353 eorum
1975 2300 2098 2354 liliis
2130 2300 2449 2355 detrahatur
2477 2340 2491 2361 ,
2526 2302 2753 2355 etiamsi
2781 2300 2942 2354 nullis
2992 2300 3335 2355 demonstra~

1754 2389 1995 2445 tionibus
2049 2392 2396 2456 necessariis,
2444 2407 2507 2447 ac
2564 2408 2632 2448 ne
2687 2392 3063 2463 probabilibus
3111 2392 3335 2462 quidem

1755 2482 2093 2551 argumentis
2126 2483 2365 2551 ipsorum
2400 2485 2706 2538 testimonia
2742 2486 3168 2554 comprobentur
3196 2502 3209 2538 :
3239 2485 3333 2539 sed

1754 2588 1976 2627 necesse
2031 2574 2189 2643 plane
2232 2584 2339 2639 est,
2394 2585 2453 2629 ut
2499 2576 2586 2641 iis,
2624 2577 2900 2645 quomodo
2951 2578 3035 2631 lex
3071 2578 3334 2646 imperat,

1755 2674 2013 2733 tanquam
2047 2682 2268 2720 suarum
2321 2666 2375 2719 in
2428 2682 2609 2721 rerum
2656 2668 3181 2722 commemoratione
3214 2683 3335 2722 cre-

1753 2756 1964 2810 damus.
2027 2755 2180 2811 Illam
2232 2771 2361 2827 ergo
2415 2756 2641 2810 deorum
2696 2757 3128 2826 procreationem
3187 2757 3333 2826 quod

1754 2848 1967 2908 attinet,
2012 2848 2087 2900 uti
2116 2857 2287 2916 poeta:
2339 2847 2606 2912 scribunt,
2642 2847 2715 2900 ita
2761 2861 2863 2901 nos
2895 2862 3114 2915 quoque
3166 2847 3233 2902 de
3270 2863 3333 2904 ea

1754 2946 2059 2993 statuamus
2109 2953 2173 2992 ac
2206 2938 2517 3008 loquamur.
2551 2937 2717 3009 640
2753 2936 2938 2992 Terrae
2971 2937 3219 3008 Coelique
3263 2939 3332 2993 li-

1755 3027 1888 3091 beri,
1936 3027 2183 3083 Oceanus
2209 3038 2265 3083 et
2306 3027 2549 3098 Tethys:
2590 3027 2783 3083 horum
2832 3027 3104 3100 Phorcyn,
3141 3028 3334 3084 Satur-

1753 3132 1857 3172 nus
1899 3125 1954 3172 et
1988 3115 2121 3187 Ops,
2152 3118 2445 3187 cazterique
2494 3117 2709 3173 fratres.
2742 3117 2821 3172 Ex
2851 3117 3089 3172 Saturno
3120 3129 3173 3174 et
3194 3119 3328 3190 Ope,

1756 3206 1989 3278 Jupiter,
2024 3208 2189 3275 Juno,
2242 3224 2306 3266 ac
2359 3211 2576 3281 reliqui,
2627 3226 2766 3281 quos
2802 3211 3086 3281 utriusque
3131 3209 3329 3267 fratres

1754 3302 2010 3371 appellari
2041 3303 2266 3367 scimus,
2302 3305 2594 3374 procreati.
2630 3304 2806 3374 Atque
2850 3305 2924 3358 ita
2957 3303 3214 3373 deinceps
3261 3304 3329 3358 de

1754 3401 1864 3447 tota
1897 3401 2150 3465 nepotum
2188 3396 2349 3450 serie.
2408 3415 2427 3447 ι
2468 3394 2563 3449 llis
2600 3394 2775 3461 Plato,
2829 3395 2959 3449 dum
3003 3402 3058 3449 et
3096 3393 3326 3449 deorum

1753 3484 1971 3550 fabulis,
2009 3496 2064 3539 et
2089 3500 2275 3539 earum
2315 3485 2631 3540 auctoribus
2678 3485 2872 3553 poetis,
2935 3482 3016 3538 sic
3065 3492 3325 3552 tanquam

1751 3579 1977 3633 deorum
2008 3578 2294 3647 nepotibus
2328 3578 2484 3632 fidem
2518 3576 2776 3631 adhibere
2797 3576 2971 3645 jubet,
3003 3575 3238 3645 primum
3276 3574 3325 3629 is

1751 3668 1908 3734 mihi,
1942 3667 2071 3721 dum
2110 3676 2301 3737 poetas
2342 3667 2571 3722 deorum
2600 3674 2827 3735 nepotes
2859 3664 3113 3735 appellat,
3146 3662 3326 3717 ridere

1749 3773 1813 3813 ac
1859 3756 2035 3829 jocari
2078 3757 2313 3820 videtur,
2366 3755 2523 3825 quasi
2571 3755 2702 3809 deos
2760 3754 2909 3824 ipsos
2951 3759 3005 3805 et
3069 3749 3323 3805 homines

1750 3848 1941 3915 fuisse,
1964 3855 2019 3903 et
2048 3847 2283 3903 similem
2319 3844 2608 3914 nepotibus
2639 3842 2754 3897 suis
2784 3851 3033 3895 naturam
3064 3838 3322 3894 habuisse

1748 3940 1896 3995 velit.
1936 3938 2139 3994 Deinde
2166 3952 2313 4003 vero,
2354 3949 2494 4005 quos
2526 3934 2752 3987 deorum
2799 3937 3024 4001 nepotes
3052 3937 3317 3991 vocarat,

1746 4031 1965 4086 eosdem
2026 4030 2143 4099 ipse
2199 4029 2480 4100 theologos
2548 4023 2837 4079 manifeste
2886 4021 3170 4085 traducit,
3232 4019 3319 4077 his

1744 4123 1946 4189 verbis,
1978 4120 2234 4177 «Etiamsi
2287 4123 2450 4177 nullis
2478 4114 3037 4176 demonstrationibus
3065 4126 3315 4171 necessa-
3368 4170 3371 4173 .

1745 4216 1862 4279 riis,
1895 4230 1959 4269 ac
1986 4231 2052 4268 ne
2086 4213 2464 4284 probabilibus
2508 4213 2728 4283 quidem
2758 4209 3094 4282 argumentis
3122 4222 3313 4262 eorum

1746 4307 2056 4362 testimonia
2085 4306 2545 4376 comprobentur;
2588 4324 2605 4359 ι
2660 4305 2899 4373 itemque
2942 4302 3071 4356 dum
3119 4298 3312 4362 addit,

1748 4416 1767 4449 ι
1803 4397 1958 4464 Quod
1999 4397 2101 4467 ipsi
2131 4397 2305 4450 aiunt.
2349 4416 2367 4448 ι
2404 4395 2545 4461 Quin
2579 4404 2632 4448 et
2672 4394 2857 4448 ludere
2887 4392 3045 4462 plane
3076 4388 3311 4452 videtur,

1741 4489 1868 4544 dum
1900 4491 1995 4556 ait,
2038 4509 2058 4541 ι
2093 4489 2302 4559 Quippe
2338 4488 2430 4558 qui
2460 4486 2697 4557 majores
2728 4502 2859 4542 suos
2888 4483 3123 4539 maxime
3151 4488 3312 4535 notos

1742 4584 2000 4639 habuere.
2044 4603 2063 4635 ι
2098 4582 2357 4650 Itemque,
2396 4599 2415 4631 ι
2453 4580 2593 4634 Fieri
2643 4579 2794 4633 nullo
2845 4576 3006 4632 modo
3034 4588 3220 4646 posse,
3252 4580 3312 4625 ιιι

1737 4678 1871 4733 fides
1902 4677 2128 4731 deorum
2161 4676 2286 4730 ﬁliis
2312 4674 2648 4730 detrahatur.
2695 4693 2713 4725 ι
2752 4672 3019 4727 Caeterum
3057 4682 3223 4739 quam
3254 4665 3306 4719 id

1753 4772 1887 4826 satis
1911 4771 2170 4834 declarat,
2207 4770 2337 4823 dum
2381 4783 2475 4823 eos
2505 4767 2594 4837 qui
2631 4767 2799 4836 legem
2835 4763 2994 4819 modo
3038 4759 3189 4831 sequi
3216 4772 3311 4811 vo-

110 4866 305 4937 luerint,
355 4851 510 4929 ﬁdem
566 4873 698 4943 ipsis
756 4871 1017 4924 adhibere
1088 4878 1342 4937 oportere
1402 4863 1620 4919 fatetur.
1664 4864 1840 4933 Atque
1874 4863 2016 4918 hanc
2050 4864 2194 4917 illius
2234 4876 2360 4915 vere
2424 4860 2748 4916 sententiam
2814 4856 3025 4922 fuisse;
3069 4864 3129 4909 ut
3176 4851 3308 4906 faci-

109 4957 189 5012 II'lS
239 4963 511 5035 intelligas,
552 4964 761 5019 audisis
790 4960 1252 5032 quemadmodum
1310 4956 1451 5011 nuda
1508 4956 1763 5023 claraque
1831 4970 1963 5010 voce
2024 4965 2195 5009 totum
2236 4953 2341 5008 hoc
2394 4952 2761 5023 theologorum
2814 4963 2984 5019 genus
3023 4947 3308 5018 reprehen-

109 5048 193 5103 dat.
224 5053 303 5110 Sic
330 5058 470 5112 enim
504 5058 623 5111 illos
645 5055 700 5109 in
737 5052 1048 5124 Epinomide
1079 5051 1332 5106 vellicat-

161 5313 253 5384 (67)
276 5320 399 5385 Περὶ
426 5317 493 5372 δὲ
524 5316 641 5371 τῶν
669 5317 804 5370 ἄλλ.
848 5312 1180 5385 ldem_locus
1223 5306 1607 5385 citatur__i_n_fr1.

111 5374 204 5458 ξιξ.
239 5374 359 5443 I392:
392 5388 624 5442 Habetur
661 5384 939 5458 autem_in
986 5380 1213 5445 Ttma'o,
1240 5374 1616 5458 pagzn550f.

108 5447 313 5527 Qiétnens
360 5458 705 5513 Alcxandrin.
752 5472 785 5509 ν
833 5453 1121 5527 Siromal-i
1164 5447 1288 5527 Pali:
1316 5447 1438 5503 -429
1464 5447 1617 5527 .e‘III'

109 5520 394 5597 Cnseo-Lat.
436 5529 682 5581 eumdem
730 5525 948 5597 laudat,
978 5538 1043 5576 ex
1082 5518 1189 5589 quo
1214 5520 1285 5597 _id
1306 5518 1618 5597 _concludit,

109 5595 246 5646 multo
271 5598 440 5651 verius
471 5596 687 5651 Christo
733 5594 1041 5661 sanctisque
1076 5587 1383 5661 prophetis,
1414 5604 1500 5661 res
1534 5587 1619 5661 di-

110 5663 232 5717 vinas
261 5667 605 5732 pandentibus
645 5666 798 5719 fidem
834 5658 1037 5715 habéri.
1075 5658 1189 5714 Οὐκ
1224 5658 1614 5732 οἰμαι,ιίιιιιιιί“ι,

112 5727 394 5811 Ξπὲξσέερον
428 5738 536 5789 ’ὑπὸ
587 5736 848 5805 Ἑλλήνιον
894 5727 1495 5811 προσμαρτυρήσεσοαι,
1530 5727 1619 5778 τὸν

111 5798 490 5875 Σωτῆρα’ὴ;ιῶν,
514 5808 603 5859 καὶ
622 5798 743 5867 τοὺέ
764 5806 837 5865 εἰς
858 5798 1188 5873 πρὸφητεῖαν
1215 5798 1619 5871 ῗεγχρίσμένθυθ

1725 5306 1852 5369 τοὺς
1883 5304 1979 5375 μὲν
2006 5302 2199 5365 παῖδας
2222 5300 2355 5354 Θεοῦ
2384 5297 2869 5375 άνηγορευμένους,
2902 5297 2992 5375 τόν
3020 5297 3076 5375 ξέ
3100 5295 3305 5375 Κύριον

1728 5364 1854 5429 Υἱὸν
1883 5364 2027 5428 ’ὄντα
2073 5376 2324 5444 γνήσιον,
2374 5364 2593 5444 ἀληθεῖς
2642 5364 2781 5444 εἶναι
2833 5369 2959 5444 περί
2994 5368 3102 5444 τῷν
3144 5364 3305 5444 οέέων

1729 5447 2031 5517 μάρτυρας,
2054 5432 2137 5517 δΞρ
2158 5432 2253 5517 καί
2274 5432 2382 5517 όεῖν
2408 5432 2681 5517 πιστεύειν
2703 5432 2925 5517 αὐτοῖςεξ
2934 5438 3139 5517 ἐνθέοις
3161 5432 3301 5517 οὖσι,

1726 5508 2060 5587 προσέθηκε..
2098 5512 2365 5587 Eusebius
2410 5518 2628 5587 contra,
2666 5508 2779 5562 haec
2823 5523 2851 5587 a
2888 5508 3108 5587 Platone
3139 5510 3302 5577 εἰρω-

1725 5578 1889 5649 νικῶς
1916 5578 1969 5640 et
2000 5581 2366 5654 χλευαστικῷς
2393 5579 2981 5654 dieta_interpretatur,
3015 5578 3139 5654 licet
3172 5593 3297 5631 eum

1728 5648 1888 5719 infra,
1926 5648 2046 5724 pag.
2074 5654 2199 5717 692,
2227 5652 2368 5724 serio
2394 5648 2769 5724 reprehendat,
2803 5648 2958 5724 quiut
2980 5649 3150 5724 poetis
3180 5656 3299 5702 tan-

1728 5736 1841 5780 tum
1893 5718 1944 5778 in
1986 5718 2180 5777 Timeo
2211 5722 2491 5785 tribuerit,
2526 5718 2725 5788 quibus
2771 5718 2896 5772 alibi
2930 5718 3088 5773 fidem
3132 5733 3301 5789 pmpe

1730 5811 1945 5851 omnem
1978 5794 2299 5848 detraheret.
