3872 6368
146 326 265 380 I066

1250 326 1568 383 PREPAR.
1607 327 1863 388 EVANG.
1905 330 2032 386 LIB.
2069 330 2207 385 XIII.

3221 329 3359 390 l066

141 441 351 514 ἡμετέρᾳ
375 440 538 494 πόλει.
572 443 700 496 οὐδὲ
744 443 960 496 λεκτέον
1007 458 1111 515 νεῳ
1153 443 1425 508 ἀκούοντι,
1459 445 1534 509 ὡς
1567 447 1662 498 d6:-

1780 452 1976 515 solent,
2007 445 2478 508 communicanda,
2505 455 2557 498 et
2587 445 2806 514 quidem
2843 444 3187 504 auditoribus
3211 449 3361 518 ejus-

141 536 234 589 κῶν
263 533 324 585 τὰ
364 533 562 603 ἔσχατα
582 573 597 596 ,
625 533 776 611 οὐδὲν
818 535 885 587 ἂν
917 535 1232 607 θαυμαστὸν
1273 541 1433 601 ποιοῖ,
1473 537 1581 591 οὐδ’
1613 535 1680 593 αὖ

139 625 386 680 ἀδικοῦντα
412 626 622 695 πατέρα
657 624 899 690 κολάζων
943 630 1105 682 παντὶ
1137 629 1346 699 τρόπῳ,
1373 628 1506 684 ἀλλὰ
1531 629 1679 702 δρῴη

138 721 191 772 ἂν
216 721 334 788 ὅπερ
370 718 502 771 θεῶν
532 721 580 773 οἱ
611 721 813 792 πρῶτοί
843 740 901 776 τε
929 725 1020 776 καὶ
1066 724 1332 794 μέγιστοι.
1360 725 1436 776 Οὐ
1473 724 1548 794 μά
1589 726 1681 778 τὸν

136 806 286 881 Δία,ἦ
323 810 362 864 δ’
400 811 478 874 ὃς,
516 814 635 866 οὐδὲ
699 814 847 884 αὐτῷ
897 832 987 885 μοι
1037 815 1185 868 δοκεῖ
1231 815 1508 887 ἐπιτήδεια
1542 811 1680 870 εἶναι

136 904 300 970 λέγειν.
328 935 392 946 —
415 905 550 956 Οὑδέ
577 923 661 973 γε,
708 901 776 977 ἦν
807 905 852 958 δ’
894 906 1025 974 ἐγὼ,
1057 906 1117 958 τὸ
1144 908 1422 977 παράπαν,
1460 907 1533 971 ὡς
1570 907 1680 961 θεοὶ

135 995 250 1058 θεοῖς
287 995 571 1065 πολεμοῦσί
612 1013 692 1060 τε,
725 997 819 1050 καὶ
869 997 1297 1062 ἐπιϐουλεύουσι,
1341 1000 1434 1052 καὶ
1482 1000 1679 1070 μάχον-

132 1103 233 1140 ται·
256 1086 367 1138 οὔτε
399 1087 506 1158 γάρ
532 1088 706 1159 ἀληθῆ
728 1107 741 1121 ·
772 1089 825 1142 εί
854 1107 916 1158 γε
951 1091 1030 1144 δεῖ
1060 1092 1190 1161 ἡμῖν
1229 1092 1354 1154 τοὺς
1386 1091 1677 1160 μέλλοντας

132 1178 370 1247 τὴνπὸλιν
402 1178 719 1246 φυλάσσειν,
767 1183 1042 1250 αἴσχιστον
1096 1181 1334 1252 νομίζειν
1374 1183 1434 1236 τὸ
1480 1185 1678 1256 ῥαδίως

131 1271 338 1341 ἀλλήλοις
383 1271 816 1340 ἁπεχθάνεσθαι⁶
866 1271 1060 1325 πολλοῦ
1115 1273 1195 1326 δεῖ
1243 1251 1677 1346 Γιγαντομαχίοῖς

129 1380 176 1416 τε
199 1363 568 1434 μυθολογητέον
612 1366 814 1427 αὐτοῖς,
857 1365 950 1417 καὶ
1000 1365 1328 1434 ποικιγτέον,
1380 1367 1472 1420 καὶ
1511 1365 1675 1431 ἄλλας

129 1459 293 1528 ἔχθρας
319 1457 516 1522 πολλὰς
562 1460 659 1511 καὶ
697 1458 1060 1525 παντοδαπάς,
1097 1459 1232 1513 θεῶν
1260 1476 1317 1510 τε
1348 1461 1440 1512 καὶ
1481 1459 1674 1531 ἡρώιον

127 1550 237 1620 πρὸς
262 1552 531 1617 συγγενεῖς
570 1567 628 1602 τε
661 1552 753 1604 καὶ
784 1552 1017 1615 οἰκείους
1045 1551 1247 1604 αὐτῶν.
1291 1550 1428 1603 Ἀλλ’
1473 1551 1526 1603 εἴ
1558 1569 1674 1614 πως

128 1640 368 1710 μέλλοιμεν
404 1641 635 1704 πείσειν,
667 1642 741 1705 ὡς
775 1643 948 1707 οὐδεὶς
987 1643 1204 1696 πώποτε
1239 1643 1460 1711 πολίτης
1488 1642 1673 1714 ἔτερος

127 1732 262 1802 ἑτέρῳ
287 1733 577 1804 ἀπήχθετο,
610 1735 717 1788 οὐδ’
747 1735 860 1788 ἔστι
898 1735 1056 1790 τοῦτο
1088 1737 1254 1798 ὅσιον,
1279 1735 1502 1789 τοιαῦτα
1534 1733 1670 1805 pax-

1786 541 1954 606 modi,
2001 539 2094 609 qui
2129 553 2234 591 non
2273 552 2519 606 porrum,
2575 535 2671 589 sed
2706 536 2965 592 eximiam
3001 537 3240 608 aliquam
3279 556 3359 594 ra-

1785 647 2011 702 ramque
2035 629 2307 685 victimam
2338 628 2734 693 immolassent,
2763 637 2821 682 ut
2845 644 3008 698 quam
3038 629 3359 699 paucissimi

1783 725 1948 793 hujus
1982 724 2035 777 in
2067 720 2338 777 sermonis
2383 720 2823 774 communionem
2881 720 3147 774 venirent.
3182 749 3253 759 —
3289 719 3360 772 ts-

1782 817 2029 870 nimvcro
2058 829 2241 883 grave,
2289 811 2483 881 inquit,
2519 827 2581 866 ac
2615 812 2982 880 periculosum
3015 814 3118 869 hoc
3147 828 3362 869 sermo-

1782 922 1910 960 num
1939 920 2133 974 genus.
2167 933 2238 942 —
2268 902 2376 955 Nec
2407 901 2654 968 omnino,
2687 902 2932 971 inquam,
2965 919 2996 956 0
3025 902 3312 958 Adimante
3343 941 3359 966 ,

1783 1005 1969 1053 nostra
2000 998 2052 1050 in
2083 995 2360 1065 republica
2401 993 2733 1048 audiendum
2766 1010 2780 1058 ;
2813 1009 2912 1048 nec
2941 995 3194 1050 audiente
3223 996 3358 1049 ado—

1781 1091 2015 1144 lescente
2048 1087 2175 1141 huic
2224 1086 2458 1140 orationi
2499 1085 2651 1139 locus
2700 1101 2820 1139 esse
2859 1085 3057 1149 debet,
3093 1086 3187 1156 qui
3235 1101 3355 1140 sce-

1780 1182 2070 1237 lestissima
2095 1195 2323 1250 quaeque
2349 1179 2619 1243 admittat,
2651 1179 2847 1231 mirum
2881 1178 2948 1234 ab
2980 1196 3045 1233 eo
3074 1179 3208 1232 nihil
3237 1177 3353 1232 fieri

1781 1291 1848 1330 ne
1879 1275 1923 1329 si
1957 1282 2236 1343 parentem
2269 1273 2486 1342 quidem
2521 1271 2721 1340 ipsum,
2752 1289 2780 1325 a
2813 1288 2922 1343 quo
2956 1272 3120 1326 laesus
3150 1270 3350 1335 fuerit,

1778 1368 1927 1421 omni
1989 1365 2380 1436 suppliciorum
2411 1380 2607 1434 genere
2655 1364 2997 1418 mulctaverit
3031 1383 3046 1431 ;
3084 1364 3180 1420 sed
3219 1363 3352 1419 illud

1777 1459 2044 1513 duntaxat
2087 1457 2287 1526 ipsum,
2342 1455 2490 1525 quod
2532 1455 2694 1525 primi
2749 1455 3080 1524 maximique
3123 1455 3350 1509 deorum

1778 1561 1904 1606 ante
1931 1551 2044 1620 jam
2077 1550 2323 1606 fecerint.
2353 1578 2423 1590 —-
2446 1547 2557 1604 Nec
2583 1549 2718 1603 mihi
2761 1563 2857 1619 per
2884 1545 3095 1612 Jovem,
3131 1547 3351 1617 inquit,

1778 1642 1996 1696 ferenda
2024 1658 2128 1696 vox
2155 1658 2218 1696 ea
2255 1642 2522 1697 videatur.
2553 1671 2624 1680 ——
2653 1639 2839 1711 Neque
2868 1641 3036 1694 altera
3067 1655 3198 1695 sane
3233 1640 3350 1694 haec

1780 1736 2000 1804 inquam
2028 1753 2041 1788 :
2077 1735 2280 1790 bellare
2307 1733 2462 1798 deos,
2494 1747 2844 1804 pugnareque
2874 1746 3000 1786 eum
3026 1731 3152 1797 diis,
3185 1741 3350 1802 atque

125 1825 194 1876 λον
219 1824 392 1877 λεκτέα
427 1826 565 1896 πρὸς
603 1825 672 1879 τὰ
716 1827 905 1881 παιδία
947 1827 1127 1891 εὐθὺς,
1173 1828 1267 1880 καὶ
1315 1828 1533 1898 γέρουσι
1578 1823 1662 1879 καΊ

1778 1828 1966 1882 iisdem
2012 1828 2282 1890 insidiari,
2314 1843 2436 1882 cum
2487 1835 2539 1880 et
2570 1826 2670 1880 hoc
2703 1825 2770 1878 ab
2812 1824 2961 1878 omni
2999 1824 3225 1879 veritate
3253 1824 3349 1878 ab-

125 1918 318 1986 γραυσὶ,
365 1917 455 1969 καὶ
511 1919 904 1990 πρεσῦυτέροις
957 1919 1336 1990 γιγνομένοις,
1394 1920 1488 1972 καί
1545 1917 1669 1982 τοὺς

125 2009 310 2077 ποιητὰς
329 2011 492 2077 ἐγγὺς
515 2010 723 2063 τούτων
752 2010 1122 2078 ἀναγκαστέον
1151 2009 1470 2078 λογοποιεῖν.
1495 2009 1672 2079 Ἥρας

122 2099 163 2151 δὲ
184 2101 385 2169 δεσμοὺς
413 2101 520 2154 ὑπὸ
551 2104 718 2166 υἱέος,
754 2104 848 2156 καὶ
884 2103 1178 2171 Ἡφαίστου
1208 2102 1382 2174 ῥίψεις
1419 2100 1523 2154 ὑπὸ
1562 2118 1668 2153 πα-

121 2193 236 2262 τρὸς,
277 2192 556 2263 μέλλοντος
601 2195 669 2262 τῇ
725 2194 892 2265 μητρὶ
939 2191 1167 2262 ἀμύνειν
1223 2192 1552 2264 τυπτομένῃ,
1576 2196 1670 2249 καὶ

122 2282 367 2353 Θεομαχίας
387 2285 518 2348 ὅσας
557 2285 808 2356 Ὅμηρος
843 2286 1160 2356 πεποίηκεν,
1201 2285 1260 2338 οὐ
1303 2284 1669 2356 παραδεκτέον

121 2375 180 2436 είς
219 2376 305 2447 τὴν
354 2377 530 2440 πόλιν,
597 2375 708 2428 οὔτ’
762 2377 1038 2440 ὑπονοίαις
1102 2375 1498 2447 πεποιημένας,
1545 2376 1669 2431 οὔτε

119 2466 215 2518 ἄνευ
239 2469 508 2523 ὑπονοιῶν.
555 2469 618 2522 '0
644 2469 753 2540 γὰρ
777 2469 895 2532 νέος
921 2469 1018 2540 οὐχ
1051 2464 1161 2532 οἷός
1202 2487 1259 2522 τε
1302 2469 1527 2540 κρίνειν,
1557 2469 1586 2522 ὃ
1616 2487 1668 2522 τι

119 2560 319 2623 ὑπόνοια,
346 2563 438 2615 καὶ
468 2562 496 2614 ὃ
523 2579 583 2615 τι
615 2563 717 2632 μή·
752 2561 866 2616 ἀλλ’
895 2561 930 2615 ἃ
957 2561 1022 2615 ἂν
1051 2561 1368 2633 τηλικοῦτος
1411 2560 1485 2614 ῶν
1527 2561 1668 2636 λάϐῃ

118 2653 160 2702 ἐν
185 2656 284 2714 ταῖς
312 2651 510 2718 δόξαις,
541 2653 879 2707 δυσέκνιπτά
919 2671 977 2707 τε
1012 2655 1106 2708 καὶ
1145 2655 1496 2723 ἀμετάστατα
1527 2655 1671 2724 φιλεῖ

116 2743 368 2812 γίγνεσθαι.
389 2739 489 2798 Ὧν
516 2745 588 2816 δὴ
626 2746 755 2809 ἴσως
788 2745 948 2798 ἕνεκα
987 2746 1116 2817 περ)⁸
1165 2744 1364 2807 παντὸς
1388 2747 1666 2817 ποιητέον,

115 2835 142 2886 ἃ
174 2837 334 2907 πρῶτα
373 2838 693 2902 ἀκούουσιν,
737 2840 818 2892 ὅτι
873 2838 1132 2892 κάλλιστα
1177 2839 1668 2914 μεμυθολογημένα

115 2927 221 2996 πρὸς
242 2928 428 3001 ἀρετὴν
451 2929 697 2984 ἀκούειν.
714 2930 1083 3003 -Ἔχειγάρ,
1109 2931 1234 3000 ἔφη,
1256 2931 1429 3001 λόγον.
1465 2933 1602 2986 Ἀλλ’
1620 2917 1676 2986 εἴ

115 3033 175 3079 τις
195 3015 248 3071 αὖ
271 3022 358 3073 καὶ
385 3021 569 3074 ταῦτα
595 3020 816 3092 ἐρωτῴη
853 3024 1019 3092 ἡμᾶς.
1055 3022 1192 3076 ἅττα
1214 3024 1350 3088 ἐστὶ,
1393 3025 1486 3077 καὶ
1526 3025 1670 3088 τίνες

114 3111 149 3159 οἱ
165 3109 318 3178 μῦθοι,
343 3113 492 3176 τίνας
523 3115 597 3166 διν
615 3115 814 3183 φαῖμεν
836 3131 936 3179 ;—-
951 3114 1056 3166 Καὶ
1075 3113 1184 3182 ἐγὼ
1202 3109 1374 3167 εἷπον·
1400 3111 1470 3168 Ὦ
1499 3116 1665 3168 Ἀδεί-

116 3217 266 3267 μαντε,
298 3203 392 3258 οὔκ
428 3207 604 3276 ἐσμεν
629 3205 847 3275 ποιηταὶ
886 3203 996 3273 ἐγώ
1035 3222 1092 3258 τε
1127 3207 1220 3260 καὶ
1265 3208 1328 3260 σὺ
1366 3209 1422 3261 ὲν
1449 3207 1529 3278 τῷ
1559 3226 1667 3262 πα-

116 3294 254 3361 ρόντι,
281 3297 386 3348 ἀλλ’
411 3299 658 3350 οἰκισταὶ
692 3297 918 3361 πόλεως.
969 3299 1250 3362 Οίκισταῖς
1289 3299 1345 3353 δὲ
1390 3302 1514 3366 τοὺς
1565 3302 1664 3372 μὲν

111 3383 269 3449 τόπους
293 3391 563 3458 προσήκει
597 3387 814 3452 ειδέναι,
849 3389 906 3441 ὲν
943 3385 1025 3452 οἷς
1063 3390 1143 3442 δεῖ
1193 3390 1509 3461 μυθολογεῖν
1539 3395 1666 3456 τοὺς

114 3478 314 3545 ποιητὰς,
348 3482 474 3552 παρ’
510 3480 610 3542 οὓς
634 3480 727 3534 ἐὰν
758 3481 1001 3546 ποιῶσιν,
1043 3483 1142 3535 οὐκ
1183 3483 1569 3554 ἐπιτρεπτέοψ
1599 3488 1661 3540 οὐ

116 3565 197 3634 μὴν
210 3571 374 3634 αὐτοῖς
389 3589 452 3640 γε
477 3573 737 3642 ποιητέον
771 3573 992 3644 μύθους.
1011 3603 1082 3616 -
1123 3574 1349 3644 Ὀρθῶς,
1373 3575 1474 3647 ἔφη
1498 3593 1510 3606 ·
1546 3576 1660 3629 ἀλλ’

114 3659 215 3711 αὑτὸ
238 3661 294 3733 δὴ
313 3663 489 3728 τοῦτο,
519 3664 570 3716 oi
595 3663 756 3716 τύποι
780 3664 907 3735 περὶ
941 3663 1218 3732 θεολογίας
1250 3665 1393 3728 τίνες
1422 3666 1488 3719 ἂν
1516 3662 1658 3721 εἷενὶ

113 3751 278 3806 Τοιοίδε
333 3755 432 3808 πού
483 3773 653 3820 τινες,
701 3752 768 3828 ἦν
800 3756 843 3808 δ’
875 3755 1005 3824 ἐγὼ,
1057 3751 1168 3820 οἷος
1213 3757 1468 3828 τυγχάνει
1513 3759 1588 3811 ῶν
1633 3763 1661 3814 ὁ

113 3839 232 3908 ϐιὸς,
275 3847 353 3899 ἀεὶ
383 3849 446 3919 δή
501 3865 608 3900 που
660 3847 969 3913 ἀποδοτέον,
1017 3849 1114 3901 ἐάν
1159 3849 1219 3901 τέ
1275 3867 1360 3914 τις
1398 3851 1562 3904 αὑτὸν
1599 3852 1659 3904 ὲν

113 3931 233 3988 ἔπεσι
259 3942 398 4010 ποιῇ,
431 3938 530 3992 ἐάν
561 3955 622 3990 τε
661 3940 719 3990 ἐν
749 3939 953 4010 μέλεσι,
979 3939 1072 3993 ὲάν
1107 3957 1167 3993 τε
1194 3943 1252 3994 ἐν
1273 3943 1568 4014 τραγῳδία.
1589 3975 1659 3987 -

113 4029 181 4077 tisi
206 4029 317 4099 γάρ.
339 4030 632 4085 -Οὑκοῦν
658 4031 858 4099 ἀγαθὸς
877 4033 1051 4096 ὁΘεὸς
1081 4033 1158 4104 τῷ
1190 4034 1305 4089 ὄντι
1341 4053 1422 4100 τε,
1454 4038 1548 4090 καὶ
1571 4037 1658 4089 λε-

113 4119 232 4170 κτέον
271 4121 424 4176 οὕτω.
459 4155 526 4164 --
563 4123 630 4176 Τί
670 4125 810 4194 μήν;
863 4123 1020 4176 Ἀλλὰ
1078 4126 1184 4198 μὴν
1237 4127 1391 4180 οὐδέν
1434 4145 1497 4196 γε
1548 4129 1656 4181 τῶν

113 4208 308 4275 ἀγαθῶν,
344 4210 778 4285 βλαϐερόνπ-Ἱὶ
792 4215 932 4287 γάρ;
965 4246 1028 4257 -
1052 4215 1125 4269 Οὔ
1154 4234 1243 4286 μοι
1269 4218 1431 4271 δοκεῖ.
1459 4214 1654 4292 —'Ap‘

112 4297 183 4354 οὖν
207 4305 257 4357 τὸ
295 4308 364 4378 μὴ
394 4307 662 4377 βλαϐερὸν
692 4305 948 4376 βλάπτεις
978 4338 1050 4347 —
1081 4309 1362 4378 Οὐδαμῶς.
1401 4339 1471 4348 —
1499 4312 1563 4362 ’Ὀ
1595 4311 1652 4362 δὲ

116 4394 171 4463 μὴ
198 4395 424 4463 βλάπτει,
457 4398 630 4457 κακόν
648 4417 700 4452 τι
743 4401 920 4465 eratsi;
950 4427 1020 4438 —
1047 4399 1182 4452 Οὐδὲ
1213 4401 1477 4454 τοῦτο.--
1496 4399 1564 4454 '0
1595 4401 1652 4454 δέ

1775 1918 2012 1981 horreat,
2039 1917 2202 1989 642
2234 1926 2287 1972 et
2313 1917 2405 1988 qui
2443 1917 2576 1985 reip.
2613 1923 2814 1968 nostra:
2844 1913 3102 1969 custodes
3134 1929 3198 1968 ac
3236 1929 3346 1968 mo-

1772 2013 2051 2066 deratores
2076 2010 2244 2064 futuri
2267 2019 2414 2074 sunt,
2445 2023 2540 2062 eos
2563 2005 2704 2062 civili
2729 2006 2855 2060 odio
2879 2004 3036 2060 facile
3058 2005 3343 2072 dissidere,

1772 2103 1930 2172 longe
1960 2100 2334 2171 turpissimum
2386 2099 2584 2154 ducere
2615 2105 2863 2166 Oporteat
2890 2114 2903 2151 :
2936 2096 3156 2162 nedum,
3191 2107 3250 2152 ut
3277 2098 3345 2153 iis

1772 2193 1980 2256 ﬁctilia,
2016 2192 2302 2260 modisque
2333 2189 2589 2244 omnibus
2645 2189 2874 2254 variata,
2909 2189 3024 2244 sive
3065 2189 3342 2261 gigantum

1771 2285 1935 2347 bella,
1966 2283 2080 2340 sive
2111 2283 2220 2336 alia
2276 2283 2459 2336 omnis
2495 2283 2727 2351 generis,
2761 2281 2921 2336 deum
2953 2282 3118 2336 simul
3164 2292 3218 2337 et
3249 2283 3346 2336 be-

1772 2392 1955 2443 roum,
2008 2375 2077 2430 ab
2135 2373 2386 2429 affinibus
2437 2373 2792 2444 cognatisque
2847 2373 3074 2429 dissidia
3127 2375 3342 2428 narrari

1771 2472 2023 2528 debeant.
2078 2469 2280 2525 Contra
2316 2483 2477 2535 vero,
2537 2469 2583 2523 si
2637 2483 2747 2538 quo
2803 2469 2966 2524 modo
3017 2469 3344 2540 persuadere

1771 2563 2093 2634 poterimus,
2152 2561 2257 2616 civi
2306 2562 2478 2616 civem
2532 2561 2685 2614 alteri
2740 2559 3016 2616 inlensum
3069 2560 3342 2616 neminem

1771 2671 2011 2726 unquam
2048 2654 2240 2718 fuisse,
2291 2669 2390 2708 nec
2425 2654 2477 2707 id
2521 2652 2747 2707 omnino
2777 2651 2860 2706 fas
2890 2667 3054 2718 esse;
3094 2654 3209 2708 hac
3252 2663 3340 2708 at-

1717 2765 1722 2770 ·
1771 2762 1877 2818 que
1912 2745 2112 2802 similia
2143 2745 2328 2815 pueris
2379 2753 2590 2798 mature
2613 2758 2644 2796 a
2683 2742 2992 2799 senioribus
3021 2752 3077 2798 et
3106 2744 3340 2799 aniculis

1771 2843 2092 2897 inculcanda
2123 2849 2303 2903 erunt,
2338 2840 2550 2910 ipsique
2585 2846 2756 2908 poeta:
2805 2839 3071 2908 cogendi,
3121 2854 3252 2894 suas
3279 2848 3342 2893 ut

1772 2934 1982 2991 fabulas
2025 2950 2091 2990 eo
2119 2934 2376 2989 referant.
2411 2933 2478 2986 At
2528 2931 2727 3000 injecta
2776 2927 2978 2984 Iunoni
3009 2944 3039 2982 a
3071 2929 3181 2985 lilio
3226 2931 3340 2984 vin-

1769 3027 1912 3090 cula,
1957 3015 2228 3095 dejeetum
2265 3039 2295 3077 a
2347 3031 2497 3093 patre
2542 3019 2868 3086 Vulcanum,
2921 3019 3064 3089 quod
3110 3021 3339 3090 pulsatae

1771 3119 1928 3173 matri
1953 3133 2110 3187 opem
2135 3115 2278 3172 ferre
2304 3116 2482 3181 vellet,
2500 3125 2832 3183 exterasque
2855 3112 3082 3168 deorum
3101 3128 3336 3183 pugnas,

1769 3216 2035 3277 quotquot
2060 3207 2129 3260 ab
2162 3205 2400 3261 Homero
2429 3205 2675 3260 conﬁctae
2712 3212 2863 3269 sunt,
2893 3204 2996 3259 hac
3029 3204 3082 3258 in
3119 3206 3340 3259 civitate

1768 3314 2047 3369 nunquam
2083 3297 2274 3352 audire
2307 3297 2610 3366 oportebit,
2650 3296 2766 3351 sive
2803 3311 3064 3351 arcanum
3099 3296 3336 3366 aliquem

1767 3405 1986 3446 sensum
2034 3389 2333 3453 includam,
2386 3387 2501 3442 sive
2531 3389 2760 3444 nullum.
2790 3387 2902 3444 Nec
2947 3403 3094 3444 enim
3119 3388 3339 3458 juvenis

1767 3489 2008 3537 statuere
2040 3489 2238 3551 potest,
2275 3480 2368 3535 ubi
2399 3480 2599 3550 aliquis
2629 3481 2897 3550 ejusmodi
2926 3495 3121 3536 sensus
3149 3483 3334 3548 lateat,

1765 3574 1856 3627 ubi
1887 3573 2066 3628 nullus
2094 3591 2108 3627 :
2145 3573 2239 3627 sed
2273 3586 2632 3642 quascunque
2680 3571 2966 3642 opiniones
3003 3587 3068 3628 ea
3099 3573 3336 3643 primum

1762 3675 1918 3721 aetate
1948 3665 2257 3730 imbiberit,
2311 3679 2388 3720 ea:
2432 3665 2604 3719 deleri
2649 3662 2762 3718 fere
2804 3673 2993 3734 postea
3039 3665 3338 3732 revelliquo

1763 3772 1871 3812 non
1900 3765 2151 3826 possunt.
2197 3755 2384 3826 Itaque
2419 3755 2575 3817 tanti,
2615 3755 2830 3825 opinor,
2861 3755 2987 3819 erit,
3028 3765 3089 3809 ut
3133 3755 3334 3823 quibus
3369 3813 3373 3818 _

1761 3849 1998 3920 primum
2035 3848 2321 3903 audiendis
2370 3847 2568 3902 fabulis
2597 3855 2935 3912 assuescent,
2960 3846 3029 3901 ad
3079 3846 3331 3903 virtutem

1758 3957 1857 4009 eae,
1875 3955 2037 4010 quam
2058 3940 2362 3994 rectissime
2393 3941 2507 3995 tieri
2530 3940 2748 4010 poterit,
2771 3939 3083 3995 collineent.
3107 3969 3178 3980 —
3202 3939 3334 3996 Jure

1759 4033 1927 4086 hoctu
1944 4031 2184 4102 quidem,
2202 4040 2392 4086 etcum
2410 4033 2638 4096 ratione,
2657 4031 2834 4100 inquit
2851 4049 2864 4084 :
2883 4040 2938 4084 at
2953 4046 2996 4086 sn
3015 4031 3215 4101 quise:
3239 4047 3334 4085 no-

1756 4124 1840 4178 bis
1853 4133 2075 4192 quaeret,
2093 4124 2397 4194 cujusmodi
2415 4140 2500 4188 ea,
2525 4140 2712 4192 quave
2734 4123 2930 4179 fabulae
2943 4139 3064 4179 esse
3077 4123 3326 4189 debeant,

1754 4214 1883 4282 quid
1905 4212 2118 4267 tandem
2149 4213 2598 4282 respondebimus
2620 4211 2836 4266 ?—(Jui
2864 4225 2985 4280 ego,
3006 4209 3207 4272 Poetae,
3237 4209 3326 4262 in-

1755 4321 1939 4374 quam,
1976 4305 2283 4368 Adimanle,
2304 4305 2357 4358 in
2384 4304 2669 4373 praesentia
2689 4319 2862 4374 neque
2890 4318 2990 4374 ego
3013 4343 3029 4369 ,
3061 4317 3236 4371 neque
3267 4312 3326 4356 tu

1754 4411 1965 4461 sumus,
1994 4396 2087 4451 sed
2123 4395 2430 4464 reipublicae
2459 4397 2791 4451 conditores.
2831 4393 3001 4461 Quos,
3031 4404 3090 4448 ut
3116 4392 3322 4448 formas

113 4501 159 4551 γε
182 4488 327 4560 μηδὲν
352 4491 520 4545 κακὸν
550 4493 712 4557 ποιεῖ,
746 4491 854 4545 οὐδ’
876 4491 941 4545 ἄν
970 4509 1115 4556 τινος
1145 4491 1231 4563 εἴη
1255 4493 1426 4546 κακοῦ
1457 4493 1647 4546 αἴτιον.

1765 4488 1875 4541 illas
1926 4497 1978 4540 et
2008 4487 2335 4556 exemplaria
2371 4503 2533 4542 nosse
2577 4497 2848 4558 oporteat,
2894 4501 3018 4556 quae
3048 4485 3222 4554 poetis
3263 4486 3319 4538 in

111 4581 285 4644 -Πῶς
307 4585 412 4655 γάρ
431 4601 447 4650 ;
469 4584 628 4638 -Τί
659 4583 749 4651 δέ;
779 4584 1050 4656 ὠφέλιμον
1082 4585 1142 4637 τὸ
1169 4585 1402 4653 ἁγαθόν;
1430 4615 1496 4624 -—
1522 4586 1647 4638 Ναί.

113 4675 336 4730 -Δῐτιον
374 4680 483 4748 ἄρα
527 4679 848 4750 εὐπραγίας.
889 4679 1015 4734 Ναί.
1050 4711 1116 4721 -
1139 4680 1252 4733 Οὐκ
1285 4680 1394 4751 ἄρα
1434 4678 1650 4733 πάντων

117 4777 160 4829 τε
203 4768 354 4823 αίτιον
395 4770 456 4823 τὸ
498 4770 730 4838 ἀγαθόν·
760 4769 896 4824 ἀλλὰ
939 4770 1048 4827 τῶν
1087 4770 1187 4841 μὲν
1219 4766 1276 4824 εὖ
1306 4770 1536 4842 ἐχόντων
1568 4771 1650 4823 αἵ-

118 4868 217 4919 ιιον,
240 4858 336 4913 τῶν
377 4862 432 4914 δὲ
457 4861 646 4914 κακῶν
681 4861 940 4915 ἀναίτιον.
968 4890 1040 4901 —-
1073 4861 1360 4926 Παντελῶς
1404 4879 1491 4931 γε,
1519 4861 1644 4931 ἔφη.

118 4945 207 4998 [ηδ’
232 4949 345 5022 ἄρα,
375 4950 444 5024 ἦν
492 4953 536 5006 δ’
571 4953 700 5022 ἐγὼ,
735 4954 765 5006 ὁ
810 4953 961 5018 Θεὸς,
1004 4956 1126 5006 ἐπεὶ
1175 4955 1396 5022 ἀγαθὸς,
1432 4955 1648 5008 πάντων

110 5034 164 5089 ἂν
210 5037 284 5110 εἴη
321 5043 508 5107 αἴτιος,
555 5045 632 5106 ῶς
673 5045 721 5096 οί
772 5041 954 5096 πολλοὶ
989 5043 1234 5110 λέγουσιν
1259 5061 1271 5074 ·
1311 5042 1424 5096 ἀλλ’
1453 5043 1648 5112 ὀλίγων

112 5128 192 5194 μὲν
243 5137 342 5196 τοῖς
403 5135 711 5206 ἀνθρώποις
772 5136 965 5198 αἴτιος,
1028 5134 1238 5186 πολλῶν
1272 5135 1328 5187 δὲ
1383 5135 1642 5198 ἀναίτιος.

113 5216 227 5275 Πολὺ
266 5226 367 5298 γάρ
414 5227 622 5280 ἐλάττω
652 5227 719 5281 τα
757 5226 937 5294 ἀγαθὰ
979 5225 1088 5277 τῶν
1127 5226 1312 5278 κακῶν
1347 5228 1496 5296 ἡμῖν.
1539 5227 1645 5278 Καὶ

113 5311 199 5362 τῶν
229 5317 316 5384 μὲν
347 5319 564 5387 ἀγαθῶν
591 5319 779 5373 οὐδένα
803 5317 960 5372 ἄλλον
993 5318 1281 5381 αἰτιατέον,
1312 5317 1418 5369 τῶν
1464 5318 1519 5370 δὲ
1549 5336 1646 5371 κα-

113 5401 202 5455 κῶν
251 5407 374 5461 ἄλλα
420 5411 554 5464 ἄττα
604 5411 684 5463 δεῖ
726 5411 907 5481 ζητεῖν
948 5408 1015 5462 τὰ
1072 5408 1250 5472 αἴτια,
1303 5408 1416 5462 ἀλλ’
1449 5409 1509 5462 οὐ
1554 5411 1645 5463 τὸν

113 5490 703 5573 θεόν.-’Λληθέστατα,
738 5502 864 5572 ἔφη,
891 5503 1065 5564 δοκεῖς
1095 5518 1183 5570 μοι
1216 5500 1412 5569 λέγειν.
1432 5530 1501 5542 -—
1533 5502 1645 5555 Οὐκ

114 5582 216 5652 ἄρα,
244 5585 306 5661 ἦν
324 5592 378 5644 δ’
397 5593 528 5662 ἐγὼ,
557 5592 1029 5656 άποδεκτέον,οὓτε
1062 5594 1319 5664 Ὁμήρου,
1339 5593 1462 5646 οὔτε
1484 5593 1643 5647 ἄλλου

115 5682 325 5747 ποιητοῦ,
353 5685 551 5757 ταύτην
580 5687 678 5758 τὴν
706 5685 978 5757 ἁμαρτίαν
1007 5687 1134 5756 περὶ
1159 5687 1282 5749 τοὺς
1310 5684 1462 5749 θεοὺς
1489 5686 1638 5757 ἀνοήα

116 5779 202 5840 τως
226 5773 609 5846 ἁμαρτάνοντος
634 5779 728 5830 καὶ
756 5777 1002 5845 λέγοντος
1019 5792 1032 5805 ⁸

519 5873 707 5934 Pun.
745 5873 862 5936 Gn.
899 5871 1074 5933 XXI.

1753 4579 2060 4634 fabularum
2091 4594 2315 4633 suarum
2344 4578 2655 4633 ﬁctionibus
2690 4577 2972 4648 proposita
3005 4591 3127 4631 esse
3156 4575 3320 4630 debe-

1753 4681 1866 4739 ant,
1897 4680 1951 4724 et
1982 4686 2012 4723 a
2045 4670 2262 4739 quibus,
2297 4669 2342 4724 si
2371 4671 2590 4740 quando
2621 4669 2925 4732 deﬂectent,
2962 4666 3171 4722 ferendi
3209 4683 3321 4722 non

1752 4763 1884 4826 sint,
1941 4762 2156 4817 fabulas
2205 4762 2352 4830 ipsos
2401 4763 2623 4831 quidem
2671 4764 2875 4832 lingere
2923 4779 3030 4816 non
3082 4770 3320 4830 oportet.

1749 4883 1820 4894 —-
1853 4851 2067 4917 Fateor,
2119 4852 2316 4922 inquit,
2353 4853 2444 4908 sed
2499 4852 2604 4908 hoc
2656 4854 2828 4923 ipsum
2865 4861 3070 4917 tamen,
3104 4851 3317 4914 forma,

1750 4947 1996 5015 inquam,
2037 4944 2162 5009 illae,
2191 4960 2328 5013 quas
2355 4944 2444 4998 ubi
2477 4944 2543 4998 de
2573 4943 2678 5000 diis
2721 4945 3050 5014 loquendum
3085 4943 3207 5007 erit,
3231 4955 3320 4996 se-

1749 5037 1843 5106 qni
1880 5037 2171 5106 oportebit,
2203 5035 2391 5103 quales
2439 5035 2652 5088 tandem
2687 5050 2808 5089 esse
2840 5033 3086 5090 debent?
3113 5032 3274 5087 Tales
3299 5071 3315 5093 ,

1750 5129 1996 5198 inquam,
2036 5136 2094 5179 ut
2122 5125 2424 5193 cujusmodi
2454 5142 2548 5194 per
2575 5142 2695 5180 sese
2729 5125 2870 5180 Deus
2901 5136 3006 5192 est,
3046 5123 3317 5195 ejusmodi

1748 5235 1982 5288 semper,
2013 5227 2123 5271 tam
2157 5216 2414 5281 heroicis,
2450 5233 2613 5286 quam
2649 5217 2832 5287 lyricis
2863 5230 2927 5271 ac
2953 5216 3176 5285 tragicis
3201 5229 3320 5268 caro

1747 5311 1985 5365 minibus
2014 5319 2448 5379 reprmsentetur.
2473 5338 2546 5347 —
2569 5307 2732 5363 Decet
2753 5309 3050 5362 enimvero.
3073 5336 3146 5380 -τ-
3171 5304 3316 5359 Deus
3400 5317 3402 5320 '

1748 5403 1933 5471 igitur,
1971 5400 2116 5470 quod
2149 5413 2338 5469 reapse
2375 5398 2554 5452 bonus
2581 5398 2673 5460 sit,
2721 5399 2898 5452 bonus
2932 5410 3151 5466 quoque
3179 5393 3316 5449 θρίο-

1745 5494 1986 5549 brandus
2035 5492 2159 5546 erit.
2192 5519 2264 5530 --
2313 5488 2430 5543 Erit
2481 5489 2723 5543 omnino.
2761 5517 2835 5528 —
2876 5486 3038 5556 Atqui
3085 5487 3308 5539 noxium

1745 5586 1950 5641 bonum
1978 5599 2096 5639 csse
2123 5582 2330 5636 nullum
2371 5590 2546 5650 potest
2573 5599 2586 5633 :
2623 5595 2804 5634 nonne
2829 5579 2853 5634 ?
2879 5607 2948 5618 -—
2976 5576 3218 5644 Nullum,
3253 5588 3312 5632 ut

1743 5679 1974 5732 videtur.
2006 5704 2076 5715 —
2103 5674 2257 5740 Quod
2285 5680 2462 5726 autem
2510 5672 2734 5726 noxium
2770 5686 2875 5725 non
2907 5679 3010 5732 est,
3046 5669 3171 5724 idne
3208 5669 3311 5722 ali-

1745 5768 1962 5825 cuando
1990 5775 2145 5821 nocet
2174 5765 2196 5818 ?
2224 5792 2294 5804 ——-
2320 5761 2606 5832 Nunquam
2644 5773 2807 5818 certe.
2849 5791 2919 5802 --
2964 5758 3119 5827 Quod
3151 5774 3314 5832 porro

2828 5856 2903 5916 3h
