3872 6368
124 390 237 435 των

1228 380 1545 435 ΜΔΡΔΒ.
1589 379 1838 437 EVANG.
1883 381 2007 437 LIB.
2049 381 2187 438 Xill.

3175 380 3317 438 1070

117 504 182 565 ὡς
208 498 383 564 ἄθλιοι,
410 500 458 553 οἱ
483 499 636 555 καλοὶ
659 498 789 572 (76),
814 499 1041 565 διδόντες
1061 500 1119 555 δὲ
1153 500 1312 571 δίκην
1337 501 1641 572 ὠφελοῦντο

1746 518 1936 573 ρωπος.
1964 518 2058 560 eas
2088 504 2437 567 sustinerent,
2465 500 2583 557 illas
2617 510 2796 556 tamen
2824 493 2992 555 Deum
3023 498 3311 563 indixisse,

120 594 204 646 υπὸ
229 589 313 644 τοῦ
355 589 506 653 Θεοῦ,
548 590 749 645 ἐατέον.
791 592 991 646 Κακῶν
1020 591 1077 645 δὲ
1109 592 1281 646 αἴτιον
1318 594 1483 663 φάναι
1517 593 1651 647 Θεόν

114 701 199 737 τινι
241 680 540 751 γίγνεσθαι,
594 682 792 751 ἀγαθὸν
844 682 1007 749 ὄντα,
1061 683 1426 755 διαμαχητέον
1484 686 1649 739 παντὶ

115 774 279 844 τρόπῳ,
306 773 435 842 μήτε
452 773 577 827 τινὰ
600 772 769 828 ταῦτα
787 774 965 843 λέγειν
998 775 1055 827 ὲν
1071 778 1136 847 τῇ
1168 776 1362 829 ἑαυτοῦ
1401 775 1573 840 πόλει,
1597 779 1646 830 εἰ

118 864 265 935 μέλλει
283 863 688 934 εὐνομήσεσθαι,
704 865 1219 937 μήτετινάἀκούειν,
1236 868 1371 939 μήτε
1384 866 1648 938 νεώτερον

117 956 224 1025 μήτε
246 954 618 1026 πρεσϐύτερον,
651 958 788 1027 μήτε
810 958 869 1010 ὲν
903 958 1102 1029 μέτρῳ,
1135 960 1257 1030 μήτ’
1280 958 1406 1013 ἄνευ
1446 958 1646 1030 μέτρου

117 1045 486 1115 μυθολογοῦντα,
520 1046 599 1110 ὡς
625 1046 753 1100 οὔτε
786 1048 907 1102 ὅσια
949 1049 1017 1103 ἂν
1041 1050 1306 1123 λεγόμενα
1335 1030 1384 1103 εἰ
1413 1050 1642 1119 λέγοιτο,

112 1135 211 1189 οὔτε
252 1136 487 1209 ξύμφορα
534 1139 700 1209 ἡμῖν,
734 1138 857 1193 οὗτε
892 1138 1151 1211 ξύμφωνα
1184 1141 1323 1196 αὐτὰ
1356 1142 1646 1206 αὐτοῖς.-

110 1227 359 1300 Ξύμψηφός
405 1229 488 1281 σοί
536 1231 675 1300 εἰμι,
704 1230 832 1302 ἔφη,
879 1231 1065 1285 τούτου
1117 1233 1212 1285 τοῦ
1258 1234 1442 1303 νόμον,
1474 1233 1644 1303 κάμοὶ

110 1320 378 1389 ἀρέσκει.-
391 1313 560 1383 Οὗτος
580 1322 680 1391 μὲν
697 1322 897 1386 τοίνυν,
924 1317 991 1393 ἦν
1007 1322 1050 1375 δ’
1080 1322 1211 1391 ἐγὼ,
1235 1319 1314 1388 εἷς
1327 1324 1393 1377 ἂν
1422 1324 1508 1394 εἴη
1538 1324 1643 1376 τῶν

111 1411 207 1481 περὶ
221 1409 339 1464 Θεοῦ
354 1410 531 1483 νόμων
549 1427 612 1463 τε
638 1413 733 1465 καὶ
766 1412 970 1478 τύπων,
998 1416 1056 1467 ὲν
1083 1408 1163 1477 οἷς
1189 1415 1399 1487 δεήσειε
1436 1416 1563 1479 τούς
1581 1432 1641 1468 τε

108 1502 316 1569 λέγοντας
339 1501 534 1571 λέγειν,
563 1504 659 1557 καὶ
674 1503 799 1566 τοὺς
812 1505 1093 1570 ποιοῦντας
1119 1509 1385 1560 ποιεῖν.-
1396 1507 1490 1576 Μὴ
1504 1508 1641 1562 πάν-

107 1609 188 1646 των
208 1593 359 1648 αἴτιον
387 1593 478 1647 τὸν
504 1594 661 1660 Θεὸν,
691 1595 825 1649 ἀλλά
844 1597 951 1650 τῶν
975 1597 1215 1666 ἀγαθῶν.
1243 1600 1354 1653 Καὶ
1382 1600 1637 1669 μάλιστα,

105 1684 204 1753 ἔφη,
227 1685 421 1757 ἀπόχρη
454 1686 766 1757 (77).-Τί
797 1688 852 1741 δὲ
888 1688 952 1761 δὴ
989 1692 1017 1743 ὁ
1060 1689 1307 1760 δεύτερος
1358 1691 1483 1755 εδες
1533 1687 1641 1763 ἆρα

105 1774 237 1847 γόητα
276 1776 359 1829 τὸν
401 1776 539 1832 Θεὸν
589 1780 689 1833 οῐει
736 1776 894 1845 εἶναι,
938 1780 1030 1835 καὶ
1076 1778 1185 1834 οἷον
1242 1781 1299 1848 ἐξ
1350 1782 1641 1853 ἐπιϐουλῆς

105 1867 416 1936 φαντάζεσθαι
448 1870 645 1923 ἄλλοτε
678 1873 734 1924 ὲν
770 1872 956 1937 ἄλλαις
987 1872 1171 1936 ἰδέαις,
1198 1872 1317 1925 τοτὲ
1348 1873 1449 1944 μὲν
1479 1874 1638 1927 αὑτὸν
1674 1852 1713 1909 Β

102 1959 384 2030 γιγνόμενον,
414 1962 509 2015 καὶ
531 1962 865 2015 ἀλλάττοντα
886 1963 946 2015 τὸ
965 1962 1127 2015 αὑτοῦ
1158 1958 1295 2025 εἶδος
1327 1965 1407 2026 εἰς
1444 1962 1642 2027 πολλὰς

101 2052 289 2120 μορφὰς,
304 2052 418 2104 τοτὲ
439 2052 495 2105 δὲ
520 2054 671 2123 ἡμᾶς
688 2054 980 2107 ἀπατῶντα
1013 2054 1105 2107 καὶ
1124 2053 1378 2106 ποιοῦντα
1399 2056 1525 2126 περὶ
1547 2056 1643 2109 αύ-

101 2140 169 2192 τοῦ
177 2142 366 2197 τοιαῦτα
380 2143 577 2197 δοκεῖν·
598 2146 631 2216 ἦ
651 2145 851 2197 ἁπλοῦν
863 2163 921 2197 τε
935 2142 1089 2209 εἶναι,
1104 2146 1196 2197 καὶ
1216 2145 1429 2198 πάντων
1444 2147 1640 2216 ἥκιστα

99 2233 171 2301 τῆς
182 2234 321 2287 αὐτοῦ
345 2235 488 2299 ἰδέας
504 2236 780 2290 ἐκϐαίνειν
800 2253 813 2302 ;
833 2267 901 2276 -
915 2238 1026 2290 Οὐκ
1048 2236 1174 2306 ἔχω,
1189 2236 1313 2307 ἔφη,
1332 2236 1425 2289 νῦν
1442 2253 1502 2304 γε
1515 2236 1639 2289 οῦτ-

97 2325 479 2381 ωςείπεῖν--Τί
496 2325 555 2378 δὲ
574 2327 696 2379 τόδε
716 2345 731 2393 ;
749 2328 848 2380 οὐκ
872 2328 1108 2397 ἀνάγκη,
1130 2328 1285 2398 εἰπερ
1306 2344 1357 2379 τι
1372 2326 1640 2393 ἐξίσταιτο

96 2416 170 2485 τῆς
186 2416 329 2470 αὑτοῦ
362 2416 529 2482 ἰδέας,
553 2418 587 2488 ἥ
606 2418 738 2472 αύτό
761 2418 850 2487 ὑφ’
893 2417 1057 2471 αὑτοῦ
1082 2417 1455 2487 μεθίστασθαι,
1487 2418 1520 2489 ἢ
1546 2401 1639 2471 ὑπ’

98 2506 337 2572 ἀλλου;-
371 2509 643 2580 Ἀνάγκη.
681 2538 751 2549 --
782 2508 989 2562 Οὐκοῦν
1037 2508 1142 2561 ὑπὸ
1196 2508 1293 2579 μὲν
1349 2508 1509 2563 ἄλλου
1570 2508 1639 2563 τὰ

96 2597 250 2666 ἄριστα
306 2599 492 2669 ἔχοντα
532 2602 739 2671 ἥκιστα
782 2600 1085 2654 ἀλλοιοῦταί
1138 2617 1198 2652 τε
1246 2600 1340 2653 καὶ
1386 2601 1635 2664 κινεῖται,

95 2684 178 2740 οἷον
205 2690 343 2761 σῶμα
372 2692 477 2745 ὑπὸ
514 2693 704 2746 σιτίων
731 2708 789 2744 τε
822 2692 917 2744 καὶ
961 2690 1139 2743 ποτῶν
1166 2690 1260 2743 καὶ
1305 2690 1478 2744 πόνων
1497 2707 1510 2721 ’
1541 2708 1637 2760 καὶ

95 2782 175 2833 πᾶν
210 2783 357 2851 φυτὸν
404 2784 512 2837 ὑπὸ
556 2782 821 2854 εἱλήσεών
865 2800 947 2848 τε,
996 2784 1091 2836 καὶ
1130 2783 1368 2853 ἀνέμων,
1395 2783 1489 2836 καὶ
1524 2782 1635 2836 τῶν

94 2874 298 2927 τοιούτων
328 2875 694 2945 παθημάτων,
727 2876 788 2928 ού
823 2874 933 2946 (78)
959 2874 1019 2927 τὸ
1070 2874 1397 2945 ὑγιέστατονΔ
1433 2891 1493 2927 τε
1539 2875 1635 2928 καὶ

94 2964 388 3035 χαριέστατον
447 2966 658 3037 ἥκιστα
719 2964 1040 3018 ἀλλοιοῦται.
1078 2997 1145 3006 -
1191 2964 1314 3029 Πῶς
1353 2966 1399 3019 δ’
1439 2964 1639 3032 οὕς-

94 3055 241 3126 Ψυχὴν
270 3056 322 3111 δὲ
366 3056 540 3128 αὐτὴν
571 3055 950 3127 ἀνδρειοτάτην
978 3056 1087 3127 (79)
1117 3074 1177 3110 τε
1227 3058 1318 3110 καὶ
1354 3074 1631 3129 φρονιμω-

1751 595 1855 651 hoc
1888 604 1947 650 ut
1970 606 2127 666 poeta
2156 604 2337 658 canat,
2372 593 2649 649 ferendum
2682 607 2959 663 nunquam
2986 591 3109 647 erit.
3150 588 3317 663 6“

1748 686 1899 753 Quod
1931 688 1977 742 si
2012 686 2259 742 homines
2294 686 2591 757 improbos,
2632 695 2816 756 utpote
2848 686 3098 746 miseros.
3132 685 3313 739 anim-

1748 779 2071 835 adversione
2116 794 2255 850 opus
2284 778 2543 834 habuisse
2586 779 2863 841 dicerent,
2906 791 3137 847 eamque
3178 776 3311 831 dum

1747 873 2014 939 subirent,
2046 887 2204 944 opem
2236 872 2472 927 sensisse
2501 871 2762 937 divinam,
2806 871 3068 926 hactenus
3093 870 3145 923 id
3177 869 3316 923 tole-

1746 964 1855 1018 rari
1888 964 2078 1034 possit.
2107 963 2177 1018 At
2215 962 2405 1028 Deum,
2436 978 2531 1033 qui
2565 946 2663 1033 per
2696 976 2817 1017 sese
2854 961 3031 1017 bonus
3056 960 3148 1025 sit,
3178 975 3314 1017 cau-

1746 1072 1863 1112 sam
1900 1056 1993 1110 ulli
2026 1056 2297 1111 malorum
2327 1071 2467 1121 esse,
2498 1056 2551 1110 id
2579 1070 2709 1110 vero
2743 1069 2810 1109 ne
2845 1064 2938 1109 aut
2968 1069 2999 1108 a
3037 1069 3311 1123 quoquam

1745 1147 1799 1202 in
1835 1162 1934 1203 sua
1968 1146 2186 1202 civitate
2228 1144 2461 1213 dicatur,
2491 1146 2538 1201 si
2570 1162 2689 1201 eam
2725 1146 2888 1201 modo
2917 1154 3062 1200 recte
3092 1144 3313 1199 institu-

1744 1250 1855 1295 tam
1888 1240 2048 1302 volet,
2092 1248 2187 1294 aut
2230 1240 2373 1294 ullus
2413 1239 2749 1294 occinentem
2789 1237 2995 1302 audiat,
3024 1236 3177 1291 omni
3215 1251 3310 1290 ra.

1743 1334 1894 1388 tione
1938 1332 2286 1403 pugnandum
2337 1331 2460 1395 erit,
2496 1330 2659 1401 idque
2686 1346 2781 1386 seu
2816 1329 3001 1399 junior
3044 1328 3155 1394 ille,
3207 1343 3310 1383 seu

1743 1425 1930 1480 senior
1970 1422 2151 1490 fuerit,
2180 1423 2295 1479 sive
2322 1422 2534 1486 stricta,
2577 1421 2693 1477 sive
2734 1422 2913 1477 soluta
2951 1421 3199 1476 oratione
3228 1420 3313 1474 di-

1742 1525 1897 1573 catur
1926 1532 1940 1569 :
1968 1514 2115 1583 quod
2147 1514 2251 1569 ista
2302 1530 2403 1570 nec
2448 1514 2535 1582 pie
2579 1513 2793 1567 narrari
2825 1512 3055 1582 possint,
3092 1526 3195 1566 nec
3225 1511 3313 1565 ul-

1742 1607 1849 1661 lam
1880 1607 2041 1661 nobis
2077 1606 2363 1661 utilitatem
2404 1606 2651 1668 aﬂ‘erant,
2684 1618 2783 1659 nec
2808 1619 2996 1659 secum
3026 1604 3143 1674 ipsa
3172 1618 3309 1657 con-

1742 1698 1996 1753 sentiant.
2043 1724 2113 1738 —-
2153 1696 2267 1768 Ego
2310 1712 2460 1763 vero,
2503 1694 2699 1766 inquit,
2738 1694 2873 1765 legis
2918 1702 3098 1749 tecum
3146 1692 3311 1762 hujus

1742 1798 1933 1845 auctor
1979 1790 2210 1845 libenter
2254 1787 2486 1853 fuerim,
2530 1790 2601 1844 ita
2646 1787 2780 1842 mihi
2830 1786 3027 1856 placet.
3066 1815 3138 1827 —
3182 1783 3310 1841 Ηωο

1741 1880 1926 1949 igitur,
1970 1881 2214 1950 inquam,
2259 1896 2326 1935 ex
2369 1880 2435 1935 iis
2476 1880 2684 1950 legibus
2725 1888 2889 1949 atque
2926 1877 3139 1943 formis,
3168 1891 3307 1947 quas

1742 1969 1835 2023 ubi
1864 1969 1932 2024 de
1960 1966 2071 2023 Deo
2120 1968 2450 2039 loquendum
2486 1970 2612 2031 erit,
2638 1971 2749 2023 t'am
2789 1968 3101 2023 oratoribus
3139 1982 3307 2036 quam

1741 2058 1936 2130 poetis,
1966 2057 2272 2127 propositas
2314 2072 2435 2112 esse
2465 2057 2755 2128 oportebit,
2806 2072 2913 2110 una
2945 2065 3083 2121 esto,
3133 2054 3306 2111 Deum

1743 2163 1849 2201 non
1898 2149 2180 2213 omnium,
2238 2147 2331 2202 sed
2396 2148 2663 2203 bonorum
2719 2148 3014 2211 duntaxat,
3077 2162 3303 2202 causam

1740 2253 1883 2293 esse.
1910 2267 1982 2277 —
2018 2236 2220 2301 Placet,
2252 2238 2447 2307 inquit,
2478 2239 2691 2293 abunde
2713 2247 2818 2293 est.
2850 2268 2923 2279 —
2964 2237 3087 2293 llaec
3121 2248 3304 2293 autem

1740 2328 2001 2393 secunda,
2050 2328 2222 2399 quid?
2267 2329 2350 2382 An
2398 2339 2457 2384 tu
2501 2332 2802 2386 veneficum
2849 2330 3081 2400 aliquem
3131 2330 3301 2385 Deum

1738 2431 1879 2483 esse,
1928 2426 1983 2471 et
2033 2426 2293 2485 tanquam
2339 2433 2404 2472 ex
2443 2418 2655 2473 insidiis
2685 2420 2790 2473 alia
2829 2428 3049 2489 repente
3092 2418 3307 2489 aliaque

1740 2508 1914 2562 forma
1953 2508 2108 2564 nobis
2142 2524 2403 2578 apparere
2441 2508 2758 2575 existimas;
2803 2510 2877 2564 ita
2912 2522 2973 2564 ut
3000 2510 3162 2566 modo
3206 2525 3304 2580 per

1738 2615 1859 2655 sese
1890 2599 2016 2654 talis
2058 2600 2172 2669 ipse
2193 2602 2307 2668 tiat,
2340 2600 2653 2669 crebrisque
2677 2600 3070 2656 mutationibus
3098 2614 3301 2653 novum

1736 2691 1967 2746 subinde
1994 2690 2203 2745 vultum
2238 2706 2303 2745 ac
2332 2690 2568 2761 speciem
2602 2690 2827 2757 induat;
2871 2690 3032 2745 modo
3070 2689 3304 2744 illudens

1737 2784 1940 2850 oculis,
1982 2792 2041 2837 ut
2082 2782 2350 2853 ejusmodi
2397 2780 2676 2845 videatur,
2723 2780 2964 2837 efficiat?
3012 2796 3081 2835 an
3120 2780 3302 2850 potius

1735 2874 2037 2946 simplicem
2068 2889 2189 2928 esse
2220 2873 2393 2937 illum,
2426 2871 2757 2942 minimeque
2785 2872 3030 2926 omnium
3066 2870 3300 2925 formam

1735 2981 1892 3023 suam
1925 2964 2162 3020 exuere?
2186 2994 2256 3003 —
2284 2962 2464 3030 Modo,
2492 2962 2690 3032 inquit,
2721 2962 2865 3032 quod
2897 2970 3007 3015 tam
3048 2960 3305 3016 universe

1734 3059 2087 3128 respondeam
2119 3072 2225 3110 non
2256 3056 2451 3110 habeo.
2486 3081 2554 3097 -—
2588 3054 2726 3123 Quid
2759 3054 2923 3125 igitur
2958 3052 3026 3108 ad
3067 3052 3214 3107 hoc?
3241 3051 3299 3107 Si

93 3146 221 3218 τάτην
252 3148 420 3218 ἥκιστ’
474 3148 544 3202 ἂν
586 3147 641 3201 τι
683 3148 853 3212 πάθος
884 3146 1080 3215 ἔξωθεν
1113 3147 1365 3219 ταράξειέ
1408 3164 1489 3210 τε,
1536 3148 1630 3200 καὶ

1741 3147 1862 3219 quid
1902 3145 2090 3201 form
2140 3160 2253 3201 sua:
2299 3142 2653 3200 mutationem
2707 3142 2918 3207 subeat,
2981 3155 3157 3195 nonne
3204 3150 3303 3195 aut

92 3235 382 3308 ἁλλοιὼσειε;
411 3271 486 3285 —
510 3240 641 3295 Ναί.
674 3269 744 3280 —
769 3241 879 3294 Καὶ
912 3240 1016 3312 μήν
1049 3257 1151 3292 που
1183 3240 1274 3291 καὶ
1309 3238 1378 3291 τά
1406 3255 1469 3308 γε
1501 3238 1625 3306 ξύν-

1741 3240 1911 3309 ipsum
1942 3237 2140 3293 mutari
2164 3252 2258 3306 per
2296 3252 2416 3292 sese
2472 3240 2695 3291 neces’se
2722 3244 2825 3300 est,
2850 3243 2943 3288 aut
2974 3233 3043 3289 ab
3071 3232 3301 3288 alio?—

95 3324 189 3380 θετα
214 3329 391 3396 πάντα,
427 3329 603 3403 σκεύη
634 3348 693 3384 τε
737 3332 829 3384 καὶ
868 3330 1415 3407 οἰκοδομήματαριαὶ
1456 3330 1624 3402 ἀμφιο

1741 3323 1962 3380 Necesse
1990 3325 2044 3379 id
2079 3322 2319 3395 quidem.
2348 3351 2420 3362 -—
2445 3320 2609 3392 Atqui
2637 3320 2727 3373 vix
2761 3334 2826 3375 ac
2858 3333 2926 3373 ne
2948 3318 3036 3372 vix
3077 3316 3298 3387 quidem

92 3418 272 3488 ἐσματα,
298 3424 434 3477 κατὰ
457 3423 553 3477 τὸν
583 3423 747 3476 αὐτὸν
776 3422 953 3491 λόγον,
982 3425 1051 3474 τά
1076 3418 1135 3473 εὖ
1168 3421 1500 3493 εἰργασμένα
1530 3421 1625 3475 καὶ

1741 3416 1801 3471 ab
1841 3416 1969 3481 alio,
2001 3432 2121 3486 quas
2166 3414 2369 3486 optime
2418 3428 2540 3468 sese
2574 3412 2796 3473 habent,
2830 3408 3031 3464 mutari
3058 3408 3297 3463 moveri-

90 3507 133 3563 εὖ
156 3511 337 3583 ἔχοντα,
362 3515 469 3569 ὑπὸ
496 3516 696 3586 χρόνου
724 3531 781 3566 τε
810 3516 902 3568 καὶ
930 3514 1037 3566 τῶν
1080 3512 1253 3566 ἄλλων
1288 3512 1624 3584 παθημάτων

1741 3522 1836 3578 que
1862 3508 2039 3563 solent
2063 3526 2077 3562 :
2109 3521 2219 3577 quo
2248 3504 2411 3560 modo
2439 3517 2641 3573 corpus
2677 3516 2708 3555 a
2741 3500 2885 3567 cibo,
2913 3508 3065 3570 potu,
3090 3499 3297 3553 labori-

89 3602 243 3669 ᾕιιπα
292 3606 620 3660 ἀλλοιοῦται.
660 3635 729 3644 --
758 3607 913 3658 Ἔστι
958 3606 1151 3659 ταῦτα.
1192 3636 1260 3645 --
1288 3605 1403 3658 Πᾶν
1447 3605 1512 3675 δὴ
1561 3605 1623 3657 τὸ

1741 3600 1851 3663 bus,
1879 3607 1931 3653 et
1952 3597 2180 3668 quodvis
2206 3595 2404 3666 plantae
2424 3608 2613 3665 genus,
2644 3594 2712 3647 ab
2735 3601 2892 3658 astu,
2917 3590 3114 3653 ventis,
3149 3590 3299 3644 aliis-

90 3692 229 3757 καλῶς
256 3696 447 3768 ἔχονεῆ
487 3696 735 3768 φύσει,ἢ
788 3697 971 3769 τέχνῃ,
1018 3698 1050 3769 ἢ
1098 3697 1444 3768 ἀμφοτέροις,
1493 3697 1620 3750 ὲλα-

1741 3705 1834 3761 ιιιο
1882 3688 2295 3759 tempestatibus
2343 3686 2418 3741 ita
2459 3694 2723 3750 mutatur,
2756 3693 2817 3738 ut
2852 3692 3033 3737 tamen
3067 3682 3211 3751 quod
3242 3682 3295 3735 in

88 3785 235 3856 κίστην
263 3790 560 3860 μεταϐολὴν
586 3790 679 3843 ὑπ’
709 3788 867 3842 ἄλλου
918 3788 1527 3859 ὲνδέχεται.-Ἔοικεν.
1550 3818 1624 3831 --

1741 3799 1791 3839 :0
1818 3797 2014 3853 genere
2042 3780 2392 3835 sanissimum
2419 3794 2482 3833 ac
2505 3775 2935 3831 valentissimum
2964 3782 3067 3840 est,
3092 3774 3147 3829 id
3175 3788 3300 3828 mu-

98 3875 221 3931 Ἀλλὰ
248 3879 343 3951 μὴν
372 3883 401 3934 ὁ
432 3883 569 3942 Θεὸς
600 3898 667 3949 γε
700 3879 794 3933 καὶ
822 3880 891 3933 τά
925 3879 1015 3935 τοῦ
1054 3879 1187 3934 Θεοῦ
1226 3881 1400 3951 πάντη
1426 3881 1620 3950 ἄριστα

1741 3872 1986 3927 Lationem
2006 3869 2151 3924 illam
2178 3868 2401 3922 minime
2431 3867 2724 3920 sentiat.—
2739 3863 2874 3931 Quis
2893 3863 3039 3919 enim
3067 3863 3173 3917 hoc
3199 3878 3299 3917 ne"

89 3967 189 4036 ἔχει.
210 4002 269 4022 τ-
290 3973 409 4036 Πῶς
435 3974 482 4025 δ’
513 3972 614 4038 ob;
649 4004 717 4013 —
746 3971 930 4045 Ταύτῃ
962 3972 1058 4043 μὲν
1087 3971 1151 4043 δὴ
1182 3972 1359 4042 ἥκιστ’
1392 3972 1459 4026 ἂν
1490 3973 1620 4025 πολ-

1741 3973 1813 4035 ;et
1832 3964 1922 4017 ‘I—
1956 3961 2186 4016 Animus
2209 3961 2372 4032 igitur
2392 3960 2530 4030 ipse,
2547 3973 2669 4014 cum
2694 3956 3024 4011 fortissimus
3052 3955 3193 4010 idem
3222 3956 3298 4010 sit

88 4056 160 4123 λὲς
184 4065 373 4134 μορφὰς
416 4066 561 4135 ἴσχοι
601 4066 630 4117 ὁ
663 4064 811 4127 Θεός.
836 4096 906 4107 -
927 4064 1162 4117 Ἤκιστα
1206 4064 1358 4136 δῆτα.
1382 4096 1448 4105 -
1479 4064 1618 4118 Ἀλλ’

1741 4072 1790 4111 ιο
1816 4054 2294 4127 prudentissimus,
2327 4052 2396 4107 ab
2430 4060 2655 4106 externa
2682 4049 2792 4103 ulla
2820 4047 2874 4101 vi
2918 4046 3143 4101 minime
3167 4059 3293 4115 per-

90 4145 169 4221 ἆρι
192 4156 335 4220 αὐτὸς
358 4158 523 4211 αὑτὸν
558 4155 880 4227 μεταϐάλλοι
898 4155 965 4210 ἂν
988 4156 1083 4210 καὶ
1100 4155 1302 4209 ἀλλοιοῖ
1318 4175 1332 4219 ;
1349 4156 1622 4228 -Δηλον-

1741 4147 1934 4204 .urbari
1974 4146 2283 4216 mutarique
2324 4143 2539 4214 poterit.
2583 4170 2658 4182 —
2703 4139 2867 4195 Sane.
2902 4168 2975 4179 —
3001 4136 3293 4200 Praeterea,

87 4241 164 4307 ὁτι,
193 4245 301 4317 ἔφη,
331 4250 486 4319 εἰπερ
525 4248 923 4301 ἀλλοιοῦται.--
941 4248 1172 4318 Πότερον
1186 4244 1279 4301 οὖν
1296 4249 1387 4301 ἐπὶ
1409 4249 1469 4301 τὸ
1503 4248 1620 4318 βέλ-

1741 4239 2030 4310 :omposita
2082 4238 2245 4293 etiam
2288 4234 2506 4300 omnia,
2548 4244 2607 4287 ut
2638 4246 2789 4296 vasa,
2842 4228 3091 4291 aedificia,
3128 4229 3293 4285 vesti-

87 4336 172 4387 τιόν
212 4356 264 4391 τε
302 4342 393 4393 καὶ
443 4340 665 4394 κάλλιον
705 4339 1026 4410 μεταϐάλλει
1070 4339 1282 4404 ἑαυτὸν,
1339 4338 1372 4411 ἢ
1420 4341 1512 4392 ἐπὶ
1558 4340 1619 4392 τὺ

1741 4342 1927 4392 menta,
1978 4331 2023 4385 si
2072 4329 2233 4384 modo
2278 4336 2424 4381 recte
2468 4323 2713 4379 confecta
2752 4323 2891 4389 sint,
2939 4321 3293 4391 partibusque

88 4429 227 4499 χεῖρον
254 4432 337 4484 καὶ
358 4432 570 4503 αἴσχιον
587 4430 753 4484 αὐτοῦ
775 4448 863 4497 ;-—-
878 4432 1135 4503 Ἀνάγκη,
1168 4430 1294 4502 ἔφη,
1323 4431 1415 4484 ἐπὶ
1429 4430 1490 4484 τὸ
1505 4434 1617 4501 χεῖ-

1741 4422 1840 4477 suis
1873 4420 2127 4475 omnibus
2161 4417 2430 4482 absoluta,
2467 4415 2745 4469 minimam
2781 4411 3030 4467 similiter
3063 4411 3147 4466 vel
3191 4412 3292 4465 abs

89 4534 157 4579 ρον
178 4522 371 4587 ἑαυτοῦ,
400 4500 563 4596 εἴπερ
592 4521 915 4577 ἀλλοιοῦται.
962 4524 1037 4576 Οὐ
1076 4500 1184 4594 γάρ
1214 4500 1332 4576 που
1374 4500 1535 4575 ὲνδεᾶγ
1555 4540 1618 4591 γε

1741 4526 1968 4581 empore
1990 4509 2074 4563 vel
2107 4508 2175 4563 ab
2202 4507 2307 4561 alia
2334 4505 2527 4576 quavis
2558 4503 2757 4573 injuria
2786 4501 3141 4556 mutationem
3165 4500 3292 4555 sub-

89 4611 384 4682 φήσομεντὸν
403 4589 541 4670 Θεὸν
555 4615 782 4678 κάλλους
798 4614 830 4685 ἢ
848 4616 1043 4687 ἀρετῆς
1062 4589 1295 4668 εἰναι.-
1309 4589 1621 4686 Ὀρθότατα,

1741 4612 1875 4659 :unt.
1912 4632 1978 4642 ——
2019 4600 2097 4654 ita
2135 4608 2247 4667 est.
2289 4626 2354 4637 —
2386 4594 2661 4665 Quidquid
2709 4592 2878 4668 igitur
2920 4590 3003 4645 vel
3052 4589 3150 4645 abs
3192 4605 3296 4643 na-

86 4696 137 4769 ἦν
167 4704 202 4755 δ’
232 4706 350 4775 ἐγὼ,
377 4706 580 4777 λέγεις.
615 4706 729 4759 Καὶ
775 4684 946 4768 οῦτως
990 4684 1223 4775 ἔχοντος,
1255 4684 1401 4759 δοκεῖ
1441 4705 1507 4759 ἂν
1541 4706 1625 4770 τίς

1750 4714 1868 4759 ura,
1901 4697 1986 4750 vel
2021 4694 2089 4748 ab
2124 4704 2258 4755 arte,
2288 4689 2370 4745 vel
2414 4689 2483 4743 ab
2514 4696 2743 4758 utraque
2780 4700 2934 4741 suam
2960 4685 3122 4740 habet
3145 4684 3293 4740 inte-

89 4808 167 4858 σοι,
190 4789 229 4849 ὦ
266 4799 595 4870 ’Δδείμαντε,
632 4796 771 4851 ἑκὼν
812 4797 973 4851 αὑτὸν
1004 4798 1169 4870 χείρω
1219 4798 1390 4850 ποιεῖν
1420 4797 1622 4869 ὁπηοῦν

1741 4790 1990 4861 ςτίιοιοῐη,
2012 4786 2061 4840 id
2085 4783 2403 4839 extrinseca:
2424 4778 2711 4833 mutationi
2741 4777 2963 4831 minime
2991 4776 3292 4830 obnoxium

87 4884 285 4961 ἤθεῶνῆ
310 4892 404 4944 ἀνθ
412 4890 615 4963 ρώπων
635 4907 651 4957 ;
669 4918 738 4930 -
753 4889 1036 4943 ’Λδύνατον
1056 4930 1070 4955 ,
1104 4888 1229 4960 ἔφη.
1251 4919 1321 4928 —
1338 4888 1621 4941 Ἀδύνατον

1741 4880 1903 4933 'uerit.
1945 4906 2009 4917 —-
2034 4877 2112 4930 Ita
2146 4873 2379 4927 videtur.
2412 4898 2481 4910 ——
2510 4866 2631 4921 Jam
2670 4881 2815 4930 vero,
2846 4865 2989 4920 Deus
3022 4863 3289 4934 profecto,

87 4976 171 5046 ἄρα
198 4955 334 5053 ἔφην,
362 4955 456 5037 καὶ
495 4955 858 5035 Θεὺντὲθέλειν
894 4980 1054 5034 αὐτὸν
1093 4955 1334 5033 ἀλλοιοῦν
1353 4996 1368 5010 ’
1400 4978 1513 5032 ἀλλ’
1545 4978 1621 5043 ὡς

1741 4985 1950 5043 lateque
1968 4968 2061 5022 Dei
2079 4975 2208 5021 sunt
2220 4966 2424 5029 omnia,
2448 4962 2597 5020 enini
2627 4975 2691 5015 ex
2723 4969 2874 5030 parte
2891 4955 3289 5027 perfectissima

88 5070 215 5139 ἔοικε,
240 5076 513 5139 κάλλιστος
546 5076 639 5128 καὶ
671 5074 889 5146 ἄριστος
922 5070 1000 5126 ῶν
1041 5075 1119 5136 εἰς
1148 5072 1209 5124 τὸ
1239 5070 1461 5125 δυνατὸν
1490 5069 1619 5123 ἕκα-

1741 5075 1865 5121 ιυιιι.
1898 5094 1969 5104 -
2006 5062 2141 5128 Quis
2166 5060 2364 5131 neget?
2395 5088 2465 5099 --
2496 5057 2752 5127 Sequitur
2785 5067 2916 5123 ergo
2942 5051 3112 5106 Deum
3143 5051 3289 5105 mul-
3336 5061 3343 5067 ‘

89 5176 183 5225 στος
201 5166 383 5233 αὐτῶν,
418 5167 571 5239 μένει
604 5141 907 5229 ἀεὶ-ἁπλῶς
944 5166 1001 5218 ὲν
1031 5165 1096 5235 τῇ
1132 5161 1299 5216 αὐτοῦ
1336 5164 1617 5233 μορφῇ.-

1743 5159 1929 5233 iplices
1959 5154 2175 5210 aliunde
2220 5153 2423 5206 formas
2472 5148 2655 5204 subire
2698 5159 2805 5198 non
2840 5158 3018 5214 posse.
3047 5170 3119 5183 —-
3156 5141 3290 5196 0m—

87 5511 112 5520 Ἀ
141 5442 473 5520 (Ἰϐγιὶαλοζ.
505 5447 825 5520 ιὶιξροηειηᾲ1
861 5443 1021 5499 κακοί
1061 5459 1126 5500 ex
1163 5442 1404 5499 Platone.
1436 5442 1614 5512 Atque

1788 5430 1899 5503 (πθ)
1930 5424 2398 5520 Memmi-
2441 5421 2613 5520 Ples
2628 5414 3283 5520 .9.°.?’1?.f£.‘£“3§t§&“

86 5487 1020 5588 ίιέἰὲέίὶιῖἷῖἵιὶἓὲξῖζέῖἮὶὲ.”’”””’
1063 5487 1126 5500 ””
1163 5487 1404 5499 "ww
1436 5487 1613 5588 ’ἻῨ
1715 5487 1900 5560 nostri
1930 5487 2090 5588 ιεςείῖ)
2116 5487 3286 5588 11138352136“-0",?f'_f§_:hﬁt§3§2,:ﬂh§§f—

142 5557 542 5659 ζῆῖῐῖἓιιὲἓὲἦῖ
580 5557 941 5659 avemus
970 5600 1075 5639 vox
1118 5594 1236 5659 est.
1273 5598 1435 5652 qvam
1477 5579 1613 5636 satis
1714 5557 1884 5659 ἷεξίιτν
1912 5557 3285 5659 "‘31'3‘93'31"iiii:_?°!PBE“IE.9PE-§E“EES?L

89 5626 1090 5729 ριξέίιετῖιῖιςτέδιίιςξῖιῖιῐδῑεῑπῶς,
1117 5626 1253 5711 es.
1274 5626 1613 5720 235,311:
1713 5626 2260 5729 ignauia-1:539?
2309 5626 2574 5706 εῑιρετίοτί
2614 5647 2714 5702 pro
2749 5626 3103 5703 mas-mo»
3130 5626 3287 5685 me

92 5720 190 5775 Cela
215 5709 269 5778 τά
301 5709 610 5782 regis?
636 5709 652 5729 '
685 5709 805 5715 ’Ψ
842 5709 1090 5726 mw”
1130 5709 1142 5711 ⁷
1184 5709 1194 5711 ἡ
1448 5709 1462 5719 ’
1596 5709 1609 5720 ⁷

1741 5714 1840 5786 egit
1880 5709 2246 5782 ἰσχυρότατον.

149 5794 243 5856 (i8)
271 5794 424 5853 Forte
446 5793 529 5853 ὦ.
