3872 6368
592 351 734 408 £071
1259 351 1531 408 EUSEBII
1570 351 2053 409 CESARIENSIS
2091 352 2247 411 OPP.
2281 351 2461 410 PARS
2501 351 2566 408 11.
2605 385 2678 396 -—
2717 355 3219 414 APOLOGETICA.
3641 363 3743 417 l0?!

581 477 713 532 nino
765 476 1033 548 sequitur.
1075 505 1146 518 —-
1173 474 1254 530 An
1291 491 1420 530 vero
1464 491 1561 544 per
1605 493 1726 534 sese
1768 477 1952 533 varias
1987 475 2144 550 645

2254 477 2431 540 Πᾶσα,
2462 477 2589 548 ἔφη,
2625 477 2838 550 ἀνάγκη
2871 478 3057 549 ἔμοιγε
3103 479 3268 532 δοκεῖ.
3287 507 3350 519 -
3369 478 3548 550 Μηδεὶς
3582 481 3680 552 ἄρα,
3701 478 3746 552 ἦν

578 571 701 626 illas
723 571 806 626 sui
837 572 1168 626 mutationes
1193 579 1246 624 et
1267 572 1659 628 conversiones
1691 571 1924 627 elliciet?
1951 601 2020 613 —
2041 569 2144 623 Ellir

2260 569 2305 622 δ’
2336 569 2467 639 ἐγὼ,
2494 564 2539 623 ὦ
2570 569 2783 642 ἄριστε,
2807 571 3018 639 λεγέτω
3050 573 3184 642 ἡμῖν
3211 570 3314 625 τῶν
3338 572 3566 642 ποιητῶν,

574 662 698 728 ciet,
739 661 937 733 inquit,
969 662 1014 718 si
1048 661 1268 732 quando
1298 662 1622 719 mutabitur.
1645 692 1718 702 —
1742 661 1939 718 Utrum
2003 661 2166 732 igitur
2199 660 2252 714 in
2293 660 2488 717 melius
2546 676 2668 716 sese
2727 661 2934 732 aliquid
2974 663 3420 732 pra‘stantiusque
3463 663 3666 725 mutabit,
3701 681 3745 717 an

573 766 766 812 contra
835 759 891 813 in
939 757 1179 812 deterius
1236 772 1299 812 ac
1359 758 1620 828 turpius?
1663 785 1737 799 --
1777 756 1837 812 In
1887 757 2151 821 deterius,
2227 756 2436 826 inquit,
2487 757 2830 823 necessario,
2883 757 2928 811 si
2981 766 3241 812 mutetur.
3299 755 3508 826 Quippe,
3543 772 3745 826 nunquam

571 851 714 906 enim
777 849 888 906 Deo
946 849 1364 920 pulchritudinis
1416 849 1714 920 quidquam
1771 859 1867 906 aut
1928 849 2144 904 virtutis
2184 848 2374 904 deesse
2425 848 2750 904 dixerimus.
2785 878 2857 889 -—
2891 847 3219 904 Rectissime
3274 848 3516 917 loqueris,
3569 849 3744 917 inquaIn

572 942 710 1009 Sed,
765 958 889 998 cum
951 942 1056 998 hoc
1108 942 1182 996 ita
1236 942 1328 1008 sit,
1377 958 1513 998 num
1565 944 1693 1008 tibi,
1749 959 1783 998 o
1838 942 2150 1008 Adimante,
2218 942 2387 998 Deum
2432 942 2722 1013 quisquam
2767 949 2861 994 aut
2910 940 3217 1004 hominum,
3263 955 3377 994 sese
3417 939 3640 992 ullatenus
3681 941 3744 992 dc-

571 1036 825 1099 ieriorem
881 1035 1023 1090 ultro
1071 1034 1318 1091 facturus
1370 1036 1716 1091 videtur?—
1748 1034 1891 1092 Fieri
1958 1052 2068 1091 non
2124 1045 2324 1105 potest,
2391 1034 2588 1103 inquit.
2637 1063 2706 1072 -
2744 1031 2856 1088 Nec
2901 1031 3018 1086 fieri
3061 1048 3193 1103 ergo
3253 1038 3442 1100 potest,
3473 1031 3669 1098 inquam.
3691 1033 3740 1084 uti

573 1129 716 1188 Deus
749 1145 808 1185 se
837 1131 1014 1201 ipsum
1043 1139 1258 1186 mutare
1287 1131 1415 1186 velit
1445 1149 1459 1186 :
1495 1131 1588 1186 sed
1619 1131 1822 1202 potius,
1855 1140 1914 1187 ut
1965 1131 2153 1202 liquet,
2193 1131 2418 1185 deorum
2467 1128 2668 1201 quivis,
2694 1143 2818 1184 cum
2847 1144 2945 1198 pro
2999 1143 3058 1183 se
3081 1143 3246 1198 quam
3282 1125 3631 1196 pulcherrimus
3651 1129 3748 1194 quis-

572 1241 698 1296 que,
751 1236 915 1297 atque
963 1230 1204 1300 optimus
1245 1231 1334 1297 sit,
1388 1232 1472 1288 sui
1518 1247 1732 1302 semper
1791 1231 2019 1288 omnino
2086 1229 2283 1286 similis
2336 1228 2590 1298 idemque
2647 1235 2852 1282 manet.
2882 1257 2955 1267 —
3000 1224 3237 1281 Prorsus
3265 1227 3368 1280 hoc
3409 1223 3530 1278 mihi
3567 1239 3746 1279 necessa-

573 1321 714 1377 rium
747 1324 981 1379 videtur.
1036 1355 1110 1367 —
1144 1325 1369 1383 Desinat
1410 1343 1563 1400 ergo,
1612 1329 1696 1383 vir
1737 1328 1962 1399 optime,
1994 1337 2154 1398 poeta
2193 1324 2445 1397 quilibet,
2473 1325 2616 1379 istuc
2644 1322 2805 1377 nobis
2834 1321 3106 1388 occinere,

1086 1471 1138 1483 -
1180 1443 1464 1513 Peregrina
1496 1445 1715 1498 numina
1750 1443 1918 1506 cultu,

573 1511 889 1582 Omnigenos
931 1513 1120 1567 induta
1157 1511 1389 1578 habitus,
1430 1530 1614 1570 nostra
1650 1515 1844 1585 oppida
1891 1515 2146 1568 lustrant.

571 1619 679 1676 Nec
710 1623 855 1679 ullus
889 1624 942 1678 in
983 1634 1264 1694 posterum
1299 1627 1366 1681 de
1396 1625 1594 1681 Proteo
1627 1642 1691 1682 ac
1733 1625 1963 1682 Thetide
1993 1643 2148 1682 men-

569 1713 722 1768 dacia
749 1714 851 1768 ista
883 1715 1158 1786 contingat
1185 1735 1198 1772 :
1230 1733 1330 1772 nec
1356 1717 1409 1771 in
1440 1717 1741 1786 tragmdiis,
1768 1726 1862 1771 aut
1887 1718 1995 1771 alio
2022 1733 2151 1787 poe-

569 1805 732 1860 matis
758 1821 954 1876 genere
981 1805 1253 1863 Junoneni
1291 1808 1622 1876 introducat,
1675 1825 1798 1879 qua:
1848 1811 2151 1866 sacerdotis
2184 1841 2227 1897 Β

569 1897 624 1950 in
679 1897 915 1966 speciem
966 1897 1310 1969 formamque
1360 1909 1593 1967 mutata,
1621 1901 1777 1956 almis
1815 1902 1920 1957 illis
1962 1902 2148 1957 Inachi

569 1990 756 2060 Argivi
804 1989 954 2045 fluvii
1003 1991 1189 2046 liberis
1230 1992 1426 2062 stipem
1468 2002 1741 2064 corruget.
1776 1992 1901 2048 llzcc
1935 1995 2151 2064 aliaque

571 2081 622 2135 id
656 2096 827 2150 genus
876 2089 1130 2135 sexcenta
1183 2096 1344 2136 nemo
1390 2081 1648 2152 deinceps
1704 2082 2021 2137 mentiatur.
2051 2084 2151 2136 Ca-

568 2181 729 2226 veant
773 2181 1034 2241 praeterea
1089 2181 1325 2237 matres,
1386 2187 1455 2228 ne
1504 2173 1701 2228 hausta
1753 2174 1922 2228 semel
1965 2189 2147 2229 rerum

569 2265 802 2319 istarum
854 2263 1111 2332 opinione
1165 2262 1348 2318 filiolis
1398 2271 1667 2318 terrorem
1710 2263 1984 2333 injiciant,
2015 2265 2148 2318 dum

567 2354 839 2426 ejusmodi
897 2363 1206 2410 commenta
1261 2369 1545 2426 perperam
1608 2355 1960 2422 fabulantur,
2015 2357 2148 2411 deos

568 2457 733 2502 noctu
772 2447 1066 2502 nonnullos
1095 2447 1352 2502 oberrare
1380 2447 1690 2516 omnigenis
1737 2445 2049 2516 hospitibus
2075 2447 2149 2501 si-

569 2539 748 2605 miles,
783 2553 852 2594 ne
877 2539 1043 2594 simul
1070 2539 1336 2608 injuriose
1366 2539 1433 2592 de
1477 2538 1582 2594 diis
1613 2538 1885 2609 impieque
1912 2539 2145 2609 loquan-

567 2640 679 2694 tur,
725 2629 888 2684 simul
915 2629 1116 2685 liberos
1139 2646 1356 2700 quoque
1393 2646 1524 2685 suos
1565 2630 2002 2686 meticulosiores
2029 2631 2148 2686 elli-

568 2721 735 2775 ciant.
765 2749 836 2758 -—
857 2718 1174 2774 Cavendum
1206 2720 1256 2776 id
1287 2736 1439 2785 sane,
1477 2721 1675 2792 inquit.
1716 2750 1787 2760 ——
1820 2719 1961 2776 Num
1994 2736 2144 2786 vero,

569 2813 818 2882 inquam,
853 2811 926 2866 dii
963 2820 1022 2866 ut
1065 2823 1257 2883 suapte
1303 2821 1499 2867 natura
1529 2813 1729 2867 mutari
1769 2827 1878 2867 non
1909 2813 2142 2882 possint,

568 2898 619 2953 id
679 2909 860 2954 tamen
926 2899 1274 2956 illusionibus
1334 2916 1399 2956 ac
1463 2901 1753 2972 praestigiis
1813 2902 2143 2972 quibusdam

567 2999 755 3059 agunt,
792 2989 953 3044 nobis
988 3002 1046 3044 ut
1071 2990 1217 3045 omni
1259 2990 1558 3046 formarum
1605 3007 1802 3063 genere
1845 2994 2020 3048 induti
2059 2995 2140 3047 vi-

567 3079 836 3134 deantur?
865 3110 932 3118 —
956 3077 1120 3135 Forte
1142 3095 1232 3145 an,
1267 3080 1466 3150 inquit.
1497 3112 1568 3122 —
1597 3080 1712 3154 Ego
1753 3099 1904 3149 vero,
1932 3084 2145 3142 Ficrine

569 3170 764 3240 possit,
799 3169 876 3224 uti
904 3170 1048 3225 Deus
1078 3182 1170 3225 aut
1193 3170 1396 3236 verbis,
1426 3179 1522 3225 aut
1549 3186 1608 3226 re
1650 3173 1768 3242 ipsa
1802 3174 2046 3228 inanium
2079 3177 2143 3229 ll-

569 3277 830 3331 gurarum
882 3261 1094 3331 objecta
1139 3262 1320 3331 specie
1361 3263 1579 3318 mentiri
1615 3264 1786 3319 velit?
1817 3296 1888 3305 —
1924 3265 2144 3336 Nescio,

569 3350 767 3421 inquit.
799 3380 871 3390 —
899 3349 1086 3407 Nescis
1116 3359 1198 3419 tu,
1241 3352 1488 3422 inquam,
1513 3369 1686 3425 genus
1709 3356 1813 3412 hoc
1850 3359 2142 3426 mendacii,

567 3443 850 3510 omnibus,
879 3452 940 3498 ut
962 3442 1035 3497 ita
1075 3443 1289 3512 loquar,
1321 3443 1426 3499 diis
1458 3453 1512 3499 et
1557 3445 1872 3504 hominibus
1906 3449 2143 3506 invisum

568 3536 724 3590 esse?
766 3565 836 3574 —
879 3532 1093 3589 Clarius
1138 3535 1280 3589 istuc
1314 3535 1565 3591 obsecro.
1614 3569 1686 3580 —
1726 3535 2020 3607 Nimirum,
2057 3543 2144 3597 in—

568 3641 758 3696 qnam,
791 3640 952 3679 nemo
983 3634 1066 3679 est
1091 3625 1360 3692 omnium,
1387 3626 1481 3696 qui
1511 3625 1764 3696 libenter,
1789 3639 1844 3684 et
1871 3643 2024 3701 parte
2057 3633 2143 3688 sui

569 3719 866 3788 praecipua,
902 3726 957 3772 et
996 3718 1284 3788 praecipuis
1310 3719 1364 3773 in
1400 3721 1564 3776 rebus
1593 3718 1706 3776 falli
1737 3723 1883 3791 velit,
1915 3725 2025 3782 imo
2050 3729 2142 3798 qui

569 3825 680 3866 non
709 3825 878 3881 genus
919 3810 1021 3866 hoc
1059 3812 1326 3867 mendacii
1366 3828 1478 3882 prie
1519 3817 1729 3872 caneris
1771 3819 2028 3877 omnibus
2068 3837 2146 3877 re-

567 3898 846 3956 formidet.
877 3931 947 3942 —-
989 3898 1067 3957 Ne
1098 3917 1244 3958 nunc
1275 3904 1516 3973 quidem,
1563 3905 1760 3976 inquit,
1800 3911 1935 3965 satis
1970 3911 2021 3967 id
2061 3929 2145 3968 ea-

569 3994 680 4065 pio.
723 4024 793 4036 --
827 3993 1108 4062 Videlicet,
1152 3995 1398 4066 inquam,
1443 3997 1643 4052 mirum
1694 4017 1781 4057 me
1827 4003 2030 4075 aliquid
2069 4005 2146 4060 di-

569 4103 696 4146 cere
727 4089 1034 4146 arbitraris.
1090 4088 1204 4161 Ego
1251 4107 1382 4148 vero
1422 4093 1588 4166 646
1619 4105 1830 4149 tantum
1868 4096 1972 4152 hoc
1997 4097 2142 4164 dico,

569 4183 642 4261 ita
679 4191 1025 4252 comparatos
1053 4198 1244 4238 omnes
1268 4199 1409 4251 esse,
1441 4195 1500 4238 ut
1524 4185 1578 4239 in
1611 4201 1794 4242 rerum
1829 4189 2145 4246 notionibus

569 4274 954 4341 informandis,
978 4276 1062 4330 vel
1108 4276 1283 4346 decipi
1314 4293 1394 4342 se,
1440 4279 1522 4333 vel
1555 4279 1811 4350 deceptos
1849 4281 2144 4351 aliquando

567 4383 710 4435 esse,
761 4369 1007 4437 adeoque
1051 4367 1357 4438 ignorantia
1406 4369 1681 4438 laborare,
1713 4384 2146 4446 conceptumque

568 4458 912 4514 mendacium
961 4459 1145 4512 animo
1189 4457 1396 4525 fovere,
1427 4475 1537 4514 non
1576 4470 1788 4516 tantum
1821 4463 2146 4532 permoleste

2361 1441 2453 1506 Ὦς
2492 1438 2612 1494 θεοὶ
2652 1437 2947 1502 ξείνοισιν
2986 1435 3095 1506 (80)
3134 1435 3393 1506 ἐοικότες
3426 1432 3747 1499 ἀλλοδαποῖσι,

2335 1504 2613 1564 Πακτοῖοι
2650 1504 3017 1573 τελέθοντες,
3052 1504 3462 1575 ἐπιστρωφῶσι
3494 1507 3702 1571 πόληας·

2255 1623 2406 1695 Μηδέ
2443 1621 2710 1694 Πρωτέως
2757 1638 2816 1674 τε
2874 1620 2970 1674 καὶ
3015 1619 3236 1681 Θέτιδος
3291 1606 3656 1689 καταψευδέσθω
3681 1635 3747 1689 μη·

2255 1715 2399 1779 δείςο
2459 1714 2580 1785 μηδ’
2642 1716 2699 1766 ἐν
2765 1712 3123 1784 τραγῳδίαις,
3194 1712 3316 1783 μηδ’
3387 1713 3443 1764 ἐν
3497 1715 3590 1774 τοῖς
3629 1712 3747 1774 ἄλλοις

2262 1808 2565 1878 ποιήμασιν
2597 1806 2866 1874 εἰσαγέτω
2889 1806 3070 1877 Ἥραν
3105 1803 3466 1875 ἠλλοιωμένην
3491 1803 3556 1866 ὡς
3592 1803 3745 1872 ἱέρειαν,

2256 1899 2587 1970 ἀγείρουσαν
2623 1897 2826 1968 Ἰνάχου
2864 1897 3110 1969 Ἀργείου
3162 1894 3407 1966 ποταμοῦ
3451 1896 3583 1948 παισὶ
3618 1893 3743 1963 βιοδώ-

2221 2066 2234 2079 .
2264 2007 2409 2062 ροιςο
2442 1991 2536 2045 καὶ
2561 1989 2696 2045 ἄλλα
2723 1989 2948 2043 τοιαῦτα
2979 1988 3150 2042 πολλὰ
3178 1988 3253 2059 μὴ
3285 1991 3413 2060 ἡμῖν
3440 1985 3742 2056 ψευδέσθωςαν.

2267 2083 2410 2154 Μηδ⁹
2443 2078 2508 2136 αὖ
2551 2081 2656 2134 ὑπὸ
2695 2080 2900 2134 τούτων
2948 2080 3374 2150 ἀναπειθόμεναι
3410 2080 3460 2132 αἱ
3500 2077 3684 2148 μητέρες
3703 2075 3743 2126 τίι

2255 2176 2445 2230 παιδία
2492 2173 2989 2246 ἐκδειματούντων,
3033 2173 3292 2242 λέγουσαι
3336 2172 3456 2235 τοὺς
3493 2171 3652 2242 μύθους
3679 2185 3741 2221 κα-

2255 2268 2388 2331 κῶς,
2415 2267 2491 2331 ὡς
2519 2267 2629 2338 ἄρα
2663 2266 2776 2319 θεοί
2806 2283 2951 2330 τινες
2977 2267 3360 2338 περιέρχονται
3391 2262 3742 2335 νύκτωρ

2253 2356 2423 2420 ξένοις
2471 2357 2562 2409 καὶ
2613 2354 2976 2418 παντοδαποῖς
3033 2354 3421 2426 ἰνδαλλόμενοι,
3473 2353 3548 2405 ἵνα
3579 2352 3636 2422 μὴ
3671 2352 3742 2420 ἅμα

2253 2450 2352 2522 μὲν
2365 2451 2442 2513 εἰς
2461 2448 2615 2512 θεοὺς
2633 2448 3043 2518 βλασφημῶσιν,
3075 2447 3192 2518 ἅμα
3219 2447 3279 2501 δὲ
3299 2449 3421 2511 τοὺς
3444 2445 3607 2507 παῖδας
3631 2446 3742 2512 ἀπερ-

2258 2539 2533 2610 γάζωνται
2562 2540 2916 2611 δειλοτέρους.
2937 2570 3006 2581 --
3025 2541 3117 2610 Μὴ
3145 2537 3279 2611 γὰρ,
3311 2539 3430 2609 ἔφη.
3451 2564 3515 2579 -
3538 2530 3740 2604 ’Δλλ’ἆρ²ι

2254 2629 2322 2704 ἦν
2353 2632 2398 2685 δ’
2431 2630 2562 2700 ἐγὼ,
2613 2631 2767 2684 αὐτοὶ
2801 2630 2900 2701 μέν
2931 2633 2980 2684 οἱ
3015 2629 3126 2684 θεοί
3159 2632 3302 2684 εἰσιν
3331 2625 3430 2683 οἷοι
3464 2629 3528 2700 μὴ
3555 2626 3740 2698 pssum-

2251 2725 2384 2788 λειν,
2421 2725 2568 2795 ἡμᾶς
2594 2723 2651 2776 δὲ
2677 2722 2888 2776 ποιοῦσι
2916 2722 3091 2776 δοκεῖν
3127 2741 3276 2793 σφας
3311 2721 3639 2781 παντοδαποὺς
3662 2718 3742 2785 φαε-

2245 2815 2451 2883 νεσθαι,
2475 2813 2851 2881 ἐξαπατῶντες
2871 2817 2964 2870 καὶ
2986 2818 3344 2887 γοητεύοντες
3369 2833 3383 2880 ;
3411 2817 3629 2876 -”1σως,
3661 2811 3740 2880 ἔφη.

2248 2909 2313 2962 Ti
2362 2909 2448 2974 ae;
2495 2904 2563 2980 ἦν
2609 2907 2653 2960 δ’
2691 2907 2834 2977 ἐγὼ,
2875 2909 3165 2979 ψεύδεσθαι
3196 2911 3226 2962 ό
3272 2908 3404 2973 Θεὸς
3445 2906 3592 2960 ἐθέλοι
3627 2905 3743 2964 ἂν,-

2246 3000 2279 3072 ῆ
2307 2999 2449 3071 λόγῳ
2471 2999 2502 3071 ἢ
2532 2999 2678 3071 ἔργῳ
2705 3001 3069 3071 φαντάσματα
3089 3002 3392 3072 προτείνων
3419 3017 3433 3066 ;
3455 3029 3516 3040 -
3540 3000 3630 3052 Οὐκ
3652 2993 3743 3055 οἶδα,

2247 3087 2334 3163 ἧδ’
2356 3091 2434 3154 ὃς.
2457 3119 2528 3130 —
2546 3091 2661 3143 Οὐκ
2685 3085 2841 3143 οἶσθα
2859 3130 2873 3155 ,
2902 3087 2971 3162 ἦν
2998 3092 3042 3145 δ’
3074 3091 3204 3160 ἐγὼ,
3231 3092 3316 3144 ὅτι
3347 3091 3406 3144 τό
3435 3106 3491 3158 γε
3517 3089 3580 3151 ὡς
3600 3086 3744 3156 ἀληθῶς

2258 3181 2481 3251 ψεῦδος,
2519 3182 2567 3234 εἱ
2600 3175 2711 3234 οἷόν
2751 3199 2812 3235 τε
2843 3183 2992 3235 τοῦτ’
3025 3183 3221 3244 εἰπεῖν,
3273 3181 3467 3244 πάντες
3497 3178 3590 3232 θεοί
3620 3193 3661 3230 τε
3687 3177 3744 3226 xz".

2251 3267 2526 3340 ἄνθρωποι
2547 3268 2764 3338 μισοῦσι
2781 3286 2794 3334 ;
2815 3269 3042 3337 -Πῶς,
3062 3271 3166 3341 ἔφη
3190 3311 3205 3335 ,
3226 3271 3406 3340 λέγεις
3423 3287 3436 3335 ;
3455 3298 3518 3308 ·-·
3534 3260 3744 3332 Οὖτωςνῆν

2253 3359 2299 3412 δ’
2336 3358 2468 3428 ἐγὼ,
2514 3360 2602 3413 ὅτῖ
2643 3362 2722 3431 τῷ
2763 3363 3087 3433 κυριωτάτῳ
3131 3363 3346 3416 ἑαυτῶν
3391 3358 3654 3434 ψεύδεσθαι,
3686 3358 3743 3407 xz"-

2255 3452 2384 3522 περὶ
2413 3450 2482 3505 τά
2515 3451 2828 3524 κυριώτατα
2855 3455 3032 3518 οὐδεὶς
3061 3455 3202 3508 ἑκὼν
3232 3455 3425 3522 ἐθέλει,
3458 3455 3574 3510 ἀλλὰ
3598 3453 3742 3505 πάντων

2257 3544 2488 3614 μάλιστα
2511 3545 2753 3613 φοϐεῖται
2789 3547 2905 3598 ἐκεῖ
2944 3547 3077 3600 αὐτὸ
3125 3547 3447 3618 κεκτῆσθαι.
3470 3578 3531 3588 -
3551 3543 3653 3598 Οὐδὲ
3685 3540 3743 3592 νῖν

2254 3653 2360 3700 πω,
2391 3631 2427 3706 ἦ
2455 3639 2500 3689 δ’
2524 3637 2602 3702 ὃς,
2641 3637 2916 3707 μανθάνω.
2938 3669 3004 3679 -
3023 3639 3138 3692 Οῖει
3156 3641 3269 3711 γὰρ
3296 3640 3347 3693 τί
3365 3633 3741 3712 με,ἐφην,σεμνέν

2252 3727 2464 3798 λέγειν·
2510 3729 2620 3799 ἐγὼ
2667 3729 2723 3782 δέ
2775 3729 2938 3799 λέγω,
2995 3731 3076 3784 ὅτι
3120 3734 3185 3803 τῇ
3240 3732 3388 3804 ψυχῇ
3437 3730 3632 3802 περὶτὰ
3663 3726 3742 3778 bis:

2251 3821 2541 3890 ψεύδεσθαί
2583 3840 2674 3888 τε,
2723 3824 2817 3877 καὶ
2858 3822 3138 3892 ἐψεῦσθαι,
3175 3825 3275 3878 καὶ
3315 3823 3491 3896 ἀμαθῆ
3534 3818 3658 3880 εἶναι,
3683 3817 3740 3868 καὶ

2255 3915 2487 3970 ἐνταῦθα
2536 3916 2677 3986 ἔχειν
2718 3933 2775 3969 τε
2815 3917 2908 3969 καὶ
2947 3915 3250 3987 κεκτῆσθαι
3287 3919 3348 3971 τὸ
3388 3917 3578 3988 ψεῦδος,
3609 3915 3740 3971 πάντες

2252 4010 2430 4079 ἥκιστ’
2460 4009 2523 4063 ἂν
2553 4010 2817 4076 δέξαιντο,
2847 4011 2941 4064 καὶ
2977 4010 3194 4082 μισοῦσι
3242 4013 3472 4082 μάλιστα
3503 4010 3610 4065 αὐτὸ
3635 4010 3676 4059 ἐν
3693 4004 3739 4070 τῷ

2251 4103 2494 4173 τοιούτῳ.
2523 4101 2746 4155 -Πολύ
2768 4104 2838 4172 γ’,
2859 4103 3060 4174 ἒφη.-
3076 4103 3234 4158 Ἀλλὰ
3257 4103 3364 4175 μὴν
3401 4099 3630 4176 ὀρθότατά
3641 4095 3738 4166 γ’ἆν,

2252 4193 2280 4246 ὂ
2308 4193 2402 4246 νῦν
2442 4195 2506 4266 δὴ
2551 4194 2755 4262 ἔλεγον,
2805 4193 2962 4248 τοῦτο
3007 4196 3082 4260 ὡς
3117 4196 3339 4269 ἀληθῶς
3369 4197 3546 4267 ψεῦδος
3576 4193 3736 4248 χαλᾶται

2253 4287 2286 4356 ἡ
2313 4287 2367 4338 ἐν
2401 4290 2466 4358 τῇ
2489 4287 2632 4358 ψυχῇ
2661 4286 2755 4340 τοῦ
2799 4287 3130 4358 ἐψευσμένου
3173 4289 3368 4358 ἄγνοια
3389 4308 3402 4320 ·
3441 4289 3547 4343 ἐπεὶ
3575 4287 3622 4340 τό
3641 4301 3685 4352 γε
3703 4283 3738 4332 ἐν

2251 4380 2364 4441 τοῖς
2412 4378 2615 4447 λόγοις,
2662 4379 2888 4452 μίμημά
2921 4398 2974 4432 τι
3022 4380 3116 4433 τοῦ
3171 4383 3228 4435 ἐν
3280 4387 3346 4455 τῇ
3390 4383 3518 4453 ψυχῇ
3563 4378 3735 4448 (8|)ém

2248 4469 2610 4540 παθήματος,
2653 4471 2748 4525 κα1⁸
2789 4471 3012 4544 ὕστερον
3052 4474 3277 4541 γεγονὸς
3321 4474 3540 4536 εἴδωλον,
3572 4471 3616 4523 οὐ
3643 4467 3734 4521 πάνυ

568 4551 891 4618 ferant,_scd
914 4549 1079 4605 etiam
1114 4550 1182 4604 ab
1209 4565 1274 4604 eo
1294 4551 1396 4606 hac
1426 4551 1478 4605 in
1512 4565 1665 4621 parte
1691 4553 2037 4610 vehementer
2058 4557 2144 4612 ab-

2249 4564 2484 4635 ἄκρατον
2512 4563 2706 4632 ψεῦδος
2727 4581 2741 4595 ·
2779 4564 2930 4634 ῆοὺχ
2962 4563 3383 4628 οὖτως--Πάνυ
3419 4567 3508 4638 μὲν
3528 4559 3733 4617 cive-11°

570 4644 928 4696 horreant.—
944 4640 1200 4709 Prorsus,
1221 4643 1418 4712 inquit.
1434 4644 1698 4713 —-Atqni,
1715 4655 1879 4711 recte,
1898 4646 2143 4718 inquam,

569 4732 820 4798 omnino,
869 4732 1016 4802 quod
1056 4731 1281 4802 jamjam
1319 4733 1416 4788 abs
1446 4749 1534 4788 me
1565 4734 1872 4801 dicebatur,
1918 4736 2021 4794 hoc
2060 4750 2146 4796 est

569 4841 688 4902 quae
719 4826 772 4878 in
801 4823 1040 4878 hominis
1074 4822 1283 4892 decepti
1313 4824 1497 4879 animo
1533 4834 1782 4881 versatur
1813 4827 2142 4898 ignorantia,

571 4915 916 4970 mendacium
964 4913 1304 4982 appelletur;
1353 4913 1499 4984 quod
1549 4916 1693 4969 enim
1737 4916 1790 4970 in
1835 4919 2017 4975 verbis
2063 4932 2146 4977 est

570 5005 834 5075 positum,
883 5005 932 5058 id
982 5004 1102 5072 ejus
1157 5004 1563 5074 tantum,quod
1603 5007 1848 5066 animum
1892 5021 2140 5081 occupat,

567 5099 687 5152 vitii
710 5089 964 5151 'imitatio
989 5097 1236 5166 quaedam
1270 5107 1373 5164 est,
1401 5089 1832 5170 eipressumque
1875 5105 2143 5170 posterius

567 5193 947 5256 simulacrum,
984 5207 1090 5244 non
1129 5200 1313 5244 autem
1359 5206 1555 5260 purum
1591 5193 1814 5247 omnino
1843 5205 2144 5268 potumque

570 5280 937 5336 mendacium.
984 5279 1209 5333 Annon
1253 5279 1325 5333 ita
1373 5279 1497 5334 est?
1538 5309 1610 5319 —
1661 5283 1741 5335 Ita
1782 5298 2028 5351 prorsus.
2074 5316 2144 5325 —

569 5372 727 5441 Quod
751 5386 880 5442 ergo
906 5387 962 5425 re
983 5371 1100 5440 ipsa
1131 5369 1471 5426 mendacium
1505 5380 1606 5435 est,
1636 5371 1688 5425 id
1713 5387 1821 5427 non
1848 5373 1924 5428 dii
1957 5377 2139 5442 modo,

569 5480 758 5520 verum
795 5465 958 5519 etiam
978 5463 1225 5518 homines
1253 5477 1480 5517 exosum
1509 5463 1729 5518 habent.
1746 5494 1816 5504 —
1835 5463 2063 5534 Ilabent,
2085 5481 2144 5524 ut

809 5601 901 5666 Ὡς
956 5599 1077 5655 θεοὶ
1129 5600 1440 5665 ξείνοισιν.
1508 5596 1779 5656 Homerus
1833 5600 2022 5671 Odyss.
2076 5605 2138 5670 P,

609 5709 622 5723 ο
670 5693 692 5723 ἃ
768 5709 783 5724 ο

569 5684 622 5723 ν.
659 5684 783 5724 48D.

642 5741 753 5807 (8|)
923 5740 1359 5826 tﬁ'yvzz'i.'etc.
1392 5740 1548 5826 alato
1584 5739 1742 5826 sic,_i)
1787 5741 1845 5822 ἐν
1993 5743 2138 5826 (ξυῄῂ

569 5811 788 5882 Ervom,
823 5816 855 5868 ἡ
883 5813 975 5865 τοῦ
1007 5813 1358 5871 ἐψευσμένου.
1397 5811 1609 5866 Mallem
1652 5815 1716 5882 τῇ
1752 5812 1843 5867 τοῦ
1999 5811 2142 5872 Fiet:

2250 4656 2348 4726 μὲν
2385 4654 2447 4726 δὴ
2489 4653 2569 4725 τῷ
2609 4654 2723 4708 δντι
2770 4654 2964 4724 ψεῦδος
3011 4655 3073 4708 οὐ
3123 4657 3283 4726 μόνον
3332 4658 3432 4711 ὑπὸ
3477 4655 3608 4716 θεῶν,
3646 4647 3730 4703 illi

2247 4747 2342 4799 καὶ
2382 4746 2486 4799 ὑπὸ
2525 4747 2828 4819 ἀνθρώπων
2865 4755 3388 4821 μισεῖται.-Δοκεῖ
3432 4771 3530 4824 μοι.
3555 4747 3674 4798 -ντί
3698 4743 3729 4792 δὲ

2243 4834 2308 4907 δὴ
2337 4836 2395 4888 τὸ
2428 4837 2484 4890 ἐν
2513 4840 2622 4899 τοῖς
2651 4837 2832 4906 λόγοις
2856 4841 3048 4910 ψεῦδος
3066 4883 3080 4907 ,
3108 4844 3238 4896 ποτε
3259 4884 3274 4909 ,
3315 4846 3408 4897 καὶ
3441 4844 3489 4896 τί
3518 4841 3728 4913 χρήσιμοι·

2243 4927 2383 4981 ὥστε
2422 4929 2496 4998 μὴ
2538 4929 2686 4996 ἄξιον
2726 4927 2864 4985 εἶναι
2916 4932 3140 5004 μίσουςς
3176 4931 3301 5007 Ἆρ’
3343 4937 3401 4989 οὐ
3436 4933 3554 5006 πρός
3582 4947 3626 4982 τε
3653 4927 3730 4981 τοὺς

2247 5017 2538 5089 πολεμίους
2565 5022 2658 5074 καὶ
2683 5020 2790 5076 τῶν
2817 5022 3163 5095 καλουμένων
3191 5028 3358 5096 φίλων
3392 5025 3545 5088 τινὰς,
3566 5013 3730 5074 amas

2246 5108 2441 5178 μανίαν
2473 5110 2506 5180 ἦ
2535 5127 2654 5163 τινα
2683 5113 2866 5166 ἄνοιαν
2900 5115 3068 5169 κακόν
3091 5133 3144 5168 τι
3171 5117 3480 5188 ἐπιχειρῶσι
3521 5111 3724 5181 πράττειν,

2242 5201 2361 5253 τότε
2395 5202 2712 5274 ἀποτροπῆς
2745 5205 2908 5260 ἓνεκα
2931 5207 3006 5270 ὡς
3030 5209 3320 5280 φάρμακον
3354 5215 3588 5281 χρήσιμον
3610 5200 3728 5269 γεγει-

2242 5308 2367 5356 ται;
2401 5294 2509 5346 Καὶ
2545 5295 2602 5346 ὲν
2635 5290 2723 5358 αἷς
2750 5295 2845 5349 νῦν
2878 5298 2941 5369 δὴ
2984 5299 3266 5371 ἐλέγομεν,
3298 5305 3414 5364 ταῖς
3447 5295 3724 5369 μυθολογίαις,

2241 5381 2330 5435 διὰ
2365 5384 2424 5436 τὸ
2464 5385 2538 5456 μὴ
2579 5385 2805 5451 εἰδέναι,
2837 5389 2942 5459 ὅπη
2986 5393 3215 5462 τάληθὲς
3247 5392 3357 5462 ἔχει
3392 5391 3506 5460 περὶ
3544 5387 3628 5439 τῶν
3660 5394 3724 5430 πα·

2243 5475 2427 5539 λαιῶν,
2473 5479 2860 5549 ἀφομοιοῦντες
2899 5483 2974 5554 τῷ
3013 5483 3204 5556 ἀληθεῖ
3252 5486 3312 5538 τὸ
3340 5483 3533 5554 ψεῦπ,
3564 5480 3625 5532 ὅτι

2243 5622 2347 5662 nus
2368 5647 2382 5671 ,
2425 5610 2477 5661 in
2509 5609 2687 5664 animo
2731 5615 3030 5669 mentientis
3074 5617 3302 5672 inscitia.
3334 5617 3458 5678 lmo,
3484 5611 3560 5682 qui
3586 5603 3724 5682 inexiti-

2242 5687 2350 5754 tutj,
2399 5689 2587 5754 contra
2638 5694 2872 5738 mentem
2929 5685 3043 5754 ipse
3095 5705 3272 5753 suam,
3322 5704 3382 5742 ac
3431 5673 3588 5738 verum
3617 5673 3719 5754 illud,

2241 5749 2805 5877 conscius
2829 5763 2932 5824 est,
2949 5747 3223 5828 loquitur.
3259 5747 3351 5815 Est
3376 5770 3492 5830 ergo
3515 5747 3718 5824 passim“

2313 5847 2336 5870 ς
2456 5857 2479 5872 υ
2545 5837 2594 5877 ς.

2313 5837 2594 5877 ευσμενοςο
