3872 6368
575 358 721 415 10Ῑῦ

1239 356 1509 413 EUSEBH
1544 354 2023 414 CESARIENSIS
2063 355 2217 411 OPP.
2258 355 2441 411 PARS
2475 354 2543 410 ll.
2579 380 2649 395 -
2684 353 3184 409 APOLOGE'I'ICA.

3615 364 3722 414 1675'

567 473 713 538 licet,
737 470 854 529 Non
883 475 1046 529 modo
1073 474 1278 528 bonum
1312 488 1435 529 esse
1464 472 1657 537 Deum,
1690 472 1783 528 sed
1805 475 1968 528 etiam
1998 488 2135 543 qua!-

2240 471 2384 543 πρὸς
2415 470 2579 526 αὑτοῦ
2611 470 2874 539 γεγονότα
2900 469 3100 534 πάντα,
3132 466 3363 522 τοιαῦτα.
3402 467 3500 537 Ἐφ’
3526 469 3550 502 ³
3569 472 3725 545 ἑκάστῳ

566 583 786 639 cunque
819 568 1026 635 fecerit,
1052 567 1106 621 in
1136 566 1398 622 bonitatis
1430 581 1544 621 sua:
1576 566 2018 622 communionem
2055 582 2153 621 vo-

561 676 739 716 casse.
789 661 933 716 Sane
978 660 1199 731 quidem
1248 658 1587 715 admirabilis
1611 659 1714 729 {ille
1754 657 2001 731 Moyses,
2027 668 2152 728 post

562 754 749 821 operis
785 753 1079 822 cujuslibet
1111 752 1514 806 enarrationem
1561 751 1830 821 adjungit,
1868 770 1887 803 ι
1925 749 1993 804 Ει
2018 752 2151 805 vidit

567 842 711 898 Deus
744 845 891 913 quod
935 844 1141 898 bonum
1181 852 1344 910 erat;
1384 862 1403 895 ι
1440 843 1695 913 idemque
1737 851 1859 912 post
1900 844 2147 897 omnium

562 934 986 1005 expositionem,
1032 934 1101 989 de
1128 934 1404 990 universis
1449 934 1704 991 universe
1746 934 1823 989 ita
1848 936 2146 1003 concludit,

568 1043 589 1077 ι
627 1026 694 1081 Et
726 1023 861 1081 vidit
894 1025 1036 1081 Deus
1078 1026 1265 1081 omnia
1296 1041 1418 1095 qua:
1469 1025 1693 1093 fecerat,
1724 1038 1777 1082 et
1810 1035 1968 1081 erant
1993 1026 2149 1081 valde

560 1116 729 1170 bona.
789 1136 809 1167 ι
862 1113 1152 1178 Prazterea,
1212 1129 1505 1168 commune
1555 1112 1911 1169 Hebraeorum
1951 1113 2145 1183 dogma

564 1206 669 1261 hoc
716 1216 821 1271 est,
855 1206 1125 1261 malorum
1170 1215 1450 1260 auctorem
1501 1203 1666 1260 Deum
1711 1220 1821 1259 non
1867 1218 2007 1259 esse.
2061 1202 2142 1257 Si-

563 1298 784 1368 quidem
820 1313 923 1353 nec
952 1306 1182 1352 mortem
1217 1295 1344 1351 fecit
1377 1295 1543 1360 Dens,
1591 1310 1691 1350 nec
1726 1294 2021 1348 viventium
2054 1293 2143 1347 in-

564 1387 725 1442 teritu
769 1386 1089 1442 delectatur.
1138 1384 1210 1441 lit
1255 1387 1401 1443 enim
1444 1394 1649 1447 essent,
1690 1385 1875 1441 omnia
1917 1382 2144 1451 creavit,

564 1489 801 1551 suntque
844 1481 1109 1535 salutares
1160 1494 1227 1534 ex
1276 1495 1396 1535 sese
1454 1476 1645 1533 mundi
1702 1476 2083 1544 generationes
2126 1493 2141 1529 :

568 1594 589 1625 ι
644 1574 852 1628 Invidia
899 1584 1082 1628 autem
1131 1572 1334 1628 diaboli
1383 1586 1534 1626 mors
1594 1569 1822 1624 intravit
1862 1569 1915 1623 in
1979 1584 2141 1622 mun-

560 1669 690 1721 dum
727 1666 768 1721 ¹.
807 1685 827 1718 ι
870 1664 1245 1733 Quamobrem
1286 1680 1316 1718 a
1366 1664 1627 1735 propheta
1675 1661 1817 1718 Deus
1857 1662 2019 1717 etiam
2054 1662 2143 1716 in-

559 1759 888 1824 troducitur,
919 1775 1043 1814 eum
1068 1773 1135 1814 eo
1160 1759 1251 1828 qui
1286 1768 1477 1827 suapte
1503 1757 1780 1812 voluntate
1815 1755 1994 1810 malus
2015 1770 2142 1810 eva-

558 1860 725 1918 svrat,
760 1851 908 1907 hunc
943 1851 997 1905 in
1034 1852 1265 1906 modum
1288 1851 1645 1919 expostulatis
1675 1870 1688 1904 :
1723 1869 1742 1904 ι
1799 1850 1911 1921 Ego
1956 1858 2138 1905 autem

558 1944 800 2013 plantavi
831 1952 884 1999 te
914 1943 1127 1998 vineam
1158 1942 1521 2005 iructil'eram,
1546 1951 1715 1997 totam
1748 1957 1929 1997 veram
1965 1959 1979 1991 :
2013 1956 2145 2011 quo-

556 2036 719 2091 modo
763 2050 1031 2091 conversa
1073 2051 1135 2090 es
1177 2044 1342 2096 retre,
1385 2034 1542 2089 vinea
1585 2035 1762 2090 aliena
1811 2036 1852 2088 ‘.
1899 2053 1918 2087 ι
1958 2033 2143 2089 Sicubi

557 2140 740 2182 niuem
786 2127 1056 2198 improbis
1086 2127 1350 2181 divinitus
1396 2126 1617 2180 evenire
1664 2126 1808 2181 mala
1856 2126 2138 2191 dicuntur,

557 2219 615 2273 id
638 2218 1016 2289 accipiendum
1047 2219 1123 2273 ita
1155 2232 1258 2283 est,
1286 2227 1347 2273 ut
1376 2219 1517 2272 mala
1558 2218 1728 2274 solius
1753 2220 2142 2273 communione

516 2300 708 2365 ‘vocis
740 2324 915 2379 poena:
959 2310 1062 2364 iure
1110 2310 1485 2378 nominentur,
1515 2324 1653 2380 quas
1702 2308 1853 2365 Deus
1886 2325 1984 2379 per
2020 2324 2147 2365 sese

554 2401 757 2469 bonus,
791 2403 861 2457 ad
890 2417 1104 2466 eorum,
1142 2401 1344 2472 quibus
1389 2400 1780 2465 immittuntur,
1813 2416 1919 2455 non
1950 2401 2140 2471 perni-

555 2495 721 2558 ciem,
767 2493 862 2548 sed
902 2494 1193 2550 utilitatem
1236 2503 1292 2549 et
1337 2494 1689 2550 commodum
1727 2493 1970 2564 inﬂigere
1998 2493 2143 2548 dica-

554 2595 644 2638 tur
678 2604 693 2640 :
727 2586 1189 2655 quemadmodum
1218 2586 1387 2659 648
1415 2587 1684 2654 medicus,
1734 2586 1827 2656 qui
1874 2586 1941 2640 ad
1992 2585 2139 2640 labo-

556 2676 798 2732 rantium
832 2677 1087 2745 salutem,
1131 2679 1423 2734 molestum
1452 2686 1508 2733 et
1540 2695 1701 2749 grave
1728 2678 2028 2733 curationis
2054 2694 2141 2750 ge-

555 2783 663 2823 nus
691 2768 993 2837 adhiberet,
1038 2770 1240 2824 malum
1286 2770 1355 2826 iis
1385 2769 1581 2825 aﬂ‘erre
1622 2778 1916 2841 pateretur.
1958 2768 2139 2836 Quare

552 2858 607 2912 in
641 2858 844 2914 divinis
884 2860 1050 2915 etiam
1103 2860 1339 2931 paginis,
1390 2861 1702 2930 ubicunque
1750 2876 1782 2915 a
1848 2858 1959 2914 Deo
1995 2860 2136 2914 mala

550 2950 868 3005 hominibus
916 2949 1132 3005 immitti
1177 2951 1459 3015 dicuntur,
1508 2948 1823 3017 usurpanda
1866 2957 1995 3003 sunt
2044 2948 2133 3003 illa

550 3037 817 3107 Platonis,
852 3040 951 3097 abs
984 3041 1097 3097 Deo
1120 3042 1269 3111 justa
1314 3040 1567 3110 bonaque
1610 3040 1881 3109 proﬁcisci
1924 3040 2131 3104 omnia,

550 3149 781 3205 qumque
832 3135 1152 3191 hominibus
1188 3136 1367 3190 tristia
1418 3134 1671 3203 malaque
1718 3134 1887 3188 videri
1932 3134 2129 3197 solent,
2158 3166 2213 3224 ο

552 3226 728 3297 signis
756 3228 1087 3297 quibusdam
1134 3226 1337 3298 inﬂigi;
1389 3234 1643 3280 cazterum
1687 3226 1782 3294 qui
1812 3227 2129 3295 puniantur,

549 3317 790 3373 fructum
818 3334 882 3374 ex
928 3320 996 3375 iis
1035 3334 1227 3389 capere
1259 3338 1273 3373 :
1309 3318 1457 3388 quod
1503 3332 1612 3371 non
1648 3326 1857 3371 tantum
1891 3332 1921 3370 a
1965 3317 2135 3385 philo-

548 3412 745 3479 sopito,
782 3412 877 3466 sed
906 3412 1070 3466 etiam
1110 3428 1139 3465 a
1160 3410 1441 3480 Scriptura
1471 3410 1849 3472 conﬁrmatur,
1881 3408 2009 3462 dum
2034 3409 2129 3475 ait,

553 3520 573 3551 ο
629 3500 805 3568 Quem
852 3504 997 3558 enim
1047 3503 1223 3575 diligit
1266 3502 1552 3567 Dominus,
1601 3502 1866 3571 castigat;
1901 3500 2135 3571 ﬂageUat

547 3610 735 3654 autem
763 3612 979 3653 omnem
1011 3596 1201 3659 lilium,
1234 3611 1396 3665 quem
1426 3594 1619 3664 recipit
1652 3594 1694 3647 ³.
1734 3613 1753 3647 ι
1797 3593 1867 3647 At
1892 3608 2040 3659 vero,
2080 3601 2134 3647 et

551 3692 789 3748 miseros
817 3690 1012 3754 fuisse,
1047 3690 1141 3761 qui
1177 3704 1370 3760 pcenas
1406 3704 1500 3743 eas
1547 3688 1902 3749 sustinerent,
1931 3695 1985 3741 et
2012 3687 2132 3740 illas

552 3794 739 3839 tamen
778 3784 945 3840 Deum
978 3781 1298 3844 immisisse,
1328 3780 1433 3836 hoc
1463 3789 1522 3835 ut
1549 3790 1705 3850 poeta
1734 3788 1916 3842 canat,
1949 3777 2131 3833 feren-

548 3876 679 3928 dum
728 3888 1007 3943 nunquam
1056 3874 1180 3927 erit.
1228 3871 1382 3938 Quod
1438 3870 1483 3925 si
1530 3872 1779 3926 homines
1829 3869 2129 3940 improbos,

549 3976 739 4037 utpote
772 3965 1025 4026 miseros,
1072 3963 1545 4019 animadversione
1586 3977 1724 4033 opus
1772 3962 2031 4018 habuisse
2055 3961 2132 4016 di-

548 4070 755 4119 cerent,
788 4073 1021 4128 eamque
1054 4060 1181 4112 dum
1212 4058 1477 4122 subirent,
1509 4072 1667 4126 opem
1716 4058 1956 4112 sensisse
1989 4056 2132 4111 divi-

548 4168 707 4216 nam,
740 4153 1005 4207 hactenus
1042 4150 1093 4204 id
1130 4150 1347 4205 tolerari
1374 4150 1567 4221 possit.
1603 4148 1769 4204 Deum
1802 4160 2009 4214 autem,
2036 4148 2130 4218 qui

544 4257 647 4316 per
687 4259 808 4301 sese
840 4244 1014 4299 bonus
1057 4244 1148 4308 sit,
1193 4248 1419 4299 causam
1456 4243 1552 4298 ulli
1590 4243 1860 4297 malorum
1904 4258 2051 4305 esse,
2076 4243 2129 4297 id

546 4353 686 4394 vero
714 4353 783 4392 ne
817 4352 1060 4406 unquam
1089 4337 1324 4396 dicatur,
1354 4336 1508 4390 omni
1540 4336 1751 4390 ratione
1779 4334 2128 4405 pugnandum

545 4428 672 4484 erit.
713 4425 983 4482 Praeterea
1018 4425 1184 4481 Deum
1224 4426 1424 4480 mutari
1473 4442 1580 4482 non
1619 4441 1783 4495 posse
1824 4426 1982 4481 docet
2026 4425 2131 4482 lle~

2252 564 2297 617 δ’
2319 560 2409 619 οὖν
2423 564 2531 617 τῶν
2556 565 2618 636 δη
2628 582 2752 634 μιου
2763 564 3060 634 ργημάτων
3092 564 3121 615 6
3144 560 3427 631 θαυμάσιος
3459 564 3624 635 Μωσῆς
3646 568 3725 619 ἔπι.

2252 656 2403 724 λέγει
2424 674 2438 686 ·
2491 657 2636 710 «Καὶ
2670 653 2808 709 εἶδεν
2845 658 2875 709 6
2903 655 3055 719 Θεὸς,
3084 656 3165 708 ὅτι
3196 654 3349 708 καλόν
3368 673 3380 686 ·
3412 675 3430 708 ι
3461 657 3540 709 ἐπί
3565 675 3610 711 τε
3634 661 3727 713 πᾶσι

2249 748 2344 800 τὸν
2391 748 2519 819 περὶ
2562 748 2775 801 πάντων
2841 745 3396 817 συγκεφαλαιούμενος
3445 747 3576 813 λόγον
3618 751 3725 819 φησί·

2256 839 2396 892 «Καὶ
2433 834 2572 891 εἶδεν
2615 840 2643 891 ό
2666 838 2799 903 Θεὸς
2828 839 3007 892 πάντα
3032 840 3131 892 ὅσα
3159 837 3391 908 ἐποίησε,
3416 840 3499 892 καὶ
3520 840 3608 894 ἰδοὺ
3632 842 3729 895 καλὰ

2249 929 2389 985 λίαν.
2423 949 2442 982 ι
2497 931 2685 1001 Δόγμα
2716 930 2762 983 6‘
2797 930 3064 1003 Ἐϐραίων
3093 931 3214 983 ἐστὶ
3249 931 3341 983 καὶ
3369 930 3427 983 τὸ
3455 940 3524 1002 μη
3543 929 3727 986 εἴναιτὺν

2250 1023 2382 1078 Θεὸν
2414 1024 2600 1078 κακῶν
2629 1026 2800 1078 αἴτιον
2819 1040 2831 1052 ·
2870 1026 2919 1076 εἰ
2941 1023 3004 1095 δὴ
3034 1025 3063 1077 6
3092 1023 3231 1087 Θεὸς
3252 1021 3461 1076 θάνατον
3489 1024 3572 1077 οὐκ
3596 1024 3729 1096 ἐποίη-

2249 1133 2362 1182 σεν,
2391 1117 2511 1170 οὐδὲ
2538 1117 2801 1189 τέρπεται
2826 1116 2915 1169 ἐπ’
2944 1114 3193 1186 ἀπωλείᾳ
3227 1113 3462 1179 ζώντων
3490 1115 3641 1169 ἔκτισε
3656 1118 3729 1185 γὰρ

2247 1214 2329 1275 εἰς
2360 1210 2421 1264 τὸ
2446 1206 2583 1264 εἶναι
2610 1209 2679 1263 τὰ
2718 1209 2918 1273 πάντα,
2948 1207 3044 1261 καλ⁵
3078 1209 3330 1279 σωτήριοι
3369 1209 3424 1262 αἱ
3454 1209 3650 1277 γενέσεις
3665 1209 3733 1261 τοῦ

2246 1304 2488 1372 κόσμου’
2538 1319 2557 1352 ι
2584 1300 2767 1370 Φθόνῳ
2809 1299 2865 1353 δὲ
2906 1299 3151 1354 διαϐόλου
3198 1299 3421 1363 θάνατος
3450 1299 3654 1371 εἰσῆλθεν
3678 1302 3733 1363 εἰς

2244 1394 2338 1447 τὸν
2361 1393 2585 1464 κόσμον.
2619 1413 2637 1445 ι
2676 1394 2768 1447 Διὸ
2810 1394 2906 1446 καὶ
2952 1391 3107 1463 παρά
3150 1391 3230 1463 τῷ
3274 1393 3513 1465 προφήτῃ
3551 1391 3731 1461 εἰσῆκται

2243 1485 2421 1557 λέγων
2461 1488 2490 1539 6
2536 1486 2669 1550 Θεὸς
2698 1525 2713 1549 ,
2764 1485 2901 1557 πρὸς
2944 1484 3037 1537 τὸν
3075 1483 3136 1548 ἐξ
3188 1485 3391 1547 οἰκείας
3448 1484 3732 1555 προαιρέσεως

2243 1580 2410 1634 κακὸν
2436 1580 2799 1652 γεγενημένον
2817 1596 2830 1608 ·
2872 1597 2891 1629 ι
2915 1577 3055 1647 Ἐγὼ
3100 1578 3158 1632 δέ
3183 1578 3445 1648 ἐφύτευσα
3482 1595 3534 1630 σε
3557 1576 3731 1649 ἄμπελον

2247 1673 2621 1745 καρποφόρον,
2650 1675 2829 1727 πᾶσαν
2862 1672 3150 1743 ἀληθινήνο
3191 1672 3311 1734 πῶς
3343 1671 3590 1743 ἐστράφης
3612 1672 3671 1732 είς
3686 1670 3732 1722 τὰ

2241 1766 2449 1829 ὀπίσω,
2491 1767 2526 1836 ἡ
2555 1765 2797 1835 ἄμπελος
2836 1767 2870 1836 ἡ
2906 1763 3191 1835 ἀλλοτρία;
3220 1783 3238 1816 ι
3279 1764 3343 1817 EE
3375 1763 3429 1816 δέ
3471 1780 3559 1816 που
3582 1763 3733 1830 λέγοιτο

2246 1854 2392 1908 κακά
2431 1858 2545 1918 τοῖς
2586 1854 2809 1923 φαύλοις
2846 1855 2910 1907 ἐκ
2959 1853 3094 1907 Θεοῦ
3138 1852 3481 1924 συμϐαίνειν,
3505 1851 3733 1922 ὁμωνύμως

2243 1948 2558 2013 ἀκουστέον,
2589 1947 2662 2011 ὡς
2686 1947 2795 2001 τῶν
2833 1946 3114 2018 τιμωριῶν
3148 1945 3294 1999 οὕτω
3338 1943 3657 2014 κεκλημένων.
3688 1945 3733 2005 ἃς

2243 2038 2447 2107 ἀγαθὸς
2475 2038 2553 2092 ὢν
2573 2040 2602 2092 6
2626 2038 2758 2102 Θεὸς
2788 2038 2889 2091 οὐκ
2916 2038 3010 2091 ἐπὶ
3044 2036 3215 2109 βλάϐῃ
3244 2036 3352 2090 τῶν
3375 2036 3734 2107 τιμωρουμένιιιν,

2242 2132 2330 2186 ἐπ’
2372 2131 2611 2202 ὠφελείᾳ
2653 2132 2712 2185 δὲ
2765 2132 2860 2185 καὶ
2911 2131 3245 2202 συμφέροντι
3298 2130 3503 2198 λέγεται
3544 2128 3733 2197 ἐπάγειν

2241 2223 2429 2295 ὥσπερ
2462 2224 2530 2278 ἂν
2578 2226 2674 2279 καὶ
2724 2225 2906 2296 ἰατρὸς
2947 2224 3042 2277 ἐπὶ
3076 2223 3325 2295 σωτηρίᾳ
3362 2223 3464 2276 τῶν
3497 2222 3736 2293 καμνόντων

2241 2315 2386 2370 κακά
2412 2316 2684 2387 νομίζοιτο
2708 2317 3065 2387 προσφέρειν,
3094 2315 3193 2379 τὰς
3215 2315 3465 2384 ἀλγεινὰς
3489 2315 3571 2366 καὶ
3589 2311 3735 2381 πικρὰς

2241 2407 2556 2482 θεραπείας.
2613 2408 2705 2461 Διὸ
2764 2408 2858 2461 καὶ
2907 2407 3001 2460 ἐπὶ
3044 2406 3144 2478 τῆς
3196 2407 3351 2471 θείας
3401 2408 3610 2479 γραφῆς,
3649 2405 3739 2457 ἔνθα

2238 2500 2458 2572 εἴρηται
2483 2500 2632 2554 κακά
2662 2499 2970 2571 ἀνθρώποις
2998 2500 3304 2568 ἐπάγεσθαι
3336 2499 3437 2553 ὑπὸ
3457 2499 3539 2552 τοῦ
3554 2496 3737 2556 Θεοῦ.τὰ

2240 2589 2392 2660 παρά
2422 2590 2500 2661 τῷ
2530 2590 2778 2645 Πλάτωνι
2817 2589 3065 2653 λεκτέον,
3086 2589 3162 2654 ὡς
3194 2608 3215 2640 ι
3241 2590 3302 2644 '0
3350 2590 3444 2661 μὲν
3472 2589 3586 2653 Θεὸς
3606 2586 3737 2641 δίκαιά

2238 2698 2296 2733 τε
2330 2682 2423 2733 καὶ
2450 2680 2630 2749 ἀγαθά
2674 2679 2980 2751 εἰργάζετο,
3026 2681 3120 2733 κα)⁸
3155 2680 3239 2733 ὅτι
3268 2678 3337 2732 τὰ
3376 2678 3651 2750 σκυθρωπὰ.
3675 2675 3736 2730 καὶ

2236 2769 2544 2842 ἀνθρώποις
2606 2771 2754 2824 κακὰ
2798 2770 3159 2841 νενομισμένα
3219 2772 3338 2834 τοῖς
3387 2768 3571 2823 τούτων
3618 2767 3739 2832 ἀξίοις

2235 2864 2475 2934 ἐπῆγεν·
2507 2882 2525 2915 ι
2582 2864 2630 2916 οἱ
2680 2862 2739 2916 δὲ
2782 2862 3018 2916 ὢνανται
3086 2861 3465 2932 κολαζόμενοι,
3524 2860 3576 2913 οὐ
3627 2859 3738 2929 inim

2236 2955 2377 3010 κατά
2422 2955 2513 3008 τὸν
2558 2953 2865 3023 φιλόσοφον,
2914 2952 3053 3006 ἀλλά
3087 2954 3183 3007 καὶ
3230 2953 3376 3007 κατά
3419 2953 3509 3024 τὴν
3543 2949 3738 3021 Ἐϐραίων

2234 3048 2454 3119 γραφὴν
2502 3046 2792 3114 λέγουσαν·
2844 3066 2863 3097 ι
2893 3048 2990 3100 Ὃν
3034 3045 3142 3118 γὰρ
3188 3046 3385 3117 ἀγαπᾷ
3430 3045 3622 3117 Κύριος,
3648 3060 3737 3094 mu»

2235 3139 2414 3192 δεῦεν
2468 3140 2721 3209 μαστιγοῖ
2762 3138 2818 3190 δὲ
2860 3137 3039 3192 πάντα
3079 3138 3214 3203 υἱὸν,
3266 3138 3327 3191 ὃν
3375 3135 3735 3209 παραδέχεται.»

2248 3232 2333 3295 Ὠς
2363 3230 2406 3281 δ’
2435 3231 2605 3285 ἄθλιοι
2638 3232 2737 3301 μὲν
2790 3230 2838 3283 οἱ
2892 3230 3044 3301 δίκην
3102 3228 3363 3293 διδόντες,
3408 3224 3471 3300 ἦν
3514 3227 3553 3280 δ’
3599 3221 3739 3294 ὀδρῶν

2232 3322 2407 3376 ταῦτα
2442 3324 2471 3375 6
2493 3322 2656 3386 Θεὸς,
2689 3324 2791 3377 οὐκ
2832 3322 3018 3375 ἐατέον
3048 3320 3231 3389 λέγειν
3262 3320 3355 3374 τὸν
3383 3319 3617 3391 ποιητήν·
3642 3312 3737 3373 ἀλλ’.

2234 3417 2282 3468 εἰ
2322 3416 2441 3486 μὲν,
2470 3416 2551 3468 ὅτι
2589 3413 2887 3486 ἐδεήθησαν
2914 3413 3211 3478 κολάσεως,
3265 3412 3494 3482 λέγοιεν,
3522 3410 3587 3472 ὡς
3619 3406 3739 3461 ἄθλια

2234 3507 2415 3571 κακοὶ,
2456 3507 2689 3570 διδόντες
2730 3506 2786 3560 δὲ
2829 3505 3005 3577 δίκην,
3046 3504 3359 3575 ὠφελοῦντο
3393 3503 3491 3556 ὑπὸ
3522 3500 3602 3554 τοῦ
3628 3494 3737 3557 Θεοῦ,

2233 3600 2417 3653 ἐατέον
2437 3618 2449 3629 ·
2488 3598 2673 3652 κακῶν
2714 3598 2770 3652 δὲ
2809 3598 2980 3651 αἴτιον
3009 3597 3176 3667 φάναι
3203 3596 3340 3650 Θεόν
3373 3613 3476 3647 τινι
3507 3588 3737 3662 γίγνεσθιιν

2232 3691 2434 3760 ἀγαθὸν
2491 3690 2641 3757 ὅντα,
2692 3690 3055 3761 διαμαχητέον
3109 3690 3279 3742 παντὶ
3331 3688 3531 3760 τρόπῳ.
3558 3703 3575 3736 ι
3628 3677 3741 3734 Ἀλλὰ

2233 3785 2328 3839 καὶ
2384 3783 2512 3855 περὶ
2573 3781 2668 3837 τοῦ
2723 3782 2797 3854 μὴ
2858 3781 3201 3836 ἀλλοιοῦσθαι
3263 3782 3360 3834 τὸν
3410 3779 3533 3832 Θεὸν
3581 3778 3609 3845 ἡ
3651 3772 3740 3841 παρ’

2243 3875 2517 3948 Ἑὸραίοις
2546 3873 2853 3949 προφητεία
2894 3868 2997 3928 ὧδέ
3025 3891 3103 3946 πη
3138 3875 3204 3927 ἐκ
3236 3873 3523 3946 προσώπου
3549 3866 3626 3923 τοῦ
3644 3860 3737 3917 Θεοῦ

2231 3968 2474 4023 διδάσκει
2513 3968 2748 4036 λέγουσα
2770 3984 2786 3998 ο
2824 3984 2844 4018 ι
2869 3966 3015 4020 Διότι
3041 3965 3154 4036 ἐγὼ
3177 3967 3389 4038 Κύριος
3418 3968 3448 4020 6
3474 3964 3591 4026 Θεὸς
3614 3957 3739 4029 ὑμῖν.

2232 4060 2329 4114 καὶ
2373 4060 2474 4114 οὐκ
2516 4057 2840 4130 ὴλλοίωμαι.
2874 4077 2892 4109 ι
2928 4057 3034 4113 Kal
3080 4060 3139 4111 ἐν
3178 4061 3302 4122 ταῖς
3348 4055 3621 4124 θεολογίαις
3654 4045 3741 4102 δὲό

2230 4153 2396 4207 Δαϐὶδ
2445 4154 2723 4221 ἀναφωνεῖ
2766 4152 2968 4221 λέγων’
3022 4171 3042 4205 ι
3070 4152 3281 4216 Πάντες
3328 4151 3407 4215 ὡς
3454 4150 3636 4222 ἱμάτιον
3666 4160 3740 4195 τε·

2230 4244 2647 4316 λαιωθήσονται,
2682 4246 2777 4298 καὶ
2807 4245 2940 4298 ὡσεὶ⁵
2978 4244 3330 4319 περιϐόλαιον
3374 4242 3553 4309 ἑλίξεις
3580 4237 3739 4296 αὐτοὺς,

2230 4337 2327 4390 καὶ
2366 4336 2783 4407 ἀλλαγήσονται.
2830 4337 2904 4390 Σὺ
2950 4335 3008 4388 δὲ
3061 4337 3091 4388 6
3145 4335 3312 4399 αὐτὸς
3360 4332 3430 4399 εἴ,
3471 4334 3554 4386 καὶ
3588 4330 3644 4383 τὰ
3674 4328 3739 4391 ἔτη

2235 4444 2327 4480 σου
2359 4427 2458 4481 οὑκ
2487 4426 2845 4496 ἐκλείψουσιν.
2872 4445 2892 4479 ι»
2936 4428 2999 4481 Ei
3028 4426 3085 4480 δέ
3118 4444 3194 4498 πη
3222 4428 3319 4481 τὸν
3352 4426 3445 4480 τοῦ
3470 4421 3587 4477 Θεοῦ
3617 4418 3739 4481 MT“

546 4523 729 4578 luteus
758 4522 1042 4593 pr0pheta,
1083 4521 1171 4576 ubi
1206 4521 1286 4577 sic
1313 4521 1433 4591 ejus
1467 4536 1535 4577 ex
1570 4537 1804 4591 persona
1840 4523 2126 4593 loquitur:

2238 4518 2563 4587 εἰσάγουσιν,
2591 4518 2651 4572 ὲν
2686 4517 2816 4571 εἴδει
2857 4518 2953 4572 καὶ
2990 4520 3232 4589 σχήματι
3270 4514 3583 4589 ἀνθρωπίνῳ
3610 4523 3741 4577 ira?”

549 4624 575 4667 ἰ
620 4615 890 4682 Quoniam
943 4630 1046 4683 ego
1073 4613 1339 4669 Dominus
1370 4613 1516 4668 Deus
1552 4624 1755 4677 vester,
1785 4624 1840 4669 et
1871 4631 1979 4669 non
2002 4631 2128 4670 tnu-

548 4718 658 4762 tor.
697 4727 716 4758 ι
750 4704 1012 4761 Similiter
1042 4705 1210 4760 David
1245 4707 1295 4759 in
1326 4721 1423 4761 sua
1455 4706 1545 4761 illa
1590 4707 1886 4777 theologia,
1927 4707 2007 4762 sic
2030 4723 2128 4762 ex-

548 4802 749 4854 rlamat
783 4816 796 4852 :
839 4816 859 4849 ι
914 4797 1118 4852 Omnes
1159 4798 1303 4852 sicut
1338 4800 1721 4853 vestimentum
1767 4809 2125 4863 veterascent,

547 4903 603 4945 et
641 4894 783 4947 sicut
809 4891 1145 4960 opertorium
1170 4891 1461 4946 convolves
1490 4892 1633 4954 illos,
1662 4900 1716 4945 et
1746 4891 2123 4946 mutabuntur.

548 4985 631 5040 Tu
660 4993 843 5039 autem
874 4984 1015 5038 idem
1045 4982 1163 5052 ipse
1191 4998 1272 5047 es,
1303 4994 1358 5038 et
1385 4985 1513 5038 anni
1537 4985 1614 5039 tui
1645 5000 1752 5038 non
1780 4984 2121 5040 deﬁcient‘.»

546 5075 651 5132 ilbi
682 5085 862 5131 autem
905 5074 1000 5130 Dei
1034 5074 1297 5141 Verbum,
1335 5074 1510 5130 forma
1551 5076 1841 5147 specieque
1887 5079 2127 5132 humana

546 5170 820 5232 indutum,
850 5167 1203 5224 Hebraeorum
1246 5170 1441 5224 littera:
1486 5180 1899 5239 repraesentant,
1940 5171 2129 5226 dicen-

543 5260 675 5315 dum
706 5259 1007 5324 enimvero,
1048 5276 1157 5315 non
1189 5260 1467 5330 quomodo
1490 5260 1802 5315 Grmcorum
1832 5261 2027 5317 fabula!
2057 5263 2125 5318 de

546 5350 768 5416 Proteo,
812 5348 1037 5405 Thetide
1094 5365 1158 5404 ac
1188 5349 1401 5407 Junone
1448 5360 1772 5416 memorant,
1809 5365 1904 5406 aut
1933 5355 2122 5424 quales

528 5441 686 5501 φάεος
732 5442 856 5497 illos
889 5440 1115 5511 jamjam
1154 5442 1533 5508 audiebamus,
1599 5452 1766 5498 noctu
1801 5445 1990 5499 multis
2016 5448 2130 5501 ani-

530 5515 846 5601 ‘mantibus,
884 5543 1048 5604 atque
1084 5535 1392 5604 omnigenis
1426 5534 1634 5591 similes
1670 5536 1950 5603 oherrare,
1984 5539 2125 5593 divi-

547 5639 677 5679 num
716 5630 818 5679 hoc
850 5621 1085 5678 Verbum
1121 5640 1243 5681 sese
1268 5625 1582 5681 hominibus
1620 5627 1886 5683 exhibens
1918 5628 1986 5683 ab
2018 5628 2125 5685 illis

547 5713 865 5771 fntroduci:
916 5716 1012 5769 sed
1057 5716 1262 5786 potius,
1304 5716 1763 5786 quemadmodum
1801 5716 1956 5774 Plato
2005 5720 2123 5792 ipse

2232 4611 2589 4681 φαινόμενον,
2632 4610 2901 4676 -λεκτέον,
2943 4609 3020 4673 ὡς
3080 4611 3141 4662 οὐ
3192 4612 3340 4664 κατά
3384 4612 3506 4671 τοὺς
3541 4601 3740 4669 Ἑλλήνων

2234 4703 2435 4775 μύθους
2478 4702 2679 4774 ὁμοίως
2716 4704 2948 4775 Πρωτεῖ,
3001 4703 3094 4756 καὶ
3125 4702 3327 4767 Θέτιδι,
3374 4703 3466 4755 καὶ
3491 4700 3632 4769 Ἥρᾳ,
3664 4687 3740 4743 οὐδ’

2230 4797 2306 4860 ὡς
2330 4797 2387 4849 bi
2424 4796 2535 4849 θεοὶ
2572 4798 2621 4849 οἱ
2677 4796 3097 4867 περιερχόμενοι
3125 4795 3366 4868 νύκτωρ,
3403 4795 3597 4854 πολλοῖς
3627 4784 3740 4852 ζώοις

2231 4891 2325 4943 καί
2370 4889 2739 4952 πανταδαποῖς
2796 4888 3191 4959 ἰνδαλλόμενοι,
3240 4891 3338 4945 καὶ
3398 4890 3486 4942 τὸν
3528 4883 3608 4939 τοῦ
3645 4874 3743 4933 Θεοῦ

2233 4981 2403 5050 Λόγον
2435 4978 2743 5051 ἀνθρώποις
2788 4980 3069 5051 πεφηνότα
3111 4980 3427 5049 εἰσάγουσιν
3462 4979 3508 5031 oi
3538 4970 3742 5044 Ἐΰρσίων

2233 5072 2413 5141 λόγοι⁹
2467 5071 2582 5125 ἀλλ’
2634 5071 2708 5135 ὡς
2761 5072 2924 5137 αὐτὸς
2982 5075 3012 5126 6
3041 5071 3264 5127 Πλάτων
3316 5073 3426 5126 δεῖν
3477 5069 3592 5123 ποτέ
3625 5078 3744 5135 φηςιν

2232 5167 2325 5220 ἐπὶ
2356 5166 2525 5236 φίλων
2554 5165 2865 5237 εὐεργεσίᾳ,
2901 5168 3029 5220 ὅταν
3057 5165 3147 5220 διὰ
3176 5167 3378 5237 μανίαν
3410 5168 3443 5235 ἢ
3471 5180 3580 5216 τινα
3606 5160 3743 5214 ἄνοιξιν

2232 5262 2399 5316 κακόν
2421 5279 2471 5313 τι
2498 5259 2816 5331 ἐπιχειρῶσι
2850 5260 3133 5332 πράττειν,
3162 5260 3284 5314 τότε
3313 5258 3609 5331 ἀποτροπῆς
3625 5255 3743 5305 ἒνωίέι

2229 5353 2305 5418 ὡς
2336 5354 2627 5424 φάρμακον
2678 5354 2946 5424 χρήσιμον
2996 5351 3247 5420 γενέσθαι
3291 5352 3394 5423 τὴν
3427 5349 3517 5403 τοῦ
3542 5344 3653 5400 Θεοῦ
3686 5339 3741 5397 εἰς

2232 5443 2552 5515 ἀνθρώπους
2607 5443 2858 5513 πάροδον.
2904 5444 3059 5496 Ἐπεὶ
3093 5439 3185 5496 οὖν
3228 5444 3339 5495 τῶν
3387 5443 3476 5496 ἐπὶ
3513 5440 3607 5509 γῆς
3631 5432 3743 5499 ξῶων

2228 5537 2381 5590 οὐδὲν
2411 5533 2477 5608 ἦν
2502 5536 2908 5608 θεοφιλέστερον
2933 5537 3088 5603 γένος
3110 5534 3423 5608 ἀνθρώπου,
3454 5527 3676 5600 συγγενές

2230 5629 2325 5682 καὶ
2361 5630 2559 5682 οἰκεῖον
2587 5628 2667 5699 τῷ
2707 5628 2841 5681 Θεοῦ
2871 5628 3050 5701 Λόγῳ,
3083 5627 3212 5698 παρ’
3251 5619 3439 5680 οὗ·κώ
3464 5620 3651 5691 λογικὸς
3672 5612 3745 5681 τὴν

2227 5724 2326 5793 τῆς
2342 5721 2519 5792 ψυχῆς
2539 5722 2700 5791 φύσιν
2722 5722 3059 5794 ἀπείργαστο
3077 5737 3087 5749 ·
3117 5720 3363 5785 εἰκότως,
3382 5713 3469 5773 οἷα
3486 5714 3620 5785 φίλου
3637 5704 3739 5773 ζύου

614 5830 633 5863 ⁸
670 5829 797 5898 Sap.
829 5846 887 5898 tt,
919 5831 1008 5889 2i.
1086 5837 1105 5866 ¹
1144 5832 1252 5891 Jer.
1293 5851 1352 5905 ιι,
1380 5834 1466 5890 21.
1547 5836 1579 5915 ⁸7
1606 5835 1768 5895 Hebr.
1808 5838 1993 5910 quG.
2069 5840 2135 5899 ιι

2242 5880 2255 5894 .
2298 5857 2371 5907 cr,
2405 5840 2477 5894 27
