  <div class='ocr_page' id='page_1' title='image "/cluster/home/n/w/nwhite01/storage/ocr_20150623/21/hvd.32044073501165/552.png"; bbox 0 0 3872 6368; ppageno 0'>
   <div class='ocr_carea' id='block_1_1' title="bbox 151 369 270 429">
    <p class='ocr_par' dir='ltr' id='par_1_1' title="bbox 151 369 270 429">
     <span class='ocr_line' id='line_1_1' title="bbox 151 369 270 429; baseline -0.042 1"><span class='ocrx_word' id='word_1_1' title='bbox 151 369 270 429; x_wconf 78' lang='lat' dir='ltr'><strong>I071</strong></span> 
     </span>
    </p>
   </div>
   <div class='ocr_carea' id='block_1_2' title="bbox 1306 359 2264 419">
    <p class='ocr_par' dir='ltr' id='par_1_2' title="bbox 1306 359 2264 419">
     <span class='ocr_line' id='line_1_2' title="bbox 1306 359 2264 419; baseline -0.003 -1"><span class='ocrx_word' id='word_1_2' title='bbox 1306 362 1628 419; x_wconf 69' lang='lat' dir='ltr'><strong>PRIEPAR.</strong></span> <span class='ocrx_word' id='word_1_3' title='bbox 1665 360 1917 418; x_wconf 81' lang='lat' dir='ltr'><strong>EVANG.</strong></span> <span class='ocrx_word' id='word_1_4' title='bbox 1960 359 2087 414; x_wconf 86' lang='lat' dir='ltr'><strong>LIB.</strong></span> <span class='ocrx_word' id='word_1_5' title='bbox 2124 359 2264 415; x_wconf 74' lang='lat' dir='ltr'><strong>XIII.</strong></span> 
     </span>
    </p>
   </div>
   <div class='ocr_carea' id='block_1_3' title="bbox 3226 359 3364 415">
    <p class='ocr_par' dir='ltr' id='par_1_3' title="bbox 3226 359 3364 415">
     <span class='ocr_line' id='line_1_3' title="bbox 3226 359 3364 415; baseline 0 0"><span class='ocrx_word' id='word_1_6' title='bbox 3226 359 3364 415; x_wconf 77' lang='grc'>1078</span> 
     </span>
    </p>
   </div>
   <div class='ocr_carea' id='block_1_4' title="bbox 148 479 1667 564">
    <p class='ocr_par' dir='ltr' id='par_1_4' title="bbox 148 484 1667 564">
     <span class='ocr_line' id='line_1_4' title="bbox 148 484 1667 564; baseline -0.001 -26"><span class='ocrx_word' id='word_1_7' title='bbox 148 491 406 564; x_wconf 76' lang='grc' dir='ltr'>κηδόμενον</span> <span class='ocrx_word' id='word_1_8' title='bbox 426 484 517 539; x_wconf 79' lang='grc' dir='ltr'><strong>τὸν</strong></span> <span class='ocrx_word' id='word_1_9' title='bbox 544 485 860 557; x_wconf 77' lang='grc' dir='ltr'><strong>ἐπουράνιον</strong></span> <span class='ocrx_word' id='word_1_10' title='bbox 884 485 1077 555; x_wconf 85' lang='grc' dir='ltr'>Λόγον,</span> <span class='ocrx_word' id='word_1_11' title='bbox 1108 486 1268 557; x_wconf 74' lang='grc' dir='ltr'>ἥκειν</span> <span class='ocrx_word' id='word_1_12' title='bbox 1299 487 1392 540; x_wconf 73' lang='grc' dir='ltr'><strong>ἐπὶ</strong></span> <span class='ocrx_word' id='word_1_13' title='bbox 1422 486 1667 559; x_wconf 69' lang='grc' dir='ltr'>θεραπείς</span> 
     </span>
    </p>
   </div>
   <div class='ocr_carea' id='block_1_5' title="bbox 1777 479 3364 564">
    <p class='ocr_par' dir='ltr' id='par_1_5' title="bbox 1788 479 3364 554">
     <span class='ocr_line' id='line_1_5' title="bbox 1788 479 3364 554; baseline -0.003 -14"><span class='ocrx_word' id='word_1_14' title='bbox 1788 485 1966 551; x_wconf 99' lang='lat' dir='ltr'><strong>docet,</strong></span> <span class='ocrx_word' id='word_1_15' title='bbox 1997 494 2057 540; x_wconf 90' lang='lat' dir='ltr'><strong>ut</strong></span> <span class='ocrx_word' id='word_1_16' title='bbox 2079 485 2198 554; x_wconf 82' lang='lat' dir='ltr'><strong>Opis</strong></span> <span class='ocrx_word' id='word_1_17' title='bbox 2223 484 2279 538; x_wconf 92' lang='lat' dir='ltr'><strong>in</strong></span> <span class='ocrx_word' id='word_1_18' title='bbox 2322 482 2531 537; x_wconf 88' lang='lat' dir='ltr'><strong>amicos</strong></span> <span class='ocrx_word' id='word_1_19' title='bbox 2567 479 2770 551; x_wconf 90' lang='lat' dir='ltr'><strong>aliquid</strong></span> <span class='ocrx_word' id='word_1_20' title='bbox 2810 495 2872 534; x_wconf 89' lang='lat' dir='ltr'><strong>ac</strong></span> <span class='ocrx_word' id='word_1_21' title='bbox 2900 480 3147 536; x_wconf 78' lang='lat' dir='ltr'><strong>beneﬁcii</strong></span> <span class='ocrx_word' id='word_1_22' title='bbox 3178 480 3364 536; x_wconf 56' lang='lat' dir='ltr'><strong>conte.</strong></span> 
     </span>
    </p>
   </div>
   <div class='ocr_carea' id='block_1_6' title="bbox 148 573 1667 650">
    <p class='ocr_par' dir='ltr' id='par_1_6' title="bbox 148 574 1667 650">
     <span class='ocr_line' id='line_1_6' title="bbox 148 574 1667 650; baseline -0.001 -19"><span class='ocrx_word' id='word_1_23' title='bbox 148 580 258 650; x_wconf 76' lang='grc' dir='ltr'>φασὶ</span> <span class='ocrx_word' id='word_1_24' title='bbox 291 576 480 640; x_wconf 80' lang='grc' dir='ltr'>παντὸς</span> <span class='ocrx_word' id='word_1_25' title='bbox 525 574 619 628; x_wconf 91' lang='grc' dir='ltr'><strong>τοῦ</strong></span> <span class='ocrx_word' id='word_1_26' title='bbox 647 575 870 643; x_wconf 82' lang='grc' dir='ltr'>γένους,</span> <span class='ocrx_word' id='word_1_27' title='bbox 903 575 1056 629; x_wconf 83' lang='grc' dir='ltr'><strong>νόσον</strong></span> <span class='ocrx_word' id='word_1_28' title='bbox 1089 576 1184 629; x_wconf 75' lang='grc' dir='ltr'>καὶ</span> <span class='ocrx_word' id='word_1_29' title='bbox 1215 576 1412 649; x_wconf 90' lang='grc' dir='ltr'>μανίαν</span> <span class='ocrx_word' id='word_1_30' title='bbox 1455 576 1667 631; x_wconf 59' lang='grc' dir='ltr'>ἔκτοποπ</span> 
     </span>
    </p>
   </div>
   <div class='ocr_carea' id='block_1_7' title="bbox 1777 573 3361 650">
    <p class='ocr_par' dir='ltr' id='par_1_7' title="bbox 1786 573 3361 647">
     <span class='ocr_line' id='line_1_7' title="bbox 1786 573 3361 647; baseline -0.003 -16"><span class='ocrx_word' id='word_1_31' title='bbox 1786 586 1961 640; x_wconf 87' lang='lat' dir='ltr'><strong>ratur,</strong></span> <span class='ocrx_word' id='word_1_32' title='bbox 2003 577 2049 633; x_wconf 87' lang='lat' dir='ltr'><strong>si</strong></span> <span class='ocrx_word' id='word_1_33' title='bbox 2088 575 2308 647; x_wconf 86' lang='lat' dir='ltr'><strong>quando</strong></span> <span class='ocrx_word' id='word_1_34' title='bbox 2352 574 2439 629; x_wconf 92' lang='lat' dir='ltr'><strong>vel</strong></span> <span class='ocrx_word' id='word_1_35' title='bbox 2486 574 2556 629; x_wconf 90' lang='lat' dir='ltr'><strong>ob</strong></span> <span class='ocrx_word' id='word_1_36' title='bbox 2587 574 2874 629; x_wconf 89' lang='lat' dir='ltr'><strong>stultitiam</strong></span> <span class='ocrx_word' id='word_1_37' title='bbox 2920 573 3048 627; x_wconf 92' lang='lat' dir='ltr'><strong>mali</strong></span> <span class='ocrx_word' id='word_1_38' title='bbox 3080 573 3361 643; x_wconf 83' lang='lat' dir='ltr'><strong>quidpiam</strong></span> 
     </span>
    </p>
   </div>
   <div class='ocr_carea' id='block_1_8' title="bbox 145 664 1681 739">
    <p class='ocr_par' dir='ltr' id='par_1_8' title="bbox 145 664 1681 739">
     <span class='ocr_line' id='line_1_8' title="bbox 145 664 1681 739; baseline -0.003 -16"><span class='ocrx_word' id='word_1_39' title='bbox 145 668 520 739; x_wconf 71' lang='grc' dir='ltr'>ὑπομείναντος,</span> <span class='ocrx_word' id='word_1_40' title='bbox 552 664 626 728; x_wconf 85' lang='grc' dir='ltr'><strong>ὡς</strong></span> <span class='ocrx_word' id='word_1_41' title='bbox 657 666 794 736; x_wconf 83' lang='grc' dir='ltr'>μήτε</span> <span class='ocrx_word' id='word_1_42' title='bbox 833 664 924 717; x_wconf 84' lang='grc' dir='ltr'>τὸν</span> <span class='ocrx_word' id='word_1_43' title='bbox 954 664 1176 737; x_wconf 79' lang='grc' dir='ltr'><strong>Πατέρα</strong></span> <span class='ocrx_word' id='word_1_44' title='bbox 1204 664 1492 734; x_wconf 81' lang='grc' dir='ltr'>γινώσκειν</span> <span class='ocrx_word' id='word_1_45' title='bbox 1528 665 1681 731; x_wconf 84' lang='grc' dir='ltr'><strong>Θεὸν,</strong></span> 
     </span>
    </p>
   </div>
   <div class='ocr_carea' id='block_1_9' title="bbox 147 750 1681 831">
    <p class='ocr_par' dir='ltr' id='par_1_9' title="bbox 147 750 1681 831">
     <span class='ocr_line' id='line_1_9' title="bbox 147 750 1681 831; baseline -0.001 -20"><span class='ocrx_word' id='word_1_46' title='bbox 147 762 257 831; x_wconf 74' lang='grc' dir='ltr'>μήτε</span> <span class='ocrx_word' id='word_1_47' title='bbox 282 758 370 828; x_wconf 73' lang='grc' dir='ltr'>τὴν</span> <span class='ocrx_word' id='word_1_48' title='bbox 400 756 605 809; x_wconf 73' lang='grc' dir='ltr'>οἰκείαν</span> <span class='ocrx_word' id='word_1_49' title='bbox 625 754 724 825; x_wconf 84' lang='grc' dir='ltr'>τῆς</span> <span class='ocrx_word' id='word_1_50' title='bbox 755 756 945 827; x_wconf 82' lang='grc' dir='ltr'>νοερᾶς</span> <span class='ocrx_word' id='word_1_51' title='bbox 974 755 1188 825; x_wconf 79' lang='grc' dir='ltr'>φύσεως</span> <span class='ocrx_word' id='word_1_52' title='bbox 1219 755 1426 822; x_wconf 77' lang='grc' dir='ltr'>οὐσίαν,</span> <span class='ocrx_word' id='word_1_53' title='bbox 1460 756 1583 826; x_wconf 80' lang='grc' dir='ltr'>μήτ’</span> <span class='ocrx_word' id='word_1_54' title='bbox 1612 750 1681 810; x_wconf 79' lang='grc' dir='ltr'>αὖ</span> 
     </span>
    </p>
   </div>
   <div class='ocr_carea' id='block_1_10' title="bbox 143 846 1683 921">
    <p class='ocr_par' dir='ltr' id='par_1_10' title="bbox 143 846 1683 921">
     <span class='ocr_line' id='line_1_10' title="bbox 143 846 1683 921; baseline -0.002 -16"><span class='ocrx_word' id='word_1_55' title='bbox 143 850 251 905; x_wconf 82' lang='grc' dir='ltr'>Θεοῦ</span> <span class='ocrx_word' id='word_1_56' title='bbox 300 849 571 921; x_wconf 81' lang='grc' dir='ltr'>πρόνοιαν,</span> <span class='ocrx_word' id='word_1_57' title='bbox 624 846 888 920; x_wconf 84' lang='grc' dir='ltr'><strong>σώτειραν</strong></span> <span class='ocrx_word' id='word_1_58' title='bbox 935 848 1043 901; x_wconf 82' lang='grc' dir='ltr'><strong>τῶν</strong></span> <span class='ocrx_word' id='word_1_59' title='bbox 1076 849 1235 914; x_wconf 82' lang='grc' dir='ltr'>ὅλων,</span> <span class='ocrx_word' id='word_1_60' title='bbox 1282 850 1359 911; x_wconf 89' lang='grc' dir='ltr'><strong>είς</strong></span> <span class='ocrx_word' id='word_1_61' title='bbox 1395 848 1590 917; x_wconf 83' lang='grc' dir='ltr'>ἀλόγου</span> <span class='ocrx_word' id='word_1_62' title='bbox 1625 848 1683 902; x_wconf 87' lang='grc' dir='ltr'><strong>δὲ</strong></span> 
     </span>
    </p>
   </div>
   <div class='ocr_carea' id='block_1_11' title="bbox 141 940 1705 1023">
    <p class='ocr_par' dir='ltr' id='par_1_11' title="bbox 141 940 1705 1023">
     <span class='ocr_line' id='line_1_11' title="bbox 141 940 1705 1023; baseline 0 -28"><span class='ocrx_word' id='word_1_63' title='bbox 141 944 253 1006; x_wconf 78' lang='grc' dir='ltr'>ζὼου</span> <span class='ocrx_word' id='word_1_64' title='bbox 298 942 472 1012; x_wconf 78' lang='grc' dir='ltr'>σχεδὸν</span> <span class='ocrx_word' id='word_1_65' title='bbox 519 942 642 995; x_wconf 84' lang='grc' dir='ltr'>ὅσον</span> <span class='ocrx_word' id='word_1_66' title='bbox 688 941 1049 1013; x_wconf 81' lang='grc' dir='ltr'>παρατροπὴν</span> <span class='ocrx_word' id='word_1_67' title='bbox 1093 943 1351 1013; x_wconf 73' lang='grc' dir='ltr'>ἥκοντος⁶</span> <span class='ocrx_word' id='word_1_68' title='bbox 1387 941 1467 994; x_wconf 84' lang='grc' dir='ltr'>διὸ</span> <span class='ocrx_word' id='word_1_69' title='bbox 1498 941 1562 1012; x_wconf 85' lang='grc' dir='ltr'>δὴ</span> <span class='ocrx_word' id='word_1_70' title='bbox 1589 940 1705 1023; x_wconf 7' lang='grc' dir='ltr'>τὸν,</span> 
     </span>
    </p>
   </div>
   <div class='ocr_carea' id='block_1_12' title="bbox 138 1032 1679 1105">
    <p class='ocr_par' dir='ltr' id='par_1_12' title="bbox 138 1032 1679 1105">
     <span class='ocr_line' id='line_1_12' title="bbox 138 1032 1679 1105; baseline 0 -18"><span class='ocrx_word' id='word_1_71' title='bbox 138 1035 328 1105; x_wconf 83' lang='grc' dir='ltr'>Σωτῆρα</span> <span class='ocrx_word' id='word_1_72' title='bbox 372 1035 464 1087; x_wconf 72' lang='grc' dir='ltr'>καὶ</span> <span class='ocrx_word' id='word_1_73' title='bbox 526 1034 708 1105; x_wconf 76' lang='grc' dir='ltr'>ἰατρὸν</span> <span class='ocrx_word' id='word_1_74' title='bbox 757 1036 1045 1105; x_wconf 75' lang='grc' dir='ltr'>ἐπιστῆναι</span> <span class='ocrx_word' id='word_1_75' title='bbox 1091 1034 1359 1101; x_wconf 85' lang='grc' dir='ltr'>λέγουσιν,</span> <span class='ocrx_word' id='word_1_76' title='bbox 1392 1033 1453 1085; x_wconf 78' lang='grc' dir='ltr'>οὺ</span> <span class='ocrx_word' id='word_1_77' title='bbox 1487 1032 1584 1103; x_wconf 78' lang='grc' dir='ltr'>μὲν</span> <span class='ocrx_word' id='word_1_78' title='bbox 1615 1033 1679 1104; x_wconf 84' lang='grc' dir='ltr'><strong>δὴ</strong></span> 
     </span>
    </p>
   </div>
   <div class='ocr_carea' id='block_1_13' title="bbox 136 1122 1679 1197">
    <p class='ocr_par' dir='ltr' id='par_1_13' title="bbox 136 1122 1679 1197">
     <span class='ocr_line' id='line_1_13' title="bbox 136 1122 1679 1197; baseline -0.002 -18"><span class='ocrx_word' id='word_1_79' title='bbox 136 1127 215 1197; x_wconf 76' lang='grc' dir='ltr'>τῆς</span> <span class='ocrx_word' id='word_1_80' title='bbox 254 1126 444 1190; x_wconf 87' lang='grc' dir='ltr'>οίκείας</span> <span class='ocrx_word' id='word_1_81' title='bbox 477 1127 750 1180; x_wconf 84' lang='grc' dir='ltr'>ὲκστάντα</span> <span class='ocrx_word' id='word_1_82' title='bbox 802 1126 1037 1196; x_wconf 82' lang='grc' dir='ltr'>φύσεως,</span> <span class='ocrx_word' id='word_1_83' title='bbox 1069 1124 1190 1178; x_wconf 81' lang='grc' dir='ltr'><strong>οὑδέ</strong></span> <span class='ocrx_word' id='word_1_84' title='bbox 1237 1141 1301 1192; x_wconf 88' lang='grc' dir='ltr'><strong>γε</strong></span> <span class='ocrx_word' id='word_1_85' title='bbox 1337 1122 1679 1193; x_wconf 79' lang='grc' dir='ltr'>ψευσάμενον</span> 
     </span>
    </p>
   </div>
   <div class='ocr_carea' id='block_1_14' title="bbox 136 1214 1677 1289">
    <p class='ocr_par' dir='ltr' id='par_1_14' title="bbox 136 1214 1677 1289">
     <span class='ocr_line' id='line_1_14' title="bbox 136 1214 1677 1289; baseline -0.001 -19"><span class='ocrx_word' id='word_1_86' title='bbox 136 1217 235 1281; x_wconf 64' lang='grc' dir='ltr'>τοῦς</span> <span class='ocrx_word' id='word_1_87' title='bbox 277 1216 527 1288; x_wconf 81' lang='grc' dir='ltr'>ὁρῶντας,</span> <span class='ocrx_word' id='word_1_88' title='bbox 575 1218 743 1289; x_wconf 78' lang='grc' dir='ltr'>ἄμφω</span> <span class='ocrx_word' id='word_1_89' title='bbox 803 1218 860 1271; x_wconf 85' lang='grc' dir='ltr'><strong>δὲ</strong></span> <span class='ocrx_word' id='word_1_90' title='bbox 908 1216 1083 1287; x_wconf 79' lang='grc' dir='ltr'>ἀληθῆ</span> <span class='ocrx_word' id='word_1_91' title='bbox 1136 1214 1466 1285; x_wconf 72' lang='grc' dir='ltr'>φυλάξαντα,</span> <span class='ocrx_word' id='word_1_92' title='bbox 1505 1215 1564 1268; x_wconf 88' lang='grc' dir='ltr'><strong>τό</strong></span> <span class='ocrx_word' id='word_1_93' title='bbox 1619 1232 1677 1268; x_wconf 86' lang='grc' dir='ltr'><strong>τε</strong></span> 
     </span>
    </p>
   </div>
   <div class='ocr_carea' id='block_1_15' title="bbox 135 1308 1677 1381">
    <p class='ocr_par' dir='ltr' id='par_1_15' title="bbox 135 1308 1677 1381">
     <span class='ocr_line' id='line_1_15' title="bbox 135 1308 1677 1381; baseline 0.001 -22"><span class='ocrx_word' id='word_1_94' title='bbox 135 1308 303 1377; x_wconf 73' lang='grc' dir='ltr'>ἀφανὲς</span> <span class='ocrx_word' id='word_1_95' title='bbox 324 1309 412 1361; x_wconf 80' lang='grc' dir='ltr'>καὶ</span> <span class='ocrx_word' id='word_1_96' title='bbox 434 1310 496 1362; x_wconf 86' lang='grc' dir='ltr'>τὸ</span> <span class='ocrx_word' id='word_1_97' title='bbox 526 1308 821 1381; x_wconf 85' lang='grc' dir='ltr'>ὁρώμενον.</span> <span class='ocrx_word' id='word_1_98' title='bbox 855 1311 938 1380; x_wconf 66' lang='lat' dir='ltr'><strong>Ili}</strong></span> <span class='ocrx_word' id='word_1_99' title='bbox 974 1310 1070 1379; x_wconf 86' lang='grc' dir='ltr'>μὲν</span> <span class='ocrx_word' id='word_1_100' title='bbox 1093 1308 1202 1380; x_wconf 89' lang='grc' dir='ltr'><strong>γάρ</strong></span> <span class='ocrx_word' id='word_1_101' title='bbox 1230 1308 1435 1379; x_wconf 76' lang='grc' dir='ltr'>ἀληθὴς</span> <span class='ocrx_word' id='word_1_102' title='bbox 1467 1309 1677 1380; x_wconf 83' lang='grc' dir='ltr'>ἀνθρω-</span> 
     </span>
    </p>
   </div>
   <div class='ocr_carea' id='block_1_16' title="bbox 135 1397 1677 1472">
    <p class='ocr_par' dir='ltr' id='par_1_16' title="bbox 135 1397 1677 1472">
     <span class='ocr_line' id='line_1_16' title="bbox 135 1397 1677 1472; baseline -0.001 -18"><span class='ocrx_word' id='word_1_103' title='bbox 135 1418 213 1466; x_wconf 78' lang='grc' dir='ltr'><strong>πος</strong></span> <span class='ocrx_word' id='word_1_104' title='bbox 241 1402 453 1471; x_wconf 72' lang='grc' dir='ltr'>ἑωρᾶτο,</span> <span class='ocrx_word' id='word_1_105' title='bbox 498 1403 575 1472; x_wconf 80' lang='grc' dir='ltr'>πὴ</span> <span class='ocrx_word' id='word_1_106' title='bbox 607 1402 665 1455; x_wconf 84' lang='grc' dir='ltr'><strong>δὲ</strong></span> <span class='ocrx_word' id='word_1_107' title='bbox 690 1400 824 1455; x_wconf 89' lang='grc' dir='ltr'>Θεοῦ</span> <span class='ocrx_word' id='word_1_108' title='bbox 860 1402 1032 1469; x_wconf 83' lang='grc' dir='ltr'>Λόγος</span> <span class='ocrx_word' id='word_1_109' title='bbox 1076 1397 1145 1472; x_wconf 72' lang='grc' dir='ltr'>ἦν</span> <span class='ocrx_word' id='word_1_110' title='bbox 1185 1400 1412 1471; x_wconf 79' lang='grc' dir='ltr'>ἀληθὴς,</span> <span class='ocrx_word' id='word_1_111' title='bbox 1446 1402 1508 1453; x_wconf 86' lang='grc' dir='ltr'>οὑ</span> <span class='ocrx_word' id='word_1_112' title='bbox 1546 1418 1677 1471; x_wconf 81' lang='grc' dir='ltr'>γοη-</span> 
     </span>
    </p>
   </div>
   <div class='ocr_carea' id='block_1_17' title="bbox 131 1491 1676 1563">
    <p class='ocr_par' dir='ltr' id='par_1_17' title="bbox 131 1491 1676 1563">
     <span class='ocr_line' id='line_1_17' title="bbox 131 1491 1676 1563; baseline -0.001 -18"><span class='ocrx_word' id='word_1_113' title='bbox 131 1492 290 1555; x_wconf 79' lang='grc' dir='ltr'>τεύων,</span> <span class='ocrx_word' id='word_1_114' title='bbox 334 1492 449 1544; x_wconf 75' lang='grc' dir='ltr'><strong>οὐδὲ</strong></span> <span class='ocrx_word' id='word_1_115' title='bbox 500 1493 631 1555; x_wconf 76' lang='grc' dir='ltr'>τοὺς</span> <span class='ocrx_word' id='word_1_116' title='bbox 684 1492 993 1563; x_wconf 85' lang='grc' dir='ltr'>θεωμένους</span> <span class='ocrx_word' id='word_1_117' title='bbox 1044 1491 1364 1556; x_wconf 76' lang='grc' dir='ltr'>ἐξαπατῶν·</span> <span class='ocrx_word' id='word_1_118' title='bbox 1400 1492 1584 1562; x_wconf 79' lang='grc' dir='ltr'>ἐπειδὴ</span> <span class='ocrx_word' id='word_1_119' title='bbox 1616 1492 1676 1544; x_wconf 84' lang='grc' dir='ltr'>τὸ</span> 
     </span>
    </p>
   </div>
   <div class='ocr_carea' id='block_1_18' title="bbox 132 1584 1672 1656">
    <p class='ocr_par' dir='ltr' id='par_1_18' title="bbox 132 1584 1672 1656">
     <span class='ocr_line' id='line_1_18' title="bbox 132 1584 1672 1656; baseline -0.001 -17"><span class='ocrx_word' id='word_1_120' title='bbox 132 1584 255 1639; x_wconf 85' lang='grc' dir='ltr'><strong>Θείον</strong></span> <span class='ocrx_word' id='word_1_121' title='bbox 280 1584 496 1654; x_wconf 66' lang='grc' dir='ltr'>ἀψευδὲς</span> <span class='ocrx_word' id='word_1_122' title='bbox 528 1586 711 1644; x_wconf 84' lang='grc' dir='ltr'>καλῶς</span> <span class='ocrx_word' id='word_1_123' title='bbox 733 1585 875 1656; x_wconf 75' lang='grc' dir='ltr'>ἔχειν</span> <span class='ocrx_word' id='word_1_124' title='bbox 893 1586 1068 1638; x_wconf 78' lang='grc' dir='ltr'>ἐδόκει</span> <span class='ocrx_word' id='word_1_125' title='bbox 1098 1585 1191 1638; x_wconf 72' lang='grc' dir='ltr'><strong>καὶ</strong></span> <span class='ocrx_word' id='word_1_126' title='bbox 1220 1584 1490 1639; x_wconf 85' lang='grc' dir='ltr'>Πλάτωνι.</span> <span class='ocrx_word' id='word_1_127' title='bbox 1513 1603 1532 1635; x_wconf 73' lang='grc' dir='ltr'><strong>ι</strong></span> <span class='ocrx_word' id='word_1_128' title='bbox 1564 1585 1672 1637; x_wconf 84' lang='grc' dir='ltr'><strong>Κο-</strong></span> 
     </span>
    </p>
   </div>
   <div class='ocr_carea' id='block_1_19' title="bbox 134 1676 1673 1749">
    <p class='ocr_par' dir='ltr' id='par_1_19' title="bbox 134 1676 1673 1749">
     <span class='ocr_line' id='line_1_19' title="bbox 134 1676 1673 1749; baseline 0 -20"><span class='ocrx_word' id='word_1_129' title='bbox 134 1679 235 1748; x_wconf 84' lang='grc' dir='ltr'>μιδῇ</span> <span class='ocrx_word' id='word_1_130' title='bbox 260 1679 357 1749; x_wconf 81' lang='grc' dir='ltr'><strong>ἀρα</strong></span> <span class='ocrx_word' id='word_1_131' title='bbox 386 1682 415 1733; x_wconf 83' lang='grc' dir='ltr'>ὁ</span> <span class='ocrx_word' id='word_1_132' title='bbox 446 1678 581 1742; x_wconf 82' lang='grc' dir='ltr'>Θεὸς</span> <span class='ocrx_word' id='word_1_133' title='bbox 596 1679 801 1748; x_wconf 64' lang='grc' dir='ltr'>Λόγος,</span> <span class='ocrx_word' id='word_1_134' title='bbox 846 1678 1049 1741; x_wconf 88' lang='grc' dir='ltr'>ἁπλοῦς</span> <span class='ocrx_word' id='word_1_135' title='bbox 1078 1676 1152 1731; x_wconf 83' lang='grc' dir='ltr'>ὢν</span> <span class='ocrx_word' id='word_1_136' title='bbox 1176 1679 1269 1731; x_wconf 76' lang='grc' dir='ltr'><strong>καὶ</strong></span> <span class='ocrx_word' id='word_1_137' title='bbox 1297 1676 1502 1748; x_wconf 82' lang='grc' dir='ltr'>ἀληθὴς</span> <span class='ocrx_word' id='word_1_138' title='bbox 1530 1676 1586 1729; x_wconf 78' lang='grc' dir='ltr'>ἐν</span> <span class='ocrx_word' id='word_1_139' title='bbox 1612 1693 1673 1729; x_wconf 84' lang='grc' dir='ltr'><strong>τε</strong></span> 
     </span>
    </p>
   </div>
   <div class='ocr_carea' id='block_1_20' title="bbox 130 1766 1673 1841">
    <p class='ocr_par' dir='ltr' id='par_1_20' title="bbox 130 1766 1673 1841">
     <span class='ocr_line' id='line_1_20' title="bbox 130 1766 1673 1841; baseline -0.002 -19"><span class='ocrx_word' id='word_1_140' title='bbox 130 1769 244 1841; x_wconf 75' lang='grc' dir='ltr'>ἑργῳ</span> <span class='ocrx_word' id='word_1_141' title='bbox 283 1770 370 1823; x_wconf 79' lang='grc' dir='ltr'>καὶ</span> <span class='ocrx_word' id='word_1_142' title='bbox 414 1770 579 1841; x_wconf 83' lang='grc' dir='ltr'>λόγῳ,</span> <span class='ocrx_word' id='word_1_143' title='bbox 609 1769 735 1822; x_wconf 70' lang='grc' dir='ltr'>οὔτε</span> <span class='ocrx_word' id='word_1_144' title='bbox 780 1769 943 1832; x_wconf 79' lang='grc' dir='ltr'>αὐτὸς</span> <span class='ocrx_word' id='word_1_145' title='bbox 974 1768 1286 1839; x_wconf 82' lang='grc' dir='ltr'>μεθίστατο,</span> <span class='ocrx_word' id='word_1_146' title='bbox 1317 1766 1439 1820; x_wconf 74' lang='grc' dir='ltr'>οὗτε</span> <span class='ocrx_word' id='word_1_147' title='bbox 1481 1766 1673 1831; x_wconf 83' lang='grc' dir='ltr'>ἄλλους</span> 
     </span>
    </p>
   </div>
   <div class='ocr_carea' id='block_1_21' title="bbox 1783 665 3366 736">
    <p class='ocr_par' dir='ltr' id='par_1_21' title="bbox 1783 665 3366 736">
     <span class='ocr_line' id='line_1_21' title="bbox 1783 665 3366 736; baseline -0.003 -14"><span class='ocrx_word' id='word_1_148' title='bbox 1783 668 2098 731; x_wconf 86' lang='lat' dir='ltr'><strong>moliantur,</strong></span> <span class='ocrx_word' id='word_1_149' title='bbox 2134 678 2249 721; x_wconf 94' lang='lat' dir='ltr'><strong>tum</strong></span> <span class='ocrx_word' id='word_1_150' title='bbox 2276 666 2394 736; x_wconf 76' lang='lat' dir='ltr'><strong>eius</strong></span> <span class='ocrx_word' id='word_1_151' title='bbox 2423 665 2714 719; x_wconf 89' lang='lat' dir='ltr'><strong>amoliendi</strong></span> <span class='ocrx_word' id='word_1_152' title='bbox 2747 679 2936 727; x_wconf 85' lang='lat' dir='ltr'><strong>causa,</strong></span> <span class='ocrx_word' id='word_1_153' title='bbox 2980 672 3240 734; x_wconf 80' lang='lat' dir='ltr'><strong>tanquam</strong></span> <span class='ocrx_word' id='word_1_154' title='bbox 3275 678 3366 717; x_wconf 83' lang='lat' dir='ltr'><strong>sa-</strong></span> 
     </span>
    </p>
   </div>
   <div class='ocr_carea' id='block_1_22' title="bbox 1783 753 3365 827">
    <p class='ocr_par' dir='ltr' id='par_1_22' title="bbox 1783 753 3365 827">
     <span class='ocr_line' id='line_1_22' title="bbox 1783 753 3365 827; baseline -0.004 -14"><span class='ocrx_word' id='word_1_155' title='bbox 1783 758 1962 813; x_wconf 89' lang='lat' dir='ltr'><strong>lutare</strong></span> <span class='ocrx_word' id='word_1_156' title='bbox 2031 756 2307 827; x_wconf 87' lang='lat' dir='ltr'><strong>quoddam</strong></span> <span class='ocrx_word' id='word_1_157' title='bbox 2361 755 2696 817; x_wconf 90' lang='lat' dir='ltr'><strong>amuletum,</strong></span> <span class='ocrx_word' id='word_1_158' title='bbox 2752 754 2847 808; x_wconf 87' lang='lat' dir='ltr'><strong>Dei</strong></span> <span class='ocrx_word' id='word_1_159' title='bbox 2903 754 3046 823; x_wconf 88' lang='lat' dir='ltr'><strong>apud</strong></span> <span class='ocrx_word' id='word_1_160' title='bbox 3114 753 3365 807; x_wconf 83' lang='lat' dir='ltr'><strong>homines</strong></span> 
     </span>
    </p>
   </div>
   <div class='ocr_carea' id='block_1_23' title="bbox 1783 845 3361 919">
    <p class='ocr_par' dir='ltr' id='par_1_23' title="bbox 1783 845 3361 919">
     <span class='ocr_line' id='line_1_23' title="bbox 1783 845 3361 919; baseline -0.003 -15"><span class='ocrx_word' id='word_1_161' title='bbox 1783 849 2075 905; x_wconf 75' lang='lat' dir='ltr'><strong>adventum</strong></span> <span class='ocrx_word' id='word_1_162' title='bbox 2107 849 2441 919; x_wconf 85' lang='lat' dir='ltr'><strong>contingere.</strong></span> <span class='ocrx_word' id='word_1_163' title='bbox 2475 845 2747 913; x_wconf 87' lang='lat' dir='ltr'><strong>Quoniam</strong></span> <span class='ocrx_word' id='word_1_164' title='bbox 2779 845 2942 915; x_wconf 88' lang='lat' dir='ltr'><strong>igitur</strong></span> <span class='ocrx_word' id='word_1_165' title='bbox 2979 861 3045 900; x_wconf 82' lang='lat' dir='ltr'><strong>ex</strong></span> <span class='ocrx_word' id='word_1_166' title='bbox 3083 846 3361 910; x_wconf 89' lang='lat' dir='ltr'><strong>omnibus,</strong></span> 
     </span>
    </p>
   </div>
   <div class='ocr_carea' id='block_1_24' title="bbox 1782 936 3399 1013">
    <p class='ocr_par' dir='ltr' id='par_1_24' title="bbox 1782 936 3399 1013">
     <span class='ocr_line' id='line_1_24' title="bbox 1782 936 3399 1013; baseline -0.006 -15"><span class='ocrx_word' id='word_1_167' title='bbox 1782 957 1903 1013; x_wconf 60' lang='lat' dir='ltr'><strong>qua!</strong></span> <span class='ocrx_word' id='word_1_168' title='bbox 1950 950 2217 996; x_wconf 89' lang='lat' dir='ltr'><strong>terrarum</strong></span> <span class='ocrx_word' id='word_1_169' title='bbox 2275 940 2482 994; x_wconf 82' lang='lat' dir='ltr'><strong>ambitu</strong></span> <span class='ocrx_word' id='word_1_170' title='bbox 2527 939 2916 1001; x_wconf 91' lang='lat' dir='ltr'><strong>continentur,</strong></span> <span class='ocrx_word' id='word_1_171' title='bbox 2966 936 3399 1013; x_wconf 41' lang='lat' dir='ltr'><strong>animantibus“</strong></span> 
     </span>
    </p>
   </div>
   <div class='ocr_carea' id='block_1_25' title="bbox 1781 1027 3363 1098">
    <p class='ocr_par' dir='ltr' id='par_1_25' title="bbox 1781 1027 3363 1098">
     <span class='ocr_line' id='line_1_25' title="bbox 1781 1027 3363 1098; baseline -0.003 -11"><span class='ocrx_word' id='word_1_172' title='bbox 1781 1033 2003 1088; x_wconf 89' lang='lat' dir='ltr'><strong>homine</strong></span> <span class='ocrx_word' id='word_1_173' title='bbox 2055 1032 2276 1087; x_wconf 89' lang='lat' dir='ltr'><strong>charius</strong></span> <span class='ocrx_word' id='word_1_174' title='bbox 2331 1030 2442 1085; x_wconf 88' lang='lat' dir='ltr'><strong>Deo</strong></span> <span class='ocrx_word' id='word_1_175' title='bbox 2495 1030 2705 1083; x_wconf 88' lang='lat' dir='ltr'><strong>nullum</strong></span> <span class='ocrx_word' id='word_1_176' title='bbox 2760 1037 2881 1093; x_wconf 92' lang='lat' dir='ltr'><strong>est,</strong></span> <span class='ocrx_word' id='word_1_177' title='bbox 2935 1028 3029 1098; x_wconf 93' lang='lat' dir='ltr'><strong>qui</strong></span> <span class='ocrx_word' id='word_1_178' title='bbox 3082 1043 3207 1083; x_wconf 91' lang='lat' dir='ltr'><strong>cum</strong></span> <span class='ocrx_word' id='word_1_179' title='bbox 3265 1027 3363 1082; x_wconf 90' lang='lat' dir='ltr'><strong>Dei</strong></span> 
     </span>
    </p>
   </div>
   <div class='ocr_carea' id='block_1_26' title="bbox 1781 1118 3364 1194">
    <p class='ocr_par' dir='ltr' id='par_1_26' title="bbox 1781 1118 3364 1194">
     <span class='ocr_line' id='line_1_26' title="bbox 1781 1118 3364 1194; baseline -0.003 -16"><span class='ocrx_word' id='word_1_180' title='bbox 1781 1124 1994 1190; x_wconf 82' lang='lat' dir='ltr'><strong>Verbo,</strong></span> <span class='ocrx_word' id='word_1_181' title='bbox 2045 1124 2205 1194; x_wconf 82' lang='lat' dir='ltr'><strong>cujus</strong></span> <span class='ocrx_word' id='word_1_182' title='bbox 2250 1138 2411 1177; x_wconf 85' lang='lat' dir='ltr'><strong>manu</strong></span> <span class='ocrx_word' id='word_1_183' title='bbox 2468 1137 2592 1177; x_wconf 92' lang='lat' dir='ltr'><strong>cum</strong></span> <span class='ocrx_word' id='word_1_184' title='bbox 2632 1121 2817 1175; x_wconf 91' lang='lat' dir='ltr'><strong>animo</strong></span> <span class='ocrx_word' id='word_1_185' title='bbox 2871 1121 3085 1174; x_wconf 83' lang='lat' dir='ltr'><strong>ratione</strong></span> <span class='ocrx_word' id='word_1_186' title='bbox 3129 1118 3364 1190; x_wconf 64' lang='lat' dir='ltr'><strong>praedito</strong></span> 
     </span>
    </p>
   </div>
   <div class='ocr_carea' id='block_1_27' title="bbox 1779 1212 3361 1284">
    <p class='ocr_par' dir='ltr' id='par_1_27' title="bbox 1779 1212 3361 1284">
     <span class='ocr_line' id='line_1_27' title="bbox 1779 1212 3361 1284; baseline -0.004 -11"><span class='ocrx_word' id='word_1_187' title='bbox 1779 1227 1995 1273; x_wconf 87' lang='lat' dir='ltr'><strong>creatus</strong></span> <span class='ocrx_word' id='word_1_188' title='bbox 2024 1226 2127 1284; x_wconf 89' lang='lat' dir='ltr'><strong>est,</strong></span> <span class='ocrx_word' id='word_1_189' title='bbox 2155 1215 2559 1271; x_wconf 85' lang='lat' dir='ltr'><strong>necessitudine</strong></span> <span class='ocrx_word' id='word_1_190' title='bbox 2584 1214 2821 1284; x_wconf 91' lang='lat' dir='ltr'><strong>quadam</strong></span> <span class='ocrx_word' id='word_1_191' title='bbox 2866 1222 2920 1268; x_wconf 88' lang='lat' dir='ltr'><strong>et</strong></span> <span class='ocrx_word' id='word_1_192' title='bbox 2947 1212 3203 1267; x_wconf 75' lang='lat' dir='ltr'><strong>aﬂinitate</strong></span> <span class='ocrx_word' id='word_1_193' title='bbox 3233 1227 3361 1267; x_wconf 91' lang='lat' dir='ltr'><strong>con-</strong></span> 
     </span>
    </p>
   </div>
   <div class='ocr_carea' id='block_1_28' title="bbox 1773 1304 3363 1382">
    <p class='ocr_par' dir='ltr' id='par_1_28' title="bbox 1773 1304 3363 1382">
     <span class='ocr_line' id='line_1_28' title="bbox 1773 1304 3363 1382; baseline -0.004 -17"><span class='ocrx_word' id='word_1_194' title='bbox 1773 1310 2060 1382; x_wconf 88' lang='lat' dir='ltr'><strong>jungitur:</strong></span> <span class='ocrx_word' id='word_1_195' title='bbox 2095 1309 2292 1363; x_wconf 90' lang='lat' dir='ltr'><strong>merito</strong></span> <span class='ocrx_word' id='word_1_196' title='bbox 2332 1306 2551 1378; x_wconf 87' lang='lat' dir='ltr'><strong>quidem</strong></span> <span class='ocrx_word' id='word_1_197' title='bbox 2602 1305 2823 1361; x_wconf 81' lang='lat' dir='ltr'><strong>caeleste</strong></span> <span class='ocrx_word' id='word_1_198' title='bbox 2881 1304 3159 1369; x_wconf 63' lang='lat' dir='ltr'><strong>Verbum,</strong></span> <span class='ocrx_word' id='word_1_199' title='bbox 3205 1304 3363 1372; x_wconf 81' lang='lat' dir='ltr'><strong>quod.</strong></span> 
     </span>
    </p>
   </div>
   <div class='ocr_carea' id='block_1_29' title="bbox 1776 1386 3399 1477">
    <p class='ocr_par' dir='ltr' id='par_1_29' title="bbox 1776 1386 3399 1477">
     <span class='ocr_line' id='line_1_29' title="bbox 1776 1386 3399 1477; baseline -0.007 -16"><span class='ocrx_word' id='word_1_200' title='bbox 1776 1406 1939 1477; x_wconf 69' lang='lat' dir='ltr'><strong>huius</strong></span> <span class='ocrx_word' id='word_1_201' title='bbox 1991 1414 2246 1474; x_wconf 88' lang='lat' dir='ltr'><strong>tanquam</strong></span> <span class='ocrx_word' id='word_1_202' title='bbox 2302 1402 2483 1457; x_wconf 85' lang='lat' dir='ltr'><strong>dilecti</strong></span> <span class='ocrx_word' id='word_1_203' title='bbox 2524 1400 2819 1455; x_wconf 90' lang='lat' dir='ltr'><strong>animantis</strong></span> <span class='ocrx_word' id='word_1_204' title='bbox 2871 1414 3060 1453; x_wconf 89' lang='lat' dir='ltr'><strong>curam</strong></span> <span class='ocrx_word' id='word_1_205' title='bbox 3115 1386 3399 1468; x_wconf 47' lang='lat' dir='ltr'><strong>gererem;</strong></span> 
     </span>
    </p>
   </div>
   <div class='ocr_carea' id='block_1_30' title="bbox 1776 1491 3347 1565">
    <p class='ocr_par' dir='ltr' id='par_1_30' title="bbox 1776 1491 3347 1565">
     <span class='ocr_line' id='line_1_30' title="bbox 1776 1491 3347 1565; baseline -0.006 -13"><span class='ocrx_word' id='word_1_206' title='bbox 1776 1497 1843 1552; x_wconf 92' lang='lat' dir='ltr'><strong>ad</strong></span> <span class='ocrx_word' id='word_1_207' title='bbox 1896 1496 2136 1552; x_wconf 90' lang='lat' dir='ltr'><strong>universi</strong></span> <span class='ocrx_word' id='word_1_208' title='bbox 2193 1492 2406 1565; x_wconf 80' lang='lat' dir='ltr'><strong>generis</strong></span> <span class='ocrx_word' id='word_1_209' title='bbox 2469 1492 2806 1549; x_wconf 89' lang='lat' dir='ltr'><strong>curationem</strong></span> <span class='ocrx_word' id='word_1_210' title='bbox 2854 1491 3039 1545; x_wconf 88' lang='lat' dir='ltr'><strong>venire</strong></span> <span class='ocrx_word' id='word_1_211' title='bbox 3098 1502 3347 1557; x_wconf 81' lang='lat' dir='ltr'><strong>pronun-</strong></span> 
     </span>
    </p>
   </div>
   <div class='ocr_carea' id='block_1_31' title="bbox 1775 1579 3367 1660">
    <p class='ocr_par' dir='ltr' id='par_1_31' title="bbox 1775 1579 3367 1660">
     <span class='ocr_line' id='line_1_31' title="bbox 1775 1579 3367 1660; baseline -0.008 -15"><span class='ocrx_word' id='word_1_212' title='bbox 1775 1591 1914 1645; x_wconf 81' lang='lat' dir='ltr'><strong>tiant</strong></span> <span class='ocrx_word' id='word_1_213' title='bbox 1944 1609 1957 1644; x_wconf 89' lang='lat'><strong>:</strong></span> <span class='ocrx_word' id='word_1_214' title='bbox 1990 1588 2191 1660; x_wconf 87' lang='lat' dir='ltr'><strong>quippe</strong></span> <span class='ocrx_word' id='word_1_215' title='bbox 2231 1586 2376 1657; x_wconf 88' lang='lat' dir='ltr'><strong>quod</strong></span> <span class='ocrx_word' id='word_1_216' title='bbox 2425 1585 2616 1639; x_wconf 92' lang='lat' dir='ltr'><strong>morbo</strong></span> <span class='ocrx_word' id='word_1_217' title='bbox 2658 1598 2722 1639; x_wconf 90' lang='lat' dir='ltr'><strong>ac</strong></span> <span class='ocrx_word' id='word_1_218' title='bbox 2770 1582 2958 1638; x_wconf 79' lang='lat' dir='ltr'><strong>furore</strong></span> <span class='ocrx_word' id='word_1_219' title='bbox 2995 1590 3108 1635; x_wconf 91' lang='lat' dir='ltr'><strong>tam</strong></span> <span class='ocrx_word' id='word_1_220' title='bbox 3162 1579 3367 1633; x_wconf 82' lang='lat' dir='ltr'><strong>insano</strong></span> 
     </span>
    </p>
   </div>
   <div class='ocr_carea' id='block_1_32' title="bbox 1776 1672 3361 1745">
    <p class='ocr_par' dir='ltr' id='par_1_32' title="bbox 1776 1672 3361 1745">
     <span class='ocr_line' id='line_1_32' title="bbox 1776 1672 3361 1745; baseline -0.008 -9"><span class='ocrx_word' id='word_1_221' title='bbox 1776 1690 2085 1741; x_wconf 88' lang='lat' dir='ltr'><strong>teneretur,</strong></span> <span class='ocrx_word' id='word_1_222' title='bbox 2134 1688 2192 1734; x_wconf 92' lang='lat' dir='ltr'><strong>ut</strong></span> <span class='ocrx_word' id='word_1_223' title='bbox 2215 1695 2315 1734; x_wconf 90' lang='lat' dir='ltr'><strong>nee</strong></span> <span class='ocrx_word' id='word_1_224' title='bbox 2363 1677 2577 1731; x_wconf 80' lang='lat' dir='ltr'><strong>Patrem</strong></span> <span class='ocrx_word' id='word_1_225' title='bbox 2617 1676 2821 1739; x_wconf 89' lang='lat' dir='ltr'><strong>Deum,</strong></span> <span class='ocrx_word' id='word_1_226' title='bbox 2875 1672 3041 1745; x_wconf 67' lang='lat'><strong>649</strong></span> <span class='ocrx_word' id='word_1_227' title='bbox 3088 1686 3187 1728; x_wconf 86' lang='lat' dir='ltr'><strong>nec</strong></span> <span class='ocrx_word' id='word_1_228' title='bbox 3225 1684 3361 1742; x_wconf 81' lang='lat' dir='ltr'><strong>pro-</strong></span> 
     </span>
    </p>
   </div>
   <div class='ocr_carea' id='block_1_33' title="bbox 1774 1765 3360 1845">
    <p class='ocr_par' dir='ltr' id='par_1_33' title="bbox 1774 1765 3360 1845">
     <span class='ocr_line' id='line_1_33' title="bbox 1774 1765 3360 1845; baseline -0.007 -15"><span class='ocrx_word' id='word_1_229' title='bbox 1774 1776 1945 1845; x_wconf 81' lang='lat' dir='ltr'><strong>priam</strong></span> <span class='ocrx_word' id='word_1_230' title='bbox 1999 1784 2208 1829; x_wconf 73' lang='lat' dir='ltr'><strong>natura:</strong></span> <span class='ocrx_word' id='word_1_231' title='bbox 2247 1789 2361 1829; x_wconf 67' lang='lat' dir='ltr'><strong>sua:</strong></span> <span class='ocrx_word' id='word_1_232' title='bbox 2396 1772 2658 1841; x_wconf 88' lang='lat' dir='ltr'><strong>spiritalis</strong></span> <span class='ocrx_word' id='word_1_233' title='bbox 2681 1770 3003 1834; x_wconf 88' lang='lat' dir='ltr'><strong>essentiam,</strong></span> <span class='ocrx_word' id='word_1_234' title='bbox 3039 1782 3140 1821; x_wconf 89' lang='lat' dir='ltr'><strong>nec</strong></span> <span class='ocrx_word' id='word_1_235' title='bbox 3183 1765 3360 1835; x_wconf 89' lang='lat' dir='ltr'><strong>ipsius</strong></span> 
     </span>
    </p>
   </div>
   <div class='ocr_carea' id='block_1_34' title="bbox 130 1852 1667 1935">
    <p class='ocr_par' dir='ltr' id='par_1_34' title="bbox 130 1859 1667 1931">
     <span class='ocr_line' id='line_1_34' title="bbox 130 1859 1667 1931; baseline 0.001 -19"><span class='ocrx_word' id='word_1_236' title='bbox 130 1861 350 1931; x_wconf 74' lang='grc' dir='ltr'>ἐξηπάτα,</span> <span class='ocrx_word' id='word_1_237' title='bbox 375 1861 497 1914; x_wconf 72' lang='grc' dir='ltr'>οὔτε</span> <span class='ocrx_word' id='word_1_238' title='bbox 544 1860 689 1915; x_wconf 83' lang='grc' dir='ltr'><strong>κατά</strong></span> <span class='ocrx_word' id='word_1_239' title='bbox 744 1862 1062 1930; x_wconf 82' lang='grc' dir='ltr'>φαντασίας,</span> <span class='ocrx_word' id='word_1_240' title='bbox 1105 1860 1231 1913; x_wconf 74' lang='grc' dir='ltr'>οὔτε</span> <span class='ocrx_word' id='word_1_241' title='bbox 1271 1860 1412 1913; x_wconf 89' lang='grc' dir='ltr'><strong>κατά</strong></span> <span class='ocrx_word' id='word_1_242' title='bbox 1461 1859 1667 1928; x_wconf 82' lang='grc' dir='ltr'>λόγους,</span> 
     </span>
    </p>
   </div>
   <div class='ocr_carea' id='block_1_35' title="bbox 1777 1852 3359 1935">
    <p class='ocr_par' dir='ltr' id='par_1_35' title="bbox 1777 1858 3359 1935">
     <span class='ocr_line' id='line_1_35' title="bbox 1777 1858 3359 1935; baseline -0.008 -12"><span class='ocrx_word' id='word_1_243' title='bbox 1777 1866 1870 1923; x_wconf 88' lang='lat' dir='ltr'><strong>Dei</strong></span> <span class='ocrx_word' id='word_1_244' title='bbox 1907 1865 2332 1935; x_wconf 77' lang='lat' dir='ltr'><strong>pravidentiam,</strong></span> <span class='ocrx_word' id='word_1_245' title='bbox 2381 1879 2566 1919; x_wconf 88' lang='lat' dir='ltr'><strong>rerum</strong></span> <span class='ocrx_word' id='word_1_246' title='bbox 2607 1863 2854 1918; x_wconf 91' lang='lat' dir='ltr'><strong>omnium</strong></span> <span class='ocrx_word' id='word_1_247' title='bbox 2899 1858 3359 1916; x_wconf 83' lang='lat' dir='ltr'><strong>conservatricem</strong></span> 
     </span>
    </p>
   </div>
   <div class='ocr_carea' id='block_1_36' title="bbox 127 1948 1669 2021">
    <p class='ocr_par' dir='ltr' id='par_1_36' title="bbox 127 1948 1669 2021">
     <span class='ocr_line' id='line_1_36' title="bbox 127 1948 1669 2021; baseline -0.002 -18"><span class='ocrx_word' id='word_1_248' title='bbox 127 1948 225 2003; x_wconf 74' lang='grc' dir='ltr'>οὔτε</span> <span class='ocrx_word' id='word_1_249' title='bbox 265 1950 395 2003; x_wconf 84' lang='grc' dir='ltr'><strong>κατά</strong></span> <span class='ocrx_word' id='word_1_250' title='bbox 424 1950 671 2021; x_wconf 84' lang='grc' dir='ltr'>σημείων</span> <span class='ocrx_word' id='word_1_251' title='bbox 703 1951 948 2021; x_wconf 81' lang='grc' dir='ltr'>πομπὰς,</span> <span class='ocrx_word' id='word_1_252' title='bbox 976 1949 1088 2003; x_wconf 75' lang='grc' dir='ltr'>οὔθ’</span> <span class='ocrx_word' id='word_1_253' title='bbox 1118 1950 1290 2021; x_wconf 83' lang='grc' dir='ltr'>ῦπαρ,</span> <span class='ocrx_word' id='word_1_254' title='bbox 1316 1950 1427 2002; x_wconf 80' lang='grc' dir='ltr'><strong>οὐδ’</strong></span> <span class='ocrx_word' id='word_1_255' title='bbox 1453 1948 1607 2019; x_wconf 72' lang='grc' dir='ltr'>ὄναρ.</span> <span class='ocrx_word' id='word_1_256' title='bbox 1646 1968 1669 2000; x_wconf 72' lang='grc' dir='ltr'><strong>ι</strong></span> 
     </span>
    </p>
   </div>
   <div class='ocr_carea' id='block_1_37' title="bbox 129 2038 1670 2112">
    <p class='ocr_par' dir='ltr' id='par_1_37' title="bbox 129 2038 1670 2112">
     <span class='ocr_line' id='line_1_37' title="bbox 129 2038 1670 2112; baseline 0 -17"><span class='ocrx_word' id='word_1_257' title='bbox 129 2042 275 2095; x_wconf 77' lang='grc' dir='ltr'>Πάντα</span> <span class='ocrx_word' id='word_1_258' title='bbox 302 2042 403 2112; x_wconf 81' lang='grc' dir='ltr'>γὰρ</span> <span class='ocrx_word' id='word_1_259' title='bbox 438 2044 540 2096; x_wconf 79' lang='grc' dir='ltr'>ὅσα</span> <span class='ocrx_word' id='word_1_260' title='bbox 578 2043 827 2105; x_wconf 82' lang='grc' dir='ltr'>τοιαῦτα,</span> <span class='ocrx_word' id='word_1_261' title='bbox 853 2038 941 2096; x_wconf 83' lang='grc' dir='ltr'>οἶα</span> <span class='ocrx_word' id='word_1_262' title='bbox 971 2042 1206 2110; x_wconf 65' lang='grc' dir='ltr'>λογικῶν</span> <span class='ocrx_word' id='word_1_263' title='bbox 1242 2040 1430 2111; x_wconf 76' lang='grc' dir='ltr'>ψυχῶν</span> <span class='ocrx_word' id='word_1_264' title='bbox 1464 2041 1670 2111; x_wconf 77' lang='grc' dir='ltr'>ἰατρὸς,</span> 
     </span>
    </p>
   </div>
   <div class='ocr_carea' id='block_1_38' title="bbox 130 2133 1671 2206">
    <p class='ocr_par' dir='ltr' id='par_1_38' title="bbox 130 2133 1671 2206">
     <span class='ocr_line' id='line_1_38' title="bbox 130 2133 1671 2206; baseline -0.002 -18"><span class='ocrx_word' id='word_1_265' title='bbox 130 2136 356 2206; x_wconf 77' lang='grc' dir='ltr'>σωτηρίας</span> <span class='ocrx_word' id='word_1_266' title='bbox 389 2136 553 2189; x_wconf 79' lang='grc' dir='ltr'>ἕνεκα</span> <span class='ocrx_word' id='word_1_267' title='bbox 586 2134 683 2189; x_wconf 90' lang='grc' dir='ltr'><strong>τοῦ</strong></span> <span class='ocrx_word' id='word_1_268' title='bbox 719 2135 921 2199; x_wconf 80' lang='grc' dir='ltr'>παντὸς</span> <span class='ocrx_word' id='word_1_269' title='bbox 954 2133 1256 2206; x_wconf 84' lang='grc' dir='ltr'>ἀνθρώπων</span> <span class='ocrx_word' id='word_1_270' title='bbox 1289 2134 1500 2202; x_wconf 80' lang='grc' dir='ltr'>γένους,</span> <span class='ocrx_word' id='word_1_271' title='bbox 1540 2134 1671 2204; x_wconf 83' lang='grc' dir='ltr'>ἀλη-</span> 
     </span>
    </p>
   </div>
   <div class='ocr_carea' id='block_1_39' title="bbox 128 2220 1673 2295">
    <p class='ocr_par' dir='ltr' id='par_1_39' title="bbox 128 2220 1673 2295">
     <span class='ocr_line' id='line_1_39' title="bbox 128 2220 1673 2295; baseline 0.001 -20"><span class='ocrx_word' id='word_1_272' title='bbox 128 2222 230 2289; x_wconf 81' lang='grc' dir='ltr'>Θῶς,</span> <span class='ocrx_word' id='word_1_273' title='bbox 256 2224 359 2277; x_wconf 82' lang='grc' dir='ltr'>ἀλλ’</span> <span class='ocrx_word' id='word_1_274' title='bbox 380 2226 440 2277; x_wconf 81' lang='grc' dir='ltr'>οὐ</span> <span class='ocrx_word' id='word_1_275' title='bbox 471 2224 719 2295; x_wconf 82' lang='grc' dir='ltr'>δοκήσει,</span> <span class='ocrx_word' id='word_1_276' title='bbox 742 2226 807 2278; x_wconf 84' lang='grc' dir='ltr'><strong>δι’</strong></span> <span class='ocrx_word' id='word_1_277' title='bbox 839 2220 899 2279; x_wconf 79' lang='grc' dir='ltr'><strong>οῦ</strong></span> <span class='ocrx_word' id='word_1_278' title='bbox 924 2225 1209 2294; x_wconf 58' lang='grc' dir='ltr'>ἀνείληςςεν</span> <span class='ocrx_word' id='word_1_279' title='bbox 1244 2222 1531 2294; x_wconf 85' lang='grc' dir='ltr'>ἀνθρώπου</span> <span class='ocrx_word' id='word_1_280' title='bbox 1564 2224 1673 2277; x_wconf 85' lang='grc' dir='ltr'>διε-</span> 
     </span>
    </p>
   </div>
   <div class='ocr_carea' id='block_1_40' title="bbox 128 2314 1669 2387">
    <p class='ocr_par' dir='ltr' id='par_1_40' title="bbox 128 2314 1669 2387">
     <span class='ocr_line' id='line_1_40' title="bbox 128 2314 1669 2387; baseline 0.004 -22"><span class='ocrx_word' id='word_1_281' title='bbox 128 2315 563 2384; x_wconf 60' lang='grc' dir='ltr'>πμγματεύσατο,</span> <span class='ocrx_word' id='word_1_282' title='bbox 601 2316 705 2386; x_wconf 81' lang='grc' dir='ltr'>τὴν</span> <span class='ocrx_word' id='word_1_283' title='bbox 765 2316 901 2387; x_wconf 77' lang='grc' dir='ltr'>πρὸς</span> <span class='ocrx_word' id='word_1_284' title='bbox 929 2316 1017 2369; x_wconf 83' lang='grc' dir='ltr'>τὸν</span> <span class='ocrx_word' id='word_1_285' title='bbox 1048 2314 1212 2377; x_wconf 62' lang='grc' dir='ltr'>αὐτοῦ</span> <span class='ocrx_word' id='word_1_286' title='bbox 1248 2316 1458 2387; x_wconf 87' lang='grc' dir='ltr'>πατέρα</span> <span class='ocrx_word' id='word_1_287' title='bbox 1490 2316 1669 2385; x_wconf 83' lang='grc' dir='ltr'>φιλίαν</span> 
     </span>
    </p>
   </div>
   <div class='ocr_carea' id='block_1_41' title="bbox 122 2406 1667 2480">
    <p class='ocr_par' dir='ltr' id='par_1_41' title="bbox 122 2406 1667 2480">
     <span class='ocr_line' id='line_1_41' title="bbox 122 2406 1667 2480; baseline 0.004 -22"><span class='ocrx_word' id='word_1_288' title='bbox 122 2422 170 2458; x_wconf 81' lang='grc' dir='ltr'><strong>τε</strong></span> <span class='ocrx_word' id='word_1_289' title='bbox 195 2408 273 2459; x_wconf 77' lang='grc' dir='ltr'><strong>καὶ</strong></span> <span class='ocrx_word' id='word_1_290' title='bbox 303 2406 649 2478; x_wconf 79' lang='grc' dir='ltr'>ὑποστροφὴν</span> <span class='ocrx_word' id='word_1_291' title='bbox 678 2408 808 2477; x_wconf 85' lang='grc'>(86),</span> <span class='ocrx_word' id='word_1_292' title='bbox 838 2407 925 2471; x_wconf 68' lang='grc' dir='ltr'><strong>δια</strong></span> <span class='ocrx_word' id='word_1_293' title='bbox 952 2408 1049 2479; x_wconf 75' lang='grc' dir='ltr'>τῆς</span> <span class='ocrx_word' id='word_1_294' title='bbox 1084 2406 1533 2480; x_wconf 78' lang='grc' dir='ltr'>κατηγγελμένης</span> <span class='ocrx_word' id='word_1_295' title='bbox 1575 2410 1667 2464; x_wconf 83' lang='grc' dir='ltr'><strong>ὑπ’</strong></span> 
     </span>
    </p>
   </div>
   <div class='ocr_carea' id='block_1_42' title="bbox 125 2498 1665 2569">
    <p class='ocr_par' dir='ltr' id='par_1_42' title="bbox 125 2498 1665 2569">
     <span class='ocr_line' id='line_1_42' title="bbox 125 2498 1665 2569; baseline 0.003 -19"><span class='ocrx_word' id='word_1_296' title='bbox 125 2498 256 2551; x_wconf 72' lang='grc' dir='ltr'>αὑτοῦ</span> <span class='ocrx_word' id='word_1_297' title='bbox 308 2500 657 2567; x_wconf 89' lang='grc' dir='ltr'>θεογνωσίας,</span> <span class='ocrx_word' id='word_1_298' title='bbox 715 2500 809 2552; x_wconf 71' lang='grc' dir='ltr'>καὶ</span> <span class='ocrx_word' id='word_1_299' title='bbox 874 2499 1105 2569; x_wconf 80' lang='grc' dir='ltr'>ἀληθοῦς</span> <span class='ocrx_word' id='word_1_300' title='bbox 1128 2499 1443 2564; x_wconf 79' lang='grc' dir='ltr'>εὐσεϐείας,</span> <span class='ocrx_word' id='word_1_301' title='bbox 1502 2503 1665 2554; x_wconf 81' lang='grc' dir='ltr'>πᾶσιν</span> 
     </span>
    </p>
   </div>
   <div class='ocr_carea' id='block_1_43' title="bbox 125 2590 1663 2663">
    <p class='ocr_par' dir='ltr' id='par_1_43' title="bbox 125 2590 1663 2663">
     <span class='ocr_line' id='line_1_43' title="bbox 125 2590 1663 2663; baseline 0.001 -20"><span class='ocrx_word' id='word_1_302' title='bbox 125 2591 227 2660; x_wconf 70' lang='grc' dir='ltr'>ἡμῖν</span> <span class='ocrx_word' id='word_1_303' title='bbox 248 2591 599 2663; x_wconf 82' lang='grc' dir='ltr'>δωρούμενος.</span> <span class='ocrx_word' id='word_1_304' title='bbox 630 2592 740 2645; x_wconf 78' lang='grc' dir='ltr'><strong>Καὶ</strong></span> <span class='ocrx_word' id='word_1_305' title='bbox 768 2590 836 2643; x_wconf 83' lang='grc' dir='ltr'><strong>τά</strong></span> <span class='ocrx_word' id='word_1_306' title='bbox 860 2591 957 2661; x_wconf 82' lang='grc' dir='ltr'>μὲν</span> <span class='ocrx_word' id='word_1_307' title='bbox 986 2590 1230 2662; x_wconf 85' lang='grc' dir='ltr'>ἡμέτερα</span> <span class='ocrx_word' id='word_1_308' title='bbox 1262 2592 1503 2645; x_wconf 85' lang='grc' dir='ltr'>τοιαῦτα.</span> <span class='ocrx_word' id='word_1_309' title='bbox 1538 2593 1663 2657; x_wconf 90' lang='grc' dir='ltr'>Τοῖς</span> 
     </span>
    </p>
   </div>
   <div class='ocr_carea' id='block_1_44' title="bbox 122 2679 1660 2755">
    <p class='ocr_par' dir='ltr' id='par_1_44' title="bbox 122 2679 1660 2755">
     <span class='ocr_line' id='line_1_44' title="bbox 122 2679 1660 2755; baseline 0.002 -21"><span class='ocrx_word' id='word_1_310' title='bbox 122 2679 165 2734; x_wconf 77' lang='grc' dir='ltr'><strong>δὲ</strong></span> <span class='ocrx_word' id='word_1_311' title='bbox 194 2682 346 2747; x_wconf 74' lang='grc' dir='ltr'>ἄλλως</span> <span class='ocrx_word' id='word_1_312' title='bbox 399 2684 645 2752; x_wconf 78' lang='grc' dir='ltr'>λέγουσι,</span> <span class='ocrx_word' id='word_1_313' title='bbox 688 2681 1099 2753; x_wconf 80' lang='grc' dir='ltr'>χαλεπανοῦμέν</span> <span class='ocrx_word' id='word_1_314' title='bbox 1154 2700 1237 2747; x_wconf 89' lang='grc' dir='ltr'><strong>τε,</strong></span> <span class='ocrx_word' id='word_1_315' title='bbox 1273 2683 1368 2735; x_wconf 74' lang='grc' dir='ltr'>καὶ</span> <span class='ocrx_word' id='word_1_316' title='bbox 1410 2684 1567 2755; x_wconf 86' lang='grc' dir='ltr'>χορὸν</span> <span class='ocrx_word' id='word_1_317' title='bbox 1599 2686 1660 2737; x_wconf 79' lang='grc' dir='ltr'>οὐ</span> 
     </span>
    </p>
   </div>
   <div class='ocr_carea' id='block_1_45' title="bbox 121 2774 1665 2846">
    <p class='ocr_par' dir='ltr' id='par_1_45' title="bbox 121 2774 1665 2846">
     <span class='ocr_line' id='line_1_45' title="bbox 121 2774 1665 2846; baseline 0.001 -19"><span class='ocrx_word' id='word_1_318' title='bbox 121 2774 337 2846; x_wconf 82' lang='grc' dir='ltr'>δώσομεν,</span> <span class='ocrx_word' id='word_1_319' title='bbox 367 2776 487 2829; x_wconf 83' lang='grc' dir='ltr'>οὐδέ</span> <span class='ocrx_word' id='word_1_320' title='bbox 518 2793 589 2844; x_wconf 82' lang='grc' dir='ltr'><strong>γε</strong></span> <span class='ocrx_word' id='word_1_321' title='bbox 619 2777 743 2838; x_wconf 78' lang='grc' dir='ltr'>τοὺς</span> <span class='ocrx_word' id='word_1_322' title='bbox 768 2774 1120 2837; x_wconf 84' lang='grc' dir='ltr'>διδασκάλους</span> <span class='ocrx_word' id='word_1_323' title='bbox 1148 2774 1380 2845; x_wconf 77' lang='grc' dir='ltr'>ἐάσομεν</span> <span class='ocrx_word' id='word_1_324' title='bbox 1408 2778 1501 2829; x_wconf 77' lang='grc' dir='ltr'><strong>ἐπὶ</strong></span> <span class='ocrx_word' id='word_1_325' title='bbox 1538 2794 1665 2829; x_wconf 86' lang='grc' dir='ltr'>παι-</span> 
     </span>
    </p>
   </div>
   <div class='ocr_carea' id='block_1_46' title="bbox 122 2864 1665 2940">
    <p class='ocr_par' dir='ltr' id='par_1_46' title="bbox 122 2864 1665 2940">
     <span class='ocr_line' id='line_1_46' title="bbox 122 2864 1665 2940; baseline 0.002 -23"><span class='ocrx_word' id='word_1_326' title='bbox 122 2864 213 2937; x_wconf 64' lang='lat' dir='ltr'><strong>ﬁsi;</strong></span> <span class='ocrx_word' id='word_1_327' title='bbox 246 2866 469 2940; x_wconf 81' lang='grc' dir='ltr'>χρῆσθαι</span> <span class='ocrx_word' id='word_1_328' title='bbox 502 2867 620 2919; x_wconf 79' lang='grc' dir='ltr'><strong>τῶν</strong></span> <span class='ocrx_word' id='word_1_329' title='bbox 659 2867 813 2929; x_wconf 83' lang='grc' dir='ltr'>νέων,</span> <span class='ocrx_word' id='word_1_330' title='bbox 850 2868 897 2919; x_wconf 81' lang='grc' dir='ltr'>εἰ</span> <span class='ocrx_word' id='word_1_331' title='bbox 934 2866 1215 2935; x_wconf 89' lang='grc' dir='ltr'>μέλλουσιν</span> <span class='ocrx_word' id='word_1_332' title='bbox 1240 2868 1370 2938; x_wconf 79' lang='grc' dir='ltr'>ἡμῖν</span> <span class='ocrx_word' id='word_1_333' title='bbox 1407 2868 1456 2919; x_wconf 81' lang='grc' dir='ltr'>οἱ</span> <span class='ocrx_word' id='word_1_334' title='bbox 1494 2867 1665 2936; x_wconf 77' lang='grc' dir='ltr'>φύλα-</span> 
     </span>
    </p>
   </div>
   <div class='ocr_carea' id='block_1_47' title="bbox 122 2957 1668 3030">
    <p class='ocr_par' dir='ltr' id='par_1_47' title="bbox 122 2957 1668 3030">
     <span class='ocr_line' id='line_1_47' title="bbox 122 2957 1668 3030; baseline 0.002 -21"><span class='ocrx_word' id='word_1_335' title='bbox 122 2974 194 3020; x_wconf 81' lang='grc' dir='ltr'><strong>κες</strong></span> <span class='ocrx_word' id='word_1_336' title='bbox 218 2957 468 3024; x_wconf 73' lang='grc' dir='ltr'>θεοσεϐεῖς</span> <span class='ocrx_word' id='word_1_337' title='bbox 490 2977 558 3013; x_wconf 79' lang='grc' dir='ltr'><strong>τε</strong></span> <span class='ocrx_word' id='word_1_338' title='bbox 583 2960 675 3012; x_wconf 72' lang='grc' dir='ltr'>καὶ</span> <span class='ocrx_word' id='word_1_339' title='bbox 694 2958 826 3011; x_wconf 88' lang='grc' dir='ltr'>θεῖοι</span> <span class='ocrx_word' id='word_1_340' title='bbox 848 2957 1150 3026; x_wconf 88' lang='grc' dir='ltr'>γίγνεσθαι,</span> <span class='ocrx_word' id='word_1_341' title='bbox 1176 2958 1248 3022; x_wconf 82' lang='grc' dir='ltr'><strong>ὡς</strong></span> <span class='ocrx_word' id='word_1_342' title='bbox 1285 2960 1379 3012; x_wconf 73' lang='grc' dir='ltr'>καὶ</span> <span class='ocrx_word' id='word_1_343' title='bbox 1418 2958 1494 3030; x_wconf 81' lang='grc' dir='ltr'>τῷ</span> <span class='ocrx_word' id='word_1_344' title='bbox 1519 2960 1668 3029; x_wconf 81' lang='grc' dir='ltr'>φιλο-</span> 
     </span>
    </p>
   </div>
   <div class='ocr_carea' id='block_1_48' title="bbox 123 3048 865 3122">
    <p class='ocr_par' dir='ltr' id='par_1_48' title="bbox 123 3048 865 3122">
     <span class='ocr_line' id='line_1_48' title="bbox 123 3048 865 3122; baseline 0.004 -20"><span class='ocrx_word' id='word_1_345' title='bbox 123 3048 238 3118; x_wconf 71' lang='grc' dir='ltr'>σόφῳ</span> <span class='ocrx_word' id='word_1_346' title='bbox 266 3050 453 3121; x_wconf 76' lang='grc' dir='ltr'>ἄριστα</span> <span class='ocrx_word' id='word_1_347' title='bbox 485 3052 639 3122; x_wconf 76' lang='grc' dir='ltr'>ἔχειν</span> <span class='ocrx_word' id='word_1_348' title='bbox 668 3051 865 3106; x_wconf 76' lang='grc' dir='ltr'>ἐδόκει.</span> 
     </span>
    </p>
   </div>
   <div class='ocr_carea' id='block_1_49' title="bbox 1775 1948 3355 2030">
    <p class='ocr_par' dir='ltr' id='par_1_49' title="bbox 1775 1948 3355 2030">
     <span class='ocr_line' id='line_1_49' title="bbox 1775 1948 3355 2030; baseline -0.008 -17"><span class='ocrx_word' id='word_1_349' title='bbox 1775 1966 2116 2030; x_wconf 80' lang='lat' dir='ltr'><strong>agnosceret,</strong></span> <span class='ocrx_word' id='word_1_350' title='bbox 2176 1957 2271 2012; x_wconf 90' lang='lat' dir='ltr'><strong>sed</strong></span> <span class='ocrx_word' id='word_1_351' title='bbox 2325 1956 2379 2009; x_wconf 91' lang='lat' dir='ltr'><strong>in</strong></span> <span class='ocrx_word' id='word_1_352' title='bbox 2433 1955 2609 2011; x_wconf 61' lang='lat' dir='ltr'><strong>bruta:</strong></span> <span class='ocrx_word' id='word_1_353' title='bbox 2660 1953 2956 2008; x_wconf 86' lang='lat' dir='ltr'><strong>animantis</strong></span> <span class='ocrx_word' id='word_1_354' title='bbox 2987 1948 3355 2005; x_wconf 89' lang='lat' dir='ltr'><strong>conditionem</strong></span> 
     </span>
    </p>
   </div>
   <div class='ocr_carea' id='block_1_50' title="bbox 1774 2040 3360 2123">
    <p class='ocr_par' dir='ltr' id='par_1_50' title="bbox 1774 2040 3360 2123">
     <span class='ocr_line' id='line_1_50' title="bbox 1774 2040 3360 2123; baseline -0.008 -17"><span class='ocrx_word' id='word_1_355' title='bbox 1774 2066 1941 2123; x_wconf 86' lang='lat' dir='ltr'><strong>prope</strong></span> <span class='ocrx_word' id='word_1_356' title='bbox 1979 2051 2404 2121; x_wconf 80' lang='lat' dir='ltr'><strong>degenerasset:</strong></span> <span class='ocrx_word' id='word_1_357' title='bbox 2444 2057 2755 2118; x_wconf 87' lang='lat' dir='ltr'><strong>propterea,</strong></span> <span class='ocrx_word' id='word_1_358' title='bbox 2800 2046 3045 2114; x_wconf 87' lang='lat' dir='ltr'><strong>inquam,</strong></span> <span class='ocrx_word' id='word_1_359' title='bbox 3100 2040 3360 2102; x_wconf 86' lang='lat' dir='ltr'><strong>Servato-</strong></span> 
     </span>
    </p>
   </div>
   <div class='ocr_carea' id='block_1_51' title="bbox 1776 2135 3354 2198">
    <p class='ocr_par' dir='ltr' id='par_1_51' title="bbox 1776 2135 3354 2198">
     <span class='ocr_line' id='line_1_51' title="bbox 1776 2135 3354 2198; baseline -0.007 -1"><span class='ocrx_word' id='word_1_360' title='bbox 1776 2158 1887 2198; x_wconf 90' lang='lat' dir='ltr'><strong>rem</strong></span> <span class='ocrx_word' id='word_1_361' title='bbox 1922 2158 1987 2198; x_wconf 92' lang='lat' dir='ltr'><strong>ac</strong></span> <span class='ocrx_word' id='word_1_362' title='bbox 2027 2142 2297 2196; x_wconf 91' lang='lat' dir='ltr'><strong>medicum</strong></span> <span class='ocrx_word' id='word_1_363' title='bbox 2328 2141 2395 2195; x_wconf 91' lang='lat' dir='ltr'><strong>ad</strong></span> <span class='ocrx_word' id='word_1_364' title='bbox 2434 2140 2685 2193; x_wconf 88' lang='lat' dir='ltr'><strong>homines</strong></span> <span class='ocrx_word' id='word_1_365' title='bbox 2730 2135 3030 2191; x_wconf 84' lang='lat' dir='ltr'><strong>accessisse</strong></span> <span class='ocrx_word' id='word_1_366' title='bbox 3061 2142 3354 2195; x_wconf 88' lang='lat' dir='ltr'><strong>testantur,</strong></span> 
     </span>
    </p>
   </div>
   <div class='ocr_carea' id='block_1_52' title="bbox 1774 2225 3354 2301">
    <p class='ocr_par' dir='ltr' id='par_1_52' title="bbox 1774 2225 3354 2301">
     <span class='ocr_line' id='line_1_52' title="bbox 1774 2225 3354 2301; baseline -0.006 -12"><span class='ocrx_word' id='word_1_367' title='bbox 1774 2234 1855 2291; x_wconf 86' lang='lat' dir='ltr'><strong>sic</strong></span> <span class='ocrx_word' id='word_1_368' title='bbox 1891 2244 2096 2299; x_wconf 90' lang='lat' dir='ltr'><strong>tamen,</strong></span> <span class='ocrx_word' id='word_1_369' title='bbox 2148 2242 2209 2288; x_wconf 92' lang='lat' dir='ltr'><strong>ut</strong></span> <span class='ocrx_word' id='word_1_370' title='bbox 2241 2247 2418 2301; x_wconf 91' lang='lat' dir='ltr'><strong>neque</strong></span> <span class='ocrx_word' id='word_1_371' title='bbox 2465 2246 2619 2287; x_wconf 89' lang='lat' dir='ltr'><strong>suam</strong></span> <span class='ocrx_word' id='word_1_372' title='bbox 2652 2230 2768 2299; x_wconf 90' lang='lat' dir='ltr'><strong>ipse</strong></span> <span class='ocrx_word' id='word_1_373' title='bbox 2820 2237 3071 2283; x_wconf 91' lang='lat' dir='ltr'><strong>naturam</strong></span> <span class='ocrx_word' id='word_1_374' title='bbox 3119 2225 3354 2289; x_wconf 79' lang='lat' dir='ltr'><strong>exuerit,</strong></span> 
     </span>
    </p>
   </div>
   <div class='ocr_carea' id='block_1_53' title="bbox 1778 2320 3358 2397">
    <p class='ocr_par' dir='ltr' id='par_1_53' title="bbox 1778 2320 3358 2397">
     <span class='ocr_line' id='line_1_53' title="bbox 1778 2320 3358 2397; baseline -0.004 -18"><span class='ocrx_word' id='word_1_375' title='bbox 1778 2342 1956 2397; x_wconf 89' lang='lat' dir='ltr'><strong>neque</strong></span> <span class='ocrx_word' id='word_1_376' title='bbox 1983 2326 2293 2381; x_wconf 79' lang='lat' dir='ltr'><strong>videntibus</strong></span> <span class='ocrx_word' id='word_1_377' title='bbox 2314 2339 2556 2379; x_wconf 89' lang='lat' dir='ltr'><strong>errorem</strong></span> <span class='ocrx_word' id='word_1_378' title='bbox 2584 2323 2752 2376; x_wconf 89' lang='lat' dir='ltr'><strong>ullum</strong></span> <span class='ocrx_word' id='word_1_379' title='bbox 2778 2321 3053 2385; x_wconf 88' lang='lat' dir='ltr'><strong>obtulerit,</strong></span> <span class='ocrx_word' id='word_1_380' title='bbox 3079 2320 3171 2374; x_wconf 92' lang='lat' dir='ltr'><strong>sed</strong></span> <span class='ocrx_word' id='word_1_381' title='bbox 3188 2320 3358 2389; x_wconf 77' lang='lat' dir='ltr'><strong>ambo</strong></span> 
     </span>
    </p>
   </div>
   <div class='ocr_carea' id='block_1_54' title="bbox 1774 2414 3357 2486">
    <p class='ocr_par' dir='ltr' id='par_1_54' title="bbox 1774 2414 3357 2486">
     <span class='ocr_line' id='line_1_54' title="bbox 1774 2414 3357 2486; baseline -0.006 -13"><span class='ocrx_word' id='word_1_382' title='bbox 1774 2419 1888 2485; x_wconf 89' lang='lat' dir='ltr'><strong>illa,</strong></span> <span class='ocrx_word' id='word_1_383' title='bbox 1928 2420 2033 2474; x_wconf 90' lang='lat' dir='ltr'><strong>hoc</strong></span> <span class='ocrx_word' id='word_1_384' title='bbox 2091 2427 2174 2473; x_wconf 91' lang='lat' dir='ltr'><strong>est</strong></span> <span class='ocrx_word' id='word_1_385' title='bbox 2205 2428 2315 2472; x_wconf 89' lang='lat' dir='ltr'><strong>tam</strong></span> <span class='ocrx_word' id='word_1_386' title='bbox 2352 2417 2498 2486; x_wconf 90' lang='lat' dir='ltr'><strong>quod</strong></span> <span class='ocrx_word' id='word_1_387' title='bbox 2549 2416 2699 2471; x_wconf 91' lang='lat' dir='ltr'><strong>cerni</strong></span> <span class='ocrx_word' id='word_1_388' title='bbox 2736 2414 2911 2470; x_wconf 91' lang='lat' dir='ltr'><strong>oculis</strong></span> <span class='ocrx_word' id='word_1_389' title='bbox 2960 2428 3067 2468; x_wconf 92' lang='lat' dir='ltr'><strong>non</strong></span> <span class='ocrx_word' id='word_1_390' title='bbox 3122 2420 3357 2482; x_wconf 88' lang='lat' dir='ltr'><strong>poterat,</strong></span> 
     </span>
    </p>
   </div>
   <div class='ocr_carea' id='block_1_55' title="bbox 1773 2500 3353 2577">
    <p class='ocr_par' dir='ltr' id='par_1_55' title="bbox 1773 2500 3353 2577">
     <span class='ocr_line' id='line_1_55' title="bbox 1773 2500 3353 2577; baseline -0.005 -16"><span class='ocrx_word' id='word_1_391' title='bbox 1773 2523 1937 2577; x_wconf 90' lang='lat' dir='ltr'><strong>quam</strong></span> <span class='ocrx_word' id='word_1_392' title='bbox 1966 2507 2113 2576; x_wconf 91' lang='lat' dir='ltr'><strong>quod</strong></span> <span class='ocrx_word' id='word_1_393' title='bbox 2142 2507 2246 2561; x_wconf 93' lang='lat' dir='ltr'><strong>suh</strong></span> <span class='ocrx_word' id='word_1_394' title='bbox 2283 2514 2563 2575; x_wconf 81' lang='lat' dir='ltr'><strong>aspectum</strong></span> <span class='ocrx_word' id='word_1_395' title='bbox 2598 2504 2846 2567; x_wconf 89' lang='lat' dir='ltr'><strong>cadebat,</strong></span> <span class='ocrx_word' id='word_1_396' title='bbox 2878 2518 3007 2558; x_wconf 84' lang='lat' dir='ltr'><strong>vera</strong></span> <span class='ocrx_word' id='word_1_397' title='bbox 3045 2500 3353 2557; x_wconf 87' lang='lat' dir='ltr'><strong>retinuerit.</strong></span> 
     </span>
    </p>
   </div>
   <div class='ocr_carea' id='block_1_56' title="bbox 1771 2594 3358 2661">
    <p class='ocr_par' dir='ltr' id='par_1_56' title="bbox 1771 2594 3358 2661">
     <span class='ocr_line' id='line_1_56' title="bbox 1771 2594 3358 2661; baseline -0.004 -8"><span class='ocrx_word' id='word_1_398' title='bbox 1771 2599 1919 2653; x_wconf 91' lang='lat' dir='ltr'><strong>Idem</strong></span> <span class='ocrx_word' id='word_1_399' title='bbox 1949 2599 2093 2653; x_wconf 89' lang='lat' dir='ltr'><strong>enim</strong></span> <span class='ocrx_word' id='word_1_400' title='bbox 2128 2606 2183 2653; x_wconf 88' lang='lat' dir='ltr'><strong>et</strong></span> <span class='ocrx_word' id='word_1_401' title='bbox 2215 2613 2377 2652; x_wconf 85' lang='lat' dir='ltr'><strong>verus</strong></span> <span class='ocrx_word' id='word_1_402' title='bbox 2407 2603 2572 2651; x_wconf 92' lang='lat' dir='ltr'><strong>homo</strong></span> <span class='ocrx_word' id='word_1_403' title='bbox 2604 2595 2948 2661; x_wconf 83' lang='lat' dir='ltr'><strong>cernebatur,</strong></span> <span class='ocrx_word' id='word_1_404' title='bbox 2979 2604 3034 2650; x_wconf 90' lang='lat' dir='ltr'><strong>et</strong></span> <span class='ocrx_word' id='word_1_405' title='bbox 3058 2609 3247 2648; x_wconf 91' lang='lat' dir='ltr'><strong>verum</strong></span> <span class='ocrx_word' id='word_1_406' title='bbox 3281 2594 3358 2649; x_wconf 85' lang='lat' dir='ltr'><strong>si-</strong></span> 
     </span>
    </p>
   </div>
   <div class='ocr_carea' id='block_1_57' title="bbox 1768 2685 3345 2759">
    <p class='ocr_par' dir='ltr' id='par_1_57' title="bbox 1768 2685 3345 2759">
     <span class='ocr_line' id='line_1_57' title="bbox 1768 2685 3345 2759; baseline -0.005 -13"><span class='ocrx_word' id='word_1_407' title='bbox 1768 2692 1883 2746; x_wconf 91' lang='lat' dir='ltr'><strong>mul</strong></span> <span class='ocrx_word' id='word_1_408' title='bbox 1919 2690 2015 2747; x_wconf 89' lang='lat' dir='ltr'><strong>Dei</strong></span> <span class='ocrx_word' id='word_1_409' title='bbox 2044 2689 2282 2745; x_wconf 83' lang='lat' dir='ltr'><strong>Verbum</strong></span> <span class='ocrx_word' id='word_1_410' title='bbox 2338 2698 2474 2755; x_wconf 89' lang='lat' dir='ltr'><strong>erat,</strong></span> <span class='ocrx_word' id='word_1_411' title='bbox 2510 2689 2653 2759; x_wconf 85' lang='lat' dir='ltr'><strong>quod</strong></span> <span class='ocrx_word' id='word_1_412' title='bbox 2687 2687 2853 2741; x_wconf 90' lang='lat' dir='ltr'><strong>nullis</strong></span> <span class='ocrx_word' id='word_1_413' title='bbox 2899 2685 3191 2756; x_wconf 73' lang='lat' dir='ltr'><strong>praestigiis</strong></span> <span class='ocrx_word' id='word_1_414' title='bbox 3225 2693 3345 2738; x_wconf 87' lang='lat' dir='ltr'><strong>ute-</strong></span> 
     </span>
    </p>
   </div>
   <div class='ocr_carea' id='block_1_58' title="bbox 1767 2776 3350 2851">
    <p class='ocr_par' dir='ltr' id='par_1_58' title="bbox 1767 2776 3350 2851">
     <span class='ocr_line' id='line_1_58' title="bbox 1767 2776 3350 2851; baseline -0.006 -14"><span class='ocrx_word' id='word_1_415' title='bbox 1767 2783 1952 2849; x_wconf 86' lang='lat' dir='ltr'><strong>batur,</strong></span> <span class='ocrx_word' id='word_1_416' title='bbox 1990 2797 2089 2837; x_wconf 90' lang='lat' dir='ltr'><strong>nec</strong></span> <span class='ocrx_word' id='word_1_417' title='bbox 2130 2781 2522 2851; x_wconf 87' lang='lat' dir='ltr'><strong>aspicientibus</strong></span> <span class='ocrx_word' id='word_1_418' title='bbox 2551 2780 2809 2834; x_wconf 83' lang='lat' dir='ltr'><strong>illudebat</strong></span> <span class='ocrx_word' id='word_1_419' title='bbox 2840 2797 2853 2831; x_wconf 86' lang='lat'><strong>:</strong></span> <span class='ocrx_word' id='word_1_420' title='bbox 2887 2776 3350 2847; x_wconf 74' lang='lat' dir='ltr'><strong>quemadmodum</strong></span> 
     </span>
    </p>
   </div>
   <div class='ocr_carea' id='block_1_59' title="bbox 1769 2867 3352 2929">
    <p class='ocr_par' dir='ltr' id='par_1_59' title="bbox 1769 2867 3352 2929">
     <span class='ocr_line' id='line_1_59' title="bbox 1769 2867 3352 2929; baseline -0.006 0"><span class='ocrx_word' id='word_1_421' title='bbox 1769 2875 1934 2929; x_wconf 89' lang='lat' dir='ltr'><strong>etiam</strong></span> <span class='ocrx_word' id='word_1_422' title='bbox 1987 2873 2200 2929; x_wconf 90' lang='lat' dir='ltr'><strong>Platoni</strong></span> <span class='ocrx_word' id='word_1_423' title='bbox 2249 2872 2460 2927; x_wconf 85' lang='lat' dir='ltr'><strong>Numen</strong></span> <span class='ocrx_word' id='word_1_424' title='bbox 2494 2872 2561 2925; x_wconf 90' lang='lat' dir='ltr'><strong>ab</strong></span> <span class='ocrx_word' id='word_1_425' title='bbox 2595 2872 2746 2925; x_wconf 91' lang='lat' dir='ltr'><strong>omni</strong></span> <span class='ocrx_word' id='word_1_426' title='bbox 2778 2868 3064 2923; x_wconf 90' lang='lat' dir='ltr'><strong>mendacio</strong></span> <span class='ocrx_word' id='word_1_427' title='bbox 3111 2867 3352 2921; x_wconf 87' lang='lat' dir='ltr'><strong>alienum</strong></span> 
     </span>
    </p>
   </div>
   <div class='ocr_carea' id='block_1_60' title="bbox 1769 2958 3347 3033">
    <p class='ocr_par' dir='ltr' id='par_1_60' title="bbox 1769 2958 3347 3033">
     <span class='ocr_line' id='line_1_60' title="bbox 1769 2958 3347 3033; baseline -0.003 -13"><span class='ocrx_word' id='word_1_428' title='bbox 1769 2980 1891 3021; x_wconf 90' lang='lat' dir='ltr'><strong>esse</strong></span> <span class='ocrx_word' id='word_1_429' title='bbox 1910 2966 2105 3019; x_wconf 90' lang='lat' dir='ltr'><strong>debere</strong></span> <span class='ocrx_word' id='word_1_430' title='bbox 2127 2965 2431 3019; x_wconf 85' lang='lat' dir='ltr'><strong>videbatur.</strong></span> <span class='ocrx_word' id='word_1_431' title='bbox 2460 2961 2676 3033; x_wconf 65' lang='lat' dir='ltr'><strong>«Itaque</strong></span> <span class='ocrx_word' id='word_1_432' title='bbox 2700 2962 2844 3017; x_wconf 91' lang='lat' dir='ltr'><strong>Deus</strong></span> <span class='ocrx_word' id='word_1_433' title='bbox 2864 2960 3102 3016; x_wconf 79' lang='lat' dir='ltr'><strong>Verbum</strong></span> <span class='ocrx_word' id='word_1_434' title='bbox 3120 2958 3347 3029; x_wconf 80' lang='lat' dir='ltr'><strong>simplex</strong></span> 
     </span>
    </p>
   </div>
   <div class='ocr_carea' id='block_1_61' title="bbox 1773 3053 3350 3126">
    <p class='ocr_par' dir='ltr' id='par_1_61' title="bbox 1773 3053 3350 3126">
     <span class='ocr_line' id='line_1_61' title="bbox 1773 3053 3350 3126; baseline -0.004 -16"><span class='ocrx_word' id='word_1_435' title='bbox 1773 3055 2091 3119; x_wconf 90' lang='lat' dir='ltr'><strong>admodum,</strong></span> <span class='ocrx_word' id='word_1_436' title='bbox 2125 3072 2397 3126; x_wconf 82' lang='lat' dir='ltr'><strong>veraxque</strong></span> <span class='ocrx_word' id='word_1_437' title='bbox 2428 3071 2552 3110; x_wconf 93' lang='lat' dir='ltr'><strong>cum</strong></span> <span class='ocrx_word' id='word_1_438' title='bbox 2582 3063 2748 3121; x_wconf 88' lang='lat' dir='ltr'><strong>esset,</strong></span> <span class='ocrx_word' id='word_1_439' title='bbox 2788 3063 2897 3109; x_wconf 88' lang='lat' dir='ltr'><strong>tam</strong></span> <span class='ocrx_word' id='word_1_440' title='bbox 2924 3068 2981 3108; x_wconf 90' lang='lat' dir='ltr'><strong>re</strong></span> <span class='ocrx_word' id='word_1_441' title='bbox 3014 3053 3152 3123; x_wconf 89' lang='lat' dir='ltr'><strong>ipsa,</strong></span> <span class='ocrx_word' id='word_1_442' title='bbox 3184 3066 3350 3123; x_wconf 89' lang='lat' dir='ltr'><strong>quam</strong></span> 
     </span>
    </p>
   </div>
   <div class='ocr_carea' id='block_1_62' title="bbox 120 3141 3334 3219">
    <p class='ocr_par' dir='ltr' id='par_1_62' title="bbox 120 3141 3334 3219">
     <span class='ocr_line' id='line_1_62' title="bbox 120 3141 3334 3219; baseline 0.002 -26"><span class='ocrx_word' id='word_1_443' title='bbox 120 3141 342 3209; x_wconf 65' lang='lat' dir='ltr'><strong>«ratione,</strong></span> <span class='ocrx_word' id='word_1_444' title='bbox 369 3158 468 3199; x_wconf 90' lang='lat' dir='ltr'><strong>nee</strong></span> <span class='ocrx_word' id='word_1_445' title='bbox 498 3158 601 3214; x_wconf 86' lang='lat' dir='ltr'><strong>per</strong></span> <span class='ocrx_word' id='word_1_446' title='bbox 635 3158 755 3197; x_wconf 89' lang='lat' dir='ltr'><strong>sese</strong></span> <span class='ocrx_word' id='word_1_447' title='bbox 817 3142 1152 3209; x_wconf 89' lang='lat' dir='ltr'><strong>mutabatur,</strong></span> <span class='ocrx_word' id='word_1_448' title='bbox 1188 3157 1287 3198; x_wconf 90' lang='lat' dir='ltr'><strong>nec</strong></span> <span class='ocrx_word' id='word_1_449' title='bbox 1318 3142 1455 3198; x_wconf 89' lang='lat' dir='ltr'><strong>alios</strong></span> <span class='ocrx_word' id='word_1_450' title='bbox 1489 3152 1584 3198; x_wconf 91' lang='lat' dir='ltr'><strong>aut</strong></span> <span class='ocrx_word' id='word_1_451' title='bbox 1630 3144 1885 3202; x_wconf 90' lang='lat' dir='ltr'><strong>simulata</strong></span> <span class='ocrx_word' id='word_1_452' title='bbox 1952 3148 2153 3219; x_wconf 89' lang='lat' dir='ltr'><strong>specie,</strong></span> <span class='ocrx_word' id='word_1_453' title='bbox 2213 3158 2307 3203; x_wconf 90' lang='lat' dir='ltr'><strong>aut</strong></span> <span class='ocrx_word' id='word_1_454' title='bbox 2353 3148 2553 3212; x_wconf 89' lang='lat' dir='ltr'><strong>verbis,</strong></span> <span class='ocrx_word' id='word_1_455' title='bbox 2599 3155 2693 3200; x_wconf 92' lang='lat' dir='ltr'><strong>aut</strong></span> <span class='ocrx_word' id='word_1_456' title='bbox 2752 3146 3033 3215; x_wconf 85' lang='lat' dir='ltr'><strong>signorum</strong></span> <span class='ocrx_word' id='word_1_457' title='bbox 3081 3143 3334 3209; x_wconf 88' lang='lat' dir='ltr'><strong>ostentis,</strong></span> 
     </span>
    </p>
   </div>
   <div class='ocr_carea' id='block_1_63' title="bbox 121 3234 3355 3311">
    <p class='ocr_par' dir='ltr' id='par_1_63' title="bbox 121 3234 3355 3311">
     <span class='ocr_line' id='line_1_63' title="bbox 121 3234 3355 3311; baseline 0.002 -24"><span class='ocrx_word' id='word_1_458' title='bbox 121 3243 193 3287; x_wconf 83' lang='lat' dir='ltr'><strong>aut</strong></span> <span class='ocrx_word' id='word_1_459' title='bbox 218 3235 357 3298; x_wconf 85' lang='lat' dir='ltr'><strong>visis,</strong></span> <span class='ocrx_word' id='word_1_460' title='bbox 391 3244 486 3290; x_wconf 88' lang='lat' dir='ltr'><strong>aut</strong></span> <span class='ocrx_word' id='word_1_461' title='bbox 515 3234 753 3291; x_wconf 89' lang='lat' dir='ltr'><strong>somniis</strong></span> <span class='ocrx_word' id='word_1_462' title='bbox 781 3235 835 3288; x_wconf 89' lang='lat' dir='ltr'><strong>in</strong></span> <span class='ocrx_word' id='word_1_463' title='bbox 872 3250 1113 3289; x_wconf 91' lang='lat' dir='ltr'><strong>errorem</strong></span> <span class='ocrx_word' id='word_1_464' title='bbox 1161 3234 1510 3291; x_wconf 62' lang='lat' dir='ltr'><strong>inducebat.»</strong></span> <span class='ocrx_word' id='word_1_465' title='bbox 1553 3236 1906 3311; x_wconf 70' lang='lat' dir='ltr'><strong>Quazcunque</strong></span> <span class='ocrx_word' id='word_1_466' title='bbox 1971 3242 2116 3295; x_wconf 92' lang='lat' dir='ltr'><strong>enim</strong></span> <span class='ocrx_word' id='word_1_467' title='bbox 2160 3240 2361 3311; x_wconf 90' lang='lat' dir='ltr'><strong>ipsum,</strong></span> <span class='ocrx_word' id='word_1_468' title='bbox 2432 3250 2692 3309; x_wconf 89' lang='lat' dir='ltr'><strong>tanquam</strong></span> <span class='ocrx_word' id='word_1_469' title='bbox 2771 3238 3081 3293; x_wconf 88' lang='lat' dir='ltr'><strong>animorum</strong></span> <span class='ocrx_word' id='word_1_470' title='bbox 3140 3239 3355 3293; x_wconf 86' lang='lat' dir='ltr'><strong>ratione</strong></span> 
     </span>
    </p>
   </div>
   <div class='ocr_carea' id='block_1_64' title="bbox 120 3327 3349 3407">
    <p class='ocr_par' dir='ltr' id='par_1_64' title="bbox 120 3327 3349 3407">
     <span class='ocr_line' id='line_1_64' title="bbox 120 3327 3349 3407; baseline 0.001 -26"><span class='ocrx_word' id='word_1_471' title='bbox 120 3327 421 3393; x_wconf 74' lang='lat' dir='ltr'><strong>pneditorum</strong></span> <span class='ocrx_word' id='word_1_472' title='bbox 453 3328 755 3395; x_wconf 86' lang='lat' dir='ltr'><strong>medicum,</strong></span> <span class='ocrx_word' id='word_1_473' title='bbox 810 3327 877 3382; x_wconf 90' lang='lat' dir='ltr'><strong>ad</strong></span> <span class='ocrx_word' id='word_1_474' title='bbox 941 3328 1173 3407; x_wconf 77' lang='lat' dir='ltr'><strong>salutem</strong></span> <span class='ocrx_word' id='word_1_475' title='bbox 1213 3329 1396 3399; x_wconf 85' lang='lat' dir='ltr'><strong>generi</strong></span> <span class='ocrx_word' id='word_1_476' title='bbox 1428 3329 1709 3385; x_wconf 89' lang='lat' dir='ltr'><strong>hominum</strong></span> <span class='ocrx_word' id='word_1_477' title='bbox 1773 3335 2026 3390; x_wconf 88' lang='lat' dir='ltr'><strong>universo</strong></span> <span class='ocrx_word' id='word_1_478' title='bbox 2069 3334 2393 3389; x_wconf 81' lang='lat' dir='ltr'><strong>allerendam</strong></span> <span class='ocrx_word' id='word_1_479' title='bbox 2441 3343 2699 3404; x_wconf 67' lang='lat' dir='ltr'><strong>praastare</strong></span> <span class='ocrx_word' id='word_1_480' title='bbox 2727 3332 2931 3397; x_wconf 86' lang='lat' dir='ltr'><strong>decuit,</strong></span> <span class='ocrx_word' id='word_1_481' title='bbox 2960 3347 3021 3386; x_wconf 89' lang='lat' dir='ltr'><strong>ea</strong></span> <span class='ocrx_word' id='word_1_482' title='bbox 3065 3345 3209 3396; x_wconf 85' lang='lat' dir='ltr'><strong>vere,</strong></span> <span class='ocrx_word' id='word_1_483' title='bbox 3240 3346 3349 3384; x_wconf 91' lang='lat' dir='ltr'><strong>non</strong></span> 
     </span>
    </p>
   </div>
   <div class='ocr_carea' id='block_1_65' title="bbox 120 3417 3350 3495">
    <p class='ocr_par' dir='ltr' id='par_1_65' title="bbox 120 3417 3350 3495">
     <span class='ocr_line' id='line_1_65' title="bbox 120 3417 3350 3495; baseline 0.002 -26"><span class='ocrx_word' id='word_1_484' title='bbox 120 3417 263 3483; x_wconf 83' lang='lat' dir='ltr'><strong>specie</strong></span> <span class='ocrx_word' id='word_1_485' title='bbox 289 3425 461 3487; x_wconf 84' lang='lat' dir='ltr'><strong>tenus,</strong></span> <span class='ocrx_word' id='word_1_486' title='bbox 496 3433 603 3488; x_wconf 85' lang='lat' dir='ltr'><strong>per</strong></span> <span class='ocrx_word' id='word_1_487' title='bbox 632 3434 779 3486; x_wconf 91' lang='lat' dir='ltr'><strong>eum,</strong></span> <span class='ocrx_word' id='word_1_488' title='bbox 810 3434 969 3489; x_wconf 90' lang='lat' dir='ltr'><strong>quem</strong></span> <span class='ocrx_word' id='word_1_489' title='bbox 1013 3418 1328 3487; x_wconf 87' lang='lat' dir='ltr'><strong>assumpsit,</strong></span> <span class='ocrx_word' id='word_1_490' title='bbox 1390 3419 1662 3475; x_wconf 88' lang='lat' dir='ltr'><strong>hominem</strong></span> <span class='ocrx_word' id='word_1_491' title='bbox 1703 3433 1898 3480; x_wconf 88' lang='lat' dir='ltr'><strong>cuncta</strong></span> <span class='ocrx_word' id='word_1_492' title='bbox 1950 3424 2197 3495; x_wconf 80' lang='lat' dir='ltr'><strong>perfecit,</strong></span> <span class='ocrx_word' id='word_1_493' title='bbox 2258 3440 2430 3495; x_wconf 89' lang='lat' dir='ltr'><strong>eaque</strong></span> <span class='ocrx_word' id='word_1_494' title='bbox 2465 3438 2627 3494; x_wconf 85' lang='lat' dir='ltr'><strong>quam</strong></span> <span class='ocrx_word' id='word_1_495' title='bbox 2663 3422 2974 3493; x_wconf 69' lang='lat' dir='ltr'><strong>praedicavit</strong></span> <span class='ocrx_word' id='word_1_496' title='bbox 3025 3420 3118 3476; x_wconf 91' lang='lat' dir='ltr'><strong>Dei</strong></span> <span class='ocrx_word' id='word_1_497' title='bbox 3159 3422 3350 3491; x_wconf 77' lang='lat' dir='ltr'><strong>cogni-</strong></span> 
     </span>
    </p>
   </div>
   <div class='ocr_carea' id='block_1_66' title="bbox 120 3510 3352 3589">
    <p class='ocr_par' dir='ltr' id='par_1_66' title="bbox 120 3510 3352 3589">
     <span class='ocr_line' id='line_1_66' title="bbox 120 3510 3352 3589; baseline 0.001 -25"><span class='ocrx_word' id='word_1_498' title='bbox 120 3510 253 3574; x_wconf 88' lang='lat' dir='ltr'><strong>tione,</strong></span> <span class='ocrx_word' id='word_1_499' title='bbox 285 3529 516 3585; x_wconf 86' lang='lat' dir='ltr'><strong>veraque</strong></span> <span class='ocrx_word' id='word_1_500' title='bbox 556 3514 772 3585; x_wconf 81' lang='lat' dir='ltr'><strong>Pietate,</strong></span> <span class='ocrx_word' id='word_1_501' title='bbox 818 3514 975 3570; x_wconf 89' lang='lat' dir='ltr'><strong>nobis</strong></span> <span class='ocrx_word' id='word_1_502' title='bbox 1022 3515 1279 3569; x_wconf 91' lang='lat' dir='ltr'><strong>omnibus</strong></span> <span class='ocrx_word' id='word_1_503' title='bbox 1310 3530 1433 3569; x_wconf 92' lang='lat' dir='ltr'><strong>cum</strong></span> <span class='ocrx_word' id='word_1_504' title='bbox 1485 3516 1646 3571; x_wconf 89' lang='lat' dir='ltr'><strong>Patre</strong></span> <span class='ocrx_word' id='word_1_505' title='bbox 1686 3534 1788 3574; x_wconf 93' lang='lat' dir='ltr'><strong>suo</strong></span> <span class='ocrx_word' id='word_1_506' title='bbox 1848 3520 2167 3587; x_wconf 87' lang='lat' dir='ltr'><strong>amicitiam,</strong></span> <span class='ocrx_word' id='word_1_507' title='bbox 2200 3521 2266 3575; x_wconf 87' lang='lat' dir='ltr'><strong>ad</strong></span> <span class='ocrx_word' id='word_1_508' title='bbox 2319 3535 2548 3589; x_wconf 85' lang='lat' dir='ltr'><strong>eamque</strong></span> <span class='ocrx_word' id='word_1_509' title='bbox 2597 3516 2855 3571; x_wconf 85' lang='lat' dir='ltr'><strong>redeundi</strong></span> <span class='ocrx_word' id='word_1_510' title='bbox 2892 3515 3203 3570; x_wconf 83' lang='lat' dir='ltr'><strong>facultatem</strong></span> <span class='ocrx_word' id='word_1_511' title='bbox 3249 3515 3352 3567; x_wconf 71' lang='lat' dir='ltr'><strong>im-</strong></span> 
     </span>
    </p>
   </div>
   <div class='ocr_carea' id='block_1_67' title="bbox 120 3604 3347 3677">
    <p class='ocr_par' dir='ltr' id='par_1_67' title="bbox 120 3604 3347 3677">
     <span class='ocr_line' id='line_1_67' title="bbox 120 3604 3347 3677; baseline -0.001 -18"><span class='ocrx_word' id='word_1_512' title='bbox 120 3605 314 3671; x_wconf 84' lang='lat' dir='ltr'><strong>pertivit.</strong></span> <span class='ocrx_word' id='word_1_513' title='bbox 359 3605 425 3661; x_wconf 83' lang='lat' dir='ltr'><strong>Et</strong></span> <span class='ocrx_word' id='word_1_514' title='bbox 472 3614 665 3662; x_wconf 89' lang='lat' dir='ltr'><strong>nostra</strong></span> <span class='ocrx_word' id='word_1_515' title='bbox 696 3606 914 3676; x_wconf 90' lang='lat' dir='ltr'><strong>quidem</strong></span> <span class='ocrx_word' id='word_1_516' title='bbox 950 3604 1264 3675; x_wconf 88' lang='lat' dir='ltr'><strong>hujusmodi</strong></span> <span class='ocrx_word' id='word_1_517' title='bbox 1307 3614 1453 3659; x_wconf 91' lang='lat' dir='ltr'><strong>sunt.</strong></span> <span class='ocrx_word' id='word_1_518' title='bbox 1508 3606 1836 3677; x_wconf 83' lang='lat' dir='ltr'><strong>Quicunque</strong></span> <span class='ocrx_word' id='word_1_519' title='bbox 1904 3620 2087 3666; x_wconf 90' lang='lat' dir='ltr'><strong>autem</strong></span> <span class='ocrx_word' id='word_1_520' title='bbox 2142 3610 2299 3664; x_wconf 89' lang='lat' dir='ltr'><strong>aliter</strong></span> <span class='ocrx_word' id='word_1_521' title='bbox 2355 3610 2669 3677; x_wconf 84' lang='lat' dir='ltr'><strong>loquentur,</strong></span> <span class='ocrx_word' id='word_1_522' title='bbox 2741 3604 2980 3659; x_wconf 83' lang='lat' dir='ltr'><strong>feremus</strong></span> <span class='ocrx_word' id='word_1_523' title='bbox 3047 3620 3179 3659; x_wconf 89' lang='lat' dir='ltr'><strong>sane</strong></span> <span class='ocrx_word' id='word_1_524' title='bbox 3222 3619 3347 3673; x_wconf 77' lang='lat' dir='ltr'><strong>gra-</strong></span> 
     </span>
    </p>
   </div>
   <div class='ocr_carea' id='block_1_68' title="bbox 120 3695 3349 3771">
    <p class='ocr_par' dir='ltr' id='par_1_68' title="bbox 120 3695 3349 3771">
     <span class='ocr_line' id='line_1_68' title="bbox 120 3695 3349 3771; baseline -0 -22"><span class='ocrx_word' id='word_1_525' title='bbox 120 3698 245 3764; x_wconf 76' lang='lat' dir='ltr'><strong>riter,</strong></span> <span class='ocrx_word' id='word_1_526' title='bbox 271 3713 363 3753; x_wconf 90' lang='lat' dir='ltr'><strong>nec</strong></span> <span class='ocrx_word' id='word_1_527' title='bbox 401 3698 625 3769; x_wconf 81' lang='lat' dir='ltr'><strong>legendi</strong></span> <span class='ocrx_word' id='word_1_528' title='bbox 670 3698 1008 3767; x_wconf 88' lang='lat' dir='ltr'><strong>docendique</strong></span> <span class='ocrx_word' id='word_1_529' title='bbox 1052 3697 1205 3752; x_wconf 86' lang='lat' dir='ltr'><strong>chori</strong></span> <span class='ocrx_word' id='word_1_530' title='bbox 1246 3706 1568 3768; x_wconf 87' lang='lat' dir='ltr'><strong>potestatem</strong></span> <span class='ocrx_word' id='word_1_531' title='bbox 1624 3700 1690 3755; x_wconf 91' lang='lat' dir='ltr'><strong>iis</strong></span> <span class='ocrx_word' id='word_1_532' title='bbox 1728 3701 2013 3768; x_wconf 87' lang='lat' dir='ltr'><strong>faciemus,</strong></span> <span class='ocrx_word' id='word_1_533' title='bbox 2072 3718 2173 3756; x_wconf 92' lang='lat' dir='ltr'><strong>nec</strong></span> <span class='ocrx_word' id='word_1_534' title='bbox 2230 3702 2299 3756; x_wconf 90' lang='lat' dir='ltr'><strong>iis</strong></span> <span class='ocrx_word' id='word_1_535' title='bbox 2331 3708 2688 3771; x_wconf 70' lang='lat' dir='ltr'><strong>praeceptores</strong></span> <span class='ocrx_word' id='word_1_536' title='bbox 2729 3698 2781 3752; x_wconf 92' lang='lat' dir='ltr'><strong>in</strong></span> <span class='ocrx_word' id='word_1_537' title='bbox 2824 3696 3137 3767; x_wconf 86' lang='lat' dir='ltr'><strong>junioribus</strong></span> <span class='ocrx_word' id='word_1_538' title='bbox 3180 3695 3349 3750; x_wconf 80' lang='lat' dir='ltr'><strong>infor-</strong></span> 
     </span>
    </p>
   </div>
   <div class='ocr_carea' id='block_1_69' title="bbox 121 3789 3351 3867">
    <p class='ocr_par' dir='ltr' id='par_1_69' title="bbox 121 3789 3351 3867">
     <span class='ocr_line' id='line_1_69' title="bbox 121 3789 3351 3867; baseline -0.001 -21"><span class='ocrx_word' id='word_1_539' title='bbox 121 3794 298 3849; x_wconf 84' lang='lat' dir='ltr'><strong>mandis</strong></span> <span class='ocrx_word' id='word_1_540' title='bbox 335 3796 481 3850; x_wconf 89' lang='lat' dir='ltr'><strong>abuti</strong></span> <span class='ocrx_word' id='word_1_541' title='bbox 550 3794 838 3865; x_wconf 89' lang='lat' dir='ltr'><strong>patiemur,</strong></span> <span class='ocrx_word' id='word_1_542' title='bbox 902 3793 1171 3863; x_wconf 88' lang='lat' dir='ltr'><strong>siquidem</strong></span> <span class='ocrx_word' id='word_1_543' title='bbox 1241 3794 1376 3864; x_wconf 90' lang='lat' dir='ltr'><strong>reip.</strong></span> <span class='ocrx_word' id='word_1_544' title='bbox 1436 3804 1636 3851; x_wconf 75' lang='lat' dir='ltr'><strong>nostra:</strong></span> <span class='ocrx_word' id='word_1_545' title='bbox 1700 3797 1954 3854; x_wconf 87' lang='lat' dir='ltr'><strong>custodes</strong></span> <span class='ocrx_word' id='word_1_546' title='bbox 2017 3796 2304 3867; x_wconf 88' lang='lat' dir='ltr'><strong>religiosos</strong></span> <span class='ocrx_word' id='word_1_547' title='bbox 2352 3804 2515 3865; x_wconf 90' lang='lat' dir='ltr'><strong>atque</strong></span> <span class='ocrx_word' id='word_1_548' title='bbox 2584 3793 2832 3855; x_wconf 82' lang='lat' dir='ltr'><strong>divinos,</strong></span> <span class='ocrx_word' id='word_1_549' title='bbox 2894 3792 2981 3860; x_wconf 83' lang='lat' dir='ltr'><strong>uti_</strong></span> <span class='ocrx_word' id='word_1_550' title='bbox 3029 3789 3351 3861; x_wconf 88' lang='lat' dir='ltr'><strong>philosopho</strong></span> 
     </span>
    </p>
   </div>
   <div class='ocr_carea' id='block_1_70' title="bbox 124 3888 1182 3961">
    <p class='ocr_par' dir='ltr' id='par_1_70' title="bbox 124 3888 1182 3961">
     <span class='ocr_line' id='line_1_70' title="bbox 124 3888 1182 3961; baseline 0.004 -22"><span class='ocrx_word' id='word_1_551' title='bbox 124 3888 316 3944; x_wconf 81' lang='lat' dir='ltr'><strong>maxime</strong></span> <span class='ocrx_word' id='word_1_552' title='bbox 338 3889 613 3961; x_wconf 78' lang='lat' dir='ltr'><strong>placebat,</strong></span> <span class='ocrx_word' id='word_1_553' title='bbox 647 3889 848 3944; x_wconf 89' lang='lat' dir='ltr'><strong>habere</strong></span> <span class='ocrx_word' id='word_1_554' title='bbox 878 3888 1182 3958; x_wconf 83' lang='lat' dir='ltr'><strong>cupiamus.</strong></span> 
     </span>
    </p>
   </div>
   <div class='ocr_carea' id='block_1_71' title="bbox 624 3996 1127 4086">
    <p class='ocr_par' dir='ltr' id='par_1_71' title="bbox 624 3996 1127 4086">
     <span class='ocr_line' id='line_1_71' title="bbox 624 3996 1127 4086; baseline -0.002 0"><span class='ocrx_word' id='word_1_555' title='bbox 624 3996 1020 4086; x_wconf 75' lang='grc' dir='ltr'><strong>ΚΕΦΑΛΑΙΟΝ</strong></span> <span class='ocrx_word' id='word_1_556' title='bbox 1054 4032 1127 4085; x_wconf 84' lang='lat' dir='ltr'><strong>A’.</strong></span> 
     </span>
    </p>
   </div>
   <div class='ocr_carea' id='block_1_72' title="bbox 121 4144 1666 4219">
    <p class='ocr_par' dir='ltr' id='par_1_72' title="bbox 121 4144 1666 4219">
     <span class='ocr_line' id='line_1_72' title="bbox 121 4144 1666 4219; baseline 0.005 -22"><span class='ocrx_word' id='word_1_557' title='bbox 121 4144 223 4219; x_wconf 62' lang='grc' dir='ltr'>Ὀτι</span> <span class='ocrx_word' id='word_1_558' title='bbox 244 4149 420 4206; x_wconf 72' lang='grc' dir='ltr'>πλέον</span> <span class='ocrx_word' id='word_1_559' title='bbox 444 4148 634 4204; x_wconf 77' lang='grc' dir='ltr'><strong>οὐδὲν</strong></span> <span class='ocrx_word' id='word_1_560' title='bbox 656 4146 774 4219; x_wconf 62' lang='grc' dir='ltr'><strong>τῶν</strong></span> <span class='ocrx_word' id='word_1_561' title='bbox 797 4147 1064 4217; x_wconf 74' lang='grc' dir='ltr'>αἰσχρῶν</span> <span class='ocrx_word' id='word_1_562' title='bbox 1082 4148 1287 4217; x_wconf 75' lang='grc' dir='ltr'>μύθων</span> <span class='ocrx_word' id='word_1_563' title='bbox 1307 4152 1366 4203; x_wconf 80' lang='lat' dir='ltr'><strong>al</strong></span> <span class='ocrx_word' id='word_1_564' title='bbox 1391 4150 1522 4219; x_wconf 73' lang='grc' dir='ltr'>περὶ</span> <span class='ocrx_word' id='word_1_565' title='bbox 1547 4148 1666 4219; x_wconf 65' lang='grc' dir='ltr'><strong>τῷν</strong></span> 
     </span>
    </p>
   </div>
   <div class='ocr_carea' id='block_1_73' title="bbox 184 4216 1663 4289">
    <p class='ocr_par' dir='ltr' id='par_1_73' title="bbox 184 4216 1663 4289">
     <span class='ocr_line' id='line_1_73' title="bbox 184 4216 1663 4289; baseline 0 -17"><span class='ocrx_word' id='word_1_566' title='bbox 184 4217 535 4289; x_wconf 71' lang='grc' dir='ltr'><strong>Ἑλληνικῶν</strong></span> <span class='ocrx_word' id='word_1_567' title='bbox 582 4217 734 4273; x_wconf 81' lang='grc' dir='ltr'>θεῶν</span> <span class='ocrx_word' id='word_1_568' title='bbox 769 4216 1091 4287; x_wconf 58' lang='grc' dir='ltr'>διηγήσεις</span> <span class='ocrx_word' id='word_1_569' title='bbox 1126 4216 1527 4289; x_wconf 75' lang='grc' dir='ltr'>περιέχουσῐν,</span> <span class='ocrx_word' id='word_1_570' title='bbox 1567 4216 1663 4287; x_wconf 80' lang='grc' dir='ltr'>αἶς</span> 
     </span>
    </p>
   </div>
   <div class='ocr_carea' id='block_1_74' title="bbox 172 4287 1662 4359">
    <p class='ocr_par' dir='ltr' id='par_1_74' title="bbox 172 4287 1662 4359">
     <span class='ocr_line' id='line_1_74' title="bbox 172 4287 1662 4359; baseline -0.001 -16"><span class='ocrx_word' id='word_1_571' title='bbox 172 4287 245 4355; x_wconf 79' lang='grc' dir='ltr'>μὴ</span> <span class='ocrx_word' id='word_1_572' title='bbox 282 4293 633 4359; x_wconf 79' lang='grc' dir='ltr'>πειθόμενον</span> <span class='ocrx_word' id='word_1_573' title='bbox 674 4288 995 4357; x_wconf 77' lang='grc' dir='ltr'>Σωκράτην</span> <span class='ocrx_word' id='word_1_574' title='bbox 1039 4287 1322 4345; x_wconf 66' lang='grc' dir='ltr'>ἐκτειναέ</span> <span class='ocrx_word' id='word_1_575' title='bbox 1349 4290 1662 4359; x_wconf 82' lang='grc' dir='ltr'>Ἀθηναῖοι.</span> 
     </span>
    </p>
   </div>
   <div class='ocr_carea' id='block_1_75' title="bbox 186 4358 837 4430">
    <p class='ocr_par' dir='ltr' id='par_1_75' title="bbox 186 4358 837 4430">
     <span class='ocr_line' id='line_1_75' title="bbox 186 4358 837 4430; baseline 0.002 -17"><span class='ocrx_word' id='word_1_576' title='bbox 186 4358 309 4413; x_wconf 74' lang='grc' dir='ltr'>Ἀπὸ</span> <span class='ocrx_word' id='word_1_577' title='bbox 336 4358 837 4430; x_wconf 75' lang='grc' dir='ltr'>τοῦΈὺθύιρρονος.</span> 
     </span>
    </p>
   </div>
   <div class='ocr_carea' id='block_1_76' title="bbox 181 4470 1659 4545">
    <p class='ocr_par' dir='ltr' id='par_1_76' title="bbox 181 4470 1659 4545">
     <span class='ocr_line' id='line_1_76' title="bbox 181 4470 1659 4545; baseline 0.005 -24"><span class='ocrx_word' id='word_1_578' title='bbox 181 4472 363 4525; x_wconf 75' lang='grc' dir='ltr'>«Αὐτοὶ</span> <span class='ocrx_word' id='word_1_579' title='bbox 397 4473 454 4527; x_wconf 85' lang='grc' dir='ltr'><strong>δὲ</strong></span> <span class='ocrx_word' id='word_1_580' title='bbox 485 4472 598 4544; x_wconf 85' lang='grc'>(87)</span> <span class='ocrx_word' id='word_1_581' title='bbox 622 4472 670 4525; x_wconf 82' lang='grc' dir='ltr'>οἱ</span> <span class='ocrx_word' id='word_1_582' title='bbox 690 4470 966 4542; x_wconf 79' lang='grc' dir='ltr'>ἄνθρωποι</span> <span class='ocrx_word' id='word_1_583' title='bbox 982 4474 1307 4544; x_wconf 85' lang='grc' dir='ltr'>τυγχάνουσι</span> <span class='ocrx_word' id='word_1_584' title='bbox 1326 4472 1659 4545; x_wconf 78' lang='grc' dir='ltr'>νομίζοντες,</span> 
     </span>
    </p>
   </div>
   <div class='ocr_carea' id='block_1_77' title="bbox 121 4558 1662 4636">
    <p class='ocr_par' dir='ltr' id='par_1_77' title="bbox 121 4558 1662 4636">
     <span class='ocr_line' id='line_1_77' title="bbox 121 4558 1662 4636; baseline 0.005 -25"><span class='ocrx_word' id='word_1_585' title='bbox 121 4558 193 4613; x_wconf 71' lang='grc' dir='ltr'><strong>τὸν</strong></span> <span class='ocrx_word' id='word_1_586' title='bbox 217 4564 303 4616; x_wconf 86' lang='grc' dir='ltr'>Δία</span> <span class='ocrx_word' id='word_1_587' title='bbox 326 4564 430 4618; x_wconf 82' lang='grc' dir='ltr'><strong>τῶν</strong></span> <span class='ocrx_word' id='word_1_588' title='bbox 462 4564 602 4617; x_wconf 83' lang='grc' dir='ltr'>θεῶν</span> <span class='ocrx_word' id='word_1_589' title='bbox 636 4565 855 4636; x_wconf 85' lang='grc' dir='ltr'>ἄριστον</span> <span class='ocrx_word' id='word_1_590' title='bbox 881 4566 975 4617; x_wconf 75' lang='grc' dir='ltr'>καὶ</span> <span class='ocrx_word' id='word_1_591' title='bbox 1011 4566 1372 4619; x_wconf 85' lang='grc' dir='ltr'>δικαιότατον·</span> <span class='ocrx_word' id='word_1_592' title='bbox 1408 4567 1503 4619; x_wconf 72' lang='grc' dir='ltr'>καὶ</span> <span class='ocrx_word' id='word_1_593' title='bbox 1536 4566 1662 4620; x_wconf 91' lang='grc' dir='ltr'>τοῦ-</span> 
     </span>
    </p>
   </div>
   <div class='ocr_carea' id='block_1_78' title="bbox 124 4655 1664 4727">
    <p class='ocr_par' dir='ltr' id='par_1_78' title="bbox 124 4655 1664 4727">
     <span class='ocr_line' id='line_1_78' title="bbox 124 4655 1664 4727; baseline 0.003 -23"><span class='ocrx_word' id='word_1_594' title='bbox 124 4666 195 4703; x_wconf 75' lang='grc' dir='ltr'><strong>τον</strong></span> <span class='ocrx_word' id='word_1_595' title='bbox 230 4655 538 4725; x_wconf 74' lang='grc' dir='ltr'>ὁμολογοῦσι</span> <span class='ocrx_word' id='word_1_596' title='bbox 581 4656 671 4709; x_wconf 81' lang='grc' dir='ltr'>τὸν</span> <span class='ocrx_word' id='word_1_597' title='bbox 705 4656 869 4709; x_wconf 79' lang='grc' dir='ltr'>αὑτοῦ</span> <span class='ocrx_word' id='word_1_598' title='bbox 923 4657 1134 4725; x_wconf 84' lang='grc' dir='ltr'>πατέρα</span> <span class='ocrx_word' id='word_1_599' title='bbox 1196 4657 1377 4727; x_wconf 78' lang='grc' dir='ltr'>δῆσαι,</span> <span class='ocrx_word' id='word_1_600' title='bbox 1412 4658 1493 4711; x_wconf 83' lang='grc' dir='ltr'>ὅτι</span> <span class='ocrx_word' id='word_1_601' title='bbox 1540 4658 1664 4721; x_wconf 79' lang='grc' dir='ltr'>τοὺς</span> 
     </span>
    </p>
   </div>
   <div class='ocr_carea' id='block_1_79' title="bbox 124 4743 1663 4821">
    <p class='ocr_par' dir='ltr' id='par_1_79' title="bbox 124 4743 1663 4821">
     <span class='ocr_line' id='line_1_79' title="bbox 124 4743 1663 4821; baseline 0.006 -29"><span class='ocrx_word' id='word_1_602' title='bbox 124 4743 233 4807; x_wconf 86' lang='grc' dir='ltr'>υίεῖς</span> <span class='ocrx_word' id='word_1_603' title='bbox 251 4748 553 4811; x_wconf 84' lang='grc' dir='ltr'>κατέπινεν,</span> <span class='ocrx_word' id='word_1_604' title='bbox 580 4748 680 4801; x_wconf 76' lang='grc' dir='ltr'>οὐκ</span> <span class='ocrx_word' id='word_1_605' title='bbox 697 4750 754 4800; x_wconf 83' lang='grc' dir='ltr'>ὲν</span> <span class='ocrx_word' id='word_1_606' title='bbox 774 4747 918 4821; x_wconf 72' lang='grc' dir='ltr'>δίκῃο</span> <span class='ocrx_word' id='word_1_607' title='bbox 948 4748 1043 4801; x_wconf 81' lang='grc' dir='ltr'>καὶ</span> <span class='ocrx_word' id='word_1_608' title='bbox 1056 4748 1260 4801; x_wconf 73' lang='grc' dir='ltr'>ἐκεῖνόν</span> <span class='ocrx_word' id='word_1_609' title='bbox 1275 4766 1339 4817; x_wconf 91' lang='grc' dir='ltr'><strong>γε</strong></span> <span class='ocrx_word' id='word_1_610' title='bbox 1370 4749 1530 4802; x_wconf 85' lang='grc' dir='ltr'>αὐτὸν</span> <span class='ocrx_word' id='word_1_611' title='bbox 1554 4750 1663 4819; x_wconf 90' lang='grc'>(88)</span> 
     </span>
    </p>
   </div>
   <div class='ocr_carea' id='block_1_80' title="bbox 123 4832 1663 4911">
    <p class='ocr_par' dir='ltr' id='par_1_80' title="bbox 123 4832 1663 4911">
     <span class='ocr_line' id='line_1_80' title="bbox 123 4832 1663 4911; baseline 0.007 -29"><span class='ocrx_word' id='word_1_612' title='bbox 123 4832 258 4886; x_wconf 72' lang='grc' dir='ltr'>αὑτοῦ</span> <span class='ocrx_word' id='word_1_613' title='bbox 292 4838 498 4908; x_wconf 83' lang='grc' dir='ltr'>πατέρα</span> <span class='ocrx_word' id='word_1_614' title='bbox 533 4839 807 4906; x_wconf 81' lang='grc' dir='ltr'>ἐκτεμεῖν,</span> <span class='ocrx_word' id='word_1_615' title='bbox 843 4838 909 4891; x_wconf 79' lang='grc' dir='ltr'><strong>δι’</strong></span> <span class='ocrx_word' id='word_1_616' title='bbox 937 4839 1098 4909; x_wconf 76' lang='grc' dir='ltr'>ἕτερα</span> <span class='ocrx_word' id='word_1_617' title='bbox 1129 4839 1375 4893; x_wconf 89' lang='grc' dir='ltr'>τοιαῦτα.</span> <span class='ocrx_word' id='word_1_618' title='bbox 1428 4842 1581 4911; x_wconf 77' lang='grc' dir='ltr'>Ἐμοὶ</span> <span class='ocrx_word' id='word_1_619' title='bbox 1608 4841 1663 4893; x_wconf 82' lang='grc' dir='ltr'><strong>δὲ</strong></span> 
     </span>
    </p>
   </div>
   <div class='ocr_carea' id='block_1_81' title="bbox 124 4925 1659 5001">
    <p class='ocr_par' dir='ltr' id='par_1_81' title="bbox 124 4925 1659 5001">
     <span class='ocr_line' id='line_1_81' title="bbox 124 4925 1659 5001; baseline 0.007 -26"><span class='ocrx_word' id='word_1_620' title='bbox 124 4925 518 4992; x_wconf 74' lang='grc' dir='ltr'>χαλεπαίνουσιν,</span> <span class='ocrx_word' id='word_1_621' title='bbox 552 4931 633 4982; x_wconf 81' lang='grc' dir='ltr'>ὅτι</span> <span class='ocrx_word' id='word_1_622' title='bbox 658 4929 736 4999; x_wconf 78' lang='grc' dir='ltr'>τῷ</span> <span class='ocrx_word' id='word_1_623' title='bbox 770 4931 937 5001; x_wconf 73' lang='grc' dir='ltr'>πατρὶ</span> <span class='ocrx_word' id='word_1_624' title='bbox 963 4930 1330 5001; x_wconf 78' lang='grc' dir='ltr'>ἐπεξέρχομαι</span> <span class='ocrx_word' id='word_1_625' title='bbox 1367 4931 1659 4986; x_wconf 86' lang='grc' dir='ltr'>ἀδικοῦντι.</span> 
     </span>
    </p>
   </div>
   <div class='ocr_carea' id='block_1_82' title="bbox 124 5014 1660 5094">
    <p class='ocr_par' dir='ltr' id='par_1_82' title="bbox 124 5014 1660 5094">
     <span class='ocr_line' id='line_1_82' title="bbox 124 5014 1660 5094; baseline 0.007 -29"><span class='ocrx_word' id='word_1_626' title='bbox 124 5014 213 5069; x_wconf 68' lang='grc' dir='ltr'>Καὶ</span> <span class='ocrx_word' id='word_1_627' title='bbox 233 5019 389 5084; x_wconf 71' lang='grc' dir='ltr'>οὓτως</span> <span class='ocrx_word' id='word_1_628' title='bbox 416 5022 571 5075; x_wconf 77' lang='grc' dir='ltr'>αὐτοὶ</span> <span class='ocrx_word' id='word_1_629' title='bbox 593 5024 805 5085; x_wconf 80' lang='grc' dir='ltr'>ἑαυτοῖς</span> <span class='ocrx_word' id='word_1_630' title='bbox 829 5022 897 5075; x_wconf 85' lang='grc' dir='ltr'><strong>τὰ</strong></span> <span class='ocrx_word' id='word_1_631' title='bbox 919 5022 1137 5074; x_wconf 80' lang='grc' dir='ltr'>ἐναντία</span> <span class='ocrx_word' id='word_1_632' title='bbox 1162 5022 1429 5091; x_wconf 85' lang='grc' dir='ltr'>λέγουσιν,</span> <span class='ocrx_word' id='word_1_633' title='bbox 1458 5023 1582 5094; x_wconf 82' lang='grc' dir='ltr'>περί</span> <span class='ocrx_word' id='word_1_634' title='bbox 1601 5040 1660 5075; x_wconf 91' lang='grc' dir='ltr'><strong>τε</strong></span> 
     </span>
    </p>
   </div>
   <div class='ocr_carea' id='block_1_83' title="bbox 2357 4022 2706 4081">
    <p class='ocr_par' dir='ltr' id='par_1_83' title="bbox 2357 4022 2706 4081">
     <span class='ocr_line' id='line_1_83' title="bbox 2357 4022 2706 4081; baseline -0.014 0"><span class='ocrx_word' id='word_1_635' title='bbox 2357 4022 2587 4081; x_wconf 80' lang='lat' dir='ltr'><strong>CAPUT</strong></span> <span class='ocrx_word' id='word_1_636' title='bbox 2618 4022 2706 4077; x_wconf 70' lang='lat' dir='ltr'><strong>IV.</strong></span> 
     </span>
    </p>
   </div>
   <div class='ocr_carea' id='block_1_84' title="bbox 1770 4130 3348 4205">
    <p class='ocr_par' dir='ltr' id='par_1_84' title="bbox 1770 4130 3348 4205">
     <span class='ocr_line' id='line_1_84' title="bbox 1770 4130 3348 4205; baseline -0.006 -12"><span class='ocrx_word' id='word_1_637' title='bbox 1770 4140 1978 4194; x_wconf 79' lang='lat' dir='ltr'><strong>Prwter</strong></span> <span class='ocrx_word' id='word_1_638' title='bbox 2017 4140 2264 4194; x_wconf 78' lang='lat' dir='ltr'><strong>obscenas</strong></span> <span class='ocrx_word' id='word_1_639' title='bbox 2293 4138 2525 4205; x_wconf 71' lang='lat' dir='ltr'><strong>fabulas,</strong></span> <span class='ocrx_word' id='word_1_640' title='bbox 2570 4135 2700 4188; x_wconf 82' lang='lat' dir='ltr'><strong>mhi!</strong></span> <span class='ocrx_word' id='word_1_641' title='bbox 2739 4136 2873 4205; x_wconf 69' lang='lat' dir='ltr'><strong>istas</strong></span> <span class='ocrx_word' id='word_1_642' title='bbox 2917 4133 2981 4186; x_wconf 89' lang='lat' dir='ltr'><strong>de</strong></span> <span class='ocrx_word' id='word_1_643' title='bbox 3015 4130 3214 4186; x_wconf 67' lang='lat' dir='ltr'><strong>Grcam:</strong></span> <span class='ocrx_word' id='word_1_644' title='bbox 3247 4147 3348 4205; x_wconf 80' lang='lat' dir='ltr'><strong>nu-_</strong></span> 
     </span>
    </p>
   </div>
   <div class='ocr_carea' id='block_1_85' title="bbox 1838 4202 3344 4275">
    <p class='ocr_par' dir='ltr' id='par_1_85' title="bbox 1838 4202 3344 4275">
     <span class='ocr_line' id='line_1_85' title="bbox 1838 4202 3344 4275; baseline -0.007 -11"><span class='ocrx_word' id='word_1_645' title='bbox 1838 4208 2066 4263; x_wconf 76' lang='lat' dir='ltr'><strong>niim’bus</strong></span> <span class='ocrx_word' id='word_1_646' title='bbox 2096 4202 2740 4275; x_wconf 49' lang='lat' dir='ltr'><strong>narratianesrontinere,</strong></span> <span class='ocrx_word' id='word_1_647' title='bbox 2783 4204 3176 4275; x_wconf 64' lang='lat' dir='ltr'><strong>Socratentque,</strong></span> <span class='ocrx_word' id='word_1_648' title='bbox 3203 4202 3344 4270; x_wconf 77' lang='lat' dir='ltr'><strong>quod</strong></span> 
     </span>
    </p>
   </div>
   <div class='ocr_carea' id='block_1_86' title="bbox 1836 4272 3343 4349">
    <p class='ocr_par' dir='ltr' id='par_1_86' title="bbox 1836 4272 3343 4349">
     <span class='ocr_line' id='line_1_86' title="bbox 1836 4272 3343 4349; baseline -0.007 -16"><span class='ocrx_word' id='word_1_649' title='bbox 1836 4283 1905 4335; x_wconf 76' lang='lat' dir='ltr'><strong>iis</strong></span> <span class='ocrx_word' id='word_1_650' title='bbox 1926 4282 2082 4349; x_wconf 79' lang='lat' dir='ltr'><strong>ﬁdem</strong></span> <span class='ocrx_word' id='word_1_651' title='bbox 2107 4295 2211 4331; x_wconf 85' lang='lat' dir='ltr'><strong>non</strong></span> <span class='ocrx_word' id='word_1_652' title='bbox 2237 4272 2556 4343; x_wconf 56' lang='lat' dir='ltr'><strong>habereﬂab</strong></span> <span class='ocrx_word' id='word_1_653' title='bbox 2581 4275 2981 4330; x_wconf 75' lang='lat' dir='ltr'><strong>Atheniensibus</strong></span> <span class='ocrx_word' id='word_1_654' title='bbox 3012 4272 3343 4341; x_wconf 76' lang='lat' dir='ltr'><strong>interfectum</strong></span> 
     </span>
    </p>
   </div>
   <div class='ocr_carea' id='block_1_87' title="bbox 1836 4349 2520 4419">
    <p class='ocr_par' dir='ltr' id='par_1_87' title="bbox 1836 4349 2520 4419">
     <span class='ocr_line' id='line_1_87' title="bbox 1836 4349 2520 4419; baseline -0.004 -14"><span class='ocrx_word' id='word_1_655' title='bbox 1836 4367 1966 4405; x_wconf 76' lang='lat' dir='ltr'><strong>esse.</strong></span> <span class='ocrx_word' id='word_1_656' title='bbox 1997 4349 2080 4402; x_wconf 79' lang='lat' dir='ltr'><strong>Ea:</strong></span> <span class='ocrx_word' id='word_1_657' title='bbox 2110 4349 2520 4419; x_wconf 78' lang='lat' dir='ltr'><strong>Euthyphroue.</strong></span> 
     </span>
    </p>
   </div>
   <div class='ocr_carea' id='block_1_88' title="bbox 1843 4456 3345 4531">
    <p class='ocr_par' dir='ltr' id='par_1_88' title="bbox 1843 4456 3345 4531">
     <span class='ocr_line' id='line_1_88' title="bbox 1843 4456 3345 4531; baseline -0.003 -15"><span class='ocrx_word' id='word_1_658' title='bbox 1843 4483 1863 4516; x_wconf 76' lang='grc' dir='ltr'><strong>ι</strong></span> <span class='ocrx_word' id='word_1_659' title='bbox 1907 4462 2117 4529; x_wconf 79' lang='lat' dir='ltr'><strong>Jovem,</strong></span> <span class='ocrx_word' id='word_1_660' title='bbox 2160 4462 2341 4531; x_wconf 89' lang='lat' dir='ltr'><strong>inquit</strong></span> <span class='ocrx_word' id='word_1_661' title='bbox 2378 4460 2557 4524; x_wconf 86' lang='lat' dir='ltr'><strong>Plato,</strong></span> <span class='ocrx_word' id='word_1_662' title='bbox 2593 4460 2822 4515; x_wconf 87' lang='lat' dir='ltr'><strong>deorum</strong></span> <span class='ocrx_word' id='word_1_663' title='bbox 2867 4456 3141 4527; x_wconf 85' lang='lat' dir='ltr'><strong>optimum</strong></span> <span class='ocrx_word' id='word_1_664' title='bbox 3180 4464 3345 4524; x_wconf 76' lang='lat' dir='ltr'><strong>atque</strong></span> 
     </span>
    </p>
   </div>
   <div class='ocr_carea' id='block_1_89' title="bbox 1765 4551 3345 4623">
    <p class='ocr_par' dir='ltr' id='par_1_89' title="bbox 1765 4551 3345 4623">
     <span class='ocr_line' id='line_1_89' title="bbox 1765 4551 3345 4623; baseline -0.005 -14"><span class='ocrx_word' id='word_1_665' title='bbox 1765 4554 2135 4623; x_wconf 75' lang='lat' dir='ltr'><strong>iustissimum</strong></span> <span class='ocrx_word' id='word_1_666' title='bbox 2166 4552 2418 4607; x_wconf 87' lang='lat' dir='ltr'><strong>homines</strong></span> <span class='ocrx_word' id='word_1_667' title='bbox 2452 4552 2542 4605; x_wconf 83' lang='lat' dir='ltr'><strong>isti</strong></span> <span class='ocrx_word' id='word_1_668' title='bbox 2581 4551 2915 4612; x_wconf 75' lang='lat' dir='ltr'><strong>existimant,</strong></span> <span class='ocrx_word' id='word_1_669' title='bbox 2961 4564 2993 4602; x_wconf 88' lang='lat' dir='ltr'><strong>a</strong></span> <span class='ocrx_word' id='word_1_670' title='bbox 3025 4564 3133 4617; x_wconf 90' lang='lat' dir='ltr'><strong>quo</strong></span> <span class='ocrx_word' id='word_1_671' title='bbox 3160 4558 3345 4607; x_wconf 79' lang='lat' dir='ltr'><strong>tamen</strong></span> 
     </span>
    </p>
   </div>
   <div class='ocr_carea' id='block_1_90' title="bbox 1770 4641 3340 4715">
    <p class='ocr_par' dir='ltr' id='par_1_90' title="bbox 1770 4641 3340 4715">
     <span class='ocr_line' id='line_1_90' title="bbox 1770 4641 3340 4715; baseline -0.006 -13"><span class='ocrx_word' id='word_1_672' title='bbox 1770 4663 1929 4702; x_wconf 86' lang='lat' dir='ltr'><strong>suum</strong></span> <span class='ocrx_word' id='word_1_673' title='bbox 1965 4647 2136 4715; x_wconf 89' lang='lat' dir='ltr'><strong>ipsius</strong></span> <span class='ocrx_word' id='word_1_674' title='bbox 2167 4645 2405 4709; x_wconf 87' lang='lat' dir='ltr'><strong>Patrem,</strong></span> <span class='ocrx_word' id='word_1_675' title='bbox 2435 4644 2580 4713; x_wconf 88' lang='lat' dir='ltr'><strong>quod</strong></span> <span class='ocrx_word' id='word_1_676' title='bbox 2618 4644 2759 4698; x_wconf 83' lang='lat' dir='ltr'><strong>ﬁlios</strong></span> <span class='ocrx_word' id='word_1_677' title='bbox 2800 4641 3001 4712; x_wconf 83' lang='lat' dir='ltr'><strong>injuria</strong></span> <span class='ocrx_word' id='word_1_678' title='bbox 3032 4643 3340 4703; x_wconf 82' lang='lat' dir='ltr'><strong>devoraret,</strong></span> 
     </span>
    </p>
   </div>
   <div class='ocr_carea' id='block_1_91' title="bbox 1770 4728 3344 4802">
    <p class='ocr_par' dir='ltr' id='par_1_91' title="bbox 1770 4728 3344 4802">
     <span class='ocr_line' id='line_1_91' title="bbox 1770 4728 3344 4802; baseline -0.008 -9"><span class='ocrx_word' id='word_1_679' title='bbox 1770 4740 2011 4793; x_wconf 87' lang='lat' dir='ltr'><strong>vinetum</strong></span> <span class='ocrx_word' id='word_1_680' title='bbox 2061 4751 2182 4790; x_wconf 91' lang='lat' dir='ltr'><strong>esse</strong></span> <span class='ocrx_word' id='word_1_681' title='bbox 2231 4735 2608 4788; x_wconf 78' lang='lat' dir='ltr'><strong>conﬁtentur:</strong></span> <span class='ocrx_word' id='word_1_682' title='bbox 2648 4732 2742 4802; x_wconf 89' lang='lat' dir='ltr'><strong>qui</strong></span> <span class='ocrx_word' id='word_1_683' title='bbox 2782 4741 2837 4785; x_wconf 88' lang='lat' dir='ltr'><strong>et.</strong></span> <span class='ocrx_word' id='word_1_684' title='bbox 2889 4730 3003 4799; x_wconf 88' lang='lat' dir='ltr'><strong>ipse</strong></span> <span class='ocrx_word' id='word_1_685' title='bbox 3034 4744 3226 4783; x_wconf 87' lang='lat' dir='ltr'><strong>rursus</strong></span> <span class='ocrx_word' id='word_1_686' title='bbox 3273 4728 3344 4782; x_wconf 91' lang='lat' dir='ltr'><strong>ob</strong></span> 
     </span>
    </p>
   </div>
   <div class='ocr_carea' id='block_1_92' title="bbox 1770 4829 3341 4900">
    <p class='ocr_par' dir='ltr' id='par_1_92' title="bbox 1770 4829 3341 4900">
     <span class='ocr_line' id='line_1_92' title="bbox 1770 4829 3341 4900; baseline -0.005 -14"><span class='ocrx_word' id='word_1_687' title='bbox 1770 4832 1876 4887; x_wconf 85' lang='lat' dir='ltr'><strong>alia</strong></span> <span class='ocrx_word' id='word_1_688' title='bbox 1907 4830 2152 4900; x_wconf 73' lang='lat' dir='ltr'><strong>quaedam</strong></span> <span class='ocrx_word' id='word_1_689' title='bbox 2201 4829 2423 4892; x_wconf 88' lang='lat' dir='ltr'><strong>similia,</strong></span> <span class='ocrx_word' id='word_1_690' title='bbox 2464 4837 2669 4897; x_wconf 88' lang='lat' dir='ltr'><strong>patrem</strong></span> <span class='ocrx_word' id='word_1_691' title='bbox 2706 4837 2831 4881; x_wconf 89' lang='lat' dir='ltr'><strong>ante</strong></span> <span class='ocrx_word' id='word_1_692' title='bbox 2871 4842 3032 4880; x_wconf 88' lang='lat' dir='ltr'><strong>suum</strong></span> <span class='ocrx_word' id='word_1_693' title='bbox 3077 4840 3341 4879; x_wconf 82' lang='lat' dir='ltr'><strong>exsecue-</strong></span> 
     </span>
    </p>
   </div>
   <div class='ocr_carea' id='block_1_93' title="bbox 1769 4915 3341 4994">
    <p class='ocr_par' dir='ltr' id='par_1_93' title="bbox 1769 4915 3341 4994">
     <span class='ocr_line' id='line_1_93' title="bbox 1769 4915 3341 4994; baseline -0.006 -15"><span class='ocrx_word' id='word_1_694' title='bbox 1769 4934 1873 4979; x_wconf 88' lang='lat' dir='ltr'><strong>rat.</strong></span> <span class='ocrx_word' id='word_1_695' title='bbox 1921 4923 2084 4994; x_wconf 81' lang='lat'><strong>650</strong></span> <span class='ocrx_word' id='word_1_696' title='bbox 2122 4922 2285 4975; x_wconf 90' lang='lat' dir='ltr'><strong>Iidem</strong></span> <span class='ocrx_word' id='word_1_697' title='bbox 2318 4938 2449 4975; x_wconf 90' lang='lat' dir='ltr'><strong>vero</strong></span> <span class='ocrx_word' id='word_1_698' title='bbox 2477 4922 2611 4974; x_wconf 88' lang='lat' dir='ltr'><strong>mihi</strong></span> <span class='ocrx_word' id='word_1_699' title='bbox 2663 4927 3013 4981; x_wconf 85' lang='lat' dir='ltr'><strong>succensent,</strong></span> <span class='ocrx_word' id='word_1_700' title='bbox 3048 4917 3195 4987; x_wconf 89' lang='lat' dir='ltr'><strong>quod</strong></span> <span class='ocrx_word' id='word_1_701' title='bbox 3238 4915 3341 4970; x_wconf 84' lang='lat' dir='ltr'><strong>Pa-</strong></span> 
     </span>
    </p>
   </div>
   <div class='ocr_carea' id='block_1_94' title="bbox 1772 5008 3342 5085">
    <p class='ocr_par' dir='ltr' id='par_1_94' title="bbox 1772 5008 3342 5085">
     <span class='ocr_line' id='line_1_94' title="bbox 1772 5008 3342 5085; baseline -0.006 -14"><span class='ocrx_word' id='word_1_702' title='bbox 1772 5027 1904 5071; x_wconf 91' lang='lat' dir='ltr'><strong>trem</strong></span> <span class='ocrx_word' id='word_1_703' title='bbox 1937 5015 2217 5085; x_wconf 73' lang='lat' dir='ltr'><strong>injustitize</strong></span> <span class='ocrx_word' id='word_1_704' title='bbox 2263 5028 2415 5067; x_wconf 90' lang='lat' dir='ltr'><strong>reum</strong></span> <span class='ocrx_word' id='word_1_705' title='bbox 2462 5014 2513 5065; x_wconf 91' lang='lat' dir='ltr'><strong>in</strong></span> <span class='ocrx_word' id='word_1_706' title='bbox 2540 5013 2633 5080; x_wconf 89' lang='lat' dir='ltr'><strong>jus</strong></span> <span class='ocrx_word' id='word_1_707' title='bbox 2658 5027 2868 5065; x_wconf 89' lang='lat' dir='ltr'><strong>vocem.</strong></span> <span class='ocrx_word' id='word_1_708' title='bbox 2908 5010 2985 5064; x_wconf 88' lang='lat' dir='ltr'><strong>Ita</strong></span> <span class='ocrx_word' id='word_1_709' title='bbox 3020 5025 3204 5064; x_wconf 88' lang='lat' dir='ltr'><strong>secum</strong></span> <span class='ocrx_word' id='word_1_710' title='bbox 3241 5008 3342 5077; x_wconf 84' lang='lat' dir='ltr'><strong>ipsi</strong></span> 
     </span>
    </p>
   </div>
   <div class='ocr_carea' id='block_1_95' title="bbox 124 5101 1667 5186">
    <p class='ocr_par' dir='ltr' id='par_1_95' title="bbox 124 5107 1661 5186">
     <span class='ocr_line' id='line_1_95' title="bbox 124 5107 1661 5186; baseline 0.006 -29"><span class='ocrx_word' id='word_1_711' title='bbox 124 5108 211 5160; x_wconf 84' lang='grc' dir='ltr'>τῶν</span> <span class='ocrx_word' id='word_1_712' title='bbox 230 5110 370 5177; x_wconf 81' lang='grc' dir='ltr'>θεῶν,</span> <span class='ocrx_word' id='word_1_713' title='bbox 399 5115 492 5166; x_wconf 70' lang='grc' dir='ltr'>καὶ</span> <span class='ocrx_word' id='word_1_714' title='bbox 514 5114 639 5183; x_wconf 76' lang='grc' dir='ltr'>περὶ</span> <span class='ocrx_word' id='word_1_715' title='bbox 658 5113 1033 5184; x_wconf 61' lang='grc' dir='ltr'>ἐμοῦ-’Ἄρα</span> <span class='ocrx_word' id='word_1_716' title='bbox 1046 5131 1107 5183; x_wconf 88' lang='grc' dir='ltr'><strong>γε</strong></span> <span class='ocrx_word' id='word_1_717' title='bbox 1129 5107 1172 5166; x_wconf 84' lang='grc' dir='ltr'>ὧ</span> <span class='ocrx_word' id='word_1_718' title='bbox 1200 5114 1332 5186; x_wconf 83' lang='grc'>(89),</span> <span class='ocrx_word' id='word_1_719' title='bbox 1361 5114 1661 5185; x_wconf 71' lang='grc' dir='ltr'>Εὐθύφρον,</span> 
     </span>
    </p>
   </div>
   <div class='ocr_carea' id='block_1_96' title="bbox 1777 5101 3343 5186">
    <p class='ocr_par' dir='ltr' id='par_1_96' title="bbox 1777 5101 3343 5181">
     <span class='ocr_line' id='line_1_96' title="bbox 1777 5101 3343 5181; baseline -0.006 -18"><span class='ocrx_word' id='word_1_720' title='bbox 1777 5119 2026 5181; x_wconf 79' lang='lat' dir='ltr'><strong>pugnant,</strong></span> <span class='ocrx_word' id='word_1_721' title='bbox 2051 5124 2174 5163; x_wconf 89' lang='lat' dir='ltr'><strong>cum</strong></span> <span class='ocrx_word' id='word_1_722' title='bbox 2206 5107 2273 5161; x_wconf 90' lang='lat' dir='ltr'><strong>de</strong></span> <span class='ocrx_word' id='word_1_723' title='bbox 2298 5108 2423 5172; x_wconf 89' lang='lat' dir='ltr'><strong>diis,</strong></span> <span class='ocrx_word' id='word_1_724' title='bbox 2455 5121 2518 5159; x_wconf 88' lang='lat' dir='ltr'><strong>ac</strong></span> <span class='ocrx_word' id='word_1_725' title='bbox 2534 5104 2599 5159; x_wconf 88' lang='lat' dir='ltr'><strong>de</strong></span> <span class='ocrx_word' id='word_1_726' title='bbox 2636 5119 2721 5157; x_wconf 92' lang='lat' dir='ltr'><strong>me</strong></span> <span class='ocrx_word' id='word_1_727' title='bbox 2754 5101 3343 5174; x_wconf 76' lang='lat' dir='ltr'><strong>loquuntur.—I:2nim-</strong></span> 
     </span>
    </p>
   </div>
   <div class='ocr_carea' id='block_1_97' title="bbox 182 5264 1659 5337">
    <p class='ocr_par' dir='ltr' id='par_1_97' title="bbox 182 5264 1659 5337">
     <span class='ocr_line' id='line_1_97' title="bbox 182 5264 1659 5337; baseline 0.005 -20"><span class='ocrx_word' id='word_1_728' title='bbox 182 5264 274 5335; x_wconf 83' lang='lat'><strong>(86)</strong></span> <span class='ocrx_word' id='word_1_729' title='bbox 301 5270 512 5324; x_wconf 72' lang='grc' dir='ltr'>Φιλίαν</span> <span class='ocrx_word' id='word_1_730' title='bbox 555 5288 619 5323; x_wconf 86' lang='grc' dir='ltr'><strong>τε</strong></span> <span class='ocrx_word' id='word_1_731' title='bbox 656 5270 753 5323; x_wconf 81' lang='grc' dir='ltr'>καὶ</span> <span class='ocrx_word' id='word_1_732' title='bbox 806 5268 1223 5337; x_wconf 61' lang='grc' dir='ltr'>ὑποστροφήν.</span> <span class='ocrx_word' id='word_1_733' title='bbox 1285 5268 1362 5323; x_wconf 90' lang='lat' dir='ltr'><strong>Ita</strong></span> <span class='ocrx_word' id='word_1_734' title='bbox 1410 5270 1659 5324; x_wconf 89' lang='lat' dir='ltr'><strong>Clemens</strong></span> 
     </span>
    </p>
   </div>
   <div class='ocr_carea' id='block_1_98' title="bbox 125 5331 1657 5407">
    <p class='ocr_par' dir='ltr' id='par_1_98' title="bbox 125 5331 1657 5407">
     <span class='ocr_line' id='line_1_98' title="bbox 125 5331 1657 5407; baseline 0.008 -26"><span class='ocrx_word' id='word_1_735' title='bbox 125 5331 486 5393; x_wconf 74' lang='lat' dir='ltr'><strong>Alexandrinus</strong></span> <span class='ocrx_word' id='word_1_736' title='bbox 532 5340 893 5407; x_wconf 70' lang='lat' dir='ltr'><strong>Protrepticon</strong></span> <span class='ocrx_word' id='word_1_737' title='bbox 935 5331 1094 5393; x_wconf 70' lang='lat' dir='ltr'><strong>suitui</strong></span> <span class='ocrx_word' id='word_1_738' title='bbox 1143 5331 1463 5393; x_wconf 77' lang='lat' dir='ltr'><strong>concludit:</strong></span> <span class='ocrx_word' id='word_1_739' title='bbox 1503 5340 1565 5391; x_wconf 88' lang='grc' dir='ltr'><strong>Εί</strong></span> <span class='ocrx_word' id='word_1_740' title='bbox 1600 5340 1657 5393; x_wconf 83' lang='grc' dir='ltr'>δὲ</span> 
     </span>
    </p>
   </div>
   <div class='ocr_carea' id='block_1_99' title="bbox 127 5407 1654 5481">
    <p class='ocr_par' dir='ltr' id='par_1_99' title="bbox 127 5407 1654 5481">
     <span class='ocr_line' id='line_1_99' title="bbox 127 5407 1654 5481; baseline 0.003 -27"><span class='ocrx_word' id='word_1_741' title='bbox 127 5407 251 5481; x_wconf 58' lang='grc' dir='ltr'>κοινὰ</span> <span class='ocrx_word' id='word_1_742' title='bbox 277 5408 339 5481; x_wconf 67' lang='grc' dir='ltr'>τὰ</span> <span class='ocrx_word' id='word_1_743' title='bbox 372 5410 559 5481; x_wconf 72' lang='grc' dir='ltr'>φίλων,</span> <span class='ocrx_word' id='word_1_744' title='bbox 600 5409 848 5481; x_wconf 68' lang='grc' dir='ltr'>θεοφιλὴς</span> <span class='ocrx_word' id='word_1_745' title='bbox 862 5410 934 5481; x_wconf 57' lang='grc' dir='ltr'><strong>-δὲ</strong></span> <span class='ocrx_word' id='word_1_746' title='bbox 973 5410 1005 5481; x_wconf 12' lang='grc' dir='ltr'><strong>ὁί</strong></span> <span class='ocrx_word' id='word_1_747' title='bbox 1028 5408 1312 5480; x_wconf 81' lang='grc' dir='ltr'>ἄνθρωπος</span> <span class='ocrx_word' id='word_1_748' title='bbox 1340 5409 1416 5481; x_wconf 82' lang='grc' dir='ltr'>τῷ</span> <span class='ocrx_word' id='word_1_749' title='bbox 1445 5408 1561 5479; x_wconf 78' lang='grc' dir='ltr'><strong>Θεῷ</strong></span> <span class='ocrx_word' id='word_1_750' title='bbox 1594 5410 1654 5481; x_wconf 53' lang='grc' dir='ltr'><strong>(ί,</strong></span> 
     </span>
    </p>
   </div>
   <div class='ocr_carea' id='block_1_100' title="bbox 126 5473 1655 5551">
    <p class='ocr_par' dir='ltr' id='par_1_100' title="bbox 126 5473 1655 5551">
     <span class='ocr_line' id='line_1_100' title="bbox 126 5473 1655 5551; baseline 0.009 -32"><span class='ocrx_word' id='word_1_751' title='bbox 126 5473 323 5551; x_wconf 67' lang='lat' dir='ltr'><strong>addend.</strong></span> <span class='ocrx_word' id='word_1_752' title='bbox 342 5473 555 5551; x_wconf 7' lang='grc' dir='ltr'>φίλος),</span> <span class='ocrx_word' id='word_1_753' title='bbox 570 5483 660 5533; x_wconf 78' lang='grc' dir='ltr'>καὶ</span> <span class='ocrx_word' id='word_1_754' title='bbox 676 5473 918 5551; x_wconf 37' lang='grc' dir='ltr'>’γὰρὀὖν</span> <span class='ocrx_word' id='word_1_755' title='bbox 948 5480 1121 5546; x_wconf 77' lang='grc' dir='ltr'>φίλος,</span> <span class='ocrx_word' id='word_1_756' title='bbox 1134 5473 1146 5480; x_wconf 78' lang='grc'><em>’</em></span> <span class='ocrx_word' id='word_1_757' title='bbox 1158 5473 1545 5551; x_wconf 31' lang='grc' dir='ltr'>μ-εσιτεύοντος</span> <span class='ocrx_word' id='word_1_758' title='bbox 1564 5473 1655 5532; x_wconf 82' lang='grc' dir='ltr'><strong>τοῦ</strong></span> 
     </span>
    </p>
   </div>
   <div class='ocr_carea' id='block_1_101' title="bbox 127 5539 1656 5627">
    <p class='ocr_par' dir='ltr' id='par_1_101' title="bbox 127 5539 1656 5627">
     <span class='ocr_line' id='line_1_101' title="bbox 127 5539 1656 5627; baseline 0.002 -28"><span class='ocrx_word' id='word_1_759' title='bbox 127 5539 269 5627; x_wconf 45' lang='grc' dir='ltr'>θῇγου</span> <span class='ocrx_word' id='word_1_760' title='bbox 299 5539 604 5627; x_wconf 26' lang='grc' dir='ltr'>γίνετῖιζδὴ</span> <span class='ocrx_word' id='word_1_761' title='bbox 618 5539 735 5627; x_wconf 56' lang='grc' dir='ltr'>-οῦν</span> <span class='ocrx_word' id='word_1_762' title='bbox 760 5539 847 5627; x_wconf 42' lang='grc' dir='ltr'>ξτά</span> <span class='ocrx_word' id='word_1_763' title='bbox 893 5539 1202 5627; x_wconf 27' lang='grc' dir='ltr'>πᾷνταντόῦ</span> <span class='ocrx_word' id='word_1_764' title='bbox 1238 5539 1543 5620; x_wconf 69' lang='grc' dir='ltr'>ἀνθρώποῦ.</span> <span class='ocrx_word' id='word_1_765' title='bbox 1575 5551 1656 5602; x_wconf 79' lang='grc' dir='ltr'>ὅτι</span> 
     </span>
    </p>
   </div>
   <div class='ocr_carea' id='block_1_102' title="bbox 125 5610 1655 5690">
    <p class='ocr_par' dir='ltr' id='par_1_102' title="bbox 125 5610 1655 5690">
     <span class='ocr_line' id='line_1_102' title="bbox 125 5610 1655 5690; baseline 0.003 -24"><span class='ocrx_word' id='word_1_766' title='bbox 125 5610 181 5690; x_wconf 39' lang='lat' dir='ltr'><strong>“si.</strong></span> <span class='ocrx_word' id='word_1_767' title='bbox 206 5616 363 5669; x_wconf 80' lang='grc' dir='ltr'>πάντα</span> <span class='ocrx_word' id='word_1_768' title='bbox 385 5620 488 5690; x_wconf 66' lang='grc' dir='ltr'><strong>τοῦ</strong></span> <span class='ocrx_word' id='word_1_769' title='bbox 514 5610 665 5684; x_wconf 76' lang='grc' dir='ltr'>Θεοῦ,</span> <span class='ocrx_word' id='word_1_770' title='bbox 693 5621 784 5674; x_wconf 68' lang='grc' dir='ltr'>καὶ</span> <span class='ocrx_word' id='word_1_771' title='bbox 822 5621 977 5673; x_wconf 82' lang='grc' dir='ltr'>κοινὰ</span> <span class='ocrx_word' id='word_1_772' title='bbox 1013 5621 1214 5690; x_wconf 76' lang='grc' dir='ltr'>ἀμφοῖν</span> <span class='ocrx_word' id='word_1_773' title='bbox 1241 5610 1354 5672; x_wconf 72' lang='grc' dir='ltr'>τοῖν</span> <span class='ocrx_word' id='word_1_774' title='bbox 1382 5620 1557 5689; x_wconf 77' lang='grc' dir='ltr'>φίλοιν</span> <span class='ocrx_word' id='word_1_775' title='bbox 1589 5620 1655 5673; x_wconf 70' lang='grc' dir='ltr'><strong>τὰ</strong></span> 
     </span>
    </p>
   </div>
   <div class='ocr_carea' id='block_1_103' title="bbox 130 5681 1655 5761">
    <p class='ocr_par' dir='ltr' id='par_1_103' title="bbox 130 5681 1655 5761">
     <span class='ocr_line' id='line_1_103' title="bbox 130 5681 1655 5761; baseline 0 -20"><span class='ocrx_word' id='word_1_776' title='bbox 130 5681 293 5761; x_wconf 55' lang='grc' dir='ltr'>τάκέτα.</span> <span class='ocrx_word' id='word_1_777' title='bbox 324 5688 410 5740; x_wconf 80' lang='grc' dir='ltr'><strong>τοῦ</strong></span> <span class='ocrx_word' id='word_1_778' title='bbox 455 5690 585 5745; x_wconf 79' lang='grc' dir='ltr'>Θεοῦ</span> <span class='ocrx_word' id='word_1_779' title='bbox 624 5681 716 5744; x_wconf 66' lang='grc' dir='ltr'>καὶ</span> <span class='ocrx_word' id='word_1_780' title='bbox 756 5681 1068 5761; x_wconf 64' lang='grc' dir='ltr'>ἀνθρώπουξ</span> <span class='ocrx_word' id='word_1_781' title='bbox 1107 5681 1171 5743; x_wconf 81' lang='lat' dir='ltr'><strong>Et</strong></span> <span class='ocrx_word' id='word_1_782' title='bbox 1204 5692 1363 5761; x_wconf 63' lang='lat' dir='ltr'><strong>paulo</strong></span> <span class='ocrx_word' id='word_1_783' title='bbox 1395 5681 1655 5761; x_wconf 13' lang='lat' dir='ltr'><strong>&#39;postrde</strong></span> 
     </span>
    </p>
   </div>
   <div class='ocr_carea' id='block_1_104' title="bbox 133 5756 1654 5835">
    <p class='ocr_par' dir='ltr' id='par_1_104' title="bbox 133 5756 1654 5835">
     <span class='ocr_line' id='line_1_104' title="bbox 133 5756 1654 5835; baseline 0.02 -37"><span class='ocrx_word' id='word_1_784' title='bbox 133 5756 377 5835; x_wconf 48' lang='grc' dir='ltr'>ξειτιξοιιιπι</span> <span class='ocrx_word' id='word_1_785' title='bbox 428 5775 755 5835; x_wconf 68' lang='lat' dir='ltr'><strong>Operumque</strong></span> <span class='ocrx_word' id='word_1_786' title='bbox 803 5756 1156 5835; x_wconf 67' lang='lat' dir='ltr'><strong>similitudine</strong></span> <span class='ocrx_word' id='word_1_787' title='bbox 1182 5756 1361 5835; x_wconf 51' lang='grc' dir='ltr'><strong>ξ”Ωδξ</strong></span> <span class='ocrx_word' id='word_1_788' title='bbox 1403 5760 1654 5827; x_wconf 75' lang='grc' dir='ltr'><strong>πως-ἕχει</strong></span> 
     </span>
    </p>
   </div>
   <div class='ocr_carea' id='block_1_105' title="bbox 128 5820 1653 5895">
    <p class='ocr_par' dir='ltr' id='par_1_105' title="bbox 128 5820 1653 5895">
     <span class='ocr_line' id='line_1_105' title="bbox 128 5820 1653 5895; baseline -0.006 -4"><span class='ocrx_word' id='word_1_789' title='bbox 128 5820 179 5872; x_wconf 60' lang='grc' dir='ltr'><strong>τά</strong></span> <span class='ocrx_word' id='word_1_790' title='bbox 212 5820 593 5894; x_wconf 65' lang='grc' dir='ltr'>Ῠιμέτερα,’τῶν</span> <span class='ocrx_word' id='word_1_791' title='bbox 623 5820 853 5885; x_wconf 61' lang='grc' dir='ltr'>Χριστοῦ</span> <span class='ocrx_word' id='word_1_792' title='bbox 881 5830 1112 5884; x_wconf 71' lang='grc' dir='ltr'>ὀπαδῶν·</span> <span class='ocrx_word' id='word_1_793' title='bbox 1151 5825 1257 5883; x_wconf 78' lang='grc' dir='ltr'>οἷαι</span> <span class='ocrx_word' id='word_1_794' title='bbox 1305 5830 1402 5895; x_wconf 71' lang='grc' dir='ltr'>μὲν</span> <span class='ocrx_word' id='word_1_795' title='bbox 1439 5820 1509 5883; x_wconf 19' lang='grc' dir='ltr'>αἱί</span> <span class='ocrx_word' id='word_1_796' title='bbox 1532 5820 1653 5893; x_wconf 56' lang='grc' dir='ltr'><strong>βὼς</strong></span> 
     </span>
    </p>
   </div>
   <div class='ocr_carea' id='block_1_106' title="bbox 1766 5263 3343 5335">
    <p class='ocr_par' dir='ltr' id='par_1_106' title="bbox 1766 5263 3343 5335">
     <span class='ocr_line' id='line_1_106' title="bbox 1766 5263 3343 5335; baseline -0.004 -13"><span class='ocrx_word' id='word_1_797' title='bbox 1766 5270 1875 5334; x_wconf 73' lang='grc' dir='ltr'>λαὶ,</span> <span class='ocrx_word' id='word_1_798' title='bbox 1903 5272 2036 5321; x_wconf 80' lang='grc' dir='ltr'>τοῖοι</span> <span class='ocrx_word' id='word_1_799' title='bbox 2078 5270 2171 5322; x_wconf 78' lang='grc' dir='ltr'>καὶ</span> <span class='ocrx_word' id='word_1_800' title='bbox 2204 5271 2251 5321; x_wconf 80' lang='grc' dir='ltr'>οἱ</span> <span class='ocrx_word' id='word_1_801' title='bbox 2300 5267 2481 5335; x_wconf 88' lang='grc' dir='ltr'>λόγοι·</span> <span class='ocrx_word' id='word_1_802' title='bbox 2516 5268 2692 5319; x_wconf 77' lang='grc' dir='ltr'>ὁποῖοι</span> <span class='ocrx_word' id='word_1_803' title='bbox 2738 5264 2795 5317; x_wconf 70' lang='grc' dir='ltr'>δὲ</span> <span class='ocrx_word' id='word_1_804' title='bbox 2850 5264 2899 5317; x_wconf 83' lang='grc' dir='ltr'>οἱ</span> <span class='ocrx_word' id='word_1_805' title='bbox 2938 5263 3114 5335; x_wconf 83' lang='grc' dir='ltr'>λόγοι,</span> <span class='ocrx_word' id='word_1_806' title='bbox 3152 5263 3343 5335; x_wconf 13' lang='grc' dir='ltr'>γτοαίδε</span> 
     </span>
    </p>
   </div>
   <div class='ocr_carea' id='block_1_107' title="bbox 1768 5333 3340 5406">
    <p class='ocr_par' dir='ltr' id='par_1_107' title="bbox 1768 5333 3340 5406">
     <span class='ocr_line' id='line_1_107' title="bbox 1768 5333 3340 5406; baseline -0.003 -14"><span class='ocrx_word' id='word_1_807' title='bbox 1768 5333 1868 5397; x_wconf 61' lang='grc' dir='ltr'>καὶ</span> <span class='ocrx_word' id='word_1_808' title='bbox 1896 5342 1951 5391; x_wconf 82' lang='grc' dir='ltr'>αἱ</span> <span class='ocrx_word' id='word_1_809' title='bbox 1984 5339 2226 5406; x_wconf 68' lang='grc' dir='ltr'>πράξεις·</span> <span class='ocrx_word' id='word_1_810' title='bbox 2268 5333 2382 5390; x_wconf 61' lang='grc' dir='ltr'><strong>και</strong></span> <span class='ocrx_word' id='word_1_811' title='bbox 2403 5339 2562 5390; x_wconf 81' lang='grc' dir='ltr'>ὁποῖα</span> <span class='ocrx_word' id='word_1_812' title='bbox 2591 5337 2657 5389; x_wconf 77' lang='grc' dir='ltr'><strong>τὰ</strong></span> <span class='ocrx_word' id='word_1_813' title='bbox 2689 5333 3109 5406; x_wconf 33' lang='grc' dir='ltr'>ἔργαὶτοιρῦτος</span> <span class='ocrx_word' id='word_1_814' title='bbox 3139 5334 3189 5406; x_wconf 18' lang='grc' dir='ltr'>όλ</span> <span class='ocrx_word' id='word_1_815' title='bbox 3209 5334 3340 5401; x_wconf 78' lang='grc' dir='ltr'>βίος.</span> 
     </span>
    </p>
   </div>
   <div class='ocr_carea' id='block_1_108' title="bbox 1763 5402 3344 5506">
    <p class='ocr_par' dir='ltr' id='par_1_108' title="bbox 1763 5402 3344 5496">
     <span class='ocr_line' id='line_1_108' title="bbox 1763 5402 3344 5496; baseline -0.004 -35"><span class='ocrx_word' id='word_1_816' title='bbox 1763 5409 1994 5496; x_wconf 81' lang='grc' dir='ltr'>Χριστὸς</span> <span class='ocrx_word' id='word_1_817' title='bbox 2017 5402 2044 5461; x_wconf 83' lang='grc' dir='ltr'>ὁ</span> <span class='ocrx_word' id='word_1_818' title='bbox 2069 5402 2285 5479; x_wconf 74' lang='grc' dir='ltr'>σῦμπας</span> <span class='ocrx_word' id='word_1_819' title='bbox 2304 5406 2600 5479; x_wconf 75' lang='grc' dir='ltr'>ἀνθρώπων</span> <span class='ocrx_word' id='word_1_820' title='bbox 2629 5402 2760 5475; x_wconf 73' lang='grc' dir='ltr'>βίος,</span> <span class='ocrx_word' id='word_1_821' title='bbox 2788 5403 2896 5456; x_wconf 78' lang='grc' dir='ltr'>τῶν</span> <span class='ocrx_word' id='word_1_822' title='bbox 2920 5402 3153 5474; x_wconf 77' lang='grc' dir='ltr'>Χριστὸν</span> <span class='ocrx_word' id='word_1_823' title='bbox 3176 5404 3344 5471; x_wconf 75' lang='grc' dir='ltr'>ἐγνω-</span> 
     </span>
    </p>
   </div>
   <div class='ocr_carea' id='block_1_109' title="bbox 1765 5496 3337 5617">
    <p class='ocr_par' dir='ltr' id='par_1_109' title="bbox 1765 5496 3337 5617">
     <span class='ocr_line' id='line_1_109' title="bbox 1765 5496 3337 5617; baseline -0.004 -17"><span class='ocrx_word' id='word_1_824' title='bbox 1765 5496 1956 5617; x_wconf 44' lang='grc' dir='ltr'>κοὸἕ).</span> <span class='ocrx_word' id='word_1_825' title='bbox 1983 5549 2159 5603; x_wconf 73' lang='grc' dir='ltr'>Αὐτοὶ</span> <span class='ocrx_word' id='word_1_826' title='bbox 2203 5547 2287 5601; x_wconf 80' lang='grc' dir='ltr'><strong>δέ.</strong></span> <span class='ocrx_word' id='word_1_827' title='bbox 2334 5545 2484 5617; x_wconf 80' lang='lat' dir='ltr'><strong>Plato</strong></span> <span class='ocrx_word' id='word_1_828' title='bbox 2541 5546 2593 5597; x_wconf 87' lang='lat' dir='ltr'><strong>in</strong></span> <span class='ocrx_word' id='word_1_829' title='bbox 2628 5544 3021 5617; x_wconf 65' lang='lat' dir='ltr'><strong>Euthyphrong.</strong></span> <span class='ocrx_word' id='word_1_830' title='bbox 3071 5558 3194 5612; x_wconf 83' lang='lat' dir='ltr'><strong>pag.</strong></span> <span class='ocrx_word' id='word_1_831' title='bbox 3230 5543 3337 5617; x_wconf 24' lang='grc' dir='ltr'><strong>ΔΜ).</strong></span> 
     </span>
    </p>
   </div>
   <div class='ocr_carea' id='block_1_110' title="bbox 1769 5612 3341 5685">
    <p class='ocr_par' dir='ltr' id='par_1_110' title="bbox 1769 5612 3341 5685">
     <span class='ocr_line' id='line_1_110' title="bbox 1769 5612 3341 5685; baseline -0.003 -14"><span class='ocrx_word' id='word_1_832' title='bbox 1769 5612 1866 5673; x_wconf 85' lang='lat' dir='ltr'><strong>Hie</strong></span> <span class='ocrx_word' id='word_1_833' title='bbox 1918 5612 2094 5671; x_wconf 78' lang='lat' dir='ltr'><strong>autem</strong></span> <span class='ocrx_word' id='word_1_834' title='bbox 2146 5618 2380 5685; x_wconf 88' lang='lat' dir='ltr'><strong>loquitur</strong></span> <span class='ocrx_word' id='word_1_835' title='bbox 2432 5612 2787 5685; x_wconf 23' lang='lat' dir='ltr'><strong>Eutliyphro,’</strong></span> <span class='ocrx_word' id='word_1_836' title='bbox 2821 5615 2915 5681; x_wconf 86' lang='lat' dir='ltr'><strong>qui</strong></span> <span class='ocrx_word' id='word_1_837' title='bbox 2977 5614 3176 5667; x_wconf 79' lang='lat' dir='ltr'><strong>factum</strong></span> <span class='ocrx_word' id='word_1_838' title='bbox 3230 5612 3341 5683; x_wconf 75' lang='lat' dir='ltr'><strong>ipse</strong></span> 
     </span>
    </p>
   </div>
   <div class='ocr_carea' id='block_1_111' title="bbox 1721 5685 3103 5751">
    <p class='ocr_par' dir='ltr' id='par_1_111' title="bbox 1721 5685 3103 5751">
     <span class='ocr_line' id='line_1_111' title="bbox 1721 5685 3103 5751; baseline -0.004 -9"><span class='ocrx_word' id='word_1_839' title='bbox 1721 5727 1723 5730; x_wconf 56' lang='grc' dir='ltr'><strong>ι</strong></span> <span class='ocrx_word' id='word_1_840' title='bbox 1764 5704 1947 5749; x_wconf 79' lang='lat' dir='ltr'><strong>suum,</strong></span> <span class='ocrx_word' id='word_1_841' title='bbox 1979 5690 2200 5741; x_wconf 85' lang='lat' dir='ltr'><strong>deorum</strong></span> <span class='ocrx_word' id='word_1_842' title='bbox 2235 5686 2455 5738; x_wconf 71' lang='lat' dir='ltr'><strong>mavitni</strong></span> <span class='ocrx_word' id='word_1_843' title='bbox 2488 5686 2731 5751; x_wconf 71' lang='lat' dir='ltr'><strong>exentplo</strong></span> <span class='ocrx_word' id='word_1_844' title='bbox 2764 5685 3103 5737; x_wconf 73' lang='lat' dir='ltr'><strong>defendebat.</strong></span> 
     </span>
    </p>
   </div>
   <div class='ocr_carea' id='block_1_112' title="bbox 1836 5752 2961 5821">
    <p class='ocr_par' dir='ltr' id='par_1_112' title="bbox 1836 5752 2961 5821">
     <span class='ocr_line' id='line_1_112' title="bbox 1836 5752 2961 5821; baseline -0.001 -14"><span class='ocrx_word' id='word_1_845' title='bbox 1836 5760 1946 5821; x_wconf 74' lang='grc'>(88)</span> <span class='ocrx_word' id='word_1_846' title='bbox 1976 5759 2189 5810; x_wconf 73' lang='grc' dir='ltr'><strong>Αὐτόν.</strong></span> <span class='ocrx_word' id='word_1_847' title='bbox 2219 5755 2431 5814; x_wconf 75' lang='lat' dir='ltr'><strong>Melius.</strong></span> <span class='ocrx_word' id='word_1_848' title='bbox 2467 5752 2532 5808; x_wconf 75' lang='grc' dir='ltr'>αὖ</span> <span class='ocrx_word' id='word_1_849' title='bbox 2564 5755 2675 5816; x_wconf 86' lang='grc' dir='ltr'>τόν,</span> <span class='ocrx_word' id='word_1_850' title='bbox 2707 5764 2765 5806; x_wconf 90' lang='lat' dir='ltr'><strong>ut</strong></span> <span class='ocrx_word' id='word_1_851' title='bbox 2791 5753 2961 5809; x_wconf 87' lang='lat' dir='ltr'><strong>Plato.</strong></span> 
     </span>
    </p>
   </div>
   <div class='ocr_carea' id='block_1_113' title="bbox 1836 5826 2818 5891">
    <p class='ocr_par' dir='ltr' id='par_1_113' title="bbox 1836 5826 2818 5891">
     <span class='ocr_line' id='line_1_113' title="bbox 1836 5826 2818 5891; baseline -0.004 -8"><span class='ocrx_word' id='word_1_852' title='bbox 1836 5832 1946 5890; x_wconf 77' lang='lat'><strong>(89)</strong></span> <span class='ocrx_word' id='word_1_853' title='bbox 1988 5832 2123 5889; x_wconf 70' lang='grc' dir='ltr'>Ἄρα</span> <span class='ocrx_word' id='word_1_854' title='bbox 2161 5844 2240 5886; x_wconf 61' lang='grc' dir='ltr'>ηε,</span> <span class='ocrx_word' id='word_1_855' title='bbox 2278 5826 2530 5883; x_wconf 78' lang='lat' dir='ltr'><strong>Socrates</strong></span> <span class='ocrx_word' id='word_1_856' title='bbox 2560 5826 2818 5891; x_wconf 83' lang='lat' dir='ltr'><strong>loquitur.</strong></span> 
     </span>
    </p>
   </div>
  </div>
