3872 6368
513 337 654 410 1079

1187 350 1461 407 EUSEBII
1489 348 1974 408 CESARIENSIS
2011 351 2162 407 ΟΡΡ.
2201 347 2386 407 PARS
2419 347 2480 404 11.
2511 379 2578 388 -
2600 346 3104 404 APOLOGETICA.

3576 353 3676 409 nso

510 485 640 525 vero
672 482 838 524 causa
877 481 985 522 naec-
1017 482 1126 522 una
1155 474 1261 529 est,
1299 465 1642 536 Euthyphro,
1672 481 1794 535 qua:
1826 481 1911 519 me
1939 480 2090 519 reum

2206 462 2345 517 τοῦτ’
2377 465 2523 516 ἐστιν
2555 454 2616 516 οὗ
2647 461 2810 514 ’ἑνεκα
2835 461 2935 532 τὴν
2960 460 3172 532 γραφὴι
3216 461 3406 530 φεύγω,
3434 464 3504 516 ὅτι
3526 465 3582 519 τὰ
3606 484 3670 521 τοι

509 561 662 627 facit,
693 559 839 631 quod
873 573 1015 631 aegre
1041 559 1284 619 audiam,
1318 557 1365 612 si
1393 558 1518 626 quis
1549 557 1678 612 talia
1707 558 1774 612 de
1803 558 1909 612 diis
1939 573 2090 612 com-

508 658 798 709 memoret.
845 650 963 704 Erit
1007 659 1316 721 propterea.
1349 657 1409 704 ut
1454 649 1688 710 videtur,
1723 650 1816 719 qui
1863 663 2092 718 peccare

509 761 597 800 me
639 745 805 800 dicat.
837 743 906 797 Et
947 743 1167 814 quidem
1210 743 1254 797 si
1301 752 1354 796 tu
1397 757 1614 812 quoque
1650 757 1831 796 rerum
1860 742 2088 796 istarum

507 838 646 894 adeo
695 838 927 907 peritus,
975 835 1164 889 eadem
1219 834 1272 888 in
1325 834 1586 903 opinione
1617 833 1880 896 versaris,
1930 833 2093 887 nobis

507 927 697 991 etiam,
753 926 983 996 Opinor,
1035 925 1087 977 id
1140 924 1246 978 erit
1289 925 1606 979 necessario
1658 924 2089 980 concedendum.

509 1019 650 1084 Quid
690 1019 837 1074 enim
881 1032 1064 1073 causae
1086 1017 1426 1080 diceremus,
1463 1033 1588 1072 cum
1632 1017 1767 1072 nihil
1799 1019 1864 1072 iis
1898 1019 1964 1071 de
2005 1035 2094 1073 re-

508 1114 613 1168 bus
647 1115 791 1167 scire
819 1127 943 1173 nos,
983 1111 1126 1165 ultro
1159 1108 1260 1178 ipsi
1293 1108 1600 1164 fateamur?
1627 1111 1731 1165 Sed
1768 1121 1846 1173 tu,
1875 1127 1969 1181 per
1999 1111 2094 1165 Jo-

509 1221 630 1260 vem
685 1205 837 1258 illum
889 1202 1144 1258 amicitia:
1194 1202 1501 1269 praesidem,
1555 1217 1618 1256 ea
1665 1219 1792 1258 vere
1845 1204 1991 1258 hunc
2037 1205 2092 1257 in

507 1298 734 1354 modum
782 1296 1076 1364 contigisse
1114 1296 1315 1366 putas?
1351 1327 1420 1336 —
1463 1296 1577 1350 lmo
1627 1307 1681 1351 et
1703 1298 1830 1359 alia,
1875 1299 1949 1350 mi
1995 1296 2094 1351 So-

511 1395 714 1452 crates,
739 1386 900 1456 longe
932 1386 1016 1441 his
1048 1386 1408 1452 mirabiliora,
1435 1402 1557 1456 quae
1585 1388 1867 1441 hominum
1897 1388 2094 1458 vulgus

513 1477 747 1546 ignorat.
785 1473 940 1529 Tune
990 1475 1157 1545 igitur
1199 1476 1402 1530 bellum
1458 1475 1601 1529 inter
1649 1475 1802 1541 deos,
1864 1476 2096 1547 illasque

512 1579 704 1632 graves
748 1565 1089 1630 inimicitias,
1128 1575 1292 1636 atque
1342 1567 1745 1632 contentiones,
1779 1568 2005 1637 aliaque
2041 1569 2094 1623 id

511 1674 682 1728 genus
728 1657 1020 1728 permulta,
1051 1674 1174 1728 quae
1222 1674 1252 1712 a
1301 1658 1476 1727 poetis
1518 1658 1868 1724 occinuntur,
1916 1659 2093 1714 locum

511 1751 713 1804 habere
757 1751 1084 1805 arbitraris?
1115 1751 1258 1804 Sane
1286 1751 1526 1820 quidem.
1556 1767 1679 1805 cum
1724 1766 1881 1806 sacra
1936 1752 2095 1808 nobis

511 1844 617 1897 alia
652 1842 780 1896 boni
827 1843 1069 1912 pictores
1097 1841 1312 1910 egregie
1346 1841 1633 1907 variarint,
1675 1851 1790 1896 tum
1818 1858 1949 1897 vero
1979 1859 2099 1897 ma-

510 1933 632 2002 gnis
683 1934 794 1988 illis
837 1932 1220 1987 Panatheuaeis
1270 1933 1480 2002 peplum
1515 1933 1790 2003 quoddam
1825 1934 2097 2003 ejusmodi

509 2025 868 2080 varietatibus
919 2025 1162 2094 plenum,
1213 2039 1486 2078 summam
1529 2024 1582 2077 in
1635 2040 1814 2079 arcem
1866 2026 2092 2080 tollitur.

511 2115 652 2172 Vera
687 2103 800 2171 haec
841 2131 983 2179 esse,
1035 2115 1109 2168 mi
1163 2115 1507 2185 Euthyphro,
1534 2131 1666 2168 num
1701 2116 1997 2171 dicemus?
2023 2146 2096 2157 _.

509 2209 643 2274 lino,
689 2224 796 2264 non
830 2210 934 2263 ista
965 2208 1164 2274 solum,
1200 2208 1276 2261 mi
1300 2207 1576 2270 Socrates.
1613 2208 1706 2264 sed
1736 2211 1923 2271 etiam,
1949 2211 2096 2279 quin]

509 2305 672 2375 paulo
729 2314 855 2359 ante
897 2303 1167 2367 dicebam,
1217 2302 1325 2357 alia
1377 2304 1475 2358 tibi
1524 2303 1805 2373 pleraque,
1863 2304 1907 2357 si
1958 2305 2093 2359 velis

508 2397 695 2460 modo,
733 2396 801 2451 de
829 2396 935 2451 diis
969 2395 1225 2459 referam,
1258 2411 1380 2465 quae
1431 2405 1510 2463 tu,
1552 2405 1638 2452 sal
1669 2395 1805 2457 seio,
1837 2412 1959 2450 cum
1995 2412 2096 2450 au-

509 2489 654 2553 dies,
709 2487 1091 2556 obstupesces.
1132 2505 1152 2538 »
1196 2484 1322 2540 Haec
1377 2484 1530 2540 Plato
1583 2486 1638 2539 in
1696 2485 2089 2555 Euthyphrone.

510 2583 757 2650 Quorum
849 2583 1178 2639 sententiam
1239 2581 1478 2637 illustrat
1540 2580 1877 2649 Numenius,
1953 2581 2007 2634 in
2090 2597 2157 2636 eo
2224 2601 2387 2654 quem
2465 2588 2543 2641 De
2611 2588 2910 2642 Platonici:
2973 2587 3184 2641 arcanis

509 2677 712 2732 verbis.

1130 2768 1359 2829 CAPUT
1399 2769 1464 2824 V.

511 2877 598 2934 Ea:
625 2877 879 2936 Numenii
917 2881 1056 2936 libro
1088 2881 1162 2938 De
1190 2882 1439 2939 Platonis
1468 2882 1708 2939 arcanis.
1749 2882 2007 2938 Eamdem
2039 2882 2097 2934 in

1235 2970 1361 3009 renL

588 3085 608 3118 ι
656 3065 715 3120 Si
768 3065 838 3122 de
887 3066 1306 3122 Atheniensium
1356 3067 1632 3139 theologia
1675 3083 1800 3122 cum
1845 3083 1902 3123 se
1943 3067 2100 3121 Plato

513 3158 847 3228 scripturum
883 3172 1007 3212 esse
1036 3157 1437 3228 proposuisset,
1473 3173 1594 3212 eam
1621 3157 1872 3226 asperius
1902 3157 2100 3212 deinde

512 3247 976 3318 reprehendisset,
1010 3247 1157 3318 quod
1202 3246 1400 3317 partim
1435 3257 1623 3302 mutua
1655 3246 1941 3300 numinum
1981 3247 2099 3300 dis-

511 3343 652 3398 sidia
685 3341 1012 3404 contineret,
1043 3339 1242 3408 partim
1275 3339 1478 3394 liberos
1510 3347 1606 3394 aut
1624 3353 1950 3409 congressos
1974 3355 2098 3393 cum

511 3434 850 3503 parentibus,
871 3441 965 3487 aut
980 3432 1050 3486 ab
1071 3431 1138 3487 iis
1159 3431 1470 3494 deVoratos,
1497 3431 1695 3501 partim
1718 3430 1938 3486 sceleris
1963 3433 2101 3486 utri-

513 3541 689 3596 usque
709 3540 900 3590 causa,
923 3539 1117 3594 pcenas
1147 3524 1232 3578 vel
1255 3524 1568 3593 parentibus
1599 3522 1851 3588 alibcris,
1887 3523 1968 3577 vel
1993 3521 2102 3576 fra-

513 3619 689 3673 tribus
706 3633 738 3672 a
757 3617 1026 3671 fratribus
1045 3617 1540 3687 impositas,‘atque
1562 3617 1614 3670 id
1634 3631 1805 3687 genus
1822 3616 1927 3669 alia
1956 3617 2099 3671 cele-

513 3713 699 3766 braret
726 3729 740 3764 :
771 3709 926 3772 Haec,
956 3710 1207 3780 inquam,
1241 3708 1287 3764 si
1320 3709 1497 3778 palam
1525 3716 1579 3762 et
1603 3716 1789 3778 aperte
1820 3708 1975 3762 Plato
2009 3723 2101 3762 ac—

515 3813 808 3867 cusasset,
861 3802 995 3856 mihi
1050 3817 1183 3857 sane
1230 3818 1458 3857 causam
1509 3801 1940 3857 Atheniensibus
2002 3801 2102 3855 ali-

515 3911 680 3966 quam
709 3894 1010 3965 praebuisse
1030 3894 1323 3959 videretur,
1347 3902 1405 3947 ut
1435 3893 1491 3947 in
1521 3908 1608 3956 eo,
1639 3893 2100 3962 quemadmodum

515 3999 570 4044 et
598 3991 652 4042 in
688 3986 941 4053 Socrate,
969 3985 1364 4047 interﬁciendo.
1399 3985 1686 4056 :651At
1713 3999 1864 4050 vero,
1897 4001 2020 4040 eum
2055 3984 2100 4039 is

516 4094 617 4136 nec
644 4079 785 4146 vitae,
817 4092 986 4150 quam
1022 4077 1293 4141 veritatis,
1325 4077 1626 4131 retinenda:
1661 4075 1910 4146 cupidior
1935 4086 2098 4142 esset,

515 4182 568 4229 et
605 4182 896 4243 utramque
937 4179 1059 4226 tuto
1101 4170 1202 4224 abs
1247 4185 1369 4224 sese
1418 4168 1634 4223 defendi
1678 4183 1840 4239 posse
1870 4167 2097 4233 videret,

519 4265 954 4336 Euthyphronem
995 4263 1148 4316 illum
1182 4257 1482 4323 hominem,
1515 4267 1862 4329 arrogantem
1897 4275 1962 4314 ac
1989 4267 2100 4314 sto-

2196 553 2353 616 αὖτα,
2374 553 2590 607 ἐπειδάν
2617 570 2700 616 τις
2729 554 2856 623 περὶ
2879 551 2987 606 τῶν
3017 552 3154 607 θεῶν
3185 553 3334 625 λέγῃ,
3357 555 3582 628 δυσχερῶς
3601 579 3685 626 πως

2197 646 2556 717 ἀποδέχομαι,
2580 645 2699 698 δι“ἆ
2729 645 2814 716 δὴ,
2847 645 2924 709 ὡς
2952 645 3116 710 ἔοικε,
3143 648 3396 718 φήσειτῐς
3426 667 3483 720 με
3502 650 3680 724 ἐξαμαρ-

2197 747 2395 798 τάνειν.
2444 743 2558 797 Νῦν
2597 739 2711 807 οὖν,
2752 744 2802 796 εἰ
2840 743 2934 796 καί
2965 760 3046 796 σο;
3078 743 3251 797 ταῦτα
3283 745 3513 810 συνδοκεῖ,
3548 747 3608 816 τῷ
3645 745 3686 802 εὖ

2199 837 2358 890 εἰδότι
2395 837 2524 907 περὶ
2566 835 2676 888 τῶν
2707 834 2984 899 τοιούτων,
3017 837 3231 906 ἀνάγκη
3269 837 3350 908 δὴ,
3377 837 3443 900 ὡς
3470 836 3602 900 ἔοικε,
3623 840 3689 892 καὶ

2197 930 2332 999 ἡμῖν
2365 931 2690 1000 συγχωρεῖν.
2728 928 2792 980 Τί
2829 927 2938 998 γάρ
2981 929 3074 981 καὶ
3108 930 3366 998 φήσομεν,
3395 929 3442 981 οἴ
3457 946 3510 997 γε
3533 931 3671 982 nisi

2197 1023 2284 1074 τοὶ
2329 1019 2702 1092 ὁμολογοῦμεν
2758 1021 2887 1091 περὶ
2926 1021 3105 1074 αὐτῶν
3154 1021 3318 1090 μηδὲν
3353 1021 3547 1081 εξδέναις
3578 1021 3693 1075 Ἀλλὰ

2204 1131 2294 1185 μοι
2315 1113 2436 1168 εἰπὲ
2468 1113 2605 1184 πρὸς
2637 1113 2840 1177 Φιλίου,
2877 1116 2940 1167 σὺ
2967 1113 3040 1179 ὡς
3075 1113 3290 1184 ἀληθῶς
3315 1116 3415 1184 ἡγῇ
3435 1113 3578 1166 ταῦτα
3593 1113 3695 1167 οὓτω

2200 1204 2517 1272 γεγονέναι;
2548 1235 2618 1244 —
2640 1204 2755 1257 Καὶ
2788 1203 2868 1258 ἔτι
2900 1204 3104 1258 τούτων
3131 1202 3541 1276 θαυμασιώτερα,
3562 1197 3596 1256 ὦ
3617 1205 3684 1257 Et}

2202 1313 2421 1368 κρατες,
2451 1295 2487 1350 ἃ
2516 1297 2568 1349 οἱ
2595 1296 2780 1350 πολλοὶ
2809 1298 2910 1350 οὐκ
2953 1299 3119 1350 ἴσασι.
3147 1297 3259 1349 Καὶ
3291 1296 3501 1366 πόλεμον
3521 1298 3694 1366 ἄραηῄ

2204 1391 2268 1442 σὺ
2319 1385 2456 1442 εἶναι
2515 1387 2594 1460 τῷ
2634 1388 2748 1442 δντι
2796 1391 2998 1453 ἐντοῖς
3043 1387 3184 1452 Θεοῖς
3213 1387 3348 1458 πρὸς
3377 1387 3611 1457 ἀλλήλους,
3633 1389 3698 1439 καὶ

2202 1479 2405 1551 ἔχθρας
2433 1498 2494 1550 γε
2533 1481 2735 1545 δεινὰς,
2772 1483 2864 1535 καὶ
2902 1482 3101 1551 μάχας,
3132 1481 3227 1533 καὶ
3248 1479 3378 1533 ἄλλα
3400 1480 3589 1532 τοιαῦτα
3611 1480 3701 1532 πολ-

2202 1573 2289 1636 λὰ,
2319 1569 2406 1626 οἷα
2443 1573 2660 1642 λέγεται
2709 1591 2770 1626 τε
2821 1573 2926 1626 ὑπὸ
2968 1575 3080 1627 τῶν
3118 1573 3387 1642 ποιητῶνς
3414 1573 3497 1626 καὶ
3519 1572 3602 1624 ὑπὸ
3625 1571 3700 1623 τῶν

2203 1665 2424 1734 ἀγαθῶν
2459 1665 2741 1738 γραφέων,
2776 1667 2844 1720 τά
2870 1683 2928 1718 τε
2959 1665 3093 1719 ἄλλα
3136 1666 3262 1735 ἱερὰ
3285 1668 3412 1735 ἡμῖν
3441 1662 3702 1716 καταπεποί-

2203 1759 2404 1823 κιλται,
2437 1761 2531 1812 καὶ
2569 1759 2634 1831 δὴ
2679 1759 2772 1812 καὶ
2811 1761 2868 1812 ὲν
2900 1761 3012 1823 τοῖς
3045 1760 3301 1829 μεγάλοις
3337 1757 3704 1826 Παναθηναίοιςό

2199 1850 2404 1916 πέπλος
2439 1853 2637 1923 μεστὸς
2670 1851 2781 1905 τῶν
2832 1852 3087 1906 τοιούτων
3125 1851 3486 1922 ποικιλμάτων
3511 1848 3706 1915 ἀνάγεται

2202 1946 2282 2008 εἰς
2310 1945 2409 2016 τὴν
2450 1944 2769 2016 ἀκρόπολιν.
2801 1945 2985 1998 Ταῦτα
3018 1942 3191 2014 ἀληθῆ
3216 1939 3354 1997 εἶναι
3380 1934 3614 2011 φῶμεν,ὧ
3634 1939 3706 1991 Εὐ-

2203 2033 2443 2106 θύφρονς
2476 2067 2543 2077 -
2569 2035 2659 2105 Μὴ
2705 2035 2841 2105 μόνα
2889 2051 2985 2102 γε,
3033 2029 3078 2087 ὢ
3131 2033 3436 2104 Σώκρατες,
3475 2030 3588 2092 ἀλλ’,
3613 2031 3708 2096 ὅπερ

2201 2127 2325 2197 ἄρτι
2351 2124 2526 2188 εἷπον,
2571 2129 2665 2180 καὶ
2701 2127 2836 2180 ἄλλα
2882 2145 2964 2180 σοι
3007 2126 3119 2196 ἐγὼ
3155 2126 3348 2189 πολλὰ,
3375 2127 3553 2194 ἐάνπερ
3575 2121 3708 2194 βούλῃ,

2202 2216 2328 2287 περὶ
2367 2217 2475 2270 τῶν
2525 2217 2664 2272 θεῶν
2697 2219 3051 2290 διηγήσομαι,
3087 2219 3125 2274 ἃ.
3155 2221 3220 2273 σὺ
3251 2217 3456 2274 ἀκούων
3485 2211 3536 2270 εὖ
3558 2210 3631 2268 οἶδ’
3655 2216 3713 2266 ὅτι

2202 2310 2522 2384 ἐκπλαγήσῃ
2575 2331 2592 2364 ι
2641 2311 2826 2365 Ταῦτα
2870 2314 2899 2365 ὁ
2945 2311 3168 2365 Πλάτων
3214 2312 3277 2364 ἐν
3317 2311 3392 2382 τῷ
3428 2310 3707 2376 Εὑθύρρογι.

2197 2404 2466 2469 Διασαφεῖ
2490 2402 2548 2455 δὲ
2565 2416 2664 2474 την
2684 2402 2921 2456 διάνοιαν
2944 2403 2974 2454 ὀ
2992 2402 3323 2473 Νουμήνιος,
3341 2403 3398 2454 ὲν
3418 2399 3489 2470 τῷ
3507 2393 3713 2466 Περιιὼν

2201 2490 2363 2558 παρὰ
2389 2491 2664 2546 Πλάτωνι
2696 2491 3068 2560 ἁπορρήτων,
3105 2487 3209 2547 ὧδέ
3244 2511 3320 2565 πη
3347 2492 3523 2560 λέγων.

3265 2584 3602 2656 conscripsit,
3656 2576 3714 2636 his

2737 2769 3035 2821 ΚΕΦΑΛΑΙ
3043 2766 3133 2819 ΟΝ
3173 2764 3254 2822 Ε’.

2200 2882 2571 2951 Νουμηνίου,
2635 2883 2702 2935 ἐκ
2761 2880 2881 2934 τῶν
2934 2880 3092 2950 Παρὰ
3141 2877 3394 2951 Πλάτωνι
3441 2867 3718 2945 ἀποῤῥήτωιὸ,

2719 2953 2858 3020 Περὶ
2903 2952 3010 3006 τοῦ
3030 2949 3261 3004 αὐτοῦ.

2282 3084 2301 3116 ι
2338 3067 2400 3119 Εἰ
2443 3067 2563 3137 μὲν,
2595 3066 2830 3137 γράφειν
2873 3062 3301 3133 ὑππεινὰμενος
3335 3063 3365 3114 ὁ
3408 3057 3602 3112 Πλάτων
3627 3053 3719 3121 περὶ

2201 3161 2299 3229 τῆς
2321 3158 2595 3226 θεολογίας
2622 3157 2722 3230 τῆς
2757 3157 2866 3211 τῶν
2908 3155 3226 3227 Ἀθηναίων,
3261 3150 3380 3206 εἶτα
3419 3149 3724 3220 ἐδυσχέραινεν

2203 3251 2362 3321 αὐτῇ,
2390 3251 2485 3304 καὶ
2517 3250 2837 3321 κατηγόρει,
2862 3248 3060 3321 ἐχούσῃ
3097 3247 3319 3311 στάσεις
3347 3245 3442 3318 μὲν
3465 3245 3581 3316 πρὸς
3605 3239 3721 3306 ἀλλή-

2202 3341 2344 3406 λους,
2363 3342 2564 3395 τέκνων
2589 3342 2648 3394 δὲ
2677 3341 2784 3394 τῶν
2811 3343 2907 3412 μὲν
2941 3341 3113 3412 μίξεις
3142 3339 3253 3392 τῶν
3283 3339 3342 3392 δὲ
3368 3337 3566 3398 ἐδωδάς,
3583 3328 3721 3385 τῶνδὲ

2203 3436 2326 3488 ἀντλ⁵
2363 3433 2567 3488 τούτων
2613 3435 2852 3505 πατράσι
2877 3432 3167 3504 τιμωρίας,
3195 3431 3443 3500 ἀδελφῶν
3463 3445 3514 3480 τε
3536 3421 3720 3490 ἀδελφάς

2204 3525 2466 3597 ὑμνούσῃ,
2509 3526 2604 3580 καὶ
2645 3526 2778 3580 ἄλλα
2814 3525 3074 3587 τοιαῦτα,
3114 3525 3289 3596 εἴπερ,
3312 3525 3340 3576 ό
3375 3521 3577 3576 Πλάτων
3608 3511 3721 3569 mw.

2202 3616 2382 3670 λαϐὼν
2410 3620 2489 3680 εἰς
2522 3617 2582 3670 τὸ
2617 3617 2847 3689 φανερὸν
2879 3617 3197 3689 κατηγόρει,
3229 3617 3521 3688 παρασχεῖν
3546 3612 3600 3665 ἂν
3619 3607 3724 3662 δοκεῖ

2207 3723 2296 3776 μοι
2342 3709 2453 3769 τοῖς
2508 3705 2814 3777 Ἀθηναίοις
2857 3705 3038 3760 αἰτίαν
3085 3706 3248 3760 πάλιν
3292 3708 3478 3768 κακοῖς
3527 3697 3720 3770 γενέσθαι

2203 3797 2554 3851 ἀποκτείνασι
2612 3798 2705 3852 καὶ
2763 3799 2948 3863 αὑτὸν,
3005 3798 3193 3870 ὥσπερ
3249 3800 3342 3852 τὸν
3394 3797 3716 3868 Σωκράτηνιν

2216 3893 2368 3945 Ἐπεὶ
2383 3891 2441 3945 δὲ
2463 3889 2561 3963 ζῇν
2581 3893 2679 3964 μὲν
2700 3893 2799 3945 οὐκ
2824 3893 2890 3946 ἂν
2911 3893 3192 3964 προείλετο
3214 3891 3459 3963 μᾶλλον-ἦ
3479 3884 3722 3957 ἀληθεύειν.

2203 3983 2349 4055 ἑώρα
2391 3983 2447 4035 δὲ
2503 3985 2603 4055 ζῇν
2646 4001 2704 4035 τε
2764 3984 2858 4037 καὶ
2897 3981 3180 4055 ἀληθεύειν
3249 3981 3505 4052 ἀσφαλῶς
3554 3975 3723 4044 δυνησό-

2207 4093 2384 4146 μενος,
2440 4075 2636 4147 ἔθηκεν
2668 4079 2727 4129 ὲν
2765 4077 2861 4148 μὲν
2911 4077 2989 4147 τῷ
3036 4078 3278 4148 σχήματι
3324 4074 3431 4127 τῶν
3471 4068 3722 4139 Ἀθηναίων,

2202 4167 2293 4220 τὸν
2348 4170 2729 4237 Εὐθύφρονα,
2781 4169 2910 4222 ὄντα
2946 4169 3116 4240 ἄνδρα
3164 4167 3422 4232 ἀλαζόνα,
3470 4163 3555 4218 καὶ
3586 4158 3724 4214 κοάλε-

2209 4278 2328 4330 μον,
2359 4261 2453 4314 καὶ
2494 4262 2628 4324 εἴτις
2671 4261 2850 4324 ἄλλος,
2880 4261 3124 4329 θεολογεῖ
3155 4259 3375 4322 κακῶς·
3417 4257 3562 4312 αὑτὸν
3593 4252 3637 4304 δὲ
3659 4247 3722 4301 τὸν

519 4335 708 4421 lidum,
734 4357 940 4428 quique
967 4355 1036 4411 de
1065 4355 1170 4409 diis
1197 4368 1506 4424 perperam,
1540 4352 1584 4406 si
1613 4355 1904 4420 quisquam
1937 4352 2098 4415 alius,

2209 4353 2504 4425 Σωκράτην
2531 4356 2618 4407 ἐπ’
2652 4352 2815 4406 αὐτοῦ
2843 4370 2922 4414 τε,
2949 4353 3043 4406 καὶ
3075 4353 3132 4404 ἐν
3153 4350 3234 4421 τῷ
3263 4349 3381 4422 ἰδίῳ
3409 4339 3722 4420 σχηματισμῷν

517 4453 842 4522 disputaret,
893 4445 1306 4503 Atheniensium
1355 4445 1472 4500 vice
1516 4443 1866 4498 introduxit:
1903 4443 2102 4500 Socra-

2209 4446 2266 4497 ἐν
2297 4439 2341 4513 ᾧ
2373 4447 2500 4517 περὶ
2527 4446 2778 4510 εἰωθότος
2806 4446 3034 4517 ἤλεγχεν
3067 4446 3281 4517 ἑκάστῳ
3323 4437 3647 4517 προσομιλῶν·

516 4551 626 4600 tem
667 4556 798 4596 vero
823 4555 918 4610 per
952 4555 1186 4608 sese,,ac
1227 4539 1318 4610 pio
1382 4539 1476 4592 illo
1533 4552 1687 4592 more
1741 4538 2008 4608 genioque
2045 4539 2296 4608 proprio,
2349 4556 2458 4610 quo
2496 4542 2699 4611 passim
2730 4541 2820 4596 ille
2871 4556 2995 4596 cum
3027 4540 3286 4595 omnibus
3341 4539 3592 4594 utebatur.
3613 4541 3725 4585 coal"

519 4652 776 4711 guemem
806 4634 1074 4690 exhibuit.

1127 4726 1360 4783 CAPUT
1407 4726 1496 4780 Vl.

522 4819 590 4878 In
620 4823 762 4893 vulgi
795 4821 1066 4890 opiniones
1099 4821 1399 4874 abeundum
1425 4837 1526 4893 non
1549 4835 1680 4893 esse,
1734 4837 1826 4873 nec
1853 4821 1916 4893 a_b
1945 4821 2103 4874 insti-

595 4891 726 4948 tula'
755 4910 850 4946 suo
893 4892 971 4945 vel
1015 4893 1203 4944 mortis
1251 4902 1390 4944 metu
1425 4891 1818 4945 discedendmn.
1864 4891 1948 4944 Ea:
1977 4893 2100 4947 Cri-

595 4977 744 5020 tene.

598 5076 617 5109 ι
653 5057 698 5111 Ο
744 5055 919 5112 amice
965 5055 1118 5110 Crito
1153 5054 1354 5125 (inquit
1399 5054 1542 5124 apud
1578 5053 1860 5109 Platonem
1906 5052 2104 5109 Socra—

519 5154 649 5219 tes),
684 5159 836 5203 tuum
871 5149 978 5204 hoc
1003 5147 1268 5209 studium,
1289 5146 1331 5201 si
1361 5146 1526 5200 modo
1545 5163 1669 5201 cum
1690 5147 1945 5214 azquitate
1975 5161 2076 5200 con

519 5246 770 5312 iunctum
804 5240 897 5307 sit,
957 5239 1180 5295 maximi
1213 5253 1345 5294 sane
1378 5237 1690 5294 faciendum
1719 5248 1838 5302 est;
1881 5240 1964 5292 sin
2005 5238 2108 5291 mi-

521 5351 647 5397 nus,
686 5350 795 5403 quo
824 5330 1203 5388 vehementius
1223 5338 1327 5394 est,
1362 5343 1428 5384 eo
1453 5329 1758 5384 molestius.
1801 5327 2107 5383 Videndum

521 5443 654 5494 ergo
683 5425 867 5491 nobis,
892 5433 1075 5479 utrum
1105 5423 1178 5478 ila
1208 5412 1280 5477 sit
1313 5420 1606 5493 agendum,
1629 5435 1820 5476 necne.
1841 5419 2108 5490 Equidem

522 5531 630 5570 non
665 5525 878 5574 tantum
909 5516 964 5570 in
991 5514 1300 5585 praesentia,
1319 5511 1414 5567 sed
1428 5513 1590 5567 etiam
1609 5520 1868 5582 perpetuo
1896 5512 1966 5566 ita
1987 5527 2105 5565 sum

523 5609 708 5663 animo
751 5618 1121 5673 comparatus,
1174 5617 1234 5662 ut
1265 5605 1531 5676 quidquid
1577 5621 1607 5660 a
1659 5606 1796 5661 meis
1825 5605 2103 5670 afferatur,

526 5701 661 5756 nihil
704 5719 945 5774 unquam
995 5711 1192 5772 praeter
1216 5716 1337 5757 eam
1375 5702 1642 5755 rationem
1695 5700 1948 5767 audiam,
1983 5716 2106 5771 qua:

594 5815 705 5886 (90)
729 5813 794 5871 Ὦ
824 5819 966 5887 5:le
1001 5819 1246 5886 Κρίτων.
1279 5816 1430 5873 Plato
1467 5818 1519 5872 in
1555 5818 1790 5886 Critone,
1832 5833 1882 5891 ρ.
1917 5817 2041 5884 571,
2079 5815 2136 5869 Β.

2731 4725 3131 4781 ΚΕΦΑΛΑΙΟΝ
3177 4727 3272 4792 cr'.

2210 4823 2336 4875 Ὀτι
2373 4819 2459 4890 μὴ
2500 4819 2596 4873 δεῖ
2628 4819 2756 4886 ταῖς
2790 4818 2909 4873 τῶν
2933 4818 3180 4872 πολλῶν
3206 4816 3526 4890 προσέχειν
3551 4806 3722 4890 δόξαςτ

2446 4873 2571 4958 ιτῆς
2614 4873 2766 4956 ιδῖαξ·
2799 4890 3215 4961 μετατίθεσθαι
3230 4873 3635 4961 ξτροαιᾞέσείιις,
3657 4873 3726 4928 διὰ

2277 4960 2540 5017 θανάτου
2569 4962 2777 5030 φόϐον.
2819 4960 2960 5014 Ἀπὸ
2991 4960 3096 5014 τοῦ
3129 4960 3428 5030 Κρίτωνος.

2285 5075 2302 5108 ι
2336 5051 2406 5107 Ὦ
2461 5054 2581 5124 φίλε
2635 5054 2854 5125 Κρίτων
2905 5053 3097 5124 (90),ἡ
3146 5050 3428 5123 προθυμία
3462 5062 3546 5100 σου
3581 5033 3723 5094 πολ).ιῦ

2213 5146 2360 5213 ἀξία,
2410 5148 2457 5199 εἰ
2514 5146 2654 5217 μετά
2704 5162 2848 5208 τινος
2906 5144 3196 5215 ὀρθότητος
3233 5142 3356 5213 εἴη·
3390 5140 3512 5194 εἰδὲ
3543 5135 3623 5206 pi.
3649 5132 3726 5196 55'."

2218 5241 2441 5310 μείζων,
2491 5237 2728 5308 τοσούτῳ
2771 5236 3150 5309 χαλεπωτέρα.
3187 5233 3510 5288 Σκοπεῖσθαι
3545 5223 3623 5283 οὖν
3652 5217 3726 5294 χρὴ

2215 5336 2381 5406 ἡμᾶς,
2433 5333 2540 5386 εἴτε
2587 5330 2762 5386 ταῦτα
2819 5329 3111 5402 πρακτέον,
3145 5328 3254 5382 εἴτε
3309 5329 3405 5400 μή.
3445 5326 3526 5388 Ὧς
3563 5319 3654 5388 ἐγὼ

2220 5428 2378 5500 μόνον
2433 5425 2548 5490 νῦν,
2584 5423 2720 5479 ἀλλὰ
2764 5424 2859 5477 καὶ
2904 5423 2991 5478 ἀεὶ
3034 5421 3295 5485 τοιοῦτος,
3338 5415 3448 5483 οἶος
3486 5415 3582 5470 τῶν
3619 5405 3724 5480 ἐμῶν

2220 5519 2406 5589 μηδενὶ
2432 5517 2576 5589 ἄλλῳ
2611 5516 2891 5571 πείθεσθαι
2916 5516 2949 5586 ἦ
2979 5515 3059 5584 τῷ
3085 5515 3244 5586 λόγῳ,
3263 5514 3325 5576 ὃς
3358 5513 3422 5566 ἄν
3455 5526 3540 5580 μοι
3565 5499 3725 5596 λογιζος

2218 5611 2366 5682 μένῳ
2391 5610 2660 5681 βέλτιστος
2696 5609 2973 5681 φαίνηται.
2996 5609 3135 5672 Τοὺς
3165 5607 3228 5679 δὴ
3265 5605 3477 5673 λόγους,
3498 5601 3580 5663 οὓς
3607 5598 3653 5649 ὲν
3672 5607 3725 5656 πὶ)

2214 5701 2520 5773 ἔμπροσθεν
2568 5702 2770 5771 ἔλεγον,
2801 5702 2862 5756 οὐ
2893 5701 3123 5771 δύναμαι
3151 5699 3244 5754 νῦν
3273 5697 3546 5752 ἐκϐάλλειν
3581 5682 3722 5743 ἐπειδὴ
