3872 6368
183 373 289 435 1081

1278 370 1594 426 ΡΒᾸΞΡΛΒ.
1633 369 1882 428 EVANG.
1920 370 2048 426 LIB.
2086 370 2226 426 XIII.

3201 371 3356 430 ιυεε·

184 506 253 561 μοι
281 486 359 556 ἥδε
388 484 419 554 ἡ
449 481 573 552 τύχη
605 481 819 564 γέγονεν
839 498 854 511 '
889 479 1028 535 ἀλλὰ
1047 480 1230 552 σχεδόν
1256 497 1306 533 τι
1343 482 1516 550 ὅμοιοι
1547 479 1655 549 φαί-

1775 480 1907 535 mihi
1940 496 2054 536 rem
2081 491 2285 537 attente
2328 482 2586 552 cogitanti
2611 483 2814 552 optima
2857 485 3124 542 videatur.
3180 487 3346 557 Atqui

181 579 322 633 νονταί
361 593 458 646 μοι,
501 574 741 637 καὶτοὺς
783 573 981 636 αὐτοὺς
1022 570 1308 644 πρεσϐεύω
1359 573 1456 626 καὶ
1513 572 1673 642 τιμῶ,

181 673 341 740 uis-ap
364 667 448 720 καὶ
471 666 718 737 πρότερον
742 664 875 735 (91)·
911 658 1009 717 Ὧν
1034 663 1128 717 ἐὰν
1157 664 1229 734 μὴ
1257 663 1448 732 βελτίω
1465 662 1676 733 ἔχωμεν

179 761 314 831 λέγειν
334 762 384 812 ἐν
411 757 480 828 τῷ
528 757 747 828 παρόντι
786 753 846 810 εὖ
882 756 1012 821 ῐσθι,
1046 756 1127 810 ὅτι
1159 757 1218 809 οὺ
1253 757 1324 826 μή
1356 773 1438 808 σοι
1467 771 1676 825 συγχω-

177 855 308 924 ρήσω,
333 848 427 902 οὐδ’
458 847 521 900 ἂν
558 846 724 899 πλείω
761 846 869 899 τῶν
899 846 993 899 νῦν
1023 846 1302 916 παρόντων
1331 846 1364 914 ἡ
1402 843 1509 897 τῶν
1549 844 1677 896 πολ-

174 945 252 996 λῶν
292 942 510 1011 δύναμις,
561 939 746 1008 ὥσπερ
801 939 996 1002 παῖδας
1019 939 1164 1009 ἡμᾶς
1216 935 1674 1009 μορμολύττηται,

171 1031 351 1102 δεσμούς
379 1047 431 1082 τε
459 1029 550 1082 καὶ
578 1027 837 1090 θανάτους
886 1027 1290 1097 ἐπιπέμπουσα,
1332 1026 1427 1079 καὶ
1461 1025 1674 1096 χρημά-

171 1141 251 1175 των
271 1121 567 1192 ἀφαιρέσεις.
601 1119 724 1182 Πῶς
755 1115 848 1172 οὖν
871 1117 935 1172 ἂν
963 1117 1304 1190 μετριώτατα
1339 1117 1673 1186 σκοποίμεθα

169 1215 301 1277 αὑτάς
331 1214 386 1266 Εἰ
417 1211 620 1284 πρῶτον
653 1211 750 1282 μὲν
777 1210 962 1263 τοῦτον
991 1210 1081 1263 τὸν
1114 1210 1270 1278 λόγον
1294 1208 1670 1278 ἀναλὰϐοιμεν,

167 1306 211 1358 ὃν
241 1308 292 1358 σὺ
329 1305 506 1372 λέγεις,
538 1303 629 1356 τὸν
677 1303 803 1375 περὶ
854 1303 964 1356 τῶν
1005 1301 1194 1366 δοξῶν,
1231 1302 1455 1372 πότερον
1495 1299 1673 1362 καλῶς

168 1397 335 1465 ἐλέγετο
382 1397 649 1459 ἑκάστοτε,
683 1395 717 1467 ἢ
769 1393 851 1459 οὓ,
879 1397 960 1449 ὃτι
992 1398 1112 1459 ταῖς
1145 1396 1241 1465 μὲν
1272 1395 1351 1447 δεῖ
1372 1393 1478 1446 τῶν
1506 1392 1673 1460 δοξῶν

166 1490 396 1560 προσέχειν
415 1489 500 1541 τὸν
527 1486 669 1549 νοῦν,
699 1490 817 1550 ταῖς
843 1488 921 1550 δὲ,
950 1487 1010 1541 οὔ
1031 1505 1045 1518 ο
1074 1487 1107 1558 ἢ
1143 1487 1271 1557 πρίν
1309 1504 1375 1557 με
1400 1485 1508 1539 δεῖν
1538 1486 1672 1538 ἀπο-

165 1581 380 1651 θνήσκειν,
415 1578 586 1643 xalt‘o;
620 1579 854 1647 ἐλέγετο,
895 1579 988 1632 νῦν
1008 1581 1064 1632 δὲ
1101 1577 1399 1648 κατάδηλος
1426 1578 1531 1648 ἄρα
1553 1575 1671 1644 ἐγέ-

165 1688 270 1732 νετο,
301 1671 370 1722 ὅτι
404 1669 571 1732 ἄλλως
605 1667 768 1723 ἕνεκα
812 1669 971 1737 λόγου
1003 1669 1242 1737 ἐλέγετο,
1279 1663 1346 1738 ἦν
1384 1667 1441 1720 δὲ
1483 1665 1669 1719 παιδιὰ

163 1763 232 1814 καὶ
251 1760 456 1831 φλυαρία
484 1760 557 1824 ὼς
589 1760 821 1832 ἀληθῶς.
861 1760 1140 1831 Ἐπιθυμῶ
1164 1759 1208 1812 δ’
1241 1759 1415 1827 ἔγωγε
1446 1756 1668 1810 ὲπισκέο

161 1850 334 1918 ψασθαι,
362 1843 403 1902 ὦ
432 1849 664 1922 Κρίτων,
699 1852 848 1920 κοινῇ
880 1849 1014 1920 μετὰ
1042 1847 1135 1902 σοῦ
1173 1847 1226 1901 εἴ
1252 1849 1303 1901 τί
1345 1865 1434 1917 μοι
1462 1845 1668 1900 ἀλλοιό-

159 1958 279 2011 τερος
301 1943 548 2008 φανεῖται,
571 1942 756 2009 ἐπειδὴ
789 1935 880 1994 ὧδ’
915 1941 1042 2012 ἔχω,
1075 1941 1108 2011 ἢ
1146 1942 1174 1994 ὁ
1207 1940 1370 2002 αὐτὸς
1394 1940 1486 1992 καὶ
1515 1939 1669 1993 ἐάσο-

162 2049 234 2100 μεν
258 2032 461 2105 χαίρειν,
487 2030 518 2102 ἢ
557 2030 854 2100 πεισόμεθα
880 2029 1046 2100 αὐτῷ.
1082 2029 1329 2098 Ἐλέγετο
1349 2028 1406 2082 δέ
1441 2045 1575 2090 πως,
1592 2027 1668 2091 ὡς

158 2120 337 2190 ἐγῷμαι,
375 2121 624 2174 ἑκάστοτε
673 2114 774 2173 ὦδε
823 2120 927 2172 ὑπὸ
956 2120 1062 2172 τῶν
1096 2119 1354 2190 οἰομένων
1388 2136 1440 2170 τι
1469 2118 1666 2185 λέγειν,

155 2212 298 2283 ὥσπερ
337 2212 421 2265 νῦν
459 2212 520 2282 δὴ
553 2211 665 2280 ἐγὼ
694 2211 897 2280 ἔλεγον,
921 2211 1001 2264 ὅτι
1038 2210 1144 2263 τῶν
1175 2210 1340 2275 δοξῶν
1387 2209 1454 2273 ἃς
1488 2212 1535 2262 οἱ
1572 2210 1666 2264 ἄν·

155 2303 730 2373 θρωποιδοξάζουσι,δέοι
758 2303 856 2366 τὰς
883 2304 977 2374 μὲν
1009 2304 1136 2374 περὶ
1163 2303 1356 2356 πολλοῦ
1377 2301 1665 2366 ποιεῖσθαι,

153 2396 224 2459 τὰς
243 2396 288 2450 δὲ
312 2398 396 2467 μή.
431 2396 597 2450 Τοῦτο
636 2396 770 2466 πρὸς
795 2395 952 2457 θεῶν,
983 2389 1027 2447 ὦ
1051 2395 1362 2466 Κρίτων,οὐ
1391 2395 1536 2448 δοκεῖ
1565 2412 1665 2447 κα-

152 2486 231 2549 λῶς
259 2505 325 2541 σοι
353 2487 630 2556 λέγεσθαι;
656 2489 727 2540 Συ
754 2487 884 2558 γὰρ,
901 2488 1000 2540 ὅσα
1033 2504 1095 2555 γε
1121 2485 1484 2557 τάνθρώπεια,
1511 2488 1666 2552 ἐκτὸς

152 2575 288 2633 εἰτοῦ
329 2580 526 2652 μέλλειν
567 2579 932 2650 ἀποθνήσκειν
983 2579 1190 2651 αὔριον,
1221 2579 1316 2633 καὶ
1365 2579 1466 2632 οὐκ
1505 2580 1570 2634 ἄν
1604 2597 1664 2634 σε

153 2673 429 2744 περακρούοι
477 2677 508 2745 ἡ
551 2674 806 2745 παροῦσα
857 2673 1128 2744 συμφορά.
1159 2674 1357 2726 Σκόπει
1399 2673 1495 2743 δή.
1552 2671 1664 2744 Οὐχ

152 2765 305 2829 ἱκανῶς
341 2767 480 2820 δοκεῖ
511 2785 592 2820 σοι
629 2766 903 2835 λέγεσθαι,
943 2766 1024 2818 ὃτι
1059 2767 1118 2818 οὐ
1161 2765 1338 2829 πάσας
1371 2764 1474 2835 χρὴ
1507 2764 1664 2830 δόξας

148 2857 220 2918 τὰς
241 2857 332 2910 τῶν
365 2859 662 2930 ἀνθρώπων
697 2861 882 2929 τιμᾷν,
923 2858 1055 2912 ἀλλὰ
1085 2857 1185 2921 τὰς
1221 2858 1337 2927 μὲν,
1371 2857 1468 2920 τὰς
1493 2857 1536 2910 δ’
1567 2857 1660 2924 οὖ;

146 2950 234 3002 οὐδὲ
264 2951 481 3015 πάντων,
535 2951 672 3005 ἀλλὰ
729 2950 840 3004 τῶν
889 2951 1006 3021 μὲν,
1041 2949 1148 3002 τῶν
1198 2950 1244 3004 δ’
1288 2949 1382 3014 οὓς
1418 2950 1483 3002 Τί
1526 2949 1662 3020 φῄς;

145 3039 275 3095 ταῦτα
295 3045 400 3114 οὐχὶ
430 3045 605 3109 καλῶς
630 3043 844 3112 λέγεται
866 3060 879 3108 ;
905 3074 973 3083 -—
1006 3042 1222 3106 Καλῶς.
1250 3075 1314 3083 —
1336 3041 1542 3096 Οὐκοῦν
1566 3041 1664 3106 τὰς

1778 588 1844 627 nc
1873 573 1928 626 in
1953 571 2058 627 hac
2081 573 2296 642 quidem
2328 572 2567 638 fortuna,
2600 590 2710 644 qua
2737 592 2881 631 nunc
2915 587 3060 634 utor.
3097 593 3219 648 quae
3242 594 3346 632 an-

1778 664 1936 718 tehac
1978 664 2076 719 abs
2121 680 2209 718 me
2239 665 2513 734 disputata
2561 676 2710 732 sunt,
2745 671 3029 738 repudiare
3073 685 3343 746 possum;

1775 748 1848 801 ita
1876 746 1990 802 fere
2025 749 2157 802 mihi
2193 764 2409 818 semper
2431 751 2515 804 sui
2544 752 2744 807 similia
2785 756 3064 824 videntur;
3101 763 3347 836 adeoque

1775 841 1864 896 illa
1912 842 2060 912 ipsa,
2104 859 2225 912 quae
2267 844 2459 913 prius,
2500 845 2796 914 amplector
2835 851 3131 908 etiamnum
3170 871 3235 910 ac
3261 873 3348 912 se-

1773 949 1930 1002 quor.
1975 933 2182 1000 Quibus
2223 935 2452 1003 proinde
2493 936 2540 990 si
2589 937 2787 993 melius
2836 941 3010 1006 nihil,
3061 944 3164 999 hoc
3199 956 3342 1002 statu

1774 1041 1992 1089 rerum,
2043 1026 2188 1095 quod
2235 1025 2504 1092 dicamus,
2554 1031 2815 1094 occurrit,
2861 1048 3159 1103 nunquam,
3208 1041 3342 1094 mihi

1771 1122 1964 1185 crede,
2016 1119 2110 1172 tibi
2152 1119 2451 1185 assentiar;
2501 1135 2570 1174 ne
2616 1120 2663 1175 si
2707 1123 2865 1178 nobis
2904 1127 3118 1194 quidem
3163 1130 3339 1198 plura,

1773 1227 1936 1282 quam
1965 1211 2142 1266 adhuc
2171 1211 2475 1274 videamus,
2515 1212 2959 1272 terriculamenta
2999 1219 3081 1272 vis
3121 1220 3206 1274 illa
3242 1238 3341 1292 po-

1770 1303 1881 1372 puli
1907 1313 2164 1373 tanquam
2192 1303 2373 1372 pueris
2398 1303 2692 1369 obiecerit,
2725 1307 2936 1362 vincula
2961 1349 2975 1372 ,
3001 1321 3202 1367 mortes
3220 1354 3235 1378 ,
3273 1327 3341 1367 ac

1770 1397 2034 1450 bonorum
2064 1396 2400 1466 direptiones
2450 1396 2787 1451 intentando.
2828 1397 2963 1464 Quis
2989 1401 3153 1469 igitur
3182 1419 3212 1456 a
3249 1419 3342 1458 no—

1769 1485 1855 1540 bis
1883 1485 2122 1555 nptimus
2154 1485 2238 1539 his
2268 1485 2320 1538 in
2360 1485 2522 1539 rebus
2566 1486 2900 1543 aestimandis
2949 1489 3196 1544 adhiberi
3228 1507 3342 1545 mo-

1769 1577 1870 1632 dus
1916 1577 2152 1645 poterit?
2200 1575 2478 1645 Principio
2519 1577 2769 1647 quidem,
2805 1580 2851 1633 si
2895 1589 3042 1634 tuam
3086 1581 3231 1636 illam
3270 1584 3340 1639 de

1769 1668 2118 1737 opinionibus
2147 1667 2566 1738 disputationem
2597 1671 2916 1739 repetimus,
2953 1681 3170 1728 rectene
3190 1675 3339 1730 vide-

1769 1760 1913 1820 licet,
1946 1777 2014 1814 an
2047 1776 2226 1823 secus,
2256 1761 2461 1815 dictum
2493 1761 2744 1816 universe
2771 1761 2952 1829 fuerit,
2980 1764 3032 1817 in
3059 1767 3340 1823 nonnullis

1768 1852 2118 1921 opinionibus
2145 1851 2600 1920 acquiescendum
2640 1867 2782 1914 esse,
2823 1853 2874 1906 in
2907 1855 3029 1909 aliis
3062 1855 3285 1911 minime
3318 1875 3334 1911 :

1769 1960 1837 1998 an
1876 1944 2091 2014 potius,
2145 1954 2436 2014 antequam
2483 1943 2616 1998 mihi
2669 1954 2814 2000 esset
2859 1947 3122 2002 moriendi
3155 1949 3336 2004 oblata

1768 2038 2066 2092 necessitas
2085 2079 2099 2102 ,
2127 2046 2271 2092 recte
2304 2037 2355 2091 id
2385 2053 2448 2092 ac
2483 2053 2606 2093 vere
2629 2038 2899 2093 diceretur
2922 2079 2940 2104 ,
2977 2056 3120 2095 nunc
3151 2050 3332 2097 autem

1769 2128 1928 2196 plane
1950 2127 2288 2193 constiterit,
2324 2136 2439 2182 tum
2465 2129 2683 2198 quidem
2708 2129 2883 2192 aliter.
2911 2131 3005 2185 sed
3034 2132 3170 2188 dicis
3211 2143 3335 2188 tan-

1767 2228 1883 2274 tum
1918 2233 2081 2273 causa
2134 2218 2495 2289 disputatum,
2526 2223 2701 2292 reipsa
2731 2231 2910 2276 tamen
2943 2223 3128 2278 ludum
3162 2225 3212 2278 id
3247 2235 3333 2280 to-

1769 2319 1882 2368 tum
1911 2327 1975 2366 ac
2007 2327 2178 2381 nugas
2203 2311 2390 2368 fuisse.
2417 2312 2529 2383 Ego
2555 2329 2684 2368 vero
2713 2323 2888 2369 tecum
2920 2331 3047 2378 una,
3066 2315 3139 2370 mi
3161 2315 3333 2382 Crito,

1767 2403 2046 2458 attendere
2071 2419 2216 2459 nunc
2237 2412 2292 2459 et
2313 2405 2592 2473 explorare
2621 2407 2781 2475 cupio
2800 2448 2816 2472 ,
2844 2423 2974 2462 num
3009 2409 3148 2463 alius
3173 2409 3331 2475 mihi,

1766 2501 2049 2562 postquam
2083 2493 2228 2548 hunc
2259 2493 2311 2547 in
2344 2494 2522 2550 locum
2552 2494 2938 2566 fortunamque
2972 2498 3115 2559 veni.
3151 2515 3333 2554 sermo

1767 2583 1855 2638 ille
1886 2583 2151 2648 videatur,
2187 2582 2350 2654 652
2390 2599 2458 2638 an
2485 2601 2714 2654 prorsus
2747 2587 2888 2642 idem
2937 2606 2949 2641 :
2997 2603 3062 2642 ac
3105 2590 3333 2657 proinde

1767 2682 1949 2730 utrum
2001 2689 2124 2729 eum
2165 2673 2430 2730 facessere
2469 2676 2796 2745 jubeamus,
2839 2693 2906 2731 an
2934 2678 3106 2733 eidem
3140 2695 3331 2748 parea-

1765 2776 1910 2816 mus.
1952 2761 2089 2816 Tum
2123 2762 2366 2832 quidem,
2399 2764 2614 2834 opinor,
2653 2767 2732 2820 uti
2762 2766 2987 2836 jamjam
3039 2768 3154 2836 ipse
3181 2769 3331 2825 dice-

1764 2851 1912 2915 bam,
1959 2853 2012 2908 id
2063 2854 2340 2908 communi
2371 2855 2604 2924 quodam
2655 2871 2866 2921 eorum,
2903 2857 2994 2926 qui
3038 2858 3240 2927 aliquid
3271 2875 3333 2914 se

1763 2944 1944 3001 dicere
1986 2946 2408 3011 existimabant,
2455 2947 2663 3016 judicio
2713 2949 3089 3014 statuebatur;
3141 2965 3208 3005 ex
3260 2952 3332 3009 iis

1735 3051 1885 3106 ,qua:
1912 3035 1965 3090 in
2008 3037 2289 3093 hominum
2318 3038 2575 3109 Opinione
2601 3049 2886 3094 versantur
2908 3079 2924 3104 ,
2975 3043 3079 3096 alia
3108 3041 3329 3110 plurimi

145 3131 220 3198 μὲν
262 3135 480 3204 χρηστὰς
529 3136 716 3205 τιμᾷν,
751 3135 847 3197 τὰς
893 3134 949 3187 δὲ
1007 3133 1247 3205 πονηρὰς
1279 3134 1384 3204 μή;
1421 3165 1489 3174 -
1527 3131 1652 3185 Ναί.

1766 3125 2009 3182 facienda
2055 3143 2194 3190 esse,
2244 3129 2351 3184 alia
2399 3145 2576 3185 secus.
2636 3129 2750 3186 Hoc
2795 3132 2958 3202 igitur
2991 3149 3085 3202 per
3107 3133 3260 3201 deos,
3293 3150 3330 3190 ο

143 3221 340 3291 Χρησταὶ
367 3226 418 3278 δὲ
445 3227 541 3295 οὐχ
575 3228 632 3277 αἱ
660 3223 766 3278 τῶν
801 3225 1076 3295 φρονίμων
1113 3225 1340 3294 πονηραὶ
1375 3224 1432 3276 δὲ
1465 3226 1519 3278 αἱ
1551 3224 1659 3278 τῶν

143 3313 370 3382 ἀφρόνωη
405 3348 470 3356 -
512 3316 640 3378 Πῶς
669 3316 724 3368 δὲ
763 3315 860 3381 οὓς
908 3317 1042 3386 Φέρε
1091 3315 1176 3386 δὴ,
1213 3315 1330 3378 πῶς
1363 3311 1428 3368 αὖ
1459 3316 1525 3368 τὰ
1554 3333 1662 3369 τοι-

141 3402 244 3456 αῦτα
276 3405 500 3473 ἐλέγετο;
539 3406 954 3476 Γυμναξόμενος
987 3407 1149 3476 ἀνὴρ,
1180 3406 1273 3458 καὶ
1302 3404 1458 3458 τοῦτο
1486 3406 1660 3475 πράτ-

141 3507 219 3544 των
243 3493 355 3562 (92),
388 3497 612 3568 πότερον
649 3497 848 3560 παντὸς
881 3496 1070 3567 ἀνδρὸς
1102 3497 1328 3566 ἐπαίνῳ,
1368 3497 1460 3550 καὶ
1486 3497 1656 3568 ψόγῳ,

139 3585 208 3634 καὶ
231 3584 337 3658 δόξῃ
362 3587 445 3640 τὸν
476 3588 601 3641 νοῦν
628 3588 902 3659 προσέχει,
931 3588 964 3658 ἦ
990 3588 1107 3650 ἑνὸς
1144 3586 1303 3658 μόνου
1339 3589 1569 3654 ἐκείνου,
1599 3589 1658 3652 ὃς

138 3673 185 3725 ἂν
206 3679 415 3751 τυγχάνῃ
445 3680 648 3751 ἰατρὸς,
677 3678 709 3748 ἢ
737 3677 1087 3748 παιδοτρίϐης
1124 3675 1229 3738 (In;
1259 3706 1329 3717 --
1365 3677 1514 3740 Ἔνος
1564 3678 1655 3748 μό-

137 3781 279 3818 νου.-
295 3768 490 3822 Οὐκοῦν
513 3769 794 3839 φοϐεῖσθαι
821 3769 922 3840 χρὴ
959 3769 1081 3831 τοὺς
1111 3765 1328 3835 ψόγους,
1357 3768 1450 3820 καὶ
1481 3769 1658 3822 ἀσπά-

137 3857 280 3917 (εσθαι
307 3864 422 3923 τοὺς
454 3862 709 3924 ἐπαίνους
726 3862 850 3924 τοὺς
869 3859 961 3913 τοῦ
987 3860 1102 3922 ἐνὸς
1139 3859 1345 3911 ἐκείνου
1367 3858 1496 3928 (95),
1523 3859 1656 3914 ἀλλὰ

138 3948 192 4016 μὴ
217 3953 321 4014 τοὺς
346 3951 446 4004 τῶν
473 3952 704 4006 πολλῶν.
741 3951 1053 4023 -Δηλαδή.
1086 3983 1146 3991 —-
1167 3951 1349 4022 Ταύτῃ
1379 3951 1485 4022 ἄρα
1511 3969 1654 4022 πρα-

135 4043 252 4094 κτέον
291 4045 446 4115 αὐτῷ,
487 4047 582 4099 καὶ
634 4044 992 4115 γυμναστέον,
1029 4045 1122 4097 καὶ
1156 4044 1398 4097 ἐδεστέον
1443 4060 1528 4112 γε,
1557 4042 1654 4096 καὶ

133 4133 350 4211 animi;
381 4139 441 4191 ἂν
465 4138 542 4209 τῷ
577 4138 658 4190 ἐνὶ
695 4138 824 4207 δοκῇ
863 4136 939 4206 τῷ
979 4135 1376 4206 Emori-cumis.
1410 4134 1651 4186 ἐπαΐοντι

135 4225 309 4290 μᾶλλον,
353 4229 382 4299 ἢ
426 4228 668 4300 ξῦμπασι
711 4231 822 4291 τοῖς
874 4228 1073 4290 ἄλλοις.
1100 4257 1165 4265 -—
1193 4229 1346 4279 Ἐστι
1378 4225 1653 4278 ταῦτα.-

131 4312 242 4372 Eis»).
283 4321 602 4389 Ἀπειθήσας
630 4322 684 4374 δὲ
708 4320 785 4390 τῷ
826 4319 906 4372 ἐνὶ
942 4319 1035 4372 καὶ
1065 4319 1334 4387 ἀτιμάσας
1359 4317 1520 4370 αὐτοῦ
1551 4317 1649 4387 τὴν

129 4405 250 4474 δόξαν
282 4414 366 4465 καὶ
410 4416 532 4478 τοὺς
564 4413 837 4476 ἐπαίνους,
871 4412 1108 4481 τιμήσας
1132 4409 1187 4462 δὲ
1225 4411 1351 4473 τοὺς
1379 4411 1487 4462 τῶν
1518 4409 1639 4463 πολ-

1763 3216 1935 3281 Crito,
1961 3232 2069 3271 non
2096 3217 2193 3272 tibi
2220 3228 2363 3273 recte
2391 3220 2554 3274 statui
2578 3220 2830 3276 videtur?
2884 3220 3018 3277 Nam
3044 3231 3121 3290 tu,
3155 3241 3330 3295 quan-

1761 3317 1874 3362 tum
1901 3325 2031 3365 sane
2075 3311 2392 3366 humanitus
2418 3311 2675 3366 aﬂirmari
2709 3322 2904 3383 potest,
2931 3324 3084 3370 extra
3113 3317 3330 3386 pericu-

1759 3398 1870 3452 lum
1903 3415 1961 3454 es
1990 3401 2229 3455 crastino
2263 3401 2350 3455 die
2377 3402 2786 3469 moriendi,nec
2806 3414 2889 3459 est
2911 3407 3056 3475 quod
3087 3422 3328 3476 presens

1760 3490 1848 3546 hic
1876 3501 1928 3546 te
1957 3507 2118 3547 casus
2143 3502 2514 3549 transversum
2539 3503 2682 3565 agat.
2727 3495 2955 3552 Attende
2982 3513 3132 3568 ergo.
3183 3497 3323 3553 Nam

1759 3590 1814 3635 tu
1841 3592 1962 3651 apte
1990 3583 2118 3636 illud
2149 3600 2213 3638 ac
2239 3585 2363 3654 jure
2393 3585 2497 3640 diei
2545 3585 2848 3653 arbitraris,
2898 3604 2999 3643 nec
3042 3589 3328 3658 opiniones

1759 3673 2039 3727 hominum
2090 3689 2278 3730 omnes
2323 3691 2445 3731 esse
2488 3676 2807 3742 laudandas,
2840 3679 2931 3732 sed
2965 3680 3176 3749 aliquas
3205 3690 3328 3734 tan-

1759 3771 1896 3827 tum,
1919 3765 2058 3819 alias
2090 3781 2196 3819 non
2224 3766 2350 3820 item
2385 3785 2398 3820 ε
2430 3783 2527 3822 nec
2551 3769 2795 3822 omnium
2822 3770 2985 3824 etiam
3017 3771 3322 3830 hominum.

1756 3855 1847 3908 sed
1873 3855 2181 3925 aliquorum
2212 3857 2496 3919 duntaxat,
2533 3860 2764 3912 aliorum
2795 3861 2989 3915 secus?
3029 3859 3168 3927 Quid
3195 3862 3276 3917 ais
3302 3862 3328 3915 ἲ

1753 3946 2009 4016 Nunquid
2052 3948 2193 4002 istud
2239 3960 2386 4004 recte
2419 3949 2658 4004 dicitur?
2682 3981 2752 3992 »-
2786 3951 3039 4005 Recte.—
3074 3951 3326 4014 Laudan-

1755 4039 1853 4092 das
1899 4054 2034 4107 ergo
2067 4055 2187 4109 qua:
2218 4041 2374 4095 bonae
2423 4051 2568 4107 sunt,
2616 4057 2738 4112 qua:
2782 4059 2984 4112 pravae,
3030 4044 3324 4114 repudiari-

1752 4129 1890 4184 das?
1918 4159 1984 4169 —-
2008 4131 2108 4185 ita.
2135 4163 2206 4171 —
2236 4131 2413 4186 Bonas
2437 4144 2617 4188 autem
2652 4150 2757 4188 non
2788 4150 2881 4190 eas
2909 4144 2963 4188 tu
2989 4150 3172 4200 vocas,
3199 4153 3323 4206 qua:

1753 4240 1781 4276 a
1814 4224 2194 4293 prudentibus,
2241 4225 2415 4280 malas
2460 4235 2681 4291 contra,
2717 4242 2838 4296 qua:
2863 4227 2932 4280 ab
2961 4226 3322 4293 imprudenti-

1749 4315 1852 4370 bus
1921 4316 2296 4370 imbibuntur?
2346 4331 2408 4358 —'——
2459 4317 2598 4383 Quid
2643 4318 2786 4370 enim
2840 4317 2986 4372 aliud
3046 4319 3321 4372 dicerem?

1750 4407 1861 4475 Age
1907 4423 2072 4470 nunc,
2123 4408 2578 4477 quemadmodum
2614 4409 2715 4463 ista
2761 4425 2924 4478 porro
2964 4410 3319 4479 disputaban-

132 4499 210 4552 Αῶν
228 4505 304 4557 καὶ
326 4505 480 4576 μηδὲν
507 4504 824 4566 ὲπαῑόντων,
854 4497 961 4573 ἆρα
992 4501 1142 4554 οὐδὲν
1176 4502 1344 4556 κακὸν
1370 4501 1644 4567 miserat;

1760 4503 1876 4558 tur?
1907 4501 2011 4569 Qui
2045 4506 2098 4557 in
2135 4505 2538 4576 gymnasiorum
2572 4505 3051 4560 exercitationibus
3073 4505 3325 4562 studiose

183 4680 273 4748 (91)
305 4683 533 4752 Οῦσπερ
575 4682 672 4737 καὶ
720 4683 1025 4751 πρότερον.
1065 4682 1293 4736 Animus
1326 4681 1646 4752 philosopho

130 4747 304 4813 dignus.
328 4754 459 4808 Audi
491 4747 543 4809 et
576 4747 859 4811 Senecam.
893 4747 1114 4822 sedjam
1147 4747 1354 4815 senem,
1390 4768 1453 4805 ac
1481 4747 1639 4806 morti

128 4824 554 4890 propinquiorem,
596 4825 754 4892 epist.
783 4823 852 4877 26
883 4839 897 4876 :
936 4823 1047 4892 Ego
1084 4834 1235 4879 certe.
1281 4823 1472 4890 inquit,
1505 4823 1642 4876 velut

128 4894 452 4962 appropinquet
496 4891 927 4960 experimentum,
974 4891 1020 4946 et
1066 4893 1154 4944 ille
1192 4891 1398 4944 laturus
1431 4903 1638 4945 senten-

129 4963 228 5010 tiam
251 4962 306 5014 de
329 4966 558 5018 omnibus
593 4965 746 5016 annis
776 4965 902 5015 meis
947 4965 1056 5016 dies
1087 4963 1278 5015 venerit
1325 4962 1399 5014 ita
1442 4978 1521 5015 me
1549 4962 1640 5014 ob-

128 5042 240 5081 servo
267 5041 309 5104 et
351 5034 607 5104 alloquor.
650 5032 805 5086 Nihil
850 5043 924 5104 est
948 5073 963 5095 ,
995 5035 1230 5104 inquam,
1260 5031 1462 5104 adhuc,
1499 5034 1637 5100 quod

127 5108 198 5149 aut
228 5102 379 5164 rebus,
417 5100 508 5156 aut
553 5104 718 5157 verbis
761 5100 1111 5156 exhibuimus.
1146 5100 1305 5154 Levia
1343 5110 1464 5154 sunt
1510 5104 1633 5165 ista,

126 5168 389 5244 ttufallaciar
412 5175 632 5244 pignora
665 5173 851 5236 animi,
879 5172 1157 5244 multisque
1179 5170 1412 5224 involuta
1443 5171 1636 5244 lenoci-

128 5235 390 5311 ἐιὶἰις-ριιὶά
412 5235 764 5311 profecerim,
803 5235 961 5294 morti
1008 5235 1299 5295 crediturus
1341 5257 1477 5294 sum.
1514 5239 1633 5293 Non

128 5305 272 5380 timide
299 5305 568 5380 componor
609 5313 680 5366 ad
709 5313 860 5365 illum
905 5315 1062 5376 diem,
1094 5327 1214 5380 quo,
1252 5311 1460 5362 remotis
1491 5322 1633 5363 stro-

131 5374 227 5450 gitis,
245 5395 297 5431 ac
323 5374 473 5447 fucis,
505 5383 567 5436 de
596 5399 676 5435 me
712 5374 1056 5450 judicaturus
1076 5374 1212 5435 sum.
1245 5391 1422 5450 utrum
1449 5379 1634 5448 loquar

127 5442 257 5504 fortia
284 5442 590 5522 anrsentiam
621 5469 638 5504 :
671 5442 907 5522 nunquid
936 5451 1202 5522 simulatio
1241 5443 1424 5522 fuerit,
1451 5461 1496 5522 et
1515 5442 1632 5502 'mi-

127 5526 244 5576 unus,
283 5521 522 5589 quidquid
571 5531 754 5574 contra
792 5520 1074 5590 fortunam
1105 5520 1306 5586 jactavi
1361 5521 1632 5572 verborum

125 5593 478 5642 contumacium.
512 5591 901 5655 Disputationes
941 5601 988 5642 et
1015 5590 1242 5642 litterata
1267 5590 1552 5658 colloquia,
1582 5600 1632 5643 et

126 5665 174 5700 εί
216 5661 465 5726 ργατεριὶσ
503 5662 814 5729 sapientium
847 5660 994 5714 verba
1038 5659 1276 5722 collecta,
1303 5671 1351 5712 et
1391 5661 1632 5712 eruditus

127 5735 280 5786 sermo,
316 5744 408 5780 uon
437 5732 709 5783 ostendunt
755 5746 926 5782 verum
955 5729 1111 5782 robur
1150 5731 1334 5783 animi.
1371 5729 1462 5782 Est
1494 5733 1631 5782 enim

128 5795 266 5846 oratio
302 5799 447 5851 etiam
485 5801 827 5854 timidissimis
879 5802 1072 5852 audax.
1109 5798 1244 5863 Quid
1275 5802 1436 5860 cqcris
1459 5840 1470 5856 η
1510 5810 1629 5852 tunc

1739 4679 2032 4752 apparebit,
2077 4695 2193 4732 cum
2234 4679 2468 4752 animum
2510 4697 2650 4751 ages.
2701 4679 2838 4735 Vide
2886 4691 2939 4736 et
2971 4683 3185 4752 epistol.
3219 4683 3310 4737 50.

1737 4750 1926 4816 Qualis
1971 4758 2212 4805 extremo
2259 4750 2351 4819 illo
2386 4750 2556 4813 actu,
2585 4752 2758 4819 reipsa
2811 4750 3214 4813 fuerit,'disces
3245 4770 3312 4807 ex

1737 4821 1955 4885 Tacito,
1998 4821 2092 4892 lib.
2128 4818 2323 4892 Annal.
2357 4837 2467 4892 sv,
2505 4836 2626 4874 nam
2673 4818 2962 4890 Supremas
3005 4823 3123 4892 ejus
3151 4839 3314 4878 voces

1738 4900 2040 4957 temporum
2073 4890 2268 4959 invidit
2293 4889 2516 4959 injuria.

1809 4960 1918 5029 (92)
1951 4961 2129 5014 Τοῦτο
2157 4958 2456 5029 πράττων,
2493 4959 2656 5013 Malui
2688 4976 2797 5029 uno
2826 4961 3012 5023 verbo,
3050 4961 3304 5015 studiose.

1736 5027 1880 5084 Ideni
1911 5039 2088 5084 tamen
2125 5039 2224 5093 est,
2251 5030 2394 5097 quod
2440 5028 2616 5083 Latini
2653 5044 2683 5081 a
2725 5027 2897 5084 Numa
2929 5032 3182 5092 instituti,
3219 5046 3312 5086 se-

1739 5103 1836 5155 riis
1865 5101 1917 5153 in
1952 5101 2132 5163 rebus,
2164 5115 2226 5154 ac
2267 5101 2563 5167 prasertim
2599 5101 2650 5152 in
2683 5101 2853 5167 sacris
2896 5101 3259 5154 admonebant
3289 5119 3306 5156 :

1739 5169 1854 5223 Hoc
1891 5186 2005 5240 age.
2037 5165 2312 5222 Plutarch.
2360 5169 2412 5222 in
2445 5168 2639 5240 Numa
2673 5185 2691 5222 :
2716 5165 2823 5240 γτΩν
2862 5169 3006 5240 ἴχνος
3057 5188 3112 5240 τι
3147 5171 3310 5240 μέχρι

1737 5240 1831 5293 νῦν
1856 5239 2226 5310 διασώζοντες,
2255 5239 2391 5310 ὅταν
2422 5239 2603 5310 ἄρχων
2634 5239 2770 5309 πρὸς
2801 5239 3004 5310 ὄρνισιν
3036 5239 3068 5310 ἢ
3097 5239 3318 5303 θυσίαις

1738 5309 2268 5380 διατρίδῃηβοῶσιν
2309 5309 2597 5380 ΟΚγΑΙΖΕ.
2647 5309 2896 5379 σημαίνει
2943 5309 3000 5362 δὲ
3131 5311 3312 5380 φωνὴ,

1741 5377 1917 5433 Τοῦτο
1945 5377 2201 5448 πρᾶσσε.
2243 5380 2384 5432 Idem
2420 5379 2470 5431 in
2507 5378 2654 5431 Rom.
2685 5377 3003 5449 (incertiora;
3045 5377 3314 5449 Ῥωμαῖοι,

1733 5451 1794 5502 τὺ
1839 5449 2064 5502 παλαιὸν
2097 5451 2153 5501 ἐν
2191 5453 2311 5511 ταῖς
2359 5449 2568 5519 ἑορταῖς
2616 5449 2769 5519 οὐδὲν
2813 5448 3309 5519 ᾠκονόμουν,οὐδὲ

1735 5519 2066 5599 ἐφρόντιζον,
2099 5519 2211 5572 ἀλλ’
2253 5519 2286 5589 ἢ
2319 5518 2446 5588 περὶ
2478 5519 2602 5581 τοὺς
2647 5518 2801 5582 θεοὺς
2831 5518 3174 5589 ἠσχολοῦντο,
3208 5519 3316 5572 καὶ.

1733 5589 1888 5642 τοῦτο
1919 5589 2204 5660 ἔπραττον.

1804 5661 1914 5725 (95)
1939 5654 2198 5724 murac
2215 5659 2466 5711 ἐκείνου.
2500 5654 2705 5729 Seneca
2750 5658 2802 5712 in
2841 5670 3072 5729 quadam
3101 5659 3260 5729 epist.
3282 5676 3302 5716 :

1733 5715 2107 5798 Arquinentum
2157 5715 2367 5796 pessimi
2427 5728 2579 5780 turba
2630 5739 2727 5782 est.
2787 5715 2902 5785 Et':
2953 5715 3303 5786 Numci'anda

1735 5815 1832 5852 non
1861 5809 1978 5852 sunt
2008 5799 2224 5860 iudicia,
2258 5798 2345 5851 sed
2376 5798 2732 5856 ponderanda.
