3872 6368
498 337 641 394 1085

1158 330 1433 388 EUSEBII
1469 328 1951 387 CASSARIENSIS
1989 328 2139 386 ΟΡΡ.
2178 327 2359 385 PARS
2395 327 2462 384 ll.
2502 359 2571 370 —
2598 327 3107 385 APDLOGETICA.

3565 339 3669 396 ιοει

494 463 766 521 versatur,
801 462 983 508 utrum
1013 450 1061 507 is
1101 451 1392 521 cujuslibet
1420 451 1661 507 hominis
1692 451 1877 520 laude,
1928 451 2071 507 vitu-

2191 482 2242 493 ...
2262 450 2388 513 Πῶς
2417 449 2528 522 γὰρ
2567 447 2666 515 ob;
2700 480 2769 490 —-
2794 447 2861 501 Τί
2889 448 2937 502 δ’
2976 449 3095 501 ἐστι
3126 446 3190 501 τὸ
3237 448 3393 502 κακὸν
3427 449 3574 519 τοῦτο;
3601 459 3671 511 καὶ

493 548 649 618 perio
709 555 763 602 et
808 543 1068 615 opinione
1109 545 1318 599 moveri
1365 543 1561 609 debet,
1597 560 1665 599 an
1716 543 1835 614 ejus
1862 553 2074 600 tantum

493 640 679 706 unius,
708 639 801 708 qui
832 647 924 693 aut
954 637 1198 692 medicus
1224 636 1327 703 sit,
1359 646 1455 691 aut
1500 636 1761 692 similium
1807 638 2078 693 exercita-

494 732 705 787 tionum
742 729 1094 785 moderator?
1121 759 1191 769 —
1217 728 1362 782 Sane
1404 729 1569 798 hujus
1609 737 1844 787 tantum.
1869 759 1940 770 —
1963 728 2078 783 Hu-

492 824 583 892 jus
620 836 751 891 ergo
788 821 1076 883 duntaxat,
1101 835 1208 873 non
1234 828 1416 874 autem
1446 820 1834 888 multitudinis,
1857 822 1941 876 vel
1962 836 2077 875 me-

493 923 647 968 tuere
687 913 1160 983 reprehensiones,
1203 912 1287 966 vel
1321 912 1573 967 laudibus
1612 913 1868 968 delectari
1910 928 2076 982 opor-

493 1008 649 1062 tebit.
679 1005 980 1074 —Utiqne.
1004 1037 1072 1049 —
1095 1004 1272 1060 Unius
1304 1020 1434 1075 ergo
1475 1006 1836 1061 moderatoris
1869 1005 2072 1077 potius,

493 1113 559 1152 ae
592 1112 775 1152 rerum
815 1097 1040 1151 istarum
1091 1095 1293 1164 periti,
1332 1109 1497 1164 quam
1555 1094 1788 1149 aliorum
1830 1094 2075 1149 omnium

497 1204 700 1244 sensus
755 1196 921 1257 atque
952 1186 1241 1256 judicium,
1284 1194 1391 1239 tam
1430 1188 1483 1239 in
1513 1185 1782 1241 obeundis
1809 1186 2076 1241 exercita-

498 1278 763 1342 tionibus,
796 1294 961 1346 quam
1003 1277 1059 1332 in
1102 1278 1207 1331 cibi
1233 1286 1504 1348 potusque
1534 1278 1699 1333 modo
1738 1277 2076 1348 sequendum

498 1369 623 1423 erit.
653 1398 724 1409 —
755 1367 847 1423 Sic
881 1376 986 1423 est.
1012 1397 1083 1407 —
1112 1367 1256 1421 Bene
1285 1366 1465 1421 habet.
1513 1366 1654 1434 Quid
1682 1369 1725 1423 si
1750 1378 1929 1423 autem
1958 1369 2079 1440 ejus

499 1462 666 1517 unius
718 1461 924 1533 rejecto
971 1460 1160 1524 ductu,
1202 1470 1255 1514 et
1296 1458 1553 1528 opinione
1584 1460 1947 1531 laudibusque
1982 1476 2079 1515 ne-

500 1553 715 1624 glectis,
756 1552 935 1607 stultae
968 1551 1333 1607 multitudinis
1360 1550 1645 1605 arbitrium
1678 1560 1962 1621 sequatur,
1996 1551 2081 1606 ni-

500 1647 650 1701 hilne
683 1647 903 1700 tandem
932 1659 997 1699 ex
1026 1659 1093 1699 eo
1118 1644 1245 1699 mali
1294 1643 1566 1714 patietur?
1591 1673 1661 1685 —
1688 1641 1822 1697 Nam
1855 1644 1950 1714 qui
1979 1644 2083 1699 ali-

501 1747 583 1792 ter
609 1735 1018 1792 ﬁat?—Malum
1050 1736 1191 1792 istuc
1211 1745 1393 1791 autem
1426 1735 1734 1805 cujusmodi
1756 1736 1877 1791 est?
1904 1752 2083 1807 quove

2180 545 2273 598 ποῖ
2300 542 2497 608 τείνει;
2531 540 2627 597 καὶ
2672 543 2752 606 εἰς
2794 540 2848 594 τί
2878 539 2985 594 τῶν
3021 537 3117 593 τοῦ
3146 539 3499 608 ἀπειθοῦντος
3526 573 3579 584 -
3598 550 3673 617 Δη.

2178 634 2353 689 λονότι
2393 637 2474 699 εἰς
2504 636 2567 688 τὸ
2601 634 2782 705 σῶμα,
2808 632 2968 686 τοῦτο
3017 632 3127 704 γὰρ
3177 632 3419 688 διόλλυσι.
3444 666 3505 676 -
3528 640 3677 708 Καλῶς

2180 724 2376 793 λέγεις.
2406 725 2615 779 Οὐκοῦν
2640 725 2734 778 καὶ
2762 724 2831 777 τὰ
2858 723 3013 788 ἄλλα,
3040 718 3086 777 ὧ
3115 723 3346 794 Κρίτων,
3370 725 3517 791 οὓτως
3536 730 3604 782 ἶνα
3626 735 3676 803 μὴ

2182 817 2358 872 πάντα
2408 817 2653 889 διίωμεν.
2683 818 2794 871 Καὶ
2848 817 2913 888 δὴ
2962 817 3058 871 καὶ
3099 818 3225 888 περὶ
3258 818 3359 870 τῶν
3386 819 3576 875 δικαίων
3616 826 3677 877 καὶ

2182 910 2401 970 ἀδίκων,
2451 913 2546 964 καὶ
2597 911 2859 982 αἰσχρῶν,
2900 910 2996 964 καὶ
3040 909 3244 974 καλῶν,
3271 911 3359 964 καὶ
3384 913 3588 980 ἀγαθῶν.
3617 917 3677 968 καὶ

2183 1003 2390 1067 κακῶν,
2431 1003 2557 1073 περὶ
2591 996 2666 1056 ὧν
2694 1001 2788 1055 νῦν
2820 1004 2854 1073 ἡ
2893 1001 3055 1073 βουλὴ
3086 1004 3220 1071 ἡμῖν
3259 1002 3391 1065 ἐστι,
3423 1002 3609 1073 πότερον
3637 1008 3682 1074 τῇ

2182 1091 2291 1146 τῶν
2330 1091 2541 1146 πολλῶν
2573 1092 2700 1165 δόξῃ
2744 1093 2826 1145 δεῖ
2873 1093 3019 1163 ἡμᾶς
3058 1090 3307 1157 ἕπεσθαι,
3356 1093 3441 1146 καὶ
3471 1095 3682 1161 φοϐεῖσθαι

2182 1182 2374 1254 αὐτὴν,
2419 1182 2551 1254 ἥτῇ
2586 1182 2676 1235 τοῦ
2730 1184 2870 1247 ἐνὸς,
2922 1183 2975 1236 εἰ
3014 1182 3099 1246 τίς
3156 1186 3302 1239 ἐστιν
3350 1185 3684 1257 ἐπαΐωνῶιῆ

2185 1276 2277 1330 καί
2331 1276 2680 1346 αἰσχύνεσθαι
2729 1276 2825 1331 καὶ
2865 1275 3147 1346 φοϐεῖσθαι
3198 1276 3393 1348 μᾶλλον
3432 1278 3462 1349 ἦ
3501 1278 3685 1349 ξύμπαν·

2184 1385 2282 1431 τας
2334 1370 2462 1432 τοὺς
2529 1368 2753 1434 ἄλλους;
2800 1363 2870 1441 ᾯ
2919 1370 2969 1422 εἰ
3026 1368 3100 1440 μὴ
3152 1369 3686 1441 ἁκολουθήσομεν,δισ·

2186 1460 2493 1534 φθεροῦμεν
2547 1464 2741 1524 ἐκεῖνο,
2814 1463 2909 1516 καὶ
2984 1461 3371 1533 λωϐησὸμεθα,
3424 1462 3449 1515 ὃ
3501 1462 3568 1532 τῷ
3619 1465 3689 1535 μὲν

2185 1553 2379 1625 δικαίῳ
2444 1554 2651 1625 βέλτιον
2706 1554 2935 1624 ἐγίνετο,
2995 1553 3073 1626 τῷ
3120 1554 3177 1608 δὲ
3241 1555 3407 1626 ἀδίκῳ
3452 1555 3687 1610 ἀπώλλυτο.

2191 1645 2264 1699 Ἦ
2297 1646 2451 1700 οὐδέν
2471 1648 2587 1701 ἐστι
2615 1646 2773 1700 τοῦτο
2792 1664 2887 1712 ;—~
2905 1642 3073 1717 Οἶμαι
3104 1646 3302 1715 ἔγωγε,
3318 1642 3361 1700 ὦ
3383 1646 3691 1719 Σώκρατες--

2186 1738 2321 1810 Φέρε
2358 1739 2443 1811 δὴ,
2477 1740 2573 1793 ἐὰν
2601 1739 2663 1794 τὸ
2706 1740 2810 1794 ὑπὸ
2842 1740 2937 1793 τοῦ
2972 1740 3208 1809 ὑγιεινοῦ
3251 1740 3349 1810 μὲν
3376 1740 3556 1809 βέλτιον
3589 1742 3692 1809 γινό-

501 1829 768 1902 pertinet?
800 1839 894 1884 aut
946 1846 1113 1900 quam
1168 1831 1223 1884 in
1279 1830 1582 1885 refractarii
1635 1840 1843 1900 partem
1884 1831 2086 1885 redun-

2192 1849 2374 1901 μενον,
2421 1832 2527 1885 ὑπὸ
2554 1832 2649 1886 τοῦ
2688 1832 2955 1897 νοσώδους
2989 1833 3047 1886 δὲ
3098 1831 3543 1904 διαφθειρόμενον,
3573 1832 3695 1893 διολέ-

502 1925 725 1979 dat?—
757 1921 1026 1978 Nimirum
1062 1922 1116 1977 in
1155 1938 1391 1993 corpus,
1428 1924 1556 1978 huic
1592 1924 1737 1977 enim
1789 1922 2082 1991 perniciem

504 2026 677 2073 creat.
702 2048 775 2059 —
801 2016 967 2072 Recte
1019 2018 1339 2087 respondes.
1396 2016 1729 2073 Caeterornm
1770 2016 1968 2087 igitur,
2008 2016 2085 2071 mi

504 2106 679 2172 Crito,
722 2122 790 2163 ne
818 2107 1032 2179 singula
1070 2122 1484 2178 persequamur,
1517 2107 1706 2163 eadem
1734 2108 1979 2162 omnium
2005 2123 2089 2163 ra-

504 2200 582 2254 tio
619 2207 723 2254 est.
764 2197 953 2269 Itaque
980 2215 1068 2254 res
1094 2199 1255 2254 etiam
1289 2199 1466 2268 justas
1499 2199 1801 2269 injustasve
1829 2199 1973 2270 quod
2014 2208 2090 2254 at-

504 2290 663 2357 tinet,
707 2301 893 2361 turpes
936 2292 1065 2346 item
1101 2303 1196 2346 aut
1228 2292 1512 2357 honestas,
1553 2294 1726 2348 bonas
1756 2302 1849 2347 aut
1891 2293 2085 2359 malas,

503 2382 572 2439 de
597 2383 797 2452 quibus
827 2383 1073 2439 instituta
1099 2400 1245 2439 nunc
1274 2398 1305 2439 λ
1335 2385 1492 2439 nobis
1517 2384 1744 2453 quaastio
1769 2394 1872 2451 est,
1902 2396 2085 2439 utrum

504 2476 653 2545 vulgi
695 2476 1008 2546 Opinionem
1067 2478 1221 2547 sequi
1262 2492 1326 2533 ac
1364 2475 1662 2532 formidare
1702 2493 1801 2533 nos
1849 2486 2085 2547 Oportet,

507 2584 577 2623 an
620 2571 785 2625 unius
814 2571 1112 2636 duntaxat,
1148 2571 1196 2627 si
1221 2572 1344 2640 quis
1373 2570 1535 2625 modo
1575 2570 1743 2639 probe
1783 2571 2089 2641 intelligens

508 2662 867 2732 fuerit,quem
896 2664 1193 2717 etiamnum
1222 2663 1604 2731 potius,quam
1630 2661 1869 2731 reliquos
1899 2677 2089 2718 omnes

506 2756 683 2810 vereri
717 2771 783 2811 ac
820 2763 1063 2811 metuere
1114 2755 1449 2810 debeamus?
1505 2752 1767 2809 Eumdem
1815 2764 2003 2809 contra
2043 2754 2091 2810 si

508 2850 694 2905 minus
725 2851 1033 2915 audiemus,
1070 2850 1329 2904 damnum
1362 2849 1410 2904 ei
1440 2849 1578 2919 parti
1607 2864 1671 2903 ac
1704 2849 2088 2904 detrimentum

508 2938 727 2992 allatnri
760 2939 953 3005 simus,
987 2954 1108 3008 qua":
1137 2950 1195 2993 ut
1224 2940 1476 3009 aequitate
1509 2940 1685 3004 ﬂoret,
1716 2940 1797 2994 sic
1846 2942 1897 2993 in
1927 2941 2092 3009 justi-

507 3032 585 3085 tia
612 3032 1083 3086 contabescit?An
1107 3042 1279 3085 totum
1314 3032 1454 3086 istuc
1478 3032 1628 3085 nihili
1661 3031 2093 3087 facis?—-Enint-

507 3138 663 3188 vero,
688 3122 962 3185 Socrates,
982 3133 1156 3179 tecum
1183 3125 1382 3179 sentio.
1410 3155 1478 3166 —
1508 3124 1670 3196 653
1713 3126 1952 3196 Agedum
1988 3127 2089 3197 ἱιῂ-

509 3226 621 3280 tur,
662 3220 709 3271 si
743 3218 886 3286 quod
913 3217 967 3270 in
1010 3218 1182 3273 nobis
1208 3231 1388 3271 rerum
1419 3227 1473 3272 et
1504 3219 1804 3272 salubrium
1840 3234 1941 3287 ope
1963 3234 2096 3273 con-

508 3309 753 3375 vaiescit,
769 3321 821 3364 et
842 3310 1129 3363 noxiarum
1171 3326 1271 3364 ttsu
1298 3309 1580 3374 deteritur,
1616 3312 1744 3365 illud
1777 3311 1993 3380 ipsitnet
2026 3312 2096 3367 ab

512 3399 828 3454 hominibus
870 3400 1137 3469 imperitis
1178 3401 1384 3453 inducti
1422 3403 1923 3469 pessundabimus,
1957 3418 2094 3457 eone

506 3488 621 3560 jam
670 3490 954 3561 proﬂigato
999 3491 1290 3545 vivendum
1351 3492 1509 3546 nobis
1549 3493 1690 3547 ultra
1738 3495 2096 3563 putabimus?

512 3582 730 3653 Corpus
775 3594 954 3638 autem
1002 3584 1131 3638 illud
1185 3592 1299 3649 est;
1350 3583 1733 3652 nunquid?—
1778 3586 1850 3639 Ita
1888 3598 1990 3641 est.
2022 3617 2092 3627 --

510 3672 653 3729 Num
676 3692 806 3745 ergo
836 3675 1013 3739 nobis,
1040 3692 1164 3730 cum
1198 3690 1344 3745 azgro
1383 3690 1447 3728 ac
1480 3675 1678 3731 vitioso
1706 3692 1955 3746 corpore,
1990 3693 2090 3748 po-

513 3774 620 3820 test
649 3780 771 3821 esse
817 3767 923 3821 vita
953 3767 1171 3821 vitalis?
1200 3797 1271 3807 —
1306 3764 1464 3820 Nullo
1507 3766 1691 3821 modo.
1722 3798 1792 3808 —
1819 3770 1888 3822 At
1914 3785 1980 3824 eo
2015 3770 2098 3825 vi-

512 3858 709 3914 delicet
742 3869 1021 3929 corrupto,
1055 3861 1233 3918 vitalis
1256 3864 1381 3929 erit,
1414 3864 1502 3918 cui
1530 3871 1590 3917 ut
1612 3862 1838 3916 exitium
1876 3863 2095 3933 injusti—

512 3951 612 4015 tia,
648 3952 728 4007 sic
755 3953 985 4019 aequitas
1028 3970 1185 4023 opem
1238 3970 1302 4010 ac
1332 3956 1564 4010 salutem
1616 3954 1792 4009 affert.
1844 3956 1925 4009 An
1966 3971 2093 4009 cor-

513 4056 647 4112 pore
688 4042 851 4098 vilius
902 4042 1251 4108 habebimus,
1286 4045 1548 4115 quidquid
1581 4046 1800 4100 demum
1838 4046 1891 4100 in
1935 4045 2094 4101 nobis

513 4134 647 4190 illttd
678 4145 780 4197 est.
817 4138 963 4193 circa
1027 4139 1170 4207 quod
1217 4138 1482 4209 iujustitia
1510 4137 1831 4209 justitiaque
1870 4154 2095 4193 versan-

510 4225 643 4281 tur?
661 4256 730 4268 —
750 4228 924 4283 Absit.
958 4258 1029 4269 —
1058 4228 1194 4282 Num
1232 4229 1394 4300 igitur
1430 4229 1813 4298 praestantius?
1834 4258 1902 4269 --
1928 4227 2098 4283 Multo

2192 1940 2397 1995 σωμεν,
2426 1922 2738 1993 πειθόμενοι
2771 1922 2845 1995 μὴ
2888 1925 2952 1994 τῇ
2986 1922 3094 1975 τῶν
3134 1922 3427 1975 ἐπαϊόντων
3462 1922 3587 1993 δόξῃ,
3619 1917 3694 1992 ἆρα

2194 2010 2385 2081 βιωτὸν
2421 2013 2551 2083 ἡμῖν
2584 2013 2701 2065 ἐστι
2732 2011 3129 2084 διεφθαρμένου
3162 2011 3363 2079 αὑτοῦ;
3396 2012 3603 2065 Ἔστιδὲ
3626 2029 3695 2064 πω

2190 2105 2351 2159 τοῦτο
2374 2105 2554 2176 σῶμα,
2584 2104 2617 2175 ἢ
2640 2105 2760 2174 οὑχί
2786 2123 2884 2172 ;--
2907 2106 3035 2159 Ναί.
3056 2101 3270 2177 -τΑρ⁹
3304 2101 3395 2158 οὖν
3423 2104 3587 2175 βιωτὸν
3605 2107 3697 2175 ἡμῖν

2193 2199 2310 2252 ἐστι
2342 2196 2481 2269 μετὰ
2511 2196 2786 2269 μοχθηροῦ
2831 2199 2925 2252 καὶ
2955 2198 3355 2270 διεφθαρμένου
3402 2197 3701 2268 tribuam;-

2194 2290 2481 2361 Οὐδαμῶς.
2502 2323 2572 2331 -
2597 2289 2756 2343 Ἀλλὰ
2789 2291 2907 2362 μετ’
2949 2291 3158 2345 ἐκείνου
3189 2292 3302 2362 (94)
3334 2292 3436 2362 ἄρα
3461 2291 3585 2343 ἐστὶν
3609 2290 3701 2360 ἡμῖν

2196 2382 2392 2453 βιωτὸν
2414 2382 2833 2455 διεφθαρμένου,
2866 2384 2895 2436 ὂ
2926 2383 2985 2436 τὸ
3010 2383 3194 2439 ἄδικον
3227 2383 3328 2455 μὲν
3355 2383 3647 2441 itaSi—amb
3664 2381 3703 2434 δὲ

2194 2474 2401 2529 δίκαιον
2439 2476 2699 2548 ὀνίνησιν.
2726 2477 2796 2529 Ἢ
2825 2476 3155 2547 φαυλότερον
3192 2476 3474 2547 ἡγούμεθα
3508 2472 3617 2529 εἶναι
3638 2472 3703 2526 τοῦ

2198 2566 2450 2637 σώματος
2488 2570 2682 2631 έκεῖνο,
2719 2568 2747 2621 ὃ
2777 2568 2831 2621 τί
2864 2570 2980 2621 ποτ’
3006 2569 3124 2623 ἐστὶ
3157 2568 3269 2622 τῶν
3297 2568 3584 2639 ἡμετέρων,
3615 2565 3705 2636 περὶ

2195 2660 2335 2732 θῆτε
2367 2661 2550 2715 ἀδικία
2570 2662 2666 2716 καὶ
2692 2663 2726 2733 ἡ
2756 2662 3068 2734 δικαιοσύνη
3102 2664 3288 2729 ὲστίνς
3315 2692 3385 2701 —
3412 2661 3705 2731 Οὐδαμῶς-

2209 2753 2371 2807 Ἀλλὰ
2399 2754 2759 2825 τιμιώτερον;
2785 2787 2853 2796 —
2876 2755 3017 2809 Πολύ
3042 2773 3127 2824 γε.
3163 2786 3231 2793 -
3265 2756 3380 2808 Οὐκ
3420 2754 3534 2826 ἄρα,
3570 2746 3605 2806 ὦ
3625 2751 3707 2821 βέλ-

2196 2862 2369 2910 τιστε,
2410 2847 2552 2901 πάνυ
2594 2848 2725 2917 ἡμῖν
2760 2846 2905 2901 οὕτω
2959 2848 3341 2918 φροντιστέον,
3388 2847 3437 2899 τι
3483 2844 3654 2917 ἐροῦσιν
3672 2844 3707 2896 cl

2200 2938 2387 2992 πολλοὶ
2413 2941 2581 3011 ἡμᾶς,
2610 2940 2745 2993 ἀλλὰ
2775 2942 2826 2993 τί
2853 2942 2881 2993 ὁ
2906 2941 3111 2994 ἐπαΐων
3150 2941 3285 3012 περὶ
3310 2941 3417 2993 τῶν
3438 2939 3626 2992 δικαίων
3644 2936 3709 2989 καὶ

2199 3032 2401 3086 ἀδεκων
2424 3072 2439 3095 ,
2476 3035 2504 3087 ό
2535 3027 2651 3097 εἷς,
2689 3035 2783 3087 καὶ
2832 3034 2969 3105 αὑτὴ
3014 3036 3046 3105 ἡ
3081 3033 3334 3103 ἀλήθεια.
3365 3034 3517 3085 Ὥστε
3551 3030 3713 3101 πρῶτον

2205 3123 2304 3193 μὲν
2335 3122 2508 3195 ταύτῃ
2539 3125 2638 3178 οὐκ
2675 3124 2851 3196 ὀρθῶς
2879 3125 3271 3196 εἰσηγούμενος
3304 3125 3404 3195 τῆς
3432 3122 3531 3177 τῶν
3558 3118 3711 3173 πολλῶν

2124 3193 2164 3248 C
2199 3212 2357 3284 δόξης
2382 3214 2491 3268 δεῖν
2534 3218 2678 3286 ἡμᾶς
2726 3218 3028 3287 φροντίζειν
3062 3219 3187 3289 περὶ
3240 3216 3353 3269 τῶν
3395 3216 3609 3275 δικαίων,
3647 3212 3711 3264 ui

2201 3308 2418 3373 καλῶν,
2443 3308 2535 3361 καὶ
2569 3308 2807 3376 ἀγαθῶν,
2834 3309 2927 3361 καὶ
2964 3308 3071 3361 τῶν
3112 3310 3394 3362 ἐναντίων.
3428 3329 3445 3360 ι
3475 3308 3569 3361 Καὶ
3600 3308 3713 3358 ὁσω-

2200 3401 2389 3471 τήριος
2429 3399 2484 3452 δὲ
2508 3400 2679 3469 Λόγος
2719 3400 2871 3471 φησί’
2899 3418 2918 3452 ι
2955 3401 3123 3468 Δόξαν
3159 3402 3261 3471 τὴν
3296 3400 3446 3473 παρὰ
3480 3396 3717 3469 ἀνθρώπων

2201 3490 2436 3561 ζητεῖτε,
2478 3491 2572 3544 καὶ
2594 3490 2691 3563 τὴν
2713 3492 2874 3556 δόξαν
2907 3494 3007 3565 τὴν
3039 3494 3189 3566 παρᾶ
3241 3497 3404 3567 μόνον
3428 3494 3513 3547 τοῦ
3544 3494 3651 3553 ἐνὸς,
3672 3490 3713 3541 οὗ

2201 3584 2436 3657 ζητεῖτε.
2464 3604 2483 3638 ι
2510 3585 2602 3638 Διὸ
2630 3587 2720 3639 καί
2738 3588 2896 3657 ἡμεῖς
2918 3589 2974 3640 ὲν
2995 3590 3107 3651 τοῖς
3128 3589 3269 3659 ὑπὲρ
3286 3588 3553 3649 εὐσεϐείας
3566 3584 3716 3651 ἀγῶσιν

2196 3678 2375 3751 ὀρθῶς
2406 3679 2738 3750 πράττομεν,
2773 3679 2831 3731 οὐ
2876 3680 3204 3744 σκοποῦντες
3236 3682 3289 3734 τί
3337 3684 3479 3753 ἡμᾶς
3506 3681 3550 3732 οἰ
3584 3674 3717 3729 πολλοὶ

2197 3772 2435 3843 ἐροῦσιν,
2469 3770 2605 3824 ἀλλά
2632 3771 2685 3824 τί
2737 3771 2985 3842 βούλεται
3036 3769 3115 3838 εἷς
3149 3777 3177 3828 ό
3215 3775 3310 3827 τοῦ
3343 3773 3475 3827 Θεοῦ
3504 3774 3643 3839 Λόγος
3678 3767 3717 3818 ὃν

2198 3860 2348 3927 ἅπαξ
2396 3864 2575 3935 κρίσει
2610 3863 2917 3935 ἑλομένους,
2956 3868 3226 3937 προσήκει
3270 3866 3469 3937 ὁμοίως
3515 3864 3593 3917 καὶ
3614 3862 3715 3921 τότε,

2198 3954 2387 4026 ὥσπερ
2417 3952 2483 4009 αὖ
2510 3956 2910 4028 καὶπρότερον,
2941 3960 3127 4028 τιμᾷν,
3152 3960 3246 4011 καὶ⁸
3279 3960 3355 4030 μὴ
3384 3953 3715 4029 μετατίθεσθαι.

2203 4045 2326 4117 μηδ’
2356 4046 2422 4100 ἂν
2449 4047 2482 4116 ἡ
2529 4046 2635 4099 τῶν
2680 4048 2889 4101 πολλῶν
2920 4047 3167 4119 δύναμις,
3193 4049 3385 4122 ῶσπερ
3418 4049 3589 4109 παῖδας
3612 4042 3715 4114 ἠμῖς

2208 4138 2665 4211 μορμολὺτητται.
2706 4142 2950 4198 Τοιοῦτοι
2984 4144 3039 4198 δὲ
3082 4141 3222 4215 ἦσαν
3246 4146 3343 4199 καὶ
3382 4148 3429 4198 οἱ
3455 4144 3600 4196 πάλαι
3626 4134 3717 4206 παρ’

2130 4222 2174 4277 Ι)
2212 4231 2485 4303 Ἑϐραίοις
2520 4234 2576 4285 ἐν
2610 4236 2893 4307 μαρτυρὶῳ
2918 4236 3341 4308 διαλάμψαντες.

515 4337 669 4379 sane.
699 4321 914 4376 -—-Non
983 4322 1275 4377 admodum
1325 4340 1484 4394 ergo,
1538 4326 1620 4379 vir
1692 4324 1926 4393 optime,
1971 4324 2274 4380 curandum
2352 4329 2510 4383 nobis
2579 4329 2722 4396 erit,
2766 4330 2897 4399 quid
2943 4331 3011 4385 de
3058 4331 3215 4385 nobis
3260 4331 3456 4401 vulgus
3493 4329 3717 4397 loquatur;

516 4417 609 4473 sed
652 4417 780 4489 quid
816 4418 904 4472 ille
932 4428 1166 4485 tantum,
1213 4419 1308 4488 qui
1370 4435 1554 4475 rerum
1583 4420 1859 4490 justarum
1926 4431 1980 4474 et
2019 4422 2345 4492 injustarum
2418 4425 2731 4495 cognitione
2806 4427 3111 4498 prazstabit;
3155 4444 3320 4490 unus,
3375 4426 3610 4497 inquam,
3640 4418 3718 4479 ille.

516 4511 743 4581 ipsaque
783 4512 919 4567 adeo
959 4512 1179 4568 veritas.
1222 4510 1403 4578 Quare
1437 4515 1619 4570 minus
1664 4524 1810 4569 recte
1857 4514 2095 4584 primum
2138 4516 2270 4573 illud
2331 4518 2431 4575 abs
2466 4527 2517 4574 te
2575 4520 2814 4577 positum
2844 4529 2947 4585 est,
2981 4520 3072 4575 ubi
3108 4521 3176 4575 de
3210 4520 3377 4575 rebus
3403 4518 3574 4589 justis,
3600 4516 3722 4569 hone-

515 4605 618 4659 stis
670 4620 735 4661 ac
791 4606 950 4661 bonis
1005 4618 1217 4678 agatur,
1249 4624 1549 4679 earumque
1600 4612 1911 4674 contrariis,
1951 4612 2095 4683 vulgi
2134 4614 2447 4683 opinionem
2491 4615 2677 4685 aliquo
2710 4617 2868 4673 nobis
2898 4616 2951 4670 in
2978 4632 3233 4680 numero,
3259 4616 3555 4671 habendam
3589 4621 3716 4666 esse-t

517 4695 795 4755 Hactenus
854 4699 1029 4754 Plato.
1075 4699 1250 4767 Quam
1296 4701 1350 4755 in
1396 4702 1723 4757 sententiam
1784 4702 1915 4757 illud
1951 4713 2035 4759 est
2090 4706 2348 4762 salutatis
2415 4705 2716 4777 Evangelii,
2763 4726 2782 4758 ι
2814 4706 3055 4763 Gloriam
3110 4708 3178 4760 ab
3227 4706 3537 4759 hominibus
3574 4696 3720 4769 quaeri-

516 4792 612 4858 tis,
650 4804 702 4847 et
734 4792 966 4863 gloriam
1000 4794 1068 4847 ab
1097 4809 1162 4847 eo
1198 4794 1353 4859 solo,
1400 4797 1495 4864 qui
1545 4812 1672 4851 vere
1714 4814 1856 4853 unus
1884 4808 2000 4863 est,
2045 4813 2152 4853 non
2218 4801 2465 4869 quaeritis
2503 4802 2547 4856 ⁸.
2585 4821 2604 4855 ι
2649 4801 2916 4869 Quocirca
2964 4818 3066 4855 nos
3101 4802 3263 4854 etiam
3311 4800 3366 4853 in
3398 4792 3721 4854 certaminibus

517 4899 620 4954 pro
654 4884 920 4952 religione
971 4884 1261 4953 susceptis,
1296 4885 1421 4954 jure
1459 4887 1707 4955 profecto
1749 4904 1858 4942 non
1914 4888 2273 4956 attendimus,
2318 4890 2447 4960 quid
2521 4890 2588 4945 de
2617 4892 2776 4946 nobis
2828 4891 3118 4946 multitudo
3151 4890 3428 4959 loquatur,
3458 4888 3540 4941 sed
3567 4891 3717 4938 unum!

519 4978 652 5049 quid
709 4994 878 5031 unum
933 4978 1064 5032 illud
1103 4977 1195 5031 Dei
1243 4975 1475 5033 Verbum
1527 4980 1801 5050 postulet;
1851 4980 1920 5034 ad
1973 4980 2119 5051 quod
2162 4980 2253 5035 ubi
2299 4997 2400 5036 nos
2447 4984 2615 5038 semel
2649 4984 2997 5039 considerare
3048 4982 3426 5050 adjunximus,
3484 4988 3582 5032 tum
3630 4968 3719 5026 illud

518 5077 684 5130 etiam
714 5075 937 5144 perinde
969 5074 1045 5128 uti
1082 5075 1234 5143 prius
1266 5074 1562 5131 observare
1598 5093 1696 5131 nos
1728 5086 1961 5147 oportet,
1996 5091 2097 5132 nec
2137 5093 2379 5148 unquam
2408 5080 2636 5135 omnino
2691 5080 2989 5145 dimittere,
3045 5079 3259 5131 unnetsi
3291 5076 3453 5129 nobis
3474 5070 3610 5141 quasi
3633 5078 3721 5136 μυε·

517 5174 596 5229 ris
655 5171 1097 5227 terriculamenta
1161 5172 1242 5227 vis
1295 5174 1384 5225 illa
1434 5172 1805 5230 multitudinis
1864 5173 2104 5243 objiciat.
2148 5174 2349 5240 Quales
2380 5175 2543 5231 etiam
2585 5184 2773 5240 erant,
2814 5176 2907 5247 qui
2959 5174 3103 5246 apud
3164 5171 3421 5227 Hebrmos
3466 5168 3580 5224 olim
3618 5173 3721 5217 ωπ·

520 5264 646 5337 tyrii
680 5263 852 5335 gloria
887 5263 1156 5323 claruere.

592 5422 615 5454 ⁸
649 5419 808 5478 Joan.
840 5437 895 5490 v,
927 5421 1017 5477 44.

2215 5581 2474 5643 corrupto
2516 5571 2718 5636 animo,
2758 5569 2857 5643 qui
2891 5569 3040 5625 solus
3078 5566 3506 5643 justititecapaa
3533 5567 3581 5617 et
3615 5550 3722 5624 illi?

598 5579 709 5651 (94)
744 5578 1055 5651 Ἀλλὰμετ’
1082 5577 1339 5633 ἐκείνου.
1370 5577 1623 5651 Animum
1655 5578 1857 5651 accipe.
1882 5574 1937 5651 id
1960 5575 2086 5631 enin

2215 5581 2474 5651 corrupto
2516 5574 2718 5636 animo,
2756 5574 2857 5651 ⁸ιιιιί
2891 5574 3040 5625 solus
3078 5574 3266 5651 justiti:

2213 5636 2399 5715 stitiw,
2429 5645 2587 5715 longe
2620 5636 2924 5715 gravidi-em
2955 5636 3273 5696 eam'videri
3295 5636 3511 5693 debere.

527 5652 643 5705 vult
678 5648 952 5719 Socrates,
986 5650 1031 5707 si
1063 5665 1207 5721 aegro
1228 5664 1466 5722 corpore
1510 5648 1805 5721 injucunda
1856 5648 1965 5704 vita
1998 5656 2105 5715 est,
