3872 6368
187 385 299 447 Im

661 497 1061 556 ΚΕΦΔΛΛΙΟΝ
1099 501 1176 555 Z'.

179 613 280 669 Ὅτι
305 612 384 684 μὴ
420 611 512 665 δεῖ
531 610 857 684 ἀμύνεσθαι
898 611 1042 684 τοὺς
1066 608 1298 684 ἀδικεῖν
1335 607 1495 684 ἡμᾶς
1527 625 1710 680 παρε-

401 681 868 752 σκευασμένους.
909 681 1044 737 Ἀπὸ
1071 681 1178 736 τοῦ
1211 681 1424 736 αὑτοῦ.

238 818 255 850 ι
285 799 455 853 θύδενὶ
501 797 682 867 τρόπῳ
727 795 860 867 (95)
916 795 1097 867 φαμὲν
1157 795 1382 858 ἑκόντας
1425 794 1707 866 ἀδικητέον

176 888 345 960 timui}
363 889 461 941 τινὶ
483 887 581 958 μὲν
601 886 883 958 ἀδικητέον
899 886 1103 958 τρόπῳ,
1119 887 1226 939 τινί
1244 885 1288 938 δ’
1313 884 1374 938 ού
1396 902 1411 951 ;
1434 887 1505 938 Ἦ
1543 885 1672 939 ούδα
1688 915 1705 926 ο

178 979 272 1050 μῶς
290 979 343 1031 τό
361 995 417 1046 γε
431 977 629 1032 ἀδικεῖν
651 977 776 1032 οὔτε
790 977 957 1032 καλὸν
970 975 1095 1030 οὔτε
1117 975 1337 1047 ἀγαθὸν,
1356 976 1431 1040 ὼς
1447 975 1706 1041 πολλάκις

173 1074 282 1143 ἡμῖν
310 1072 392 1124 καὶ
418 1072 473 1123 ἐν
503 1070 580 1142 τῷ
621 1069 932 1142 ἔμπροσθεν
975 1070 1153 1140 χρόνῳ
1184 1068 1532 1140 ὡμολογήθη,
1568 1069 1706 1140 ὅπερ

173 1163 248 1217 καὶ
270 1161 379 1237 ἄρτι
403 1163 648 1232 ὲλέγετο;
675 1165 745 1216 Ἢ
776 1165 949 1217 πᾶσαι
971 1165 1103 1234 ἡμῖν
1141 1163 1348 1216 ἐκεῖναι
1381 1164 1438 1216 αἱ
1467 1162 1705 1235 πρόσθεν

171 1255 427 1328 ὁμολογίαι,
459 1257 519 1310 ἐν
537 1255 720 1310 ταῖσδε
747 1258 868 1319 ταῖς
899 1255 1110 1324 ὀλίγαις
1137 1254 1376 1327 ἡμέραις
1403 1255 1706 1328 ἐκκεχυμέ-

170 1368 239 1404 ναι
258 1350 374 1404 εἰσί·
399 1351 488 1404 καὶ
520 1349 708 1415 πάλαι,
733 1342 779 1402 ὧ
813 1349 1051 1422 Κρίτων,
1077 1346 1187 1423 ἄρα
1218 1349 1492 1422 τηλικοίδε
1515 1350 1704 1422 γέρον-

168 1461 240 1508 τες
285 1442 492 1515 ἄνδρες,
526 1441 664 1514 πρὸς
713 1441 974 1514 ἀλλήλους
1027 1442 1230 1514 σπουδῇ
1295 1441 1665 1514 διαλεγόμενοι
1684 1483 1700 1510 ,

168 1536 392 1607 ἐλάθομεν
435 1537 583 1606 ἡμᾶς
628 1536 827 1600 αὐτοὺς
875 1535 1080 1590 παίδων
1125 1537 1278 1591 οὐδὲν
1315 1536 1702 1608 διαφέροντεςς

169 1629 223 1682 'li
255 1629 434 1692 παντὸς
461 1628 662 1700 μᾶλλον
703 1627 876 1691 οὕτως
906 1627 1020 1699 ἔχει
1041 1669 1056 1693 ,
1103 1627 1292 1701 ὥσπερ
1317 1629 1439 1683 τότε
1489 1628 1705 1698 ἐλέγετο

167 1722 299 1790 ἡμῖν,
330 1722 434 1774 είτε
466 1720 632 1789 φασὶν
674 1719 724 1772 οἱ
758 1718 978 1786 πολλοὶ,
1019 1722 1130 1774 εἴτε
1167 1721 1272 1792 μήθ
1319 1721 1414 1775 καὶ
1459 1721 1570 1774 εἴτε
1623 1719 1706 1773 δεῖ

165 1815 282 1883 ἡμᾶς
309 1812 381 1867 ἔτι
410 1812 573 1866 τῶνδε
598 1811 956 1885 χαλεπώτερα
986 1815 1238 1884 πάσχειν,
1267 1814 1375 1867 εἴτε
1409 1813 1505 1867 καὶ⁵
1533 1812 1706 1884 πραό-

165 1923 287 1976 τερα,
326 1907 467 1976 ὅμως
496 1905 559 1957 τό
595 1904 901 1974 γε-ἀδικεῖν
938 1904 1018 1975 τῷ
1065 1903 1359 1968 ἀδικοῦντι,
1405 1906 1500 1959 καὶ
1536 1903 1706 1959 κακὸν

164 1999 238 2050 καὶ
263 1994 472 2068 αἰσχρὸν
499 1995 790 2066 τυγχάνειν
815 1995 876 2048 ὃν
912 1995 1076 2049 παντὶ
1104 1994 1292 2066 τρόπῳ
1322 1993 1578 2066 φαμὲν,ἢ
1609 1992 1704 2059 οῦς

162 2089 404 2158 -Φαμέν.
430 2117 497 2126 -
525 2086 794 2158 Οὐδαμῶς
831 2087 940 2160 ἄρα
976 2087 1056 2140 δεῖ
1095 2085 1510 2152 ἀδικεῖνς--Ού
1547 2086 1702 2156 δῆτα.

160 2213 215 2225 -
242 2182 358 2236 Οὐδὲ
385 2181 739 2253 ἀδικούμενον
785 2181 894 2253 ἄρα
932 2179 1264 2244 ἀνταδικεῖν,
1293 2177 1370 2242 ὡς
1423 2179 1474 2231 οἱ
1521 2177 1708 2232 πολλοὶ

160 2277 342 2335 οἴονται,
370 2275 552 2346 ἐπειδή
595 2292 661 2344 γε
701 2274 957 2345 οὐδαμῶς
994 2273 1075 2327 δεῖ
1120 2273 1449 2337 ἀδικεῖν;--
1476 2272 1550 2325 Οὐ
1583 2272 1709 2341 φαί-

159 2379 298 2423 νεται.
318 2400 382 2408 -
402 2369 466 2422 Τί
501 2369 558 2422 δὲ
588 2368 687 2440 δής
719 2369 1048 2438 κακουργεῖν
1079 2365 1179 2432 δεῖ,
1207 2359 1252 2419 ὧ
1280 2363 1574 2438 Κρίτων,ῆ
1607 2364 1703 2431 οὓς

156 2463 293 2516 -Οὖ
339 2461 414 2516 δεῖ
454 2462 516 2533 δή
552 2479 692 2526 που,
723 2455 768 2514 ὦ
807 2462 1112 2532 Σώκρατες.
1162 2491 1234 2502 —-
1283 2459 1347 2512 Τί
1377 2458 1434 2512 δὲ
1481 2460 1706 2513 ἀντικα-

157 2556 370 2624 κουργεῖν
399 2552 587 2618 κακῶς
616 2552 927 2623 πάσχοντα,
967 2550 1043 2614 ὡς
1086 2550 1135 2603 οἱ
1182 2547 1368 2601 πολλοί
1409 2564 1580 2618 φασι,
1622 2545 1704 2600 δί-

156 2662 298 2710 καιον,
325 2646 356 2716 ἦ
385 2648 446 2701 οὑ
477 2646 688 2700 δίκαιον
712 2661 727 2710 ;
752 2673 824 2686 -η
845 2642 1138 2713 Οὐδαμῶςο
1175 2643 1236 2694 τὸ
1259 2642 1368 2713 γάρ
1403 2659 1508 2694 που
1538 2640 1706 2694 κακὸν

157 2740 297 2792 ποιεῖν
309 2737 623 2809 ἀνθρώπους
646 2735 738 2790 τοῦ
764 2735 967 2789 ἀδικεῖν
986 2733 1136 2787 οὐδὲν
1157 2731 1707 2804 διαφέρει.-Καλῶς

157 2830 550 2900 λέγεις-Οὔτε
576 2830 687 2903 ἄρα
716 2829 1022 2883 ἀνταδικεῖν
1053 2829 1153 2892 δεῖ,
1170 2826 1293 2881 οὔτε
1317 2828 1503 2891 κακῶς
1530 2830 1705 2880 ποιεῖν

155 2924 313 2978 οὐδένα
345 2923 670 2996 ἀνθρώπων,
704 2921 814 2975 οὐδ’
847 2920 914 2975 ἂν
945 2919 1122 2974 ὁτιοῦν
1152 2919 1335 2991 πάσχῃ
1373 2936 1457 2982 τις
1481 2918 1571 2971 ὑπ’
1607 2917 1707 2972 αὐ-

154 3018 253 3070 τῶν.
286 3017 416 3070 Ἀλλ’
443 3017 572 3088 ὅρα,
613 3009 658 3068 ὦ
679 3013 898 3087 Κρίτων
921 3013 1094 3068 ταῦτα
1126 3010 1532 3083 καθομολογῶν,
1555 3011 1706 3074 ὅπως

153 3107 212 3179 μὴ
232 3107 368 3181 παρὰ
405 3108 571 3172 δόξαν
597 3105 884 3176 ὁμολογῇς.
937 3099 1066 3158 Οἶδα
1096 3103 1206 3175 γὰρ
1247 3104 1328 3156 ὅτι
1363 3101 1566 3170 ὀλίγοις
1593 3107 1707 3158 τισὶ

1300 379 1622 438 ΡΒᾹΖΡΑΒ.
1663 381 1914 438 EVANG.
1953 381 2082 434 LIB.
2130 379 2264 434 XIII.

1734 507 1784 565 Α

3255 381 3395 434 ιω.

2409 490 2642 549 CAPUT
2675 491 2787 548 ΥΠ.

1810 589 2184 660 Reponendam
2218 588 2287 642 iis
2311 603 2419 660 non
2441 603 2565 660 esse
2583 626 2599 650 ,
2629 603 2662 640 a
2685 582 3166 660 quibusinjuriose
3205 589 3400 637 tracto-

2199 675 2340 722 mur,
2375 657 2653 726 injuriam.
2697 655 2783 711 E1:
2804 655 3005 710 eodem.

1892 769 1915 803 ι
1955 748 2166 818 Utrum,
2206 749 2388 820 inquit
2430 749 2604 813 l’lato,
2644 747 2900 818 injuriam
2929 753 3123 816 sponte
3156 745 3267 800 ullo
3290 759 3399 799 un-

1812 858 1978 914 quam
2032 842 2196 897 modo
2253 840 2558 896 faciendam
2610 855 2894 910 negamus,
2941 854 3010 892 an
3055 837 3239 906 aliquo
3279 834 3397 890 fieri

1812 947 1996 1004 posse,
2026 932 2212 999 aliquo
2248 945 2358 984 non
2401 945 2562 1000 posse
2588 926 2922 984 statuimus?
2960 925 3124 991 Num,
3151 926 3398 994 inquam,

1813 1026 2070 1096 injuriam
2109 1023 2291 1079 facere
2318 1023 2630 1078 nullatenus
2657 1022 2944 1077 honestum
2972 1035 3036 1074 ac
3065 1019 3268 1074 bonum
3291 1025 3398 1079 est,

1811 1117 2276 1190 quemadmodum
2315 1115 2458 1170 inter
2489 1130 2590 1169 nos
2620 1123 2779 1169 antea
2811 1128 2955 1183 smpe
3011 1113 3300 1177 convenit,
3340 1118 3401 1162 ut

1810 1207 1976 1263 etiam
2023 1205 2186 1276 paulo
2231 1212 2359 1258 ante
2402 1200 2721 1257 dicebatur?
2757 1199 2924 1272 654
2950 1202 3034 1256 An
3075 1213 3206 1252 vero
3238 1195 3400 1265 quid-

1809 1299 1939 1370 quid
1968 1313 1998 1353 a
2028 1297 2188 1352 nobis
2219 1306 2378 1352 antea
2403 1294 2760 1350 constitutum
2787 1300 2940 1359 erat,
2979 1293 3031 1347 id
3061 1305 3222 1345 omne
3260 1303 3396 1359 pau-

1809 1391 1892 1447 cis
1931 1390 2081 1445 bisce
2107 1387 2302 1443 diebus
2359 1386 2692 1452 effudimus;
2733 1399 2967 1453 nosque,
3009 1382 3083 1436 mi
3117 1381 3293 1446 Crito,
3334 1394 3399 1434 ea

1806 1483 1920 1555 jam
1953 1491 2112 1540 aetate
2151 1494 2333 1546 senes,
2364 1480 2495 1535 dum
2537 1479 2680 1534 inter
2720 1491 2822 1532 nos
2853 1475 3098 1531 studiose
3127 1473 3402 1542 discepta-

1817 1590 1981 1640 mus,
2038 1572 2228 1629 tandiu
2273 1570 2454 1636 latuit,
2496 1584 2662 1640 quam
2689 1568 2828 1624 nihil
2856 1583 2886 1622 a
2917 1565 3103 1638 pueris
3150 1563 3401 1620 differre-

1811 1666 1978 1721 mus?
2011 1665 2092 1720 An
2125 1664 2307 1735 potius
2352 1661 2428 1717 ita
2471 1662 2632 1732 plane
2661 1676 2720 1717 se
2751 1675 2837 1715 res
2871 1659 3037 1713 habet
3071 1657 3396 1721 etiamnum,

1809 1758 1888 1813 uti
1917 1773 1948 1812 a
1976 1757 2134 1812 nobis
2163 1772 2230 1811 eo
2257 1765 2501 1826 tempore
2527 1753 2930 1824 disputabatur,
2965 1751 3083 1807 sive
3132 1749 3401 1820 δυστοκε-

1736 1877 1783 1936 Β
1811 1855 1901 1900 tur
1919 1846 2231 1914 multitudo,
2259 1845 2374 1900 sive
2399 1843 2809 1915 non?adeoque
2838 1858 2932 1898 seu
2963 1859 3063 1898 nos
3095 1842 3214 1898 istis
3230 1841 3397 1896 etiam

1810 1939 2062 2010 graviora
2091 1946 2371 2001 maneant,
2402 1952 2500 1992 seu
2526 1936 2754 2004 leviora,
2788 1935 3045 2005 injuriam
3081 1944 3261 1989 tamen
3293 1949 3398 1989 au-

1807 2028 1948 2084 ctori
1993 2043 2097 2084 suo
2149 2028 2346 2082 malam
2377 2042 2603 2097 prorsus
2641 2042 2764 2082 esse
2795 2037 3121 2096 turpemque
3149 2025 3400 2082 defendi-

1808 2136 1954 2185 mus,
1981 2136 2049 2175 an
2080 2136 2190 2175 non
2210 2119 2317 2172 ?—
2345 2118 2536 2174 llercle
2563 2118 3001 2175 defendimus.—
3028 2117 3215 2190 itaque
3245 2117 3400 2174 nullo

1806 2214 1974 2268 modo
2026 2211 2275 2268 facienda
2332 2211 2530 2281 injuria
2567 2223 2671 2267 est.
2701 2243 2772 2252 —
2799 2211 2982 2266 Nullo.
3012 2242 3082 2252 —
3121 2210 3289 2283 Igitur
3327 2225 3399 2267 ne

1809 2301 2124 2370 reponenda
2155 2299 2377 2370 quidem
2402 2298 2680 2366 inferenti,
2713 2309 2770 2354 ut
2807 2301 2952 2355 aliud
2984 2301 3180 2373 vulgus
3207 2300 3401 2374 opine-

1807 2397 1919 2456 tur,
1973 2391 2416 2460 quandoquidem
2465 2388 2716 2446 facienda
2769 2408 3048 2462 nunquam
3104 2391 3401 2447 est.—Et

1807 2481 1916 2539 hoc
1957 2497 2302 2553 consequens
2347 2493 2452 2540 est.
2477 2514 2549 2525 -—
2577 2481 2717 2551 Quid
2767 2494 2949 2538 autem
3004 2484 3396 2539 detrimentum

1807 2574 2002 2630 afferre
2026 2615 2042 2641 ,
2073 2575 2149 2628 mi
2173 2574 2326 2630 Crito
2346 2616 2362 2642 ,
2396 2576 2660 2641 decetne,
2703 2591 2772 2628 an
2825 2573 2967 2628 non?
2994 2605 3064 2615 —
3088 2572 3207 2628 Non
3241 2590 3398 2643 sane,

1807 2667 1882 2721 mi
1935 2664 2308 2723 Socrates.—-
2341 2667 2657 2738 Rependere
2708 2681 2836 2720 vero
2883 2666 3029 2736 quod
3095 2669 3396 2738 acceperis,

1805 2772 2095 2827 aequumne
2122 2772 2307 2827 porro,
2337 2772 2405 2811 an
2438 2757 2638 2812 secus?
2661 2753 2906 2810 —Nullo
2939 2757 3102 2811 modo
3139 2774 3154 2811 :
3193 2759 3398 2829 quippe

1810 2850 2202 2905 detrimentum
2239 2849 2384 2904 enim
2419 2849 2514 2920 qui
2539 2849 2748 2914 afferat,
2776 2850 2823 2904 is
2869 2849 2938 2903 ab
2964 2849 3221 2920 injuriam
3252 2850 3396 2904 infe-

1807 2952 1964 2998 rente
1986 2942 2122 2996 nihil
2156 2942 2391 2998 differat.
2414 2973 2484 2983 ——
2508 2940 2676 2996 Recte
2711 2939 2959 2996 omnino.
2988 2939 3262 3012 —ltaque
3293 2956 3396 2998 nec

1809 3036 2120 3106 reponenda
2161 3035 2402 3090 vicissim
2435 3034 2632 3104 injuria
2661 3045 2768 3098 εει,
2812 3050 2910 3090 nec
2937 3035 3028 3089 ulli
3057 3049 3284 3105 prorsus
3316 3034 3396 3091 in-
3489 3055 3502 3068 ο

1807 3126 2291 3191 commodandum,
2327 3125 2594 3197 quidquid
2643 3126 2712 3181 ab
2738 3125 2860 3182 aliis
2903 3126 3050 3196 passi
3104 3125 3392 3183 fuerimus.

149 3201 288 3253 ταῦτα
319 3201 407 3254 καὶ
430 3200 583 3254 δοκεῖ
611 3198 706 3252 καὶ
733 3196 893 3264 δόξει.
919 3189 1013 3259 Οἷς
1036 3191 1126 3249 οὖν
1146 3194 1287 3248 οὕτω
1314 3193 1580 3257 δέδοκται,
1609 3195 1698 3247 καὶ

1807 3216 1914 3274 Sed
1940 3220 2062 3274 vide
2088 3219 2165 3274 sis
2190 3260 2206 3287 ,
2244 3189 2317 3272 mi
2346 3189 2497 3272 ill-ito
2521 3257 2537 3280 ,
2572 3233 2638 3272 ne
2663 3218 2791 3272 dum
2820 3189 2960 3272 istuc
2996 3216 3181 3273 fateris
3205 3259 3220 3284 ,
3251 3232 3392 3290 prte-

149 3286 212 3356 ιῗς
243 3291 327 3365 μὴ,
355 3293 571 3356 τούτοις
602 3292 703 3345 οὐκ
742 3289 859 3343 ἐστι
887 3288 1042 3362 κοινὴ
1081 3287 1273 3359 βουλή·
1327 3285 1443 3340 ἀλλ’
1480 3286 1696 3356 ἀνάγκη

148 3385 334 3448 τούτους
363 3383 612 3454 ἀλλήλων
651 3383 1030 3453 καταφρονεῖν,
1075 3378 1316 3452 ὁρῶντας
1355 3377 1422 3432 τὰ
1457 3378 1700 3450 ἀλλήλων

151 3476 474 3549 βουλεύματα.
505 3477 715 3530 Σκόπει
746 3473 810 3545 δὴ
835 3469 930 3528 οὖν
966 3472 1062 3527 καὶ
1092 3473 1155 3526 σὺ
1187 3465 1246 3525 εὖ
1279 3470 1444 3542 μάλα,
1470 3471 1699 3541 πότερον

148 3573 385 3633 κοινωνεῖς
417 3569 512 3623 καὶ
548 3566 794 3622 συνδοκεῖ
836 3582 940 3631 σοι,
975 3565 1069 3618 καὶ
1113 3562 1408 3635 ἀρχώμεθα
1450 3561 1700 3617 ἐντεῦθεν

150 3663 518 3734 βουλευόμενοι,
575 3661 651 3726 ὡς
680 3658 937 3715 οὐδέποτε
969 3658 1144 3731 ὀρθῶς
1192 3657 1406 3729 ἔχοντος
1450 3656 1572 3710 οὔτε
1604 3654 1697 3710 τοῦ

148 3757 338 3821 ἀδικεῖν,
369 3757 493 3811 οὔτε
552 3755 646 3809 τοῦ
680 3755 1019 3818 ἀνταδικεῖν,
1057 3750 1183 3806 οὔτε
1223 3751 1316 3805 τοῦ
1369 3750 1555 3814 κακῶς
1593 3749 1700 3804 πά-

151 3867 314 3920 σχοντα
342 3848 650 3921 ἀμύνεσθαι
689 3846 1022 3920 ἀντιδρῶντα
1057 3845 1271 3910 κακῶς
1312 3845 1346 3917 ἢ
1378 3845 1695 3911 ἀφίστασαι,

147 3943 222 3995 καὶ
245 3944 298 3997 οὐ
327 3944 607 4004 κοινωνεῖς
637 3941 735 4010 τῆς
767 3939 962 4011 ἀρχῆς.
999 3938 1155 4009 Ἐμοὶ
1191 3937 1291 4008 μὲν
1324 3939 1432 4008 γὰρ
1471 3937 1566 3990 καὶ
1592 3935 1698 3989 πά-

141 4033 216 4088 λαι
246 4035 376 4090 οὔτω
415 4037 514 4090 καὶ
550 4033 646 4089 νῦν
677 4031 758 4086 ἔτι
805 4031 972 4085 δοκεῖ.
1002 4030 1110 4084 Καί
1146 4046 1228 4083 σοι
1255 4029 1312 4083 δὲ
1343 4031 1393 4083 et
1436 4045 1514 4098 πη
1561 4027 1695 4098 ἄλλη

144 4128 386 4195 δέδοκται,
438 4130 607 4198 λέγε,
662 4129 758 4182 καὶ
793 4127 1036 4180 δίδασκε·
1079 4125 1128 4178 εί
1175 4125 1222 4178 δ’
1266 4123 1526 4196 ὲμμένεις
1581 4125 1696 4186 τοῖς

146 4218 378 4286 πρόσθεν,
417 4221 478 4274 τὺ
513 4217 652 4290 μετά
695 4216 854 4270 τοῦτο
895 4217 1167 4271 ἄκουε.-
1197 4214 1335 4268 Ἀλλ’
1382 4214 1604 4286 ἐμμένω
1634 4231 1694 4266 τε

144 4310 218 4362 καὶ
244 4311 477 4364 συνδοκεῖ
504 4327 618 4381 μοι.
654 4309 815 4362 Ἀλλὰ
836 4307 984 4377 λέγε.
1002 4307 1245 4376 -Λέγω
1273 4305 1336 4378 δὴ
1369 4303 1435 4360 αὖ
1469 4305 1530 4360 τὸ
1555 4307 1695 4374 μετὰ

142 4401 292 4469 τοῦτο,
311 4405 508 4477 μᾶλλον
535 4405 595 4459 δὲ
626 4403 837 4476 ἐρωτῶ,
870 4393 1097 4474 πότερον
1126 4401 1162 4456 ἃ.
1187 4401 1253 4456 ἄν
1275 4419 1360 4465 τις
1383 4402 1693 4477 ὁμολογήσῃ

142 4512 203 4567 τῳ
228 4496 396 4552 δίκαια
425 4497 577 4564 ὅντα,
615 4495 888 4568 ποιητέον,
917 4494 950 4566 ἢ
993 4493 1394 4564 ὲξαπατητέον;
1418 4527 1485 4536 -
1524 4495 1690 4567 Ποιη-

1804 3323 1886 3366 ιοι·
1919 3310 2236 3381 opinionem
2269 3311 2385 3381 ipse
2434 3319 2581 3364 tuam
2630 3309 2854 3364 fateare.
2919 3307 3116 3364 Paucis
3147 3308 3293 3364 enim
3334 3306 3393 3364 id

1801 3404 2065 3472 probatur
2098 3412 2184 3458 sat
2215 3403 2351 3469 scio,
2405 3401 2707 3472 paucisque
2742 3401 3000 3472 deinceps
3043 3400 3388 3470 probabitur.

1801 3493 1904 3560 Qui
1940 3502 2122 3549 autem
2165 3492 2271 3548 hoc
2299 3493 2353 3547 in
2389 3506 2586 3562 genere
2613 3490 2900 3554 dissident,
2931 3491 2997 3546 iis
3028 3506 3134 3546 una
3173 3491 3390 3546 consilii

1800 3585 1943 3640 ratio
1967 3586 2280 3640 communis
2311 3599 2432 3639 esse
2472 3598 2580 3638 non
2629 3593 2826 3654 potest,
2861 3583 2954 3640 sed
2995 3587 3123 3638 dum
3152 3583 3388 3637 aliorum

1800 3678 1892 3732 alii
1937 3677 2119 3733 studia
2148 3677 2520 3742 considerant,
2569 3692 2666 3731 eos
2705 3692 2826 3732 sese
2866 3686 3059 3730 mutuo
3109 3674 3390 3746 despicere

1799 3782 2028 3823 necesse
2065 3775 2172 3822 est.
2238 3764 2374 3820 Vide
2402 3782 2534 3835 ergo
2567 3776 2620 3820 tu
2651 3781 2869 3837 quoque
2905 3766 3214 3834 diligenter,
3257 3781 3386 3820 num

1799 3860 1851 3914 id
1887 3873 2040 3928 aeque
2065 3859 2160 3912 tibi
2201 3857 2464 3927 probetur
2495 3873 2560 3912 ac
2580 3857 2736 3924 mihi,
2781 3854 3016 3928 indeque
3041 3858 3203 3913 ambo
3228 3873 3385 3913 com-

1797 3950 2041 4005 muniter
2102 3943 2463 4004 consilidrum
2522 3959 2833 4005 nostrorum
2887 3950 3134 4022 auspicia
3192 3965 3389 4022 capere

1796 4041 2124 4105 debeamus,
2160 4056 2349 4095 verum
2409 4056 2530 4096 esse
2571 4058 2851 4112 nunquam
2895 4053 2988 4097 aut
3027 4041 3204 4098 facere
3235 4043 3386 4118 inju:

1797 4134 1960 4198 riam,
1990 4143 2084 4189 aut
2115 4147 2412 4205 reponere,
2445 4133 2606 4203 eique
2652 4135 2894 4190 vicissim
2927 4153 2956 4190 a
2988 4153 3097 4206 quo
3122 4137 3262 4192 male
3294 4137 3390 4192 ha-

1797 4225 1945 4281 bitus
1974 4224 2142 4281 fueris
2180 4224 2368 4279 damni
2415 4225 2621 4296 aliquid
2676 4229 2972 4297 rependere
3021 4247 3034 4282 :
3076 4243 3144 4281 an
3189 4237 3380 4284 contra

1794 4318 2048 4376 discedas
2085 4333 2115 4372 a
2143 4317 2323 4385 nobis,
2361 4333 2540 4388 neque
2570 4318 2854 4373 nobiscum
2892 4319 2997 4374 hoc
3031 4319 3084 4372 in
3115 4319 3383 4390 principio

1793 4412 2109 4468 convenias.
2130 4409 2266 4466 Nam
2293 4411 2688 4482 mihiquidem,
2708 4412 2786 4465 uti
2808 4412 2922 4482 jam
2947 4411 3099 4476 olim,
3116 4411 3190 4467 ita
3215 4414 3381 4470 etiam

1794 4519 1942 4560 nunc
1974 4504 2027 4558 id
2056 4505 2236 4575 ipsum
2266 4504 2501 4559 videtur.
2563 4503 2646 4559 Tu
2673 4505 2717 4559 si
2745 4505 3032 4574 pristinam
3067 4504 3382 4575 opinionem

143 4575 259 4644 τέον.
300 4611 318 4644 ι
356 4592 578 4657 Τούτοις
627 4589 871 4663 παράθες
919 4587 1011 4651 τὸ,
1048 4606 1066 4639 ι
1103 4586 1308 4658 Μηδενὶ
1357 4587 1526 4641 κακὸν
1569 4588 1690 4641 ἀντὶ

1802 4597 2066 4668 abjecisti,
2109 4597 2218 4665 die,
2249 4606 2304 4654 et
2331 4599 2655 4654 mutationis
2700 4598 2968 4652 rationem
3003 4613 3213 4668 expone
3247 4617 3262 4654 :
3293 4598 3380 4654 sin

144 4684 285 4738 κακοῦ
318 4685 679 4748 ἀποδιδόντες,
706 4703 724 4734 ι
761 4683 856 4736 καὶ
885 4681 966 4744 τὸ,
996 4699 1014 4731 ι
1043 4679 1327 4748 Εὐλογεῖτε
1360 4680 1484 4744 τοὺς
1514 4697 1686 4734 κατα-

146 4773 386 4842 ρωμένους
445 4776 624 4845 ὑμᾶς·
675 4770 1050 4845 Προσεύχεσθε
1085 4771 1228 4843 ὑπὲρ
1279 4770 1387 4824 τῶν
1441 4773 1684 4844 ἐπηρεα-

141 4861 310 4924 ζόντων
355 4868 450 4920 καὶ
498 4865 800 4919 διωκόντων
846 4864 1011 4934 ὑμᾶς,
1046 4861 1133 4915 ἵνα
1171 4863 1404 4933 γένησθε
1436 4863 1543 4916 υἱοὶ
1588 4863 1684 4917 τοῦ

142 4952 322 5028 Πατρὸς
380 4957 536 5028 ὑμῶν
565 4997 580 5020 ,
632 4954 723 5008 τοῦ
779 4956 838 5006 ὲν
900 4957 1010 5017 τοῖς
1059 4953 1310 5024 οὐρανοῖς
1339 4992 1354 5016 ,
1390 4954 1538 5018 ὅστις
1589 4953 1684 5008 τὸν

139 5047 265 5118 ἥλιον
293 5051 453 5106 αὑτοῦ
501 5048 777 5104 ἀνατέλλει
825 5047 917 5102 ἐπὶ
981 5047 1251 5117 πονηροὺς
1291 5046 1384 5100 καὶ
1412 5045 1683 5115 ἀγαθοὺς,

141 5141 218 5194 καὶ
263 5141 438 5214 βρέχει
497 5144 591 5197 ἐπὶ
642 5142 886 5206 δικαίους
936 5140 1031 5194 καὶ
1083 5139 1322 5203 ἀδίκους.
1356 5159 1375 5194 ι
1428 5140 1540 5193 Καὶ
1603 5140 1684 5194 ἔτι

139 5227 204 5288 τὸ,
240 5247 258 5281 ι
288 5232 694 5304 Λοιδορούμενοι
753 5233 1104 5304 εὐλογοῦμεν,
1132 5229 1450 5302 διωκόμενοι
1492 5231 1683 5302 ἀνεχό-

141 5321 255 5387 μεθα
274 5363 288 5386 ,
314 5325 752 5398 δυσφημούμενοι
785 5325 1212 5397 παρακαλοῦμεν
1229 5365 1245 5390 ,
1271 5345 1290 5376 ι
1320 5326 1379 5379 ὲν
1406 5327 1520 5390 τοῖς
1552 5326 1682 5397 παρ’

137 5413 246 5483 ἡμῖν
273 5417 432 5490 ἱεροῖς
461 5418 738 5490 φερόμενα
768 5417 1080 5490 γράμμασι.
1110 5417 1221 5470 Καὶ
1248 5417 1277 5469 ὁ
1310 5419 1595 5491 προφήτης
1625 5419 1684 5472 δὲ

137 5508 247 5576 παρ’
277 5509 542 5581 Ἑϐραίοις
575 5510 771 5582 φησίν·
820 5530 838 5561 ι
878 5511 941 5564 Ei
975 5511 1334 5566 ἀνταπεδωκα
1374 5513 1486 5575 τοῖς
1519 5511 1684 5564 ἀντα-

135 5598 376 5655 ποδιδοῦσί
412 5619 501 5674 μοι
541 5603 721 5657 κακά·
750 5623 768 5653 ι
814 5603 924 5658 Καὶ
955 5604 1147 5658 πάλινο
1184 5623 1202 5654 ι
1233 5605 1390 5660 Μετὰ
1429 5605 1536 5657 τῶν
1589 5622 1679 5676 μι-

135 5691 345 5748 σούντων
367 5696 466 5766 τὴν
490 5697 711 5768 εἰρήνην
745 5696 890 5768 ἤμην
920 5695 1210 5767 εἰρηνικός.
1245 5716 1263 5748 ι

213 5788 234 5819 ⁸
261 5789 414 5845 Rom.
439 5807 538 5859 ιιι,
567 5794 653 5847 l7.

1793 4690 2034 4759 priorem
2064 4690 2208 4744 illam
2247 4690 2453 4746 retines
2473 4732 2488 4757 ,
2523 4689 2648 4745 audi
2678 4691 2824 4758 quod
2866 4691 3132 4760 sequitur.
3164 4719 3235 4732 -—
3265 4690 3383 4762 Ego

1791 4795 1924 4835 vero
1949 4788 2004 4834 et
2031 4781 2270 4850 priorem
2298 4783 2446 4837 illam
2475 4785 2774 4844 retineo.et
2803 4782 2898 4836 tibi
2932 4799 3156 4853 prorsus
3186 4799 3380 4839 assen-

1791 4871 1918 4929 tior.
1962 4871 2090 4935 Sed.
2127 4874 2344 4935 amabo,
2381 4889 2821 4944 prosequere.——
2849 4874 3160 4946 Prosequor
3191 4877 3376 4946 igitur,

1788 4962 1875 5018 vel
1918 4962 2103 5033 potius
2155 4978 2372 5033 quaero,
2417 4978 2548 5017 num
2592 4964 2737 5033 quod
2783 4979 3000 5034 :equum
3040 4980 3162 5021 esse
3218 4967 3377 5023 alteri

1788 5054 2077 5111 confessus
2109 5053 2252 5119 eris,
2299 5053 2608 5110 faciendum
2644 5055 2694 5109 id
2736 5055 2841 5116 sit,
2874 5071 2942 5109 an
2986 5055 3175 5112 fraude
3222 5059 3377 5114 omit-

1788 5145 2050 5200 tendum?
2074 5175 2144 5186 —
2178 5145 2515 5202 Faciendum
2563 5148 2772 5218 utique.
2812 5166 2831 5200 ι
2873 5145 2998 5202 [ἰαξο
3031 5147 3204 5204 Plato.
3243 5150 3374 5218 Qui.

1787 5234 2018 5291 buscum
2047 5237 2178 5292 illud
2208 5236 2461 5293 conferas
2485 5246 2540 5291 tu
2573 5238 2734 5292 velim
2765 5257 2777 5292 :
2813 5256 2833 5288 ι
2870 5235 3014 5293 Nulli
3043 5239 3248 5294 malum
3279 5257 3375 5308 pro

1789 5328 1933 5382 malo
1971 5329 2258 5385 reddentes
2287 5330 2330 5384 ⁸.
2369 5348 2390 5382 ι
2449 5327 2562 5385 Nec
2589 5344 2696 5385 non
2728 5329 2960 5386 alterum
2997 5331 3126 5385 illud
3162 5349 3175 5385 :
3214 5349 3233 5382 ι
3269 5329 3375 5385 Be-

1788 5420 2022 5476 nedicite
2061 5421 2128 5476 iis
2153 5423 2246 5492 qui
2274 5437 2373 5477 vos
2399 5432 2756 5478 exsecrantur
2801 5441 2815 5478 :
2853 5432 3006 5480 orate
3034 5437 3134 5494 pro
3159 5422 3372 5478 calum-

1788 5511 2068 5568 niantibus
2113 5521 2168 5569 et
2214 5517 2672 5584 persequentibus
2709 5531 2807 5570 vos
2833 5557 2848 5580 ,
2901 5524 2960 5569 ut
2992 5516 3114 5570 sitis
3138 5514 3230 5570 filii
3263 5512 3371 5570 Pa-

1785 5605 1886 5659 tris
1930 5605 2092 5660 vestri
2125 5605 2218 5676 qui
2251 5605 2304 5660 in
2345 5604 2502 5660 cmlis
2548 5614 2654 5671 est,
2684 5604 2847 5676 655
2877 5607 2967 5676 qui
3002 5606 3173 5662 solem
3207 5621 3368 5662 suum

1785 5696 1917 5752 oriri
1958 5697 2089 5752 facit
2111 5712 2275 5769 super
2304 5697 2477 5753 malos
2507 5705 2562 5752 et
2587 5697 2782 5761 bonos,
2809 5704 2864 5752 et
2912 5697 3050 5768 pluit
3087 5711 3252 5768 super
3273 5696 3368 5767 ju-

195 5883 294 5946 (95)
325 5887 528 5944 οὐδενὶ
579 5889 788 5952 τρόπω.
844 5887 1022 5949 Plato.
1082 5889 1136 5946 in
1183 5888 1368 5946 eodem
1428 5889 1671 5954 Critone,

1802 5905 1831 5953 ς.
1860 5887 1965 5942 372
1996 5887 2056 5942 [ι’.
