3872 6368
191 385 302 439 1089

1226 377 1546 437 ΡΒᾸᾸΡΑΗ.
1585 378 1842 436 EVANG.
1883 381 2011 440 LIB.
2037 383 2178 440 Xlll.

3243 397 3384 453 1090

187 499 287 553 alia!
311 513 364 566 γε
393 496 510 568 χρή.
558 493 691 548 Ἀλλ’
724 495 790 548 ἐκ
833 496 930 567 μέν
965 495 1168 553 τούτων
1195 501 1302 553 τῶν
1333 502 1514 556 τόπων
1541 511 1675 557 άπα-

1789 503 1930 570 apud
1964 505 2216 560 homines
2238 505 2292 560 in
2326 507 2501 576 pretio
2526 523 2649 564 esse
2678 510 2914 566 debere?
2953 511 3063 570 Nec
3087 524 3242 584 turpe
3271 516 3380 570 So‘

185 592 291 660 ρεῖς,
321 587 453 657 ἥξεις
479 587 532 639 δέ
568 588 644 648 είς
670 586 988 652 Θετταλίαν,
1015 592 1167 662 ποιρά
1202 595 1330 656 τοὺς
1355 593 1537 658 ξένους
1568 596 1696 658 τοὺς

182 681 426 750 Κρίτωνος.
475 680 614 733 Ἐκεῖ
637 678 745 751 γὰρ
778 680 843 752 δὴ
877 681 1104 754 πλείστη
1145 684 1338 749 ἀταξία
1367 687 1461 739 καὶ
1499 687 1697 740 ἀκολα-

181 772 268 823 σία.
306 772 400 824 Καὶ
447 772 569 836 ἴσως
599 771 662 825 ἂν
707 772 878 844 ἡδέως
908 792 1000 829 σου
1034 776 1302 844 ἀκούοιεν,
1348 778 1424 843 ὡς
1472 780 1696 848 γελοίως

179 861 228 912 ἐκ
250 859 327 912 τοῦ
366 860 725 932 δεσμωτηρίου
774 863 1191 936 ἀπεδίδρασκες,
1226 871 1428 940 σκευήν
1473 873 1533 924 τέ
1574 889 1695 927 τινα

178 950 476 1021 περιθέμενος
507 953 537 1022 ἢ
577 954 832 1028 διφθέραν
854 955 1053 1022 λαϐὼν,
1079 959 1111 1031 ἢ
1138 959 1270 1014 ἄλλα
1300 957 1387 1015 οἷα
1416 963 1479 1035 δὴ
1503 964 1693 1020 είώθα-

178 1056 244 1092 σιν
269 1042 654 1106 ἐνσκευάζεσθαι
693 1046 743 1096 οἱ
769 1045 1273 1119 ἀποδιδράσκοντες,
1302 1054 1397 1105 καὶ
1421 1054 1483 1106 τὸ
1507 1055 1691 1124 σχῆμα

175 1133 220 1187 τὺ
241 1133 408 1186 σαυτοῦ
442 1136 790 1205 μεταλλάξας.
822 1141 945 1195 Ὅτι
986 1143 1042 1196 δὲ
1071 1144 1253 1217 γέρων
1286 1145 1424 1215 ἀνὴρ
1447 1187 1459 1210 ,
1494 1148 1690 1219 μικροῦ

173 1227 325 1295 χρόνον
361 1225 430 1296 τῷ
455 1227 551 1298 βίῳ
576 1228 760 1284 λοιποῦ
795 1233 967 1298 ὄντος,
997 1234 1071 1298 ὡς
1101 1237 1162 1288 τὸ
1193 1237 1358 1303 είκδς,
1391 1237 1692 1311 ἐτόλμησας

172 1317 280 1370 οὕτω
301 1317 547 1390 γλίσχρως
571 1320 855 1393 ἐπιθυμεῖν
886 1322 1004 1396 ζῇν,
1029 1329 1225 1397 νέμους
1245 1330 1372 1392 τοὺς
1403 1331 1692 1399 μεγίστους

173 1409 407 1478 παραϐάς·
457 1411 627 1476 οὐδεὶς
680 1413 739 1476 ὃς
794 1416 909 1484 ἐρεῖ
935 1416 1048 1488 (1);
1085 1419 1282 1483 Ἴσως,
1339 1417 1408 1473 ἂν
1465 1422 1538 1491 μή
1571 1437 1691 1475 τινα

167 1498 398 1571 λυπήσῃς·
426 1503 470 1553 εἰ
497 1501 550 1555 δὲ
582 1505 678 1574 μὴ.
719 1505 948 1577 ἀκούσῃ,
983 1501 1026 1561 ὦ
1055 1507 1361 1580 Σώκρατες,
1399 1510 1568 1565 πολλὰ
1595 1512 1690 1566 καὶ

168 1591 319 1656 ἀνάξια
345 1593 548 1646 σαυτοῦ.
599 1596 1002 1668 Ὑπερχόμενος
1049 1599 1111 1671 δὴ
1149 1601 1323 1676 βιώσῃ
1350 1603 1557 1668 πάντας
1598 1606 1692 1658 άν-

166 1683 383 1753 θρὼπους,
407 1687 495 1737 καὶ
526 1685 809 1743 δουλεύων·
844 1689 895 1741 τί
931 1690 1137 1757 ποιῶν;
1175 1691 1602 1764 ἢεύωχούμενος
1630 1697 1688 1748 ἐν
1722 1747 1730 1756 ,

165 1775 409 1847 Θετταλίας
463 1777 652 1850 ὥσπερ
699 1781 790 1833 ἐπὶ
841 1781 1057 1836 δεῖπνον
1115 1784 1544 1856 ἀποδεδημηκὼς
1604 1789 1685 1852 εἰς

161 1865 581 1937 θετταλίαν.Λόγοι
599 1871 654 1922 δὲ
677 1873 871 1925 ἐκεῖνοι
892 1875 939 1926 οἱ
962 1874 1092 1946 περὶ
1108 1874 1452 1949 δικαιοσύνης
1474 1879 1568 1931 καὶ
1586 1880 1685 1950 τῆς

160 1956 286 2026 ἄλλης
315 1961 499 2031 ἀρετῆς
527 1963 631 2015 ποῦ
651 1964 782 2034 ἡμῖν
805 1963 1048 2032 ἐσονται;
1080 1967 1238 2022 Ἀλλὰ
1263 1969 1326 2040 δὴ
1350 1969 1456 2022 τῶν
1480 1971 1684 2026 παίδων

158 2047 279 2102 hem
297 2050 458 2121 βούλει
483 2052 602 2124 ζῇν,
627 2055 710 2108 ἵνα
729 2057 926 2121 αὐτοὺς
945 2058 1040 2111 ἐκθ
1050 2059 1216 2133 ρέψῃς
1237 2061 1330 2114 καὶ
1356 2063 1680 2138 παιδεύσῃςς

158 2139 206 2190 Τί
224 2141 286 2201 δέ,
315 2144 385 2206 εἰς
403 2143 693 2200 Θετταλίαν
718 2148 915 2212 αὐτοὺς
947 2150 1190 2218 ἀγαγὼν,
1224 2150 1443 2223 θρέψεις
1487 2172 1546 2208 τε
1588 2157 1683 2209 καὶ

156 2233 430 2299 παιδεύσεις,
453 2237 635 2302 ξένους
656 2240 907 2310 ποιήσας,
928 2241 1014 2293 ἴνα
1034 2242 1128 2295 καὶ
1146 2242 1304 2296 τοῦτό
1331 2261 1424 2296 σου
1445 2246 1681 2300 ἀπολαύ-

154 2338 301 2390 σωσιν,
320 2326 512 2397 ἦτοῦτο
531 2329 631 2399 μὲν
645 2329 727 2382 οὔσ
745 2330 907 2384 αὐτοῦ
921 2332 976 2385 δέ
998 2334 1442 2404 τρεφόμενοι,σοῦ
1460 2335 1678 2401 ζῶντος,

152 2415 314 2485 βέλτιον
341 2418 620 2491 θρέψονται
654 2422 748 2475 καὶ
778 2423 1177 2489 παιδεύσονται,
1206 2426 1280 2496 μὴ
1307 2427 1554 2492 συνόντος
1586 2447 1678 2482 σου

152 2509 325 2576 αὐτοῖς
351 2513 395 2563 οί
425 2511 531 2583 γὰρ
552 2513 845 2584 ἐπιτήδειοι
874 2515 922 2568 οἱ
945 2515 1026 2568 σοί
1042 2516 1456 2588 ἐπιμελήσονται
1477 2519 1675 2574 αὐτῶν.

150 2598 334 2671 Πότερον
362 2602 432 2663 δὲ,
456 2602 550 2656 ἐὰν
586 2603 686 2674 μὲν
719 2605 800 2667 είς
829 2605 1123 2658 Θετταλίαν
1152 2607 1531 2682 ἀποδημήσῃς,
1559 2611 1679 2663 ἐπι·-

152 2691 437 2762 μελήσονταισ
471 2697 568 2749 ἐὰν
599 2697 657 2750 δέ
683 2699 761 2760 εἰς
784 2697 908 2768 ᾅδου
932 2697 1310 2772 ἀποδημήσῃς,
1337 2700 1456 2770 οὐχὶ
1479 2702 1677 2772 ἐπιμε⁴

148 2781 383 2854 λήσονται;
415 2788 585 2862 Εἴπερ
626 2789 689 2856 γέ
724 2806 775 2842 τι
816 2789 1007 2858 ὄφελος
1047 2790 1224 2844 αὐτῶν
1272 2793 1408 2857 ἐστι,
1439 2792 1546 2846 τῶν
1595 2811 1676 2846 σοι

148 2879 406 2942 φασκόντων
436 2882 756 2952 ἐπιτηδείων
773 2878 934 2948 εἶναι,
963 2881 1170 2936 οἴεσθαί
1199 2901 1262 2954 γε
1283 2885 1412 2956 χρή.
1444 2885 1599 2948 Ἀλλ’,
1630 2881 1676 2940 ὧ

145 2965 397 3040 Σώκρατες,
430 2971 747 3043 πειθόμενος
771 2975 904 3044 ἡμῖν
939 2977 1051 3038 τοῖς
1087 2977 1199 3039 σοῖς
1223 2976 1501 3048 τροφεῦσι,
1540 2981 1674 3050 μήτε

145 3061 299 3124 παῖδας
325 3063 446 3134 περὶ
472 3064 720 3128 πλείονος
745 3064 922 3132 ποιοῦ,
958 3067 1094 3138 μήτε
1117 3067 1177 3120 τὸ
1214 3069 1313 3140 ζῇν
1329 3109 1343 3133 ,
1389 3070 1526 3142 μήτε
1549 3071 1674 3125 ἀλλο

145 3150 275 3220 μηδὲν
310 3156 406 3226 πρὸ
444 3154 538 3208 τοῦ
586 3155 816 3209 δικαίου·
869 3157 955 3210 ἵνα
999 3160 1080 3222 εἰς
1121 3158 1247 3230 ᾅδου
1287 3159 1490 3225 ἐλθὼν,
1543 3162 1672 3234 ἔχῃς

141 3243 274 3297 ταῦτα
297 3247 459 3300 πάντα
491 3247 942 3319 ἀπολογήσασθαι
970 3253 1080 3313 τοῖς
1100 3251 1217 3304 ἐκεῖ
1235 3251 1514 3323 ἄρχουσιν.
1533 3254 1670 3308 Οὔτε

139 3334 220 3405 γὰρ
247 3337 411 3392 ἐνθάδε
439 3357 520 3392 σοι
553 3341 804 3408 φαίνεται
834 3342 1007 3396 ταῦτα
1035 3343 1325 3413 πράττοντι
1349 3346 1570 3417 ἄμεινον
1596 3345 1672 3402 εἷ-

139 3441 219 3488 ναι,
243 3429 344 3482 οὐδὲ
368 3429 718 3501 δικαιότερον,
751 3431 871 3484 οὐδὲ
897 3431 1041 3502 ἄλλῳ
1067 3433 1176 3486 τῶν
1197 3434 1304 3486 σῶν
1323 3435 1518 3500 οὐδενὶ,
1547 3438 1669 3491 οὔτε

135 3515 275 3570 ἐκεῖσε
304 3521 608 3593 ἀφικομένῳ
638 3521 858 3592 ἄμεινον
889 3522 1063 3578 ἔσται.
1295 3525 1390 3580 νῦν
1425 3527 1524 3598 μὲν
1555 3530 1669 3598 +16:-

135 3608 325 3674 κῃμένος
351 3612 474 3665 ἄπει
507 3613 627 3683 (ἐὰν
656 3612 866 3684 ἀπίῃς),
898 3614 996 3684 οὐχ
1017 3616 1109 3685 ὑφ’
1139 3616 1296 3686 ἡμῶν
1324 3617 1433 3671 τῶν,
1466 3620 1666 3690 νόμων,

132 3697 220 3747 ἀλλ’
245 3700 322 3754 ὑπ’
355 3704 690 3776 ἀνθρώπων·
720 3705 814 3758 ἐὰν
847 3705 902 3758 δὲ
935 3706 1157 3778 ἐξέλθῃς
1195 3707 1368 3773 οὕτως
1406 3711 1664 3781 αἰσχρῶς,

134 3788 439 3866 ἐπνιαδικήσας
497 3815 558 3850 τε
605 3798 698 3851 καὶ
739 3799 1282 3872 ἀντικακουργήσας,
1324 3801 1420 3866 τὰς
1465 3804 1664 3857 σαυτοῦ

131 3878 364 3951 malatia;
386 3904 442 3939 τε
469 3890 565 3941 καὶ
590 3887 860 3960 συνθήκας
893 3887 991 3953 τὰς
1028 3891 1163 3962 πρὸς
1198 3894 1346 3963 ἡμᾶς
1387 3896 1662 3966 παραϐὰς,

131 3974 203 4026 καὶ
223 3978 351 4031 κακά
374 3981 737 4051 ἐργαζόμενος
760 3981 1004 4047 τούτους,
1034 3982 1128 4047 οὓς
1156 3985 1354 4056 ἥκιστα
1377 3987 1512 4052 ἔδει,
1531 4006 1663 4042 σαυ-

131 4063 197 4115 τόν
221 4083 290 4133 τε,
311 4072 538 4136 καὶτοὺς
558 4072 765 4142 φίλους,
787 4073 880 4126 καὶ
907 4074 1160 4145 πατρίδα,
1189 4078 1282 4129 καὶ
1317 4080 1483 4149 ἡμᾶς·
1503 4081 1663 4150 ἡμεῖς

129 4155 172 4206 τὲ
200 4174 266 4210 σοι
294 4161 694 4233 χαλεπανοῦμεν
750 4162 947 4229 ζῶντι,
1003 4166 1096 4219 καὶ
1143 4169 1261 4221 ἐκεῖ
1308 4172 1354 4222 οί
1405 4172 1661 4244 ἡμέτεροι

128 4246 316 4318 ἁδελσοὶ,
343 4257 387 4307 οἱ
423 4258 478 4308 ἐν
507 4257 638 4327 ᾅδου
671 4255 846 4326 νόμοι,
883 4257 981 4311 ούκ
1013 4259 1258 4329 εὐμενῶς
1287 4279 1344 4314 σε
1373 4263 1658 4330 ὑποδέξον-

128 4353 210 4404 ut,
233 4344 410 4410 είδῦτες
445 4350 525 4402 ὅτι
565 4348 660 4401 καὶ
692 4350 840 4420 ἡμᾶς
869 4349 1231 4420 ἐπεχείρησας
1264 4353 1558 4421 ἀπολέσαι,
1599 4354 1660 4409 τὸ

129 4429 196 4484 σὺν
215 4436 378 4508 μέρος.
408 4459 425 4491 ι

1793 593 1959 648 cratis
1993 593 2195 650 factum
2232 597 2407 650 visum
2457 598 2525 651 iri
2575 600 2895 656 existimas?
2948 605 3017 659 At
3057 608 3382 665 existiman-

1793 680 1922 735 dum
1954 698 2106 739 sane.
2167 683 2400 752 Verum,
2450 686 2517 742 iis
2566 697 2622 742 tu
2671 691 2876 748 relictis
2921 693 3058 750 locis
3106 697 3380 766 videlicet,

1795 769 2137 829 Thessaliam
2163 777 2392 846 cogitas,
2417 777 2657 836 Critonis
2685 782 2929 852 hospites
2957 785 3227 843 aditurus.
3270 789 3382 846 Illis

1793 863 1937 916 enini
1967 866 2136 920 eti‘usa
2176 869 2423 937 quaedam
2459 869 2691 927 licentiae
2718 874 2800 929 vis
2836 883 2939 940 est,
2977 893 3039 932 ac
3067 881 3386 948 petulantiae

1794 955 1970 1022 copia.
2015 955 2081 1010 Et
2107 957 2359 1015 fortassis
2390 976 2455 1015 ex
2494 971 2543 1016 te
2571 963 2804 1020 libenter
2836 969 3080 1036 audient,
3106 988 3272 1042 quam
3312 977 3385 1029 ri-

1795 1046 1973 1102 dicule
1999 1048 2276 1120 aufugeris
2307 1068 2370 1106 ex
2404 1069 2644 1120 carcere,
2680 1058 2866 1113 habitu
2895 1063 3082 1118 nescio
3108 1080 3219 1133 quo
3240 1105 3254 1129 ,
3285 1075 3382 1120 aut

1792 1138 1930 1207 pelle
1959 1142 2193 1208 quadam
2229 1143 2525 1210 involutus,
2556 1157 2650 1201 aut
2672 1149 2780 1203 alio
2803 1153 3045 1221 quolibet
3083 1156 3376 1224 ejusmodi,

1792 1229 1938 1296 quod
1981 1229 2210 1286 induere
2242 1232 2492 1290 homines
2523 1236 2734 1308 fugitivi
2767 1242 2961 1308 solent,
2990 1246 3197 1300 vultum
3231 1249 3380 1304 insu-

1794 1327 1892 1388 per
1915 1321 2263 1392 speciemque
2288 1334 2434 1380 tuam
2471 1330 2752 1385 mentitus.
2810 1331 2949 1398 Quid
2986 1337 3188 1405 porro?
3217 1349 3378 1394 vetu-

1791 1411 1902 1464 lum
1928 1411 2224 1479 hominem,
2253 1417 2363 1480 cui,
2395 1427 2454 1472 ut
2484 1419 2661 1475 simile
2686 1425 2802 1477 veri
2827 1441 2929 1493 est,
2961 1443 3153 1496 parum
3185 1431 3376 1488 admo-

1792 1500 1922 1556 dum
1971 1505 2094 1559 vita:
2137 1518 2466 1577 snpercssct,
2510 1512 2850 1582 gravissimis
2877 1519 3091 1590 legibus
3132 1525 3372 1590 violatis,

1794 1601 1900 1644 tam
1950 1594 2168 1651 sordide
2217 1614 2281 1653 ac
2326 1602 2510 1669 putide
2553 1603 2769 1660 vivendi
2827 1611 3124 1679 cupiditate
3154 1624 3373 1684 captum

1791 1681 1990 1750 fuisse;
2025 1703 2185 1743 nemo
2227 1691 2330 1746 erit
2371 1693 2464 1762 qui
2495 1695 2750 1764 objiciat?
2788 1697 2958 1756 Nemo
2985 1703 3160 1771 forte,
3204 1709 3249 1762 si
3280 1724 3372 1762 ne-

1792 1775 1926 1829 mini
1955 1779 2222 1836 molestus
2255 1799 2495 1854 unquam
2528 1789 2658 1842 eris.
2719 1790 2812 1846 Sin
2838 1806 3055 1865 autem;
3092 1799 3371 1871 pleraque,

1715 1855 1761 1915 Β
1794 1864 2070 1933 Socrates,
2099 1887 2163 1927 ac
2194 1882 2244 1928 te
2277 1891 2505 1943 prorsus
2542 1879 2764 1952 indigna
2807 1886 3097 1944 auditurus
3143 1906 3221 1946 es.
3272 1893 3371 1948 ita-

1791 1971 1898 2025 que
1923 1959 2054 2013 nulli
2084 1977 2193 2016 non
2235 1964 2528 2033 obnoxius,
2566 1985 2629 2024 ac
2657 1975 2796 2026 servi
2828 1990 2980 2030 more
3013 1979 3262 2036 addictus
3289 1983 3370 2036 vi.

1789 2063 1905 2103 ves.
1945 2048 2081 2106 Nam
2128 2054 2257 2124 quid
2303 2071 2430 2126 ages
2472 2064 2770 2128 praeterea?
2805 2064 2943 2122 Num
2994 2069 3047 2124 in
3080 2070 3365 2128 Thessalia

1790 2143 2038 2198 convivia
2085 2147 2426 2205 celebrabis?
2463 2155 2690 2222 perinde
2730 2158 2987 2214 nimirum
3011 2202 3025 2226 ,
3071 2173 3130 2217 ut
3158 2165 3202 2220 si
3241 2182 3367 2220 cum

1790 2231 2129 2290 Thessaliam
2166 2247 2411 2308 peteres,
2458 2247 2650 2314 epulas
2692 2261 2999 2318 sequerere.
3041 2253 3110 2308 At
3140 2258 3367 2327 egregiae

1792 2325 1898 2380 illa:
1929 2327 1997 2382 de
2025 2327 2238 2398 justitia
2261 2370 2276 2396 ,
2331 2333 2506 2404 deque
2531 2339 2679 2392 omni
2714 2342 2933 2397 virtutis
2966 2359 3162 2413 genere
3180 2325 3349 2418 idisipu

1789 2417 2041 2486 taliones,
2064 2437 2174 2492 quo
2194 2425 2409 2480 tandem
2432 2428 2735 2484 avolarint?
2757 2430 3047 2490 Enimvero
3070 2437 3363 2496 liberorum

1787 2519 1843 2564 tu
1873 2527 2039 2567 causa
2068 2515 2285 2570 vivendi
2311 2519 2542 2587 cupidus
2563 2512 2645 2586 cs,
2684 2529 2744 2576 ut
2778 2524 2900 2579 illos
2941 2527 3178 2583 educare
3204 2539 3366 2602 atque

1787 2602 2072 2658 instituere
2094 2607 2292 2675 possis.
2335 2608 2443 2664 Eos
2465 2611 2703 2682 igiturin
2728 2612 3069 2673 Thessaliam
3099 2621 3363 2680 abductos

1782 2697 2042 2754 educabis
2070 2711 2124 2754 et
2156 2700 2430 2767 instilues,
2455 2704 2546 2758 ubi
2581 2705 2824 2776 hospites
2847 2709 3010 2763 etiam
3036 2727 3101 2766 ac
3127 2716 3358 2786 peregri-

1786 2803 1888 2843 nos
1921 2789 2137 2858 feceris,
2178 2794 2255 2848 uti
2277 2794 2382 2850 hoc
2407 2811 2626 2867 quoque
2651 2801 2747 2853 tibi
2775 2812 3055 2872 acceptum
3082 2804 3365 2861 referant!

1781 2877 1948 2950 659
1977 2880 2058 2934 An
2093 2882 2144 2936 id
2179 2885 2396 2952 quidem
2442 2887 2668 2943 minime
2701 2875 2948 2949 facturus
2983 2909 3080 2958 es;
3136 2897 3231 2952 sed
3267 2906 3359 2952 ta-

1784 2984 1944 3034 tncn,
1993 2987 2119 3026 cum
2167 2975 2255 3030 hic
2289 2976 2706 3048 educabuntur,
2754 2992 2917 3053 atque
2969 2985 3363 3056 instituentur,

1782 3062 1978 3118 melius
2006 3063 2059 3118 id
2092 3075 2146 3120 te
2175 3069 2470 3136 superstite
2493 3111 2509 3136 ,
2545 3071 2770 3126 absente
2802 3074 2958 3142 licet,
2986 3073 3232 3133 futurum
3263 3094 3357 3134 ar~

1781 3153 2039 3221 bitraris,
2075 3161 2219 3226 quod
2249 3164 2542 3217 necessarii
2576 3164 2652 3217 tui
2690 3181 2878 3220 curam
2918 3183 3108 3223 eorutn
3151 3172 3360 3241 gesturi

1779 3247 1928 3301 sint?
1965 3247 2148 3314 Quid?
2173 3248 2230 3304 Si
2265 3252 2320 3304 in
2372 3251 2710 3309 Thessaliam
2760 3258 3084 3329 migraveris
3110 3304 3125 3330 ,
3165 3279 3355 3321 curam

1778 3341 1995 3395 illorum
2033 3352 2252 3412 gerent;
2311 3344 2357 3398 si
2415 3346 2730 3417 migraveris
2754 3365 2822 3404 au
2873 3351 3112 3423 inferos,
3149 3357 3355 3413 nullam

1777 3434 1996 3501 gerent?
2037 3435 2239 3490 Gerent
2268 3436 2531 3506 profecto,
2568 3441 2613 3494 si
2656 3441 2786 3511 quid
2828 3444 2882 3497 in
2916 3445 2984 3500 iis
3013 3462 3176 3514 vere,
3225 3451 3357 3519 quid

1779 3531 1905 3580 tuos
1934 3540 1994 3579 se
2028 3529 2367 3583 necessarios
2397 3543 2518 3584 esse
2547 3531 2833 3599 dictitant,
2866 3535 2988 3605 opis
3009 3546 3093 3592 est
3129 3553 3192 3593 ac
3217 3556 3359 3610 pra!-

1774 3615 1897 3670 sidii
1919 3619 2299 3674 constitutum.
2329 3619 2694 3691 Quanquam,
2739 3625 2946 3696 agesis,
2991 3643 3025 3682 o
3068 3626 3357 3701 Socrates,

1775 3723 1984 3778 nosque
2014 3709 2254 3765 nutrices
2303 3720 2427 3767 tuas
2471 3714 2629 3779 audi,
2679 3731 2855 3786 neque
2899 3717 3134 3787 liberos,
3178 3738 3359 3792 neque

1769 3801 1969 3868 vitam,
1996 3816 2171 3871 neque
2207 3802 2352 3858 aliud
2383 3805 2681 3875 quidquam
2712 3807 2792 3875 ei,
2824 3810 2968 3878 quod
3000 3810 3206 3881 justum
3234 3823 3314 3868 est
3335 3855 3353 3878 ,

1771 3901 2160 3962 anteponc:ut
2204 3911 2327 3949 cum
2377 3896 2443 3950 ad
2485 3898 2687 3953 inferos
2736 3910 2960 3956 ventum
3009 3905 3144 3972 erit,
3189 3905 3255 3960 iis
3295 3905 3350 3960 in

1770 3985 2026 4039 omnibus
2054 4001 2278 4041 causam
2307 3987 2584 4056 judicibus
2611 3991 2717 4046 illis
2760 4002 2906 4046 tuam
2945 3996 3180 4064 probare
3219 4012 3350 4066 pos-

1768 4076 1865 4132 sis.
1903 4075 2038 4132 Nam
2067 4077 2120 4133 id
2149 4094 2280 4134 sane
2305 4079 2509 4149 liquet,
2550 4082 2665 4138 inec
2703 4095 2761 4139 ut
2786 4084 3016 4154 feceris,
3055 4105 3232 4159 neque
3264 4097 3347 4144 te-

1766 4185 1890 4224 cum
1938 4179 2220 4240 propterea
2258 4172 2456 4228 melius
2482 4214 2497 4238 ,
2545 4189 2723 4245 neque
2779 4192 2903 4232 cum
2944 4186 3161 4233 tuorum
3200 4181 3345 4249 ullo,

1767 4262 1966 4316 melius
1999 4261 2088 4316 hic
2122 4270 2214 4316 aut
2251 4264 2463 4332 aequius
2496 4268 2805 4324 sanctiusve
2839 4278 3019 4326 actum
3049 4271 3113 4326 iri
3144 4289 3156 4326 :
3185 4286 3249 4325 ac
3279 4287 3351 4328 ne

1764 4353 1879 4409 illic
1907 4354 2128 4424 quidem
2164 4352 2404 4410 felicius.
2438 4353 2582 4421 Quin
2610 4368 2666 4413 tu
2701 4360 2863 4430 igitur
2903 4363 3151 4430 decedis,
3187 4363 3231 4418 si
3265 4372 3350 4418 tas

1759 4462 1884 4501 men
1915 4446 2282 4500 decedendum
2312 4459 2430 4514 est,
2459 4464 2568 4502 non
2598 4465 2626 4503 a
2659 4452 2817 4507 nobis
2853 4454 3070 4524 quidem
3091 4497 3108 4522 ,
3154 4455 3245 4510 sed
3277 4456 3350 4510 ab

127 4528 389 4590 hominibus
436 4536 702 4607 injuriose
753 4539 1059 4593 tractatus?
1105 4537 1240 4593 Nam
1273 4540 1320 4596 si
1396 4541 1531 4597 adeo
1584 4541 1816 4611 turpiter
1883 4539 2196 4612 aufugeris,
2243 4541 2473 4606 injurias
2531 4560 2656 4599 cum
2707 4545 2957 4615 injuriis,
3007 4563 3132 4603 cum
3174 4549 3349 4605 male‘

126 4621 230 4678 liciis
262 4628 509 4683 maleficia
579 4631 1004 4700 compensando,
1038 4641 1190 4700 pacta
1229 4632 1512 4688 nobiscum
1570 4635 1702 4689 inita
1740 4632 2018 4696 violando,
2066 4633 2268 4689 malum
2323 4634 2392 4688 iis
2435 4636 2630 4701 etiam,
2673 4639 2874 4708 quibus
2915 4640 3137 4695 minime
3177 4657 3346 4712 opor-

125 4715 230 4783 luit,
277 4721 398 4786 tibi,
448 4721 642 4776 amicis
668 4764 682 4788 ,
706 4723 914 4792 patriae,
963 4737 1027 4778 ac
1073 4723 1230 4778 nobis
1271 4726 1407 4795 ipsis
1437 4727 1673 4781 creando
1712 4744 1726 4781 :
1769 4742 1892 4780 cum
1930 4725 2060 4795 ipsa:
2089 4725 2182 4779 tibi
2225 4726 2463 4797 graviter
2491 4729 2671 4784 adhuc
2701 4731 2824 4785 viro
2859 4731 3337 4789 succensebimus'.

125 4815 210 4860 tum
232 4811 326 4866 illic
350 4829 563 4869 sorores
594 4814 757 4868 etiam
790 4824 1024 4880 nostrae,
1059 4815 1164 4870 hoc
1214 4826 1296 4871 est
1351 4817 1649 4873 inferorum
1717 4819 1864 4887 leges
1889 4860 1902 4884 ,
1938 4833 2002 4871 eo
2038 4827 2088 4873 te
2137 4820 2383 4889 asperius
2442 4821 2750 4890 excipient,
2788 4837 2898 4892 quo
2933 4834 2984 4878 te
3029 4824 3181 4881 illum
3219 4841 3343 4884 esse

124 4899 403 4973 iitclligent,
441 4908 533 4976 qui
576 4921 716 4968 nos,
767 4916 1032 4976 quantum
1081 4907 1129 4962 it.
1191 4916 1242 4962 te
1260 4907 1401 4976 fuit,
1448 4911 1798 4980 exstinguere
1828 4909 1904 4966 sis
1933 4925 1997 4966 ac
2028 4909 2317 4980 proﬂigare
2345 4921 2596 4966 conatus.
2642 4932 2660 4964 ι
3275 4920 3278 4922 ’

609 4999 1002 5051 ΚΕΦΑΛΑΙΟΝ
1054 4999 1111 5052 1'.

123 5103 213 5161 Ὀτι
235 5110 310 5179 μὴ
331 5111 449 5166 δέοι
474 5114 717 5182 φεύγειν
742 5111 847 5164 τάν
872 5112 1024 5180 ὑπὲρ
1053 5112 1338 5178 ἀληθείας
1363 5111 1640 5171 θάνατον.

357 5184 486 5238 Ἀπὸ
515 5182 625 5251 τῆς
653 5182 976 5254 Σωκράτους
1017 5183 1360 5252 Ἀπολογίας.

178 5272 344 5338 «Ἴσως
374 5279 418 5330 δ’
451 5277 524 5348 (2)
551 5276 616 5331 ἂν
642 5273 737 5328 οὖν
759 5276 902 5329 εἴποι
932 5291 1036 5339 τις·
1065 5271 1178 5328 Εἶτ’
1202 5277 1301 5328 ούκ
1336 5274 1586 5346 αἰσχύνῃ,
1605 5269 1649 5328 ὦ

119 5357 388 5434 Σώκρατες,
431 5369 666 5423 τοιοῦτον
709 5368 1047 5438 ἐπιτήδευμα
1089 5367 1466 5437 ἐπιτηδεύσας,
1497 5367 1555 5430 ἐξ
1587 5362 1646 5421 οὗ

117 5452 394 5524 κινδυνεύεις
433 5463 549 5514 νυνὶ
593 5462 919 5528 ἀποθανεῖνς
969 5459 1110 5529 Ἐγὼ
1137 5460 1194 5514 δέ
1228 5461 1400 5530 τούτῳ
1440 5461 1646 5514 δίκαιον

119 5539 167 5594 ἂν
185 5544 316 5616 λόγον
338 5553 660 5625 ἀντείποιμι,
683 5557 763 5608 ὅτι
791 5555 849 5608 ού
873 5553 1051 5617 καλῶς
1070 5553 1272 5628 λέγεις,
1294 5547 1339 5605 ὧ
1367 5553 1642 5626 ἄνθρωπε,

118 5635 152 5686 εί
175 5637 257 5693 οἴει
277 5641 375 5698 δεῖν
408 5645 642 5701 κίνδυνον
665 5646 1079 5716 ὑπολογίζεσθαι
1103 5643 1196 5698 τοῦ
1232 5642 1352 5716 ζῇν,
1388 5644 1422 5716 ἢ
1453 5645 1646 5699 τεθνά-

2381 5003 2612 5059 CAPUT
2654 5003 2722 5059 X.

1828 5111 2051 5168 Mortem
2082 5115 2318 5191 veritatis
2348 5132 2510 5191 causa
2551 5133 2800 5191 non‘essc
2830 5119 3154 5191 fugiendam.
3187 5122 3274 5178 Ex

2265 5185 2509 5241 Socratis
2538 5187 2822 5258 Apologia.

1829 5291 1848 5325 ι
1896 5273 2136 5342 Verum,
2169 5276 2386 5347 inquit,
2411 5277 2484 5330 ita
2516 5276 2655 5332 forte
2696 5280 2820 5348 quis
2864 5281 3120 5352 olijiciat,
3157 5281 3299 5350 Quid

1755 5380 1862 5419 non
1893 5383 2024 5438 ergo
2075 5377 2128 5422 te
2179 5370 2380 5439 pudet,
2429 5386 2462 5424 0
2522 5372 2811 5438 Socrates,
2857 5373 2980 5426 vita:
3020 5375 3329 5430 institutunt

1756 5457 2030 5528 ejusmodi
2061 5472 2307 5514 secutum
2345 5478 2500 5527 esse,
2528 5479 2638 5534 quo
2674 5464 2770 5518 tibi
2814 5464 2918 5519 hoc
2954 5467 3145 5521 mortis
3187 5469 3302 5537 peri

1751 5551 1934 5604 culum
1972 5553 2230 5607 creares?
2259 5553 2358 5607 Cui
2388 5571 2487 5625 ego
2514 5556 2639 5626 jure
2680 5557 2759 5612 sic
2795 5573 3053 5626 reponam
3074 5600 3089 5624 ,
3126 5559 3328 5639 Erras,

1752 5642 1828 5696 mi
1862 5643 2029 5700 homo
2052 5685 2067 5710 ,
2100 5644 2146 5700 si
2181 5645 2326 5715 apud
2357 5662 2483 5702 eum
2508 5690 2522 5717 ,
2556 5650 2649 5720 qui
2686 5649 2950 5721 aliquam
2979 5668 3207 5711 numero
3235 5657 3326 5725 sit,

258 5777 550 5864 pacatam
568 5779 707 5864 ἐρεῖ.
738 5781 817 5863 ita
852 5791 1001 5864 recte
1027 5780 1216 5864 scribit
1243 5780 1635 5864 distingpitque
1672 5826 1675 5834 .

1781 5796 1854 5848 L0;
1882 5782 2024 5848 male
2067 5785 2124 5841 in
2147 5784 2320 5859 priori
2354 5785 2612 5855 editione,
2635 5787 2808 5856 οὐδείς
2843 5807 2904 5846 σε
2943 5792 3063 5864 ἐρεῖ
3099 5792 3252 5860 ἴσως.
3291 5829 3302 5840 ι·

173 5841 235 5904 ιῖ)
258 5841 541 5914 Ἴσως⁷δέξ
565 5841 718 5910 Plato
745 5853 800 5909 in
832 5853 1052 5919 Apoloq.
1088 5851 1324 5918 Socrat.,
1355 5841 1608 5918 ρδὸϋῦὐ
