3872 6368
474 581 664 654 potius
697 589 867 633 unum
896 571 965 626 ab
997 583 1065 624 eo
1094 562 1362 635 cogitari,
1387 561 1605 630 justene
1630 572 1699 610 an
1733 554 1934 629 injuste
1964 566 2053 605 re-

477 643 582 731 bus
605 673 659 727 in
693 665 948 724 Omnibus
986 675 1106 717 sese
1133 664 1320 727 gerat,
1358 652 1577 721 virique
1628 648 1796 711 boni,
1827 660 1897 700 an
1947 643 2053 699 im-

472 764 637 837 probi
662 762 804 815 facta
833 758 1208 826 persequatur.
1236 745 1529 798 Enimvero
1549 781 1565 805 ,
1601 739 1647 795 si
1669 737 1799 808 quid
1824 744 1911 789 tua
1936 734 2053 787 haec

473 824 643 915 elﬁcit
662 824 860 914 oratio,
888 858 1118 914 nequam
1152 839 1355 894 fuerint
1378 848 1599 890 necesse
1624 840 1709 885 est
1748 829 1946 883 heroes
1971 824 2049 879 illi

476 913 708 1003 omnes,
762 913 855 1007 qui
905 913 1048 1002 apud
1100 928 1319 996 Troiam
1349 924 1531 979 obiere
1560 958 1576 984 ,
1625 919 1847 988 ipseque
1890 913 2055 984 660

478 1032 615 1086 adeo
647 1004 893 1081 Thetidis
920 1020 1098 1085 lilius,
1139 1016 1228 1087 qui
1262 1028 1371 1085 pra:
1413 1007 1767 1079 turpitudinis
1808 1014 1861 1059 et
1901 1004 2058 1074 igno-

479 1121 667 1176 minize
700 1125 878 1177 metu,
913 1113 987 1166 ita
1041 1106 1343 1178 periculum
1384 1116 1547 1156 omne
1592 1093 1955 1165 contempsit,
1997 1100 2057 1146 ut

480 1226 607 1267 cum
642 1222 767 1261 eum
791 1203 992 1261 caedem
1027 1198 1276 1253 Hectoris
1322 1190 1700 1252 anhelantem,
1735 1184 1843 1239 Dea
1885 1191 2057 1237 mater

483 1303 587 1357 hoc
622 1298 735 1353 fere
762 1296 923 1351 modo
953 1302 1212 1346 revocare
1236 1292 1545 1341 conaretur.
1577 1278 1638 1333 Si
1673 1274 1923 1332 Hectoris
1954 1287 2060 1328 ca:-

485 1395 553 1447 de
573 1435 589 1459 ,
630 1390 705 1445 ﬁli
733 1388 844 1450 mi,
875 1379 1114 1438 Patrocli
1141 1391 1329 1433 necem
1355 1372 1656 1438 ulciscare,
1697 1366 1973 1439 periturus
1998 1376 2061 1418 es

488 1484 609 1553 ipse
642 1492 862 1550 quoque
879 1516 894 1541 ,

524 1572 666 1627 Nam
693 1580 738 1624 te
769 1578 913 1623 certa
942 1571 1150 1624 manet,
1182 1559 1393 1630 inquit,
1426 1573 1567 1610 mors
1598 1552 1825 1609 Hectore
1857 1562 2028 1604 caeso:

489 1665 612 1737 Ipse
645 1662 732 1718 his
769 1659 972 1715 auditis
999 1697 1014 1721 ,
1052 1654 1370 1721 calcatoque
1419 1647 1613 1702 mortis
1660 1646 1810 1699 omni
1860 1642 2065 1697 discri-

493 1735 640 1811 mine
660 1796 675 1821 ,
701 1750 845 1822 quod
871 1750 1035 1804 vitam
1075 1747 1247 1816 ipsam
1270 1756 1396 1797 cum
1420 1738 1634 1810 ignavia
1665 1735 2010 1805 conjunctam
2038 1771 2057 1795 ,

494 1857 830 1913 suorumque
860 1839 1053 1895 mortis
1083 1835 1266 1890 inulta:
1289 1833 1544 1902 probrum
1584 1829 1745 1898 longe
1771 1826 2064 1880 vehemen-
2095 1807 2137 1861 Β

497 1941 604 1996 tius
634 1934 971 1997 formidaret,
998 1931 1070 1983 ita
1103 1924 1477 1995 responderit,
1502 1921 1752 1973 Protinus
1776 1934 1805 1971 ο
1827 1914 2071 1986 peream!

497 2033 593 2087 sed
624 2028 800 2100 poenis
831 2027 901 2081 ab
928 2022 1125 2078 infesto
1144 2020 1361 2074 homine
1388 2015 1649 2086 repetitis,
1670 2028 1738 2067 ne
1762 2012 1851 2067 hic
1868 2010 2073 2065 diutius

498 2123 728 2178 classem
762 2117 829 2171 ad
863 2130 1039 2170 meum
1065 2112 1329 2167 ridiculus
1361 2110 1634 2172 sessitem,
1658 2106 1865 2160 telluris
1890 2102 2075 2159 inutile
2108 2128 2111 2129 ν

497 2212 727 2285 pondus.
752 2209 907 2264 Hunc
924 2217 979 2261 tu
1011 2207 1284 2261 hominem
1305 2204 1373 2258 de
1398 2210 1572 2256 morte
1592 2216 1656 2255 ac
1673 2198 1915 2270 periculo
1927 2197 2079 2252 solli-

501 2307 667 2359 citum
684 2302 710 2355 ἰ
711 2303 858 2356 uisse
874 2297 1197 2354 arbitraris?
1221 2296 1452 2365 Quippe,
1475 2296 1547 2348 ita
1571 2294 1714 2349 enim
1733 2292 1891 2361 plane
1910 2305 1970 2344 se
1992 2304 2079 2344 res

505 2394 692 2459 habet,
715 2391 1076 2445 Athenienses
1106 2409 1119 2444 :
1148 2404 1260 2459 quo
1278 2386 1575 2457 quisquein
1596 2387 1717 2439 loco
1733 2383 1816 2437 vel
1836 2382 2079 2451 seipsum

504 2484 881 2547 constituerit,
915 2482 1179 2547 Optimum
1236 2479 1290 2533 id
1318 2493 1439 2533 esse
1467 2487 1650 2539 ratus,
1699 2474 1785 2528 vel
1822 2474 2084 2527 constitu-

507 2583 597 2631 tus
620 2590 651 2628 a
686 2573 1005 2643 magistratu
1040 2568 1234 2633 fuerit,
1275 2568 1331 2621 in
1365 2581 1431 2621 eo
1463 2567 1541 2620 sic
1570 2562 1897 2618 manendum
1942 2558 2081 2629 ipsi,

508 2681 576 2721 ac
602 2662 906 2735 periculum
935 2674 1098 2716 omne
1133 2657 1473 2713 subeundum
1500 2669 1620 2708 esse
1647 2662 1858 2717 statuo,
1889 2658 1950 2704 ut
1976 2664 2086 2718 pro:

508 2771 623 2813 uno
671 2750 1025 2822 turpitudinis
1074 2758 1259 2812 metu,
1324 2761 1424 2800 nec
1483 2754 1744 2806 mortem,
1786 2755 1888 2795 nec
1938 2738 2087 2794 aliud

509 2846 808 2918 quidquam
833 2842 919 2897 vel
947 2840 1107 2895 nauci
1154 2838 1337 2894 faciat.
1372 2835 1638 2905 Equidem
1683 2831 1899 2887 facinus
1935 2829 2084 2884 indi-

512 2954 679 3009 gnum
704 2935 1043 2991 admitterem
1070 2973 1087 2997 ,
1116 2930 1476 2985 Athenienses
1497 2967 1512 2992 ,
1540 2927 1585 2981 si
1615 2940 1775 2995 quem
1820 2920 1955 2977 mihi
2000 2920 2085 2974 lo-

513 3046 639 3085 cum
668 3030 1028 3098 imperatores
1048 3024 1123 3077 illi
1158 3022 1321 3077 vestri
1351 3060 1367 3086 ,
1399 3021 1600 3090 quibus
1647 3032 1733 3071 me
1771 3029 1962 3087 parere
1985 3028 2084 3067 vo-

1132 355 1405 414 EUSEBII
1431 346 1909 410 CAESARIENSIS
1939 343 2091 399 OPP.
2131 338 2311 395 PARS
2345 335 2412 392 ll.
2445 364 2515 375 —-
2545 326 3044 387 APOLOGETICA.

3532 317 3638 375 ιωτ

2150 633 2337 704 καιαῆ
2371 632 2533 687 ἄδικα
2578 629 2825 699 πράττειο
2875 624 2971 677 καὶ
3009 620 3204 692 ἀνδρὸς
3240 615 3427 704 ἀγαθοῦ
3458 614 3647 686 ἔργα,ή

2151 703 2345 781 κακοῦι
2368 722 2567 777 Φαῦλοι
2594 719 2701 791 γάρ
2727 718 2815 780 ἂν,
2836 714 2915 786 τῷ
2943 730 3006 783 γε
3034 711 3111 781 σῷ
3136 710 3275 779 λόγῳ
3304 703 3419 768 εἶεν,
3450 706 3539 758 τῶν
3554 708 3652 775 ήμι-

2152 817 2287 870 θέων
2312 817 2424 868 ὅσοι
2464 817 2520 867 ὲν
2554 810 2724 883 Τροίᾳ.
2746 805 3192 875 τετελευτήκασιν
3215 842 3231 867 ,
3258 798 3361 852 οἵτε
3386 796 3514 850 ἄλλοι
3536 797 3610 848 καὶ
3631 797 3653 847 ὁ

2151 909 2250 980 τῆς
2270 907 2485 969 Θέτιδος
2511 904 2644 966 υίὸς,
2680 902 2738 965 ὃς
2763 898 3018 953 τοσοῦτον
3051 892 3144 949 τοῦ
3178 890 3408 945 κινδύνου
3443 888 3655 957 κατεφρό-

2153 975 2305 1074 νήσε,
2331 998 2481 1071 παρὰ
2512 997 2571 1050 τὸ
2596 994 2816 1066 αἰσχρόν
2840 1010 2894 1045 τι
2924 991 3233 1060 ὑπομεῖναι,
3260 975 3653 1047 ῶστε,ὲπειδὴεί-

2156 1093 2312 1163 πενὴ
2345 1092 2528 1162 μήτηρ
2558 1086 2705 1158 αὐτῷ
2747 1080 3178 1156 προθυμουμένῳ
3197 1077 3426 1147 Ἕκτορα
3461 1074 3658 1126 ἀποκτεῖ-

2155 1203 2266 1250 ναι,
2307 1184 2427 1248 θεὸς
2455 1178 2617 1245 οὖσα⁸
2657 1177 2851 1233 οὑτωσί
2899 1192 3035 1238 πως,
3064 1172 3139 1236 ὡς
3172 1163 3397 1239 ἐγῷμαι,
3417 1162 3479 1218 Ὦ
3509 1168 3601 1225 παῖ,
3624 1166 3657 1216 εί

2157 1278 2492 1349 τιμωρήσεις
2518 1269 2817 1343 Πατρόκλῳ
2840 1266 2917 1338 τῷ
2940 1265 3141 1337 ἑταίρῳ
3166 1261 3256 1314 τὸν
3282 1260 3450 1329 φόνον,
3469 1256 3660 1311 καὶἜκ·

2159 1388 2294 1445 τορα
2343 1368 2683 1430 ἀποκτενεῖς,
2727 1361 2887 1424 αὐτὸς
2925 1356 3210 1427 ἀποθανῇ

2161 1555 2385 1612 Αὐτίκα
2399 1550 2508 1622 γάρ
2528 1567 2635 1610 τοι,
2649 1544 2819 1618 φησὶ,
2832 1543 2959 1614 μεθ’
2977 1542 3234 1607 Ἕκτορα
3244 1536 3455 1603 πότμος
3471 1530 3664 1599 ἑτοῖμος·

2175 1648 2233 1701 '0
2260 1646 2317 1701 δὲ
2345 1644 2500 1698 τοῦτο
2524 1639 2653 1695 ἀκού
2662 1656 2778 1703 σας,
2795 1635 2889 1690 τοῦ
2908 1635 3007 1707 μὲν
3022 1631 3253 1686 θανάτου
3270 1624 3464 1680 καὶτοῦ
3479 1621 3669 1676 κινδύνου

2167 1734 2503 1806 ὠλιγώρησε,
2522 1731 2655 1784 πολὺ
2687 1729 2743 1782 δὲ
2761 1726 2955 1798 μᾶλλον
2966 1723 3145 1784 δείσας
3166 1720 3227 1772 τὸ
3245 1718 3340 1790 ζῇν
3356 1715 3504 1779 κακὸς
3516 1712 3673 1772 (imm

2169 1803 2465 1896 eoiécplitotg
2479 1822 2551 1895 μὴ
2576 1821 2856 1891 τιμωρεῖν,
2877 1815 3116 1875 αὐτίκα,
3134 1811 3288 1882 φησί·
3304 1803 3674 1873 τεθναίηγδίκτλν

2172 1894 2376 1980 ἐπιθεὶς
2402 1894 2487 1986 τῷν
2509 1910 2798 1975 ἀδικοῦντι,
2827 1910 2912 1961 ἵνα
2937 1905 3012 1977 μὴ
3046 1902 3234 1957 ἐνθάδε
3254 1900 3407 1971 -μένω
3438 1894 3677 1962 καταγέλα-

2174 2029 2298 2074 στος
2322 1985 2473 2079 παρά
2500 2005 2658 2075 νηυσὶ
2685 2000 2995 2073 κορωνίσιν,
3022 1996 3208 2065 ἄχθος
3241 1992 3504 2061 ἀρούρης,
3524 1988 3599 2056 Μὴ
3611 1985 3678 2038 αὖ.

2172 2104 2265 2157 τὸν
2295 2076 2417 2155 οἴει-
2437 2095 2716 2169 φροντίσαι
2750 2092 2977 2147 θανάτου
3008 2088 3104 2143 καὶ
3131 2086 3375 2141 κινδύνου
3402 2099 3415 2147 ;
3447 2079 3577 2133 υῦτω
3601 2076 3678 2145 γὰρ

2175 2196 2307 2267 ἔχει,
2333 2188 2378 2246 ὦ
2404 2168 2594 2260 ἄνδρες
2632 2186 2921 2257 Ἀθηναῖοι,
2943 2185 3009 2254 τῇ
3036 2178 3284 2251 ἀληθείᾳο
3312 2172 3371 2229 οῦ
3394 2174 3452 2228 ἄν
3471 2189 3541 2235 τις
3558 2168 3679 2223 αὐτὸν

2175 2287 2333 2358 τάξῃ,
2376 2281 2724 2357 ἡγησάμενος
2774 2276 3045 2347 βέλτιστον
3078 2268 3251 2333 εῖναι,
3279 2270 3314 2340 ἢ
3345 2266 3444 2322 ὑπὸ
3482 2266 3681 2335 ἄρχοντος

2177 2353 2349 2451 ταχθῇ
2371 2353 2408 2440 ,⁷
2428 2372 2662 2428 ἐνταῦθα
2693 2371 2805 2432 δεῖ,
2834 2369 2909 2431 ὡς
2954 2366 3077 2437 ἐμοὶ
3100 2365 3279 2428 δοκεῖ,
3314 2360 3529 2431 μένοντα
3548 2353 3682 2407 κινδυ-

2180 2444 2385 2531 vadet-ii,
2427 2462 2592 2534 μηδὲν
2639 2457 3108 2527 ὑπολογιζόμενον,
3152 2453 3289 2524 μήτε
3321 2450 3553 2507 θάνατον,
3586 2444 3686 2514 μήτε

2180 2562 2308 2618 ἄλλο
2336 2557 2523 2630 μηδὲν,
2552 2552 2659 2624 πρὸ
2688 2549 2779 2604 τοῦ
2806 2546 3054 2620 αἰσχροῦ.
3094 2543 3235 2613 Ἐγὼ
3259 2538 3349 2595 οὖν
3373 2538 3507 2593 δεινὰ
3525 2535 3578 2588 ἂν
3603 2533 3686 2599 εἴην

2183 2624 2557 2725 εἰργασμένος,
2596 2641 2641 2701 ὧ
2666 2639 3224 2716 ἄνδρες“Αθηναῖοι,εί
3247 2638 3336 2689 ὅτε
3372 2632 3465 2704 μέν
3486 2647 3544 2701 με
3567 2624 3687 2693 οἱᾶρ-

2184 2718 2642 2820 χοντες-ἔταττον,
2676 2738 2770 2802 οὒς
2791 2738 2946 2808 ὑμεῖς
2977 2731 3186 2786 εἵλεσθε
3208 2728 3399 2800 ἄρχειν
3425 2740 3543 2797 μου,
3560 2718 3688 2820 καὶῆν

2186 2809 2461 2908 ᾖοτιδαίᾳ,
2490 2834 2586 2888 καὶ
2617 2834 2675 2886 ὲν
2714 2826 3056 2900 Ἀμφιπόλει,
3082 2823 3176 2877 καὶ
3203 2821 3301 2875 ἐπὶ
3327 2818 3512 2890 Δηλίῳ,
3526 2814 3603 2867 καὶ
3628 2809 3692 2864 ἄλο

2186 2930 2299 2985 λοθί
2328 2946 2450 2989 που,
2482 2921 2541 2981 οῦ
2567 2928 2764 2978 ἐκεῖνοι
2789 2921 3027 2981 ἔταττον,
3055 2916 3246 2987 ἔμενον
3274 2911 3457 2980 ῶσπερ
3484 2908 3561 2961 καί
3581 2903 3692 2963 ἄλλος

2187 3043 2290 3089 τις,
2323 3023 2418 3077 καὶ
2447 3018 2782 3074 ἐκινδύνευον
2811 3011 3100 3067 ἀποθανεῖν
3123 3024 3137 3038 ο
3165 3004 3261 3059 τοῦ
3302 3004 3359 3057 δὲ
3384 2998 3508 3054 Θεοῦ
3533 2996 3696 3050 τάττον-

514 3122 697 3177 luistis
719 3085 878 3185 ,.sive
901 3116 1041 3186 apud
1068 3085 1381 3178 Potidaaani,
1402 3085 1671 3179 siveapud
1689 3085 2079 3176 Amphipolim,

2189 3085 2302 3181 τος,
2330 3115 2405 3177 ὡς
2428 3112 2538 3181 ἐγὼ
2559 3108 2744 3181 ᾠήθην
2771 3122 2829 3157 τε
2854 3103 2944 3157 καὶ
2967 3096 3253 3160 ὑπέλαϐον,
3283 3085 3631 3164 φιλοσοφοῦντά
3649 3098 3695 3153 με

2629 3200 2638 3203 “
2730 3199 2740 3203 ’
2758 3197 2782 3203 ““
2954 3196 2966 3203 ⁵
3133 3190 3146 3203 ‘
3348 3186 3362 3203 \
3434 3202 3440 3203 γ
3454 3185 3466 3198 ‘
3496 3201 3508 3203 -
3532 3178 3695 3203 ενιμ...

516 3212 631 3267 sive
676 3208 821 3279 apud
868 3206 1107 3271 Delium,
1150 3204 1265 3258 sive
1289 3201 1472 3256 ubiubi
1521 3200 1898 3269 assignarant,
1940 3194 2084 3249 ineo

2188 3178 2294 3263 δεῖν
2320 3208 2440 3277 ζῇν,
2470 3178 2913 3266 καὶνὲξετάζοντα
2952 3190 3189 3265 ἐμαυτὸν
3216 3228 3231 3251 ,
3276 3186 3372 3239 καὶ
3395 3185 3509 3247 τοὺς

516 3317 643 3359 cum
672 3302 929 3356 haererem
958 3337 973 3362 ,
999 3306 1059 3351 ut
1086 3295 1266 3366 quivis
1314 3293 1454 3348 alius
1498 3290 1802 3359 mortisque
1845 3288 2086 3343 subirem

2188 3270 2417 3352 ἐνταῦθά
2431 3294 2508 3356 δὲ,
2526 3289 2801 3361 φοϐηθεὶς,
2815 3288 2849 3357 ἢ
2867 3284 3094 3337 θάνατον
3115 3280 3148 3351 ἦ
3172 3278 3302 3333 ἄλλο
3327 3273 3494 3330 ὁτιοῦν
3508 3270 3699 3366 πρᾶγμα.

517 3393 760 3466 pericula
788 3409 802 3457 ;
830 3401 942 3445 tum
970 3403 1095 3443 vero
1118 3401 1292 3450 nunc,
1323 3399 1447 3439 cum
1478 3384 1551 3437 ita
1581 3382 1648 3437 de
1682 3396 1767 3435 me
1787 3421 1801 3445 ,
1828 3378 2087 3449 quemad-

2188 3392 2400 3459 λίποιμι
2430 3356 2704 3457 τὴνντάξιν
2730 3399 2744 3445 ;
2773 3356 2952 3431 Δεινὸν
2991 3374 3134 3445 μέντ’
3170 3372 3237 3425 ἂν
3260 3369 3367 3439 εἴη,
3402 3365 3491 3419 καὶ
3524 3362 3586 3424 ὡς
3608 3356 3702 3425 ἀλη-

520 3484 745 3540 modum
770 3482 884 3554 jam
910 3480 1044 3534 mihi
1073 3478 1279 3548 pridem
1309 3474 1597 3545 persuasi,
1648 3471 1788 3525 Deus
1827 3472 1943 3540 ipse
1982 3478 2093 3524 sta-

521 3576 723 3639 tuerit,
781 3583 839 3627 ut
888 3588 974 3626 me
1018 3568 1325 3640 philosophi
1362 3566 1528 3619 vitam
1583 3565 1799 3627 vivere,
1843 3578 1943 3618 nec
2007 3576 2095 3616 me

523 3665 705 3736 ipsum
735 3663 934 3730 modo,
970 3676 1156 3716 verum
1183 3661 1345 3714 etiam
1388 3657 1526 3712 alios
1573 3665 1782 3711 tentare
1830 3654 2095 3724 probare-

525 3773 633 3828 que
661 3755 928 3820 voluerit,
968 3753 1163 3808 mortis
1191 3761 1287 3807 aut
1333 3752 1560 3806 alterius
1598 3750 1976 3818 cujuscunque
2018 3745 2096 3800 rei

526 3857 707 3913 metu,
738 3850 961 3918 gradum
1004 3846 1152 3900 hunc
1199 3859 1379 3899 meum
1435 3842 1835 3908 stationemque
1880 3838 2100 3892 desere-

526 3954 644 3994 rem
682 3956 697 3992 :
721 3937 1037 4006 Indignum,
1064 3935 1287 4005 inquam
1315 3972 1331 3997 ,
1356 3933 1619 4005 flagitium
1648 3940 1831 3997 esset,
1875 3938 2101 3996 tumque

527 4033 664 4086 adeo
693 4044 779 4084 me
797 4029 945 4100 juste
976 4027 1101 4098 quis
1134 4026 1358 4082 omnino
1380 4066 1393 4091 ,
1421 4024 1579 4095 quasi
1615 4024 1748 4077 deos
1771 4036 1896 4077 esse
1914 4019 2096 4073 nullos

531 4130 825 4192 putarem,
873 4115 1168 4186 impietatis
1223 4122 1559 4178 arcesseret;
1604 4112 1805 4181 quippe
1858 4109 1953 4180 qui
2003 4123 2103 4163 nec

532 4210 754 4267 oraculo
783 4223 1054 4281 parerem,
1095 4217 1151 4261 et
1182 4215 1416 4260 mortem
1440 4203 1855 4258 extimescerem
1878 4242 1893 4266 ,
1934 4212 1989 4255 et
2021 4215 2105 4254 sa-

531 4307 689 4378 piens
720 4303 933 4357 viderer
959 4301 1078 4370 ipse
1111 4298 1287 4365 mihi,
1334 4315 1457 4354 cum
1497 4313 1603 4352 non
1640 4310 1843 4350 essem.
1875 4292 2104 4348 Mortem

532 4395 681 4451 enim
721 4394 941 4456 timere,
975 4390 1370 4456 Athenienses,
1419 4388 1566 4442 aliud
1610 4386 1745 4441 nihil
1787 4393 1903 4449 est,
1939 4398 2104 4453 quam

2193 3482 2302 3544 θῶς
2326 3453 2433 3532 τότ’
2460 3453 2526 3530 ἄν
2571 3491 2636 3545 με
2669 3470 2890 3532 δικαίως
2933 3466 3139 3533 είσάγοι
3176 3478 3263 3524 τις
3300 3462 3379 3522 είς
3406 3453 3701 3545 δικαστήριον,

2192 3574 2275 3626 ὅτι
2306 3571 2365 3623 οὑ
2398 3566 2605 3638 νομίζω
2629 3564 2783 3625 θεοὺς
2812 3556 2984 3625 εἶναι,
3012 3552 3254 3609 ἀπειθῶν
3293 3553 3359 3621 τῇ
3394 3536 3704 3620 μαντείᾳ,ιιαὶ

2193 3662 2379 3725 δεδιὼς
2411 3660 2655 3720 θάνατον,
2693 3654 2788 3708 καὶ
2815 3652 3055 3722 οἰόμενος
3089 3644 3251 3714 σοφὸς
3275 3638 3433 3705 εἶναι,
3453 3638 3541 3692 οὐκ
3563 3627 3705 3687 ὡν.Τδ

2195 3738 2301 3826 γάρ
2330 3720 2412 3806 τοι
2439 3752 2664 3804 θάνατον
2684 3720 2933 3806 δεδιέναι,
2969 3734 3013 3792 ὧ
3047 3737 3261 3806 ἄνδρες,
3290 3733 3440 3787 οὐδὲν
3466 3728 3575 3785 ἄλλο
3597 3720 3702 3778 ἐστὶν

2195 3819 2230 3918 ἦ
2254 3819 2427 3898 δοκεῖν
2453 3842 2614 3911 σοφὸν
2643 3838 2802 3893 εἶναι.
2838 3836 2911 3906 μὴ
2940 3833 3087 3887 ὅντα.
3116 3830 3305 3880 Δοκεῖν
3332 3827 3439 3896 γὰρ
3457 3821 3622 3876 εἰδέναι
3642 3819 3703 3866 ἐσ-

2197 3912 2301 4001 τὶν,
2329 3936 2365 3991 δι
2392 3935 2490 3989 οὑκ
2521 3930 2682 3986 οἶδεν.
2714 3924 2839 3982 Οἵδε
2879 3924 2979 3995 μὲν
3016 3922 3124 3993 γάρ
3169 3918 3350 3981 οὐδεὶς
3383 3916 3469 3969 τὸν
3512 3912 3701 4001 θάνατοι

2197 3992 2307 4080 οὐδζ
2350 4027 2399 4078 εἰ
2434 4021 2689 4093 τυγχάνει
2734 4017 2813 4089 τῷ
2848 3992 3143 4085 ἀνθρώπω,
3177 4010 3398 4064 πάντων
3432 4003 3643 4076 μέγιστον
3668 3992 3708 4044 δν

2199 4118 2307 4173 τῶν
2328 4115 2547 4186 ἀγαθῶν
2565 4131 2578 4144 ·
2602 4112 2805 4167 δεδίασι
2836 4108 2893 4162 δὲ
2931 4107 3007 4169 ὡς
3030 4106 3129 4158 οὐκ
3156 4103 3384 4165 εἰδότες,
3414 4100 3491 4152 ὅτι
3517 4093 3709 4186 μέγιςτον

2200 4210 2308 4264 τῶν
2334 4178 2520 4263 κακῶν
2556 4208 2691 4258 ἐστι.
2736 4200 2928 4255 Καίτοι
2953 4197 3065 4261 πῶς
3092 4196 3192 4249 οὐκ
3215 4193 3427 4264 ἀμαθία
3457 4186 3584 4241 ἐστὶν
3608 4178 3707 4245 αὕτη

2202 4306 2237 4376 ἡ
2273 4301 2655 4363 ἐπονείδιστος,
2702 4298 2739 4367 ἡ
2788 4293 2882 4347 τοῦ
2931 4291 3139 4345 οἴεσθαι
3179 4287 3379 4341 είδὲ-ναι
3415 4283 3451 4337 ἃ
3482 4282 3568 4335 οὐκ
3589 4268 3709 4376 θῐδεξς

2216 4362 2355 4466 ’.Εγὼ
2378 4395 2444 4458 δ’,
2468 4388 2512 4447 ὧ
2546 4362 2757 4462 ἄνδρες,
2778 4386 2953 4458 τούτῳ
2994 4384 3089 4438 καὶ
3128 4380 3363 4436 ἐνταῦθα
3401 4373 3612 4466 διαφέρον
3638 4362 3712 4417 τῶν

534 4490 837 4559 sapientem
868 4485 1075 4548 videri,
1113 4483 1204 4554 qui
1246 4497 1357 4536 non
1391 4482 1482 4538 sit.
1526 4476 1959 4550 Nempe,videri
2002 4476 2087 4530 hoc

2210 4459 2416 4541 πολλῶν
2455 4482 2586 4546 ἴσως
2615 4459 2935 4551 ἀνθρώπων
2966 4475 3061 4529 καὶ
3088 4475 3136 4526 εί
3160 4473 3223 4543 δή
3250 4488 3328 4542 τῳ
3363 4459 3629 4559 σοφώτερός
3647 4469 3710 4555 τείν

537 4582 635 4637 tibi
671 4579 812 4634 scire
851 4585 963 4643 est,
997 4576 1143 4647 quod
1189 4576 1425 4631 nescias.
1468 4572 1606 4627 Nam
1654 4586 1804 4626 mors
1834 4569 1951 4639 ipsa
1980 4568 2106 4638 qui-

2212 4578 2378 4649 φαίην
2399 4572 2561 4637 εἶναι,
2595 4572 2765 4641 τούτῳ
2785 4568 2873 4634 ἂν,
2897 4568 2978 4621 ὅτι
3002 4566 3102 4618 οὐκ
3125 4563 3277 4627 εἰδὼς
3309 4558 3502 4621 ἱκανῶς
3530 4544 3715 4621 πρὶτῶ

537 4673 690 4737 dem,
730 4685 857 4723 num
888 4667 1044 4737 quasi
1079 4669 1345 4723 bonorum
1373 4664 1617 4719 omnium
1663 4660 1965 4716 maximum
2012 4659 2087 4713 ho

2211 4641 2270 4726 έν
2302 4641 2451 4743 ᾅδου,
2481 4666 2624 4722 οὕτω
2648 4664 2742 4717 καὶ
2775 4663 2955 4733 οἴομαι
2981 4660 3080 4715 οὐκ
3115 4657 3338 4711 εἰδέναι.
3374 4653 3447 4705 Τὸ
3464 4650 3516 4704 δὲ
3548 4641 3712 4743 ἀδικεῖν.

538 4764 672 4820 mini
702 4762 947 4827 eveniat,
1007 4774 1169 4814 nemo
1221 4758 1374 4813 novit
1407 4774 1420 4812 :
1449 4766 1505 4811 et
1556 4754 1719 4825 vulgo
1760 4763 1941 4807 tamen
1989 4766 2087 4806 ean

2212 4766 2306 4820 καὶ
2336 4764 2394 4815 τὸ
2415 4759 2658 4816 ἀπειθεῖν
2694 4756 2771 4827 τῷ
2807 4754 3057 4827 βελτίονι,
3088 4751 3182 4804 καὶ
3205 4748 3344 4819 Θεῷ,
3372 4744 3463 4799 καὶ
3492 4734 3714 4807 ἀνθρώπῳ.

539 4856 935 4918 extimescunt,
972 4852 1129 4924 quasi
1165 4851 1432 4905 malorum
1484 4862 1603 4901 eam
1646 4861 1769 4902 esse
1810 4845 2087 4913 maximun

2213 4859 2295 4911 ὅτι
2330 4855 2497 4909 κακὸν
2530 4853 2625 4906 καὶ
2654 4851 2876 4921 αἰσχρόν
2917 4850 3094 4904 ἐστιν,
3125 4840 3261 4896 οἶδα.
3296 4839 3410 4911 Πρὸ
3432 4832 3517 4889 οῦν
3541 4829 3625 4882 τῶν

539 4951 742 5019 optime
771 4956 1015 5002 nossent.
1045 4944 1179 5010 Quis
1206 4954 1388 4998 autem
1429 4941 1799 4997 foedissimum
1840 4937 1974 4992 illud
2037 4937 2087 4991 in

2216 4948 2347 5011 κῶν,
2370 4938 2443 4999 ὧν
2467 4939 2583 4997 οἶδα
2608 4944 2688 4996 ὅτι
2718 4941 2863 4994 κακά
2894 4939 3062 4997 ἐστιν,
3083 4933 3119 4988 ἃ
3161 4933 3235 5004 μὴ
3267 4925 3403 4989 οἶδα,
3430 4927 3474 4979 εί
3496 4924 3575 4977 καὶ
3594 4910 3717 4984 ἀγιθά

542 5040 713 5096 scitiae
731 5054 899 5110 genus
930 5052 1053 5093 esse
1080 5043 1256 5106 neget,
1274 5050 1398 5089 eum
1423 5049 1486 5088 ea
1515 5033 1656 5088 scire
1686 5032 1810 5101 quis
1843 5031 1947 5086 sibi
1968 5029 2118 5084 vide-

545 5139 664 5192 tur,
689 5143 811 5197 quae
860 5126 1108 5181 nesciat.
1136 5122 1436 5194 Equidem,
1475 5121 1834 5176 Athenienses
1858 5158 1876 5185 ,
1919 5119 2020 5174 hac
2063 5117 2119 5172 in

546 5230 701 5291 parte
736 5219 987 5274 fortassis
1035 5217 1104 5272 ab
1153 5214 1468 5270 hominibus
1515 5214 1791 5283 plerisque
1837 5211 2119 5266 dissideo:

544 5312 707 5385 661
745 5320 801 5367 et
829 5311 874 5367 si
903 5326 1010 5380 qua
1038 5310 1090 5363 in
1119 5323 1179 5362 re
1210 5308 1345 5361 mihi
1372 5321 1650 5377 quoquam
1699 5305 2001 5376 sapientior
2045 5304 2126 5358 vi-

547 5409 703 5458 derer
722 5444 739 5470 ,
778 5402 832 5456 in
876 5402 978 5456 hac
1001 5414 1134 5455 sane
1163 5397 1371 5453 viderer
1391 5440 1407 5465 ,
1437 5397 1583 5467 quod
1617 5397 1694 5452 uti
1725 5411 1814 5452 res
1845 5397 1951 5451 illae
1994 5394 2126 5451 infe-

550 5511 736 5551 rerum
760 5493 1064 5565 cujusmodi
1099 5492 1211 5546 sint
1237 5531 1252 5557 ,
1286 5506 1396 5546 non
1426 5491 1557 5545 satis
1612 5489 1856 5560 intelligo
1879 5530 1893 5557 ,
1927 5490 2001 5544 ita
2027 5504 2130 5545 nec

550 5601 649 5642 eas
686 5600 773 5641 me
805 5586 940 5641 satis
968 5583 1270 5653 intelligere
1300 5583 1554 5638 sentiam.
1594 5581 1667 5637 At
1714 5596 1845 5637 vero
1882 5591 1935 5637 et
1983 5581 2128 5651 inju-

552 5677 693 5733 riam
725 5674 903 5730 facere
920 5714 935 5739 ,
960 5682 1015 5728 et
1037 5672 1087 5729 ei
1113 5688 1274 5743 quem
1302 5674 1639 5742 superiorem
1662 5685 1930 5743 agnoscas
1953 5711 1969 5739 ,
2012 5671 2131 5727 sive

554 5768 701 5826 Deus
728 5767 818 5826 ille
849 5766 1013 5825 fuerit
1035 5809 1052 5836 ,
1088 5766 1203 5825 sive
1226 5767 1451 5855 homo,
1497 5779 1609 5823 non
1657 5780 1888 5838 parere,
1921 5765 2025 5824 hoc
2072 5774 2129 5824 et

2217 5041 2345 5094 ὅντα
2375 5038 2651 5107 τυγχάνει,
2700 5032 2955 5086 οὐδέποτε
2986 5027 3317 5097 φοϐήσομαι,
3348 5019 3466 5073 οὐδὲ
3498 5010 3715 5086 φεύξομειο

2222 5133 2405 5192 Ὥστε,
2432 5127 2614 5181 οὐδἐἴ
2651 5142 2717 5196 με
2762 5121 2857 5175 νῦν
2895 5122 3053 5190 ὑμεῖς
3082 5116 3287 5185 ἀφίετε,
3328 5098 3721 5188 Ἀνύτῳξάπιοτή·

2223 5188 2433 5283 σαντεξ
2470 5218 2545 5287 (ὃς
2570 5188 2697 5285 ἔφή,
2731 5213 2764 5283 ἦ
2791 5212 2889 5282 τὴν
2914 5188 3086 5280 ἀρχὴν
3114 5206 3174 5259 οὐ
3197 5204 3306 5257 δεῖν
3335 5200 3433 5270 ἐμὲ
3452 5194 3588 5287 δεῦρο
3608 5188 3721 5287 ξίεξν

2225 5313 2358 5375 θεῖν,
2466 5275 2963 5378 έτίειδῑὴείσῆλθον,
2990 5275 3092 5369 οῦχ
3109 5291 3219 5350 οἷόν
3243 5311 3303 5346 τε
3336 5288 3469 5345 εἶναι
3498 5285 3551 5338 τὸ
3572 5281 3631 5352 μὴ

2225 5363 2541 5459 άποκτεῖναί
2572 5363 2670 5470 με’,
2715 5363 2888 5464 λέγων
2921 5363 3260 5464 πρδςτῦμᾶς,
3280 5384 3376 5447 ὡς,
3413 5384 3457 5433 ει
3483 5363 3722 5470 διαῗευξιί-

2387 5495 2488 5564 ἤδη
2518 5454 2585 5545 ἂν
2615 5454 2769 5561 ὑμῶν
2790 5454 2843 5540 οἱ
2875 5454 3031 5547 υἱεῖς,
3078 5454 3477 5568 ἐπιτηδεδοντες
3506 5454 3723 5568 ἃ⁹

2231 5539 2359 5568 δ”-δ”
2393 5539 2488 5564 -ι--ι
2520 5539 2574 5545 *τ’
2624 5539 2757 5561 *ιντνν-
2807 5539 2814 5540 ί
2990 5539 3028 5547 -ν
3228 5539 3239 5551 .

2228 5599 2327 5653 της
2384 5580 2659 5640 διδάσκει,
2700 5574 2899 5636 πάντες
2938 5570 3251 5625 παντάπασι
3304 5539 3722 5631 διαφθαρήσοντιν)

2232 5676 2285 5729 εί
2314 5691 2404 5745 μοι
2427 5672 2563 5744 πρὸς
2590 5669 2761 5725 ταῦτα
2790 5667 3018 5728 εἴποιτε,
3042 5660 3113 5716 Ὦ
3134 5660 3431 5731 Σώκρατες,
3463 5652 3547 5706 νῦν
3580 5639 3726 5744 ’Δνῦτιιῖ

2233 5727 2292 5823 οῦ
2314 5727 2638 5829 πεισόμεθα,
2658 5760 2775 5818 ἀλλ’
2798 5756 3031 5823 ἀφίεμέν
3063 5771 3143 5820 σε,
3168 5727 3451 5809 introiret»
3481 5741 3644 5805 μέντοι.
3664 5727 3725 5786 ὲέ
