3872 6368
546 284 688 340 1095

1209 278 1480 337 ΙΞΠΒΕΒΙΙ
1505 276 1982 334 (ΣΕΒΑΗῙΕΝΒΙΒ
2027 275 2126 331 01’]

2234 273 2399 330 PARS
2433 273 2497 330 ll.
2528 303 2598 312 -—
2635 270 3140 328 APOLOGETICA.

3587 281 3682 337 l09‘i

545 405 630 460 bis
656 411 710 456 et
742 397 1138 457 contemnenda
1166 398 1335 453 videri
1364 399 1583 468 potest?
1625 397 1694 452 Ut
1720 408 1848 451 vero
1877 396 2118 466 colloqui

2234 395 2290 449 οὐ
2317 393 2628 466 δυναμένων
2656 393 2994 446 ἀποκτεῖναι.
3026 391 3235 444 Εἰδέναι
3264 408 3336 458 τε,
3358 393 3446 456 ὅτε,
3467 394 3539 448 ἐὰν
3563 397 3687 466 ﬁtni-

544 513 673 553 cum
720 495 972 565 Orpheo,
1028 492 1266 557 Musreo,
1321 489 1593 557 Hesiodo,
1643 489 1880 544 Homero
1929 490 2125 551 liceat,

545 590 739 661 quanti
772 588 990 643 tandem
1034 585 1352 641 aestimatis?
1383 583 1646 654 Equidem
1685 597 1826 652 sape
1848 583 1987 636 mori
2013 582 2126 636 vel-

543 685 648 738 lem
671 726 686 750 ,
719 691 780 738 ut
811 697 875 737 ea
908 695 1030 751 qu:e
1054 679 1177 735 dico
1203 679 1339 733 mihi
1386 679 1572 734 liceret
1605 677 1870 731 invenire.
1912 674 2127 742 Quanta

543 791 711 847 porro
749 775 1109 830 delectatione
1143 773 1382 828 allicerer
1405 815 1419 838 ,
1453 787 1577 826 cum
1605 770 1972 835 Palamedem,
1999 785 2124 824 cum

539 868 765 933 Ajacem
794 867 924 920 olim
956 865 1108 919 illum
1145 862 1459 919 Telamonis
1505 863 1673 918 ﬁlium
1695 904 1710 928 ,
1745 878 1868 917 cum
1915 869 2126 916 veteres

538 957 680 1011 alios
726 956 933 1026 judicio
963 957 1272 1026 iniquorum
1303 955 1707 1009 circumventos
1758 963 1921 1021 atque
1970 951 2124 1006 dam-

540 1061 700 1104 natos
752 1049 1140 1103 convenirem?
1192 1047 1390 1114 Quidni
1442 1047 1586 1102 enim
1646 1046 1947 1116 jucundum
1995 1045 2128 1098 mihi

545 1139 728 1206 foret,
779 1158 956 1196 nteant
1004 1157 1128 1196 cum
1173 1157 1361 1196 eorum
1406 1141 1624 1196 casibus
1674 1139 1950 1193 fortunam
1979 1153 2129 1191 com-

541 1233 783 1300 ponere?
814 1232 948 1286 Illud
980 1247 1138 1296 vero,
1171 1232 1374 1302 quanti
1411 1231 1524 1285 lieri
1563 1231 1785 1294 debeat,
1837 1245 1931 1284 eos
1966 1229 2128 1283 etiam

2234 505 2382 555 γειος
2409 487 2564 559 ἡμῶν
2596 487 2744 540 οἰκία
2767 483 2861 539 τοῦ
2898 487 3127 556 σκήνους
3167 485 3444 556 καταλυθῇ,
3483 489 3691 560 οἰκοδομὴν

2234 581 2299 632 ἐκ
2331 567 2464 632 Θεοῦ
2517 577 2735 649 ἔχομεν,
2791 578 2972 631 οἰκίαν
3003 577 3411 646 ἀχειροποίητον,
3459 577 3622 633 αἰώνιον
3654 586 3692 634 ὲθ

2232 674 2345 736 τοῖς
2409 671 2467 723 οὑ
2478 672 2679 742 ρανοῖς’
2705 671 2786 724 ὅτι
2813 686 2874 722 τε
2896 668 3257 739 ἐκδημοῦντες
3282 666 3376 721 ἀπο
3393 669 3472 722 τοῦ
3497 671 3693 740 σώματις,

2235 763 2574 835 ἑνδημοῦμεν
2605 761 2684 833 τῷ
2715 761 2931 834 Κυρίῳο
2971 779 2989 812 ι
3013 761 3072 824 ὃς
3105 761 3199 814 καὶ
3229 763 3352 812 πᾶσι
3379 766 3474 825 τοῖς
3500 763 3560 825 εἰς
3585 766 3695 816 αὑτὸν

2233 857 2518 928 ἠλπικόσιν
2560 855 2917 927 ἐπήγγελται,
2969 854 3049 918 εἰς
3102 853 3327 916 κόλπους
3370 853 3600 925 Ἀϐραὰμ,
3637 858 3696 908 καὶ

2246 951 2452 1016 Ἰσαὰκ,
2481 951 2575 1004 καὶ
2611 948 2804 1003 Ἰακὼϐ
2835 947 3262 1009 ἀναπαύσεσθαι,
3311 948 3432 1017 μετά
3453 964 3501 999 τε
3529 947 3610 998 τῶν
3635 949 3696 1001 ἀλ-

2233 1043 2340 1096 λων
2389 1042 2522 1112 παρ’
2565 1039 2839 1111 Ἑϐραίοις
2901 1037 3165 1106 θεοφιλῶν
3233 1036 3492 1109 προφητῶν
3530 1054 3599 1102 τε,
3640 1039 3697 1089 καὶ

2230 1135 2575 1202 δικαίωνξὲν
2622 1131 2866 1205 μακαρίᾳ.
2930 1131 3042 1202 ζωῇ
3088 1130 3180 1183 τὸν
3223 1130 3416 1201 μακρὸν
3459 1129 3593 1182 αἰῶνα
3623 1130 3698 1182 62i-

2233 1225 2367 1293 ξειν.

542 1327 635 1395 qui
711 1327 822 1381 illic
887 1338 1210 1390 versentur,
1270 1327 1494 1396 perinde
1554 1335 1613 1380 ut
1663 1327 1756 1395 qui
1791 1326 1892 1380 hac
1938 1327 1992 1379 in
2033 1325 2143 1378 vita
2175 1323 2414 1394 degunt,
2447 1329 2657 1377 tentare
2681 1319 3029 1389 scrutarique
3054 1332 3245 1388 posse;
3291 1317 3404 1386 quis
3436 1332 3491 1370 ex
3524 1317 3701 1372 omnibus

540 1433 669 1472 vere
730 1420 940 1490 sapiat,
988 1421 1112 1489 quis
1169 1429 1381 1473 tantum
1416 1420 1672 1489 opinione
1697 1419 1900 1473 tenus?
1928 1439 1947 1470 ι
1977 1417 2104 1472 llaec
2135 1415 2244 1470 ille.
2271 1415 2484 1482 Quibus
2517 1424 2705 1470 nostra
2737 1415 2852 1469 btec
2883 1413 3121 1484 gemina,
3159 1430 3177 1461 ι
3197 1410 3414 1466 Obedire
3441 1420 3609 1480 oportet
3634 1410 3705 1465 Deo

539 1514 750 1582 magis,
783 1529 946 1582 quam
1005 1513 1320 1568 hominibus
1363 1513 1426 1566 ίο.
1456 1512 1638 1568 Nolite
1712 1513 1900 1568 timere
1960 1528 2088 1578 eos,
2129 1513 2221 1583 qui
2261 1510 2519 1567 occidunt
2563 1525 2795 1578 corpus,
2831 1509 3070 1563 animam
3097 1516 3276 1561 autem
3315 1522 3412 1560 non
3446 1517 3704 1575 possuntoe

539 1607 809 1662 cidere“.
839 1605 993 1660 Scire
1032 1607 1216 1668 etiam,
1265 1605 1410 1674 quod
1453 1604 1496 1660 si
1556 1607 1834 1661 terrestris
1873 1605 2070 1661 domus
2130 1614 2316 1659 nostra
2350 1604 2516 1674 hujus
2577 1600 2932 1657 habitationis
2993 1601 3349 1666 dissolvatur,
3394 1598 3707 1655 :edilieationem

541 1713 608 1753 ex
661 1696 772 1752 Deo
809 1698 1107 1762 habemus,
1156 1699 1378 1752 domum
1432 1711 1543 1750 non
1605 1712 1772 1751 manu
1816 1697 2046 1764 factam,
2099 1708 2359 1752 aeternam
2427 1698 2481 1752 in
2545 1696 2720 1751 cmlis.
2757 1693 2824 1748 Et
2863 1694 3276 1766 peregrinantes
3321 1708 3351 1747 a
3387 1709 3602 1764 corpore,
3633 1711 3706 1749 rer-

541 1808 728 1846 samur
765 1806 889 1844 cum
932 1790 1162 1845 Domino
1199 1792 1284 1855 u;
1334 1808 1353 1841 ι
1388 1789 1481 1857 qui
1515 1789 1682 1843 etiam
1730 1790 2022 1853 omnibus,
2049 1791 2141 1860 qui
2183 1791 2237 1844 in
2287 1805 2412 1846 eum
2468 1788 2844 1860 speraverint,
2889 1802 3111 1842 suavem
3147 1786 3201 1840 in
3239 1786 3482 1849 Abrahae,
3525 1785 3654 1840 lsaaci
3679 1798 3710 1840 et

541 1885 729 1940 Jacobi
791 1885 915 1939 sinu
954 1884 1232 1952 quietem,
1299 1891 1462 1952 atque
1506 1883 1560 1936 in
1602 1892 1924 1938 caeterorum
1982 1885 2370 1954 prophetarum
2423 1884 2812 1955 justorumque
2856 1882 3178 1950 consortio,
3230 1883 3323 1952 qui
3369 1880 3585 1936 llebrzos
3619 1881 3708 1934 inter

544 1973 654 2028 Deo
685 1974 836 2028 chari
866 1971 1105 2038 fuerint,
1137 1971 1485 2041 sempiternae
1507 1973 1632 2028 vitae
1668 1970 1989 2028 felicitatem
2015 1973 2326 2043 pollicetur.

1139 2235 1371 2291 CAPUT
1421 2234 1518 2289 XI.

543 2351 1001 2419 Quemadmodum
1037 2368 1217 2406 eorum
1268 2361 1509 2415 mortem,
1553 2350 1854 2421 quintam
1898 2349 2128 2421 gloriose

669 2423 1026 2493 profuderint,
1050 2422 1304 2477 celebrari
1337 2419 1596 2492 oporteat.
1623 2420 1707 2474 Ea:
1740 2419 1988 2477 Platone.

610 2534 774 2607 663
803 2533 922 2589 Jam
951 2551 1079 2590 vero
1105 2576 1119 2598 ,
1171 2535 1349 2606 inquit
1396 2533 1583 2599 Plato,
1615 2533 1710 2603 qui
1753 2543 1879 2606 post
1911 2533 2127 2606 egregia

543 2630 759 2684 virtutis
785 2630 1034 2700 exempla
1055 2671 1069 2694 ,
1105 2629 1394 2684 honestam
1423 2629 1475 2683 in
1516 2627 1657 2682 bello
1684 2637 1914 2682 mortem
1965 2643 2130 2682 occu-

546 2719 797 2784 buerint,
842 2719 1088 2788 nunquid
1127 2733 1223 2774 eos
1254 2718 1308 2772 in
1354 2718 1546 2788 primis
1585 2733 1651 2772 ex
1702 2732 1872 2772 aureo
1898 2717 1992 2770 illo
2034 2732 2128 2788 ge-

544 2824 675 2865 nere
704 2811 875 2866 l'uisse
908 2811 1191 2866 dicemus?
1246 2840 1317 2852 —
1377 2809 1608 2865 Maxime
1663 2825 1815 2866 vero.
1871 2841 1919 2850 -
1987 2802 2128 2864 Num

543 2905 707 2958 etiam
737 2902 1033 2958 Hesiodum
1068 2903 1387 2967 audiemus,
1427 2903 1557 2958 dum
1597 2919 1662 2959 ex
1692 2918 1759 2958 eo
1793 2918 1990 2974 genere
2033 2903 2129 2973 qui

543 2996 761 3053 vivendi
790 2997 950 3052 tinem
979 2996 1240 3063 fecerint,
1271 2997 1337 3052 de
1365 2996 1471 3052 illis
1498 2997 1571 3051 ita
1597 2997 1950 3066 pronuntiat,

546 3109 682 3164 Sunt
705 3109 803 3162 alii
832 3111 1010 3162 heroes
1048 3109 1185 3162 casti
1207 3148 1219 3169 .
1275 3119 1544 3177 terrasque
1580 3108 1952 3178 frequentant,

545 3185 717 3250 Atque
743 3179 883 3233 ultro
909 3179 1052 3232 mula
1079 3178 1348 3249 depellunt
1379 3219 1393 3244 ,
1425 3177 1763 3249 hominesque
1788 3177 2044 3232 tuentur?

545 3313 786 3369 —Saue
814 3313 1128 3368 audiemus.
1185 3342 1258 3355 —-
1296 3311 1561 3366 Consulto
1616 3311 1804 3381 itaque
1857 3310 2126 3379 Numine,

547 3419 787 3473 quonam
816 3402 1012 3457 heroes
1035 3402 1158 3457 illos
1183 3416 1249 3456 ac
1277 3401 1548 3458 semideos
1570 3402 1702 3468 ritu,
1724 3418 1902 3473 quove
1930 3404 2128 3458 discri-

548 3495 696 3550 mine
725 3494 1040 3550 consecrari
1072 3502 1358 3563 oporteat,
1403 3493 1661 3563 religiose
1709 3495 1938 3549 omnino
1970 3495 2130 3565 quid-

2161 2242 2208 2302 Β
2753 2243 3149 2298 ΚΕΦΑΛΔΙΟΝ
3203 2245 3276 2297 IA
3294 2283 3310 2297 .

2234 2355 2425 2420 Ὅπως
2457 2355 2580 2409 δέοι
2617 2355 2794 2426 τιμᾷν
2833 2357 2940 2411 τὸν
2981 2357 3244 2413 θάνατον
3278 2358 3394 2412 τῶν
3417 2355 3632 2423 εὐκλεῶς
3651 2371 3720 2426 με-

2335 2426 2768 2492 ταλλαξάντων
2798 2429 2908 2483 τὸν
2937 2430 3101 2494 βίον.
3145 2431 3251 2485 Ἐκ
3283 2430 3386 2484 τοῦ
3407 2432 3680 2493 Πλάτωνος.

2307 2557 2326 2590 ι
2363 2539 2484 2599 Τῶν
2502 2539 2559 2592 δὲ
2576 2538 2640 2608 δὴ
2672 2538 2746 2611 (8)
2783 2540 3165 2595 ἀποθανόντων
3193 2542 3290 2595 ἐπὶ
3321 2538 3658 2614 στρατείας,ὃς
3679 2536 3721 2592 ἂν

2199 2616 2206 2622 ’
2231 2628 2596 2700 εὐδοκιμήσας
2620 2629 2939 2704 τελευτήσῃ,
2971 2627 3058 2703 ἆρ’
3086 2633 3146 2684 οὐ
3183 2631 3401 2704 πρῶτον
3428 2633 3514 2703 μὲν
3549 2631 3723 2700 φήσομεν

2230 2717 2326 2772 τοῦ
2354 2719 2557 2792 χρυσοῦ
2603 2721 2793 2784 γένους
2821 2718 2990 2786 εἷναι;
3020 2723 3134 2776 Πᾶν
3168 2740 3236 2791 γε
3277 2725 3515 2794 μάλιστα.
3549 2721 3654 2775 Ἀλλ’
3684 2721 3722 2772 οὗ

2234 2813 2535 2884 πεισόμεθα
2571 2814 2819 2878 Ἡσιόδῳ,
2865 2815 3083 2868 ἐπειδάν
3127 2833 3278 2880 τινες
3319 2817 3412 2872 τοῦ
3445 2815 3641 2871 τοιούτου
3664 2813 3724 2881 τέ-

2234 2921 2358 2969 νους
2383 2905 2805 2977 τελευτήσωσιν,
2835 2908 2911 2972 ὡς
2937 2908 3071 2979 ἄρα,

2238 3107 2302 3179 φλ
2319 3103 2768 3179 μὲν,μδαίμονες
2794 3108 2963 3177 ἁγνοὶ
2988 3109 3318 3179 ἐπιχθόνιοι
3342 3111 3662 3171 τελέθουσιν.

2246 3174 2500 3242 Ἐσθλοὶ,
2519 3174 2890 3243 ἀλεξίκακοι,
2907 3174 3173 3249 φύλακες
3183 3185 3460 3251 μερόπων
3469 3180 3733 3248 ἀνθίὼπωνὶ

2235 3311 2544 3382 Πεισόμεθα
2572 3312 2669 3383 μὲν
2698 3309 2810 3368 οὖν.
2837 3315 3236 3386 Διαπυθόμενοι
3265 3320 3372 3390 ἄρα
3397 3317 3485 3372 τοῦ
3507 3316 3634 3378 Θεοῦ,

2234 3403 2338 3475 χρὴ
2366 3405 2492 3467 τοὺς
2531 3404 2838 3474 δαιμονίους
2874 3424 2933 3459 τε
2967 3409 3062 3460 καὶ
3104 3409 3286 3474 Θείους
3323 3410 3532 3473 τιθέναι,
3573 3407 3732 3462 ulti»:

2235 3495 2498 3567 διαφόρῳ,
2531 3497 2674 3551 οὕτω
2723 3499 2816 3551 καὶ
2861 3499 3035 3574 ταύτῃ
3069 3501 3331 3574 θήσομεν,
3441 3504 3501 3557 ἂν
3527 3501 3735 3572 ἐξηγῆται.

547 3589 679 3659 quid
712 3587 1092 3658 responderit,
1119 3586 1558 3643 observabimus.
1603 3615 1672 3630 -ο
1713 3587 2006 3644 Enimvero
2047 3589 2126 3644 fa-

2234 3587 2298 3640 Τί
2330 3588 2374 3641 δ’
2419 3590 2478 3641 οὐ
2529 3590 2828 3662 μέλλομενς
2860 3593 2971 3647 Καὶ
3019 3595 3111 3647 τὸν
3155 3595 3347 3650 λοιπὸν
3382 3596 3443 3664 δὴ
3487 3593 3659 3666 χρόνον,
3687 3590 3736 3650 ὡς

548 3681 805 3737 ciendum
839 3681 894 3736 id
928 3681 1054 3735 erit.
1097 3709 1171 3721 —
1223 3679 1362 3734 Tum
1394 3680 1518 3734 illos
1567 3680 1824 3751 deinceps
1868 3692 2129 3752 tanquam

551 3773 748 3828 heroas
780 3772 1194 3840 venerabimur,
1229 3787 1532 3843 eorumque
1565 3774 1818 3844 sepulcra
1855 3775 2131 3832 sanctiore

551 3865 700 3920 cultu
736 3880 1156 3936 prosequemur.
1209 3864 1410 3921 Eadem
1445 3882 1609 3936 porro
1658 3866 1988 3932 statuimus,
2037 3867 2130 3922 ubi

549 3959 676 4027 quis
703 3967 830 4028 post
851 3959 1018 4013 vitam
1044 3974 1170 4014 eum
1201 3959 1517 4014 excellentis
1545 3960 1834 4029 probitatis
1871 3960 2132 4030 opinione

550 4051 888 4116 traductam,
924 4066 1241 4120 supremum
1303 4061 1397 4106 aut
1434 4052 1621 4117 senio,
1656 4062 1750 4123 aut
1799 4053 1904 4107 alio
1935 4054 2132 4123 quovis

551 4145 716 4199 modo
765 4145 908 4199 diem
945 4145 1159 4200 obierit.
1201 4165 1220 4198 ι
1271 4143 1397 4200 Haec
1431 4143 1600 4200 Plato.
1637 4143 1769 4212 Qua:
1821 4147 2040 4217 quidem
2073 4149 2130 4204 in

555 4238 838 4293 horuiuum
875 4241 983 4293 Deo
1018 4239 1471 4294 charissimorum
1512 4237 1696 4294 obitus
1729 4240 1945 4311 egregie
1997 4257 2131 4296 con-

551 4330 810 4395 veniunt,
842 4346 984 4400 quos
1014 4344 1156 4385 verae
1177 4329 1396 4398 pietatis
1425 4330 1626 4386 milites
1661 4330 1787 4398 jure
1815 4331 2127 4400 appellaris.

550 4416 688 4470 Nam
711 4427 764 4472 et
789 4432 979 4471 eorum
1011 4417 1263 4486 sepulcra
1291 4416 1569 4472 celebrare
1591 4458 1605 4483 ,
1634 4427 1689 4472 et
1718 4433 1907 4487 preces
1933 4418 2007 4472 ibi
2033 4434 2128 4472 vo-

553 4519 715 4578 taque
740 4522 1081 4577 nuncupare,
1122 4517 1175 4562 et
1215 4508 1405 4563 beatas
1445 4509 1662 4565 illorum
1707 4510 1920 4566 animas
1968 4526 2132 4566 vene-

553 4599 662 4653 rari
693 4590 1110 4664 consuevimus,
1145 4598 1310 4668 idque
1357 4615 1389 4653 a
1431 4601 1590 4656 nobis
1635 4604 1832 4657 merito
1857 4603 1974 4658 fieri
2018 4613 2131 4660 sta-

553 4690 781 4746 tuimus.
813 4690 992 4761 Atque
1020 4707 1087 4746 ex
1139 4691 1385 4747 Platonis
1441 4695 1701 4762 operibus
1751 4697 1865 4750 lucc
1907 4713 1936 4751 a
1976 4697 2130 4753 nobis

551 4783 752 4838 se'lecta
779 4792 908 4838 sunt
942 4802 957 4838 :
989 4784 1144 4853 plura
1183 4785 1464 4841 studiosus
1519 4787 1786 4857 quilibet,
1842 4805 1943 4844 nec
1986 4790 2128 4860 apud

550 4874 728 4944 ipsum
767 4874 964 4938 modo,
1000 4874 1096 4929 sed
1125 4873 1290 4928 etiam
1328 4876 1585 4932 fortassis
1617 4879 1762 4948 apud
1801 4880 1938 4936 alios
1959 4921 1973 4946 ,
2003 4897 2128 4936 cum

2235 3681 2494 3753 δαξμονας
2557 3685 2869 3752 γεγονότας,
2921 3686 3063 3740 οὓτω
3121 3687 3524 3759 θεραπεύσομέν
3569 3702 3634 3748 τε,
3674 3683 3738 3735 καὶ

2237 3775 2689 3846 προσκυνήσομεν
2725 3777 2902 3832 αὐτῶν
2927 3778 3022 3841 τὰς
3056 3777 3256 3850 θήκας.
3288 3780 3370 3834 Τὰ
3407 3779 3533 3832 αὐτὰ
3553 3777 3598 3830 δὲ
3620 3773 3736 3827 ταῦτα

2238 3863 2554 3936 νομιοῦμεν,
2587 3868 2715 3921 ὅταν
2758 3868 2842 3930 τὶς
2882 3869 3029 3940 γήρᾳ
3059 3869 3092 3939 ἥ
3119 3887 3228 3924 τινι
3258 3869 3404 3942 ἄλλῳ
3426 3870 3592 3942 τρόπῳ
3613 3863 3737 3920 releu-

2237 3958 2378 4029 τήσῃ
2406 3957 2513 4011 τῶν
2539 3959 2652 4012 ὅσοι
2677 3958 2742 4012 ἂν
2773 3959 3137 4032 διαφερόντως
3161 3963 3221 4015 ὲν
3246 3962 3328 4033 τῷ
3363 3963 3460 4034 βίῳ
3479 3960 3639 4030 ἀγαθοὶ
3661 3973 3739 4024 κρι-

2239 4049 2391 4102 Θῶσι.
2427 4068 2447 4102 ι
2477 4051 2586 4104 Καὶ
2612 4051 2787 4107 ταῦτα
2813 4052 2868 4105 δὲ
2911 4054 3138 4124 ἁρμόζει
3169 4055 3266 4108 ἐπὶ
3311 4059 3379 4127 τῇ
3415 4054 3515 4108 τῶν
3547 4045 3738 4118 Osos-dira

2237 4142 2482 4215 τελευτῇ,
2517 4144 2610 4208 οὓς
2643 4146 2981 4217 στρατιώτας
3006 4148 3105 4218 τῆς
3140 4148 3382 4220 ἀληθοῦς
3416 4146 3656 4206 εὐσεϐείας
3674 4142 3739 4194 οὐκ

2239 4235 2305 4289 ἂν
2345 4237 2610 4309 ἁμάρτοις
2663 4237 2852 4305 εἰπὼν,
2887 4241 3454 4312 ἐπαραλαμϐἁνεσθαι.
3508 4238 3640 4293 Ὅθεν
3677 4231 3740 4286 καὶ

2238 4328 2331 4380 ἐπὶ
2359 4328 2457 4392 τὰς
2505 4329 2678 4400 θήκας
2709 4333 2890 4385 αὐτῶν
2932 4333 3054 4397 ἔθος
3088 4335 3223 4404 ἡμῖν
3266 4336 3535 4408 παριέναι,
3572 4331 3646 4386 καὶ
3673 4328 3740 4385 τὰς

2236 4422 2402 4490 εὐχὰς
2439 4423 2592 4495 παρὰ
2622 4423 2845 4488 ταύταις
2889 4425 3180 4491 ποιεῖσθαι,
3225 4430 3397 4499 τιμᾷν
3421 4444 3479 4480 τε
3506 4424 3590 4488 τὰς
3617 4434 3740 4493 μακι-

2239 4515 2359 4586 ρίας
2382 4517 2558 4570 αὐτῶν
2586 4518 2782 4589 ψυχὰς,
2809 4519 2884 4584 ὡς
2908 4519 3145 4589 εὐλόγως
3176 4524 3272 4575 καὶ
3307 4521 3502 4576 τούτων
3529 4520 3606 4587 ὑφ’
3633 4511 3740 4583 ἡμῶν

2235 4611 2588 4682 γιγνομὲνων.
2630 4613 2788 4667 Ἀλλὰ
2835 4613 2943 4688 γὰρ
2990 4617 3154 4685 ἡμεῖς
3216 4617 3320 4686 μὲν
3367 4611 3535 4668 ταῐτςι
3577 4613 3628 4664 ἐκ
3668 4604 3740 4657 :tZ-v

2239 4699 2522 4763 Πλάτωνος
2563 4698 2930 4772 ἀνελεξάμεθα
2952 4720 2964 4733 ’
2996 4705 3289 4772 φιλόκαλος
3324 4706 3381 4759 δέ
3423 4722 3504 4767 τις
3536 4701 3662 4761 ἄλλω
3682 4695 3741 4746 καὶ

2236 4793 2441 4846 τούτων
2468 4794 2549 4847 ἔτι
2583 4794 2752 4849 πλείω
2784 4797 2850 4850 ἂν
2879 4797 3029 4870 εὖροι
3060 4802 3212 4870 παρὰ
3239 4800 3323 4870 τῷ
3349 4799 3512 4871 αὐτῷ,
3542 4794 3740 4865 Titi-3701‘"

2235 4885 2348 4946 τοῖς
2387 4885 2673 4957 ἡμετέροις
2709 4887 2959 4957 δόγμασι,
3001 4888 3141 4959 τάχα
3182 4889 3236 4942 δὲ
3281 4892 3377 4943 καὶ
3413 4890 3533 4960 παρ’
3574 4885 3741 4953 ἑτέροις.

549 4976 754 5019 nostrae
777 4965 1040 5019 doctrinae
1083 4968 1388 5025 rationibus
1429 4970 1813 5024 convenientia
1871 4973 2124 5042 reperiat.

2245 4975 2396 5029 Ἐπεὶ
2437 4977 2494 5030 δὲ
2542 4979 2640 5049 τῆς
2689 4980 2858 5050 αὐτῆς
2902 4982 3032 5052 ἡμῖν
3090 4981 3406 5046 ὑποθέσεως
3457 4976 3741 5053 προλαϐόντες

549 5054 615 5110 Ει
642 5057 904 5125 quoniam
929 5057 1034 5112 hoc
1063 5057 1241 5128 ipsum
1270 5069 1651 5131 argumentum
1705 5073 1831 5120 ante
1879 5080 1982 5121 nos
2033 5066 2128 5119 alii

547 5160 768 5217 quoque
798 5149 1048 5203 nonnulli
1088 5161 1464 5222 occuparunt,
1502 5169 1679 5224 opera:
1711 5155 1949 5225 pretium
1977 5157 2128 5212 vide-

625 5361 667 5392 ¹⁰
702 5361 824 5416 Act.
855 5377 915 5430 ν,
944 5362 1035 5417 29.
1116 5365 1158 5395 ¹¹
1195 5364 1379 5419 Matth.
1409 5380 1473 5432 x,
1524 5364 1614 5420 28.

1699 5367 1741 5398 ιι
1779 5365 1845 5420 lll
1889 5368 2016 5424 Cor.
2049 5385 2102 5436 v,
2142 5371 2178 5426 ι.

2234 5067 2512 5137 ἐφήψαντο
2550 5071 2644 5124 καὶ
2672 5071 2841 5136 ἄλλοι,
2871 5069 2928 5126 εὖ
2961 5091 3049 5144 μοι
3084 5075 3232 5128 δοκεῖ
3267 5073 3638 5144 ἐπισκέψασθαι
3671 5067 3742 5118 δεῖν

2237 5160 2331 5212 καὶ
2371 5160 2438 5213 τὰ
2483 5161 2694 5228 τούτοις
2729 5166 3104 5238 πεπονημένα.
3150 5168 3468 5240 Παραθήσω
3503 5166 3553 5219 δὲ
3584 5159 3741 5234 πρώτω

625 5561 700 5641 (8)
731 5560 852 5616 Τῶν
875 5561 943 5616 δὲ
964 5562 1058 5641 δή..
1094 5561 1248 5618 Plato
1289 5562 1383 5641 lib.
1415 5580 1448 5641 Υ
1483 5565 1558 5618 De
1583 5562 1808 5633 νεριιὺι..
1838 5580 1961 5637 uag.
2001 5565 2121 5633 404,

2265 5565 2324 5622 C.
2366 5566 2575 5634 Quibus
2621 5565 2818 5623 similia
2861 5563 3147 5624 Henezeno
3192 5576 3332 5636 toto,
3379 5565 3632 5638 sapienter
3658 5564 3702 5614 ei

552 5633 770 5693 copiose
802 5635 1166 5700 θοι-δεραίων,
1195 5650 1315 5701 pag.
1343 5633 1448 5690 402
1480 5647 1529 5692 et
1561 5652 1676 5702 seq.
