3994 6384
540 343 677 397 11οτ

1203 330 1475 387 ΕΕΞΕΒΠ
1515 327 1993 385 CASSARIENSIS
2029 325 2177 383 OPP.
2221 324 2399 379 PARS
2435 321 2493 379 ll.
2528 351 2596 363 --
2618 318 3113 375 APOLOGETICA.

3665 315 3790 371 “08

538 465 802 535 Cocytum
854 468 1135 531 prmerea,
1185 450 2101 523 Acherontem,‘Pyriphlegethon-

2228 449 2338 511 τοὺς
2397 444 2681 514 ἀγγέλους,
2713 441 2841 504 τοὺς
2860 440 3101 512 ὁρῶντας
3128 438 3216 492 τὸν
3250 435 3419 499 Θεὸν,
3447 433 3590 504 πρὸς
3626 433 3679 485 δὲ
3709 435 3793 486 καὶ

534 568 667 618 tem,
696 566 750 609 et
793 552 990 607 similia
1039 564 1324 620 poenarum
1377 547 1495 601 loca
1542 559 1867 616 generaque,
1912 541 2111 612 quibus

539 650 822 705 hominum
859 661 1039 701 mores
1089 644 1449 714 castigentur,
1501 639 1723 693 invexit.
1764 637 1935 700 Idem,
1974 651 2112 705 quos

538 760 599 796 ex
639 743 915 811 Scriptura
950 739 1215 792 habemus
1254 734 1605 805 parvulorum
1655 748 1719 786 ac
1760 731 2110 785 minimorum

537 836 781 905 angelos,
830 832 923 902 qui
976 831 1144 884 Deum
1191 831 1367 899 ipsum
1412 827 1651 889 videant,
1696 832 1749 879 et
1800 823 2111 892 diligentem

536 927 683 981 illam
720 924 1047 996 vigilemque
1099 936 1310 985 curam,
1355 934 1476 988 qua:
1515 932 1544 971 a
1576 914 1903 986 prwsidibus
1932 927 1995 966 ac
2030 920 2114 965 tu-

536 1015 799 1071 telaribus
855 1012 1061 1081 angelis
1112 1012 1164 1064 in
1224 1026 1325 1064 nos
1371 1008 1686 1070 derivatur,
1734 1005 2004 1074 aperiens,
2039 1003 2112 1057 ita

538 1107 777 1163 scribere
812 1121 919 1159 non
966 1103 1178 1158 dubitat
1210 1119 1222 1155 :
1264 1121 1281 1153 ι
1326 1100 1427 1155 Ubi
1480 1110 1683 1161 autem,
1720 1098 1917 1168 inquit,
1951 1110 2113 1151 suum

536 1214 768 1270 qnazque
798 1198 921 1251 vita:
960 1212 1154 1266 genus,
1209 1204 1373 1264 prout
1404 1192 1603 1262 cuique
1657 1205 1777 1245 sors
1825 1188 2112 1258 obtigerat,

540 1292 736 1347 animae
767 1303 961 1344 omnes
1013 1286 1332 1355 delegerint,
1385 1293 1500 1338 tum
1554 1282 1773 1337 easdem
1826 1280 2113 1335 Lachesim

539 1378 870 1445 convenire;
905 1379 1048 1431 hanc
1100 1390 1207 1428 una
1238 1388 1360 1428 eum
1410 1371 1660 1441 singulis,
1689 1383 1850 1439 quem
1898 1367 2117 1436 ipsimet

541 1475 840 1528 daemonem
871 1469 1199 1540 Optaverint,
1232 1481 1355 1521 eum
1407 1465 1530 1517 vitae
1560 1463 1841 1517 custodem
1872 1459 2115 1514 futurum

543 1567 810 1627 emittere,
846 1562 1005 1632 cujus
1027 1560 1188 1615 etiam
1219 1573 1405 1626 opera,
1440 1572 1561 1626 quae
1591 1553 1882 1611 statuerint
1910 1553 2115 1615 omnia,

2213 541 2312 613 τὴν
2350 540 2429 604 εἰς
2477 540 2625 609 ἡμᾶς
2669 537 2733 591 δι’
2781 536 3029 604 ἀγγέλων
3056 534 3163 587 τῶν
3192 528 3536 602 ἐφεστώτων
3567 523 3795 595 ἥκουσαν

2215 631 2521 703 ἐπισκοπὴν
2552 631 2851 702 ἐμφαίνων,
2881 628 2979 681 οὐκ
3017 626 3165 679 ὀκνεῖ
3194 626 3441 696 γράφειν
3469 638 3481 652 ο
3515 640 3533 670 ι
3589 622 3793 691 Ἐπειδὴ

2213 724 2258 777 δ’
2292 719 2384 776 οὖν
2420 721 2529 792 (40)
2576 722 2754 783 πάσας
2806 720 2905 784 τάς
2950 717 3128 789 ψυχὰς
3177 719 3307 780 τοὺς
3346 714 3502 786 βίους
3550 711 3795 785 ᾑρῆσθαι,

2214 818 2401 888 ὥσπερ
2424 816 2629 887 ἔλαχον,
2656 818 2711 867 ὲν
2749 814 2898 880 τάξει
2929 812 3208 884 προσιέναι
3243 811 3367 879 (41)
3396 811 3482 872 είς
3508 808 3610 878 τὴν
3643 809 3799 876 Λάχε-

2217 930 2334 966 σιν’
2361 912 2573 982 ἐκείνην
2615 911 2671 964 δὲ
2719 911 2952 976 ἑκάστῳ,
2996 908 3054 962 ὃν
3097 907 3266 960 εἵλετο
3321 904 3592 973 δαίμονα,
3627 900 3799 956 τοῦτον

2217 1004 2432 1072 φύλακα
2455 1001 2546 1055 τοῦ
2588 1002 2700 1073 βίου
2727 1001 3097 1070 συμπέμπειν,
3126 1000 3217 1053 καὶ
3248 994 3675 1066 ἀποπληρωτὴν
3704 996 3801 1048 τῶν

2218 1095 2565 1167 αἱρεθέντων.
2609 1112 2626 1143 ι
2666 1093 2815 1163 Τάχα
2848 1091 2903 1144 δὲ
2950 1092 3044 1145 καὶ
3090 1090 3165 1161 τῷ
3204 1088 3506 1160 Σωκράτει
3538 1086 3601 1138 τὸ
3630 1087 3802 1157 δαιμό-

2218 1205 2326 1242 νιον
2354 1185 2592 1239 τοιοῦτόν
2635 1203 2687 1237 τι
2738 1185 3004 1255 ᾐνίσσετο.
3050 1184 3155 1235 Ναὶ
3191 1183 3318 1253 μὴν,
3354 1179 3628 1250 γεννητὸν
3675 1175 3798 1233 εἶναι

2219 1281 2312 1335 τὸν
2342 1280 2545 1349 κόσμον
2574 1280 2635 1331 ἐκ
2667 1276 2946 1339 Μωῦσέως
2976 1274 3418 1346 παραλαϐόντες,
3446 1271 3801 1340 ὲδογμάτισαν

2217 1375 2266 1426 οί
2284 1372 2579 1441 φιλόσοφοι.
2606 1371 2714 1424 Καὶ
2740 1370 2768 1422 ὃ
2785 1386 2845 1437 γε
2869 1368 3092 1421 Πλάτων
3114 1368 3383 1437 ἄντικρυς
3414 1363 3638 1435 εἴρηκε·
3664 1381 3682 1413 ι
3711 1365 3801 1416 Πόι

2217 1482 2376 1537 τερον
2404 1461 2470 1536 ἦν
2503 1462 2674 1535 ἀρχὴν
2723 1461 2859 1533 ἔχων
2887 1460 3152 1529 γενέσεως
3192 1458 3487 1528 οὐδεμίαν,
3521 1456 3555 1525 ἦ
3594 1454 3802 1522 γέγονεν

2219 1559 2312 1612 ἀπ’
2372 1556 2545 1629 ἀρχῆς
2600 1571 2744 1617 τινος
2798 1552 3136 1624 ἀρξάμενος;
3188 1550 3391 1623 ὁρατός
3437 1565 3501 1602 τε
3544 1548 3798 1619 γάρμῖ),

544 1658 913 1727 perﬁciantur.
966 1672 985 1705 ι
1044 1650 1199 1717 Quod
1253 1650 1428 1719 ipsum
1488 1647 1754 1708 fortasse,
1794 1644 2115 1698 attributum

2228 1652 2389 1713 ἁπτός
2421 1667 2499 1714 τε,
2535 1648 2629 1702 καὶ
2664 1645 2823 1717 σῶμα
2870 1646 3001 1716 ἔχει.
3040 1666 3056 1697 ι
3090 1640 3255 1708 Αὖθίς
3302 1661 3369 1696 τε
3424 1641 3636 1694 ὁπόταν
3664 1640 3798 1711 εἴπῃ·

542 1751 674 1805 illud
713 1748 925 1804 Socrati
952 1745 1280 1801 daemonium
1311 1742 1591 1796 innuebat.
1639 1738 1926 1802 Praeterea,
1954 1752 2114 1806 quem

2226 1762 2244 1794 ι
2284 1743 2387 1795 Τὸν
2424 1742 2521 1812 μὲν
2554 1736 2644 1794 οὖν
2681 1740 2906 1811 ποιητὴν
2936 1741 3029 1793 καὶ
3059 1738 3267 1809 πατέρα
3318 1734 3490 1789 τοῦδε
3542 1732 3636 1787 τοῦ
3682 1753 3800 1787 παν-

543 1860 571 1900 a
608 1842 792 1913 Moyse
827 1847 1169 1909 acceperant,
1199 1836 1387 1889 mundi
1437 1846 1618 1887 ortum
1654 1829 1966 1901 philosophi
2000 1837 2117 1881 tra—

2228 1836 2310 1898 τὸς
2337 1809 2513 1905 εὑρεῖν
2548 1850 2607 1886 τε
2641 1809 2817 1904 ἔργον,
2907 1832 2967 1884 οὐ
3003 1829 3159 1901 μόνον
3210 1827 3480 1898 γεννητὸν
3529 1826 3697 1891 ἔδειξε
3722 1825 3801 1879 τὸν

542 1937 746 1991 didere.
773 1934 923 2000 Quos
943 1933 1083 1986 inter
1106 1928 1262 1984 Plato
1282 1929 1482 1983 diserte
1511 1944 1523 1980 :
1554 1945 1569 1976 ι
1603 1924 1901 1992 Semperne
1932 1921 2115 1985 fuerit,

545 2028 741 2099 inquit,
775 2024 925 2079 nullo
954 2029 1244 2091 generatus
1270 2026 1415 2074 ortu.
1463 2032 1529 2069 an
1579 2023 1732 2070 ortus
1762 2014 1832 2067 sit
1878 2011 1978 2066 sub
2016 2010 2118 2063 ali—

544 2134 654 2188 quo
708 2115 967 2184 temporis
996 2110 1328 2180 principatu,
1381 2103 1821 2177 quandoquidem
1854 2101 2117 2164 cernitur,

544 2222 598 2266 et
632 2210 893 2278 tangitur,
927 2214 981 2259 et
1009 2213 1092 2258 est
1139 2201 1380 2269 undique
1433 2207 1779 2266 corporatus.
1813 2214 1831 2245 ι
1879 2192 2121 2262 Itemque

544 2318 669 2358 cum
693 2302 799 2354 ait:
828 2318 845 2350 ‹
880 2298 1056 2366 Atque
1080 2295 1229 2349 illum
1259 2292 1474 2363 quidem
1499 2290 1811 2344 ell'ectorem
1838 2301 1900 2341 ac
1926 2300 2122 2355 paren—

542 2404 651 2448 tem
686 2392 850 2461 hujus
865 2387 1256 2447 universitatis,
1290 2384 1533 2438 invenire
1555 2379 1801 2444 ditlicile;
1830 2394 1938 2433 nou
1960 2378 2121 2431 modo

544 2494 860 2559 generatum
892 2497 1015 2537 esse
1071 2478 1337 2534 mundum
1400 2473 1657 2530 ostendit.
1708 2472 1802 2527 sed
1852 2471 2015 2525 etiam
2053 2470 2123 2524 ab

545 2583 664 2651 ipso
688 2578 800 2633 Deo
828 2583 1142 2643 generatum
1185 2584 1307 2625 esse
1351 2566 1611 2628 declarat,
1637 2564 1835 2633 quippe
1869 2577 2027 2631 quem
2054 2561 2123 2615 ab

547 2675 639 2728 illo
663 2688 772 2727 uno
803 2680 1009 2731 satum,
1044 2675 1205 2736 atque
1238 2678 1302 2718 ex
1334 2658 1501 2714 nihilo
1519 2665 1761 2711 creatum
1792 2670 1912 2708 esse
1939 2654 2117 2707 velit.»

551 2767 607 2821 ln
642 2759 748 2835 qua
781 2765 847 2818 de
871 2760 1060 2816 mundi
1107 2767 1228 2813 ortu
1269 2752 1527 2823 opinione
1556 2747 1726 2803 Stoici
1757 2761 1975 2817 quoque
2004 2761 2127 2798 ver-

548 2868 761 2919 santur.
795 2854 1079 2909 Diabolum
1128 2857 1411 2919 praeterea,
1448 2857 1610 2913 quem
1652 2840 1706 2893 in
1746 2839 1976 2893 barbara
2004 2838 2126 2907 phi-

548 2952 796 3022 losophia
829 2948 989 3005 toties
1023 2941 1284 3014 appellari
1342 2937 1522 3001 audis,
1575 2935 1883 2989 daemonum
1924 2930 2128 3001 princi-

549 3021 698 3114 pem,
734 3038 1039 3093 maleficum
1069 3032 1311 3087 animum
1353 3028 1511 3081 Plato
1540 3035 1699 3080 vocat
1727 3022 1925 3094 Legum
1979 3021 2127 3076 deci-

547 3153 639 3193 mo
686 3134 773 3188 his
816 3129 1032 3185 verbis:
1068 3145 1085 3177 ‹
1119 3121 1391 3192 Numquid
1437 3134 1657 3173 necesse
1703 3126 1805 3179 est,
1860 3115 2124 3177 animum,

550 3231 644 3301 qui
676 3229 840 3283 rebus
878 3222 1135 3277 onmibus
1186 3233 1308 3287 quae
1341 3227 1782 3284 quoquoversum
1814 3220 2123 3270 moventur,

509 3360 515 3364 ν
551 3300 606 3377 et
642 3319 974 3380 moderetur,
1018 3324 1070 3366 et
1105 3310 1273 3374 insit,
1319 3308 1495 3375 ipsum
1527 3316 1743 3372 quoque
1790 3300 1989 3354 malum
2033 3314 2127 3367 per

552 3428 673 3468 sese
702 3404 1012 3463 moderari?
1042 3430 1108 3440 ——
1142 3399 1400 3453 Omnino.
1438 3425 1509 3435 —
1536 3391 1791 3448 Unumne
1826 3402 2029 3452 autem,
2058 3404 2125 3441 an

553 3500 770 3575 plures?
791 3527 861 3538 -
890 3495 1080 3549 Plures
1127 3498 1295 3552 certe,
1329 3500 1452 3539 nam
1488 3499 1588 3553 pro
1616 3481 1773 3536 vobis
1802 3476 2129 3547 respondere

550 3569 725 3666 juvat.
757 3589 868 3645 Nec
896 3584 1183 3655 pauciores
1214 3581 1429 3635 duobus
1463 3586 1608 3631 recte
1635 3573 2000 3644 posuerimus,
2038 3569 2130 3621 he-

555 3691 789 3745 nclicum
843 3683 1098 3740 alterum,
1156 3674 1388 3730 alterum
1446 3667 1773 3725 maleﬁcum.
1818 3684 1836 3715 ι
1897 3663 2040 3716 Idem
2074 3661 2127 3713 in

558 3777 786 3841 Phredro
816 3774 931 3827 bare
975 3769 1140 3823 habet
1176 3785 1188 3819 :
1244 3785 1262 3816 ‹
1298 3763 1417 3817 Alia
1472 3774 1690 3831 quoque
1718 3756 1857 3811 mala
1894 3762 2041 3815 sunt,
2076 3758 2130 3805 at

554 3870 831 3943 plerisque
892 3864 1104 3917 daemon
1167 3857 1367 3927 aliquis
1421 3861 1744 3925 praesentem
1796 3848 2127 3915 voluptatem

557 3935 870 4019 admiscuit.
914 3971 932 4003 ι
972 3950 1113 4016 Quin
1144 3957 1197 4001 et
1249 3945 1444 4015 Legum
1493 3942 1739 4003 decimo,
1772 3935 2128 4006 apostolicum

558 4051 686 4107 illud
727 4048 883 4118 plane
914 4048 1266 4114 repraesentat
1300 4058 1312 4091 :
1338 4036 1486 4090 «Non
1515 4042 1598 4088 est
1629 4031 1788 4086 nobis
1819 4025 2130 4084 colluctatio

560 4148 821 4207 adversus
854 4153 1071 4195 carnem
1096 4143 1150 4190 et
1185 4132 1526 4203 sanguinem,
1564 4130 1657 4183 sed
1686 4124 1948 4180 adversus
1975 4122 2127 4191 prin-

560 4242 709 4309 cipes
761 4244 814 4289 et
854 4237 1174 4302 potestates,
1226 4234 1413 4279 contra
1467 4219 1769 4290 spiritualia
1807 4230 1997 4270 eorum
2036 4212 2128 4281 qui

2155 3176 2195 3230 C

2222 1924 2443 1995 κόσμον,
2479 1922 2615 1977 ἀλλά
2667 1925 2760 1976 καὶ¹
2805 1922 2863 1986 ἐξ
2896 1921 3057 1975 αὑτοῦ
3090 1921 3381 1988 γεγονέναι
3423 1918 3706 1988 σημαίνει,
3733 1918 3799 1981 ὡς

2221 2014 2288 2069 ἂν
2325 2016 2387 2068 ὲκ
2424 2016 2587 2085 μόνου
2618 2014 2905 2085 γενομένου
2946 2012 3078 2082 (45),
3125 2014 3217 2065 καὶ
3266 2012 3331 2064 ὲκ
3383 2012 3464 2081 μὴ
3502 2010 3659 2072 ὄντος
3691 2010 3799 2062 ὑπο-

2225 2106 2465 2169 στάντος.
2503 2104 2763 2176 Γεννητδν
2810 2104 2868 2157 δὲ
2915 2104 3010 2157 καὶ
3051 2104 3098 2155 oi
3141 2102 3371 2157 Στωϊκοὶ
3421 2101 3673 2155 τίθενται
3718 2100 3796 2152 τὸν

2223 2198 2445 2269 κόσμον.
2489 2198 2592 2249 Τόν
2620 2214 2678 2249 τε
2708 2196 2813 2249 ὑπὸ
2844 2196 2941 2265 τῆς
2975 2194 3249 2265 βαρόάρου
3288 2191 3622 2263 φιλοσοφίας
3648 2191 3794 2261 θρυλ-

2222 2292 2481 2361 λούμενον
2529 2288 2805 2351 διάϐολον,
2859 2288 2950 2340 τὸν
3008 2286 3115 2339 τῶν
3187 2286 3468 2356 δαιμόνων
3536 2285 3792 2354 ἄρχοντα,

2224 2384 2524 2455 κακοεργὸν
2577 2378 2716 2435 εἶναι
2740 2380 2917 2451 ψυχὴν
2958 2382 3016 2432 ὲν
3052 2378 3130 2450 τῷ
3168 2378 3378 2448 δεκάτῳ
3408 2376 3525 2429 τῶν
3547 2377 3796 2443 Νόμωνδ

2226 2477 2448 2529 Πλάτων
2482 2474 2630 2542 λέγει
2676 2472 2856 2525 ταῖσδε
2882 2474 3001 2534 ταῖς
3034 2470 3209 2533 λέξεσι
3231 2485 3246 2501 ο
3288 2488 3305 2519 ι
3341 2468 3550 2538 Ψυχὴν
3584 2464 3796 2519 διοικοῦ·

2228 2585 2345 2629 σαν,
2385 2568 2479 2620 καὶ
2503 2564 2815 2619 ἐνοικοῦσαν
2842 2566 2954 2623 τοῖς
2988 2562 3162 2633 πάντη
3199 2559 3570 2631 κινουμένοις,
3600 2558 3711 2628 μῶν
3738 2558 3791 2611 οὗ

2227 2661 2318 2712 καὶ
2348 2658 2437 2710 τὸν
2464 2657 2687 2728 οὐρανὸν
2711 2656 2929 2708 διοικεῖν
2944 2654 3154 2723 ἀνάγκη
3188 2654 3353 2721 φάναι
3376 2669 3390 2716 ;
3416 2681 3491 2693 --—
3514 2651 3584 2703 Τί
3600 2652 3702 2719 μήν
3717 2666 3794 2713 ;--

2227 2750 2438 2820 Μίαν,ἢ
2460 2748 2677 2811 πλείους
2702 2765 2802 2812 ;σ-
2824 2747 3064 2808 Πλείους,
3104 2744 3211 2813 ἐγὼ
3242 2744 3383 2814 ὑπὲρ
3406 2742 3563 2811 σφῶν
3580 2742 3789 2809 ἀποκρμ

2228 2844 2441 2913 νοῦμαι.
2500 2845 2653 2893 Δυοῖν
2686 2840 2782 2911 μέν
2822 2857 2924 2892 που
2964 2838 3185 2890 ἔλαττον
3214 2836 3380 2907 μηδὲν
3407 2833 3674 2903 τιθῶμεν,
3706 2832 3794 2902 τῆς

2226 2953 2283 2987 τε
2323 2935 2680 3007 εὐεργέτιδος,
2709 2935 2800 2987 καὶ
2828 2932 2926 3002 τῆς
2958 2929 3213 2984 τάναντία
3242 2928 3552 2998 δυναμένης
3578 2924 3790 2995 ἐξεργά-

2230 3028 2436 3092 ζεσθαι.
2476 3048 2494 3079 ›
2541 3028 2771 3097 Ὁμοίως
2798 3026 2853 3078 δὲ
2887 3025 2987 3077 κάν
3025 3022 3100 3093 τῷ
3123 3021 3350 3089 Φαίδρῳ
3399 3019 3531 3073 τάδε
3580 3017 3787 3087 γράφει·

2237 3140 2255 3171 ι
2290 3122 2443 3173 Ἐστι
2484 3120 2581 3190 μὲν
2608 3120 2672 3189 δὴ
2694 3120 2785 3172 καὶ
2804 3118 2936 3171 ἀλλα
2952 3115 3116 3177 κακά,
3136 3114 3270 3167 ἀλλά
3300 3131 3381 3176 τις
3410 3112 3625 3181 δαίμων
3652 3109 3784 3179 ἔμιξε

2229 3215 2339 3275 τοῖς
2359 3212 2628 3274 πλείστοις
2657 3213 2714 3263 ἐν
2742 3209 2819 3280 τῷ
2850 3209 3159 3281 παραυτίκα
3183 3207 3392 3277 ἡδονήν.
3432 3224 3451 3256 ι
3508 3201 3667 3255 Ἀλλὰ
3697 3202 3786 3252 κάν

2228 3306 2304 3376 τῷ
2350 3304 2559 3374 δεκάτῳ
2610 3303 2717 3356 τῶν
2770 3304 2979 3370 Νόμων
3030 3300 3287 3369 ἄντικρυς
3338 3297 3397 3349 τδ
3448 3292 3784 3349 ἀποστολίκδν

2229 3375 2493 3449 δείκνυσιν
2516 3398 2708 3448 ἐκεῖνο·
2736 3413 2753 3443 ι
2780 3393 2891 3445 Οὐκ
2926 3390 3070 3443 ἔστιν
3102 3391 3233 3459 ἡμῖν
3256 3390 3288 3458 ἡ
3319 3386 3465 3456 πάλη
3500 3384 3637 3454 πρὸς
3663 3375 3784 3449 αἷμα

2231 3491 2321 3543 καὶ
2360 3490 2556 3560 σάρκα,
2590 3488 2723 3541 ἀλλὰ
2768 3487 2903 3558 πρὸς
2930 3486 2996 3539 τά
3042 3481 3385 3552 πνευματικὰ
3415 3478 3525 3531 τῶν
3556 3478 3615 3529 ὲν
3638 3474 3781 3542 οὐράς

2231 3586 2338 3646 νοῖς
2374 3582 2504 3653 (44),
2556 3602 2573 3633 ι
2611 3575 2713 3634 ὧδέ
2742 3597 2856 3642 πως
2896 3580 3137 3648 γράφων⁸
3187 3595 3205 3626 ι
3245 3571 3461 3642 Ἐπειδὴ
3513 3570 3620 3639 γὰρ
3677 3564 3782 3618 σενι*

2231 3678 2585 3749 εχωρήσαμεν
2622 3676 2750 3745 ἡμῖν
2795 3673 2977 3734 αὐτοῖς
3014 3666 3148 3723 εἶναι
3177 3668 3275 3738 μὲν
3299 3667 3390 3719 τὸν
3415 3661 3642 3735 οὐρανὸν
3673 3657 3773 3710 πολ-

2231 3769 2336 3821 λῶν
2393 3767 2586 3839 μεστὸν
2648 3765 2885 3835 ἀγαθῶν,
2941 3759 3076 3816 εἶναι
3139 3760 3193 3813 δὲ
3237 3759 3329 3812 καὶ
3375 3757 3484 3809 τῶν
3521 3751 3776 3807 ἐναντίων,

2233 3859 2489 3913 πλειόνων
2503 3857 2559 3909 δὲ
2586 3855 2694 3908 τῶν
2720 3856 2821 3925 μήθ
2854 3854 2997 3924 μάχη
3031 3851 3115 3921 δὴ,
3144 3849 3342 3919 φαμὲν,
3380 3843 3646 3905 ἀθάνατός
3683 3839 3779 3892 ἐσθ’

2232 3954 2519 4027 ἡτοιαύτη,
2548 3952 2640 4005 καὶ
2662 3949 2906 4019 φυλακῆς
2923 3944 3235 4016 θαυμαστῆς
3251 3942 3499 4011 δεομένη.
3539 3960 3555 3990 ι
3584 3936 3775 4004 Κόσμον

2232 4066 2290 4100 τε
2322 4043 2474 4109 αὖθις
2509 4045 2597 4098 τὸν
2633 4044 2727 4113 μὲν
2756 4040 2943 4111 νοητὸν
2971 4035 3106 4093 οἶδεν
3132 4039 3164 4107 ἡ
3197 4035 3466 4107 βάρϐαρος
3490 4028 3773 4101 φιλοσοφία,

2232 4140 2322 4192 τὸν
2356 4140 2410 4192 δὲ
2458 4136 2712 4205 αἰσθητόν
2732 4152 2745 4164 ·
2782 4133 2874 4186 καὶ
2914 4131 3002 4184 τὸν
3040 4129 3137 4199 μὲν
3170 4127 3485 4199 ἀρχέτυπον,
3513 4124 3605 4177 τὸν
3634 4122 3684 4174 δὲ
3712 4122 3776 4172 εί-

2236 4232 2365 4284 κόνα
2396 4227 2489 4281 τοῦ
2522 4224 2687 4279 καλοῦ
2738 4222 3169 4294 παραδείγματος
3192 4234 3205 4247 σ
3238 4216 3331 4269 καὶ
3364 4215 3452 4268 τὸν
3492 4215 3590 4284 μὲν
3618 4208 3774 4264 ἀνατί-

561 4301 792 4388 medelis
820 4301 1103 4379 versantur
1130 4319 1201 4378 ¹,ι
1232 4316 1360 4370 dum
1397 4315 1469 4366 ita
1500 4311 1735 4367 scrihit-z
1764 4308 1915 4379 67]
1952 4326 1968 4357 ι
1993 4306 2124 4359 Cum

2236 4316 2361 4393 θησι
2419 4318 2625 4390 μονάδι,
2673 4317 2749 4379 ὡς
2779 4315 2844 4369 ἂν
2877 4313 3083 4382 νοητὸν,
3109 4310 3198 4362 τὸν
3238 4309 3296 4361 δὲ
3328 4307 3581 4376 αἰσθητὸν
3613 4301 3770 4369 egeat-

558 4424 703 4481 euim
741 4420 852 4489 jam
877 4416 1016 4468 inter
1048 4424 1147 4463 nos
1174 4407 1247 4460 ita
1275 4403 1607 4467 convenerit,
1637 4409 1695 4453 ut
1720 4400 1918 4453 cwlum
1946 4397 2132 4450 multis

2236 4417 2408 4485 γάμος
2439 4412 2547 4484 γὰρ
2577 4410 2725 4482 παρὰ
2753 4411 2864 4471 τοῖς
2911 4403 3312 4473 Πυθαγορείοις,
3356 4401 3430 4463 ὡς
3474 4399 3541 4453 ἂν
3578 4397 3773 4466 γόνιμος

560 4514 740 4576 bonis,
765 4518 1066 4573 eorumque
1092 4497 1405 4559 contrariis,
1439 4504 1492 4549 et
1521 4494 1607 4547 his
1636 4491 1855 4561 quidem
1882 4490 2124 4560 pluribus

2236 4504 2485 4576 ἀριθμὸς.
2519 4502 2553 4571 ἡ
2579 4499 2705 4565 ὲξάς
2726 4498 2990 4552 καλεῖται.
3018 4494 3196 4547 Καὶὲν
3235 4492 3332 4561 μὲν
3368 4493 3432 4561 τῇ
3464 4489 3645 4560 μονάδι
3668 4501 3771 4537 συν-

561 4606 820 4663 rcl‘ertum
838 4616 980 4661 esse,
1002 4596 1316 4655 fateremur,
1342 4585 1667 4641 immortalis
1686 4581 1931 4653 profecto
1956 4594 2132 4649 pugna

562 4702 677 4754 hzec
706 4697 777 4751 sit
799 4699 1030 4762 oportet,
1060 4697 1114 4741 et
1161 4679 1463 4739 incredibili
1506 4680 1739 4749 quadam
1774 4676 2025 4731 cautione
2053 4674 2137 4725 in-

562 4793 764 4860 digeat.
799 4805 816 4836 ι
851 4782 1114 4837 Similiter
1141 4777 1405 4835 mundum
1438 4770 1683 4843 agnoscit
1709 4768 1938 4830 barbara
1966 4766 2139 4835 phile-

564 4858 755 4951 sophia
816 4876 1108 4945 duplicem,
1168 4870 1400 4925 alterum
1458 4861 1849 4931 intelligentia,
1906 4858 2137 4916 alterum

565 4946 732 5034 sensu
764 4977 1077 5041 perceptum
1111 4981 1123 5017 :
1155 4978 1185 5016 e
1222 4961 1423 5026 quibus
1460 4956 1789 5025 archetypus
1817 4952 1906 5005 ille
1934 4950 2025 5011 sit,
2053 4946 2141 5001 hic

566 5079 697 5120 vero
733 5039 979 5132 praeclari
1004 5055 1333 5125 exemplaris
1369 5053 1567 5119 imago.
1614 5048 1691 5101 Ac
1729 5046 1966 5116 priorem
2019 5039 2142 5113 qui-.-

637 5199 814 5267 ‘Eph.
851 5212 924 5260 vt,
958 5192 1044 5245 ιε.

638 5333 745 5403 (40)
786 5326 1024 5403 Ἐπειδὴ
1061 5319 1274 5403 δίοῦμς.
1328 5320 1480 5373 Pluto
1515 5318 1606 5373 lib.
1655 5332 1684 5368 κ
1736 5314 1808 5367 De
1854 5313 2141 5381 republica,

567 5394 691 5476 pag.
720 5394 847 5461 521,
885 5398 945 5459 D,
972 5400 1070 5476 ista
1091 5394 1358 5476 plur-ibus.

642 5456 1127 5543 (41)Προάιέναὶ.
1176 5462 1430 5517 Mendose
1490 5456 1631 5527 apud
1689 5456 1949 5510 Clement.
2008 5470 2141 5523 προ-

569 5564 752 5681 είνῧίέ)
792 5612 1037 5679 Ὀρατίς
1082 5625 1145 5681 τε
1188 5610 1331 5681 γᾴρ,
1369 5613 1471 5681 etc.
1520 5599 1713 5681 Plath
1766 5594 1973 5677 ὁρατὸς⁹
2014 5594 2142 5681 γάρ,

568 5663 750 5748 ἁπτόξ
774 5684 828 5737 τὲ
851 5663 972 5735 ἔστι
994 5663 1131 5739 fxo).
1177 5663 1333 5745 έῶξιά
1367 5674 1524 5748 ἔχωνἶ
1560 5672 1625 5722 At
1652 5663 2146 5748 Cleniléns,‘6pat~:6;

2244 4597 2453 4665 ίστησιν
2473 4591 2696 4664 οὐρανὸν
2719 4589 2967 4659 ἀόρατον,
2990 4586 3082 4638 κα)¹
3097 4583 3199 4651 γῆν
3228 4582 3404 4649 ἁγίαν,
3429 4582 3521 4633 καὶ
3538 4578 3647 4648 φῶς
3668 4589 3772 4642 νοη-

2241 4687 2330 4738 τόν
2354 4704 2366 4715 ·
2406 4704 2424 4736 ι
2479 4685 2566 4737 Ἐν
2612 4684 2753 4754 ἀρχῇ
2785 4679 2908 4750 γὰρ,
2965 4676 3146 4745 φησὶν,
3193 4674 3443 4744 ἐποίησεν
3487 4675 3515 4725 ὁ
3542 4671 3664 4733 Θεὸς
3696 4668 3771 4719 τὸν

2240 4776 2466 4851 οὐρανὸν
2522 4775 2617 4829 καὶ
2671 4773 2768 4843 τὴν
2805 4771 2938 4840 γῆνο
2971 4771 3003 4839 ἡ
3041 4768 3096 4819 δὲ
3123 4765 3195 4835 γῆ
3241 4760 3309 4836 ἦν
3356 4765 3598 4834 ἀόρατος.
3634 4781 3650 4812 ι
3680 4754 3771 4812 Εἶτ’

2241 4868 2528 4938 ὲπιφέρει’
2571 4885 2588 4915 ι
2626 4866 2732 4918 Καὶ
2783 4858 2933 4916 εἶπεν
2978 4863 3006 4913 ὁ
3050 4858 3215 4921 Θεόςο
3251 4854 3488 4913 Γενέσθω
3535 4854 3660 4922 φῶς,
3694 4864 3771 4902 και

2243 4962 2457 5030 ἐγένετο
2488 4959 2623 5029 φῶς.
2663 4980 2679 5009 ι
2728 4958 2815 5009 Ἐν
2866 4954 2920 5007 δὲ
2962 4955 3026 5023 τῇ
3070 4948 3394 5020 κοσμογονίᾳ
3450 4949 3513 5017 τῇ
3570 4941 3770 5011 αἰσθητῇ

2244 5054 2464 5128 στερεὸν
2509 5050 2733 5124 οὐρανὸν
2790 5044 3134 5117 ἐδημιούργει
3177 5041 3257 5112 (τὸ
3287 5040 3342 5093 δὲ
3365 5039 3575 5110 στερεὸν
3606 5033 3769 5102 αἰσθη-

2320 5313 2429 5377 (45)
2487 5312 2580 5375 Ὠς
2628 5309 2703 5362 ἂν
2749 5306 2815 5358 ἐκ
2860 5303 3051 5372 μόνου
3103 5315 3301 5377 γεγομ.
3354 5294 3553 5377 Sensus
3584 5288 3768 5377 quidem

2247 5366 2363 5438 sine
2392 5366 2623 5438 alioer
2660 5366 2943 5431 verborum
2985 5366 3294 5424 accessione
3326 5374 3562 5438 constat;
3589 5366 3771 5438 plenius

2248 5430 2878 5521 la-tiienI-a'ptid_Cletnent.
2904 5450 3025 5521 post
3048 5439 3297 5521 σημαίνει
3326 5436 3531 5521 legitnr,
3550 5430 3768 5521 ⁸καθάπερ

2248 5524 2380 5586 υἱὸν,
2410 5500 2621 5593 πατέρα
2768 5500 2930 5569 αὑτοῧ
2983 5500 3299 5578 κεκλῆσθαι,
3333 5500 3406 5568 ὡς
3450 5505 3511 5557 ἂν
3547 5504 3608 5555 ὲκ
3638 5500 3768 5571 μόνου

2246 5611 2430 5733 γεῖὶι)
2482 5661 2605 5716 Τῶν
2649 5660 2718 5711 ἐν
2762 5652 3056 5733 οὐρανοῖς.
3094 5649 3260 5720 Vulgo
3306 5646 3385 5703 sic
3434 5644 3656 5713 legitur,
3692 5635 3768 5705 τῆς

566 5775 626 5812 τε
674 5726 782 5826 γάρ
820 5752 916 5821 ὢν,
956 5750 1121 5814 ἁπτός
1168 5726 1335 5803 ἐστὶν·
1387 5726 1557 5805 ἇπτός
1604 5756 1661 5793 τε
1709 5740 1817 5801 ὢν,
1861 5736 1954 5791 καὶ
1988 5726 2144 5808 σῶμα
2250 5726 2511 5809 πονηρίας
2543 5735 2598 5785 ἐν
2630 5734 2736 5793 τοῖς
2764 5726 3117 5795 ἐπουρανίοις.

573 5829 707 5887 ἕλξει.
