3994 6384
208 331 235 387 1
256 333 386 389 109
1387 336 1709 393 ΡΠᾸΞΡΑΒ.
1746 338 1819 393 ΕΚ

1930 338 1994 395 ϐ.
2036 331 2169 395 LIB.
2213 342 2347 398 XIII.
2948 378 2957 385 -
3360 343 3495 399 ιιιθ

201 451 316 500 τόν
334 452 389 518 ο)
428 448 530 519 γῆν
552 464 609 501 τε
629 447 850 519 ὁρατὴν,
884 445 971 499 καὶ
992 445 1105 515 φῶς
1132 446 1480 518 βλεπόμενον.
1501 443 1627 519 'Ap‘
1655 450 1716 503 ού
1740 448 1819 503 δο-

1928 452 2049 506 dem
2089 452 2263 519 illum,
2318 453 2466 521 quod
2513 462 2694 508 meme
2725 453 3075 524 percipiatur,
3108 454 3321 517 unitati,
3352 456 3497 511 hunc

207 544 315 593 κεῖ
362 558 453 593 σοι
484 538 728 593 ἐντεῦθεν
767 540 795 590 6
830 537 1054 591 Πλάτων
1088 538 1239 602 ζώων
1262 539 1406 603 ἰδέας
1434 542 1491 593 ὲν
1528 540 1605 611 τῷ
1647 541 1819 612 νοητῷ

1928 559 2053 599 vero
2080 546 2171 613 qui
2208 562 2403 600 sensus
2458 556 2657 608 movet,
2705 548 2921 603 senario
2970 548 3234 603 attribuit.
3272 547 3403 603 Nam
3443 561 3499 605 et

207 632 566 685 ἀπολείπειν
600 630 808 701 κόσμῳ,
837 631 931 684 καὶ
969 631 1035 684 τά
1078 631 1191 702 εἴδη
1232 632 1300 685 τὰ
1333 632 1562 702 αίσθητά
1593 634 1731 686 κατά
1755 633 1819 688 τά

1928 638 2065 705 apud
2088 617 2480 708 Pythagoreos,
2503 640 2754 694 senarius
2772 649 3027 710 tanquam
3045 641 3292 710 genitalis
3310 657 3502 699 nume-

208 722 380 794 γένη
441 724 552 794 (45)
606 723 959 794 δημιουργεῖν
989 726 1057 777 τά
1090 725 1282 795 νοητά;
1313 726 1550 787 Εἰκότως
1592 726 1698 797 ἄρα
1759 728 1819 779 ὲκ

1928 743 2041 789 rus,
2095 728 2411 799 conjugium
2446 740 2693 786 vocatur.
2747 730 2890 801 Ergo
2949 732 3001 785 in
3053 733 3257 788 unitate
3300 734 3497 788 cadum

208 817 340 885 γῆς
363 818 465 888 μὲν
487 817 547 869 τὸ
565 816 720 886 σῶμα
743 815 1159 870 διαπλάττεσθαι
1193 817 1338 885 λέγει
1367 817 1623 887 Μωῦσῆς,
1654 817 1682 869 ὂ
1699 821 1819 887 γηῖ-

1928 820 2080 884 illud,
2110 822 2255 891 quod
2281 823 2335 876 in
2363 824 2555 879 oculos
2573 840 2677 877 non
2704 824 2869 885 cadit,
2896 833 3211 894 terramque
3229 836 3499 890 sanetam,

209 908 325 961 νόν
366 926 535 980 φησιν
590 911 618 962 6
653 910 875 963 Πλάτων
911 909 1105 979 σκῆνος
1126 926 1141 939 ’
1182 908 1358 979 ψυχὴν
1392 909 1447 962 δὲ
1478 908 1574 980 τὴν
1601 908 1819 980 λογικὴν

1928 920 1979 968 et
2016 914 2191 969 lucem
2233 927 2413 971 mente
2446 926 2754 985 perceptam
2798 916 3115 970 constituit:
3151 934 3168 966 ι
3208 914 3263 969 In
3306 916 3505 986 princi-

212 1002 457 1055 ἄνωθεν
490 1022 506 1053 ι
532 1001 938 1073 ὲμπνευσθῆναι
972 1022 990 1055 ι
1025 1002 1129 1055 ὑπὸ
1155 1001 1291 1055 Θεοῦ
1324 1021 1340 1052 ι
1367 1004 1444 1067 εἰς
1474 1002 1817 1073 πρόσωπον.»

227 1094 528 1149 Ἐνταῦθα
566 1095 673 1167 γάρ
700 1096 760 1149 τὸ
812 1096 1137 1167 ἡγεμονικὸν
1172 1094 1416 1166 ἱδρύσθαι
1450 1094 1687 1164 λέγουσι,
1726 1093 1824 1165 τὴν

213 1185 323 1239 διὰ
369 1189 479 1240 τῶν
518 1188 883 1259 αἰσθητηρίων
920 1187 1212 1240 ἐπεισόδιον
1245 1187 1343 1259 τῆς
1394 1188 1569 1259 ψυχῆς
1617 1188 1709 1241 ἐπὶ
1732 1186 1822 1240 τοῦ

214 1280 677 1350 πρωτοπλάστου
707 1278 909 1333 εἴσοδον
944 1279 1355 1351 ἑρμηνεύοντες.
1382 1280 1473 1332 Διὸ
1512 1281 1605 1333 καὶ
1638 1299 1655 1329 ι
1704 1282 1823 1335 κατ’

216 1374 433 1426 εἰκόνα
473 1372 565 1426 καὶ
624 1371 744 1425 καθ’
776 1372 1030 1443 ὁμοίωσιν
1060 1370 1193 1425 Θεοῦ
1238 1372 1328 1426 τὸν
1359 1372 1642 1444 ἄνθρωπον
1672 1390 1826 1441 γεγο-

217 1464 421 1517 νέναι.
463 1486 481 1516 1
517 1465 693 1518 Είκὼν
721 1464 819 1534 μὲν
848 1464 956 1535 γάρ
982 1463 1115 1517 Θεοῦ
1143 1464 1299 1532 λόγος
1324 1465 1352 1516 6
1392 1464 1531 1528 θεῖος
1555 1465 1646 1518 καὶ
1676 1466 1826 1535 βασι-

219 1555 423 1621 λικὺς,
473 1558 758 1629 ἄνθρωπος
790 1558 1037 1628 ἀπαθής·
1075 1556 1237 1610 εἰκὼν
1266 1556 1311 1610 δ’
1366 1557 1570 1620 εἰκόνος
1621 1557 1828 1629 ἀνθρω-

224 1653 411 1723 πίνης
439 1652 581 1715 νοῦς.
632 1651 831 1722 Ἐτέρῳ
864 1651 907 1703 δ’
940 1652 987 1703 εί
1029 1649 1207 1718 βούλει
1242 1649 1576 1721 παραλαϐεῖν
1606 1650 1826 1720 ὀνόματι

224 1746 341 1815 τὴν
373 1746 711 1816 ἐξομοίωσιν,
738 1745 917 1816 εὕροις
937 1746 1000 1797 ἂν
1020 1744 1166 1815 παρά
1184 1743 1260 1814 τῷ
1283 1745 1488 1815 Μωῦσῇ
1508 1742 1829 1796 ἀκολουθίαν

225 1838 656 1909 ὀνομαζομένην
712 1837 882 1891 θείαν.
938 1839 1075 1907 Φησὶ
1122 1838 1249 1909 γάρ·
1289 1857 1306 1888 ι
1358 1838 1560 1891 Ὀπίσω
1620 1836 1825 1908 Κυρίου

226 1929 339 1981 τοῦ
392 1929 525 1982 Θεοῦ
562 1930 713 2001 ὑμῶν
762 1930 1079 2001 πορεύεσθε,
1133 1930 1357 1993 καὶτὰς
1408 1929 1625 1994 ἐντολὰς
1665 1929 1825 1984 αὑτοῦ

232 2020 548 2089 φυλάξατε.
608 2042 624 2073 ι
688 2022 994 2076 Ἀκὸλουθοι
1036 2023 1105 2088 δ’,
1133 2019 1305 2094 οἶμαι,
1362 2024 1454 2077 καὶ
1496 2022 1828 2094 θεραπευταὶ

231 2117 385 2170 Θεοῦ
411 2118 610 2181 πάντες
637 2117 687 2170 οἱ
711 2117 975 2189 ἐνάρετοι.
1014 2117 1292 2171 Ἐντεῦθεν
1317 2118 1360 2170 δ’
1383 2118 1431 2170 of
1462 2118 1561 2188 μὲν
1579 2117 1825 2180 Στωϊκοὶ,

233 2210 306 2263 τὸ
330 2210 484 2273 τέλος
509 2211 607 2280 τῆς
640 2210 956 2279 φιλοσοφίας
1002 2210 1061 2263 τὸ
1094 2210 1399 2273 ἀκολούθως
1426 2213 1491 2281 τῇ
1534 2208 1691 2279 φύσει
1732 2209 1829 2279 ζῇν

234 2306 540 2375 εἰρήκασιν
562 2318 573 2331 ⁸
595 2305 623 2355 6
654 2303 876 2357 Πλάτων
896 2304 950 2357 δὲ
990 2305 1245 2375 ὁμοίωσιν
1273 2303 1411 2374 Θεῷ,
1429 2304 1504 2363 ὡς
1530 2306 1585 2357 ἐν
1604 2302 1681 2374 τῷ
1706 2304 1826 2356 δευ-

234 2396 393 2467 τέρῳ
420 2397 842 2467 παρεστήσαμεν
868 2395 1215 2465 Στρωματεῖ.
1236 2398 1417 2466 Ζήνων
1447 2412 1503 2447 τε
1525 2396 1552 2447 6
1569 2396 1825 2458 Στωϊκὸς,

239 2489 403 2559 παρὰ
444 2489 730 2551 Πλάτωνος
752 2488 952 2552 λαϐὼν,
976 2488 1003 2538 6
1035 2488 1090 2540 δὲ
1113 2487 1221 2540 ἀπὸ
1244 2488 1343 2557 τῆς
1380 2487 1651 2559 βαρϐάρου
1682 2488 1829 2555 φιλο-

241 2583 478 2650 σοφίας,
514 2582 639 2644 τοὺς
682 2582 918 2649 ἀγαθοὺς
958 2581 1163 2643 πάντας
1198 2579 1443 2651 ἀλλήλων
1479 2577 1617 2633 εἶναι
1642 2580 1827 2648 φίλους

237 2674 417 2743 λέγει.
447 2674 585 2744 Φησὶ
606 2673 713 2743 γὰρ
741 2675 797 2726 ἐν
821 2672 899 2742 τῷ
929 2672 1158 2739 Φαίδρῳ
1185 2671 1292 2739 (46)
1330 2671 1642 2742 Σωκράτης·
1676 2689 1693 2721 ι
1740 2672 1827 2733 Ὠς

238 2768 344 2836 οὐχ
381 2766 638 2835 εἵμαρται
692 2764 860 2817 κακὸν
893 2763 1049 2833 κακῷ
1098 2764 1247 2832 φίλον
1287 2760 1446 2828 εἶναι,
1480 2763 1590 2815 οὐδ’
1624 2764 1827 2831 ἀγαθὸν

239 2858 439 2929 ἀγαθῷ
474 2858 547 2928 μὴ
588 2858 759 2927 φίλον.
795 2877 814 2909 1
846 2858 1021 2928 Ὅπερ
1056 2857 1156 2909 κάν
1204 2855 1282 2926 τῷ
1314 2854 1529 2909 Λύσιδι
1553 2854 1663 2925 (47)
1697 2856 1829 2908 ἀπέ-

239 2951 420 3017 δειξεν
454 2950 669 3015 ἱκανῶς,
714 2950 787 3014 ὼς
807 2951 862 3001 ὲν
883 2949 1064 3019 ἀδικία
1094 2948 1187 3001 καὶ
1213 2948 1445 3019 πονηρίᾳ
1475 2948 1575 3000 ούκ
1605 2948 1670 3001 ἀν
1699 2966 1826 3001 ποτε

244 3043 450 3111 σωθείη
501 3042 673 3107 φιλία.
729 3041 841 3093 Καὶ
893 3041 921 3092 6
965 3039 1245 3109 Ἀθηναῖος
1296 3038 1444 3103 ξένος
1482 3038 1593 3107 (48)
1624 3039 1827 3109 ὁμοίως

240 3139 404 3209 φησὶ,
435 3136 631 3209 πρᾶξιν
652 3132 787 3187 εἶναι
816 3133 975 3205 φίλην
999 3133 1092 3186 καὶ
1130 3130 1419 3185 ἀκόλουθον
1456 3131 1593 3203 Θεῷ,
1624 3133 1714 3185 καὶ
1735 3133 1826 3184 ἕνα
1856 3152 1899 3210 (ς

238 3230 402 3299 λόγον
442 3229 669 3299 ἔχουσαν
699 3229 942 3296 ἀρχαῖον,
974 3226 1101 3278 ὅταν
1132 3226 1193 3278 τὸ
1229 3225 1325 3295 μὲν
1345 3225 1528 3294 ὅμοιον
1558 3222 1635 3292 τῷ
1656 3224 1826 3294 ὁμοίῳ

242 3322 455 3392 μετρίῳ
502 3321 613 3373 δντι
644 3319 796 3387 φίλον
822 3314 878 3391 ᾗ,
905 3316 973 3369 τὰ
1011 3315 1069 3367 δὲ
1104 3317 1318 3386 ἄμετρα
1364 3313 1486 3367 οὔτε
1532 3317 1646 3377 τοῖς
1687 3313 1825 3382 ἁμέ-

237 3431 417 3485 τροις,
451 3411 576 3466 οὔτε
619 3410 915 3481 ἐμμέτροις
936 3426 948 3438 ·
985 3410 1013 3460 6
1042 3408 1095 3460 δὲ
1126 3407 1256 3470 Θεὸς
1281 3408 1410 3477 ἡμῖν
1440 3405 1655 3459 πάντων
1687 3423 1822 3477 χρη-

242 3506 436 3577 μάτων
465 3506 659 3575 μέτρον
694 3503 759 3556 ἂν
792 3503 897 3571 εἴη.
931 3496 1059 3553 Εἶτα
1093 3498 1296 3563 ὑποϐὰς
1325 3498 1516 3565 ἐπάγει
1558 3496 1782 3550 Πλάτων
1807 3513 1819 3525 ⁸

245 3619 265 3651 ι
302 3600 417 3662 Πᾶς
441 3598 549 3668 γάρ
601 3596 665 3666 δὴ
702 3593 903 3663 ἀγαθὸς
941 3591 1128 3661 ἀγαθῷ
1159 3592 1372 3661 ὅμοιος·
1404 3589 1545 3643 κατά
1583 3588 1740 3643 τοῦτο
1768 3588 1824 3642 δὲ

239 3693 337 3745 καὶ
370 3690 489 3761 Θεῷ
516 3688 727 3751 ὲοικὼς,
763 3685 949 3756 ἀγαθῷ
978 3702 1033 3737 τε
1078 3685 1239 3737 παντὶ
1270 3683 1422 3753 φίλος
1452 3682 1685 3754 ὑπάρχει
1731 3684 1825 3735 καὶ

237 3781 382 3852 Θεῷ.
420 3802 438 3832 ι
492 3779 752 3833 Ἐνταῦθα
794 3777 1102 3847 γενόμενος,
1146 3775 1399 3829 κάκείνου
1442 3772 1819 3845 ἀνεμνήσθην

240 3876 335 3928 ἐπὶ
362 3874 504 3926 τέλει
531 3872 638 3943 γάρ
688 3869 781 3923 τοῦ
817 3868 1055 3937 Τιμαίου
1099 3868 1267 3935 λέγει,
1296 3867 1371 3937 τῷ
1408 3867 1823 3937 κατανοουμὲνῳ

239 3969 301 4020 τὸ
334 3964 628 4020 κατανοοῦν
653 3962 973 4033 ἐξομοιῶσαι
997 3961 1127 4024 δεῖν,
1162 3959 1303 4013 κατά
1330 3958 1426 4030 τὴν
1466 3959 1699 4030 ἀρχαίαν
1723 3958 1821 4026 φύ-

243 4076 327 4111 σιν
347 4076 358 4087 ·
384 4055 724 4127 ὀμοιώσαντα
754 4055 811 4107 δὲ
843 4054 992 4115 τέλος
1022 4053 1163 4123 ἔχειν
1202 4051 1295 4105 τοῦ
1342 4052 1693 4123 προτεθέντος
1728 4052 1821 4105 ἀν-

241 4151 481 4223 θρώποις
510 4150 614 4202 ὑπὸ
641 4148 779 4202 θεῶν
807 4147 1030 4219 ἀρίστου
1066 4146 1181 4216 βίου
1219 4145 1353 4215 πρός
1381 4161 1440 4196 τε
1459 4144 1548 4196 τὸν
1579 4144 1823 4214 παρόντα

238 4244 449 4298 καὶτὸν
478 4243 667 4296 ἔπειτα
696 4242 905 4312 χρόνον.
950 4240 1060 4292 Καὶ
1098 4238 1235 4307 μετὰ
1269 4236 1473 4307 βραχέα
1508 4235 1618 4305 (49)
1644 4234 1822 4287 ἐπιλέ-

238 4353 323 4403 γει
349 4352 363 4365 °
403 4353 421 4386 t
474 4334 758 4404 Ἀδελφοὺς
786 4332 830 4385 δ’
852 4329 988 4384 εἶναι
1018 4334 1049 4402 ἡ
1061 4332 1186 4400 μᾶς,
1222 4330 1296 4393 ὡς
1329 4329 1392 4382 ἂν
1424 4328 1517 4381 τοῦ
1544 4328 1660 4391 ἐνὸς
1684 4326 1818 4381 Θεοῦ

236 4428 418 4491 ὄντας,
467 4428 561 4480 καὶ
612 4427 727 4489 ἑνὸς
755 4424 1093 4481 διδασκάλου,
1131 4420 1375 4491 φαίνεταί
1409 4438 1508 4473 που
1541 4420 1634 4473 καὶ
1675 4418 1818 4471 Πλά-

1929 1009 2017 1078 pio
2047 1008 2221 1073 enim,
2264 1008 2473 1077 inquit,
2527 1008 2655 1063 fecit
2707 1009 2845 1062 Deus
2904 1010 3101 1063 coelum
3151 1018 3208 1063 et
3252 1017 3501 1063 terram:

1928 1110 2079 1158 terra
2111 1112 2292 1155 autem
2325 1111 2445 1155 erat
2476 1102 2765 1165 invisibilis
2792 1104 2833 1157 ¹.
2872 1122 2888 1153 ›
2922 1101 3131 1169 Quibus
3152 1102 3346 1157 deinde
3374 1103 3506 1158 sub—

1923 1195 2135 1266 jungit:
2163 1194 2257 1249 «Et
2290 1196 2425 1249 dixit
2448 1194 2624 1250 Deus:
2652 1195 2770 1250 Fiat
2800 1196 2913 1259 lux,
2937 1206 2988 1251 et
3017 1195 3156 1251 facta
3186 1207 3268 1250 est
3298 1196 3386 1250 lux
3406 1200 3439 1245 ³.
3482 1214 3501 1245 1

1930 1291 1999 1342 At
2030 1290 2082 1343 in
2111 1304 2173 1343 ea
2203 1289 2391 1342 mundi
2418 1291 2816 1359 procreatione,
2842 1305 3005 1359 quam
3050 1305 3243 1345 sensus
3271 1290 3505 1359 attingit,

1929 1382 2163 1435 solidum
2188 1381 2388 1436 coelum
2440 1383 2683 1436 condidit
2716 1381 3003 1452 (quidquid
3053 1391 3232 1435 autem
3266 1390 3351 1435 est
3376 1381 3502 1436 soli-

1930 1470 2083 1535 dum,
2114 1471 2254 1526 idem
2280 1487 2498 1542 quoque
2525 1488 2721 1526 sensus
2749 1472 2973 1535 movet),
3005 1480 3313 1538 terramque
3342 1468 3507 1523 simul

1930 1582 1994 1620 ac
2026 1567 2226 1630 lucem,
2279 1582 2400 1635 quzc
2452 1565 2629 1619 oculis
2664 1575 3041 1620 cernerentur.
3091 1561 3230 1616 Num
3279 1560 3373 1615 tibi
3405 1560 3511 1615 hoc

1931 1657 2086 1712 Plato
2115 1669 2336 1713 secutus
2368 1658 2604 1722 videtur,
2639 1656 2769 1710 dum
2794 1656 3155 1710 animantium
3191 1653 3326 1709 ideis
3360 1654 3412 1707 in
3442 1667 3511 1709 eo

1934 1750 2159 1817 mundo,
2218 1766 2380 1820 quem
2438 1751 2553 1805 sola
2613 1766 2769 1805 mens
2824 1749 2990 1818 capit,
3028 1747 3250 1812 relictis,
3300 1746 3509 1800 formas

1931 1846 2072 1909 illas,
2103 1860 2225 1915 qua;
2254 1845 2306 1898 in
2341 1860 2563 1899 sensum
2597 1844 2821 1907 cadunt,
2868 1858 2966 1911 pro
3001 1839 3365 1909 spiritualium
3417 1850 3509 1907 ge-

1930 1952 2120 1991 nerum
2158 1936 2417 1989 varietate
2455 1934 2662 1987 molitur
2688 1934 2711 1987 ?
2742 1932 2873 1987 lure
2891 1949 3020 2002 ergo
3043 1931 3251 2002 Moyses
3276 1943 3497 1985 concre-

1930 2035 2042 2078 tum
2076 2041 2141 2078 ex
2173 2034 2316 2079 terra
2347 2039 2548 2092 corpus
2578 2038 2700 2078 esse
2731 2024 2911 2086 docet,
2950 2021 3096 2092 quod
3152 2031 3428 2076 terrenum
3477 2034 3507 2072 a

1927 2115 2155 2178 Platone
2204 2116 2616 2171 tabernaculum
2676 2126 2903 2169 vocatur
2952 2133 2967 2169 :
3011 2115 3254 2168 animum
3295 2113 3507 2167 ratione

1930 2210 2214 2279 prmditum
2248 2209 2464 2263 coalitus
2491 2224 2520 2262 a
2557 2208 2667 2262 Deo
2702 2227 2719 2258 ι
2748 2208 2801 2261 in
2839 2207 3030 2261 faciem
3058 2206 3378 2275 inspiratum
3405 2205 3445 2259 ³.
3486 2223 3503 2253 1

1929 2300 2029 2356 Hic
2053 2287 2209 2355 enim
2240 2300 2502 2370 principis
2534 2300 2679 2354 illius
2729 2299 3006 2353 facultatis
3042 2298 3223 2352 sedem
3259 2310 3381 2350 esse
3414 2310 3510 2348 vo-

1929 2392 2070 2457 lunt,
2097 2392 2454 2447 adventitium
2486 2392 2636 2444 illum
2673 2390 2841 2444 animi
2870 2390 3106 2459 primum
3140 2389 3192 2441 in
3230 2398 3506 2457 parentem

1928 2502 2024 2557 per
2054 2500 2251 2539 sensus
2285 2485 2591 2554 ingressum
2621 2482 2982 2553 interpretati.
3025 2481 3288 2546 Quocirca
3325 2478 3507 2532 homi-

1930 2594 2056 2633 nem
2090 2579 2277 2640 etiam,
2340 2596 2357 2626 ‹
2411 2576 2477 2629 ad
2516 2574 2805 2645 imaginem
2860 2583 2912 2627 et
2964 2573 3374 2628 similitudinem
3415 2570 3508 2625 Dei

1930 2674 2135 2728 factum
2163 2689 2283 2728 esse
2321 2673 2361 2726 ⁸.
2404 2691 2421 2724 ι
2462 2670 2645 2741 Imago
2697 2672 2840 2725 enim
2892 2669 3024 2735 Dei,
3063 2670 3204 2724 ratio
3234 2669 3419 2723 divina
3457 2676 3512 2721 et

1930 2768 2098 2837 regia,
2134 2767 2303 2822 homo
2340 2783 2444 2819 non
2498 2765 2736 2834 patibilis
2768 2783 2780 2818 :
2820 2766 3069 2817 humanae
3102 2771 3283 2816 autem
3316 2760 3511 2829 imagi-

1929 2862 2016 2914 nis
2052 2860 2252 2930 imago,
2292 2874 2465 2913 meus.
2516 2860 2689 2924 Quam
2740 2855 3154 2911 similitudinem
3192 2854 3236 2907 si
3270 2852 3378 2907 alio
3408 2866 3505 2905 vo-

1928 2953 2451 3022 cabuloexpressain
2476 2952 2653 3021 cupis,
2682 2951 2918 3005 divinam
2951 2946 3243 3018 quamdam
3273 2955 3511 3001 assecta-

1929 3044 2127 3100 tionem
2184 3059 2215 3097 a
2269 3042 2453 3115 Moyse
2497 3043 2819 3113 appellatam
2861 3042 3140 3111 reperies;
3186 3039 3261 3093 ait
3312 3039 3504 3094 enim:

1938 3154 1957 3187 ι
1986 3135 2113 3191 Post
2138 3134 2427 3190 Dominum
2467 3136 2634 3189 Deum
2659 3144 2900 3190 vestrum
2926 3133 3200 3187 ambulate
3225 3175 3239 3197 ,
3271 3141 3323 3187 et
3347 3146 3473 3185 man
3494 3160 3507 3172 -

1926 3228 2053 3283 da'a
2080 3227 2200 3297 ejus
2229 3228 2498 3283 custodite
2538 3227 2581 3283 '.
2623 3247 2640 3278 1
2700 3227 3076 3281 Assectatorcs
3134 3234 3337 3287 autem,
3391 3224 3510 3293 opi-

1927 3335 2051 3385 nor,
2083 3321 2429 3390 cultoresque
2474 3319 2565 3374 Dei
2598 3329 2744 3383 sunt,
2780 3318 3095 3387 quicunque
3136 3317 3332 3371 virtute
3368 3332 3508 3386 prat-

1927 3422 2095 3469 stant.
2126 3414 2305 3483 Atque
2339 3415 2465 3468 hinc
2497 3413 2663 3468 Stoici
2703 3410 3063 3482 philosophiae
3081 3410 3242 3463 finem
3274 3426 3395 3464 esse
3425 3410 3508 3463 di-

1926 3516 2143 3567 xerunt.
2166 3515 2531 3575 congruenter
2551 3515 2761 3560 natura:
2786 3503 3284 3572 convenienterque
3301 3502 3504 3566 virere,

1927 3603 2080 3659 Plato
2114 3618 2241 3658 vero
2290 3603 2580 3671 ipsammet
2620 3612 2744 3651 cum
2796 3594 2905 3649 Deo
2960 3593 3395 3657 similitudinem,
3444 3602 3504 3645 ut

1929 3696 2196 3752 Stromate
2246 3694 2488 3749 secundo
2516 3692 2628 3759 jam
2657 3688 3021 3743 ostendimus.
3054 3687 3200 3752 Quin
3250 3695 3303 3739 et
3352 3683 3501 3737 Zeno

1926 3789 2228 3851 Platonem,
2256 3796 2309 3841 et
2337 3785 2621 3840 barbaram
2660 3780 3059 3851 philosophiam
3084 3786 3304 3833 secutus
3328 3776 3503 3837 Plato,
3588 3836 3595 3842 ’

1926 3882 2100 3936 bonos
2141 3893 2333 3933 omnes
2361 3877 2497 3930 inter
2531 3890 2651 3930 sese
2701 3872 2906 3927 amicos
2937 3885 3061 3926 esse
3084 3869 3361 3924 dixerunt.
3399 3866 3503 3919 So-

1925 3981 2102 4024 crates
2127 3970 2273 4022 enim
2312 3968 2363 4021 in
2418 3966 2648 4019 Phwdro
2687 3964 2837 4019 nefas
2863 3976 2985 4017 esse
3014 3961 3108 4023 ait,
3152 3968 3209 4013 ut
3248 3958 3328 4012 vel
3358 3959 3503 4011 malo

1925 4062 2104 4117 malus
2128 4060 2339 4115 amicus
2371 4059 2535 4130 6'72
2565 4058 2655 4121 sit,
2685 4068 2778 4111 aut
2807 4057 2981 4110 bonus
3037 4055 3183 4107 bono
3224 4066 3334 4105 non
3366 4050 3503 4103 ami-

1922 4171 2043 4210 cus.
2069 4154 2225 4221 Quod
2250 4154 2428 4223 ipsum
2456 4152 2508 4205 in
2553 4149 2748 4220 Lyside
2780 4148 2898 4203 fuse
2921 4145 3215 4201 admodum
3241 4142 3502 4203 ostendit,

1923 4245 2014 4299 ubi
2077 4244 2371 4297 amicitiam
2410 4257 2535 4296 cum
2584 4238 2848 4309 iujustitia
2902 4246 2955 4291 et
3001 4233 3347 4303 improbitate
3398 4232 3501 4284 coli

1925 4338 2074 4391 nullo
2101 4338 2266 4391 modo
2293 4350 2478 4406 posse,
2512 4334 2819 4389 confirmat.
2874 4328 3137 4384 Similiter
3179 4326 3379 4395 hospes
3412 4324 3502 4377 ille

1923 4428 2274 4483 Atheniensis
2300 4443 2413 4481 rem
2438 4427 2548 4481 Deo
2578 4424 2972 4496 perjueundam
2998 4437 3119 4476 esse
3136 4420 3315 4484 docet,
3344 4419 3503 4488 eique

237 4536 343 4571 των
374 4517 552 4580 καλῶς
602 4510 703 4570 ὧδέ
744 4532 891 4578 πως·
923 4535 939 4565 ι
989 4515 1141 4567 Ἔστὲ
1178 4514 1273 4583 μὲν
1304 4512 1410 4583 γὰρ
1444 4513 1643 4575 πάντες
1680 4512 1726 4563 οἰ
1755 4511 1814 4562 ἐν

1928 4540 2333 4602 congruentem,
2352 4530 2510 4599 cujus
2531 4545 2635 4585 una
2658 4529 2904 4599 quaedam
2924 4530 2991 4584 sit
3006 4543 3068 4583 ac
3089 4533 3396 4598 pervetusta
3414 4541 3501 4579 ra-

234 4615 297 4683 τῇ
326 4611 477 4664 πόλει
500 4610 738 4678 ἀδελφοὶ,
774 4608 848 4671 ὡς
900 4610 1143 4678 φήσομεν
1191 4605 1323 4677 πρὸς
1358 4606 1553 4668 αὐτοὺς
1586 4604 1810 4674 μυθολο-

233 4704 476 4771 γοῦντες.
523 4702 659 4754 Ἀλλ’
686 4703 714 4753 6
744 4699 872 4761 θεὸς
925 4698 1194 4756 πλάττων,
1229 4697 1342 4748 ὅσοι
1376 4696 1471 4764 μὲν
1502 4695 1654 4764 ὑμῶν
1701 4696 1812 4747 ίκα-

231 4797 314 4847 νο).
344 4794 532 4865 ἀρχειν
555 4833 569 4857 ,
605 4791 803 4863 χρυσὸν
858 4792 915 4843 ὲν
959 4793 1023 4861 τῇ
1050 4789 1261 4856 γενέσει
1294 4789 1572 4858 συνέμιξεν
1605 4787 1805 4852 αὐτοῖς,

229 4886 311 4939 διὸ
359 4884 677 4956 τιμιώτατοί
729 4887 897 4937 εἰσιν·
940 4884 1053 4937 ὅσοι
1085 4883 1141 4936 δὲ
1185 4882 1482 4951 ἐπίκουροι,
1526 4880 1763 4949 ἄργυρον
1790 4896 1801 4908 ·

234 4979 451 5049 σίδηρον
503 4977 559 5030 δὲ
609 4978 704 5029 καὶ
749 4975 949 5047 χαλκὸν
998 4978 1109 5038 τοῖς
1161 4975 1425 5044 γεωργοῖς
1458 4972 1551 5024 καὶ
1572 4973 1685 5033 τοῖς
1719 4970 1809 5024 ἀλ-

228 5069 341 5132 λοις
389 5068 760 5139 δημιουργοῖς.
815 5068 975 5120 Ὅθεν
1018 5068 1253 5135 ἀνάγκη,
1297 5064 1450 5135 φησὶ,
1489 5063 1804 5132 γεγονέναι,

306 5188 323 5218 ¹
354 5187 489 5242 Gen.
525 5200 564 5247 1,
606 5183 721 5248 1,2.
799 5184 818 5214 ’
846 5182 1007 5249 lbid.,
1033 5184 1085 5237 3.
1164 5182 1185 5213 ³
1214 5182 1349 5237 Gen.
1378 5197 1439 5245 ii,
1476 5180 1528 5235 7.
1605 5184 1627 5210 ⁵
1656 5180 1793 5236 Gen.
1826 5180 1975 5245 i,20.

324 5303 413 5373 65)
450 5301 609 5356 Κατὰ
642 5302 713 5356 τὰ
746 5301 909 5370 γένη.
944 5300 1126 5373 Recte.
1155 5300 1307 5371 Apud
1342 5300 1671 5373 Clementem
1706 5314 1800 5373 au-

235 5384 338 5427 tem
377 5370 567 5428 vitiose
604 5373 696 5425 καί
735 5389 832 5441 pro
865 5372 1035 5436 κατά,
1068 5370 1211 5440 quod
1238 5376 1398 5425 etiam
1430 5370 1690 5441 imposuit
1722 5370 1802 5441 in:

234 5444 471 5525 terpretﬁi.
508 5438 858 5525 Qerte_Plato
903 5458 1011 5525 non
1038 5438 1357 5525 δημιουργεῖ
1388 5438 1670 5525 τάὶνρητά,
1708 5439 1801 5520 sed

232 5510 563 5637 τὰσ-ἔίσθητά
585 5553 600 5577 ,
632 5515 701 5569 ad
738 5514 1014 5582 exemplar
1045 5510 1153 5566 τῶν
1184 5510 1389 5583 νοητῶν
1425 5512 1697 5567 elaborata
1729 5510 1803 5564 si-

232 5600 315 5637 tzni
359 5593 465 5637 cat.

265 5593 465 5639 nilicat.

230 5601 465 5655 guiltcat.

303 5655 413 5724 (46)
459 5656 554 5706 Ἐν
582 5653 661 5720 τῷ
689 5653 927 5725 Φαίδρῳ.
956 5654 1080 5723 Patr.
1111 5653 1236 5708 548.

305 5726 417 5793 (Π)
449 5725 683 5780 Λύσιδι.
715 5724 853 5779 Vera
882 5724 1047 5780 lectio
1073 5734 1126 5778 et
1151 5724 1447 5778 Platonica.
1478 5724 1665 5794 Itaque
1689 5740 1803 5778 cor-

235 5795 488 5864 rigendus
542 5797 812 5861 Clemens,
865 5796 1003 5859 apud
1058 5810 1217 5864 quem
1274 5798 1527 5851 mendose
1590 5796 1799 5867 legitur,

1909 5654 2155 5708 terniittit
2190 5654 2479 5717 Eusebius,
2513 5656 2671 5721 cujus
2701 5657 2864 5708 verba
2902 5656 3002 5709 ista
3034 5664 3181 5719 sunt,
3216 5655 3309 5705 καὶ

1913 5724 2139 5795 βραχέα.
2189 5725 2482 5795 Sequentia
2534 5740 2683 5783 vero,
2743 5724 3005 5793 ἀδελφοὺς
3051 5726 3143 5787 δέ,
3198 5733 3326 5790 etc.,
3365 5734 3487 5779 sunt

1910 5792 2226 5863 Clementis,
2258 5792 2378 5866 pug.
2418 5795 2519 5850 £54
2543 5796 2669 5850 cdit.
2706 5792 3047 5852 GaucooLal.

1920 4642 2032 4703 tio;
2057 4650 2116 4693 ut
2144 4639 2313 4695 simili
2337 4639 2581 4708 quidem,
2610 4636 2835 4693 simodo
2868 4637 2971 4691 erit
3003 4636 3300 4697 modicum,
3321 4635 3502 4690 simile

1917 4746 2155 4799 amicum
2178 4746 2279 4811 sit;
2305 4744 2597 4800 immodica
2616 4758 2747 4798 vero
2764 4757 2861 4797 nec
2881 4742 3018 4796 inter
3042 4758 3180 4805 sese,
3208 4757 3307 4797 nec
3326 4741 3503 4797 modi-

1918 4854 1999 4908 cis
2017 4852 2191 4908 amica
2213 4866 2334 4907 esse
2360 4851 2607 4922 possint;
2633 4850 2771 4904 Deus
2792 4852 2906 4921 ipse
2926 4850 3161 4919 denique
3192 4864 3374 4904 rerum
3401 4865 3500 4902 no-

1916 4960 2000 5014 bis
2033 4959 2278 5015 omninm
2316 4974 2575 5014 mensura
2629 4967 2921 5014 statuatur.
2956 4958 3169 5025 Quibus
3200 4959 3317 5015 hth
3342 4959 3496 5015 dein-

1914 5078 2044 5133 ceps
2104 5061 2256 5116 Plato
2304 5061 2624 5132 subjungit:
2668 5082 2684 5112 1
2726 5062 2910 5118 Bonus
2955 5064 3102 5119 enim
3138 5064 3320 5120 omnis
3351 5064 3497 5118 bono

2078 5181 2099 5211 '
2137 5180 2292 5236 Deut.
2324 5198 2399 5248 iv,
2430 5182 2485 5236 2.

1912 5296 2109 5371 ᾼυσία.
2141 5298 2265 5371 Fuit
2296 5300 2497 5369 quippe
2534 5299 2724 5371 Lysias
2756 5299 2945 5354 rhetor
2979 5300 3119 5371 alius
3148 5317 3177 5354 a
3220 5290 3496 5354 Platonico

1912 5356 2127 5441 Lyside.
2164 5356 2347 5425 Locus
2379 5356 2560 5425 aiitein
2581 5356 2768 5425 Exstat
2793 5371 2936 5439 apud
2974 5369 3273 5433 Platonem,
3311 5390 3363 5440 p.
3394 5372 3493 5423 HD

1908 5452 1960 5496 et
1996 5456 2112 5509 seq.

1984 5511 2094 5580 (68)
2134 5512 2433 5578 Ἀθηναῖος
2469 5512 2665 5578 ξένος.
2701 5511 2854 5567 Plato
2882 5515 2919 5567 l.
2953 5530 3001 5566 iv
3032 5512 3183 5582 Leg.,
3222 5530 3275 5581 p.
3301 5513 3396 5565 601
3428 5514 3491 5564 Α.

1982 5583 2092 5663 (ιν)
2120 5585 2281 5663 Μιεςά
2308 5584 2561 5663 βραχέα.
2589 5585 2714 5663 _lmo
2744 5594 2828 5663 sat
2863 5585 3052 5663 multa,
3084 5600 3205 5653 qua:
3237 5584 3323 5663 hic
3358 5599 3494 5663 prte-

3357 5670 3490 5723 μετι
